3986 6412
400 345 532 412 1191

1546 343 1608 404 S.
1647 343 1968 404 JOANNIS
2009 345 2436 408 DAMASCENI

3541 349 3691 420 1192

465 460 620 514 Psat.
674 475 723 513 v.
757 458 843 512 il.
888 485 950 499 —
996 474 1013 507 ι
1044 454 1236 513 Judica
1270 454 1415 522 illos,
1449 453 1613 510 Deus.
1649 454 1914 510 Decidant
1953 469 1980 506 a

2161 474 2182 507 ί
2218 459 2418 528 Κρῖνον
2443 460 2641 524 αὐτοὺς
2669 461 2698 513 ὁ
2719 460 2853 523 Θεὸς
2888 477 2900 492 ⁸
2955 460 3393 517 ἀποπεσάτωσαν
3429 463 3543 517 ἀπὸ
3568 467 3683 518 τῶν

354 534 366 558 ”
395 550 834 623 cogitationibus
864 549 1004 604 suis.
1040 567 1060 602 ι

365 631 371 690 '.
469 640 620 696 Psal.
657 655 732 701 νι,
768 637 853 693 10.
881 667 951 678 —
979 657 997 689 ι
1031 637 1454 695 Confundantur
1482 647 1540 695 et
1577 639 1982 695 conturbentur

395 746 594 787 omnes
631 731 843 790 inimici
881 730 1010 785 mei.
1055 750 1074 784 ι

467 825 620 879 Psal.
664 838 859 890 xxxix,
905 823 994 883 15.
1029 851 1102 865 -ο-
1129 842 1148 875 ι
1197 822 1622 880 Confundantur
1661 832 1714 880 et
1749 839 1983 880 conver-

393 922 597 970 tantur
631 917 725 986 qui
757 923 1014 987 quierunt
1049 916 1289 971 animam
1323 932 1523 973 meam.
1561 935 1580 969 ι

464 1007 623 1078 351
670 1007 820 1062 Psal.
861 1023 1018 1072 Lvm,
1068 1008 1131 1074 9,
1169 1009 1256 1062 12.
1307 1037 1379 1050 —-
1429 1027 1447 1060 ι
1484 1006 1606 1062 Non
1654 1007 1981 1063 miserearis

2082 550 2408 604 διαϐουλιῶν
2443 553 2647 607 αὐτῶν.
2681 571 2697 602 ι

2152 658 2172 690 ι
2202 640 2636 713 Αίσχυνϐείησαν
2671 683 2684 704 ,
2731 645 2822 697 καὶ
2878 644 3288 718 ταραχθείησαν
3357 647 3566 714 πάντες
3631 652 3689 702 οἰ

2084 730 2270 802 ἐχθροί
2307 748 2430 802 μου.
2469 753 2488 785 ι

2161 840 2181 874 ι
2217 824 2676 898 Αίσχυνθείησαν,
2715 829 2811 882 καὶ
2866 830 3270 904 ὲντραπείησαν
3310 835 3358 886 oi
3381 833 3687 904 ζητοῦντες

2082 914 2183 985 τὴν
2205 916 2386 988 ψυχήν
2407 935 2535 988 μου.
2571 939 2589 972 ι

2163 1023 2182 1056 ι
2217 1007 2308 1078 Μὴ
2336 1008 2701 1080 οίκτειρήσεις
2734 1011 2941 1085 πάντας
2980 1014 3107 1076 τοὺς
3137 1014 3544 1086 ἐργαζομένους
3580 1015 3684 1085 τὴν

390 1102 654 1156 omnibus
698 1103 795 1172 qui
844 1111 1154 1172 operantur
1211 1101 1588 1171 iniquitatem.
1627 1102 1773 1158 Dens
1825 1117 1984 1156 meus

2128 1098 2339 1168 νομίαν.
2385 1100 2444 1153 '0
2473 1100 2608 1166 Θεός
2641 1119 2742 1172 μου
2767 1103 2932 1169 δείξει
2961 1121 3051 1174 μοι
3079 1107 3137 1158 ὲν
3165 1110 3277 1169 τοῖς
3301 1107 3518 1179 ἐχθροῖς
3547 1122 3686 1178 μου*

392 1193 657 1248 ostendet
685 1193 822 1248 mihi
853 1209 1023 1266 super
1057 1194 1318 1250 inimicos
1349 1209 1504 1250 meos
1538 1212 1552 1249 :
1585 1209 1654 1250 ne
1686 1194 1932 1250 occidas.
1963 1217 1979 1242 ο

469 1285 627 1340 Ρεαι.
665 1286 970 1352 Law/111,22.
1007 1319 1076 1328 —
1115 1305 1133 1339 ι
1164 1285 1292 1342 Fiat
1335 1302 1527 1344 mensa
1557 1302 1751 1344 eorum
1794 1302 1980 1341 coram
2043 1345 2046 1350 _

394 1375 533 1446 ipsis
571 1377 627 1430 in
653 1376 940 1445 laqueum.
982 1397 1002 1430 ι

468 1467 625 1522 Ρεαι.
665 1483 895 1532 Lxxvut,
924 1468 976 1524 6.
1010 1498 1080 1511 —-
1126 1488 1145 1520 ι
1185 1468 1422 1529 Eﬂ'unde
1479 1484 1650 1540 super
1697 1484 1794 1525 eos
1846 1468 1983 1523 iram

393 1570 551 1617 tuam
583 1578 596 1627 ;
632 1563 686 1615 in
730 1570 926 1630 gentes
962 1564 1054 1632 qui
1091 1570 1144 1618 te
1175 1579 1285 1618 non
1323 1571 1618 1619 noverunt.
1655 1583 1675 1616 ι

469 1650 626 1704 Psal.
658 1667 872 1716 Luxu,
903 1653 1102 1716 14,1“1.
1139 1681 1211 1693 -—
1245 1672 1264 1705 ι
1306 1653 1449 1710 Dens
1477 1670 1657 1720 meus,
1685 1669 1828 1725 pone
1857 1656 1986 1710 illos

2091 1191 2166 1262 μὴ
2189 1192 2542 1265 ἀποκτείνῃς.
2576 1213 2594 1245 ι

2163 1300 2182 1333 ι
2216 1282 2559 1354 Γενηθήτωή
2596 1285 2849 1356 τράπεζα
2879 1286 3059 1340 αὐτῶν
3099 1287 3332 1344 ἐνώπιον
3375 1291 3556 1344 αὐτῶν
3598 1293 3690 1360 εἰς

2037 1362 2044 1368 ’
2089 1373 2315 1447 παγίδα.
2357 1395 2375 1427 ι

2165 1483 2183 1516 ι
2226 1466 2452 1535 Ἐκχεον
2484 1469 2570 1521 ἐπ’
2599 1469 2798 1533 αὐτοὺς
2837 1468 2937 1540 τὴν
2965 1471 3134 1543 ὀργήν
3160 1489 3275 1537 σου,
3303 1473 3397 1525 ἐπὶ
3441 1479 3514 1528 τὰ
3547 1473 3689 1546 ἔθνη

2091 1558 2167 1629 μὴ
2197 1558 2538 1627 γινώσκοντα
2567 1577 2648 1614 σε.
2687 1580 2705 1611 ι

2167 1667 2185 1700 ι
2233 1649 2293 1702 ’0
2321 1649 2452 1711 Θεός
2477 1667 2604 1718 μου,
2647 1649 2739 1703 θοῦ
2774 1651 2974 1715 αὐτοὺς
3001 1653 3076 1716 ὡς
3127 1656 3319 1728 τροχὸν
3339 1697 3354 1721 ,
3399 1655 3474 1720 ὡς
3505 1655 3683 1710 καλὰο

396 1753 457 1800 ιιι
492 1753 694 1805 rutam,
729 1745 876 1798 sicut
903 1745 1168 1816 stipulam
1205 1756 1332 1801 ante
1372 1745 1570 1801 faciem
1601 1748 1772 1802 venti.
1817 1747 1988 1818 Imple

2128 1757 2200 1810 ,ην
2226 1740 2368 1795 κατά
2389 1741 2680 1810 πρόσωπον
2705 1741 2930 1812 ἀνέμου.
2963 1744 3261 1816 Πλήρωσον
3290 1745 3359 1801 τὰ
3399 1748 3685 1818 πρόσωπα

395 1832 568 1888 facies
599 1849 790 1888 eorum
820 1835 1147 1905 ignominia,
1184 1846 1240 1892 et
1272 1848 1541 1907 quaerant.
1583 1856 1602 1890 ι

467 1927 620 1983 Psal.
679 1942 836 1991 cvm,
886 1929 973 1991 ΓΙ,
1005 1930 1098 1984 9.9.
1125 1961 1196 1972 -
1237 1950 1254 1980 ι
1290 1928 1480 1985 Noluit
1518 1931 1984 1998 benedictionem,

396 2029 448 2073 et
468 2018 817 2089 elongabitur
837 2020 906 2074 ab
928 2036 1015 2076 eo.
1042 2021 1355 2077 lnduantur
1375 2021 1471 2093 qui
1502 2022 1808 2078 detrahunt
1827 2025 1986 2089 mihi,

396 2110 630 2182 pudore.
663 2129 681 2162 ι

474 2201 623 2255 Psal.
659 2219 712 2267 x,
741 2203 828 2259 15.
866 2233 930 2246 —
964 2223 982 2255 ι
1028 2206 1264 2261 (lontcrc
1293 2205 1579 2262 brachium
1611 2213 1916 2279 peccatoris
1937 2223 1990 2266 et

407 2294 658 2363 maligni.
692 2313 711 2345 ι

475 2386 628 2439 Psal.
663 2401 811 2448 χειν,
847 2387 900 2442 3.
928 2418 997 2427 —
1034 2407 1051 2440 ι
1080 2387 1514 2445 Confundantur
1558 2406 1755 2448 omnes
1802 2391 1994 2464 inique

401 2489 631 2546 agentes
664 2493 1033 2549 supervacue.
1079 2501 1096 2532 ι

467 2566 598 2622 Osee
644 2585 718 2634 ix,
771 2569 858 2623 14.
893 2600 961 2609 —
993 2589 1012 2622 ‹
1045 2572 1120 2625 Da
1160 2573 1266 2639 eis,
1313 2571 1564 2639 Domine,
1617 2575 1836 2632 vulvam
1871 2576 1992 2632 sine

400 2660 620 2724 liberis,
644 2671 698 2715 et
730 2662 903 2716 ubera
933 2663 1166 2717 arentia.
1200 2684 1218 2716 ι

472 2752 586 2807 ιδα.
623 2768 707 2818 ιιι,
743 2753 836 2809 24.
867 2785 938 2794 --
977 2773 995 2806 ι
1033 2756 1100 2811 Ει
1144 2757 1252 2811 erit
1293 2759 1456 2813 vobis
1492 2773 1594 2829 pro
1622 2760 1782 2814 suavi
1823 2759 1994 2816 odore

401 2846 586 2900 fetor:
620 2853 676 2900 et
721 2861 821 2916 pro
871 2861 1009 2901 zona
1052 2849 1182 2903 fune
1244 2850 1489 2918 cinget-is
1526 2866 1541 2904 :
1574 2858 1628 2905 et
1663 2867 1764 2921 pro
1794 2859 1993 2906 ornatu

398 2939 602 3008 capitis
635 2954 828 3007 aureo,
863 2940 1154 2994 calvitium
1185 2950 1413 3011 prepter
1442 2957 1612 3013 opera
1641 2951 1736 2996 tua
1773 2961 1786 2999 :
1819 2953 1872 2999 et
1896 2959 1994 3014 pro

404 3031 597 3084 tunica
626 3031 842 3085 clavata
870 3047 1142 3102 purpura,
1180 3034 1441 3104 accinges
1471 3049 1722 3090 saccum.
1758 3035 1825 3090 Et
1849 3036 1994 3093 ﬁlius

399 3128 539 3176 tuus
573 3121 1007 3190 pulcherrimus,
1039 3141 1204 3195 quem
1245 3125 1456 3197 diligis,
1508 3127 1696 3198 gladio
1734 3128 1910 3194 cadet,
1940 3139 1995 3185 et

2018 1828 2060 1882 Β
2088 1831 2273 1886 αὐτῶν
2295 1832 2540 1900 ἀτιμίας,
2575 1833 2671 1886 καὶ
2696 1832 3046 1903 ζητήσουσιν.
3083 1855 3102 1887 ι

2165 1941 2183 1974 ι
2221 1924 2334 1977 Οὐκ
2394 1923 2661 1996 ἠθέλησεν
2720 1926 3004 1995 εὐλογίαν,
3075 1929 3169 1984 καὶ
3222 1931 3683 2001 μακρυνΘήσεται

2087 2015 2183 2068 ἀπ’
2211 2015 2400 2070 αὑτοῦ.
2451 2016 2896 2072 Ἐνδυσάσθωσαν
2915 2019 2967 2072 οἱ
3008 2018 3446 2086 ὲνδιαϐάλλοντές
3492 2040 3563 2092 με
3597 2025 3690 2074 ἐν·

2089 2111 2322 2181 τροπήν.
2367 2129 2386 2160 ι

2165 2222 2185 2255 ι
2223 2171 2522 2275 έύντριψον
2549 2205 2642 2259 τὸν
2680 2171 2942 2276 βραχίονα
2967 2206 3062 2280 τοῦ
3089 2205 3417 2278 ἀμαρτωλοῦ
3455 2209 3549 2261 καὶ
3583 2225 3688 2264 1:0-

2091 2299 2280 2368 νηροῦ.
2317 2317 2336 2350 ι

2170 2410 2188 2442 ι
2229 2390 2690 2461 Αίσχυνθήτωσαν
2720 2392 2768 2444 οἱ
2798 2390 3132 2464 ἀνομοῦντες
3159 2392 3247 2446 διὰ
3280 2393 3469 2464 κενῆς.
3511 2411 3530 2444 ι

2171 2588 2189 2621 ι
2231 2569 2329 2632 Δὸς
2355 2569 2560 2632 αὐτοῖς,
2597 2566 2793 2637 Κύριε,
2820 2567 3035 2638 μήτραν
3064 2565 3422 2631 ἀτεκνοῦσαν,
3453 2568 3550 2622 καὶ
3579 2585 3686 2639 μα·-

2095 2661 2253 2724 στοὺς
2283 2659 2345 2731 ξη
2354 2660 2500 2731 ρούς.
2541 2677 2560 2710 ι

2171 2771 2190 2805 ι
2231 2754 2428 2807 Ἔσται
2461 2753 2590 2823 ὑμῖν
2624 2750 2747 2806 ἀντὶ
2792 2750 2970 2822 ὀσμῆς
3019 2750 3204 2821 ἡδείας
3245 2751 3546 2822 κονιορτὸς,
3584 2752 3686 2805 καὶ

2095 2844 2218 2900 ἀντὶ
2247 2841 2424 2913 ζώνης
2456 2841 2676 2912 σχοινίῳ
2710 2841 2884 2912 ζώσῃ,
2919 2841 3016 2895 καὶ
3049 2841 3172 2895 ἀντὶ
3220 2841 3428 2911 κόσμου
3452 2841 3553 2912 τῆς
3587 2859 3687 2894 κεν

2097 2935 2273 3005 φαλῆς
2299 2932 2396 2986 τοῦ
2439 2931 2687 3003 χρυσίου.
2732 2932 3083 3002 φαλάκρωμα
3133 2929 3274 2995 ἕξεις
3307 2931 3395 2984 διὰ
3428 2931 3496 2984 τά
3543 2930 3688 3000 ἔργα

2098 3045 2214 3090 σου,
2255 3027 2351 3081 καὶ
2378 3027 2499 3080 ἀντὶ
2533 3025 2760 3095 χιτῶνος
2789 3024 3214 3096 μεσοπορφύρου
3238 3023 3519 3094 περιζώσῃ
3547 3024 3690 3076 σάκ-

2098 3139 2214 3176 κον.
2253 3120 2362 3174 Καὶ
2391 3121 2418 3172 ὁ
2447 3119 2559 3182 υἱός
2585 3135 2679 3171 σου
2704 3121 2732 3171 ὁ
2764 3117 3165 3196 κάλλιστος-,δν
3199 3117 3441 3187 ἀγαπᾷς,
3481 3117 3689 3186 μαχαίο

405 3211 576 3268 fortes
611 3217 779 3268 vestri
825 3215 1012 3286 gladio
1050 3185 1328 3286 peribunt.
1349 3185 1454 3271 vEt'
1478 3185 1815 3290 re'linqueris
1850 3222 1992 3287 sola,

2128 3229 2170 3284 »ᾳ
2200 3213 2470 3276 πεσεῖται,
2508 3209 2602 3264 καὶ
2630 3210 2680 3262 οἱ
2704 3210 2980 3278 ίσχύοντες
3000 3187 3158 3278 ἡμῶν
3183 3185 3431 3279 μαχαίρᾳ
3454 3185 3689 3259 πεσοῦν-

402 3311 460 3357 et
497 3304 550 3357 in
579 3313 780 3359 terram
811 3308 1208 3376 prosterneris.
1241 3326 1261 3360 ι

476 3481 507 3535 1
541 3482 682 3539 Tim.
711 3499 786 3547 tv,
821 3484 907 3538 14.
936 3478 1005 3524 -ὲ
1031 3502 1050 3536 ι
1081 3484 1395 3540 Alexander
1417 3485 1651 3543 aerarius
1683 3488 1856 3542 multa
1882 3505 1997 3542 ma-

404 3575 457 3628 ia
493 3576 627 3630 mihi
687 3576 949 3631 ostendit.
999 3576 1212 3632 Reddet
1252 3577 1332 3632 illi
1381 3577 1648 3634 Dominus
1688 3581 1994 3637 secundum

403 3680 573 3736 opera
606 3682 732 3721 sua.
773 3686 792 3717 ι

443 3775 581 3829 ΤΙΤ.
622 3775 784 3831 XVII.
829 3775 1000 3850 _—_De
1043 3778 1108 3831 iis
1151 3779 1242 3848 qui
1290 3781 1498 3848 injuria
1534 3781 1880 3850 a/ﬁciunlur:
1911 3792 1961 3836 et

726 3847 866 3916 quod
900 3848 1028 3915 ipsis
1058 3847 1208 3915 opem
1241 3847 1380 3917 ferre
1419 3847 1678 3920 oporteat.

482 3936 655 3992 Exod.
678 3954 740 4000 ll,
763 3939 848 3991 Η.
874 3969 939 3980 —-
964 3959 982 3991 (
1011 3939 1065 3993 In
1101 3940 1300 3996 diebus
1327 3941 1457 4004 illis,
1485 3958 1610 3996 cum
1653 3943 1879 4011 grandis
1907 3959 2000 4000 es-

411 4038 497 4084 set
534 4030 715 4085 factus
747 4030 987 4102 Moyses,
1022 4032 1198 4086 exivit
1229 4033 1295 4086 ad
1329 4033 1528 4088 fratres
1560 4049 1695 4089 suos
1728 4034 1873 4090 filios
1920 4035 1999 4090 ls-

409 4121 545 4177 rael.
601 4121 981 4177 Considerans
1023 4131 1210 4177 autem
1273 4124 1516 4180 laborem
1580 4139 1796 4191 eorum,
1849 4125 2001 4182 videt

393 4207 687 4268 'liomiuem
739 4213 1060 4285 [Egyptium
1105 4217 1489 4271 verberantem
1553 4217 1847 4287 quemdam
1893 4208 2000 4273 lie-

411 4303 618 4358 braeum
664 4304 731 4358 de
779 4305 1055 4359 fratribus
1091 4306 1208 4361 suis
1237 4305 1394 4372 ‘ﬁliis
1432 4306 1619 4363 Israel.
1663 4301 2000 4380 Cir'cumspi-

411 4397 571 4451 ciens
605 4405 788 4450 autem
828 4397 938 4450 huc
973 4404 1028 4452 et
1062 4397 1214 4462 illuc,
1247 4399 1520 4453 neminem
1557 4401 1702 4455 videt
1736 4419 1748 4455 :
1783 4412 1836 4456 et
1872 4399 2000 4472 per-

2097 3322 2187 3359 ται
2204 3345 2227 3388 “,
2259 3304 2355 3360 καὶ
2387 3303 2800 3374 καταλειφθήσῃ
2825 3301 2984 3372 μόνη,
3008 3301 3104 3354 καὶ
3127 3302 3207 3364 εἰς
3234 3301 3336 3370 τὴν
3361 3299 3466 3370 γῆν
3493 3299 3691 3368 ὲδαφιυ

2101 3395 2590 3555 σθῗσῗίλέξανδρος
2619 3484 2648 3535 ὁ
2677 3483 2916 3554 χαλκεὺς
2950 3481 3124 3536 πολλά
3174 3498 3267 3552 μοι
3308 3479 3455 3534 κακά
3490 3481 3694 3534 ἐνεδεί-

2098 3575 2249 3642 ξατο.
2299 3574 2598 3629 Ἀποδώσει
2615 3573 2765 3646 αύτῷ
2783 3572 2811 3627 ὁ
2827 3573 3029 3644 Κύριος
3046 3573 3255 3628 κατὰτὰ
3275 3572 3409 3644 ἔργα
3433 3572 3627 3626 αὐτοῦ.
3669 3592 3686 3624 ι

2098 3774 2280 3830 ΤΙΤΛ.
2305 3773 2405 3828 1Ζ’.
2438 3802 2510 3814 —-
2536 3774 2678 3842 Περὶ
2702 3772 3114 3862 ἀδικρυιίένων
3133 3787 3146 3803 ’
3176 3770 3266 3824 ὅτι
3299 3768 3417 3839 χρὴ
3434 3769 3696 3836 βοηθεῖν

2784 3860 3011 3906 autem.

2175 3956 2195 3990 ι
2248 3937 2337 3990 Ἐν
2363 3937 2486 4001 ταῖς
2518 3934 2756 4007 ἡμέραις
2797 3934 3040 3997 ἐκείναις
3091 3933 3269 4004 μέγας
3320 3933 3622 4001 γενόμενος
3666 3933 3696 3986 ὁ

2098 4031 2361 4102 Μωῡσῆς,
2387 4027 2576 4100 ἐξῆλθε
2603 4028 2739 4098 πρὸς
2769 4026 2900 4089 τοὺς
2929 4025 3193 4095 ἀδελφοὺς
3210 4022 3376 4080 αὑτοῦ
3391 4024 3522 4086 τοὺς
3543 4023 3697 4085 υίοίις

2114 4123 2334 4195 Ἰσραήλ
2358 4137 2372 4150 '
2407 4122 2753 4191 κατανοήσας
2799 4119 2857 4175 δὲ
2885 4119 2976 4172 τὸν
3001 4119 3170 4172 πόνον
3200 4117 3379 4170 αὐτῶν
3399 4155 3415 4179 ,
3457 4117 3560 4186 δρᾷ
3595 4115 3694 4167 ἇν-

2104 4214 2322 4286 θρωπον
2353 4214 2653 4282 Αίγύπτιον
2682 4213 2956 4265 τύπτοντα
2985 4210 3109 4268 τινὰ
3154 4208 3404 4278 Ἐϐραῖον
3429 4207 3539 4260 τῶν
3559 4207 3691 4258 satis

2100 4311 2195 4363 τοῦ
2227 4309 2472 4379 ἀδελφῶν
2495 4307 2604 4363 τῶν
2637 4308 2770 4361 υἱῶν
2808 4305 3044 4377 Ἰσραήλ.
3104 4301 3449 4375 Περιϐλέψας
3480 4301 3539 4354 δὲ
3588 4294 3693 4354 ὧδε

2103 4402 2199 4455 καὶ
2225 4395 2350 4466 ὦδε,
2394 4401 2493 4471 οὐχ
2523 4402 2624 4471 ὁρᾷ
2679 4399 2873 4452 οὐδένα
2896 4416 2909 4429 ·
2965 4397 3061 4451 καὶ
3095 4396 3344 4461 πατάξας
3376 4395 3468 4448 τὸν
3518 4393 3690 4460 Αίγύ-

408 4488 629 4539 cutiens
654 4483 999 4556 Egyptium,
1027 4486 1322 4541 abscondit
1345 4503 1472 4543 eum
1509 4489 1561 4543 in
1581 4503 1770 4544 arena.
1798 4490 1996 4546 Exiens

2128 4513 2286 4560 ττιον,
2317 4495 2556 4564 ἔκρυψεν
2581 4493 2742 4547 αὐτὸν
2775 4494 2832 4544 ὲν
2873 4495 2939 4562 τῇ
2990 4492 3182 4561 ἄμμῳ.
3245 4487 3509 4553 Ἐξελθὼν
3539 4487 3599 4539 δὲ
3624 4489 3690 4578 τῇ

413 4587 602 4633 autem
655 4577 744 4630 die
795 4577 1064 4642 secundo,
1123 4578 1272 4633 videt
1339 4581 1476 4635 duos
1543 4581 1696 4637 viros
1747 4582 1996 4640 Hebraeos

2128 4587 2296 4659 λμέρᾳ
2331 4589 2396 4658 τῇ
2426 4587 2676 4658 δευτέρᾳ,
2725 4586 2826 4657 ὁρᾷ
2856 4585 2950 4638 δύο
2984 4585 3181 4654 ἄνδρας
3225 4577 3692 4651 διαπληκτιζομέ-

415 4671 683 4733 rixantes,
708 4682 761 4724 et
795 4669 937 4723 dixit
967 4671 1015 4725 ei
1052 4671 1150 4740 qui
1191 4671 1434 4728 faciebat
1476 4672 1735 4743 iniuriam
1771 4692 1784 4728 :
1824 4675 2006 4741 Quare

414 4773 474 4815 tu
503 4763 765 4818 verberas
797 4764 1165 4833 proximum?
1193 4765 1265 4818 At
1298 4765 1390 4819 ille
1412 4765 1551 4819 dixit
1586 4783 1599 4821 :
1637 4766 1774 4831 Quis
1803 4776 1856 4822 te
1882 4783 2009 4822 con-

419 4855 598 4906 stituit
647 4854 954 4924 principem
1003 4865 1058 4911 et
1099 4855 1347 4926 judicent
1387 4871 1553 4926 super
1593 4859 1732 4910 nos?
1776 4857 1914 4913 Num
1950 4868 2006 4914 tu

421 4945 503 4997 vis
565 4959 649 4998 me
715 4947 993 5010 occidere,
1058 4947 1523 5016 quemadmodum
1578 4950 1834 5005 occidisti
1886 4950 2006 5006 heri

425 5032 778 5102 Egyptium?
805 5035 1013 5090 Timuit
1043 5049 1230 5093 autem
1268 5039 1507 5110 Moyses,
1534 5049 1591 5093 et
1627 5039 1768 5095 dixit
1802 5061 1815 5095 :
1848 5041 1903 5096 Si
1928 5042 2009 5099 sic

425 5125 780 5179 manifestum
814 5125 1018 5180 factum
1047 5139 1132 5182 est
1163 5130 1385 5184 verbum
1415 5130 1562 5184 hoc?
1603 5148 1621 5180 ι

498 5213 600 5267 Job
663 5231 817 5277 χχιιι,
852 5217 942 5281 12,
979 5217 1065 5272 17.
1103 5249 1172 5258 -
1210 5237 1229 5272 ‹
1269 5219 1522 5274 Liberavi
1579 5235 1879 5290 pauperem
1941 5220 2010 5275 de

428 5322 595 5360 manu
650 5309 917 5378 potentis.
971 5308 1216 5366 Contr-ivi
1275 5313 1455 5367 molas
1514 5313 1830 5382 iniquorum
1891 5313 2011 5368 :de

431 5399 629 5455 mediis
660 5407 845 5455 autem
875 5401 1135 5457 dentibus
1169 5419 1362 5458 eorum
1396 5404 1638 5474 praedam
1676 5405 1873 5458 evulsi.
1912 5424 1931 5456 ι

503 5489 663 5545 Prov.
697 5507 848 5566 xxiv,
885 5493 972 5548 Η.
1010 5525 1081 5533 -
1119 5513 1136 5545 ι
1179 5495 1321 5550 Erue
1369 5511 1468 5551 eos
1500 5497 1594 5566 qui
1627 5495 1910 5551 ducuntur
1943 5497 2012 5552 ad

430 5592 692 5648 mortem,
730 5593 785 5639 et
814 5585 990 5641 libera
1031 5602 1125 5641 eos
1159 5587 1251 5656 qui
1298 5584 1712 5643 interfiCiuntur
1743 5609 1753 5642 :
1786 5604 1852 5642 ne
1883 5603 2012 5658 par-

429 5691 548 5732 cas.
602 5675 761 5741 Quod
811 5679 856 5732 si
905 5679 1138 5745 dixeris,
1176 5679 1295 5734 Non
1335 5681 1459 5734 novi
1505 5696 1654 5745 cum,
1701 5681 1842 5736 scito
1867 5679 2016 5749 quod

433 5767 702 5824 Dominus
732 5769 899 5824 corda
930 5772 1176 5825 omnium
1202 5774 1515 5843 cognoscit,
1543 5773 1637 5844 qui
1669 5772 1853 5828 reddit
1892 5776 2016 5828 uni-

434 5865 637 5937 cuique
657 5863 816 5935 juxta
853 5881 1022 5938 opera
1052 5883 1174 5923 sua.
1212 5886 1232 5920 ι

2108 4697 2253 4743 νους,
2289 4680 2382 4733 καὶ
2399 4680 2551 4747 λέγει
2575 4677 2651 4748 τῷ
2672 4678 2976 4730 ἀδικοῦντι·
2996 4677 3096 4728 Διά
3123 4675 3173 4727 τί
3191 4674 3417 4736 τύπτεις
3435 4672 3526 4723 τὸν
3551 4671 3694 4740 πλη-

2111 4769 2260 4834 σίονς
2305 4767 2363 4821 ’0
2392 4767 2449 4821 δὲ
2482 4763 2604 4819 εἶπε
2628 4783 2641 4796 '
2671 4766 2767 4829 Τίς
2795 4782 2854 4817 σε
2885 4765 3188 4835 καθέστησε
3214 4764 3451 4833 ἄρχοντα
3480 4762 3574 4814 καὶ
3612 4759 3692 4812 δι-

2110 4857 2318 4928 καστὴν
2367 4857 2452 4926 ἐφ’
2505 4858 2689 4927 ἠμᾶς;
2727 4856 2797 4907 Ἢ
2829 4854 3039 4911 ἀνελεῖν
3079 4871 3148 4924 με
3183 4853 3377 4914 θέλεις.
3403 4852 3459 4904 ὃν
3489 4851 3693 4922 τρόπον

2110 4951 2320 5014 ἀνεῖλες
2364 4952 2491 5022 χθὲς
2517 4954 2608 5006 τὸν
2645 4951 2982 5020 Αίγύπτιον;
3035 4947 3278 5020 ἐφοϐήθη
3328 4949 3388 5001 δὲ
3428 4946 3690 5014 Μωῦσῆς,

2113 5049 2208 5100 καὶ
2260 5041 2414 5099 εἶπεν
2446 5061 2460 5076 ο
2511 5045 2574 5099 Ei
2634 5043 2809 5107 οὕτως
2869 5041 3114 5113 ἐμφανὲς
3185 5039 3380 5108 γέγονε
3435 5037 3498 5090 τὸ
3541 5037 3694 5108 ῥῆμα

2111 5136 2270 5191 τοῦτο
2290 5153 2304 5202 ;
2336 5156 2354 5189 ι

2188 5249 2207 5282 ι
2245 5233 2493 5285 Διέσωσα
2520 5230 2736 5298 πτωχὸν
2765 5231 2830 5283 ὲκ
2862 5229 3047 5301 χειρὸς
3071 5228 3356 5284 δυνάστου.
3389 5226 3702 5298 Συνέτριψιι

2116 5323 2293 5394 μυλὰς
2328 5323 2553 5385 ἀδίκων,
2578 5325 2643 5377 ἐκ
2677 5324 2732 5377 δὲ
2774 5325 2946 5392 μέσου
2978 5322 3087 5375 τῶν
3116 5321 3347 5375 ὀδόντων
3387 5319 3570 5375 αὐτῶν
3607 5319 3705 5391 ἆρ-

2115 5411 2635 5486 παγμαἝξέσπασα.
2678 5435 2697 5468 ι

2195 5529 2212 5560 ι
2264 5509 2454 5562 Ῥῦσαι
2487 5510 2868 5580 ἀπαγομένους
2924 5509 3004 5572 εἰς
3044 5509 3309 5570 Θάνατον,
3345 5507 3439 5561 καὶ
3469 5507 3702 5577 ἐκπριοῦ

2118 5593 2522 5672 κτεινομένους,
2581 5603 2654 5672 μὴ
2704 5602 2889 5672 φείσῃ.
2940 5600 3066 5653 Ἐὰν
3107 5599 3164 5653 δὲ
3197 5598 3383 5670 εἴπῃς,
3417 5599 3533 5652 Οὐκ
3587 5595 3707 5652 οἶδα

2117 5693 2326 5758 τοῦτον,
2350 5693 2585 5761 γίνωσκε
2607 5695 2689 5746 ὅτι
2706 5693 2908 5764 Κύριος
2931 5693 3156 5763 καρδίας
3173 5691 3393 5745 πάντων
3413 5691 3704 5762 γινώσκει,

2105 5787 2177 5850 ’ὃς
2207 5785 2533 5840 ἀποδίδωσιν
2566 5785 2780 5856 ἑκάστῳ
2815 5785 2954 5839 κατά
2983 5788 3050 5838 τὰ
3071 5784 3208 5855 ἔργα
3234 5783 3423 5841 αὑτοῦ.
3461 5802 3483 5840 ι
