3986 6388
333 317 468 382 1193
1589 310 1831 373 SACRA
1860 311 1915 372 P.

2066 309 2327 370 LLELA.
3455 303 3592 372 1194

403 450 420 482 ι
470 428 748 494 Ἐξέλεσθε
793 426 1204 502 διηρπαγμένον
1265 426 1332 480 ἐκ
1373 424 1553 496 χειρὸς
1593 421 1908 486 ἀδικοῦντος

2081 417 2196 478 Jer.
2225 432 2364 484 χιιι,
2392 417 2447 472 5.
2479 432 2548 471 ~:-
2592 434 2609 468 ι
2642 415 2851 488 Eripite
2893 429 3020 472 eum
3063 416 3158 488 qui
3209 415 3492 488 diripitur,
3523 417 3594 474 de

326 518 509 572 αὐτόν.
549 538 568 572 ι

2061 524 2174 565 anu
2203 509 2326 579 ejus
2357 508 2453 580 qui
2481 507 2627 564 laedit
2661 523 2811 564 eum.
2861 527 2880 562 ι

403 628 421 661 ι
479 609 719 665 ’Λδικίαν
763 613 860 665 καὶ
905 608 1281 678 ταλαιπωρίαν
1329 607 1632 677 ἀφέλεσθεο
1675 605 1906 678 ἐξάρατε

328 699 790 755 καταδυναστείαν
821 701 886 753 ἐκ
914 698 1008 753 τοῦ
1037 697 1168 754 λαοῦ
1203 714 1326 770 μου,
1361 696 1511 766 λέγει
1542 695 1767 769 Κύριος.
1812 712 1830 745 ι

2078 600 2428 666 Ezech.xt.v,
2501 598 2554 654 9.
2604 629 2674 640 --
2730 617 2749 651 ι
2796 597 3146 672 lniquitatem
3203 610 3258 658 et
3313 601 3593 658 miseriam

2009 692 2191 748 tollite
2223 707 2238 750 :
2267 691 2486 749 auferte
2524 705 2949 763 oppressuonem
2990 709 3021 747 a
3049 695 3252 766 populo
3289 711 3434 764 meo,
3461 697 3596 753 dicit

2009 783 2306 840 Dominus.
2338 802 2357 836 ι

404 902 422 935 ι
466 882 682 950 Ἐξελοῦ
710 881 1068 952 ἀδικούμενον
1107 882 1173 935 ἐκ
1215 879 1398 952 χειρὸς
1447 877 1764 943 ἀδικοῦντος
1807 878 1908 932 αὖ·

2081 874 2250 930 Eccli.
2281 891 2357 940 tv,
2385 875 2441 930 9.
2466 903 2538 916 —
2565 894 2583 927 ι
2612 874 2812 930 Libera
2851 890 3002 944 eum,
3033 877 3131 948 qui
3160 877 3422 950 injuriani
3455 881 3595 951 pati-

323 977 444 1030 τόν.
490 994 510 1026 ι

2059 983 2123 1034 ll‘,
2150 965 2219 1022 de
2255 981 2420 1021 manu
2453 966 2876 1022 calumniantis.
2909 985 2928 1019 ι

402 1067 515 1130 Πᾶς
539 1067 567 1118 6
599 1066 777 1119 πλέων
808 1065 974 1135 ἐγγύς
1001 1068 1121 1120 ἐστι
1144 1064 1239 1118 τοῦ
1269 1063 1551 1134 ναυαγίου,
1585 1063 1680 1117 καὶ
1721 1061 1910 1116 τοσού-

2084 1056 2228 1113 Naz.
2259 1057 2355 1115 0r.
2390 1058 2569 1112 15.-
2599 1056 2864 1128 Quisquis
2895 1058 3138 1129 navigat,
3163 1059 3449 1130 naufragio
3474 1077 3598 1131 pro—

327 1175 406 1228 τῳ
435 1157 658 1227 μᾶλλον,
686 1158 796 1226 ὃσῳ
819 1157 1179 1228 σφοδρότερον
1204 1157 1357 1210 πλέει
1381 1171 1395 1184 ’
1429 1155 1526 1210 καὶ
1556 1155 1664 1218 πᾶς
1694 1156 1722 1208 6
1752 1153 1911 1222 σῶμα

2059 1151 2258 1225 inquus
2297 1158 2406 1217 est,
2443 1166 2509 1206 ac
2547 1165 2617 1207 eo
2648 1152 2848 1223 magis,
2886 1166 2998 1223 quo
3044 1151 3264 1223 navigat
3305 1155 3598 1208 vclicmen-

329 1248 739 1318 περικείμενος,
787 1247 954 1318 ἐγγύς
1013 1250 1131 1304 ἐστι
1159 1249 1269 1304 τῶν
1295 1247 1391 1302 τοῦ
1419 1247 1674 1317 σώματος
1703 1247 1909 1308 κακῶν,

2063 1259 2128 1298 us
2161 1259 2176 1297 :
2214 1242 2494 1298 consimili
2546 1242 2718 1297 modo
2749 1243 3008 1313 quisquis
3050 1256 3284 1312 corpore
3323 1244 3600 1299 convesli~

327 1341 426 1395 καὶ
447 1339 688 1412 τοσούτῳ
727 1342 927 1412 μᾶλλον
951 1379 967 1406 ,
1003 1343 1222 1412 ὅσῳπερ
1251 1340 1318 1394 ἂν
1343 1338 1520 1411 ὀρθῶς
1556 1336 1782 1408 βαδίζει,
1815 1333 1912 1389 καὶ

2059 1354 2103 1395 ιε
2141 1345 2252 1402 εει,
2291 1337 2545 1406 corporis
2571 1337 2734 1392 malis
2763 1336 3110 1408 propinquus
3134 1345 3239 1402 est,
3275 1351 3454 1407 eoque
3481 1351 3600 1392 rna-

329 1432 407 1504 μὴ
439 1433 626 1504 βλέπει
655 1433 782 1496 τοὺς
816 1433 924 1504 πρὸ
951 1433 1118 1487 αὑτοῦ
1143 1431 1456 1503 κειμένους.
1484 1429 1631 1492 Ἕως
1670 1426 1827 1490 πλεῖς
1855 1425 1913 1492 ἐξ

2059 1432 2124 1495 is,
2155 1445 2268 1501 quo
2290 1429 2500 1486 rectior
2528 1429 2756 1495 incedit,
2782 1446 2885 1486 nec
2910 1445 3007 1487 eos
3034 1431 3128 1502 qui
3157 1439 3285 1486 ante
3311 1447 3372 1485 se
3391 1432 3599 1500 jacent,

323 1524 537 1594 οὐρίας,
561 1521 640 1594 τῷ
671 1522 1002 1592 ναυαγοῦντι
1035 1523 1122 1587 δὸς
1147 1525 1307 1594 χεῖρα
1333 1537 1347 1551 °
1381 1521 1488 1586 ἕως
1521 1519 1786 1583 εύεκτείς,
1818 1515 1915 1570 καὶ

2059 1532 2288 1577 ttuetur.
2329 1521 2465 1574 Dum
2502 1522 2756 1578 secundo
2777 1531 2944 1577 vento
2979 1523 3230 1592 navigas,
3254 1522 3301 1576 ei
3331 1522 3423 1593 qui
3461 1537 3601 1576 nau-

327 1615 606 1679 πλουτεῖς,
631 1614 712 1684 τῷ
734 1615 1148 1669 κακοπαθοῦντι
1179 1613 1466 1685 βοήθησον.
1499 1611 1590 1682 Μὴ
1619 1609 1915 1680 ἀναμείνῃς

2059 1614 2254 1685 έεεὶιιιιι
2282 1612 2445 1683 352
2496 1611 2649 1680 fecit,
2695 1629 2921 1668 manum
2970 1614 3213 1684 porrige.
3259 1614 3393 1668 Dum
3431 1628 3600 1668 sanus

330 1707 423 1760 ἐπὶ
454 1705 680 1760 σεαυτοῦ
715 1707 928 1778 μαθεῖν,
954 1709 1078 1760 ὅσον
1115 1707 1286 1762 κακόν
1327 1707 1479 1760 ἐστιν
1524 1699 1914 1773 ἀπανθρωπία,

2059 1718 2106 1769 s,
2139 1709 2194 1757 et
2217 1701 2485 1771 locuples,
2511 1716 2670 1773 opem
2705 1700 2787 1757 fer
2813 1701 3034 1757 atllicto.
3063 1699 3182 1756 Non
3208 1711 3517 1772 exspectes,
3542 1710 3604 1757 ut

330 1797 426 1851 καὶ
449 1791 560 1851 οἷον
581 1797 780 1866 ἀγαθὸν
806 1797 1090 1868 σπλάγχνα
1113 1798 1226 1860 τοῖς
1244 1793 1539 1867 χρῄζουσιν
1563 1790 1911 1859 ἀνοιγόμενα.

2059 1810 2084 1847 ιι
2141 1793 2317 1863 teipso
2368 1791 2576 1860 discas,
2631 1800 2901 1863 quantum
2953 1793 3160 1848 malum
3216 1795 3290 1850 sit
3341 1795 3602 1848 inhuma-

400 2060 690 2131 Χρηστοὺς
732 2057 873 2111 εἶναι
925 2058 1032 2129 χρὴ
1081 2058 1196 2122 τοῖς
1224 2055 1658 2128 πφεμπεσοῦσι,
1700 2053 1797 2108 καὶ
1835 2053 1916 2123 τῷ

331 2151 469 2220 ἐλέῳ
491 2149 728 2203 κτᾶσθαι
757 2149 848 2202 τὸν
872 2148 1042 2202 ἐλεον.

418 2327 506 2379 Ἐν
531 2327 653 2389 ταῖς
681 2324 993 2396 ἀλλοτρίαις
1020 2324 1330 2396 συμφοραῖς
1370 2323 1438 2378 τὰ
1466 2325 1646 2378 οίκεῖα
1676 2319 1737 2379 εὖ
1767 2323 1917 2378 τίθε-

332 2416 461 2468 σθαι
490 2415 619 2485 χρὴ,
647 2414 741 2467 καὶ
787 2413 1056 2477 δανείζειν
1103 2413 1221 2484 Θεῷ
1249 2413 1342 2467 τὸν
1375 2412 1526 2467 ἔλεον
1560 2413 1746 2478 ἐλέους
1780 2414 1916 2485 χρῄ-

332 2507 562 2572 ζοντας,
607 2507 703 2560 καὶ
752 2505 828 2576 μὴ
886 2507 1250 2578 καταφρονεῖν
1282 2505 1589 2578 ἀνθρώπων
1637 2505 1916 2577 ἄνθρωποι

332 2598 508 2665 ὄντες.

407 2790 499 2863 Μὴ
521 2788 757 2862 γελάσῃς
786 2787 986 2861 πτῶμα
1017 2787 1112 2841 τοῦ
1137 2789 1304 2852 πέλας
1324 2805 1337 2819 ⁸
1373 2787 1616 2843 διάὅαινε
1655 2787 1712 2842 δέ
1738 2789 1917 2858 ἀσφα-

2018 1885 2202 1949 nitas,
2266 1892 2650 1953 quantumque
2725 1885 2955 1950 bonum,
3039 1884 3250 1942 viscera
3311 1885 3603 1957 egentibus

2019 1973 2165 2044 aperi
2176 1987 2255 2029 re.

2092 2065 2369 2134 Benignos
2408 2077 2533 2119 esse
2567 2073 2784 2136 oportet
2827 2065 2941 2122 illis
2998 2066 3096 2136 qui
3135 2067 3190 2120 in
3231 2067 3605 2122 calamitatem

2015 2157 2130 2226 jam
2186 2155 2527 2220 inciderunt,
2598 2166 2653 2210 et
2713 2157 3156 2214 misericordiam
3214 2158 3609 2216 misericordia

2019 2262 2364 2319 comparare.

2080 2339 2169 2394 Id.
2199 2338 2354 2394 Orat.
2383 2337 2474 2396 20.
2495 2369 2563 2384 --
2596 2338 2656 2394 ιιι
2680 2339 2879 2396 alienis
2904 2340 3311 2399 calamitatibus
3333 2351 3481 2398 recte
3505 2355 3610 2398 nos

2019 2437 2241 2500 oportet
2269 2430 2480 2486 nostris
2519 2431 2690 2487 rebus
2719 2432 3040 2501 consulere,
3071 2441 3126 2488 et
3150 2431 3263 2489 Deo
3289 2432 3610 2489 misericor-

2020 2521 2168 2576 diam
2209 2519 2481 2585 fenerare,
2519 2535 2643 2576 cum
2679 2521 2788 2592 ipsi
2823 2522 3207 2578 misericordia
3237 2535 3378 2594 Opus
3407 2521 3610 2578 habea-

2020 2628 2144 2669 mus
2177 2628 2192 2666 :
2223 2626 2326 2668 nec
2354 2611 2612 2668 homines
2648 2627 3016 2683 aspernemur
3054 2624 3151 2670 aut
3176 2629 3280 2686 pro
3312 2614 3486 2669 nihilo
3514 2613 3612 2669 du-

2019 2720 2234 2769 camus,
2262 2704 2487 2776 quando
2517 2704 2623 2776 ipsi
2655 2705 2910 2761 homines
2944 2720 3163 2762 sumus.

2092 2795 2370 2866 Ejusdem.
2416 2826 2488 2836 -—
2535 2797 2738 2853 Casum
2798 2798 3030 2854 alterius
3084 2797 3269 2856 ridere
3317 2799 3456 2854 noli.
3498 2795 3608 2855 Sed

333 2886 464 2952 λῶς,
493 2886 590 2938 ὅστ’
624 2902 706 2938 σοι
746 2884 1000 2955 δύναμις,
1031 2882 1170 2940 ἀλλά
1216 2884 1310 2938 καὶ
1342 2882 1486 2936 δίδου
1538 2884 1698 2954 χεῖρα
1744 2882 1915 2953 χαμαὶ

2061 2903 2185 2944 nam
2212 2896 2330 2944 tute
2365 2897 2544 2960 potes,
2588 2891 2805 2958 incede,
2850 2898 3016 2963 atque
3071 2891 3225 2947 humi
3261 2892 3466 2964 jacenti
3501 2904 3612 2946 ma-

334 2979 600 3049 κειμένῳ.

2022 2995 2152 3036 num
2177 2981 2434 3052 porrige.

385 3113 571 3168 ΤΙΤΛ.
611 3112 720 3167 IH'.
753 3139 826 3152 --
858 3109 1000 3188 Περὶ
1043 3107 1304 3188 ἀγάπης,
1341 3106 1440 3161 καί
1470 3103 1739 3176 εἰρήνης,
1763 3104 1858 3162 καὶ

2064 3114 2200 3171 ΤΙΤ.
2233 3113 2421 3170 XVIII.
2445 3145 2513 3156 —-
2537 3114 2614 3170 De
2651 3116 2935 3182 charitate,
2969 3123 3019 3172 et
3049 3131 3200 3187 pace,
3232 3125 3285 3171 et
3307 3116 3577 3187 paciﬁcis._

900 3185 1320 3250 εἰρηνοποιῶν.

414 3315 434 3348 ι
471 3293 606 3350 Eine
635 3295 870 3366 Νοεμεῖν
905 3292 1042 3365 πρὸς
1077 3290 1230 3344 Ῥούθ
1252 3305 1266 3320 ⁸
1335 3290 1468 3343 Ἰδοὺ
1507 3289 1838 3365 ἀνέστρεψεν
1887 3288 1919 3343 ἦ

339 3388 654 3459 σύννυμφός
687 3404 781 3440 σου
813 3385 950 3457 πρὸς
973 3384 1100 3438 λαὸν
1123 3383 1312 3452 αὐτῆς,
1337 3383 1429 3434 καὶ
1456 3381 1592 3453 πρὸς
1615 3383 1742 3444 τοὺς
1766 3379 1922 3444 θεοὺς

339 3482 531 3550 αὐτῆς,
561 3478 931 3550 ἐπιστράφηθι
953 3479 1048 3532 καὶ
1079 3477 1166 3531 σύ.
1183 3473 1321 3530 Eine.
1344 3476 1401 3529 δέ
1415 3475 1572 3528 Ῥούθ
1596 3490 1610 3505 ·
1634 3474 1728 3545 Μὴ
1745 3474 1922 3528 ἁπαν·-

339 3569 514 3640 τήσῃς
545 3584 636 3636 μοι
659 3565 754 3620 τοῦ
793 3566 1114 3621 καταλιπεῖν
1139 3581 1219 3629 σε,
1249 3567 1333 3619 ὅτι
1352 3565 1484 3618 ὅπου
1503 3564 1597 3617 ἐὰν
1627 3563 1921 3634 πορευθῇς,

342 3660 685 3731 πορεύσομαι
704 3677 718 3691 ·
767 3661 865 3714 καὶ
909 3662 936 3714 6
965 3659 1094 3723 λαός
1126 3675 1243 3725 σου,
1269 3659 1395 3722 λαός
1445 3675 1568 3729 μου,
1614 3658 1710 3712 καὶ
1731 3659 1758 3711 6
1790 3657 1924 3721 Θεός

342 3769 458 3819 σου,
489 3751 622 3815 Θεός
659 3769 780 3821 μου.
822 3770 841 3804 ι

417 3863 438 3897 ι
466 3844 772 3916 Προσέθετο
817 3844 1074 3898 ἰωνάθαν
1095 3843 1310 3914 ὀμῶσαι
1354 3841 1433 3914 τῷ
1464 3841 1648 3906 Δαόὶδ,
1678 3840 1759 3896 ὅτι
1785 3840 1923 3910 ἡγά-

341 3951 516 4006 πησεν
547 3937 582 4006 ἡ
612 3933 760 4007 ψυχὴ
790 3933 1112 4002 ἀγαπῶντος
1144 3933 1327 3987 αὐτόν.
1369 3951 1388 3985 ι

416 4131 437 4165 ι
488 4113 662 4180 Ἀλγῶ
688 4113 784 4166 ἐπὶ
822 4113 904 4178 σέ,
929 4111 1126 4183 ἀδελφέ
1159 4129 1260 4184 μου
1305 4111 1582 4169 Ἰωνάθαν.
1613 4111 1917 4183 Ὠραιώθης

344 4223 441 4275 μοι
471 4205 707 4279 σφόδρα·
733 4204 1132 4278 ἐθαυμαστώθη
1150 4207 1183 4276 ή
1203 4205 1482 4277 ἀγάπησίς
1509 4222 1601 4258 σου
1632 4204 1756 4275 ἐμοὶ
1781 4204 1923 4273 ὑπὲρ

342 4300 566 4370 ἀγάπης
592 4300 889 4368 γυναικῶν.
930 4317 948 4351 ι

425 4409 443 4443 ι
473 4393 715 4462 Ζήτησον
738 4391 984 4462 εἰρήνην,
1012 4391 1104 4444 καὶ
1123 4389 1314 4455 δίωξον
1342 4391 1532 4460 αὐτήν.
1579 4409 1597 4442 ι

423 4608 442 4641 ι
477 4591 538 4643 Οἱ
574 4588 888 4660 βουλόμενοι
919 4590 1166 4660 εἰρήνην,
1198 4587 1688 4658 εὐφρανθήσονται.
1728 4607 1745 4640 ι

425 4786 444 4818 ι
484 4767 696 4831 Πάντα..
736 4767 865 4830 τοὺς
897 4767 970 4837 μὴ
995 4766 1441 4836 φιλονεικοῦντας
1476 4766 1706 4837 καλύψει
1741 4768 1924 4837 φιλία’

341 4861 372 4912 ὀ
403 4859 639 4930 ἐλέγχων
662 4859 800 4929 μετά
828 4859 1164 4930 παρρησίας,
1197 4861 1550 4932 εἰρηνοποιεῖ.
1587 4880 1605 4912 ι

369 5007 378 5014 ἢ
427 5055 446 5088 ι
479 5037 850 5107 Μακρόθυμος
879 5039 1020 5110 ἀνὴρ
1043 5039 1374 5095 κατασϐέσει
1394 5043 1606 5113 κρίσεις
1630 5061 1644 5074 ο
1675 5045 1704 5098 6
1723 5044 1778 5097 δὲ
1805 5046 1930 5098 ἀσε-

345 5126 448 5198 ϐὴς
474 5129 657 5198 ἐγερεῖ
681 5127 902 5198 μᾶλλον.
936 5147 954 5180 ι

427 5235 444 5268 ι
485 5218 870 5274 Καλύπτουσιν
901 5218 1101 5291 ἔχθραν
1127 5219 1281 5291 χείλη
1308 5221 1515 5276 δίκαια.
1555 5240 1574 5274 ι

426 5416 448 5449 ι
493 5399 782 5468 Κρείσσων
802 5399 994 5470 ψωμὸς
1021 5395 1141 5470 μεθ’
1165 5402 1356 5474 ἡδονῆς
1385 5405 1442 5456 ἐν
1472 5405 1686 5475 εἰρήνῃ,
1722 5406 1754 5476 ἢ
1783 5401 1928 5470 οἶκος

348 5488 568 5562 πλήρης
607 5490 820 5544 πολλῶν
874 5490 1097 5560 ἀγαθῶν
1128 5492 1218 5546 καὶ
1248 5493 1448 5547 ἀδίκων
1476 5493 1735 5565 θυμάτων
1789 5498 1929 5566 μετά

431 5600 551 5646 χηςι
599 5603 617 5635 ⁸

431 5601 446 5614 ε
506 5600 551 5646 ς.
599 5603 617 5635 ι

348 5599 666 5746 μαέτὲυμὸν
696 5676 890 5748 ἀνδρὸς
921 5678 1154 5750 πραΰνει
1185 5679 1440 5752 θεράπων
1484 5681 1767 5754 φρόνιμος.
1799 5701 1816 5734 ι

636 5857 909 5916 Ρηιιοι..
931 5857 1046 5918 Gn.
1100 5858 1265 5920 XCV.

2093 3292 2236 3347 Ruth
2275 3309 2290 3348 ι
2365 3291 2454 3348 15.
2487 3321 2557 3337 -
2585 3309 2604 3343 ι
2636 3289 2785 3347 Dixit
2825 3288 3018 3346 Noemi
3051 3291 3120 3346 ad
3167 3290 3315 3346 Ruth
3354 3307 3368 3345 :
3403 3291 3484 3346 En
3521 3307 3610 3346 re-

2023 3401 2187 3441 versa
2239 3391 2324 3441 est
2369 3383 2519 3441 socia
2552 3392 2645 3438 tua
2685 3390 2753 3438 ad
2793 3384 3060 3454 popuium
3099 3394 3254 3438 tuum
3287 3394 3340 3439 et
3374 3383 3441 3438 ad
3476 3384 3612 3440 deos

2024 3493 2178 3535 suos.
2206 3477 2508 3533 Revertere
2542 3484 2600 3532 tu
2649 3491 2893 3548 quoque.
2914 3476 3062 3532 Ruth
3096 3491 3230 3533 vero
3260 3476 3402 3532 dixit
3444 3494 3457 3531 :
3499 3476 3613 3532 Nec

2023 3584 2290 3625 occurras
2324 3569 2458 3624 mibi
2489 3576 2549 3623 ut
2580 3569 2890 3639 relinquam
2925 3575 2980 3624 te
3005 3575 3061 3623 et
3089 3567 3306 3624 abeam.
3331 3568 3612 3635 Quoniam

2025 3677 2360 3732 quocunque
2393 3662 2733 3732 perrexeris,
2783 3675 3012 3732 pergam
3051 3681 3064 3716 :
3100 3667 3156 3718 et
3183 3661 3420 3731 populus
3457 3670 3610 3726 tuus,

2025 3755 2264 3825 populus
2299 3769 2477 3819 meus,
2515 3751 2922 3818 .et.Deustuus,
2963 3751 3110 3808 Deus
3137 3750 3369 3807 meus.)

2097 3840 2124 3898 1
2163 3841 2290 3914 Reg.
2334 3859 2441 3909 xx,
2491 3841 2578 3896 {7.
2615 3871 2683 3882 —
2720 3859 2739 3893 ι
2782 3838 2848 3895 Ει
2885 3839 3101 3896 addidit
3144 3837 3416 3894 Jonathas
3464 3837 3615 3908 deje-

2025 3950 2154 3991 rare
2187 3934 2381 4000 David,
2417 3949 2482 3990 eo
2513 3933 2661 4004 quod
2703 3931 2964 4003 diligeret
2995 3945 3120 3988 eum
3150 3929 3337 3988 anima
3372 3930 3613 4002 diligen-

2025 4028 2099 4082 tis
2135 4043 2214 4082 se.
2255 4047 2273 4078 ι

2100 4117 2165 4173 ιι
2205 4119 2326 4190 Reg.
2362 4135 2400 4188 ι,
2422 4118 2513 4174 26.
2539 4149 2609 4160 —-
2639 4137 2656 4170 ‹
2699 4117 2868 4174 Doleo
2905 4132 3074 4188 super
3100 4123 3175 4181 te,
3217 4115 3388 4170 frater
3410 4116 3484 4171 mi
3516 4115 3613 4172 Jo-

2027 4213 2217 4266 natha.
2246 4212 2544 4282 Speciosus
2573 4211 2711 4266 mibi
2739 4227 2864 4267 cras
2893 4211 3072 4265 valde.
3106 4208 3470 4265 Admirabilis
3491 4217 3614 4264 erat

2027 4303 2163 4358 mihi
2199 4302 2425 4360 dilectio
2453 4312 2548 4358 tua
2576 4318 2742 4374 super
2764 4317 3011 4358 amorem
3046 4301 3364 4357 mulierum.
3401 4321 3420 4353 ι

2101 4394 2252 4452 Ρεαί.
2287 4413 2482 4463 xxxrn,
2518 4395 2603 4450 14.
2641 4425 2710 4435 -
2745 4413 2765 4448 ι
2792 4393 3022 4465 lnquire
3064 4410 3281 4466 pacem,
3327 4400 3382 4450 et
3423 4409 3612 4465 perse-

1961 4474 2006 4532 D
2035 4505 2201 4560 quere
2235 4504 2382 4544 eam.
2415 4509 2434 4540 ι

2098 4580 2256 4635 Prov.
2302 4597 2398 4646 xn,
2442 4581 2534 4636 20.
2570 4612 2642 4622 —
2676 4601 2695 4634 ι
2739 4580 2843 4648 Qui
2893 4580 3045 4651 pacis
3099 4579 3296 4636 ineunt
3347 4577 3609 4647 consilia,

2030 4674 2281 4743 sequitur
2313 4689 2409 4730 eos
2447 4675 2736 4744 gaudium.
2773 4692 2792 4725 ι

2102 4762 2262 4816 Prov.
2296 4779 2350 4825 χ,
2380 4762 2466 4827 11,
2502 4761 2591 4816 12.
2622 4791 2695 4800 -
2721 4779 2739 4810 ι
2765 4761 2972 4817 Omnes
3004 4774 3101 4816 eos
3127 4761 3221 4830 qui
3259 4759 3452 4815 nolunt
3472 4773 3610 4815 con-

2030 4854 2276 4920 tendere,
2313 4857 2496 4925 operit
2547 4853 2813 4910 amicitia.
2856 4853 2962 4921 Qui
2991 4853 3177 4925 arguit
3205 4853 3399 4921 libere,
3422 4851 3613 4924 pacili-

2030 4965 2128 5004 CUS
2155 4959 2258 5004 est.
2294 4968 2312 5001 ι

2101 5038 2258 5093 Prov.
2305 5054 2396 5104 xv,
2443 5037 2533 5094 18.
2564 5067 2634 5082 —-
2661 5057 2679 5090 ι
2712 5037 2808 5092 Vir
2851 5038 3416 5110 patiensexstinguet
3441 5038 3609 5095 lites:

2036 5130 2242 5201 impius
2271 5145 2365 5185 eas
2393 5129 2576 5199 potius
2603 5128 2919 5186 suscitabit.
2953 5148 2971 5179 ι

2102 5221 2260 5276 Prov.
2302 5237 2359 5287 κ,
2414 5219 2502 5274 18.
2565 5252 2634 5262 -
2699 5240 2716 5273 ι
2775 5219 3050 5291 Operiunt
3101 5221 3424 5277 inimicitias
3469 5220 3615 5276 labia

2029 5315 2198 5385 justa.
2241 5334 2259 5365 ι

2104 5405 2264 5460 Prov.
2298 5420 2432 5468 xm,
2472 5404 2522 5458 1.
2561 5435 2630 5443 -
2666 5423 2684 5456 ι
2717 5404 2909 5460 Melior
2937 5412 3020 5460 cst
3047 5404 3296 5460 buccella
3321 5402 3466 5459 sicca
3489 5416 3614 5456 cum

2031 5496 2231 5567 gaudio
2263 5497 2317 5550 in
2351 5510 2503 5566 pace,
2529 5509 2693 5566 quam
2727 5497 2926 5552 domus
2962 5497 3121 5567 plena
3155 5497 3347 5552 multis
3373 5495 3615 5550 victimis

2032 5586 2191 5641 bonis
2223 5594 2276 5640 et
2304 5586 2508 5656 iniquis
2532 5586 2880 5658 cumjurgio.
2915 5607 2932 5639 ι

2108 5676 2266 5730 Pror.
2298 5693 2452 5744 xrnl,
2484 5675 2570 5732 14.
2592 5709 2659 5725 -
2692 5695 2710 5727 ι
2746 5676 2888 5732 iram
2913 5677 3016 5734 viri
3043 5678 3197 5735 sedat
3223 5677 3463 5734 famulus
3482 5690 3613 5748 pru-

2035 5768 2249 5822 deus.»

3242 5858 3318 5920 38
