3986 6432
365 320 504 389 1195

1561 310 1621 371 S.
1661 310 1697 372 Ι
1701 309 1851 370 ΟΑΝ
1855 309 1903 368 Ν
1909 308 1984 370 IS
2016 308 2447 373 DAMASCENI

3508 313 3661 382 1195

444 437 606 499 Cant.
667 450 785 497 τιτι,
814 433 866 488 7.
888 460 969 495 ,α-
1004 448 1023 481 ι
1058 429 1231 499 Aquae
1282 426 1474 483 multae
1522 440 1633 481 non
1684 430 1947 494 poterunt

2126 442 2146 474 ‹
2189 423 2373 496 ’Υδωρ
2404 423 2601 479 πολλὸν
2624 425 2688 479 οὑ
2721 424 3016 496 δυνήσεται
3039 423 3235 481 σϐέσαι
3259 425 3360 499 τὴν
3388 427 3655 499 ἀγάπην,

364 534 723 603 exstinguere
766 526 1117 587 cbaritatem,
1172 536 1271 577 nec
1330 519 1558 575 ﬂuutiua
1612 514 1950 575 eoneludent

369 627 545 689 illam.
580 643 600 679 ι

435 717 603 773 Zaclt.
633 728 746 778 vm,
777 709 865 765 11.
894 738 965 755 -ε-
994 725 1015 760 ι
1053 706 1356 763 Veritatem
1398 711 1455 761 et
1482 717 1675 774 pacem
1722 700 1953 771 diligite,

365 813 443 867 ait
472 810 619 864 Deus
655 802 1032 872 omnipotens.
1074 817 1096 852 ι

435 900 572 956 Isai.
599 912 694 965 LII,
722 895 776 948 7.
802 920 873 935 —-
906 908 927 945 ι
952 890 1129 959 Quam
1156 887 1394 960 speciosi
1428 900 1597 956 super
1618 890 1836 941 montes
1864 897 1957 954 pe-

365 994 465 1050 des
491 984 990 1060 evangelizantium
1030 983 1174 1042 bona
1185 984 1200 1049 λ
1231 981 1482 1039 auditum
1504 976 1686 1049 pacis,
1718 989 1957 1046 cvange-

366 1082 653 1141 lizantium
688 1079 835 1134 bona
861 1077 875 1131 ί
915 1095 935 1130 ι

438 1171 635 1228 Ezech.
668 1184 858 1236 xxxiv,
883 1168 1056 1223 29.—--
1073 1183 1092 1217 ι
1127 1160 1428 1220 Suscitabo
1450 1161 1531 1219 eis
1546 1158 1955 1233 plantationem

368 1267 546 1340 pacis,
581 1272 638 1318 et
660 1262 808 1318 ultra
845 1274 958 1314 non
988 1256 1274 1328 peribunt.
1302 1272 1327 1306 ι

440 1357 613 1414 Ecclt'.
645 1368 775 1420 xxv,
801 1353 855 1406 1.
895 1382 956 1395 ...ο
986 1366 1004 1401 ι
1054 1347 1113 1403 In
1150 1346 1337 1403 tribus
1379 1343 1589 1403 decora
1628 1342 1778 1399 facta
1807 1355 1955 1409 sum,

371 1460 427 1509 et
451 1447 667 1508 surrexi
695 1446 898 1502 decora
927 1455 1115 1497 coram
1158 1438 1273 1493 Deo
1314 1445 1369 1492 et
1404 1434 1728 1491 hominibus
1760 1451 1773 1487 :
1816 1446 1958 1488 con-

373 1543 560 1601 cordia
600 1539 859 1600 fratrum,
898 1540 955 1590 et
984 1532 1233 1588 amicitia
1266 1529 1672 1601 proximorum,
1705 1533 1762 1581 et
1796 1523 1882 1579 vir
1903 1530 1959 1580 et

372 1636 579 1691 mulier
609 1631 717 1689 sibi
750 1629 891 1685 bene
916 1623 1354 1683 consentientes.
1397 1640 1417 1673 ι

444 1724 645 1780 Matth.
687 1738 743 1783 ν,
798 1720 853 1774 9.
892 1746 961 1759 -—
990 1735 1008 1770 ι
1051 1715 1204 1771 Beati
1254 1711 1497 1785 paciﬁci,
1544 1709 1809 1781 quoniam
1861 1706 1959 1765 lilii

372 1818 469 1876 Dei
505 1814 880 1875 vocabuntur.
915 1829 931 1861 ι

443 1907 591 1964 Ibid.
622 1907 715 1962 M.
738 1933 809 1947 -—
847 1921 867 1956 ι
916 1900 1141 1975 Diligite
1163 1897 1421 1954 inimicos
1448 1902 1690 1953 vestros.
1730 1891 1961 1950 Benedi-

360 2003 482 2057 rcite
511 1995 973 2054 maledicentibus
1004 2007 1102 2047 vos
1134 2010 1147 2046 :
1173 1997 1332 2047 orate
1360 2003 1459 2060 pro
1489 1984 1961 2043 calumniantibus

370 2098 426 2147 et
455 2084 928 2160 persequentibus
966 2096 1085 2138 vos.
1116 2097 1136 2131 ι

439 2178 641 2235 Matth.
690 2190 847 2242 xvnt,
886 2173 971 2229 19.
998 2200 1070 2211 -—
1101 2189 1122 2223 ι
1155 2170 1329 2224 Amen
1357 2168 1483 2229 dico
1510 2166 1689 2233 vobis,
1726 2167 1882 2239 quia,
1913 2168 1962 2224 si

390 2269 504 2327 duo
535 2287 604 2327 ex
637 2268 792 2326 vobis
829 2263 1216 2323 consenserint
1255 2276 1424 2332 super
1457 2271 1684 2327 terram,
1719 2260 1789 2316 de
1809 2258 1960 2317 omni

370 2379 435 2422 re
461 2372 861 2435 quamcunque
895 2356 1177 2428 petierint,
1210 2353 1303 2413 ﬁet
1329 2353 1440 2415 illis
1462 2367 1496 2409 a
1524 2350 1692 2409 Patre
1720 2366 1846 2408 meo
1865 2352 1960 2423 qui

374 2452 433 2511 iu
461 2454 619 2512 caelis
646 2459 755 2509 est.
789 2469 811 2505 ι

440 2545 605 2619 353
636 2543 800 2601 Joan.
832 2557 955 2607 xm,
979 2540 1071 2597 34.
1111 2569 1181 2585 σε
1221 2556 1243 2593 ι
1277 2537 1603 2596 Mandatum
1635 2551 1841 2595 novum
1886 2536 1961 2594 do

371 2637 555 2703 vobis,
595 2642 658 2691 ut
680 2633 929 2706 diligatis
963 2630 1226 2697 invicem,
1268 2629 1414 2689 sicut
1445 2628 1617 2685 dilexi
1647 2642 1744 2685 vos
1769 2644 1785 2683 :
1814 2637 1875 2685 ut
1906 2634 1962 2683 et

371 2742 474 2785 vos
513 2725 758 2798 diligatis
796 2723 1062 2780 invicem.
1105 2720 1165 2776 in
1219 2723 1325 2778 hoc
1371 2728 1712 2794 cognoscent
1740 2732 1959 2782 omnes,

363 2818 506 2893 quia
541 2815 804 2889 discipuli
843 2814 952 2873 mei
987 2812 1150 2882 estis,
1180 2812 1230 2872 si
1260 2811 1618 2870 dilectionem
1650 2809 1962 2868 habueritis

367 2907 443 2964 ad
484 2907 745 2963 invicem.
786 2922 808 2956 ι

441 2997 607 3055 Joan.
640 2996 866 3065 xtv,2'l.
892 3026 959 3036 —
990 3012 1009 3047 ι
1041 2992 1243 3050 Pacem
1282 3005 1458 3048 meam
1495 2990 1750 3063 relinquo
1780 2990 1959 3056 vobis,

373 3105 567 3163 pacem
600 3103 779 3144 meam
815 3087 889 3142 do
917 3085 1103 3142 vobis.
1153 3103 1175 3138 ι

446 3180 613 3237 Joan.
646 3195 737 3246 xv,
772 3177 827 3236 9.
858 3207 931 3219 -—
962 3196 985 3229 ι
1019 3177 1179 3233 Sicut
1211 3174 1406 3232 dilexit
1442 3188 1533 3232 me
1577 3173 1765 3242 Pater,
1801 3174 1878 3228 ita
1907 3183 1963 3231 et
1989 3146 2031 3203 θ

2054 514 2149 568 καὶ
2179 515 2415 586 ποταμοὶ
2444 516 2504 570 οὑ
2538 514 2933 585 συγκλύζουσιν
2956 515 3151 586 αὑτήν.
3190 533 3219 569 ι’

2134 712 2153 751 t
2190 694 2304 764 Τὴν
2358 694 2618 766 ἀλήθειαν
2662 695 2756 750 καὶ
2784 694 2886 767 τὴν
2914 695 3144 768 εἰρήνην
3186 696 3464 767 ἀγαπᾶτε,
3494 698 3660 771 λέγει

2058 785 2264 859 Κύριος
2299 787 2720 860 παντοκράτωρ.
2765 806 2786 841 ι

2130 898 2152 932 ι
2201 875 2289 943 Ὠς
2315 879 2512 951 ὡραῖοι
2541 880 2636 933 ἐπὶ
2664 878 2774 933 τῶν
2810 880 2985 953 ὀρέων
3020 882 3072 936 οἱ
3103 881 3266 948 πόδες
3292 882 3660 954 εὑαγγελιζφ

2060 972 2238 1044 μένων
2262 972 2465 1042 ἀγαθὰ,
2487 972 2659 1044 ἀκοὴν
2686 974 2936 1046 εἰρήνης,
2967 974 3473 1049 εὐαγγελιζομένων
3502 979 3659 1048 ἀγα-

2057 1064 2227 1120 Odit

2132 1177 2153 1210 ι
2202 1159 2525 1229 Ἀναστήσω
2563 1158 2751 1222 αὐτοῖς
2794 1158 2964 1229 φυτὸν
3011 1159 3239 1232 εἰρήνης
3262 1199 3279 1229 ,
3309 1160 3408 1218 καὶ
3457 1161 3660 1218 οὐκέτι

2056 1249 2273 1306 ἔσονται
2301 1250 2690 1323 ἀπολλύμενοι.
2733 1269 2754 1303 ι

2134 1361 2155 1396 ι
2209 1342 2296 1398 Ἐν
2330 1343 2510 1415 τρισὶν
2537 1341 2838 1415 ὡραῖσθην,
2865 1341 2963 1397 καὶ
2990 1343 3227 1416 ἀνέστην
3253 1342 3435 1416 ὡραία
3464 1344 3660 1402 ἔναντι

2057 1433 2270 1505 Κυρίου
2296 1434 2395 1490 καὶ
2415 1432 2725 1506 ἀνθρώπιον
2743 1450 2759 1465 ο
2796 1434 3024 1506 ὁμόνοια
3064 1433 3339 1505 ἀδελφῶν,
3362 1438 3461 1492 καὶ
3493 1437 3660 1508 φιλία

2057 1523 2167 1579 τῶν
2198 1523 2448 1597 πλησίον.
2479 1525 2576 1581 καὶ
2608 1524 2750 1596 γυνὴ
2772 1524 2870 1580 καὶ
2890 1524 3032 1598 ἀνὴρ
3055 1525 3270 1592 ἑαυτοῖς
3302 1544 3661 1601 συμπεριφε-

2061 1617 2306 1689 ρόμενοι.
2347 1636 2367 1671 ι

2137 1727 2157 1762 ι
2194 1707 2471 1781 Μακάριοι
2498 1707 2853 1781 εἰρηνοποιοί,
2902 1708 2983 1763 ὅτι
3025 1708 3123 1763 καὶ
3172 1708 3331 1766 αὐτοὶ
3359 1711 3469 1767 uici.
3509 1712 3662 1770 Θεοῦ

1988 1787 2032 1844 Β
2062 1800 2447 1873 κληθήσονται.
2496 1818 2515 1853 ι

2141 1914 2160 1947 ι
2204 1896 2482 1965 Ἀγαπᾶτε
2530 1894 2660 1961 τοὺς
2706 1894 2937 1969 ἐχθροὺς
2966 1897 3121 1969 ὑμῶν
3147 1915 3161 1928 ο
3197 1896 3474 1967 εὐλογεῖτε
3522 1898 3668 1964 τοὺς

2063 1988 2489 2061 καταρωμένους
2517 1989 2660 2060 ὑμᾶς
2686 2005 2700 2020 θ
2725 1988 3093 2061 προσεύχεσθε
3116 1989 3255 2063 ὑπὲρ
3276 1990 3388 2048 τῶν
3414 1992 3667 2064 ὲιπηρεας

2063 2078 2267 2145 ζόντων
2291 2080 2436 2152 ὑμᾶς
2462 2080 2559 2135 καὶ
2585 2080 2913 2137 διωκόντων.
2958 2099 2980 2134 ι

2141 2191 2161 2225 ι
2210 2173 2384 2246 ’Δμὴν
2411 2173 2555 2243 λέγω
2579 2173 2711 2245 ὑμῖν
2730 2215 2746 2241 ,
2775 2174 2860 2227 ὅτι
2889 2173 2984 2231 eam
3004 2173 3101 2229 δύο
3135 2175 3293 2247 ὑμῶν
3345 2180 3662 2251 συμφωνή-

2066 2280 2234 2319 σωσιν
2262 2263 2358 2318 ἐπὶ
2379 2264 2479 2335 τῆς
2517 2264 2622 2336 γῆς
2646 2303 2662 2329 ,
2697 2263 2831 2335 περὶ
2858 2264 3063 2331 παντὸς
3101 2266 3432 2339 πράγματος
3454 2261 3520 2323 οὗ
3555 2270 3665 2325 ἐὰν

2063 2359 2421 2431 αἰτήσωνται,
2449 2358 2741 2430 γενήσεται
2777 2357 2961 2421 αὐτοῖς
2987 2357 3141 2429 παρὰ
3167 2357 3263 2413 τοῦ
3302 2359 3519 2431 Πατρός
3547 2377 3665 2432 μου

2063 2452 2158 2508 τοῦ
2207 2453 2266 2507 ἐν
2290 2451 2562 2524 οὐρανοῖς.
2603 2469 2626 2506 δ

2142 2563 2161 2597 ι
2211 2543 2466 2617 Ἐντολὴν
2488 2543 2684 2616 καινὴν
2705 2543 2902 2616 δίδωμι
2919 2545 3071 2618 ὑμῖν,
3098 2545 3188 2600 ἵνα
3211 2545 3370 2617 ὑμεῖς
3393 2547 3662 2616 ἀγαπᾶτε

2062 2636 2350 2709 ἀλλήλους,
2379 2636 2562 2702 καθὼς
2588 2635 2858 2708 ἠγάπησα
2887 2639 3053 2711 ὑμᾶς,
3080 2638 3169 2693 ἵνα
3206 2636 3301 2693 καὶ
3331 2638 3491 2711 ὑμεῖς
3512 2640 3664 2709 ἀγα.-

2062 2729 2204 2783 πᾶτε
2254 2726 2541 2801 ἀλλήλους.
2608 2727 2696 2782 Ἐν
2729 2729 2905 2801 τούτῳ
2953 2727 3257 2797 γνώσονται
3288 2730 3515 2798 πάντες,
3568 2731 3663 2787 ὅτι

2063 2819 2187 2890 ἐμοὶ
2222 2818 2465 2891 μαθηταί
2497 2819 2645 2884 ἐστε,
2670 2818 2765 2872 ἐὰν
2799 2819 3054 2890 ἀγαπᾶτε
3086 2818 3378 2892 ἀλλήλους.
3414 2840 3434 2875 ι

2136 3013 2157 3047 ι
2208 2995 2445 3069 Εἰρήνην
2494 2993 2595 3068 τὴν
2648 2995 2790 3069 ὲμὴν
2836 2996 3044 3069 ἀφίημι
3094 2997 3265 3070 ὑμῖν,
3295 2996 3664 3072 είρήνηντὴν

2063 3087 2203 3161 ἐμὴν
2230 3088 2426 3160 δίδωμι
2449 3089 2601 3162 ὑμῖν.
2641 3108 2661 3145 ι

2139 3198 2158 3232 ι
2196 3179 2397 3246 Καθὼς
2435 3180 2696 3253 ἡγάπησέ
2753 3199 2823 3253 με
2861 3183 2893 3236 6
2939 3182 3152 3256 Ila-rip,
3188 3184 3344 3255 κάγὼ
3386 3186 3664 3259 ἠγάπησα

373 3287 479 3344 ego
508 3271 678 3329 dilexi
707 3284 827 3326 vos.
857 3267 1076 3325 Manete
1097 3268 1154 3327 in
1180 3266 1480 3328 dilectione
1498 3281 1657 3333 mea;
1689 3265 1838 3323 sicut
1859 3282 1962 3339 ego

2103 3272 2210 3345 μᾶς
2230 3286 2244 3300 ο
2280 3270 2501 3342 μείνατε
2531 3272 2591 3326 ὲν
2616 3273 2683 3344 τῇ
2709 3271 2905 3347 ἀγάπη
2940 3290 3065 3344 μου,
3095 3273 3282 3340 καθὼς
3303 3273 3413 3345 ἐγὼ
3426 3275 3542 3341 τὰς
3569 3278 3664 3330 ὲν-

372 3373 649 3440 praecepta
701 3363 885 3420 Patris
920 3363 1028 3419 mei
1070 3359 1312 3428 servavi,
1336 3369 1391 3416 et
1413 3374 1611 3418 maneo
1642 3360 1701 3415 in
1726 3360 1848 3432 ejus
1879 3358 1965 3416 tli-

2103 3360 2224 3425 ολάς
2248 3359 2343 3415 τοῦ
2372 3361 2587 3433 Πατρός
2617 3378 2719 3431 μου
2749 3363 3053 3437 τετήρηκα,
3079 3363 3183 3418 καὶ
3205 3364 3356 3435 μένω
3389 3363 3558 3419 αὑτοῦ
3597 3368 3662 3419 ὲν

372 3462 635 3519 lectione.
683 3457 801 3515 Hoc
848 3466 935 3514 est
970 3463 1309 3528 praeceptum
1354 3468 1565 3521 meum,
1616 3463 1678 3509 ut
1719 3453 1964 3524 diligatis

2103 3453 2129 3527 ᾗ
2160 3453 2373 3526 ἀγάπῃ.
2404 3450 2555 3524 Αὕτη
2587 3453 2736 3512 ἐστὶν
2766 3454 2801 3526 ἡ
2825 3453 3014 3527 ἐντολὴ
3041 3456 3074 3527 η
3107 3454 3238 3529 iui},
3287 3455 3374 3510 ἵνα
3400 3457 3665 3527 ἀγαπᾶτε

374 3553 640 3615 invicem,
674 3551 822 3606 sicut
841 3546 1013 3604 dilexi
1043 3558 1165 3602 vos.
1201 3543 1466 3616 Maiorem
1500 3542 1606 3599 bac
1631 3543 1963 3600 cbaritatem

2103 3545 2353 3616 λλήλους,
2376 3543 2564 3609 καθὼς
2593 3545 2706 3616 ἐγὼ
2734 3547 3003 3619 ἠγάπησα
3032 3548 3200 3619 ὑμᾶς.
3250 3548 3495 3617 Μείζονα
3521 3549 3664 3606 sati-

375 3657 540 3699 nemo
569 3643 759 3708 habet,
796 3647 856 3696 ut
885 3638 1128 3694 animam
1164 3650 1325 3694 suam
1362 3643 1535 3709 ponat
1566 3635 1693 3709 quis
1712 3649 1815 3708 pro
1835 3634 1965 3690 ami-

2103 3654 2163 3708 ης
2184 3622 2412 3707 ἀγάπην
2439 3637 2616 3702 οὐδεὶς
2645 3637 2783 3708 ἔχει,
2814 3639 2901 3694 ἵνα
2934 3656 3019 3706 τις
3041 3639 3142 3713 τὴν
3168 3639 3350 3713 ψυχὴν
3385 3641 3557 3697 αὑτοῦ
3586 3642 3664 3715 θῇ

376 3752 461 3792 CIS
487 3750 632 3791 SUIS.
667 3752 687 3787 D

447 3824 581 3881 Luc.
614 3841 669 3890 χ,
704 3824 758 3880 5.
788 3853 861 3864 ——
895 3840 914 3874 ι
944 3818 1003 3876 In
1043 3833 1440 3893 quamcunque
1473 3818 1702 3879 domum
1730 3816 1969 3873 intrave-

376 3918 525 3984 ritis,
563 3916 805 3988 primum
851 3913 1018 3969 dicite
1052 3911 1205 3968 :Pax
1248 3912 1379 3969 huic
1420 3910 1656 3968 domui.’
1682 3910 1751 3965 Et
1777 3910 1826 3967 si
1853 3909 1969 3966 illic

379 4011 548 4066 fuerit
568 4009 716 4066 illius
748 4006 925 4078 pacis,
949 4005 1264 4077 requiescet
1285 4017 1454 4074 super
1477 4018 1604 4059 eum
1633 4017 1760 4073 pax.
1798 4020 1818 4055 ι

450 4103 581 4158 Luc.
610 4118 714 4168 xu,
746 4100 839 4156 58.
873 4130 942 4144 -
973 4118 992 4153 ι
1024 4098 1162 4153 Dum
1187 4097 1345 4153 vadis
1364 4112 1490 4152 cum
1525 4095 1849 4151 adversario
1871 4101 1968 4149 tuo

379 4195 448 4251 ad
477 4194 782 4266 principem
802 4193 859 4248 in
893 4194 1003 4258 via,
1039 4191 1111 4246 da
1143 4203 1392 4261 operam,
1429 4202 1499 4243 ne
1526 4187 1670 4243 forte
1696 4186 1881 4242 trahat
1916 4195 1969 4242 te

378 4289 447 4344 ad
476 4286 747 4359 iudicem,
783 4294 839 4342 et
866 4284 1037 4356 judex
1062 4281 1249 4338 tradat
1277 4291 1328 4338 te
1353 4279 1626 4349 exactori,
1659 4288 1713 4335 et
1740 4287 1970 4336 exactor

380 4380 566 4434 mittat
603 4386 656 4433 te
688 4378 744 4432 in
780 4389 1086 4431 carcerem.
1122 4374 1303 4428 Amen
1333 4371 1460 4428 dico
1497 4372 1617 4439 tibi,
1657 4386 1766 4426 non
1817 4371 1968 4427 exies

382 4471 527 4539 inde,
561 4470 740 4527 donec
770 4468 1138 4526 novissimum
1173 4466 1449 4521 minutum
1489 4462 1715 4520 reddas.
1755 4483 1775 4517 ι

453 4647 608 4703 Rom.
644 4661 746 4713 xu,
780 4645 870 4701 18.
912 4672 983 4685 —--
1023 4662 1044 4698 ι
1097 4644 1158 4700 Si
1201 4642 1321 4700 ﬁeri
1356 4647 1560 4713 potest,
1590 4639 1737 4712 quod
1770 4655 1838 4697 ex
1868 4654 1969 4696 vo-

344 4742 471 4831 .bis
498 4750 607 4807 est,
642 4755 766 4795 cum
787 4737 1045 4794 omnibus
1062 4736 1380 4792 hominibus
1406 4749 1598 4806 pacem
1630 4733 1962 4789 habentes.»

454 4828 611 4885 Rom.
645 4846 767 4895 xm,
803 4827 856 4885 8.
899 4858 971 4869 —
1005 4847 1025 4878 ι
1055 4825 1275 4882 Nemini
1334 4825 1641 4897 quidquam
1696 4824 1967 4890 debeatis,

384 4924 494 4979 nisi
536 4933 600 4980 ut
624 4923 858 4979 invicem
902 4920 1169 4994 diligatis.
1204 4920 1363 4986 Nam,
1412 4916 1533 4974 Non
1569 4918 1965 4982 moechaberis,

385 5028 499 5070 non
524 5015 821 5081 furaberis,
851 5029 961 5069 non
997 5012 1200 5069 falsum
1226 5011 1611 5067 testimonium
1646 5011 1815 5075 dices,
1845 5010 1972 5066 etsi

389 5108 536 5176 quod
582 5113 669 5162 est
706 5104 851 5159 aliud
897 5103 1238 5171 mandatum,
1283 5105 1336 5158 in
1387 5103 1494 5158 hoc
1543 5101 1716 5157 verbo
1755 5101 1973 5157 instau-

389 5208 579 5263 ratur,
649 5199 707 5253 in
763 5196 1047 5267 diligendo
1112 5196 1420 5266 proximum
1479 5205 1633 5251 tuum
1690 5194 1833 5250 sicut
1889 5204 1973 5251 te-

393 5304 594 5357 tpsum.
640 5306 659 5339 ι

463 5380 614 5435 Rom.
645 5397 757 5446 XIV,
790 5377 878 5434 l9.
912 5409 982 5421 --
1013 5398 1032 5432 ι
1067 5379 1204 5447 Quae
1234 5380 1387 5453 pacis
1423 5390 1554 5435 sunt
1584 5391 1882 5445 sectemur,
1919 5385 1977 5433 et

390 5488 515 5543 ηιιιυ
550 5470 933 5528 ωιϋίὶοιιιξοηίς
962 5481 1089 5527 sunt
1129 5474 1194 5527 ad
1231 5473 1492 5528 invicem.
1528 5492 1548 5525 ι

458 5565 614 5621 Rom.
647 5581 765 5628 xm,
796 5566 884 5621 10.
909 5597 980 5607 -—
1016 5586 1034 5620 ι
1078 5567 1314 5623 Dilectio
1348 5567 1603 5638 proximo
1627 5567 1831 5622 malum
1865 5584 1974 5624 non

390 5665 669 5730 operatur.
688 5655 974 5721 Plenitudo
1000 5661 1160 5731 legis,
1190 5659 1433 5717 dilectio.
1480 5679 1503 5715 ι

463 5746 833 5818 ICor.xu,3l
859 5768 876 5819 ;
899 5768 1018 5822 xm,
1050 5752 1076 5806 1
1104 5768 1300 5825 sqq.--
1329 5773 1348 5807 ι
1383 5752 1741 5814 .IEtnulamiui
1766 5758 1975 5814 charis-

2066 3728 2211 3802 ὑπὲρ
2241 3728 2351 3783 τῶν
2382 3729 2553 3797 φίλων
2580 3727 2771 3785 αὑτοῦ.
2810 3750 2829 3783 ι

2142 3839 2162 3872 ι
2197 3820 2292 3885 Εἰς
2318 3820 2386 3892 ἢν
2406 3819 2451 3873 δ’
2480 3819 2549 3875 ἂν
2576 3820 2755 3881 οἰκίαν
2786 3820 3046 3894 ἔρχησθε,
3072 3822 3295 3896 πρῶτον
3322 3822 3536 3894 λέγετε,
3560 3825 3662 3883 Ei-

2071 3911 2213 3986 ρήνη
2235 3911 2313 3984 τῷ
2356 3912 2492 3985 οἴκῳ
2521 3911 2718 3986 τούτῳ.
2749 3915 2859 3969 Καὶ
2888 3913 3042 3991 ἐάνῇ
3083 3918 3202 3972 ἐκεῖ
3243 3918 3361 3984 υίὸς
3396 3918 3663 3991 εἰρήνης,

2069 4004 2524 4062 ἐπαναπαύσεται
2545 4005 2634 4061 ἐπ’
2667 4007 2835 4061 αὑτὸν
2860 4009 2896 4080 ἡ
2919 4009 3135 4081 είρήνη.
3169 4029 3189 4063 ι

2145 4117 2164 4149 ι
2224 4096 2311 4162 Ὠς
2345 4098 2578 4167 ὑπάγεις
2610 4098 2752 4171 μετά
2775 4098 2872 4153 τοῦ
2912 4101 3193 4156 ἀντιδίκου
3241 4120 3340 4157 σου
3392 4104 3535 4176 πρὸς
3562 4103 3667 4178 ἀρ-

2069 4206 2235 4261 χοντα
2267 4190 2327 4244 ἐν
2356 4193 2424 4262 τῇ
2457 4189 2582 4262 ὁδῷ,
2613 4191 2704 4257 δὸς
2742 4192 3012 4264 ἐργασίαν
3039 4194 3391 4267 ἀπηλλάχθαι
3437 4197 3537 4252 ἀπ’
3560 4197 3669 4251 αὑσ

2069 4283 2189 4349 τοῦ,
2223 4283 2437 4354 μήποτε
2470 4286 2760 4356 κατασύρῃ
2792 4301 2853 4338 σε
2905 4285 3046 4357 πρὸς
3082 4287 3175 4342 τὸν
3223 4287 3454 4360 κριτὴν,
3505 4291 3609 4345 καὶ
3635 4291 3671 4343 ό

2071 4375 2269 4446 κριτὴς
2292 4374 2520 4447 παραδῷ
2552 4393 2613 4430 σε
2655 4376 2735 4448 τῷ
2762 4377 3055 4451 πράκτορι,
3101 4379 3199 4434 καὶ
3223 4381 3253 4433 ὁ
3285 4381 3556 4453 πράκτωρ
3602 4398 3667 4435 σε

2002 4499 2050 4558 ι)
2078 4467 2246 4539 βάλλῃ
2277 4469 2358 4531 εἰς
2382 4467 2655 4558 φυλακήν.
2701 4469 2876 4541 Ἀμὴν
2914 4471 3059 4541 λέγω
3088 4488 3205 4526 σοι·
3233 4473 3295 4526 οὺ
3335 4472 3412 4545 μὴ
3439 4473 3670 4548 ἐξέλθῃς

2075 4557 2310 4625 ἐκεῖθεν,
2342 4558 2448 4624 ἕως
2475 4553 2537 4614 οὗ
2589 4560 2686 4614 καὶ
2711 4560 2774 4615 τὸ
2801 4560 3028 4633 ἔσχατον
3051 4563 3247 4619 λεπτὸν
3281 4564 3521 4636 ἀποδῷς.
3562 4585 3583 4618 ι

2079 4669 2099 4704 ι
2136 4651 2200 4703 El
2234 4651 2481 4720 δυνατὸν,
2529 4651 2592 4707 τὸ
2623 4653 2685 4718 ἐξ
2718 4654 2898 4723 ὑμῶν,
2935 4655 3074 4726 μετά
3104 4658 3324 4712 πάντων
3355 4657 3669 4729 ἀνθρώπων

2072 4743 2464 4815 είρηνεύοντες.
2503 4764 2523 4798 ι

2151 4854 2171 4888 ι
2204 4837 2387 4907 Μηδὲν
2419 4837 2610 4909 μηδενὶ
2644 4838 2914 4910 ὀφείλετε,
2941 4843 2992 4895 εί
3040 4843 3118 4915 μὴ
3148 4843 3212 4897 τὸ
3249 4845 3475 4919 ἀγαπᾷν
3499 4847 3671 4920 ἀλλη-

2074 4929 2222 4993 λους.
2255 4928 2329 4983 Τὸ
2361 4930 2491 5002 γὰρ,
2541 4931 2614 4985 Οὐ
2657 4933 2977 5006 μοιχεύσῃς,
3001 4935 3061 4988 οὐ
3114 4935 3356 5007 κλέψεις,
3384 4939 3445 4992 οὐ
3471 4939 3673 5009 ψευδο-

2080 5024 2481 5097 μαρτυρήσεις,
2513 5026 2612 5080 καὶ
2643 5027 2698 5080 εί
2725 5044 2811 5093 τις
2840 5028 3018 5100 ἑτέρα
3040 5030 3192 5086 ἐστὶν
3232 5030 3424 5105 ἐντολὴ
3446 5073 3461 5098 ,
3496 5035 3554 5087 ὲν
3584 5034 3672 5104 τῷ

2075 5116 2221 5188 λόγῳ
2243 5115 2418 5187 τούτῳ
2453 5118 2976 5188 ἀνακεφαλαιοῦται,
3008 5121 3068 5175 ὲν
3115 5122 3195 5193 τῷ
3244 5123 3536 5195 ἀγαπῆσαι
3573 5127 3671 5179 τὸν

2077 5205 2310 5277 πλησίον
2338 5222 2433 5260 σου
2467 5207 2543 5272 ὡς
2577 5207 2792 5264 ἑαυτόν.
2835 5227 2856 5262 ι
3254 5238 3261 5247 ·

2155 5402 2174 5435 ι
2204 5385 2284 5439 Τὰ
2310 5386 2411 5457 τῆς
2433 5388 2662 5460 εἰρήνης
2689 5389 2998 5463 διώκωμεν,
3032 5392 3126 5446 καὶ
3154 5393 3224 5450 τά
3248 5393 3350 5465 τῆς
3375 5394 3676 5467 οἰκοδομῆς

2077 5478 2176 5549 τῆς
2200 5479 2280 5543 είς
2312 5479 2597 5551 ἀλλήλους.
2632 5503 2651 5536 ι

2156 5591 2175 5625 ι
2225 5574 2292 5628 Ἠ
2346 5575 2534 5647 ἀγάπη
2583 5574 2661 5647 τῷ
2705 5575 2934 5648 πλησίον
2958 5578 3132 5633 κακὸν
3195 5578 3297 5633 οὐκ
3351 5579 3675 5651 ἐργάζεται.

2080 5665 2364 5737 Πλήρωμα
2395 5666 2561 5738 νόμου
2590 5667 2624 5737 ἡ
2658 5666 2869 5737 ἀγάπη.
2913 5686 2931 5720 ι

2156 5777 2177 5810 ι
2221 5756 2453 5829 Ζηλοῦτε
2492 5758 2560 5814 τὰ
2606 5760 2922 5831 χαρίσματα
2949 5761 3019 5816 τὰ
3070 5760 3384 5833 κρείττονα·
3445 5763 3543 5818 καὶ
3589 5760 3679 5816 ετι
