3986 6378
555 260 690 375 uss
744 369 777 375 η
848 290 855 297 -
924 367 1019 375 __
1118 369 1147 375 η
1327 367 1356 375 Α
1652 369 1663 375 _
1727 264 1813 375 ε.
1858 263 2179 375 10mm
2216 266 2646 334 DAMASCENI
3623 301 3721 375 mg

621 368 794 424 Basil.
824 384 887 424 ea:
920 367 1196 440 Epistolis.
1230 398 1299 408 —-
1320 367 1591 434 Quantum
1621 369 1691 427 sit
1726 372 1924 427 bonum
1955 373 2128 445 pacis,
2163 381 2195 436 Α

2163 381 2205 436 Α
2309 379 2474 482 ἴοσούν
2494 382 2630 482 Δἐστὶ
2652 382 2840 482 τὸ-τῆς
2889 386 3113 482 είρήνης
3147 389 3364 459 ἀγαθὸν,
3405 398 3454 450 τί
3476 404 3569 477 χρὴ
3588 367 3721 482 ut;

552 463 681 533 quid
714 476 1149 516 commemorare
1190 462 1390 515 attinet
1430 462 1496 517 ad
1530 478 1689 519 veros
1745 464 1887 521 ﬁlios
1932 466 2126 536 pacis?

552 554 636 574 ινα·
665 555 698 574 Pl
740 554 876 574 __..!-_
916 552 1219 574 nl-.'-!-..2-..2
1256 552 1500 574 I--__!_.!_
1547 554 1675 574 -41--
1715 556 1963 574 _.__-_,,'_,
2033 567 2101 574 Α..

2236 472 2370 574 Ξρὺς
2399 472 2622 574 ⁵ἀνδρας
2675 477 2822 574 uiae;
2870 478 2970 574 τῆς
2998 481 3253 574 εἰρήνης,
3284 487 3439 543 Οἰδὲν

550 554 701 609 Nihil
733 554 878 609 cnim
915 552 1220 607 Christiani
1256 552 1503 610 hominis
1544 554 1682 611 adeo
1714 556 1989 625 preprium
2023 567 2124 622 εει,

2236 565 2363 618 ἴδιον
2399 567 2748 637 Χριπιανοῦ,
2779 569 2855 632 ὡς
2895 570 2956 625 τὸ
2987 573 3362 648 είρηνοποιεῖν,
3402 552 3724 655 διότι

552 658 612 701 ιιι
662 643 1026 700 conciliandae
1079 644 1199 715 paci
1240 644 1467 700 studere
1525 663 1541 701 :
1586 646 2026 718 quandoquidem
2057 648 2126 703 ob

2057 648 2130 746 ob
2229 659 2317 712 ἐπ’
2359 660 2530 730 αὐτὴν
2574 661 2767 733 μισθὸν
2797 664 2931 735 ήμτν
2963 665 2993 720 ὁ
3024 643 3229 741 Κύριος
3261 643 3606 746 summa;

550 737 693 793 hanc
723 750 939 807 quoque
965 750 1193 791 causam
1214 734 1476 793 Christus
1506 738 1789 809 praemium
1817 737 1977 792 nobis
2010 737 2127 810 pol-

540 830 733 884 licitus
756 837 861 883 est.

622 920 764 975 ΝΜ.
792 936 874 975 or.
909 919 997 973 12.
1030 949 1096 960 --
1126 917 1234 972 Deo
1284 935 1350 975 ac
1392 920 1597 977 divinis
1634 922 1804 979 rebus
1827 922 2126 994 propinqui

2238 1007 2252 1016 ι
2297 914 2434 1016 Θεοῦ
2464 918 2558 1016 διαὶ
2729 918 2894 975 θείων
2939 922 3130 1016 εγγὺς,
3185 925 3300 981 ὅσοι
3333 928 3391 983 τὺ
3432 929 3524 1004 τῆς
3557 937 3728 1016 εἰρήνης

545 1024 695 1082 sunt,
736 1015 1058 1086 quicunque
1100 1014 1252 1084 pacis
1293 1014 1499 1069 bonum
1549 1016 1849 1084 amplexari
1891 1032 2119 1073 cernun-

2227 1006 2431 1110 ἀγαθὸν
2458 1008 2838 1110 ἀσπαζόμενοι
2864 1011 3171 1110 φαίνονται,
3215 1017 3410 1110 καιτῷ
3444 1006 3727 1110 ὲναντίῲ,τῂ

546 1118 656 1173 tur,
688 1122 753 1162 ac
785 1105 1086 1170 contrario,
1138 1119 1236 1160 seu
1271 1104 1529 1174 dissidio,
1579 1106 1780 1164 intensr
1825 1116 1990 1179 atque
2040 1109 2120 1163 in-

1932 1124 1990 1165 [ιθ
2040 1109 2124 1163 in-
2228 1100 2415 1154 στάσει
2442 1099 2907 1173 ἀπεχθραίνονται
2932 1103 3028 1157 καὶ
3058 1104 3506 1180 δυσχεραίνουσιν.

546 1197 668 1253 festi
707 1204 857 1253 sunt.

599 1215 668 1254 su
707 1215 857 1253 sunt.

607 1287 784 1360 'Nyss.
811 1305 893 1343 or.
914 1287 981 1353 ’7,
1010 1286 1088 1341 De
1113 1287 1298 1342 beatit.
1336 1318 1402 1329 —
1426 1287 1896 1355 Quemadmodum
1930 1290 2123 1344 oborta

2300 1283 2508 1356 Ὥσπερ
2543 1281 2733 1354 ὑγείας
2774 1284 3177 1359 ἐπιλαϐούσης,
3204 1290 3357 1359 νόσος
3394 1252 3728 1375 ἐξαφανίξεται,

544 1384 784 1439 sanitate
835 1381 1058 1435 morbus
1104 1380 1173 1436 de
1218 1381 1398 1436 medio
1461 1382 1689 1447 tollitur,
1734 1396 1797 1437 ac
1842 1382 1964 1437 luce
2004 1398 2118 1439 sese

2225 1376 2317 1430 καὶ
2344 1377 2524 1445 φωτὸς
2548 1378 2850 1447 φαίνοντος,
2880 1382 2979 1454 οὐχ
3014 1382 3364 1440 ὑπολείπεται
3386 1390 3578 1458 σκότος,
3603 1398 3729 1467 οὕτως

542 1483 821 1541 exerente,
877 1473 1040 1528 nulla:
1086 1483 1392 1544 supersunt
1438 1473 1828 1529 teucbrausic
1872 1475 1961 1529 ubi
2018 1490 2116 1546 pax

2225 1468 2448 1539 καὶτῆς
2500 1469 2724 1541 εἰρήνης
2751 1471 3131 1547 ἐπιφανείσης,
3184 1477 3369 1536 λύεται
3410 1483 3573 1541 πάντα
3609 1489 3663 1543 τὰ
3686 1494 3729 1548 ὲκ

540 1568 746 1633 illexit,
784 1566 918 1620 vitia
955 1563 1162 1629 omnia,
1203 1578 1326 1634 quae
1365 1580 1429 1619 ex
1461 1564 1740 1620 contrario
1786 1565 2114 1635 conﬂantur,

2223 1562 2317 1615 τοῦ
2349 1563 2596 1618 ἐναντίου
2628 1570 3001 1638 συνιστάμενα
3024 1569 3198 1642 πάθη.
3235 1573 3385 1629 Πᾶσα
3412 1577 3443 1647 ή
3471 1577 3570 1634 τῶν
3593 1584 3729 1638 κακῶν

540 1660 915 1713 evanesrunt.’
937 1654 1131 1711 Omnis
1163 1654 1430 1709 malorum
1466 1664 1689 1711 caterva
1715 1655 1914 1713 aﬂ‘ectu
1940 1658 2114 1714 chari-

1965 1658 2124 1714 1mri-
2155 1726 2195 1737 _
2226 1652 2397 1729 ἀγέλη
2428 1659 2493 1728 τῇ
2527 1657 3111 1732 ἀγαπητικῇθδιαθέσει
3149 1664 3539 1737 ὲξαφανίζεται.

563 1750 668 1802 alis
698 1749 1090 1802 exstinguitur.
2152 1726 2199 1786 Β

541 1759 668 1803 tatis
698 1759 1090 1818 exstinguitur.

608 1837 720 1893 Cha
731 1839 894 1892 ritate
911 1848 963 1892 et
988 1851 1119 1906 pace
1137 1835 1272 1890 nihil
1297 1835 1585 1892 sublimius
1615 1835 1893 1907 Scriptura
1912 1838 2115 1893 statuit.

2152 1759 2199 1786 υ

2299 1827 2411 1926 Τῆς
2429 1830 2651 1926 ἀγάπης
2665 1834 2757 1888 καὶ
2771 1837 2871 1908 τῆς
2889 1837 3116 1911 εἰρήνης
3142 1842 3293 1898 οὐδὲν
3316 1844 3567 1921 ἀνώτερον
3578 1852 3726 1926 τίθησι.

607 1930 883 1999 Chrysost.
915 1927 991 1982 De
1032 1927 1175 1998 prof.
1221 1928 1381 1997 episc.
1412 1927 1555 1982 hom.
1590 1943 1675 1994 ιιι,
1710 1927 1787 1983 De
1820 1936 1952 1984 stat.
1977 1960 2048 1970 —
2073 1929 2124 1986 Is

2298 1922 2557 1978 Τοιοῦτον
2584 1925 2694 1980 τῶν
2720 1927 3066 1997 ἀγαπώντων
3089 1931 3150 1986 τὸ
3181 1932 3332 1999 ἔθος·
3383 1938 3549 1995 πάντα
3572 1945 3631 1997 τὰ
3655 1922 3730 2002 τῶν

537 2021 841 2075 amantium
877 2034 995 2076 mos
1034 2027 1141 2088 est,
1172 2027 1233 2074 ut
1261 2034 1456 2076 eorum
1496 2034 1636 2090 quos
1663 2026 1873 2086 amant,
1906 2021 2111 2092 negotia

2224 2011 2611 2084 ἀγαπωμένων
2642 2017 2945 2088 πράγματα
2966 2018 3037 2073 δι’
3076 2021 3259 2078 αὐτῶν
3292 2025 3536 2083 ἀνύεσθαι
3569 2031 3730 2101 βούλον.

535 2114 720 2168 omnia
746 2128 844 2184 per
867 2127 927 2170 se
949 2111 1147 2168 conﬁci
1174 2112 1368 2178 velint,
1391 2126 1495 2169 nec
1523 2127 1618 2169 eos
1648 2113 1858 2184 absque
1879 2127 1940 2170 se
1959 2113 2109 2186 quid-

2224 2119 2335 2200 ται,
2369 2104 2464 2159 καὶ
2492 2106 2660 2178 μηδὲν
2678 2109 2847 2182 χωρὶς
2876 2111 3059 2167 αὐτῶν
3080 2114 3345 2182 ἐκείνους,
3387 2119 3460 2193 μή
3490 2126 3656 2194 ποιεῖν,
3679 2130 3730 2200 μὴ

535 2221 704 2277 quam
733 2206 913 2262 facere
947 2206 1030 2261 vel
1057 2203 1233 2276 loqui.

849 2220 913 2261 :re
947 2206 1030 2261 vel
1057 2203 1233 2276 loqui.
2224 2191 2423 2263 λέγειν.

596 2298 802 2369 .Ejusd.
829 2299 973 2359 hom.
998 2299 1051 2353 in
1079 2297 1268 2369 parab.
1289 2297 1467 2354 decem
1488 2300 1603 2354 mil.
1620 2302 1721 2355 tal.
1746 2331 1801 2341 —
1820 2299 2120 2357 Charitatis

2290 2289 2368 2342 -'H
2406 2290 2508 2361 τῆς
2544 2292 2770 2366 ἀγάπης
2808 2295 2972 2364 φύσις
3020 2298 3182 2371 κόρον
3221 2302 3321 2357 οὐκ
3357 2299 3514 2375 οϊδεν,
3537 2309 3636 2365 ἀλλ’
3670 2313 3729 2368 ἀεὶ

535 2401 735 2447 natura
759 2391 1070 2447 satietatem
1089 2391 1296 2448 nullam
1316 2392 1601 2462 agnoscit:
1624 2393 1759 2464 quin
1786 2392 1969 2464 potius
1991 2396 2109 2448 dum

2362 2382 2747 2456 ἀγαπωμένων
2768 2387 3138 2458 ἀπολαύουσα,
3167 2394 3308 2466 πρὸς
3333 2396 3540 2467 μείζονα
3568 2402 3728 2474 αἴρεται

533 2484 646 2540 illis
680 2500 821 2555 quos
857 2484 1060 2540 charos
1093 2483 1283 2547 habet,
1319 2496 1538 2552 semper
1581 2480 1806 2549 fruitur,
1858 2484 1913 2538 in
1949 2484 2107 2554 majo-

2220 2470 2416 2541 φλόγα.
2445 2474 2557 2528 Καὶ
2601 2474 2762 2530 τοῦτο
2787 2475 2815 2530 ό
2837 2477 3044 2550 ταύτης
3082 2480 3356 2554 τρόφιμος
3398 2485 3544 2553 εἰδὼς
3572 2470 3727 2557 Παῦλος

533 2592 649 2632 rem
692 2577 967 2630 ﬂammam
1012 2576 1273 2645 assurgit.
1302 2573 1461 2641 Quod
1499 2575 1904 2631 cum-alumnus
1940 2576 2107 2648 ipsius

2219 2562 2407 2653 ἔλεγεν
2432 2580 2447 2596 ο
2490 2584 2509 2618 ι
2548 2567 2758 2638 Μηδενὶ
2800 2569 2969 2641 μηδὲν
2996 2560 3266 2640 ὀφείλετε,
3300 2576 3350 2629 εί
3378 2579 3450 2649 μὴ
3474 2580 3528 2634 τὺ
3564 2583 3726 2653 ἀγαπᾷν

529 2666 734 2722 Paulus
760 2674 1104 2736 compertum
1140 2666 1391 2733 haberet,
1418 2665 1632 2721 aiebat:
1671 2685 1689 2716 ι
1721 2664 1937 2722 Nemini
1961 2668 2103 2737 quid

2216 2654 2503 2725 ἀλλήλους.
2530 2676 2549 2710 ι
2572 2658 2744 2715 Τοῦτο
2766 2661 2875 2731 γὰρ
2896 2660 2957 2714 τὸ
2977 2661 3201 2736 ὄφλημα
3227 2666 3313 2721 ἀεὶ
3344 2668 3440 2740 μὲν
3463 2673 3727 2729 καταὸάλλε-

528 2772 696 2827 quam
736 2755 1005 2824 debeatis,
1066 2755 1174 2811 nisi
1227 2764 1286 2810 ut
1328 2755 1566 2811 invicem
1622 2748 1888 2826 diligatis.
1931 2777 1951 2810 ι
1998 2758 2102 2813 11οι

2215 2764 2327 2817 ται,
2367 2749 2626 2806 οὐδέποτε
2664 2752 2721 2808 δὲ
2750 2754 3081 2812 ἀποδίδοται.
3128 2759 3396 2816 Ἐνταῦθα
3440 2763 3498 2818 τδ
3525 2766 3726 2838 διηνεκῶς

526 2849 674 2905 enim
726 2847 974 2903 debitum
1026 2862 1241 2916 semper
1303 2846 1526 2917 quidem
1574 2848 1866 2917 penditur;
1923 2864 2100 2906 verum

2219 2839 2407 2911 ὀφλεῖν
2461 2843 2626 2898 καλὸν
2677 2846 2769 2900 καὶ
2797 2846 3033 2901 ἐπαίνων
3063 2848 3240 2916 ἀξιον.
3289 2852 3408 2908 Ἐπὶ
3432 2854 3524 2927 μὲν
3546 2856 3635 2932 γὰρ
3650 2858 3724 2913 τῶν

528 2941 759 2997 omnino
804 2957 911 2996 non
957 2939 1313 3011 persolvitur.
1370 2940 1484 2995 lloc
1526 2940 1689 2997 modo
1725 2943 1994 3012 optimum
2029 2952 2102 3000 est

2215 2935 2536 3006 χρημάτων,
2568 2938 2697 3001 τοὺς
2730 2937 2896 3008 μηδὲν
2934 2939 3256 3010 ὀφείλοντας
3298 2946 3621 3020 ἐπαινοῦμεν,
3661 2951 3726 3004 ἐπὶ

526 3041 582 3087 et
614 3032 777 3087 laude
817 3032 1043 3102 dignum
1070 3039 1338 3101 perpetuo
1372 3032 1675 3087 debitorem
1716 3046 1865 3088 esse.
1892 3031 2100 3089 Etenim

2150 3063 2183 3121 Β
2212 3024 2269 3080 δὲ
2297 3025 2398 3098 τῆς
2423 3028 2666 3099 ἀγάπης,
2692 3033 2820 3096 τοὺς
2846 3033 3112 3105 διηνεκῶς
3141 3036 3457 3105 ὀφείλοντας
3482 3042 3724 3113 μακαρίζο-

526 3124 622 3180 ubi
644 3124 711 3179 de
742 3124 993 3195 pecuniis
1030 3124 1227 3193 agitur,
1266 3138 1364 3179 eos
1412 3124 1706 3181 laudamus
1730 3124 1821 3195 qui
1846 3126 1981 3181 nihil
2015 3130 2100 3183 de-

2218 3138 2320 3192 μεν
2339 3137 2354 3153 ο
2380 3122 2474 3176 καὶ
2500 3122 2638 3196 ὅπερ
2664 3125 3059 3199 ἀγνωμοσύνης
3085 3127 3227 3196 ἐκεῖ,
3255 3129 3409 3185 τοῦτο
3441 3131 3644 3187 ἐνταῦθα
3661 3136 3724 3188 εὐ-

525 3218 692 3273 beant
718 3230 881 3283 ;cum
910 3223 1091 3270 autem
1118 3214 1185 3269 de
1212 3214 1505 3281 charitate,
1530 3218 1719 3273 beatos
1739 3217 1954 3273 demum
1985 3220 2099 3277 illos

2212 3213 2571 3287 γνωμοσύνης
2592 3217 2819 3287 σημεῖόν
2843 3221 2982 3287 ἐστι,
3003 3220 3066 3273 τὸ
3099 3220 3373 3293 μηδέποτε
3395 3223 3666 3280 διαλύεσθαι
3684 3225 3724 3280 τὸ

523 3307 911 3377 praedicamus,
938 3305 1031 3377 qui
1064 3320 1286 3376 semper
1310 3306 1519 3362 debent
1554 3325 1568 3361 :
1601 3315 1657 3364 et
1692 3309 1838 3378 quod
1868 3311 1983 3367 illic
2019 3311 2097 3366 in-

1260 3321 1286 3359 r
1310 3306 1519 3362 debent
1554 3325 1568 3361 :
1601 3315 1657 3364 et
1692 3309 1838 3378 quod
1868 3311 1983 3367 illic
2019 3311 2106 3366 in-
2210 3304 2310 3376 ἑῆς
2343 3307 2565 3380 ἀγάπης
2591 3308 2831 3383 ὄφλημα.

519 3399 659 3468 grati
681 3386 870 3463 animi,
897 3396 988 3451 hic
1009 3395 1171 3468 355
1188 3397 1330 3467 grati
1354 3406 1407 3452 et
1427 3399 1981 3471 probiargumentum
2004 3410 2108 3471 est,

518 3492 783 3546 nimirum
818 3505 1102 3561 nunquam
1139 3489 1428 3546 charitatis
1446 3489 1691 3546 debitum
1723 3493 2033 3549 exsolvere.

590 3581 785 3653 Ejusd.
818 3582 882 3636 de
905 3598 1023 3653 gen.
1073 3581 1175 3651 fer.
1198 3592 1440 3651 paupert.
1473 3613 1541 3622 ——
1570 3581 1674 3650 Qui
1710 3578 1895 3654 pacem
1927 3587 2105 3640 omni-

2291 3588 2349 3645 '0
2381 3590 2759 3663 ἐπευξάμενος
2790 3595 3018 3668 εἰρήνην
3047 3596 3247 3668 ἅπασι,
3283 3602 3376 3658 τὸν
3414 3602 3629 3675 πόλεμον
3650 3620 3723 3657 πα·

517 3677 625 3732 bus
669 3683 952 3746 precatur,
997 3674 1045 3729 is
1085 3675 1593 3744 perturbationum,
1626 3676 1830 3731 bellum
1888 3676 2068 3749 abegit

2209 3680 2319 3737 θῶν
2351 3680 2631 3750 ἐξέϐαλεν,
2664 3685 2764 3756 τὴν
2782 3686 3064 3759 ἁμαρτίαν
3097 3690 3210 3744 τῶν
3239 3693 3457 3750 ἀτόπων
3476 3674 3719 3765 λογισμῶν,

519 3777 803 3839 peccatum
866 3775 1022 3836 puta,
1088 3781 1472 3836 perversarum
1551 3768 1955 3838 cogitationum
2014 3780 2093 3825 tu-

2205 3773 2308 3845 τὴν
2331 3777 2578 3847 ταραχήν
2601 3776 2710 3829 τῶν
2737 3776 3066 3849 ἐπιθυμιῶν,
3100 3781 3202 3853 τὴν
3228 3782 3417 3856 ζάλην,
3442 3783 3507 3839 τά
3533 3784 3719 3856 κύματα,

519 3859 773 3923 multum,
816 3858 1138 3930 procellam,
1197 3857 1420 3925 ﬂuctus,
1478 3858 1823 3931 hiememque
1888 3863 2093 3933 cupidi-

2204 3861 2297 3914 τὸν
2323 3862 2587 3933 χειμῶνα,
2606 3865 2701 3918 καὶ
2721 3865 2943 3936 λιμένος
2968 3868 3300 3941 εὐδιωτέραν
3321 3874 3417 3944 τὴν
3451 3872 3609 3946 ψυχήν
3632 3890 3722 3925 κατ·

516 3959 718 4016 tatum,
776 3959 828 4006 et
884 3950 1331 4021 tranquilliorem
1379 3951 1579 4021 quovis
1633 3960 1795 4021 pertu
1856 3954 2090 4007 animum

2205 3950 2495 4019 εσκεύασε,
2530 3953 2631 4024 τὴν
2668 3954 2883 4025 μητέρα
2923 3955 3018 4009 καὶ
3058 3957 3249 4029 κοινὴν
3277 3960 3473 4031 τροφὸν
3503 3959 3599 4014 τῶν
3622 3959 3720 4026 ἀγα-

425 4038 431 4043 ’
517 4043 790 4111 reddidit;
829 4043 1005 4114 utqui
1052 4057 1244 4113 pacem
1310 4043 1583 4098 bonorum
1625 4044 1869 4099 omnium
1902 4060 1999 4115 par

2205 4044 2315 4097 θῶν
2366 4046 2622 4100 ἁπάντων
2671 4048 2920 4119 εἰρήνην,
2966 4048 3107 4117 μετὰ
3149 4051 3353 4125 πολλῆς
3406 4054 3501 4125 τῆς
3537 4050 3724 4119 σπουδῆς

516 4153 626 4192 tem
675 4152 1136 4209 communemque
1183 4137 1477 4203 nutricem,
1512 4137 1566 4191 in
1607 4137 1821 4207 piorum
1849 4139 1946 4208 qui
1979 4153 2090 4194 eam

2203 4140 2283 4202 είς
2303 4138 2404 4211 τὴν
2452 4138 2632 4214 ψυχὴν
2664 4141 2774 4195 τῶν
2816 4141 3129 4214 δεξαμένων
3161 4144 3265 4216 τὴν
3310 4146 3529 4218 εἰρήνην
3562 4141 3722 4199 πιστῶν

516 4230 888 4300 susceperint,
918 4230 1162 4284 animum
1199 4229 1370 4284 multo
1403 4229 1588 4285 studio
1629 4230 1918 4286 invexerit.

962 4230 1162 4284 nimum
1199 4229 1370 4284 multo
1403 4229 1588 4285 studio
1629 4230 1918 4286 invexerit.
2203 4232 2536 4301 εἰσαγαγών.

587 4317 869 4389 Ejusdem,
906 4319 971 4374 de
1021 4320 1216 4373 charit.
1248 4349 1312 4360 —
1340 4317 1503 4374 Velut
1548 4333 1723 4389 neque
1761 4320 1943 4375 anima
1969 4320 2101 4377 sine

2275 4325 2487 4396 Ὥσπερ
2509 4324 2656 4397 ψυχὴ
2677 4326 2809 4380 ἄνευ
2833 4328 3086 4399 σώματος
3108 4329 3396 4402 ἄνθρωπος
3425 4330 3482 4384 οὗ
3504 4327 3721 4389 καλεῖται,

513 4427 769 4483 corpore,
825 4427 1005 4484 neque
1053 4427 1257 4484 corpus
1296 4413 1418 4468 sine
1482 4413 1686 4478 anima,
1726 4411 1961 4468 hominis
2000 4427 2087 4467 no-

2149 4435 2175 4489 )
2203 4418 2313 4471 066‘
2341 4413 2409 4472 αὖ
2441 4419 2601 4489 σῶμα
2650 4420 2779 4474 ἄνευ
2813 4421 3013 4493 ψυχῆς,
3061 4422 3236 4489 οὕτως
3267 4425 3386 4479 οὐδὲ
3423 4423 3598 4493 ἀγάπη
3622 4417 3723 4489 πρὸς

512 4521 637 4562 men
667 4506 901 4571 obtinet,
933 4505 1014 4561 sic
1039 4517 1142 4560 nec
1167 4504 1416 4560 charitas
1432 4518 1560 4575 erga
1597 4503 1792 4569 Deum,
1823 4503 1929 4559 nisi
1959 4503 2086 4559 cha-

2201 4509 2357 4572 Θεὸν,
2396 4512 2495 4565 ἐὰν
2526 4511 2601 4583 μὴ
2630 4511 2729 4585 ἔχῃ
2770 4513 3069 4569 ἀκόλουθον
3104 4516 3202 4570 καὶ
3231 4517 3335 4588 τὴν
3359 4516 3489 4589 πρὸς
3515 4514 3596 4567 τὸν
3617 4511 3722 4579 πλη·

510 4601 728 4657 ritatem
779 4612 912 4671 erga
962 4596 1276 4667 proximum
1310 4596 1567 4651 comitem
1598 4594 1820 4658 habeat,
1851 4595 2084 4650 charitas

2202 4603 2316 4658 σίον
2345 4605 2588 4677 ἀγάπην,
2636 4607 2698 4659 ού
2736 4608 2997 4678 τυγχάνει
3048 4610 3242 4680 ἀγάπη
3262 4627 3276 4640 ·
3307 4609 3416 4664 οὐδ’
3443 4605 3505 4663 αὖ
3542 4602 3721 4670 πάλινή

507 4692 740 4749 dicenda
773 4692 901 4749 erit.
935 4688 1047 4745 Nec
1097 4704 1294 4745 rursus
1323 4687 1566 4743 charitas
1599 4703 1727 4759 erga
1757 4688 2081 4758 proximum.

2202 4696 2341 4767 πρὸς
2361 4696 2455 4751 τὸν
2487 4699 2719 4770 πλησίον
2752 4700 2966 4772 ἀγάπη,
2988 4701 3084 4757 ἐὰν
3111 4702 3188 4774 μὴ
3209 4701 3311 4776 ἔχῃ
3340 4703 3439 4775 τὴν
3461 4700 3587 4771 πρὸς
3605 4693 3719 4755 Θεδνν

508 4785 800 4862 οὶιιιτίιιιιίε
848 4798 1051 4840 nomen
1085 4782 1226 4837 tueri
1288 4782 1489 4852 possit,
1524 4778 1634 4835 nisi
1677 4780 1923 4835 charitas
1965 4795 2082 4852 erg:1

2201 4783 2262 4835 ού
2295 4785 2541 4838 καλεῖται
2569 4787 2781 4858 ἀγάπη.
2809 4788 2901 4843 Διὸ
2926 4790 3156 4847 σπάνιον
3184 4790 3334 4847 ἔστιν
3363 4792 3535 4863 εὑρεῖν
3553 4783 3721 4842 τελείαν

510 4876 678 4931 Deum
742 4874 1062 4931 accesserit.
1120 4872 1494 4941 Quamobrem
1542 4871 1790 4944 perfecta
1848 4871 2097 4927 charitas
2200 4875 2446 4947 ἀγάπην.

510 4982 634 5022 raro
655 4966 887 5022 inveniri
922 4974 1121 5036 potest.

579 5056 775 5128 Ejusd.
803 5087 874 5101 -
912 5057 1241 5124 Quicunque
1278 5056 1448 5126 igitur
1498 5057 1566 5113 de
1615 5055 1800 5124 Patre,
1833 5064 1888 5112 et
1930 5055 2093 5126 Filio,

2272 5054 2428 5107 Ὅσοι
2459 5055 2641 5108 τοίνυν
2692 5055 2992 5126 ὀρθοδόξως
3051 5060 3311 5131 φρονοῦσι
3373 5058 3498 5132 περὶ
3534 5052 3718 5127 Πατρδςι

508 5156 563 5204 et
595 5147 807 5219 Spiritu
852 5155 1051 5203 sancto
1104 5155 1254 5201 recte
1284 5152 1552 5212 sentiunt,
1584 5163 1649 5202 ac
1676 5154 1939 5217 praeterea
1970 5163 2082 5202 mu-

2198 5145 2295 5198 καὶ
2321 5143 2477 5209 Υἱοῦ,
2504 5146 2604 5199 καὶ
2640 5146 2798 5215 ἀγίου
2835 5149 3177 5220 Πνεύματος,
3206 5153 3302 5207 καὶ¹
3333 5152 3431 5225 τὴν
3479 5151 3553 5215 είς
3592 5144 3720 5214 ἀλλή-

510 5251 657 5297 tuam
703 5241 847 5296 inter
900 5254 962 5295 se
993 5240 1346 5296 dilectionem
1397 5248 1645 5308 servant,
1696 5241 1751 5296 hi
1793 5241 2084 5312 perfectam

2195 5237 2321 5300 λους
2343 5237 2611 5306 φυλάττου
2621 5256 2703 5291 σιν
2731 5240 2976 5310 ἀγάπην,
2995 5234 3144 5296 οὗτοι
3174 5243 3465 5314 κέκτηνται
3483 5242 3540 5294 τὸ
3556 5238 3721 5293 τέλειον

507 5335 836 5389 charitatem
898 5332 1128 5387 habent.
1185 5332 1443 5389 Charitas
1502 5332 1721 5389 Patrem
1773 5334 2081 5399 conﬁtetur,

2195 5329 2297 5401 τῆς
2327 5331 2570 5399 ἀγάπης.
2616 5331 2834 5402 Ἀγάπη
2863 5334 3088 5406 Πατέρα
3130 5336 3403 5405 ὁμολογεῖ,
3435 5334 3554 5389 Υίδν
3587 5342 3720 5400 πρω-

507 5425 703 5479 Filinm
767 5423 986 5489 adorat,
1018 5422 1282 5492 Spiritum
1335 5430 1589 5479 sanctum
1626 5423 1918 5495 glariﬂcat.
1951 5424 2081 5478 Chal

2195 5425 2375 5489 κυνεῖ,
2407 5424 2501 5479 καὶ
2532 5423 2595 5478 τὸ
2632 5424 2790 5494 ἅγιον
2819 5425 3044 5498 Πνεῦμα
3083 5428 3377 5498 δοξολογεϊ.
3421 5426 3500 5496 ’Ἇιι
3514 5429 3612 5494 ἀπη
3645 5418 3720 5489 τὴν

506 5516 644 5572 ritas
691 5514 980 5569 Trinitatis
1009 5514 1363 5569 concordiam
1416 5530 1523 5571 non
1565 5516 1799 5570 dirimit.
1830 5516 2080 5572 Charitas

2197 5516 2518 5586 συμφωνίαν
2543 5518 2643 5589 τῆς
2666 5518 2898 5589 Τριάδος
2918 5519 2981 5572 οὐ
3009 5518 3232 5593 διαιρεῖ.
3277 5519 3484 5590 Ἀγάπη
3518 5511 3719 5585 ἀγγέλων

505 5607 825 5681 angelorum
875 5608 1083 5663 sodalis
1112 5617 1218 5672 est,
1252 5609 1698 5676 patriarcharum
1726 5608 2079 5674 collactanea1

2197 5607 2448 5680 σύμϐιος,
2475 5610 2731 5682 πατέρων
2777 5614 3096 5685 σύντροφος,
3137 5614 3432 5688 προφητῶν
3476 5611 3715 5679 σύσκηνοςι

505 5699 889 5769 prophetarum)
923 5702 1359 5769 contubernalis,
1416 5700 1741 5758 certaminis
1777 5710 2079 5771 martyrum

2199 5702 2494 5774 μαρτύρων
2538 5705 2820 5772 σύναολος,
2871 5708 3186 5764 ἀποστόλων
3213 5708 3488 5777 σύγχορος,
3525 5696 3710 5756 Ἐκκλη’
