3986 6418
267 414 384 499 1201

1516 419 1751 479 SACRA
1790 417 2234 478 PARALLELA

3384 414 3529 479 1202‘

264 541 382 591 σιας
409 526 726 597 σύνδεσμος.
770 527 1001 598 ’Λγάπην
1021 528 1261 598 πόλεμον
1291 527 1410 581 οὐκ·
1438 524 1603 593 οἶδεν,
1639 529 1834 601 ἐχθρὸν

1960 541 2146 589 :omes,
2197 526 2574 596 apostolorum
2624 524 2775 579 chori
2796 525 2977 589 socia,
3014 524 3295 579 vinculum
3333 524 3517 585 Eccle-

262 619 356 672 οὐκ
402 617 540 689 ἔχει,
565 619 794 689 εἰρήνην
833 618 1149 689 πρεσϐεύει.
1182 618 1394 689 Ἀγά-πη
1433 621 1690 688 φονικοὺς
1739 620 1833 674 θυ-

265 709 396 782 μοὺς
441 709 695 780 πραύνει,
736 710 988 779 λογικοὺς
1034 710 1200 774 λαοὺς
1250 711 1530 782 σεμνύνει.
1611 712 1829 783 ’Δγάπη

261 804 316 856 ἐν
356 795 438 872 τῷ
469 801 663 872 κόσμῳ
717 800 793 873 μὴ
829 802 1101 873 χωροῦσα,
1144 803 1239 857 καὶ
1267 804 1327 858 ὲν
1373 807 1601 875 ταπεινῇ
1634 804 1836 877 καρδίᾳ

259 888 612 944 κατοικοῦσα.
650 890 867 961 ’Δγάπη
921 891 1140 961 μέλιτος
1180 892 1278 947 καὶ
1315 892 1587 961 γάλακτος
1628 894 1833 962 γλυκυ-

261 980 412 1050 τέρα,
440 980 475 1051 ὴ
504 979 780 1052 μὴμόνον
805 982 865 1035 ὲν
908 981 987 1053 τῷ
1030 984 1261 1052 στόματι
1297 982 1363 1037 τὸ
1392 983 1565 1052 γλυκὺ
1613 983 1833 1054 ἔχουσα,

261 1071 393 1126 ἀλλά
431 1072 492 1125 ὲν
555 1070 653 1142 τῷ-
677 1071 834 1143 βάθει
879 1072 982 1143 τῆς
1028 1073 1257 1145 καρδίας
1298 1074 1499 1144 τδιὴδὺ·
1546 1075 1834 1145 κέκτηται.

274 1163 488 1233 ’Δγάπη
528 1163 563 1233 ἡ
616 1163 839 1218 πάντων
869 1165 1113 1237 ἁρμογὴ,
1145 1165 1215 1219 δι’
1271 1160 1342 1239 ἧς
1396 1166 1697 1238 συνέστηκε
1737 1168 1837 1237 μὲν

260 1254 327 1308 τά
358 1254 603 1322 ἐπίγεια,
651 1253 802 1320 αὔξει
833 1256 891 1310 δὲ
921 1256 991 1310 τὰ
1037 1257 1282 1328 οὐράνια.
1316 1258 1553 1327 Ἀγάπη,
1599 1258 1669 1312 δι’
1698 1257 1766 1330 ἢν
1810 1261 1839 1313 ό

261 1343 393 1407 Θεὸς
412 1344 506 1399 τὸν
533 1344 730 1399 ἑαυτοῦ
757 1347 888 1400 Υἰὸν
907 1347 1228 1402 ἀπέστειλεν
1243 1351 1323 1412 εἰς
1350 1348 1443 1402 τὸν
1472 1350 1678 1422 κόσμον
1699 1350 1839 1422 ὑπὲρ

263 1435 453 1507 ἡμῶνο
487 1436 631 1491 ὥστε
661 1439 753 1493 τὸν
787 1439 921 1494 Υἱὸν
945 1440 1115 1496 αὑτοῦ
1164 1441 1259 1495 τὸν
1313 1442 1581 1513 μονογενῆ
1635 1442 1838 1501 ἔδωκεν

262 1527 343 1590 εἰς
374 1524 468 1581 τδν
496 1528 704 1600 κόσμον
731 1529 874 1601 ὑπὲρ
928 1531 1107 1602 ἡμῶν.
1161 1533 1378 1603 ’Μάπη
1414 1532 1485 1587 τά
1520 1533 1691 1604 ζεύγη
1733 1533 1842 1588 τῶν

263 1617 510 1691 ἀρότρων
538 1620 863 1692 όμοφρόνως
900 1621 981 1692 τῷ
1018 1622 1164 1695 ξύλῳ
1185 1623 1280 1677 τοῦ
1320 1626 1557 1697 σταυροῦ
1605 1625 1842 1691 ὑπέζευ-

265 1709 380 1775 ξεν·
408 1710 690 1775 κινδύνους
725 1712 785 1766 δὲ
812 1715 958 1769 κατά
979 1717 1085 1785 γῆν
1115 1715 1210 1769 καί
1232 1715 1511 1772 Θάλασσαν
1546 1718 1841 1789 ὑπομένειν

265 1801 519 1869 ἐδίδαξεν.
590 1802 804 1876 Ἀγάπη
871 1804 1159 1878 μάρτυρας
1217 1806 1452 1870 τελειοῖ.
1506 1809 1844 1876 ἀποστόλους

267 1867 541 1961 στεφανοῖ.
570 1867 999 1966 ’Δηίάπη’ἄλλον,
1023 1867 1098 1960 ὧς
1124 1867 1318 1952 ἑαυτὸν
1346 1867 1469 1970 όρᾷ,
1499 1900 1598 1953 καὶ
1624 1900 1693 1954 τὰ
1733 1867 1844 1957 ἴδια
1874 1867 1919 1922 Β

266 1981 423 2036 κοινά
452 1984 620 2038 πᾶσιν
659 1986 901 2055 ἡγεῖται.
943 1985 1158 2058 ’Δγάπη
1187 1986 1287 2058 τὴν
1321 1987 1532 2044 ἔνδειαν
1570 1990 1668 2045 τοῦ
1707 1991 1845 2063 πλη-

269 2072 382 2127 σίον
410 2075 687 2147 μέριμναν
716 2076 856 2131 ἰδίαν
883 2077 1121 2148 τίθησιν.
1160 2079 1376 2152 ’Δγάπη
1415 2081 1604 2153 κοινὴν
1633 2084 1844 2155 τράπε-

269 2161 370 2229 ζαν
398 2166 562 2218 πᾶσιν
594 2166 736 2238 ἱστᾷ,
764 2168 1002 2241 πλουσίῳ
1031 2186 1090 2222 τε
1121 2171 1216 2223 καὶ
1247 2171 1463 2243 πένητι,
1493 2173 1644 2246 σοφῷ
1659 2192 1718 2228 τε
1749 2177 1846 2230 καὶ

274 2254 486 2326 ἰδιώτῃ.
520 2257 735 2329 Ἀγάπη
764 2259 865 2331 τὴν
906 2262 1365 2334 πεπικρασμένην
1413 2265 1594 2336 ψυχὴν
1618 2266 1847 2334 γλυκαί-

271 2363 374 2414 νει,
401 2348 502 2416 τὴν
519 2349 890 2424 τεθλιμμένην
910 2352 1229 2424 θεραπεύει,
1252 2354 1352 2427 τὴν
1368 2361 1848 2434 τεταπεινωμένην

275 2437 601 2495 ἀναϐάλλειν
648 2447 811 2499 ποιεῖ.
870 2446 1083 2520 ’Δγάπη
1122 2449 1387 2503 ἄσϐεστον
1429 2450 1690 2522 λαμπάδα
1746 2453 1849 2523 τῆς

271 2528 575 2600 παρθενίας
606 2535 918 2608 περιφέρει,
946 2541 1041 2593 καὶ
1067 2541 1190 2607 τοὺς
1225 2541 1389 2607 ἰδίους
1423 2543 1848 2616 περιεργάζεται

272 2619 535 2693 ζητοῦσα.
575 2624 791 2699 Ἀγάπη
831 2629 932 2694 τὰς
958 2632 1060 2702 τῆς
1091 2632 1373 2704 βασιλείας
1417 2634 1588 2707 θύρας
1616 2636 1847 2706 ἀνοίγει,

270 2709 518 2775 καὶτοὺς
552 2712 612 2767 ὲν
642 2715 828 2788 σεμνῷ
857 2719 1023 2790 γάμῳ
1057 2719 1307 2792 βιοῦντας
1344 2723 1607 2778 εἰσελθεῖν
1643 2727 1706 2779 ού
1739 2743 1850 2780 κω-

269 2800 411 2856 λύει.
448 2801 666 2877 Ἆγάπη
694 2807 795 2878 τὴν
828 2807 1205 2881 ἐλεημοσύνην
1243 2811 1407 2881 φιλεῖ,
1442 2813 1539 2867 καὶ
1573 2813 1652 2886 τῷ
1678 2814 1854 2869 ταῦτα

268 2894 507 2965 γεωργῷ
558 2897 859 2967 στεφάνους
911 2904 1245 2972 χρυσαυγεῖς
1291 2903 1597 2975 ἑτοιμάζει.
1635 2906 1850 2978 Ἀγάπη

269 2984 664 3058 ὑπερηφάνους
689 2986 976 3058 οὐκ“οἰδεν,
1005 2996 1298 3059 ταπεινοὺς
1332 2995 1390 3049 δὲ
1419 2996 1663 3067 δοξάζει.’
1688 2998 1852 3068 Ἀγά-

269 3095 354 3148 πη
394 3081 726 3151 κακολογίαν
755 3081 972 3154 φεύγει,
1004 3085 1255 3156 εὐλογίαν
1280 3086 1338 3141 δὲ
1367 3076 1605 3159 στέργει.
1637 3090 1854 3161 Ἀγάπη

1937 621 2050 675 siae.
2112 618 2372 673 Charitas
2422 617 2622 673 bellum
2684 617 2882 677 nescit,
2918 616 3079 671 hoste
3110 626 3288 679 caret,
3324 632 3512 685 pacem

1936 710 2222 765 conciliat.
2274 708 2528 765 Charitas
2573 707 2818 762 furentes
2859 707 2913 760 in
2941 706 3144 762 caedem
3175 708 3393 762 animos
3416 708 3520 760 mi-

1937 801 2100 871 tigat,
2130 800 2346 854 ratione
2383 798 2644 869 praeditos
2697 796 2929 867 populos
2975 806 3228 851 exornat.
3265 797 3551 853 Charitas.

1937 892 2096 961 cujus
2142 906 2315 961 capax
2345 906 2452 945 non
2493 898 2578 945 est
2602 889 2862 953 mundus,
2885 888 2939 941 in
2972 888 3164 941 humili
3205 888 3374 945 corde
3402 888 3506 943 dn-

1940 983 2205 1038 micilium
2227 981 2416 1039 habet.
2439 978 2694 1035 Charitas
2738 978 2895 1033 melle
2920 980 3116 1048 quovis
3136 987 3191 1032 et
3218 981 3359 1034 lacte
3392 979 3518 1033 dul-

1940 1076 2062 1131 cior
2094 1083 2179 1131 est
2210 1093 2222 1128 :
2256 1073 2532 1143 siquidem
2587 1072 2682 1127 illa
2738 1086 2850 1126 non
2886 1070 2943 1125 in
2975 1070 3296 1133 orersolum,
3327 1087 3516 1125 verum

1940 1167 2110 1223 etiam
2145 1165 2200 1219 in
2232 1164 2431 1219 intimo
2466 1171 2692 1235 pectore
2741 1161 3086 1219 dulcedinem
3112 1161 3298 1216 habet.
3329 1158 3551 1216 Chari--

1939 1267 2025 1314 tas
2075 1257 2324 1312 omnium
2392 1269 2578 1311 rerum
2631 1268 2939 1324 compages
2969 1261 3054 1309 est
3092 1270 3107 1307 :
3139 1267 3238 1322 per
3274 1267 3437 1323 quam
3468 1261 3522 1307 et

1940 1357 2159 1404 terrena
2206 1347 2504 1412 cohaerent,
2563 1356 2619 1401 et
2643 1345 2889 1402 caelestia
2942 1338 3342 1399 incrementum
3378 1343 3526 1396 acci-

1940 1440 2124 1512 piunt.
2167 1438 2429 1495 Charitas
2478 1438 2601 1509 ipsa
2653 1446 2760 1503 est,
2824 1436 2895 1492 ob
2926 1451 3095 1507 quam
3152 1435 3296 1490 Deus
3322 1433 3521 1512 Filium

1942 1547 2106 1588 suum
2139 1530 2294 1587 misit
2326 1531 2383 1586 in
2427 1508 2694 1586 mundum
2726 1545 2739 1581 :
2773 1530 2849 1583 ita
2877 1535 2937 1583 ut
2971 1526 3170 1582 Filium
3204 1543 3364 1584 suum
3401 1508 3523 1581 tini-

1943 1625 2191 1696 genitum
2242 1624 2298 1679 in
2352 1623 2617 1679 mundum
2671 1638 2773 1694 pro
2816 1622 2974 1678 nobis
3003 1621 3238 1677 dederit.
3267 1619 3523 1676 Charitas

1944 1716 2114 1772 aratri
2137 1716 2272 1787 juga
2303 1716 2485 1772 crucis
2536 1715 2686 1786 ligno
2711 1715 3006 1771 concordia
3063 1713 3318 1784 subjecit,
3355 1720 3525 1782 etpe-

1945 1808 2122 1864 ricula
2153 1815 2303 1864 terra
2334 1808 2587 1879 marique
2635 1808 2827 1864 subire
2862 1806 3071 1863 docuit.
3099 1805 3358 1861 Charitas
3372 1818 3521 1857 mari

1930 1892 2097 1972 ‘tyres
2136 1898 2375 1969 perﬁcit,
2402 1914 2626 1955 corona
2666 1899 2891 1957 redimit
2935 1899 3240 1971 apostolos.
3273 1898 3528 1953 Charitas

1947 1992 2263 2064 proximum
2321 1991 2474 2047 velut
2527 1993 2770 2064 seipsum
2811 1998 3127 2057 contuetur,
3184 2005 3249 2045 ac
3301 1988 3557 2061 propria!-

1949 2097 2214 2157 tanquam
2273 2085 2538 2141 omnibus
2562 2084 2879 2140 communia
2934 2084 3240 2140 existimat.
3275 2081 3559 2137 Charitas.

1948 2186 2251 2250 egestatem
2328 2177 2562 2247 proximi
2615 2175 3007 2232 sollicitudinis
3056 2191 3168 2231 suae
3204 2174 3365 2229 linem
3420 2180 3531 2225 sta-

1951 2249 2082 2326 tuit.
2117 2268 2379 2326 Charitas
2399 2281 2749 2325 communem
2782 2267 3047 2322 omnibus
3074 2280 3325 2322 mensam
3344 2262 3529 2334 ponit;
3605 2249 3611 2256 ’

1951 2363 2059 2417 hoc
2117 2368 2223 2428 est,
2277 2368 2391 2415 tant
2461 2360 2641 2425 diviti,
2673 2374 2838 2431 quam
2886 2358 3140 2431 pauperi,
3170 2364 3281 2411 tam
3341 2356 3528 2416 docto,

1948 2467 2115 2525 quam
2144 2451 2387 2507 indocto.
2419 2450 2672 2508 Charitas
2734 2450 3118 2507 exacerbatum
3150 2448 3392 2503 animum
3426 2443 3498 2498 mi
3518 2473 3531 2484 -

1951 2546 2108 2616 ligat,
2161 2556 2486 2613 oppressum
2529 2541 2749 2607 delinit,
2786 2542 3059 2612 deiectum
3095 2538 3279 2610 erigit,
3307 2552 3372 2592 ac
3391 2536 3535 2591 vire-

1952 2644 2199 2693 scentem
2244 2634 2445 2691 reddit.
2497 2629 2755 2691 Charitas
2818 2631 3320 2703 inexstinguibilem
3367 2628 3535 2698 virgi-

1955 2726 2143 2783 nitatis
2195 2724 2500 2798 lampadem
2560 2724 2974 2795 circumgestat,
3002 2737 3067 2778 ac
3095 2734 3312 2778 summo
3351 2717 3536 2775 studio

1953 2816 2231 2888 conquirit
2297 2832 2450 2873 suos.
2504 2815 2762 2872 Charitas
2797 2804 2979 2886 'regni
3038 2822 3226 2884 portas
3256 2808 3451 2882 aperit,
3481 2813 3537 2862 et

1954 2925 2050 2967 eos
2099 2909 2196 2974 qui
2255 2910 2489 2965 honesto
2545 2906 2830 2964 connubio
2876 2906 3090 2970 vivunt,
3134 2905 3390 2975 ingressu
3420 2914 3545 2955 non

1956 3011 2126 3062 arcet.
2188 3002 2446 3061 Charitas
2495 3001 2903 3075 eleemosynam
2961 3003 3129 3062 amat,
3160 3005 3215 3052 et
3244 2992 3539 3049 rutilantes

1958 3112 2097 3152 auro
2152 3111 2391 3153 coronas
2440 3110 2541 3151 suo
2590 3091 2790 3149 cultori
2824 3096 3003 3162 parat.
3054 3086 3313 3144 Charitas
3360 3082 3541 3140 nescit

267 3170 448 3269 ἄνδρα
489 3172 598 3269 ’καὶ
652 3177 891 3244 γυναῖκα
950 3176 1115 3248 γάμῳ
1173 3179 1547 3248 συναφθέντας
1607 3183 1853 3251 ὁμονοεῖν

1961 3188 2256 3260 superbos,
2304 3186 2547 3242 humiles
2596 3184 2856 3239 honorat.
2895 3179 3149 3237 Charitas
3200 3174 3538 3231 maledicen—

269 3262 660 3334 συμϐουλεύει,
695 3266 1027 3338 χωρίζεσθαι
1067 3268 1125 3322 δὲ
1157 3268 1254 3323 ἀπ’
1311 3271 1557 3342 ἀλλήλων
1602 3272 1855 3327 οὐδέποτε

269 3352 443 3408 θέλει.
480 3355 695 3429 Ἆγάπη
740 3358 868 3423 τοὺς
910 3360 1156 3431 πατέρας
1189 3361 1365 3430 φιλεῖν
1397 3366 1467 3417 τὰ
1513 3363 1679 3418 τέκνα
1719 3382 1858 3436 προσ-

267 3445 565 3518 τρέπεται,
601 3449 698 3503 καὶ
725 3449 795 3504 τὰ
822 3449 989 3505 τέκνα
1014 3450 1287 3507 δουλεύειν
1314 3452 1391 3517 ὡς
1422 3453 1715 3520 δεσπόταις
1743 3460 1859 3521 τοῖς

269 3536 550 3606 γονεῦσιν.
568 3539 784 3611 ’Δγάπη
814 3542 942 3605 τοὺς
960 3542 1227 3608 δεσπότας
1249 3543 1372 3615 ὲλεή
1382 3561 1547 3615 μονας
1563 3542 1703 3601 εἶναι
1722 3547 1860 3620 πρὸς

266 3627 407 3690 τοὺς
427 3627 648 3694 οἰκέτας
669 3632 1004 3701 παρακαλεῖ,
1035 3632 1130 3688 καὶ
1157 3635 1284 3699 τοὺς
1318 3635 1537 3701 οἰκέτας
1563 3637 1860 3710 ὑπουργεῖν

270 3719 397 3783 τοῖς
428 3717 726 3787 δεσπόταις
746 3721 953 3788 ἀδόλως
973 3725 1273 3799 παραινεῖ..

353 4009 649 4085 Πολλαχῶς
667 4012 859 4087 ἀγάπη
884 4018 1107 4084 νοεῖται,
1132 4018 1223 4075 διὰ
1249 4019 1582 4092 πραότητος,
1604 4022 1697 4077 διὰ
1727 4039 1865 4094 χρη-

279 4099 566 4169 στότητος,
602 4103 671 4157 δι’
706 4105 1006 4178 ὑπομονῆς.
1034 4108 1124 4165 διὰ
1166 4108 1434 4179 ἀφθονίας
1472 4112 1568 4166 καὶ
1600 4110 1857 4183 ἀζηλίας,

272 4192 352 4245 δι’
381 4193 811 4265 ἀμνησικακίας.
860 4198 1184 4273 ’Δμέριστός
1223 4203 1372 4257 ἐστιν
1412 4204 1471 4259 ὲν
1501 4204 1662 4271 πᾶσι,
1707 4204 1866 4261 ἀδιά-

276 4297 475 4354 κριτος
504 4289 827 4360 κοινωνικὴ.

1960 3277 2093 3333 tiam
2150 3277 2310 3349 fugit,
2371 3273 2826 3332 benedicentiam
2860 3271 3233 3341 amplexatur.
3275 3265 3540 3320 Charitas

1959 3369 2137 3424 virum
2193 3378 2248 3426 et
2276 3369 2564 3423 mulierem
2593 3363 2859 3422 connubii
2905 3375 3053 3416 nexu
3112 3355 3400 3428 copulatos
3436 3351 3538 3406 ad-

1961 3467 2150 3515 monet
2198 3469 2259 3514 ut
2289 3457 2652 3514 concordiam
2683 3454 2904 3517 colant,
2924 3464 3028 3506 nec
3055 3447 3172 3502 vult
3202 3445 3273 3500 ab
3304 3442 3539 3498 invicem

1961 3550 2199 3622 sejungi.
2239 3549 2496 3606 Charitas
2521 3554 2728 3619 patres,
2751 3551 2813 3600 ut
2840 3548 3024 3598 ament
3058 3538 3220 3602 ﬁlios,
3251 3536 3540 3589 hortatur:

1962 3640 2106 3698 ﬁlios
2129 3649 2333 3709 autem,
2361 3648 2419 3696 ut
2440 3638 2968 3711 patribustanquam
3000 3628 3239 3687 dominis
3272 3625 3541 3684 serviant.

1963 3732 2221 3790 Charitas
2257 3732 2519 3788 dominos
2572 3736 2747 3803 rogat-
2774 3734 2834 3783 ut
2891 3724 3086 3781 faciles
3118 3737 3178 3778 se
3222 3727 3280 3776 et
3333 3716 3549 3774 miseri-

1963 3824 2160 3881 cordes
2223 3822 2446 3879 famulis
2479 3822 2767 3895 praebeant
2800 3838 2814 3875 :
2853 3833 2920 3874 ac
2976 3829 3174 3873 rursus
3204 3825 3396 3871 servos
3426 3824 3547 3865 mo-

1967 3922 2062 3971 net
2108 3923 2169 3969 ut
2199 3914 2350 3971 heris
2378 3915 2500 3971 suis
2536 3915 2660 3970 sine
2689 3913 2819 3968 luco
2844 3925 2908 3966 ac
2938 3908 3133 3965 fraude
3165 3903 3435 3962 serviant.

2032 4004 2202 4077 356
2214 4005 2382 4062 Clem.
2417 4005 2573 4062 Alex.
2604 4020 2641 4060 ιι
2669 4004 2872 4061 Strom.
2894 4031 2965 4042 -—
2994 3998 3181 4055 Multis
3205 3994 3389 4052 modis
3412 3993 3549 4047 cha-

1965 4096 2102 4152 ritas
2119 4096 2475 4168 perspicitur,
2502 4096 2761 4152 nimirum
2792 4109 2891 4166 per
2921 4092 3231 4154 lenitatem,
3266 4101 3366 4157 per
3393 4083 3548 4140 beni-

1965 4188 2257 4258 gnitatem,
2294 4202 2391 4258 per
2421 4187 2766 4259 patientiam,
2791 4199 2892 4257 per
2914 4182 3083 4239 animi
3103 4177 3447 4236 affectionem
3480 4173 3550 4228 ab

1965 4278 2116 4332 omni
2169 4278 2343 4335 livore
2404 4289 2459 4335 et
2489 4277 2699 4334 invidia
2767 4276 3020 4338 liberam,
3076 4266 3547 4342 per~oblivionem

1968 4370 2320 4441 iniuriarum.
2358 4370 2603 4441 Simplex
2652 4375 2737 4426 est
2780 4368 2838 4423 in
2870 4364 3151 4430 omnibus,
3184 4367 3242 4417 et
3260 4358 3397 4416 sine
3432 4355 3551 4411 dis-

1968 4464 2200 4520 crimine
2226 4452 2618 4521 communicat.

361 4535 574 4608 Τρισσά
600 4539 717 4613 εἴδη
771 4541 956 4614 φιλίας
1007 4544 1399 4620 διδασκόμεθα,
1433 4549 1528 4604 καὶ
1572 4549 1779 4606 τούτων
1809 4551 1853 4606 τί

2049 4554 2195 4610 Ibid.
2220 4586 2291 4598 —
2325 4557 2457 4610 Tria
2516 4568 2642 4610 esse
2671 4547 2931 4606 amicitiae
2958 4558 3165 4619 genera
3197 4540 3498 4598 didicimus
3532 4553 3547 4591 :

280 4627 393 4700 μὲν
430 4632 647 4702 πρῶτον
681 4635 776 4689 καὶ
814 4635 1062 4706 ἄριστον,
1093 4639 1152 4693 τὸ
1205 4641 1325 4695 κατ’
1376 4642 1578 4715 ἀρετήν
1605 4659 1620 4676 ο
1660 4645 1867 4718 στερρά

274 4720 400 4791 γὰρ
422 4723 457 4794 ή
486 4725 551 4778 ἐκ
582 4724 743 4795 λόγου
786 4727 1009 4802 ἀγάπη·
1046 4730 1108 4785 τὸ
1136 4731 1194 4785 δὲ
1239 4733 1494 4805 δεύτερον
1528 4736 1625 4790 καὶ
1680 4736 1868 4808 μέσον,

274 4809 352 4863 τὸ
380 4812 503 4865 κατ’
531 4815 768 4888 ἀμοιϐήν
789 4833 803 4849 ·
828 4820 1146 4873 κοινωνικὸν
1164 4820 1347 4891 τοῦτο,
1369 4825 1476 4879 καὶ,
1493 4826 1868 4894 μεταδοτικὸν,

278 4902 389 4957 καὶ
424 4904 723 4976 βιωφελέςθ
764 4910 921 4982 κοινὴ
946 4911 1056 4981 γὰρ
1088 4912 1472 4984 ἡεύχάριστος
1498 4914 1668 4985 φιλία.
1708 4917 1782 4970 Τὸ
1813 4916 1871 4970 δὲ

279 4992 527 5050 ὕστατον
548 4997 655 5052 καὶ
677 4998 880 5070 τρίτον,
927 5001 1092 5073 ἡμεῖς
1122 5001 1223 5073 μὲν
1259 5002 1321 5056 τὸ
1348 5005 1413 5057 ἐκ
1444 5004 1735 5077 συνηθείας
1762 5024 1869 5075 φα-

284 5086 419 5159 μὲν,
448 5090 498 5143 οί
535 5090 593 5144 δὲ
618 5091 881 5164 Ἕλληνές
926 5109 1082 5163 φασι,
1130 5093 1191 5147 τὸ
1236 5094 1362 5149 καθ’
1405 5094 1600 5167 ἡδονὴν
1636 5098 1871 5169 τρεπτὸν

279 5184 391 5238 καὶ
422 5184 781 5257 μετάϐλητον.
818 5185 1029 5243 Οὐκοῦν
1060 5187 1096 5258 ἡ
1133 5187 1237 5258 μέν
1281 5186 1367 5252 τίς
1418 5188 1536 5242 ἐστι
1579 5187 1870 5260 φιλοσόφου

281 5276 471 5347 φιλία,
503 5280 538 5351 ἡ
566 5278 624 5333 δὲ
658 5278 972 5352 ἀνθρώπου,
997 5282 1031 5351 ὴ
1059 5280 1118 5334 δὲ
1147 5279 1311 5347 ζώου.

1977 4661 2214 4718 quorum
2280 4646 2520 4716 primum
2575 4653 2629 4698 et
2696 4636 3216 4713 praestantissimum
3260 4632 3318 4686 in
3346 4630 3551 4685 virtute

1979 4739 2218 4811 positum
2252 4749 2356 4795 est.
2387 4737 2573 4792 Firma
2604 4734 2807 4806 quippe
2851 4729 3075 4786 dilectio
3108 4732 3217 4788 est,
3258 4736 3427 4794 quam
3459 4734 3553 4773 ra-

1977 4832 2057 4886 tio
2110 4830 2394 4885 conciliat.
2429 4828 2748 4885 Secundum
2798 4832 2854 4880 et
2886 4820 3155 4883 medium,
3188 4817 3241 4870 in
3269 4830 3336 4869 eo
3369 4826 3552 4867 versa-

1979 4930 2090 4987 tur,
2124 4930 2185 4976 ut
2218 4922 2362 4976 inter
2397 4937 2500 4977 nos
2556 4918 2806 4974 vicissim
2846 4911 3341 4970 communicemus.
3377 4906 3585 4973 Atque,

1982 5015 2086 5068 hoc
2133 5028 2365 5084 quoque
2415 5011 2642 5067 liberale
2667 5019 2776 5073 est,
2804 5004 3134 5066 beneﬁcum,
3166 5006 3335 5069 atque
3366 4996 3435 5050 ad
3470 4992 3557 5046 vi-

1978 5114 2088 5162 tam
2126 5106 2385 5187 tuendam
2404 5106 2563 5161 utile.
2597 5100 2924 5159 Communis
2951 5097 3157 5168 quippe
3174 5099 3270 5148 est
3291 5088 3553 5150 amicitia,

1978 5196 2379 5253 beneﬁciorum
2410 5209 2641 5252 memor.
2670 5192 2927 5249 Tertium
2959 5203 3025 5244 ac
3062 5194 3429 5257 postremum,
3454 5191 3558 5232 nos

1981 5289 2206 5358 quidem
2245 5288 2301 5344 id
2328 5288 2476 5360 quod
2509 5283 2917 5342 consuetudine
2965 5274 3338 5336 contrahitur,
3370 5268 3557 5360 appel-

282 5364 524 5435 lamus:
557 5376 792 5448 gentiles
822 5391 956 5432 vero
1001 5375 1055 5431 id
1089 5374 1236 5445 quod
1273 5373 1596 5430 delectabile
1651 5379 1757 5440 est,
1829 5373 2036 5435 ﬂuxum
2112 5389 2167 5435 et
2238 5359 2525 5436 mutabile.
2585 5374 2858 5444 Quocirca
2921 5371 3094 5442 prima
3148 5368 3241 5422 illa
3317 5359 3561 5416 amicitia

283 5469 611 5545 philosophi
639 5477 746 5536 est,
786 5470 959 5525 altera
987 5468 1251 5531 hominis,
1272 5467 1439 5524 tertia
1466 5466 1638 5522 bruti.

364 5570 445 5628 Τδ
499 5570 723 5642 ἀγαπᾷν
767 5567 896 5633 τοὺς
924 5566 1176 5640 ἐχθροὺς,
1208 5565 1309 5619 οὐκ
1350 5565 1572 5637 ἀγαπᾷν
1614 5563 1676 5618 τὸ
1708 5562 1878 5618 κακὸν

2058 5561 2335 5632 Ejusdem,
2368 5559 2463 5615 tib.
2505 5574 2580 5614 tv.
2613 5554 2826 5610 —Dum
2854 5551 3142 5622 Scriptura
3168 5556 3355 5601 amare
3374 5538 3562 5596 inimi-

285 5636 621 5740 λέγει,,ούδὲ
648 5636 926 5731 ἀσέϐειαν,
955 5636 1087 5717 ⁷οὐδὲ
1115 5660 1383 5733 μοιχείαν,
1420 5660 1454 5729 ἢ
1487 5636 1714 5729 κλοπὴν,
1740 5657 1853 5711 ἀλλ‹

1984 5669 2083 5710 cos
2138 5652 2312 5723 jubet,
2366 5665 2474 5705 non
2540 5651 2643 5705 hoc
2680 5646 2819 5712 vult,
2867 5650 2928 5699 ut
2960 5641 3167 5697 malum
3198 5647 3469 5693 amemus,
3500 5636 3565 5685 ut

280 5762 392 5819 τὸν
422 5761 688 5830 κλέπτην,
719 5758 932 5812 καὶτὸν
968 5755 1185 5828 μοιχόν·
1228 5755 1288 5809 ού
1320 5752 1442 5808 καθ’
1481 5752 1510 5806 ὃ
1551 5752 1875 5824 ἁμαρτάνει,

294 5852 401 5911 καὶ
428 5853 493 5924 τῇ
525 5851 658 5923 ποιᾷ
700 5847 949 5921 ἐνεργείᾳ
992 5846 1208 5921 μολύνει
1260 5844 1358 5917 τὴν
1388 5841 1677 5916 ἀνθρώπου
1710 5857 1878 5914 προσ-

1988 5745 2347 5816 impietatem,
2399 5753 2459 5797 ut
2499 5741 2859 5804 adulterium,
2922 5741 3019 5790 aut
3074 5732 3319 5793 furtum;
3356 5723 3460 5781 sed
3501 5729 3563 5824 ut

1989 5838 2164 5896 furem
2220 5844 2273 5891 ct
2306 5835 2615 5892 adulterum
2653 5847 2807 5887 :uon
2871 5838 3147 5900 quatenus
3191 5824 3398 5893 peccat,
3428 5821 3563 5869 etin
