3986 6400
1681 397 1917 460 SACRA
1954 394 2041 455 PA
2054 389 2420 452 RALLELA.

462 549 483 582 ι
519 526 750 583 Πετεινά
793 524 928 596 πρὸς
961 523 1030 576 τά
1069 523 1231 593 ὅμοια
1270 515 1549 582 καταλύει,
1587 515 1684 570 καὶ¹
1733 510 1943 584 ἀλήθειι

2144 501 2313 556 Eccli.
2342 514 2515 561 xxvii,
2556 497 2714 552 lO.—-—
2741 513 2758 547 ι
2786 492 3044 549 Volatilia
3077 490 3144 546 ad
3176 489 3261 546 sui
3285 487 3486 545 similia
3520 503 3656 596 con-

385 621 524 695 πρὸς
549 621 676 684 τοὺς
706 615 1109 691 ἐργαζομένους
1144 612 1316 683 αὐτὴν
1343 608 1630 680 ἐπανήξει.
1663 627 1682 660 ι

463 816 484 851 ι
518 798 636 861 Πᾶς
662 799 690 851 ὁ
746 795 930 868 φαῦλα
970 796 1253 866 πράσσων,
1289 796 1439 865 μισεῖ
1459 793 1519 846 τὸ
1571 790 1708 862 φῶς,
1739 791 1835 844 καὶ
1862 791 1965 843 οὐκ

381 891 605 964 ἔρχεται
632 889 770 961 πρὸς
801 889 863 944 τὸ
913 889 1050 958 φῶς,
1090 888 1178 941 ἵνα
1211 886 1286 958 μὴ
1321 885 1552 957 ἐλεγχθῇ
1586 885 1656 938 τὰ
1689 883 1826 955 ἔργα
1867 885 1965 936 αὑ-

378 983 498 1039 τοῦ.
535 983 592 1038 ’0
619 983 677 1037 δὲ
703 983 872 1038 ποιῶν
895 983 995 1054 τὴν
1017 982 1299 1052 ἀλήθειαν,
1323 980 1543 1050 ἔρχεται
1575 978 1712 1050 πρὸς
1732 977 1792 1031 τὸ
1824 976 1960 1047 φῶς,

380 1077 470 1130 ἵνα
507 1077 798 1148 φανερωθῇ
853 1075 923 1129 τὰ
979 1074 1117 1148 ἔργα
1162 1073 1362 1138 αὐτοῦ,
1422 1074 1506 1127 ὅτι
1556 1074 1613 1126 ὲν
1641 1070 1761 1142 Θεῷ
1811 1073 1963 1125 ἐστιν

379 1168 748 1242 εἰργασμένα.
784 1188 804 1221 ι

455 1279 475 1313 ι
524 1260 883 1332 Ἀποθέμενοι
917 1260 980 1313 τὸ
1002 1258 1220 1329 ψεῦδος,
1265 1258 1476 1312 λαλεῖτε
1517 1257 1780 1329 ἀλήθειαν
1828 1257 1958 1310 Exue

377 1370 504 1417 στος
546 1353 686 1423 μετά
734 1351 830 1406 τοῦ
883 1352 1114 1424 πλησίον
1161 1349 1352 1417 αὑτοῦ,
1380 1351 1462 1404 ὅτι
1515 1349 1681 1421 ἐσμὲν
1713 1349 1964 1419 ἀλλήλων

380 1444 541 1515 μέλη.
579 1463 598 1496 ι

360 1576 368 1581 -
454 1553 474 1588 ι
510 1535 750 1600 Μείζονα
795 1536 1002 1606 ταύτης
1029 1537 1131 1590 οὐκ
1172 1534 1283 1607 ἔχω
1319 1534 1522 1605 χαρὰν,
1547 1532 1633 1587 ἵνα
1678 1531 1957 1588 ἀκούωτά

374 1628 488 1701 ὲμά
518 1629 684 1683 τέκνα
713 1631 770 1682 ὲν
806 1630 1040 1700 ἀληθείᾳ
1063 1627 1501 1700 περιπατοῦντα.
1541 1646 1560 1678 ι

444 1801 520 1857 Τδ
547 1804 842 1878 κράτιστον
868 1802 978 1857 τῶν
1004 1802 1226 1873 ἀγαθῶν
1249 1804 1282 1874 ἡ
1312 1801 1563 1873 ἀλήθεια.

441 1995 792 2070 Δυσθήρατός
839 2000 989 2052 ἐστιν
1018 1999 1048 2052 ὁ
1083 2001 1182 2070 τῆς
1229 1998 1492 2070 ἀληθείας
1541 1999 1723 2069 λόγος,
1760 2000 1956 2073 ῥᾳδίως

369 2085 672 2158 δυνάμενος
701 2090 966 2158 ἐκφυγεῖν
989 2089 1118 2152 τοὺς
1148 2089 1224 2160 μὴ
1258 2091 1651 2161 προσέχοντας.

443 2258 697 2315 Τοιοῦτόν
723 2277 776 2314 τι
819 2261 853 2330 ἡ
880 2261 1095 2330 ἀλογία,
1128 2263 1224 2317 καὶ
1277 2263 1339 2317 τδ
1392 2264 1532 2335 πρὸς
1560 2266 1661 2336 τὴν
1691 2266 1954 2346 ἀλήθειαν

369 2349 784 2419 ἀπομάχεσθαι,
818 2352 894 2415 ὡς
932 2353 1067 2423 μηδὲ
1123 2356 1563 2427 περιπίπτοντας
1594 2358 1795 2423 αὐτοὺς
1826 2359 1954 2413 ἑαυ-

367 2441 503 2507 τοῖς,
537 2440 569 2510 ἢ
606 2445 765 2508 νοεῖν,
796 2442 829 2515 ἢ
862 2445 1240 2516 αἰσχύνεσθαι.
1893 2445 1902 2453 ’

439 2615 718 2688 Ούδεμιᾶς
745 2619 920 2674 δεῖται
954 2620 1211 2695 βοηθείας
1254 2626 1289 2696 ὴ
1317 2626 1418 2696 τῆς
1468 2627 1729 2700 ἀληθείας
1773 2631 1947 2702 ἰσχὺς,

363 2707 504 2762 ἀλλὰ
544 2709 647 2763 κᾶν
676 2711 909 2781 μυρίους
955 2713 1053 2786 ἔχῃ
1102 2717 1232 2781 τοὺς
1284 2719 1614 2785 σϐεννύντας
1659 2722 1848 2794 αὐτὴν,
1886 2725 1948 2778 οὐ

365 2798 532 2869 μόνον
557 2801 657 2853 οὐκ
681 2801 1025 2870 ἀφανίζεται,
1053 2805 1191 2859 ἀλλὰ
1236 2806 1332 2860 καὶ
1351 2808 1420 2861 δι’
1458 2810 1640 2863 αὐτῶν
1669 2811 1778 2864 τῶν
1811 2813 1950 2884 ἐπηο

363 2889 585 2960 ρεάζειν
631 2891 1062 2964 ἐπιχειρούντων
1105 2895 1444 2968 φαιδροτέρα
1477 2897 1673 2967 ἄνεισι,
1719 2899 1830 2954 τῶν
1857 2917 1948 2954 κο-

361 2980 612 3037 πτόντων
645 2982 876 3048 ἑαυτοὺς
902 2986 1288 3056 καταγελῶσα.

427 3152 567 3257 Οὔτε
595 3154 665 3257 το
686 3156 803 3225 φῶς
832 3155 986 3214 ἔσται
1041 3163 1234 3226 σκότος
1267 3163 1426 3230 ποτὲ,
1457 3164 1562 3230 ἓως
1593 3165 1662 3221 ἂν
1781 3168 1898 3238 φῶς
1921 3185 1937 3202 ο
1969 3196 2012 3257 c

254 3277 256 3279 ›
356 3242 486 3299 οὔτε
533 3247 567 3319 ἠ
597 3247 706 3301 τῶν
740 3253 873 3322 παρ’
903 3254 1038 3323 ἡμῖν
1087 3255 1434 3324 πραγμάτων
1476 3257 1709 3328 ἀλήθεια
1737 3259 1944 3330 διελεγ-

355 3335 644 3406 χθήσεται.
662 3339 916 3412 Ἀλήθεια
945 3345 1056 3414 γάρ
1077 3345 1326 3411 ὲστι,καὶ
1355 3345 1563 3417 ταύτης
1595 3349 1943 3421 ἰσχυρότερον

354 3425 536 3482 οὐδέν.

423 3517 540 3583 Πᾶς
565 3520 594 3573 ὁ
619 3521 920 3594 δυνάμενος
950 3523 1133 3594 λέγειν
1174 3527 1272 3598 τὴν
1301 3527 1589 3602 ἀλήθειαν,
1615 3533 1712 3586 καὶ
1747 3534 1822 3605 μὴ
1853 3535 1942 3589 λέ-

349 3627 490 3680 των,
524 3615 849 3689 κριθήσεται
879 3619 984 3674 ὑπὸ
1017 3618 1109 3674 τοῦ
1141 3620 1299 3677 Θεοῦ.

426 3791 646 3846 Βέλτιον
678 3792 827 3848 λίθον
858 3795 1046 3865 βαλεῖν
1075 3796 1221 3868 είκῆ,
1253 3798 1286 3868 ἦ
1319 3797 1497 3868 λόγον.
1547 3801 1714 3858 Δάλει
1762 3803 1809 3860 ἃ..
1832 3805 1936 3873 δεῖ,

347 3881 446 3934 καὶ
476 3881 565 3934 ὅτε
600 3883 702 3949 δεῖ,
740 3884 834 3938 καὶ
874 3887 975 3939 οὐκ
1023 3885 1279 3952 ἁκούσεις
1304 3887 1343 3943 ἂι
1395 3891 1471 3961 μὴ
1495 3890 1596 3949 δεῖ.
1632 3894 1802 3966 Σιγᾷν
1833 3897 1936 3971 τὴν

345 3971 612 4045 ἀλήθειαν
638 3977 840 4050 χρυσόν
869 3979 987 4034 ἐστι
1014 3978 1269 4038 θάπτειν.

343 4257 531 4336 TITA_.
555 4259 651 4336 K’1
676 4289 749 4302 —
775 4259 916 4328 Περὶ
934 4260 1291 4336 μάρχομέγων
1314 4278 1330 4294 ·
1377 4262 1467 4336 ὅτε
1511 4264 1931 4336 ἐξομοιοῦνται

416 4329 542 4407 ταῖς
577 4328 698 4383 τῶν
726 4328 1108 4407 κρατούντωὴ
1144 4331 1342 4400 ἤθεσι,
1387 4332 1506 4389 κάν
1535 4328 1632 4390 η’
1644 4341 1898 4407 χρηστοὶ
1910 4380 1925 4407 ,

418 4397 535 4452 πᾶν
564 4417 625 4454 τε
645 4397 938 4471 μοχθηροὶ
975 4397 1312 4472 ὑπάρχωσι.

421 4531 441 4564 ι
471 4507 608 4566 Εἷπε
639 4512 846 4567 Γεδεὼν
868 4514 1006 4586 πρὸς
1035 4514 1127 4570 τὸν
1147 4515 1297 4570 λαόψ
1325 4515 1528 4583 Καθὼς
1553 4519 1714 4586 ποιῶ,
1748 4520 1921 4589 οὕτως
1954 4540 2000 4598 ι)

2071 595 2296 650 veniunt
2328 611 2341 646 :
2373 599 2428 646 et
2477 590 2683 644 veritas
2730 588 2795 643 ad
2833 587 3065 656 eosqui
3111 591 3413 656 cperantur
3476 581 3655 648 illam,

2070 693 2402 742 revertetur.
2445 701 2462 734 ι

2137 777 2300 831 Ιοαη.
2330 792 2411 842 ιιι,
2436 774 2530 831 20.
2563 804 2634 814 -
2663 792 2682 825 ι
2726 771 2920 828 Omnis
2971 769 3060 839 qui
3099 767 3243 821 male
3261 766 3393 838 agit,
3424 762 3540 821 odit
3567 764 3655 820 ιυ-

2066 883 2206 936 cem,
2242 875 2295 923 et
2327 881 2437 922 non
2485 865 2639 922 venit
2700 863 2769 919 ad
2817 862 3019 924 lucem,
3066 866 3126 913 ut
3183 873 3293 913 non
3349 864 3655 928 arguantur

2065 975 2232 1029 opera
2299 960 2442 1029 ejus.
2497 957 2604 1024 Qui
2661 965 2845 1012 autem
2877 953 3012 1008 facit
3065 951 3371 1016 veritatem,
3403 950 3550 1008 venit
3587 950 3654 1009 ad

2066 1052 2264 1117 lucem,
2303 1060 2364 1106 ιιι
2386 1049 2843 1109 'manilestentur
2905 1063 3074 1120 opera
3107 1046 3248 1116 ejus,
3291 1047 3420 1117 quia
3449 1048 3505 1102 in
3537 1046 3678 1102 Deo.

2066 1153 2196 1200 sunt
2227 1144 2392 1200 facta.
2427 1165 2445 1196 ι

2132 1235 2419 1304 Epl:es.1v,
2447 1237 2622 1291 25.-—
2656 1256 2674 1287 ι
2707 1236 3050 1307 Deponcntes
3077 1237 3450 1303 mendacium,
3473 1235 3654 1308 loqui-

2062 1324 2200 1380 mini
2260 1327 2549 1381 veritatem
2597 1327 2986 1398 unusquisque
3027 1343 3154 1383 cum
3213 1325 3469 1399 proximo
3525 1338 3649 1390 suo,

2063 1419 2322 1487 quoniam
2356 1432 2553 1473 sumus
2582 1417 2820 1472 invicem
2846 1418 3116 1473 membra.
3155 1435 3173 1469 ι

2133 1509 2227 1564 III
2254 1509 2417 1566 Joan.
2452 1527 2507 1564 v.
2535 1510 2587 1565 4.
2606 1539 2677 1551 -—
2702 1528 2720 1561 ι
2752 1508 3013 1580 Majorem
3047 1509 3150 1563 hac
3179 1507 3422 1563 la‘titiam
3449 1505 3646 1567 haben,

2061 1622 2225 1676 quam
2281 1619 2339 1661 ut
2397 1607 2613 1661 audiam
2680 1606 2822 1660 filios
2883 1620 3037 1662 meos
3093 1604 3146 1659 in
3192 1604 3422 1659 veritate
3453 1599 3647 1654 ambu-

2059 1703 2196 1756 lare.
2242 1720 2260 1752 ›

2131 1793 2190 1848 8.
2229 1793 2393 1848 Basil.
2431 1792 3048 1849 —Pr:estantissimum
3099 1790 3343 1848 omnium
3371 1787 3645 1842 bonorum-

2059 1893 2147 1940 est
2178 1885 2404 1939 veritas.
3533 1932 3543 1940 .

2131 1975 2326 2046 Ejusd.
2379 1976 2522 2030 hom.
2550 1977 2604 2030 in
2627 1995 2646 2030 ι
2675 1977 2900 2032 Attende
2933 1975 3025 2030 tibi
3057 1977 3180 2045 ipsi.
3201 1975 3488 2045 t—Captu
3508 1970 3644 2026 difﬁ-

2057 2065 2291 2121 cilis-est
2321 2080 2504 2122 sermo
2540 2067 2811 2132 veritatis,
2845 2075 2906 2122 ut
2932 2068 3026 2138 qui
3063 2067 3223 2122 facile
3260 2081 3359 2122 eos
3402 2065 3643 2135 effugere

2059 2165 2250 2227 queat,
2285 2156 2378 2227 qui
2403 2157 2647 2212 animum
2681 2174 2790 2212 non
2827 2159 2966 2214 satis
2999 2158 3312 2214 attendunt.

2129 2248 2190 2304 8.
2217 2247 2373 2321 Creg.
2396 2248 2672 2307 Nazianz.
2702 2281 2770 2292 —
2797 2248 3083 2322 Ejusmodi
3140 2251 3405 2322 quiddam
3440 2258 3526 2306 est
3554 2266 3642 2305 vc-

2055 2341 2268 2406 cordia,
2301 2341 2611 2414 initumque
2665 2343 2936 2400 adversus
2991 2343 3283 2398 veritatem
3321 2351 3638 2408 certamen;

2055 2439 2116 2484 ut
2138 2445 2266 2485 cum
2296 2432 2515 2501 ipsimet
2547 2447 2735 2488 secum
2773 2442 3047 2504 pugnent,
3082 2431 3138 2487 id
3173 2443 3356 2488 tamen
3390 2447 3492 2488 nec
3517 2448 3643 2488 scn-

2054 2521 2218 2585 tiant,
2244 2533 2348 2575 nec
2400 2521 2754 2577 erubescant.

2123 2611 2474 2682 Cltrysost.—
2497 2612 2752 2670 Veritatis
2771 2613 2944 2669 robur
2964 2614 3169 2668 nullam
3195 2629 3354 2684 opem
3375 2615 3636 2685 requirit:

2052 2703 2147 2759 sed
2180 2704 2434 2773 quamvis
2488 2705 2765 2760 innumeri
2823 2705 2959 2766 sint.
2991 2706 3083 2775 qui
3121 2720 3243 2760 eam
3285 2705 3642 2778 exstinguere

2051 2797 2372 2862 moliantur,
2406 2795 2546 2853 adeo
2568 2805 2752 2852 tamen
2810 2813 2920 2853 non
2965 2797 3360 2868 exstinguitur,
3389 2805 3450 2852 ut
3471 2799 3637 2854 etiam

2050 2902 2149 2957 per
2204 2887 2330 2944 illos
2363 2888 2456 2959 qui
2494 2890 2670 2958 ipsam
2715 2905 2914 2946 vexare
2948 2899 3251 2955 conantur,
3293 2891 3638 2961 splendidior

2047 2974 2323 3038 exsistat,
2375 2975 2636 3032 deridens
2695 2977 2824 3032 illos
2875 2978 2968 3049 qui
3036 2994 3160 3036 sese
3214 2979 3423 3037 frustra
3461 2983 3637 3036 conli-

2048 3064 2221 3120 ciunt.

2125 3157 2184 3213 8.
2213 3157 2435 3214 Justt'm'.
2461 3189 2528 3203 —
2559 3160 2670 3219 Nec
2694 3161 2788 3218 lux
2811 3178 3056 3235 unquam
3093 3165 3272 3238 caligo
3301 3167 3432 3235 erit,
3461 3182 3635 3240 quan-

2046 3247 2142 3303 diu
2175 3248 2266 3304 lux
2301 3249 2466 3306 fuerit
2498 3267 2645 3309 :nec
2697 3269 2884 3309 rerum
2917 3264 3240 3312 nostrarum
3272 3260 3476 3316 veritas
3511 3260 3633 3317 falsi

2050 3356 2291 3412 unquam
2308 3345 2690 3402 convincetur.
2711 3345 2932 3404 Veritas
2963 3349 3166 3420 quippe
3199 3359 3307 3417 est,
3347 3368 3456 3424 qua
3488 3354 3624 3408 nihil

2044 3447 2168 3490 esse
2188 3434 2386 3492 fortius
2420 3437 2615 3506 possit.
3296 3499 3300 3511 ι

2117 3525 2412 3596 Ejusdem,
2473 3528 2622 3586 Dial.
2663 3546 2784 3586 cum
2836 3532 3037 3605 Tryph.
3080 3545 3225 3605 part.
3276 3554 3336 3594 ιι.
3374 3540 3630 3607 —Quis-

2043 3618 2170 3688 quis
2190 3633 2317 3674 cum
2352 3619 2638 3686 veritatem
2663 3623 2849 3681 dicere
2910 3634 3099 3697 queat,
3132 3643 3252 3684 eam
3301 3632 3564 3698 subticet,
3600 3651 3631 3690 a

2043 3707 2156 3764 Deo
2196 3712 2679 3770 condemnabitur.

2114 3798 2311 3872 Evagr.
2342 3835 2410 3845 —
2454 3802 2687 3861 Praestat
2742 3806 2978 3877 lapidem
3031 3810 3314 3868 incassum
3383 3817 3626 3881 mittere,

2039 3906 2207 3962 quam
2265 3909 2603 3953 sermonem.
2637 3896 2889 3971 Loquere
2930 3918 3054 3973 qua:
3077 3914 3324 3974 Oportet;
3386 3917 3443 3964 et
3501 3925 3626 3964 cum

2038 3992 2260 4055 oportet
2294 4005 2307 4041 :
2336 4001 2400 4042 ac
2444 4003 2556 4045 non
2610 3991 2805 4048 audies
2861 4009 2985 4064 qua:
3034 4011 3145 4051 non
3192 4007 3435 4068 oportet.
3469 3998 3626 4056 Veri-

2036 4079 2207 4130 tatem
2263 4075 2446 4142 silere,
2505 4079 2648 4134 idem
2689 4089 2775 4137 est
2815 4085 2964 4153 quod
3025 4102 3221 4144 aurum
3269 4089 3440 4146 humo
3493 4106 3626 4148 con-

2033 4165 2186 4222 dere.

2034 4277 2326 4374 Tl'l‘;
2356 4284 2868 4374 fglbie‘subdt‘tis'g
2892 4291 3032 4374 quod
3065 4291 3267 4374 subditi
3321 4296 3622 4374 principum

2139 4367 2310 4408 mores
2349 4366 2655 4424 tmttantur,
2687 4366 2802 4414 sive
2831 4366 2868 4414 ti
2901 4366 3045 4428 boni,
3078 4366 3190 4417 sive
3219 4366 3352 4419 mali
3379 4369 3511 4426 sint.

2096 4502 2284 4562 Judic.
2316 4522 2412 4573 vn,
2456 4508 2545 4564 18.
2585 4539 2656 4551 -
2695 4530 2713 4563 ι
2756 4511 2900 4567 Dixit
2929 4512 3150 4570 Gedeon
3182 4516 3248 4571 ad
3299 4519 3605 4588 populum:

335 4605 628 4676 ποιήσατε.
663 4605 885 4658 Σαλπιῶ
934 4606 992 4659 ὲν
1021 4607 1088 4678 τῇ
1144 4607 1441 4681 κερατίνη,
1491 4609 1590 4664 καὶ
1641 4611 1924 4669 σαλπιεῖτε

2068 4597 2188 4663 [uod
2234 4613 2323 4655 me
2370 4600 2625 4659 videritis
2678 4603 2881 4670 facere,
2929 4605 3116 4662 facite.
3159 4607 3391 4674 Quando
3420 4627 3618 4682 perso-

333 4695 528 4767 κύκλῳ
557 4697 654 4767 τῆς
679 4696 1061 4769 παρεμϐολῆς.
1102 4717 1123 4752 ι

416 4873 436 4908 ι
473 4853 707 4910 Ἔλαϐεν
747 4855 1037 4929 ’Δϐιμέλεχ
1064 4857 1164 4931 τὴν
1190 4859 1406 4934 ἀξίνην,
1438 4866 1535 4920 καὶ
1566 4865 1761 4938 ἔκοψεν
1789 4869 1921 4926 κλά-

327 4947 462 5012 δους
495 4949 691 5015 ξύλων,
724 4951 817 5002 καὶ
869 4948 1066 5020 ἔθηκεν
1112 4952 1207 5006 ἐπὶ
1256 4954 1365 5008 τῶν
1393 4955 1560 5028 ὤμων
1593 4960 1780 5027 αὐτοῦ,
1827 4965 1923 5017 καὶ

329 5032 460 5091 εἷπε
493 5039 574 5110 τῷ
601 5038 715 5111 λαῷ
742 5039 821 5110 τῷ
859 5039 977 5112 μετ’
1008 5041 1197 5096 αὐτοῦ·
1221 5044 1285 5098 Ὃ
1319 5044 1499 5101 οἴδατε
1537 5049 1798 5106 ποιοῦντά
1830 5071 1918 5126 με,

329 5131 629 5202 ποιήσατε.
659 5151 677 5182 ι

417 5243 437 5277 ι
473 5226 632 5280 Κατὰ
663 5225 757 5280 τὸν
788 5225 986 5299 κριτὴν
1029 5227 1124 5282 τοῦ
1157 5227 1309 5296 λαοῦ,
1355 5229 1529 5298 οὕτως
1577 5236 1672 5289 καὶ
1699 5239 1748 5291 oi
1806 5240 1914 5296 λει-

327 5317 558 5388 τουργοὶ
609 5317 812 5371 αὐτοῦ’
856 5321 953 5373 καὶ
996 5320 1138 5374 κατά
1179 5321 1272 5376 τὸν
1327 5323 1632 5394 ἡγούμενον
1675 5330 1774 5401 τῆς
1822 5334 1918 5388 πό..

326 5407 499 5474 λεως,
531 5409 733 5475 πάντες
764 5412 813 5464 οἱ
837 5411 1222 5477 κατοικοῦντες
1254 5415 1311 5469 ὲν
1334 5417 1495 5488 αὐτῇ.
1527 5438 1547 5472 ι

409 5502 555 5574 Πρὸς
585 5503 645 5556 τὸ
675 5502 784 5557 τῶν
809 5503 1157 5573 κρατούντων
1187 5500 1322 5578 ἦθος
1368 5509 1703 5570 πλάττεσθαι
1740 5519 1914 5590 πέφυ-

327 5611 434 5650 κεν
486 5595 564 5660 ὡς
589 5595 656 5650 τὰ
703 5597 876 5650 πολλὰ
912 5597 972 5651 τὸ
1014 5599 1340 5671 ἀρχόμενον.
1370 5602 1535 5659 Ὥστε
1579 5608 1754 5664 ὁποῖοί
1784 5631 1916 5670 ποτε

330 5687 406 5742 ἂν
435 5687 486 5740 οι
513 5688 735 5759 ἄγοντες
767 5683 892 5755 ὦσι,
910 5694 1156 5750 τοιοῦτον
1187 5697 1401 5772 ἀνάγκη
1437 5703 1530 5757 καὶ
1555 5704 1615 5759 τὸ
1643 5707 1915 5777 ἀγόμενον

331 5772 456 5833 εῖνα
465 5796 479 5830 ι
487 5813 500 5829 .

2025 4688 2209 4745 nuerit
2250 4692 2382 4747 tuba
2407 4692 2463 4747 in
2505 4708 2671 4750 manu
2713 4711 2857 4763 mea,
2895 4713 2993 4753 vos
3029 4703 3371 4773 quoqueper
3406 4703 3615 4762 circui-

2025 4785 2141 4835 tum
2176 4789 2490 4839 castrorum
2518 4785 2757 4857 clangite
2781 4795 2835 4843 et
2864 4799 3179 4859 personate.
3227 4810 3245 4844 ι

2098 4872 2280 4929 Judt‘c.
2302 4874 2476 4941 tx,48.
2499 4907 2566 4916 —
2590 4895 2608 4928 ι
2638 4879 2978 4945 Abimelecb,
2999 4892 3213 4952 arrepta
3233 4888 3441 4951 securi,
3468 4901 3609 4958 pra:-

2023 4963 2161 5019 cidit
2216 4981 2402 5022 ramos
2465 4968 2706 5036 arboris,
2749 4983 2804 5027 et
2867 4972 3132 5044 imposuit
3176 4975 3423 5034 humeris
3469 4981 3606 5047 suis,

2022 5054 2271 5128 dixitque
2297 5061 2500 5130 populo
2527 5063 2623 5132 qui
2655 5078 2778 5118 cum
2817 5065 2938 5136 ipso
2959 5075 3080 5122 erat
3109 5066 3303 5134 :Quod
3337 5086 3423 5128 me
3454 5071 3609 5130 vide-

2021 5147 2094 5205 tis
2121 5148 2327 5217 facere,
2360 5153 2547 5210 facite.
2587 5174 2606 5207 ι

2083 5241 2255 5298 Eccli.
2283 5261 2338 5308 ι,
2366 5245 2420 5299 ‘2.
2448 5278 2514 5288 —
2554 5265 2572 5298 ι
2612 5246 2926 5306 Secundum
2975 5250 3221 5321 judicem
3272 5254 3478 5323 populi,
3527 5257 3606 5314 sic

2019 5344 2074 5393 et
2099 5337 2337 5394 ministri
2367 5340 2490 5411 ejus
2521 5360 2535 5397 :
2562 5352 2616 5398 et
2640 5344 2822 5415 qualis
2845 5353 2928 5401 est
2957 5353 3144 5402 rector
3175 5346 3439 5416 civitatis,
3473 5351 3607 5407 tales

2018 5441 2074 5488 et
2109 5433 2480 5493 inhabitantes
2512 5439 2568 5493 in
2604 5454 2690 5495 ea.
2733 5459 2751 5492 ι

2089 5522 2150 5582 8.
2188 5525 2361 5581 Basil.
2387 5529 2442 5583 in
2470 5528 2584 5585 lsa.
2614 5561 2681 5572 -
2703 5530 2784 5584 Ad
2814 5531 3126 5602 principum
3166 5548 3349 5590 mores
3377 5550 3499 5591 sese
3546 5545 3606 5591 ut

2018 5616 2312 5687 plurimum
2341 5619 2595 5694 efﬁngere
2610 5622 2776 5694 358
2807 5627 2987 5680 solent
3018 5624 3053 5678 ii
3101 5625 3194 5695 qui
3231 5625 3334 5680 sub
3357 5626 3602 5697 ipsorum

2019 5709 2250 5780 imperio
2282 5722 2430 5770 sunt.
2463 5714 2540 5770 Ac
2567 5717 2798 5786 proinde
2820 5718 3011 5787 quales
3050 5717 3218 5774 duces
3267 5719 3580 5774 exstiterint

2019 5801 2162 5856 tales
2196 5818 2290 5858 eos
2344 5805 2434 5875 qui
2485 5807 2551 5860 ab
2606 5807 2714 5862 illis
2744 5809 3145 5879 gubernantur,
3203 5825 3326 5866 esse
3375 5822 3602 5866 necesse

2021 5903 2121 5950 ρει.
