1993 3201
212 178 274 216 1207

802 151 1008 201 somnum
1029 172 1242 202 DAMASCENI

1778 177 1851 209 1:208

207 236 267 266 ΠΤ.
310 234 381 262 XXI.
398 248 432 253 ——
448 230 485 259 De
501 230 615 259 subditis
632 239 640 258 :
656 229 737 267 quod»
756 229 907 267 prrgfectis
939 229 994 255 suis

1061 230 1139 257 ΞΊΤΛ.
1159 230 1345 267 ΚΑ’.-Περ1
1366 232 1560 266 ἀρχομένων·
1584 233 1629 260 ὅτι
1649 233 1708 267 χρὴ
1729 235 1848 267 αὐτοὺς

237 274 392 306 ρογενεηει
411 275 510 294 morem
530 274 619 306 gerere
632 285 640 298 ,
666 273 698 306 ae
720 264 846 292 decedere
865 264 996 296 debeant,

236 300 488 341 eosque/tonorum,
504 309 550 328 nec
563 300 703 328 reluctari.

239 372 325 399 Exod.
343 379 411 402 χχιι,
426 369 473 398 28.
491 384 526 390 —-
543 378 553 394 ι
571 368 629 396 Diis
650 375 704 395 non
721 367 862 399 detrabes,
878 372 905 394 et
922 366 999 402 prin-

206 419 256 455 cipi
271 417 364 453 populi
383 417 421 444 lui
437 424 491 444 non
506 415 667 443 malediees.
683 423 691 440 ι

236 464 288 492 Iob
314 471 407 496 xxxiv,
422 463 466 489 t8.
481 477 516 481 —
533 470 543 487 ι
561 461 664 496 Impius
679 464 732 492 est,
755 459 803 495 qui
826 459 894 487 dicit
913 459 970 494 regi
987 469 993 487 :

202 512 296 546 inique
312 510 381 545 agis.
403 508 524 544 Impius,
553 508 600 542 qui
626 514 681 535 non
701 506 840 534 reveritus
862 505 945 533 fuerit
961 505 999 532 ra-

203 558 272 586 ciem
287 556 472 588 honorabilis,
489 562 539 583 nec
552 555 684 582 honorem
702 553 743 581 eis
755 553 864 580 deferre
876 552 963 580 novit.
986 561 996 578 ι

240 604 329 632 Esaia.
342 612 370 637 x,
390 603 436 630 ΞΟ.
451 617 485 623 -—
499 611 509 628 ι
528 602 556 629 In
572 601 686 629 scientia
707 603 752 627 tua
774 607 809 627 ne
821 598 999 627 maledixeris

203 651 308 686 regi,et
320 650 347 677 in
359 648 548 685 penetralibus
575 647 696 675 cubiculi
708 647 748 673 lui
765 654 798 674 ne
820 645 998 673 maledixeris

202 697 292 724 diviti.
325 695 461 730 Quoniam
498 695 625 723 volucres
660 693 724 721 coeli
754 693 879 720 auferent
903 699 998 719 vocem

202 749 288 776 tuam,
303 746 330 770 et
345 742 392 778 qui
407 742 489 770 habet
506 747 628 776 pennas,
644 739 819 767 annuntiabit
842 745 997 766 sermonem

202 795 291 816 tuum.
312 797 322 814 ι

237 833 316 860 Prov.
331 839 406 864 xxtv,
416 831 460 860 21.
479 842 510 849 -
532 840 540 856 ι
561 830 640 858 Time
659 829 757 861 Deum,
779 829 828 862 illi,
843 833 871 856 et
891 836 997 864 regem,

201 882 228 906 et
244 878 333 906 neutri
352 884 448 905 eorum
472 874 658 908 inobsequens
668 874 717 901 sis.
736 882 747 898 ι

236 924 324 951 Ercle.
344 931 403 956 vui,
420 923 448 951 2.
465 938 500 944 —
512 933 523 949 ι
542 922 579 951 Os
598 922 674 957 regis
699 922 828 956 observa,
851 926 879 950 et
894 930 908 949 a
928 922 999 950 facie
1015 914 1036 942 Β

201 971 262 1006 ejus
277 978 384 1007 pergas,
418 969 551 1005 quoniam
569 969 662 996 omnia
680 976 854 1004 qua’cunque
878 969 998 996 voluerit

201 1019 303 1051 facere,
318 1018 392 1045 velut
407 1024 453 1044 rex
467 1019 632 1051 potestatem
649 1016 765 1048 habens,
793 1015 859 1044 facit
874 1025 880 1043 :
893 1019 921 1043 et
935 1016 998 1051 quis

200 1065 274 1093 dicet
290 1064 314 1091 ei
331 1072 338 1090 :
354 1063 425 1097 Quid
446 1063 541 1090 facis?
561 1072 569 1088 ι

236 1110 323 1137 Eccli.
335 1118 373 1142 iv,
392 1110 463 1137 7.-
479 1117 489 1136 ι
507 1107 637 1143 Hagnato
654 1109 769 1136 humilia
788 1111 872 1143 caput
890 1113 993 1136 tuum.)

235 1155 320 1183 Eccli.
341 1163 401 1188 vui,
419 1155 443 1183 l.
463 1170 497 1175 —
517 1163 526 1180 ι
545 1153 584 1181 Ne
618 1154 710 1189 litiges
740 1161 801 1182 eum
824 1153 935 1182 homine
949 1161 998 1189 po-

202 1205 288 1230 tente.
308 1211 318 1228 ι

238 1247 324 1275 Eat-Ii.
337 1254 397 1280 xm,
416 1246 457 1273 12.
472 1262 507 1266 -
521 1255 530 1272 ι
549 1246 570 1273 Α
591 1244 747 1280 potentiore
763 1244 928 1277 advocatus,
945 1243 996 1272 de-

201 1294 268 1321 cede
285 1300 337 1321 :ex
354 1293 487 1320 hocenim
500 1291 588 1327 magis
605 1295 632 1319 te
650 1290 807 1318 advocabit.
829 1300 839 1316 ι

234 1338 319 1366 Eccli.
338 1346 425 1370 χχχιι,
442 1338 550 1365 15.-‹
579 1335 609 1364 1ιι
629 1335 721 1364 medio
734 1340 941 1371 magnatorum.
962 1343 997 1363 ne

201 1392 227 1414 te
240 1385 296 1413 illis
311 1391 450 1420 exaeques.
469 1392 479 1409 ι

235 1431 313 1459 Rom.
327 1438 388 1463 xm.
411 1430 438 1463 1,
454 1430 483 1458 2.
501 1444 537 1449 -
554 1438 563 1455 ι
581 1428 679 1456 Omnis
703 1427 794 1455 anima
812 1427 998 1462 potestatibus
1029 1453 1034 1456 .

201 1476 409 1506 sublimioribus
424 1476 533 1504 subdita
542 1475 588 1503 sit.
603 1473 663 1502 Non
673 1474 746 1502 enim
757 1479 799 1502 est
807 1477 930 1508 potestas
946 1473 997 1500 nisi

201 1532 216 1551 a
233 1524 298 1551 Deo.
313 1522 380 1556 Quae
395 1525 488 1550 autem
500 1525 565 1549 sunt
576 1524 739 1556 potestates,
756 1527 772 1547 a
788 1519 844 1548 Deo
861 1519 997 1547 ordinata:

201 1574 275 1598 sunt.
305 1568 402 1603 Itaque
422 1567 470 1603 qui
488 1566 603 1597 resistit,
623 1565 669 1593 Dei
694 1565 862 1593 ordinationi
879 1565 995 1593 resistit.

200 1615 252 1650 Qui
267 1620 359 1644 autem
374 1615 518 1648 resistunt,
533 1613 586 1641 sibi
600 1612 806 1640 damnationem
819 1611 970 1647 accipient.
983 1620 993 1637 ι

236 1662 321 1690 Hebr.
342 1669 402 1694 xm,
415 1661 502 1688 17.--
520 1669 529 1686 ι
546 1658 663 1687 Obeditc
690 1658 848 1694 praepositis
875 1658 994 1690 vestris,

200 1714 227 1736 et
243 1708 385 1743 subjacete
408 1707 458 1734 eis.
476 1705 528 1741 Ipsi
549 1706 622 1733 enim
644 1704 810 1740 pervigilant
825 1711 874 1738 pro
889 1703 996 1730 anima-

201 1757 251 1784 bus
264 1754 377 1786 vestris,
393 1753 472 1788 quasi
487 1752 623 1780 rationem
641 1751 777 1779 reddituri
797 1759 846 1786 pro
862 1751 952 1782 vobis,
967 1754 996 1777 ut

200 1811 263 1830 cum
288 1801 390 1837 gaudio
412 1800 464 1826 hoc
492 1798 606 1830 faciant,
628 1803 655 1826 et
682 1806 736 1825 non
757 1801 909 1833 gementes.
938 1796 995 1824 lloe

200 1850 273 1877 enim
285 1856 340 1875 non
355 1846 468 1882 expedit
478 1846 567 1873 vobis.
583 1855 591 1870 ι

236 1894 249 1921 1
267 1893 340 1921 Petr.
354 1901 384 1926 ιι,
405 1892 448 1919 15.
461 1907 496 1912 -
510 1901 518 1917 ι
538 1890 658 1925 Subjecti
668 1894 756 1918 estote
772 1890 846 1917 omni
860 1893 995 1916 creatura:

200 1944 313 1976 propter
324 1939 408 1966 Deum
425 1947 431 1966 :
448 1938 505 1965 sive
515 1937 570 1972 regi
583 1937 661 1972 quasi
676 1935 855 1971 praecellenti,
869 1935 927 1963 sive
943 1936 994 1962 du-

200 1987 280 2013 cibus
294 1991 425 2019 tanquam
442 1984 520 2011 abeo
533 1983 625 2010 missis
640 1991 648 2016 ;
664 1982 697 2009 ad
713 1981 864 2009 vindictam
882 1981 992 2015 quidem

199 2034 347 2064 bonorum,
362 2041 370 2057 ι
386 2036 440 2059 etc.

235 2079 348 2115 Ignalii.
378 2093 413 2099 —
431 2076 533 2105 Caesari
552 2075 670 2111 subjecti
691 2079 780 2103 estote
799 2074 826 2102 in
844 2074 877 2102 iis
899 2074 993 2106 rebus,

199 2128 226 2154 in
242 2126 342 2162 quibus
351 2125 375 2151 ei
393 2131 489 2157 parere
502 2122 627 2158 periculo
650 2125 736 2149 caret.
752 2136 785 2142 -—
798 2120 992 2152 Inferioribus,

199 2178 226 2200 et
258 2173 292 2200 iis
318 2171 364 2206 qui
381 2169 505 2205 sibiipsis
529 2169 667 2203 imperare
694 2168 833 2199 nesciunt,
866 2166 992 2194 beneﬁcii

200 2227 264 2254 pars
276 2222 328 2246 est.
358 2223 387 2244 ut
412 2216 447 2244 iis
473 2215 596 2243 serviant
624 2214 671 2250 qui
692 2218 768 2241 recte
791 2218 817 2242 et
839 2214 907 2241 scite
925 2221 994 2248 prae-

200 2274 273 2296 sunt.

232 2315 262 2342 S.
280 2312 357 2348 Greg.
374 2311 509 2339 Nazianz.
525 2314 595 2337 orat.
620 2308 654 2335 ad
670 2308 788 2343 prwfect.
806 2323 837 2328 -—
856 2305 994 2342 Sulzjicia-

200 2368 274 2393 mur,
289 2366 351 2386 eum
364 2357 428 2389 Deo,
459 2361 517 2384 tum
543 2355 590 2383 alii
618 2354 690 2386 aliis,
709 2357 768 2380 tum
783 2352 900 2380 terrenis
916 2352 994 2387 priu-

200 2407 309 2442 cipibus
324 2415 332 2439 ;
347 2405 402 2432 Deo
415 2403 527 2440 quidem
546 2401 676 2430 erunibus
690 2400 724 2428 de
738 2399 831 2427 causis
845 2409 851 2426 :
864 2398 993 2430 invicem,

200 2456 312 2488 propter
328 2452 481 2478 fraternam
509 2448 688 2477 dilectionem
713 2455 719 2473 :
741 2445 915 2481 principibus
931 2452 995 2479 pro-

200 2503 262 2533 pter
276 2496 401 2524 ordinem
416 2504 424 2528 ;
456 2495 539 2531 idque
562 2502 595 2522 eo
611 2493 709 2528 magis,
725 2499 779 2527 quo
800 2491 994 2518 clementiores

201 2549 227 2572 ct
238 2541 417 2577 benigniores
438 2548 469 2568 se
481 2539 627 2575 gesserint.
647 2538 737 2566 Grave
755 2537 891 2572 siquidem
907 2540 949 2563 est
964 2543 995 2561 ac

201 2587 399 2625 periculosum,
412 2585 523 2615 assidua
540 2585 708 2621 indulgentia
719 2582 934 2611 moderationem
950 2589 996 2609 ex-

200 2634 314 2664 haurire
325 2641 373 2661 :ne
384 2632 487 2666 alioqui
500 2630 659 2668 asperitatis
672 2637 766 2657 eorum
781 2635 869 2664 paena:
884 2626 995 2654 tandem

200 2690 216 2710 a
233 2681 312 2710 nobis
320 2683 495 2715 expetantur,
512 2679 545 2711 si,
559 2677 708 2705 serenitate
723 2675 823 2703 mentis
834 2674 954 2706 sublata,
967 2677 995 2700 et

199 2729 255 2756 luci
272 2727 421 2762 caliginem
435 2724 638 2756 induxerimus,
671 2723 802 2758 mellique
821 2719 991 2749 absinthium

202 2772 443 2802 admiscucrimus.

1086 266 1316 294 ὑποτάσσεσθαι
1333 267 1395 299 τοῖς
1416 268 1555 301 ἇρχουσι.
1579 268 1628 295 κα1
1649 266 1764 300 Erum
1794 266 1848 297 καὶ

1087 301 1284 336 παραχωρεῖν,
1302 302 1351 329 καὶ
1367 300 1529 340 τιμᾷνζκαὶ
1543 303 1588 337 μὴ
1605 304 1787 340 ἀντιλέγειν.

1088 381 1097 397 ι
1116 370 1201 403 Θεοὺς
1215 371 1246 397 οὐ
1271 371 1481 407 κακολογήσεις,
1507 372 1555 400 καὶ
1574 373 1693 409 ἄρχοντα
1710 374 1759 402 τοῦ
1777 374 1847 402 λαοῦ

1051 426 1098 444 σου
1115 417 1166 444 οὐκ
1180 418 1254 453 ἐρεῖς
1265 418 1369 450 κακῶς.
1386 428 1394 444 ι

1087 473 1097 489 ι
1118 463 1250 499 Ἀσεϐὴς,
1281 463 1310 496 ὃς
1338 464 1414 499 λέγει
1436 464 1476 500 τῷ
1505 465 1626 500 βασιλεῖ,
1658 469 1846 503 Παρανομείς.

1056 509 1178 545 Ἀσεόὴς,
1195 510 1224 542 ὃς
1250 510 1300 537 οὐκ
1315 511 1446 547 αἰσχυνθῇ
1471 512 1617 547 πρῦσωπον
1643 514 1766 550 ἐντίμου,
1781 514 1847 542 οὐδὲ

1050 554 1105 583 οἶδε
1120 556 1203 591 τιμὴν
1217 556 1313 584 θέσθαι
1328 557 1446 589 τούτοις,
1466 567 1474 584 ι

1088 611 1099 628 ί
1121 603 1165 629 Ἐν
1180 602 1281 638 είδήσει
1300 612 1347 630 σου
1378 604 1491 639 βασιλέα
1509 605 1547 640 μὴ
1572 606 1728 642 καταράσῃ,
1742 606 1791 634 καὶ
1817 607 1848 632 ἐν

1049 648 1175 684 ταμείοις
1192 649 1322 682 κοιτῶνός
1337 659 1385 677 σου
1404 651 1443 687 μὴ
1460 652 1603 687 καταράσῃ
1631 652 1775 679 πλούσιονο
1801 653 1848 679 ὅτι

1050 695 1174 721 πετεινδν
1190 695 1237 722 τοῦ
1253 696 1369 732 οὐρανοῦ
1391 697 1500 724 ἀποίσει
1514 698 1564 732 τὴν
1579 698 1672 733 φωνήν
1693 707 1750 732 σου,
1767 699 1817 725 καὶ
1834 700 1849 725 ὁ

1050 741 1120 777 ἔχων
1136 742 1286 779 πτέρυγας,
1300 743 1448 778 ἀναγγελεῖ
1462 744 1542 778 λόγον
1561 753 1621 771 σου.
1639 754 1647 770 ι

1089 838 1098 854 ι
1112 829 1199 855 Φοὸοὖ
1216 829 1262 856 τὸν
1275 829 1354 863 Θεὸν,
1371 830 1423 862 υἱὲ,
1437 831 1484 857 καὶ
1496 830 1621 866 βασιλέα,
1636 831 1684 858 καὶ
1701 831 1848 866 μηδετέρῳ

1051 875 1142 902 αὐτῶν
1158 876 1321 912 ἀπειθήσῃς.
1339 886 1348 902 ι

1089 932 1098 948 ι
1114 923 1207 957 Στόμα
1223 923 1358 958 βασιλέως
1387 923 1516 958 φύλαξον,
1534 924 1582 951 καὶ
1606 925 1659 951 ἀπὸ
1686 925 1732 951 τιιῦ
1763 933 1849 958 προσ-

1049 968 1125 995 ώπου
1142 969 1224 996 αὑτοῦ
1245 969 1378 1006 πορεύσῃ,
1401 971 1442 997 ὅτι
1473 970 1562 996 πάντα
1588 970 1639 997 ὅσα
1666 971 1713 996 ὲάν
1739 969 1847 1004 θελήσῃ

1049 1014 1172 1049 ποιῆσαι,
1188 1014 1279 1046 καοὼς
1296 1015 1423 1050 βασιλεὺς
1440 1015 1609 1048 ἐξουσιάζων
1630 1017 1713 1048 ποιεῖ,
1730 1015 1778 1042 καὶ
1802 1015 1849 1047 τίς

1049 1060 1108 1095 ἐρεῖ
1123 1060 1209 1095 αὐτῷ,
1226 1061 1259 1086 Τί
1276 1062 1379 1093 ποιεῑς;
1400 1070 1409 1086 ι

1088 1115 1097 1131 ι
1113 1107 1264 1140 Μεγιστᾶνι
1281 1107 1411 1134 ταπεινοῦ
1426 1108 1475 1143 τὴν
1490 1107 1612 1144 κεφαλήν
1630 1117 1687 1136 σου.
1706 1118 1714 1134 ι

1088 1160 1096 1176 ι
1111 1151 1157 1187 Μὴ
1170 1151 1304 1187 διαμάχου
1323 1151 1393 1187 μετὰ
1408 1152 1555 1188 ἀνθρώπου
1569 1153 1714 1180 δυνάστου.
1733 1163 1743 1179 ι

1083 1250 1093 1266 ι
1111 1239 1377 1275 Προσκαλεσαμένου
1390 1249 1420 1267 σε
1433 1240 1576 1274 δυνάστου,
1588 1239 1741 1276 ὑποχωρῶν
1753 1239 1845 1274 γίνου,

1049 1287 1097 1314 καὶ
1110 1287 1182 1322 τόσῳ
1198 1295 1228 1313 σε
1241 1286 1341 1322 μᾶλλον
1358 1287 1587 1322 προσκαλέσεται.
1605 1296 1614 1313 ι

1089 1342 1098 1358 ι
1124 1332 1167 1358 Ἐν
1181 1333 1256 1368 μέσῳ
1274 1332 1447 1367 μεγιστάνων
1461 1331 1498 1368 μὴ
1514 1332 1651 1365 ὲξίσασον.
1670 1341 1679 1358 ι

1087 1442 1096 1457 ι
1117 1432 1196 1458 Πᾶσα
1210 1431 1282 1467 ψυχὴ
1308 1431 1446 1464 ἐξουσίαις
1466 1431 1668 1468 ὑπερεχούσαις
1689 1432 1846 1459 ὑποτασσέ-

1050 1477 1116 1504 σθω.
1135 1477 1172 1503 Οὐ
1189 1476 1243 1511 γάρ
1267 1477 1342 1503 ἐστιν
1359 1476 1476 1510 ἐξουσία,
1493 1477 1519 1503 εί
1545 1475 1583 1512 μὴ
1600 1476 1653 1503 ὑπὸ
1667 1476 1746 1503 Θεοῦ.
1762 1476 1797 1502 Δί
1817 1476 1846 1502 δὲ

1048 1521 1125 1550 οὖσαι
1142 1522 1275 1555 ἐξουσίαι,
1286 1522 1338 1549 ὑπὸ
1350 1522 1397 1549 τοῦ
1411 1522 1479 1549 Θεοῦ
1491 1523 1659 1558 τεταγμέναι
1670 1523 1739 1549 εἰσίν
1750 1531 1756 1538 ·
1771 1522 1844 1549 ὥστε

1049 1570 1289 1605 ἀντιτασσόμενος,
1308 1570 1341 1605 τῇ
1368 1570 1415 1596 τοῦ
1434 1569 1502 1596 Θεοῦ
1517 1569 1631 1604 διαταγῇ
1653 1569 1843 1603 ἀνθέστηκεν·

1047 1615 1073 1642 οί
1090 1614 1118 1641 δὲ
1133 1614 1343 1651 ἀνθεστηκότες,
1358 1616 1467 1647 ἑαυτοῖς
1483 1616 1571 1651 κρῖμα
1585 1614 1729 1649 λήψονται.
1747 1623 1756 1640 I

1085 1669 1095 1686 ί
1112 1659 1244 1687 Πείθεσθε
1261 1661 1319 1692 τοῖς
1343 1660 1506 1694 ἡγουμένοις
1527 1659 1615 1693 ὑμῶν,
1640 1659 1687 1686 καὶ
1701 1659 1845 1686 ὑπείκετε.

1046 1707 1130 1733 Αὐτοὶ
1146 1707 1201 1741 γὰρ
1222 1706 1409 1741 ἀγρυπνοῦσιν
1425 1707 1495 1741 ὑπὲρ
1517 1705 1570 1732 τῶν
1586 1705 1680 1740 ψυχῶν
1701 1705 1790 1740 ὑμῶν,
1804 1704 1844 1736 ὡς

1046 1754 1124 1788 λόγον
1140 1753 1340 1785 ἀποδώσοντες,
1370 1752 1413 1779 ἴνα
1430 1752 1499 1787 μετὰ
1523 1752 1613 1787 χαρᾶς
1635 1750 1714 1777 τοῦτο
1729 1751 1841 1783 ποιῶσι,

1046 1801 1093 1828 καὶ
1112 1800 1149 1836 μὴ
1168 1800 1353 1832 στενάζοντες.
1377 1798 1547 1830 ’Λλυσιτελὲς
1564 1797 1618 1833 γὰρ
1636 1798 1700 1833 ὑμῖν
1715 1796 1809 1824 τοῦτο.
1830 1805 1842 1822 ι

1085 1902 1094 1918 ί
1116 1890 1288 1925 Ὑποτάγητε
1315 1888 1390 1924 πάσῃ
1419 1888 1579 1923 ἀνθρωπίνῃ
1606 1885 1696 1913 κτίσει
1721 1886 1767 1913 διὰ
1794 1885 1842 1911 τὸν

1046 1939 1159 1974 Κύριον,
1176 1938 1231 1964 εἴτε
1257 1936 1362 1971 βασιλεί
1380 1936 1417 1967 ὡς
1436 1935 1609 1970 ὑπερέχοντι,
1637 1934 1693 1960 εἴτε
1709 1932 1841 1968 ἡγεμόσι,

1046 1984 1083 2015 ὡς
1097 1984 1129 2010 δι’
1145 1982 1226 2009 αὑτοῦ
1247 1980 1450 2017 πεμπομένοις,
1470 1980 1511 2012 είς
1526 1979 1667 2015 ἐκδίκησιν
1684 1978 1734 2014 μὲν
1757 1986 1841 2004 κακο-

1046 2030 1144 2057 ποιῶν.
1161 2038 1170 2054 ι

1082 2075 1127 2110 Τῷ
1144 2075 1263 2109 Καίσαρι
1280 2073 1446 2107 ὑποτάγητε,
1462 2072 1490 2098 ὲν
1508 2069 1549 2103 οἷς
1572 2071 1714 2101 ἀκίνδυνος
1738 2070 1754 2104 ὴ
1777 2069 1841 2095 ὑπο-

1046 2123 1127 2157 ταγή.
1139 2137 1172 2143 —-
1186 2127 1206 2140 πι
1223 2120 1375 2156 Εὐεργεσία
1386 2120 1444 2150 τοῖς
1458 2119 1673 2153 ὑποδεεστέροις,
1686 2117 1732 2143 καὶ
1744 2116 1842 2150 ἄρχειν

1047 2169 1150 2196 ἑαυτῶν
1169 2168 1205 2203 μὴ
1225 2167 1428 2202 ἐπισταμένοις,
1443 2165 1473 2191 τὺ
1488 2164 1624 2191 δουλεύειν
1633 2165 1690 2195 τοῖς
1705 2162 1766 2190 κατ’
1778 2163 1840 2188 ἑπι-

1664 2204 1682 2216 (ξ-

1047 2217 1096 2251 στή
1103 2224 1155 2251 μην
1171 2215 1313 2250 ἄρχουσιν.

1084 2304 1333 2339 Ὑποτασσὼμεθα,
1348 2303 1396 2329 καί
1409 2301 1481 2336 Θεῷ,
1498 2301 1545 2327 καὶ
1567 2298 1704 2334 ἀλλήλοις,
1721 2296 1769 2324 καὶ
1783 2296 1841 2327 τοῖς

1044 2354 1179 2389 ἐπιγείοις
1194 2353 1322 2387 ἄρχουσι·
1334 2348 1393 2383 Θεῷ
1403 2349 1448 2375 διὰ
1460 2347 1561 2378 παντός
1572 2355 1578 2362 '
1591 2346 1636 2372 διὰ
1650 2342 1838 2379 φιλαδελφίαν,

1044 2401 1185 2436 ἀλλήλοις·
1202 2398 1235 2425 δι’
1261 2396 1401 2429 εὐταξίαν,
1416 2396 1473 2426 τοῖς
1493 2394 1638 2429 ἄρχουσιν·
1658 2390 1706 2417 καὶ
1719 2389 1840 2425 τοσούτῳ

1046 2448 1146 2484 μᾶλλον
1159 2447 1269 2481 ὅσῳπερ
1283 2444 1316 2471 ἂν
1331 2440 1397 2470 ὦσιν
1409 2441 1582 2477 ἡμερώτεροι
1593 2439 1640 2466 καὶ
1649 2437 1839 2474 χρηστότεροι.

1045 2495 1136 2521 Δεινον
1153 2493 1208 2528 γὰρ
1241 2490 1392 2518 ἐπιείκειαν
1422 2488 1576 2522 δαπανῆσαι
1593 2485 1632 2521 τῷ
1659 2484 1768 2519 συνεχεῖ
1792 2482 1842 2516 τῆς

1047 2540 1230 2575 συγγνώμης,
1260 2539 1304 2564 ἵνα
1322 2537 1359 2572 μὴ
1389 2536 1436 2562 καὶ
1455 2535 1503 2570 τῆς
1532 2533 1648 2560 ἐκείνων
1670 2529 1841 2566 τραχύτητος

1046 2588 1123 2616 αὐτοὶ
1146 2587 1224 2617 δίκας
1253 2583 1469 2618 ἁπαιτηοῶμεν,
1498 2580 1620 2614 γαλήνην
1651 2574 1841 2612 πνευματικὴν

1046 2634 1192 2664 λύσαντες,
1209 2631 1257 2657 καὶ
1277 2628 1348 2664 φωτὶ
1365 2627 1447 2661 ζόφον
1463 2624 1664 2659 ἐπαγαγόντες,
1684 2620 1733 2649 καὶ
1752 2619 1841 2657 μέλιτι

1048 2678 1268 2713 καταμιγνύντες
1285 2673 1419 2710 ἀψὶνοιον.

951 2854 1068 2883 ΝΟΤίΕ.

239 2906 363 2943 ’“_Siinile
383 2908 445 2942 quid
460 2908 544 2935 habes
562 2907 588 2932 in
600 2905 716 2940 cpistola
734 2903 894 2939 interpolata
925 2903 957 2929 ad
973 2900 1236 2935 Philadelphienses.
