  <div class='ocr_page' id='page_1' title='image "/cluster/home/n/w/nwhite01/storage/ocr_20150623/95:no.2/coo.31924054869999/610.png"; bbox 0 0 3986 6438; ppageno 0'>
   <div class='ocr_carea' id='block_1_1' title="bbox 400 421 540 487">
    <p class='ocr_par' dir='ltr' id='par_1_1' title="bbox 400 421 540 487">
     <span class='ocr_line' id='line_1_1' title="bbox 400 421 540 487; baseline -0.007 0"><span class='ocrx_word' id='word_1_1' title='bbox 400 421 540 487; x_wconf 75' lang='lat'><strong>1209</strong></span> 
     </span>
    </p>
   </div>
   <div class='ocr_carea' id='block_1_2' title="bbox 1594 416 2369 499">
    <p class='ocr_par' dir='ltr' id='par_1_2' title="bbox 1594 416 2369 499">
     <span class='ocr_line' id='line_1_2' title="bbox 1594 416 2369 499; baseline -0.004 -18"><span class='ocrx_word' id='word_1_2' title='bbox 1594 496 1597 499; x_wconf 94' lang='lat'><em>_</em></span> <span class='ocrx_word' id='word_1_3' title='bbox 1646 418 1884 480; x_wconf 77' lang='lat' dir='ltr'><strong>SACRA</strong></span> <span class='ocrx_word' id='word_1_4' title='bbox 1924 416 2369 478; x_wconf 75' lang='lat' dir='ltr'><strong>PARALLELA</strong></span> 
     </span>
    </p>
   </div>
   <div class='ocr_carea' id='block_1_3' title="bbox 3525 415 3671 484">
    <p class='ocr_par' dir='ltr' id='par_1_3' title="bbox 3525 415 3671 484">
     <span class='ocr_line' id='line_1_3' title="bbox 3525 415 3671 484; baseline 0 -1"><span class='ocrx_word' id='word_1_5' title='bbox 3525 415 3671 484; x_wconf 73' lang='lat'><strong>1210</strong></span> 
     </span>
    </p>
   </div>
   <div class='ocr_carea' id='block_1_4' title="bbox 466 518 1958 603">
    <p class='ocr_par' dir='ltr' id='par_1_4' title="bbox 466 518 1958 603">
     <span class='ocr_line' id='line_1_4' title="bbox 466 518 1958 603; baseline -0.006 -15"><span class='ocrx_word' id='word_1_6' title='bbox 466 534 608 598; x_wconf 82' lang='grc' dir='ltr'>Τοὺς</span> <span class='ocrx_word' id='word_1_7' title='bbox 643 532 749 588; x_wconf 71' lang='grc' dir='ltr'><strong>ὑπὸ</strong></span> <span class='ocrx_word' id='word_1_8' title='bbox 796 518 1064 602; x_wconf 64' lang='grc' dir='ltr'>βασιλέως</span> <span class='ocrx_word' id='word_1_9' title='bbox 1112 529 1626 603; x_wconf 80' lang='grc' dir='ltr'>χειροτονουμένους</span> <span class='ocrx_word' id='word_1_10' title='bbox 1664 530 1958 601; x_wconf 80' lang='grc' dir='ltr'>ἄρχοντας</span> 
     </span>
    </p>
   </div>
   <div class='ocr_carea' id='block_1_5' title="bbox 2094 518 3658 603">
    <p class='ocr_par' dir='ltr' id='par_1_5' title="bbox 2149 526 3658 601">
     <span class='ocr_line' id='line_1_5' title="bbox 2149 526 3658 601; baseline -0.002 -15"><span class='ocrx_word' id='word_1_11' title='bbox 2149 526 2428 599; x_wconf 77' lang='lat' dir='ltr'><strong>Chrysost.</strong></span> <span class='ocrx_word' id='word_1_12' title='bbox 2463 528 2986 601; x_wconf 78' lang='lat' dir='ltr'><strong>—Praefectos,qui</strong></span> <span class='ocrx_word' id='word_1_13' title='bbox 3022 528 3093 585; x_wconf 89' lang='lat' dir='ltr'><strong>ab</strong></span> <span class='ocrx_word' id='word_1_14' title='bbox 3116 528 3658 600; x_wconf 87' lang='lat' dir='ltr'><strong>imperatorecrean-</strong></span> 
     </span>
    </p>
   </div>
   <div class='ocr_carea' id='block_1_6' title="bbox 393 619 1958 698">
    <p class='ocr_par' dir='ltr' id='par_1_6' title="bbox 393 620 1958 698">
     <span class='ocr_line' id='line_1_6' title="bbox 393 620 1958 698; baseline -0.004 -17"><span class='ocrx_word' id='word_1_15' title='bbox 393 626 502 681; x_wconf 71' lang='grc' dir='ltr'><strong>κᾶν</strong></span> <span class='ocrx_word' id='word_1_16' title='bbox 525 626 754 698; x_wconf 77' lang='grc' dir='ltr'>πονηροὶ</span> <span class='ocrx_word' id='word_1_17' title='bbox 778 620 935 693; x_wconf 79' lang='grc' dir='ltr'>ὦσιν,</span> <span class='ocrx_word' id='word_1_18' title='bbox 968 624 1160 697; x_wconf 70' lang='grc' dir='ltr'>ἕτερον</span> <span class='ocrx_word' id='word_1_19' title='bbox 1189 622 1484 678; x_wconf 80' lang='grc' dir='ltr'><strong>δεδοικέναι</strong></span> <span class='ocrx_word' id='word_1_20' title='bbox 1508 622 1642 695; x_wconf 80' lang='grc' dir='ltr'>χρὴ,</span> <span class='ocrx_word' id='word_1_21' title='bbox 1672 623 1732 677; x_wconf 83' lang='grc' dir='ltr'>οὐ</span> <span class='ocrx_word' id='word_1_22' title='bbox 1754 621 1844 676; x_wconf 76' lang='grc' dir='ltr'><strong>διὰ</strong></span> <span class='ocrx_word' id='word_1_23' title='bbox 1874 620 1958 694; x_wconf 71' lang='grc' dir='ltr'>τὴι</span> 
     </span>
    </p>
   </div>
   <div class='ocr_carea' id='block_1_7' title="bbox 2094 619 3661 698">
    <p class='ocr_par' dir='ltr' id='par_1_7' title="bbox 2094 619 3661 692">
     <span class='ocr_line' id='line_1_7' title="bbox 2094 619 3661 692; baseline 0 -17"><span class='ocrx_word' id='word_1_24' title='bbox 2094 636 2189 687; x_wconf 91' lang='lat' dir='ltr'><strong>.ur,</strong></span> <span class='ocrx_word' id='word_1_25' title='bbox 2221 620 2440 675; x_wconf 75' lang='lat' dir='ltr'><strong>tametsi</strong></span> <span class='ocrx_word' id='word_1_26' title='bbox 2476 619 2644 692; x_wconf 70' lang='lat'><strong>359</strong></span> <span class='ocrx_word' id='word_1_27' title='bbox 2695 620 2934 691; x_wconf 84' lang='lat' dir='ltr'><strong>improbi</strong></span> <span class='ocrx_word' id='word_1_28' title='bbox 2991 629 3144 688; x_wconf 86' lang='lat' dir='ltr'><strong>sunt,</strong></span> <span class='ocrx_word' id='word_1_29' title='bbox 3205 628 3453 676; x_wconf 89' lang='lat' dir='ltr'><strong>metuere</strong></span> <span class='ocrx_word' id='word_1_30' title='bbox 3475 626 3661 675; x_wconf 88' lang='lat' dir='ltr'><strong>tamen</strong></span> 
     </span>
    </p>
   </div>
   <div class='ocr_carea' id='block_1_8' title="bbox 393 711 1973 789">
    <p class='ocr_par' dir='ltr' id='par_1_8' title="bbox 393 711 1973 789">
     <span class='ocr_line' id='line_1_8' title="bbox 393 711 1973 789; baseline -0.003 -18"><span class='ocrx_word' id='word_1_31' title='bbox 393 716 659 789; x_wconf 82' lang='grc' dir='ltr'>πονηρίαν</span> <span class='ocrx_word' id='word_1_32' title='bbox 682 716 1157 788; x_wconf 80' lang='grc' dir='ltr'><strong>καταφρονοῦντες</strong></span> <span class='ocrx_word' id='word_1_33' title='bbox 1186 714 1390 779; x_wconf 80' lang='grc' dir='ltr'>αὐτῶν,</span> <span class='ocrx_word' id='word_1_34' title='bbox 1415 713 1552 767; x_wconf 84' lang='grc' dir='ltr'><strong>ἀλλά</strong></span> <span class='ocrx_word' id='word_1_35' title='bbox 1583 713 1672 769; x_wconf 80' lang='grc' dir='ltr'><strong>διὰ</strong></span> <span class='ocrx_word' id='word_1_36' title='bbox 1694 712 1793 785; x_wconf 78' lang='grc' dir='ltr'>τὴν</span> <span class='ocrx_word' id='word_1_37' title='bbox 1817 711 1973 778; x_wconf 80' lang='grc' dir='ltr'>ἀξίαν</span> 
     </span>
    </p>
   </div>
   <div class='ocr_carea' id='block_1_9' title="bbox 390 805 1472 881">
    <p class='ocr_par' dir='ltr' id='par_1_9' title="bbox 390 805 1472 881">
     <span class='ocr_line' id='line_1_9' title="bbox 390 805 1472 881; baseline -0.003 -19"><span class='ocrx_word' id='word_1_38' title='bbox 390 808 489 864; x_wconf 81' lang='grc' dir='ltr'><strong>τοῦ</strong></span> <span class='ocrx_word' id='word_1_39' title='bbox 516 809 999 881; x_wconf 76' lang='grc' dir='ltr'><strong>χειροτονήσαντος</strong></span> <span class='ocrx_word' id='word_1_40' title='bbox 1036 805 1472 878; x_wconf 78' lang='grc' dir='ltr'>δυσωπούμενοι.</span> 
     </span>
    </p>
   </div>
   <div class='ocr_carea' id='block_1_10' title="bbox 461 982 1972 1058">
    <p class='ocr_par' dir='ltr' id='par_1_10' title="bbox 461 982 1972 1058">
     <span class='ocr_line' id='line_1_10' title="bbox 461 982 1972 1058; baseline -0.003 -16"><span class='ocrx_word' id='word_1_41' title='bbox 461 986 669 1050; x_wconf 78' lang='grc' dir='ltr'><strong>Πάντες</strong></span> <span class='ocrx_word' id='word_1_42' title='bbox 697 987 745 1041; x_wconf 78' lang='lat' dir='ltr'><strong>oi</strong></span> <span class='ocrx_word' id='word_1_43' title='bbox 770 985 1037 1058; x_wconf 76' lang='grc' dir='ltr'>ἄρχεσθαι</span> <span class='ocrx_word' id='word_1_44' title='bbox 1073 985 1262 1051; x_wconf 83' lang='grc' dir='ltr'>κακῶς</span> <span class='ocrx_word' id='word_1_45' title='bbox 1302 983 1706 1058; x_wconf 78' lang='grc' dir='ltr'><strong>μεμαθηκότες,</strong></span> <span class='ocrx_word' id='word_1_46' title='bbox 1744 985 1841 1039; x_wconf 76' lang='grc' dir='ltr'>καὶ</span> <span class='ocrx_word' id='word_1_47' title='bbox 1866 982 1972 1057; x_wconf 80' lang='grc' dir='ltr'>ἀρ-</span> 
     </span>
    </p>
   </div>
   <div class='ocr_carea' id='block_1_11' title="bbox 383 1077 1798 1154">
    <p class='ocr_par' dir='ltr' id='par_1_11' title="bbox 383 1077 1798 1154">
     <span class='ocr_line' id='line_1_11' title="bbox 383 1077 1798 1154; baseline -0.002 -20"><span class='ocrx_word' id='word_1_48' title='bbox 383 1097 506 1154; x_wconf 80' lang='grc' dir='ltr'>χειν</span> <span class='ocrx_word' id='word_1_49' title='bbox 524 1079 786 1150; x_wconf 77' lang='grc' dir='ltr'>εἴσονται,</span> <span class='ocrx_word' id='word_1_50' title='bbox 817 1079 1185 1151; x_wconf 83' lang='grc' dir='ltr'><strong>παρελθόντες</strong></span> <span class='ocrx_word' id='word_1_51' title='bbox 1214 1079 1294 1144; x_wconf 88' lang='grc' dir='ltr'><strong>είς</strong></span> <span class='ocrx_word' id='word_1_52' title='bbox 1326 1078 1582 1145; x_wconf 74' lang='grc' dir='ltr'>ἐξουσίαν</span> <span class='ocrx_word' id='word_1_53' title='bbox 1604 1077 1798 1133; x_wconf 82' lang='grc' dir='ltr'>αὑτοῦ.</span> 
     </span>
    </p>
   </div>
   <div class='ocr_carea' id='block_1_12' title="bbox 466 1250 1962 1331">
    <p class='ocr_par' dir='ltr' id='par_1_12' title="bbox 466 1250 1962 1331">
     <span class='ocr_line' id='line_1_12' title="bbox 466 1250 1962 1331; baseline -0.008 -17"><span class='ocrx_word' id='word_1_54' title='bbox 466 1259 528 1314; x_wconf 89' lang='lat'><strong>&#39;0</strong></span> <span class='ocrx_word' id='word_1_55' title='bbox 560 1258 750 1331; x_wconf 88' lang='grc' dir='ltr'>μαθὼν</span> <span class='ocrx_word' id='word_1_56' title='bbox 775 1257 1062 1330; x_wconf 79' lang='grc' dir='ltr'>ἄρχεσθαι,</span> <span class='ocrx_word' id='word_1_57' title='bbox 1113 1256 1210 1312; x_wconf 75' lang='grc' dir='ltr'>καὶ</span> <span class='ocrx_word' id='word_1_58' title='bbox 1238 1256 1430 1327; x_wconf 80' lang='grc' dir='ltr'>ἄρχειν</span> <span class='ocrx_word' id='word_1_59' title='bbox 1478 1253 1642 1317; x_wconf 81' lang='grc' dir='ltr'>εὐθὺς</span> <span class='ocrx_word' id='word_1_60' title='bbox 1676 1250 1962 1322; x_wconf 83' lang='grc' dir='ltr'>μανθάνει.</span> 
     </span>
    </p>
   </div>
   <div class='ocr_carea' id='block_1_13' title="bbox 380 1344 1966 1425">
    <p class='ocr_par' dir='ltr' id='par_1_13' title="bbox 380 1344 1966 1425">
     <span class='ocr_line' id='line_1_13' title="bbox 380 1344 1966 1425; baseline -0.009 -13"><span class='ocrx_word' id='word_1_61' title='bbox 380 1355 517 1413; x_wconf 80' lang='grc' dir='ltr'><strong>Οὐδὲ</strong></span> <span class='ocrx_word' id='word_1_62' title='bbox 548 1355 660 1425; x_wconf 85' lang='grc' dir='ltr'><strong>γάρ</strong></span> <span class='ocrx_word' id='word_1_63' title='bbox 709 1356 759 1407; x_wconf 77' lang='grc' dir='ltr'><strong>ει</strong></span> <span class='ocrx_word' id='word_1_64' title='bbox 806 1354 991 1425; x_wconf 82' lang='grc' dir='ltr'><strong>πάσης</strong></span> <span class='ocrx_word' id='word_1_65' title='bbox 1042 1353 1151 1425; x_wconf 83' lang='grc' dir='ltr'><strong>γῆς</strong></span> <span class='ocrx_word' id='word_1_66' title='bbox 1205 1352 1304 1407; x_wconf 70' lang='grc' dir='ltr'>καὶ</span> <span class='ocrx_word' id='word_1_67' title='bbox 1347 1350 1621 1420; x_wconf 81' lang='grc' dir='ltr'><strong>θαλάττης</strong></span> <span class='ocrx_word' id='word_1_68' title='bbox 1668 1347 1732 1401; x_wconf 78' lang='grc' dir='ltr'>τὸ</span> <span class='ocrx_word' id='word_1_69' title='bbox 1763 1344 1966 1418; x_wconf 81' lang='grc' dir='ltr'>κράτος</span> 
     </span>
    </p>
   </div>
   <div class='ocr_carea' id='block_1_14' title="bbox 377 1436 1963 1518">
    <p class='ocr_par' dir='ltr' id='par_1_14' title="bbox 377 1436 1963 1518">
     <span class='ocr_line' id='line_1_14' title="bbox 377 1436 1963 1518; baseline -0.005 -17"><span class='ocrx_word' id='word_1_70' title='bbox 377 1446 645 1518; x_wconf 82' lang='grc' dir='ltr'>ἀνάψοιτό</span> <span class='ocrx_word' id='word_1_71' title='bbox 676 1463 786 1515; x_wconf 85' lang='grc' dir='ltr'>τις,</span> <span class='ocrx_word' id='word_1_72' title='bbox 833 1445 1020 1518; x_wconf 77' lang='grc' dir='ltr'>ἄρχων</span> <span class='ocrx_word' id='word_1_73' title='bbox 1064 1446 1137 1499; x_wconf 83' lang='grc' dir='ltr'>ἂν</span> <span class='ocrx_word' id='word_1_74' title='bbox 1156 1445 1240 1516; x_wconf 63' lang='lat' dir='ltr'><strong>ab)</strong></span> <span class='ocrx_word' id='word_1_75' title='bbox 1285 1445 1423 1516; x_wconf 85' lang='grc' dir='ltr'>πρὸς</span> <span class='ocrx_word' id='word_1_76' title='bbox 1464 1441 1747 1515; x_wconf 75' lang='grc' dir='ltr'>ἀλήθειαν,</span> <span class='ocrx_word' id='word_1_77' title='bbox 1778 1440 1828 1493; x_wconf 83' lang='grc' dir='ltr'><strong>εί</strong></span> <span class='ocrx_word' id='word_1_78' title='bbox 1887 1436 1963 1510; x_wconf 81' lang='grc' dir='ltr'>μὴ</span> 
     </span>
    </p>
   </div>
   <div class='ocr_carea' id='block_1_15' title="bbox 380 1536 1536 1611">
    <p class='ocr_par' dir='ltr' id='par_1_15' title="bbox 380 1536 1536 1611">
     <span class='ocr_line' id='line_1_15' title="bbox 380 1536 1536 1611; baseline -0.002 -19"><span class='ocrx_word' id='word_1_79' title='bbox 380 1539 543 1611; x_wconf 77' lang='grc' dir='ltr'>μάθοι</span> <span class='ocrx_word' id='word_1_80' title='bbox 576 1536 673 1591; x_wconf 73' lang='grc' dir='ltr'>καὶ</span> <span class='ocrx_word' id='word_1_81' title='bbox 701 1536 1128 1609; x_wconf 72' lang='grc' dir='ltr'>προπαιδευθείη</span> <span class='ocrx_word' id='word_1_82' title='bbox 1159 1537 1222 1590; x_wconf 76' lang='grc' dir='ltr'>τὸ</span> <span class='ocrx_word' id='word_1_83' title='bbox 1248 1536 1536 1608; x_wconf 79' lang='grc' dir='ltr'>ἄρχεσθαι.</span> 
     </span>
    </p>
   </div>
   <div class='ocr_carea' id='block_1_16' title="bbox 449 1610 1963 1702">
    <p class='ocr_par' dir='ltr' id='par_1_16' title="bbox 449 1610 1963 1702">
     <span class='ocr_line' id='line_1_16' title="bbox 449 1610 1963 1702; baseline -0.004 -18"><span class='ocrx_word' id='word_1_84' title='bbox 449 1631 523 1685; x_wconf 83' lang='grc' dir='ltr'><strong>Τὸ</strong></span> <span class='ocrx_word' id='word_1_85' title='bbox 554 1629 957 1684; x_wconf 80' lang='grc' dir='ltr'><strong>ὑποτάττεσθαι</strong></span> <span class='ocrx_word' id='word_1_86' title='bbox 992 1632 1111 1694; x_wconf 79' lang='grc' dir='ltr'>τοῖς</span> <span class='ocrx_word' id='word_1_87' title='bbox 1156 1629 1491 1702; x_wconf 78' lang='grc' dir='ltr'>κρείττοσιν,</span> <span class='ocrx_word' id='word_1_88' title='bbox 1538 1610 1963 1698; x_wconf 66' lang='grc' dir='ltr'>ἇῗφελιμώτατον</span> 
     </span>
    </p>
   </div>
   <div class='ocr_carea' id='block_1_17' title="bbox 374 1720 1960 1792">
    <p class='ocr_par' dir='ltr' id='par_1_17' title="bbox 374 1720 1960 1792">
     <span class='ocr_line' id='line_1_17' title="bbox 374 1720 1960 1792; baseline -0.004 -15"><span class='ocrx_word' id='word_1_89' title='bbox 374 1720 683 1792; x_wconf 76' lang='grc' dir='ltr'>ἀνθρώπῳο</span> <span class='ocrx_word' id='word_1_90' title='bbox 711 1721 949 1792; x_wconf 78' lang='grc' dir='ltr'>χαλεποῦ</span> <span class='ocrx_word' id='word_1_91' title='bbox 980 1721 1133 1787; x_wconf 74' lang='grc' dir='ltr'>ὄντος</span> <span class='ocrx_word' id='word_1_92' title='bbox 1156 1722 1219 1777; x_wconf 79' lang='grc' dir='ltr'>τὸ</span> <span class='ocrx_word' id='word_1_93' title='bbox 1259 1721 1462 1777; x_wconf 80' lang='grc' dir='ltr'>εἰδέναι</span> <span class='ocrx_word' id='word_1_94' title='bbox 1507 1720 1797 1791; x_wconf 77' lang='grc' dir='ltr'>ἄρχεσθαι,</span> <span class='ocrx_word' id='word_1_95' title='bbox 1845 1730 1960 1771; x_wconf 75' lang='grc' dir='ltr'>κιν-</span> 
     </span>
    </p>
   </div>
   <div class='ocr_carea' id='block_1_18' title="bbox 376 1808 1885 1886">
    <p class='ocr_par' dir='ltr' id='par_1_18' title="bbox 376 1808 1885 1886">
     <span class='ocr_line' id='line_1_18' title="bbox 376 1808 1885 1886; baseline -0.004 -18"><span class='ocrx_word' id='word_1_96' title='bbox 376 1812 589 1868; x_wconf 88' lang='grc' dir='ltr'>δυνεύει</span> <span class='ocrx_word' id='word_1_97' title='bbox 617 1812 799 1885; x_wconf 79' lang='grc' dir='ltr'>πολλῷ</span> <span class='ocrx_word' id='word_1_98' title='bbox 825 1812 1206 1886; x_wconf 84' lang='grc' dir='ltr'>χαλεπώτερον</span> <span class='ocrx_word' id='word_1_99' title='bbox 1233 1812 1295 1868; x_wconf 75' lang='grc' dir='ltr'>τὸ</span> <span class='ocrx_word' id='word_1_100' title='bbox 1337 1812 1527 1885; x_wconf 77' lang='grc' dir='ltr'>ἄρχειν</span> <span class='ocrx_word' id='word_1_101' title='bbox 1560 1808 1885 1882; x_wconf 80' lang='grc' dir='ltr'>ἀνθρώπων.</span> 
     </span>
    </p>
   </div>
   <div class='ocr_carea' id='block_1_19' title="bbox 281 2006 1961 2090">
    <p class='ocr_par' dir='ltr' id='par_1_19' title="bbox 281 2006 1961 2090">
     <span class='ocr_line' id='line_1_19' title="bbox 281 2006 1961 2090; baseline -0.002 -25"><span class='ocrx_word' id='word_1_102' title='bbox 281 2086 288 2090; x_wconf 85' lang='lat'>_</span> <span class='ocrx_word' id='word_1_103' title='bbox 382 2007 560 2068; x_wconf 83' lang='lat' dir='ltr'><strong>I&#39;ITA.</strong></span> <span class='ocrx_word' id='word_1_104' title='bbox 583 2011 931 2080; x_wconf 80' lang='grc' dir='ltr'>ΚΒ’.-Περί</span> <span class='ocrx_word' id='word_1_105' title='bbox 955 2010 1268 2090; x_wconf 70' lang='grc' dir='ltr'>ἀναρχίας,</span> <span class='ocrx_word' id='word_1_106' title='bbox 1290 2008 1423 2079; x_wconf 71' lang='grc' dir='ltr'>ἤτοι</span> <span class='ocrx_word' id='word_1_107' title='bbox 1437 2008 1592 2065; x_wconf 68' lang='grc' dir='ltr'>λαοῦ</span> <span class='ocrx_word' id='word_1_108' title='bbox 1606 2007 1693 2079; x_wconf 74' lang='grc' dir='ltr'>μὴ</span> <span class='ocrx_word' id='word_1_109' title='bbox 1713 2006 1961 2078; x_wconf 75' lang='grc' dir='ltr'>ἔχοντος</span> 
     </span>
    </p>
   </div>
   <div class='ocr_carea' id='block_1_20' title="bbox 1029 2080 1305 2151">
    <p class='ocr_par' dir='ltr' id='par_1_20' title="bbox 1029 2080 1305 2151">
     <span class='ocr_line' id='line_1_20' title="bbox 1029 2080 1305 2151; baseline 0 -17"><span class='ocrx_word' id='word_1_110' title='bbox 1029 2080 1305 2151; x_wconf 70' lang='grc' dir='ltr'>ποιμένα.</span> 
     </span>
    </p>
   </div>
   <div class='ocr_carea' id='block_1_21' title="bbox 450 2192 1965 2268">
    <p class='ocr_par' dir='ltr' id='par_1_21' title="bbox 450 2192 1965 2268">
     <span class='ocr_line' id='line_1_21' title="bbox 450 2192 1965 2268; baseline 0.003 -22"><span class='ocrx_word' id='word_1_111' title='bbox 450 2212 472 2246; x_wconf 71' lang='grc' dir='ltr'><strong>ι</strong></span> <span class='ocrx_word' id='word_1_112' title='bbox 509 2193 765 2263; x_wconf 85' lang='grc' dir='ltr'>Ποιήσεις</span> <span class='ocrx_word' id='word_1_113' title='bbox 812 2194 941 2256; x_wconf 81' lang='grc' dir='ltr'>τοὺς</span> <span class='ocrx_word' id='word_1_114' title='bbox 992 2193 1317 2265; x_wconf 80' lang='grc' dir='ltr'>ἀνθρώπους</span> <span class='ocrx_word' id='word_1_115' title='bbox 1355 2195 1432 2259; x_wconf 82' lang='grc' dir='ltr'><strong>ὡς</strong></span> <span class='ocrx_word' id='word_1_116' title='bbox 1477 2195 1606 2259; x_wconf 83' lang='grc' dir='ltr'>τοὺς</span> <span class='ocrx_word' id='word_1_117' title='bbox 1642 2192 1834 2264; x_wconf 89' lang='grc' dir='ltr'>ίχθύας</span> <span class='ocrx_word' id='word_1_118' title='bbox 1861 2196 1965 2268; x_wconf 83' lang='grc' dir='ltr'>τῆς</span> 
     </span>
    </p>
   </div>
   <div class='ocr_carea' id='block_1_22' title="bbox 378 2268 1955 2356">
    <p class='ocr_par' dir='ltr' id='par_1_22' title="bbox 378 2268 1955 2356">
     <span class='ocr_line' id='line_1_22' title="bbox 378 2268 1955 2356; baseline -0.003 -17"><span class='ocrx_word' id='word_1_119' title='bbox 378 2285 677 2354; x_wconf 82' lang='grc' dir='ltr'>θαλάσσης,</span> <span class='ocrx_word' id='word_1_120' title='bbox 703 2285 800 2340; x_wconf 79' lang='grc' dir='ltr'>καὶ</span> <span class='ocrx_word' id='word_1_121' title='bbox 819 2284 896 2349; x_wconf 82' lang='grc' dir='ltr'><strong>ὡς</strong></span> <span class='ocrx_word' id='word_1_122' title='bbox 912 2285 982 2339; x_wconf 82' lang='grc' dir='ltr'>τὰ</span> <span class='ocrx_word' id='word_1_123' title='bbox 999 2285 1209 2356; x_wconf 76' lang='grc' dir='ltr'>ἑρπετὰ</span> <span class='ocrx_word' id='word_1_124' title='bbox 1232 2286 1335 2339; x_wconf 84' lang='grc' dir='ltr'>οὐκ</span> <span class='ocrx_word' id='word_1_125' title='bbox 1357 2285 1553 2356; x_wconf 73' lang='grc' dir='ltr'>ἔχοντα</span> <span class='ocrx_word' id='word_1_126' title='bbox 1584 2268 1911 2356; x_wconf 74' lang='grc' dir='ltr'>ἡγούμενον.</span> <span class='ocrx_word' id='word_1_127' title='bbox 1935 2302 1955 2335; x_wconf 76' lang='grc' dir='ltr'><strong>ι</strong></span> 
     </span>
    </p>
   </div>
   <div class='ocr_carea' id='block_1_23' title="bbox 452 2373 1961 2451">
    <p class='ocr_par' dir='ltr' id='par_1_23' title="bbox 452 2373 1961 2451">
     <span class='ocr_line' id='line_1_23' title="bbox 452 2373 1961 2451; baseline 0.001 -21"><span class='ocrx_word' id='word_1_128' title='bbox 452 2396 472 2430; x_wconf 78' lang='grc' dir='ltr'><strong>ι</strong></span> <span class='ocrx_word' id='word_1_129' title='bbox 545 2375 752 2431; x_wconf 81' lang='grc' dir='ltr'>Ἐλθὼν</span> <span class='ocrx_word' id='word_1_130' title='bbox 797 2379 828 2431; x_wconf 83' lang='grc' dir='ltr'>ὁ</span> <span class='ocrx_word' id='word_1_131' title='bbox 897 2377 1133 2451; x_wconf 81' lang='grc' dir='ltr'>Ἰησοῦς.</span> <span class='ocrx_word' id='word_1_132' title='bbox 1200 2373 1339 2431; x_wconf 73' lang='grc' dir='ltr'>εἶδεν</span> <span class='ocrx_word' id='word_1_133' title='bbox 1393 2378 1552 2448; x_wconf 75' lang='grc' dir='ltr'>ὄχλον</span> <span class='ocrx_word' id='word_1_134' title='bbox 1614 2378 1805 2444; x_wconf 87' lang='grc' dir='ltr'>πολὺν,</span> <span class='ocrx_word' id='word_1_135' title='bbox 1864 2378 1961 2431; x_wconf 69' lang='grc' dir='ltr'><strong>καὶ</strong></span> 
     </span>
    </p>
   </div>
   <div class='ocr_carea' id='block_1_24' title="bbox 377 2465 1963 2542">
    <p class='ocr_par' dir='ltr' id='par_1_24' title="bbox 377 2465 1963 2542">
     <span class='ocr_line' id='line_1_24' title="bbox 377 2465 1963 2542; baseline 0.001 -19"><span class='ocrx_word' id='word_1_136' title='bbox 377 2469 789 2542; x_wconf 74' lang='grc' dir='ltr'>ἐσπλαγχνίσθη</span> <span class='ocrx_word' id='word_1_137' title='bbox 828 2472 916 2526; x_wconf 76' lang='grc' dir='ltr'><strong>ἐπ’</strong></span> <span class='ocrx_word' id='word_1_138' title='bbox 969 2472 1196 2537; x_wconf 77' lang='grc' dir='ltr'>αὐτοῖς,</span> <span class='ocrx_word' id='word_1_139' title='bbox 1258 2470 1341 2525; x_wconf 87' lang='grc' dir='ltr'>ὅτι</span> <span class='ocrx_word' id='word_1_140' title='bbox 1395 2465 1538 2542; x_wconf 77' lang='grc' dir='ltr'>ἦσαν</span> <span class='ocrx_word' id='word_1_141' title='bbox 1587 2469 1664 2534; x_wconf 85' lang='grc' dir='ltr'><strong>ὡς</strong></span> <span class='ocrx_word' id='word_1_142' title='bbox 1712 2468 1963 2540; x_wconf 77' lang='grc' dir='ltr'>πρόϐατα</span> 
     </span>
    </p>
   </div>
   <div class='ocr_carea' id='block_1_25' title="bbox 377 2561 729 2632">
    <p class='ocr_par' dir='ltr' id='par_1_25' title="bbox 377 2561 729 2632">
     <span class='ocr_line' id='line_1_25' title="bbox 377 2561 729 2632; baseline -0.003 -16"><span class='ocrx_word' id='word_1_143' title='bbox 377 2561 671 2632; x_wconf 85' lang='grc' dir='ltr'>ἀποίμενα.</span> <span class='ocrx_word' id='word_1_144' title='bbox 710 2580 729 2615; x_wconf 82' lang='grc' dir='ltr'><strong>ι</strong></span> 
     </span>
    </p>
   </div>
   <div class='ocr_carea' id='block_1_26' title="bbox 447 2652 1961 2726">
    <p class='ocr_par' dir='ltr' id='par_1_26' title="bbox 447 2652 1961 2726">
     <span class='ocr_line' id='line_1_26' title="bbox 447 2652 1961 2726; baseline -0.001 -19"><span class='ocrx_word' id='word_1_145' title='bbox 447 2655 522 2709; x_wconf 84' lang='grc' dir='ltr'><strong>Τό</strong></span> <span class='ocrx_word' id='word_1_146' title='bbox 536 2671 595 2708; x_wconf 84' lang='grc' dir='ltr'><strong>τε</strong></span> <span class='ocrx_word' id='word_1_147' title='bbox 621 2654 878 2726; x_wconf 87' lang='grc' dir='ltr'>ἄναρχον,</span> <span class='ocrx_word' id='word_1_148' title='bbox 905 2654 1142 2711; x_wconf 83' lang='grc' dir='ltr'>ἄτακτον</span> <span class='ocrx_word' id='word_1_149' title='bbox 1163 2670 1180 2687; x_wconf 86' lang='grc'><strong>·</strong></span> <span class='ocrx_word' id='word_1_150' title='bbox 1196 2653 1257 2707; x_wconf 84' lang='grc' dir='ltr'>τὸ</span> <span class='ocrx_word' id='word_1_151' title='bbox 1280 2652 1614 2725; x_wconf 84' lang='grc' dir='ltr'>πολύαρχον,</span> <span class='ocrx_word' id='word_1_152' title='bbox 1640 2652 1961 2718; x_wconf 82' lang='grc' dir='ltr'>στασιῶδες,</span> 
     </span>
    </p>
   </div>
   <div class='ocr_carea' id='block_1_27' title="bbox 379 2743 1965 2816">
    <p class='ocr_par' dir='ltr' id='par_1_27' title="bbox 379 2743 1965 2816">
     <span class='ocr_line' id='line_1_27' title="bbox 379 2743 1965 2816; baseline 0 -17"><span class='ocrx_word' id='word_1_153' title='bbox 379 2746 472 2800; x_wconf 76' lang='grc' dir='ltr'>καὶ</span> <span class='ocrx_word' id='word_1_154' title='bbox 498 2744 670 2810; x_wconf 80' lang='grc' dir='ltr'>οὕτως</span> <span class='ocrx_word' id='word_1_155' title='bbox 698 2746 956 2816; x_wconf 83' lang='grc' dir='ltr'>ἄναρχον,</span> <span class='ocrx_word' id='word_1_156' title='bbox 988 2744 1083 2799; x_wconf 76' lang='grc' dir='ltr'>καὶ</span> <span class='ocrx_word' id='word_1_157' title='bbox 1105 2743 1281 2809; x_wconf 77' lang='grc' dir='ltr'>οὕτως</span> <span class='ocrx_word' id='word_1_158' title='bbox 1326 2744 1586 2799; x_wconf 79' lang='grc' dir='ltr'>ἄτακτον.</span> <span class='ocrx_word' id='word_1_159' title='bbox 1621 2745 1717 2808; x_wconf 69' lang='lat' dir='ltr'><strong>EI;</strong></span> <span class='ocrx_word' id='word_1_160' title='bbox 1765 2744 1965 2800; x_wconf 77' lang='grc' dir='ltr'>ταύτὸν</span> 
     </span>
    </p>
   </div>
   <div class='ocr_carea' id='block_1_28' title="bbox 376 2833 1957 2909">
    <p class='ocr_par' dir='ltr' id='par_1_28' title="bbox 376 2833 1957 2909">
     <span class='ocr_line' id='line_1_28' title="bbox 376 2833 1957 2909; baseline -0.001 -18"><span class='ocrx_word' id='word_1_161' title='bbox 376 2836 488 2909; x_wconf 80' lang='grc' dir='ltr'><strong>γὰρ</strong></span> <span class='ocrx_word' id='word_1_162' title='bbox 514 2837 803 2908; x_wconf 83' lang='grc' dir='ltr'>ἀμφότερα</span> <span class='ocrx_word' id='word_1_163' title='bbox 835 2836 1013 2907; x_wconf 82' lang='grc' dir='ltr'>φέρει,</span> <span class='ocrx_word' id='word_1_164' title='bbox 1066 2835 1167 2906; x_wconf 82' lang='grc' dir='ltr'>τὴν</span> <span class='ocrx_word' id='word_1_165' title='bbox 1197 2833 1452 2901; x_wconf 77' lang='grc' dir='ltr'>ἀταξίαν,</span> <span class='ocrx_word' id='word_1_166' title='bbox 1502 2836 1584 2900; x_wconf 87' lang='grc' dir='ltr'><strong>είς</strong></span> <span class='ocrx_word' id='word_1_167' title='bbox 1622 2835 1680 2890; x_wconf 80' lang='grc' dir='ltr'><strong>δὲ</strong></span> <span class='ocrx_word' id='word_1_168' title='bbox 1715 2833 1957 2891; x_wconf 75' lang='grc' dir='ltr'>ἔκλυσιν.</span> 
     </span>
    </p>
   </div>
   <div class='ocr_carea' id='block_1_29' title="bbox 387 2926 1248 3000">
    <p class='ocr_par' dir='ltr' id='par_1_29' title="bbox 387 2926 1248 3000">
     <span class='ocr_line' id='line_1_29' title="bbox 387 2926 1248 3000; baseline 0.003 -20"><span class='ocrx_word' id='word_1_169' title='bbox 387 2928 615 2993; x_wconf 76' lang='grc' dir='ltr'>’Λταξία</span> <span class='ocrx_word' id='word_1_170' title='bbox 643 2927 752 3000; x_wconf 84' lang='grc' dir='ltr'><strong>γάρ</strong></span> <span class='ocrx_word' id='word_1_171' title='bbox 785 2927 985 2999; x_wconf 82' lang='grc' dir='ltr'>μελέτη</span> <span class='ocrx_word' id='word_1_172' title='bbox 1016 2926 1248 2990; x_wconf 89' lang='grc' dir='ltr'>λύσεως.</span> 
     </span>
    </p>
   </div>
   <div class='ocr_carea' id='block_1_30' title="bbox 2075 710 3659 785">
    <p class='ocr_par' dir='ltr' id='par_1_30' title="bbox 2075 710 3659 785">
     <span class='ocr_line' id='line_1_30' title="bbox 2075 710 3659 785; baseline -0.002 -17"><span class='ocrx_word' id='word_1_173' title='bbox 2075 712 2365 778; x_wconf 85' lang='lat' dir='ltr'><strong>debemus,</strong></span> <span class='ocrx_word' id='word_1_174' title='bbox 2396 726 2500 768; x_wconf 90' lang='lat' dir='ltr'><strong>nec</strong></span> <span class='ocrx_word' id='word_1_175' title='bbox 2528 726 2627 769; x_wconf 86' lang='lat' dir='ltr'><strong>eos</strong></span> <span class='ocrx_word' id='word_1_176' title='bbox 2656 713 2943 782; x_wconf 84' lang='lat' dir='ltr'><strong>aspernari</strong></span> <span class='ocrx_word' id='word_1_177' title='bbox 2975 722 3199 785; x_wconf 80' lang='lat' dir='ltr'><strong>propter</strong></span> <span class='ocrx_word' id='word_1_178' title='bbox 3230 710 3659 784; x_wconf 86' lang='lat' dir='ltr'><strong>improbitatem,</strong></span> 
     </span>
    </p>
   </div>
   <div class='ocr_carea' id='block_1_31' title="bbox 2084 800 3658 877">
    <p class='ocr_par' dir='ltr' id='par_1_31' title="bbox 2084 800 3658 877">
     <span class='ocr_line' id='line_1_31' title="bbox 2084 800 3658 877; baseline -0.004 -16"><span class='ocrx_word' id='word_1_179' title='bbox 2084 804 2182 861; x_wconf 88' lang='lat' dir='ltr'><strong>sed</strong></span> <span class='ocrx_word' id='word_1_180' title='bbox 2213 812 2441 877; x_wconf 82' lang='lat' dir='ltr'><strong>propter</strong></span> <span class='ocrx_word' id='word_1_181' title='bbox 2475 804 2600 876; x_wconf 83' lang='lat' dir='ltr'><strong>ejus</strong></span> <span class='ocrx_word' id='word_1_182' title='bbox 2631 818 2662 860; x_wconf 89' lang='lat' dir='ltr'><strong>a</strong></span> <span class='ocrx_word' id='word_1_183' title='bbox 2690 818 2799 877; x_wconf 85' lang='lat' dir='ltr'><strong>quo</strong></span> <span class='ocrx_word' id='word_1_184' title='bbox 2833 805 3120 861; x_wconf 84' lang='lat' dir='ltr'><strong>constituti</strong></span> <span class='ocrx_word' id='word_1_185' title='bbox 3149 811 3301 871; x_wconf 86' lang='lat' dir='ltr'><strong>sunt,</strong></span> <span class='ocrx_word' id='word_1_186' title='bbox 3337 800 3658 877; x_wconf 71' lang='lat' dir='ltr'><strong>dignitatem</strong></span> 
     </span>
    </p>
   </div>
   <div class='ocr_carea' id='block_1_32' title="bbox 2073 897 2344 952">
    <p class='ocr_par' dir='ltr' id='par_1_32' title="bbox 2073 897 2344 952">
     <span class='ocr_line' id='line_1_32' title="bbox 2073 897 2344 952; baseline -0.007 0"><span class='ocrx_word' id='word_1_187' title='bbox 2073 897 2344 952; x_wconf 82' lang='lat' dir='ltr'><strong>revereri.</strong></span> 
     </span>
    </p>
   </div>
   <div class='ocr_carea' id='block_1_33' title="bbox 2141 985 3657 1059">
    <p class='ocr_par' dir='ltr' id='par_1_33' title="bbox 2141 985 3657 1059">
     <span class='ocr_line' id='line_1_33' title="bbox 2141 985 3657 1059; baseline -0.003 -16"><span class='ocrx_word' id='word_1_188' title='bbox 2141 987 2384 1059; x_wconf 71' lang='lat' dir='ltr'><strong>Iosephi.</strong></span> <span class='ocrx_word' id='word_1_189' title='bbox 2414 1018 2483 1030; x_wconf 94' lang='lat'><strong><em>—</em></strong></span> <span class='ocrx_word' id='word_1_190' title='bbox 2507 985 2712 1045; x_wconf 83' lang='lat' dir='ltr'><strong>Omnes</strong></span> <span class='ocrx_word' id='word_1_191' title='bbox 2740 987 2837 1059; x_wconf 86' lang='lat' dir='ltr'><strong>qui</strong></span> <span class='ocrx_word' id='word_1_192' title='bbox 2869 986 3107 1043; x_wconf 83' lang='lat' dir='ltr'><strong>subesse</strong></span> <span class='ocrx_word' id='word_1_193' title='bbox 3141 994 3201 1043; x_wconf 84' lang='lat' dir='ltr'><strong>et</strong></span> <span class='ocrx_word' id='word_1_194' title='bbox 3224 1001 3426 1058; x_wconf 82' lang='lat' dir='ltr'><strong>parere</strong></span> <span class='ocrx_word' id='word_1_195' title='bbox 3449 985 3657 1041; x_wconf 88' lang='lat' dir='ltr'><strong>didice—</strong></span> 
     </span>
    </p>
   </div>
   <div class='ocr_carea' id='block_1_34' title="bbox 2070 1073 3657 1152">
    <p class='ocr_par' dir='ltr' id='par_1_34' title="bbox 2070 1073 3657 1152">
     <span class='ocr_line' id='line_1_34' title="bbox 2070 1073 3657 1152; baseline -0.002 -18"><span class='ocrx_word' id='word_1_196' title='bbox 2070 1089 2222 1149; x_wconf 87' lang='lat' dir='ltr'><strong>runt,</strong></span> <span class='ocrx_word' id='word_1_197' title='bbox 2251 1088 2403 1137; x_wconf 87' lang='lat' dir='ltr'><strong>recte</strong></span> <span class='ocrx_word' id='word_1_198' title='bbox 2433 1094 2659 1152; x_wconf 90' lang='lat' dir='ltr'><strong>quoque</strong></span> <span class='ocrx_word' id='word_1_199' title='bbox 2687 1080 2868 1137; x_wconf 92' lang='lat' dir='ltr'><strong>scient</strong></span> <span class='ocrx_word' id='word_1_200' title='bbox 2893 1073 3189 1150; x_wconf 83' lang='lat' dir='ltr'><strong>imperare,</strong></span> <span class='ocrx_word' id='word_1_201' title='bbox 3229 1078 3324 1133; x_wconf 92' lang='lat' dir='ltr'><strong>ubi</strong></span> <span class='ocrx_word' id='word_1_202' title='bbox 3354 1077 3657 1134; x_wconf 88' lang='lat' dir='ltr'><strong>auctorita-</strong></span> 
     </span>
    </p>
   </div>
   <div class='ocr_carea' id='block_1_35' title="bbox 2071 1173 2576 1231">
    <p class='ocr_par' dir='ltr' id='par_1_35' title="bbox 2071 1173 2576 1231">
     <span class='ocr_line' id='line_1_35' title="bbox 2071 1173 2576 1231; baseline 0.004 -3"><span class='ocrx_word' id='word_1_203' title='bbox 2071 1183 2181 1229; x_wconf 89' lang='lat' dir='ltr'><strong>tem</strong></span> <span class='ocrx_word' id='word_1_204' title='bbox 2211 1173 2576 1231; x_wconf 85' lang='lat' dir='ltr'><strong>obtinuerint.</strong></span> 
     </span>
    </p>
   </div>
   <div class='ocr_carea' id='block_1_36' title="bbox 2143 1263 3657 1334">
    <p class='ocr_par' dir='ltr' id='par_1_36' title="bbox 2143 1263 3657 1334">
     <span class='ocr_line' id='line_1_36' title="bbox 2143 1263 3657 1334; baseline -0.003 -15"><span class='ocrx_word' id='word_1_205' title='bbox 2143 1265 2357 1320; x_wconf 81' lang='lat' dir='ltr'><strong>Philon.</strong></span> <span class='ocrx_word' id='word_1_206' title='bbox 2376 1295 2445 1307; x_wconf 94' lang='lat'><strong><em>—</em></strong></span> <span class='ocrx_word' id='word_1_207' title='bbox 2459 1266 2564 1334; x_wconf 89' lang='lat' dir='ltr'><strong>Qui</strong></span> <span class='ocrx_word' id='word_1_208' title='bbox 2578 1264 2807 1323; x_wconf 86' lang='lat' dir='ltr'><strong>subesse</strong></span> <span class='ocrx_word' id='word_1_209' title='bbox 2822 1263 3036 1330; x_wconf 89' lang='lat' dir='ltr'><strong>didicit,</strong></span> <span class='ocrx_word' id='word_1_210' title='bbox 3051 1263 3174 1320; x_wconf 90' lang='lat' dir='ltr'><strong>aliis</strong></span> <span class='ocrx_word' id='word_1_211' title='bbox 3187 1275 3404 1332; x_wconf 89' lang='lat' dir='ltr'><strong>quoque</strong></span> <span class='ocrx_word' id='word_1_212' title='bbox 3423 1272 3657 1330; x_wconf 84' lang='lat' dir='ltr'><strong>praeesse</strong></span> 
     </span>
    </p>
   </div>
   <div class='ocr_carea' id='block_1_37' title="bbox 2067 1352 3658 1431">
    <p class='ocr_par' dir='ltr' id='par_1_37' title="bbox 2067 1352 3658 1431">
     <span class='ocr_line' id='line_1_37' title="bbox 2067 1352 3658 1431; baseline -0.005 -18"><span class='ocrx_word' id='word_1_213' title='bbox 2067 1358 2476 1429; x_wconf 84' lang='lat' dir='ltr'><strong>quamprimum</strong></span> <span class='ocrx_word' id='word_1_214' title='bbox 2523 1357 2682 1415; x_wconf 86' lang='lat' dir='ltr'><strong>sciet.</strong></span> <span class='ocrx_word' id='word_1_215' title='bbox 2724 1355 2917 1431; x_wconf 76' lang='lat' dir='ltr'><strong>Neque</strong></span> <span class='ocrx_word' id='word_1_216' title='bbox 2949 1356 3098 1412; x_wconf 86' lang='lat' dir='ltr'><strong>enim</strong></span> <span class='ocrx_word' id='word_1_217' title='bbox 3129 1354 3179 1409; x_wconf 88' lang='lat' dir='ltr'><strong>si</strong></span> <span class='ocrx_word' id='word_1_218' title='bbox 3216 1354 3343 1425; x_wconf 86' lang='lat' dir='ltr'><strong>quis</strong></span> <span class='ocrx_word' id='word_1_219' title='bbox 3387 1352 3658 1409; x_wconf 72' lang='lat' dir='ltr'><strong>universae</strong></span> 
     </span>
    </p>
   </div>
   <div class='ocr_carea' id='block_1_38' title="bbox 2067 1445 3656 1518">
    <p class='ocr_par' dir='ltr' id='par_1_38' title="bbox 2067 1445 3656 1518">
     <span class='ocr_line' id='line_1_38' title="bbox 2067 1445 3656 1518; baseline -0.006 -14"><span class='ocrx_word' id='word_1_220' title='bbox 2067 1456 2228 1504; x_wconf 66' lang='lat' dir='ltr'><strong>terra:</strong></span> <span class='ocrx_word' id='word_1_221' title='bbox 2244 1456 2300 1505; x_wconf 91' lang='lat' dir='ltr'><strong>et</strong></span> <span class='ocrx_word' id='word_1_222' title='bbox 2327 1448 2498 1505; x_wconf 88' lang='lat' dir='ltr'><strong>maris</strong></span> <span class='ocrx_word' id='word_1_223' title='bbox 2532 1447 2828 1518; x_wconf 87' lang='lat' dir='ltr'><strong>imperium</strong></span> <span class='ocrx_word' id='word_1_224' title='bbox 2852 1445 3187 1517; x_wconf 84' lang='lat' dir='ltr'><strong>susceperit,</strong></span> <span class='ocrx_word' id='word_1_225' title='bbox 3216 1458 3345 1500; x_wconf 88' lang='lat' dir='ltr'><strong>vere</strong></span> <span class='ocrx_word' id='word_1_226' title='bbox 3367 1448 3656 1514; x_wconf 88' lang='lat' dir='ltr'><strong>pr0pterea</strong></span> 
     </span>
    </p>
   </div>
   <div class='ocr_carea' id='block_1_39' title="bbox 2065 1532 3589 1612">
    <p class='ocr_par' dir='ltr' id='par_1_39' title="bbox 2065 1532 3589 1612">
     <span class='ocr_line' id='line_1_39' title="bbox 2065 1532 3589 1612; baseline -0.006 -17"><span class='ocrx_word' id='word_1_227' title='bbox 2065 1540 2321 1612; x_wconf 88' lang='lat' dir='ltr'><strong>princeps</strong></span> <span class='ocrx_word' id='word_1_228' title='bbox 2352 1539 2537 1606; x_wconf 82' lang='lat' dir='ltr'><strong>fuerit,</strong></span> <span class='ocrx_word' id='word_1_229' title='bbox 2576 1538 2686 1594; x_wconf 86' lang='lat' dir='ltr'><strong>nisi</strong></span> <span class='ocrx_word' id='word_1_230' title='bbox 2712 1539 2869 1609; x_wconf 91' lang='lat' dir='ltr'><strong>prius</strong></span> <span class='ocrx_word' id='word_1_231' title='bbox 2894 1538 3059 1595; x_wconf 90' lang='lat' dir='ltr'><strong>etiam</strong></span> <span class='ocrx_word' id='word_1_232' title='bbox 3092 1550 3286 1608; x_wconf 89' lang='lat' dir='ltr'><strong>parere</strong></span> <span class='ocrx_word' id='word_1_233' title='bbox 3309 1532 3589 1594; x_wconf 85' lang='lat' dir='ltr'><strong>didicerit.</strong></span> 
     </span>
    </p>
   </div>
   <div class='ocr_carea' id='block_1_40' title="bbox 2136 1626 3655 1703">
    <p class='ocr_par' dir='ltr' id='par_1_40' title="bbox 2136 1626 3655 1703">
     <span class='ocr_line' id='line_1_40' title="bbox 2136 1626 3655 1703; baseline -0.005 -16"><span class='ocrx_word' id='word_1_234' title='bbox 2136 1631 2199 1687; x_wconf 87' lang='lat' dir='ltr'><strong>S.</strong></span> <span class='ocrx_word' id='word_1_235' title='bbox 2231 1630 2453 1703; x_wconf 68' lang='grc' dir='ltr'>(ἕτερον.</span> <span class='ocrx_word' id='word_1_236' title='bbox 2517 1630 2797 1686; x_wconf 76' lang='lat' dir='ltr'><strong>Nazianz.</strong></span> <span class='ocrx_word' id='word_1_237' title='bbox 2843 1660 2916 1672; x_wconf 90' lang='lat'><strong>——</strong></span> <span class='ocrx_word' id='word_1_238' title='bbox 2957 1629 3279 1684; x_wconf 88' lang='lat' dir='ltr'><strong>Potioribus</strong></span> <span class='ocrx_word' id='word_1_239' title='bbox 3339 1626 3655 1697; x_wconf 83' lang='lat' dir='ltr'><strong>subjectum</strong></span> 
     </span>
    </p>
   </div>
   <div class='ocr_carea' id='block_1_41' title="bbox 2063 1716 3657 1797">
    <p class='ocr_par' dir='ltr' id='par_1_41' title="bbox 2063 1716 3657 1797">
     <span class='ocr_line' id='line_1_41' title="bbox 2063 1716 3657 1797; baseline -0.007 -16"><span class='ocrx_word' id='word_1_240' title='bbox 2063 1739 2186 1781; x_wconf 89' lang='lat' dir='ltr'><strong>esse</strong></span> <span class='ocrx_word' id='word_1_241' title='bbox 2205 1739 2296 1781; x_wconf 87' lang='lat' dir='ltr'><strong>res</strong></span> <span class='ocrx_word' id='word_1_242' title='bbox 2319 1723 2575 1797; x_wconf 89' lang='lat' dir='ltr'><strong>perutilis</strong></span> <span class='ocrx_word' id='word_1_243' title='bbox 2597 1731 2704 1779; x_wconf 89' lang='lat' dir='ltr'><strong>est.</strong></span> <span class='ocrx_word' id='word_1_244' title='bbox 2730 1723 2870 1779; x_wconf 86' lang='lat' dir='ltr'><strong>Cum</strong></span> <span class='ocrx_word' id='word_1_245' title='bbox 2896 1720 3107 1778; x_wconf 88' lang='lat' dir='ltr'><strong>homini</strong></span> <span class='ocrx_word' id='word_1_246' title='bbox 3135 1735 3300 1792; x_wconf 76' lang='lat' dir='ltr'><strong>grave</strong></span> <span class='ocrx_word' id='word_1_247' title='bbox 3323 1720 3412 1784; x_wconf 88' lang='lat' dir='ltr'><strong>sit,</strong></span> <span class='ocrx_word' id='word_1_248' title='bbox 3438 1718 3484 1773; x_wconf 90' lang='lat' dir='ltr'><strong>si</strong></span> <span class='ocrx_word' id='word_1_249' title='bbox 3515 1716 3657 1772; x_wconf 82' lang='lat' dir='ltr'><strong>sciat</strong></span> 
     </span>
    </p>
   </div>
   <div class='ocr_carea' id='block_1_42' title="bbox 2063 1807 3761 1887">
    <p class='ocr_par' dir='ltr' id='par_1_42' title="bbox 2063 1807 3761 1887">
     <span class='ocr_line' id='line_1_42' title="bbox 2063 1807 3761 1887; baseline -0.006 -16"><span class='ocrx_word' id='word_1_250' title='bbox 2063 1829 2127 1871; x_wconf 91' lang='lat' dir='ltr'><strong>se</strong></span> <span class='ocrx_word' id='word_1_251' title='bbox 2159 1815 2265 1871; x_wconf 89' lang='lat' dir='ltr'><strong>sub</strong></span> <span class='ocrx_word' id='word_1_252' title='bbox 2304 1823 2580 1887; x_wconf 84' lang='lat' dir='ltr'><strong>potestate</strong></span> <span class='ocrx_word' id='word_1_253' title='bbox 2610 1831 2757 1881; x_wconf 91' lang='lat' dir='ltr'><strong>esse,</strong></span> <span class='ocrx_word' id='word_1_254' title='bbox 2810 1823 2930 1870; x_wconf 91' lang='lat' dir='ltr'><strong>tum</strong></span> <span class='ocrx_word' id='word_1_255' title='bbox 2973 1814 3136 1886; x_wconf 73' lang='lat' dir='ltr'><strong>longe</strong></span> <span class='ocrx_word' id='word_1_256' title='bbox 3165 1810 3342 1884; x_wconf 74' lang='lat' dir='ltr'><strong>magis</strong></span> <span class='ocrx_word' id='word_1_257' title='bbox 3374 1807 3654 1882; x_wconf 85' lang='lat' dir='ltr'><strong>periclita-</strong></span> <span class='ocrx_word' id='word_1_258' title='bbox 3753 1807 3761 1851; x_wconf 68' lang='grc' dir='ltr'>Ξ</span> 
     </span>
    </p>
   </div>
   <div class='ocr_carea' id='block_1_43' title="bbox 1990 1883 2880 1980">
    <p class='ocr_par' dir='ltr' id='par_1_43' title="bbox 1990 1883 2880 1980">
     <span class='ocr_line' id='line_1_43' title="bbox 1990 1883 2880 1980; baseline -0.001 -17"><span class='ocrx_word' id='word_1_259' title='bbox 1990 1883 2031 1939; x_wconf 72' lang='grc' dir='ltr'><strong>Β</strong></span> <span class='ocrx_word' id='word_1_260' title='bbox 2060 1918 2171 1972; x_wconf 89' lang='lat' dir='ltr'><strong>tur,</strong></span> <span class='ocrx_word' id='word_1_261' title='bbox 2195 1909 2244 1963; x_wconf 89' lang='lat' dir='ltr'><strong>si</strong></span> <span class='ocrx_word' id='word_1_262' title='bbox 2274 1883 2596 1965; x_wconf 77' lang='lat' dir='ltr'><strong>hominibus</strong></span> <span class='ocrx_word' id='word_1_263' title='bbox 2625 1908 2880 1980; x_wconf 85' lang='lat' dir='ltr'><strong>imperet.</strong></span> 
     </span>
    </p>
   </div>
   <div class='ocr_carea' id='block_1_44' title="bbox 2064 2014 3653 2087">
    <p class='ocr_par' dir='ltr' id='par_1_44' title="bbox 2064 2014 3653 2087">
     <span class='ocr_line' id='line_1_44' title="bbox 2064 2014 3653 2087; baseline -0.006 -11"><span class='ocrx_word' id='word_1_264' title='bbox 2064 2018 2201 2076; x_wconf 83' lang='lat' dir='ltr'><strong>TIT.</strong></span> <span class='ocrx_word' id='word_1_265' title='bbox 2227 2019 2395 2077; x_wconf 89' lang='lat' dir='ltr'><strong>XXII.</strong></span> <span class='ocrx_word' id='word_1_266' title='bbox 2418 2050 2490 2061; x_wconf 91' lang='lat'><strong>—</strong></span> <span class='ocrx_word' id='word_1_267' title='bbox 2525 2020 2598 2075; x_wconf 87' lang='lat' dir='ltr'><strong>De</strong></span> <span class='ocrx_word' id='word_1_268' title='bbox 2628 2020 2885 2076; x_wconf 85' lang='lat' dir='ltr'><strong>anarchia</strong></span> <span class='ocrx_word' id='word_1_269' title='bbox 2909 2059 2926 2085; x_wconf 94' lang='lat'><strong>,</strong></span> <span class='ocrx_word' id='word_1_270' title='bbox 2964 2018 3071 2075; x_wconf 82' lang='lat' dir='ltr'><strong>sive</strong></span> <span class='ocrx_word' id='word_1_271' title='bbox 3119 2018 3182 2073; x_wconf 86' lang='lat' dir='ltr'><strong>de</strong></span> <span class='ocrx_word' id='word_1_272' title='bbox 3213 2015 3409 2087; x_wconf 81' lang='lat' dir='ltr'><strong>populo</strong></span> <span class='ocrx_word' id='word_1_273' title='bbox 3438 2014 3529 2086; x_wconf 85' lang='lat' dir='ltr'><strong>qui</strong></span> <span class='ocrx_word' id='word_1_274' title='bbox 3557 2029 3653 2083; x_wconf 80' lang='grc' dir='ltr'>ρα-</span> 
     </span>
    </p>
   </div>
   <div class='ocr_carea' id='block_1_45' title="bbox 2672 2099 3041 2145">
    <p class='ocr_par' dir='ltr' id='par_1_45' title="bbox 2672 2099 3041 2145">
     <span class='ocr_line' id='line_1_45' title="bbox 2672 2099 3041 2145; baseline -0.008 0"><span class='ocrx_word' id='word_1_275' title='bbox 2672 2100 2814 2145; x_wconf 76' lang='lat' dir='ltr'><strong>stare</strong></span> <span class='ocrx_word' id='word_1_276' title='bbox 2840 2099 3041 2145; x_wconf 86' lang='lat' dir='ltr'><strong>careat.</strong></span> 
     </span>
    </p>
   </div>
   <div class='ocr_carea' id='block_1_46' title="bbox 2141 2201 3663 2272">
    <p class='ocr_par' dir='ltr' id='par_1_46' title="bbox 2141 2201 3663 2272">
     <span class='ocr_line' id='line_1_46' title="bbox 2141 2201 3663 2272; baseline -0.002 -14"><span class='ocrx_word' id='word_1_277' title='bbox 2141 2203 2348 2261; x_wconf 79' lang='lat' dir='ltr'><strong>ﬂabac.</strong></span> <span class='ocrx_word' id='word_1_278' title='bbox 2379 2219 2423 2271; x_wconf 93' lang='grc' dir='ltr'><strong>ι,</strong></span> <span class='ocrx_word' id='word_1_279' title='bbox 2459 2203 2548 2259; x_wconf 73' lang='grc' dir='ltr'><strong>ιι.</strong></span> <span class='ocrx_word' id='word_1_280' title='bbox 2581 2233 2652 2246; x_wconf 94' lang='grc'><strong>-</strong></span> <span class='ocrx_word' id='word_1_281' title='bbox 2681 2222 2701 2256; x_wconf 79' lang='grc' dir='ltr'><strong>ι</strong></span> <span class='ocrx_word' id='word_1_282' title='bbox 2738 2203 2933 2261; x_wconf 87' lang='lat' dir='ltr'><strong>Facies</strong></span> <span class='ocrx_word' id='word_1_283' title='bbox 2992 2202 3247 2260; x_wconf 87' lang='lat' dir='ltr'><strong>homines</strong></span> <span class='ocrx_word' id='word_1_284' title='bbox 3281 2201 3441 2272; x_wconf 88' lang='lat' dir='ltr'><strong>quasi</strong></span> <span class='ocrx_word' id='word_1_285' title='bbox 3468 2201 3663 2271; x_wconf 43' lang='lat' dir='ltr'><strong>pisces,</strong></span> 
     </span>
    </p>
   </div>
   <div class='ocr_carea' id='block_1_47' title="bbox 2064 2294 3500 2365">
    <p class='ocr_par' dir='ltr' id='par_1_47' title="bbox 2064 2294 3500 2365">
     <span class='ocr_line' id='line_1_47' title="bbox 2064 2294 3500 2365; baseline -0.006 -13"><span class='ocrx_word' id='word_1_286' title='bbox 2064 2296 2258 2360; x_wconf 85' lang='lat' dir='ltr'><strong>maris,</strong></span> <span class='ocrx_word' id='word_1_287' title='bbox 2284 2303 2340 2351; x_wconf 92' lang='lat' dir='ltr'><strong>et</strong></span> <span class='ocrx_word' id='word_1_288' title='bbox 2359 2296 2519 2365; x_wconf 90' lang='lat' dir='ltr'><strong>quasi</strong></span> <span class='ocrx_word' id='word_1_289' title='bbox 2550 2294 2767 2365; x_wconf 89' lang='lat' dir='ltr'><strong>reptilia</strong></span> <span class='ocrx_word' id='word_1_290' title='bbox 2798 2309 2908 2349; x_wconf 88' lang='lat' dir='ltr'><strong>non</strong></span> <span class='ocrx_word' id='word_1_291' title='bbox 2940 2294 3201 2350; x_wconf 80' lang='lat' dir='ltr'><strong>habentia</strong></span> <span class='ocrx_word' id='word_1_292' title='bbox 3228 2294 3447 2348; x_wconf 87' lang='lat' dir='ltr'><strong>ducem.</strong></span> <span class='ocrx_word' id='word_1_293' title='bbox 3482 2311 3500 2343; x_wconf 79' lang='grc' dir='ltr'><strong>ι</strong></span> 
     </span>
    </p>
   </div>
   <div class='ocr_carea' id='block_1_48' title="bbox 2136 2382 3667 2453">
    <p class='ocr_par' dir='ltr' id='par_1_48' title="bbox 2136 2382 3667 2453">
     <span class='ocr_line' id='line_1_48' title="bbox 2136 2382 3667 2453; baseline -0.003 -11"><span class='ocrx_word' id='word_1_294' title='bbox 2136 2383 2337 2442; x_wconf 80' lang='lat' dir='ltr'><strong>Matth.</strong></span> <span class='ocrx_word' id='word_1_295' title='bbox 2372 2403 2452 2453; x_wconf 71' lang='grc' dir='ltr'>ιι,</span> <span class='ocrx_word' id='word_1_296' title='bbox 2502 2386 2595 2443; x_wconf 78' lang='lat'><strong>36.</strong></span> <span class='ocrx_word' id='word_1_297' title='bbox 2621 2416 2694 2428; x_wconf 95' lang='lat'><strong><em>—</em></strong></span> <span class='ocrx_word' id='word_1_298' title='bbox 2726 2405 2745 2440; x_wconf 82' lang='grc' dir='ltr'><strong>ι</strong></span> <span class='ocrx_word' id='word_1_299' title='bbox 2781 2387 2920 2443; x_wconf 83' lang='lat' dir='ltr'><strong>Cum</strong></span> <span class='ocrx_word' id='word_1_300' title='bbox 2979 2385 3222 2442; x_wconf 81' lang='lat' dir='ltr'><strong>venisset</strong></span> <span class='ocrx_word' id='word_1_301' title='bbox 3272 2383 3461 2447; x_wconf 73' lang='lat' dir='ltr'><strong>Iesus,</strong></span> <span class='ocrx_word' id='word_1_302' title='bbox 3518 2382 3667 2438; x_wconf 74' lang='lat' dir='ltr'><strong>vidit</strong></span> 
     </span>
    </p>
   </div>
   <div class='ocr_carea' id='block_1_49' title="bbox 2063 2472 3657 2547">
    <p class='ocr_par' dir='ltr' id='par_1_49' title="bbox 2063 2472 3657 2547">
     <span class='ocr_line' id='line_1_49' title="bbox 2063 2472 3657 2547; baseline -0.004 -17"><span class='ocrx_word' id='word_1_303' title='bbox 2063 2476 2283 2531; x_wconf 88' lang='lat' dir='ltr'><strong>turbam</strong></span> <span class='ocrx_word' id='word_1_304' title='bbox 2335 2490 2630 2547; x_wconf 79' lang='lat' dir='ltr'><strong>magnam,</strong></span> <span class='ocrx_word' id='word_1_305' title='bbox 2661 2484 2718 2533; x_wconf 91' lang='lat' dir='ltr'><strong>et</strong></span> <span class='ocrx_word' id='word_1_306' title='bbox 2775 2476 3043 2532; x_wconf 86' lang='lat' dir='ltr'><strong>misertus</strong></span> <span class='ocrx_word' id='word_1_307' title='bbox 3079 2481 3163 2532; x_wconf 86' lang='lat' dir='ltr'><strong>est</strong></span> <span class='ocrx_word' id='word_1_308' title='bbox 3194 2474 3298 2540; x_wconf 88' lang='lat' dir='ltr'><strong>eis,</strong></span> <span class='ocrx_word' id='word_1_309' title='bbox 3328 2472 3456 2543; x_wconf 84' lang='lat' dir='ltr'><strong>quia</strong></span> <span class='ocrx_word' id='word_1_310' title='bbox 3494 2477 3657 2528; x_wconf 86' lang='lat' dir='ltr'><strong>erant</strong></span> 
     </span>
    </p>
   </div>
   <div class='ocr_carea' id='block_1_50' title="bbox 2062 2567 3192 2638">
    <p class='ocr_par' dir='ltr' id='par_1_50' title="bbox 2062 2567 3192 2638">
     <span class='ocr_line' id='line_1_50' title="bbox 2062 2567 3192 2638; baseline -0.004 -16"><span class='ocrx_word' id='word_1_311' title='bbox 2062 2567 2208 2622; x_wconf 89' lang='lat' dir='ltr'><strong>sicut</strong></span> <span class='ocrx_word' id='word_1_312' title='bbox 2235 2582 2372 2623; x_wconf 87' lang='lat' dir='ltr'><strong>oves</strong></span> <span class='ocrx_word' id='word_1_313' title='bbox 2397 2582 2507 2621; x_wconf 91' lang='lat' dir='ltr'><strong>non</strong></span> <span class='ocrx_word' id='word_1_314' title='bbox 2539 2568 2805 2625; x_wconf 82' lang='lat' dir='ltr'><strong>habentes</strong></span> <span class='ocrx_word' id='word_1_315' title='bbox 2835 2577 3131 2638; x_wconf 85' lang='lat' dir='ltr'><strong>pastorem.</strong></span> <span class='ocrx_word' id='word_1_316' title='bbox 3171 2585 3192 2618; x_wconf 80' lang='grc' dir='ltr'><strong>ι</strong></span> 
     </span>
    </p>
   </div>
   <div class='ocr_carea' id='block_1_51' title="bbox 2133 2654 3655 2727">
    <p class='ocr_par' dir='ltr' id='par_1_51' title="bbox 2133 2654 3655 2727">
     <span class='ocr_line' id='line_1_51' title="bbox 2133 2654 3655 2727; baseline -0.001 -16"><span class='ocrx_word' id='word_1_317' title='bbox 2133 2655 2193 2711; x_wconf 87' lang='lat' dir='ltr'><strong>S.</strong></span> <span class='ocrx_word' id='word_1_318' title='bbox 2228 2656 2445 2727; x_wconf 58' lang='grc' dir='ltr'>(ἕτερον.</span> <span class='ocrx_word' id='word_1_319' title='bbox 2482 2656 2756 2711; x_wconf 73' lang='lat' dir='ltr'><strong>Nazianz.</strong></span> <span class='ocrx_word' id='word_1_320' title='bbox 2779 2667 2921 2712; x_wconf 84' lang='lat' dir='ltr'><strong>orat.</strong></span> <span class='ocrx_word' id='word_1_321' title='bbox 2942 2658 3033 2714; x_wconf 77' lang='lat'><strong>55.</strong></span> <span class='ocrx_word' id='word_1_322' title='bbox 3064 2686 3127 2698; x_wconf 92' lang='lat'><strong>—</strong></span> <span class='ocrx_word' id='word_1_323' title='bbox 3158 2656 3316 2722; x_wconf 83' lang='lat' dir='ltr'><strong>Quod</strong></span> <span class='ocrx_word' id='word_1_324' title='bbox 3349 2654 3471 2710; x_wconf 82' lang='lat' dir='ltr'><strong>sine</strong></span> <span class='ocrx_word' id='word_1_325' title='bbox 3499 2654 3655 2725; x_wconf 87' lang='lat' dir='ltr'><strong>prin-</strong></span> 
     </span>
    </p>
   </div>
   <div class='ocr_carea' id='block_1_52' title="bbox 2064 2747 3656 2820">
    <p class='ocr_par' dir='ltr' id='par_1_52' title="bbox 2064 2747 3656 2820">
     <span class='ocr_line' id='line_1_52' title="bbox 2064 2747 3656 2820; baseline -0.003 -15"><span class='ocrx_word' id='word_1_326' title='bbox 2064 2749 2186 2820; x_wconf 88' lang='lat' dir='ltr'><strong>cipe</strong></span> <span class='ocrx_word' id='word_1_327' title='bbox 2217 2757 2324 2815; x_wconf 90' lang='lat' dir='ltr'><strong>est,</strong></span> <span class='ocrx_word' id='word_1_328' title='bbox 2349 2748 2547 2805; x_wconf 87' lang='lat' dir='ltr'><strong>ordine</strong></span> <span class='ocrx_word' id='word_1_329' title='bbox 2569 2760 2761 2806; x_wconf 85' lang='lat' dir='ltr'><strong>caret:</strong></span> <span class='ocrx_word' id='word_1_330' title='bbox 2794 2750 2943 2820; x_wconf 90' lang='lat' dir='ltr'><strong>quod</strong></span> <span class='ocrx_word' id='word_1_331' title='bbox 2969 2757 3153 2804; x_wconf 89' lang='lat' dir='ltr'><strong>autem</strong></span> <span class='ocrx_word' id='word_1_332' title='bbox 3196 2749 3401 2803; x_wconf 86' lang='lat' dir='ltr'><strong>multos</strong></span> <span class='ocrx_word' id='word_1_333' title='bbox 3443 2747 3656 2817; x_wconf 81' lang='lat' dir='ltr'><strong>princi-</strong></span> 
     </span>
    </p>
   </div>
   <div class='ocr_carea' id='block_1_53' title="bbox 2068 2837 3655 2911">
    <p class='ocr_par' dir='ltr' id='par_1_53' title="bbox 2068 2837 3655 2911">
     <span class='ocr_line' id='line_1_53' title="bbox 2068 2837 3655 2911; baseline -0.006 -14"><span class='ocrx_word' id='word_1_334' title='bbox 2068 2853 2167 2911; x_wconf 85' lang='lat' dir='ltr'><strong>pes</strong></span> <span class='ocrx_word' id='word_1_335' title='bbox 2192 2839 2402 2905; x_wconf 86' lang='lat' dir='ltr'><strong>habet,</strong></span> <span class='ocrx_word' id='word_1_336' title='bbox 2434 2837 2690 2894; x_wconf 88' lang='lat' dir='ltr'><strong>dissidiis</strong></span> <span class='ocrx_word' id='word_1_337' title='bbox 2720 2838 3026 2894; x_wconf 76' lang='lat' dir='ltr'><strong>obnoxium</strong></span> <span class='ocrx_word' id='word_1_338' title='bbox 3072 2845 3177 2903; x_wconf 90' lang='lat' dir='ltr'><strong>est,</strong></span> <span class='ocrx_word' id='word_1_339' title='bbox 3237 2837 3484 2907; x_wconf 85' lang='lat' dir='ltr'><strong>adeoque</strong></span> <span class='ocrx_word' id='word_1_340' title='bbox 3526 2851 3655 2890; x_wconf 90' lang='lat' dir='ltr'><strong>cum</strong></span> 
     </span>
    </p>
   </div>
   <div class='ocr_carea' id='block_1_54' title="bbox 2072 2927 3657 3004">
    <p class='ocr_par' dir='ltr' id='par_1_54' title="bbox 2072 2927 3657 3004">
     <span class='ocr_line' id='line_1_54' title="bbox 2072 2927 3657 3004; baseline -0.004 -17"><span class='ocrx_word' id='word_1_341' title='bbox 2072 2933 2461 3004; x_wconf 84' lang='lat' dir='ltr'><strong>principatus,</strong></span> <span class='ocrx_word' id='word_1_342' title='bbox 2527 2937 2643 2986; x_wconf 93' lang='lat' dir='ltr'><strong>tum</strong></span> <span class='ocrx_word' id='word_1_343' title='bbox 2697 2930 2911 2988; x_wconf 87' lang='lat' dir='ltr'><strong>ordinis</strong></span> <span class='ocrx_word' id='word_1_344' title='bbox 2966 2942 3187 3002; x_wconf 77' lang='lat' dir='ltr'><strong>expers.</strong></span> <span class='ocrx_word' id='word_1_345' title='bbox 3241 2929 3444 2986; x_wconf 87' lang='lat' dir='ltr'><strong>Eodem</strong></span> <span class='ocrx_word' id='word_1_346' title='bbox 3508 2927 3657 2982; x_wconf 88' lang='lat' dir='ltr'><strong>enim</strong></span> 
     </span>
    </p>
   </div>
   <div class='ocr_carea' id='block_1_55' title="bbox 375 3016 3659 3094">
    <p class='ocr_par' dir='ltr' id='par_1_55' title="bbox 375 3016 3659 3094">
     <span class='ocr_line' id='line_1_55' title="bbox 375 3016 3659 3094; baseline 0 -21"><span class='ocrx_word' id='word_1_347' title='bbox 375 3029 675 3090; x_wconf 87' lang='lat' dir='ltr'><strong>utrumque</strong></span> <span class='ocrx_word' id='word_1_348' title='bbox 725 3018 941 3084; x_wconf 87' lang='lat' dir='ltr'><strong>tendit,</strong></span> <span class='ocrx_word' id='word_1_349' title='bbox 1001 3017 1069 3072; x_wconf 89' lang='lat' dir='ltr'><strong>ad</strong></span> <span class='ocrx_word' id='word_1_350' title='bbox 1118 3016 1596 3088; x_wconf 87' lang='lat' dir='ltr'><strong>perturbationem</strong></span> <span class='ocrx_word' id='word_1_351' title='bbox 1643 3019 1947 3087; x_wconf 85' lang='lat' dir='ltr'><strong>nimirum,</strong></span> <span class='ocrx_word' id='word_1_352' title='bbox 2004 3022 2255 3094; x_wconf 87' lang='lat' dir='ltr'><strong>quinimo</strong></span> <span class='ocrx_word' id='word_1_353' title='bbox 2281 3022 2352 3078; x_wconf 89' lang='lat' dir='ltr'><strong>ad</strong></span> <span class='ocrx_word' id='word_1_354' title='bbox 2382 3019 2824 3079; x_wconf 82' lang='lat' dir='ltr'><strong>dissolutionem.</strong></span> <span class='ocrx_word' id='word_1_355' title='bbox 2859 3019 2996 3076; x_wconf 81' lang='lat' dir='ltr'><strong>Nam</strong></span> <span class='ocrx_word' id='word_1_356' title='bbox 3058 3019 3408 3092; x_wconf 86' lang='lat' dir='ltr'><strong>perturbatio</strong></span> <span class='ocrx_word' id='word_1_357' title='bbox 3475 3020 3659 3076; x_wconf 83' lang='lat' dir='ltr'><strong>disso&quot;</strong></span> 
     </span>
    </p>
   </div>
   <div class='ocr_carea' id='block_1_56' title="bbox 375 3110 1147 3168">
    <p class='ocr_par' dir='ltr' id='par_1_56' title="bbox 375 3110 1147 3168">
     <span class='ocr_line' id='line_1_56' title="bbox 375 3110 1147 3168; baseline -0.004 0"><span class='ocrx_word' id='word_1_358' title='bbox 375 3111 604 3168; x_wconf 89' lang='lat' dir='ltr'><strong>lutionis</strong></span> <span class='ocrx_word' id='word_1_359' title='bbox 624 3110 1020 3166; x_wconf 85' lang='lat' dir='ltr'><strong>commentatio</strong></span> <span class='ocrx_word' id='word_1_360' title='bbox 1040 3118 1147 3166; x_wconf 88' lang='lat' dir='ltr'><strong>est.</strong></span> 
     </span>
    </p>
   </div>
   <div class='ocr_carea' id='block_1_57' title="bbox 455 3200 1958 3281">
    <p class='ocr_par' dir='ltr' id='par_1_57' title="bbox 455 3204 1958 3281">
     <span class='ocr_line' id='line_1_57' title="bbox 455 3204 1958 3281; baseline 0.025 -22"><span class='ocrx_word' id='word_1_361' title='bbox 455 3208 522 3261; x_wconf 83' lang='grc' dir='ltr'><strong>Ἦ</strong></span> <span class='ocrx_word' id='word_1_362' title='bbox 549 3206 649 3278; x_wconf 74' lang='grc' dir='ltr'>μὲν</span> <span class='ocrx_word' id='word_1_363' title='bbox 673 3204 870 3271; x_wconf 80' lang='grc' dir='ltr'>ἀταξία</span> <span class='ocrx_word' id='word_1_364' title='bbox 888 3204 1156 3277; x_wconf 79' lang='grc' dir='ltr'>ἀναρχίας</span> <span class='ocrx_word' id='word_1_365' title='bbox 1176 3206 1295 3260; x_wconf 68' lang='grc' dir='ltr'>ἐστὶ</span> <span class='ocrx_word' id='word_1_366' title='bbox 1318 3204 1612 3279; x_wconf 78' lang='grc' dir='ltr'>γνώρισμα</span> <span class='ocrx_word' id='word_1_367' title='bbox 1634 3224 1650 3240; x_wconf 85' lang='lat'><strong><em>°</em></strong></span> <span class='ocrx_word' id='word_1_368' title='bbox 1675 3210 1710 3281; x_wconf 73' lang='grc' dir='ltr'><strong>ἡ</strong></span> <span class='ocrx_word' id='word_1_369' title='bbox 1736 3208 1795 3263; x_wconf 71' lang='grc' dir='ltr'><strong>δὲ</strong></span> <span class='ocrx_word' id='word_1_370' title='bbox 1815 3209 1958 3279; x_wconf 69' lang='grc' dir='ltr'><strong>τάξις</strong></span> 
     </span>
    </p>
   </div>
   <div class='ocr_carea' id='block_1_58' title="bbox 2094 3200 3655 3281">
    <p class='ocr_par' dir='ltr' id='par_1_58' title="bbox 2143 3200 3655 3273">
     <span class='ocr_line' id='line_1_58' title="bbox 2143 3200 3655 3273; baseline -0.005 -11"><span class='ocrx_word' id='word_1_371' title='bbox 2143 3205 2413 3262; x_wconf 74' lang='lat' dir='ltr'><strong>Athenas.</strong></span> <span class='ocrx_word' id='word_1_372' title='bbox 2461 3234 2534 3247; x_wconf 86' lang='lat'><strong>-—</strong></span> <span class='ocrx_word' id='word_1_373' title='bbox 2588 3203 2816 3259; x_wconf 79' lang='lat' dir='ltr'><strong>Ordinis</strong></span> <span class='ocrx_word' id='word_1_374' title='bbox 2870 3200 3217 3273; x_wconf 85' lang='lat' dir='ltr'><strong>perturbatio</strong></span> <span class='ocrx_word' id='word_1_375' title='bbox 3271 3208 3655 3272; x_wconf 76' lang='lat' dir='ltr'><strong>argumentum</strong></span> 
     </span>
    </p>
   </div>
   <div class='ocr_carea' id='block_1_59' title="bbox 372 3296 1217 3372">
    <p class='ocr_par' dir='ltr' id='par_1_59' title="bbox 372 3296 1217 3372">
     <span class='ocr_line' id='line_1_59' title="bbox 372 3296 1217 3372; baseline -0.002 -17"><span class='ocrx_word' id='word_1_376' title='bbox 372 3300 466 3355; x_wconf 77' lang='grc' dir='ltr'><strong>τὸν</strong></span> <span class='ocrx_word' id='word_1_377' title='bbox 496 3297 897 3372; x_wconf 74' lang='grc' dir='ltr'>ἡγεμονεύοντα</span> <span class='ocrx_word' id='word_1_378' title='bbox 923 3296 1217 3353; x_wconf 87' lang='grc' dir='ltr'>δείκνυσιν.</span> 
     </span>
    </p>
   </div>
   <div class='ocr_carea' id='block_1_60' title="bbox 447 3474 1956 3550">
    <p class='ocr_par' dir='ltr' id='par_1_60' title="bbox 447 3474 1956 3550">
     <span class='ocr_line' id='line_1_60' title="bbox 447 3474 1956 3550; baseline 0.003 -20"><span class='ocrx_word' id='word_1_379' title='bbox 447 3475 620 3530; x_wconf 81' lang='grc' dir='ltr'>Ἔνθα</span> <span class='ocrx_word' id='word_1_380' title='bbox 648 3476 722 3548; x_wconf 84' lang='grc' dir='ltr'>μή</span> <span class='ocrx_word' id='word_1_381' title='bbox 749 3476 900 3530; x_wconf 73' lang='grc' dir='ltr'>ἐστιν</span> <span class='ocrx_word' id='word_1_382' title='bbox 951 3474 1157 3546; x_wconf 84' lang='grc' dir='ltr'>ἀρχων,</span> <span class='ocrx_word' id='word_1_383' title='bbox 1181 3475 1301 3529; x_wconf 77' lang='grc' dir='ltr'>ἐκεῖ</span> <span class='ocrx_word' id='word_1_384' title='bbox 1327 3474 1549 3541; x_wconf 82' lang='grc' dir='ltr'>πάντως</span> <span class='ocrx_word' id='word_1_385' title='bbox 1581 3477 1782 3544; x_wconf 78' lang='grc' dir='ltr'>ἀταξία</span> <span class='ocrx_word' id='word_1_386' title='bbox 1806 3480 1956 3550; x_wconf 81' lang='grc' dir='ltr'>γίνε-</span> 
     </span>
    </p>
   </div>
   <div class='ocr_carea' id='block_1_61' title="bbox 370 3564 1963 3638">
    <p class='ocr_par' dir='ltr' id='par_1_61' title="bbox 370 3564 1963 3638">
     <span class='ocr_line' id='line_1_61' title="bbox 370 3564 1963 3638; baseline 0.001 -17"><span class='ocrx_word' id='word_1_387' title='bbox 370 3583 485 3623; x_wconf 89' lang='grc' dir='ltr'>ται.</span> <span class='ocrx_word' id='word_1_388' title='bbox 527 3568 787 3638; x_wconf 79' lang='grc' dir='ltr'>Ἀναρχία</span> <span class='ocrx_word' id='word_1_389' title='bbox 829 3566 1031 3636; x_wconf 77' lang='grc' dir='ltr'>μᾶλλον</span> <span class='ocrx_word' id='word_1_390' title='bbox 1060 3565 1157 3620; x_wconf 72' lang='grc' dir='ltr'>καὶ</span> <span class='ocrx_word' id='word_1_391' title='bbox 1179 3564 1391 3633; x_wconf 83' lang='grc' dir='ltr'>στάσις,</span> <span class='ocrx_word' id='word_1_392' title='bbox 1413 3566 1474 3632; x_wconf 78' lang='grc' dir='ltr'>ἐξ</span> <span class='ocrx_word' id='word_1_393' title='bbox 1504 3567 1778 3638; x_wconf 78' lang='grc' dir='ltr'>ἰσοτιμίας</span> <span class='ocrx_word' id='word_1_394' title='bbox 1809 3570 1963 3625; x_wconf 86' lang='grc' dir='ltr'>ἀντι-</span> 
     </span>
    </p>
   </div>
   <div class='ocr_carea' id='block_1_62' title="bbox 371 3657 1152 3733">
    <p class='ocr_par' dir='ltr' id='par_1_62' title="bbox 371 3657 1152 3733">
     <span class='ocr_line' id='line_1_62' title="bbox 371 3657 1152 3733; baseline 0 -19"><span class='ocrx_word' id='word_1_395' title='bbox 371 3658 795 3733; x_wconf 77' lang='grc' dir='ltr'>παρεξαγομὲνη</span> <span class='ocrx_word' id='word_1_396' title='bbox 828 3657 1152 3731; x_wconf 85' lang='grc' dir='ltr'>πολυαρχία.</span> 
     </span>
    </p>
   </div>
   <div class='ocr_carea' id='block_1_63' title="bbox 444 3830 1962 3910">
    <p class='ocr_par' dir='ltr' id='par_1_63' title="bbox 444 3830 1962 3910">
     <span class='ocr_line' id='line_1_63' title="bbox 444 3830 1962 3910; baseline 0.001 -19"><span class='ocrx_word' id='word_1_397' title='bbox 444 3830 516 3891; x_wconf 81' lang='grc' dir='ltr'><strong><em>Ὦ</em></strong></span> <span class='ocrx_word' id='word_1_398' title='bbox 545 3836 687 3889; x_wconf 79' lang='grc' dir='ltr'>πόσα</span> <span class='ocrx_word' id='word_1_399' title='bbox 714 3836 811 3890; x_wconf 76' lang='grc' dir='ltr'>καὶ</span> <span class='ocrx_word' id='word_1_400' title='bbox 846 3836 1012 3907; x_wconf 77' lang='grc' dir='ltr'>ἡλίκα</span> <span class='ocrx_word' id='word_1_401' title='bbox 1033 3836 1182 3892; x_wconf 84' lang='grc' dir='ltr'><strong>κακά</strong></span> <span class='ocrx_word' id='word_1_402' title='bbox 1218 3836 1280 3903; x_wconf 74' lang='grc' dir='ltr'>ἐξ</span> <span class='ocrx_word' id='word_1_403' title='bbox 1308 3837 1576 3910; x_wconf 87' lang='grc' dir='ltr'>ἀναρχίας</span> <span class='ocrx_word' id='word_1_404' title='bbox 1604 3836 1835 3908; x_wconf 85' lang='grc' dir='ltr'>φύεταιί</span> <span class='ocrx_word' id='word_1_405' title='bbox 1862 3836 1962 3892; x_wconf 88' lang='grc' dir='ltr'><strong>Λί-</strong></span> 
     </span>
    </p>
   </div>
   <div class='ocr_carea' id='block_1_64' title="bbox 376 3928 1949 4004">
    <p class='ocr_par' dir='ltr' id='par_1_64' title="bbox 376 3928 1949 4004">
     <span class='ocr_line' id='line_1_64' title="bbox 376 3928 1949 4004; baseline 0.003 -21"><span class='ocrx_word' id='word_1_406' title='bbox 376 3928 500 4001; x_wconf 78' lang='grc' dir='ltr'>μδς,</span> <span class='ocrx_word' id='word_1_407' title='bbox 532 3928 785 4001; x_wconf 84' lang='grc' dir='ltr'>πόλεμος,</span> <span class='ocrx_word' id='word_1_408' title='bbox 813 3929 1043 4002; x_wconf 82' lang='grc' dir='ltr'>δῃώσεις</span> <span class='ocrx_word' id='word_1_409' title='bbox 1070 3932 1306 4003; x_wconf 89' lang='grc' dir='ltr'>χωρίων,</span> <span class='ocrx_word' id='word_1_410' title='bbox 1328 3931 1589 4002; x_wconf 76' lang='grc' dir='ltr'>στέρησις</span> <span class='ocrx_word' id='word_1_411' title='bbox 1620 3932 1949 4004; x_wconf 84' lang='grc' dir='ltr'>χρημάτων,</span> 
     </span>
    </p>
   </div>
   <div class='ocr_carea' id='block_1_65' title="bbox 371 4017 1815 4093">
    <p class='ocr_par' dir='ltr' id='par_1_65' title="bbox 371 4017 1815 4093">
     <span class='ocr_line' id='line_1_65' title="bbox 371 4017 1815 4093; baseline 0.006 -23"><span class='ocrx_word' id='word_1_412' title='bbox 371 4017 696 4088; x_wconf 75' lang='grc' dir='ltr'>ἀπαγωγαὶ,</span> <span class='ocrx_word' id='word_1_413' title='bbox 730 4018 781 4071; x_wconf 77' lang='lat' dir='ltr'><strong>oi</strong></span> <span class='ocrx_word' id='word_1_414' title='bbox 819 4021 951 4092; x_wconf 81' lang='grc' dir='ltr'>περὶ</span> <span class='ocrx_word' id='word_1_415' title='bbox 975 4019 1220 4086; x_wconf 84' lang='grc' dir='ltr'>δουλείας</span> <span class='ocrx_word' id='word_1_416' title='bbox 1251 4022 1345 4075; x_wconf 77' lang='grc' dir='ltr'>καὶ</span> <span class='ocrx_word' id='word_1_417' title='bbox 1372 4020 1607 4077; x_wconf 85' lang='grc' dir='ltr'>θανάτου</span> <span class='ocrx_word' id='word_1_418' title='bbox 1633 4022 1815 4093; x_wconf 75' lang='grc' dir='ltr'>φόϐοι.</span> 
     </span>
    </p>
   </div>
   <div class='ocr_carea' id='block_1_66' title="bbox 484 4241 1845 4318">
    <p class='ocr_par' dir='ltr' id='par_1_66' title="bbox 484 4241 1845 4318">
     <span class='ocr_line' id='line_1_66' title="bbox 484 4241 1845 4318; baseline 0.005 -22"><span class='ocrx_word' id='word_1_419' title='bbox 484 4243 669 4299; x_wconf 84' lang='grc' dir='ltr'><strong>ΤΙΤΛ.</strong></span> <span class='ocrx_word' id='word_1_420' title='bbox 710 4241 927 4301; x_wconf 83' lang='grc' dir='ltr'><strong>ΚΓ¹.--</strong></span> <span class='ocrx_word' id='word_1_421' title='bbox 950 4243 1091 4314; x_wconf 75' lang='grc' dir='ltr'>Περὶ</span> <span class='ocrx_word' id='word_1_422' title='bbox 1124 4244 1400 4314; x_wconf 79' lang='grc' dir='ltr'>ἀκηδίας,</span> <span class='ocrx_word' id='word_1_423' title='bbox 1436 4245 1533 4302; x_wconf 74' lang='grc' dir='ltr'><strong>καί</strong></span> <span class='ocrx_word' id='word_1_424' title='bbox 1569 4247 1845 4318; x_wconf 80' lang='grc' dir='ltr'>ἀθυμίας.</span> 
     </span>
    </p>
   </div>
   <div class='ocr_carea' id='block_1_67' title="bbox 455 4349 1959 4430">
    <p class='ocr_par' dir='ltr' id='par_1_67' title="bbox 455 4349 1959 4430">
     <span class='ocr_line' id='line_1_67' title="bbox 455 4349 1959 4430; baseline 0.005 -23"><span class='ocrx_word' id='word_1_425' title='bbox 455 4372 474 4407; x_wconf 80' lang='grc' dir='ltr'><strong>ι</strong></span> <span class='ocrx_word' id='word_1_426' title='bbox 496 4356 627 4421; x_wconf 75' lang='grc' dir='ltr'>Ἵνα</span> <span class='ocrx_word' id='word_1_427' title='bbox 657 4353 710 4407; x_wconf 92' lang='grc' dir='ltr'><strong>τί</strong></span> <span class='ocrx_word' id='word_1_428' title='bbox 742 4354 1042 4425; x_wconf 88' lang='grc' dir='ltr'>περίλυπος</span> <span class='ocrx_word' id='word_1_429' title='bbox 1072 4349 1198 4428; x_wconf 48' lang='lat' dir='ltr'><strong>ehi;</strong></span> <span class='ocrx_word' id='word_1_430' title='bbox 1225 4355 1371 4430; x_wconf 75' lang='grc' dir='ltr'>ψυχή</span> <span class='ocrx_word' id='word_1_431' title='bbox 1398 4374 1533 4430; x_wconf 84' lang='grc' dir='ltr'>μου;</span> <span class='ocrx_word' id='word_1_432' title='bbox 1557 4358 1644 4413; x_wconf 75' lang='grc' dir='ltr'>ἵνα</span> <span class='ocrx_word' id='word_1_433' title='bbox 1671 4359 1725 4413; x_wconf 88' lang='grc' dir='ltr'><strong>τί</strong></span> <span class='ocrx_word' id='word_1_434' title='bbox 1760 4376 1959 4414; x_wconf 88' lang='grc' dir='ltr'>συντα-</span> 
     </span>
    </p>
   </div>
   <div class='ocr_carea' id='block_1_68' title="bbox 381 4444 798 4517">
    <p class='ocr_par' dir='ltr' id='par_1_68' title="bbox 381 4444 798 4517">
     <span class='ocr_line' id='line_1_68' title="bbox 381 4444 798 4517; baseline 0.002 -18"><span class='ocrx_word' id='word_1_435' title='bbox 381 4444 601 4516; x_wconf 79' lang='grc' dir='ltr'>ράσσεις</span> <span class='ocrx_word' id='word_1_436' title='bbox 632 4463 700 4517; x_wconf 88' lang='grc' dir='ltr'><strong>με</strong></span> <span class='ocrx_word' id='word_1_437' title='bbox 724 4463 739 4511; x_wconf 89' lang='grc'><strong>;</strong></span> <span class='ocrx_word' id='word_1_438' title='bbox 777 4463 798 4499; x_wconf 71' lang='grc' dir='ltr'><strong>ι</strong></span> 
     </span>
    </p>
   </div>
   <div class='ocr_carea' id='block_1_69' title="bbox 2065 3287 3655 3363">
    <p class='ocr_par' dir='ltr' id='par_1_69' title="bbox 2065 3287 3655 3363">
     <span class='ocr_line' id='line_1_69' title="bbox 2065 3287 3655 3363; baseline -0.007 -10"><span class='ocrx_word' id='word_1_439' title='bbox 2065 3303 2174 3363; x_wconf 89' lang='lat' dir='ltr'><strong>est,</strong></span> <span class='ocrx_word' id='word_1_440' title='bbox 2209 3293 2487 3350; x_wconf 87' lang='lat' dir='ltr'><strong>neminem</strong></span> <span class='ocrx_word' id='word_1_441' title='bbox 2514 3308 2640 3349; x_wconf 90' lang='lat' dir='ltr'><strong>esse</strong></span> <span class='ocrx_word' id='word_1_442' title='bbox 2679 3292 2777 3363; x_wconf 86' lang='lat' dir='ltr'><strong>qui</strong></span> <span class='ocrx_word' id='word_1_443' title='bbox 2811 3297 2985 3362; x_wconf 74' lang='lat' dir='ltr'><strong>regat.</strong></span> <span class='ocrx_word' id='word_1_444' title='bbox 3013 3289 3163 3346; x_wconf 87' lang='lat' dir='ltr'><strong>Ordo</strong></span> <span class='ocrx_word' id='word_1_445' title='bbox 3190 3296 3375 3344; x_wconf 90' lang='lat' dir='ltr'><strong>autem</strong></span> <span class='ocrx_word' id='word_1_446' title='bbox 3399 3287 3655 3344; x_wconf 88' lang='lat' dir='ltr'><strong>modera-</strong></span> 
     </span>
    </p>
   </div>
   <div class='ocr_carea' id='block_1_70' title="bbox 2064 3384 2495 3443">
    <p class='ocr_par' dir='ltr' id='par_1_70' title="bbox 2064 3384 2495 3443">
     <span class='ocr_line' id='line_1_70' title="bbox 2064 3384 2495 3443; baseline -0.012 -2"><span class='ocrx_word' id='word_1_447' title='bbox 2064 3393 2240 3442; x_wconf 89' lang='lat' dir='ltr'><strong>torem</strong></span> <span class='ocrx_word' id='word_1_448' title='bbox 2267 3384 2495 3443; x_wconf 88' lang='lat' dir='ltr'><strong>indicat.</strong></span> 
     </span>
    </p>
   </div>
   <div class='ocr_carea' id='block_1_71' title="bbox 2137 3466 3656 3548">
    <p class='ocr_par' dir='ltr' id='par_1_71' title="bbox 2137 3466 3656 3548">
     <span class='ocr_line' id='line_1_71' title="bbox 2137 3466 3656 3548; baseline -0.007 -16"><span class='ocrx_word' id='word_1_449' title='bbox 2137 3478 2360 3548; x_wconf 77' lang='lat' dir='ltr'><strong>Dionys.</strong></span> <span class='ocrx_word' id='word_1_450' title='bbox 2388 3504 2459 3516; x_wconf 85' lang='lat'><strong>—-—</strong></span> <span class='ocrx_word' id='word_1_451' title='bbox 2495 3474 2599 3529; x_wconf 86' lang='lat' dir='ltr'><strong>Ubi</strong></span> <span class='ocrx_word' id='word_1_452' title='bbox 2630 3490 2738 3530; x_wconf 91' lang='lat' dir='ltr'><strong>non</strong></span> <span class='ocrx_word' id='word_1_453' title='bbox 2772 3482 2857 3528; x_wconf 90' lang='lat' dir='ltr'><strong>cst</strong></span> <span class='ocrx_word' id='word_1_454' title='bbox 2881 3471 3162 3542; x_wconf 86' lang='lat' dir='ltr'><strong>princeps,</strong></span> <span class='ocrx_word' id='word_1_455' title='bbox 3204 3469 3281 3524; x_wconf 90' lang='lat' dir='ltr'><strong>ibi</strong></span> <span class='ocrx_word' id='word_1_456' title='bbox 3311 3467 3472 3539; x_wconf 90' lang='lat' dir='ltr'><strong>plane</strong></span> <span class='ocrx_word' id='word_1_457' title='bbox 3504 3466 3656 3523; x_wconf 66' lang='lat' dir='ltr'><strong>ordio</strong></span> 
     </span>
    </p>
   </div>
   <div class='ocr_carea' id='block_1_72' title="bbox 2062 3559 3654 3643">
    <p class='ocr_par' dir='ltr' id='par_1_72' title="bbox 2062 3559 3654 3643">
     <span class='ocr_line' id='line_1_72' title="bbox 2062 3559 3654 3643; baseline -0.009 -15"><span class='ocrx_word' id='word_1_458' title='bbox 2062 3572 2153 3628; x_wconf 90' lang='lat' dir='ltr'><strong>nis</strong></span> <span class='ocrx_word' id='word_1_459' title='bbox 2185 3569 2530 3643; x_wconf 88' lang='lat' dir='ltr'><strong>perturbatio</strong></span> <span class='ocrx_word' id='word_1_460' title='bbox 2560 3576 2664 3623; x_wconf 92' lang='lat' dir='ltr'><strong>est.</strong></span> <span class='ocrx_word' id='word_1_461' title='bbox 2717 3566 3017 3620; x_wconf 75' lang='lat' dir='ltr'><strong>Multorum</strong></span> <span class='ocrx_word' id='word_1_462' title='bbox 3053 3562 3318 3633; x_wconf 79' lang='lat' dir='ltr'><strong>regimen,</strong></span> <span class='ocrx_word' id='word_1_463' title='bbox 3344 3559 3435 3614; x_wconf 89' lang='lat' dir='ltr'><strong>ubi</strong></span> <span class='ocrx_word' id='word_1_464' title='bbox 3461 3573 3654 3614; x_wconf 91' lang='lat' dir='ltr'><strong>omnes</strong></span> 
     </span>
    </p>
   </div>
   <div class='ocr_carea' id='block_1_73' title="bbox 2062 3648 3654 3731">
    <p class='ocr_par' dir='ltr' id='par_1_73' title="bbox 2062 3648 3654 3731">
     <span class='ocr_line' id='line_1_73' title="bbox 2062 3648 3654 3731; baseline -0.009 -12"><span class='ocrx_word' id='word_1_465' title='bbox 2062 3665 2273 3720; x_wconf 89' lang='lat' dir='ltr'><strong>honore</strong></span> <span class='ocrx_word' id='word_1_466' title='bbox 2312 3669 2446 3717; x_wconf 91' lang='lat' dir='ltr'><strong>sunt</strong></span> <span class='ocrx_word' id='word_1_467' title='bbox 2471 3660 2737 3731; x_wconf 85' lang='lat' dir='ltr'><strong>aequales,</strong></span> <span class='ocrx_word' id='word_1_468' title='bbox 2768 3654 3060 3729; x_wconf 89' lang='lat' dir='ltr'><strong>potestatis</strong></span> <span class='ocrx_word' id='word_1_469' title='bbox 3092 3651 3334 3712; x_wconf 88' lang='lat' dir='ltr'><strong>sublatio</strong></span> <span class='ocrx_word' id='word_1_470' title='bbox 3370 3658 3424 3705; x_wconf 90' lang='lat' dir='ltr'><strong>et</strong></span> <span class='ocrx_word' id='word_1_471' title='bbox 3449 3648 3654 3706; x_wconf 89' lang='lat' dir='ltr'><strong>solutio</strong></span> 
     </span>
    </p>
   </div>
   <div class='ocr_carea' id='block_1_74' title="bbox 2101 3756 2388 3810">
    <p class='ocr_par' dir='ltr' id='par_1_74' title="bbox 2101 3756 2388 3810">
     <span class='ocr_line' id='line_1_74' title="bbox 2101 3756 2388 3810; baseline -0.014 0"><span class='ocrx_word' id='word_1_472' title='bbox 2101 3756 2251 3810; x_wconf 90' lang='lat' dir='ltr'><strong>otius</strong></span> <span class='ocrx_word' id='word_1_473' title='bbox 2280 3759 2388 3808; x_wconf 88' lang='lat' dir='ltr'><strong>est.</strong></span> 
     </span>
    </p>
   </div>
   <div class='ocr_carea' id='block_1_75' title="bbox 2063 3771 3653 3912">
    <p class='ocr_par' dir='ltr' id='par_1_75' title="bbox 2063 3771 3653 3912">
     <span class='ocr_line' id='line_1_75' title="bbox 2101 3771 2388 3810; baseline -0.014 0"><span class='ocrx_word' id='word_1_474' title='bbox 2101 3771 2251 3810; x_wconf 86' lang='lat' dir='ltr'><strong>ouus</strong></span> <span class='ocrx_word' id='word_1_475' title='bbox 2280 3771 2388 3808; x_wconf 71' lang='lat' dir='ltr'><strong>esr.</strong></span> 
     </span>
     <span class='ocr_line' id='line_1_76' title="bbox 2063 3771 3653 3912; baseline -0.012 -11"><span class='ocrx_word' id='word_1_476' title='bbox 2063 3771 2097 3826; x_wconf 63' lang='grc' dir='ltr'>ρ</span> <span class='ocrx_word' id='word_1_477' title='bbox 2140 3846 2359 3900; x_wconf 80' lang='lat' dir='ltr'><strong>Philan.</strong></span> <span class='ocrx_word' id='word_1_478' title='bbox 2383 3871 2450 3884; x_wconf 89' lang='lat'><strong>——</strong></span> <span class='ocrx_word' id='word_1_479' title='bbox 2485 3840 2529 3898; x_wconf 94' lang='lat'><strong>0</strong></span> <span class='ocrx_word' id='word_1_480' title='bbox 2553 3849 2688 3912; x_wconf 92' lang='lat' dir='ltr'><strong>quot</strong></span> <span class='ocrx_word' id='word_1_481' title='bbox 2719 3853 2996 3910; x_wconf 87' lang='lat' dir='ltr'><strong>quamque</strong></span> <span class='ocrx_word' id='word_1_482' title='bbox 3046 3834 3233 3908; x_wconf 75' lang='lat' dir='ltr'><strong>gravia</strong></span> <span class='ocrx_word' id='word_1_483' title='bbox 3267 3832 3410 3888; x_wconf 86' lang='lat' dir='ltr'><strong>mala</strong></span> <span class='ocrx_word' id='word_1_484' title='bbox 3443 3830 3653 3887; x_wconf 78' lang='lat' dir='ltr'><strong>exstin-</strong></span> 
     </span>
    </p>
   </div>
   <div class='ocr_carea' id='block_1_76' title="bbox 2059 3924 3652 4008">
    <p class='ocr_par' dir='ltr' id='par_1_76' title="bbox 2059 3924 3652 4008">
     <span class='ocr_line' id='line_1_77' title="bbox 2059 3924 3652 4008; baseline -0.011 -15"><span class='ocrx_word' id='word_1_485' title='bbox 2059 3945 2154 3993; x_wconf 91' lang='lat' dir='ltr'><strong>cto</strong></span> <span class='ocrx_word' id='word_1_486' title='bbox 2201 3936 2513 4008; x_wconf 85' lang='lat' dir='ltr'><strong>principatu</strong></span> <span class='ocrx_word' id='word_1_487' title='bbox 2570 3932 2909 3988; x_wconf 81' lang='lat' dir='ltr'><strong>nascuntur!</strong></span> <span class='ocrx_word' id='word_1_488' title='bbox 2953 3928 3170 3993; x_wconf 83' lang='lat' dir='ltr'><strong>Fames,</strong></span> <span class='ocrx_word' id='word_1_489' title='bbox 3206 3926 3434 3990; x_wconf 89' lang='lat' dir='ltr'><strong>bellum,</strong></span> <span class='ocrx_word' id='word_1_490' title='bbox 3471 3924 3652 3993; x_wconf 77' lang='lat' dir='ltr'><strong>regio-</strong></span> 
     </span>
    </p>
   </div>
   <div class='ocr_carea' id='block_1_77' title="bbox 2060 4016 3651 4100">
    <p class='ocr_par' dir='ltr' id='par_1_77' title="bbox 2060 4016 3651 4100">
     <span class='ocr_line' id='line_1_78' title="bbox 2060 4016 3651 4100; baseline -0.01 -15"><span class='ocrx_word' id='word_1_491' title='bbox 2060 4047 2190 4086; x_wconf 87' lang='lat' dir='ltr'><strong>num</strong></span> <span class='ocrx_word' id='word_1_492' title='bbox 2235 4027 2647 4100; x_wconf 86' lang='lat' dir='ltr'><strong>populationes,</strong></span> <span class='ocrx_word' id='word_1_493' title='bbox 2680 4040 2851 4096; x_wconf 90' lang='lat' dir='ltr'><strong>opum</strong></span> <span class='ocrx_word' id='word_1_494' title='bbox 2890 4022 3241 4093; x_wconf 84' lang='lat' dir='ltr'><strong>ereptiones,</strong></span> <span class='ocrx_word' id='word_1_495' title='bbox 3268 4016 3651 4081; x_wconf 85' lang='lat' dir='ltr'><strong>abductiones,</strong></span> 
     </span>
    </p>
   </div>
   <div class='ocr_carea' id='block_1_78' title="bbox 2060 4117 2886 4178">
    <p class='ocr_par' dir='ltr' id='par_1_78' title="bbox 2060 4117 2886 4178">
     <span class='ocr_line' id='line_1_79' title="bbox 2060 4117 2886 4178; baseline -0.011 0"><span class='ocrx_word' id='word_1_496' title='bbox 2060 4121 2346 4178; x_wconf 83' lang='lat' dir='ltr'><strong>servitutis</strong></span> <span class='ocrx_word' id='word_1_497' title='bbox 2375 4130 2431 4175; x_wconf 92' lang='lat' dir='ltr'><strong>et</strong></span> <span class='ocrx_word' id='word_1_498' title='bbox 2462 4117 2656 4174; x_wconf 89' lang='lat' dir='ltr'><strong>mortis</strong></span> <span class='ocrx_word' id='word_1_499' title='bbox 2686 4122 2886 4172; x_wconf 88' lang='lat' dir='ltr'><strong>metus.</strong></span> 
     </span>
    </p>
   </div>
   <div class='ocr_carea' id='block_1_79' title="bbox 2132 4240 3560 4315">
    <p class='ocr_par' dir='ltr' id='par_1_79' title="bbox 2132 4240 3560 4315">
     <span class='ocr_line' id='line_1_80' title="bbox 2132 4240 3560 4315; baseline -0.01 -6"><span class='ocrx_word' id='word_1_500' title='bbox 2132 4253 2268 4310; x_wconf 83' lang='lat' dir='ltr'><strong>TIT.</strong></span> <span class='ocrx_word' id='word_1_501' title='bbox 2302 4252 2497 4310; x_wconf 80' lang='lat' dir='ltr'><strong>XXIII.</strong></span> <span class='ocrx_word' id='word_1_502' title='bbox 2534 4281 2596 4293; x_wconf 85' lang='lat'><strong>—-—</strong></span> <span class='ocrx_word' id='word_1_503' title='bbox 2625 4251 2697 4306; x_wconf 82' lang='lat' dir='ltr'><strong>De</strong></span> <span class='ocrx_word' id='word_1_504' title='bbox 2727 4249 2935 4312; x_wconf 85' lang='lat' dir='ltr'><strong>acedia,</strong></span> <span class='ocrx_word' id='word_1_505' title='bbox 2968 4254 3018 4301; x_wconf 80' lang='lat' dir='ltr'><strong>et</strong></span> <span class='ocrx_word' id='word_1_506' title='bbox 3045 4244 3338 4315; x_wconf 79' lang='lat' dir='ltr'><strong>defectione</strong></span> <span class='ocrx_word' id='word_1_507' title='bbox 3373 4240 3560 4296; x_wconf 85' lang='lat' dir='ltr'><strong>animi.</strong></span> 
     </span>
    </p>
   </div>
   <div class='ocr_carea' id='block_1_80' title="bbox 2130 4356 3649 4435">
    <p class='ocr_par' dir='ltr' id='par_1_80' title="bbox 2130 4356 3649 4435">
     <span class='ocr_line' id='line_1_81' title="bbox 2130 4356 3649 4435; baseline -0.01 -14"><span class='ocrx_word' id='word_1_508' title='bbox 2130 4366 2284 4422; x_wconf 79' lang='lat' dir='ltr'><strong>Psal.</strong></span> <span class='ocrx_word' id='word_1_509' title='bbox 2308 4383 2419 4435; x_wconf 75' lang='grc' dir='ltr'>ιιι,</span> <span class='ocrx_word' id='word_1_510' title='bbox 2453 4364 2506 4421; x_wconf 89' lang='grc'>6.</span> <span class='ocrx_word' id='word_1_511' title='bbox 2533 4396 2606 4406; x_wconf 91' lang='grc'><strong><em>-</em></strong></span> <span class='ocrx_word' id='word_1_512' title='bbox 2638 4383 2658 4417; x_wconf 79' lang='grc' dir='ltr'><strong>ι</strong></span> <span class='ocrx_word' id='word_1_513' title='bbox 2692 4365 2872 4432; x_wconf 87' lang='lat' dir='ltr'><strong>Quare</strong></span> <span class='ocrx_word' id='word_1_514' title='bbox 2897 4359 3071 4416; x_wconf 89' lang='lat' dir='ltr'><strong>tristis</strong></span> <span class='ocrx_word' id='word_1_515' title='bbox 3094 4372 3177 4425; x_wconf 90' lang='lat' dir='ltr'><strong>es,</strong></span> <span class='ocrx_word' id='word_1_516' title='bbox 3213 4356 3396 4411; x_wconf 88' lang='lat' dir='ltr'><strong>anima</strong></span> <span class='ocrx_word' id='word_1_517' title='bbox 3421 4368 3563 4420; x_wconf 88' lang='lat' dir='ltr'><strong>mea,</strong></span> <span class='ocrx_word' id='word_1_518' title='bbox 3594 4359 3649 4407; x_wconf 91' lang='lat' dir='ltr'><strong>ct</strong></span> 
     </span>
    </p>
   </div>
   <div class='ocr_carea' id='block_1_81' title="bbox 2060 4456 2754 4530">
    <p class='ocr_par' dir='ltr' id='par_1_81' title="bbox 2060 4456 2754 4530">
     <span class='ocr_line' id='line_1_82' title="bbox 2060 4456 2754 4530; baseline -0.006 -17"><span class='ocrx_word' id='word_1_519' title='bbox 2060 4474 2233 4530; x_wconf 86' lang='lat' dir='ltr'><strong>quare</strong></span> <span class='ocrx_word' id='word_1_520' title='bbox 2258 4459 2559 4514; x_wconf 88' lang='lat' dir='ltr'><strong>conturbas</strong></span> <span class='ocrx_word' id='word_1_521' title='bbox 2583 4456 2703 4512; x_wconf 84' lang='lat' dir='ltr'><strong>me?</strong></span> <span class='ocrx_word' id='word_1_522' title='bbox 2734 4474 2754 4509; x_wconf 74' lang='grc' dir='ltr'><strong>ι</strong></span> 
     </span>
    </p>
   </div>
   <div class='ocr_carea' id='block_1_82' title="bbox 457 4534 1958 4637">
    <p class='ocr_par' dir='ltr' id='par_1_82' title="bbox 457 4534 1954 4613">
     <span class='ocr_line' id='line_1_83' title="bbox 457 4534 1954 4613; baseline 0.013 -27"><span class='ocrx_word' id='word_1_523' title='bbox 457 4550 477 4585; x_wconf 80' lang='grc' dir='ltr'><strong>ι</strong></span> <span class='ocrx_word' id='word_1_524' title='bbox 524 4536 615 4588; x_wconf 85' lang='grc' dir='ltr'>Ἐν</span> <span class='ocrx_word' id='word_1_525' title='bbox 652 4534 729 4606; x_wconf 81' lang='grc' dir='ltr'>τῷ</span> <span class='ocrx_word' id='word_1_526' title='bbox 754 4535 1052 4607; x_wconf 79' lang='grc' dir='ltr'>ἀκηδιᾶσαι</span> <span class='ocrx_word' id='word_1_527' title='bbox 1084 4537 1183 4612; x_wconf 83' lang='grc' dir='ltr'>τὴν</span> <span class='ocrx_word' id='word_1_528' title='bbox 1229 4539 1462 4613; x_wconf 88' lang='grc' dir='ltr'>καρδίαν</span> <span class='ocrx_word' id='word_1_529' title='bbox 1498 4557 1603 4612; x_wconf 87' lang='grc' dir='ltr'><strong>μου</strong></span> <span class='ocrx_word' id='word_1_530' title='bbox 1650 4542 1709 4595; x_wconf 78' lang='grc' dir='ltr'>ὲν</span> <span class='ocrx_word' id='word_1_531' title='bbox 1754 4541 1954 4612; x_wconf 63' lang='grc' dir='ltr'>πέτρᾳ,</span> 
     </span>
    </p>
   </div>
   <div class='ocr_carea' id='block_1_83' title="bbox 2094 4534 3648 4637">
    <p class='ocr_par' dir='ltr' id='par_1_83' title="bbox 2134 4539 3648 4615">
     <span class='ocr_line' id='line_1_84' title="bbox 2134 4539 3648 4615; baseline -0.009 -10"><span class='ocrx_word' id='word_1_532' title='bbox 2134 4551 2286 4606; x_wconf 82' lang='lat' dir='ltr'><strong>Psal.</strong></span> <span class='ocrx_word' id='word_1_533' title='bbox 2316 4568 2405 4615; x_wconf 68' lang='grc' dir='ltr'>ιχ,</span> <span class='ocrx_word' id='word_1_534' title='bbox 2444 4551 2499 4605; x_wconf 84' lang='grc'><strong>’5.</strong></span> <span class='ocrx_word' id='word_1_535' title='bbox 2522 4580 2593 4590; x_wconf 91' lang='grc'><strong><em>-</em></strong></span> <span class='ocrx_word' id='word_1_536' title='bbox 2621 4568 2640 4601; x_wconf 78' lang='grc' dir='ltr'><strong>ι</strong></span> <span class='ocrx_word' id='word_1_537' title='bbox 2673 4547 2808 4604; x_wconf 88' lang='lat' dir='ltr'><strong>Cum</strong></span> <span class='ocrx_word' id='word_1_538' title='bbox 2838 4545 3156 4601; x_wconf 80' lang='lat' dir='ltr'><strong>anxiaretur</strong></span> <span class='ocrx_word' id='word_1_539' title='bbox 3186 4549 3240 4599; x_wconf 92' lang='lat' dir='ltr'><strong>et</strong></span> <span class='ocrx_word' id='word_1_540' title='bbox 3269 4539 3528 4597; x_wconf 83' lang='lat' dir='ltr'><strong>deﬁceret</strong></span> <span class='ocrx_word' id='word_1_541' title='bbox 3553 4551 3648 4593; x_wconf 90' lang='lat' dir='ltr'><strong>cor</strong></span> 
     </span>
    </p>
   </div>
   <div class='ocr_carea' id='block_1_84' title="bbox 378 4625 780 4698">
    <p class='ocr_par' dir='ltr' id='par_1_84' title="bbox 378 4625 780 4698">
     <span class='ocr_line' id='line_1_85' title="bbox 378 4625 780 4698; baseline -0.002 -17"><span class='ocrx_word' id='word_1_542' title='bbox 378 4625 604 4697; x_wconf 69' lang='grc' dir='ltr'>ὖψωσάς</span> <span class='ocrx_word' id='word_1_543' title='bbox 635 4644 722 4698; x_wconf 88' lang='grc' dir='ltr'><strong>με.</strong></span> <span class='ocrx_word' id='word_1_544' title='bbox 760 4645 780 4680; x_wconf 75' lang='grc' dir='ltr'><strong>ι</strong></span> 
     </span>
    </p>
   </div>
   <div class='ocr_carea' id='block_1_85' title="bbox 460 4719 1956 4795">
    <p class='ocr_par' dir='ltr' id='par_1_85' title="bbox 460 4719 1956 4795">
     <span class='ocr_line' id='line_1_86' title="bbox 460 4719 1956 4795; baseline 0.001 -22"><span class='ocrx_word' id='word_1_545' title='bbox 460 4736 482 4773; x_wconf 78' lang='grc' dir='ltr'><strong>ι</strong></span> <span class='ocrx_word' id='word_1_546' title='bbox 515 4719 902 4791; x_wconf 81' lang='grc' dir='ltr'>Ἢδολέσχησα,</span> <span class='ocrx_word' id='word_1_547' title='bbox 922 4719 1017 4775; x_wconf 76' lang='grc' dir='ltr'>καὶ</span> <span class='ocrx_word' id='word_1_548' title='bbox 1043 4721 1423 4795; x_wconf 80' lang='grc' dir='ltr'>ὠλιγοψύχησε</span> <span class='ocrx_word' id='word_1_549' title='bbox 1447 4723 1508 4777; x_wconf 82' lang='grc' dir='ltr'>τὸ</span> <span class='ocrx_word' id='word_1_550' title='bbox 1529 4721 1748 4794; x_wconf 81' lang='grc' dir='ltr'>πνεῦμά</span> <span class='ocrx_word' id='word_1_551' title='bbox 1778 4738 1901 4793; x_wconf 89' lang='grc' dir='ltr'>μου.</span> <span class='ocrx_word' id='word_1_552' title='bbox 1937 4738 1956 4773; x_wconf 80' lang='grc' dir='ltr'><strong>ι</strong></span> 
     </span>
    </p>
   </div>
   <div class='ocr_carea' id='block_1_86' title="bbox 459 4910 1961 4986">
    <p class='ocr_par' dir='ltr' id='par_1_86' title="bbox 459 4910 1961 4986">
     <span class='ocr_line' id='line_1_87' title="bbox 459 4910 1961 4986; baseline -0.002 -19"><span class='ocrx_word' id='word_1_553' title='bbox 459 4931 482 4967; x_wconf 75' lang='grc' dir='ltr'><strong>ι</strong></span> <span class='ocrx_word' id='word_1_554' title='bbox 532 4912 857 4980; x_wconf 80' lang='grc' dir='ltr'>Ἐνύσταξεν</span> <span class='ocrx_word' id='word_1_555' title='bbox 890 4914 925 4985; x_wconf 82' lang='grc' dir='ltr'>ἠ</span> <span class='ocrx_word' id='word_1_556' title='bbox 957 4912 1104 4986; x_wconf 79' lang='grc' dir='ltr'>ψυχή</span> <span class='ocrx_word' id='word_1_557' title='bbox 1136 4930 1239 4986; x_wconf 88' lang='grc' dir='ltr'><strong>μου</strong></span> <span class='ocrx_word' id='word_1_558' title='bbox 1290 4912 1399 4968; x_wconf 78' lang='grc' dir='ltr'>ἀπὸ</span> <span class='ocrx_word' id='word_1_559' title='bbox 1441 4912 1693 4986; x_wconf 81' lang='grc' dir='ltr'>ἀκηδίας,</span> <span class='ocrx_word' id='word_1_560' title='bbox 1732 4910 1961 4984; x_wconf 75' lang='grc' dir='ltr'>βεϐαίω-</span> 
     </span>
    </p>
   </div>
   <div class='ocr_carea' id='block_1_87' title="bbox 382 5005 1964 5088">
    <p class='ocr_par' dir='ltr' id='par_1_87' title="bbox 382 5005 1964 5088">
     <span class='ocr_line' id='line_1_88' title="bbox 382 5005 1964 5088; baseline -0.003 -25"><span class='ocrx_word' id='word_1_561' title='bbox 382 5008 474 5088; x_wconf 78' lang='grc' dir='ltr'>σόν</span> <span class='ocrx_word' id='word_1_562' title='bbox 507 5025 574 5079; x_wconf 89' lang='grc' dir='ltr'><strong>με</strong></span> <span class='ocrx_word' id='word_1_563' title='bbox 600 5008 657 5062; x_wconf 79' lang='grc' dir='ltr'>ὲν</span> <span class='ocrx_word' id='word_1_564' title='bbox 701 5008 813 5070; x_wconf 82' lang='grc' dir='ltr'>τοῖς</span> <span class='ocrx_word' id='word_1_565' title='bbox 840 5007 1020 5075; x_wconf 83' lang='grc' dir='ltr'>λόγοις</span> <span class='ocrx_word' id='word_1_566' title='bbox 1057 5023 1172 5062; x_wconf 92' lang='grc' dir='ltr'>σου.</span> <span class='ocrx_word' id='word_1_567' title='bbox 1216 5006 1451 5077; x_wconf 83' lang='grc' dir='ltr'>’Λουμία</span> <span class='ocrx_word' id='word_1_568' title='bbox 1488 5005 1724 5077; x_wconf 78' lang='grc' dir='ltr'>κατέσχε</span> <span class='ocrx_word' id='word_1_569' title='bbox 1759 5024 1828 5077; x_wconf 87' lang='grc' dir='ltr'><strong>με</strong></span> <span class='ocrx_word' id='word_1_570' title='bbox 1854 5005 1964 5059; x_wconf 76' lang='grc' dir='ltr'>ἀπὸ</span> 
     </span>
    </p>
   </div>
   <div class='ocr_carea' id='block_1_88' title="bbox 379 5097 1957 5172">
    <p class='ocr_par' dir='ltr' id='par_1_88' title="bbox 379 5097 1957 5172">
     <span class='ocr_line' id='line_1_89' title="bbox 379 5097 1957 5172; baseline -0.004 -16"><span class='ocrx_word' id='word_1_571' title='bbox 379 5097 725 5172; x_wconf 79' lang='grc' dir='ltr'>ἁμαρτωλῶν</span> <span class='ocrx_word' id='word_1_572' title='bbox 745 5097 852 5151; x_wconf 85' lang='grc' dir='ltr'><strong>τῶν</strong></span> <span class='ocrx_word' id='word_1_573' title='bbox 872 5097 1462 5167; x_wconf 81' lang='grc' dir='ltr'>ὲγκαταλιμπανὸντων</span> <span class='ocrx_word' id='word_1_574' title='bbox 1487 5098 1577 5152; x_wconf 80' lang='grc' dir='ltr'>τὸν</span> <span class='ocrx_word' id='word_1_575' title='bbox 1598 5098 1760 5167; x_wconf 84' lang='grc' dir='ltr'>νόμον</span> <span class='ocrx_word' id='word_1_576' title='bbox 1785 5115 1901 5151; x_wconf 89' lang='grc' dir='ltr'>σου.</span> <span class='ocrx_word' id='word_1_577' title='bbox 1937 5116 1957 5149; x_wconf 75' lang='grc' dir='ltr'><strong>ι</strong></span> 
     </span>
    </p>
   </div>
   <div class='ocr_carea' id='block_1_89' title="bbox 458 5188 1957 5261">
    <p class='ocr_par' dir='ltr' id='par_1_89' title="bbox 458 5188 1957 5261">
     <span class='ocr_line' id='line_1_90' title="bbox 458 5188 1957 5261; baseline 0 -19"><span class='ocrx_word' id='word_1_578' title='bbox 458 5209 479 5242; x_wconf 77' lang='grc' dir='ltr'><strong>ι</strong></span> <span class='ocrx_word' id='word_1_579' title='bbox 527 5188 826 5261; x_wconf 84' lang='grc' dir='ltr'>Ἰσχύσατε,</span> <span class='ocrx_word' id='word_1_580' title='bbox 861 5191 1042 5260; x_wconf 86' lang='grc' dir='ltr'>χεῖρες</span> <span class='ocrx_word' id='word_1_581' title='bbox 1064 5188 1370 5260; x_wconf 80' lang='grc' dir='ltr'>ἀνειμέναι,</span> <span class='ocrx_word' id='word_1_582' title='bbox 1394 5190 1488 5243; x_wconf 79' lang='grc' dir='ltr'><strong>καὶ</strong></span> <span class='ocrx_word' id='word_1_583' title='bbox 1521 5189 1725 5258; x_wconf 83' lang='grc' dir='ltr'>γόνατα</span> <span class='ocrx_word' id='word_1_584' title='bbox 1776 5206 1957 5258; x_wconf 85' lang='grc' dir='ltr'>παρα-</span> 
     </span>
    </p>
   </div>
   <div class='ocr_carea' id='block_1_90' title="bbox 380 5276 1964 5350">
    <p class='ocr_par' dir='ltr' id='par_1_90' title="bbox 380 5276 1964 5350">
     <span class='ocr_line' id='line_1_91' title="bbox 380 5276 1964 5350; baseline 0.003 -20"><span class='ocrx_word' id='word_1_585' title='bbox 380 5276 674 5346; x_wconf 81' lang='grc' dir='ltr'>λελυμένα.</span> <span class='ocrx_word' id='word_1_586' title='bbox 736 5277 1056 5349; x_wconf 83' lang='grc' dir='ltr'>Ἱσχύσατε,</span> <span class='ocrx_word' id='word_1_587' title='bbox 1107 5279 1184 5350; x_wconf 83' lang='grc' dir='ltr'>μὴ</span> <span class='ocrx_word' id='word_1_588' title='bbox 1232 5278 1510 5349; x_wconf 79' lang='grc' dir='ltr'>φοϐεῖσθε.</span> <span class='ocrx_word' id='word_1_589' title='bbox 1585 5279 1717 5333; x_wconf 78' lang='grc' dir='ltr'>Ἰδοὺ</span> <span class='ocrx_word' id='word_1_590' title='bbox 1765 5280 1795 5334; x_wconf 86' lang='grc' dir='ltr'>ὁ</span> <span class='ocrx_word' id='word_1_591' title='bbox 1831 5279 1964 5343; x_wconf 82' lang='grc' dir='ltr'>Θεὸς</span> 
     </span>
    </p>
   </div>
   <div class='ocr_carea' id='block_1_91' title="bbox 381 5367 617 5440">
    <p class='ocr_par' dir='ltr' id='par_1_91' title="bbox 381 5367 617 5440">
     <span class='ocr_line' id='line_1_92' title="bbox 381 5367 617 5440; baseline -0.004 0"><span class='ocrx_word' id='word_1_592' title='bbox 381 5367 559 5440; x_wconf 65' lang='grc' dir='ltr'>ἡμῶν.</span> <span class='ocrx_word' id='word_1_593' title='bbox 597 5387 617 5421; x_wconf 86' lang='grc'><strong>›</strong></span> 
     </span>
    </p>
   </div>
   <div class='ocr_carea' id='block_1_92' title="bbox 458 5458 1850 5535">
    <p class='ocr_par' dir='ltr' id='par_1_92' title="bbox 458 5458 1850 5535">
     <span class='ocr_line' id='line_1_93' title="bbox 458 5458 1850 5535; baseline 0.002 -23"><span class='ocrx_word' id='word_1_594' title='bbox 458 5475 480 5512; x_wconf 77' lang='grc' dir='ltr'><strong>ι</strong></span> <span class='ocrx_word' id='word_1_595' title='bbox 520 5458 651 5517; x_wconf 83' lang='grc' dir='ltr'>Ἰδοὺ</span> <span class='ocrx_word' id='word_1_596' title='bbox 676 5459 706 5513; x_wconf 85' lang='grc' dir='ltr'>ὁ</span> <span class='ocrx_word' id='word_1_597' title='bbox 736 5459 945 5532; x_wconf 80' lang='grc' dir='ltr'>Κύριος</span> <span class='ocrx_word' id='word_1_598' title='bbox 971 5460 1130 5532; x_wconf 74' lang='grc' dir='ltr'>ἡμῶν</span> <span class='ocrx_word' id='word_1_599' title='bbox 1156 5460 1298 5532; x_wconf 82' lang='grc' dir='ltr'><strong>μετά</strong></span> <span class='ocrx_word' id='word_1_600' title='bbox 1335 5461 1519 5533; x_wconf 80' lang='grc' dir='ltr'>ἰσχύος</span> <span class='ocrx_word' id='word_1_601' title='bbox 1550 5461 1791 5535; x_wconf 79' lang='grc' dir='ltr'>ἔρχεται.</span> <span class='ocrx_word' id='word_1_602' title='bbox 1831 5480 1850 5515; x_wconf 78' lang='grc' dir='ltr'><strong>ι</strong></span> 
     </span>
    </p>
   </div>
   <div class='ocr_carea' id='block_1_93' title="bbox 457 5635 1960 5712">
    <p class='ocr_par' dir='ltr' id='par_1_93' title="bbox 457 5635 1960 5712">
     <span class='ocr_line' id='line_1_94' title="bbox 457 5635 1960 5712; baseline 0.005 -23"><span class='ocrx_word' id='word_1_603' title='bbox 457 5654 481 5688; x_wconf 76' lang='grc' dir='ltr'><strong>σ</strong></span> <span class='ocrx_word' id='word_1_604' title='bbox 526 5635 659 5690; x_wconf 79' lang='grc' dir='ltr'>Ἰδοὺ</span> <span class='ocrx_word' id='word_1_605' title='bbox 687 5636 718 5690; x_wconf 83' lang='grc' dir='ltr'><strong>ὁ</strong></span> <span class='ocrx_word' id='word_1_606' title='bbox 745 5636 940 5706; x_wconf 80' lang='grc' dir='ltr'>μισθὸς</span> <span class='ocrx_word' id='word_1_607' title='bbox 994 5637 1115 5709; x_wconf 81' lang='grc' dir='ltr'>μετ’</span> <span class='ocrx_word' id='word_1_608' title='bbox 1154 5639 1345 5704; x_wconf 81' lang='grc' dir='ltr'>αὑτοῦ,</span> <span class='ocrx_word' id='word_1_609' title='bbox 1383 5640 1478 5695; x_wconf 70' lang='grc' dir='ltr'>καὶ</span> <span class='ocrx_word' id='word_1_610' title='bbox 1510 5640 1572 5694; x_wconf 83' lang='grc' dir='ltr'>τὸ</span> <span class='ocrx_word' id='word_1_611' title='bbox 1600 5639 1765 5712; x_wconf 75' lang='grc' dir='ltr'>ἔργον</span> <span class='ocrx_word' id='word_1_612' title='bbox 1794 5641 1960 5696; x_wconf 72' lang='grc' dir='ltr'>αὐτοῦ</span> 
     </span>
    </p>
   </div>
   <div class='ocr_carea' id='block_1_94' title="bbox 384 5724 883 5783">
    <p class='ocr_par' dir='ltr' id='par_1_94' title="bbox 384 5724 883 5783">
     <span class='ocr_line' id='line_1_95' title="bbox 384 5724 883 5783; baseline -0.002 -2"><span class='ocrx_word' id='word_1_613' title='bbox 384 5724 616 5781; x_wconf 75' lang='grc' dir='ltr'>ἐνώπιον</span> <span class='ocrx_word' id='word_1_614' title='bbox 637 5726 825 5783; x_wconf 79' lang='grc' dir='ltr'>αὐτοῦ.</span> <span class='ocrx_word' id='word_1_615' title='bbox 861 5745 883 5780; x_wconf 76' lang='grc' dir='ltr'><strong>ι</strong></span> 
     </span>
    </p>
   </div>
   <div class='ocr_carea' id='block_1_95' title="bbox 460 5817 1959 5908">
    <p class='ocr_par' dir='ltr' id='par_1_95' title="bbox 460 5817 1959 5908">
     <span class='ocr_line' id='line_1_96' title="bbox 460 5817 1959 5908; baseline 0.005 -38"><span class='ocrx_word' id='word_1_616' title='bbox 460 5833 481 5870; x_wconf 81' lang='grc' dir='ltr'><strong>ι</strong></span> <span class='ocrx_word' id='word_1_617' title='bbox 520 5817 694 5890; x_wconf 79' lang='grc' dir='ltr'>Κύριε</span> <span class='ocrx_word' id='word_1_618' title='bbox 722 5821 1141 5895; x_wconf 69' lang='grc' dir='ltr'><strong>¹παντοκρςίιτορ,</strong></span> <span class='ocrx_word' id='word_1_619' title='bbox 1181 5823 1210 5876; x_wconf 84' lang='grc' dir='ltr'>ὁ</span> <span class='ocrx_word' id='word_1_620' title='bbox 1248 5823 1379 5887; x_wconf 79' lang='grc' dir='ltr'>Θεὸς</span> <span class='ocrx_word' id='word_1_621' title='bbox 1412 5822 1650 5908; x_wconf 60' lang='grc' dir='ltr'>ξισραὴλ,</span> <span class='ocrx_word' id='word_1_622' title='bbox 1709 5825 1853 5895; x_wconf 75' lang='grc' dir='ltr'>ψυχὴ</span> <span class='ocrx_word' id='word_1_623' title='bbox 1904 5827 1959 5879; x_wconf 83' lang='grc' dir='ltr'>ἐν</span> 
     </span>
    </p>
   </div>
   <div class='ocr_carea' id='block_1_96' title="bbox 2065 4640 3029 4714">
    <p class='ocr_par' dir='ltr' id='par_1_96' title="bbox 2065 4640 3029 4714">
     <span class='ocr_line' id='line_1_97' title="bbox 2065 4640 3029 4714; baseline -0.008 -15"><span class='ocrx_word' id='word_1_624' title='bbox 2065 4660 2250 4700; x_wconf 89' lang='lat' dir='ltr'><strong>meum</strong></span> <span class='ocrx_word' id='word_1_625' title='bbox 2289 4645 2344 4699; x_wconf 91' lang='lat' dir='ltr'><strong>in</strong></span> <span class='ocrx_word' id='word_1_626' title='bbox 2372 4651 2552 4714; x_wconf 85' lang='lat' dir='ltr'><strong>petra,</strong></span> <span class='ocrx_word' id='word_1_627' title='bbox 2583 4640 2840 4698; x_wconf 81' lang='lat' dir='ltr'><strong>exaltasti</strong></span> <span class='ocrx_word' id='word_1_628' title='bbox 2868 4654 2974 4693; x_wconf 89' lang='lat' dir='ltr'><strong>me.</strong></span> <span class='ocrx_word' id='word_1_629' title='bbox 3008 4657 3029 4691; x_wconf 75' lang='grc' dir='ltr'><strong>ι</strong></span> 
     </span>
    </p>
   </div>
   <div class='ocr_carea' id='block_1_97' title="bbox 2134 4722 3649 4801">
    <p class='ocr_par' dir='ltr' id='par_1_97' title="bbox 2134 4722 3649 4801">
     <span class='ocr_line' id='line_1_98' title="bbox 2134 4722 3649 4801; baseline -0.009 -10"><span class='ocrx_word' id='word_1_630' title='bbox 2134 4736 2281 4791; x_wconf 80' lang='lat' dir='ltr'><strong>Psal.</strong></span> <span class='ocrx_word' id='word_1_631' title='bbox 2307 4751 2493 4801; x_wconf 70' lang='grc' dir='ltr'>ιτςνι,</span> <span class='ocrx_word' id='word_1_632' title='bbox 2526 4734 2579 4789; x_wconf 84' lang='grc'>9.</span> <span class='ocrx_word' id='word_1_633' title='bbox 2630 4762 2702 4774; x_wconf 90' lang='grc'><strong><em>-</em></strong></span> <span class='ocrx_word' id='word_1_634' title='bbox 2742 4752 2761 4784; x_wconf 79' lang='grc' dir='ltr'><strong>ι</strong></span> <span class='ocrx_word' id='word_1_635' title='bbox 2793 4730 3142 4785; x_wconf 82' lang='lat' dir='ltr'><strong>Exercitatus</strong></span> <span class='ocrx_word' id='word_1_636' title='bbox 3172 4742 3318 4793; x_wconf 90' lang='lat' dir='ltr'><strong>sum,</strong></span> <span class='ocrx_word' id='word_1_637' title='bbox 3367 4732 3422 4780; x_wconf 85' lang='lat' dir='ltr'><strong>et</strong></span> <span class='ocrx_word' id='word_1_638' title='bbox 3448 4722 3649 4779; x_wconf 83' lang='lat' dir='ltr'><strong>defecit</strong></span> 
     </span>
    </p>
   </div>
   <div class='ocr_carea' id='block_1_98' title="bbox 2062 4829 2556 4900">
    <p class='ocr_par' dir='ltr' id='par_1_98' title="bbox 2062 4829 2556 4900">
     <span class='ocr_line' id='line_1_99' title="bbox 2062 4829 2556 4900; baseline -0.014 -16"><span class='ocrx_word' id='word_1_639' title='bbox 2062 4829 2293 4900; x_wconf 80' lang='lat' dir='ltr'><strong>spiritus</strong></span> <span class='ocrx_word' id='word_1_640' title='bbox 2324 4843 2500 4883; x_wconf 88' lang='lat' dir='ltr'><strong>meus.</strong></span> <span class='ocrx_word' id='word_1_641' title='bbox 2536 4845 2556 4877; x_wconf 76' lang='grc' dir='ltr'><strong>ι</strong></span> 
     </span>
    </p>
   </div>
   <div class='ocr_carea' id='block_1_99' title="bbox 2136 4909 3647 4985">
    <p class='ocr_par' dir='ltr' id='par_1_99' title="bbox 2136 4909 3647 4985">
     <span class='ocr_line' id='line_1_100' title="bbox 2136 4909 3647 4985; baseline -0.01 -13"><span class='ocrx_word' id='word_1_642' title='bbox 2136 4918 2284 4972; x_wconf 80' lang='lat' dir='ltr'><strong>Psul.</strong></span> <span class='ocrx_word' id='word_1_643' title='bbox 2301 4915 2598 4985; x_wconf 69' lang='lat' dir='ltr'><strong>cxvul,28,</strong></span> <span class='ocrx_word' id='word_1_644' title='bbox 2621 4915 2786 4970; x_wconf 79' lang='lat'><strong>55.—</strong></span> <span class='ocrx_word' id='word_1_645' title='bbox 2808 4932 2827 4966; x_wconf 75' lang='grc' dir='ltr'><strong>ι</strong></span> <span class='ocrx_word' id='word_1_646' title='bbox 2854 4910 3175 4966; x_wconf 73' lang='lat' dir='ltr'><strong>Dormitavrt</strong></span> <span class='ocrx_word' id='word_1_647' title='bbox 3189 4909 3369 4962; x_wconf 85' lang='lat' dir='ltr'><strong>anima</strong></span> <span class='ocrx_word' id='word_1_648' title='bbox 3393 4919 3510 4961; x_wconf 88' lang='lat' dir='ltr'><strong>mea</strong></span> <span class='ocrx_word' id='word_1_649' title='bbox 3536 4919 3647 4974; x_wconf 77' lang='lat' dir='ltr'><strong>pra:</strong></span> 
     </span>
    </p>
   </div>
   <div class='ocr_carea' id='block_1_100' title="bbox 2062 4996 3647 5065">
    <p class='ocr_par' dir='ltr' id='par_1_100' title="bbox 2062 4996 3647 5065">
     <span class='ocr_line' id='line_1_101' title="bbox 2062 4996 3647 5065; baseline -0.01 0"><span class='ocrx_word' id='word_1_650' title='bbox 2062 5009 2224 5065; x_wconf 62' lang='lat' dir='ltr'><strong>taedio</strong></span> <span class='ocrx_word' id='word_1_651' title='bbox 2257 5028 2270 5065; x_wconf 89' lang='lat'><strong>:</strong></span> <span class='ocrx_word' id='word_1_652' title='bbox 2303 5008 2573 5065; x_wconf 84' lang='lat' dir='ltr'><strong>conﬁrma</strong></span> <span class='ocrx_word' id='word_1_653' title='bbox 2615 5023 2700 5061; x_wconf 89' lang='lat' dir='ltr'><strong>me</strong></span> <span class='ocrx_word' id='word_1_654' title='bbox 2724 5007 2778 5061; x_wconf 88' lang='lat' dir='ltr'><strong>in</strong></span> <span class='ocrx_word' id='word_1_655' title='bbox 2810 5004 2999 5061; x_wconf 87' lang='lat' dir='ltr'><strong>verbis</strong></span> <span class='ocrx_word' id='word_1_656' title='bbox 3036 5004 3169 5058; x_wconf 91' lang='lat' dir='ltr'><strong>tuis.</strong></span> <span class='ocrx_word' id='word_1_657' title='bbox 3195 4999 3436 5057; x_wconf 79' lang='lat' dir='ltr'><strong>Deiectio</strong></span> <span class='ocrx_word' id='word_1_658' title='bbox 3468 4996 3647 5053; x_wconf 85' lang='lat' dir='ltr'><strong>tenuit</strong></span> 
     </span>
    </p>
   </div>
   <div class='ocr_carea' id='block_1_101' title="bbox 2064 5094 3639 5173">
    <p class='ocr_par' dir='ltr' id='par_1_101' title="bbox 2064 5094 3639 5173">
     <span class='ocr_line' id='line_1_102' title="bbox 2064 5094 3639 5173; baseline -0.01 -17"><span class='ocrx_word' id='word_1_659' title='bbox 2064 5118 2151 5158; x_wconf 88' lang='lat' dir='ltr'><strong>me</strong></span> <span class='ocrx_word' id='word_1_660' title='bbox 2176 5119 2271 5173; x_wconf 89' lang='lat' dir='ltr'><strong>pro</strong></span> <span class='ocrx_word' id='word_1_661' title='bbox 2293 5101 2681 5172; x_wconf 81' lang='lat' dir='ltr'><strong>peccatoribus</strong></span> <span class='ocrx_word' id='word_1_662' title='bbox 2701 5096 3216 5165; x_wconf 89' lang='lat' dir='ltr'><strong>derelinquentibus</strong></span> <span class='ocrx_word' id='word_1_663' title='bbox 3241 5094 3414 5163; x_wconf 82' lang='lat' dir='ltr'><strong>legem</strong></span> <span class='ocrx_word' id='word_1_664' title='bbox 3435 5098 3604 5145; x_wconf 90' lang='lat' dir='ltr'><strong>tuam.</strong></span> <span class='ocrx_word' id='word_1_665' title='bbox 3619 5106 3639 5141; x_wconf 78' lang='grc' dir='ltr'><strong>ι</strong></span> 
     </span>
    </p>
   </div>
   <div class='ocr_carea' id='block_1_102' title="bbox 2135 5180 3641 5252">
    <p class='ocr_par' dir='ltr' id='par_1_102' title="bbox 2135 5180 3641 5252">
     <span class='ocr_line' id='line_1_103' title="bbox 2135 5180 3641 5252; baseline -0.009 -8"><span class='ocrx_word' id='word_1_666' title='bbox 2135 5188 2252 5244; x_wconf 85' lang='lat' dir='ltr'><strong>Isa.</strong></span> <span class='ocrx_word' id='word_1_667' title='bbox 2282 5206 2449 5252; x_wconf 81' lang='lat' dir='ltr'><strong>xxxv,</strong></span> <span class='ocrx_word' id='word_1_668' title='bbox 2478 5189 2530 5245; x_wconf 79' lang='grc'><strong>5.</strong></span> <span class='ocrx_word' id='word_1_669' title='bbox 2549 5220 2621 5230; x_wconf 96' lang='grc'><strong><em>-</em></strong></span> <span class='ocrx_word' id='word_1_670' title='bbox 2649 5208 2667 5239; x_wconf 72' lang='grc' dir='ltr'><strong>ι</strong></span> <span class='ocrx_word' id='word_1_671' title='bbox 2689 5186 3105 5250; x_wconf 83' lang='lat' dir='ltr'><strong>Coufortamini,</strong></span> <span class='ocrx_word' id='word_1_672' title='bbox 3129 5198 3326 5238; x_wconf 86' lang='lat' dir='ltr'><strong>manus</strong></span> <span class='ocrx_word' id='word_1_673' title='bbox 3342 5180 3641 5241; x_wconf 59' lang='lat' dir='ltr'><strong>dissoluta,</strong></span> 
     </span>
    </p>
   </div>
   <div class='ocr_carea' id='block_1_103' title="bbox 2065 5271 3640 5350">
    <p class='ocr_par' dir='ltr' id='par_1_103' title="bbox 2065 5271 3640 5350">
     <span class='ocr_line' id='line_1_104' title="bbox 2065 5271 3640 5350; baseline -0.006 -16"><span class='ocrx_word' id='word_1_674' title='bbox 2065 5285 2119 5334; x_wconf 90' lang='lat' dir='ltr'><strong>et</strong></span> <span class='ocrx_word' id='word_1_675' title='bbox 2146 5295 2324 5350; x_wconf 77' lang='lat' dir='ltr'><strong>genua</strong></span> <span class='ocrx_word' id='word_1_676' title='bbox 2378 5278 2604 5333; x_wconf 88' lang='lat' dir='ltr'><strong>debilia.</strong></span> <span class='ocrx_word' id='word_1_677' title='bbox 2636 5276 3064 5343; x_wconf 81' lang='lat' dir='ltr'><strong>Confortamini,</strong></span> <span class='ocrx_word' id='word_1_678' title='bbox 3113 5283 3166 5331; x_wconf 91' lang='lat' dir='ltr'><strong>et</strong></span> <span class='ocrx_word' id='word_1_679' title='bbox 3207 5273 3376 5328; x_wconf 92' lang='lat' dir='ltr'><strong>nolite</strong></span> <span class='ocrx_word' id='word_1_680' title='bbox 3425 5271 3640 5327; x_wconf 87' lang='lat' dir='ltr'><strong>timere.</strong></span> 
     </span>
    </p>
   </div>
   <div class='ocr_carea' id='block_1_104' title="bbox 2062 5368 3313 5427">
    <p class='ocr_par' dir='ltr' id='par_1_104' title="bbox 2062 5368 3313 5427">
     <span class='ocr_line' id='line_1_105' title="bbox 2062 5368 3313 5427; baseline 0.003 -4"><span class='ocrx_word' id='word_1_681' title='bbox 2062 5368 2205 5425; x_wconf 85' lang='lat' dir='ltr'><strong>Ecce</strong></span> <span class='ocrx_word' id='word_1_682' title='bbox 2236 5370 2379 5426; x_wconf 88' lang='lat' dir='ltr'><strong>Deus</strong></span> <span class='ocrx_word' id='word_1_683' title='bbox 2404 5377 2613 5426; x_wconf 88' lang='lat' dir='ltr'><strong>noster.</strong></span> <span class='ocrx_word' id='word_1_684' title='bbox 2656 5389 2674 5421; x_wconf 75' lang='grc' dir='ltr'><strong>ι</strong></span> <span class='ocrx_word' id='word_1_685' title='bbox 3304 5416 3313 5427; x_wconf 51' lang='grc' dir='ltr'><strong>μ</strong></span> 
     </span>
    </p>
   </div>
   <div class='ocr_carea' id='block_1_105' title="bbox 2134 5454 3645 5526">
    <p class='ocr_par' dir='ltr' id='par_1_105' title="bbox 2134 5454 3645 5526">
     <span class='ocr_line' id='line_1_106' title="bbox 2134 5454 3645 5526; baseline -0.007 -11"><span class='ocrx_word' id='word_1_686' title='bbox 2134 5461 2251 5517; x_wconf 83' lang='lat' dir='ltr'><strong>lsa.</strong></span> <span class='ocrx_word' id='word_1_687' title='bbox 2283 5478 2376 5526; x_wconf 76' lang='grc' dir='ltr'>ιι,</span> <span class='ocrx_word' id='word_1_688' title='bbox 2412 5462 2497 5517; x_wconf 86' lang='lat' dir='ltr'><strong>l0.</strong></span> <span class='ocrx_word' id='word_1_689' title='bbox 2525 5492 2591 5502; x_wconf 92' lang='lat'><strong>-—</strong></span> <span class='ocrx_word' id='word_1_690' title='bbox 2626 5481 2644 5513; x_wconf 76' lang='grc' dir='ltr'><strong>ι</strong></span> <span class='ocrx_word' id='word_1_691' title='bbox 2675 5459 2817 5516; x_wconf 87' lang='lat' dir='ltr'><strong>Ecce</strong></span> <span class='ocrx_word' id='word_1_692' title='bbox 2844 5460 3115 5515; x_wconf 85' lang='lat' dir='ltr'><strong>Dominus</strong></span> <span class='ocrx_word' id='word_1_693' title='bbox 3155 5464 3346 5513; x_wconf 90' lang='lat' dir='ltr'><strong>noster</strong></span> <span class='ocrx_word' id='word_1_694' title='bbox 3374 5471 3500 5512; x_wconf 88' lang='lat' dir='ltr'><strong>cum</strong></span> <span class='ocrx_word' id='word_1_695' title='bbox 3534 5454 3645 5507; x_wconf 82' lang='lat' dir='ltr'><strong>vir-</strong></span> 
     </span>
    </p>
   </div>
   <div class='ocr_carea' id='block_1_106' title="bbox 2062 5550 2468 5606">
    <p class='ocr_par' dir='ltr' id='par_1_106' title="bbox 2062 5550 2468 5606">
     <span class='ocr_line' id='line_1_107' title="bbox 2062 5550 2468 5606; baseline 0 -2"><span class='ocrx_word' id='word_1_696' title='bbox 2062 5556 2180 5604; x_wconf 89' lang='lat' dir='ltr'><strong>tute</strong></span> <span class='ocrx_word' id='word_1_697' title='bbox 2206 5550 2409 5606; x_wconf 90' lang='lat' dir='ltr'><strong>veniet.</strong></span> <span class='ocrx_word' id='word_1_698' title='bbox 2447 5569 2468 5604; x_wconf 77' lang='grc' dir='ltr'><strong>ι</strong></span> 
     </span>
    </p>
   </div>
   <div class='ocr_carea' id='block_1_107' title="bbox 2137 5638 3641 5709">
    <p class='ocr_par' dir='ltr' id='par_1_107' title="bbox 2137 5638 3641 5709">
     <span class='ocr_line' id='line_1_108' title="bbox 2137 5638 3641 5709; baseline -0.003 -15"><span class='ocrx_word' id='word_1_699' title='bbox 2137 5638 2251 5694; x_wconf 83' lang='lat' dir='ltr'><strong>Isa.</strong></span> <span class='ocrx_word' id='word_1_700' title='bbox 2282 5657 2419 5707; x_wconf 75' lang='lat' dir='ltr'><strong>Lxu,</strong></span> <span class='ocrx_word' id='word_1_701' title='bbox 2454 5642 2540 5695; x_wconf 84' lang='lat' dir='ltr'><strong>tl.</strong></span> <span class='ocrx_word' id='word_1_702' title='bbox 2574 5672 2644 5682; x_wconf 88' lang='lat'><strong>—</strong></span> <span class='ocrx_word' id='word_1_703' title='bbox 2671 5658 2691 5692; x_wconf 83' lang='grc' dir='ltr'><strong>ι</strong></span> <span class='ocrx_word' id='word_1_704' title='bbox 2731 5638 2872 5695; x_wconf 88' lang='lat' dir='ltr'><strong>Ecce</strong></span> <span class='ocrx_word' id='word_1_705' title='bbox 2909 5653 3122 5697; x_wconf 88' lang='lat' dir='ltr'><strong>merces</strong></span> <span class='ocrx_word' id='word_1_706' title='bbox 3155 5652 3282 5695; x_wconf 91' lang='lat' dir='ltr'><strong>cum</strong></span> <span class='ocrx_word' id='word_1_707' title='bbox 3305 5652 3393 5703; x_wconf 88' lang='lat' dir='ltr'><strong>eo,</strong></span> <span class='ocrx_word' id='word_1_708' title='bbox 3425 5642 3480 5693; x_wconf 91' lang='lat' dir='ltr'><strong>et</strong></span> <span class='ocrx_word' id='word_1_709' title='bbox 3504 5650 3641 5709; x_wconf 86' lang='lat' dir='ltr'><strong>opus</strong></span> 
     </span>
    </p>
   </div>
   <div class='ocr_carea' id='block_1_108' title="bbox 2064 5731 2599 5801">
    <p class='ocr_par' dir='ltr' id='par_1_108' title="bbox 2064 5731 2599 5801">
     <span class='ocr_line' id='line_1_109' title="bbox 2064 5731 2599 5801; baseline -0.006 -14"><span class='ocrx_word' id='word_1_710' title='bbox 2064 5731 2185 5801; x_wconf 85' lang='lat' dir='ltr'><strong>ejus</strong></span> <span class='ocrx_word' id='word_1_711' title='bbox 2212 5746 2398 5786; x_wconf 86' lang='lat' dir='ltr'><strong>coram</strong></span> <span class='ocrx_word' id='word_1_712' title='bbox 2422 5732 2538 5786; x_wconf 91' lang='lat' dir='ltr'><strong>illo.</strong></span> <span class='ocrx_word' id='word_1_713' title='bbox 2580 5751 2599 5784; x_wconf 79' lang='grc' dir='ltr'><strong>ι</strong></span> 
     </span>
    </p>
   </div>
   <div class='ocr_carea' id='block_1_109' title="bbox 2137 5815 3636 5894">
    <p class='ocr_par' dir='ltr' id='par_1_109' title="bbox 2137 5815 3636 5894">
     <span class='ocr_line' id='line_1_110' title="bbox 2137 5815 3636 5894; baseline -0.003 -18"><span class='ocrx_word' id='word_1_714' title='bbox 2137 5821 2351 5877; x_wconf 83' lang='lat' dir='ltr'><strong>Baruch</strong></span> <span class='ocrx_word' id='word_1_715' title='bbox 2378 5838 2460 5891; x_wconf 87' lang='grc' dir='ltr'>ιιι,</span> <span class='ocrx_word' id='word_1_716' title='bbox 2515 5824 2564 5890; x_wconf 84' lang='lat' dir='ltr'><strong>l,</strong></span> <span class='ocrx_word' id='word_1_717' title='bbox 2588 5823 2644 5880; x_wconf 76' lang='lat'><strong>‘2.</strong></span> <span class='ocrx_word' id='word_1_718' title='bbox 2677 5852 2743 5865; x_wconf 87' lang='lat'><strong>--</strong></span> <span class='ocrx_word' id='word_1_719' title='bbox 2772 5841 2789 5875; x_wconf 82' lang='grc' dir='ltr'><strong>ι</strong></span> <span class='ocrx_word' id='word_1_720' title='bbox 2833 5822 3059 5879; x_wconf 88' lang='lat' dir='ltr'><strong>Domine</strong></span> <span class='ocrx_word' id='word_1_721' title='bbox 3079 5820 3458 5894; x_wconf 75' lang='lat' dir='ltr'><strong>omnipotens,</strong></span> <span class='ocrx_word' id='word_1_722' title='bbox 3491 5815 3636 5872; x_wconf 76' lang='lat' dir='ltr'><strong>Deus</strong></span> 
     </span>
    </p>
   </div>
  </div>
