3986 6432
322 368 454 434 1211

1520 372 1582 431 S.
1611 369 1916 433 JOANN'S
1981 368 2409 429 DAMASCENI

3458 357 3612 422 1212

319 477 510 542 Israel,
546 476 730 532 anima
761 476 816 530 in
839 475 1157 546 gemitibus,
1180 482 1238 532 et
1278 475 1510 548 spiritus
1546 477 1602 531 in
1627 476 1890 546 angustiis

2021 478 2346 545 ιτεναγμοῖς,
2400 475 2497 529 καὶ
2535 474 2756 546 πνεῦμα
2799 474 3043 545 ἀκηδιῶν
3093 474 3400 546 ἐκέκραξαν
3446 476 3593 548 πρὸς

319 571 561 628 clamant
589 571 656 624 ad
713 577 790 635 te,
813 569 1062 637 Domine,
1113 571 1264 638 audi,
1309 569 1555 638 Domi-ne,
1608 570 1896 634 miserere,

319 661 449 733 quia
480 661 626 716 Deus
654 675 715 716 es
742 660 1086 716 misericors.
1131 680 1150 713 ι

392 750 562 806 Hebr.
592 767 689 816 xu,
720 751 807 804 t2.
841 781 913 791 -
949 770 967 804 ι
1003 750 1227 808 Solutas
1267 766 1488 817 manus,
1513 758 1570 806 et
1604 750 1784 806 soluta
1807 763 1900 820 ge-

319 857 429 897 nua
456 842 670 910 erigite,
695 849 751 896 et
778 851 956 896 rectas
991 840 1156 912 360
1183 843 1299 897 vias
1330 841 1503 896 facite
1541 841 1778 910 pedibus
1807 854 1900 896 ve-

2005 568 2068 621 σέ
2091 584 2104 597 ·
2140 567 2333 635 Κύριε,
2357 567 2611 635 ἄκουσον,
2643 567 3100 639 Κύριε,ἐλέησον,
3118 567 3196 622 ὅτι
3221 570 3249 621 ὁ
3277 569 3412 633 Θεὸς
3434 569 3589 640 ἐλεή-

2006 676 2124 730 μων
2156 654 2224 713 εἷ.
2261 677 2284 710 ι

2078 769 2098 803 ι
2136 751 2248 814 Τὰς
2278 754 2616 822 παρειμένας
2657 755 2864 823 χεῖρας,
2895 752 2990 806 καὶ
3041 751 3111 804 τά
3161 748 3591 821 παραλελυμένοι

2002 843 2206 912 γόνατα
2249 843 2618 914 ἀνορθώσατε,
2648 845 2743 898 καὶ
2787 843 3010 915 τροχιὰς
3041 843 3207 913 ὀρθὰς
3239 844 3444 894 ποιεῖτε
3469 844 3589 904 τοῖς

319 933 472 999 stris,
498 939 558 988 ut
589 948 702 986 non
722 932 955 988 claudus
981 939 1152 998 erret,
1186 933 1362 1004 magis
1389 939 1574 988 autem
1599 938 1848 987 sanetur.
1873 948 1892 981 ι

2021 933 2164 987 τοσὶν
2216 933 2395 1001 ὑμῶν,
2443 934 2532 988 ἵνα
2587 935 2663 1007 μὴ
2691 935 2754 990 τὸ
2797 936 2970 1006 χωλὸν
3024 937 3297 1007 ἐκτραπῇ,
3358 935 3486 1006 ίαθῇ
3529 934 3589 987 δὲ

389 1108 566 1164 Basit.
594 1107 668 1163 De
709 1109 870 1179 fame.
902 1107 1242 1165 —'-Tristitia
1281 1107 1452 1163 nimia
1479 1105 1692 1178 peccati
1729 1119 1900 1164 causa

319 1198 581 1254 eﬂicitur.

388 1290 585 1359 Ejusd.
615 1293 772 1360 epist.
804 1290 856 1345 9.
883 1289 1018 1359 Rup.
1053 1320 1120 1332 —-
1153 1289 1368 1346 Similis
1400 1305 1520 1345 sum
1558 1288 1671 1345 illis
1701 1287 1796 1359 qui
1832 1287 1901 1343 ob

318 1380 666 1436 insolentiam
698 1381 1018 1449 navigandi,
1049 1381 1102 1434 in
1139 1380 1279 1435 mari
1311 1381 1510 1436 misere
1545 1378 1899 1440 atllictantur,

317 1479 372 1527 et
407 1485 616 1527 nausea
667 1470 959 1526 deficiunt.
1009 1471 1091 1525 llli
1132 1471 1280 1526 enim
1324 1470 1709 1540 magnitudine
1743 1469 1900 1522 navis

318 1561 536 1626 oliensi,
589 1569 856 1631 tanquam
918 1575 982 1616 ea
1037 1561 1320 1630 ingentem
1356 1560 1494 1629 ipsis
1535 1557 1897 1627 jactationem

318 1651 534 1716 afferat,
557 1651 660 1708 etsi
695 1651 752 1704 in
800 1652 1040 1705 lembum
1102 1651 1187 1706 vel
1229 1650 1464 1705 acatium
1519 1647 1898 1718 migraverint,

316 1743 526 1814 ubique
580 1751 761 1796 tamen
820 1749 1116 1807 nauseant,
1181 1751 1234 1797 et
1266 1743 1320 1796 in
1368 1754 1587 1797 summa
1623 1739 1902 1795 anxietate

2051 1022 2227 1077 ἄλλον.
2267 1042 2287 1077 ι

2051 1039 2227 1077 αλλον.
2267 1042 2287 1077 ι

2007 1039 2047 1093 μ
2087 1113 2152 1167 Ἦ
2182 1116 2261 1178 εἰς
2286 1113 2423 1184 ἄγαν
2456 1117 2729 1186 κατήφεια
2759 1115 2970 1186 γίνεται
2990 1116 3086 1186 τῆς
3114 1115 3390 1186 ἁμαρτίας
3413 1113 3590 1169 αἰτία.

2082 1293 2307 1363 Ὀμοιός
2339 1293 2455 1364 είμι
2484 1295 2598 1357 τοῖς
2632 1294 2690 1347 ἀν
2735 1292 3006 1368 θαλάσσῃ,
3042 1293 3151 1347 ὑπὸ
3188 1293 3288 1363 τῆς
3323 1291 3466 1346 κατά
3495 1292 3598 1346 τὸν

2007 1382 2175 1436 πλοῦν
2203 1384 2459 1455 ἀπειρίας
2497 1384 2892 1454 ἀπολλυμένοις
2939 1384 3037 1438 καὶ
3085 1383 3408 1439 ναυτιῶσιν·
3435 1383 3482 1436 οἳ
3510 1382 3594 1452 τῷ

2011 1474 2234 1543 μεγέθει
2279 1475 2374 1529 τοῦ
2423 1476 2611 1530 πλοίου
2645 1476 3110 1547 δυσχεραίνουσιν,
3161 1478 3239 1539 ὡς
3270 1477 3438 1530 πολὺν
3491 1476 3592 1529 τδν

2009 1565 2172 1621 σάλον
2203 1569 2586 1641 παρεχομένῳ,
2619 1570 2876 1624 κάκεῖθεν
2907 1569 3002 1624 ἐπὶ
3027 1569 3120 1623 τὸν
3158 1567 3361 1639 λέμϐον
3397 1567 3495 1621 καὶ
3520 1569 3589 1620 τὸ

2007 1658 2234 1713 ἀκάτιον
2301 1661 2743 1732 μεταϐαίνοντες,
2805 1660 3084 1731 πανταχοῦ
3141 1658 3424 1724 ναυτιῶσι,
3486 1659 3589 1711 καὶ

2009 1750 2288 1821 πανταχοῦ
2345 1753 2648 1824 ἀποροῦσι·
2706 1753 3146 1824 συμμετέρχεται
3188 1751 3298 1821 γὰρ
3345 1751 3531 1812 αὐτοῖς
3561 1750 3601 1820 ἡ

317 1841 664 1890 versantur:
705 1847 830 1886 cum
873 1832 944 1886 iis
991 1830 1268 1901 siquidem
1306 1829 1475 1885 simul
1533 1828 1788 1884 molestia
1842 1843 1906 1884 ac

2021 1841 2174 1912 ἀηδία
2203 1843 2295 1896 καὶ
2321 1844 2354 1914 ἡ
2381 1843 2535 1914 χολή.
2561 1843 2814 1898 Τοιοῦτον
2834 1845 2930 1898 καὶ
2952 1844 3013 1896 τὸ
3037 1843 3329 1927 ἡμέτερον.
3364 1840 3444 1893 Τά
3479 1839 3600 1908 γὰρ

315 1924 446 1980 bilis
481 1923 800 1978 adveniunt.
830 1921 1160 1990 Hujusmodi
1193 1919 1454 1991 quiddam
1507 1918 1672 1974 nobis
1704 1935 1907 1975 usuve-

317 2017 438 2071 nire
468 2015 628 2070 solet.
667 2014 1015 2069 Domesticas
1041 2012 1192 2068 enim
1234 2011 1408 2065 animi
1459 2010 1911 2082 perturbationes

317 2108 400 2163 sic
421 2107 705 2162 nobiscum
735 2103 1222 2171 circumferimus,
1263 2111 1326 2158 ut
1363 2102 1574 2172 ubique
1621 2101 1819 2158 iisdem
1851 2103 1910 2157 in

316 2199 652 2254 tumultibus
686 2212 1002 2254 versemur.

388 2287 447 2343 S.
473 2287 750 2358 Chrysast.
777 2286 872 2340 tib.
902 2300 963 2339 ιιι
987 2283 1062 2338 De
1098 2283 1322 2338 Prooid.
1347 2313 1417 2324 —
1439 2283 1724 2339 Diabolica
1757 2284 1908 2352 omni

316 2379 639 2444 operatione
672 2377 1048 2448 perniciosior
1083 2383 1169 2432 est
1210 2375 1510 2432 immodica
1551 2377 1810 2432 mmroris
1854 2384 1912 2431 et

318 2468 522 2523 acediae
577 2466 946 2539 magnitudo;
983 2465 1440 2539 quandoquidem
1498 2483 1643 2539 quos
1692 2468 1909 2523 daemon

319 2568 563 2628 superat,
594 2575 691 2629 per
715 2573 1010 2614 maerorem
1055 2567 1304 2628 superat.
1333 2557 1488 2625 Quod
1523 2559 1568 2614 si
1613 2572 1907 2615 maerorem

318 2651 634 2716 sustuleris,
664 2650 802 2705 nihil
837 2665 1068 2721 prorsus
1092 2650 1222 2704 mali
1257 2657 1356 2704 aut
1379 2650 1723 2706 incommodi
1751 2651 1910 2706 exin-

317 2739 387 2795 de
413 2740 514 2795 tibi
556 2742 872 2812 continget.

389 2828 666 2900 Ejusdem.
693 2861 762 2874 -
797 2831 1065 2887 Maerendi
1093 2839 1308 2902 tempus
1329 2839 1438 2893 est.
1463 2846 1576 2886 non
1615 2846 1743 2888 cum
1766 2829 1910 2885 male

318 2921 609 2988 aiﬁcimur,
636 2921 734 2978 sed
763 2937 890 2978 cum
923 2923 1067 2977 male
1099 2923 1342 2992 agimus.

391 3014 642 3070 Cassiani
681 3014 862 3070 abbat.
895 3013 970 3068 De
994 3014 1311 3084 cogitation.
1358 3041 1430 3054 ---
1468 3013 1782 3084 Unicuique
1805 3029 1907 3069 no-

319 3117 498 3164 Strum
541 3113 827 3162 certamen
873 3106 1219 3176 propositum
1260 3113 1349 3160 est
1397 3103 1667 3161 adversus
1706 3106 1906 3160 acedia!

321 3195 606 3268 spiritum,
651 3195 748 3267 qui
807 3210 934 3252 cum
970 3197 1176 3267 spiritu
1214 3197 1475 3253 mmroris
1521 3198 1905 3269 conjungitur,

319 3291 484 3360 eique
513 3287 843 3359 opitulatur.
876 3287 1051 3343 Atrox
1079 3296 1134 3344 et
1169 3304 1437 3360 perquam
1463 3289 1649 3360 gravis
1678 3297 1764 3346 est
1792 3290 1907 3346 dte-

320 3398 453 3439 mon
493 3383 620 3449 iste,
684 3388 1062 3452 perpetuoque
1108 3382 1256 3438 bello
1307 3384 1608 3440 monachos
1652 3384 1905 3440 lacessit.

320 3474 425 3540 Qui
451 3473 675 3546 quidem
701 3488 827 3528 cum
857 3473 995 3528 hora
1023 3481 1180 3529 sexta
1204 3474 1259 3528 in
1282 3476 1616 3531 monachum
1647 3474 1910 3546 impetum

323 3565 513 3633 faciat,
565 3564 619 3620 ei
660 3565 986 3636 languorem
1040 3573 1209 3637 atque
1244 3566 1537 3622 horrorem
1584 3577 1756 3632 creat,
1790 3568 1912 3624 etii-

321 3656 530 3725 citque,
588 3662 650 3710 ut
709 3663 764 3710 et
793 3655 980 3710 locum
1011 3670 1139 3711 eum
1182 3656 1238 3711 in
1265 3672 1376 3726 quo
1407 3656 1579 3726 degit,
1621 3663 1676 3712 et
1711 3656 1912 3713 fratres

321 3748 662 3818 quibuscum
721 3747 851 3802 vita:
900 3748 1364 3803 consuetudinem
1431 3748 1620 3812 habet,
1679 3755 1734 3802 et
1772 3763 1914 3818 opus

323 3850 512 3901 cmne,
542 3835 973 3904 divinarumque
999 3825 1414 3906 Scripturarum
1451 3838 1740 3893 lectionem
1781 3839 1911 3893 ode-

325 3927 403 3982 rit
431 3935 486 3982 ct
517 3937 826 3982 aversetur.
863 3928 1008 3994 Quin
1041 3936 1096 3984 et
1125 3929 1230 4000 ipsi
1266 3930 1656 4002 cogitationem
1703 3929 1915 3984 immit~

324 4020 412 4086 tit,
449 4027 509 4072 ut
542 4018 653 4074 alio
681 4019 875 4090 migret
906 4039 920 4075 :
970 4021 1080 4076 nisi
1127 4023 1275 4077 enim
1308 4023 1420 4076 alio
1459 4037 1522 4077 se
1563 4022 1912 4087 contulerit,

326 4108 493 4164 inane
523 4108 627 4178 ipsi
662 4119 719 4164 et
775 4117 996 4181 tempus
1035 4126 1200 4167 omne
1251 4121 1306 4167 et
1346 4113 1595 4166 laborem
1636 4112 1772 4169 fore.
1832 4114 1915 4168 Ad

327 4199 465 4265 haec,
503 4199 698 4256 famem
729 4201 896 4256 etiam
937 4203 1015 4256 illi
1057 4212 1270 4258 tantam
1313 4204 1421 4260 sub
1468 4204 1752 4258 meridiem
1786 4204 1914 4274 inji-

326 4293 423 4358 cit,
454 4302 658 4363 quanta
695 4309 796 4350 nec
825 4311 890 4350 ex
926 4295 1185 4350 triduano
1209 4296 1446 4366 jejunio,
1483 4311 1661 4365 neque
1697 4312 1765 4352 ex
1796 4296 1916 4351 lon-

326 4384 554 4455 gissima
607 4385 718 4451 via,
772 4401 954 4456 neque
985 4401 1052 4440 ex
1088 4387 1423 4456 gravissimo
1473 4387 1661 4442 labore
1691 4387 1914 4442 contin-

2014 1933 2200 1988 ένοικα
2249 1935 2397 2006 πάθη
2447 1935 2876 2006 περιφέροντες,
2935 1931 3212 2005 πανταχοῦ
3283 1929 3424 2003 μετά
3481 1928 3599 1982 τῶν

2013 2026 2217 2097 ὁμοίων
2249 2025 2496 2098 θορύϐων
2525 2027 2713 2099 ἐσμέν.

2083 2293 2271 2362 Πάσης
2322 2293 2650 2364 δαιμονικῆς
2683 2290 2968 2362 ἐνεργείας
2998 2289 3386 2361 βλαϐερωτέρα
3419 2288 3454 2359 ἡ
3487 2287 3607 2358 τῆς·

2011 2383 2251 2453 ἀθυμίας
2279 2383 2374 2436 καὶ
2397 2383 2625 2453 άκηδίας
2657 2382 2934 2454 ὑπερϐολή
2961 2397 2976 2412 ·
3008 2382 3132 2434 ἐπεὶ
3167 2383 3260 2434 καὶ
3291 2380 3504 2451 δαίμων
3533 2381 3604 2432 ὲν.

2011 2471 2094 2538 οἷς
2129 2477 2194 2529 ἂν
2223 2476 2419 2546 κρατῇ,
2449 2474 2518 2527 δι’
2547 2473 2784 2545 ἀθυμίας
2815 2475 3026 2544 κρατεῖ.
3065 2473 3186 2527 Κάν
3237 2472 3448 2542 ταύτην
3485 2471 3597 2542 ἁφ-

2011 2567 2324 2639 έλῃς,ούδέν
2346 2583 2429 2620 σοι
2450 2566 2582 2638 παρ’
2603 2565 2813 2619 ἐκείνου
2833 2566 3125 2637 γενήσεται
3148 2565 3319 2619 κακὸν
3340 2564 3374 2635 ἢ
3393 2563 3594 2618 δεινόν.

2080 2829 2291 2901 Καιρὺς
2311 2828 2575 2899 ἀθυμίας,
2598 2829 2698 2903 οὐχ
2714 2831 2856 2886 ὅταν
2888 2828 3190 2901 πάσχωμεν
3224 2829 3435 2897 κακῶς,
3472 2830 3610 2886 all“

2009 2923 2137 2977 ὅταν
2159 2922 2374 2994 δρῶμεν
2397 2921 2603 2986 κακῶς.

2092 3012 2354 3066 Ἐκάστου
2399 3021 2430 3050 ⁸
2453 3016 2485 3084 ἡ
2496 3013 2612 3083 μῶν
2640 3011 2791 3080 ἀγών
2819 3015 2936 3067 ἐστι
2965 3012 3108 3068 κατά
3153 3013 3248 3067 τοῦ
3281 3013 3600 3084 πνεύματος

2010 3104 2106 3174 τῆς
2142 3104 2396 3176 ἀκηδίας,
2445 3105 2876 3174 συνεζευγμένον
2937 3104 3032 3158 καὶ
3083 3104 3479 3176 συνεργοῦντος
3513 3105 3614 3176 τῷ...

2013 3196 2288 3268 πνεύματι
2340 3197 2438 3269 τῆς
2476 3197 2674 3266 λύπης.
2722 3197 2905 3262 Δεινὺς
2953 3190 3111 3262 οὗτος
3137 3198 3234 3252 καὶ
3289 3197 3602 3269 βαρύτατος

2010 3289 2238 3361 δαίμων,
2281 3288 2377 3343 καὶ
2407 3291 2519 3352 τοῖς
2556 3292 2816 3360 μοναχοῖς
2849 3289 2937 3343 ἀεὶ
2966 3289 3221 3358 πολεμῶν
3241 3309 3257 3323 ο
3289 3290 3440 3354 ὅστις
3467 3290 3600 3344 καθ’

2011 3383 2160 3453 ὥραν
2193 3380 2359 3452 ἕκτην
2381 3381 2667 3434 ἐπιπίπτει
2695 3379 2773 3450 τῷ
2809 3379 3049 3450 μοναχῷ,
3077 3380 3298 3435 ἀτονίαν
3333 3381 3428 3434 καὶ
3475 3381 3604 3452 φρί-

2012 3490 2115 3543 κην
2142 3472 2289 3542 αὐτῷ
2313 3472 2576 3541 ἐμποιῶν,
2610 3470 2702 3523 καὶ
2727 3472 2886 3541 μῖσος
2910 3471 3302 3541 ἐργαζόμενον,
3336 3471 3432 3524 καὶ
3455 3471 3598 3542 πρὸς

2012 3565 2178 3617 αὐτὸν
2224 3563 2316 3617 τὸν
2362 3563 2550 3626 τόπον,
2612 3562 2708 3616 καὶ
2764 3563 2902 3634 πρὸς
2943 3564 3072 3625 τοὺς
3119 3563 3602 3634 συνδιατρίϐοντας

2013 3655 2298 3725 ἀδελφοὺς,
2327 3655 2424 3708 καὶ
2459 3655 2596 3726 πρὸς
2633 3655 2817 3708 πᾶσαν
2856 3655 3149 3724 ἐργασίαν,
3179 3655 3276 3707 καὶ
3324 3655 3465 3725 πρὸς
3493 3655 3563 3707 αύ

2015 3748 2113 3820 τὴν
2145 3749 2254 3801 τῶν
2297 3747 2459 3801 θείων
2504 3747 2739 3818 Γραφῶν
2763 3746 2863 3817 τὴν
2914 3748 3246 3816 ἀνάγνωσιν,
3302 3746 3600 3800 ὑποϐαλὼν

2016 3839 2166 3911 αὐτῷ
2209 3840 2307 3893 καὶ
2351 3839 2650 3910 λογισμοὺς
2705 3838 3081 3909 μεταϐάσεως,
3130 3838 3206 3903 ὡς
3243 3839 3395 3910 εἰμὴ
3429 3856 3602 3911 μετα-

2017 3934 2188 4005 στήσῃ
2232 3931 2423 3989 έαυτὰν
2469 3931 2607 4003 προς
2655 3931 2876 4001 ἑτέρους
2919 3930 3140 3994 τόπους,
3178 3931 3406 4000 μάταιος
3446 3930 3601 4002 αὐτῷ

2015 4026 2125 4087 πᾶς
2156 4025 2184 4077 ό
2215 4024 2426 4094 χρόνος,
2457 4023 2552 4076 καὶ
2595 4023 2623 4075 ὁ
2653 4021 2816 4084 πόνος
2853 4021 3167 4091 γενήσεται.
3200 4020 3346 4090 Πρὸς
3378 4019 3600 4084 τούτοις

2015 4118 2150 4169 πᾶσι
2183 4116 2278 4169 καὶ
2314 4117 2502 4169 πεῖναν
2557 4113 2707 4184 αὑτῷ
2766 4112 3010 4181 ἐντίθησι
3049 4113 3179 4183 περὶ
3223 4110 3372 4182 ὥραν
3404 4111 3595 4182 ἕκτην,

2015 4209 2101 4261 οἵα
2132 4207 2281 4277 αὐτῷ
2308 4208 2408 4261 οὐκ
2448 4206 2513 4260 ἂν
2560 4204 2757 4275 συνέϐη
2805 4206 2872 4258 ὲκ
2902 4204 3207 4276 τριημέρου
3263 4203 3535 4272 νηστείας,
3561 4203 3596 4273 ἢ

2019 4299 2374 4370 μακροτάτης
2418 4296 2565 4363 ὁδοῦ,
2600 4298 2632 4366 ἢ
2667 4296 2973 4368 βαρυτάτου
3007 4297 3202 4352 κόπου.
3237 4297 3471 4349 Ἔπειτα
3507 4295 3599 4348 λο-

2014 4391 2249 4460 γισμοὺς
2279 4388 2428 4459 αὐτῷ
2455 4387 2739 4458 ἐμϐάλλει,
2763 4389 2839 4452 ὡς
2867 4389 3048 4442 οὐδενὶ
3091 4388 3238 4459 ἄλλῳ
3287 4389 3477 4460 τρόπῳ
3507 4386 3600 4439 δυ-

327 4489 458 4545 gcre
512 4477 808 4546 potuisset.
857 4477 1217 4533 Postmodum
1261 4479 1404 4532 hanc
1434 4478 1486 4534 ei
1516 4479 1907 4550 cojgitationem

2021 4482 2238 4552 νήσεται
2265 4480 2367 4550 τῆς
2396 4481 2551 4532 νόσου
2577 4478 2785 4549 ταύτης
2817 4479 2914 4531 καὶ
2935 4479 3027 4532 τοῦ
3060 4478 3262 4550 βάρους
3312 4476 3594 4531 ἀπαλλάτ-

326 4569 596 4638 suggerit,
631 4569 744 4624 alio
779 4580 943 4640 pacto
970 4569 1084 4625 ﬁeri
1108 4584 1215 4624 non
1259 4585 1422 4639 posse
1462 4579 1524 4624 ut
1577 4571 1686 4626 hoc
1718 4571 1912 4627 morbo

325 4665 383 4712 ct
427 4659 684 4715 molestia
724 4660 1016 4725 liberetur,
1052 4659 1162 4714 nisi
1216 4659 1539 4730 frequenter
1574 4660 1914 4732 egrediatur,

327 4757 496 4821 atque
527 4751 598 4807 ad
635 4751 862 4818 fratres,
901 4753 986 4807 vel
1021 4752 1276 4822 cujusvis
1308 4753 1589 4818 utilitatis,
1625 4753 1714 4808 vel
1743 4769 1917 4825 aegro-

325 4849 512 4898 tantes
547 4844 824 4900 invisendi
855 4844 1064 4911 colore,
1100 4860 1161 4900 se
1192 4843 1470 4900 conferat.
1515 4844 1615 4900 Ubi
1642 4854 1826 4901 autem
1858 4846 1915 4900 in

327 4932 417 4988 his
448 4935 611 4991 rebus
663 4951 790 4991 eum
846 4937 1101 5007 decipere
1153 4953 1264 4992 non
1296 4945 1501 5007 potest,
1539 4945 1655 4991 tum
1692 4938 1912 4992 demum

332 5023 718 5079 vehementius
769 5032 824 5080 et
854 5026 1098 5081 validius
1145 5027 1328 5096 ipsum
1363 5027 1646 5098 exagitat;
1686 5028 1795 5083 nisi
1825 5029 1915 5084 ille

338 5126 434 5182 per
466 5115 771 5171 orationem
805 5124 863 5172 et
895 5118 1287 5173 abstinentiam
1323 5119 1392 5173 ab
1431 5119 1582 5174 omni
1622 5135 1766 5174 vano
1795 5135 1914 5175 ser-

333 5219 518 5268 mone,
542 5221 638 5274 per
658 5206 974 5261 divinarum
1011 5205 1432 5279 Scripturarum
1475 5210 1911 5276 meditationem,

336 5311 553 5352 necnon
610 5313 706 5368 per
747 5299 1067 5369 patientiam
1103 5300 1157 5354 in
1191 5302 1627 5370 tentationibus,
1667 5317 1794 5358 sese
1822 5304 1921 5359 ob-

336 5389 596 5448 ﬁrmarit.
636 5391 752 5446 Nisi
789 5391 1059 5460 ejusmodi
1093 5395 1266 5450 armis
1308 5403 1526 5464 septum
1550 5403 1604 5449 et
1636 5395 1908 5449 munitum

339 5482 654 5550 oﬂ'cnderit,
703 5484 811 5540 tela
866 5498 968 5539 sua
1023 5483 1079 5539 in
1111 5500 1235 5541 eum
1277 5487 1352 5541 ita
1377 5485 1677 5556 jaculatur,
1712 5495 1772 5541 ut
1813 5501 1910 5540 va-

2011 4571 2226 4634 τεσθαι,
2279 4571 2327 4622 εί
2385 4569 2459 4640 μὴ
2499 4569 2587 4622 διὰ
2641 4568 2735 4621 τοῦ
2798 4568 3118 4639 ἐξέρχεσθαι
3174 4566 3438 4638 συνεχῶς,
3500 4566 3596 4619 καὶ

2013 4657 2385 4728 παραϐάλλειν
2413 4658 2664 4728 ἀδελφοῖς
2701 4659 2863 4730 χάριν
2915 4657 3207 4727 ὡφελείας,
3242 4658 3338 4710 καὶ
3372 4656 3592 4710 ἐπισκέ-

2011 4753 2158 4824 ψεως
2188 4751 2577 4806 ἀσθενούντων.
2605 4750 2779 4806 Ὅταν
2809 4749 2904 4805 οὖν
2945 4751 3021 4821 μὴ
3056 4749 3259 4820 δυνηθῇ
3303 4751 3362 4800 ὲν
3382 4749 3592 4811 τούτοις

2014 4845 2181 4898 αὑτὸν
2211 4842 2516 4913 ἀπατῆσαι,
2552 4841 2912 4914 σφοδρότερος
2945 4841 3066 4894 κατ’
3115 4839 3283 4894 αὐτοῦ
3322 4841 3418 4893 καὶ⁵
3448 4843 3594 4910 ίσχυ-

2024 4937 2246 5008 ρότερος
2283 4935 2515 5005 γίνεται,
2549 4937 2598 4987 εί
2645 4934 2719 5005 μὴ
2775 4934 2863 4989 διὰ
2895 4933 3204 5006 προσευχῆς
3238 4933 3333 4986 καὶ
3383 4933 3593 5002 ἀποχῆς

2021 5026 2368 5100 ἀργολογίας,
2401 5027 2497 5080 καὶ
2525 5024 2756 5096 μελέτης
2784 5023 2892 5078 τῶν
2923 5023 3084 5077 θείων
3115 5022 3332 5090 λογίων,
3377 5024 3471 5076 καὶ
3499 5025 3595 5093 τῆς

2021 5119 2080 5172 ὲν
2110 5120 2220 5181 τοῖς
2253 5119 2577 5186 πειρασμοῖς
2607 5114 2908 5185 ὑπομονῆς.
2953 5112 3080 5166 Ἐὰν
3105 5113 3214 5181 γὰρ
3265 5111 3340 5182 μὴ
3385 5111 3595 5174 τούτοις

2020 5212 2135 5273 τοῖς
2160 5209 2346 5271 ὅπλοις
2375 5206 2783 5278 ὴσφαλισμένον
2808 5205 2970 5258 αὑτὸν
2991 5202 3151 5274 εὕρῃ,
3188 5200 3596 5267 κατατοξεύσας

2015 5303 2128 5363 τοῖς
2160 5299 2358 5354 ἑαυτοῦ
2387 5298 2621 5369 βέλεσιν,
2640 5298 2874 5351 ἄστατον
2904 5293 3066 5347 αὑτὸν
3097 5291 3468 5354 ἀναδείκνυσι,
3504 5289 3596 5343 καὶ

2023 5390 2224 5462 ρεμϐὸν
2247 5389 2522 5450 ἀποτελεῖ,
2558 5386 2653 5440 καὶ
2685 5383 2952 5457 ῥᾴθυμον,
2991 5380 3086 5433 καὶ
3110 5378 3334 5448 ἀεργὸν,
3367 5377 3464 5430 καὶ
3496 5391 3595 5444 μο-

2020 5484 2291 5553 ναστήρια
2338 5477 2730 5551 περιέρχεσθαι
2784 5470 3219 5546 παρασκευάζει,
3251 5470 3347 5524 καὶ
3381 5467 3596 5530 οὐδενὸς

1628 5618 1860 5674 νΑῐὶίλΕ
1904 5613 2308 5672 LECTIONES.

410 5707 768 5781 nchcndurn
791 5711 969 5781 potius
1010 5711 1230 5773 Ἕκτος.
1281 5709 1372 5765 Sic
1421 5711 1476 5765 in
1511 5718 1657 5766 textu
1700 5712 1914 5775 Latino,
1949 5710 2172 5781 Sextum
2202 5708 2350 5761 nobis
2378 5716 2642 5781 certamen
2665 5712 2761 5781 est:
2801 5701 2917 5756 Hoc
2935 5698 3196 5781 Cassiani.
3221 5692 3589 5781 Collaﬂt‘igmlm

346 5762 603 5851 exccrt'pio
633 5762 1074 5840 Graeco—sarciri—
1089 5762 1476 5853 ρὸέξυιίιέιιιῶ
1507 5762 1763 5838 insilui.
1782 5762 2108 5848 ἰι’,“ἐε“ιιιιι
2139 5779 2378 5849 υριιιυιιι
2401 5775 2764 5855 S.Atltanasii
2795 5789 2948 5828 novae
2968 5770 3248 5835 editionis,
3275 5783 3326 5836 ι).
3360 5762 3490 5820 584.
