3986 6432
387 398 520 463 1213

1674 397 1914 459 SACRA
1949 346 2433 459 PARALLELK:

3510 395 3647 464 1214

379 511 538 564 ἄλλου
569 506 899 580 φροντίζειν,
927 507 975 561 εί
1017 506 1090 578 μή
1135 522 1234 558 που
1272 504 1430 557 πότοι
1455 503 1720 572 γίνονται.
1754 500 1938 556 Λοιπὸε

2061 515 2215 569 gum,
2259 513 2314 557 et
2371 501 2710 569 instabilem,
2763 513 2818 562 et
2854 505 3142 562 socordem
3201 503 3415 571 reddat,
3456 507 3646 580 sicque

374 607 441 657 ἐκ
469 600 662 656 τούτου
721 601 814 654 καὶ
850 602 929 663 είς
986 600 1229 668 κοσμικά
1266 597 1432 651 αὐτὸν
1485 597 1791 668 πράγματα
1815 595 1954 649 ἐνδε-

375 696 525 765 σμεῖ,
556 694 631 758 ὡς
665 692 730 746 ἂν
764 691 928 748 αὑτὸν
966 693 1060 746 καὶ
1089 689 1256 744 αὐτοῦ
1303 688 1398 743 τοῦ
1454 686 1745 760 μοναδικοῦ
1777 687 1954 755 ἐπαγ-

371 786 640 856 γέλματος
673 784 897 847 τελείως
922 784 1186 856 ἐκϐάλλῃ.
1217 783 1436 854 Ταύτην
1462 781 1560 853 τὴν
1600 782 1757 835 νόσον
1792 778 1954 850 βαρυ-

368 881 542 949 τάτην
576 874 746 932 οὖσαν
776 881 803 932 ὁ
833 877 978 942 θεῖος
1040 877 1366 940 Ἀπόστολος
1399 874 1629 947 γράφων
1680 871 1953 926 Θεσσαλο-

369 969 604 1034 νικεῦσι,
631 969 759 1023 τάδε
779 969 912 1040 φησί
937 987 952 1002 ο
983 987 1001 1022 ‹
1035 967 1499 1040 Παραγγέλλομεν
1531 967 1680 1037 ὑμῖν,
1705 963 1948 1033 ἀδελφοὶ,

369 1065 429 1117 ἐν
451 1065 677 1136 ὀνόματι
701 1061 796 1117 τοῦ
823 1062 1029 1134 Κυρίου
1064 1060 1223 1133 ἡμῶν
1275 1058 1452 1129 Ἰησοῦ
1485 1055 1752 1128 Χριστοῦ,
1793 1054 1948 1109 στέλ-

367 1155 559 1209 λεσθαι
588 1155 735 1225 ὑμᾶς
765 1155 874 1208 ἀπὸ
909 1153 1111 1217 παντὸς
1155 1151 1387 1222 ἀδελφοῦ
1420 1150 1673 1214 ἀτάκτως
1710 1164 1951 1220 περιπα-

364 1246 611 1311 τοῦντος.
646 1247 814 1299 Αὐτοὶ
842 1247 1020 1299 οἴδατε
1051 1244 1170 1308 πῶς
1196 1245 1275 1298 δεῖ
1313 1241 1603 1315 μιμεῖσθαι
1628 1242 1798 1312 ἡμᾶς.
1833 1241 1948 1292 Δω-

371 1339 503 1410 ρεάν
532 1339 698 1410 ἄρτον
732 1339 832 1391 ούκ
854 1338 1135 1409 ἐφάγομεν
1166 1336 1320 1408 παρά
1346 1352 1511 1406 τινος,
1548 1332 1664 1392 ἀλλ’
1694 1335 1752 1386 ἐν
1793 1331 1949 1402 κόπῳ

366 1436 462 1490 καὶ⁵
491 1435 678 1505 μόχθῳ
709 1433 1073 1506 ἐργαζόμενοι
1103 1431 1299 1495 νυκτὸς
1317 1430 1414 1483 καὶ
1449 1428 1687 1501 ἡμέρας,
1727 1426 1864 1498 πρὸς
1887 1425 1948 1479 τὺ

369 1527 444 1598 μὴ
473 1526 806 1597 ἐπιϐαρῆσαί
833 1543 956 1580 τινα
981 1524 1154 1596 ὑμῶν.
1182 1523 1296 1594 Οὐχ
1324 1522 1523 1578 ὅτιούκ
1553 1520 1752 1591 ἔχομεν
1781 1519 1949 1583 ἐξου-

366 1617 509 1682 σίαν,
563 1615 679 1672 ἀλλ’
730 1616 820 1669 ἵνα
865 1617 1092 1678 ἑαυτοὺς
1145 1614 1317 1668 τύπον
1349 1613 1533 1683 δῶμεν
1571 1600 1702 1680 ὑμῖν
1751 1609 1831 1673 εἰς
1887 1607 1949 1662 τὸ

367 1708 656 1784 μιμεῖσθαι
682 1708 851 1779 ἡμᾶς.
876 1708 986 1762 Καὶ
1015 1705 1126 1778 γὰρ
1147 1707 1238 1760 ὅτε
1255 1707 1406 1777 ἥμην
1428 1703 1566 1776 πρὸς
1599 1703 1766 1773 ὑμᾶς,
1789 1699 1949 1754 τοῦτο

363 1799 819 1873 παρηγγέλλομεν
851 1801 1001 1871 ὑμῖν,
1032 1800 1116 1854 ὅτι
1138 1799 1193 1853 εῐ
1216 1816 1302 1862 τις
1330 1798 1392 1851 ού
1416 1797 1564 1851 θέλει
1586 1793 1944 1867 ἐργάζεσθαι,

363 1895 500 1965 μηδέ
525 1894 774 1948 ἐσθιέτω.
815 1892 1123 1963 Ἦκούομεν
1155 1891 1266 1962 γάρ
1317 1907 1472 1953 τινας
1501 1884 1946 1960 περιπατοῦντας

360 1986 421 2040 ὲν
447 1986 578 2057 ὑμῖν
616 1985 890 2050 ἀτάκτως,
933 1984 1100 2055 μηδὲν
1148 1981 1578 2054 ἐργαζομένους.
1620 1973 1948 2045 Παραγγέλ-

358 2079 528 2146 λομεν
557 2073 651 2132 οῦν
678 2079 823 2148 ὑμᾶς
861 2079 919 2132 ἐν
945 2076 1137 2148 Κυρίῳ
1178 2072 1356 2146 Ἰησοῦ
1386 2071 1634 2144 Χριστῷ,
1668 2070 1761 2126 ἴνα
1805 2066 1946 2139 μετά

361 2169 598 2238 ἡσυχίας
631 2165 995 2238 ἐργαζόμενοι
1038 2167 1130 2220 τὸν
1178 2165 1370 2220 ἐαυτοῦ
1420 2164 1585 2236 ἄρτον
1614 2161 1889 2216 ἐσθίωσιν.
1918 2178 1938 2212 ι

373 2259 674 2321 Ἀτάκτους
701 2259 811 2330 γὰρ
839 2261 868 2312 ὁ
913 2257 1238 2321 ’Δπόστολος
1258 2256 1417 2312 καλεῖ
1451 2256 1578 2318 τοὺς
1610 2253 1685 2325 μὴ
1715 2252 1946 2324 ἐργαζο-

361 2347 580 2418 μένους.
621 2347 682 2402 ὐ
719 2347 829 2420 γὰρ
854 2346 1115 2413 ἄτακτος,
1155 2347 1251 2402 καὶ
1302 2344 1612 2416 ἀνευλαϐὴς
1653 2343 1940 2414 τυγχάνει,

357 2439 455 2494 καὶ
485 2439 763 2510 προπετὴς
791 2439 923 2512 περὶ
942 2439 1126 2508 λόγον,
1151 2438 1248 2493 καὶ
1275 2439 1356 2504 είς
1399 2437 1670 2508 λοιδορίαν
1718 2425 1948 2506 προχειέ

360 2547 474 2600 ρος,
503 2533 598 2586 καὶ
622 2533 702 2597 είς
719 2533 958 2605 ἡσυχίαν
986 2531 1388 2602 ἀνεπιτήδειος,
1429 2528 1529 2583 καὶ
1572 2528 1672 2598 τῆς
1705 2526 1942 2598 ἀκηδίας

354 2619 565 2685 δοῦλος.
591 2621 972 2694 Παραγγέλλει
991 2615 1085 2676 οὖν
1110 2618 1430 2674 στέλλεσθαι
1451 2619 1549 2674 ἀπ’
1567 2616 1760 2681 αὐτοῦ,
1777 2633 1940 2682 τουτ-

355 2710 508 2766 έστιν
556 2710 921 2784 ἀφορίζεσθαι
944 2713 1020 2776 ὡς
1040 2712 1150 2768 ἀπὸ
1171 2709 1432 2782 λοιμικῆς
1455 2709 1635 2764 νόσου.
1666 2726 1692 2762 ι
1716 2709 1940 2781 Δωρεάν

355 2804 522 2875 ἄρτον
550 2805 650 2861 οὐκ
679 2807 960 2876 ἐφάγομεν
997 2803 1154 2876 παρά
1186 2819 1354 2867 τινος,
1395 2801 1535 2871 ἀλλὰ
1559 2802 1618 2854 ἐν
1645 2801 1801 2871 κόπῳ
1842 2798 1940 2854 καὶ

357 2895 544 2966 μόχθῳ
571 2893 768 2957 νυκτὸς
796 2893 890 2947 καὶ
924 2891 1142 2963 ἡμέρας
1170 2889 1556 2961 ἐργαζόμενοι,
1596 2888 1736 2961 πρὸς
1762 2887 1824 2942 τὺ
1861 2886 1937 2959 μὴ

353 2986 691 3059 ἐπιϐαρῆσαί
715 3002 860 3040 τινα.
898 3002 918 3037 ι
965 2984 1026 3038 '0
1050 2982 1374 3048 διδάσκαλος
1402 2983 1513 3037 τῶν
1535 2981 1728 3051 ἐθνῶν,
1762 2981 1792 3034 ὁ
1832 2982 1936 3052 κῆ-

353 3077 456 3150 ρυξ
482 3078 579 3132 τοῦ
610 3077 967 3148 Εὐαγγελίου,
1023 3076 1053 3129 ὁ
1088 3075 1392 3150 μετάρσιοςῇ
1413 3072 1520 3137 ἕως
1548 3072 1739 3144 τρίτου
1767 3071 1938 3144 οὐρα-

2056 589 2279 656 alIiciat,
2330 601 2392 646 ιιι
2439 597 2779 652 monasteria
2808 598 3232 663 circumeundo,
3290 599 3429 653 nihil
3475 601 3644 671 quid-

2056 697 2219 752 quam
2255 684 2405 740 aliud
2442 696 2622 754 curet,
2675 688 2779 744 nisi
2817 690 2906 744 ubi
2947 692 3204 747 convivia
3255 677 3633 748 celebrentur.

2053 774 2195 831 Tum
2245 777 2505 850 deinceps
2556 781 2748 835 mundi
2783 798 3006 852 quoque
3039 784 3304 854 negotiis,
3344 798 3443 838 ceu
3485 785 3642 837 nexi-

2053 863 2159 929 bus
2220 866 2557 937 quibusdam
2609 885 2734 926 eum
2788 872 3097 942 astringit,
3160 875 3343 942 quoad
3384 875 3455 928 ab
3487 875 3642 944 ipso-

2053 965 2187 1024 met,
2220 961 2369 1029 quod
2415 962 2701 1030 professus
2735 973 2816 1018 est
2851 1004 2866 1029 ,
2899 966 3213 1020 monastico
3259 966 3514 1022 instituto
3545 982 3642 1037 pe-

2053 1047 2206 1104 nitus
2237 1049 2446 1120 ejiciat.
2483 1052 2642 1110 Hunc
2675 1057 2956 1124 morbum,
3008 1058 3397 1127 gravissimum
3451 1061 3639 1130 plane,

2052 1140 2112 1202 in
2138 1139 2386 1212 Epistola
2417 1145 2486 1202 ad
2523 1144 3064 1204 Thessalonicenses
3095 1149 3319 1204 divinus
3337 1151 3637 1220 Apostolus

2055 1235 2143 1294 his
2160 1240 2343 1297 verbis
2369 1240 2632 1298 describit
2672 1261 2687 1298 :
2719 1264 2738 1297 ι
2773 1245 3174 1302 Denuntiamus
3199 1248 3373 1313 vobis,
3413 1247 3636 1314 fratres,

2055 1326 2112 1382 in
2166 1331 2390 1392 nomine
2445 1333 2665 1390 Domini
2723 1338 2900 1392 nostri
2941 1335 3076 1393 Jesu
3123 1338 3370 1401 Christi,
3403 1350 3463 1392 ut
3505 1340 3639 1393 sub-

2054 1420 2292 1478 trahatis
2343 1439 2440 1479 vos
2475 1426 2544 1480 ab
2575 1426 2726 1481 omni
2765 1427 2939 1482 fratre
2988 1429 3306 1483 ambulante
3349 1429 3639 1484 inordina-

2053 1517 2128 1574 te.
2163 1511 2273 1582 Ipsi
2297 1514 2455 1570 scitis
2486 1517 2766 1586 quomodo
2807 1527 3064 1588 oporteat
3114 1535 3214 1575 nos
3237 1521 3466 1575 imitari.
3502 1521 3638 1575 Gra-

2053 1601 2128 1658 tis
2171 1605 2385 1661 nullius
2419 1623 2620 1677 panem
2667 1611 3148 1666 manducavimus.
3191 1610 3294 1666 Sed
3335 1613 3389 1666 in
3453 1612 3637 1668 labore

2053 1703 2108 1753 et
2145 1712 2392 1753 atrumna
2416 1740 2431 1764 ,
2476 1709 2640 1758 nocte
2669 1711 2724 1758 et
2772 1701 2863 1758 die
2904 1713 3200 1775 operantes
3241 1704 3496 1760 manibus
3540 1719 3637 1758 no-

2055 1793 2210 1860 stris,
2239 1794 2400 1866 361
2437 1811 2506 1853 ne
2534 1812 2866 1868 quemquam
2902 1815 3284 1868 gravaremus.
3319 1798 3439 1853 Non
3473 1799 3634 1869 quasi

2052 1892 2384 1954 potestatem
2409 1903 2520 1943 non
2564 1889 2967 1948 habuerimus:
3019 1893 3115 1948 sed
3151 1902 3211 1947 ut
3257 1892 3633 1961 nosmetipsos

2051 1975 2281 2031 formam
2335 1979 2706 2048 praeberemus
2756 1983 2917 2039 vobis
2983 1984 3052 2039 ad
3111 1983 3444 2039 imitandum
3506 1998 3631 2037 nos.

2047 2065 2266 2131 Etenim
2307 2084 2434 2124 cum
2467 2087 2649 2130 essem
2692 2075 2837 2144 apud
2871 2091 2991 2141 vos,
3022 2075 3125 2130 hoc
3167 2073 3633 2130 denuntiabamus

2045 2158 2229 2222 vobis,
2262 2161 2407 2228 quod
2440 2163 2490 2218 si
2537 2163 2666 2233 quis
2700 2180 2810 2220 non
2839 2167 2957 2222 vult
2988 2165 3230 2236 operari,
3254 2180 3367 2219 non
3400 2163 3634 2218 mandu-

2045 2257 2154 2306 cet.
2186 2251 2520 2311 Audivimus
2553 2257 2699 2312 enim
2733 2259 3002 2328 quosdam
3047 2261 3190 2314 inter
3216 2274 3315 2315 vos
3346 2258 3633 2313 ambulare

2045 2341 2396 2412 inordinate,
2438 2346 2577 2402 nihil
2636 2359 2950 2419 operantes.
3006 2349 3414 2406 Denuntiamus
3461 2350 3632 2421 igitur

2043 2433 2201 2490 vobis
2230 2434 2286 2490 in
2318 2435 2551 2494 Domino
2578 2437 2712 2498 Jesu
2741 2439 2988 2507 Christo,
3025 2449 3223 2497 utcum
3251 2441 3473 2496 silentio
3500 2455 3633 2510 ope-

2043 2532 2263 2588 rantes,
2285 2539 2483 2594 panem
2524 2543 2687 2584 suum
2736 2531 3098 2588 manducent.
3132 2550 3152 2584 ›
3187 2529 3284 2602 (ll
3315 2529 3501 2586 Thess.
3535 2545 3623 2595 ιιι,

2043 2613 2218 2688 6-12.)
2275 2617 2619 2676 lnordinatos
2656 2622 2805 2677 enim
2847 2625 3146 2693 Apostolus
3204 2638 3302 2679 eos
3325 2630 3506 2689 vocat,
3533 2624 3630 2693 qui

2041 2707 2180 2764 nulli
2217 2709 2371 2780 operi
2421 2711 2768 2768 incumbunt.
2805 2714 2946 2768 Nam
3000 2713 3096 2783 qui
3133 2713 3487 2770 inordinatus
3516 2721 3624 2780 est,

2040 2815 2236 2872 parum
2290 2817 2551 2859 reverens
2583 2814 2668 2860 est
2711 2812 2767 2860 et
2813 2805 3275 2875 circumspectus,
3329 2811 3498 2875 atque
3556 2805 3626 2860 ad

2041 2891 2375 2963 loquendum
2398 2910 2625 2966 procax,
2653 2905 2710 2952 et
2736 2897 2804 2953 ad
2834 2885 3278 2954 maledicendum
3311 2895 3624 2967 promptus,

2038 2984 2110 3039 ad
2139 2985 2441 3042 solitariam
2460 2988 2632 3044 vitam
2666 2988 2906 3059 ineptus,
2935 2997 2992 3044 et
3022 2989 3227 3046 aeedize
3262 2990 3624 3058 mancipium.

2039 3074 2306 3144 Quocirca
2355 3079 2606 3151 praecipit
2635 3087 2696 3134 ιιι
2719 3079 2789 3136 ab
2821 3095 2888 3136 eo
2926 3079 3130 3152 reliqui
3176 3096 3237 3136 se
3273 3080 3626 3149 subtrahant,

350 3169 467 3237 νοῦ,
489 3173 518 3226 ὁ
537 3171 715 3240 λέγων
737 3170 830 3224 τὸν
851 3168 1055 3238 Κύρων
1078 3165 1508 3239 προστεταχέναι
1534 3167 1648 3229 τοῖς
1669 3165 1731 3218 τὸ
1757 3165 1934 3233 Εὐαγ-

2047 3167 2146 3224 hoc
2173 3178 2282 3236 est,
2310 3179 2574 3241 tanquam
2605 3187 2636 3228 a
2665 3172 2936 3244 pestifero
2965 3174 3168 3230 morbo
3193 3188 3254 3230 se
3284 3184 3624 3230 removeam.

348 3264 533 3333 γέλιον
561 3259 1026 3330 καταγγέλλουσιν
1057 3260 1124 3313 ἐκ
1147 3255 1243 3312 τοῦ
1292 3255 1625 3326 Εὐαγγελίου
1661 3255 1782 3327 ζῇν,
1812 3253 1933 3308 εἶτα

349 3355 686 3426 σαφέστερον
722 3353 988 3410 δεικνύων
1016 3351 1118 3424 τὴν
1146 3349 1481 3421 τικτομένην
1518 3347 1726 3420 βλάϐην
1757 3364 1773 3380 ο
1823 3347 1933 3418 ἀπὸ

346 3447 456 3517 γὰρ
485 3446 686 3517 ἀργίας
713 3444 1032 3516 περιεργία,
1080 3443 1177 3498 καὶ¹
1205 3441 1314 3497 ἀπὸ
1351 3440 1676 3514 περιεργίας
1706 3440 1928 3506 ἀταξία,

347 3540 446 3602 καὶ
475 3542 584 3593 ἀπὸ
624 3539 872 3604 ἀταξίας,
929 3537 1082 3591 πᾶσα
1129 3532 1333 3590 κακία·
1385 3552 1406 3586 ι
1463 3533 1532 3586 Et
1563 3548 1652 3596 τις
1695 3531 1757 3586 οὐ
1785 3530 1930 3585 θέλει

287 3612 304 3626 ῳ
345 3632 702 3704 ἐργάζεσθαι,
735 3631 869 3702 μηδὲ
892 3629 1143 3683 ἐσθιέτω.
1176 3647 1196 3683 ι
1229 3627 1305 3683 Οὐ
1353 3626 1516 3698 μόνον
1543 3624 1653 3697 γὰρ
1677 3624 1778 3694 τῆς
1806 3625 1932 3678 ἐαυ-

344 3725 455 3779 τῶν
483 3723 674 3795 χρείας
703 3723 892 3779 ἓνεκεν
927 3720 1278 3794 ἐργάζονται,
1305 3719 1444 3774 ἀλλά
1478 3719 1575 3772 καὶ¹
1607 3717 1806 3784 ξένοις,
1832 3717 1929 3771 καὶ

343 3816 604 3884 πτωχοῖς,
637 3813 733 3866 καὶ
773 3814 883 3873 τοῖς
928 3812 989 3865 ἐν
1031 3810 1305 3880 φυλακαῖς
1335 3811 1400 3862 ἐκ
1433 3809 1529 3862 τοῦ
1585 3807 1716 3861 ἰδίου
1757 3806 1927 3878 ἔργου

342 3905 527 3960 αὐτῶν
583 3904 1013 3976 ἐπιχορηγοῦσι,
1088 3901 1441 3965 πιστεύοντες
1497 3901 1599 3972 τὴν
1661 3898 1919 3971 τοιαύτην

339 3996 593 4050 εὐποιΐαν
628 3995 818 4049 θυσίαν
849 3994 1011 4064 ἀγίαν
1041 3993 1447 4064 εὐπρύσδεκτον
1499 3991 1580 4062 τῷ
1613 3989 1734 4062 Θεῷ
1779 3991 1929 4061 γίνε-

342 4088 492 4142 σθαι.
517 4086 630 4140 ΚαὶΙ
653 4086 814 4140 τοῦτο
841 4086 897 4139 δὲ
928 4085 1182 4154 λέγουσιν
1215 4086 1265 4138 oi.
1294 4083 1564 4155 Πατέρες,
1596 4083 1679 4137 ὅτι
1702 4085 1729 4136 ὁ
1756 4083 1926 4154 ἐργα-

339 4178 571 4250 ζόμενος
598 4179 680 4232 ἐνὶ
703 4178 916 4248 δαίμονι
943 4175 1204 4241 πολλάκις
1226 4175 1479 4246 πολεμεῖ,
1523 4173 1620 4226 καὶ
1643 4173 1734 4226 ὑπ’
1759 4171 1924 4226 αὑτοῦ

340 4269 622 4325 θλίϐεται·
679 4271 708 4324 ὁ
756 4269 815 4322 δέ
884 4267 1086 4338 ἀεργὸς
1157 4266 1262 4320 ὑπὸ
1327 4264 1543 4337 μυρίων
1595 4265 1926 4335 πνευμάτων

340 4361 824 4438 αἰχμαλωτίζεται.
844 4361 985 4413 -Ὁ
1015 4356 1347 4439 ἁκηδιαστὴς
1373 4358 1522 4428 μισεῖ
1543 4355 1642 4427 μὲν
1677 4355 1744 4410 τὰ
1785 4373 1925 4428 παρ-

337 4453 490 4520 όντα,
529 4454 786 4524 ἐπιθυμεῖ
814 4451 966 4506 δὲτὰ
1000 4452 1075 4523 μὴ
1109 4450 1374 4522 παρόντα.

2043 3281 2062 3314 ι
2099 3261 2286 3320 Gratis
2323 3265 2534 3335 nullius
2555 3280 2754 3336 panem
2797 3265 3280 3330 manducavinius,
3302 3265 3503 3336 inquit,
3527 3265 3624 3321 sed

2034 3353 2089 3408 in
2131 3354 2322 3411 labore
2343 3364 2398 3412 et
2447 3370 2718 3420 :erumna,
2756 3365 2917 3412 nocte
2969 3363 3026 3412 et
3055 3355 3144 3412 die
3187 3367 3504 3426 operantes,
3556 3372 3626 3412 ne

2033 3461 2373 3516 quemquam
2431 3462 2816 3518 gravarentus.
2847 3465 2870 3500 ι
2907 3446 3036 3502 Haec
3081 3447 3333 3518 gentium
3391 3448 3622 3515 doctor;

2035 3536 2151 3592 haec
2179 3538 2270 3592 ille
2303 3537 2587 3608 Evangelii
2625 3553 2825 3608 praeco,
2850 3538 2942 3594 ille
2971 3539 3064 3609 qui
3087 3537 3153 3593 ad
3177 3538 3393 3594 tertium
3420 3540 3621 3594 emlum

2033 3629 2288 3684 sublatus
2329 3629 2456 3694 fuit,
2490 3629 2587 3698 qui
2623 3630 2704 3684 ait
2739 3628 3030 3685 Dominum
3061 3631 3390 3700 praecepisse
3426 3628 3496 3686 iis
3524 3628 3630 3699 qui.

2031 3719 2335 3790 praedicant
2384 3719 2770 3791 Evangelium,
2802 3727 2864 3776 ut
2909 3721 2982 3776 de
3035 3721 3338 3792 Evangelio
3365 3721 3623 3777 viverent

2029 3810 2088 3880 (Ι
2117 3811 2242 3868 Cor.
2278 3828 2352 3878 ix,
2377 3813 2487 3884 14).
2518 3811 2722 3869 Deinde
2755 3813 2999 3883 apertius
3024 3814 3320 3870 ostendens
3353 3820 3620 3884 quantum

2029 3900 2344 3956 detrimenti
2378 3901 2592 3958 desidia
2624 3902 2800 3972 pariat
2832 3901 3127 3974 (siquidem
3163 3919 3231 3958 ex
3267 3902 3485 3958 desidia
3520 3917 3620 3956 cu-

2028 3991 2256 4049 riositas
2289 3994 2492 4058 oritur,
2523 4010 2590 4049 ex
2643 3994 2971 4050 curiositate
3005 3995 3353 4065 perturbatio
3381 3993 3616 4059 ordinis,

2031 4092 2087 4140 et
2135 4100 2201 4140 ex
2238 4085 2456 4141 ordinis
2497 4090 2914 4156 perturbatione
2957 4089 3166 4144 nullum
3209 4103 3328 4142 non
3355 4087 3483 4140 mali
3522 4101 3619 4156 ge-

2027 4179 2151 4247 nus)
2186 4195 2199 4233 :
2242 4195 2260 4229 ι
2288 4176 2528 4247 Si-quis,
2553 4178 2755 4250 inquit,
2783 4194 2893 4256 non
2914 4179 3028 4234 vult
3061 4177 3305 4248 operari,
3331 4191 3446 4232 non
3467 4191 3618 4230 man-

2027 4269 2213 4324 ducet.
2258 4286 2278 4321 ›
2308 4268 2426 4324 Non
2470 4269 2652 4324 solum
2708 4270 2856 4325 enim
2899 4270 3248 4326 necessitatis
3279 4285 3394 4325 sua:
3446 4282 3616 4324 causa

2025 4369 2352 4431 operantur,
2389 4361 2484 4417 sed
2541 4362 2709 4416 etiam
2747 4371 2805 4417 ιιι
2849 4363 3178 4435 peregrinis,
3218 4361 3425 4433 egenis,
3460 4370 3514 4416 et
3549 4361 3614 4416 iis

2031 4455 2126 4524 qui
2189 4454 2243 4507 in
2292 4455 2610 4510 carceribus
2660 4464 2810 4520 sunt,
2858 4471 2923 4512 ex
2955 4471 3056 4513 suo
3123 4456 3310 4510 labore
3345 4453 3616 4511 submini-

338 4557 564 4607 strent:
618 4548 726 4602 hoc
776 4552 1127 4616 reputantes,
1178 4541 1449 4613 ejusmodi
1501 4542 1922 4598 beneﬁcentiam
1965 4545 2298 4600 sacriﬁcium
2336 4556 2589 4601 sanetum
2668 4557 2722 4602 ct
2762 4547 2874 4603 Deo
2925 4558 3207 4618 acceptum
3263 4549 3400 4604 tieri.
3469 4549 3612 4616 Quin

334 4637 480 4695 illud
507 4652 726 4709 quoque
751 4635 943 4692 Patres
976 4635 1151 4699 aiunt,
1178 4649 1300 4688 eum
1346 4635 1439 4705 qui
1474 4635 1758 4691 laboribus
1799 4652 1922 4692 sese
1959 4646 2202 4705 exercet,
2223 4639 2296 4694 ab
2319 4653 2430 4694 uno
2458 4641 2779 4710 plerumque
2804 4641 3050 4696 daemone
3079 4640 3383 4710 Oppugnari
3429 4650 3484 4694 et
3519 4658 3614 4695 ve-

335 4734 504 4791 xari:
559 4733 711 4788 illum
765 4745 900 4787 vero
953 4731 1046 4803 qui
1083 4731 1153 4785 ab
1200 4729 1347 4785 omni
1381 4746 1545 4801 opere
1584 4732 1847 4790 abstinet.
1907 4748 1938 4788 a
1969 4734 2250 4789 sexcentis
2285 4736 2574 4806 spiritibus
2609 4737 2886 4807 captivum
2959 4738 3126 4791 trahi.
3160 4766 3224 4777 -—
3273 4738 3376 4804 Qui
3424 4737 3612 4793 aeedia

352 4826 591 4890 laborat,
610 4824 900 4896 praesentia
929 4823 1150 4894 quidem
1180 4823 1320 4891 odit,
1346 4824 1600 4879 absentia
1638 4839 1770 4880 vero
1801 4827 2160 4896 concupiscit.

409 4943 589 4997 ΤΙΤΛ.
623 4940 964 5013 ειη-περι
993 4941 1277 5011 ἄφρονος,
1310 4942 1410 4997 καὶ
1437 4941 1721 5013 ἀνοήτου,
1755 4945 1854 4998 καὶ

2047 4939 2176 4995 ΤΙΤ.
2216 4941 2406 4997 XXIV.
2435 4973 2505 4984 -—
2548 4944 2623 4998 De
2679 4945 2902 5008 insano,
2973 4949 3218 5009 recorde,
3269 4944 3516 5013 imperito
3561 4951 3611 4997 et

737 5011 1127 5075 ἀπαιδεύτου,
1166 5013 1264 5066 καὶ
1315 5012 1532 5081 μωροῦ.

413 5124 432 5156 ι
483 5100 734 5175 Ἑώρακα
761 5101 1005 5172 ἄφρονας
1046 5101 1201 5171 ῥίζας
1244 5101 1560 5172 βάλλοντας,
1603 5103 1725 5168 ἀλλ’
1760 5103 1924 5169 εὐθὺς

339 5194 371 5267 Ιι
400 5194 579 5249 δίαιτα
612 5193 793 5248 αὐτῶν
809 5192 1081 5264 ἐϐρώθη.»

413 5303 432 5337 ι
461 5285 682 5355 Ἀτιμοι
715 5283 812 5338 καὶ
837 5283 1290 5354 πεφαυλισμένοι,
1327 5285 1529 5348 ἐνδεεῖς
1548 5283 1749 5348 παντὸς
1778 5285 1920 5353 ἀγα-

333 5375 456 5442 θοῦ,
478 5378 527 5432 οί
556 5375 616 5431 δέ
635 5375 791 5447 ῥίζας
813 5374 1331 5447 ξύλων-ἐμασσῶντο
1365 5376 1476 5434 ἀπὸ
1532 5376 1694 5447 λιμοῦ
1746 5377 1919 5447 μεγά-

331 5470 454 5525 λου.
487 5488 512 5524 ι

411 5583 432 5620 ι
466 5563 780 5621 ’Δπώλοντο
803 5563 956 5638 παρά
981 5562 1044 5618 τὸ
1066 5563 1144 5636 μὴ
1172 5562 1317 5636 ἔχειν
1343 5563 1542 5626 αὐτοὺς
1564 5560 1778 5632 σοφίαν.
1818 5581 1838 5615 ι

410 5760 436 5800 ιι
465 5743 632 5802 Εὶπεν
660 5745 850 5818 ἄφρων
877 5744 936 5801 ἐν
987 5745 1182 5819 καρδίᾳ
1208 5745 1375 5802 αὐτοῦ
1397 5761 1409 5775 ·
1440 5743 1552 5800 Οὐκ
1585 5744 1698 5798 ἐστι
1724 5743 1872 5808 Θεὸς.
1890 5762 1907 5794 i

2736 5016 2911 5083 fatuo.

2095 5101 2200 5158 Job
2231 5121 2282 5171 v,
2313 5107 2368 5161 5.
2391 5135 2464 5148 -
2495 5123 2514 5156 ι
2545 5105 2666 5162 Vidi
2711 5108 2933 5165 insanos
2973 5109 3260 5162 mittentes
3296 5107 3528 5172 radices,
3557 5114 3613 5160 ct.

2026 5195 2211 5249 statim
2237 5207 2625 5269 consumptum
2658 5210 2744 5255 est
2777 5203 3091 5257 institutum
3130 5216 3341 5256 eorum.
3379 5217 3398 5252 ι

2099 5285 2196 5342 Job
2235 5305 2364 5355 xxx,
2396 5292 2451 5346 4.
2495 5323 2566 5333 -
2603 5313 2622 5345 ‹
2663 5294 2980 5349 lnhonorati
3039 5303 3093 5349 et
3119 5292 3559 5363 contemptibiles
3591 5331 3607 5354 ,

2024 5387 2247 5448 egentes
2301 5383 2450 5435 omni
2503 5383 2671 5450 bono,
2715 5385 2809 5454 qui
2858 5385 3074 5442 radices
3126 5387 3290 5440 etiam
3349 5385 3606 5441 aibornnt

2026 5469 2358 5526 mandabant
2391 5489 2503 5542 prie
2531 5474 2674 5530 fame
2698 5491 2916 5545 magna.
2950 5494 2967 5528 ι

2091 5557 2193 5612 Job
2226 5577 2301 5623 IV,
2329 5561 2419 5616 21.
2443 5595 2513 5607 -
2547 5583 2566 5616 c
2605 5565 2912 5633 Perierunt,
2953 5583 3018 5623 eo
3038 5566 3182 5637 quod
3213 5581 3322 5621 non
3343 5564 3608 5636 haberent

2021 5650 2367 5718 sapientiam.
2408 5672 2427 5704 ι

2099 5741 2252 5795 Psul.
2293 5759 2416 5811 xm,
2453 5746 2592 5801 1.—
2622 5767 2639 5800 ι
2681 5748 2826 5803 Dixit
2855 5751 3115 5822 insipiens
3155 5750 3206 5806 in
3249 5746 3413 5804 corde
3451 5759 3552 5800 suo
3593 5763 3604 5800 :

2020 5830 2141 5887 Non
2181 5841 2264 5888 cst
2299 5835 2459 5893 Deus.
2496 5857 2514 5891 ι
