3986 6436
377 407 508 469 ιριε
1534 405 1594 463 S.
1634 403 1876 465 ΙΟΑΝΝ
1887 405 1954 464 IS
1994 405 2014 464 Ι

2121 407 2423 470 LtSCENI
3585 406 3714 473 1216

449 509 601 565 Psal.
629 525 782 568 XXXI.
809 511 863 565 9.
892 538 959 551 —-
982 529 1000 562 ι
1022 508 1196 564 Nolite
1235 510 1351 566 fieri
1379 510 1522 566 sicut
1551 526 1724 580 equus
1749 527 1803 566 et
1828 527 1951 566 mu-
1981 513 2014 570 Α

2132 533 2150 566 ι
2187 517 2278 586 Μὴ
2307 518 2522 586 γίνεσθε
2543 519 2614 583 ὡς
2649 520 2811 584 ἵππος
2834 521 2930 575 καὶ
2954 521 3240 594 ἡμίονος,
3301 513 3396 580 οἷς
3439 516 3550 573 οὐκ
3609 520 3715 575 ἐστι

379 605 488 669 lus,
514 604 716 674 quibus
741 619 850 658 non
870 613 956 658 est
979 603 1312 657 intellectus.
1344 623 1364 657 ι

2121 608 2298 672 ἱνεσις.
2346 631 2364 662 ι

452 693 608 748 Psal.
637 709 827 758 vam,
860 691 948 747 10.
979 723 1051 734 ——
1086 712 1105 745 ‹
1139 691 1316 749 Simul
1356 693 1625 766 insipiens
1670 703 1726 750 et
1757 694 1958 751 stultus

2137 719 2157 752 ι
2213 700 2337 754 Ἐπὶ
2365 703 2427 756 τὸ
2454 701 2588 756 αὐτὸ
2613 701 2805 772 ἄφρων
2837 703 2928 758 καὶ
2955 703 3142 768 ἄνους
3174 699 3579 756 ἀπολνῦνται.
3627 719 3645 751 ι

423 787 668 842 eribltnt.
700 805 720 839 ι

385 802 668 858 perluunt.
700 805 720 839 ι

456 877 620 931 Prov.
663 893 788 945 xxv,
821 879 876 934 5.
909 907 979 919 -—
1022 896 1040 930 ι
1075 878 1151 932 Ex
1194 893 1290 933 ore
1345 878 1496 935 stulti
1549 878 1702 950 virga
1763 892 1964 949 super-

383 967 508 1022 bim.
532 986 557 1020 ι

2138 904 2158 938 ι
2206 886 2301 940 Ἐκ
2328 887 2596 959 στόματος
2624 889 2858 961 ἄφρονος
2883 890 3184 964 βακτηρία
3214 887 3487 958 ὕϐρεως.
3524 904 3545 938 ι

423 983 508 1023 I33.
532 986 557 1020 ι

455 1060 620 1116 Prov.
665 1077 800 1130 xm,
838 1061 928 1116 l6.
955 1091 1020 1100 —
1051 1079 1070 1112 ‹
1112 1060 1252 1126 Quid
1299 1061 1522 1131 prodest
1560 1061 1732 1116 stulto
1761 1060 1968 1117 habere

2145 1090 2164 1123 ι
2199 1073 2318 1126 Ἵνα
2341 1072 2627 1147 τίύπῆρχε
2660 1073 2918 1144 χρήματα
2941 1073 3155 1144 ἄφρονι
3181 1089 3197 1102 ⁸
3241 1071 3591 1136 κτήσασθαι
3622 1074 3721 1146 γὰρ

387 1154 644 1210 divitias?
692 1155 1019 1225 sapientiam
1049 1154 1194 1210 enim
1239 1167 1438 1210 vecors
1482 1168 1667 1210 emere
1716 1168 1826 1209 non
1868 1167 1968 1224 po-

2121 1165 2264 1235 >φίαν
2295 1163 2554 1236 ἀκάρδιος
2587 1165 2648 1218 οὐ
2677 1166 2918 1221 δύναται.
2954 1185 2973 1219 ι

389 1254 522 1303 test.
555 1265 576 1300 ι

465 1342 628 1398 Prov.
657 1359 758 1411 xu,
783 1343 959 1402 iB.—~
985 1362 1002 1395 ι
1025 1342 1299 1414 Insipiens
1325 1343 1616 1400 confestim
1649 1343 1786 1397 iram
1815 1356 1970 1399 suam

2151 1357 2170 1392 ι
2202 1340 2429 1410 Ἄφρων
2456 1339 2769 1412 αὐθήμερον
2801 1341 3137 1411 ἐξαγγέλλει
3161 1339 3368 1411 ὀργὴν
3399 1336 3604 1392 αὐτοῦ.
3635 1355 3655 1390 ι

433 1435 600 1491 rodit.
623 1453 643 1488 ι

433 1451 600 1491 rouu.
623 1453 643 1488 ι

394 1451 429 1506 p
465 1528 636 1584 Prov.
686 1545 821 1594 xm,
878 1528 967 1584 l6.
1008 1559 1079 1572 --
1116 1547 1134 1582 ‹
1171 1526 1378 1582 Fatuus
1443 1530 1660 1604 aperuit
1708 1528 1975 1584 malitiam

2154 1535 2180 1570 ι·
2224 1517 2284 1572 Ὃ
2322 1516 2515 1589 ἄφρων
2543 1517 2875 1583 ὲξεπέτασεν
2907 1516 3111 1572 ἑαυτοῦ
3147 1513 3411 1570 κακίαν.
3463 1529 3485 1564 ι

398 1636 582 1677 suam.
615 1641 635 1675 D

470 1711 633 1766 Prov.
678 1727 792 1777 xu,
825 1714 878 1768 '5.
906 1742 976 1753 —
1021 1732 1040 1764 ι
1079 1713 1326 1768 Stultitia
1358 1714 1462 1768 viri
1507 1713 1817 1785 corrumpit
1856 1713 1977 1770 vias

2157 1714 2177 1749 ι
2218 1695 2528 1768 Ἀφροσύνη
2562 1695 2756 1767 ἀνδρὸς
2781 1696 3111 1767 λυμαίνεται
3139 1695 3260 1757 τὰς
3307 1692 3482 1755 ὁδοὺς
3541 1689 3724 1758 αὐτοῦ,

396 1803 517 1874 ejus
543 1821 556 1857 :
593 1802 763 1858 Deum
787 1813 967 1860 autem
995 1813 1223 1860 accusat
1248 1820 1348 1860 cor
1369 1806 1566 1876 ipsius.
1599 1825 1618 1858 ι
1731 1855 1741 1865 ,

2121 1785 2173 1842 ὸν
2195 1785 2252 1839 δὲ
2289 1786 2424 1842 Θεὸν
2453 1788 2695 1842 αἰτιᾶται
2729 1789 2764 1860 ἡ
2789 1788 2987 1859 καρδία
3018 1785 3234 1841 αὐτοῦ.
3287 1804 3309 1836 ι

466 1894 628 1950 Prov.
660 1911 754 1960 xv,
789 1896 842 1950 2.
875 1925 946 1938 -—
979 1916 998 1948 ι
1037 1896 1112 1952 Os
1148 1898 1444 1954 stultorum
1497 1897 1982 1954 annuntiabitma-

2161 1895 2180 1930 ι
2215 1877 2397 1950 Στόμα
2425 1879 2680 1950 ἀφρόνων
2716 1878 3011 1947 ἀναγγελεῖ
3037 1878 3231 1931 κακά.
3278 1895 3299 1928 ι

400 1987 475 2042 la.
514 2005 534 2038 ι

471 2079 632 2135 Prov.
667 2096 803 2146 ινιτ,
832 2080 916 2136 10.
940 2111 1011 2122 —-
1041 2100 1063 2134 ι
1093 2081 1330 2150 Stultus,
1365 2082 1411 2137 si
1447 2082 1770 2139 verberibus
1805 2082 1985 2138 caeda-

2163 2079 2181 2114 ι
2218 2062 2442 2133 Ἄφρων
2468 2060 2834 2134 μαστιγωθεὶς
2857 2060 2957 2114 οὐκ
2981 2057 3370 2114 αἰσθάνεται.
3411 2073 3450 2108 »-

317 2206 350 2212 η
402 2179 512 2234 tur,
542 2187 652 2228 non
681 2175 872 2228 sentit.
911 2193 931 2226 ι

473 2261 634 2318 Prov.
670 2279 786 2329 xxx,
817 2264 905 2319 10.
929 2293 999 2305 --
1027 2282 1051 2316 ‹⁴
1073 2262 1193 2320 Non
1221 2265 1419 2321 decent
1446 2266 1616 2322 stulto
1638 2267 1866 2324 deliciae.
1901 2286 1920 2320 ι

2164 2261 2182 2295 ‹
2221 2243 2296 2296 Οὐ
2329 2242 2601 2314 συμφέρει
2627 2241 3054 2329 ἄφρονι-τρυφή.
3099 2261 3130 2296 ι

473 2353 638 2425 362
676 2327 836 2410 Prov.
877 2371 1025 2422 xxvr,
1059 2357 1112 2411 4.
1148 2387 1218 2398 -—
1261 2377 1282 2410 ι
1317 2358 1398 2415 Ne
1441 2361 1775 2430 respondeas
1819 2360 1988 2416 stulto

2168 2353 2186 2386 ι
2213 2333 2306 2404 Μὴ
2334 2334 2635 2404 ἀποκρίνου
2661 2327 2860 2404 ἄφρονὶ
2885 2333 3022 2405 πρὸς
3064 2332 3178 2406 τὴν
3225 2327 3577 2402 ἀφροσύνην
3618 2327 3716 2430 αὒ-

407 2419 814 2503 ad'sttdtitiam
867 2419 1063 2520 ipsius,
1102 2464 1171 2506 ne
1200 2451 1456 2508 elﬁciaris
1488 2419 1566 2507 illi
1608 2453 1828 2509 similis.
1880 2453 1992 2509 Sed

2123 2424 2206 2490 οῦ,
2262 2424 2350 2479 ἵνα
2405 2423 2481 2496 μὴ
2529 2424 2715 2492 ὅμοιος
2767 2424 2901 2496 γένῃ
2950 2423 3123 2495 αὐτῷ.
3179 2423 3370 2477 Ἀλλὰ
3417 2419 3718 2488 ἀποκρίνου

409 2539 687 2608 responde
717 2542 890 2598 stulto
921 2543 1227 2599 secundum
1255 2545 1545 2600 stultitiam
1571 2561 1751 2614 suam,
1785 2563 1853 2603 ne
1883 2547 1988 2604 sibi

2121 2531 2288 2585 ιφρονι
2321 2515 2462 2568 κατά
2481 2515 2581 2584 τὴν
2607 2515 3143 2588 ἀφροσύνην-αὐτοῦ,
3183 2515 3287 2569 ἵνα
3336 2513 3421 2586 μὴ
3456 2511 3712 2582 φαίνηται

409 2605 634 2703 sapiens
667 2633 942 2690 videatur.
980 2654 1000 2689 ι
1739 2605 1749 2614 ’

2121 2605 2261 2675 me;
2291 2605 2490 2675 ἑαυτῷ.
2533 2624 2553 2658 ι
2984 2626 2991 2632 κ

480 2721 642 2778 Prov.
701 2739 873 2792 ιιιν,
930 2725 983 2781 7.
1038 2756 1110 2768 ——
1172 2746 1192 2780 ‹
1245 2726 1683 2802 lndisciplinatis
1743 2732 1994 2788 occurrit

2171 2719 2196 2751 ι.
2242 2697 2615 2764 Ἀπαιδεύτοις
2651 2699 2889 2770 συναντᾷ
2923 2698 3183 2762 θάνατος.
3230 2715 3252 2749 ι

410 2826 584 2868 mors.
624 2831 644 2867 1

489 2922 511 2958 ι
544 2905 966 2978 lndisciplinati,
1002 2909 1194 2980 lingua
1220 2911 1655 2983 intemperantes
1676 2924 1825 2971 sunt.
1871 2937 1890 2970 ι

2173 2917 2192 2949 ι
2231 2897 2294 2950 Ol
2325 2895 2642 2950 ἀπαίδευτοι
2681 2894 2944 2966 ἀκρατεῖς
2973 2893 3227 2967 γλώσσῃ.
3267 2911 3288 2946 ι

441 3009 452 3019 ·
489 2995 652 3053 Prov.
674 3013 848 3064 mm,
873 3000 1011 3053 5.-
1050 3019 1070 3053 ‹
1107 3001 1288 3058 Grave
1317 3011 1401 3060 est
1433 3019 1651 3074 saxum,
1674 3015 1730 3063 et
1759 3023 1995 3066 onerosa

2174 3009 2193 3042 ι
2223 2989 2406 3060 Βαρὺς
2421 2987 2590 3053 λίθος,
2616 2987 2709 3041 καὶ
2739 2987 3154 3051 δυσόάπακτος
3202 2987 3412 3057 ἄμμος
3441 3000 3456 3016 ο
3489 2983 3625 3055 ὀργὴ
3658 2981 3715 3035 δὲ·

417 3103 586 3148 arena
614 3107 628 3144 :
652 3089 750 3146 sed
774 3090 855 3145 ira
880 3091 1034 3146 stulti
1067 3103 1302 3164 utroque
1331 3098 1575 3168 gravior.
1615 3117 1636 3152 ι

2121 3082 2331 3155 ἱφρονος
2355 3081 2632 3154 βαρυτέρα
2657 3074 2999 3154 ἀμφοτέρων.
3031 3099 3050 3133 ι
3553 3094 3560 3098 ‘

487 3185 652 3240 Prov.
683 3196 723 3245 ι,
750 3181 844 3235 2‘2.
883 3212 956 3222 —
1004 3201 1024 3234 ι
1069 3183 1234 3240 Stulti
1293 3189 1620 3260 arrogantiae
1673 3201 1998 3264 appetentes

2175 3194 2195 3228 ι
2225 3176 2289 3229 Oi
2319 3174 2553 3246 ἄφρονες
2586 3174 2688 3245 τῆς
2717 3172 2930 3244 ὕϐρεως
2953 3172 3106 3236 ὄντες
3147 3170 3540 3244 ἐπιθυμηταὶ,
3591 3169 3706 3220 ἀσε-

421 3277 572 3335 sunt,
603 3278 658 3327 et
692 3271 821 3328 facti
847 3269 1002 3345 impii
1027 3276 1265 3333 oderunt
1288 3294 1534 3336 sensum.
1571 3299 1589 3333 ι

2121 3267 2220 3332 ἱεῖς
2247 3267 2554 3338 γενόμενοι,
2588 3267 2864 3337 ἐμίσησαν
2881 3265 3159 3336 αἴσθησιν.
3211 3283 3236 3316 ι

494 3360 657 3418 Prov.
689 3376 811 3431 ml,
859 3364 1016 3419 [5.-—
1053 3387 1072 3419 ι
1101 3367 1308 3423 Fatuus
1347 3385 1377 3424 a
1411 3371 1609 3441 laqueo
1642 3373 1865 3444 peribit.
1904 3394 1923 3428 ι

2179 3377 2200 3412 ι
2242 3357 2579 3442 Ἀνους-ὑπδ
2608 3356 2836 3427 παγίδος
2865 3356 3132 3411 θανεῖται.
3168 3374 3190 3408 ›

493 3450 656 3508 Prov.
685 3469 761 3520 γι,
793 3455 882 3510 12.
905 3485 973 3497 -—
1011 3477 1030 3510 ι
1060 3457 1152 3512 Vir
1185 3460 1390 3518 stultus
1411 3472 1466 3518 et
1495 3443 1718 3533 iniquus
1755 3466 2002 3520 ambulat

2181 3466 2202 3501 ι
2252 3449 2419 3520 Ἀνὴρ
2452 3449 2642 3521 ἄφρων
2674 3451 2770 3505 καὶ
2823 3448 3144 3519 παράνομος
3195 3445 3511 3518 πορεύεται
3567 3443 3701 3505 ὁδοὺς

424 3559 521 3614 per
551 3545 672 3602 vias
716 3547 994 3618 obliquas.
1035 3549 1184 3606 Idem
1233 3552 1352 3624 ipse
1390 3555 1586 3610 annuit
1632 3557 1821 3623 oculo,
1872 3558 2004 3613 terit

2121 3536 2362 3600 ςκολιάς·
2395 3536 2430 3589 ὁ
2455 3537 2514 3591 δὲ
2547 3536 2710 3600 αὐτὸς
2739 3536 2946 3591 ὲννεύει
2969 3536 3273 3608 ὀφθαλμῷ,
3311 3534 3584 3606 σημαίνει
3616 3548 3703 3583 πο-

425 3636 582 3706 pede,
615 3637 915 3710 digitorum
952 3641 1182 3700 nutibus
1214 3645 1399 3701 docet.
1436 3665 1456 3700 ι

2121 3628 2178 3693 ἢ,
2209 3628 2453 3683 διδάσκει
2487 3629 2546 3682 ὲν
2572 3629 2806 3698 νεύμασι
2832 3627 3131 3682 δακτύλων.
3173 3647 3192 3681 ι

497 3727 660 3786 Prov.
691 3747 854 3798 nm,
885 3734 939 3789 9.
969 3764 1040 3777 -
1069 3753 1088 3787 ι
1118 3733 1177 3790 In
1206 3738 1447 3793 auribus
1470 3739 1788 3808 insipientis
1821 3756 1887 3797 ne
1926 3741 2008 3797 lo-

2186 3740 2206 3773 c
2245 3721 2340 3784 Εἰς
2371 3718 2488 3775 ὦτα
2513 3721 2751 3792 ἄφρονος
2784 3721 2951 3792 μηδὲν
2977 3721 3208 3790 λέγετε,
3240 3722 3470 3793 μήποτε
3505 3729 3700 3789 μυκτηο

427 3822 708 3891 quamini,
757 3841 829 3882 ne
883 3825 1027 3884 forte
1083 3827 1318 3886 irrideat
1368 3831 1668 3902 prudentes
1722 3848 2008 3890 sermones

2121 3812 2240 3885 ρίσῃ
2284 3813 2414 3874 τοὺς
2442 3814 2699 3878 συνετοὺς
2728 3813 2852 3878 σοὺς
2882 3812 3096 3882 λόγους.
3134 3831 3154 3864 ι

505 4003 684 4061 Eccle.
726 4021 822 4075 vn,
857 4009 908 4064 7.
940 4042 1013 4052 —
1061 4031 1080 4066 ι
1110 4013 1266 4069 Sicut
1305 4015 1523 4072 sonitus
1579 4017 1862 4088 spinarum
1908 4017 2011 4075 sub

2192 4033 2211 4066 ι
2262 4015 2350 4078 Ὠς
2379 4013 2530 4085 φωνὴ
2560 4014 2810 4069 ἀκανθῶν
2837 4013 2943 4068 ὑπὸ
2969 4014 3062 4068 τὸν
3081 4013 3320 4084 λέϐητα,
3358 4011 3542 4076 οὕτως,
3571 4013 3598 4062 ό
3623 4007 3696 4077 γέ-

430 4095 559 4160 oila,
598 4097 675 4152 ita
705 4099 853 4156 risus
887 4103 1211 4159 stultorum.
1245 4123 1266 4157 ι

2121 4109 2231 4172 λως·
2261 4107 2372 4162 τῶν
2401 4108 2674 4179 ἀφρόνων.
2716 4126 2736 4160 ι

504 4186 681 4244 Eccle.
714 4206 769 4258 ι,
805 4191 892 4249 12.
919 4223 990 4235 -
1041 4214 1059 4247 ι
1089 4195 1257 4252 Labia
1307 4197 1620 4270 insipientis
1672 4199 2014 4271 praecipitant

2193 4219 2212 4254 ι
2242 4202 2411 4273 Χείλη
2433 4175 2669 4273 ἄερρονος
2697 4175 3190 4265 καταποντίζουσιν
3216 4199 3414 4254 αὐτόν.
3448 4215 3470 4250 ι

430 4290 579 4332 eum.
613 4295 636 4332 ι

503 4385 620 4442 Ira.
650 4392 890 4461 xxxn,6.
913 4422 982 4436 ι·-
999 4414 1018 4448 ‹
1041 4394 1247 4452 Fatuus
1265 4398 1410 4453 fatua
1431 4400 1704 4470 loquetur,
1723 4410 1882 4456 etcor
1899 4401 2014 4471 ejus

2197 4415 2216 4450 ι
2264 4397 2321 4451 '0
2361 4397 2544 4468 μωρὸς
2573 4397 2735 4469 μωρά
2764 4396 3011 4468 λαλήσει,
3055 4397 3151 4450 καὶ
3209 4397 3245 4467 ἠ
3294 4391 3497 4465 καρδία
3545 4383 3691 4442 αὑτοῦ

433 4492 573 4535 vana
597 4481 880 4556 intelliget.
904 4484 1069 4543 Livor
1090 4490 1268 4558 capiet
1294 4491 1552 4562 populum
1573 4492 1951 4562 insipientem.
1993 4511 2012 4545 ι

2127 4489 2334 4560 μάταια
2365 4492 2570 4560 νοήσει.
2603 4490 2772 4561 Ζῆλος
2802 4489 3031 4561 λήψεται
3057 4489 3186 4542 λαὸν
3217 4485 3572 4542 ἀπαίδευτον.
3611 4496 3628 4528 ι

507 4609 641 4677 Sap.
674 4630 757 4682 nt,
791 4617 878 4674 ll.
912 4651 980 4662 -—
1013 4639 1032 4673 ι
1077 4619 1417 4693 Sapientiam
1446 4632 1502 4679 et
1531 4625 1878 4697 disciplinam
1916 4627 2012 4697 qui

435 4705 646 4773 abjicit,
685 4708 867 4768 inanis
892 4723 978 4770 est
1022 4728 1152 4785 spes
1180 4715 1321 4786 ejus,
1354 4724 1409 4773 et
1452 4717 1676 4773 labores
1715 4717 1842 4788 ejus
1889 4718 2017 4773 inu-

437 4799 584 4854 tiles.
619 4818 638 4852 ι

513 4891 684 4950 Eccli.
715 4911 793 4966 tv,
820 4897 910 4954 51.
945 4929 1012 4940 -
1063 4920 1082 4954 ‹
1118 4900 1198 4957 Ne
1231 4900 1502 4973 subjicias
1546 4910 1600 4958 te
1639 4903 1849 4957 homini
1884 4903 2014 4958 stul-

439 4991 512 5037 to.
551 5003 571 5036 ι

2200 4935 2218 4968 ‹
2251 4915 2342 4986 Μὴ
2364 4911 2722 4986 ὑποσξρὼσῃς
2747 4911 3017 4982 ἀνθρώπῳ
3049 4909 3219 4982 μωρῷ
3245 4906 3491 4962 σεαυτόν.
3534 4918 3552 4952 ι

465 4997 571 5038 ο.»

515 5072 686 5132 Eccli.
714 5092 836 5144 vm,
874 5079 1059 5136 20.-—
1105 5099 1126 5134 ι
1167 5081 1305 5138 Cum
1343 5083 1519 5140 fatuis.
1564 5085 1858 5142 consilium
1908 5101 2014 5142 non

443 5163 670 5220 habeas.
707 5185 728 5218 ι

2148 5141 2154 5146 .
2198 5112 2216 5146 ι
2257 5090 2412 5148 Μετά
2447 5088 2631 5162 μωροῦ
2665 5087 2740 5160 μὴ
2767 5082 3156 5156 συμϐουλεῦον.
3217 5103 3237 5137 ι

463 5180 670 5221 taneas.
707 5185 728 5218 ι

516 5255 689 5315 Eccli.
732 5274 868 5327 xm,
918 5260 972 5330 7,
1030 5262 1085 5329 8,
1139 5264 1228 5332 18,
1285 5267 1372 5322 ll.
1403 5297 1474 5306 --
1519 5287 1537 5320 ι
1567 5269 1670 5337 Qui
1729 5270 1889 5327 docet
1937 5269 2014 5326 fa-

2201 5289 2220 5322 ι
2243 5266 2562 5336 Συγκολλῶν
2604 5267 2896 5336 ὄστρακον,
2929 5263 2957 5316 ὁ
3005 5261 3273 5318 διδάσκων
3311 5249 3541 5332 μωρόν.’
3575 5250 3673 5337 Ἐπη-

447 5353 629 5415 tuum,
673 5351 830 5422 quasi
867 5353 961 5423 qui
1011 5357 1354 5427 conglutinat
1389 5336 1612 5416 testam.
1649 5359 1829 5431 Supra
1875 5376 2014 5416 mor-

2125 5359 2304 5432 νεκρῷ
2324 5359 2589 5415 κλαῦσον·
2640 5357 2859 5422 ἐξέλιπε
2917 5355 3028 5425 γὰρ
3075 5355 3213 5424 φῶς.
3243 5354 3352 5409 καὶ
3390 5350 3481 5404 ἐπὶ
3527 5336 3671 5432 μωρῷ

447 5448 600 5496 tuum
635 5443 829 5513 plora:
865 5444 1066 5501 defecit
1121 5426 1270 5504 enim
1317 5449 1428 5505 lux.
1488 5452 1553 5506 Et
1599 5426 1766 5521 supra
1811 5452 2014 5507 fatuum

2127 5426 2362 5508 κλαῦσον
2391 5468 2405 5483 ο
2440 5449 2654 5514 ἐξέλιπε
2681 5449 2788 5520 γάρ
2823 5448 3062 5510 σύνεσις.
3091 5445 3294 5509 Πένθος
3347 5435 3530 5510 νεκροῦ
3557 5426 3670 5484 ἐπτό

447 5535 600 5605 plora
626 5551 645 5592 ι
674 5537 877 5595 defecit
909 5539 1054 5596 enim
1089 5558 1309 5600 sensus.
1337 5543 1545 5602 Luctus
1579 5547 1782 5600 mortui
1817 5555 2014 5616 septem

2128 5547 2361 5619 ἡμέρας,
2386 5544 2481 5598 τοῦ
2501 5543 2559 5596 δὲ
2596 5541 2783 5613 μωροῦ
2819 5541 2914 5595 καὶ
2940 5537 3174 5602 ἀσεϐοῦς
3205 5538 3376 5591 πᾶσαι
3413 5532 3464 5584 αἱ
3491 5522 3666 5619 ἡμέραν

445 5625 569 5682 dies
596 5645 610 5683 :
644 5627 782 5685 fatui
806 5640 990 5687 autem
1017 5641 1070 5689 et
1095 5634 1245 5706 impii
1278 5651 1472 5693 onmes
1495 5637 1614 5694 dies
1635 5638 1758 5692 vita:
1785 5639 2014 5692 illorum.

2126 5616 2407 5710 τῆς-ζωῆς
2439 5633 2629 5690 αὑτοῦ.
2660 5632 2815 5688 Μετὰ
2843 5632 3078 5702 ἄφρονος
3103 5629 3178 5700 μὴ
3196 5624 3463 5710 πληθύνῃς
3481 5616 3668 5710 λόγους.

444 5716 586 5772 Cum
618 5720 789 5775 stulto
821 5738 887 5777 ne
914 5724 1147 5780 multum
1180 5705 1452 5798 loquaris,
1483 5735 1539 5782 et
1567 5743 1693 5782 cum
1723 5730 2004 5784 insensato

2133 5705 2227 5781 καὶ
2257 5725 2393 5795 πρὸς
2422 5722 2683 5778 ἀσύνετον
2707 5721 2782 5792 μὴ
2805 5720 3061 5791 πορεύου.
3081 5719 3172 5787 Μὴ
3195 5709 3490 5798 πρόσπαιζε
3526 5705 3666 5798 ἁπαι-

445 5822 516 5887 ne
555 5812 778 5872 abieris.
818 5814 896 5872 Ne
939 5817 1096 5876 ludas
1129 5837 1253 5875 cum
1312 5821 1720 5888 insipientibus.
1765 5820 2014 5885 At'cnam,

2132 5816 2613 5884 δεύτοις.”Δμμον,
2641 5812 2732 5866 καὶ
2754 5811 2910 5880 ἃλας,
2943 5811 3037 5865 καὶ
3071 5808 3241 5879 βῶλον
3272 5797 3509 5874 σιδηροῦν
3529 5789 3660 5846 sinto-

2197 4666 2215 4700 ι
2241 4648 2439 4717 Σοφίαν
2472 4647 2560 4701 καὶ
2589 4646 2834 4700 παιδείαν
2868 4643 3187 4712 ὲξουθενῶν,
3216 4640 3586 4708 ταλαίπωρος,
3610 4631 3687 4684 καὶ

2121 4738 2253 4811 κενὴ
2286 4741 2319 4809 ἡ
2353 4739 2510 4802 ἐλπὶς
2534 4737 2721 4804 αὒτοῦ,
2750 4739 2844 4792 καὶ
2862 4739 2912 4790 οἱ
2942 4736 3100 4790 κόποι
3144 4733 3314 4788 αὑτοῦ
3376 4729 3634 4798 ἀνόνητοι.
3668 4739 3683 4771 ν
