3986 6436
300 324 437 393 4217

1554 311 1792 373 SACRA
1824 304 2284 369 PARALLELA.

3426 299 3563 367 1218

298 441 547 510 πώτερον
575 429 981 503 ύπενεγκεῖν,ἢ
1022 428 1311 499 ἄνθρωπον
1365 424 1645 479 ἀσύνετον.
1697 421 1885 475 Ἥδιον

2070 418 2265 477 salem,
2296 422 2351 469 et
2383 426 2621 468 massam
2655 408 2787 470 l'erri
2823 408 3048 467 facilius
3074 417 3164 467 est
3194 408 3365 479 ferre,
3398 428 3565 482 quam

300 530 535 586 κλσῦσον
559 528 654 583 ἐπὶ
667 522 870 596 νεκρῷ,
904 524 987 577 ὅτι
1018 519 1371 576 ἀνεπαύσατο
1394 532 1408 549 '
1460 514 1555 569 τοῦ
1580 514 1638 568 δὲ
1691 509 1879 585 μωροῦ

2044 509 2264 564 »πιὶηοιιι
2293 506 2717 577 imprudentem.
2738 504 3026 560 Libentius
3046 503 3202 576 plora
3235 519 3400 575 super
3421 520 3570 561 moro

300 626 442 695 ὑπὲρ
461 621 692 674 θάνατον
724 618 758 686 ὴ
780 614 894 685 ζωὴ
920 612 1157 685 πονηρά.
1177 629 1197 663 ι

378 816 399 850 ι
436 795 643 866 Τροχδς
701 791 921 864 ἁμάξης
988 788 1225 859 ἔγκατα.
1249 783 1459 857 μωροῦ,
1513 782 1608 837 καὶ
1637 781 1713 846 ὡς
1740 780 1884 846 ἄξων

304 887 670 961 στρεφόμενος
696 885 725 938 ὁ
751 878 1101 951 διαλογισμὸς
1124 875 1312 931 αὑτοῦ.
1354 893 1374 927 ι

368 1000 398 1033 ιι
437 977 637 1052 Μωρδς
662 975 721 1031 δὲ
741 974 913 1044 λέγει,
943 972 1058 1043 Οὐχ
1081 968 1321 1042 ὑπάρχει
1346 984 1437 1038 μοι
1461 964 1636 1037 φίλος.
1661 981 1682 1016 ι

374 1152 512 1209 Οῦτε
534 1154 593 1208 ὲν
629 1151 807 1223 ἰχθύσι
837 1149 1045 1221 φωνὴν,
1074 1145 1199 1203 οὔτε
1252 1148 1312 1201 ὲν
1365 1142 1720 1208 ἀπαιδεύτοις
1759 1141 1890 1212 ἀρε-

301 1248 404 1318 τὴν
423 1246 506 1300 δεῖ
528 1245 710 1315 ζητεῖν
738 1242 840 1314 (ι).

376 1339 587 1408 Ὠσπερ
631 1337 681 1390 ot
720 1334 1074 1398 ἀσθενοῦντες
1130 1330 1425 1404 χρῄζουσιν
1458 1328 1749 1401 ἰατρικοῖς,
1801 1324 1892 1380 οῦ-

306 1446 416 1494 τως
448 1426 641 1496 σοφίας
662 1425 896 1497 ἄφρονες
928 1423 1252 1479 ὲπιδέονται.

377 1624 522 1696 Πρὺς
561 1620 805 1692 σκληρὰν
843 1619 939 1672 καὶ
981 1616 1183 1687 ἀπειθῆ
1235 1613 1464 1686 καρδίαν
1519 1611 1679 1680 λόγος
1736 1607 1920 1679 ὑγιὴςλ

218 1764 223 1767 ,
307 1718 410 1771 οὐκ
442 1710 925 1784 εἰσέρχεται-ἀλλ’
972 1708 1163 1780 ὥσπερ
1214 1702 1697 1774 ἀντιτυπούμενος,
1758 1701 1896 1772 πρὸς

296 1807 501 1863 ’ἑαυτὸν
530 1803 918 1875 ἐπανέρχεται.

380 1899 534 1970 Ζωῆς
571 1896 766 1964 ἀλόγου
797 1894 1008 1964 δαίμων
1030 1889 1276 1964 ἡγεμών.

381 2079 502 2133 Τῶν
551 2078 773 2143 φαύλων
813 2071 1070 2134 πλούσιος
1123 2068 1321 2135 οὐδεὶς,
1374 2066 1479 2123 κᾶν
1520 2065 1592 2120 τὰ
1624 2060 1900 2133 πανταχοῦ

314 2165 555 2240 μέταλλα
586 2164 874 2232 κέκτηται,
903 2159 1020 2212 ἀλλ’
1049 2158 1157 2211 είσὶ
1186 2159 1392 2218 πάντες
1426 2158 1475 2209 οἱ
1531 2155 1767 2224 ἄφρονες
1800 2150 1903 2206 πέ-

310 2274 492 2330 νητες.
518 2254 940 2325 Στενοχωρεῖται
957 2251 1063 2314 πᾶς
1091 2249 1282 2321 ἄφρων
1310 2246 1625 2318 θλιϐόμενος
1661 2244 1769 2323 ὑπὸ,
1787 2242 1904 2314 φιλ-

310 2348 606 2421 αργυρίας,
664 2346 759 2399 καὶ
781 2341 1108 2414 φιλοδοξίας,
1142 2343 1239 2396 καὶ
1263 2339 1601 2411 φιληδονίας,
1646 2337 1740 2391 καὶ
1791 2335 1904 2389 τῶν

309 2437 713 2512 ὁμοιοτρόπων,
739 2436 882 2508 ἆπερ
912 2434 1013 2487 οὐκ
1047 2434 1113 2505 ὲᾷ
1127 2432 1226 2503 τὴν
1248 2431 1491 2487 διάνοιαν
1540 2431 1600 2482 ὲν
1655 2428 1905 2497 εὐρυχω-

320 2532 410 2603 ρίᾳ
442 2529 671 2597 διάγειν.

385 2681 587 2746 Μεῖζον
612 2678 885 2752 ἀνθρώπῳ
912 2678 1082 2734 κακὸν
1104 2676 1416 2750 ἀφροσύνης
1439 2677 1592 2732 οὐδέν
1623 2677 1761 2742 ἐστι,
1811 2675 1905 2730 τοῦ

316 2772 453 2827 ἰδίου
487 2772 584 2826 τοῦ
626 2770 892 2840 λογισμοῦ
922 2780 944 2801 °
967 2770 1182 2839 γένους,
1222 2771 1335 2824 τὸν
1373 2770 1497 2823 νοῦν
1550 2769 1905 2841 ζημιωθέντι.

326 2895 386 2905 -—
411 2865 587 2919 Νύσου
605 2864 700 2918 καὶ
725 2863 935 2933 φθορᾶς
968 2860 1146 2916 αἴτιον
1169 2861 1525 2916 ἀπαιδευσία.

402 3065 707 3136 Ἀμήχανον
740 3064 809 3118 τὰ
846 3061 1059 3136 μεγάλα
1089 3059 1198 3135 πρὸ
1245 3058 1356 3115 τῶν
1420 3057 1633 3133 μικρῶν
1687 3060 1909 3115 παιδευ-

317 3155 504 3228 θῆναι.
1342 3172 1371 3185 '

320 3295 508 3351 'l‘I'l‘A.
534 3292 880 3365 KE'.—Ilspl
904 3291 1109 3348 ἁπλοῦ
1137 3290 1238 3347 καὶ
1259 3290 1495 3348 ἀκάκου
1527 3288 1635 3344 τὸν
1657 3291 1904 3359 τρόπον.

411 3509 431 3544 σ
468 3491 526 3545 Ὀ
543 3488 749 3562 Κύριος
789 3487 865 3561 μὴ
884 3486 1170 3544 ἀποίσεται
1200 3497 1230 3537 P
1253 3485 1346 3541 τὸν
1362 3454 1590 3541 ἄκακον.
1634 3503 1652 3538 ι

402 3685 423 3720 ι
454 3666 700 3722 Φύλασσε
734 3663 991 3730 ἀκακίαν,
1021 3664 1119 3719 καὶ
1140 3661 1216 3717 ῐδε
1239 3659 1563 3733 εὐθύτητας,
1632 3660 1715 3715 ὅτι
1768 3660 1915 3715 ἐστὶν

321 3761 756 3833 ἐγκατάλειμμα
788 3756 1067 3830 ἀνθρώπῳ
1102 3753 1387 3830 είρηνικῷ.
1418 3772 1441 3808 ι

352 3970 359 3974 -
406 3955 426 3991 ι
474 3936 534 3992 Ὀ
554 3933 688 4001 Θεὸς
710 3930 1015 3996 κατοικίζει
1044 3924 1417 4001 μονοτρόπους
1438 3924 1497 3977 ὲν
1519 3923 1676 3995 οἴκῳ.
1716 3942 1735 3975 ι

407 4135 428 4169 ι
458 4115 664 4188 Κύριος
692 4114 752 4168 οὐ
785 4111 1040 4183 στερήσει
1063 4106 1133 4162 τά
1165 4101 1348 4174 ἀγαθά
1387 4101 1501 4165 τοῖς
1531 4104 1922 4175 πορευομένοις

328 4209 391 4263 ἄν
412 4207 642 4278 ἀκακία.
684 4224 704 4259 ι

410 4320 430 4355 ι
473 4303 570 4364 Ὃς
594 4297 889 4371 πορεύεται
921 4293 1134 4360 ἁπλῶς,
1164 4289 1461 4365 πορεύεται
1495 4295 1795 4361 πεποιθώς.
1823 4312 1843 4347 ι

1987 607 2168 661 tuum,
2202 597 2461 668 quoniam
2489 595 2763 668 requievit
2792 611 2807 649 :
2836 595 2975 651 fatui
3011 604 3197 652 autem
3240 595 3354 651 vita
3386 606 3570 653 morte

1989 689 2213 761 gravior
2236 695 2342 745 est.
2385 705 2404 740 ›

2060 779 2229 835 Eccli.
2262 794 2454 841 XXXIII,
2481 778 2533 835 5.
2555 809 2626 820 -
2649 795 2667 829 ι
2696 776 3005 834 Praecordia
3062 779 3219 847 fatui,
3251 788 3373 836 rota
3400 779 3570 848 carri,

1989 879 2044 927 et
2079 873 2225 928 sicut
2252 872 2374 928 axis
2400 871 2680 926 versatilis
2711 870 2996 940 cogitatus
3023 871 3197 927 illius.
3230 889 3251 926 ι

2068 964 2241 1019 Eccli.
2274 980 2367 1029 xx,
2396 961 2483 1019 16.
2505 991 2575 1002 -
2604 981 2624 1016 ι
2651 961 2861 1019 Fatuus
2891 969 3079 1019 autem
3115 963 3247 1021 dicit
3277 983 3292 1022 :
3323 965 3450 1023 Non
3478 973 3567 1023 est

1991 1056 2127 1115 mihi
2159 1055 2396 1110 amicus.
2431 1073 2452 1107 ι

2065 1148 2217 1205 Sexti
2259 1146 2414 1202 Rom.
2450 1176 2521 1188 —
2548 1144 2737 1217 Neque
2771 1159 2881 1201 vox
2919 1145 3068 1218 apud
3121 1146 3338 1219 pisces,
3392 1163 3578 1222 neque

1992 1240 2171 1297 virtus
2199 1237 2348 1309 apud
2382 1236 2720 1307 insipientes
2745 1237 3041 1308 quaerenda
3063 1244 3170 1294 est.

2064 1328 2241 1385 Basil.
2301 1329 2356 1382 in
2399 1328 2569 1397 princ.
2601 1324 2764 1384 Prov.
2804 1358 2874 1369 —
2931 1325 3404 1394 Quemadmodum
3473 1328 3571 1400 qui

1997 1424 2193 1479 morbo
2233 1421 2526 1485 laborant,
2565 1419 2854 1475 medicina?
2893 1419 3119 1478 auxiliis
3167 1419 3438 1492 indigent,
3496 1421 3580 1477 sic

1998 1516 2153 1570 stulti
2193 1514 2470 1584 sapientia
2496 1528 2639 1583 opus
2672 1513 2899 1567 habent.

2067 1606 2294 1662 Justiui.
2315 1635 2385 1645 -—
2413 1604 2672 1659 Doctrina
2698 1619 2830 1660 sana
2855 1604 2922 1658 ad
2955 1614 3335 1661 contumacem
3356 1611 3411 1661 et
3442 1620 3585 1677 prte-

2002 1700 2244 1755 l‘ractum
2283 1699 2527 1752 animum
2560 1712 2668 1751 non
2706 1696 3039 1768 ingreditur,
3082 1697 3180 1753 scd
3210 1698 3358 1753 velut
3391 1713 3582 1755 rever-

1931 1787 1973 1843 Β
2003 1795 2197 1851 berata
2234 1791 2300 1845 ad
2336 1791 2574 1859 seipsam
2607 1789 2928 1845 revertitur.

2074 1884 2314 1955 Evagrii.
2347 1912 2419 1923 ——
2469 1882 2610 1937 Vitae
2648 1896 2856 1937 aversa:
2906 1897 2935 1935 a
2969 1880 3187 1936 ratione
3231 1879 3449 1937 daemon
3483 1897 3587 1955 gu-

2003 1975 2268 2032 bernator
2306 1983 2412 2031 est.
3586 1992 3591 1999 '

2076 2066 2367 2122 Philonem
2386 2064 2481 2121 lib.
2511 2082 2551 2121 ιι
2581 2065 2780 2131 Quwst.
2808 2066 2864 2120 in
2889 2064 3150 2122 Genes.-—
3165 2065 3431 2123 Malorum
3457 2067 3590 2123 nul-

2002 2158 2091 2214 lus
2125 2158 2281 2213 dives
2338 2164 2447 2223 est,
2505 2157 2763 2225 quamvis
2798 2158 2984 2211 omnia
3017 2172 3143 2228 qua:
3188 2157 3351 2230 363
3408 2159 3590 2216 ubivis

2004 2260 2307 2316 terrarum,
2338 2249 2561 2305 metalla
2593 2250 3038 2322 comparaverit:
3071 2250 3170 2307 sed
3210 2266 3407 2309 omnes
3434 2253 3592 2309 stulti

2003 2361 2277 2418 pauperes
2341 2353 2495 2403 sunt.
2546 2346 2743 2413 Quivis
2794 2347 3008 2402 stultus
3058 2346 3116 2402 in
3161 2349 3416 2419 angustia
3469 2356 3592 2416 est;

2004 2438 2271 2509 quoniam
2309 2438 2378 2493 ab
2413 2438 2672 2500 avaritia.
2714 2444 2770 2493 et
2799 2438 3127 2504 ambitione,
3162 2448 3218 2493 et
3246 2440 3596 2511 voluptatum

2006 2542 2218 2592 amore,
2273 2527 2514 2596 aliisque
2566 2525 2621 2580 id
2668 2541 2844 2596 genus
2887 2527 3040 2583 vitiis
3071 2527 3437 2597 opprimitur,
3470 2541 3596 2599 qua:

2006 2620 2256 2675 animum
2287 2620 2343 2673 in
2376 2618 2673 2675 latitudine
2706 2632 2870 2688 agere
2895 2633 3008 2673 non
3028 2620 3220 2675 sinunt
3248 2618 3346 2690 (2).

2076 2709 2270 2780 Ejusd.
2328 2725 2393 2764 ea:
2420 2709 2514 2764 lib.
2563 2725 2615 2764 νι
2653 2708 2980 2766 earumdem.
3016 2738 3089 2749 --
3113 2708 3340 2765 Nullum
3376 2710 3594 2766 homini

2006 2803 2216 2859 malum
2262 2801 2504 2857 stultitia
2562 2801 2792 2869 gravius
2851 2808 3039 2871 potest
3089 2800 3362 2867 accidere,
3406 2809 3467 2857 ut
3497 2802 3597 2872 qui

2006 2892 2322 2963 peculiares
2365 2893 2603 2949 rationis
2647 2907 2802 2962 opes,
2842 2891 2947 2947 hoc
2994 2900 3081 2948 est
3116 2901 3357 2949 mentem
3388 2894 3597 2951 amiseu

2008 2982 2103 3036 rit.
2142 3012 2205 3024 -
2232 2980 2406 3036 Morbi
2441 2990 2495 3038 ct
2528 2983 2792 3038 interitus
2824 2996 2996 3039 causa
3026 2989 3110 3039 est
3140 2983 3450 3053 imperitia.

2086 3072 2277 3144 Ejusd.
2309 3092 2374 3129 ea:
2407 3074 2514 3129 Vit.
2549 3073 2969 3134 Hosits—Fieri
3003 3092 3115 3134 non
3150 3083 3336 3148 potest
3365 3085 3426 3134 ut
3479 3092 3600 3135 ma-

1937 3145 1980 3203 c
2015 3183 2121 3237 gna
2153 3175 2278 3221 ante
2314 3183 2482 3237 parva
2508 3169 2822 3224 discantur.

2070 3295 2205 3351 ΤΙΤ.
2237 3294 2406 3352 XXV.
2431 3323 2503 3338 -—
2531 3295 2610 3351 De
2638 3296 2850 3353 homine
2876 3299 3127 3368 simplici,
3162 3311 3211 3356 et
3231 3302 3535 3359 innocentia

2561 3384 2769 3422 morum
2793 3371 3044 3438 praedito.

2091 3478 2194 3534 Job
2242 3493 2430 3541 mm.
2460 3479 2516 3537 5.
2540 3510 2615 3522 --
2648 3498 2669 3533 ι
2708 3478 2993 3539 Dominus
3030 3497 3142 3539 non
3188 3482 3416 3555 abjiciet
3445 3484 3608 3543 inno-

2014 3560 2259 3627 'centem.
2282 3591 2303 3625 ›

2099 3664 2253 3722 Psal.
2312 3680 2506 3732 xxxvi,
2553 3667 2643 3721 '57.
2680 3694 2751 3707 —
2781 3682 2801 3717 ι
2833 3664 3062 3722 Custodi
3114 3665 3515 3734 innocentiam,
3552 3676 3611 3725 ct

2022 3757 2150 3813 vide
2199 3760 2527 3828 aequitates;
2584 3756 2853 3828 quoniam
2909 3763 3043 3812 sunt
3105 3758 3360 3830 reliquiae
3391 3760 3612 3816 homini

2024 3848 2281 3921 paciﬁca.
2309 3866 2327 3900 ι

2098 3938 2443 4003 Psal.uvtt,
2463 3937 2607 3991 7.—
2651 3954 2670 3990 ε
2706 3937 2853 3994 Deus
2881 3937 2978 4008 qui
3004 3937 3260 3994 habitare
3287 3937 3425 3995 facit
3445 3940 3613 3996 unius

2026 4034 2195 4089 moris
2229 4035 2284 4089 in
2308 4034 2494 4090 domo.
2529 4051 2549 4085 ι
3212 4055 3217 4059 η

2092 4124 2247 4180 Pent.
2289 4139 2520 4190 LXXXIII,
2561 4123 2648 4178 15.
2682 4152 2752 4164 -
2788 4140 2809 4174 ι
2844 4120 2967 4178 Νοη
3013 4122 3250 4193 privabit
3310 4122 3473 4179 bonis
3517 4138 3616 4181 eos

2024 4216 2121 4287 qui
2169 4217 2468 4273 ambulant
2496 4219 2549 4272 in
2583 4215 2921 4271 innocentia.
2956 4233 2976 4266 ι

2097 4303 2254 4361 Prov.
2281 4321 2342 4366 ιι.
2365 4305 2540 4360 9.-‹
2571 4303 2675 4370 Qui
2708 4304 2959 4361 ambulat
2983 4303 3334 4375 simpliciter,
3366 4304 3616 4362 ambulat

2022 4394 2387 4452 conﬁdenter.
2430 4416 2451 4450 ι
3418 4406 3421 4407 ⁷

1649 4520 1884 4579 VARle
1924 4524 2336 4587 LEC'I‘IONES.

409 4617 439 4648 ο
466 4608 652 4673 Forte,
683 4611 928 4683 λογικοῦ.
1003 4620 1032 4663 ιι
1070 4610 1130 4668 In
1169 4625 1345 4684 marg.
1382 4611 1509 4669 Vat.
1539 4613 1850 4672 ἀπώσεται.
1891 4620 1981 4676 Al.
2014 4624 2439 4699 ἀποποιήσεται.

1823 4751 2057 4816 ΝΟΤᾸΕ.

906 4836 1657 4929 hacinﬁgsgitijfﬁquas
1680 4843 1931 4929 Ριμαίηιξε
1963 4858 2008 4913 D
2037 4854 2147 4908 τῶν
2179 4858 2239 4910 ὲν
2286 4857 2507 4929 Γενέσει
2547 4857 2931 4929 ζητουμένων,
2968 4871 3033 4912 ea:
3085 4856 3222 4912 libro
3278 4875 3313 4913 ιι
3349 4857 3621 4929 Quinetia-

341 4907 544 4980 Latine
576 4908 887 4980 transtulit,
925 4923 1036 4980 non
1066 4911 1313 4980 reperio.
1338 4907 1607 4967 Caeterum
1636 4929 1702 4969 ex
1728 4916 1926 4972 inscri-

340 4978 535 5047 ptione
561 4984 792 5048 apparet
829 4977 970 5048 Sixti
1019 4977 1328 5048 sententias
1368 4996 1400 5035 a
1448 4980 1656 5040 Graecis
1707 4986 1926 5044 habitas

342 5047 522 5104 fuisse
553 5047 815 5117 tanquam
847 5047 989 5102 Sixti
1024 5047 1261 5122 Romani
1296 5066 1451 5122 papae
1494 5061 1701 5110 essent.
1735 5054 1933 5113 Hiero-

343 5133 547 5191 nymus
576 5132 767 5191 earum
791 5127 1071 5191 auctorem
1096 5120 1384 5176 ethnicum
1411 5130 1466 5176 et
1496 5124 1927 5191 gentilissimum

346 5187 524 5267 fuisse
552 5187 797 5267 censuit.
831 5187 961 5267 Mihi
989 5205 1120 5245 vero
1151 5191 1354 5261 legenti
1368 5187 1734 5267 Christianus
1760 5211 1930 5267 appa-

346 5258 483 5321 ruit,
502 5257 612 5332 sed
649 5258 1045 5332 philosophus:
1078 5269 1139 5315 ut
1171 5257 1298 5316 cum
1330 5262 1431 5328 ait,
1461 5257 1932 5332 baptismum-uti—

347 5326 787 5408 que_innuens:
829 5326 1068 5408 Fidelem
1111 5340 1169 5408 te
1214 5348 1325 5386 esse
1356 5326 1659 5408 professus,
1702 5351 1931 5408 epapon-

345 5399 480 5451 dicti
530 5415 635 5453 non
683 5414 899 5467 peccare
949 5399 1077 5454 Deo.
1134 5399 1377 5456 liursum
1410 5423 1425 5457 :
1458 5399 1653 5459 Pasce
1693 5399 1932 5461 animam

350 5468 507 5547 uerbo
558 5468 680 5547 Dei,
726 5478 776 5523 et
833 5486 1027 5538 corpus
1072 5472 1415 5547 simplicibus
1449 5473 1607 5547 cibis.
1650 5474 1930 5547 Itemque:

351 5542 499 5622 sine
547 5536 655 5594 Deo
700 5548 864 5605 sunt;
894 5536 991 5612 pro
1045 5536 1235 5609 quibus
1299 5541 1520 5597 Verbum
1572 5536 1932 5614 Deimaledi-

350 5618 513 5664 citur.

426 5678 504 5770 t2)
543 5676 1443 5770 ‘33-?“I3‘l‘3l‘iF‘fPeluﬁﬁ‘dPFii
1500 5682 1773 5770 discimus
1814 5689 1932 5770 pri;

353 5764 506 5807 mum
552 5749 683 5805 hoc
727 5749 1099 5821 fragmentum
1151 5760 1440 5825 acceptum
1488 5769 1613 5811 esse
1649 5757 1714 5810 ὲκ
1747 5749 1843 5812 τοῦ
1886 5757 1935 5829 β’

2037 4942 2188 4991 num,
2220 4944 2311 4999 seu
2349 4925 2824 4999 Percontdtionum
2850 4945 2969 4999 quae
2997 4938 3283 4999 occurrunt
3312 4930 3368 4983 in
3395 4925 3619 4995 Genesi;

2033 4997 2343 5052 secundum
2379 5013 2513 5053 vero
2544 5001 2609 5052 ὲκ
2629 4997 2726 5051 τοῦ
2760 4999 2817 5065 ς’
2857 4997 2967 5051 τῶν
2996 4998 3199 5062 αὐτῶν,
3234 5013 3299 5053 ea:
3347 5008 3497 5053 sexto
3531 5016 3623 5055 ea-

2029 5067 2292 5121 rumdem.
2328 5067 2473 5123 Alibi
2519 5068 2749 5135 perinde
2795 5069 3038 5124 citantur
3069 5067 3231 5122 iidem
3291 5069 3447 5133 libri,
3488 5085 3624 5125 nec-

2032 5153 2143 5192 non
2178 5138 2307 5208 libri
2339 5139 2458 5207 alii,
2484 5139 2962 5194 Percontatiouum
2991 5152 3110 5208 quw
3133 5139 3189 5192 in
3218 5137 3405 5194 Exodo
3434 5154 3624 5194 occur-

2032 5217 2181 5262 runt.
2216 5207 2485 5263 Caeterum
2522 5210 2577 5264 hi
2615 5225 2811 5266 omnes
2854 5209 2981 5264 libri
3006 5207 3293 5264 hactenus
3334 5209 3469 5263 editi
3510 5225 3621 5266 non

2034 5286 2186 5333 sunt.
2220 5278 2363 5345 Quin
2394 5296 2495 5335 nec
2522 5280 2740 5349 priores
2773 5281 2927 5334 novit
2967 5279 3262 5334 Eusebius.
3315 5278 3389 5334 De
3432 5289 3622 5349 poste-

2033 5349 2276 5404 rioribus
2298 5364 2430 5405 vero
2462 5348 2544 5406 sic
2579 5351 2778 5405 scribit
2806 5369 2818 5404 :
2855 5351 2947 5412 Εἰς
2977 5348 3036 5402 δὲ
3062 5350 3165 5417 τὴν
3198 5348 3623 5418 Ἔξοδονέγνω-

2038 5435 2139 5493 μεν
2166 5418 2500 5493 αὑτοῦλζητη
2509 5420 2696 5493 μάτων
2720 5423 2825 5493 και
2837 5420 3069 5482 λύσεων,
3085 5419 3323 5493 πρῶτον,
3341 5419 3622 5493 δεύτερον,

2034 5488 2245 5559 τρίτον,
2293 5488 2556 5560 τέταρτόν
2609 5490 2707 5544 καὶ
2758 5490 3047 5559 πέμπτονο
3080 5488 3147 5543 In
3196 5489 3444 5560 Exodrum
3500 5488 3624 5546 itero

2033 5562 2390 5626 quazslionum
2420 5559 2468 5614 et
2500 5561 2850 5621 solutionum,
2877 5562 3127 5629 primum,
3162 5559 3475 5625 secundum,
3519 5571 3624 5613 ter-

2037 5631 2189 5692 tium,
2211 5641 2461 5695 quartum
2490 5639 2541 5684 et
2577 5632 2818 5699 quintum
2849 5631 3014 5686 libros
3040 5629 3290 5687 vidimus.
3321 5630 3622 5687 Eusebium

2035 5700 2337 5771 exscripsit
2364 5699 2757 5773 Hieronymus.
