3986 6382
543 320 676 386 1219

1707 309 1769 370 S.
1807 305 2127 370 JOANNIS
2168 305 2562 370 DAMASCEN
2569 306 2596 366 Ι

3632 317 3738 385 1220

607 429 770 487 Prov.
824 440 940 490 xm,
973 427 1028 491 6.
1059 449 1127 463 -—
1169 438 1188 473 ι
1221 419 1445 488 Quanto
1485 426 1732 488 tempore
1783 417 2116 471 innocentes

2293 431 2311 464 ι
2343 413 2509 468 Ὅσον
2542 411 2735 484 χρόνον
2772 410 2988 483 ἔχονται
3039 410 3239 466 ἄκακοι
3277 412 3374 485 τῆς
3425 415 3739 499 δικαιοσύνης,

536 515 1180 588 adhmrescentjustitite,
1217 529 1332 571 non
1360 512 1792 569 confundentur.
1837 529 1856 563 ι

605 615 765 669 Prov.
803 626 912 676 xxv,
941 609 996 663 2.
1032 636 1104 648 -
1143 627 1161 660 ι
1203 606 1308 674 Qui
1351 605 1601 660 ambulat
1627 610 1800 666 recte,
1829 601 1986 656 timet
2007 599 2116 656 Do-

535 721 770 764 mtuum.
797 722 816 756 ι

603 800 766 852 Prov.
833 809 935 858 xu,
968 793 1148 848 15.--
1181 809 1200 843 ι
1250 789 1357 857 Qui
1389 787 1619 860 respicit
1678 785 1861 858 plane,
1898 783 2114 840 miscri-

533 891 776 948 cordiam
796 893 1189 958 consequetur.
1218 902 1238 937 ι

601 982 762 1036 Prov.
782 997 860 1046 ιι,
882 980 976 1044 20,
1007 978 1100 1032 25.
1121 1008 1187 1018 —
1223 994 1242 1026 ι
1276 974 1498 1044 Accepti
1519 980 1646 1029 sunt
1677 972 1904 1028 Domino
1927 987 2120 1028 omnes

533 1074 880 1130 immaculati
916 1074 971 1128 in
1002 1072 1088 1126 via
1114 1086 1237 1127 sua.
1269 1068 1568 1125 Benedicta
1601 1075 1686 1122 est
1716 1066 1904 1121 omnis
1934 1065 2120 1121 anima

533 1168 794 1238 simplex.
832 1184 851 1220 ι

604 1260 765 1314 Prov.
819 1274 930 1324 xxv,
990 1255 1079 1310 15.
1107 1284 1173 1296 -—
1201 1271 1220 1306 ι
1258 1251 1533 1310 lnnocens
1575 1251 1758 1308 credit
1810 1249 1963 1306 omni
1993 1259 2118 1305 ver-

463 1399 469 1414 ,
536 1353 627 1406 lto.
666 1371 685 1404 ι

606 1443 768 1499 Prov.
836 1459 899 1509 ιι,
947 1441 1038 1496 21.
1098 1470 1166 1481 -
1211 1459 1230 1492 ι
1273 1439 1506 1510 Benigni
1569 1445 1734 1494 erunt
1781 1437 2122 1492 habitatores

535 1549 700 1593 terra:
729 1554 744 1603 ;
779 1537 1108 1591 innocentes
1139 1549 1269 1590 vero
1328 1532 1734 1604 permanebunt
1771 1529 1826 1584 in
1851 1544 1951 1597 ea;
1987 1528 2122 1600 quia

534 1629 674 1684 recti
705 1628 1037 1684 Itabitabunt
1063 1627 1118 1681 in
1149 1641 1234 1680 ea.
1279 1644 1298 1677 ι

611 1718 782 1772 Basil.
811 1720 866 1770 in
901 1718 1068 1784 princ.
1105 1716 1263 1770 Prov.
1299 1744 1369 1754 —
1408 1713 1623 1784 Duplici
1657 1712 1819 1768 modo
1847 1711 2115 1767 innocen-

2221 505 2321 559 ούκ
2361 504 2843 575 αίσχυνθήσονται.
2876 523 2895 556 ι

2293 611 2313 646 ι
2335 593 2393 648 '0
2419 592 2786 665 πορευόμενος
2823 593 3022 666 ὀρθῶς,
3050 590 3296 663 φοϐεῖται
3325 598 3413 650 τὸν
3437 598 3639 672 Κύριον.
3669 621 3687 659 ι

2297 799 2316 835 ι
2337 782 2398 838 '0
2418 781 2630 854 βλέπων
2658 780 2800 849 λετα,
2835 782 3217 857 ὲλεηθήσεται.
3246 805 3266 839 ο

2297 982 2316 1015 ‹
2357 963 2691 1034 Προσδεκτοὶ
2723 964 2915 1037 Κυρίῳ
2932 965 3134 1031 πάντες
3158 967 3378 1042 ἄμωμοι
3393 969 3560 1046 ἐνιδῷ
3580 975 3746 1038 αὐτῶν.

2221 1057 2383 1130 Ψυχὴ
2411 1057 2773 1132 εὐλογημένη,
2805 1062 2956 1115 πᾶσα
2989 1062 3160 1134 ἁπλῆ.
3215 1083 3234 1116 ο

2301 1255 2320 1288 ι
2359 1236 2600 1298 Ἀκακος
2627 1238 2876 1289 πιστεύει
2903 1236 3069 1291 παντὶ
3093 1236 3256 1310 λόγῳ.
3285 1258 3304 1292 ι

2301 1435 2320 1468 ι
2362 1416 2604 1487 Χρηστοὶ
2625 1415 2840 1470 ἔσονται
2870 1415 3157 1487 οίκήτορες
3183 1413 3319 1486 γῆς’
3340 1414 3532 1473 ἄκακοι
3559 1419 3610 1474 δὲ
3639 1421 3748 1478 ὕπο.

2223 1508 2608 1580 λειφθήσονται
2640 1509 2698 1562 ἐν
2743 1507 2907 1580 αὐτῇ,
2951 1508 3034 1562 δτι
3074 1506 3254 1572 εύθεϊς
3287 1511 3750 1582 κατασκηνώσουσιν

2224 1602 2283 1655 ιν
2314 1601 2474 1671 αὐτῇ.
2515 1619 2536 1655 ι

2297 1711 2505 1775 Διττῶς
2527 1708 2755 1782 νοοῦμεν
2789 1709 2889 1781 τὴν
2920 1709 3178 1764 ἀκακίαν.
3202 1710 3275 1764 Ἦ
3303 1710 3411 1782 γὰρ
3439 1708 3535 1777 τὴν
3559 1713 3655 1767 ἀπὸ
3679 1716 3752 1786 τῆς

536 1807 665 1864 tiam
699 1807 1083 1877 intelligimus.
1129 1805 1238 1859 Aul
1266 1804 1415 1860 enim
1430 1803 1662 1858 rationis
1695 1818 1797 1874 ope
1829 1816 1859 1856 a
1894 1809 2121 1874 peccato

2227 1803 2505 1876 ἁμαρτίας
2541 1802 2896 1874 ἀλλοτρίωσιν
2925 1801 3174 1873 λογισμῷ
3206 1803 3656 1876 κατορθουμὲνην,
3683 1809 3754 1862 καὶ

535 1913 637 1953 nos
665 1897 982 1960 avertendo,
1011 1905 1064 1948 ct
1088 1910 1184 1964 per
1223 1895 1440 1964 longam
1491 1893 1666 1946 animi
1717 1893 2119 1957 attentionem,

537 1998 594 2044 ct
640 1989 910 2044 virtutum
949 1985 1222 2053 studium,
1281 1985 1452 2040 veluti
1493 1984 1682 2040 radice
1728 1987 1972 2054 quadam
2003 1983 2125 2038 vitii

533 2083 762 2150 excisa;
803 2089 897 2135 aut
919 2081 1040 2149 ejus
1067 2080 1123 2134 in
1180 2087 1354 2134 totum
1395 2086 1650 2149 expertes
1671 2076 1826 2142 facti,
1855 2077 2125 2132 innocen-

535 2184 617 2230 tes
659 2173 1024 2244 appellamur.
1076 2172 1156 2224 Ac
1226 2185 1458 2225 rursum
1489 2169 1808 2225 innocentia
1858 2176 1963 2235 est,
2031 2167 2125 2224 ubi

538 2266 786 2321 nondum
817 2265 1052 2319 collecta
1085 2262 1218 2316 mali
1255 2261 1607 2332 experientia
1639 2270 1768 2327 est;
1809 2276 1934 2316 cum
1967 2259 2122 2316 vide-

535 2360 668 2414 licet
714 2355 995 2423 nonnulli,
1049 2357 1377 2425 pleruntque
1407 2355 1477 2409 ob
1519 2354 1824 2423 juvenilctn
1882 2361 2121 2418 aetatem,

536 2448 622 2503 vel
654 2447 881 2518 aliquod
922 2449 1045 2501 vita:
1090 2446 1428 2511 institutum,
1464 2444 1725 2499 vitiorum
1756 2442 2123 2514 quorumdam

534 2538 764 2594 minime
792 2538 1095 2610 periculum
1114 2535 1387 2592 fecerunt.
1414 2534 1479 2591 ν.
1506 2552 1616 2605 gr.,
1645 2549 1780 2607 puer
1806 2535 2122 2606 superbiam

535 2632 736 2697 nescit,
767 2630 879 2685 doli
911 2637 966 2686 et
995 2628 1210 2684 fraudis
1261 2637 1348 2683 est
1390 2629 1640 2699 ignarus.
1705 2627 1848 2683 Sunt
1904 2642 2122 2692 rursus,

531 2723 627 2794 qui
651 2735 778 2777 cum
802 2722 923 2776 ruri
949 2720 1170 2793 degant,
1205 2728 1533 2775 mercaturae
1557 2721 1831 2776 versutias
1857 2728 1910 2774 et
1937 2719 2126 2774 foren-

534 2829 628 2870 ses
660 2813 1105 2870 conflictationes
1150 2813 1437 2883 ignorant.
1472 2809 1636 2873 Tales
1670 2826 1838 2883 porro
1875 2810 2123 2866 dicimus

535 2909 867 2964 innocentes
906 2922 920 2960 :
953 2920 1064 2960 non
1118 2905 1266 2976 quod
1320 2903 1654 2960 inductione
1717 2902 1890 2957 animi
1917 2917 1949 2957 a
1989 2902 2123 2959 vitio

535 2999 891 3064 remotisint,
915 2993 1012 3054 sed
1035 2997 1166 3068 quia
1215 2995 1463 3052 nondum
1507 2997 1642 3066 ipsis
1679 2993 1914 3050 vitiosas
1952 2994 2123 3050 animi

533 3089 901 3162 cogitationes
958 3088 1196 3158 contigit
1245 3088 1514 3158 experiri.
1565 3086 1728 3142 Certa
1760 3102 1928 3156 porro
1957 3087 2122 3142 inno-

534 3182 716 3239 centis
755 3178 998 3236 hominis
1051 3187 1182 3235 nota
1211 3179 1266 3233 in
1303 3193 1520 3233 morum
1551 3177 1911 3248 simplicitate
1940 3178 2120 3250 posita

536 3283 646 3330 est.
675 3260 698 3284 '

604 3360 888 3432 Ejusdem,
921 3361 979 3415 in
1043 3358 1410 3416 Hexaem.-—
1473 3358 1778 3415 Veritatem
1845 3358 2124 3414 sinceram

530 3454 955 3529 persequimini,
1023 3453 1468 3524 simplicitatem,
1550 3452 1862 3522 justitiam.
1927 3450 2124 3508 Justus

534 3549 656 3604 sine
718 3547 849 3602 fuco
895 3553 1008 3614 est,
1043 3554 1100 3602 et
1139 3546 1313 3601 veluti
1338 3544 1532 3601 Jacob.
1559 3544 1835 3612 Quocirca
1870 3544 2124 3600 habitare

534 3640 672 3697 facit
706 3640 874 3695 unius
901 3639 1074 3695 moris
1106 3638 1164 3693 in
1195 3637 1384 3694 domo.

605 3729 802 3804 Ejusd.
854 3745 920 3785 ex
970 3746 1093 3784 can.
1125 3726 1314 3784 Const.
1373 3755 1449 3768 —-
1507 3725 1826 3798 Simplicem
1884 3737 2050 3800 atque
2091 3744 2121 3784 a

533 3825 662 3881 dolo
691 3824 933 3878 alienum
975 3836 1180 3882 mores,
1211 3834 1412 3874 arcana
1453 3819 1648 3873 animae
1669 3818 1828 3874 facile
1859 3822 2121 3891 produnt.

607 3911 752 3968 Naz.
807 3921 949 3967 orat.
988 3911 1014 3965 1
1058 3908 1214 3966 Cont.
1256 3907 1471 3962 Julian.
1497 3934 1574 3948 -——
1600 3907 1803 3962 Parum
1841 3919 2003 3964 cauta
2035 3919 2119 3966 est

534 4007 861 4078 sitrplieitas
885 4045 901 4072 ,
932 4003 1321 4073 interdumque
1348 4000 1658 4072 benignitas
1693 4001 1968 4058 imbecilla
1998 4011 2116 4059 est:

533 4115 600 4156 ac
638 4098 836 4154 vitium
887 4095 1113 4152 minime
1177 4093 1520 4164 suspicatur,
1565 4094 1661 4163 qui
1691 4093 1833 4150 liber
1862 4103 2002 4152 esta
2038 4096 2122 4151 vi-

533 4192 634 4248 tio.

604 4279 763 4340 Orat.
788 4281 844 4336 in
861 4278 924 4336 S.
948 4279 1223 4335 Athan.—
1244 4279 1348 4345 Qui
1375 4279 1444 4333 ad
1458 4277 1649 4333 vitium
1675 4293 1985 4349 propensus
2008 4294 2118 4334 non

530 4385 643 4440 est,
676 4391 776 4430 nec
797 4375 862 4428 ad
890 4373 1291 4443 suspicandum
1312 4379 1398 4426 est
1433 4371 1722 4441 proclivis.

600 4463 765 4537 364
795 4462 963 4533 Cyril.
1003 4476 1067 4516 ea:
1095 4462 1189 4516 lib.
1215 4477 1284 4514 xv
1317 4461 1463 4515 Serv.
1495 4461 1550 4514 in
1586 4461 1761 4529 spirit.
1796 4492 1866 4502 —
1896 4463 2118 4533 Simpli-
2151 4491 2194 4546 Β

531 4556 675 4610 citas
728 4566 948 4609 summo
981 4550 1130 4622 apud
1172 4551 1344 4605 Deum
1387 4551 1442 4604 in
1471 4552 1653 4622 pretio
1676 4559 1786 4606 est.
1821 4553 2116 4610 Calliditas

531 4648 698 4712 enim,
729 4646 832 4701 etsi
864 4645 1064 4699 divinat
1109 4643 1215 4714 legi
1249 4644 1642 4700 consentaneis
1670 4647 1966 4702 conatibus
1994 4663 2120 4717 pro-

530 4736 712 4792 banda
738 4743 844 4802 est,
887 4749 1174 4805 nunquam
1207 4742 1391 4789 tamen
1445 4719 1512 4788 ad
1537 4735 1870 4792 suavitatem
1895 4740 2114 4795 virtutis

531 4827 893 4884 contribuere
926 4825 1207 4884 censenda
1240 4824 1434 4882 fuerit.

531 4957 669 5014 Τίτ.
698 4956 890 5014 XXVI.
917 4988 985 5006 -ι
1008 4959 1086 5015 De
1103 4970 1437 5033 paupertate,
1469 4970 1518 5017 et
1539 4962 1874 5033 sufﬁcientia,
1902 4976 1953 5022 et
1995 4969 2118 5024 vita:

1128 5029 1460 5100 frugalitate.

601 5141 753 5198 Psal.
792 5157 983 5207 xxxvr,
1017 5142 1108 5198 16.
1137 5173 1205 5184 -
1239 5163 1260 5196 ι
1291 5145 1488 5204 Melius
1518 5157 1603 5206 cst
1626 5149 1906 5206 modicum
1935 5152 2113 5222 justo,

531 5249 695 5305 super
716 5233 936 5290 divitias
957 5243 1306 5306 peccatorum
1325 5243 1552 5297 multas.
1591 5261 1610 5295 ι

599 5327 757 5383 Prov.
794 5343 888 5392 xv,
923 5327 1014 5394 16,
1044 5329 1132 5388 l7.
1167 5363 1240 5374 —-
1271 5353 1288 5384 ι
1318 5335 1513 5392 Melius
1537 5348 1622 5393 est
1643 5337 1819 5407 excipi
1848 5353 1974 5393 cum
1999 5339 2113 5396 ole-

533 5420 685 5476 ribus
707 5420 774 5476 ad
799 5421 1095 5477 amicitiam
1117 5433 1172 5477 et
1193 5427 1446 5495 gratiam,
1462 5444 1625 5499 quam
1653 5431 1822 5484 multa
1845 5431 2119 5501 genimina

531 5513 689 5566 vituli
724 5528 852 5571 cum
910 5516 1063 5574 odio.
1094 5515 1293 5575 Melius
1323 5529 1408 5578 est
1438 5538 1632 5592 parum
1677 5525 1933 5595 accipere
1989 5541 2114 5581 cum

526 5604 767 5677 iustitia,
793 5623 959 5678 quam
984 5611 1157 5664 multa
1187 5623 1340 5680 parta
1368 5616 1862 5686 cuminiquitate.»

601 5694 758 5752 Prov.
796 5713 924 5765 svu,
958 5700 1085 5754 1.-
1115 5719 1133 5752 ι
1167 5699 1356 5758 Melior
1387 5713 1472 5762 est
1502 5705 1744 5762 buecclla
1767 5723 1889 5762 cum
1910 5710 2111 5780 gaudio

2221 1896 2314 1951 διὰ
2337 1897 2560 1967 μακρᾶς
2593 1895 2891 1966 προσοχῆς,
2911 1896 3006 1949 καὶ
3037 1894 3272 1966 μελέτης
3296 1894 3405 1949 τῶν
3436 1895 3655 1964 ἀγαθῶν,
3697 1901 3754 1953 ol-

2223 1992 2335 2044 ονεὶ
2363 1987 2520 2060 ῥίζαν
2557 1987 2658 2055 τῆς
2683 1987 2884 2050 κακίας
2913 1987 3304 2058 ὲκτὲμνοντες·
3360 1986 3394 2059 ἢ
3443 1987 3576 2041 κατά
3602 1989 3755 2062 στέρη-

2225 2098 2312 2134 σιν
2334 2078 2508 2150 αύτῆς
2536 2079 2776 2150 παντελῆ
2807 2077 2906 2152 τὴν
2943 2078 3038 2133 τοῦ
3073 2079 3288 2135 ἀκάκου
3323 2084 3672 2156 προσηγορίαν
3691 2085 3753 2139 δε.

2223 2172 2453 2245 χόμεθα.
2482 2172 2594 2226 Καὶ
2618 2171 2781 2226 πάλιν
2807 2171 3016 2227 ἀκακία
3039 2171 3190 2227 ἐστὶν
3218 2173 3254 2246 ἡ
3292 2174 3455 2245 μήπω
3490 2175 3576 2230 τοῦ
3616 2177 3752 2232 κακοῦ

2225 2261 2506 2333 ἐμπειρία,
2539 2259 2628 2314 διὰ
2657 2259 2890 2332 νεότητα
2914 2260 3200 2328 πολλάκις,
3231 2262 3266 2334 ἦ
3299 2261 3415 2334 βίου
3447 2263 3582 2330 τινὸς
3599 2267 3754 2339 ὲπιτήο

2221 2353 2427 2418 δευσιν,
2454 2352 2699 2425 ἀπείρως
2716 2353 2878 2408 τινῶν
2909 2353 3047 2426 πρός
3075 2371 3231 2419 τινας
3286 2355 3486 2421 κακίας
3531 2356 3754 2428 διακειμέ-

2224 2462 2356 2510 νων,
2383 2439 2496 2498 οἷον
2525 2443 2555 2497 ό
2590 2447 2719 2508 παῖς
2741 2445 2843 2498 οὐκ
2898 2441 3041 2498 οἶδεν
3090 2445 3493 2518 ὑπερηφανίαν,
3537 2449 3628 2502 οὐκ
3673 2444 3751 2502 olis

2221 2535 2404 2600 δόλον,
2461 2534 2904 2607 ἢρᾳδιουργίαν.
2956 2536 3126 2591 Πάλιν
3188 2537 3299 2591 είσί
3364 2555 3507 2603 τινες
3551 2539 3646 2592 τῶν
3682 2539 3752 2608 τὴν

2223 2627 2509 2699 ἀγροικίαν
2529 2628 2840 2697 οἰκούντων,
2863 2629 2964 2684 οὒκ
2989 2628 3189 2693 εἰδότες
3215 2629 3316 2696 τὰς
3345 2631 3630 2702 ιμπορικάς
3653 2648 3752 2685 κακ-

2222 2719 2472 2790 ουργίας,
2499 2719 2622 2773 οὐδὲ
2649 2719 2750 2784 τὰς
2799 2720 2859 2775 ὲν
2905 2719 3245 2794 δικαστηρίῳ
3289 2721 3612 2786 διαπλοκάς⁶
3657 2721 3751 2783 τοὺς

2227 2807 2507 2874 τοιούτους
2577 2809 2822 2876 ἀκάκους
2881 2811 3136 2884 λέγομεν,
3190 2813 3296 2884 οὐχ
3327 2813 3405 2879 ὡς
3439 2815 3502 2868 ὲκ
3544 2812 3746 2885 προαιρέ-

2227 2916 2364 2965 σεως
2393 2901 2593 2966 κακίας
2618 2903 3087 2976 κεχωρισμένους,
3111 2905 3233 2959 ἀλλ’
3252 2903 3330 2970 ὡς
3371 2905 3536 2977 μήπω
3573 2905 3644 2968 είς
3662 2903 3750 2958 πεῖ-

2226 3010 2326 3063 ραν
2348 2993 2448 3062 τῆς
2475 2996 2721 3067 πονηρᾶς
2771 2994 2941 3062 ἕξεως
2986 2997 3352 3068 ἀφιγμένους.
3402 2995 3750 3070 Χαρακτηρίζει

2224 3077 2316 3136 οὖν
2337 3083 2429 3138 τὸν
2465 3083 2731 3158 ἄκακονή
2765 3085 3013 3158 ἁπλότης
3044 3086 3139 3142 τοῦ
3191 3087 3384 3159 ἤθους.

2294 3363 2534 3418 Διὼκετε
2567 3363 2826 3436 ἀλήθειαν
2863 3365 3159 3438 εἰλικρινῆ,
3188 3366 3494 3438 ἁπλότητα,
3534 3364 3750 3421 δικαιοσύ-

2223 3474 2342 3527 νην.
2379 3456 2694 3522 Ἀπλαστος
2727 3459 2757 3513 ὁ
2804 3457 3035 3524 δίκαιος,
3061 3460 3251 3525 ὁποῖος
3289 3459 3486 3516 Ἰακώὸ
3509 3479 3522 3494 ·
3544 3459 3750 3515 διάτοῦτο

2223 3551 2528 3617 κατοικίζει
2561 3551 2935 3625 μονοτρόπους
2955 3555 3014 3608 ὲν
3046 3553 3205 3626 οίκῳ.

2297 3725 2403 3782 Τὸν
2460 3727 2667 3783 ἁπλοῦν
2728 3729 2822 3784 καὶ
2858 3728 3048 3786 ἄδολον
3080 3729 3324 3797 εὐκόλως
3377 3727 3666 3802 ἐξαγορεύει
3701 3724 3748 3779 τὰ

2221 3819 2510 3892 ἀπόρρητα
2535 3822 2634 3890 τῆς
2658 3822 2856 3893 ψυχῆς.

2277 3913 2644 3982 ,Ἀφύλακτον
2687 3917 2720 3987 ἡ
2778 3916 3040 3983 ἁπλότης,
3083 3917 3178 3971 καὶ
3231 3918 3371 3989 μετὰ
3393 3917 3488 3972 τοῦ
3516 3911 3689 3987 σαθροῦ
3709 3910 3750 3963 τὺ

2222 4006 2627 4078 φιλάνθρωπον,
2694 4009 2790 4064 καὶ
2843 4009 3045 4082 ἥκιστα
3072 4011 3276 4066 κακίαν
3313 4011 3574 4084 ὑφορᾶται
3601 4008 3654 4062 τδ
3678 4020 3750 4058 tta-

2221 4099 2348 4163 κίας
2372 4099 2682 4173 ἐλεύθερον.

2291 4273 2366 4328 Τὸ
2396 4275 2478 4340 είς
2505 4275 2709 4332 κακίαν
2735 4275 2836 4349 οὑχ
2881 4277 3101 4351 ἕτοιμον
3129 4275 3255 4333 οὐδὲ
3289 4281 3372 4342 είς
3425 4277 3659 4332 ὑπόνοιαν
3682 4272 3748 4326 εὐ-

2257 4364 2407 4417 εοές.

2257 4381 2282 4416 ε
2325 4381 2348 4416 ε
2391 4401 2407 4417 .

2218 4382 2252 4435 χ
2289 4381 2385 4509 p'llc
2392 4456 2634 4528 ἁπλότης
2653 4457 2809 4528 τιμία
2837 4459 2987 4530 παρά
3015 4458 3155 4530 Θεῷ.
3181 4459 3257 4513 Τδ
3309 4461 3420 4532 γὰρ
3475 4456 3748 4528 πανουργδν’

2223 4550 2271 4602 εί
2304 4550 2399 4602 καὶ
2423 4548 2609 4605 δεκτὸν
2644 4551 2827 4615 ἐντοῖς
2853 4551 2995 4605 κατὰ
3025 4551 3159 4606 Θεὸν
3210 4555 3626 4626 σπουδάσμασιν,
3665 4546 3739 4603 ἀλλ

2222 4639 2474 4712 οὐδαμῶς
2496 4643 2575 4706 είς
2605 4641 2806 4713 ἀρετῆς
2823 4642 3054 4697 εὐωδίαν
3087 4644 3508 4722 καταλογισθείη
3536 4642 3670 4698 ποτέ.

2223 4976 2408 5031 ΤίΤΛ.
2434 4977 2579 5044 κεῖν.
2652 5002 2721 5017 -—
2748 4975 2907 5050 _Hspl
2939 4976 3389 5050 dxmyogtirnc,
3445 4977 3541 5032 καί
3584 4976 3752 5041 αὐταρ·

2665 5046 2850 5113 italae,
2882 5048 2980 5100 καὶ
3008 5046 3363 5117 όλιγοόείας.

2298 5176 2316 5210 ι
2353 5159 2626 5230 Κρεῖσσον
2657 5159 2838 5228 ὀλίγον
2867 5159 2945 5230 τῷ
2971 5160 3186 5232 δικαίῳ,
3236 5160 3379 5233 ὑπὲρ
3418 5160 3632 5216 πλοῦτον
3672 5156 3753 5211 τῶν

2223 5251 2561 5322 ἁμαρτωλῶν
2593 5249 2781 5304 πολύν.
2806 5270 2824 5303 ι

2299 5363 2317 5395 ι
2360 5344 2645 5417 Κρείσσων
2672 5343 2928 5414 ξενισμδς
2964 5347 3102 5416 μετὰ
3126 5345 3376 5417 λαχάνων
3429 5347 3560 5420 πρὸς
3607 5342 3751 5413 φιλίαν

2221 5436 2316 5491 καὶ
2343 5437 2526 5507 χάριν,
2549 5436 2582 5508 ἢ
2619 5436 2922 5507 παράθεσις
2949 5437 3167 5509 μόχθων
3202 5441 3340 5510 μετὰ
3367 5440 3576 5511 ἔχθρας.
3595 5435 3752 5507 Κρείο-

2221 5544 2330 5582 σων
2349 5528 2548 5596 ὀλίγων
2577 5527 2742 5597 λῆψις
2765 5529 2905 5598 μετὰ
2936 5529 3308 5604 δικαιοσύνης,
3341 5532 3373 5603 ἢ
3409 5531 3569 5587 πολλά
3595 5525 3750 5598 γεννή-

2221 5635 2367 5688 ματα
2405 5621 2544 5690 μετά
2572 5617 2804 5683 ἀδικίας.
2830 5638 2850 5672 ι

2295 5730 2315 5762 ι
2345 5712 2629 5782 Κρείσσων
2662 5714 2852 5785 ψωμὸς
2883 5715 3002 5787 μεθ’
3035 5717 3226 5788 ἡδονῆς
3253 5717 3311 5770 ιν
3341 5719 3525 5790 είρήνῃ
3545 5759 3559 5782 ,
3587 5706 3750 5785 ἢοῐκθὶ
