3986 6388
353 294 492 362 1221

1635 305 1871 364 SACRA
1909 304 2369 372 PARALLELA.

3464 327 3602 394 1222

358 403 569 458 πολλῶν
611 403 856 477 ἀγαθῶν,
913 408 1004 464 καὶ
1061 408 1264 464 ἀδίκων
1291 409 1589 481 χρημάτων
1633 413 1772 481 μετὰ
1822 412 1899 482 μά

2040 411 2094 464 in
2133 429 2287 481 pace,
2319 432 2482 486 quam
2524 419 2720 478 domus
2777 424 3072 481 multorum
3109 425 3480 498 bonorum,et
3514 451 3608 505 pe-

394 517 476 552 ης.
519 518 539 550 ι

394 517 423 548 ι-
462 537 476 552 .
519 518 539 550 ι

353 515 388 568 χ
413 516 457 640 f
483 587 720 642 Πλοῦτον
760 589 856 641 καὶ
894 588 1084 644 πενίαν
1117 589 1189 660 μή
1224 607 1315 661 μοι
1343 590 1471 660 δῷς,
1504 592 1696 661 Κύριε,
1731 591 1930 645 σύντα-

355 681 444 746 ξον
464 682 521 735 δέ
552 700 643 753 μοι
671 684 739 738 τά
767 683 975 750 δέοντα,
998 685 1178 738 καὶτὰ
1209 685 1480 756 αὐτάρκη,
1519 685 1606 737 ἵνα
1653 683 1728 754 μὴ
1790 681 1928 752 πλη-

355 773 523 836 σθεὶς,
576 773 777 846 ψευδὴς
827 775 1094 847 γένωμαι,
1143 776 1240 830 καὶ
1291 777 1432 830 εἴπω
1459 791 1473 806 ο
1509 775 1606 839 Τίς
1635 792 1702 844 με
1726 776 1858 846 ὁρᾷ;
1893 774 1924 845 ἢ

352 869 632 941 πενηθεὶς,
657 871 860 941 κλέψω,
893 873 987 925 καὶ
1013 871 1198 942 ὀμόσω
1231 871 1294 924 τὸ
1321 871 1493 942 ὄνομα
1514 870 1608 923 τοῦ
1637 869 1796 924 Θεοῦ.
1832 887 1851 920 ι

427 1069 446 1103 ι
481 1047 830 1120 Μέλιεὺρὼν,
857 1047 998 1118 φάγε
1039 1047 1098 1101 τὸ
1136 1046 1342 1116 ἱκανὸν,
1396 1046 1610 1117 μήποτε
1667 1043 1927 1114 πλησθεὶς

348 1141 640 1215 ἐξεμὲσῃς.
686 1139 918 1194 Ἐσθίειν
943 1139 1066 1211 μέλι
1103 1139 1238 1193 πολὺ
1259 1139 1318 1192 οὐ
1344 1139 1530 1193 καλόν.

425 1343 446 1376 ι
484 1327 753 1396 Κρεῖσσον
786 1324 1058 1394 πλήρωμα
1084 1322 1282 1394 δρακδς
1345 1321 1484 1392 μετὰ
1539 1321 1922 1387 ἀναπαύσεως,

349 1419 488 1487 ὑπὲρ
519 1417 791 1486 πλήρωμα
811 1415 903 1468 δύο
926 1415 1140 1486 δρακῶν
1168 1417 1225 1466 ἐν
1254 1414 1454 1485 μόχθῳ.
1485 1431 1504 1464 ι

421 1526 439 1558 ι
475 1505 594 1577 Ζωὴ
617 1504 948 1574 αὐταρκείας
976 1505 1209 1574 ἐργάτου
1229 1504 1681 1575 γλυκανθήσεται.
1722 1521 1740 1554 ι

425 1697 444 1731 ‹
489 1678 692 1741 Ὕπνος
727 1677 915 1746 ὑγείας
944 1677 1036 1730 ἐπὶ
1059 1677 1262 1748 ἐντέρῳ
1290 1677 1514 1748 μετρίῳ.
1545 1696 1564 1729 ι

417 1898 436 1931 ι
473 1878 566 1950 Μὴ
595 1877 872 1950 κτήσησθε
906 1874 1128 1948 χρυσὸν,
1165 1876 1298 1947 μηδέ
1323 1875 1582 1947 ἄργυρον,
1621 1873 1755 1944 μηδὲ
1788 1873 1915 1943 χαλ-

340 1970 435 2023 κὸν
465 1971 545 2032 εἰς
569 1969 669 2032 τὰς
691 1968 868 2031 ζώνας
906 1967 1079 2037 ὑμῶν,
1116 1968 1190 2038 μὴ
1233 1968 1415 2038 πήραν
1445 1969 1525 2030 είς
1588 1967 1725 2032 ὁδὸν,
1780 1965 1915 2036 μηδὲ

336 2060 434 2113 δύο
450 2061 706 2130 χιτῶνας,
741 2059 877 2128 μηδὲ
898 2059 1241 2129 ὑποδήματα,
1279 2060 1412 2129 μηδὲ
1443 2059 1690 2128 ῥάϐδους.
1731 2058 1916 2125 Ἀξιος

339 2151 447 2221 γὰρ
478 2152 506 2202 ό
533 2151 771 2221 ἐργάτης
807 2149 906 2219 τῆς
929 2149 1136 2221 τροφῆς
1159 2149 1324 2203 αὐτοῦ
1357 2151 1527 2206 ἐστιν.
1561 2168 1581 2202 ι

415 2348 434 2381 ι
472 2328 580 2382 Τοῦ
602 2330 659 2383 δὲ
693 2328 930 2401 πλήθους
955 2330 1064 2384 τῶν
1085 2329 1491 2385 πιστευσάντων
1519 2326 1588 2403 ἦν
1626 2333 1658 2401 ἡ
1717 2333 1914 2403 καρδία

338 2421 434 2474 καί⁸
461 2422 495 2492 ἡ
525 2420 672 2492 ψυχὴ
705 2422 804 2490 μία
825 2437 838 2450 ο
869 2421 963 2474 καὶ
992 2421 1166 2484 οὐδείς
1191 2439 1242 2474 τι
1277 2420 1386 2475 τῶν
1425 2421 1777 2492 ὑπαρχόντων
1802 2423 1915 2476 ἐλε-

336 2529 434 2582 γεν
471 2513 600 2566 ῖδιον
621 2510 783 2581 εἶναι,
805 2512 922 2568 ἀλλ’
945 2508 1013 2582 ἦν
1044 2513 1226 2576 αὐτοῖς
1261 2513 1439 2568 πάντα
1473 2515 1646 2569 κοινά.
1675 2532 1696 2566 ι

413 2713 432 2748 ι
479 2695 768 2766 Ἀργυρίου
805 2695 836 2766 ἢ
861 2696 1082 2766 χρυσίου
1112 2696 1144 2767 ἢ
1177 2698 1469 2766 ἱματισμοῦ
1490 2697 1697 2762 οὐδενὸς
1717 2698 1912 2752 ἐπεθύο

337 2802 507 2856 μησα.
536 2786 700 2838 Αὐτοὶ
728 2786 1047 2854 γινώσκετε,
1083 2787 1164 2838 ὅτι
1214 2791 1332 2846 ταῖς
1383 2787 1593 2855 χρείαις
1635 2804 1761 2858 μου,
1817 2789 1912 2842 καὶ

331 2883 446 2946 τοῖς
483 2877 599 2936 οὖσι
622 2881 740 2951 μετ’
767 2877 903 2951 ἐμοῦ
932 2879 1283 2950 ὑπηρέτησαν
1309 2884 1361 2932 αἱ
1391 2883 1569 2950 χεῖρες
1596 2874 1777 2936 αὗται.
1816 2901 1835 2934 ι

411 3078 430 3111 ι
477 3057 617 3128 Ἐγὼ
647 3058 758 3130 γὰρ
788 3058 992 3130 ἔμαθον
1020 3057 1079 3111 ὲν
1107 3054 1189 3122 οἷς
1228 3059 1368 3129 εἰμι,
1406 3058 1688 3129 αὐτάρκης
1745 3055 1905 3112 εἶναι.
1937 3107 1980 3166 c

329 3147 464 3204 Οἶδα
489 3149 601 3221 ἐγὼ
642 3153 734 3204 καὶ
757 3149 1168 3214 ταπεινοῦσθαι,
1200 3146 1315 3204 οἶδα
1349 3152 1442 3205 καὶ
1465 3152 1814 3222 περισσεύειν
1851 3155 1909 3206 ἐν

329 3247 515 3311 παντὶ,
549 3243 646 3296 καὶ
693 3245 751 3296 ἐν
804 3245 979 3297 πᾶσιο
1031 3242 1320 3314 μεμύημαι
1383 3242 1475 3296 καὶ
1525 3242 1906 3312 χορτάζεσθαι,

328 3336 429 3388 καὶ
451 3335 660 3404 πεινᾷν,
683 3333 779 3386 καὶ
804 3331 1169 3403 περισσεύειν,
1187 3333 1294 3384 καὶ
1323 3331 1685 3402 ὑστερεῖσθαι.
1722 3331 1908 3386 Πάντα

332 3427 504 3498 ἰσχύω
530 3429 586 3480 ἐν
615 3424 693 3495 τῷ
720 3423 1105 3496 ἐνδυναμοῦντί
1139 3440 1207 3494 με
1231 3424 1470 3495 Χριστῷ.
1506 3443 1527 3478 ι

405 3627 425 3660 ι
481 3609 833 3678 ’Λρκούμενοι
862 3607 974 3668 τοῖς
1022 3601 1291 3674 παροῦσιν
1313 3620 1328 3635 ο
1354 3602 1516 3666 αὐτὸς
1564 3601 1673 3675 γάρ
1710 3599 1860 3657 εἶπεν
1889 3620 1904 3636 ο

323 3701 402 3752 Οὑ
436 3699 510 3769 μή
545 3715 602 3750 σε
633 3697 764 3760 άνῶ,
798 3695 905 3748 οὐδ’
939 3695 1001 3748 οὑ
1037 3695 1111 3764 μή
1142 3711 1201 3746 σε
1236 3692 1608 3762 ἐγκαταλίπω.
1643 3711 1662 3744 ›

401 3810 420 3841 ι
455 3789 668 3859 Μηκέτι
699 3787 1001 3860 ὑδροπότει,
1033 3784 1148 3839 ἀλλ’
1170 3785 1298 3855 οἴνῳ
1338 3784 1502 3854 ὀλίγῳ
1523 3784 1639 3855 χρῶ
1681 3785 1771 3838 διὰ
1816 3785 1906 3838 τὸν

325 3881 597 3952 στόμαχόν
625 3896 740 3942 σου,
766 3879 860 3931 καὶ
891 3878 988 3941 τὰς
1021 3876 1229 3940 πυκνάς
1282 3892 1374 3928 σου
1399 3875 1699 3938 ἀσθενείας.
1740 3893 1758 3927 ι

401 4079 419 4112 ι
453 4061 612 4114 Ἔστι
651 4059 922 4131 πορισμὸς
957 4058 1130 4130 μέγας
1161 4060 1195 4130 ἡ
1225 4057 1477 4112 εὐσέϐεια
1516 4057 1658 4129 μετὰ
1701 4059 1907 4131 αὐταρο

321 4155 500 4216 κείας.
527 4154 693 4207 Οὐδὲν
719 4153 828 4225 γὰρ
849 4153 1247 4222 εἰσηνέγκαμεν
1270 4153 1350 4215 είς
1399 4151 1490 4205 τὸν
1547 4153 1772 4222 κόσμον,
1809 4152 1905 4222 δῆ-

317 4246 413 4297 λον
461 4246 542 4298 ὅτι
598 4243 717 4296 οὐδὲ
775 4243 1079 4310 ἐξενεγκεῖν
1132 4257 1186 4294 τι
1238 4239 1533 4310 δυνάμεθα.
1569 4241 1824 4312 Ἔχοντες
1847 4241 1903 4295 δὲ

323 4335 618 4407 διατροφὰς
677 4335 771 4388 καὶ
831 4335 1226 4404 σκεπάσματα,
1287 4331 1500 4395 τούτοις
1547 4332 1904 4405 ἀρκεσθησώ.

327 4427 492 4500 μεθα.
525 4445 545 4478 ι

397 4521 510 4576 Οὐκ
539 4519 771 4592 εὔχομαι
796 4519 1065 4581 πλουτεῖν,
1095 4516 1218 4570 οὕτε
1245 4515 1470 4588 ἔραμαι,
1496 4517 1635 4572 ἀλλά
1666 4536 1764 4590 μοι
1815 4519 1898 4590 εἴη

321 4613 440 4684 ζωὴ
471 4611 579 4666 ἀπὸ
602 4611 710 4664 τῶν
730 4609 926 4678 ὀλίγων
955 4609 1122 4680 μηδὲν
1152 4609 1326 4679 ἔχοντι
1349 4608 1517 4661 κακόν
1533 4619 1584 4659 ει.

392 4705 652 4776 Μεγάλην
674 4702 765 4774 ἔχε
787 4702 883 4772 τὴν
912 4701 1089 4771 ψυχήν
1117 4717 1130 4731 ο
1153 4704 1321 4770 τοῖχοι
1346 4701 1402 4753 δὲ
1434 4700 1621 4771 μικροὶ
1651 4702 1746 4754 καὶ
1782 4700 1903 4770 μεί-

319 4799 446 4864 ζους
474 4797 574 4870 τὴν
593 4797 762 4867 αὐτὴν
791 4797 980 4866 χρείαν
1006 4794 1354 4865 παρέχονται.

402 4979 468 5032 Ἦ
492 4976 847 5048 οἱκονομοῢσα
873 4975 933 5028 τὸ
964 4973 1100 5040 ζῶον
1140 4975 1389 5044 δύναμις,
1425 4975 1755 5046 αὐτάρκειαν
1794 4973 1897 5045 μὲν

315 5069 414 5124 καὶ
451 5068 702 5139 λιτότητα
741 5067 939 5139 ῥᾳδίως
963 5067 1382 5136 κατειργάσατο,
1417 5068 1512 5118 καὶ
1551 5066 1795 5137 ᾡκείωσε
1820 5067 1896 5138 τῷ

315 5161 638 5232 τρεφομένῳ
660 5173 676 5191 °
698 5157 1045 5213 πολυτέλειαν
1073 5158 1129 5211 δὲ
1154 5158 1249 5212 καὶ
1298 5157 1567 5210 ποικιλίαν
1594 5157 1896 5231 βρωμάτων

315 5252 730 5324 παραλαϐοῦσα,
765 5247 884 5305 εἶτα
943 5252 1214 5321 ἀντισχεῖν
1274 5252 1409 5322 πρδς
1455 5250 1516 5303 τὸ
1574 5252 1749 5322 πέρας
1795 5254 1894 5306 οὐκ

314 5346 682 5416 ἐξαρκέσασα,
750 5344 820 5398 τά
901 5343 1118 5397 ποικίλα
1173 5343 1304 5414 γένη
1378 5343 1487 5397 τῶν
1571 5349 1893 5416 νοσημάτων

314 5439 340 5490 ἐ
352 5436 592 5509 ποίησεν.

1925 4461 1980 4522 D

2035 505 2329 560 runiarum
2357 509 2690 579 injuslarutn
2718 531 2842 570 cum
2872 519 3076 590 jurgio.
3105 537 3122 570 ι

2107 598 2275 656 l’rov.
2321 618 2455 667 :xxx,
2499 606 2553 659 8.
2584 635 2654 646 —-
2691 625 2708 658 ι
2749 607 2976 665 Divitias
3023 619 3078 666 et
3127 623 3510 682 paupertatem
3537 631 3608 672 ne

2032 690 2254 747 dederis
2315 695 2472 762 mihi,
2503 697 2598 752 sed
2659 702 2943 755 constitue
2976 702 3110 756 mihi
3141 719 3263 773 quae
3293 708 3608 762 necessaria

2032 793 2162 837 sunt
2214 791 2269 839 et
2299 786 2674 856 suﬂicientia;
2732 807 2801 846 ne
2862 791 3006 847 forte
3067 795 3318 860 satiatus,
3369 800 3607 854 mendax

2033 873 2178 938 liam,
2233 885 2288 930 et
2321 877 2500 932 dicam
2537 898 2550 933 :
2591 879 2726 946 Quis
2764 898 2850 938 me
2883 883 3072 937 videt?
3101 883 3164 939 Et
3180 897 3424 957 egestate
3449 904 3604 946 cum-

2030 965 2242 1033 pulsus,
2280 967 2451 1035 furer,
2481 981 2533 1024 et
2561 973 2793 1041 pejercm
2819 988 3019 1029 nomen
3056 973 3174 1031 Dei.
3227 995 3247 1027 ι

2097 1055 2257 1111 Prov.
2295 1075 2420 1123 xxv,
2482 1060 2570 1126 16,
2597 1061 2688 1116 27.
2723 1093 2795 1102 —
2824 1081 2842 1114 ι
2884 1062 2987 1118 Mel
3038 1065 3344 1134 reperiens,
3379 1067 3606 1123 comede

2025 1157 2296 1214 quantum
2355 1151 2492 1205 satis
2522 1159 2643 1216 est;
2681 1167 2749 1206 ne
2786 1151 2929 1208 forte
2988 1153 3250 1219 satiatus,
3274 1171 3496 1212 evomas
3534 1156 3605 1211 il-

2025 1236 2138 1290 lttd.
2169 1234 2468 1293 Comedere
2497 1242 2726 1295 multum
2766 1243 2941 1298 mellis
2973 1261 3078 1298 non
3108 1253 3193 1300 est
3221 1247 3447 1304 bonum.
3475 1265 3494 1298 ι

2086 1326 2262 1381 Eccle.
2282 1329 2474 1393 tv,6.—-
2496 1350 2514 1381 ‹
2540 1330 2823 1388 Meliorcst
2841 1334 3076 1404 pugillus
3096 1352 3238 1392 unus
3254 1352 3376 1392 cum
3392 1336 3604 1408 requie,

2023 1436 2186 1491 quam
2221 1422 2508 1492 plenitudo
2541 1426 2776 1480 duorum
2816 1429 3152 1498 pugillorum
3178 1445 3304 1484 cum
3333 1431 3540 1488 labore.
3580 1450 3598 1484 ι

2096 1512 2262 1567 Εεειὶ.
2326 1532 2412 1580 xL,
2477 1517 2564 1572 18.
2607 1535 2727 1570 -ι
2769 1517 2890 1574 Vita
2952 1520 3292 1578 sullicientire
3361 1523 3602 1594 operarii

2023 1604 2465 1660 conduleahitur.
2518 1624 2534 1657 ι

2098 1692 2269 1749 Eccli.
2324 1713 2478 1759 xxxi,
2512 1697 2603 1751 20.
2635 1729 2705 1737 —
2736 1719 2755 1752 ‹
2795 1698 3034 1758 Somnus
3065 1704 3321 1760 sanitatis
3372 1703 3426 1760 in
3462 1705 3602 1762 inte-

2023 1784 2170 1837 stino
2199 1800 2387 1853 parco.
2420 1807 2438 1838 ι

2094 1872 2287 1928 Matth.
2318 1893 2371 1942 ιι,
2398 1877 2452 1930 9.
2483 1907 2550 1916 —
2587 1898 2605 1930 ι
2641 1877 2823 1934 Nolite
2852 1881 3151 1951 possidere,
3176 1899 3355 1954 neque
3379 1899 3600 1951 aurum,

2025 1979 2200 2033 neque
2225 1976 2532 2036 argentum,
2575 1985 2752 2038 neque
2783 1971 3073 2040 pecuniam
3109 1971 3164 2026 in
3191 1973 3348 2028 zonis
3375 1973 3598 2036 vestris,

2023 2070 2131 2109 non
2193 2071 2378 2124 peram
2441 2059 2497 2112 in
2536 2060 2644 2127 via,
2681 2077 2862 2132 neque
2924 2064 3064 2118 duas
3123 2065 3366 2128 tunicas,
3424 2080 3602 2135 neque

2020 2145 2414 2212 calceamenta,
2473 2166 2652 2222 neque
2681 2153 2883 2224 virgas.
2919 2154 3123 2226 Dignus
3179 2163 3262 2212 est
3292 2156 3437 2211 enim
3471 2171 3602 2227 0pc-

2025 2237 2213 2291 rarius
2241 2239 2362 2293 ciho
2388 2254 2516 2294 suo.
2557 2259 2577 2293 ›
3371 2235 3386 2246 ’

2095 2328 2220 2382 Act.
2252 2343 2327 2392 tv,
2355 2329 2448 2383 52.
2478 2360 2544 2372 -
2586 2350 2603 2383 ι
2637 2330 3006 2388 Multitudinis
3041 2340 3223 2387 autem
3254 2333 3598 2389 credentium

2019 2428 2141 2470 erat
2167 2433 2264 2473 cor
2291 2434 2458 2472 unum
2484 2429 2539 2476 et
2563 2421 2748 2476 anima
2809 2438 2939 2489 una,
2967 2439 3069 2478 nec
3090 2424 3382 2493 quisquam
3407 2439 3598 2478 eorum

2019 2525 2144 2578 quae
2175 2509 2514 2578 possidebat,
2577 2513 2788 2581 aliquid
2837 2529 2998 2570 suum
3031 2531 3156 2572 esse
3193 2515 3410 2572 dicebat
3451 2532 3464 2569 :
3501 2514 3599 2570 sed

2021 2608 2179 2654 erant
2207 2600 2310 2654 illis
2346 2602 2529 2654 omnia
2561 2607 2898 2658 communia.
2933 2623 2951 2656 ι

2088 2691 2208 2747 Act.
2233 2707 2325 2756 xx,
2350 2692 2441 2746 55.
2474 2721 2544 2731 -—
2575 2711 2593 2744 ι
2620 2693 2948 2762 Argentum,
2975 2705 3028 2750 et
3059 2712 3282 2760 aurum,
3309 2706 3361 2753 et
3391 2709 3597 2754 vestem

2018 2784 2224 2839 nullius
2247 2783 2555 2853 concupivi.
2594 2783 2698 2855 Ipsi
2752 2787 2909 2841 scitis
2942 2789 3201 2856 quoniam
3264 2790 3330 2842 ad
3370 2803 3434 2844 ea
3473 2805 3596 2858 qua:

2018 2875 2148 2930 inibi
2213 2891 2350 2946 opus
2387 2884 2568 2938 erant,
2617 2885 2672 2932 et
2727 2878 2813 2933 bis
2851 2895 3064 2935 mecum
3099 2889 3278 2946 erant,
3312 2881 3595 2938 ministra-

2019 2979 2214 3020 verunt
2246 2982 2441 3021 manus
2478 2968 2618 3021 istae.
2653 2985 2670 3019 ι

2091 3057 2322 3128 Philipp.
2388 3076 2505 3124 vnn,
2543 3061 2626 3127 ll,
2689 3061 2871 3114 l2.-
2900 3081 2918 3114 ι
2963 3061 3073 3134 Ego
3123 3063 3271 3118 enim
3332 3063 3503 3120 didici
3537 3065 3594 3122 in

2013 3152 2213 3221 quibus
2241 3167 2387 3216 sum,
2417 3151 2696 3209 sulﬁciens
2722 3169 2866 3208 esse.
2905 3153 3033 3210 Scio
3056 3171 3157 3227 ego
3183 3167 3236 3211 et
3259 3156 3536 3212 humiliari
3573 3174 3590 3212 :

2011 3241 2129 3295 Scio
2185 3247 2241 3296 et
2267 3240 2554 3297 abundare
2601 3248 2617 3312 (
2655 3243 2858 3314 ubique
2895 3253 2950 3300 et
3008 3248 3269 3302 omnibus
3301 3247 3593 3305 institutus

2010 3329 2175 3400 sunt)
2209 3341 2264 3384 et
2288 3333 2505 3396 satiari,
2539 3341 2592 3387 et
2621 3337 2859 3400 esurire,
2907 3345 2961 3390 et
2996 3337 3300 3403 abundare,
3337 3346 3390 3394 et
3413 3355 3592 3410 penu-

2009 3421 2149 3474 riam
2179 3421 2314 3489 pati.
2342 3421 2541 3478 Omnia
2568 3438 2792 3492 possum
2827 3425 2883 3480 in
2918 3440 2986 3483 eo
3020 3426 3116 3497 qui
3154 3442 3241 3483 me
3290 3428 3588 3495 confortat,

2007 3510 2249 3566 Christo.
2285 3531 2304 3564 ι

2084 3605 2243 3660 Hebr.
2292 3622 2413 3673 xm,
2447 3607 2499 3662 5.
2532 3638 2602 3652 —-
2636 3627 2656 3660 ι
2720 3609 2979 3666 Contenti
3029 3611 3418 3681 praesentibus.
3466 3611 3591 3684 Ipse

2006 3697 2152 3752 enim
2186 3697 2322 3753 dixit
2347 3714 2360 3752 :
2399 3696 2518 3752 Non
2543 3707 2594 3754 te
2621 3698 2895 3763 deseram,
2923 3715 3021 3756 nec
3049 3709 3101 3757 te
3125 3703 3507 3772 derelinquam
3533 3724 3583 3759 ,ι

2083 3787 2114 3840 1
2155 3787 2290 3844 Tim.
2324 3806 2376 3856 ν,
2410 3787 2500 3845 25.
2533 3819 2604 3833 --
2635 3809 2655 3843 ι
2684 3789 2804 3846 Noli
2844 3806 3042 3862 aquam
3097 3792 3310 3858 bibere,
3346 3793 3443 3849 sed
3469 3809 3591 3850 mo-

2008 3879 2131 3935 dico
2153 3881 2284 3935 vino
2311 3890 2466 3936 utere
2511 3890 2735 3954 propter
2763 3885 3136 3950 stomachum,
3189 3892 3245 3941 et
3265 3884 3590 3956 frequentes

2009 3977 2134 4024 tuas
2175 3971 2574 4027 inﬁrmitates.»

2079 4059 2104 4112 1
2135 4060 2274 4114 Tim.
2311 4077 2382 4126 vi,
2408 4063 2462 4114 6.
2497 4090 2568 4099 —
2601 4077 2621 4112 ι
2668 4059 2768 4114 Est
2791 4067 2973 4115 autem
3021 4073 3258 4130 magnus
3313 4068 3586 4132 quaestus,

2007 4154 2182 4224 pietas
2196 4169 2321 4208 cum
2345 4151 2690 4208 sufﬁcientia.
2705 4152 2852 4206 Nihil
2878 4151 3164 4208 intulimus
3189 4154 3242 4208 in
3276 4154 3538 4209 mundum
3570 4172 3588 4220 ;

2008 4244 2151 4299 haud
2187 4244 2413 4299 dubium
2456 4242 2604 4313 quod
2672 4258 2777 4298 nec
2827 4244 3045 4298 auferre
3095 4245 3223 4313 quid
3264 4259 3586 4314 possumus.

2006 4335 2286 4391 Habentes
2341 4335 2508 4406 igitur
2536 4334 2798 4389 alimenta
2829 4341 2885 4390 et
2934 4333 3283 4399 vestimenta,
3323 4335 3410 4391 his
3446 4351 3583 4390 eon-

2008 4429 2143 4483 tenti
2179 4428 2372 4484 simus.
2408 4446 2428 4479 ι
3573 4479 3592 4486 κ

2077 4519 2248 4573 Basil.
2283 4517 2488 4572 —Non
2518 4532 2647 4590 opto
2679 4521 2833 4574 dives
2862 4516 3005 4584 ﬁeri,
3036 4532 3140 4572 nec
3169 4513 3584 4584 desidero,’sed

2006 4625 2178 4682 parvo
2199 4611 2401 4671 vivere,
2444 4612 2734 4666 nihilmali
2769 4611 3041 4664 tolerans.

2079 4699 2271 4773 Ejmd.
2342 4702 2504 4759 Orat.
2542 4704 2630 4758 ad.
2666 4703 2816 4760 dicit.
2843 4732 2913 4742 —
2943 4699 3050 4755 Fac
3089 4714 3348 4771 magnum
3378 4698 3589 4755 habeas

2006 4796 2272 4849 animum.
2329 4793 2572 4850 Parietes
2629 4807 2811 4851 autem
2841 4809 2938 4850 seu
2993 4793 3172 4864 parvi,
3225 4808 3322 4850 seu
3377 4794 3585 4866 magni,

2005 4885 2260 4942 eumdem
2289 4885 2492 4940 habent
2520 4901 2702 4941 usum.

2074 4975 2235 5046 365
2285 4975 2481 5043 Ejusd.
2522 4977 2712 5032 oral.l
2758 4975 2837 5030 De
2867 4975 3095 5044 jejunio.
3125 5004 3198 5018 —
3224 4973 3323 5030 Vis
3370 4988 3434 5030 ea
3475 4990 3584 5045 qua

2001 5067 2300 5123 animantis
2327 5068 2436 5122 vita
2467 5068 2843 5139 dispensatur,
2879 5067 3223 5123 moderatum
3259 5074 3315 5122 et
3355 5081 3582 5135 parcum

2003 5157 2186 5213 cibum
2221 5156 2383 5213 facile
2427 5157 2670 5224 conlicit,
2704 5165 2758 5213 et
2809 5157 2865 5211 in
2897 5155 3018 5225 ejus
3047 5153 3194 5225 quod
3221 5153 3408 5218 alitur,
3452 5151 3584 5206 sub-

2001 5252 2260 5306 stantiam
2293 5251 2479 5307 vertit.
2515 5249 2620 5306 Ubi
2659 5257 2842 5305 autem
2888 5247 3173 5320 profusam
3214 5254 3268 5301 et
3320 5243 3586 5314 multipli-

2003 5358 2120 5398 cem
2147 5343 2395 5398 cihorum
2428 5343 2645 5414 copiam
2685 5343 2922 5412 accepit,
2958 5355 3082 5396 cum
3128 5337 3364 5394 subinde
3407 5335 3582 5390 imbe-

2000 5435 2179 5490 eillior
2216 5436 2288 5490 sit
2317 5449 2480 5504 quam
2533 5441 2592 5489 ut
2629 5448 2750 5489 eam
2813 5434 2972 5503 plene
2999 5441 3346 5500 concoquere
3379 5425 3578 5488 valeat,

1996 5526 2148 5579 varia
2179 5527 2492 5581 morborum
2524 5541 2722 5597 genera
2751 5531 3020 5594 procreat.

1591 5614 1821 5670 VARIJE
1863 5620 1893 5672 ι.
1908 5617 2263 5673 ECTIONES.

386 5716 418 5756 ς
452 5704 644 5761 Billius
669 5705 762 5776 hic
791 5720 986 5776 versus
1023 5705 1217 5776 duosa
1253 5703 1457 5776 Solope
1484 5713 1745 5773 acceptos
1769 5707 1904 5762 dicit
1933 5725 1948 5774 ;
1993 5708 2047 5760 in
2091 5707 2232 5776 Rup.
2266 5707 2704 5774 veroinscriplio
2737 5705 3024 5775 fragmenti
3068 5704 3342 5776 tuaest:
3379 5699 3567 5757 Βασιλο

309 5779 388 5842 ὡς
413 5778 522 5835 άπὸ
545 5774 824 5846 Θεόγνιδος
853 5791 867 5806 ·
897 5775 1071 5831 Βαείί.
1105 5775 1241 5831 velut
1267 5791 1331 5829 ex

1422 5771 1670 5846 Iteoguide
1693 5794 1711 5832 :
1738 5786 1790 5833 ct
1824 5771 1969 5835 recte
2000 5771 2247 5848 quidem.
2285 5778 2417 5833 V‘idc
2454 5771 2653 5834 llomil.
2693 5777 2764 5833 De
2793 5771 2999 5847 legend.
3036 5774 3220 5845 gemit.
3254 5771 3349 5826 lib.
