  <div class='ocr_page' id='page_1' title='image "/cluster/home/n/w/nwhite01/storage/ocr_20150623/95:no.2/coo.31924054869999/617.png"; bbox 0 0 3986 6392; ppageno 0'>
   <div class='ocr_carea' id='block_1_1' title="bbox 434 313 574 376">
    <p class='ocr_par' dir='ltr' id='par_1_1' title="bbox 434 313 574 376">
     <span class='ocr_line' id='line_1_1' title="bbox 434 313 574 376; baseline 0 0"><span class='ocrx_word' id='word_1_1' title='bbox 434 313 574 376; x_wconf 70' lang='lat'><strong>1223</strong></span> 
     </span>
    </p>
   </div>
   <div class='ocr_carea' id='block_1_2' title="bbox 1609 291 2508 355">
    <p class='ocr_par' dir='ltr' id='par_1_2' title="bbox 1609 291 2508 355">
     <span class='ocr_line' id='line_1_2' title="bbox 1609 291 2508 355; baseline -0.003 0"><span class='ocrx_word' id='word_1_2' title='bbox 1609 296 1669 355; x_wconf 89' lang='lat' dir='ltr'><strong>S.</strong></span> <span class='ocrx_word' id='word_1_3' title='bbox 1708 293 2030 355; x_wconf 81' lang='lat' dir='ltr'><strong>JOANNIS</strong></span> <span class='ocrx_word' id='word_1_4' title='bbox 2070 291 2508 354; x_wconf 70' lang='grc' dir='ltr'><strong>οΑΜΑςρΕΜ</strong></span> 
     </span>
    </p>
   </div>
   <div class='ocr_carea' id='block_1_3' title="bbox 3572 297 3716 362">
    <p class='ocr_par' dir='ltr' id='par_1_3' title="bbox 3572 297 3716 362">
     <span class='ocr_line' id='line_1_3' title="bbox 3572 297 3716 362; baseline -0.021 0"><span class='ocrx_word' id='word_1_5' title='bbox 3572 297 3716 362; x_wconf 67' lang='grc'><strong>1221</strong></span> 
     </span>
    </p>
   </div>
   <div class='ocr_carea' id='block_1_4' title="bbox 501 410 2028 486">
    <p class='ocr_par' dir='ltr' id='par_1_4' title="bbox 501 410 2014 485">
     <span class='ocr_line' id='line_1_4' title="bbox 501 410 2014 485; baseline -0.017 0"><span class='ocrx_word' id='word_1_6' title='bbox 501 430 586 485; x_wconf 79' lang='lat' dir='ltr'><strong>Ex</strong></span> <span class='ocrx_word' id='word_1_7' title='bbox 613 441 804 484; x_wconf 83' lang='lat' dir='ltr'><strong>canon.</strong></span> <span class='ocrx_word' id='word_1_8' title='bbox 836 422 1021 478; x_wconf 79' lang='lat' dir='ltr'><strong>Const.</strong></span> <span class='ocrx_word' id='word_1_9' title='bbox 1051 448 1116 462; x_wconf 88' lang='lat'><strong>-</strong></span> <span class='ocrx_word' id='word_1_10' title='bbox 1143 417 1366 472; x_wconf 80' lang='lat' dir='ltr'><strong>Abusus</strong></span> <span class='ocrx_word' id='word_1_11' title='bbox 1397 421 1483 470; x_wconf 88' lang='lat' dir='ltr'><strong>est</strong></span> <span class='ocrx_word' id='word_1_12' title='bbox 1544 411 1690 466; x_wconf 79' lang='lat' dir='ltr'><strong>facta</strong></span> <span class='ocrx_word' id='word_1_13' title='bbox 1734 410 1878 463; x_wconf 87' lang='lat' dir='ltr'><strong>ultra</strong></span> <span class='ocrx_word' id='word_1_14' title='bbox 1921 422 2014 463; x_wconf 90' lang='lat' dir='ltr'><strong>ne-</strong></span> 
     </span>
    </p>
   </div>
   <div class='ocr_carea' id='block_1_5' title="bbox 2152 410 3714 486">
    <p class='ocr_par' dir='ltr' id='par_1_5' title="bbox 2195 411 3714 486">
     <span class='ocr_line' id='line_1_5' title="bbox 2195 411 3714 486; baseline 0.003 -23"><span class='ocrx_word' id='word_1_15' title='bbox 2195 411 2550 482; x_wconf 83' lang='grc' dir='ltr'>Παράχρησίς</span> <span class='ocrx_word' id='word_1_16' title='bbox 2601 412 2751 468; x_wconf 84' lang='grc' dir='ltr'>ἐστιν</span> <span class='ocrx_word' id='word_1_17' title='bbox 2784 413 2818 484; x_wconf 79' lang='grc' dir='ltr'>ἡ</span> <span class='ocrx_word' id='word_1_18' title='bbox 2855 411 2995 484; x_wconf 85' lang='grc' dir='ltr'>ὑπὲρ</span> <span class='ocrx_word' id='word_1_19' title='bbox 3054 412 3154 484; x_wconf 82' lang='grc' dir='ltr'>τὴν</span> <span class='ocrx_word' id='word_1_20' title='bbox 3216 413 3405 486; x_wconf 79' lang='grc' dir='ltr'>χρείαν</span> <span class='ocrx_word' id='word_1_21' title='bbox 3467 413 3714 485; x_wconf 80' lang='grc' dir='ltr'><strong>δαπάνη.</strong></span> 
     </span>
    </p>
   </div>
   <div class='ocr_carea' id='block_1_6' title="bbox 433 502 2016 584">
    <p class='ocr_par' dir='ltr' id='par_1_6' title="bbox 433 502 2016 584">
     <span class='ocr_line' id='line_1_6' title="bbox 433 502 2016 584; baseline -0.016 -6"><span class='ocrx_word' id='word_1_22' title='bbox 433 525 746 578; x_wconf 89' lang='lat' dir='ltr'><strong>cessitatem</strong></span> <span class='ocrx_word' id='word_1_23' title='bbox 784 520 1056 584; x_wconf 89' lang='lat' dir='ltr'><strong>impensa.</strong></span> <span class='ocrx_word' id='word_1_24' title='bbox 1110 508 1187 564; x_wconf 89' lang='lat' dir='ltr'><strong>Eo</strong></span> <span class='ocrx_word' id='word_1_25' title='bbox 1235 508 1470 564; x_wconf 88' lang='lat' dir='ltr'><strong>vestium</strong></span> <span class='ocrx_word' id='word_1_26' title='bbox 1533 521 1667 561; x_wconf 90' lang='lat' dir='ltr'><strong>usus</strong></span> <span class='ocrx_word' id='word_1_27' title='bbox 1723 502 1922 566; x_wconf 88' lang='lat' dir='ltr'><strong>tendit,</strong></span> <span class='ocrx_word' id='word_1_28' title='bbox 1954 508 2016 554; x_wconf 91' lang='lat' dir='ltr'><strong>ut</strong></span> 
     </span>
    </p>
   </div>
   <div class='ocr_carea' id='block_1_7' title="bbox 2114 499 3718 584">
    <p class='ocr_par' dir='ltr' id='par_1_7' title="bbox 2114 499 3718 584">
     <span class='ocr_line' id='line_1_7' title="bbox 2114 499 3718 584; baseline 0.002 -28"><span class='ocrx_word' id='word_1_29' title='bbox 2114 503 2334 584; x_wconf 83' lang='grc' dir='ltr'><strong>¹Σκοπὸς</strong></span> <span class='ocrx_word' id='word_1_30' title='bbox 2383 503 2609 575; x_wconf 83' lang='grc' dir='ltr'>ἐσθῆτος</span> <span class='ocrx_word' id='word_1_31' title='bbox 2661 505 2743 568; x_wconf 78' lang='grc' dir='ltr'>εἰς</span> <span class='ocrx_word' id='word_1_32' title='bbox 2797 503 3062 576; x_wconf 83' lang='grc' dir='ltr'><strong>κάλυμμα</strong></span> <span class='ocrx_word' id='word_1_33' title='bbox 3123 499 3264 559; x_wconf 77' lang='grc' dir='ltr'>εῖναι</span> <span class='ocrx_word' id='word_1_34' title='bbox 3329 507 3532 578; x_wconf 74' lang='grc' dir='ltr'>σαρκὸς</span> <span class='ocrx_word' id='word_1_35' title='bbox 3571 507 3718 578; x_wconf 64' lang='grc' dir='ltr'>πρὸς</span> 
     </span>
    </p>
   </div>
   <div class='ocr_carea' id='block_1_8' title="bbox 433 590 2028 680">
    <p class='ocr_par' dir='ltr' id='par_1_8' title="bbox 433 590 2016 680">
     <span class='ocr_line' id='line_1_8' title="bbox 433 590 2016 680; baseline -0.015 -10"><span class='ocrx_word' id='word_1_36' title='bbox 433 628 655 670; x_wconf 89' lang='lat' dir='ltr'><strong>carnem</strong></span> <span class='ocrx_word' id='word_1_37' title='bbox 679 614 946 680; x_wconf 87' lang='lat' dir='ltr'><strong>quantum</strong></span> <span class='ocrx_word' id='word_1_38' title='bbox 977 601 1047 657; x_wconf 88' lang='lat' dir='ltr'><strong>ad</strong></span> <span class='ocrx_word' id='word_1_39' title='bbox 1085 598 1377 670; x_wconf 79' lang='lat' dir='ltr'><strong>frigoriset</strong></span> <span class='ocrx_word' id='word_1_40' title='bbox 1403 604 1572 652; x_wconf 65' lang='lat' dir='ltr'><strong>aastus</strong></span> <span class='ocrx_word' id='word_1_41' title='bbox 1595 593 1826 663; x_wconf 83' lang='lat' dir='ltr'><strong>injurias</strong></span> <span class='ocrx_word' id='word_1_42' title='bbox 1881 590 2016 646; x_wconf 87' lang='lat' dir='ltr'><strong>satis</strong></span> 
     </span>
    </p>
   </div>
   <div class='ocr_carea' id='block_1_9' title="bbox 2152 590 3718 680">
    <p class='ocr_par' dir='ltr' id='par_1_9' title="bbox 2152 595 3718 670">
     <span class='ocr_line' id='line_1_9' title="bbox 2152 595 3718 670; baseline 0.003 -22"><span class='ocrx_word' id='word_1_43' title='bbox 2152 596 2368 667; x_wconf 50' lang='grc' dir='ltr'>μειμῶνα</span> <span class='ocrx_word' id='word_1_44' title='bbox 2398 597 2493 648; x_wconf 76' lang='grc' dir='ltr'>καὶ</span> <span class='ocrx_word' id='word_1_45' title='bbox 2519 595 2676 666; x_wconf 80' lang='grc' dir='ltr'><strong>θέρος</strong></span> <span class='ocrx_word' id='word_1_46' title='bbox 2700 595 2992 668; x_wconf 77' lang='grc' dir='ltr'>αὔταρκες.</span> <span class='ocrx_word' id='word_1_47' title='bbox 3040 597 3456 670; x_wconf 83' lang='grc' dir='ltr'>Ἀκτημοσύνην</span> <span class='ocrx_word' id='word_1_48' title='bbox 3487 600 3718 670; x_wconf 86' lang='grc' dir='ltr'>ἐκείνην</span> 
     </span>
    </p>
   </div>
   <div class='ocr_carea' id='block_1_10' title="bbox 436 682 2016 773">
    <p class='ocr_par' dir='ltr' id='par_1_10' title="bbox 436 682 2016 773">
     <span class='ocr_line' id='line_1_10' title="bbox 436 682 2016 773; baseline -0.015 -12"><span class='ocrx_word' id='word_1_49' title='bbox 436 710 528 773; x_wconf 86' lang='lat' dir='ltr'><strong>sit,</strong></span> <span class='ocrx_word' id='word_1_50' title='bbox 551 687 906 770; x_wconf 64' lang='lat' dir='ltr'><strong>~obtegamus.</strong></span> <span class='ocrx_word' id='word_1_51' title='bbox 965 693 1129 750; x_wconf 87' lang='lat' dir='ltr'><strong>llunc</strong></span> <span class='ocrx_word' id='word_1_52' title='bbox 1172 706 1302 746; x_wconf 89' lang='lat' dir='ltr'><strong>vero</strong></span> <span class='ocrx_word' id='word_1_53' title='bbox 1354 695 1626 757; x_wconf 73' lang='lat' dir='ltr'><strong>susceptae</strong></span> <span class='ocrx_word' id='word_1_54' title='bbox 1675 682 2016 755; x_wconf 78' lang='lat' dir='ltr'><strong>paupertatis</strong></span> 
     </span>
    </p>
   </div>
   <div class='ocr_carea' id='block_1_11' title="bbox 429 774 2017 857">
    <p class='ocr_par' dir='ltr' id='par_1_11' title="bbox 429 774 2017 857">
     <span class='ocr_line' id='line_1_11' title="bbox 429 774 2017 857; baseline -0.015 -5"><span class='ocrx_word' id='word_1_55' title='bbox 429 797 660 852; x_wconf 88' lang='lat' dir='ltr'><strong>modum</strong></span> <span class='ocrx_word' id='word_1_56' title='bbox 692 791 958 846; x_wconf 88' lang='lat' dir='ltr'><strong>Dominus</strong></span> <span class='ocrx_word' id='word_1_57' title='bbox 997 782 1360 857; x_wconf 68' lang='lat' dir='ltr'><strong>prmscripsit,</strong></span> <span class='ocrx_word' id='word_1_58' title='bbox 1414 791 1472 836; x_wconf 84' lang='lat' dir='ltr'><strong>ut</strong></span> <span class='ocrx_word' id='word_1_59' title='bbox 1513 779 1581 833; x_wconf 90' lang='lat' dir='ltr'><strong>ad</strong></span> <span class='ocrx_word' id='word_1_60' title='bbox 1618 778 1834 832; x_wconf 85' lang='lat' dir='ltr'><strong>unicam</strong></span> <span class='ocrx_word' id='word_1_61' title='bbox 1867 774 2017 830; x_wconf 84' lang='lat' dir='ltr'><strong>tuni-</strong></span> 
     </span>
    </p>
   </div>
   <div class='ocr_carea' id='block_1_12' title="bbox 436 877 1615 953">
    <p class='ocr_par' dir='ltr' id='par_1_12' title="bbox 436 877 1615 953">
     <span class='ocr_line' id='line_1_12' title="bbox 436 877 1615 953; baseline -0.017 -7"><span class='ocrx_word' id='word_1_62' title='bbox 436 905 554 946; x_wconf 90' lang='lat' dir='ltr'><strong>eam</strong></span> <span class='ocrx_word' id='word_1_63' title='bbox 581 901 776 943; x_wconf 90' lang='lat' dir='ltr'><strong>omnes</strong></span> <span class='ocrx_word' id='word_1_64' title='bbox 809 883 1081 953; x_wconf 82' lang='lat' dir='ltr'><strong>cujusque</strong></span> <span class='ocrx_word' id='word_1_65' title='bbox 1107 894 1240 949; x_wconf 90' lang='lat' dir='ltr'><strong>opes</strong></span> <span class='ocrx_word' id='word_1_66' title='bbox 1273 877 1615 946; x_wconf 86' lang='lat' dir='ltr'><strong>redigantur.</strong></span> 
     </span>
    </p>
   </div>
   <div class='ocr_carea' id='block_1_13' title="bbox 506 958 2020 1038">
    <p class='ocr_par' dir='ltr' id='par_1_13' title="bbox 506 958 2020 1038">
     <span class='ocr_line' id='line_1_13' title="bbox 506 958 2020 1038; baseline -0.015 -2"><span class='ocrx_word' id='word_1_67' title='bbox 506 982 650 1038; x_wconf 82' lang='lat' dir='ltr'><strong>Naz.</strong></span> <span class='ocrx_word' id='word_1_68' title='bbox 694 980 851 1036; x_wconf 83' lang='lat' dir='ltr'><strong><em>Orat.</em></strong></span> <span class='ocrx_word' id='word_1_69' title='bbox 880 977 1001 1030; x_wconf 87' lang='lat' dir='ltr'><strong>adv.</strong></span> <span class='ocrx_word' id='word_1_70' title='bbox 1037 972 1224 1026; x_wconf 80' lang='lat' dir='ltr'><strong>Arian.</strong></span> <span class='ocrx_word' id='word_1_71' title='bbox 1274 998 1343 1009; x_wconf 89' lang='lat'><strong>——</strong></span> <span class='ocrx_word' id='word_1_72' title='bbox 1397 965 1543 1020; x_wconf 84' lang='lat' dir='ltr'><strong>Nihil</strong></span> <span class='ocrx_word' id='word_1_73' title='bbox 1591 978 1658 1018; x_wconf 79' lang='lat' dir='ltr'><strong>ex</strong></span> <span class='ocrx_word' id='word_1_74' title='bbox 1706 961 1815 1016; x_wconf 85' lang='lat' dir='ltr'><strong>illis</strong></span> <span class='ocrx_word' id='word_1_75' title='bbox 1858 958 2020 1014; x_wconf 79' lang='lat' dir='ltr'><strong>rebus</strong></span> 
     </span>
    </p>
   </div>
   <div class='ocr_carea' id='block_1_14' title="bbox 431 1053 2021 1144">
    <p class='ocr_par' dir='ltr' id='par_1_14' title="bbox 431 1053 2021 1144">
     <span class='ocr_line' id='line_1_14' title="bbox 431 1053 2021 1144; baseline -0.016 -10"><span class='ocrx_word' id='word_1_76' title='bbox 431 1082 744 1141; x_wconf 78' lang='lat' dir='ltr'><strong>laudamus,</strong></span> <span class='ocrx_word' id='word_1_77' title='bbox 775 1089 897 1144; x_wconf 85' lang='lat' dir='ltr'><strong>quae</strong></span> <span class='ocrx_word' id='word_1_78' title='bbox 927 1076 1218 1141; x_wconf 87' lang='lat' dir='ltr'><strong>postquam</strong></span> <span class='ocrx_word' id='word_1_79' title='bbox 1239 1067 1294 1121; x_wconf 93' lang='lat' dir='ltr'><strong>in</strong></span> <span class='ocrx_word' id='word_1_80' title='bbox 1319 1063 1508 1118; x_wconf 82' lang='lat' dir='ltr'><strong>fauces</strong></span> <span class='ocrx_word' id='word_1_81' title='bbox 1538 1057 1882 1114; x_wconf 71' lang='lat' dir='ltr'><strong>transmissa:</strong></span> <span class='ocrx_word' id='word_1_82' title='bbox 1906 1053 2021 1109; x_wconf 84' lang='lat' dir='ltr'><strong>fue-</strong></span> 
     </span>
    </p>
   </div>
   <div class='ocr_carea' id='block_1_15' title="bbox 435 1145 2023 1240">
    <p class='ocr_par' dir='ltr' id='par_1_15' title="bbox 435 1145 2023 1240">
     <span class='ocr_line' id='line_1_15' title="bbox 435 1145 2023 1240; baseline -0.017 -13"><span class='ocrx_word' id='word_1_83' title='bbox 435 1180 588 1236; x_wconf 87' lang='lat' dir='ltr'><strong>runt,</strong></span> <span class='ocrx_word' id='word_1_84' title='bbox 618 1169 738 1240; x_wconf 91' lang='lat' dir='ltr'><strong>pari</strong></span> <span class='ocrx_word' id='word_1_85' title='bbox 775 1167 1038 1234; x_wconf 85' lang='lat' dir='ltr'><strong>deinceps</strong></span> <span class='ocrx_word' id='word_1_86' title='bbox 1067 1161 1278 1215; x_wconf 85' lang='lat' dir='ltr'><strong>honore</strong></span> <span class='ocrx_word' id='word_1_87' title='bbox 1323 1162 1476 1220; x_wconf 89' lang='lat' dir='ltr'><strong>sunt,</strong></span> <span class='ocrx_word' id='word_1_88' title='bbox 1521 1154 1632 1208; x_wconf 90' lang='lat' dir='ltr'><strong>imo</strong></span> <span class='ocrx_word' id='word_1_89' title='bbox 1671 1148 1856 1220; x_wconf 86' lang='lat' dir='ltr'><strong>potius</strong></span> <span class='ocrx_word' id='word_1_90' title='bbox 1885 1145 2023 1200; x_wconf 84' lang='lat' dir='ltr'><strong>viles</strong></span> 
     </span>
    </p>
   </div>
   <div class='ocr_carea' id='block_1_16' title="bbox 437 1248 2024 1334">
    <p class='ocr_par' dir='ltr' id='par_1_16' title="bbox 437 1248 2024 1334">
     <span class='ocr_line' id='line_1_16' title="bbox 437 1248 2024 1334; baseline -0.018 -13"><span class='ocrx_word' id='word_1_91' title='bbox 437 1277 491 1321; x_wconf 88' lang='lat' dir='ltr'><strong>et</strong></span> <span class='ocrx_word' id='word_1_92' title='bbox 521 1262 830 1334; x_wconf 81' lang='lat' dir='ltr'><strong>ejiciendae.</strong></span> <span class='ocrx_word' id='word_1_93' title='bbox 870 1258 1077 1313; x_wconf 82' lang='lat' dir='ltr'><strong>Verum</strong></span> <span class='ocrx_word' id='word_1_94' title='bbox 1133 1250 1462 1324; x_wconf 86' lang='lat' dir='ltr'><strong>simpliciter</strong></span> <span class='ocrx_word' id='word_1_95' title='bbox 1519 1248 1656 1302; x_wconf 89' lang='lat' dir='ltr'><strong>adeo</strong></span> <span class='ocrx_word' id='word_1_96' title='bbox 1697 1249 1752 1298; x_wconf 91' lang='lat' dir='ltr'><strong>et</strong></span> <span class='ocrx_word' id='word_1_97' title='bbox 1785 1256 1850 1298; x_wconf 83' lang='lat' dir='ltr'><strong>ex</strong></span> <span class='ocrx_word' id='word_1_98' title='bbox 1888 1249 2024 1295; x_wconf 90' lang='lat' dir='ltr'><strong>tem-</strong></span> 
     </span>
    </p>
   </div>
   <div class='ocr_carea' id='block_1_17' title="bbox 435 1332 2026 1427">
    <p class='ocr_par' dir='ltr' id='par_1_17' title="bbox 435 1332 2026 1427">
     <span class='ocr_line' id='line_1_17' title="bbox 435 1332 2026 1427; baseline -0.018 -17"><span class='ocrx_word' id='word_1_99' title='bbox 435 1332 570 1427; x_wconf 82' lang='lat' dir='ltr'><strong>pore</strong></span> <span class='ocrx_word' id='word_1_100' title='bbox 599 1356 858 1416; x_wconf 81' lang='lat' dir='ltr'><strong>vivimus,</strong></span> <span class='ocrx_word' id='word_1_101' title='bbox 887 1360 945 1405; x_wconf 91' lang='lat' dir='ltr'><strong>ut</strong></span> <span class='ocrx_word' id='word_1_102' title='bbox 976 1361 1173 1420; x_wconf 88' lang='lat' dir='ltr'><strong>parum</strong></span> <span class='ocrx_word' id='word_1_103' title='bbox 1202 1345 1345 1399; x_wconf 90' lang='lat' dir='ltr'><strong>inter</strong></span> <span class='ocrx_word' id='word_1_104' title='bbox 1378 1355 1482 1397; x_wconf 91' lang='lat' dir='ltr'><strong>nos</strong></span> <span class='ocrx_word' id='word_1_105' title='bbox 1521 1347 1574 1394; x_wconf 90' lang='lat' dir='ltr'><strong>et</strong></span> <span class='ocrx_word' id='word_1_106' title='bbox 1613 1334 1820 1392; x_wconf 81' lang='lat' dir='ltr'><strong>bestias</strong></span> <span class='ocrx_word' id='word_1_107' title='bbox 1854 1332 2026 1386; x_wconf 88' lang='lat' dir='ltr'><strong>inter-</strong></span> 
     </span>
    </p>
   </div>
   <div class='ocr_carea' id='block_1_18' title="bbox 439 1422 2024 1517">
    <p class='ocr_par' dir='ltr' id='par_1_18' title="bbox 439 1422 2024 1517">
     <span class='ocr_line' id='line_1_18' title="bbox 439 1422 2024 1517; baseline -0.019 -14"><span class='ocrx_word' id='word_1_108' title='bbox 439 1422 532 1512; x_wconf 75' lang='lat' dir='ltr'><strong>sit,</strong></span> <span class='ocrx_word' id='word_1_109' title='bbox 565 1446 766 1517; x_wconf 85' lang='lat' dir='ltr'><strong>quibus</strong></span> <span class='ocrx_word' id='word_1_110' title='bbox 799 1442 956 1497; x_wconf 88' lang='lat' dir='ltr'><strong>nullo</strong></span> <span class='ocrx_word' id='word_1_111' title='bbox 992 1436 1176 1503; x_wconf 84' lang='lat' dir='ltr'><strong>modo,</strong></span> <span class='ocrx_word' id='word_1_112' title='bbox 1210 1433 1431 1490; x_wconf 89' lang='lat' dir='ltr'><strong>nullave</strong></span> <span class='ocrx_word' id='word_1_113' title='bbox 1456 1437 1572 1485; x_wconf 82' lang='lat' dir='ltr'><strong>arte</strong></span> <span class='ocrx_word' id='word_1_114' title='bbox 1596 1434 1818 1497; x_wconf 84' lang='lat' dir='ltr'><strong>paratus</strong></span> <span class='ocrx_word' id='word_1_115' title='bbox 1845 1422 2024 1476; x_wconf 84' lang='lat' dir='ltr'><strong>victus</strong></span> 
     </span>
    </p>
   </div>
   <div class='ocr_carea' id='block_1_19' title="bbox 437 1546 544 1594">
    <p class='ocr_par' dir='ltr' id='par_1_19' title="bbox 437 1546 544 1594">
     <span class='ocr_line' id='line_1_19' title="bbox 437 1546 544 1594; baseline -0.019 0"><span class='ocrx_word' id='word_1_116' title='bbox 437 1546 544 1594; x_wconf 88' lang='lat' dir='ltr'><strong>est.</strong></span> 
     </span>
    </p>
   </div>
   <div class='ocr_carea' id='block_1_20' title="bbox 1046 1617 1405 1672">
    <p class='ocr_par' dir='ltr' id='par_1_20' title="bbox 1046 1617 1405 1672">
     <span class='ocr_line' id='line_1_20' title="bbox 1046 1617 1405 1672; baseline -0.008 0"><span class='ocrx_word' id='word_1_117' title='bbox 1046 1617 1130 1672; x_wconf 76' lang='lat' dir='ltr'><strong>Ea;</strong></span> <span class='ocrx_word' id='word_1_118' title='bbox 1176 1623 1405 1671; x_wconf 74' lang='lat' dir='ltr'><strong>seutent.</strong></span> 
     </span>
    </p>
   </div>
   <div class='ocr_carea' id='block_1_21' title="bbox 507 1701 1854 1786">
    <p class='ocr_par' dir='ltr' id='par_1_21' title="bbox 507 1701 1854 1786">
     <span class='ocr_line' id='line_1_21' title="bbox 507 1701 1854 1786; baseline -0.013 -10"><span class='ocrx_word' id='word_1_119' title='bbox 507 1722 743 1776; x_wconf 81' lang='lat' dir='ltr'><strong>Honesta</strong></span> <span class='ocrx_word' id='word_1_120' title='bbox 768 1721 1050 1786; x_wconf 82' lang='lat' dir='ltr'><strong>paupertas</strong></span> <span class='ocrx_word' id='word_1_121' title='bbox 1077 1709 1317 1786; x_wconf 55' lang='lat' dir='ltr'><strong>omnibus</strong></span> <span class='ocrx_word' id='word_1_122' title='bbox 1349 1705 1546 1786; x_wconf 56' lang='lat' dir='ltr'><strong>opibus</strong></span> <span class='ocrx_word' id='word_1_123' title='bbox 1567 1701 1854 1758; x_wconf 72' lang='lat' dir='ltr'><strong>antecellit.</strong></span> 
     </span>
    </p>
   </div>
   <div class='ocr_carea' id='block_1_22' title="bbox 507 1777 1763 1856">
    <p class='ocr_par' dir='ltr' id='par_1_22' title="bbox 507 1777 1763 1856">
     <span class='ocr_line' id='line_1_22' title="bbox 507 1777 1763 1856; baseline -0.015 -11"><span class='ocrx_word' id='word_1_124' title='bbox 507 1789 679 1845; x_wconf 85' lang='lat' dir='ltr'><strong>Grave</strong></span> <span class='ocrx_word' id='word_1_125' title='bbox 700 1777 778 1842; x_wconf 74' lang='lat' dir='ltr'><strong>est</strong></span> <span class='ocrx_word' id='word_1_126' title='bbox 799 1777 945 1856; x_wconf 76' lang='lat' dir='ltr'><strong>egere</strong></span> <span class='ocrx_word' id='word_1_127' title='bbox 971 1798 987 1836; x_wconf 92' lang='lat'><strong><em>:</em></strong></span> <span class='ocrx_word' id='word_1_128' title='bbox 1013 1790 1066 1836; x_wconf 90' lang='lat' dir='ltr'><strong>at</strong></span> <span class='ocrx_word' id='word_1_129' title='bbox 1090 1781 1302 1850; x_wconf 77' lang='lat' dir='ltr'><strong>gravius</strong></span> <span class='ocrx_word' id='word_1_130' title='bbox 1333 1777 1471 1832; x_wconf 82' lang='lat' dir='ltr'><strong>male</strong></span> <span class='ocrx_word' id='word_1_131' title='bbox 1492 1777 1763 1830; x_wconf 79' lang='lat' dir='ltr'><strong>ditescere.</strong></span> 
     </span>
    </p>
   </div>
   <div class='ocr_carea' id='block_1_23' title="bbox 504 1883 2025 1974">
    <p class='ocr_par' dir='ltr' id='par_1_23' title="bbox 504 1883 2025 1974">
     <span class='ocr_line' id='line_1_23' title="bbox 504 1883 2025 1974; baseline -0.014 -15"><span class='ocrx_word' id='word_1_132' title='bbox 504 1906 666 1974; x_wconf 84' lang='lat' dir='ltr'><strong>Nyss.</strong></span> <span class='ocrx_word' id='word_1_133' title='bbox 701 1917 857 1955; x_wconf 79' lang='lat' dir='ltr'><strong>serm.</strong></span> <span class='ocrx_word' id='word_1_134' title='bbox 893 1899 928 1952; x_wconf 82' lang='lat'><strong>&#39;5</strong></span> <span class='ocrx_word' id='word_1_135' title='bbox 957 1897 1007 1951; x_wconf 88' lang='lat' dir='ltr'><strong>in</strong></span> <span class='ocrx_word' id='word_1_136' title='bbox 1045 1894 1200 1949; x_wconf 85' lang='lat' dir='ltr'><strong>Orat.</strong></span> <span class='ocrx_word' id='word_1_137' title='bbox 1241 1892 1393 1948; x_wconf 91' lang='lat' dir='ltr'><strong>Dom.</strong></span> <span class='ocrx_word' id='word_1_138' title='bbox 1424 1920 1495 1930; x_wconf 91' lang='lat'>—</span> <span class='ocrx_word' id='word_1_139' title='bbox 1525 1885 1878 1946; x_wconf 86' lang='lat' dir='ltr'><strong>Condimenti</strong></span> <span class='ocrx_word' id='word_1_140' title='bbox 1903 1883 2025 1938; x_wconf 86' lang='lat' dir='ltr'><strong>loco</strong></span> 
     </span>
    </p>
   </div>
   <div class='ocr_carea' id='block_1_24' title="bbox 431 1979 2026 2053">
    <p class='ocr_par' dir='ltr' id='par_1_24' title="bbox 431 1979 2026 2053">
     <span class='ocr_line' id='line_1_24' title="bbox 431 1979 2026 2053; baseline -0.013 -2"><span class='ocrx_word' id='word_1_141' title='bbox 431 1997 533 2051; x_wconf 84' lang='lat' dir='ltr'><strong>tibi</strong></span> <span class='ocrx_word' id='word_1_142' title='bbox 563 1997 634 2050; x_wconf 89' lang='lat' dir='ltr'><strong>sit</strong></span> <span class='ocrx_word' id='word_1_143' title='bbox 668 1993 904 2053; x_wconf 89' lang='lat' dir='ltr'><strong>esuries,</strong></span> <span class='ocrx_word' id='word_1_144' title='bbox 960 1996 1021 2042; x_wconf 90' lang='lat' dir='ltr'><strong>ut</strong></span> <span class='ocrx_word' id='word_1_145' title='bbox 1065 2002 1164 2042; x_wconf 92' lang='lat' dir='ltr'><strong>nec</strong></span> <span class='ocrx_word' id='word_1_146' title='bbox 1205 1984 1556 2042; x_wconf 84' lang='lat' dir='ltr'><strong>saturitatem</strong></span> <span class='ocrx_word' id='word_1_147' title='bbox 1601 1979 1834 2051; x_wconf 85' lang='lat' dir='ltr'><strong>adjicias</strong></span> <span class='ocrx_word' id='word_1_148' title='bbox 1872 1987 2026 2033; x_wconf 85' lang='lat' dir='ltr'><strong>satu-</strong></span> 
     </span>
    </p>
   </div>
   <div class='ocr_carea' id='block_1_25' title="bbox 438 2075 1671 2152">
    <p class='ocr_par' dir='ltr' id='par_1_25' title="bbox 438 2075 1671 2152">
     <span class='ocr_line' id='line_1_25' title="bbox 438 2075 1671 2152; baseline -0.013 -10"><span class='ocrx_word' id='word_1_149' title='bbox 438 2087 610 2148; x_wconf 88' lang='lat' dir='ltr'><strong>ritati,</strong></span> <span class='ocrx_word' id='word_1_150' title='bbox 638 2099 740 2140; x_wconf 90' lang='lat' dir='ltr'><strong>nec</strong></span> <span class='ocrx_word' id='word_1_151' title='bbox 775 2082 1000 2152; x_wconf 81' lang='lat' dir='ltr'><strong>crapula</strong></span> <span class='ocrx_word' id='word_1_152' title='bbox 1031 2076 1310 2135; x_wconf 86' lang='lat' dir='ltr'><strong>obtundas</strong></span> <span class='ocrx_word' id='word_1_153' title='bbox 1341 2075 1671 2146; x_wconf 88' lang='lat' dir='ltr'><strong>appetitum.</strong></span> 
     </span>
    </p>
   </div>
   <div class='ocr_carea' id='block_1_26' title="bbox 511 2156 2030 2238">
    <p class='ocr_par' dir='ltr' id='par_1_26' title="bbox 511 2156 2030 2238">
     <span class='ocr_line' id='line_1_26' title="bbox 511 2156 2030 2238; baseline -0.013 -8"><span class='ocrx_word' id='word_1_154' title='bbox 511 2173 655 2230; x_wconf 84' lang='lat' dir='ltr'><strong>Ibid.</strong></span> <span class='ocrx_word' id='word_1_155' title='bbox 685 2171 882 2238; x_wconf 89' lang='lat' dir='ltr'><strong>-—Qui</strong></span> <span class='ocrx_word' id='word_1_156' title='bbox 925 2169 1071 2224; x_wconf 90' lang='lat' dir='ltr'><strong>diem</strong></span> <span class='ocrx_word' id='word_1_157' title='bbox 1123 2166 1222 2221; x_wconf 89' lang='lat' dir='ltr'><strong>tibi</strong></span> <span class='ocrx_word' id='word_1_158' title='bbox 1266 2163 1380 2232; x_wconf 89' lang='lat' dir='ltr'><strong>dat,</strong></span> <span class='ocrx_word' id='word_1_159' title='bbox 1418 2178 1482 2220; x_wconf 87' lang='lat' dir='ltr'><strong>ea</strong></span> <span class='ocrx_word' id='word_1_160' title='bbox 1531 2175 1752 2233; x_wconf 89' lang='lat' dir='ltr'><strong>quoque</strong></span> <span class='ocrx_word' id='word_1_161' title='bbox 1799 2173 1922 2230; x_wconf 67' lang='lat' dir='ltr'><strong>qua:</strong></span> <span class='ocrx_word' id='word_1_162' title='bbox 1972 2156 2030 2210; x_wconf 87' lang='lat' dir='ltr'><strong>in</strong></span> 
     </span>
    </p>
   </div>
   <div class='ocr_carea' id='block_1_27' title="bbox 437 2261 1152 2335">
    <p class='ocr_par' dir='ltr' id='par_1_27' title="bbox 437 2261 1152 2335">
     <span class='ocr_line' id='line_1_27' title="bbox 437 2261 1152 2335; baseline -0.015 -13"><span class='ocrx_word' id='word_1_163' title='bbox 437 2269 584 2324; x_wconf 91' lang='lat' dir='ltr'><strong>diem</strong></span> <span class='ocrx_word' id='word_1_164' title='bbox 619 2280 761 2335; x_wconf 92' lang='lat' dir='ltr'><strong>opus</strong></span> <span class='ocrx_word' id='word_1_165' title='bbox 795 2270 948 2328; x_wconf 88' lang='lat' dir='ltr'><strong>sunt,</strong></span> <span class='ocrx_word' id='word_1_166' title='bbox 977 2261 1152 2316; x_wconf 84' lang='lat' dir='ltr'><strong>dabit.</strong></span> 
     </span>
    </p>
   </div>
   <div class='ocr_carea' id='block_1_28' title="bbox 509 2343 2032 2429">
    <p class='ocr_par' dir='ltr' id='par_1_28' title="bbox 509 2343 2032 2429">
     <span class='ocr_line' id='line_1_28' title="bbox 509 2343 2032 2429; baseline -0.014 -14"><span class='ocrx_word' id='word_1_167' title='bbox 509 2361 790 2429; x_wconf 75' lang='lat' dir='ltr'><strong>Cltrysost.</strong></span> <span class='ocrx_word' id='word_1_168' title='bbox 822 2385 893 2396; x_wconf 90' lang='lat'><strong>——</strong></span> <span class='ocrx_word' id='word_1_169' title='bbox 918 2355 1101 2409; x_wconf 86' lang='lat' dir='ltr'><strong>Pauca</strong></span> <span class='ocrx_word' id='word_1_170' title='bbox 1134 2357 1279 2406; x_wconf 91' lang='lat' dir='ltr'><strong>recte</strong></span> <span class='ocrx_word' id='word_1_171' title='bbox 1312 2348 1516 2402; x_wconf 88' lang='lat' dir='ltr'><strong>habere</strong></span> <span class='ocrx_word' id='word_1_172' title='bbox 1555 2343 1727 2398; x_wconf 89' lang='lat' dir='ltr'><strong>multo</strong></span> <span class='ocrx_word' id='word_1_173' title='bbox 1760 2350 2032 2412; x_wconf 64' lang='lat' dir='ltr'><strong>praestan-</strong></span> 
     </span>
    </p>
   </div>
   <div class='ocr_carea' id='block_1_29' title="bbox 439 2433 2035 2520">
    <p class='ocr_par' dir='ltr' id='par_1_29' title="bbox 439 2433 2035 2520">
     <span class='ocr_line' id='line_1_29' title="bbox 439 2433 2035 2520; baseline -0.012 -14"><span class='ocrx_word' id='word_1_174' title='bbox 439 2452 570 2514; x_wconf 92' lang='lat' dir='ltr'><strong>tius,</strong></span> <span class='ocrx_word' id='word_1_175' title='bbox 600 2464 762 2520; x_wconf 88' lang='lat' dir='ltr'><strong>quam</strong></span> <span class='ocrx_word' id='word_1_176' title='bbox 792 2447 963 2502; x_wconf 89' lang='lat' dir='ltr'><strong>multa</strong></span> <span class='ocrx_word' id='word_1_177' title='bbox 993 2444 1281 2499; x_wconf 85' lang='lat' dir='ltr'><strong>scelerate.</strong></span> <span class='ocrx_word' id='word_1_178' title='bbox 1327 2437 1636 2508; x_wconf 87' lang='lat' dir='ltr'><strong>Frugalitas</strong></span> <span class='ocrx_word' id='word_1_179' title='bbox 1666 2433 1886 2490; x_wconf 76' lang='lat' dir='ltr'><strong>assidue</strong></span> <span class='ocrx_word' id='word_1_180' title='bbox 1914 2447 2035 2488; x_wconf 88' lang='lat' dir='ltr'><strong>ver-</strong></span> 
     </span>
    </p>
   </div>
   <div class='ocr_carea' id='block_1_30' title="bbox 441 2523 2034 2607">
    <p class='ocr_par' dir='ltr' id='par_1_30' title="bbox 441 2523 2034 2607">
     <span class='ocr_line' id='line_1_30' title="bbox 441 2523 2034 2607; baseline -0.011 -12"><span class='ocrx_word' id='word_1_181' title='bbox 441 2548 556 2596; x_wconf 88' lang='lat' dir='ltr'><strong>sata</strong></span> <span class='ocrx_word' id='word_1_182' title='bbox 581 2582 596 2606; x_wconf 91' lang='lat'><strong>,</strong></span> <span class='ocrx_word' id='word_1_183' title='bbox 633 2539 724 2593; x_wconf 89' lang='lat' dir='ltr'><strong>ubi</strong></span> <span class='ocrx_word' id='word_1_184' title='bbox 765 2537 982 2607; x_wconf 84' lang='lat' dir='ltr'><strong>longius</strong></span> <span class='ocrx_word' id='word_1_185' title='bbox 1023 2530 1377 2604; x_wconf 85' lang='lat' dir='ltr'><strong>processerit,</strong></span> <span class='ocrx_word' id='word_1_186' title='bbox 1424 2526 1668 2585; x_wconf 89' lang='lat' dir='ltr'><strong>libidinis</strong></span> <span class='ocrx_word' id='word_1_187' title='bbox 1708 2523 2034 2595; x_wconf 80' lang='lat' dir='ltr'><strong>disciplinas</strong></span> 
     </span>
    </p>
   </div>
   <div class='ocr_carea' id='block_1_31' title="bbox 438 2631 602 2686">
    <p class='ocr_par' dir='ltr' id='par_1_31' title="bbox 438 2631 602 2686">
     <span class='ocr_line' id='line_1_31' title="bbox 438 2631 602 2686; baseline 0 -1"><span class='ocrx_word' id='word_1_188' title='bbox 438 2631 602 2686; x_wconf 85' lang='lat' dir='ltr'><strong>delet.</strong></span> 
     </span>
    </p>
   </div>
   <div class='ocr_carea' id='block_1_32' title="bbox 512 2707 2033 2782">
    <p class='ocr_par' dir='ltr' id='par_1_32' title="bbox 512 2707 2033 2782">
     <span class='ocr_line' id='line_1_32' title="bbox 512 2707 2033 2782; baseline -0.009 -9"><span class='ocrx_word' id='word_1_189' title='bbox 512 2719 650 2774; x_wconf 78' lang='lat' dir='ltr'><strong>Nili.</strong></span> <span class='ocrx_word' id='word_1_190' title='bbox 697 2745 769 2760; x_wconf 89' lang='lat'><strong>--</strong></span> <span class='ocrx_word' id='word_1_191' title='bbox 801 2715 955 2774; x_wconf 90' lang='lat' dir='ltr'><strong>Cibis</strong></span> <span class='ocrx_word' id='word_1_192' title='bbox 1015 2723 1172 2772; x_wconf 91' lang='lat' dir='ltr'><strong>utere</strong></span> <span class='ocrx_word' id='word_1_193' title='bbox 1224 2727 1336 2768; x_wconf 86' lang='lat' dir='ltr'><strong>non</strong></span> <span class='ocrx_word' id='word_1_194' title='bbox 1386 2719 1501 2766; x_wconf 93' lang='lat' dir='ltr'><strong>tam</strong></span> <span class='ocrx_word' id='word_1_195' title='bbox 1553 2707 1820 2782; x_wconf 73' lang='lat' dir='ltr'><strong>iucundis</strong></span> <span class='ocrx_word' id='word_1_196' title='bbox 1867 2720 2033 2778; x_wconf 87' lang='lat' dir='ltr'><strong>quam</strong></span> 
     </span>
    </p>
   </div>
   <div class='ocr_carea' id='block_1_33' title="bbox 439 2813 689 2867">
    <p class='ocr_par' dir='ltr' id='par_1_33' title="bbox 439 2813 689 2867">
     <span class='ocr_line' id='line_1_33' title="bbox 439 2813 689 2867; baseline -0.004 0"><span class='ocrx_word' id='word_1_197' title='bbox 439 2813 689 2867; x_wconf 83' lang='lat' dir='ltr'><strong>utilibus.</strong></span> 
     </span>
    </p>
   </div>
   <div class='ocr_carea' id='block_1_34' title="bbox 510 2892 2034 2976">
    <p class='ocr_par' dir='ltr' id='par_1_34' title="bbox 510 2892 2034 2976">
     <span class='ocr_line' id='line_1_34' title="bbox 510 2892 2034 2976; baseline -0.01 -15"><span class='ocrx_word' id='word_1_198' title='bbox 510 2904 749 2976; x_wconf 77' lang='lat' dir='ltr'><strong>Evagrii.</strong></span> <span class='ocrx_word' id='word_1_199' title='bbox 773 2932 845 2942; x_wconf 89' lang='lat'><strong>——</strong></span> <span class='ocrx_word' id='word_1_200' title='bbox 865 2900 962 2956; x_wconf 82' lang='lat' dir='ltr'><strong>Vir</strong></span> <span class='ocrx_word' id='word_1_201' title='bbox 989 2897 1273 2955; x_wconf 89' lang='lat' dir='ltr'><strong>studiosus</strong></span> <span class='ocrx_word' id='word_1_202' title='bbox 1296 2895 1517 2950; x_wconf 86' lang='lat' dir='ltr'><strong>virtutis</strong></span> <span class='ocrx_word' id='word_1_203' title='bbox 1539 2894 1732 2964; x_wconf 88' lang='lat' dir='ltr'><strong>paucis</strong></span> <span class='ocrx_word' id='word_1_204' title='bbox 1757 2892 2034 2962; x_wconf 80' lang='lat' dir='ltr'><strong>indigens,</strong></span> 
     </span>
    </p>
   </div>
   <div class='ocr_carea' id='block_1_35' title="bbox 441 2989 2039 3054">
    <p class='ocr_par' dir='ltr' id='par_1_35' title="bbox 441 2989 2039 3054">
     <span class='ocr_line' id='line_1_35' title="bbox 441 2989 2039 3054; baseline -0.01 0"><span class='ocrx_word' id='word_1_205' title='bbox 441 3001 497 3054; x_wconf 90' lang='lat' dir='ltr'><strong>in</strong></span> <span class='ocrx_word' id='word_1_206' title='bbox 538 2996 782 3053; x_wconf 89' lang='lat' dir='ltr'><strong>conﬁnio</strong></span> <span class='ocrx_word' id='word_1_207' title='bbox 827 2993 1084 3049; x_wconf 82' lang='lat' dir='ltr'><strong>mortalis</strong></span> <span class='ocrx_word' id='word_1_208' title='bbox 1114 3001 1169 3047; x_wconf 90' lang='lat' dir='ltr'><strong>et</strong></span> <span class='ocrx_word' id='word_1_209' title='bbox 1199 2989 1528 3046; x_wconf 88' lang='lat' dir='ltr'><strong>immortalis</strong></span> <span class='ocrx_word' id='word_1_210' title='bbox 1572 2995 1782 3042; x_wconf 66' lang='lat' dir='ltr'><strong>natura:</strong></span> <span class='ocrx_word' id='word_1_211' title='bbox 1812 2994 1932 3053; x_wconf 87' lang='lat' dir='ltr'><strong>est;</strong></span> <span class='ocrx_word' id='word_1_212' title='bbox 1981 2993 2039 3039; x_wconf 90' lang='lat' dir='ltr'><strong>ut</strong></span> 
     </span>
    </p>
   </div>
   <div class='ocr_carea' id='block_1_36' title="bbox 441 3079 2036 3162">
    <p class='ocr_par' dir='ltr' id='par_1_36' title="bbox 441 3079 2036 3162">
     <span class='ocr_line' id='line_1_36' title="bbox 441 3079 2036 3162; baseline -0.009 -14"><span class='ocrx_word' id='word_1_213' title='bbox 441 3107 621 3162; x_wconf 90' lang='lat' dir='ltr'><strong>neque</strong></span> <span class='ocrx_word' id='word_1_214' title='bbox 673 3090 746 3144; x_wconf 90' lang='lat' dir='ltr'><strong>ob</strong></span> <span class='ocrx_word' id='word_1_215' title='bbox 808 3087 1047 3142; x_wconf 83' lang='lat' dir='ltr'><strong>mortale</strong></span> <span class='ocrx_word' id='word_1_216' title='bbox 1107 3099 1318 3155; x_wconf 86' lang='lat' dir='ltr'><strong>corpus</strong></span> <span class='ocrx_word' id='word_1_217' title='bbox 1370 3089 1570 3153; x_wconf 87' lang='lat' dir='ltr'><strong>egeat,</strong></span> <span class='ocrx_word' id='word_1_218' title='bbox 1621 3095 1797 3151; x_wconf 89' lang='lat' dir='ltr'><strong>neque</strong></span> <span class='ocrx_word' id='word_1_219' title='bbox 1847 3079 2036 3134; x_wconf 89' lang='lat' dir='ltr'><strong>multis</strong></span> 
     </span>
    </p>
   </div>
   <div class='ocr_carea' id='block_1_37' title="bbox 439 3170 2037 3251">
    <p class='ocr_par' dir='ltr' id='par_1_37' title="bbox 439 3170 2037 3251">
     <span class='ocr_line' id='line_1_37' title="bbox 439 3170 2037 3251; baseline -0.008 -15"><span class='ocrx_word' id='word_1_220' title='bbox 439 3196 580 3251; x_wconf 87' lang='lat' dir='ltr'><strong>opus</strong></span> <span class='ocrx_word' id='word_1_221' title='bbox 618 3179 818 3234; x_wconf 84' lang='lat' dir='ltr'><strong>habeat</strong></span> <span class='ocrx_word' id='word_1_222' title='bbox 846 3185 1070 3247; x_wconf 87' lang='lat' dir='ltr'><strong>propter</strong></span> <span class='ocrx_word' id='word_1_223' title='bbox 1099 3175 1343 3230; x_wconf 90' lang='lat' dir='ltr'><strong>animum</strong></span> <span class='ocrx_word' id='word_1_224' title='bbox 1397 3170 1831 3228; x_wconf 87' lang='lat' dir='ltr'><strong>immortalitatis</strong></span> <span class='ocrx_word' id='word_1_225' title='bbox 1882 3170 2037 3241; x_wconf 87' lang='lat' dir='ltr'><strong>cupi-</strong></span> 
     </span>
    </p>
   </div>
   <div class='ocr_carea' id='block_1_38' title="bbox 440 3275 596 3330">
    <p class='ocr_par' dir='ltr' id='par_1_38' title="bbox 440 3275 596 3330">
     <span class='ocr_line' id='line_1_38' title="bbox 440 3275 596 3330; baseline -0.006 0"><span class='ocrx_word' id='word_1_226' title='bbox 440 3275 596 3330; x_wconf 89' lang='lat' dir='ltr'><strong>dum.</strong></span> 
     </span>
    </p>
   </div>
   <div class='ocr_carea' id='block_1_39' title="bbox 441 3401 2033 3486">
    <p class='ocr_par' dir='ltr' id='par_1_39' title="bbox 441 3401 2033 3486">
     <span class='ocr_line' id='line_1_39' title="bbox 441 3401 2033 3486; baseline -0.006 -21"><span class='ocrx_word' id='word_1_227' title='bbox 441 3409 576 3466; x_wconf 85' lang='lat' dir='ltr'><strong>TlT.</strong></span> <span class='ocrx_word' id='word_1_228' title='bbox 623 3408 937 3486; x_wconf 51' lang='lat' dir='ltr'><strong>XXWk—</strong></span> <span class='ocrx_word' id='word_1_229' title='bbox 973 3407 1050 3462; x_wconf 82' lang='lat' dir='ltr'><strong>De</strong></span> <span class='ocrx_word' id='word_1_230' title='bbox 1079 3406 1382 3486; x_wconf 64' lang='lat' dir='ltr'><strong>deceptione</strong></span> <span class='ocrx_word' id='word_1_231' title='bbox 1419 3411 1572 3486; x_wconf 47' lang='lat' dir='ltr'><strong>certo.</strong></span> <span class='ocrx_word' id='word_1_232' title='bbox 1590 3401 1816 3486; x_wconf 76' lang='lat' dir='ltr'><strong>consilio</strong></span> <span class='ocrx_word' id='word_1_233' title='bbox 1838 3401 1984 3483; x_wconf 70' lang='lat' dir='ltr'><strong>facta</strong></span> <span class='ocrx_word' id='word_1_234' title='bbox 2016 3420 2033 3456; x_wconf 92' lang='lat'><strong><em>:</em></strong></span> 
     </span>
    </p>
   </div>
   <div class='ocr_carea' id='block_1_40' title="bbox 508 3473 2035 3551">
    <p class='ocr_par' dir='ltr' id='par_1_40' title="bbox 508 3473 2035 3551">
     <span class='ocr_line' id='line_1_40' title="bbox 508 3473 2035 3551; baseline -0.005 -16"><span class='ocrx_word' id='word_1_235' title='bbox 508 3482 750 3551; x_wconf 83' lang='lat' dir='ltr'><strong>quodque</strong></span> <span class='ocrx_word' id='word_1_236' title='bbox 793 3473 876 3546; x_wconf 72' lang='lat' dir='ltr'><strong>eti,</strong></span> <span class='ocrx_word' id='word_1_237' title='bbox 917 3495 1036 3533; x_wconf 88' lang='lat' dir='ltr'><strong>cum</strong></span> <span class='ocrx_word' id='word_1_238' title='bbox 1066 3473 1399 3540; x_wconf 21' lang='lat' dir='ltr'><strong>dolo’caret,</strong></span> <span class='ocrx_word' id='word_1_239' title='bbox 1445 3473 1654 3528; x_wconf 86' lang='lat' dir='ltr'><strong>laudem</strong></span> <span class='ocrx_word' id='word_1_240' title='bbox 1696 3473 1904 3527; x_wconf 85' lang='lat' dir='ltr'><strong>auctori</strong></span> <span class='ocrx_word' id='word_1_241' title='bbox 1939 3489 2035 3527; x_wconf 77' lang='lat' dir='ltr'><strong>sua</strong></span> 
     </span>
    </p>
   </div>
   <div class='ocr_carea' id='block_1_41' title="bbox 509 3552 778 3606">
    <p class='ocr_par' dir='ltr' id='par_1_41' title="bbox 509 3552 778 3606">
     <span class='ocr_line' id='line_1_41' title="bbox 509 3552 778 3606; baseline 0.004 -1"><span class='ocrx_word' id='word_1_242' title='bbox 509 3552 778 3606; x_wconf 80' lang='lat' dir='ltr'><strong>conciliet.</strong></span> 
     </span>
    </p>
   </div>
   <div class='ocr_carea' id='block_1_42' title="bbox 511 3653 2036 3726">
    <p class='ocr_par' dir='ltr' id='par_1_42' title="bbox 511 3653 2036 3726">
     <span class='ocr_line' id='line_1_42' title="bbox 511 3653 2036 3726; baseline -0.007 -6"><span class='ocrx_word' id='word_1_243' title='bbox 511 3664 644 3720; x_wconf 81' lang='lat' dir='ltr'><strong>Gen.</strong></span> <span class='ocrx_word' id='word_1_244' title='bbox 690 3679 862 3726; x_wconf 77' lang='lat' dir='ltr'><strong>xxvii,</strong></span> <span class='ocrx_word' id='word_1_245' title='bbox 905 3661 1054 3717; x_wconf 71' lang='lat'><strong>6-17.</strong></span> <span class='ocrx_word' id='word_1_246' title='bbox 1087 3692 1156 3703; x_wconf 94' lang='lat'><strong>—</strong></span> <span class='ocrx_word' id='word_1_247' title='bbox 1194 3678 1213 3711; x_wconf 83' lang='grc'>‹</span> <span class='ocrx_word' id='word_1_248' title='bbox 1257 3659 1404 3713; x_wconf 76' lang='lat' dir='ltr'><strong>Dixit</strong></span> <span class='ocrx_word' id='word_1_249' title='bbox 1459 3657 1709 3712; x_wconf 75' lang='lat' dir='ltr'><strong>Rebecca</strong></span> <span class='ocrx_word' id='word_1_250' title='bbox 1748 3655 1817 3710; x_wconf 89' lang='lat' dir='ltr'><strong>ad</strong></span> <span class='ocrx_word' id='word_1_251' title='bbox 1863 3653 2036 3710; x_wconf 87' lang='lat' dir='ltr'><strong>Jacob</strong></span> 
     </span>
    </p>
   </div>
   <div class='ocr_carea' id='block_1_43' title="bbox 442 3751 2033 3824">
    <p class='ocr_par' dir='ltr' id='par_1_43' title="bbox 442 3751 2033 3824">
     <span class='ocr_line' id='line_1_43' title="bbox 442 3751 2033 3824; baseline -0.007 -13"><span class='ocrx_word' id='word_1_252' title='bbox 442 3755 615 3811; x_wconf 88' lang='lat' dir='ltr'><strong>ﬁlium</strong></span> <span class='ocrx_word' id='word_1_253' title='bbox 639 3771 799 3811; x_wconf 90' lang='lat' dir='ltr'><strong>suum</strong></span> <span class='ocrx_word' id='word_1_254' title='bbox 836 3755 1162 3824; x_wconf 84' lang='lat' dir='ltr'><strong>juniorem:</strong></span> <span class='ocrx_word' id='word_1_255' title='bbox 1199 3751 1340 3807; x_wconf 88' lang='lat' dir='ltr'><strong>Ecce</strong></span> <span class='ocrx_word' id='word_1_256' title='bbox 1381 3751 1565 3805; x_wconf 85' lang='lat' dir='ltr'><strong>audivi</strong></span> <span class='ocrx_word' id='word_1_257' title='bbox 1617 3758 1828 3819; x_wconf 89' lang='lat' dir='ltr'><strong>patrem</strong></span> <span class='ocrx_word' id='word_1_258' title='bbox 1879 3755 2033 3801; x_wconf 93' lang='lat' dir='ltr'><strong>tuum</strong></span> 
     </span>
    </p>
   </div>
   <div class='ocr_carea' id='block_1_44' title="bbox 444 3841 2030 3918">
    <p class='ocr_par' dir='ltr' id='par_1_44' title="bbox 444 3841 2030 3918">
     <span class='ocr_line' id='line_1_44' title="bbox 444 3841 2030 3918; baseline -0.006 -16"><span class='ocrx_word' id='word_1_259' title='bbox 444 3849 761 3918; x_wconf 87' lang='lat' dir='ltr'><strong>loquentem</strong></span> <span class='ocrx_word' id='word_1_260' title='bbox 798 3848 866 3901; x_wconf 89' lang='lat' dir='ltr'><strong>ad</strong></span> <span class='ocrx_word' id='word_1_261' title='bbox 902 3845 1048 3902; x_wconf 89' lang='lat' dir='ltr'><strong>Esau</strong></span> <span class='ocrx_word' id='word_1_262' title='bbox 1090 3844 1314 3899; x_wconf 82' lang='lat' dir='ltr'><strong>fratrem</strong></span> <span class='ocrx_word' id='word_1_263' title='bbox 1348 3851 1528 3906; x_wconf 91' lang='lat' dir='ltr'><strong>tuum,</strong></span> <span class='ocrx_word' id='word_1_264' title='bbox 1553 3851 1607 3898; x_wconf 91' lang='lat' dir='ltr'><strong>et</strong></span> <span class='ocrx_word' id='word_1_265' title='bbox 1630 3841 1907 3896; x_wconf 90' lang='lat' dir='ltr'><strong>dicentem</strong></span> <span class='ocrx_word' id='word_1_266' title='bbox 1938 3841 1985 3894; x_wconf 92' lang='lat' dir='ltr'><strong>ei</strong></span> <span class='ocrx_word' id='word_1_267' title='bbox 2018 3860 2030 3893; x_wconf 92' lang='lat'>:</span> 
     </span>
    </p>
   </div>
   <div class='ocr_carea' id='block_1_45' title="bbox 443 3933 2036 4002">
    <p class='ocr_par' dir='ltr' id='par_1_45' title="bbox 443 3933 2036 4002">
     <span class='ocr_line' id='line_1_45' title="bbox 443 3933 2036 4002; baseline -0.006 -5"><span class='ocrx_word' id='word_1_268' title='bbox 443 3941 595 3997; x_wconf 78' lang='lat' dir='ltr'><strong>Aﬁ‘er</strong></span> <span class='ocrx_word' id='word_1_269' title='bbox 612 3940 745 3995; x_wconf 89' lang='lat' dir='ltr'><strong>mihi</strong></span> <span class='ocrx_word' id='word_1_270' title='bbox 771 3939 1138 4002; x_wconf 87' lang='lat' dir='ltr'><strong>venationem,</strong></span> <span class='ocrx_word' id='word_1_271' title='bbox 1185 3945 1240 3992; x_wconf 91' lang='lat' dir='ltr'><strong>et</strong></span> <span class='ocrx_word' id='word_1_272' title='bbox 1275 3935 1359 3990; x_wconf 84' lang='lat' dir='ltr'><strong>fac</strong></span> <span class='ocrx_word' id='word_1_273' title='bbox 1385 3934 1518 3989; x_wconf 90' lang='lat' dir='ltr'><strong>mihi</strong></span> <span class='ocrx_word' id='word_1_274' title='bbox 1552 3933 1764 4000; x_wconf 89' lang='lat' dir='ltr'><strong>edulia;</strong></span> <span class='ocrx_word' id='word_1_275' title='bbox 1796 3941 1850 3988; x_wconf 89' lang='lat' dir='ltr'><strong>et</strong></span> <span class='ocrx_word' id='word_1_276' title='bbox 1877 3947 2036 3987; x_wconf 80' lang='lat' dir='ltr'><strong>man-</strong></span> 
     </span>
    </p>
   </div>
   <div class='ocr_carea' id='block_1_46' title="bbox 2124 684 3720 762">
    <p class='ocr_par' dir='ltr' id='par_1_46' title="bbox 2124 684 3720 762">
     <span class='ocr_line' id='line_1_46' title="bbox 2124 684 3720 762; baseline 0.003 -24"><span class='ocrx_word' id='word_1_277' title='bbox 2124 686 2228 756; x_wconf 76' lang='grc' dir='ltr'><strong>ἔφη</strong></span> <span class='ocrx_word' id='word_1_278' title='bbox 2258 688 2286 738; x_wconf 86' lang='grc' dir='ltr'>ὁ</span> <span class='ocrx_word' id='word_1_279' title='bbox 2323 687 2528 758; x_wconf 85' lang='grc' dir='ltr'>Κύριος</span> <span class='ocrx_word' id='word_1_280' title='bbox 2550 686 2612 739; x_wconf 81' lang='grc' dir='ltr'>τὸ</span> <span class='ocrx_word' id='word_1_281' title='bbox 2641 685 2838 756; x_wconf 79' lang='grc' dir='ltr'>μέτρον</span> <span class='ocrx_word' id='word_1_282' title='bbox 2870 684 3031 750; x_wconf 75' lang='grc' dir='ltr'>εἶναι,</span> <span class='ocrx_word' id='word_1_283' title='bbox 3058 686 3203 741; x_wconf 82' lang='grc' dir='ltr'>ὥστε</span> <span class='ocrx_word' id='word_1_284' title='bbox 3233 689 3315 751; x_wconf 82' lang='grc' dir='ltr'><strong>εἰς</strong></span> <span class='ocrx_word' id='word_1_285' title='bbox 3348 689 3441 743; x_wconf 82' lang='grc' dir='ltr'>τὸν</span> <span class='ocrx_word' id='word_1_286' title='bbox 3481 689 3720 762; x_wconf 76' lang='grc' dir='ltr'>ἔσχατον</span> 
     </span>
    </p>
   </div>
   <div class='ocr_carea' id='block_1_47' title="bbox 2124 779 3543 853">
    <p class='ocr_par' dir='ltr' id='par_1_47' title="bbox 2124 779 3543 853">
     <span class='ocr_line' id='line_1_47' title="bbox 2124 779 3543 853; baseline 0.002 -19"><span class='ocrx_word' id='word_1_287' title='bbox 2124 779 2325 852; x_wconf 81' lang='grc' dir='ltr'>χιτῶνα</span> <span class='ocrx_word' id='word_1_288' title='bbox 2357 779 2525 835; x_wconf 82' lang='grc' dir='ltr'>αὑτοῦ</span> <span class='ocrx_word' id='word_1_289' title='bbox 2551 780 2782 835; x_wconf 84' lang='grc' dir='ltr'>ἐκαστον</span> <span class='ocrx_word' id='word_1_290' title='bbox 2812 782 3165 853; x_wconf 77' lang='grc' dir='ltr'><strong>περιεστάναι</strong></span> <span class='ocrx_word' id='word_1_291' title='bbox 3193 783 3294 853; x_wconf 78' lang='grc' dir='ltr'>τὴν</span> <span class='ocrx_word' id='word_1_292' title='bbox 3327 781 3543 853; x_wconf 83' lang='grc' dir='ltr'>κτῆσιν.</span> 
     </span>
    </p>
   </div>
   <div class='ocr_carea' id='block_1_48' title="bbox 2199 958 3725 1032">
    <p class='ocr_par' dir='ltr' id='par_1_48' title="bbox 2199 958 3725 1032">
     <span class='ocr_line' id='line_1_48' title="bbox 2199 958 3725 1032; baseline -0.001 -18"><span class='ocrx_word' id='word_1_293' title='bbox 2199 961 2313 1014; x_wconf 82' lang='grc' dir='ltr'>Οὐκ</span> <span class='ocrx_word' id='word_1_294' title='bbox 2362 959 2696 1030; x_wconf 81' lang='grc' dir='ltr'>ἐπαινοῦμέν</span> <span class='ocrx_word' id='word_1_295' title='bbox 2736 977 2790 1014; x_wconf 87' lang='grc' dir='ltr'><strong>τι</strong></span> <span class='ocrx_word' id='word_1_296' title='bbox 2829 958 2936 1014; x_wconf 85' lang='grc' dir='ltr'><strong>τῶν</strong></span> <span class='ocrx_word' id='word_1_297' title='bbox 2985 959 3126 1030; x_wconf 82' lang='grc' dir='ltr'>μετὰ</span> <span class='ocrx_word' id='word_1_298' title='bbox 3169 961 3260 1014; x_wconf 80' lang='grc' dir='ltr'>τὸν</span> <span class='ocrx_word' id='word_1_299' title='bbox 3297 959 3493 1031; x_wconf 84' lang='grc' dir='ltr'>λαιμὸν</span> <span class='ocrx_word' id='word_1_300' title='bbox 3525 959 3725 1032; x_wconf 75' lang='grc' dir='ltr'>ὁμοτί-</span> 
     </span>
    </p>
   </div>
   <div class='ocr_carea' id='block_1_49' title="bbox 2133 1051 3725 1136">
    <p class='ocr_par' dir='ltr' id='par_1_49' title="bbox 2133 1051 3725 1136">
     <span class='ocr_line' id='line_1_49' title="bbox 2133 1051 3725 1136; baseline -0.001 -29"><span class='ocrx_word' id='word_1_301' title='bbox 2133 1072 2271 1125; x_wconf 87' lang='grc' dir='ltr'>μων,</span> <span class='ocrx_word' id='word_1_302' title='bbox 2301 1052 2502 1124; x_wconf 80' lang='grc' dir='ltr'>μᾶλλον</span> <span class='ocrx_word' id='word_1_303' title='bbox 2522 1052 2580 1106; x_wconf 82' lang='grc' dir='ltr'>δὲ</span> <span class='ocrx_word' id='word_1_304' title='bbox 2607 1051 2841 1136; x_wconf 48' lang='grc' dir='ltr'>ἀετίμων,</span> <span class='ocrx_word' id='word_1_305' title='bbox 2873 1053 3075 1122; x_wconf 85' lang='grc' dir='ltr'>ὁμοίως</span> <span class='ocrx_word' id='word_1_306' title='bbox 3095 1053 3188 1106; x_wconf 71' lang='grc' dir='ltr'>καὶ</span> <span class='ocrx_word' id='word_1_307' title='bbox 3209 1051 3556 1124; x_wconf 77' lang='grc' dir='ltr'>άποϐλήτωνο</span> <span class='ocrx_word' id='word_1_308' title='bbox 3574 1051 3725 1107; x_wconf 78' lang='grc' dir='ltr'>ἀλλὰ</span> 
     </span>
    </p>
   </div>
   <div class='ocr_carea' id='block_1_50' title="bbox 2129 1139 3725 1216">
    <p class='ocr_par' dir='ltr' id='par_1_50' title="bbox 2129 1139 3725 1216">
     <span class='ocr_line' id='line_1_50' title="bbox 2129 1139 3725 1216; baseline -0.004 -17"><span class='ocrx_word' id='word_1_309' title='bbox 2129 1145 2311 1216; x_wconf 83' lang='grc' dir='ltr'><strong>ζῶμεν</strong></span> <span class='ocrx_word' id='word_1_310' title='bbox 2344 1143 2518 1207; x_wconf 77' lang='grc' dir='ltr'>οὕτως</span> <span class='ocrx_word' id='word_1_311' title='bbox 2549 1141 2736 1206; x_wconf 83' lang='grc' dir='ltr'>ἁπλῶς</span> <span class='ocrx_word' id='word_1_312' title='bbox 2767 1143 2860 1196; x_wconf 76' lang='grc' dir='ltr'>καὶ</span> <span class='ocrx_word' id='word_1_313' title='bbox 2893 1142 3140 1213; x_wconf 85' lang='grc' dir='ltr'>σχεδίως,</span> <span class='ocrx_word' id='word_1_314' title='bbox 3168 1143 3262 1196; x_wconf 79' lang='grc' dir='ltr'>καὶ</span> <span class='ocrx_word' id='word_1_315' title='bbox 3303 1141 3499 1214; x_wconf 84' lang='grc' dir='ltr'>μικρόν</span> <span class='ocrx_word' id='word_1_316' title='bbox 3521 1158 3576 1195; x_wconf 86' lang='grc' dir='ltr'><strong>τι</strong></span> <span class='ocrx_word' id='word_1_317' title='bbox 3604 1139 3725 1194; x_wconf 85' lang='grc' dir='ltr'><strong>τῶν</strong></span> 
     </span>
    </p>
   </div>
   <div class='ocr_carea' id='block_1_51' title="bbox 2129 1231 3727 1309">
    <p class='ocr_par' dir='ltr' id='par_1_51' title="bbox 2129 1231 3727 1309">
     <span class='ocr_line' id='line_1_51' title="bbox 2129 1231 3727 1309; baseline -0.003 -18"><span class='ocrx_word' id='word_1_318' title='bbox 2129 1237 2355 1309; x_wconf 83' lang='grc' dir='ltr'>θηρίων,</span> <span class='ocrx_word' id='word_1_319' title='bbox 2381 1231 2462 1302; x_wconf 71' lang='grc' dir='ltr'>οἷς</span> <span class='ocrx_word' id='word_1_320' title='bbox 2501 1238 2530 1291; x_wconf 84' lang='grc' dir='ltr'>ὁ</span> <span class='ocrx_word' id='word_1_321' title='bbox 2571 1235 2684 1306; x_wconf 82' lang='grc' dir='ltr'>βίος</span> <span class='ocrx_word' id='word_1_322' title='bbox 2729 1235 2963 1300; x_wconf 76' lang='grc' dir='ltr'>ἄσκευος</span> <span class='ocrx_word' id='word_1_323' title='bbox 2996 1235 3090 1288; x_wconf 69' lang='grc' dir='ltr'>καὶ</span> <span class='ocrx_word' id='word_1_324' title='bbox 3116 1235 3555 1307; x_wconf 73' lang='grc' dir='ltr'>άνεπιτήδευτος,</span> <span class='ocrx_word' id='word_1_325' title='bbox 3595 1232 3727 1288; x_wconf 86' lang='grc' dir='ltr'>δια·-</span> 
     </span>
    </p>
   </div>
   <div class='ocr_carea' id='block_1_52' title="bbox 2131 1332 2407 1404">
    <p class='ocr_par' dir='ltr' id='par_1_52' title="bbox 2131 1332 2407 1404">
     <span class='ocr_line' id='line_1_52' title="bbox 2131 1332 2407 1404; baseline -0.004 -19"><span class='ocrx_word' id='word_1_326' title='bbox 2131 1332 2407 1404; x_wconf 81' lang='grc' dir='ltr'>φέροντες.</span> 
     </span>
    </p>
   </div>
   <div class='ocr_carea' id='block_1_53' title="bbox 2207 1687 3726 1764">
    <p class='ocr_par' dir='ltr' id='par_1_53' title="bbox 2207 1687 3726 1764">
     <span class='ocr_line' id='line_1_53' title="bbox 2207 1687 3726 1764; baseline -0.005 -14"><span class='ocrx_word' id='word_1_327' title='bbox 2207 1697 2520 1764; x_wconf 74' lang='grc' dir='ltr'><strong>Κρεὶσσων</strong></span> <span class='ocrx_word' id='word_1_328' title='bbox 2553 1692 2732 1760; x_wconf 78' lang='grc' dir='ltr'>πενίη</span> <span class='ocrx_word' id='word_1_329' title='bbox 2757 1689 3368 1764; x_wconf 30' lang='grc' dir='ltr'>ἐπαινετὴ-,πλούτοιο</span> <span class='ocrx_word' id='word_1_330' title='bbox 3396 1687 3726 1764; x_wconf 59' lang='grc' dir='ltr'>κακίστου.</span> 
     </span>
    </p>
   </div>
   <div class='ocr_carea' id='block_1_54' title="bbox 2060 1758 3644 1835">
    <p class='ocr_par' dir='ltr' id='par_1_54' title="bbox 2060 1758 3644 1835">
     <span class='ocr_line' id='line_1_54' title="bbox 2060 1758 3644 1835; baseline -0.006 -14"><span class='ocrx_word' id='word_1_331' title='bbox 2060 1779 2102 1835; x_wconf 74' lang='grc' dir='ltr'><strong>Β</strong></span> <span class='ocrx_word' id='word_1_332' title='bbox 2205 1758 2412 1820; x_wconf 60' lang='lat' dir='ltr'><strong>Asta-(5r</strong></span> <span class='ocrx_word' id='word_1_333' title='bbox 2433 1758 2762 1828; x_wconf 75' lang='grc' dir='ltr'>πείνεσθαι,</span> <span class='ocrx_word' id='word_1_334' title='bbox 2797 1762 3000 1831; x_wconf 83' lang='grc' dir='ltr'>χεῖρον</span> <span class='ocrx_word' id='word_1_335' title='bbox 3025 1761 3077 1814; x_wconf 79' lang='grc' dir='ltr'>δ’</span> <span class='ocrx_word' id='word_1_336' title='bbox 3106 1759 3384 1828; x_wconf 83' lang='grc' dir='ltr'><strong>εὐπορεῖν</strong></span> <span class='ocrx_word' id='word_1_337' title='bbox 3411 1758 3644 1824; x_wconf 76' lang='grc' dir='ltr'>κακῶς.</span> 
     </span>
    </p>
   </div>
   <div class='ocr_carea' id='block_1_55' title="bbox 2203 1873 3732 1950">
    <p class='ocr_par' dir='ltr' id='par_1_55' title="bbox 2203 1873 3732 1950">
     <span class='ocr_line' id='line_1_55' title="bbox 2203 1873 3732 1950; baseline -0.005 -17"><span class='ocrx_word' id='word_1_338' title='bbox 2203 1879 2372 1950; x_wconf 80' lang='grc' dir='ltr'>Ὄψον</span> <span class='ocrx_word' id='word_1_339' title='bbox 2409 1896 2488 1933; x_wconf 86' lang='grc' dir='ltr'><strong>σοι</strong></span> <span class='ocrx_word' id='word_1_340' title='bbox 2522 1877 2767 1947; x_wconf 81' lang='grc' dir='ltr'>γένεσθω</span> <span class='ocrx_word' id='word_1_341' title='bbox 2797 1878 2830 1948; x_wconf 86' lang='grc' dir='ltr'>ὴ</span> <span class='ocrx_word' id='word_1_342' title='bbox 2861 1875 3058 1942; x_wconf 78' lang='grc' dir='ltr'>ἔνδεια,</span> <span class='ocrx_word' id='word_1_343' title='bbox 3092 1875 3186 1930; x_wconf 80' lang='grc' dir='ltr'>καὶ</span> <span class='ocrx_word' id='word_1_344' title='bbox 3225 1874 3290 1928; x_wconf 79' lang='grc' dir='ltr'>τὸ</span> <span class='ocrx_word' id='word_1_345' title='bbox 3328 1873 3404 1946; x_wconf 78' lang='grc' dir='ltr'>μὴ</span> <span class='ocrx_word' id='word_1_346' title='bbox 3432 1873 3732 1928; x_wconf 78' lang='grc' dir='ltr'>ἐπιϐαλεῖν</span> 
     </span>
    </p>
   </div>
   <div class='ocr_carea' id='block_1_56' title="bbox 2129 1963 3732 2042">
    <p class='ocr_par' dir='ltr' id='par_1_56' title="bbox 2129 1963 3732 2042">
     <span class='ocr_line' id='line_1_56' title="bbox 2129 1963 3732 2042; baseline -0.006 -16"><span class='ocrx_word' id='word_1_347' title='bbox 2129 1972 2288 2042; x_wconf 88' lang='grc' dir='ltr'>κόρον</span> <span class='ocrx_word' id='word_1_348' title='bbox 2330 1969 2407 2040; x_wconf 79' lang='grc' dir='ltr'>τῷ</span> <span class='ocrx_word' id='word_1_349' title='bbox 2451 1969 2620 2039; x_wconf 81' lang='grc' dir='ltr'>κόρῳ,</span> <span class='ocrx_word' id='word_1_350' title='bbox 2663 1967 2797 2039; x_wconf 81' lang='grc' dir='ltr'>μηδέ</span> <span class='ocrx_word' id='word_1_351' title='bbox 2841 1965 3137 2039; x_wconf 87' lang='grc' dir='ltr'>ἀμϐλύνειν</span> <span class='ocrx_word' id='word_1_352' title='bbox 3185 1968 3253 2037; x_wconf 74' lang='grc' dir='ltr'>τῇ</span> <span class='ocrx_word' id='word_1_353' title='bbox 3300 1963 3588 2036; x_wconf 79' lang='grc' dir='ltr'>κραιπάλῃ</span> <span class='ocrx_word' id='word_1_354' title='bbox 3624 1963 3732 2035; x_wconf 73' lang='grc' dir='ltr'><strong>τὴν</strong></span> 
     </span>
    </p>
   </div>
   <div class='ocr_carea' id='block_1_57' title="bbox 2128 2066 2329 2118">
    <p class='ocr_par' dir='ltr' id='par_1_57' title="bbox 2128 2066 2329 2118">
     <span class='ocr_line' id='line_1_57' title="bbox 2128 2066 2329 2118; baseline -0.005 0"><span class='ocrx_word' id='word_1_355' title='bbox 2128 2066 2329 2118; x_wconf 80' lang='grc' dir='ltr'>ϐοεειν.</span> 
     </span>
    </p>
   </div>
   <div class='ocr_carea' id='block_1_58' title="bbox 2164 2063 3734 2227">
    <p class='ocr_par' dir='ltr' id='par_1_58' title="bbox 2164 2063 3734 2227">
     <span class='ocr_line' id='line_1_58' title="bbox 2164 2063 3734 2227; baseline -0.007 -18"><span class='ocrx_word' id='word_1_356' title='bbox 2164 2063 2391 2227; x_wconf 47' lang='grc' dir='ltr'>ρῖῗντὴν</span> <span class='ocrx_word' id='word_1_357' title='bbox 2413 2151 2629 2225; x_wconf 83' lang='grc' dir='ltr'>ἡμέραν</span> <span class='ocrx_word' id='word_1_358' title='bbox 2674 2150 2874 2217; x_wconf 80' lang='grc' dir='ltr'>διδοὺς,</span> <span class='ocrx_word' id='word_1_359' title='bbox 2903 2148 2997 2203; x_wconf 69' lang='grc' dir='ltr'><strong>καὶ</strong></span> <span class='ocrx_word' id='word_1_360' title='bbox 3029 2153 3098 2204; x_wconf 73' lang='grc' dir='ltr'><strong>τὰ</strong></span> <span class='ocrx_word' id='word_1_361' title='bbox 3131 2149 3210 2212; x_wconf 77' lang='grc' dir='ltr'>εἰς</span> <span class='ocrx_word' id='word_1_362' title='bbox 3243 2145 3344 2219; x_wconf 79' lang='grc' dir='ltr'>τὴν</span> <span class='ocrx_word' id='word_1_363' title='bbox 3385 2145 3610 2218; x_wconf 79' lang='grc' dir='ltr'>ἡμέραν</span> <span class='ocrx_word' id='word_1_364' title='bbox 3645 2160 3734 2199; x_wconf 86' lang='grc' dir='ltr'><strong>σοι</strong></span> 
     </span>
    </p>
   </div>
   <div class='ocr_carea' id='block_1_59' title="bbox 2130 2246 2314 2302">
    <p class='ocr_par' dir='ltr' id='par_1_59' title="bbox 2130 2246 2314 2302">
     <span class='ocr_line' id='line_1_59' title="bbox 2130 2246 2314 2302; baseline -0.005 1"><span class='ocrx_word' id='word_1_365' title='bbox 2130 2246 2314 2302; x_wconf 84' lang='grc' dir='ltr'>δώσει.</span> 
     </span>
    </p>
   </div>
   <div class='ocr_carea' id='block_1_60' title="bbox 2205 2327 3734 2410">
    <p class='ocr_par' dir='ltr' id='par_1_60' title="bbox 2205 2327 3734 2410">
     <span class='ocr_line' id='line_1_60' title="bbox 2205 2327 3734 2410; baseline -0.009 -16"><span class='ocrx_word' id='word_1_366' title='bbox 2205 2340 2278 2394; x_wconf 83' lang='grc' dir='ltr'>Τὸ</span> <span class='ocrx_word' id='word_1_367' title='bbox 2307 2339 2488 2404; x_wconf 84' lang='grc' dir='ltr'>καλῶς</span> <span class='ocrx_word' id='word_1_368' title='bbox 2513 2337 2657 2410; x_wconf 81' lang='grc' dir='ltr'>ἐχειν</span> <span class='ocrx_word' id='word_1_369' title='bbox 2682 2335 2860 2406; x_wconf 84' lang='grc' dir='ltr'>ὀλίγα,</span> <span class='ocrx_word' id='word_1_370' title='bbox 2891 2333 3028 2388; x_wconf 78' lang='grc' dir='ltr'>πολὺ</span> <span class='ocrx_word' id='word_1_371' title='bbox 3059 2331 3384 2402; x_wconf 83' lang='grc' dir='ltr'>τιμιώτερον</span> <span class='ocrx_word' id='word_1_372' title='bbox 3405 2327 3502 2384; x_wconf 80' lang='grc' dir='ltr'><strong>τοῦ</strong></span> <span class='ocrx_word' id='word_1_373' title='bbox 3535 2327 3734 2392; x_wconf 83' lang='grc' dir='ltr'>κακῶς</span> 
     </span>
    </p>
   </div>
   <div class='ocr_carea' id='block_1_61' title="bbox 2134 2419 3733 2502">
    <p class='ocr_par' dir='ltr' id='par_1_61' title="bbox 2134 2419 3733 2502">
     <span class='ocr_line' id='line_1_61' title="bbox 2134 2419 3733 2502; baseline -0.009 -16"><span class='ocrx_word' id='word_1_374' title='bbox 2134 2433 2279 2502; x_wconf 77' lang='grc' dir='ltr'>ἔχειν</span> <span class='ocrx_word' id='word_1_375' title='bbox 2310 2429 2502 2486; x_wconf 85' lang='grc' dir='ltr'>πολλά.</span> <span class='ocrx_word' id='word_1_376' title='bbox 2519 2429 2584 2483; x_wconf 88' lang='grc' dir='ltr'><em>Ἢ</em></span> <span class='ocrx_word' id='word_1_377' title='bbox 2611 2427 2834 2497; x_wconf 82' lang='grc' dir='ltr'>εὐτελὴς</span> <span class='ocrx_word' id='word_1_378' title='bbox 2859 2425 3040 2480; x_wconf 87' lang='grc' dir='ltr'>δίαιτα</span> <span class='ocrx_word' id='word_1_379' title='bbox 3065 2421 3380 2493; x_wconf 82' lang='grc' dir='ltr'>κυλιομένη,</span> <span class='ocrx_word' id='word_1_380' title='bbox 3399 2420 3497 2474; x_wconf 72' lang='grc' dir='ltr'>καὶ</span> <span class='ocrx_word' id='word_1_381' title='bbox 3519 2419 3733 2492; x_wconf 78' lang='grc' dir='ltr'>προκό-</span> 
     </span>
    </p>
   </div>
   <div class='ocr_carea' id='block_1_62' title="bbox 2136 2513 3729 2588">
    <p class='ocr_par' dir='ltr' id='par_1_62' title="bbox 2136 2513 3729 2588">
     <span class='ocr_line' id='line_1_62' title="bbox 2136 2513 3729 2588; baseline -0.011 -10"><span class='ocrx_word' id='word_1_382' title='bbox 2136 2539 2368 2588; x_wconf 85' lang='grc' dir='ltr'>πτουσα,</span> <span class='ocrx_word' id='word_1_383' title='bbox 2387 2523 2478 2576; x_wconf 77' lang='grc' dir='ltr'>ἐπὶ</span> <span class='ocrx_word' id='word_1_384' title='bbox 2494 2521 2630 2576; x_wconf 82' lang='grc' dir='ltr'>πολὺ</span> <span class='ocrx_word' id='word_1_385' title='bbox 2653 2517 2912 2574; x_wconf 84' lang='grc' dir='ltr'>καταλύει</span> <span class='ocrx_word' id='word_1_386' title='bbox 2929 2520 2998 2571; x_wconf 81' lang='grc' dir='ltr'>τὰ</span> <span class='ocrx_word' id='word_1_387' title='bbox 3011 2515 3111 2586; x_wconf 85' lang='grc' dir='ltr'>τῆς</span> <span class='ocrx_word' id='word_1_388' title='bbox 3125 2513 3382 2587; x_wconf 82' lang='grc' dir='ltr'>πορνείας</span> <span class='ocrx_word' id='word_1_389' title='bbox 3401 2513 3708 2584; x_wconf 78' lang='grc' dir='ltr'>μαθήματα</span> <span class='ocrx_word' id='word_1_390' title='bbox 3726 2556 3729 2559; x_wconf 92' lang='grc'>.</span> 
     </span>
    </p>
   </div>
   <div class='ocr_carea' id='block_1_63' title="bbox 2207 2689 3728 2772">
    <p class='ocr_par' dir='ltr' id='par_1_63' title="bbox 2207 2689 3728 2772">
     <span class='ocr_line' id='line_1_63' title="bbox 2207 2689 3728 2772; baseline -0.009 -16"><span class='ocrx_word' id='word_1_391' title='bbox 2207 2701 2408 2766; x_wconf 85' lang='grc' dir='ltr'>Σιτίοις</span> <span class='ocrx_word' id='word_1_392' title='bbox 2453 2699 2592 2772; x_wconf 84' lang='grc' dir='ltr'>χρῶ,</span> <span class='ocrx_word' id='word_1_393' title='bbox 2643 2696 2721 2771; x_wconf 75' lang='grc' dir='ltr'>μὴ</span> <span class='ocrx_word' id='word_1_394' title='bbox 2772 2699 2885 2762; x_wconf 85' lang='grc' dir='ltr'>τοῖς</span> <span class='ocrx_word' id='word_1_395' title='bbox 2923 2694 3127 2769; x_wconf 75' lang='grc' dir='ltr'>ἡδέσιν,</span> <span class='ocrx_word' id='word_1_396' title='bbox 3181 2692 3319 2748; x_wconf 80' lang='grc' dir='ltr'>ἀλλὰ</span> <span class='ocrx_word' id='word_1_397' title='bbox 3361 2694 3477 2756; x_wconf 81' lang='grc' dir='ltr'>τοῖς</span> <span class='ocrx_word' id='word_1_398' title='bbox 3525 2689 3728 2762; x_wconf 70' lang='grc' dir='ltr'>ὠφελί-</span> 
     </span>
    </p>
   </div>
   <div class='ocr_carea' id='block_1_64' title="bbox 2182 2813 2283 2850">
    <p class='ocr_par' dir='ltr' id='par_1_64' title="bbox 2182 2813 2283 2850">
     <span class='ocr_line' id='line_1_64' title="bbox 2182 2813 2283 2850; baseline 0.01 -1"><span class='ocrx_word' id='word_1_399' title='bbox 2182 2813 2283 2850; x_wconf 79' lang='grc' dir='ltr'>οις.</span> 
     </span>
    </p>
   </div>
   <div class='ocr_carea' id='block_1_65' title="bbox 2141 2813 3734 2953">
    <p class='ocr_par' dir='ltr' id='par_1_65' title="bbox 2141 2813 3734 2953">
     <span class='ocr_line' id='line_1_65' title="bbox 2141 2813 3734 2953; baseline -0.009 -10"><span class='ocrx_word' id='word_1_400' title='bbox 2141 2813 2283 2942; x_wconf 39' lang='grc' dir='ltr'><strong>μί)ξὲ</strong></span> <span class='ocrx_word' id='word_1_401' title='bbox 2317 2873 2624 2950; x_wconf 67' lang='grc' dir='ltr'>’σπουδαῖος</span> <span class='ocrx_word' id='word_1_402' title='bbox 2683 2881 2983 2953; x_wconf 80' lang='grc' dir='ltr'>ὀλιγοδεὴς,</span> <span class='ocrx_word' id='word_1_403' title='bbox 3038 2877 3312 2934; x_wconf 81' lang='grc' dir='ltr'>ἀθανάτου</span> <span class='ocrx_word' id='word_1_404' title='bbox 3361 2876 3457 2931; x_wconf 75' lang='grc' dir='ltr'>καὶ</span> <span class='ocrx_word' id='word_1_405' title='bbox 3525 2875 3734 2948; x_wconf 84' lang='grc' dir='ltr'>θνητῆς</span> 
     </span>
    </p>
   </div>
   <div class='ocr_carea' id='block_1_66' title="bbox 2140 2969 3734 3051">
    <p class='ocr_par' dir='ltr' id='par_1_66' title="bbox 2140 2969 3734 3051">
     <span class='ocr_line' id='line_1_66' title="bbox 2140 2969 3734 3051; baseline -0.008 -17"><span class='ocrx_word' id='word_1_406' title='bbox 2140 2981 2357 3051; x_wconf 79' lang='grc' dir='ltr'>φύσεως</span> <span class='ocrx_word' id='word_1_407' title='bbox 2388 2977 2671 3050; x_wconf 79' lang='grc' dir='ltr'>μεθόριοςο</span> <span class='ocrx_word' id='word_1_408' title='bbox 2708 2976 2768 3028; x_wconf 82' lang='grc' dir='ltr'>τὸ</span> <span class='ocrx_word' id='word_1_409' title='bbox 2815 2976 2916 3046; x_wconf 86' lang='grc' dir='ltr'>μὲν</span> <span class='ocrx_word' id='word_1_410' title='bbox 2947 2973 3157 3037; x_wconf 86' lang='grc' dir='ltr'>ἐπιδεές</span> <span class='ocrx_word' id='word_1_411' title='bbox 3203 2972 3363 3044; x_wconf 76' lang='grc' dir='ltr'>ἔχων,</span> <span class='ocrx_word' id='word_1_412' title='bbox 3414 2969 3504 3025; x_wconf 83' lang='grc' dir='ltr'><strong>διὰ</strong></span> <span class='ocrx_word' id='word_1_413' title='bbox 3565 2970 3734 3040; x_wconf 83' lang='grc' dir='ltr'>σῶμα</span> 
     </span>
    </p>
   </div>
   <div class='ocr_carea' id='block_1_67' title="bbox 2141 3062 3736 3144">
    <p class='ocr_par' dir='ltr' id='par_1_67' title="bbox 2141 3062 3736 3144">
     <span class='ocr_line' id='line_1_67' title="bbox 2141 3062 3736 3144; baseline -0.006 -17"><span class='ocrx_word' id='word_1_414' title='bbox 2141 3074 2355 3143; x_wconf 83' lang='grc' dir='ltr'>θνητὸν,</span> <span class='ocrx_word' id='word_1_415' title='bbox 2385 3072 2448 3125; x_wconf 86' lang='grc' dir='ltr'>τὸ</span> <span class='ocrx_word' id='word_1_416' title='bbox 2495 3071 2554 3126; x_wconf 81' lang='grc' dir='ltr'>δὲ</span> <span class='ocrx_word' id='word_1_417' title='bbox 2603 3070 2679 3142; x_wconf 79' lang='grc' dir='ltr'>μὴ</span> <span class='ocrx_word' id='word_1_418' title='bbox 2726 3067 3003 3144; x_wconf 61' lang='grc' dir='ltr'>πολυδεές,</span> <span class='ocrx_word' id='word_1_419' title='bbox 3050 3065 3140 3122; x_wconf 86' lang='grc' dir='ltr'><strong>διὰ</strong></span> <span class='ocrx_word' id='word_1_420' title='bbox 3193 3063 3374 3136; x_wconf 75' lang='grc' dir='ltr'>ψυχὴν</span> <span class='ocrx_word' id='word_1_421' title='bbox 3429 3062 3736 3135; x_wconf 76' lang='grc' dir='ltr'>ἐφιεμένην</span> 
     </span>
    </p>
   </div>
   <div class='ocr_carea' id='block_1_68' title="bbox 2138 3165 2456 3230">
    <p class='ocr_par' dir='ltr' id='par_1_68' title="bbox 2138 3165 2456 3230">
     <span class='ocr_line' id='line_1_68' title="bbox 2138 3165 2456 3230; baseline -0.013 -8"><span class='ocrx_word' id='word_1_422' title='bbox 2138 3165 2456 3230; x_wconf 80' lang='grc' dir='ltr'><strong>ἀθανασίας.</strong></span> 
     </span>
    </p>
   </div>
   <div class='ocr_carea' id='block_1_69' title="bbox 2138 3397 3735 3487">
    <p class='ocr_par' dir='ltr' id='par_1_69' title="bbox 2138 3397 3735 3487">
     <span class='ocr_line' id='line_1_69' title="bbox 2138 3397 3735 3487; baseline -0.008 -12"><span class='ocrx_word' id='word_1_423' title='bbox 2138 3421 2315 3476; x_wconf 79' lang='grc' dir='ltr'><strong>ΤΙΤΛ.</strong></span> <span class='ocrx_word' id='word_1_424' title='bbox 2348 3419 2690 3487; x_wconf 77' lang='grc' dir='ltr'><strong>ΚΖ⁹.-Περὶ</strong></span> <span class='ocrx_word' id='word_1_425' title='bbox 2723 3397 2956 3487; x_wconf 74' lang='grc' dir='ltr'>ἀπάτης</span> <span class='ocrx_word' id='word_1_426' title='bbox 2981 3412 3508 3487; x_wconf 38' lang='grc' dir='ltr'>κατ’-οἱκονομιαν-</span> <span class='ocrx_word' id='word_1_427' title='bbox 3525 3427 3735 3481; x_wconf 73' lang='grc' dir='ltr'>γινομ-</span> 
     </span>
    </p>
   </div>
   <div class='ocr_carea' id='block_1_70' title="bbox 2207 3484 3738 3559">
    <p class='ocr_par' dir='ltr' id='par_1_70' title="bbox 2207 3484 3738 3559">
     <span class='ocr_line' id='line_1_70' title="bbox 2207 3484 3738 3559; baseline -0.005 -14"><span class='ocrx_word' id='word_1_428' title='bbox 2207 3496 2355 3559; x_wconf 73' lang='grc' dir='ltr'><strong>ένη(-</strong></span> <span class='ocrx_word' id='word_1_429' title='bbox 2386 3489 2484 3544; x_wconf 78' lang='grc' dir='ltr'>καὶ</span> <span class='ocrx_word' id='word_1_430' title='bbox 2532 3484 2848 3559; x_wconf 65' lang='grc' dir='ltr'>ὅτίάπάτη</span> <span class='ocrx_word' id='word_1_431' title='bbox 2883 3486 3068 3540; x_wconf 72' lang='grc' dir='ltr'>δόλου</span> <span class='ocrx_word' id='word_1_432' title='bbox 3097 3485 3449 3555; x_wconf 82' lang='grc' dir='ltr'>ἀμοιροῦσα,</span> <span class='ocrx_word' id='word_1_433' title='bbox 3477 3484 3738 3538; x_wconf 71' lang='grc' dir='ltr'>ἔπαινον</span> 
     </span>
    </p>
   </div>
   <div class='ocr_carea' id='block_1_71' title="bbox 2209 3558 2965 3631">
    <p class='ocr_par' dir='ltr' id='par_1_71' title="bbox 2209 3558 2965 3631">
     <span class='ocr_line' id='line_1_71' title="bbox 2209 3558 2965 3631; baseline -0.007 -16"><span class='ocrx_word' id='word_1_434' title='bbox 2209 3558 2494 3631; x_wconf 76' lang='grc' dir='ltr'>προξενεῖ</span> <span class='ocrx_word' id='word_1_435' title='bbox 2520 3560 2599 3624; x_wconf 83' lang='grc' dir='ltr'>τῷ</span> <span class='ocrx_word' id='word_1_436' title='bbox 2633 3558 2965 3627; x_wconf 81' lang='grc' dir='ltr'>δεδρακότι.</span> 
     </span>
    </p>
   </div>
   <div class='ocr_carea' id='block_1_72' title="bbox 2213 3645 3735 3719">
    <p class='ocr_par' dir='ltr' id='par_1_72' title="bbox 2213 3645 3735 3719">
     <span class='ocr_line' id='line_1_72' title="bbox 2213 3645 3735 3719; baseline -0.003 -16"><span class='ocrx_word' id='word_1_437' title='bbox 2213 3671 2232 3703; x_wconf 74' lang='grc' dir='ltr'><strong>ι</strong></span> <span class='ocrx_word' id='word_1_438' title='bbox 2275 3647 2412 3704; x_wconf 82' lang='grc' dir='ltr'>Εἷπε</span> <span class='ocrx_word' id='word_1_439' title='bbox 2456 3649 2722 3703; x_wconf 85' lang='grc' dir='ltr'>Ῥεϐέκκα</span> <span class='ocrx_word' id='word_1_440' title='bbox 2754 3648 2892 3719; x_wconf 79' lang='grc' dir='ltr'>πρὸς</span> <span class='ocrx_word' id='word_1_441' title='bbox 2935 3646 3130 3702; x_wconf 85' lang='grc' dir='ltr'>Ἰακὼϐ</span> <span class='ocrx_word' id='word_1_442' title='bbox 3155 3645 3247 3700; x_wconf 85' lang='grc' dir='ltr'>τὸν</span> <span class='ocrx_word' id='word_1_443' title='bbox 3271 3645 3389 3700; x_wconf 77' lang='grc' dir='ltr'>υἱὸν</span> <span class='ocrx_word' id='word_1_444' title='bbox 3427 3645 3608 3716; x_wconf 78' lang='grc' dir='ltr'>αὐτῆς</span> <span class='ocrx_word' id='word_1_445' title='bbox 3640 3645 3735 3699; x_wconf 66' lang='grc' dir='ltr'>τὸν</span> 
     </span>
    </p>
   </div>
   <div class='ocr_carea' id='block_1_73' title="bbox 2137 3741 3735 3818">
    <p class='ocr_par' dir='ltr' id='par_1_73' title="bbox 2137 3741 3735 3818">
     <span class='ocr_line' id='line_1_73' title="bbox 2137 3741 3735 3818; baseline -0.006 -16"><span class='ocrx_word' id='word_1_446' title='bbox 2137 3747 2400 3818; x_wconf 86' lang='grc' dir='ltr'>νεώτερον</span> <span class='ocrx_word' id='word_1_447' title='bbox 2423 3766 2437 3780; x_wconf 88' lang='grc'><strong>·</strong></span> <span class='ocrx_word' id='word_1_448' title='bbox 2483 3746 2618 3800; x_wconf 79' lang='grc' dir='ltr'>Ἰδοὺ</span> <span class='ocrx_word' id='word_1_449' title='bbox 2669 3744 2780 3813; x_wconf 87' lang='grc' dir='ltr'><strong>ἐγὼ</strong></span> <span class='ocrx_word' id='word_1_450' title='bbox 2821 3745 3032 3816; x_wconf 68' lang='grc' dir='ltr'>ηκουσα</span> <span class='ocrx_word' id='word_1_451' title='bbox 3077 3742 3367 3806; x_wconf 79' lang='grc' dir='ltr'>λαλοῦντος</span> <span class='ocrx_word' id='word_1_452' title='bbox 3391 3741 3488 3795; x_wconf 81' lang='grc' dir='ltr'><strong>τοῦ</strong></span> <span class='ocrx_word' id='word_1_453' title='bbox 3521 3741 3735 3813; x_wconf 81' lang='grc' dir='ltr'>πατρός</span> 
     </span>
    </p>
   </div>
   <div class='ocr_carea' id='block_1_74' title="bbox 2138 3835 3735 3910">
    <p class='ocr_par' dir='ltr' id='par_1_74' title="bbox 2138 3835 3735 3910">
     <span class='ocr_line' id='line_1_74' title="bbox 2138 3835 3735 3910; baseline -0.004 -16"><span class='ocrx_word' id='word_1_454' title='bbox 2138 3858 2232 3894; x_wconf 91' lang='grc' dir='ltr'><strong>σου</strong></span> <span class='ocrx_word' id='word_1_455' title='bbox 2261 3840 2400 3910; x_wconf 82' lang='grc' dir='ltr'>πρὸς</span> <span class='ocrx_word' id='word_1_456' title='bbox 2435 3839 2609 3893; x_wconf 85' lang='grc' dir='ltr'><strong>Ἦσαῦ</strong></span> <span class='ocrx_word' id='word_1_457' title='bbox 2635 3837 2728 3892; x_wconf 78' lang='grc' dir='ltr'><strong>τὸν</strong></span> <span class='ocrx_word' id='word_1_458' title='bbox 2754 3837 2984 3908; x_wconf 82' lang='grc' dir='ltr'>ἀδελφόν</span> <span class='ocrx_word' id='word_1_459' title='bbox 3025 3855 3140 3902; x_wconf 88' lang='grc' dir='ltr'>σου,</span> <span class='ocrx_word' id='word_1_460' title='bbox 3165 3836 3417 3906; x_wconf 80' lang='grc' dir='ltr'>λέγοντος</span> <span class='ocrx_word' id='word_1_461' title='bbox 3439 3853 3453 3869; x_wconf 77' lang='grc' dir='ltr'><strong>ο</strong></span> <span class='ocrx_word' id='word_1_462' title='bbox 3491 3835 3735 3904; x_wconf 83' lang='grc' dir='ltr'>Ἐνεγκέ</span> 
     </span>
    </p>
   </div>
   <div class='ocr_carea' id='block_1_75' title="bbox 2141 3929 3735 4004">
    <p class='ocr_par' dir='ltr' id='par_1_75' title="bbox 2141 3929 3735 4004">
     <span class='ocr_line' id='line_1_75' title="bbox 2141 3929 3735 4004; baseline -0.003 -17"><span class='ocrx_word' id='word_1_463' title='bbox 2141 3951 2232 4004; x_wconf 88' lang='grc' dir='ltr'><strong>μοι</strong></span> <span class='ocrx_word' id='word_1_464' title='bbox 2269 3933 2465 4004; x_wconf 84' lang='grc' dir='ltr'>θήραν,</span> <span class='ocrx_word' id='word_1_465' title='bbox 2495 3932 2590 3987; x_wconf 55' lang='grc' dir='ltr'><strong>καί⁸</strong></span> <span class='ocrx_word' id='word_1_466' title='bbox 2625 3931 2854 4002; x_wconf 83' lang='grc' dir='ltr'>ποίησόν</span> <span class='ocrx_word' id='word_1_467' title='bbox 2886 3949 2976 4001; x_wconf 87' lang='grc' dir='ltr'><strong>μοι</strong></span> <span class='ocrx_word' id='word_1_468' title='bbox 3027 3930 3300 4001; x_wconf 77' lang='grc' dir='ltr'>ἐδέσματα</span> <span class='ocrx_word' id='word_1_469' title='bbox 3321 3945 3337 3961; x_wconf 75' lang='grc' dir='ltr'><strong>ο</strong></span> <span class='ocrx_word' id='word_1_470' title='bbox 3393 3929 3490 3984; x_wconf 77' lang='grc' dir='ltr'>καὶ</span> <span class='ocrx_word' id='word_1_471' title='bbox 3540 3929 3735 4000; x_wconf 87' lang='grc' dir='ltr'>φαγὼν</span> 
     </span>
    </p>
   </div>
   <div class='ocr_carea' id='block_1_76' title="bbox 443 4021 2028 4094">
    <p class='ocr_par' dir='ltr' id='par_1_76' title="bbox 443 4025 2028 4094">
     <span class='ocr_line' id='line_1_76' title="bbox 443 4025 2028 4094; baseline -0.006 -6"><span class='ocrx_word' id='word_1_472' title='bbox 443 4033 653 4088; x_wconf 84' lang='lat' dir='ltr'><strong>ducans</strong></span> <span class='ocrx_word' id='word_1_473' title='bbox 682 4031 1004 4087; x_wconf 87' lang='lat' dir='ltr'><strong>benedicam</strong></span> <span class='ocrx_word' id='word_1_474' title='bbox 1038 4029 1135 4084; x_wconf 90' lang='lat' dir='ltr'><strong>tibi</strong></span> <span class='ocrx_word' id='word_1_475' title='bbox 1179 4042 1365 4083; x_wconf 88' lang='lat' dir='ltr'><strong>coram</strong></span> <span class='ocrx_word' id='word_1_476' title='bbox 1427 4025 1679 4092; x_wconf 89' lang='lat' dir='ltr'><strong>Domino,</strong></span> <span class='ocrx_word' id='word_1_477' title='bbox 1713 4025 2028 4094; x_wconf 90' lang='lat' dir='ltr'><strong>priusquam</strong></span> 
     </span>
    </p>
   </div>
   <div class='ocr_carea' id='block_1_77' title="bbox 2152 4021 3731 4094">
    <p class='ocr_par' dir='ltr' id='par_1_77' title="bbox 2152 4021 3731 4094">
     <span class='ocr_line' id='line_1_77' title="bbox 2152 4021 3731 4094; baseline -0.002 -17"><span class='ocrx_word' id='word_1_478' title='bbox 2152 4023 2420 4092; x_wconf 69' lang='grc' dir='ltr'>ῑύλογήσω</span> <span class='ocrx_word' id='word_1_479' title='bbox 2452 4041 2511 4076; x_wconf 87' lang='grc' dir='ltr'><strong>σε</strong></span> <span class='ocrx_word' id='word_1_480' title='bbox 2536 4023 2781 4077; x_wconf 88' lang='grc' dir='ltr'>ἐναντίον</span> <span class='ocrx_word' id='word_1_481' title='bbox 2811 4023 3020 4094; x_wconf 83' lang='grc' dir='ltr'>Κυρίου</span> <span class='ocrx_word' id='word_1_482' title='bbox 3050 4022 3160 4093; x_wconf 84' lang='grc' dir='ltr'>πρὸ</span> <span class='ocrx_word' id='word_1_483' title='bbox 3183 4021 3279 4075; x_wconf 82' lang='grc' dir='ltr'>τοῦ</span> <span class='ocrx_word' id='word_1_484' title='bbox 3310 4021 3615 4075; x_wconf 81' lang='grc' dir='ltr'>ἀποθανεῖν</span> <span class='ocrx_word' id='word_1_485' title='bbox 3641 4037 3731 4092; x_wconf 77' lang='grc' dir='ltr'>με.</span> 
     </span>
    </p>
   </div>
   <div class='ocr_carea' id='block_1_78' title="bbox 443 4112 2028 4192">
    <p class='ocr_par' dir='ltr' id='par_1_78' title="bbox 443 4116 2028 4192">
     <span class='ocr_line' id='line_1_78' title="bbox 443 4116 2028 4192; baseline -0.004 -16"><span class='ocrx_word' id='word_1_486' title='bbox 443 4120 666 4178; x_wconf 89' lang='lat' dir='ltr'><strong>moriar.</strong></span> <span class='ocrx_word' id='word_1_487' title='bbox 693 4120 852 4175; x_wconf 87' lang='lat' dir='ltr'><strong>Nunc</strong></span> <span class='ocrx_word' id='word_1_488' title='bbox 882 4135 1037 4192; x_wconf 81' lang='lat' dir='ltr'><strong>ergo,</strong></span> <span class='ocrx_word' id='word_1_489' title='bbox 1073 4119 1148 4174; x_wconf 87' lang='lat' dir='ltr'><strong>ﬁli</strong></span> <span class='ocrx_word' id='word_1_490' title='bbox 1175 4119 1270 4183; x_wconf 83' lang='lat' dir='ltr'><strong>mi,</strong></span> <span class='ocrx_word' id='word_1_491' title='bbox 1303 4116 1432 4172; x_wconf 89' lang='lat' dir='ltr'><strong>audi</strong></span> <span class='ocrx_word' id='word_1_492' title='bbox 1457 4133 1544 4172; x_wconf 90' lang='lat' dir='ltr'><strong>me</strong></span> <span class='ocrx_word' id='word_1_493' title='bbox 1575 4116 1882 4172; x_wconf 85' lang='lat' dir='ltr'><strong>secundum</strong></span> <span class='ocrx_word' id='word_1_494' title='bbox 1914 4129 2028 4183; x_wconf 68' lang='lat' dir='ltr'><strong>quae</strong></span> 
     </span>
    </p>
   </div>
   <div class='ocr_carea' id='block_1_79' title="bbox 2152 4112 3733 4192">
    <p class='ocr_par' dir='ltr' id='par_1_79' title="bbox 2152 4112 3733 4186">
     <span class='ocr_line' id='line_1_79' title="bbox 2152 4112 3733 4186; baseline -0.003 -16"><span class='ocrx_word' id='word_1_495' title='bbox 2152 4115 2252 4170; x_wconf 56' lang='grc' dir='ltr'><strong>Νῦν</strong></span> <span class='ocrx_word' id='word_1_496' title='bbox 2277 4116 2394 4182; x_wconf 79' lang='grc' dir='ltr'>οὖν,</span> <span class='ocrx_word' id='word_1_497' title='bbox 2430 4117 2534 4178; x_wconf 80' lang='grc' dir='ltr'>υἱὲ,</span> <span class='ocrx_word' id='word_1_498' title='bbox 2564 4116 2794 4171; x_wconf 79' lang='grc' dir='ltr'>ἄκουσόν</span> <span class='ocrx_word' id='word_1_499' title='bbox 2832 4132 2957 4186; x_wconf 91' lang='grc' dir='ltr'>μου,</span> <span class='ocrx_word' id='word_1_500' title='bbox 2999 4116 3143 4169; x_wconf 76' lang='grc' dir='ltr'>καθὰ</span> <span class='ocrx_word' id='word_1_501' title='bbox 3181 4112 3292 4183; x_wconf 86' lang='grc' dir='ltr'><strong>ἐγώ</strong></span> <span class='ocrx_word' id='word_1_502' title='bbox 3338 4131 3423 4167; x_wconf 90' lang='grc' dir='ltr'><strong>σοι</strong></span> <span class='ocrx_word' id='word_1_503' title='bbox 3479 4113 3733 4167; x_wconf 82' lang='grc' dir='ltr'>ἐντέλλο-</span> 
     </span>
    </p>
   </div>
   <div class='ocr_carea' id='block_1_80' title="bbox 443 4205 2028 4286">
    <p class='ocr_par' dir='ltr' id='par_1_80' title="bbox 443 4205 2028 4286">
     <span class='ocr_line' id='line_1_80' title="bbox 443 4205 2028 4286; baseline -0.006 -18"><span class='ocrx_word' id='word_1_504' title='bbox 443 4215 708 4286; x_wconf 60' lang='lat' dir='ltr'><strong>principio</strong></span> <span class='ocrx_word' id='word_1_505' title='bbox 743 4213 866 4279; x_wconf 89' lang='lat' dir='ltr'><strong>tibi,</strong></span> <span class='ocrx_word' id='word_1_506' title='bbox 903 4222 957 4268; x_wconf 93' lang='lat' dir='ltr'><strong>et</strong></span> <span class='ocrx_word' id='word_1_507' title='bbox 993 4226 1229 4282; x_wconf 84' lang='lat' dir='ltr'><strong>pergens</strong></span> <span class='ocrx_word' id='word_1_508' title='bbox 1293 4209 1358 4264; x_wconf 86' lang='lat' dir='ltr'><strong>ad</strong></span> <span class='ocrx_word' id='word_1_509' title='bbox 1409 4221 1631 4278; x_wconf 91' lang='lat' dir='ltr'><strong>pecora,</strong></span> <span class='ocrx_word' id='word_1_510' title='bbox 1679 4207 1868 4277; x_wconf 82' lang='lat' dir='ltr'><strong>accipe</strong></span> <span class='ocrx_word' id='word_1_511' title='bbox 1899 4205 2028 4260; x_wconf 88' lang='lat' dir='ltr'><strong>tnilti</strong></span> 
     </span>
    </p>
   </div>
   <div class='ocr_carea' id='block_1_81' title="bbox 2152 4205 3731 4286">
    <p class='ocr_par' dir='ltr' id='par_1_81' title="bbox 2152 4207 3731 4280">
     <span class='ocr_line' id='line_1_81' title="bbox 2152 4207 3731 4280; baseline -0.002 -18"><span class='ocrx_word' id='word_1_512' title='bbox 2152 4227 2264 4280; x_wconf 65' lang='grc' dir='ltr'>μαι,</span> <span class='ocrx_word' id='word_1_513' title='bbox 2287 4210 2381 4262; x_wconf 73' lang='grc' dir='ltr'>καὶ</span> <span class='ocrx_word' id='word_1_514' title='bbox 2405 4208 2694 4279; x_wconf 70' lang='grc' dir='ltr'>πορευθεὶς</span> <span class='ocrx_word' id='word_1_515' title='bbox 2714 4209 2793 4272; x_wconf 82' lang='grc' dir='ltr'><strong>είς</strong></span> <span class='ocrx_word' id='word_1_516' title='bbox 2820 4208 2890 4262; x_wconf 83' lang='grc' dir='ltr'>τὰ</span> <span class='ocrx_word' id='word_1_517' title='bbox 2923 4209 3192 4280; x_wconf 84' lang='grc' dir='ltr'>πρόϐατα,</span> <span class='ocrx_word' id='word_1_518' title='bbox 3227 4207 3358 4261; x_wconf 87' lang='grc' dir='ltr'>λάϐε</span> <span class='ocrx_word' id='word_1_519' title='bbox 3395 4225 3487 4278; x_wconf 88' lang='grc' dir='ltr'><strong>μοι</strong></span> <span class='ocrx_word' id='word_1_520' title='bbox 3515 4207 3731 4261; x_wconf 82' lang='grc' dir='ltr'>ἐκεῖθεν</span> 
     </span>
    </p>
   </div>
   <div class='ocr_carea' id='block_1_82' title="bbox 442 4297 2028 4373">
    <p class='ocr_par' dir='ltr' id='par_1_82' title="bbox 442 4297 2028 4371">
     <span class='ocr_line' id='line_1_82' title="bbox 442 4297 2028 4371; baseline -0.004 -11"><span class='ocrx_word' id='word_1_521' title='bbox 442 4307 570 4363; x_wconf 90' lang='lat' dir='ltr'><strong>inde</strong></span> <span class='ocrx_word' id='word_1_522' title='bbox 597 4308 738 4362; x_wconf 92' lang='lat' dir='ltr'><strong>duos</strong></span> <span class='ocrx_word' id='word_1_523' title='bbox 769 4305 954 4360; x_wconf 72' lang='lat' dir='ltr'><strong>haedos</strong></span> <span class='ocrx_word' id='word_1_524' title='bbox 990 4313 1212 4363; x_wconf 84' lang='lat' dir='ltr'><strong>teneros</strong></span> <span class='ocrx_word' id='word_1_525' title='bbox 1237 4308 1291 4356; x_wconf 89' lang='lat' dir='ltr'><strong>et</strong></span> <span class='ocrx_word' id='word_1_526' title='bbox 1332 4302 1597 4371; x_wconf 82' lang='lat' dir='ltr'><strong>Optimos,</strong></span> <span class='ocrx_word' id='word_1_527' title='bbox 1625 4307 1681 4353; x_wconf 90' lang='lat' dir='ltr'><strong>et</strong></span> <span class='ocrx_word' id='word_1_528' title='bbox 1714 4297 1910 4352; x_wconf 77' lang='lat' dir='ltr'><strong>faciam</strong></span> <span class='ocrx_word' id='word_1_529' title='bbox 1940 4312 2028 4353; x_wconf 83' lang='lat' dir='ltr'><strong>eos</strong></span> 
     </span>
    </p>
   </div>
   <div class='ocr_carea' id='block_1_83' title="bbox 2152 4297 3735 4373">
    <p class='ocr_par' dir='ltr' id='par_1_83' title="bbox 2152 4301 3735 4373">
     <span class='ocr_line' id='line_1_83' title="bbox 2152 4301 3735 4373; baseline 0.001 -19"><span class='ocrx_word' id='word_1_530' title='bbox 2152 4302 2228 4355; x_wconf 76' lang='grc' dir='ltr'><strong>Ξύο</strong></span> <span class='ocrx_word' id='word_1_531' title='bbox 2258 4301 2479 4373; x_wconf 76' lang='grc' dir='ltr'>ἐρίφους</span> <span class='ocrx_word' id='word_1_532' title='bbox 2518 4302 2757 4365; x_wconf 78' lang='grc' dir='ltr'>ἁπαλοὺς</span> <span class='ocrx_word' id='word_1_533' title='bbox 2780 4301 2870 4355; x_wconf 80' lang='grc' dir='ltr'><strong>καὶ</strong></span> <span class='ocrx_word' id='word_1_534' title='bbox 2901 4301 3122 4368; x_wconf 85' lang='grc' dir='ltr'>καλοὺς,</span> <span class='ocrx_word' id='word_1_535' title='bbox 3159 4301 3252 4355; x_wconf 75' lang='grc' dir='ltr'>καὶ</span> <span class='ocrx_word' id='word_1_536' title='bbox 3277 4301 3490 4372; x_wconf 84' lang='grc' dir='ltr'>ποιήσω</span> <span class='ocrx_word' id='word_1_537' title='bbox 3527 4301 3735 4363; x_wconf 80' lang='grc' dir='ltr'>αὐτοὺς</span> 
     </span>
    </p>
   </div>
   <div class='ocr_carea' id='block_1_84' title="bbox 441 4387 2028 4467">
    <p class='ocr_par' dir='ltr' id='par_1_84' title="bbox 441 4387 2028 4467">
     <span class='ocr_line' id='line_1_84' title="bbox 441 4387 2028 4467; baseline -0.006 -16"><span class='ocrx_word' id='word_1_538' title='bbox 441 4397 624 4451; x_wconf 89' lang='lat' dir='ltr'><strong>edulia</strong></span> <span class='ocrx_word' id='word_1_539' title='bbox 661 4398 800 4467; x_wconf 87' lang='lat' dir='ltr'><strong>patri</strong></span> <span class='ocrx_word' id='word_1_540' title='bbox 834 4404 951 4460; x_wconf 91' lang='lat' dir='ltr'><strong>tuo,</strong></span> <span class='ocrx_word' id='word_1_541' title='bbox 983 4402 1037 4449; x_wconf 92' lang='lat' dir='ltr'><strong>et</strong></span> <span class='ocrx_word' id='word_1_542' title='bbox 1077 4391 1472 4457; x_wconf 85' lang='lat' dir='ltr'><strong>tuaudueabit;</strong></span> <span class='ocrx_word' id='word_1_543' title='bbox 1509 4398 1568 4446; x_wconf 90' lang='lat' dir='ltr'><strong>ut</strong></span> <span class='ocrx_word' id='word_1_544' title='bbox 1604 4388 1895 4444; x_wconf 86' lang='lat' dir='ltr'><strong>benedicat</strong></span> <span class='ocrx_word' id='word_1_545' title='bbox 1933 4387 2028 4443; x_wconf 87' lang='lat' dir='ltr'><strong>tibi</strong></span> 
     </span>
    </p>
   </div>
   <div class='ocr_carea' id='block_1_85' title="bbox 2152 4387 3731 4467">
    <p class='ocr_par' dir='ltr' id='par_1_85' title="bbox 2152 4391 3731 4464">
     <span class='ocr_line' id='line_1_85' title="bbox 2152 4391 3731 4464; baseline 0.006 -27"><span class='ocrx_word' id='word_1_546' title='bbox 2152 4391 2412 4462; x_wconf 59' lang='grc' dir='ltr'>ἐδέσματα</span> <span class='ocrx_word' id='word_1_547' title='bbox 2435 4392 2513 4463; x_wconf 85' lang='grc' dir='ltr'>τῷ</span> <span class='ocrx_word' id='word_1_548' title='bbox 2535 4391 2700 4464; x_wconf 88' lang='grc' dir='ltr'>πατρί</span> <span class='ocrx_word' id='word_1_549' title='bbox 2724 4409 2842 4456; x_wconf 86' lang='grc' dir='ltr'>σου,</span> <span class='ocrx_word' id='word_1_550' title='bbox 2863 4392 2957 4446; x_wconf 75' lang='grc' dir='ltr'>καὶ</span> <span class='ocrx_word' id='word_1_551' title='bbox 2989 4393 3243 4462; x_wconf 84' lang='grc' dir='ltr'>φάγεται,</span> <span class='ocrx_word' id='word_1_552' title='bbox 3268 4393 3418 4456; x_wconf 79' lang='grc' dir='ltr'>ὅπως</span> <span class='ocrx_word' id='word_1_553' title='bbox 3450 4391 3731 4463; x_wconf 76' lang='grc' dir='ltr'>εὐλογήσῃ</span> 
     </span>
    </p>
   </div>
   <div class='ocr_carea' id='block_1_86' title="bbox 448 4477 2028 4557">
    <p class='ocr_par' dir='ltr' id='par_1_86' title="bbox 448 4477 2028 4557">
     <span class='ocr_line' id='line_1_86' title="bbox 448 4477 2028 4557; baseline -0.002 -18"><span class='ocrx_word' id='word_1_554' title='bbox 448 4493 599 4557; x_wconf 88' lang='lat' dir='ltr'><strong>pater</strong></span> <span class='ocrx_word' id='word_1_555' title='bbox 627 4493 756 4540; x_wconf 91' lang='lat' dir='ltr'><strong>tuus</strong></span> <span class='ocrx_word' id='word_1_556' title='bbox 789 4486 1114 4556; x_wconf 89' lang='lat' dir='ltr'><strong>priusquam</strong></span> <span class='ocrx_word' id='word_1_557' title='bbox 1151 4483 1441 4536; x_wconf 90' lang='lat' dir='ltr'><strong>moriatur.</strong></span> <span class='ocrx_word' id='word_1_558' title='bbox 1478 4481 1624 4535; x_wconf 84' lang='lat' dir='ltr'><strong>Dixit</strong></span> <span class='ocrx_word' id='word_1_559' title='bbox 1653 4491 1833 4534; x_wconf 90' lang='lat' dir='ltr'><strong>autem</strong></span> <span class='ocrx_word' id='word_1_560' title='bbox 1863 4477 2028 4536; x_wconf 68' lang='lat' dir='ltr'><strong>Iacob</strong></span> 
     </span>
    </p>
   </div>
   <div class='ocr_carea' id='block_1_87' title="bbox 2152 4477 3734 4557">
    <p class='ocr_par' dir='ltr' id='par_1_87' title="bbox 2152 4479 3734 4555">
     <span class='ocr_line' id='line_1_87' title="bbox 2152 4479 3734 4555; baseline 0 -19"><span class='ocrx_word' id='word_1_561' title='bbox 2152 4501 2205 4536; x_wconf 89' lang='grc' dir='ltr'><strong>σε</strong></span> <span class='ocrx_word' id='word_1_562' title='bbox 2229 4485 2258 4536; x_wconf 86' lang='grc' dir='ltr'>ὁ</span> <span class='ocrx_word' id='word_1_563' title='bbox 2287 4485 2469 4555; x_wconf 79' lang='grc' dir='ltr'>πατήρ</span> <span class='ocrx_word' id='word_1_564' title='bbox 2494 4501 2587 4538; x_wconf 90' lang='grc' dir='ltr'><strong>σου</strong></span> <span class='ocrx_word' id='word_1_565' title='bbox 2609 4482 2716 4554; x_wconf 75' lang='grc' dir='ltr'><strong>πρὸ</strong></span> <span class='ocrx_word' id='word_1_566' title='bbox 2734 4482 2826 4537; x_wconf 86' lang='grc' dir='ltr'>τοῦ</span> <span class='ocrx_word' id='word_1_567' title='bbox 2851 4484 3014 4538; x_wconf 79' lang='grc' dir='ltr'>αὑτὸν</span> <span class='ocrx_word' id='word_1_568' title='bbox 3035 4483 3347 4538; x_wconf 83' lang='grc' dir='ltr'>ἀποθανεῖν.</span> <span class='ocrx_word' id='word_1_569' title='bbox 3371 4479 3508 4537; x_wconf 83' lang='grc' dir='ltr'>Εἷπε</span> <span class='ocrx_word' id='word_1_570' title='bbox 3537 4483 3598 4537; x_wconf 82' lang='grc' dir='ltr'>δὲ</span> <span class='ocrx_word' id='word_1_571' title='bbox 3629 4485 3734 4536; x_wconf 83' lang='grc' dir='ltr'><strong>Ἰα-</strong></span> 
     </span>
    </p>
   </div>
   <div class='ocr_carea' id='block_1_88' title="bbox 445 4570 2028 4648">
    <p class='ocr_par' dir='ltr' id='par_1_88' title="bbox 445 4570 2028 4643">
     <span class='ocr_line' id='line_1_88' title="bbox 445 4570 2028 4643; baseline -0.003 -12"><span class='ocrx_word' id='word_1_572' title='bbox 445 4578 512 4631; x_wconf 89' lang='lat' dir='ltr'><strong>ad</strong></span> <span class='ocrx_word' id='word_1_573' title='bbox 549 4579 854 4633; x_wconf 79' lang='lat' dir='ltr'><strong>Rebeccam</strong></span> <span class='ocrx_word' id='word_1_574' title='bbox 927 4583 1158 4630; x_wconf 90' lang='lat' dir='ltr'><strong>matrem</strong></span> <span class='ocrx_word' id='word_1_575' title='bbox 1188 4587 1342 4627; x_wconf 90' lang='lat' dir='ltr'><strong>suam</strong></span> <span class='ocrx_word' id='word_1_576' title='bbox 1376 4591 1390 4627; x_wconf 88' lang='lat'><strong>:</strong></span> <span class='ocrx_word' id='word_1_577' title='bbox 1429 4571 1526 4626; x_wconf 86' lang='lat' dir='ltr'><strong>Est</strong></span> <span class='ocrx_word' id='word_1_578' title='bbox 1573 4570 1741 4626; x_wconf 84' lang='lat' dir='ltr'><strong>frater</strong></span> <span class='ocrx_word' id='word_1_579' title='bbox 1770 4587 1924 4626; x_wconf 86' lang='lat' dir='ltr'><strong>meus</strong></span> <span class='ocrx_word' id='word_1_580' title='bbox 1950 4573 2028 4643; x_wconf 93' lang='lat' dir='ltr'><strong>pi-</strong></span> 
     </span>
    </p>
   </div>
   <div class='ocr_carea' id='block_1_89' title="bbox 2152 4570 3734 4648">
    <p class='ocr_par' dir='ltr' id='par_1_89' title="bbox 2152 4574 3734 4648">
     <span class='ocr_line' id='line_1_89' title="bbox 2152 4574 3734 4648; baseline -0.001 -19"><span class='ocrx_word' id='word_1_581' title='bbox 2152 4575 2260 4629; x_wconf 78' lang='grc' dir='ltr'>κὼϐ</span> <span class='ocrx_word' id='word_1_582' title='bbox 2286 4577 2418 4648; x_wconf 82' lang='grc' dir='ltr'>πρὸς</span> <span class='ocrx_word' id='word_1_583' title='bbox 2441 4575 2742 4629; x_wconf 82' lang='grc' dir='ltr'>Ῥεϐέκκαν</span> <span class='ocrx_word' id='word_1_584' title='bbox 2765 4577 2863 4647; x_wconf 77' lang='grc' dir='ltr'>τὴν</span> <span class='ocrx_word' id='word_1_585' title='bbox 2883 4577 3097 4648; x_wconf 79' lang='grc' dir='ltr'>μητέρα</span> <span class='ocrx_word' id='word_1_586' title='bbox 3112 4574 3296 4628; x_wconf 77' lang='grc' dir='ltr'>αὐτοῦ’</span> <span class='ocrx_word' id='word_1_587' title='bbox 3313 4575 3505 4629; x_wconf 83' lang='grc' dir='ltr'>Ἔστιν</span> <span class='ocrx_word' id='word_1_588' title='bbox 3525 4577 3552 4629; x_wconf 88' lang='grc' dir='ltr'><strong>ὁ</strong></span> <span class='ocrx_word' id='word_1_589' title='bbox 3574 4575 3734 4629; x_wconf 73' lang='grc' dir='ltr'>ἁδελ-</span> 
     </span>
    </p>
   </div>
   <div class='ocr_carea' id='block_1_90' title="bbox 445 4663 2028 4740">
    <p class='ocr_par' dir='ltr' id='par_1_90' title="bbox 445 4663 2028 4740">
     <span class='ocr_line' id='line_1_90' title="bbox 445 4663 2028 4740; baseline -0.004 -16"><span class='ocrx_word' id='word_1_590' title='bbox 445 4671 636 4736; x_wconf 91' lang='lat' dir='ltr'><strong>losus;</strong></span> <span class='ocrx_word' id='word_1_591' title='bbox 662 4685 765 4740; x_wconf 83' lang='lat' dir='ltr'><strong>ego</strong></span> <span class='ocrx_word' id='word_1_592' title='bbox 792 4677 976 4724; x_wconf 88' lang='lat' dir='ltr'><strong>autem</strong></span> <span class='ocrx_word' id='word_1_593' title='bbox 1015 4668 1104 4721; x_wconf 90' lang='lat' dir='ltr'><strong>vir</strong></span> <span class='ocrx_word' id='word_1_594' title='bbox 1147 4665 1304 4721; x_wconf 91' lang='lat' dir='ltr'><strong>lenis.</strong></span> <span class='ocrx_word' id='word_1_595' title='bbox 1353 4663 1433 4721; x_wconf 90' lang='lat' dir='ltr'><strong>Ne</strong></span> <span class='ocrx_word' id='word_1_596' title='bbox 1491 4665 1631 4720; x_wconf 78' lang='lat' dir='ltr'><strong>forte</strong></span> <span class='ocrx_word' id='word_1_597' title='bbox 1661 4664 2028 4719; x_wconf 88' lang='lat' dir='ltr'><strong>attrectaveril</strong></span> 
     </span>
    </p>
   </div>
   <div class='ocr_carea' id='block_1_91' title="bbox 2152 4663 3732 4740">
    <p class='ocr_par' dir='ltr' id='par_1_91' title="bbox 2152 4666 3732 4739">
     <span class='ocr_line' id='line_1_91' title="bbox 2152 4666 3732 4739; baseline 0 -19"><span class='ocrx_word' id='word_1_598' title='bbox 2152 4668 2241 4736; x_wconf 69' lang='lat' dir='ltr'><strong>p6;</strong></span> <span class='ocrx_word' id='word_1_599' title='bbox 2289 4683 2392 4738; x_wconf 91' lang='grc' dir='ltr'><strong>μου</strong></span> <span class='ocrx_word' id='word_1_600' title='bbox 2424 4667 2563 4739; x_wconf 80' lang='grc' dir='ltr'>ἀνὴρ</span> <span class='ocrx_word' id='word_1_601' title='bbox 2605 4667 2792 4731; x_wconf 73' lang='grc' dir='ltr'>δασὺς,</span> <span class='ocrx_word' id='word_1_602' title='bbox 2841 4667 2951 4735; x_wconf 84' lang='grc' dir='ltr'>ἐγὼ</span> <span class='ocrx_word' id='word_1_603' title='bbox 3001 4667 3059 4719; x_wconf 84' lang='grc' dir='ltr'>δὲ</span> <span class='ocrx_word' id='word_1_604' title='bbox 3113 4666 3252 4736; x_wconf 81' lang='grc' dir='ltr'>ἀνὴρ</span> <span class='ocrx_word' id='word_1_605' title='bbox 3299 4667 3461 4732; x_wconf 85' lang='grc' dir='ltr'>λεῖος.</span> <span class='ocrx_word' id='word_1_606' title='bbox 3495 4668 3732 4737; x_wconf 76' lang='grc' dir='ltr'>Μήποτε</span> 
     </span>
    </p>
   </div>
   <div class='ocr_carea' id='block_1_92' title="bbox 445 4756 2028 4832">
    <p class='ocr_par' dir='ltr' id='par_1_92' title="bbox 445 4756 2028 4832">
     <span class='ocr_line' id='line_1_92' title="bbox 445 4756 2028 4832; baseline -0.003 -18"><span class='ocrx_word' id='word_1_607' title='bbox 445 4778 530 4817; x_wconf 90' lang='lat' dir='ltr'><strong>me</strong></span> <span class='ocrx_word' id='word_1_608' title='bbox 563 4771 719 4832; x_wconf 84' lang='lat' dir='ltr'><strong>pater</strong></span> <span class='ocrx_word' id='word_1_609' title='bbox 753 4777 930 4826; x_wconf 85' lang='lat' dir='ltr'><strong>meus,</strong></span> <span class='ocrx_word' id='word_1_610' title='bbox 965 4767 1018 4815; x_wconf 89' lang='lat' dir='ltr'><strong>et</strong></span> <span class='ocrx_word' id='word_1_611' title='bbox 1049 4774 1147 4816; x_wconf 89' lang='lat' dir='ltr'><strong>ero</strong></span> <span class='ocrx_word' id='word_1_612' title='bbox 1171 4760 1226 4813; x_wconf 89' lang='lat' dir='ltr'><strong>in</strong></span> <span class='ocrx_word' id='word_1_613' title='bbox 1263 4767 1567 4828; x_wconf 87' lang='lat' dir='ltr'><strong>conspectu</strong></span> <span class='ocrx_word' id='word_1_614' title='bbox 1619 4756 1740 4824; x_wconf 81' lang='lat' dir='ltr'><strong>ejus</strong></span> <span class='ocrx_word' id='word_1_615' title='bbox 1778 4764 1838 4810; x_wconf 89' lang='lat' dir='ltr'><strong>ut</strong></span> <span class='ocrx_word' id='word_1_616' title='bbox 1877 4771 2028 4826; x_wconf 89' lang='lat' dir='ltr'><strong>sper-</strong></span> 
     </span>
    </p>
   </div>
   <div class='ocr_carea' id='block_1_93' title="bbox 2152 4756 3734 4832">
    <p class='ocr_par' dir='ltr' id='par_1_93' title="bbox 2152 4757 3734 4832">
     <span class='ocr_line' id='line_1_93' title="bbox 2152 4757 3734 4832; baseline -0.004 -15"><span class='ocrx_word' id='word_1_617' title='bbox 2152 4759 2442 4832; x_wconf 61' lang='grc' dir='ltr'>ἕκηλαφήσῃ</span> <span class='ocrx_word' id='word_1_618' title='bbox 2498 4775 2566 4830; x_wconf 86' lang='grc' dir='ltr'><strong>με</strong></span> <span class='ocrx_word' id='word_1_619' title='bbox 2609 4761 2638 4812; x_wconf 88' lang='grc' dir='ltr'>ὁ</span> <span class='ocrx_word' id='word_1_620' title='bbox 2688 4761 2872 4830; x_wconf 83' lang='grc' dir='ltr'>πατήρ</span> <span class='ocrx_word' id='word_1_621' title='bbox 2927 4776 3048 4830; x_wconf 86' lang='grc' dir='ltr'>μου,</span> <span class='ocrx_word' id='word_1_622' title='bbox 3100 4760 3196 4812; x_wconf 76' lang='grc' dir='ltr'>καὶ</span> <span class='ocrx_word' id='word_1_623' title='bbox 3244 4757 3442 4829; x_wconf 82' lang='grc' dir='ltr'>ἔσομαι</span> <span class='ocrx_word' id='word_1_624' title='bbox 3482 4758 3734 4812; x_wconf 83' lang='grc' dir='ltr'>ἐναντίον</span> 
     </span>
    </p>
   </div>
   <div class='ocr_carea' id='block_1_94' title="bbox 447 4848 2028 4923">
    <p class='ocr_par' dir='ltr' id='par_1_94' title="bbox 447 4848 2028 4920">
     <span class='ocr_line' id='line_1_94' title="bbox 447 4848 2028 4920; baseline -0.003 -14"><span class='ocrx_word' id='word_1_625' title='bbox 447 4869 582 4907; x_wconf 86' lang='lat' dir='ltr'><strong>nens</strong></span> <span class='ocrx_word' id='word_1_626' title='bbox 608 4872 620 4907; x_wconf 92' lang='lat'>:</span> <span class='ocrx_word' id='word_1_627' title='bbox 655 4863 710 4908; x_wconf 91' lang='lat' dir='ltr'><strong>et</strong></span> <span class='ocrx_word' id='word_1_628' title='bbox 741 4852 998 4906; x_wconf 86' lang='lat' dir='ltr'><strong>inducam</strong></span> <span class='ocrx_word' id='word_1_629' title='bbox 1031 4865 1198 4920; x_wconf 88' lang='lat' dir='ltr'><strong>super</strong></span> <span class='ocrx_word' id='word_1_630' title='bbox 1226 4865 1312 4904; x_wconf 90' lang='lat' dir='ltr'><strong>me</strong></span> <span class='ocrx_word' id='word_1_631' title='bbox 1343 4848 1810 4910; x_wconf 76' lang='lat' dir='ltr'><strong>maledictionem,</strong></span> <span class='ocrx_word' id='word_1_632' title='bbox 1845 4855 1900 4902; x_wconf 89' lang='lat' dir='ltr'><strong>et</strong></span> <span class='ocrx_word' id='word_1_633' title='bbox 1923 4861 2028 4902; x_wconf 91' lang='lat' dir='ltr'><strong>non</strong></span> 
     </span>
    </p>
   </div>
   <div class='ocr_carea' id='block_1_95' title="bbox 2152 4848 3734 4923">
    <p class='ocr_par' dir='ltr' id='par_1_95' title="bbox 2152 4849 3734 4923">
     <span class='ocr_line' id='line_1_95' title="bbox 2152 4849 3734 4923; baseline -0.001 -19"><span class='ocrx_word' id='word_1_634' title='bbox 2152 4851 2306 4904; x_wconf 72' lang='grc' dir='ltr'>κὺτοῦ</span> <span class='ocrx_word' id='word_1_635' title='bbox 2340 4852 2416 4916; x_wconf 83' lang='grc' dir='ltr'><strong>ὡς</strong></span> <span class='ocrx_word' id='word_1_636' title='bbox 2449 4850 2839 4923; x_wconf 84' lang='grc' dir='ltr'>καταφρονῶν·</span> <span class='ocrx_word' id='word_1_637' title='bbox 2869 4851 2964 4906; x_wconf 79' lang='grc' dir='ltr'>καὶ</span> <span class='ocrx_word' id='word_1_638' title='bbox 2998 4851 3183 4917; x_wconf 78' lang='grc' dir='ltr'>ἐπάξω</span> <span class='ocrx_word' id='word_1_639' title='bbox 3206 4851 3291 4903; x_wconf 87' lang='grc' dir='ltr'><strong>ἐπ’</strong></span> <span class='ocrx_word' id='word_1_640' title='bbox 3313 4849 3552 4922; x_wconf 80' lang='grc' dir='ltr'>ἐμαυτὸν</span> <span class='ocrx_word' id='word_1_641' title='bbox 3593 4867 3734 4904; x_wconf 74' lang='grc' dir='ltr'>κατ-</span> 
     </span>
    </p>
   </div>
   <div class='ocr_carea' id='block_1_96' title="bbox 445 4937 2028 5015">
    <p class='ocr_par' dir='ltr' id='par_1_96' title="bbox 445 4937 2028 5000">
     <span class='ocr_line' id='line_1_96' title="bbox 445 4937 2028 5000; baseline -0.004 -1"><span class='ocrx_word' id='word_1_642' title='bbox 445 4945 904 5000; x_wconf 86' lang='lat' dir='ltr'><strong>benedictionem.</strong></span> <span class='ocrx_word' id='word_1_643' title='bbox 931 4943 1077 4996; x_wconf 80' lang='lat' dir='ltr'><strong>Dixit</strong></span> <span class='ocrx_word' id='word_1_644' title='bbox 1106 4949 1290 4996; x_wconf 89' lang='lat' dir='ltr'><strong>autem</strong></span> <span class='ocrx_word' id='word_1_645' title='bbox 1320 4949 1492 4995; x_wconf 88' lang='lat' dir='ltr'><strong>mater</strong></span> <span class='ocrx_word' id='word_1_646' title='bbox 1519 4958 1532 4994; x_wconf 89' lang='lat'>:</span> <span class='ocrx_word' id='word_1_647' title='bbox 1567 4938 1627 4992; x_wconf 90' lang='lat' dir='ltr'><strong>In</strong></span> <span class='ocrx_word' id='word_1_648' title='bbox 1659 4953 1744 4992; x_wconf 91' lang='lat' dir='ltr'><strong>me</strong></span> <span class='ocrx_word' id='word_1_649' title='bbox 1778 4937 2028 4992; x_wconf 87' lang='lat' dir='ltr'><strong>sitmale-</strong></span> 
     </span>
    </p>
   </div>
   <div class='ocr_carea' id='block_1_97' title="bbox 2152 4937 3732 5015">
    <p class='ocr_par' dir='ltr' id='par_1_97' title="bbox 2152 4939 3732 5015">
     <span class='ocr_line' id='line_1_97' title="bbox 2152 4939 3732 5015; baseline -0.001 -17"><span class='ocrx_word' id='word_1_650' title='bbox 2152 4943 2302 5015; x_wconf 67' lang='grc' dir='ltr'>ἄρσιν,</span> <span class='ocrx_word' id='word_1_651' title='bbox 2335 4944 2431 4998; x_wconf 80' lang='grc' dir='ltr'>καὶ</span> <span class='ocrx_word' id='word_1_652' title='bbox 2485 4945 2586 4998; x_wconf 82' lang='grc' dir='ltr'>οὐκ</span> <span class='ocrx_word' id='word_1_653' title='bbox 2639 4943 2914 5014; x_wconf 83' lang='grc' dir='ltr'>εὐλογίαν.</span> <span class='ocrx_word' id='word_1_654' title='bbox 2951 4939 3083 4996; x_wconf 80' lang='grc' dir='ltr'>Εἷπε</span> <span class='ocrx_word' id='word_1_655' title='bbox 3119 4943 3174 4997; x_wconf 81' lang='grc' dir='ltr'>δὲ</span> <span class='ocrx_word' id='word_1_656' title='bbox 3209 4945 3395 5014; x_wconf 75' lang='grc' dir='ltr'>μήτηρ</span> <span class='ocrx_word' id='word_1_657' title='bbox 3417 4955 3430 4971; x_wconf 83' lang='lat'><strong><em>°</em></strong></span> <span class='ocrx_word' id='word_1_658' title='bbox 3477 4943 3598 4997; x_wconf 77' lang='grc' dir='ltr'>Ἐπ’</span> <span class='ocrx_word' id='word_1_659' title='bbox 3627 4943 3732 5014; x_wconf 73' lang='grc' dir='ltr'>ἐμὲ</span> 
     </span>
    </p>
   </div>
   <div class='ocr_carea' id='block_1_98' title="bbox 445 5027 2028 5104">
    <p class='ocr_par' dir='ltr' id='par_1_98' title="bbox 445 5027 2028 5100">
     <span class='ocr_line' id='line_1_98' title="bbox 445 5027 2028 5100; baseline -0.004 -11"><span class='ocrx_word' id='word_1_660' title='bbox 445 5035 613 5089; x_wconf 86' lang='lat' dir='ltr'><strong>dictio</strong></span> <span class='ocrx_word' id='word_1_661' title='bbox 671 5042 796 5100; x_wconf 88' lang='lat' dir='ltr'><strong>tua,</strong></span> <span class='ocrx_word' id='word_1_662' title='bbox 830 5034 942 5097; x_wconf 89' lang='lat' dir='ltr'><strong>ﬁli;</strong></span> <span class='ocrx_word' id='word_1_663' title='bbox 974 5033 1152 5088; x_wconf 90' lang='lat' dir='ltr'><strong>solum</strong></span> <span class='ocrx_word' id='word_1_664' title='bbox 1183 5032 1343 5087; x_wconf 87' lang='lat' dir='ltr'><strong>obedi</strong></span> <span class='ocrx_word' id='word_1_665' title='bbox 1369 5031 1485 5085; x_wconf 84' lang='lat' dir='ltr'><strong>voci</strong></span> <span class='ocrx_word' id='word_1_666' title='bbox 1520 5044 1672 5084; x_wconf 69' lang='lat' dir='ltr'><strong>more.</strong></span> <span class='ocrx_word' id='word_1_667' title='bbox 1719 5027 1786 5082; x_wconf 81' lang='lat' dir='ltr'><strong>Et</strong></span> <span class='ocrx_word' id='word_1_668' title='bbox 1833 5027 2028 5082; x_wconf 84' lang='lat' dir='ltr'><strong>vadens</strong></span> 
     </span>
    </p>
   </div>
   <div class='ocr_carea' id='block_1_99' title="bbox 2152 5027 3734 5104">
    <p class='ocr_par' dir='ltr' id='par_1_99' title="bbox 2152 5032 3734 5104">
     <span class='ocr_line' id='line_1_99' title="bbox 2152 5032 3734 5104; baseline 0.001 -18"><span class='ocrx_word' id='word_1_669' title='bbox 2152 5035 2176 5104; x_wconf 72' lang='grc'><strong>1]</strong></span> <span class='ocrx_word' id='word_1_670' title='bbox 2202 5033 2418 5104; x_wconf 86' lang='grc' dir='ltr'>κατάρα</span> <span class='ocrx_word' id='word_1_671' title='bbox 2456 5051 2573 5101; x_wconf 84' lang='grc' dir='ltr'>σου,</span> <span class='ocrx_word' id='word_1_672' title='bbox 2602 5032 2794 5086; x_wconf 84' lang='grc' dir='ltr'>τέκνον</span> <span class='ocrx_word' id='word_1_673' title='bbox 2818 5047 2831 5062; x_wconf 79' lang='grc'><strong><em>⁸</em></strong></span> <span class='ocrx_word' id='word_1_674' title='bbox 2875 5033 3040 5104; x_wconf 85' lang='grc' dir='ltr'>μόνον</span> <span class='ocrx_word' id='word_1_675' title='bbox 3067 5032 3377 5086; x_wconf 86' lang='grc' dir='ltr'>ὑπάκουσον</span> <span class='ocrx_word' id='word_1_676' title='bbox 3413 5032 3515 5102; x_wconf 83' lang='grc' dir='ltr'>τῆς</span> <span class='ocrx_word' id='word_1_677' title='bbox 3540 5033 3734 5104; x_wconf 74' lang='grc' dir='ltr'>φωνῆς</span> 
     </span>
    </p>
   </div>
   <div class='ocr_carea' id='block_1_100' title="bbox 447 5121 2028 5196">
    <p class='ocr_par' dir='ltr' id='par_1_100' title="bbox 447 5121 2028 5196">
     <span class='ocr_line' id='line_1_100' title="bbox 447 5121 2028 5196; baseline -0.003 -18"><span class='ocrx_word' id='word_1_678' title='bbox 447 5127 632 5180; x_wconf 81' lang='lat' dir='ltr'><strong>attulit</strong></span> <span class='ocrx_word' id='word_1_679' title='bbox 665 5127 826 5179; x_wconf 90' lang='lat' dir='ltr'><strong>matri</strong></span> <span class='ocrx_word' id='word_1_680' title='bbox 849 5139 987 5179; x_wconf 73' lang='lat' dir='ltr'><strong>suae.</strong></span> <span class='ocrx_word' id='word_1_681' title='bbox 1008 5126 1363 5196; x_wconf 84' lang='lat' dir='ltr'><strong>Etaecipiens</strong></span> <span class='ocrx_word' id='word_1_682' title='bbox 1391 5123 1636 5193; x_wconf 70' lang='lat' dir='ltr'><strong>Rebecca</strong></span> <span class='ocrx_word' id='word_1_683' title='bbox 1665 5121 1861 5175; x_wconf 86' lang='lat' dir='ltr'><strong>stulam</strong></span> <span class='ocrx_word' id='word_1_684' title='bbox 1888 5121 2028 5175; x_wconf 86' lang='lat' dir='ltr'><strong>Esau</strong></span> 
     </span>
    </p>
   </div>
   <div class='ocr_carea' id='block_1_101' title="bbox 2152 5121 3735 5196">
    <p class='ocr_par' dir='ltr' id='par_1_101' title="bbox 2152 5123 3735 5196">
     <span class='ocr_line' id='line_1_101' title="bbox 2152 5123 3735 5196; baseline 0.001 -19"><span class='ocrx_word' id='word_1_685' title='bbox 2152 5141 2269 5195; x_wconf 83' lang='grc' dir='ltr'>μου.</span> <span class='ocrx_word' id='word_1_686' title='bbox 2317 5125 2426 5178; x_wconf 80' lang='grc' dir='ltr'><strong>Καὶ</strong></span> <span class='ocrx_word' id='word_1_687' title='bbox 2469 5123 2756 5195; x_wconf 75' lang='grc' dir='ltr'>πορευθεὶς</span> <span class='ocrx_word' id='word_1_688' title='bbox 2807 5123 2997 5193; x_wconf 77' lang='grc' dir='ltr'>ἔνεγκε</span> <span class='ocrx_word' id='word_1_689' title='bbox 3049 5127 3114 5196; x_wconf 82' lang='grc' dir='ltr'>τῇ</span> <span class='ocrx_word' id='word_1_690' title='bbox 3166 5125 3335 5195; x_wconf 73' lang='grc' dir='ltr'>μητρὶ</span> <span class='ocrx_word' id='word_1_691' title='bbox 3391 5125 3598 5178; x_wconf 73' lang='grc' dir='ltr'>αὐτοῦ’</span> <span class='ocrx_word' id='word_1_692' title='bbox 3635 5127 3735 5178; x_wconf 80' lang='grc' dir='ltr'>καὶ</span> 
     </span>
    </p>
   </div>
   <div class='ocr_carea' id='block_1_102' title="bbox 447 5213 2028 5288">
    <p class='ocr_par' dir='ltr' id='par_1_102' title="bbox 447 5213 2028 5286">
     <span class='ocr_line' id='line_1_102' title="bbox 447 5213 2028 5286; baseline -0.003 -16"><span class='ocrx_word' id='word_1_693' title='bbox 447 5216 543 5271; x_wconf 79' lang='lat' dir='ltr'><strong>lilii</strong></span> <span class='ocrx_word' id='word_1_694' title='bbox 583 5216 668 5272; x_wconf 88' lang='lat' dir='ltr'><strong>sui</strong></span> <span class='ocrx_word' id='word_1_695' title='bbox 725 5216 961 5271; x_wconf 88' lang='lat' dir='ltr'><strong>senioris</strong></span> <span class='ocrx_word' id='word_1_696' title='bbox 989 5217 1296 5285; x_wconf 86' lang='lat' dir='ltr'><strong>pulchram,</strong></span> <span class='ocrx_word' id='word_1_697' title='bbox 1345 5231 1467 5286; x_wconf 73' lang='lat' dir='ltr'><strong>qua:</strong></span> <span class='ocrx_word' id='word_1_698' title='bbox 1515 5222 1633 5268; x_wconf 88' lang='lat' dir='ltr'><strong>erat</strong></span> <span class='ocrx_word' id='word_1_699' title='bbox 1670 5213 1813 5283; x_wconf 84' lang='lat' dir='ltr'><strong>apud</strong></span> <span class='ocrx_word' id='word_1_700' title='bbox 1858 5213 2028 5283; x_wconf 86' lang='lat' dir='ltr'><strong>ipsam</strong></span> 
     </span>
    </p>
   </div>
   <div class='ocr_carea' id='block_1_103' title="bbox 2152 5213 3734 5288">
    <p class='ocr_par' dir='ltr' id='par_1_103' title="bbox 2152 5215 3734 5288">
     <span class='ocr_line' id='line_1_103' title="bbox 2152 5215 3734 5288; baseline 0 -17"><span class='ocrx_word' id='word_1_701' title='bbox 2152 5215 2380 5272; x_wconf 67' lang='grc' dir='ltr'>λαϐοῦσα</span> <span class='ocrx_word' id='word_1_702' title='bbox 2418 5217 2686 5271; x_wconf 78' lang='grc' dir='ltr'>Ῥεϐέκκα</span> <span class='ocrx_word' id='word_1_703' title='bbox 2707 5216 2806 5287; x_wconf 85' lang='grc' dir='ltr'>τὴν</span> <span class='ocrx_word' id='word_1_704' title='bbox 2839 5217 3034 5288; x_wconf 73' lang='grc' dir='ltr'>στολὴν</span> <span class='ocrx_word' id='word_1_705' title='bbox 3072 5217 3246 5271; x_wconf 87' lang='grc' dir='ltr'><strong>Ἦσαῦ</strong></span> <span class='ocrx_word' id='word_1_706' title='bbox 3279 5217 3374 5271; x_wconf 83' lang='grc' dir='ltr'><strong>τοῦ</strong></span> <span class='ocrx_word' id='word_1_707' title='bbox 3399 5216 3517 5271; x_wconf 86' lang='grc' dir='ltr'>υίοῦ</span> <span class='ocrx_word' id='word_1_708' title='bbox 3552 5217 3734 5286; x_wconf 82' lang='grc' dir='ltr'>αὐτῆς</span> 
     </span>
    </p>
   </div>
   <div class='ocr_carea' id='block_1_104' title="bbox 447 5304 2028 5384">
    <p class='ocr_par' dir='ltr' id='par_1_104' title="bbox 447 5304 2028 5376">
     <span class='ocr_line' id='line_1_104' title="bbox 447 5304 2028 5376; baseline -0.004 -14"><span class='ocrx_word' id='word_1_709' title='bbox 447 5308 615 5375; x_wconf 91' lang='lat' dir='ltr'><strong>domi,</strong></span> <span class='ocrx_word' id='word_1_710' title='bbox 649 5307 827 5363; x_wconf 90' lang='lat' dir='ltr'><strong>induit</strong></span> <span class='ocrx_word' id='word_1_711' title='bbox 847 5306 1016 5364; x_wconf 84' lang='lat' dir='ltr'><strong>Jacob</strong></span> <span class='ocrx_word' id='word_1_712' title='bbox 1047 5308 1216 5362; x_wconf 87' lang='lat' dir='ltr'><strong>lilium</strong></span> <span class='ocrx_word' id='word_1_713' title='bbox 1255 5307 1729 5376; x_wconf 84' lang='lat' dir='ltr'><strong>suumjuuiorem,</strong></span> <span class='ocrx_word' id='word_1_714' title='bbox 1775 5313 1830 5359; x_wconf 91' lang='lat' dir='ltr'><strong>et</strong></span> <span class='ocrx_word' id='word_1_715' title='bbox 1873 5304 2028 5374; x_wconf 77' lang='lat' dir='ltr'><strong>pelles</strong></span> 
     </span>
    </p>
   </div>
   <div class='ocr_carea' id='block_1_105' title="bbox 2152 5304 3734 5384">
    <p class='ocr_par' dir='ltr' id='par_1_105' title="bbox 2152 5305 3734 5384">
     <span class='ocr_line' id='line_1_105' title="bbox 2152 5305 3734 5384; baseline 0.001 -21"><span class='ocrx_word' id='word_1_716' title='bbox 2152 5308 2233 5363; x_wconf 70' lang='grc' dir='ltr'>τοῦ</span> <span class='ocrx_word' id='word_1_717' title='bbox 2282 5309 2660 5380; x_wconf 83' lang='grc' dir='ltr'>πρεσϐυτέρου</span> <span class='ocrx_word' id='word_1_718' title='bbox 2709 5311 2809 5380; x_wconf 82' lang='grc' dir='ltr'>τὴν</span> <span class='ocrx_word' id='word_1_719' title='bbox 2857 5309 3048 5381; x_wconf 76' lang='grc' dir='ltr'>καλὴν,</span> <span class='ocrx_word' id='word_1_720' title='bbox 3077 5309 3112 5380; x_wconf 82' lang='grc' dir='ltr'>ἢ</span> <span class='ocrx_word' id='word_1_721' title='bbox 3161 5305 3226 5384; x_wconf 75' lang='grc' dir='ltr'>ἦν</span> <span class='ocrx_word' id='word_1_722' title='bbox 3279 5311 3410 5382; x_wconf 84' lang='grc' dir='ltr'>παρ’</span> <span class='ocrx_word' id='word_1_723' title='bbox 3454 5310 3631 5382; x_wconf 77' lang='grc' dir='ltr'>αὐτὴν</span> <span class='ocrx_word' id='word_1_724' title='bbox 3669 5311 3734 5364; x_wconf 82' lang='grc' dir='ltr'><strong>ἐν</strong></span> 
     </span>
    </p>
   </div>
   <div class='ocr_carea' id='block_1_106' title="bbox 447 5397 2028 5474">
    <p class='ocr_par' dir='ltr' id='par_1_106' title="bbox 447 5397 2028 5470">
     <span class='ocr_line' id='line_1_106' title="bbox 447 5397 2028 5470; baseline -0.004 -15"><span class='ocrx_word' id='word_1_725' title='bbox 447 5400 730 5455; x_wconf 59' lang='lat' dir='ltr'><strong>haedorum</strong></span> <span class='ocrx_word' id='word_1_726' title='bbox 769 5400 1173 5470; x_wconf 87' lang='lat' dir='ltr'><strong>circumposuit</strong></span> <span class='ocrx_word' id='word_1_727' title='bbox 1230 5399 1438 5454; x_wconf 81' lang='lat' dir='ltr'><strong>circum</strong></span> <span class='ocrx_word' id='word_1_728' title='bbox 1499 5397 1723 5453; x_wconf 84' lang='lat' dir='ltr'><strong>brachia</strong></span> <span class='ocrx_word' id='word_1_729' title='bbox 1781 5397 1924 5465; x_wconf 89' lang='lat' dir='ltr'><strong>ejus,</strong></span> <span class='ocrx_word' id='word_1_730' title='bbox 1985 5404 2028 5452; x_wconf 84' lang='lat' dir='ltr'><strong>el</strong></span> 
     </span>
    </p>
   </div>
   <div class='ocr_carea' id='block_1_107' title="bbox 2152 5397 3733 5474">
    <p class='ocr_par' dir='ltr' id='par_1_107' title="bbox 2152 5397 3733 5474">
     <span class='ocr_line' id='line_1_107' title="bbox 2152 5397 3733 5474; baseline 0.001 -18"><span class='ocrx_word' id='word_1_731' title='bbox 2152 5401 2216 5472; x_wconf 74' lang='grc' dir='ltr'>τῷ</span> <span class='ocrx_word' id='word_1_732' title='bbox 2245 5397 2400 5474; x_wconf 79' lang='grc' dir='ltr'>οἴκῳ,</span> <span class='ocrx_word' id='word_1_733' title='bbox 2428 5401 2644 5456; x_wconf 85' lang='grc' dir='ltr'>ἐνέδυσε</span> <span class='ocrx_word' id='word_1_734' title='bbox 2692 5401 2887 5455; x_wconf 86' lang='grc' dir='ltr'>Ἰακὼϐ</span> <span class='ocrx_word' id='word_1_735' title='bbox 2921 5403 3011 5456; x_wconf 73' lang='grc' dir='ltr'><strong>τδν</strong></span> <span class='ocrx_word' id='word_1_736' title='bbox 3047 5403 3160 5456; x_wconf 79' lang='grc' dir='ltr'>υἱὸν</span> <span class='ocrx_word' id='word_1_737' title='bbox 3195 5403 3363 5474; x_wconf 81' lang='grc' dir='ltr'>αὐτῆς</span> <span class='ocrx_word' id='word_1_738' title='bbox 3401 5403 3493 5456; x_wconf 76' lang='grc' dir='ltr'>τὸν</span> <span class='ocrx_word' id='word_1_739' title='bbox 3525 5403 3733 5457; x_wconf 60' lang='lat' dir='ltr'><strong>vadit:-</strong></span> 
     </span>
    </p>
   </div>
   <div class='ocr_carea' id='block_1_108' title="bbox 447 5487 2028 5565">
    <p class='ocr_par' dir='ltr' id='par_1_108' title="bbox 447 5487 2028 5560">
     <span class='ocr_line' id='line_1_108' title="bbox 447 5487 2028 5560; baseline -0.003 -15"><span class='ocrx_word' id='word_1_740' title='bbox 447 5507 612 5560; x_wconf 82' lang='lat' dir='ltr'><strong>super</strong></span> <span class='ocrx_word' id='word_1_741' title='bbox 661 5491 806 5546; x_wconf 83' lang='lat' dir='ltr'><strong>nuda</strong></span> <span class='ocrx_word' id='word_1_742' title='bbox 853 5491 980 5545; x_wconf 87' lang='lat' dir='ltr'><strong>colli</strong></span> <span class='ocrx_word' id='word_1_743' title='bbox 1043 5491 1288 5560; x_wconf 82' lang='lat' dir='ltr'><strong>ejus;et</strong></span> <span class='ocrx_word' id='word_1_744' title='bbox 1313 5491 1463 5546; x_wconf 87' lang='lat' dir='ltr'><strong>dedit</strong></span> <span class='ocrx_word' id='word_1_745' title='bbox 1526 5503 1684 5544; x_wconf 85' lang='lat' dir='ltr'><strong>escas</strong></span> <span class='ocrx_word' id='word_1_746' title='bbox 1740 5487 1795 5541; x_wconf 86' lang='lat' dir='ltr'><strong>in</strong></span> <span class='ocrx_word' id='word_1_747' title='bbox 1837 5502 2028 5541; x_wconf 85' lang='lat' dir='ltr'><strong>manus</strong></span> 
     </span>
    </p>
   </div>
   <div class='ocr_carea' id='block_1_109' title="bbox 2152 5487 3736 5565">
    <p class='ocr_par' dir='ltr' id='par_1_109' title="bbox 2152 5490 3736 5565">
     <span class='ocr_line' id='line_1_109' title="bbox 2152 5490 3736 5565; baseline 0.002 -22"><span class='ocrx_word' id='word_1_748' title='bbox 2152 5507 2254 5555; x_wconf 67' lang='grc' dir='ltr'>ιον,</span> <span class='ocrx_word' id='word_1_749' title='bbox 2292 5490 2491 5545; x_wconf 76' lang='grc' dir='ltr'>καὶτὰ</span> <span class='ocrx_word' id='word_1_750' title='bbox 2525 5490 2784 5562; x_wconf 81' lang='grc' dir='ltr'>δέρματα·</span> <span class='ocrx_word' id='word_1_751' title='bbox 2835 5492 2945 5545; x_wconf 84' lang='grc' dir='ltr'>τῶν</span> <span class='ocrx_word' id='word_1_752' title='bbox 2997 5492 3201 5564; x_wconf 74' lang='grc' dir='ltr'>ἐρίφων</span> <span class='ocrx_word' id='word_1_753' title='bbox 3248 5493 3544 5564; x_wconf 82' lang='grc' dir='ltr'>περιέθηκε</span> <span class='ocrx_word' id='word_1_754' title='bbox 3599 5495 3736 5565; x_wconf 71' lang='grc' dir='ltr'>περὶ</span> 
     </span>
    </p>
   </div>
   <div class='ocr_carea' id='block_1_110' title="bbox 445 5583 2028 5662">
    <p class='ocr_par' dir='ltr' id='par_1_110' title="bbox 445 5583 1716 5656">
     <span class='ocr_line' id='line_1_110' title="bbox 445 5583 1716 5656; baseline -0.003 -18"><span class='ocrx_word' id='word_1_755' title='bbox 445 5583 617 5639; x_wconf 77' lang='lat' dir='ltr'><strong>Jacob</strong></span> <span class='ocrx_word' id='word_1_756' title='bbox 645 5585 740 5638; x_wconf 89' lang='lat' dir='ltr'><strong>ﬁlii</strong></span> <span class='ocrx_word' id='word_1_757' title='bbox 789 5585 898 5649; x_wconf 89' lang='lat' dir='ltr'><strong>sui,</strong></span> <span class='ocrx_word' id='word_1_758' title='bbox 947 5600 1088 5656; x_wconf 90' lang='lat' dir='ltr'><strong>quas</strong></span> <span class='ocrx_word' id='word_1_759' title='bbox 1119 5585 1305 5640; x_wconf 87' lang='lat' dir='ltr'><strong>intulit</strong></span> <span class='ocrx_word' id='word_1_760' title='bbox 1342 5585 1484 5655; x_wconf 84' lang='lat' dir='ltr'><strong>patri</strong></span> <span class='ocrx_word' id='word_1_761' title='bbox 1533 5600 1654 5639; x_wconf 90' lang='lat' dir='ltr'><strong>suo.</strong></span> <span class='ocrx_word' id='word_1_762' title='bbox 1697 5603 1716 5634; x_wconf 72' lang='grc' dir='ltr'><strong>ι</strong></span> 
     </span>
    </p>
   </div>
   <div class='ocr_carea' id='block_1_111' title="bbox 2152 5583 3734 5662">
    <p class='ocr_par' dir='ltr' id='par_1_111' title="bbox 2152 5585 3734 5662">
     <span class='ocr_line' id='line_1_111' title="bbox 2152 5585 3734 5662; baseline 0.005 -27"><span class='ocrx_word' id='word_1_763' title='bbox 2152 5585 2266 5646; x_wconf 71' lang='grc' dir='ltr'>τοὺς</span> <span class='ocrx_word' id='word_1_764' title='bbox 2297 5585 2588 5658; x_wconf 79' lang='grc' dir='ltr'>βραχίονας</span> <span class='ocrx_word' id='word_1_765' title='bbox 2619 5588 2807 5655; x_wconf 79' lang='grc' dir='ltr'>αὑτοῦ,</span> <span class='ocrx_word' id='word_1_766' title='bbox 2851 5589 2944 5642; x_wconf 74' lang='grc' dir='ltr'>καὶ</span> <span class='ocrx_word' id='word_1_767' title='bbox 2977 5589 3071 5642; x_wconf 79' lang='grc' dir='ltr'>ἐπὶ</span> <span class='ocrx_word' id='word_1_768' title='bbox 3113 5589 3182 5642; x_wconf 83' lang='grc' dir='ltr'><strong>τά</strong></span> <span class='ocrx_word' id='word_1_769' title='bbox 3233 5589 3418 5661; x_wconf 81' lang='grc' dir='ltr'>γυμνὰ</span> <span class='ocrx_word' id='word_1_770' title='bbox 3463 5590 3558 5644; x_wconf 83' lang='grc' dir='ltr'>τοῦ</span> <span class='ocrx_word' id='word_1_771' title='bbox 3589 5608 3734 5662; x_wconf 82' lang='grc' dir='ltr'>τρα-</span> 
     </span>
    </p>
   </div>
   <div class='ocr_carea' id='block_1_112' title="bbox 448 5676 3730 5779">
    <p class='ocr_par' dir='ltr' id='par_1_112' title="bbox 448 5676 3730 5779">
     <span class='ocr_line' id='line_1_112' title="bbox 448 5676 3730 5779; baseline 0.001 -50"><span class='ocrx_word' id='word_1_772' title='bbox 448 5676 615 5779; x_wconf 49' lang='grc' dir='ltr'>χίιλου</span> <span class='ocrx_word' id='word_1_773' title='bbox 651 5679 838 5741; x_wconf 75' lang='grc' dir='ltr'>αὐτοῦ,</span> <span class='ocrx_word' id='word_1_774' title='bbox 881 5681 977 5735; x_wconf 78' lang='grc' dir='ltr'>καὶ</span> <span class='ocrx_word' id='word_1_775' title='bbox 1002 5680 1169 5746; x_wconf 76' lang='grc' dir='ltr'>ἔδωκε</span> <span class='ocrx_word' id='word_1_776' title='bbox 1200 5680 1268 5734; x_wconf 75' lang='grc' dir='ltr'><strong>τὰ</strong></span> <span class='ocrx_word' id='word_1_777' title='bbox 1298 5681 1570 5750; x_wconf 73' lang='grc' dir='ltr'>ἐδέσματα</span> <span class='ocrx_word' id='word_1_778' title='bbox 1609 5681 1688 5744; x_wconf 85' lang='grc' dir='ltr'><strong>εἰς</strong></span> <span class='ocrx_word' id='word_1_779' title='bbox 1712 5678 1808 5743; x_wconf 64' lang='grc' dir='ltr'><strong>τὰς</strong></span> <span class='ocrx_word' id='word_1_780' title='bbox 1846 5680 2036 5749; x_wconf 85' lang='grc' dir='ltr'>χεῖρας</span> <span class='ocrx_word' id='word_1_781' title='bbox 2088 5677 2285 5732; x_wconf 83' lang='grc' dir='ltr'>Ἰακὼϐ</span> <span class='ocrx_word' id='word_1_782' title='bbox 2311 5679 2406 5733; x_wconf 83' lang='grc' dir='ltr'><strong>τοῦ</strong></span> <span class='ocrx_word' id='word_1_783' title='bbox 2441 5681 2558 5735; x_wconf 83' lang='grc' dir='ltr'>υἱοῦ</span> <span class='ocrx_word' id='word_1_784' title='bbox 2603 5683 2798 5755; x_wconf 78' lang='grc' dir='ltr'>αὐτῆς,</span> <span class='ocrx_word' id='word_1_785' title='bbox 2848 5683 2943 5737; x_wconf 71' lang='grc' dir='ltr'>καὶ</span> <span class='ocrx_word' id='word_1_786' title='bbox 2987 5683 3306 5754; x_wconf 63' lang='grc' dir='ltr'>εἰσήνεγκεν</span> <span class='ocrx_word' id='word_1_787' title='bbox 3387 5681 3467 5754; x_wconf 76' lang='grc' dir='ltr'>τῷ</span> <span class='ocrx_word' id='word_1_788' title='bbox 3547 5681 3730 5756; x_wconf 75' lang='grc' dir='ltr'>πατρὶ</span> 
     </span>
    </p>
   </div>
   <div class='ocr_carea' id='block_1_113' title="bbox 447 5787 696 5825">
    <p class='ocr_par' dir='ltr' id='par_1_113' title="bbox 447 5787 696 5825">
     <span class='ocr_line' id='line_1_113' title="bbox 447 5787 696 5825; baseline 0 -1"><span class='ocrx_word' id='word_1_789' title='bbox 447 5787 638 5825; x_wconf 70' lang='grc' dir='ltr'>αυτου.</span> <span class='ocrx_word' id='word_1_790' title='bbox 677 5789 696 5824; x_wconf 65' lang='grc' dir='ltr'><strong>θ</strong></span> 
     </span>
    </p>
   </div>
  </div>
