3986 6382
410 291 581 391 ’.σεε-ι

1626 304 1690 364 S.
1717 292 2039 365 JOANNIS
2079 290 2518 357 DAMASCENI

3576 275 3735 368 122s

438 437 804 511 quoadusque
887 423 1094 482 reversi
1161 429 1369 487 erunt,
1440 416 1535 490 qui
1617 416 2028 489 persequuntur

2162 405 2348 478 ρεινὴν
2382 405 2678 474 ἀπέλθατε,
2712 409 2789 480 μὴ
2832 411 3240 480 συναντήσωοιν
3268 413 3318 468 ot
3353 415 3728 472 καταδιώκον-

427 546 568 588 Ὕθθ.
610 547 630 583 ι

517 710 544 765 1
581 707 708 777 Reg.
740 717 851 767 xvt,
893 701 943 754 Ι.
971 727 1040 740 -—
1077 717 1096 752 ι
1131 695 1282 752 Dixit
1321 692 1587 750 Dominus
1633 688 1705 746 ad
1750 685 2028 777 Samuel:

449 801 619 873 Imple
658 772 854 855 'cornu
899 802 1061 848 tuum
1114 789 1270 854 oleo,
1327 796 1383 842 ct
1435 782 1586 847 veni,
1627 778 1851 873 mittam
1881 772 2033 873 te_in

448 867 726 950 Bethleem
771 887 840 945 ad
882 884 1071 948 Jessae,
1115 879 1278 954 367
1323 878 1455 950 quia
1499 872 1613 928 vidi
1665 870 1722 926 in
1756 868 1886 924 filiis
1909 867 2034 939 ejus

449 985 585 1040 mihi
646 995 854 1054 regem.
886 975 954 1031 Et
980 974 1122 1031 dixit
1161 968 1389 1027 Samuel
1431 985 1446 1023 :
1487 961 1779 1054 Quomodo
1815 959 1948 1054 ibo?
1977 969 2036 1014 ct

448 1076 636 1132 audiet
668 1052 823 1139 Saul,
853 1078 910 1126 et
943 1064 1235 1124 interficiet
1272 1075 1380 1117 me.
1411 1057 1481 1115 Et
1528 1055 1670 1114 dixit
1709 1052 1981 1109 Dominus
2016 1066 2030 1105 :

458 1166 698 1224 Vitulam
716 1163 887 1220 boum
922 1172 1056 1231 cape
1084 1157 1140 1214 in
1160 1169 1329 1212 manu
1359 1159 1476 1218 tua,
1507 1159 1561 1206 et
1583 1147 1738 1204 dices
1770 1165 1785 1202 :
1830 1144 1912 1199 Ad
1947 1156 2036 1199 sa-

450 1258 817 1318 crificandum
867 1251 1105 1310 Domino
1144 1247 1331 1306 venio.
1392 1245 1463 1303 Et
1509 1240 1735 1300 vocabis
1781 1237 1951 1295 Jessaa
1979 1241 2036 1292 et

452 1351 600 1406 filios
621 1348 744 1420 ejus
806 1343 876 1400 ad
916 1339 1279 1405 sacriﬁcium,
1331 1345 1388 1392 et
1433 1348 1610 1406 unges
1651 1340 2036 1402 quemcunque

449 1441 644 1498 dixero
668 1435 793 1493 tibi.
815 1433 884 1490 Et
915 1432 1044 1489 fecit
1071 1427 1298 1486 Samuel
1322 1426 1527 1491 omnia
1557 1437 1680 1494 qua
1706 1421 1928 1478 locutus
1951 1425 2036 1475 est

450 1531 718 1588 Dominus
741 1527 812 1583 ei.
846 1543 866 1578 ι

518 1620 703 1677 Schol.
726 1616 866 1674 Hinc
900 1615 1171 1672 discimus
1203 1609 1480 1667 interdum
1505 1612 1662 1662 certo
1681 1603 1918 1661 consilio
1949 1601 2040 1657 ad.

2129 511 2221 562 τες
2242 499 2408 570 ὑμᾶς,
2435 500 2532 553 καὶ
2561 499 2904 572 κρυϐήσεσθε
2932 503 3052 557 ἐκεῖ
3078 505 3228 575 τρεῖς
3259 504 3626 577 ἢμέρας,ἐως
3657 509 3729 566 ἂν

2130 591 2547 663 ἀναστρέψωσιν
2576 593 2628 647 οί
2663 593 3119 661 καταδιώκοντες.
3156 614 3177 652 ι

2209 703 2228 737 ι
2265 682 2402 740 Εἷπε
2435 685 2642 758 Κύριος
2694 687 2832 758 πρὸς
2865 687 3124 762 Σαμουήλ
3145 706 3159 720 ·
3193 689 3411 763 Πλῆσον
3441 692 3502 747 τὺ
3553 693 3727 766 κέρας

2133 793 2227 830 σου
2259 776 2464 842 ἐλαίου,
2533 777 2627 832 καὶ
2671 778 2834 849 δεῦρο
2880 782 3189 837 ἀποστείλω
3243 801 3304 837 σε
3353 787 3434 848 είς
3472 785 3726 859 Βηθλεὲμ

2133 865 2272 939 πρὸς
2318 867 2540 933 Ἰεσσαὶ,
2585 867 2668 920 ὅτι
2721 867 2949 939 ἑώρακα
2977 872 3036 924 ἐν
3067 873 3183 936 τοῖς
3217 873 3354 938 υίοῖς
3403 873 3574 929 αὐτοῦ
3599 879 3732 948 ἐμοὶ

2132 958 2214 1024 είς
2245 959 2492 1030 βασιλέα.
2523 961 2635 1014 Καὶ
2675 957 2799 1016 εἷπε
2832 963 3108 1036 Σαμουὴλ,
3145 965 3274 1031 Πῶς
3303 968 3600 1040 Μρευθῶς
3633 974 3735 1025 καὶ

2133 1052 2429 1108 ἀκούσεται
2463 1053 2656 1120 Σαοὺλ,
2691 1054 2786 1108 καὶ
2823 1055 3120 1112 ἀποκτενεῖ
3156 1075 3248 1130 με.
3290 1061 3405 1115 Καὶ
3446 1059 3571 1117 εἷπε
3612 1065 3735 1118 Κύ-

2136 1161 2283 1218 ριος*
2317 1144 2563 1217 Δάμαλιν
2589 1145 2731 1217 βοῶν
2764 1145 2898 1202 λάϐε
2929 1150 2988 1203 ἐν
3009 1151 3076 1221 τῇ
3112 1150 3260 1222 χειρί
3284 1169 3402 1220 σου,
3426 1154 3522 1208 καὶ
3555 1156 3738 1227 ἐρεῖς.

2133 1234 2306 1290 Θῦσαι
2339 1235 2422 1308 τῷ
2443 1237 2634 1308 Κυρίῳ
2657 1237 2799 1309 ἥκω.
2835 1238 2944 1293 Καὶ
2974 1238 3230 1306 καλέσεις
3268 1242 3364 1297 τὸν
3406 1243 3606 1301 Ἰεσσαὶ
3637 1247 3742 1299 καὶ

2133 1328 2262 1395 τοὺς
2285 1329 2434 1394 υἱοὺς
2461 1328 2624 1385 αὐτοῦ
2669 1331 2751 1394 είς
2794 1331 2894 1404 τὴν
2925 1331 3139 1400 θυσίαν,
3185 1335 3283 1389 καὶ
3319 1335 3530 1409 χρίσεις
3561 1339 3625 1392 ὃν
3669 1338 3743 1391 ἂν

2136 1422 2276 1476 είπω
2311 1439 2415 1478 σοι.
2468 1422 2583 1477 Καὶ
2629 1422 2886 1496 ἐποίησεν
2931 1426 2960 1479 6
3005 1426 3286 1500 Σαμουὴλ,
3320 1428 3423 1484 ὅσα
3459 1429 3743 1502 ἐλάλησεν

2137 1512 2286 1586 αὐτῷ
2309 1513 2534 1588 Κύριος.
2583 1532 2603 1567 ι

2209 1605 2486 1676 Σχόλιον.
2534 1606 2813 1662 Ἐντεῦθεν
2847 1607 3215 1683 διδασκόμεθα
3238 1612 3298 1666 ἐν
3323 1613 3489 1680 ἐνίοις
3517 1616 3739 1671 οίκονο-

447 1711 818 1775 ministranda
845 1723 972 1767 esse
1012 1704 1266 1778 negotia,
1306 1715 1408 1758 nec
1454 1713 1671 1770 semper
1699 1693 2036 1751 auctoritate

2159 1698 2268 1800 ιεῖν
2295 1698 2486 1807 χρείαν
2524 1694 2665 1754 εἶναι
2697 1699 2768 1755 τὰ
2797 1701 3123 1773 πράγματα,
3149 1703 3246 1758 καὶ
3285 1705 3365 1777 τῷ
3409 1706 3583 1778 ὄγκῳ,
3639 1710 3743 1762 καὶ

447 1821 501 1866 ct
530 1805 821 1880 p0lestatis
851 1798 1220 1874 amplitudine
1250 1793 1542 1852 utendum.
1574 1787 2033 1860 Quandoquidem

2248 1789 2489 1880 μεγέθει
2516 1789 2617 1859 τῆς
2650 1789 2899 1856 ἐξουσίας
2935 1793 3263 1864 κεχρῆσθαι.
3317 1794 3378 1849 '0
3419 1796 3531 1868 γάρ
3567 1796 3740 1862 Θεὸς,

453 1902 622 1968 Deus,
670 1897 766 1969 qui
811 1895 901 1952 vel
951 1905 1208 1950 sermone
1252 1887 1372 1947 solo
1431 1900 1523 1942 res
1571 1897 1767 1939 omnes
1809 1887 1957 1937 tenet
1983 1889 2040 1936 et

449 1992 614 2064 regit,
645 1998 701 2046 et
743 1984 996 2042 funditus
1043 1981 1269 2039 Saulem
1319 1976 1682 2047 exstinguere
1721 1981 1779 2030 et
1805 1973 1862 2028 in
1893 1970 2040 2026 nihi-

450 2085 565 2139 lum
601 2078 858 2150 redigere
910 2079 1153 2140 poterat,
1205 2067 1502 2142 imperavit
1548 2064 1796 2132 Samuel,
1825 2071 1886 2119 ut
1919 2073 2038 2118 arte

451 2173 696 2246 quadam
736 2166 1216 2243 percontationem
1245 2162 1370 2234 eius
1408 2158 1684 2216 eluderet.

524 2265 552 2321 1
581 2263 709 2335 Reg.
741 2275 860 2329 xix,
907 2257 1094 2316 ηομ.
1135 2282 1206 2296 -ο
1241 2272 1261 2307 ι
1315 2251 1665 2310 Descendere
1715 2247 1851 2304 facit
1906 2244 2040 2304 Mel-

451 2357 578 2415 cliol
608 2353 779 2411 David
818 2343 933 2424 per
961 2349 1300 2406 fenestram:
1355 2353 1412 2401 et
1456 2342 1624 2414 fugit,
1660 2349 1717 2398 et
1765 2340 2037 2404 salvatur,

455 2447 522 2504 Et
553 2445 770 2518 accepit
822 2440 1063 2498 Melchol
1121 2435 1473 2507 cenotapbia,
1517 2439 1574 2490 et
1626 2431 1816 2503 posuit
1872 2445 2043 2502 super

455 2544 658 2597 lectum
684 2579 702 2604 ,
732 2545 786 2593 et
813 2535 977 2608 jecur
1017 2545 1340 2604 caprarum,
1375 2535 1428 2584 et
1461 2523 1766 2598 stragulum
1809 2521 2041 2594 capillo-

453 2647 576 2688 rum
595 2630 780 2704 posuit
807 2627 877 2684 ad
905 2633 1074 2698 caput
1098 2623 1242 2695 ejus,
1267 2629 1324 2678 et
1346 2618 1568 2692 aperuit
1596 2631 1662 2674 ea
1685 2616 2038 2672 vestimento.

454 2721 522 2776 Et
556 2719 712 2777 misit
746 2717 882 2775 Saul
942 2713 1172 2771 nuntios
1208 2711 1276 2766 ad
1337 2706 1669 2782 capiendum
1723 2705 1933 2763 David:
1986 2713 2042 2762 et

453 2812 594 2869 dixit
623 2808 880 2879 Melchol,
909 2807 1070 2864 illum
1105 2812 1402 2878 :egrotare.
1444 2821 1464 2856 ι

528 2898 982 2960 [insilit—Non
1042 2899 1100 2954 in
1156 2897 1318 2954 bellis
1353 2895 1540 2964 modo,
1607 2895 1707 2953 sed
1763 2895 1928 2950 etiam
1983 2894 2040 2948 in

456 3011 615 3066 pace,
667 2995 951 3065 ingentem
999 2998 1156 3046 astus
1202 2988 1503 3044 utilitatem
1541 2995 1596 3044 et
1646 2986 2038 3044 necessitatem

2139 1881 2168 1934 6
2196 1879 2342 1952 λόγῳ
2383 1881 2604 1936 πάντων
2635 1881 2878 1953 κρατῶν,
2936 1883 3032 1938 καὶ
3081 1883 3379 1957 δυνάμενος
3409 1888 3501 1940 τὸν
3552 1888 3745 1943 Σαοὺλ

2139 1973 2312 2045 ἄρδην
2339 1973 2627 2045 ἀφανίσαι,
2655 1974 2752 2030 καὶ
2779 1976 2860 2040 είς
2892 1974 2954 2029 τδ
2983 1975 3335 2050 ἀνύπαρκτον
3361 1981 3739 2052 καταστῆσαι.

2141 2064 2398 2138 ἐνέτρεψε
2447 2065 2527 2138 τῷ
2571 2066 2830 2140 Σαμουὴλ
2869 2067 3080 2141 μεθόδῳ
3135 2068 3247 2125 τινὶ
3274 2071 3744 2143 ἀποκρούσασθαι

2139 2158 2238 2232 τὴν
2267 2159 2360 2214 ὑπ’
2389 2159 2556 2214 αὐτοῦ
2590 2159 2893 2234 γενομένην
2925 2159 3140 2216 πεῦσιν.

2217 2268 2236 2302 ι
2275 2251 2525 2320 Κατάγει
2554 2249 2788 2322 Μελχὼλ
2825 2249 2919 2306 τὸν
2947 2250 3114 2306 Δαϐὶδ
3127 2251 3220 2306 διὰ
3239 2253 3340 2326 τῆς
3369 2253 3614 2326 θυρίδος,
3643 2256 3743 2311 καὶ

2141 2339 2365 2412 ἔφυγεν,
2397 2344 2492 2396 κα)⁵
2517 2340 2772 2408 σώζεται.
2815 2342 2928 2397 Καὶ
2954 2342 3116 2398 ἔλαϐε
3161 2344 3400 2417 Μελχὼλ
3449 2347 3524 2401 τὰ
3573 2365 3740 2402 κενο-

2141 2433 2334 2504 τάφια,
2361 2433 2456 2488 καὶ
2485 2434 2684 2506 ἔθηκεν
2709 2434 2803 2490 ἐπὶ
2821 2435 2921 2508 τὴν
2949 2437 3163 2509 κλίνην,
3198 2438 3294 2492 καὶ
3331 2433 3490 2512 ἧπαρ
3531 2441 3742 2508 αἰγῶν,

2141 2527 2238 2581 καὶ
2271 2528 2676 2600 στρογγύλωμα
2714 2527 2942 2599 τριχῶν,
2985 2529 3080 2584 καὶ
3107 2525 3274 2602 ἔθηκε
3312 2532 3453 2605 πρὸς
3487 2534 3740 2603 κεφαλῆς

2142 2617 2330 2685 αὑτοῦ,
2387 2621 2483 2673 καὶ
2534 2619 2808 2691 ἐκάλυψεν
2844 2620 2988 2676 αὐτὰ
3022 2621 3258 2695 ίματίῳ·
3305 2624 3401 2678 καὶ
3443 2625 3739 2680 ἀπέστειλε

2143 2709 2318 2762 Σαοὺλ
2347 2709 2616 2779 ἀγγέλους
2643 2708 2832 2765 λαϐεῖν
2863 2710 2954 2768 τὸν
2984 2710 3150 2766 Δαϐίδ
3169 2728 3183 2742 ο
3217 2712 3316 2767 καὶ
3347 2708 3472 2767 εἷπε
3501 2713 3740 2784 Μελχὼλ

2142 2801 2476 2873 ἐνοχλεῖσθαι
2495 2803 2678 2858 αὐτόν.
2723 2821 2743 2854 ι

2221 2896 2335 2950 Οὐκ
2365 2896 2424 2950 ἐν
2451 2899 2563 2960 τοῖς
2597 2896 2858 2969 πολέμοις
2885 2897 3070 2968 μόνον,
3093 2897 3239 2955 ἀλλὰ
3285 2900 3382 2954 καὶ
3430 2899 3492 2952 ἐν
3540 2899 3743 2972 εἰρήνῃ

2143 2987 2346 3060 πολλὴν
2398 2989 2494 3044 καὶ
2529 2990 2838 3059 ἀναγκαίαν
2892 2987 3046 3063 εὖροι
3092 3007 3179 3056 τις
3227 2991 3330 3063 τῆς
3375 2991 3599 3064 ἀπάτης
3640 2995 3743 3063 τὴν

453 3103 584 3144 esse
616 3085 898 3158 quispiam
944 3081 1186 3151 reperiat
1217 3097 1230 3134 :
1286 3093 1390 3136 nec
1420 3079 1604 3136 solum
1651 3081 1712 3134 in
1744 3091 1930 3134 rerum
1964 3077 2043 3132 cio

2159 3081 2357 3154 χρείαν,
2387 3082 2482 3135 καὶ
2511 3081 2572 3135 οὐ
2608 3082 2746 3154 πρὸς
2793 3081 2862 3136 τά
2909 3081 3006 3154 τῆς
3040 3083 3253 3147 πόλεως
3299 3083 3608 3154 πράγματα
3645 3083 3744 3154 μό.

457 3182 651 3238 vilium
683 3171 1190 3240 administratione,
1227 3188 1422 3231 verum
1449 3173 1616 3230 etiam
1647 3172 1796 3229 domi
1821 3186 1885 3228 ac
1921 3172 2042 3243 pri-

457 3274 650 3338 vatim,
700 3271 822 3326 viro
871 3283 1000 3340 erga
1047 3280 1300 3332 uxorem,
1334 3273 1390 3320 et
1437 3264 1597 3321 uxori
1647 3278 1781 3335 erga
1831 3263 2040 3330 virum,

353 3431 370 3439 κ
457 3379 676 3422 necnon
712 3362 857 3435 patri
889 3375 1020 3431 erga
1057 3358 1254 3425 lilium,
1300 3365 1355 3414 et
1382 3355 1564 3412 amico
1605 3371 1735 3427 erga
1775 3355 2041 3424 amicum,

457 3459 596 3531 quin
627 3465 683 3512 et
715 3455 814 3511 lilii
842 3467 975 3526 erga
1008 3459 1318 3525 parentem.
1351 3447 1637 3520 Siquidem
1685 3447 1796 3503 lilia
1856 3445 2044 3504 Saulis

459 3566 574 3608 non
614 3548 723 3604 alia
777 3555 994 3602 ratione
1032 3544 1213 3599 virum
1244 3556 1312 3596 ex
1344 3539 1498 3595 illius
1545 3537 1806 3594 manibus
1848 3551 2046 3594 eruere

461 3642 666 3714 potuit,
693 3638 802 3695 nisi
837 3647 1051 3710 patrem
1093 3632 1356 3690 fallendo.
1414 3631 1561 3698 Quin
1613 3630 1788 3702 ipsius
1819 3645 2047 3703 quoque

463 3736 637 3791 frater
697 3731 876 3789 eidem
924 3744 1091 3802 quem
1152 3727 1250 3783 illa
1309 3735 1654 3791 servaverat,
1707 3725 2046 3797 periclitanti

461 3829 701 3886 salutem
752 3824 951 3881 aﬂ'erre
1007 3834 1232 3878 rursum
1286 3818 1538 3889 cupiens;
1591 3816 1787 3874 iisdem
1842 3817 2046 3888 quibus

461 3937 626 3980 soror
657 3919 831 3977 armis
867 3931 1004 3975 usus
1047 3920 1158 3972 est.
1216 3910 1598 3984 Magna-enim
1628 3909 1716 3966 vis
1747 3909 1885 3967 artis
1913 3917 2000 3966 cst
2029 3929 2044 3965 :

460 4013 596 4070 illud
624 4009 790 4068 modo
815 4015 1099 4074 caveatur,
1129 4018 1200 4061 ne
1224 4001 1563 4060 veteratorio
1592 4007 1649 4058 et
1686 3998 2048 4056 fraudulento

461 4106 652 4161 animo
680 4101 1039 4158 adhibeatur.

539 4195 824 4266 Theologi.
847 4223 920 4236 —
955 4189 1278 4249 Fraudibus
1303 4193 1343 4246 ii
1385 4201 1578 4260 omnes
1601 4191 1816 4262 patent,
1851 4184 1945 4256 qui
1977 4183 2049 4239 ad

462 4293 803 4362 voluptatem
837 4283 1103 4359 propensi
1139 4290 1292 4340 sunt.

538 4380 801 4437 Philonis.
840 4406 912 4423 --
957 4375 1079 4432 Non
1136 4373 1320 4431 omnis
1370 4373 1536 4429 dolus
1591 4370 1810 4444 culpari
1859 4371 2044 4428 debet.

461 4476 601 4532 Nam
646 4481 706 4530 et
749 4469 846 4544 qui
890 4475 1062 4526 noctu
1093 4465 1364 4525 excubias
1410 4471 1606 4537 agunt,
1645 4464 1778 4522 dum
1803 4465 2051 4522 latrones

463 4567 717 4640 capiunt,
749 4573 807 4622 et
834 4562 1074 4622 militum
1118 4559 1389 4633 praefecti,
1426 4559 1620 4616 hostes
1643 4559 2051 4631 aggrediendo,

463 4667 618 4718 recte
640 4670 807 4731 agere
843 4660 1190 4713 censentur:
1241 4650 1608 4721 eamdemque
1634 4650 1910 4707 rationem
1952 4651 2053 4706 ha-

464 4753 616 4816 bent,
664 4762 790 4820 quae
821 4750 1222 4818 stratagemata
1272 4748 1570 4809 vocantur,
1624 4749 1680 4798 et
1714 4740 2054 4800 athletarum

465 4839 930 4900 concertationes.
961 4836 1182 4895 Etenim
1209 4835 1266 4892 in
1295 4835 1383 4894 his
1407 4834 1695 4906 proprium
1727 4835 1834 4892 sibi
1867 4835 2052 4892 locum

467 4929 720 4998 doceptio
746 4928 1010 4984 vindicat.

470 5039 608 5096 TlT.
651 5038 890 5122 ᾈΧἾῌΙ.
921 5037 1414 5122 -τυελςραευηςι
1450 5038 1696 5122 responsi
1743 5047 2013 5108 sequestro
2027 5051 2048 5099 ;

542 5109 858 5182 quodquot:
885 5111 978 5178 qui
1034 5107 1196 5163 nihili
1218 5107 1398 5182 pendit
1444 5109 1702 5182 legatum,
1751 5107 1870 5162 eum
1901 5124 1934 5161 a
1955 5123 2062 5179 quo

545 5179 741 5236 minus
773 5179 863 5234 ille
897 5187 999 5241 est,
1040 5180 1350 5236 contemnit.

547 5292 708 5350 Prov.
737 5305 868 5357 xxv,
903 5289 989 5346 l3.
1015 5321 1084 5332 —
1110 5306 1132 5344 ι
1169 5288 1330 5348 Sicut
1374 5290 1559 5348 exitus
1589 5287 1735 5346 nivis
1789 5305 1848 5346 In
1881 5303 2066 5346 messe

478 5387 749 5448 adversus
776 5390 973 5440 aestum
1025 5381 1298 5456 prodest:
1347 5385 1430 5440 sic
1471 5384 1706 5441 nuntius
1758 5382 1944 5440 ﬁdelis
1997 5383 2066 5438 iis

475 5480 671 5552 quise
713 5478 1011 5534 miserunt.
1060 5477 1276 5534 Animis
1325 5475 1477 5534 enim
1525 5491 1722 5533 eorum
1777 5477 1874 5548 qui
1937 5477 2059 5547 ipso

477 5578 736 5637 utuntur,
771 5567 1016 5641 prodest.
1056 5587 1076 5624 ι

549 5662 710 5718 Prov.
742 5676 895 5727 xxvr,
917 5662 973 5718 6.
999 5690 1070 5704 —
1095 5679 1116 5714 ι
1143 5659 1223 5717 Ex
1254 5661 1373 5718 suis
1389 5661 1494 5718 viis
1527 5661 1636 5719 sibi
1661 5660 1765 5733 ipsi
1789 5661 2057 5733 probrum

475 5755 736 5837 acquirit,
749 5753 845 5827 qui
863 5767 960 5825 per
971 5753 1202 5812 stultum
1221 5755 1478 5812 nuntium
1494 5767 1803 5813 sermonem
1821 5754 2060 5825 mittit.)

2145 3192 2258 3238 vov,
2284 3174 2422 3231 ἀλλὰ
2459 3175 2554 3230 καὶ
2588 3177 2646 3231 ἐν
2677 3174 2846 3248 οἰκίᾳ,
2875 3174 3015 3248 πρὸς
3055 3177 3291 3245 γυναῖκα
3322 3174 3402 3247 τῷ
3430 3175 3615 3248 ἀνδρὶ,
3646 3177 3745 3230 καὶ

2146 3266 2284 3339 πρὸς
2309 3266 2478 3338 ἄνδρα
2506 3267 2750 3337 γυναικὶ,
2781 3265 2877 3320 καὶ
2925 3266 3095 3338 πατρὶ
3121 3266 3260 3337 πρὸς
3299 3266 3434 3332 υἱὸν,
3466 3267 3562 3320 καὶ
3602 3268 3746 3337 πρὸς

2145 3358 2302 3428 φίλον
2327 3358 2490 3430 φίλῳ,
2517 3358 2619 3431 ήδη
2651 3357 2708 3411 δὲ
2735 3357 2831 3412 καὶ
2863 3357 3002 3429 πρδς
3025 3357 3237 3428 πατέρα
3262 3357 3440 3416 παισί.
3475 3357 3593 3411 Καὶ
3631 3356 3747 3428 γὰρ

2145 3450 2255 3506 τῶν
2291 3449 2388 3506 τοῦ
2435 3451 2610 3506 Σαοὺλ
2638 3450 2858 3522 χειρῶν,
2889 3451 2924 3523 ἡ
2973 3449 3070 3505 τοῦ
3127 3448 3303 3504 Σαοὺλ
3349 3449 3606 3521 θυγάτηρ
3641 3451 3748 3503 οὐκ

2149 3542 2371 3614 ίσχυσεν
2415 3540 2621 3614 ἑτέρως
2651 3541 2934 3607 ἐξελέσθαι
2953 3541 3046 3596 τὸν
3069 3542 3262 3613 ἄνδρα,
3291 3541 3408 3597 ἀλλ’
3439 3544 3474 3614 ἢ
3511 3542 3658 3612 μετά
3684 3544 3747 3595 τὸ

2149 3632 2624 3705 παραλογίσασθαι
2663 3633 2756 3687 τὸν
2798 3631 3034 3706 πατέρα.
3064 3633 3176 3689 Καὶ
3195 3635 3225 3688 6
3256 3632 3466 3705 ταύτης
3488 3632 3547 3685 δὲ
3579 3632 3749 3686 ἀδελ-

2148 3723 2266 3794 φὸς,
2308 3723 2401 3777 τὸν
2425 3724 2519 3778 ὑπ’
2547 3723 2766 3796 ἐκείνης
2806 3724 3146 3780 διασωθέντα
3180 3725 3354 3781 σῶσαι
3386 3724 3743 3796 βουλόμενος.

2148 3814 2530 3870 κινδυνεύοντα
2579 3815 2742 3870 πάλιν
2787 3818 2904 3880 τοῖς
2957 3817 3143 3882 αὐτοῖς
3191 3817 3380 3882 ὅπλοις
3437 3818 3746 3888 ἐχρήσατο,

2147 3901 2343 3979 οἷσπερ
2380 3906 2478 3961 καὶ
2508 3907 2543 3978 ἡ
2569 3907 2728 3979 γυνή.
2762 3907 2906 3961 Πολὺ
2943 3907 3056 3978 γὰρ
3101 3909 3137 3979 ἠ
3169 3907 3268 3980 τῆς
3300 3907 3528 3978 ἀπάτης
3562 3908 3747 3978 ίσχὺς,

2150 4000 2314 4070 μόνον
2360 3998 2439 4071 μὴ
2489 3999 2628 4072 μετά
2687 3999 2914 4072 δολερᾶς
2961 3999 3324 4074 προσαγέσθω
3389 4000 3493 4072 τῆς
3543 4017 3749 4072 προαι-

2151 4091 2376 4164 ρέσεως.
2491 4141 2505 4152 ,

2224 4179 2463 4237 Εΰκολον
2503 4182 2640 4254 πρὸς
2673 4180 2893 4254 ἀπάτην
2916 4181 2978 4236 τδ
3003 4181 3142 4254 πρὸς
3164 4181 3362 4255 ἡδονὴν
3391 4181 3562 4238 ἀπαν.

2227 4362 2302 4415 Οὐ
2345 4362 2454 4426 πᾶς
2484 4360 2634 4426 δόλος
2687 4361 2937 4427 ὑπαίτιὸς
2991 4361 3174 4416 ἐστιν’
3209 4359 3335 4415 ἐπεὶ
3386 4361 3487 4414 καὶ
3539 4360 3758 4432 λῃστὰς

2157 4453 2585 4524 νυκτοφύλακες,
2619 4452 2715 4508 καὶ
2745 4452 3038 4525 πολεμίους
3063 4450 3384 4525 στρατηγοὶ,
3417 4449 3514 4515 οὒς
3545 4451 3760 4513 ἀδόλως

2158 4544 2443 4600 συλλαϐεῖν
2489 4545 2590 4600 οὐκ
2639 4543 2808 4612 ἔστιν,
2864 4542 3242 4615 ἐνεδρεύοντες
3301 4541 3616 4613 κατορθοῦν
3670 4542 3762 4595 δο-

2157 4639 2338 4705 κοῦσι,
2371 4637 2560 4693 καὶτὰ
2597 4637 2867 4710 λεγόμενα
2887 4637 3317 4710 στρατηγήματα
3353 4635 3605 4690 τοιοῦτον
3640 4636 3762 4706 ἔχει

2157 4732 2336 4802 λόγον,
2372 4733 2468 4786 καὶ
2511 4731 2581 4786 τά
2609 4731 2722 4786 τῶν
2770 4730 3020 4803 ἀθλητῶν
3056 4731 3440 4802 ἀγωνίσματα.
3483 4730 3599 4784 Καὶ
3645 4729 3762 4799 γὰρ

2161 4827 2252 4881 ἐπὶ
2278 4825 2484 4880 τούτων
2513 4827 2547 4897 ἡ
2567 4825 2753 4896 ἀπάτη
2779 4825 3094 4896 νενόμισται
3125 4823 3279 4880 ἴδιον.

2162 4989 2343 5087 'i‘l'l‘A.
2377 5033 2515 5087 κη’.
2546 5062 2616 5073 -
2645 5031 2783 5100 Περὶ
2801 5031 3230 5100 ἁγγέλλοηος.
3255 5026 3768 5100 καιέμεσάζοντος

2244 5050 2343 5086 [Λ.
2379 5050 2515 5087 tur.
2546 5062 2616 5073 —
2645 5050 2782 5112 μερι
2801 5050 3230 5155 αγὲελνιοπος.
3255 5050 3358 5085 και
3383 5050 3766 5097 μεσαςοντος

2235 5104 2561 5173 ἀπόκριονο
2593 5106 2716 5172 (stc)
2740 5101 2837 5156 καί
2911 5119 2962 5156 τι
2988 5102 3021 5154 ό
3047 5100 3157 5153 τὸν
3191 5099 3502 5173 σταλέντα
3541 5098 3766 5163 ἐξουοο

2233 5169 2409 5240 ενῶν,
2446 5173 2550 5230 τοῦ
2578 5169 2930 5242 πέμψαντος
2966 5169 3332 5240 περιφρονεῖ.

2241 5305 2260 5339 ι
2289 5282 2704 5357 ’Ὠσπερ-ἔξοδος
2730 5282 2908 5354 χιόνος
2927 5282 2986 5336 ἐν
3005 5279 3205 5353 ἁμητῷ
3231 5281 3375 5336 κατὰ
3393 5280 3592 5352 καῦμα
3615 5282 3765 5346 ὠφε-

2165 5378 2269 5444 λεῖ,
2299 5377 2474 5441 οὕτως
2502 5374 2736 5446 ἄγγελος
2765 5372 2958 5438 πιστὸς
2987 5371 3387 5428 ἀποστείλαντα
3416 5372 3608 5426 αὐτόν.
3643 5373 3740 5425 Ψυ

2165 5471 2269 5543 χάς
2293 5470 2401 5542 γὰρ
2432 5468 2541 5523 τῶν
2566 5469 2718 5540 αὐτῷ
2741 5466 3042 5540 χρωμένων
3065 5465 3288 5534 ὠφελεῖ.
3330 5483 3350 5516 ι

2245 5675 2264 5708 ι
2307 5656 2404 5710 Ἐκ
2425 5655 2531 5707 τῶν
2551 5643 2745 5706 ἑαυτοῦ
2779 5649 2915 5704 ὁδῶν
2943 5650 3146 5714 ὄνειδος
3170 5647 3536 5721 περιποιεῖται
3565 5646 3594 5698 ὁ
3625 5646 3740 5698 ἀπο

2173 5749 2406 5802 στέλλων
2436 5747 2500 5800 δι’
2533 5745 2762 5814 ἀγγέλου
2781 5743 3014 5816 ἄφρονος
3042 5741 3217 5810 λόγον.
3267 5758 3286 5792 ι
