3986 6454
340 334 478 402 ιω

1629 332 1863 395 ΒᾹΟΒᾹ
1907 321 2363 391 PARALLELA.

3421 325 3609 394 ’1230

477 450 538 502 '0
563 447 852 519 δεχόμενος
892 447 1055 518 υμᾶς,
1088 436 1190 516 cpt
1217 443 1464 515 δέχεται·
1492 444 1590 498 καὶ
1632 446 1662 498 δ
1695 445 1797 514 ἐμὲ
1823 443 1912 497 δε-

2091 459 2291 515 Mauh.
2326 476 2382 527 χ,
2422 457 2512 516 40.
2540 487 2608 500 -
2645 477 2664 512 ι
2695 454 2802 527 Qui
2835 471 2934 516 vos
2967 455 3193 530 recipit,
3243 469 3333 514 me
3363 458 3604 530 recipit:

336 544 585 614 χόμενος,
605 540 820 610 δέχεται
848 539 940 594 τὸν
961 537 1358 594 ἀποστείλαντά
1383 554 1472 609 με.
1512 555 1531 589 ι

410 636 478 687 Ἀ
501 632 759 704 πρέσϐεις
783 630 1137 701 ὑπομένουσι,
1165 629 1258 682 ἐπὶ
1276 630 1405 694 τοὺς
1426 627 1754 700 πέμψαντας
1777 612 1891 698 λαμ
1909 654 1921 670 ι

332 727 488 782 ϐἀνει
525 727 626 797 τὴν
657 726 957 798 ἀναφοράν.

394 839 438 892 Τ
444 839 577 894 ΙΤΔ.
601 836 732 895 ΚΘ’.
773 839 914 909 Περὶ
956 835 1466 927 ἀγηωμονούγτων
1519 834 1620 890 καὶ
1653 833 1860 905 ἀχαρι-

931 925 1264 964 στουντων.

410 1023 429 1056 ι
475 1002 569 1074 Τῷ
594 1001 726 1073 μηνὶ
747 1001 828 1073 τῷ
863 1001 1078 1073 ἑϐδόμῳ
1119 996 1284 1072 ἦλθεν
1328 998 1554 1072 Ἰσμαὴλ
1583 999 1700 1062 υίὸς
1725 997 1916 1053 Ναθα-

335 1097 449 1150 νίου
480 1097 544 1150 ὲκ
566 1092 661 1148 τοῦ
685 1095 1002 1166 σπέρματος
1039 1093 1148 1148 τῶν
1174 1092 1465 1164 βασιλέων,
1508 1092 1606 1145 καὶ
1646 1090 1780 1146 δέκα
1819 1089 1918 1145 ἀνα

343 1191 458 1261 ερες
511 1187 634 1258 μετ’
664 1185 852 1254 αὑτοῦ,
887 1185 986 1241 καὶ
1031 1184 1312 1252 ἐπάταξαν
1361 1185 1455 1239 τὸν
1503 1183 1776 1251 Γοδολίαν,
1822 1181 1917 1236 καὶ

341 1279 606 1334 ἀπέθανεν
623 1293 640 1309 ο
667 1277 762 1332 καὶ
788 1279 917 1342 τοὺς
957 1276 1269 1341 Ἰουδαίους,
1298 1277 1396 1331 καὶ
1433 1277 1573 1340 τοὺς
1585 1274 1915 1341 Χαλδαίους,

330 1370 385 1424 οἳ
421 1365 564 1441 ἦσαν
599 1370 716 1441 μετ’
743 1367 909 1423 αὐτοῦ
941 1369 1021 1432 είς
1048 1367 1299 1437 Μασιφά.
1342 1384 1361 1418 ι

407 1460 589 1530 Σχόλ.
618 1453 788 1524 Οὗτος
810 1459 970 1529 λόγον
1000 1457 1182 1514 λαϐὼν
1203 1457 1495 1522 ἀπαθείας,
1518 1457 1609 1513 τὸν
1641 1456 1919 1512 δεδωκότα

332 1552 534 1607 ἀνεῖλε.

412 1667 432 1700 ι
485 1645 713 1717 Πνεῦμα
758 1645 964 1719 Κυρίου
1008 1644 1224 1700 ἐνέδυσε
1264 1644 1357 1699 τὸν
1405 1644 1666 1716 Ἀζαρίαν
1703 1643 1796 1699 τὸν
1823 1644 1917 1699 τοῦ

347 1739 528 1794 Ἰωδαὲ
560 1739 650 1792 τὸν
712 1737 887 1809 ἱερέα,
924 1737 1020 1792 καὶ
1050 1738 1251 1807 ἀνέστη
1284 1737 1470 1792 ὲπάνω
1497 1737 1594 1791 τοῦ
1632 1737 1790 1805 λαοῦ,
1821 1737 1918 1792 καὶ

335 1825 491 1885 εἶπεν
517 1846 532 1860 ο
561 1828 700 1884 Τάδε
754 1801 903 1896 λέγει
936 1826 1177 1898 Κύριος’
1211 1801 1277 1880 1"!
1321 1801 1785 1898 naparzopadecbs
1818 1825 1918 1890 τάς
1949 1801 1992 1857 Β

328 1921 550 1984 ἀντολὰς
573 1918 668 1973 τοῦ
705 1919 914 1993 Κυρίου
941 1936 955 1985 ;
982 1920 1080 1976 καὶ
1107 1920 1207 1973 οὐκ
1239 1917 1669 1988 εὐοδωθήσετθε,
1712 1918 1796 1973 ὅτι
1825 1919 1922 1988 ὲγο

333 2011 656 2069 κατελίπετε
686 2011 779 2066 τὸν
807 2011 1034 2083 Κύριον.
1057 2011 1168 2064 Καὶ
1194 2010 1578 2082 ἐλιθοϐόλησαν
1608 2010 1678 2064 δι’
1700 2009 1924 2080 ἐντολῆς

351 2105 502 2168 Ἰωάς
540 2102 637 2157 τοῦ
663 2102 927 2173 βασιλέως
960 2105 1018 2159 ὲν
1057 2103 1195 2176 αὐλῇ
1231 2103 1386 2158 οἴκου
1424 2103 1652 2174 Κυρίου.
1686 2102 1798 2157 Καὶ
1822 2102 1923 2156 οὐκ

337 2194 584 2266 ἐμνήσθη
627 2193 782 2258 ’ῐωάς
832 2193 928 2247 τοῦ
981 2193 1187 2260 ἐλέους,
1228 2188 1291 2249 οὗ
1333 2195 1557 2265 ἐποίησε
1603 2191 1724 2266 μετ’
1752 2193 1921 2250 αὐτοῦ

353 2287 532 2342 ἰωδαὲ
575 2287 605 2340 δ
653 2286 839 2359 πατὴρ
909 2285 1099 2349 αὑτοῦ,
1155 2285 1252 2342 καὶ
1301 2285 1614 2340 ἐθανάτωσε
1669 2285 1764 2340 τὸν
1808 2286 1923 2341 υίδν

334 2375 526 2432 αὐτοῦ.
554 2375 664 2430 Καὶ
694 2376 771 2439 ὡς
797 2375 1166 2447 ἀπέθνησκεν,
1192 2371 1347 2430 εἶπεν
1367 2391 1380 2406 ο
1413 2376 1543 2429 ἰδοι
1572 2374 1800 2446 Κύριος,
1833 2375 1924 2430 καὶ

337 2467 603 2540 κρινάτω.
664 2466 775 2520 Καὶ
831 2465 1054 2535 ἐγένετο
1101 2469 1245 2538 μετά
1294 2466 1567 2532 ἐνιαυτὸν,
1601 2466 1770 2537 ἀνέϐη
1833 2467 1923 2519 ἐπ’

335 2558 504 2611 αὐτὸν
530 2557 762 2627 δύναμις
816 2557 1040 2629 Συρίας,
1087 2558 1183 2613 καὶ
1231 2557 1326 2612 ἐπὶ
1390 2557 1771 2630 Ἰερουσαλὴμ,
1829 2559 1926 2612 καὶ

336 2649 670 2721 κατέφθειρε
689 2651 921 2714 πάντας.
965 2668 984 2703 ι

419 2849 440 2883 ι
491 2827 946 2885 ’Λνταπεδίδοσάν
993 2845 1085 2901 μοι
1128 2827 1343 2900 πονηρά
1377 2827 1501 2884 ἀντὶ
1553 2827 1800 2897 ἀγαθῶν,
1829 2793 1926 2883 καὶ

338 2922 620 2978 ἀτεκνίαν.
667 2941 686 2975 ι

421 3031 442 3066 t
483 3013 631 3067 ’Λντὶ
651 3011 771 3079 τοῦ,
817 3012 1063 3086 ’Δγαπᾷν
1093 3029 1162 3084 με
1194 3010 1499 3068 ὲνδιέϐαλόν
1529 3029 1618 3085 με.
1660 3032 1680 3067 ι

345 3310 506 3348 σεται
535 3291 684 3347 κακά
715 3291 780 3345 ὲκ
805 3288 904 3345 τοῦ
933 3288 1087 3344 οίκου
1116 3289 1306 3345 αὐτοῦ.
1341 3307 1361 3341 ι

425 3404 446 3439 ι
486 3383 936 3455 Ἀκουε,οὐρανὶ,
959 3383 1055 3436 καὶ
1074 3383 1350 3449 ὲνωτίζου,
1369 3383 1462 3455 γῆ,
1479 3383 1562 3438 ὅτι
1585 3384 1790 3455 Κύριος
1810 3385 1937 3442 ἑλά-

342 3477 535 3548 λησεν·
571 3476 736 3540 Υἱοὺς
758 3474 1046 3546 ἐγέννησα,
1073 3472 1170 3527 καὶ
1195 3472 1409 3544 ὕψωσα,
1440 3473 1593 3529 αὐτοὶ
1614 3473 1673 3528 δέ
1713 3492 1783 3546 με
1800 3475 1933 3548 nos-

342 3587 544 3643 ⁶τησαν.
577 3587 598 3622 t

425 3682 446 3716 ι
490 3661 814 3735 Ἀχαρίστου
853 3660 1010 3725 ἐλπὶς
1053 3660 1132 3724 ὡς
1163 3658 1445 3732 χειμέριος
1474 3661 1657 3734 πάχνη
1699 3661 1935 3735 τακήσε-

351 3770 460 3819 ται,
493 3754 589 3808 καὶ
617 3754 880 3824 ῥυήσεται
914 3751 991 3815 ὡς
1020 3751 1167 3847 ὕδωρ
1186 3753 1478 3825 ἄχρηστον.
1519 3771 1538 3805 ι

430 3951 450 3984 ι
504 3927 707 4000 Ἀγαθά
735 3930 936 4000 ὲγγύου
978 3928 1274 4002 ἀνατρέψει
1306 3929 1654 4003 ἁμαρτωλὸς,
1682 3931 1780 3987 καὶ
1802 3932 1936 4003 ἀχά-

349 4040 537 4094 ριστος
576 4024 634 4075 ὲν
672 4021 878 4092 διανοίᾳ
921 4020 1308 4092 ἐγκαταλείψει
1347 4022 1678 4094 ῥυσάμενον.
1724 4021 1934 4089 Ξενιείς

2020 561 2075 609 et
2103 553 2201 624 qui
2233 566 2322 608 me
2353 550 2574 621 recipit,
2615 552 2806 622 recipit
2825 565 2950 607 eum
2976 550 3072 621 qui
3104 564 3192 606 me
3224 545 3402 606 misit.
3437 567 3460 604 ο

2091 644 2380 715 Anonymi.
2404 641 2631 710 --Qua3
2672 643 2840 715 legati
2876 643 3194 714 patiuntur,
3230 643 3351 700 haec
3387 643 3444 700 in
3477 643 3609 702 illos

2019 748 2050 788 a
2084 735 2289 805 quibus
2315 731 2470 788 missi
2503 743 2656 799 sunt,
2693 733 3028 789 redundant.

2019 846 2186 920 368
2228 845 2367 902 TIT.
2395 845 2588 920 XXIX.
2623 878 2693 920 —_
2755 845 2840 920 De
2880 848 3135 920 ingratis,
3176 857 3231 906 et
3282 853 3611 909 mmemori-

2541 917 2636 972 bus
2675 916 3076 987 beneﬁciorum.

2091 1004 2123 1060 ι
2154 1004 2275 1078 Reg.
2315 1020 2445 1073 xxv,
2473 1005 2566 1061 25.
2598 1032 2668 1048 -α
2699 1023 2719 1058 ι
2752 1002 2942 1062 Mense
2964 1005 3205 1078 septimo
3239 1007 3391 1063 venit
3409 1007 3609 1064 lsmael

2020 1091 2170 1148 ﬁlius
2197 1091 2490 1148 Nathania:
2521 1091 2593 1148 de
2653 1091 2870 1148 semine
2920 1106 3141 1164 regum,
3185 1101 3246 1149 et
3270 1094 3466 1152 decem
3497 1097 3606 1152 viri

2019 1192 2146 1234 cum
2193 1192 2282 1246 eo,
2337 1187 2396 1236 et
2448 1188 2843 1251 percusserunt
2897 1180 3212 1249 Godoliam,
3258 1190 3316 1240 et
3358 1193 3611 1241 mortuus

2019 1281 2106 1329 est
2137 1290 2152 1329 :
2186 1273 2413 1344 insuper
2441 1283 2497 1330 et
2521 1272 2744 1332 Judmos
2772 1281 2829 1332 et
2846 1274 3134 1334 Chaldaeos
3163 1275 3262 1349 qui
3299 1287 3462 1334 erant
3481 1293 3608 1335 cum

2018 1377 2087 1419 eo
2117 1363 2173 1418 in
2203 1362 2479 1436 Masipba.
2516 1382 2543 1418 -ι
3039 1393 3050 1402 ο

2096 1457 2279 1516 Schol.
2328 1457 2382 1516 Is
2409 1473 2537 1515 cum
2591 1457 2756 1516 ﬁdem
2809 1460 3141 1529 accepisset,
3186 1459 3331 1518 nihil
3370 1475 3433 1519 se
3481 1475 3610 1534 per-

2017 1563 2320 1619 pessurum
2351 1551 2503 1618 mali,
2544 1565 2873 1623 sponsorem
2912 1553 3220 1610 interemit.

2093 1640 2160 1696 11
2189 1640 2377 1698 Parui.
2426 1660 2576 1708 xxiv,
2605 1644 2801 1701 20-23.
2826 1674 2899 1686 —
2926 1661 2948 1698 ι
2986 1643 3231 1716 Spiritus
3265 1644 3483 1705 Domini
3519 1647 3611 1705 in-

2020 1731 2142 1787 duit
2163 1733 2485 1790 Zachariam
2522 1735 2696 1792 ﬁlium
2729 1733 2937 1792 Joiadee
2968 1735 3338 1804 sacerdotem,
3371 1746 3429 1794 et
3454 1738 3609 1794 stetit

2023 1823 2082 1878 in
2107 1833 2410 1896 conspectu
2462 1827 2674 1898 populi,
2723 1835 2779 1883 et
2815 1827 2893 1882 ait
2929 1845 2944 1884 :
2982 1824 3116 1883 Haec
3167 1827 3305 1884 dicit
3333 1827 3605 1884 Dominus

2023 1915 2173 1971 Deus
2203 1930 2219 1968 :
2255 1914 2439 1982 Quare
2471 1919 2922 1990 transgredimini
2954 1925 3301 1992 preceptum
3346 1917 3608 1978 Domini!

2021 2013 2080 2062 et
2109 2020 2225 2061 non
2269 2007 2598 2078 proﬁcietis,
2659 2009 2790 2080 quia
2845 2009 3238 2082 dereliquizstis.
3287 2007 3607 2067 Dominum.

2023 2096 2094 2154 Et
2124 2099 2340 2171 lapides
2362 2099 2416 2154 in
2449 2115 2575 2157 eum
2608 2102 2888 2158 miserunt
2921 2101 3096 2173 juxta
3133 2101 3430 2173 imperium
3459 2100 3610 2175 regis

2021 2187 2155 2247 Joas
2187 2191 2245 2246 in
2297 2191 2442 2248 atrio
2491 2191 2695 2250 domus
2747 2192 2992 2250 Domini.
3023 2192 3088 2250 Et
3127 2209 3241 2250 non
3279 2193 3612 2256 recordatus

2024 2289 2112 2338 est
2161 2281 2298 2340 Joas
2354 2285 2758 2342 misericordia:
2807 2301 2976 2358 quam
3041 2284 3257 2343 fecerat
3301 2301 3432 2343 cum
3487 2286 3614 2357 ipso

2023 2371 2214 2428 Joiada
2264 2383 2422 2444 pater
2457 2375 2627 2442 illius,
2679 2382 2736 2432 et
2795 2375 3078 2433 interiecit
3122 2375 3299 2433 ﬁlium
3330 2377 3478 2449 ejus.
3505 2375 3613 2443 Qui

2024 2477 2152 2519 cum
2194 2470 2526 2529 moreretur,
2579 2464 2773 2521 dixit:
2815 2463 3016 2522 Videat
3051 2465 3346 2534 Dominus,
3383 2452 3617 2538 et‘judi-

2025 2561 2135 2610 cet.
2183 2551 2252 2608 Et
2305 2552 2510 2609 factum
2540 2562 2626 2610 est
2659 2562 2788 2624 post
2834 2570 3070 2623 annum,
3104 2556 3360 2613 ascendit
3401 2556 3458 2611 in
3485 2571 3613 2612 eum

2026 2647 2308 2704 exercitus
2337 2645 2537 2718 Syriae,
2569 2655 2626 2703 et
2665 2647 2725 2702 in
2765 2645 3098 2712 Jerusalem.
3149 2653 3206 2705 et
3240 2657 3474 2705 cunctos
3525 2662 3618 2704 occ

2024 2737 2304 2795 ciderunt.
2344 2756 2368 2794 ι

2099 2831 2250 2887 Psal.
2295 2846 2488 2900 xxxrv,
2535 2829 2624 2886 I2.
2653 2859 2725 2873 -ι
2754 2849 2776 2885 ι
2827 2827 3234 2887 Retribuerunt
3293 2829 3432 2887 mihi
3465 2830 3615 2888 maia

2028 2937 2128 2993 pro
2166 2923 2351 2988 bonis,
2380 2930 2436 2979 et
2457 2922 2834 2990 sterilitatem,
2869 2939 2890 2974 ι
2924 2929 3030 2979 etc.

2097 3015 2250 3071 Psal.
2273 3031 2428 3083 cvm,
2461 3016 2518 3071 4.
2543 3043 2618 3058 -—
2646 3030 2668 3067 ι
2703 3013 2812 3070 I’ro
2835 3027 2904 3072 eo
2951 3024 3012 3070 ut
3038 3030 3129 3072 me
3161 3014 3481 3088 diligerent,
3519 3013 3619 3072 de-

1208 3167 1215 3172 .
1247 3168 1257 3172 -
1291 3169 1295 3173 .
1912 3157 1921 3170 ,
1956 3131 2001 3192 c
2031 3108 2328 3163 trahebant
2357 3105 2514 3162 mihi.
2557 3123 2578 3158 ι

425 3217 443 3250 ι
485 3200 582 3262 ’ος
599 3197 892 3252 ἀποδίδωσι
927 3195 1079 3250 κακά
1118 3195 1242 3250 ἀντὶ
1271 3195 1518 3266 ἀγαθῶν,
1557 3197 1660 3252 οὐκ
1702 3196 1930 3270 ὶνεχθὴ-

2102 3199 2264 3255 Prov.
2299 3212 2437 3264 xvn,
2491 3194 2577 3252 I3.
2610 3221 2682 3238 --
2706 3211 2726 3248 ι
2765 3193 2871 3261 Qui
2899 3193 3165 3252 retribuit
3207 3195 3352 3252 mala
3380 3211 3484 3269 pro
3520 3199 3621 3256 bo-

2035 3292 2149 3360 nis,
2179 3306 2290 3347 non
2329 3288 2659 3345 auferentur
2697 3287 2842 3342 mala
2867 3286 2937 3342 de
2962 3286 3134 3343 domo
3166 3286 3314 3358 ejus.
3344 3306 3366 3342 ι

2100 3383 2212 3439 ιω.
2249 3397 2288 3448 ι,
2316 3381 2369 3436 I.
2400 3409 2471 3421 —-
2493 3397 2515 3432 ι
2555 3375 2722 3445 Audi,
2762 3376 2987 3443 celum,
3020 3383 3078 3432 et
3111 3377 3388 3443 ausculta,
3446 3385 3620 3462 terra,

2035 3475 2165 3548 quia
2199 3473 2465 3529 Dominus
2498 3471 2720 3526 locutus
2754 3476 2862 3524 est.
2887 3465 3066 3524 Filios
3093 3467 3335 3525 enutrivi
3364 3475 3422 3525 et
3459 3471 3620 3526 exal-

2034 3566 2144 3622 tavi
2175 3585 2192 3623 :
2222 3565 2329 3636 ipsi
2358 3571 2544 3619 autem
2577 3567 2912 3634 spreverunt
2942 3574 3050 3618 me.
3084 3578 3105 3616 ι

2107 3657 2237 3728 Sap.
2274 3673 2388 3724 xw,
2420 3655 2514 3712 29.
2544 3686 2614 3698 —
2645 3671 2664 3706 ι
2696 3653 2906 3726 Ingrati
2964 3666 3094 3724 spes
3144 3659 3407 3725 tanquam
3444 3654 3626 3712 biber-

2036 3751 2182 3808 nalis
2215 3750 2412 3822 pruina
2446 3747 2718 3813 tabescet,
2757 3753 2816 3804 et
2854 3744 2990 3802 ﬁuet
3035 3752 3302 3819 tanquam
3339 3761 3484 3818 aqua
3536 3748 3624 3804 in-

2101 3937 2274 3992 Eccli.
2307 3951 2464 4002 nix,
2488 3934 2580 4002 I6,
2609 3933 2703 3990 32.
2732 3961 2805 3976 -
2839 3948 2858 3985 ι
2894 3930 3054 3988 Bona
3084 3931 3436 4005 ﬁdeiussoris
3463 3947 3624 3990 ever-

2035 4037 2115 4088 tet
2141 4039 2449 4102 peccator:
2495 4035 2550 4084 et
2602 4027 2866 4098 ingratus
2910 4026 2970 4082 in
3010 4030 3218 4084 mento
3263 4025 3622 4098 derelinquet

347 4116 449 4170 καὶ
489 4116 697 4179 ποτιείς
721 4113 1038 4186 ἀχάριστον,
1068 4115 1165 4168 καὶ
1208 4114 1347 4185 πρὸς
1391 4115 1486 4169 ἐπὶ
1531 4115 1708 4186 τούτῳ
1759 4117 1925 4187 πικρά

2053 4139 2162 4183 :um
2191 4141 2222 4180 a
2264 4139 2377 4196 quo
2403 4123 2672 4180 liberatus
2701 4131 2808 4180 est.
2858 4119 3271 4192 Hospitaberls,
3304 4129 3362 4177 et
3397 4119 3618 4192 pasces,

348 4205 632 4270 ἀκούσεις.
672 4224 694 4259 ι

415 4333 440 4362 ι’
455 4322 761 4390 Δεινδν,τὺν
772 4321 1202 4392 εὐεργετηθέντα
1221 4321 1318 4376 καὶ
1344 4323 1467 4387 ταῖς
1491 4323 1778 4393 μεγίσταις
1799 4323 1935 4378 ὑπό-

352 4429 532 4483 χρεων
562 4411 773 4483 χάρισι,
802 4412 940 4484 πρὸς
977 4411 1068 4484 τῷ
1097 4413 1400 4484 ἀχαρίστῳ,
1429 4413 1511 4468 ἔτι
1547 4415 1644 4468 καὶ
1697 4413 1930 4487 ὕϐρεως,

2034 4227 2091 4276 et
2121 4217 2344 4289 potabis
2367 4216 2654 4288 ingratos;
2679 4224 2746 4271 et
2763 4222 2958 4286 postea
2986 4225 3175 4269 amara
3203 4211 3419 4271 audies.
3451 4229 3472 4264 ι

2105 4326 2317 4385 Basilii.
2357 4325 2620 4383 -Grave
2668 4335 2758 4382 est
2779 4340 2908 4383 eum
2956 4323 3054 4396 qui
3091 4322 3376 4382 beneﬁciis
3412 4323 3622 4381 obstri-

2038 4428 2163 4478 ctus
2191 4427 2300 4488 est,
2321 4429 2372 4476 et
2407 4419 2713 4492 gratiarum
2734 4417 3104 4474 maximarum
3135 4431 3285 4483 reus,
3311 4431 3424 4472 non
3454 4417 3624 4483 modo

497 4475 722 4571 copia;
770 4475 1063 4573 κατάρξαί.
1112 4475 1295 4558 δεινὸν
1463 4520 1476 4534 ·
1522 4505 1660 4559 ἀλλά
1703 4475 1782 4578 sq;

2063 4520 2317 4585 ngralum
2357 4527 2503 4577 esse,
2538 4524 2734 4568 verum
2774 4509 2943 4567 etiam
2993 4508 3366 4565 contumelias
3399 4515 3454 4564 et
3491 4523 3620 4580 pro-

348 4591 502 4646 οὖντι
534 4591 720 4663 μεῖζόν
748 4594 866 4650 ἔστι
895 4595 1084 4662 κακὸν,
1122 4595 1155 4668 ἢ
1187 4595 1264 4667 τῷ
1297 4597 1580 4669 πάσχοντι.
1625 4598 1925 4671 ’Υπερϐολὴ

2053 4608 2160 4671 bra,
2196 4603 2520 4678 rependere.
2552 4602 2758 4669 Grave,
2805 4603 3059 4675 inquam,
3113 4599 3265 4657 istud
3296 4608 3414 4658 est:
3456 4607 3514 4656 at
3541 4599 3624 4656 fa—

349 4683 516 4737 τοῦτό
532 4701 596 4753 γε
625 4685 1042 4757 ἀγνωμοσύνης,
1073 4688 1174 4758 τὴν
1204 4688 1620 4761 φιλανθρωπίαν
1650 4689 1744 4744 τοῦ
1775 4690 1925 4763 εὐερ-

2053 4693 2210 4749 :ienti
2247 4692 2472 4764 gravius
2512 4691 2718 4748 malum
2766 4699 2872 4756 est,
2915 4703 3082 4761 quam
3123 4689 3382 4761 patienti.
3412 4689 3624 4761 Ingrati

349 4774 518 4842 γέτου
541 4775 798 4847 ἀφορμὴν
826 4776 1152 4848 ἀχαριστίας
1185 4779 1480 4834 ποιεῖσθαι.

2053 4785 2187 4841 ultra
2218 4784 2442 4841 modum
2479 4783 2648 4839 animi
2680 4792 2786 4850 est,
2818 4796 2884 4839 ex
2923 4781 3338 4842 benemcrentis
3373 4780 3627 4836 humani-

2013 4884 2155 4932 tate
2179 4876 2382 4949 ingrati
2417 4875 2591 4931 animi
2614 4885 2819 4931 noxam
2846 4872 3091 4931 trahere.

429 4975 454 5007 ⁶
488 4970 740 5045 ὀρῶμεν
768 4972 996 5037 πολλοὺς
1025 4973 1134 5029 τῶν
1160 4973 1465 5048 ἀνθρώπων
1486 4968 1634 5047 ’μετά
1660 4965 1760 5042 ei;
1783 4975 1925 5052 εὐερ·

2113 4944 2388 5058 Chrysa“.
2409 5017 2481 5031 —
2501 4986 2702 5042 Multos
2731 4985 2986 5042 homines
3031 4983 3312 5054 videmus,
3340 4984 3436 5058 qui
3469 4944 3643 5054 post-I

347 5062 567 5135 γεσίας,
591 5065 848 5135 καθάπερ
867 5065 1240 5138 ἀνδραπόδων,
1259 5068 1402 5121 οὕτω
1425 5073 1522 5122 καὶ
1561 5069 1925 5141 περιορῶντας

2053 5092 2207 5150 quam
2247 5077 2427 5134 allecti
2473 5078 2757 5135 beneﬁciis
2801 5077 3030 5145 fuerint,
3079 5077 3209 5134 illos
3243 5093 3275 5133 a
3308 5079 3514 5150 quibus
3559 5093 3626 5136 ea

350 5158 465 5212 τῶν
507 5157 1009 5231 εὐεργετησάντων,
1040 5159 1135 5214 καὶ
1182 5159 1283 5224 τάς
1324 5159 1536 5232 ὀφρύας
1579 5162 1925 5229 ἀνασπῶντας

2053 5171 2380 5240 acceperint,
2457 5170 2688 5242 perinde
2750 5185 2816 5228 ac
2877 5170 3181 5244 mancipia,
3242 5178 3625 5238 contemnant,

353 5251 478 5304 κατ’
517 5251 720 5306 αὐτῶν.

2053 5260 2431 5332 adducantque
2459 5260 2730 5319 adversus
2763 5261 2888 5318 illos
2917 5261 3306 5332 supercilium.

426 5363 612 5418 Δεινόν
651 5383 742 5435 μοι
782 5366 816 5437 ἠ
856 5367 1151 5440 ἀχαριστία
1176 5334 1603 5442 καταφαίνετάν
1629 5370 1805 5428 δεινόν
1843 5391 1938 5445 μοι

355 5453 457 5508 καὶ
494 5455 804 5534 πάνδεινον.

2120 5373 2280 5445 Greg.
2306 5373 2531 5430 Thaum.
2562 5374 2741 5433 Laud.
2788 5375 2940 5449 Ortg.
2963 5406 3033 5419 —
3050 5375 3231 5434 Grave
3258 5377 3391 5434 mihi
3425 5378 3626 5448 ingrati

2046 5469 2216 5524 animi
2245 5469 2441 5525 vitium
2491 5468 2752 5525 videtur:
2805 5485 2992 5542 grave,
3055 5471 3308 5536 inauam.
3359 5485 3425 5527 ac
3467 5471 3650 5553 plane.

2047 5572 2463 5630 gravxssimum.
3329 5590 3370 5604 κ

3487 5693 3548 5727 ἕω.

435 5748 462 5782 ν
488 5743 764 5804 Antonius
795 5744 1014 5806 Melissa
1041 5749 1147 5807 hoc
1175 5749 1370 5810 tribuit
1387 5750 1607 5810 Basilio.
1685 5763 1707 5792 ⁸
1738 5752 1858 5810 Hoc
1884 5753 2070 5812 itidem
2107 5769 2137 5811 a
2162 5754 2379 5813 Melissa
2410 5756 2495 5814 bis
2529 5756 2926 5828 Cbrysostomo
2959 5757 3240 5816 tribuitun
