3986 6440
406 541 437 600 ἰ
467 548 602 602 Θεὸν
630 548 806 614 οὐδεὶς
832 548 1048 624 ἑώρακε
1084 547 1329 603 πώποτε.
1351 566 1370 599 ι

416 660 437 691 ι
475 634 646 694 Εἶπεν
676 641 708 693 ὁ
734 640 946 712 Ἰησοῦς
965 640 1046 712 τῷ
1072 639 1371 711 Νικοδήμῳ
1391 655 1406 669 ⁸
1439 637 1610 710 ’Δμὴν
1637 637 1782 707 λέγω
1817 654 1922 706 σοι,

336 732 435 790 ἐὰν
465 732 542 804 μή
576 749 664 797 τις
693 732 933 805 γεννηθῇ
984 731 1233 800 ἀνωθεν,
1267 731 1330 785 ού
1363 728 1590 786 δύναται
1643 731 1774 786 ἰδεῖν
1823 730 1924 802 τὴν

339 824 622 895 βασιλείαν
650 823 746 878 τοῦ
780 822 942 879 Θεοῦ.
972 823 1141 893 Λέγει
1169 821 1307 896 πρὸς
1357 821 1564 876 αὐτὸνὸ
1582 819 1920 893 Νικόδημος·

337 915 463 980 Πῶς
506 915 732 972 δύναται
785 915 1076 989 ἄνθρωπος
1108 914 1443 987 γεννηθῆναι
1472 915 1655 986 γέρων
1689 913 1764 966 ὧν
1794 930 1809 979 ς
1844 912 1922 984 μὴ

335 1009 562 1069 δύναται
589 1009 857 1066 εἰσελθεῖν
881 1010 965 1074 εἰς
1002 1010 1102 1082 τὴν
1128 1009 1340 1069 κοιλίαν
1372 1008 1474 1080 τῆς
1506 1007 1718 1080 μητρὸς
1754 1006 1922 1061 αὐτοῦ

335 1099 633 1173 δεύτερον,
685 1103 783 1157 καὶ⁵
858 1101 1188 1174 γεννηθῆναι
1233 1119 1252 1170 ς
1305 1099 1608 1171 Ἀπεκρίθη
1666 1097 1875 1168 Ἰησοῦς
1903 1111 1918 1126 ³

350 1193 544 1265 Ἀμὴν,
569 1193 722 1266 ἀμὴν
744 1194 890 1265 λέγω
916 1212 1023 1262 σοι,
1049 1193 1146 1249 ἐὰν
1182 1195 1260 1267 μή
1273 1210 1358 1258 τις
1386 1191 1624 1265 γεννηθῇ
1643 1191 1702 1258 ἐξ
1731 1191 1923 1256 ὓδατος

337 1285 432 1341 καὶ
461 1284 811 1357 Πνεύματος,
833 1286 896 1342 οὐ
918 1285 1146 1343 δύναται
1197 1284 1465 1342 εἰσελθεῖν
1517 1285 1601 1345 είς
1631 1285 1732 1356 τήν
1769 1283 1922 1355 βασι-

336 1372 490 1427 λείαν
515 1373 612 1429 τοῦ
647 1374 808 1430 Θεοῦ.
832 1393 853 1429 ι

404 1486 502 1538 Δεῐ
530 1487 632 1558 τὴν
659 1488 841 1560 ψυχὴν
865 1489 1056 1562 ἄρχειν
1091 1489 1194 1562 μὲν
1230 1488 1343 1543 τῶν
1389 1486 1604 1552 παθῶν,
1645 1485 1920 1542 δουλεύειν

337 1575 394 1629 δι
426 1577 505 1648 τῷ
537 1576 677 1650 Θεῷ.
719 1579 1033 1651 ’Δμήχανον
1084 1581 1197 1653 γὰρ
1255 1581 1448 1654 αὐτὴν,
1510 1581 1606 1635 καὶ
1651 1580 1768 1634 ’ὑπὸ
1821 1579 1923 1652 τῆς

339 1669 617 1739 ἁμαρτίας
677 1670 1086 1741 βασιλεύεσθαι,
1137 1675 1236 1730 καὶ
1286 1674 1392 1728 ὑπὸ
1447 1673 1584 1728 Θεοῦ
1612 1692 1626 1706 ⁸
1663 1674 1800 1729 ἀλλά
1841 1675 1925 1729 δεῖ

339 1762 541 1826 κακίας
599 1761 700 1833 μὲν
749 1764 1071 1838 ἐπικρατεῖν
1090 1807 1106 1835 ,
1141 1765 1221 1838 τῷ
1245 1766 1496 1838 Δεσπότῃ
1522 1767 1580 1821 δὲ
1609 1766 1722 1821 τῶν
1783 1766 1922 1821 ὅλων

341 1853 731 1925 ὑποτετάχθαι.

423 2053 731 2125 Ἀμήχανόν
757 2055 876 2109 ἐστι
918 2059 1266 2130 χωρητικοὺς
1325 2059 1476 2131 ἡμᾶς
1515 2059 1773 2126 γενέσθαι
1828 2059 1929 2130 τῆς

343 2145 495 2208 θείας
549 2145 795 2218 χάριτος,
834 2148 912 2220 μὴ
938 2150 1010 2205 τά
1036 2151 1147 2205 ἀπὸ
1206 2152 1410 2216 κακίας
1457 2153 1608 2224 πάθη
1649 2169 1930 2223 προκατα-

345 2236 545 2306 σχόντα
600 2236 704 2302 τὰς
743 2239 927 2312 ψυχὰς
976 2241 1138 2316 ήμῶν
1192 2242 1559 2309 ἐξελάσαντας
1595 2261 1608 2276 ⁸
1662 2245 1800 2299 άλλά
1833 2246 1931 2301 καὶ

344 2328 567 2394 ἀγγεῖον
628 2331 1183 2405 προκατειλημμένον
1252 2335 1359 2389 ὑπό
1421 2353 1570 2399 τινος
1628 2336 1926 2404 δυσωδίας,

344 2418 395 2469 εί
424 2419 500 2490 μὴ
526 2419 826 2496 ὲκπλυσθῇ,
847 2424 910 2478 οὐ
936 2425 1014 2497 μὴ
1037 2425 1263 2498 δέξηται
1293 2425 1387 2481 τοῦ
1429 2427 1605 2500 μύρου
1633 2427 1732 2500 τὴν
1769 2428 1929 2500 ἐπιρ-

345 2511 497 2582 ροήν.

430 2620 738 2698 Ἀμήχανον
776 2626 1022 2697 ἅψασθαι
1069 2628 1168 2683 τοῦ
1218 2629 1464 2699 ἀγαθοῦ,
1508 2631 1583 2705 μὴ
1613 2632 1931 2690 ἀποστάντα

344 2710 638 2784 πρότερον,
669 2715 766 2769 καὶ
792 2717 1133 2775 ὲκνεύσαντα
1163 2717 1260 2773 τοῦ
1284 2719 1479 2778 κακοῦ.

419 2907 632 2980 Ὠσπερ
656 2910 920 2972 ἀδύνατον
954 2914 1265 2988 ὑπερϐῆναι
1282 2916 1380 2990 τήν
1399 2919 1596 2973 ἑαυτοῦ
1616 2919 1798 2987 σκιὰν,
1836 2922 1934 2975 καὶ

344 2999 425 3070 τῷ
458 2999 583 3056 λίαν
613 3003 960 3078 ἐπειγομένῳ
992 3007 1212 3080 (φθάνει
1243 3010 1354 3083 γὰρ
1381 3011 1471 3066 ἀεὶ
1499 3012 1777 3079 τοσοῦτον,
1806 3015 1933 3068 ὅσον

349 3089 889 3168 καταλαμϐάνεται)ο
946 3096 980 3169 ἢ
1032 3099 1147 3162 τοῖς
1190 3100 1413 3172 ὁρατοῖς
1474 3102 1778 3173 πλησιάσαι
1832 3104 1933 3176 τὴν

348 3179 493 3256 ὄψιν,
520 3182 646 3254 δίχα
660 3184 756 3238 τοῦ
778 3187 837 3240 ὲν
877 3188 1029 3261 μέσῳ
1053 3190 1250 3260 φωτὸς,
1277 3193 1372 3247 καὶ
1397 3193 1589 3264 ἀέρος·
1616 3195 1649 3266 ἢ
1672 3196 1781 3249 τῶν
1809 3196 1936 3251 ύδάιι

345 3291 456 3335 των
506 3275 613 3340 ἔξω
657 3277 759 3348 τὴν
809 3281 1013 3354 νυκτήν
1070 3283 1232 3352 φύσιν
1290 3284 1672 3342 διολισθαίνειν
1710 3304 1724 3320 ο
1759 3288 2006 3368 οὕτωςο

347 3366 635 3437 ἀμήχανον
655 3373 771 3435 τοῖς
786 3373 845 3425 ὲν
873 3371 1090 3445 σώματι
1117 3376 1242 3448 δίχα
1265 3378 1375 3434 τῶν
1395 3380 1727 3452 σωματικῶν
1750 3382 1931 3456 πάντη

346 3459 605 3533 γενέσθαι
649 3462 790 3540 μετά
818 3464 929 3520 τῶν
961 3468 1291 3543 νοουμένων.

432 3743 746 3815 Ἀμήχανον
789 3745 1170 3822 συνυπάρχειν
1225 3752 1328 3822 τὴν
1357 3754 1494 3825 πρὸς
1533 3755 1741 3828 κόσμον
1796 3763 1935 3829 ἀγά-

347 3851 459 3904 πην
483 3837 549 3906 τῇ
587 3835 725 3906 πρὸς
772 3838 867 3892 τὸν
920 3840 1055 3896 Θεὸν
1107 3844 1318 3919 ἀγάπῃ,
1359 3846 1438 3910 ὡς
1467 3848 1755 3920 ἀμήχανον
1805 3867 1935 3906 συν-

348 3925 622 3998 υπάρχειν
643 3926 902 4000 ἀλλήλοις
929 3931 1046 4001 φῶς
1075 3934 1171 3988 καὶ
1203 3935 1419 4002 σκότος.

347 4063 535 4118 ΤΙΤΛ.
560 4063 688 4119 ΛΑ”.
706 4069 936 4150 -θηερὶ
953 4071 1180 4150 ργίων,
1198 4073 1302 4150 sea}
1323 4077 1813 4150 μακρριζῢμένων
1841 4077 1933 4149 ἐφ’

748 4133 838 4205 οἷς
866 4133 1072 4210 δρῶσίι,
1115 4133 1214 4198 καὶ
1252 4133 1408 4215 Meg
1428 4133 1534 4201 cii}.

423 4289 442 4320 ι
493 4269 626 4322 Ἀπὸ
647 4269 756 4324 τῶν
782 4271 954 4342 ἁγίων
981 4273 1386 4347 φοϐηθήσεσθε.
1414 4296 1434 4330 ι

425 4381 442 4412 ι
481 4362 776 4434 Μακάριος
805 4365 869 4418 σὺ
897 4365 1139 4438 Ἰσραήλ.
1170 4366 1268 4433 Τίς
1300 4370 1493 4442 ὅμοιός
1522 4388 1635 4426 σοι·
1674 4371 1806 4439 λαός
1832 4389 1937 4430 σω-

348 4453 578 4528 ζόμενος
610 4456 716 4510 ὑπὸ
739 4456 972 4529 Κυρίου.
991 4477 1010 4512 ι

477 4545 768 4618 Μακάριος
799 4549 1108 4624 ἄνθρωπος,
1141 4552 1200 4607 ὃν
1222 4553 1418 4624 ἤλεγξε
1440 4556 1664 4630 Κύριος.
1699 4577 1719 4611 ι

425 4721 764 4793 «Μακάριος
823 4722 998 4796 ἀνὴρ,
1051 4723 1110 4788 ὃς
1167 4725 1269 4779 οὐκ
1319 4726 1594 4799 ἐπορεύθη
1651 4728 1711 4783 ὲν
1769 4730 1934 4805 βουλῇ

343 4813 582 4881 ἀσεϐῶν,
616 4816 710 4868 καὶ
730 4817 789 4870 ὲν
815 4815 918 4888 ὁδῷ
947 4817 1292 4891 ἁμαρτωλῶν
1319 4820 1421 4874 οὐκ
1452 4819 1603 4894 ἔστη.
1635 4840 1655 4876 ι

427 4924 445 4956 ι
478 4905 806 4978 Θαυμαστὸς
826 4909 855 4962 ὁ
881 4907 1016 4972 Θεὸς
1052 4909 1112 4962 ἐν
1137 4911 1252 4974 τοῖς
1277 4909 1455 4980 ἁγίοις
1483 4911 1672 4969 αὐτοῦ.
1697 4935 1716 4967 ι

426 5016 446 5047 ι
480 4998 759 5068 Μακάριοι
805 4998 1004 5063 πάντες
1052 5002 1101 5055 οἱ
1147 5001 1531 5067 κατοικοῦντες
1581 5006 1640 5059 ἐν
1692 5005 1772 5077 τῷ
1805 5008 1940 5080 οῐκῳ

349 5106 469 5156 σου,
501 5092 581 5156 είς
610 5092 737 5154 τοὺς
756 5092 960 5164 αἰῶνας
993 5093 1269 5149 αἰνέσουσί
1290 5111 1372 5150 σε.
1403 5116 1424 5150 ι

428 5200 447 5233 ι
475 5183 767 5255 Μακάριος
799 5185 1157 5264 ὀάνθρωπος,
1192 5187 1252 5240 ὃν
1283 5187 1352 5243 ἂν
1385 5190 1708 5263 παιδεύσῃς,
1737 5192 1938 5266 Κύριε,

345 5276 449 5331 καὶ
480 5276 544 5330 ὲκ
557 5278 652 5330 τοῦ
682 5278 850 5349 νόμου
874 5295 969 5333 σου
998 5278 1233 5345 διδάξεις
1261 5281 1446 5335 αὐτόν.
1483 5300 1502 5334 ι

427 5389 447 5421 ι
481 5371 832 5444 Μακάριοιοί
855 5356 1225 5441 φυλάσσοντες
1279 5373 1483 5444 κρίσιν,
1536 5377 1630 5430 καὶ
1659 5377 1941 5444 ποιοῦντες

345 5464 706 5536 δικαιοσύνην
741 5468 799 5519 ὲν
822 5467 983 5520 παντὶ
1017 5465 1214 5538 καιρῷ.
1241 5484 1261 5518 ι

430 5577 449 5608 ι
487 5559 778 5632 Μακάριος
823 5559 964 5631 ἀνὴρ
1014 5563 1042 5614 ὁ
1087 5560 1422 5632 φοϐούμενος
1468 5565 1558 5620 τὸν
1601 5567 1840 5638 Κύριον,
1881 5569 1939 5622 ἐν

341 5655 474 5715 ταῖς
508 5653 750 5718 ἐντολαῖς
780 5654 946 5709 αὐτοῦ
980 5654 1200 5728 θελήσει
1231 5657 1457 5729 σφόδρα.
1487 5676 1507 5711 ι

449 5834 470 5870 ι
505 5831 565 5888 ln
603 5831 748 5914 Bup.
786 5836 1208 5918 liaecinscriptio
1237 5847 1323 5934 est
1357 5840 1493 5911 ;scd
1525 5831 1830 5898 Christiani
1861 5828 2102 5900 inominis
2124 5842 2396 5902 sententia
2422 5851 2529 5912 est,
2567 5858 2676 5900 non
2705 5840 2898 5899 Judaei.
2947 5907 2955 5910 _

1620 432 1860 495 SACRA
1890 432 2040 492 PAR
2050 432 2329 493 ALLELA
2341 477 2356 493 .

1951 547 2000 605 Α
2095 540 2259 598 Joan.
2298 558 2348 610 ι,
2388 541 2474 598 18.
2500 571 2568 582 -—
2601 562 2619 595 ι
2652 542 2826 600 Deum
2857 559 3020 603 nemo
3052 546 3191 603 vidit
3221 561 3518 618 unquam»

3477 432 3607 500 ιειι

2100 632 2266 690 Jaan.
2297 648 2394 701 ιιι,
2421 635 2537 692 3-5.
2562 665 2634 677 -
2662 655 2682 689 ι
2713 636 2862 694 Dixit
2900 638 3062 697 Jesus
3108 639 3407 697 Nicodemo
3440 658 3454 694 :
3489 636 3608 694 Nisi

2031 725 2157 798 quis
2193 733 2356 784 natus
2395 726 2566 785 fuerit
2606 728 2870 802 desuper,
2931 747 3044 787 non
3067 739 3269 803 potest
3294 731 3485 788 videre
3515 745 3606 786 re-

2031 830 2200 888 gnum
2227 817 2346 874 Dei.
2375 815 2519 873 Dixit
2547 817 2617 874 ad
2643 833 2768 875 eum
2796 817 3130 878 Nicodemus
3157 840 3174 877 :
3199 819 3483 888 Quomodo
3512 834 3612 891 po—

2030 914 2142 965 test
2170 907 2334 965 homo
2367 909 2519 966 nasci
2541 946 2559 976 ,
2589 901 2717 966 eum
2744 909 2820 966 sit
2851 924 3017 968 senex
3042 912 3066 966 ἲ
3092 912 3176 967 An
3202 919 3383 983 potest
3407 912 3609 967 iterato

2030 1000 2262 1057 introire
2285 1000 2340 1056 in
2365 1007 2608 1059 ventrem
2635 1001 2828 1059 matris
2856 1018 2990 1071 suae,
3013 1010 3069 1060 et
3093 1005 3282 1074 nasci?
3305 1003 3612 1076 Respondit

2028 1090 2228 1148 Jesus:
2254 1092 2428 1149 Amen
2450 1132 2466 1159 ,
2498 1108 2657 1151 amen
2680 1095 2814 1152 dico,
2833 1096 2930 1152 tibi
2957 1115 2972 1152 :
3004 1094 3132 1153 Nisi-
3147 1096 3274 1167 quis
3300 1103 3521 1152 renatus
3542 1111 3614 1152 ex

2031 1199 2170 1257 aqua
2190 1191 2248 1242 et
2271 1184 2478 1258 Spiritu
2498 1229 2514 1254 ,
2536 1201 2645 1244 non
2666 1195 2847 1260 potest
2864 1189 3076 1246 intrare
3110 1189 3167 1246 in
3193 1202 3428 1262 regnum
3450 1189 3603 1246 Dein

2102 1468 2280 1523 Basil.
2315 1468 2372 1523 in
2416 1469 2558 1540 μοι.
2588 1485 2627 1525 ι.
2655 1500 2724 1512 ——
2753 1469 2983 1541 Oportet
3029 1471 3272 1527 animam
3322 1464 3618 1526 atl‘ectibus'

2029 1559 2253 1632 quidem
2294 1560 2602 1632 imperare,
2631 1560 2745 1618 Deo
2769 1571 2953 1619 autem
2984 1562 3216 1620 servire.
3247 1561 3438 1635 Neque
3465 1560 3611 1617 enim

2031 1652 2148 1709 ﬁeri
2181 1660 2398 1724 potest,
2443 1661 2506 1710 ut
2550 1654 2672 1725 ipsa
2715 1655 2880 1712 simul
2912 1663 2970 1712 et
3005 1662 3297 1727 peccatum
3339 1662 3395 1711 et
3439 1653 3619 1710 Deum;

2029 1758 2188 1814 reges
2215 1744 2432 1801 habeat.
2463 1744 2630 1816 37o
2657 1745 2862 1803 Verum
2902 1761 3128 1804 necesse
3168 1755 3288 1811 est,
3318 1755 3392 1802 ut
3415 1743 3610 1800 vitium

2030 1837 2251 1908 quidem
2279 1837 2347 1892 ad
2382 1838 2633 1896 ordinem
2662 1838 2903 1913 redigat,
2932 1854 3054 1898 sese
3073 1854 3206 1897 vero
3232 1837 3477 1896 omnium
3505 1836 3616 1893 Do-

1959 1910 2004 1968 Β
2033 1926 2183 1982 mino
2213 1925 2495 1998 subjiciat.

2101 2039 2381 2113 Ejusdem.
2403 2072 2476 2083 —
2500 2041 2647 2100 Fieri
2685 2057 3031 2115 nequaquam
3067 2052 3270 2115 potest,
3311 2025 3373 2097 ut
3408 2057 3508 2097 nos
3529 2027 3586 2096 di

2030 2133 2175 2188 vinze
2207 2131 2401 2204 gratiae
2428 2147 2664 2205 capaces
2701 2134 3021 2201 eiiiciamur,
3057 2135 3163 2189 nisi
3201 2133 3353 2204 prius
3385 2140 3607 2210 contra.

2029 2232 2149 2280 etas
2195 2238 2228 2278 a
2276 2224 2411 2280 vitio
2440 2226 2921 2296 perturbationes,
2973 2227 3174 2296 quibus
3222 2224 3391 2279 animi
3436 2224 3613 2279 nostri

2030 2317 2288 2388 occupati
2319 2325 2487 2384 sunt,
2516 2319 2864 2390 ejecerimus.
2900 2317 3034 2374 Nam
3082 2331 3263 2388 neque
3292 2315 3575 2372 vasculum
3597 2356 3612 2379 ,

2033 2409 2181 2480 quod
2226 2399 2370 2466 fetor
2411 2412 2636 2482 quidam
2687 2419 2816 2468 ante
2865 2411 3107 2477 invasit,
3144 2408 3478 2465 inlusionem
3511 2422 3613 2462 un-

2033 2503 2220 2576 guenti
2249 2516 2445 2574 capere
2473 2511 2685 2575 potest,
2720 2504 2827 2560 nisi
2857 2504 3012 2574 prius
3041 2500 3252 2560 elutum
3283 2499 3472 2557 fuerit.
3586 2516 3589 2520 ·

2104 2617 2300 2688 Ejusd.
2333 2619 2388 2673 in
2421 2619 2562 2689 psal.
2601 2633 2800 2674 xxxm.
2823 2647 2895 2659 —-
2920 2593 3266 2688 impossibile
3289 2624 3374 2671 est
3406 2613 3612 2670 bonum

2031 2726 2361 2787 capessere,
2406 2708 2516 2772 nisi
2566 2709 2719 2782 prius
2773 2724 2804 2764 a
2857 2709 3002 2764 malo
3061 2706 3401 2764 abscesseris
3449 2712 3617 2774 atque

2032 2816 2348 2860 emersens.

2108 2913 2253 2970 Naz.
2282 2915 2362 2971 De
2385 2915 2608 2987 theolog.
2636 2945 2704 2958 ——
2733 2913 3209 2982 Quemadmodum
3229 2925 3415 2976 nemo.
3439 2925 3617 2982 quan-

2035 3008 2240 3066 tumvis
2271 3017 2564 3080 properet,
2590 3007 2844 3063 umbram
2871 3020 3026 3063 suam
3052 3003 3410 3077 praetergredi
3439 3009 3618 3073 potest

2036 3095 2274 3167 (quippe
2299 3111 2423 3168 quae
2447 3094 2789 3152 tantumdem
2817 3109 3034 3165 semper
3065 3099 3408 3160 antevertat,
3442 3106 3620 3163 quan—

2037 3196 2152 3244 tum
2176 3187 2716 3259 comprehenditur),
2743 3201 2848 3251 nec
2867 3187 3024 3243 visus
3045 3185 3115 3241 ad
3143 3200 3208 3242 ea
3235 3186 3434 3258 quain
3460 3199 3622 3255 aspeo

2036 3289 2186 3337 ctum
2239 3282 2479 3347 cadunt,
2529 3281 2671 3336 citra
2723 3278 3073 3351 splendorem
3124 3277 3510 3334 intermedium
3565 3285 3620 3333 et

2035 3387 2216 3430 aerem
2247 3371 2511 3430 accedere
2529 3413 2545 3441 ,
2572 3388 2677 3431 nec
2704 3373 2943 3444 denique
2971 3372 3149 3444 pisces
3181 3371 3418 3426 sublatis
3461 3371 3620 3440 aquis

2035 3473 2268 3523 natare:
2303 3466 2385 3523 sic
2415 3467 2580 3523 etiam
2623 3467 2741 3523 ﬁeri
2773 3480 2882 3522 non
2921 3472 3142 3536 potest,
3189 3463 3372 3535 utqui
3407 3463 3464 3520 in
3490 3477 3618 3519 cor-

2035 3573 2170 3630 pore
2199 3567 2514 3627 versantur,
2559 3559 2682 3616 sine
2716 3573 2902 3616 rerum
2948 3571 3338 3614 coruorearum
3379 3553 3617 3623 admini-
3649 3568 3658 3572 ·

2034 3653 2166 3709 culo
2196 3652 2563 3725 intelligibilia
2591 3653 3012 3724 complectatur.
3106 3682 3110 3686 λ

2111 3763 2352 3820 Philonis
2374 3766 2420 3819 ί.
2441 3793 2512 3805 --
2530 3761 2675 3820 Fieri
2708 3777 2820 3819 non
2847 3769 3032 3834 potest
3048 3799 3066 3827 ,
3087 3767 3149 3816 ut
3169 3759 3358 3816 mundi
3386 3773 3542 3814 amor
3568 3767 3623 3815 et

2034 3857 2279 3913 charitas
2307 3873 2434 3927 erga
2467 3856 2638 3912 Deum
2665 3871 2774 3912 una
2803 3856 3116 3921 exsistant;
3159 3852 3626 3926 quemadmodum

2039 3949 2157 4005 ﬁeri
2191 3950 2414 4020 nequit,
2450 3955 2510 4004 ut
2536 3948 2631 4004 lux
2665 3955 2721 4005 et
2755 3947 2996 4004 tenebrae
3023 3962 3134 4030 una
3164 3946 3298 4002 sint.

2037 4079 2176 4138 TlT.
2211 4079 2406 4139 XXXI.
2445 4108 2516 4122 -—
2545 4079 2626 4136 De
2653 4079 2877 4142 sanctis,
2913 4079 3077 4148 deque
3101 4078 3168 4148 iis
3196 4059 3286 4146 qui
3312 4077 3368 4130 in
3397 4075 3506 4131 illis
3526 4116 3541 4142 ,
3570 4085 3622 4131 et

2251 4151 2316 4207 ob
2360 4167 2425 4207 ea
2459 4166 2578 4221 qua:
2607 4158 2807 4222 agunt,
2847 4147 2997 4203 beati
3021 4147 3407 4218 prwdicantur.

2107 4287 2276 4347 Leuit.
2309 4302 2473 4353 xxvi,
2505 4284 2564 4342 2.
2585 4314 2658 4329 -
2683 4301 2702 4338 ι
2734 4284 2780 4338 A
2811 4282 3019 4340 sanctis
3046 4279 3183 4337 meis
3218 4269 3505 4351 pavebitis.
3540 4297 3560 4332 ι

2108 4377 2272 4432 Deut.
2305 4392 2478 4431 xxxm
2501 4415 2518 4442 ,
2543 4376 2633 4432 Q9.
2658 4404 2729 4416 —
2757 4392 2776 4427 ι
2804 4372 3005 4430 Beatus
3041 4387 3101 4428 es
3132 4379 3193 4426 tu
3215 4412 3231 4438 ,
3270 4370 3456 4428 Israel.
3485 4368 3621 4437 Quis

2039 4469 2238 4527 similis
2265 4468 2404 4524 tibi?
2430 4467 2663 4538 populus
2691 4466 2786 4537 qui
2815 4463 3046 4525 salvaris
3072 4479 3100 4519 a
3137 4462 3392 4519 Domino.
3418 4481 3436 4516 ι

2107 4561 2210 4618 Job
2237 4577 2294 4628 v,
2327 4559 2416 4615 17.
2441 4589 2513 4600 -—-
2539 4577 2557 4612 ι
2587 4559 2795 4614 Beatus
2826 4556 2994 4613 homo
3023 4569 3186 4627 quem
3222 4554 3490 4626 corripuit
3519 4552 3623 4610 Do-

1966 4656 2008 4710 Ι)
2037 4652 2240 4714 minus.
2279 4671 2299 4706 ι

2116 4745 2271 4803 Psal.
2303 4761 2358 4812 ι,
2398 4745 2448 4800 1.
2471 4773 2542 4784 -
2568 4762 2587 4797 ι
2615 4742 2817 4800 Beatus
2844 4742 2930 4798 vir
2955 4740 3050 4813 qui
3084 4755 3193 4795 non
3223 4739 3361 4796 abiit
3391 4739 3446 4794 in
3488 4753 3623 4796 con-

2041 4839 2169 4909 silio
2197 4837 2490 4906 impiorum
2511 4875 2527 4899 ,
2555 4843 2611 4891 et
2637 4835 2695 4896 in
2745 4834 2832 4892 via
2871 4841 3222 4904 peccatorum
3251 4846 3360 4886 non
3391 4829 3562 4887 stetit.
3595 4849 3616 4884 ι

2116 4929 2270 4992 Psal.
2294 4943 2466 4995 vaii,
2483 4925 2952 4984 55.—iMirabilis
2976 4924 3121 4980 Deus
3141 4925 3197 4980 in
3216 4923 3425 4980 sanctis
3442 4924 3580 4980 suis.
3597 4941 3628 4978 ι.

2112 5018 2268 5076 Ρεαι.
2309 5034 2552 5096 Lxxxm,
2586 5019 2640 5074 4.
2670 5047 2740 5058 -
2765 5036 2783 5070 ι
2810 5016 2962 5072 Beati
2993 5031 3186 5072 omnes
3216 5015 3308 5087 qui
3339 5015 3623 5072 ambulant

2041 5112 2097 5168 in
2127 5112 2290 5168 domo
2321 5120 2412 5168 tua
2431 5152 2447 5178 ,
2473 5111 2527 5166 in
2556 5110 2757 5167 saecula
2785 5109 3090 5170 laudabunt
3121 5115 3194 5164 te.
3225 5126 3245 5161 ι

2114 5203 2272 5260 Psal.
2302 5213 2434 5260 xcui
2453 5243 2469 5270 ,
2501 5203 2591 5260 12.
2612 5234 2683 5245 -
2708 5222 2728 5256 ι
2761 5201 2960 5259 Beatus
2983 5201 3156 5268 homo,
3177 5215 3354 5271 .quem
3393 5209 3453 5256 tu
3495 5217 3624 5264 cru.-

2043 5295 2213 5354 dieris
2231 5335 2246 5361 ,
2280 5295 2512 5351 Domine
2535 5335 2550 5362 ,
2576 5304 2632 5352 et
2660 5294 2729 5351 de
2759 5295 2878 5365 lege
2905 5301 3000 5349 tua
3029 5293 3290 5350 docueris
3317 5307 3463 5349 eum.
3484 5314 3504 5348 ι

2118 5385 2275 5442 Psal.
2303 5400 2389 5452 cv,
2415 5387 2470 5442 5.
2493 5415 2564 5426 —-—
2590 5404 2610 5439 ι
2638 5385 2791 5442 Beati
2830 5377 2946 5456 qui‘
2967 5383 3292 5442 custodiunt
3323 5381 3602 5455 judicium

2043 5488 2098 5536 et
2131 5477 2344 5533 faciunt
2367 5477 2638 5548 justitiam
2670 5477 2725 5532 in
2756 5479 2906 5534 omni
2937 5486 3209 5549 tempore.
3242 5494 3262 5528 ι

2117 5572 2272 5627 Psal.
2297 5588 2385 5627 cxi
2405 5613 2421 5638 ,
2450 5574 2500 5627 1.
2521 5598 2593 5616 -
2618 5589 2638 5624 ι
2662 5572 2865 5633 Beatus
2891 5571 2972 5627 vir
2995 5573 3090 5646 qui
3117 5570 3270 5628 timet
3292 5568 3585 5630 Dominum
3605 5616 3621 5643 ,

2047 5667 2102 5721 in
2135 5663 2408 5721 mandatis
2436 5663 2556 5736 eius
2585 5662 2732 5719 volet
2760 5663 2943 5722 nimis.
2968 5677 2988 5712 ι

3378 5805 3398 5835 I
3441 5831 3444 5833 λ

3228 5906 3266 5934 .·
3332 5879 3361 5888 ”
3411 5890 3475 5927 'I'
