3986 6410
504 401 641 471 1247

1712 396 1770 456 S.
1802 395 2040 456 JOANN
2051 395 2122 455 lS
2160 395 2558 456 DAMASCEN
2566 394 2592 456 Ι

3631 389 3740 457 12i8

498 513 676 565 otium
733 507 1124 581 persequitur;
1166 514 1228 561 ut
1267 505 1473 562 divinis
1524 504 2091 560 commentationibus

2202 507 2553 578 μεταδιώκει,
2610 507 2698 560 ἵνα
2732 509 2848 573 τοῖς
2883 509 3048 568 Oetam...
3079 504 3442 574 0510911....30W
3493 507 3545 555 έν
3580 506 3744 580 ﬁcu-‘2;

501 612 700 674 pacato
734 600 920 656 animo
953 615 1152 656 vacare
1188 599 1388 668 possit.

499 735 638 794 'l‘l'l‘.
671 731 964 793 XXXVIII.
991 763 1063 775 —
1112 733 1187 788 De
1217 734 1505 796 sententia,
1541 742 1593 789 et
1632 733 2093 798 condemnatione,

575 814 626 878 et
656 808 936 878 severitate
967 804 1114 878 Dei:
1158 812 1207 859 et
1231 807 1370 873 quod
1397 821 1489 878 nec
1520 804 1668 857 ultra
1697 821 1858 878 quam
1890 804 1973 858 ira
1999 803 2096 859 Dei

579 875 738 945 ferat,
789 875 1113 945 vindicanda
1171 883 1392 942 peccata
1441 876 1571 937 sint,
1614 875 1716 928 nec'
1759 875 1908 929 ultra
1935 892 2097 945 quant

575 944 905 1014 praeceperit,
940 944 1194 998 utendum
1228 945 1569 1014 benignitate.

577 1055 608 1122 1
645 1053 772 1130 Reg.
794 1076 888 1125 xv,
918 1052 1109 1127 [7-19,
1138 1057 1229 1114 25.
1265 1089 1334 1099 —
1355 1079 1374 1111 ι
1404 1059 1552 1114 Dixit
1575 1052 1794 1117 Samuel
1823 1051 1890 1115 ad
1915 1051 2045 1115 Saui
2079 1075 2095 1115 :

499 1147 697 1206 Nonne
726 1167 938 1222 parvus
973 1167 1164 1207 coram
1217 1150 1451 1207 Domino
1503 1150 1617 1206 dux
1649 1153 1858 1223 sceptri
1889 1152 2095 1219 lsrael;

501 1251 557 1303 et
591 1243 753 1296 unxit
805 1251 858 1298 te
904 1243 1173 1299 Dominus
1221 1242 1278 1297 in
1329 1258 1516 1314 regem
1573 1259 1743 1313 super
1794 1243 2004 1299 lsrael?
2035 1243 2100 1298 Et

503 1331 648 1386 dixit
677 1331 778 1386 tibi
814 1351 828 1387 :
883 1331 1052 1399 Vade,
1091 1341 1146 1388 et
1189 1335 1500 1391 extermina
1531 1334 1762 1390 Amalec
1804 1343 2100 1405 peccantes

503 1428 559 1491 in
589 1442 677 1482 me
712 1445 726 1484 :
759 1435 810 1482 et
844 1428 1192 1498 oppugnabis
1219 1443 1338 1492 eos,
1365 1429 1574 1484 'donec
1621 1428 2099 1484 consummaveris

501 1532 618 1573 eos.
659 1516 726 1573 Et
753 1533 925 1588 quare
964 1534 1074 1573 non
1104 1519 1306 1573 audisti
1343 1534 1531 1574 vocem
1565 1519 1805 1583 Domini,
1841 1531 1896 1576 et
1929 1520 2098 1575 irrui-

503 1609 574 1664 sti
617 1624 786 1679 super
831 1610 1034 1678 spolia,
1066 1621 1121 1664 et
1168 1609 1458 1665 adducens
1507 1624 1691 1680 regem
1724 1609 2002 1666 servasti?
2035 1610 2100 1665 Et

503 1699 770 1774 sprevisti
803 1699 1034 1755 verbum
1067 1699 1309 1769 Domini,
1357 1711 1412 1756 et
1449 1709 1675 1778 spernet
1705 1708 1759 1758 te
1804 1701 2074 1760 Dominus

502 1807 573 1854 ne
602 1791 682 1855 sis
713 1806 808 1854 rex
835 1806 1003 1862 super
1041 1790 1237 1878 lsrael.
1277 1811 1297 1846 ι

607 1967 673 2023 II
718 1968 843 2042 Reg.
873 1987 967 2036 xx,
999 1971 1192 2036 28-54,
1221 1972 1312 2027 42.
1354 2002 1427 2016 --
1464 1991 1484 2026 ι
1524 1973 1588 2030 Et
1614 1976 1858 2033 accessit
1887 1976 2095 2046 Helias,

499 2069 551 2115 et
573 2059 710 2114 dixit
741 2061 809 2115 ad
839 2062 1066 2118 Achaab
1091 2064 1204 2134 regi
1231 2065 1402 2120 lsrael
1427 2081 1442 2120 :
1467 2064 1596 2121 Haec
1622 2067 1760 2123 dicit
1791 2067 2094 2127 Dominus:

499 2153 611 2210 Pro
652 2171 720 2210 eo
761 2156 908 2226 quod
940 2158 1084 2212 dixit
1107 2157 1288 2230 Syria,
1320 2159 1466 2217 Deus
1504 2162 1779 2216 montium
1807 2162 2094 2230 Dominus,

503 2245 647 2302 Deus
682 2246 872 2312 lsrael,
931 2254 988 2302 et
1036 2263 1148 2303 non
1199 2249 1344 2305 Deus
1390 2250 1621 2305 vallium
1657 2251 1817 2321 ipse:
1871 2260 1927 2308 et
1953 2252 2098 2308 dabo

500 2341 760 2396 virtutem
797 2355 1050 2411 magnam
1080 2342 1224 2397 hanc
1250 2341 1306 2397 in
1338 2357 1564 2398 manum
1601 2351 1772 2410 tuam,
1805 2353 1859 2401 et
1893 2360 2100 2416 cogno-

499 2445 629 2484 sces
656 2416 783 2499 quia
815 2445 918 2501 ego
944 2430 1232 2488 Dominus.
1263 2431 1326 2489 Et
1353 2435 1631 2504 percussit
1657 2436 1821 2492 Israel
1855 2437 2093 2510 Syriam,

500 2527 724 2572 contum
755 2520 927 2574 millia
981 2521 1232 2590 peditum
1266 2537 1379 2577 una
1412 2522 1522 2580 die.
1570 2525 1639 2579 Et
1672 2526 1872 2581 cecidit
1904 2542 2100 2584 murus

501 2625 669 2679 super
701 2611 896 2682 viginti
923 2621 1133 2682 septem
1172 2614 1343 2669 millia
1372 2615 1641 2671 virorum.
1678 2615 1744 2670 Et
1775 2618 1922 2674 titius
1953 2620 2099 2675 Ader

500 2700 659 2769 fugit,
697 2710 752 2756 et
791 2701 1054 2757 dixerunt
1085 2703 1152 2758 ad
1189 2719 1314 2761 eum
1347 2708 1503 2776 pueri
1531 2707 1708 2778 ipsius
1739 2727 1756 2761 ι
1794 2709 1937 2766 Ecce
1968 2712 2096 2782 qui-

497 2792 622 2844 dem
661 2793 917 2849 novimus
949 2795 1081 2864 quia
1107 2812 1265 2868 reges
1298 2797 1486 2865 lsrael,
1519 2814 1675 2868 reges
1704 2802 2099 2861 misericordia:

499 2889 655 2937 sunt.
698 2881 1056 2952 lmponamus
1109 2901 1260 2940 nunc
1297 2901 1496 2943 saccos
1547 2903 1716 2958 super
1744 2890 1963 2946 lumbos
1995 2908 2098 2947 no-

501 2979 675 3040 stros,
705 2981 760 3028 et
783 2971 1062 3030 iuniculos
1092 2989 1260 3044 super
1285 2976 1468 3046 capita
1499 2985 1715 3045 nostra,
1740 2986 1797 3034 et
1836 2995 2097 3038 exeamus

501 3061 571 3117 ad
606 3077 793 3134 regem
845 3063 1037 3130 Israel,
1073 3073 1136 3118 ut
1180 3065 1424 3122 viviﬁcet
1479 3069 1695 3123 animas
1753 3079 1996 3128 nostras.
2031 3074 2099 3128 Et

500 3153 751 3209 fecerunt
781 3155 883 3217 sic,
924 3163 978 3211 et
1003 3156 1264 3212 dixerunt
1290 3159 1405 3228 regi
1443 3157 1612 3214 lsrael
1660 3179 1674 3216 :
1722 3160 1929 3218 Servus
1965 3172 2095 3222 tuus

501 3246 650 3300 ﬁlius
688 3248 837 3304 Ader
865 3249 1044 3305 dicit:
1075 3249 1234 3306 Vivet
1278 3251 1463 3306 anima
1506 3267 1648 3310 mea.
1683 3253 1750 3308 Et
1779 3256 1918 3310 dixit
1947 3274 2039 3313 rex
2077 3277 2092 3312 :

501 3337 559 3392 Si
594 3339 776 3395 adhuc
807 3340 983 3395 vivit?
1006 3340 1180 3396 frater
1208 3357 1364 3399 meus
1392 3354 1496 3399 est.
1534 3343 1597 3401 Et
1622 3361 1882 3418 egressus
1911 3357 1997 3404 est
2027 3351 2093 3405 ad

497 3444 626 3484 eum
660 3429 806 3485 [ilius
832 3431 1002 3500 Ader,
1028 3441 1085 3488 et
1105 3432 1321 3488 faciunt
1345 3436 1652 3492 ascendere
1685 3453 1811 3493 eum
1848 3441 1914 3494 ad
1941 3441 2094 3496 illum

497 3537 671 3593 super
710 3539 963 3580 currum.
1021 3525 1089 3580 Et
1128 3527 1271 3581 dixit
1306 3527 1374 3583 ad
1412 3543 1540 3584 eum
1581 3547 1595 3584 :
1647 3529 1912 3588 Civitates
1955 3548 2096 3604 quas

496 3615 645 3683 cepit
677 3623 832 3686 pater
881 3631 1040 3672 meus
1065 3632 1096 3671 a
1122 3625 1278 3688 patre
1310 3627 1428 3684 tuo,
1468 3621 1696 3676 reddam
1732 3623 1830 3677 tibi
1864 3639 1878 3676 :
1917 3632 1971 3680 et
1998 3641 2097 3680 ex-

495 3703 612 3761 itus
639 3720 814 3776 pones
850 3707 949 3762 tibi
981 3709 1037 3763 in
1053 3706 1347 3774 Damaseo,
1366 3712 1514 3766 sicut
1545 3714 1730 3783 posuit
1755 3722 1912 3785 pater
1940 3733 2095 3774 meus

503 3795 558 3848 in
587 3795 860 3850 Samaria.
885 3795 952 3850 Et
977 3796 1254 3868 disposuit
1276 3800 1327 3855 ei
1355 3808 1775 3869 testamentum,
1799 3811 1856 3859 et
1883 3804 2098 3863 dimisit

497 3902 650 3942 eum.
691 3905 712 3940 ›
745 3887 815 3952 Et
858 3890 1042 3958 paucis
1086 3891 1399 3958 interiectis.
1437 3911 1457 3945 ι
1489 3893 1637 3950 Dixit
1665 3895 1733 3950 ad
1761 3911 1886 3956 eum
1931 3897 2098 3952 homo

501 3976 597 4034 Dei
635 3995 649 4032 :
683 3978 816 4042 Haec
842 3979 977 4036 dicit
1010 3981 1280 4038 Dominus
1313 3999 1328 4037 :
1374 3983 1680 4057 Propterea
1720 3988 1867 4058 quod
1902 3989 2097 4044 emisi-

500 4069 577 4123 sti
614 4077 672 4124 tu
712 4070 895 4128 virum
946 4073 1327 4144 perniciosum
1369 4074 1439 4131 de
1473 4091 1642 4136 manu
1697 4085 1828 4147 tua;
1881 4087 1934 4135 et
1989 4082 2098 4137 erit

498 4161 684 4216 anima
717 4169 814 4219 tua
841 4178 942 4234 pro
967 4165 1156 4222 anima
1186 4167 1335 4239 ejus,
1358 4178 1413 4224 et
1438 4171 1680 4241 populus
1707 4180 1836 4230 tuus
1864 4189 1966 4246 pro
1999 4189 2097 4247 po-

498 4253 631 4323 pulo
668 4252 816 4324 ejus.
854 4273 875 4314 ι

569 4428 812 4499 Sophan.
853 4446 894 4497 ι,
930 4429 1020 4486 12.
1049 4463 1121 4474 -
1143 4451 1165 4487 ι
1193 4434 1500 4494 Scrutabor
1519 4436 1831 4500 Jerusalem
1857 4456 1980 4498 cum
2011 4441 2099 4503 lu-

498 4535 688 4587 cerna,
725 4531 778 4577 et
809 4523 1054 4579 ulciscar
1080 4540 1250 4596 super
1293 4528 1441 4584 viros
1478 4532 1574 4601 qui
1599 4540 1966 4597 contemnunt
1994 4549 2094 4599 cu-
2127 4569 2174 4625 υ

499 4613 716 4669 stodias
745 4630 902 4670 suas.
943 4635 964 4670 ι

564 4703 763 4759 Jerem.
800 4723 855 4773 ι,
877 4707 969 4774 26,
999 4707 1093 4773 27,
1124 4725 1227 4764 sec.
1260 4709 1424 4765 LXX.
1457 4742 1530 4752 —
1562 4731 1582 4765 ι
1620 4715 1844 4785 Aperite
1869 4719 2097 4789 apothe-

498 4810 595 4852 cas
616 4797 760 4868 ejus,
805 4799 1152 4856 Scrutamini
1186 4816 1308 4859 eam
1335 4803 1487 4859 velut
1511 4806 1837 4874 speluncam
1859 4850 1875 4878 ,
1913 4819 1968 4866 et
1997 4825 2097 4868 ex-

501 4891 798 4952 terminata
833 4907 978 4961 eam,
1014 4906 1075 4947 ut
1109 4909 1211 4950 nec
1244 4895 1351 4965 ipsi
1388 4897 1462 4952 sit
1498 4896 1896 4957 diversorium.
1932 4921 1951 4954 ι

570 4974 772 5033 Jerem.
802 4995 943 5045 χχιι,
981 4981 1072 5035 '50.
1105 5013 1174 5025 —
1211 5001 1231 5035 ι
1262 4983 1455 5052 Terra,
1490 4993 1641 5043 terra
1669 5030 1684 5055 ,
1728 4992 1854 5045 audi
1884 5007 2097 5049 sermo-

501 5083 628 5128 nem
667 5067 905 5139 Domini.
950 5073 1148 5131 Scribe
1180 5075 1360 5130 virum
1395 5079 1588 5148 istum,
1637 5083 1951 5146 abdicatum
1995 5087 2098 5142 ho-

503 5160 748 5220 rninibus
779 5179 792 5214 :
830 5165 961 5234 quia
992 5178 1102 5219 non
1139 5177 1354 5224 crescet
1382 5171 1451 5227 de
1493 5174 1704 5230 semine
1737 5175 1859 5246 ejus
1892 5178 1980 5232 vir
2011 5194 2097 5235 se-

503 5250 642 5306 dens
674 5268 843 5324 super
869 5257 1136 5310 thronum
1169 5257 1344 5315 David
1374 5263 1631 5336 princeps
1668 5267 1723 5321 in
1749 5268 1914 5324 .luda.
1946 5290 1965 5323 ›

576 5341 749 5400 Basit.
780 5343 963 5401 Const.
1018 5362 1140 5404 can.
1171 5360 1365 5420 quiest.
1397 5353 1488 5408 98.
1518 5385 1589 5400 φ-
1619 5355 1760 5421 Dum
1809 5375 1901 5414 res
1934 5361 2095 5417 nobis

503 5443 590 5490 est
619 5450 742 5492 cum
778 5437 850 5494 iis
877 5437 972 5508 qui
1006 5437 1270 5497 infestum
1295 5443 1565 5506 adversus
1593 5440 1880 5504 veritatem
1909 5452 2094 5508 odium

505 5536 728 5597 gerunt,
763 5536 817 5586 et
856 5529 950 5586 Dei
988 5532 1261 5590 mandatis
1289 5535 1679 5603 adversantur,
1709 5551 1825 5596 tum
1863 5546 2094 5616 obsequi

512 5633 797 5676 necessum
832 5629 917 5677 est
950 5621 1081 5678 huic
1105 5626 1195 5682 Dei
1235 5638 1555 5698 prmccpto:
1593 5651 1614 5684 ι
1655 5635 1710 5688 Si
1735 5627 1930 5693 Oculus
1969 5647 2096 5694 tuus

509 5708 704 5767 dexter
752 5710 1092 5780 scandalizat
1149 5725 1224 5780 te.
1262 5733 1396 5776 erue
1441 5735 1567 5786 cum
1641 5734 1693 5780 ct
1746 5727 1955 5799 projice
1996 5729 2094 5784 abs

511 5810 563 5859 te
594 5801 813 5864 (Matth.
851 5817 1007 5875 xvm,
1031 5806 1106 5881 9).
1144 5829 1162 5863 ι
1185 5813 1325 5871 Nam
1358 5812 1564 5886 alioqui
1590 5815 1752 5887 377
1787 5819 2098 5888 benignitas

2199 599 2420 670 ἐντύχῃ.

2203 731 2384 784 ΤΙΤΛ.
2418 729 2552 786 AH’.
2579 761 2650 771 —
2676 730 2820 796 Περὶ
2872 728 3242 796 ἀποφάσεως
3264 769 3278 782 .
3314 726 3413 781 καί
3457 728 3745 785 ἀνταποδό-

2275 817 2455 867 σεως,
2485 801 2584 855 καὶ
2627 800 2931 868 ἀκριϐείας
2980 797 3130 854 Θεοῦ
3151 815 3166 836 ο
3212 797 3313 853 καὶ
3344 798 3432 852 ὅτι
3465 801 3534 854 οὐ
3554 798 3637 854 δεῖ
3660 803 3746 869 τῆς

2274 870 2464 938 ὀργῆς
2480 870 2589 924 τοῦ
2622 870 2777 940 Θεοῦ
2809 871 3002 926 πλέον
3034 870 3406 938 ἀμύνασθαι.
3438 870 3475 938 ἠ
3501 870 3645 939 παρὰ
3663 875 3746 940 τὰς

2271 941 2530 1006 ἐντολὰς
2556 939 2746 995 αὐτοῦ
2775 941 3399 1010 φιλανθρωπεύεσθαι.

2276 1071 2296 1106 ι
2329 1049 2468 1108 Εῐπε
2510 1053 2768 1126 Σαμουὴλ
2827 1052 2967 1125 πρὸς
3011 1052 3220 1108 Σαούλ·
3253 1054 3393 1125 Οὐχὶ
3428 1055 3612 1127 μικρὸς
3645 1059 3748 1112 ἐνώ-

2200 1163 2326 1200 πιον
2376 1145 2613 1216 Κυρίου,
2652 1145 2960 1217 ἡγούμενος
3019 1146 3303 1217 σκήπτρου
3347 1145 3520 1224 φυλῆς
3544 1148 3761 1219 Ἰσραὴλ,¹

2210 1235 2308 1288 καὶ
2337 1234 2526 1305 ἔχρισέ
2562 1251 2622 1288 σε
2661 1233 2868 1304 Κύριος
2895 1234 2976 1297 είς
3007 1233 3240 1305 βασιλέα
3279 1233 3374 1286 ἐπὶ
3401 1234 3635 1306 Ἰσραήλ;
3663 1240 3743 1290 Καὶ

2201 1323 2356 1381 εἶπέν
2381 1344 2464 1381 σοι
2484 1345 2500 1360 ο
2531 1327 2863 1397 Πορεύθητι,
2886 1327 2984 1382 καὶ
3005 1325 3392 1394 ὲξολὸορευσον
3413 1325 3502 1378 τὸν
3519 1329 3742 1400 Ἄμαλὴκ,

2202 1419 2329 1481 τοὺς
2361 1417 2782 1488 ἁμαρτάνοντας
2812 1418 2894 1480 εἰς
2919 1416 3044 1487 ἐμὲ,
3074 1415 3172 1468 καὶ
3215 1415 3547 1486 πολεμήσεις
3566 1419 3742 1484 αὐτοὺς,

2201 1511 2308 1574 ἓως
2333 1505 2396 1562 οὗ
2440 1509 2766 1581 συντελέσῃς
2806 1508 3023 1572 αὐτούς.
3057 1508 3171 1562 Καὶ
3201 1508 3292 1562 ἵνα
3330 1507 3385 1560 τί
3418 1508 3516 1561 οὐκ
3550 1509 3743 1578 ήκουτας

2203 1600 2306 1669 τῆς
2347 1601 2533 1671 φωνῆς
2585 1599 2816 1671 Κυρίου,
2875 1598 2991 1654 ἀλλ’
3020 1596 3294 1669 ὥρμησας
3339 1597 3433 1650 ἐπὶ
3475 1598 3542 1651 τὰ
3588 1599 3742 1665 σκύλα,

2201 1691 2297 1744 καὶ
2324 1689 2418 1743 τὸν
2451 1689 2676 1760 βασιλέα
2713 1688 2939 1760 ἀγαγὼν
2981 1691 3404 1762 περιεποιήσω;
3444 1691 3550 1743 Ka‘t
3578 1691 3744 1756 ἐξουδέ-

2202 1801 2384 1848 νωσας
2407 1784 2468 1837 τὸ
2497 1784 2652 1856 ῥῆμα
2690 1784 2928 1856 Κυρίου,
2958 1785 3055 1839 καὶ
3099 1783 3452 1851 ἐξουδενώσει
3495 1801 3552 1838 σε
3579 1785 3739 1856 Ktipic;

2129 1859 2172 1914 Β
2201 1874 2295 1929 τοῦ
2333 1877 2408 1946 μὴ
2442 1869 2586 1928 εἶναι
2622 1875 2850 1946 βασιλέα
2885 1876 2978 1928 ἐπὶ
3002 1873 3249 1946 Ἰσραήλ.
3283 1892 3303 1926 ι

2279 1988 2297 2020 ι
2331 1967 2648 2039 Προσῆλθεν
2705 1968 2926 2034 Ἠλιοῦ,
2973 1966 3068 2020 καὶ
3127 1962 3287 2021 εἶπεν
3325 1966 3530 2038 Ἀχαὰϐ
3574 1967 3739 2039 βασιλεῖ

2213 2061 2437 2132 Ἰσραήλ
2458 2077 2473 2092 ⁶
2508 2061 2649 2115 Τάδε
2674 2059 2826 2130 λέγει
2868 2060 3104 2132 κύριος’
3142 2059 3294 2118 ‘Avii’
3325 2053 3402 2114 ὧν
3431 2056 3551 2114 εἷπε
3587 2063 3738 2132 Συρία,

2202 2152 2338 2216 Θεὸς
2367 2153 2545 2224 ὀρέων
2603 2153 2830 2224 Κύριος,
2864 2154 2894 2209 ὁ
2931 2153 3066 2218 Θεὸς
3119 2153 3344 2225 Ἰσραὴλ
3367 2195 3384 2222 ,
3429 2155 3522 2207 καὶ
3554 2155 3609 2206 ού
3640 2155 3737 2220 Θεὸς

2199 2244 2465 2299 κοιλάδων
2496 2245 2663 2308 αὐτός
2686 2260 2700 2275 ⁸
2734 2244 2831 2300 καὶ
2859 2244 3018 2300 δώσω
3038 2245 3138 2317 τὴν
3165 2244 3403 2316 δύναμιν
3426 2243 3521 2317 τὴν
3543 2246 3739 2318 μεγάλην

2199 2335 2406 2406 ταύτην
2434 2337 2517 2400 εἰς
2550 2337 2714 2409 χεῖρά
2747 2353 2865 2401 σου,
2911 2336 3006 2390 καὶ
3033 2335 3222 2408 γνώσῃ
3262 2337 3348 2390 ὃτι
3377 2336 3486 2406 ἐγώ
3517 2338 3620 2408 εἰμι
3651 2337 3733 2390 K6-

2202 2444 2339 2498 ριος.
2370 2427 2482 2482 Καὶ
2514 2427 2791 2493 ἐπάταξεν
2817 2427 3036 2500 Ἰσραὴλ
3066 2428 3164 2501 τὴν
3211 2428 3438 2500 Συρίαν,
3471 2429 3648 2482 ἑκατὸν
3675 2448 3734 2500 χιο

2199 2515 2386 2582 λιάδας
2438 2516 2623 2582 πεζῶν
2652 2518 2839 2590 ἡμέρᾳ
2877 2518 2997 2590 μιᾷ,
3029 2517 3126 2574 καὶ
3168 2517 3342 2570 ἔπεσε
3381 2517 3442 2571 τὸ
3487 2521 3642 2589 τεῖχος
3668 2521 3735 2572 ἐπὶ

2200 2608 2376 2662 εἴκοσι
2419 2610 2513 2662 καὶ
2560 2610 2702 2664 ἑπτὰ
2751 2609 3003 2680 χιλιάδας
3049 2607 3290 2682 ἀνδρῶν,
3346 2610 3443 2668 καὶ
3473 2609 3577 2672 υίὸς
3615 2609 3731 2681 ’Δδὲρ

2201 2699 2422 2768 ἔφυγεν,
2456 2699 2552 2753 καὶ
2581 2694 2737 2754 εἷπον
2769 2699 2910 2772 πρὸς
2936 2699 3098 2761 αὐτὸν
3126 2701 3176 2753 οἱ
3201 2699 3397 2764 παῖδες
3420 2697 3604 2760 αὐτοῦ’
3633 2699 3728 2751 Ἰδοὺ

2199 2795 2265 2865 δὴ
2297 2794 2544 2864 οἴδαμεν,
2577 2794 2658 2847 ὅτι
2713 2793 2958 2864 βασιλεῖς
3010 2793 3268 2866 Ἰσραὴλ,
3320 2793 3555 2864 βασιλεῖς
3592 2793 3729 2855 ἐλέους

2199 2886 2360 2941 εἰσίν.
2388 2885 2747 2957 Ἐπιθώμεθα
2778 2886 2845 2957 δὴ
2874 2885 3113 2952 σάκκους
3138 2887 3235 2940 ἐπὶ
3254 2885 3354 2950 τὰς
3375 2884 3572 2955 ὀσφύας
3593 2885 3727 2956 ἡμῶν,

2199 2977 2294 3030 καὶ
2328 2977 2540 3047 σχοινία
2585 2978 2680 3030 ἐπὶ
2709 2977 2809 3041 τὰς
2841 2977 3088 3046 κεφαλὰς
3120 2978 3307 3049 ἡμῶν,
3352 2979 3447 3032 καὶ
3477 2976 3728 3046 ἐξέλθωμεν

2199 3065 2338 3138 πρὸς
2370 3065 2600 3136 βασιλέα
2630 3067 2872 3140 Ἰσραὴλ,
2923 3069 3074 3132 ὃπως
3111 3067 3435 3140 ζωογονήσῃ
3478 3066 3570 3130 τὰς
3592 3064 3726 3141 ψυχᾶς

2200 3158 2381 3230 ἡμῶν.
2412 3159 2522 3216 Καὶ
2562 3160 2830 3230 ἐποίησαν
2873 3158 3067 3223 οὕτως,
3100 3160 3196 3222 καὶ
3254 3155 3417 3219 εἶπαν
3464 3157 3538 3229 τῷ
3567 3156 3726 3228 βασιλεῖ

2211 3250 2469 3322 Ἰσραήλ·
2518 3249 2712 3315 Δοῦλός
2745 3267 2838 3308 σου
2867 3249 2984 3314 υίὸς
3028 3248 3190 3320 Ἀδὲρ
3221 3248 3412 3319 λέγει,
3457 3249 3660 3318 Ζήσεται
3702 3246 3725 3314 ἠ

2197 3341 2343 3413 ψυχή
2379 3359 2505 3414 μου.
2533 3342 2644 3397 Καὶ
2685 3336 2842 3396 εἶπεν
2874 3342 2903 3395 ὁ
2944 3341 3241 3413 βασιλεύς·
3275 3342 3340 3395 Ei
3382 3339 3462 3394 ἔτι
3486 3340 3580 3410 Cf);
3607 3337 3725 3392 ἀδελ-

2199 3433 2300 3503 φός
2335 3449 2460 3503 μου.
2493 3432 2607 3487 Καὶ
2636 3431 2830 3503 ἐξῆλθε
2875 3431 3014 3503 πρὸς
3057 3431 3223 3486 αὐτὸν
3253 3433 3281 3485 ὁ
3331 3432 3443 3495 υίὸς
3465 3429 3622 3501 Ἄδερ,
3659 3425 3725 3486 καὶ

2199 3522 2597 3588 ἀναϐιϐάζουσι
2628 3523 2767 3595 πρδς
2820 3521 2986 3576 αὐτὸν
3015 3522 3110 3576 ἐπὶ
3161 3522 3226 3576 τδ
3274 3522 3447 3595 ἅρμα.
3493 3521 3591 3574 Kal.
3635 3513 3723 3570 εἷπε

2199 3615 2337 3687 πρὸς
2373 3615 2574 3670 αὐτόν’
2629 3615 2742 3680 Τὰς
2790 3615 2978 3678 πόλεις
3020 3614 3088 3678 ἃς
3133 3613 3329 3669 ἔλαϐεν
3373 3615 3401 3666 ὁ
3452 3612 3613 3682 πατήρ
3649 3626 3723 3679 μου

2198 3704 2356 3777 παρὰ
2405 3707 2500 3759 τοῦ
2549 3704 2757 3775 πατρός
2797 3721 2916 3770 σου,
2971 3703 3243 3758 ἀποδώσω
3282 3721 3386 3770 σοι,
3426 3703 3516 3758 καὶ
3557 3701 3723 3767 ἐξόδους

2199 3798 2388 3870 θήσεις
2430 3797 2642 3869 σεαυτῷ
2676 3799 2736 3851 ὲν
2769 3795 3075 3868 Δαμασκῷ,
3109 3796 3300 3861 καθὼς
3351 3793 3501 3850 ἔθετο
3525 3795 3551 3848 ὁ
3588 3793 3722 3862 πατήρ

2202 3907 2305 3962 μου
2343 3893 2402 3944 ὲν
2437 3889 2741 3962 Σαμαρείᾳ.
2776 3889 2889 3944 Καὶ
2921 3888 3133 3943 διέθετο
3175 3889 3329 3960 αὐτῷ
3365 3887 3628 3959 διαθήκην,
3656 3882 3723 3937 καὶ

2199 3983 2585 4052 ἐξαπέστειλεν
2620 3967 2805 4038 αὐτόν.
2845 4000 2865 4036 ν
2897 3982 3008 4038 Καὶ
3039 3983 3170 4052 μετ’
3201 3983 3406 4054 ὀλίγαν
3440 4001 3461 4034 ‹
3485 3975 3604 4033 Εἷπε
3625 3976 3722 4047 πρὸς

2199 4075 2364 4140 αὺτὸν
2396 4077 2426 4129 ὁ
2476 4073 2764 4146 ἄνθρωπος
2813 4071 2907 4139 τοῦ
2959 4070 3133 4138 Θεοῦ·
3166 4071 3311 4128 Τάδε
3363 4071 3504 4142 λέγει
3534 4067 3720 4140 Κύριος⁶

2199 4165 2346 4220 Διότι
2376 4149 2680 4238 ἐξήνεγκας
2734 4165 2799 4218 σὺ
2849 4164 3020 4236 ἄνδρα
3049 4163 3298 4236 ὀλέθριον
3327 4165 3391 4219 ἐκ
3433 4161 3600 4235 χειρός
3627 4174 3720 4228 μου,

2199 4257 2354 4312 ἔσται
2381 4259 2415 4328 ἠ
2446 4258 2594 4329 ψυχή
2640 4275 2733 4311 σου
2763 4256 2889 4324 ἀντὶ
2910 4259 3011 4329 τῆς
3030 4256 3215 4328 ψυχῆς
3259 4253 3444 4323 αὐτοῦ,
3473 4253 3558 4308 καὶ
3582 4253 3606 4307 ὁ
3630 4249 3721 4311 λαός

2201 4367 2295 4414 σου
2324 4351 2446 4413 ἀντὶ
2472 4336 2566 4402 τοῦ
2588 4347 2721 4411 λαοῦ
2752 4348 2939 4403 αὐτοῦ.
2967 4366 2987 4400 ι

2277 4462 2297 4496 ι
2339 4442 2714 4515 Ἐξερευνήσω
2743 4440 2840 4513 τὴν
2871 4440 3235 4513 Ἰερουσαλὴμ
3272 4440 3407 4512 μετὰ
3437 4436 3630 4508 λύχνου,
3653 4431 3718 4485 καὶ

2200 4535 2477 4607 ἐκδικήσω
2523 4535 2617 4590 ἐπὶ
2643 4535 2770 4597 τοὺς
2812 4533 3018 4605 ἄνδρας
3044 4533 3174 4598 τοὺς
3209 4528 3652 4602 καταφρονοῦντας
3672 4522 3719 4576 τὰ

2200 4627 2534 4698 φυλάγματα
2566 4625 2772 4680 αὐτῶν.
2806 4643 2825 4677 ι

2201 4735 2206 4742 ’
2276 4740 2294 4772 ι
2329 4718 2610 4785 Ἀνοίξατε
2641 4718 2740 4782 τὰς
2778 4715 3070 4789 ἀποθήκας
3091 4715 3290 4789 αὐτῆς·
3323 4714 3622 4787 ἑρευνήσατε
3645 4705 3717 4758 αὐ-

2196 4813 2296 4884 τὴν
2331 4812 2407 4876 ὡς
2439 4811 2726 4882 σπήλαιον,
2761 4809 2857 4864 καὶ
2887 4807 3315 4884 ὲξολοθρεύσατε
3351 4804 3529 4874 αὐτὴν,
3559 4799 3622 4871 μὴ
3647 4811 3715 4864 γε·

2195 4901 2386 4957 νέσθαι
2409 4901 2547 4972 αὐτῇ
2580 4900 2895 4972 κατάλυμα.
2931 4918 2952 4953 ι
2989 4901 3003 4969 Ι

2274 5011 2294 5045 ⁴
2328 4993 2427 5064 Γῆν
2480 4994 2587 5064 γῆ.
2633 4992 2872 5048 ἄκουσον
2924 4991 3086 5060 λόγον
3123 4990 3357 5064 Κυρίου*
3413 4983 3606 5056 Γράψον
3647 4976 3713 5029 τὸν

2197 5085 2368 5156 ἄνδρα
2396 5084 2589 5138 τοῦτον
2620 5084 2966 5156 ὲκκήρυκτον
2997 5081 3339 5156 ἀνθρὼποις’
3365 5079 3444 5134 ὅτι
3470 5075 3525 5129 οὐ
3555 5072 3617 5144 μή
3643 5067 3713 5122 αὖ·

2199 5175 2337 5246 ξηθῇ
2371 5175 2435 5228 ἐκ
2464 5173 2560 5228 τοῦ
2593 5175 2914 5251 σπέρματος
2955 5173 3125 5227 αὐτοῦ
3161 5173 3302 5246 ἀνὴρ
3350 5167 3622 5238 καθήμενος
3646 5156 3709 5210 ἐπὶ

2199 5266 2392 5337 θρόνου
2423 5266 2613 5330 Δασιδ,
2649 5267 2836 5339 ἄρχων
2859 5267 2918 5320 ἐν
2949 5265 3026 5337 τῷ
3047 5265 3245 5324 Ἰούδα.
3283 5283 3303 5317 ι

2268 5358 2395 5423 Ἐπὶ
2429 5359 2529 5430 μὲν
2556 5359 2664 5412 τῶν
2705 5357 3105 5431 ὲχθραινόντων
3152 5361 3220 5430 τῇ
3257 5355 3490 5428 ἀληθείᾳ,
3520 5350 3601 5402 καὶ
3635 5343 3705 5431 ἐμέ

2199 5450 2528 5516 ποδιζόντων
2559 5453 2680 5514 ταῖς
2715 5430 2962 5516 ἐντολαῖς
2996 5449 3090 5504 τοῦ
3122 5449 3280 5517 Θεοῦ,
3312 5449 3369 5512 ἐξ
3389 5444 3604 5510 ἀνάγκης
3621 5430 3705 5486 ἐστὶ

2200 5545 2374 5608 ποιεῖν
2414 5543 2555 5608 κατὰ
2599 5544 2660 5596 τὸ
2708 5545 3040 5616 πρόσταγμα
3081 5542 3175 5596 τοῦ
3204 5541 3427 5610 ,Κυρίου
3479 5530 3703 5622 etaim-0."

2213 5635 2337 5688 Ἐὰν
2363 5637 2391 5688 ὁ
2419 5635 2701 5706 ὀφθαλμός
2736 5615 2830 5689 σου
2867 5637 2896 5689 ὁ
2938 5635 3110 5702 δεξιὸς
3139 5630 3451 5698 σκανδαλίσῃ
3485 5639 3556 5681 σε.
3593 5615 3703 5717 ἔξελε

2200 5727 2380 5790 αὑτὸν.
2413 5727 2507 5786 καὶ
2535 5727 2664 5797 βάλε
2690 5727 2798 5780 ἀπὸ
2837 5725 2962 5780 σοῦ.
3001 5727 3064 5779 ῚΙ
3093 5727 3200 5796 γὰρ
3230 5724 3320 5778 ἐπὶ
3368 5719 3467 5774 τῶν
3501 5717 3702 5797 τοιούτοιν

2201 5791 2580 5889 φιλανθρωπία
2599 5817 2959 5893 παραπλησία
2987 5791 3192 5892 ἐστὶντῇ
3220 5808 3506 5881 ἀπαιδεύτῳ
3521 5791 3699 5874 χρηστά
