3986 6376
298 294 432 367 1249

1543 287 1780 354 SACRA
1817 271 2296 353 PARALLELAI

3426 279 3563 350 1250

296 429 418 482 τητι
450 409 544 464 τοῦ
575 409 744 463 Σαοὺλ
764 408 856 462 ἐπὶ
881 407 973 460 τοῦ
998 403 1241 474 Ἀγαγοῦ
1265 405 1331 476 ἢν
1356 402 1504 473 παρᾶ
1536 403 1600 456 τὸ
1631 402 1723 456 τοῦ
1755 403 1871 459 Κυ-

2007 417 2144 471 ιιιοηι
2175 398 2447 471 ejusmodi
2477 397 2797 452 hominibus
2822 393 3107 458 habueris,
3130 393 3315 447 stultae
3338 394 3416 449 illi
3447 395 3561 448 cle-

297 505 415 574 ρίου
447 501 875 571 διατεταγμένον
903 497 1054 569 αὐτῷ
1086 496 1456 550 ἐπεδείκνυτο.

611 697 794 752 ΤΙΤΛ,
823 694 950 751 ΛΘ’.
988 724 1055 736 —
1081 693 1220 762 Περὶ
1245 692 1552 762 ἁγγαριάς.

372 832 390 864 ι
441 810 715 864 Ἀδύνατοι
742 807 1071 879 ἀμπελῶνας
1116 805 1332 861 ἀσεϐῶν
1365 805 1544 858 ἀσιτεῖ
1569 804 1662 857 καὶ
1689 801 1880 872 ἀμισθί

295 908 343 958 εί
350 905 646 977 ργάσαντο.
690 920 709 952 ι

373 1012 392 1046 ι
433 981 622 1055 Ὅστις
645 1009 705 1044 σε
737 987 1070 1060 ἀγγαρεύσει
1101 986 1276 1057 μίλιον
1311 984 1391 1049 ἓν,
1418 983 1595 1051 ὕπαγε
1629 982 1746 1052 μετ’
1785 980 1884 1033 αύ-

292 1083 389 1136 τοῦ
424 1082 536 1137 δύο.
581 1099 599 1132 ι

372 1197 391 1228 ι
441 1176 498 1227 '0
527 1171 826 1242 οἰκοδομῶν
847 1169 939 1225 τὸν
963 1166 1111 1224 οἷκον
1137 1167 1301 1221 αὐτοῦ
1329 1167 1390 1220 ού
1423 1165 1562 1235 μετά
1605 1161 1882 1217 δικαιοσύ⁴

294 1287 416 1337 γης,
445 1256 542 1318 καί
574 1263 641 1317 τὰ
665 1261 888 1332 ὑπερῷα
917 1259 1080 1315 αὑτοῦ
1105 1260 1204 1312 οὐκ
1233 1261 1290 1311 ἐν
1322 1258 1584 1326 κρίματι,
1629 1253 1780 1324 παρά
1800 1251 1876 1322 τῷ

293 1357 524 1425 πλησίον
561 1354 727 1410 αὐτοῦ
769 1355 996 1426 ὲργᾶται
1039 1351 1271 1423 δωρεάν,
1309 1351 1404 1403 καὶ
1439 1349 1529 1402 τὸν
1556 1346 1746 1418 μισθὸν
1776 1347 1876 1399 αὑ·

292 1437 387 1502 τοῦ
416 1449 477 1502 ού
505 1448 580 1519 μὴ
601 1446 788 1517 ἀποδῷ
812 1445 981 1516 αὐτῷ.
1013 1464 1032 1496 ι

373 1559 391 1591 ‹
432 1540 565 1593 Ἰδοὺ
595 1541 623 1592 ὁ
652 1538 842 1609 μισθὸς
873 1538 984 1592 τῶν
1006 1535 1253 1609 ἐργατῶν
1285 1533 1395 1588 τῶν
1417 1532 1748 1604 ἀμησάντων
1781 1530 1880 1593 τὰς

1983 493 2204 547 mentiae
2235 492 2433 547 similis
2463 499 2571 552 est,
2601 505 2708 558 qua
2740 486 2874 544 Sanl
2921 495 3117 542 contra
3151 500 3316 555 quam
3347 487 3395 540 ei
3427 501 3564 555 prae—

1981 590 2200 652 ceptnm
2240 597 2270 635 a
2311 577 2541 634 Domino
2573 578 2772 644 fuerat,
2800 594 2930 648 erga
2960 580 3113 649 Agag
3155 593 3290 633 usus
3321 586 3425 633 est.
3502 595 3506 599 λ

2123 690 2257 744 TlT.
2291 689 2532 744 XXXIX.
2565 720 2632 730 —
2654 690 2728 745 De
2754 691 2978 760 auguria
2995 705 3084 744 seu
3107 690 3410 743 adactione.

2051 800 2155 856 Job
2185 818 2332 869 χειν,
2369 802 2424 856 6.
2471 833 2540 843 -
2595 821 2614 854 ι
2652 801 2963 857 lmbecilles
3010 801 3305 871 impiorum
3365 803 3562 855 vincas

1982 899 2101 971 sine
2151 899 2280 953 cibo
2310 906 2365 953 ct
2393 897 2646 953 mercede
2673 897 2986 951 coluerunt.
3022 914 3041 947 ι

2054 976 2253 1042 Matth.
2287 1004 2340 1051 ν,
2367 988 2457 1042 41.
2487 1017 2560 1029 -
2593 1005 2614 1038 ι
2653 986 2713 1041 Si
2751 987 2881 1055 quis
2930 985 3302 1056 angariaverit
3334 995 3386 1041 te
3414 985 3562 1039 mille

1982 1094 2206 1150 passus,
2238 1079 2376 1133 vade
2411 1094 2536 1133 cum
2572 1093 2638 1134 eo
2675 1078 2783 1130 alia
2807 1079 2936 1132 duo.
2974 1094 2993 1128 ι
3099 1088 3114 1101 ⁸

2051 1168 2244 1224 Jerem.
2268 1185 2405 1233 xm,
2442 1169 2530 1222 13.
2558 1196 2630 1208 --
2666 1184 2686 1218 ‹
2721 1165 2825 1232 Qui
2867 1165 3103 1221 aediﬁcat
3133 1165 3358 1221 domum
3405 1179 3559 1220 suam

1986 1260 2040 1314 in
2075 1259 2370 1329 injustitia,
2408 1265 2463 1314 et
2514 1258 2805 1314 cmnaeula
2848 1272 2952 1312 sua
2994 1271 3106 1312 non
3137 1257 3192 1310 in
3226 1255 3440 1326 judicio
3479 1273 3490 1307 :
3532 1273 3561 1308 ιι

1986 1351 2238 1422 prox-imo
2269 1366 2372 1407 suo
2405 1365 2546 1420 opus
2569 1351 2743 1422 gratis
2765 1349 2961 1420 exigit,
2993 1361 3048 1405 et
3091 1348 3406 1404 mercedem
3439 1349 3561 1418 eju‘s

1985 1456 2098 1496 non
2131 1441 2312 1496 reddit
2346 1441 2418 1495 ei.
2449 1459 2468 1491 ι

2055 1531 2177 1586 Jac.
2209 1547 2264 1596 ν,
2306 1532 2358 1585 4.
2383 1549 2478 1582 --(
2513 1530 2651 1587 Ecce
2683 1545 2897 1586 merces
2927 1527 3314 1600 operariorum
3349 1534 3564 1581 vestro-

298 1630 479 1704 χώρας
510 1630 684 1700 ὑμῶν,
707 1630 735 1682 ὁ
753 1628 1196 1699 ἀπεστερημένος
1223 1625 1314 1692 ἀφ’
1339 1625 1513 1694 ὑμῶν,
1547 1619 1763 1693 κράζει,
1787 1621 1880 1674 xui.

2007 1639 2134 1686 'um,
2169 1622 2264 1693 qui
2291 1628 2646 1678 messuerunt
2690 1621 2946 1692 regiones
2975 1627 3190 1676 veStras
3213 1657 3228 1683 ,
3261 1633 3384 1688 quae
3411 1617 3564 1670 frau-

297 1724 352 1774 ui
380 1721 498 1791 βοαὶ
532 1719 642 1773 τῶν
692 1718 1022 1791 θερισάντων
1056 1716 1132 1780 είς
1150 1716 1218 1768 τά
1251 1710 1365 1769 ὦτα
1410 1712 1616 1781 Κυρίου
1655 1708 1879 1782 Σαϐαὼθ

2007 1714 2119 1768 lata
2157 1723 2244 1770 est
2298 1728 2328 1768 a
2365 1715 2525 1770 vobis
2550 1753 2566 1779 ,
2617 1714 2850 1778 clamat,
2898 1721 2954 1768 et
2985 1713 3198 1766 clamor
3234 1725 3428 1765 eorum
3483 1708 3566 1762 in-

298 1809 664 1882 εἰσεληλύθει.
701 1827 722 1861 ι

498 1917 682 1970 ΤΙΤΛ.
714 1917 803 1971 Μ’.
831 1944 903 1958 -—
924 1915 1066 1982 Περὶ
1087 1916 1390 1983 αἰσχύνης
1420 1910 1672 1982 ἀγαθῆς.

376 2043 394 2081 ‹
434 2027 706 2088 Λαϐόντες
749 2027 872 2098 Σὴμ
903 2027 997 2079 xui.
1041 2019 1218 2094 Ἱαφὲθ
1251 2025 1313 2077 τὸ
1365 2024 1599 2093 ἱμάτιον,
1630 2022 1885 2076 ἐπέθεντο

295 2119 392 2170 ἐπὶ
419 2116 490 2169 τά
518 2116 614 2169 δύο
646 2115 792 2169 νῶτα
823 2115 1026 2178 αὐτῶν,
1053 2115 1147 2168 καὶ
1179 2110 1553 2184 ἐπορεύθησαν
1581 2112 1884 2181 ὀπισθοφα-

296 2208 427 2270 νῶς,
454 2207 549 2260 καὶ
582 2204 958 2274 συνεκάλυψαν
983 2205 1082 2274 τὴν
1107 2205 1388 2274 γύμνωσιν
1415 2204 1510 2256 τοῦ
1547 2203 1752 2274 πατρὸς
1786 2203 1886 2256 αὐ-

295 2297 430 2358 τῶν,
454 2298 546 2349 καὶ
572 2296 674 2367 τὴν
697 2297 977 2367 γύμνωσιν
1003 2293 1097 2348 τοῦ
1124 2294 1326 2365 πατρὸς
1347 2293 1524 2348 αὐτῶν
1549 2294 1648 2345 οὐκ
1674 2289 1832 2346 εἶδον.
1861 2311 1878 2342 ι

376 2408 395 2438 ι
442 2388 629 2439 Ἔστιν
671 2387 904 2457 αἰσχύνη
956 2386 1238 2454 ἐπάγουσα
1289 2381 1582 2453 ἁμαρτίαν,
1619 2384 1714 2436 xui
1741 2381 1884 2435 ἔστιν

297 2478 535 2548 αἰσχύνη
572 2478 700 2544 δόξα
725 2478 817 2530 καὶ
843 2477 1024 2548 χάρις.
1071 2492 1088 2528 ι

380 2589 397 2618 ‹
435 2569 548 2637 Πρὸ
589 2568 818 2639 βροντῆς
875 2567 1241 2622 κατασπεύδει
1299 2565 1576 2638 ἀστραπὴ,
1632 2565 1725 2619 καί
1780 2563 1886 2635 πρὸ

300 2658 666 2729 αἰσχυντηροῦ
695 2657 1084 2729 προελεύσεται
1115 2659 1295 2728 χάρις.
1333 2672 1353 2708 ι

310 2800 314 2804 .
381 2767 400 2800 ι
435 2747 765 2818 Αἱσχύνεσθε
825 2747 932 2801 ἀπὺ
983 2747 1186 2818 πατρὸς
1207 2746 1300 2799 καὶ
1331 2746 1540 2816 μητρὸς
1580 2746 1705 2816 περὶ
1747 2752 1883 2817 mp.

299 2839 474 2901 νείας,
501 2839 594 2892 xui.
621 2837 729 2890 ἀπὸ
758 2837 1061 2907 ἡγουμένου
1095 2835 1190 2890 xui
1222 2835 1486 2906 τυράννου
1527 2834 1712 2888 ἕνεκεν
1753 2833 1886 2903 ψεύ-

297 2930 456 2992 δους·
486 2929 594 2982 ἀπὸ
642 2928 832 2999 κριτοῦ
874 2929 965 2982 καὶ
1007 2928 1266 2999 ἄρχοντος
1298 2927 1426 2998 περὶ
1477 2926 1882 2997 πλημμελείας,

1986 1806 2152 1861 travit
2179 1806 2233 1860 in
2271 1821 2435 1860 aures
2471 1805 2685 1860 Domini
2724 1804 3093 1860 exercituum.
3131 1819 3150 1854 ι

2319 1915 2460 1971 ΤΙΤ.
2493 1915 2607 1972 XL.
2637 1945 2710 1958 —
2737 1915 2812 1970 De
2836 1914 3037 1984 pudore
3067 1913 3223 1967 bona.

2057 2027 2190 2082 Gen.
2221 2044 2296 2094 ix,
2340 2027 2433 2082 23.
2470 2056 2540 2068 ——
2592 2047 2612 2079 ‹
2647 2026 3000 2097 Accipientes
3049 2025 3177 2081 Sem
3221 2029 3276 2080 et
3325 2019 3562 2092 Japbetli

1989 2119 2246 2190 pallium,
2283 2120 2670 2189 imposuerunt
2696 2118 2942 2173 humeris
2967 2117 3086 2173 suis
3111 2133 3125 2167 :
3158 2121 3213 2171 et
3241 2114 3562 2169 incedentes

1985 2219 2330 2276 retrorsum,
2363 2213 2705 2281 operuerunt
2752 2208 3062 2264 nuditatem
3111 2207 3288 2277 patris
3343 2207 3448 2273 sui,
3509 2206 3566 2260 et

1988 2302 2299 2356 nuditatem
2333 2303 2508 2372 patris
2540 2301 2626 2357 sui
2659 2315 2770 2356 non
2804 2300 3091 2355 viderunt.
3124 2313 3144 2351 ι

2060 2389 2234 2446 Eccli.
2269 2406 2340 2457 tv,
2367 2390 2459 2446 2t.
2486 2410 2552 2432 ——'
2582 2409 2600 2441 ι
2628 2391 2726 2446 Est
2764 2389 3026 2445 confusio
3057 2388 3341 2445 adducens
3371 2394 3567 2460 peccas

1989 2490 2104 2534 tum
2137 2497 2152 2545 ;
2180 2488 2235 2536 et
2261 2490 2343 2536 est
2377 2481 2632 2537 confusio
2661 2481 2839 2550 gloria
2868 2488 2923 2537 et
2954 2483 3152 2552 gratia.
3190 2498 3212 2532 ι

2061 2567 2232 2622 Eccli.
2261 2577 2434 2634 usu,
2469 2570 2555 2624 1οε
2586 2588 2657 2610 -ε
2690 2588 2709 2620 ι
2739 2569 2884 2624 Ante
2918 2571 3128 2624 tonitru
3155 2572 3416 2638 prapei‘at
3447 2568 3567 2624 ful-

1989 2675 2114 2732 gur,
2147 2669 2201 2716 et
2233 2673 2363 2717 ante
2395 2662 2782 2733 pudibundum
2811 2663 2985 2718 exibit
3022 2664 3221 2734 gratia.
3263 2681 3283 2714 ι

2061 2750 2227 2806 Εσείί.
2259 2768 2372 2815 xm,
2403 2753 2493 2817 2i,
2519 2753 2710 2808 22-27.
2732 2783 2801 2792 —
2841 2771 2860 2804 ‹
2892 2752 3219 2808 Erubescite
3250 2768 3278 2806 a
3314 2759 3479 2821 patre
3512 2755 3566 2806 et

1989 2853 2167 2899 matre
2195 2845 2261 2912 de
2291 2842 2679 2906 fornicatione,
2699 2851 2754 2899 et
2783 2859 2812 2898 a
2843 2843 3175 2912 praesidente
3197 2853 3253 2899 et
3280 2858 3311 2898 a
3345 2851 3565 2912 poteMe

1988 2929 2058 2984 de
2091 2931 2382 2986 mendacio
2414 2951 2428 2986 :
2464 2947 2492 2986 a
2525 2933 2776 3003 principe
2805 2941 2862 2989 et
2885 2935 3073 3004 judice
3095 2933 3164 2989 de
3196 2935 3417 2999 delicto,
3454 2945 3508 2989 et
3535 2953 3563 2986 ιι

296 3022 394 3074 καὶ
423 3019 534 3074 ἀπὸ
557 3021 722 3074 τόπου
751 3015 812 3074 οῦ
861 3021 1143 3090 παροικεῖς
1197 3020 1324 3088 περὶ
1371 3019 1606 3088 κλοπῆς,
1639 3018 1732 3071 καὶ
1778 3019 1880 3073 ἀπὸ

2008 3035 2109 3076 oco
2148 3021 2241 3075 ubi
2284 3021 2533 3086 habitas,
2565 3023 2633 3077 de
2663 3022 2809 3077 furto
2839 3029 2854 3076 :'
2890 3033 2943 3079 et
2972 3037 3002 3077 a
3034 3023 3266 3079 veritate
3306 3021 3420 3090 Dei,
3454 3027 3505 3078 et
3535 3037 3564 3074 a

293 3111 564 3183 ἀληθείας
592 3109 748 3176 Θεοῦ,
780 3111 875 3164 xui.
902 3110 1009 3164 ἀπὺ
1044 3109 1346 3181 διαθήκηςο
1387 3109 1481 3162 καὶ
1516 3110 1624 3162 ἀπὸ
1670 3109 1880 3180 πήξεως

2007 3123 2341 3178 estamento,
2372 3123 2422 3168 et
2453 3129 2480 3167 a
2515 3113 2717 3170 lixione
2733 3114 2907 3170 cubiti
2937 3115 2990 3168 in
3014 3114 3271 3184 panibus,
3295 3125 3348 3170 et
3375 3115 3443 3170 ab
3469 3115 3566 3168 oba

290 3203 550 3271 ἀγκῶνος
578 3205 636 3257 ὲν
657 3203 864 3274 ἄρτοις,
897 3203 991 3255 καὶ
1014 3201 1122 3254 ἀπὸ
1158 3201 1528 3272 σκορακισμοῦ
1553 3199 1768 3270 λήψεως
1794 3201 1880 3252 xui

2007 3207 2301 3262 'uscatione
2329 3207 2440 3261 dati
2495 3215 2549 3261 et
2587 3208 2844 3277 accepti:
2879 3221 2909 3260 a
2951 3207 3328 3262 salutantibus
3371 3207 3439 3262 de
3484 3208 3566 3262 si-

286 3295 522 3360 δόσεως,
581 3294 675 3347 xui
729 3293 840 3347 ἀπὸ
882 3292 1281 3364 ἀσπαζομένων
1338 3293 1469 3363 περὶ
1500 3292 1744 3361 σιωπῆς·
1779 3291 1880 3345 ἀπὸ

2007 3298 2198 3353 entia:
2233 3313 2262 3352 a
2301 3308 2558 3368 respectu
2607 3298 2862 3354 mulieris
2897 3298 3238 3365 fornicarize,
3279 3312 3333 3355 et
3363 3315 3393 3354 a
3429 3300 3563 3355 s‘ub-

283 3387 546 3460 ὁράσεως
574 3385 830 3454 γυναικὸς
860 3385 1102 3456 ἑταίρας,
1129 3385 1224 3438 καὶ
1252 3384 1359 3437 ἀπὸ
1395 3384 1704 3456 συστροφῆς
1727 3398 1880 3455 προσ⁴

2007 3388 2246 3443 νενείοιιο
2291 3388 2477 3443 vultus
2527 3389 2771 3459 cognati,
2825 3396 2880 3444 et
2926 3402 2956 3442 a
3009 3390 3263 3446 contuitu
3313 3391 3565 3446 mulieris

281 3477 456 3533 ώπου
522 3476 840 3547 συγγενοῦς,
893 3477 992 3530 xui.
1037 3476 1145 3530 ἀπὸ
1193 3477 1574 3546 κατανοήσεως
1629 3476 1880 3543 γυναικὸς

2007 3478 2300 3546 'onjuncta:
2331 3481 2476 3544 Viro,
2510 3488 2565 3535 et
2598 3494 2628 3532 a
2650 3479 2874 3536 curioso
2905 3488 3134 3550 aspectu
3160 3481 3361 3550 puellae
3397 3481 3518 3550 ejus
3545 3499 3561 3545 ;

289 3569 598 3641 ὺπάνδρου,
625 3569 718 3623 καὶ
742 3567 851 3622 ἀπὸ
880 3568 1197 3639 περιεργίας
1225 3568 1517 3639 παιδίσκης
1546 3568 1713 3637 αὐτῆς
1738 3584 1751 3597 ·
1777 3569 1886 3622 ἀπὸ

295 3663 474 3732 φίλων
508 3661 636 3733 περὶ
669 3661 827 3729 λόγου
852 3659 1178 3731 όνειδισμοῦ,
1231 3659 1324 3712 xui
1367 3658 1763 3728 ἀποκαλύψεως
1795 3659 1884 3712 λό-

294 3771 411 3824 γων
442 3755 697 3826 κρυφίων
717 3769 730 3782 ·
761 3753 854 3806 καὶ
883 3751 981 3822 ἔσῃ
1007 3751 1369 3822 αἰσχυντηρὸς
1391 3750 1468 3814 ὡς
1489 3749 1764 3818 ἀληθινὸς,
1790 3751 1885 3804 xui

295 3847 576 3919 εὑρίσκων
610 3844 770 3917 χάριν
791 3843 968 3898 ἔναντι
1000 3843 1199 3906 παντὸς
1231 3840 1544 3912 ἀνθρώπου.
1576 3859 1596 3894 ι

435 3956 626 4010 ΤΙΤΛ.
652 3955 788 4009 MA'.
825 3980 893 3992 -
925 3951 1064 4021 Περί
1113 3952 1416 4020 αἰσχύνης
1452 3949 1741 4020 πονηρᾶς.

371 4067 390 4102 ι
434 4047 577 4119 Περὶ
606 4047 707 4117 τῆς
747 4045 927 4116 ψυχῆς
969 4061 1065 4098 σου
1101 4043 1178 4114 μὴ
1207 4041 1525 4114 αἰσχυνθῇς.
1585 4043 1742 4096 Ἔστι
1774 4042 1880 4115 γὰρ

293 4139 534 4210 αἰσχύνη
561 4137 840 4206 ἐπάγουσα
868 4136 1167 4208 ἁμαρτίαν,
1190 4136 1287 4190 xui
1316 4135 1463 4188 ἔστιν
1488 4136 1719 4205 αἰσχύνη
1753 4135 1879 4200 δόξα

293 4232 389 4286 καὶ
431 4231 598 4302 χάρις
619 4245 634 4262 ο
671 4229 765 4283 καὶ
797 4229 874 4300 μὴ
901 4227 1071 4300 λάϐῃς
1109 4228 1398 4299 πρόσωπον
1420 4228 1563 4282 κατὰ
1584 4228 1681 4298 τῆς
1704 4227 1882 4299 ψυχῆς

297 4338 411 4386 σου,
436 4320 539 4375 xui.
573 4319 650 4392 μὴ
678 4320 954 4391 ὲντραπῇς
982 4320 1062 4384 εἰς
1083 4319 1288 4373 πτῶσίν
1311 4335 1426 4372 σου.
1465 4337 1484 4370 ι

368 4531 387 4564 ι
426 4512 588 4565 Ἔστι
615 4509 776 4582 χάριν
802 4511 1066 4582 αἰσχύνης
1092 4510 1560 4583 ἐπαγγελλόμενος
1586 4512 1749 4586 φίλῳ,
1785 4517 1882 4570 καὶ

292 4605 572 4676 ἐκτήσατο
599 4602 763 4656 αὐτὸν
791 4601 1006 4672 ἐχθρόν.
1041 4620 1062 4654 ι

367 4711 387 4744 ι
441 4690 640 4762 Ὀργὴ,
663 4691 758 4744 καὶ
795 4691 1038 4744 ἀναίδεια
1061 4731 1076 4756 ,
1105 4689 1199 4744 καὶ
1237 4690 1470 4762 αἰσχύνη
1498 4692 1732 4764 μεγάλη,
1785 4694 1880 4749 ἑὰν

289 4785 430 4856 γυνὴ
460 4785 772 4856 ὲπιχορηγῇ
797 4783 876 4854 τῷ
898 4784 1053 4854 ἀνδρὶ
1081 4783 1270 4855 αὐτῆς.
1311 4802 1332 4836 ι

367 4979 387 5012 ι
425 4959 568 5030 Περὶ
595 4959 799 5013 τούτων
825 4959 899 5030 μὴ
933 4959 1251 5032 αἰσχυνθῇς,
1274 4960 1370 5015 καὶ
1405 4961 1480 5034 μὴ
1511 4961 1683 5036 λάϐῃς
1711 4964 1879 5036 πρόσ-

288 5068 444 5105 ωπον
472 5049 568 5104 τοῦ
599 5049 964 5121 ἁμαρτάνεινο
992 5048 1130 5120 Περί
1156 5049 1322 5120 νόμου
1365 5049 1623 5120 Ὑψίστου
1657 5053 1750 5106 καὶ
1768 5053 1878 5107 δια-

290 5137 494 5214 θήκης,
527 5142 622 5196 καί
646 5142 776 5213 περὶ
809 5141 1077 5212 κρίματος
1122 5142 1216 5195 τοῦ
1244 5141 1531 5197 δικαιῶσαι
1562 5143 1651 5196 τὸν
1677 5144 1873 5213 ἀσεϐῆ,

288 5234 424 5304 περὶ
450 5225 612 5301 λόγου
639 5231 896 5286 κοινωνοῦ
924 5232 1017 5286 καὶ
1054 5220 1369 5302 ὁδοιπόρων,
1401 5233 1494 5288 καὶ
1517 5235 1646 5300 περὶ
1677 5234 1876 5308 δόσεως

289 5318 659 5393 κληρονομίας
689 5321 895 5392 ἐτέρων
913 5338 927 5352 ο
951 5322 1080 5392 περὶ
1103 5315 1388 5392 ἀκριϐείας
1409 5315 1574 5393 ζυγοῦ
1628 5325 1720 5378 καὶ
1751 5342 1874 5380 στα-

287 5413 568 5482 θμῶν,κα’ἰ
587 5413 713 5483 περὶ
741 5413 984 5484 κτήσεως
1009 5412 1218 5467 πολλῶν
1239 5413 1332 5467 καὶ
1354 5414 1546 5484 ὀλίγων
1566 5431 1578 5445 ·
1605 5417 1732 5488 περὶ
1757 5416 1873 5470 δια-

1988 3572 2058 3626 ab
2111 3571 2308 3626 amicis
2359 3571 2426 3627 de
2473 3585 2730 3627 sermone
2764 3570 3108 3642 improperii,
3140 3581 3194 3626 et
3225 3571 3564 3627 revelatio..e’

1987 3661 2136 3716 verbi
2168 3661 2500 3717 absconditi.
2534 3660 2601 3716 Et
2639 3663 2753 3718 eris
2795 3662 3154 3732 pudibundus
3183 3671 3238 3719 et
3283 3673 3473 3727 verax,
3510 3667 3564 3716 tt

1987 3752 2236 3808 invenies
2268 3753 2502 3824 gratiam
2535 3767 2721 3809 coram
2744 3753 2897 3808 omni
2924 3753 3168 3811 homine.
3203 3767 3224 3806 ι

2303 3943 2437 4004 ΤῘΤ.
2470 3947 2609 4004 XLI.
2639 3977 2710 3988 ——
2737 3947 2815 4004 De
2847 3949 3050 4019 pudore
3076 3941 3239 4004 malo.

2059 4042 2230 4096 Eccli.
2259 4059 2330 4107 IV,
2360 4041 2450 4096 20.
2479 4071 2549 4082 —-
2587 4059 2605 4092 ς
2637 4039 2714 4096 De
2745 4041 2930 4096 anima
2961 4047 3056 4094 tua
3089 4055 3158 4095 ne
3177 4038 3560 4098 confundaris.

1987 4135 2084 4188 Est
2115 4135 2262 4188 enim
2293 4131 2554 4187 confusio
2584 4131 2870 4186 adducens
2903 4140 3213 4202 peccatum,
3243 4142 3298 4186 et
3325 4143 3410 4188 est
3434 4150 3560 4188 con-

1987 4224 2159 4285 fusio,
2193 4224 2368 4294 gloria
2400 4231 2456 4276 et
2495 4222 2694 4294 gratia.
2738 4221 2807 4276 Et
2856 4237 2928 4277 ne
2957 4222 3196 4292 accipias
3222 4221 3418 4278 faciem
3464 4225 3559 4279 add

1911 4347 1959 4409 υ
1987 4333 2181 4374 versus
2229 4317 2469 4371 animam
2513 4324 2662 4370 tuam
2689 4355 2705 4382 ,
2752 4326 2852 4368 nec
2898 4315 3204 4370 reverearis
3227 4315 3279 4369 in
3323 4315 3558 4370 animam

1985 4417 2159 4466 tuam.
2189 4429 2212 4464 ι

2053 4500 2232 4557 Ecca.
2268 4515 2366 4566 xx,
2390 4498 2569 4555 25.5
2601 4515 2623 4551 ι
2653 4497 2755 4555 Est
2796 4497 2891 4568 qui
2922 4513 3039 4570 pra:
3075 4496 3402 4556 confusione
3433 4514 3559 4569 pro-

1982 4595 2156 4650 mittit
2187 4594 2386 4658 amico,
2418 4603 2472 4648 et
2492 4593 2736 4646 lucratus
2769 4599 2854 4646 est
2872 4606 3000 4646 eum
3029 4591 3333 4646 inimicum.
3363 4612 3385 4645 ι

2053 4684 2229 4740 Ecclt'.
2264 4701 2392 4751 xxv,
2424 4685 2517 4738 22.
2546 4712 2614 4722 ——
2650 4701 2669 4735 ι
2703 4683 2810 4748 Ira,
2846 4693 2903 4738 et
2933 4684 3314 4750 irreverentia,
3345 4695 3402 4741 et
3423 4700 3559 4740 can-

1983 4777 2127 4832 l‘usio
2161 4792 2382 4848 magna,
2415 4778 2461 4833 si
2496 4777 2691 4833 mulier
2721 4777 3016 4847 primatum
3050 4786 3233 4833 teneat
3275 4792 3447 4846 supra
3471 4780 3558 4833 vi-

1978 4885 2104 4925 rum
2145 4883 2331 4926 suum.
2365 4888 2385 4922 I
2469 4903 2473 4907 ε

2045 4962 2217 5018 Ecclt'.
2251 4962 2383 5030 '(Lli,
2422 4962 2535 5016 1-7.
2569 4993 2636 5006 —-
2671 4981 2690 5015 ι
2721 4961 2803 5019 Ne
2831 4961 2899 5017 de
2933 4961 3020 5018 his
3061 4959 3450 5024 confundaris‘,
3500 4973 3557 5016 et

1978 5069 2049 5111 ne
2072 5054 2322 5126 accipias
2352 5069 2646 5126 personam
2675 5064 2736 5110 ut
2768 5053 3063 5124 delinquas
3088 5068 3103 5105 :
3136 5052 3213 5109 De
3238 5053 3354 5124 lege
3381 5054 3554 5108 Altis-

1976 5145 2132 5211 simi,
2164 5154 2222 5200 et
2257 5147 2326 5202 de
2357 5155 2712 5212 testamento,
2745 5155 2800 5202 et
2827 5147 2893 5201 de
2917 5144 3131 5216 judicio
3153 5143 3222 5198 ad
3247 5143 3553 5214 justiﬁean-

1976 5237 2106 5293 dum
2141 5238 2412 5309 impium;
2447 5239 2514 5293 de
2552 5239 2718 5294 verbo
2767 5238 3046 5294 sociorum
3077 5244 3132 5292 et
3160 5238 3458 5302 viatorum,
3495 5247 3551 5291 et

1977 5330 2045 5386 de
2074 5329 2299 5402 (latione
2349 5330 2692 5386 hereditatis
2741 5334 3084 5396 amicorum;
3125 5330 3194 5384 de
3235 5329 3552 5400 aequalitate

1976 5428 2199 5478 staterae
2233 5431 2287 5478 et
2335 5421 2684 5493 ponderum;
2716 5421 2785 5476 de
2833 5421 3205 5491 acquisitione
3249 5421 3548 5475 multorum

288 5505 462 5574 φόρου
496 5505 752 5573 πράσεως
781 5505 1060 5576 ἐμπόρων,
1088 5504 1181 5556 xui
1219 5505 1346 5573 περὶ
1393 5505 1635 5569 παιδείας
1668 5508 1873 5563 τέκνων

2009 5520 2029 5566 ι
2059 5529 2360 5583 paucorum
2390 5532 2406 5581 ;
2440 5515 2506 5570 de
2549 5513 2771 5568 diversa
2807 5512 3086 5582 emptione
3118 5512 3547 5582 negotiatorum,

288 5589 530 5662 πολλῶν,
563 5597 658 5650 καὶ
701 5595 888 5669 οἰκέτῃ
916 5595 1137 5667 πονηρῷ
1167 5595 1407 5668 πλευρὰν
1455 5598 1704 5668 αἱμάξαι.
1752 5594 1873 5655 Ἑπί

2007 5612 2028 5657 t
2062 5608 2126 5659 de
2161 5605 2334 5659 multa
2381 5605 2679 5674 disciplina
2709 5602 2975 5678 ﬁliorum,
3009 5611 3063 5658 et
3097 5617 3261 5657 servo
3305 5601 3549 5671 pessimo

283 5691 518 5763 γυναικί
579 5693 790 5762 πονηρᾷ
842 5686 1019 5746 καλὸν“’
1062 5693 1337 5764 σφραγίς·
1387 5694 1478 5749 xui
1532 5696 1662 5749 ὅπου
1691 5700 1871 5769 χεῖρες

1975 5697 2120 5752 latus
2153 5696 2509 5767 sanguinare.
2545 5695 2728 5774 Super
2759 5695 3043 5751 mulierem
3070 5707 3306 5764 nequam
3340 5692 3544 5747 bonum
