3986 6370
308 304 447 370 1253

1576 304 1815 364 SACBA
1854 283 2346 366 PAMILELA."

3437 303 3574 366 1:254

295 421 574 492 ἀπλήστου
604 420 700 476 καὶ
735 419 1036 492 ἀκορέστου
1068 417 1228 489 χάριν
1275 417 1573 496 ἐπιθυμίας
1595 461 1610 485 ,
1639 417 1674 490 ἢ
1711 415 1882 487 πυρὸς

2026 422 2122 470 et:
2160 429 2383 485 semper
2422 415 2545 471 sitit
2577 422 2812 486 propter
2867 416 3259 486 Inexplebilcm
3302 418 3582 489 cupidita-

297 513 455 583 δίκην
481 509 658 568 πάντα
689 512 865 586 μικρὰ
891 528 972 576 τε,
999 511 1094 564 καὶ
1126 509 1339 580 μεγάλα
1372 509 1540 562 πίνει.

606 734 790 788 ΤΙΤΛ.
824 732 957 788 MA'.
987 762 1060 772 —
1087 730 1226 800 Περὶ
1260 727 1543 799 ἀδελφῶν

372 864 390 897 ι
426 843 502 898 Οὐ
563 844 821 915 μισήσεις
868 843 960 897 τὸν
1011 840 1246 911 ἀδελφόν
1291 857 1386 894 σου
1441 841 1501 894 ὲν
1555 840 1624 911 τῇ
1671 835 1887 910 διανοίᾳ

296 953 418 1079 ϐοΐ.
440 953 574 1080 31602;
602 1025 668 1098 δὴ
684 1025 738 1080 τί
766 1024 951 1092 καλὸν,
983 1024 1017 1096 ἢ
1047 1023 1102 1078 τί
1122 1023 1379 1097 τερπνὸν,
1407 1021 1525 1076 ἀλλ’
1552 1022 1588 1093 ἢ
1610 1022 1670 1078 τὸ
1698 1040 1887 1078 κατοιο

292 1120 413 1171 κεῖν
445 1118 709 1189 ἀδελφοὺς
740 1117 834 1172 ἐπὶ
860 1118 922 1172 τὸ
961 1117 1118 1172 αὐτό.
1160 1135 1180 1168 s

373 1230 390 1262 ι
442 1209 690 1280 Ἀδελφεὶ
721 1211 778 1264 ὲν
805 1209 1019 1282 ἀνάγκη
1040 1209 1304 1281 χρήσιμοι
1323 1207 1588 1262 ἔστωσαν.
1621 1225 1640 1258 s

374 1406 393 1438 ι
442 1385 696 1456 Ἀδελφὸς
743 1384 847 1440 ὑπὸ
900 1381 1133 1454 ἀδελφοῦ
1191 1381 1578 1454 βοηθούμενος,
1621 1379 1698 1443 ὡς
1731 1379 1885 1444 πόλις

295 1480 635 1551 ίσχυρὰ,καὶ
659 1479 860 1550 ὑψηλή.
901 1478 1098 1548 ’ἰσχύει
1140 1477 1198 1530 δὲ
1240 1474 1433 1546 ὥσπερ
1478 1473 1886 1542 τεθεμελιωμέ-

294 1590 386 1626 νον
417 1571 710 1642 βασίλειον.
750 1588 770 1621 s

371 1681 389 1713 ι
425 1661 538 1724 Πᾶς
577 1662 606 1714 ό
647 1659 880 1728 ἀδελφὸν
926 1658 1139 1729 πτωχὸν
1189 1657 1389 1729 μισῶν,
1433 1655 1618 1726 φιλίας
1659 1653 1882 1726 μακράν

296 1754 464 1807 ἐστιν.
509 1771 529 1804 s

371 1867 389 1898 ι
427 1845 711 1918 Κρείστων
764 1843 919 1916 φίλος
969 1837 1174 1914 ἐγγὺς,
1207 1843 1241 1914 ἢ
1286 1841 1518 1912 ἀδελφὸς
1553 1842 1774 1913 μακρὰν
1803 1841 1886 1894 oi-

295 1954 427 1992 κων.
463 1956 482 1989 δ

372 2049 392 2082 ι
441 2027 686 2097 Ἀδελφοί
717 2027 811 2080 καὶ
846 2023 1068 2097 βοήθεια
1093 2023 1151 2079 ὲν
1183 2022 1360 2095 καιρῷ
1393 2022 1650 2094 θλίψεως.
1687 2040 1707 2076 t

369 2224 390 2256 ι
435 2204 529 2274 Μὴ
579 2203 815 2273 ἀλλάξῃς
857 2200 1088 2272 ἀδελφὸν
1119 2202 1344 2272 γνήσιον
1401 2201 1458 2254 ὲν
1511 2199 1722 2270 χρυσίῳ
1752 2197 1887 2252 Σου-

291 2292 416 2360 φίρ.
459 2307 477 2340 s

290 2400 477 2454 'l'lT.-\.
510 2397 643 2455 ME’.
678 2429 746 2440 —
783 2397 925 2468 Περὶ
969 2397 1303 2484 αἰτούντων
1324 2436 1341 2463 ,
1393 2395 1589 2466 ἤγουν
1630 2409 1886 2466 προσαι-

951 2485 1056 2522 του
1062 2484 1239 2521 ντων.

372 2602 391 2634 ι
431 2581 656 2647 Τέκνον,
684 2577 833 2650 ζωὴν
861 2579 1202 2650 ὲπαιτήσεως
1233 2579 1311 2650 μὴ
1352 2578 1576 2650 βιώσῃς.
1613 2579 1886 2651 Κρεῖσσον

293 2676 402 2746 γὰρ
434 2673 746 2737 ἀποθανεῖν,
788 2673 822 2743 ἢ
882 2673 1149 2725 ἐπαιτεῖν.
1210 2671 1299 2725 Ἐν
1347 2671 1581 2742 στόματι
1626 2671 1886 2737 ἀναιδοῦς

295 2766 736 2835 γλυκανθήσεται
775 2765 1118 2833 ὲπαιτήσεως
1163 2761 1332 2824 δόσις,
1371 2761 1467 2815 καὶ
1493 2762 1552 2814 ὲν
1579 2761 1761 2834 κοιλία
1789 2762 1885 2814 αὐ·

293 2859 391 2911 τοῦ
423 2857 531 2928 πῦρ
563 2858 857 2929 καήσεται.
899 2875 918 2908 s

532 2973 713 3026 ΤΙΤΛ.
745 2971 895 3040 MS".
919 3002 989 3013 —
1019 2972 1158 3039 Περί
1189 2970 1648 3040 αἰσχρολογίας.

373 3105 391 3139 ι
425 3085 742 3158 Φθείρουσιν
763 3085 867 3158 ἤθη
891 3085 1106 3158 χρηστὰ
1135 3084 1350 3156 ὁμιλίαι
1380 3086 1572 3140 κακαί.
1613 3104 1631 3138 ι

369 3284 389 3318 ι
424 3266 543 3328 Πᾶς
570 3263 728 3332 λόγος
758 3261 968 3332 σαπρὸς
1000 3261 1075 3334 μὴ
1106 3260 1494 3332 ἐκπορευέσθω
1529 3261 1593 3315 ὲκ
1625 3259 1722 3314 τοῦ
1766 3259 1887 3315 στό-

294 3374 468 3430 ματος
500 3356 678 3428 ὑμῶν,
713 3354 826 3408 ἀλλ’
857 3353 910 3407 ετ
934 3370 1019 3417 τις
1040 3353 1242 3422 ἀγαθὸς
1287 3353 1422 3425 πρὸς
1465 3352 1756 3426 οἰκοδομὴν
1785 3352 1885 3424 τῆς

291 3450 509 3525 χρείας,
541 3449 627 3502 ἵνα
649 3447 724 3517 δῷ
755 3447 916 3518 χάριν
945 3448 1057 3509 τοῖς
1082 3445 1395 3501 ἀκούουσιν.
1431 3464 1450 3496 s

367 3562 383 3594 ι
420 3541 731 3612 Αἰσχρότης
769 3540 861 3593 καὶ
895 3535 1227 3610 μωρολογία,
1261 3538 1295 3610 ἢ
1325 3537 1684 3609 εὐτραπελία,
1713 3539 1783 3594 τὰ
1808 3539 1885 3613 μὴ

286 3637 590 3706 ἀνήκοντα,
626 3632 763 3705 μηδὲ
787 3631 1244 3702 όνομαζέσθωσαν
1273 3631 1330 3684 ὲν
1362 3630 1512 3702 ὑμῖν,
1539 3631 1724 3697 καθὼς
1751 3632 1885 3704 πρέ-

288 3744 380 3780 πει
411 3726 624 3796 ἁγίοις,
669 3743 687 3775 ι

359 3927 378 3962 ι
415 3903 792 3976 Αἰσχρολογία
847 3903 925 3975 μὴ
992 3900 1298 3974 ἐξερχέςθω
1351 3904 1415 3955 ὲκ
1469 3900 1560 3956 τοῦ
1609 3903 1882 3974 στόματος

283 3998 469 4052 ὑμῶν.
517 4015 537 4048 s

321 4016 469 4143 μῗίῖ.
501 4016 609 4142 τῶν
639 4087 812 4157 λόγων
848 4085 1102 4158 συνήθεια
1123 4085 1239 4150 ὁδός
1264 4085 1414 4139 ἐστιν
1448 4085 1544 4138 ἐπὶ
1599 4085 1666 4140 τὰ
1698 4085 1880 4158 πράγ-

285 4199 454 4253 ματα.
508 4179 602 4234 Διὸ
627 4179 778 4252 πάσῃ
806 4177 1020 4250 φυλακῇ
1045 4177 1142 4250 τὴν
1160 4177 1339 4250 ψυχὴν
1369 4178 1657 4250 τηρητέον,
1693 4181 1770 4252 μὴ
1792 4178 1884 4234 διὰ

279 4273 382 4345 τῆς
414 4271 538 4328 τῶν
574 4270 750 4341 λόγων
791 4270 986 4342 ἡδονῆς
1041 4268 1482 4340 παραδεξάμενοί
1508 4286 1582 4336 τι,
1626 4268 1882 4340 λάθωμεν

280 4365 390 4418 τῶν
415 4361 690 4434 χειρόνων
715 4401 731 4426 ,
768 4363 958 4432 ὥσπερ
1002 4360 1450 4432 καταδηλιοιτήρια
1485 4360 1627 4432 μετὰ
1653 4360 1750 4415 τοῦ
1781 4361 1883 4432 μέ-

280 4454 430 4521 λιτος
451 4453 841 4527 προσιέμενοι.

363 4654 560 4721 Κακοῧ
587 4626 787 4728 μελέτη
817 4653 995 4728 χρόνῳ
1039 4653 1406 4726 βεϐαιωθεῖσα
1433 4653 1684 4718 δυσίατός
1709 4654 1879 4721 ἐστιν,

288 4751 324 4822 ἢ
353 4752 451 4805 καὶ
501 4747 787 4813 παντελῶς
831 4750 913 4814 είς
943 4747 1106 4818 φύσιν
1147 4747 1223 4812 ὡς
1269 4748 1336 4802 τὰ
1385 4746 1558 4800 πολλά
1598 4747 1693 4801 τοῦ
1727 4747 1883 4811 ἔθους

293 4840 729 4913 μεθισταμένου.

371 5116 550 5185 Κτιρῷ
583 5115 657 5172 τὰ
677 5109 800 5172 ὦτα
829 5115 1070 5186 septiens
1096 5114 1246 5186 atch
1267 5115 1542 5184 φαύλους
1566 5115 1810 5184 λόγους,

378 5183 574 5258 ’ῼδῶν
603 5204 668 5242 τε
696 5183 968 5256 τφάύῶν
991 5183 1216 5254 ἐκμελῆ
1254 5183 1624 5254 λυγίσματα.

367 5280 602 5350 Δίσχροὶ
659 5280 754 5334 καὶ
812 5278 1102 5343 είκαῖοι,οί
1131 5277 1190 5334 ὲν
1232 5278 1348 5338 τοῖς
1381 5276 1634 5344 ματαίοις
1660 5277 1884 5348 εὐφυΐαν

295 5373 798 5437 ἀνεπιδεικνύντες,
827 5371 1051 5444 βραδεῖς·
1073 5369 1172 5441 μὲν
1197 5370 1352 5432 ὄντες
1379 5369 1448 5422 τὰ
1469 5368 1608 5424 καλὰ
1637 5371 1886 5425 παιδεύε-

297 5466 447 5529 σθαι,
485 5465 556 5519 τὰ
587 5465 644 5520 δὲ
675 5465 892 5520 ἐναντία
928 5462 1222 5535 μανθάνειν
1249 5459 1499 5526 ὀξύτατοι
1539 5463 1633 5516 καὶ
1662 5479 1885 5536 προχει-

301 5553 551 5623 ρότατοι.
1837 5569 1840 5572 ’

379 5728 778 5802 Δίσχρολογίας
808 5733 988 5796 αὐτοῖς
1021 5749 1078 5786 τε
1115 5732 1246 5804 ἡμῖν
1273 5732 1554 5797 παντελῶς
1597 5734 1880 5804 ἀφεκτέον,

1992 511 2127 567 tem,
2164 521 2272 575 qua
2308 504 2458 560 velut
2509 505 2651 576 ignis
2698 508 2755 560 in
2781 507 2991 573 omnia,
3030 516 3140 564 tam
3189 523 3361 581 parva
3417 523 3582 577 quam

1991 609 2213 667 magna,
2245 603 2554 666 grassatur.

2235 729 2402 801 379
2447 727 2584 783 Tl'l'.
2614 727 2804 785 XLIV.
2835 763 2905 775 —
2935 732 3014 788 De
3043 733 3330 803 fratribus.

2061 841 2234 898 Leuit.
2265 855 2380 904 xix,
2419 838 2506 893 l7.
2532 867 2603 880 --
2637 857 2658 892 ι
2693 839 2816 896 Non
2851 842 3040 900 oderis
3080 844 3307 900 fratrem
3339 851 3497 900 tuum
3531 842 3585 901 in

1989 943 2174 990 mente
2197 942 2310 990 tua.
2348 952 2368 986 s

2060 1027 2448 1093 Psatrcxxxu,
2488 1029 2542 1086 1.
2563 1059 2636 1070 -
2669 1047 2689 1082 ι
2720 1027 2862 1086 Ecce
2897 1042 3063 1101 quam
3090 1029 3396 1094 bonum,et
3415 1043 3582 1100 quam

1984 1116 2316 1189 jucundum,
2341 1119 2597 1177 habitare
2623 1118 2826 1177 fratres
2865 1121 2920 1176 in
2959 1135 3154 1175 unum.
3197 1138 3217 1171 ι

2063 1209 2225 1264 Prov.
2267 1225 2412 1277 xvu,
2458 1211 2548 1266 17.
2589 1240 2662 1252 —-
2707 1229 2729 1264 ι
2782 1210 3010 1269 Fratres
3049 1211 3107 1266 in
3151 1211 3584 1267 necessitatibus

1989 1300 2154 1356 utiles
2191 1301 2325 1357 sint.
2359 1321 2379 1354 ι

2058 1393 2220 1448 Prov.
2252 1409 2412 1462 xvm,
2431 1393 2520 1450 19.
2541 1422 2612 1435 -
2631 1410 2652 1446 ι
2676 1390 2872 1450 Frater
2899 1394 2994 1466 qui
3017 1393 3314 1465 adiuvatur
3336 1408 3367 1448 a
3390 1393 3583 1458 fratre,

1985 1483 2151 1554 quasi
2177 1485 2378 1542 civitas
2410 1486 2566 1541 ﬁrma
2598 1492 2654 1541 et
2675 1486 2897 1542 excelsa
2931 1503 2946 1540 :
2979 1485 3141 1544 fortis
3173 1495 3357 1543 autem
3389 1495 3475 1543 est
3505 1490 3582 1541 uti

1988 1575 2138 1646 regia
2177 1575 2426 1632 fundata.
2458 1595 2479 1630 ι

2060 1669 2221 1725 Prov.
2249 1687 2364 1736 xix.
2402 1673 2456 1728 7.
2483 1700 2557 1714 -—
2589 1694 2610 1726 ι
2645 1673 2840 1730 Omnis
2869 1672 2963 1744 qui
3005 1687 3306 1744 pauperem
3355 1673 3581 1728 fratrem

1919 1785 1959 1839 Β
1988 1762 2118 1819 odio
2145 1765 2332 1831 habet,
2364 1767 2433 1822 ab
2465 1767 2714 1823 amicitia
2744 1767 2908 1840 longe
2943 1774 3193 1822 remotus
3221 1772 3328 1822 est.

2060 1853 2218 1908 Prov.
2262 1872 2434 1922 xxvii,
2471 1857 2560 1912 10.
2586 1886 2660 1898 --
2690 1876 2711 1910 ι
2742 1856 2938 1913 Melior
2975 1863 3061 1913 est
3089 1854 3315 1914 vicinus
3345 1857 3578 1924 amicus,

1987 1959 2154 2016 quam
2191 1945 2364 2002 frater
2391 1948 2551 2020 longe
2578 1949 2860 2006 habitans.
2901 1966 2921 2002 s

2060 2034 2231 2092 Eccti.
2267 2052 2358 2104 xu,
2389 2036 2482 2091 Ἡ.
2511 2068 2582 2080 -
2617 2056 2637 2091 ι
2671 2035 2897 2095 Fratres
2951 2037 3295 2110 adjutorium
3339 2047 3474 2096 sunt
3522 2039 3581 2098 in

1987 2126 2079 2183 die
2112 2129 2509 2186 tribulationis.
2549 2148 2568 2182 ι

2062 2214 2232 2272 Eccli.
2273 2233 2373 2282 vn,
2431 2217 2618 2273 18.-
2671 2237 2691 2271 ι
2735 2217 2814 2274 Νε
2861 2219 3297 2278 commutaveris
3353 2218 3580 2276 fratrem

1988 2307 2268 2364 sincerum
2310 2324 2446 2366 auro
2480 2309 2707 2382 Sopbir.
2751 2328 2772 2364 ι

2269 2424 2406 2480 Tl'l‘.
2441 2424 2608 2482 XLV.
2633 2457 2705 2468 —
2733 2425 2812 2484 De
2851 2425 3296 2486 mendicantibus.

2057 2593 2228 2650 Eccli.
2262 2612 2353 2662 ιι,
2383 2597 2476 2665 28,
2511 2599 2604 2655 30.
2628 2620 2748 2654 —l
2777 2599 2908 2669 Fili,
2946 2618 3018 2660 ne
3042 2604 3214 2659 vitam
3247 2618 3380 2676 agas
3425 2621 3580 2660 men-

1985 2681 2120 2740 dici.
2150 2685 2349 2743 Melius
2380 2695 2468 2744 est
2513 2690 2662 2745 enim
2711 2691 2875 2757 mori,
2921 2707 3086 2762 quam
3143 2693 3484 2748 mendicare.
3519 2693 3582 2746 In

1985 2791 2084 2833 ore
2135 2778 2476 2849 impudentis
2530 2781 2961 2839 condulcabitur
2999 2783 3430 2842 mendicationis
3478 2787 3564 2841 do-

1985 2880 2139 2934 num,
2167 2875 2222 2922 ει
2255 2867 2308 2922 in
2339 2877 2535 2926 ventre
2563 2869 2686 2941 ejus
2722 2871 2866 2942 ignis
2897 2873 3136 2929 ardebit.
3179 2893 3198 2926 ι

2303 2977 2442 3035 ΤΙΤ.
2474 2979 2664 3037 XLVI.
2693 3012 2766 3023 —
2798 2983 2875 3039 De
2907 2985 3254 3057 turpiloquio.

2060 3089 2088 3144 I
2116 3089 2240 3146 Cor.
2285 3109 2378 3158 xv,
2428 3096 2518 3150 55.
2561 3125 2632 3137 --
2671 3116 2691 3150 ι
2736 3097 3116 3172 Corrumpunt
3165 3101 3346 3159 bonos
3395 3118 3584 3161 mores

1987 3183 2267 3254 colloquia
2301 3200 2490 3262 prava,
2523 3205 2542 3239 ι

2059 3271 2251 3343 Ephes.
2277 3291 2352 3342 IV,
2388 3276 2477 3332 l9.
2504 3308 2576 3319 —
2618 3299 2637 3332 ι
2669 3278 2864 3338 Omnis
2909 3297 3097 3339 sermo
3138 3284 3319 3341 malus
3363 3285 3434 3342 de
3484 3301 3584 3345 ore

1987 3375 2172 3422 vestro
2204 3383 2312 3423 non
2345 3369 2611 3440 procedat
2640 3389 2655 3426 :
2689 3373 2782 3429 sed
2816 3373 2864 3430 si
2907 3375 3036 3445 quis
3080 3375 3262 3432 bonus
3287 3376 3358 3430 ad
3405 3377 3581 3434 mdilio

1986 3459 2260 3514 cationem
2307 3461 2695 3532 necessitatis,
2745 3471 2808 3520 ut
2861 3463 2954 3522 det
3003 3466 3240 3539 gratiam
3297 3468 3586 3530 audienti-

1986 3547 2112 3604 bus.
2151 3566 2172 3600 s
3397 3607 3404 3614 ,

2059 3639 2251 3709 Eplies.
2276 3657 2333 3708 v,
2366 3644 2420 3699 4.
2446 3673 2518 3684 -
2552 3662 2572 3698 ι
2599 3642 2935 3718 Turpitudo,
2967 3653 3024 3704 et
3062 3647 3490 3722 stultiloquium,
3523 3661 3579 3707 et

1986 3733 2319 3801 scurrilitas,
2349 3751 2471 3806 qua:
2488 3735 2557 3792 ad
2583 3751 2698 3793 rem
2727 3753 2839 3794 non
2866 3740 3169 3810 pertinent,
3194 3757 3265 3799 ne
3284 3744 3564 3800 nominen-

1985 3832 2074 3880 tur
2104 3827 2158 3881 in
2194 3827 2376 3896 vobis,
2413 3829 2558 3886 sicut
2581 3829 2742 3887 decet
2770 3840 3020 3891 sanctos.
3054 3851 3075 3886 s

2057 3913 2268 3973 Cotoss.
2310 3934 2393 3986 tu,
2424 3918 2479 3974 8.
2506 3948 2578 3964 —
2630 3939 2650 3973 ι
2682 3919 2886 3994 Turpis
2921 3937 3108 3981 sermo
3142 3939 3255 3982 non
3301 3937 3460 3983 exeat
3507 3924 3577 3983 de

1983 4021 2081 4062 ore
2113 4019 2320 4064 VQSU'O.
2356 4027 2376 4061 ι

2054 4095 2222 4151 Basil.
2268 4096 2442 4154 Serm.
2477 4098 2548 4153 ad
2583 4099 2709 4170 jun.
2739 4131 2812 4144 —
2841 4101 3175 4161 Sermonum
3227 4109 3576 4165 consuetudo

1983 4187 2052 4246 ad
2081 4204 2168 4245 res
2203 4189 2354 4260 ipsas
2382 4190 2529 4247 viam
2581 4193 2791 4264 pandit.
2824 4194 3101 4262 Quocirca
3141 4197 3576 4271 diligentissime

1983 4280 2397 4339 conservandus
2427 4291 2514 4340 est
2544 4283 2764 4342 animus
2787 4324 2805 4352 ,
2851 4303 2922 4344 ne
2968 4303 3067 4358 per
3115 4304 3437 4348 sermonum
3473 4309 3574 4349 vo-

1983 4371 2268 4441 luptatem,
2305 4371 2435 4427 mali
2463 4372 2747 4444 quidpiam
2782 4375 3165 4447 imprudentes
3185 4380 3572 4451 excipiamus;

1910 4466 1956 4523 D
1984 4478 2096 4518 non
2139 4477 2303 4521 secus
2333 4478 2399 4522 ac
2433 4464 2483 4522 si
2526 4467 2708 4523 toxica
2739 4467 2905 4526 melle
2943 4468 3195 4528 delibuta
3251 4472 3574 4533 admittere-

1985 4569 2135 4611 mus.

2056 4646 2330 4716 Ejusdem.
2357 4648 2574 4705 —Mali
2607 4649 2852 4707 studium
2901 4625 3268 4711 diuturnitate
3304 4657 3571 4728 temporis

1985 4739 2398 4806 confirmatum,
2426 4742 2515 4797 vix
2540 4756 2808 4813 unquam,
2831 4757 2896 4800 ac
2921 4760 2992 4802 ne
3018 4746 3110 4802 vix
3140 4747 3362 4818 quidem
3384 4752 3571 4804 curari

1987 4841 2187 4905 potest,
2232 4835 2636 4892 consuetudine
2671 4835 3002 4909 plerumque
3057 4840 3113 4895 in
3165 4848 3424 4898 naturam
3469 4844 3567 4898 mi-

1984 4932 2198 4995 grante.

2375 5014 2434 5072 S.
2461 5015 2618 5088 (ἶνες.
2651 5017 2796 5077 Nas.
2828 5017 3063 5078 Tetrast.
3092 5022 3184 5077 17.

2165 5103 2396 5178 Occlude
2421 5123 2543 5162 cera
2574 5108 2818 5178 turpibus
2845 5111 3014 5165 verbis
3047 5121 3172 5168 tuas

2164 5176 2356 5246 Aures,
2381 5180 2630 5248 sonisque
2662 5176 2915 5235 cantuum
2949 5180 3311 5239 mollissimis.

2060 5267 2318 5323 Philonis.
2351 5297 2423 5309 —
2449 5265 2665 5342 Turpes
2699 5280 2755 5328 et
2784 5271 2912 5328 vani
2949 5284 3080 5330 sunt
3120 5274 3224 5339 illi,
3261 5275 3353 5346 qui
3391 5274 3447 5331 in
3487 5291 3571 5354 re-

1984 5359 2091 5415 bus
2131 5360 2290 5416 vanis
2325 5361 2532 5431 ingenii
2573 5363 2855 5434 specimen
2894 5364 3086 5433 edunt,
3127 5374 3181 5422 et
3225 5382 3350 5423 cum
3382 5367 3450 5422 ad
3482 5384 3569 5424 res

1985 5453 2283 5524 prazclaras
2317 5453 2682 5511 addiscendas
2715 5457 2858 5512 tardi
2892 5461 3028 5525 sint,
3056 5467 3252 5515 contra
3285 5460 3351 5516 ad
3381 5468 3570 5532 turpes

1986 5545 2382 5617 perpetrandas
2428 5547 2752 5604 celerrimos
2809 5564 2870 5606 se
2919 5559 2974 5608 et
3027 5550 3382 5610 acutissimas
3425 5568 3570 5624 pra:-

1988 5639 2138 5693 bent.

2055 5732 2226 5790 Clem.
2250 5734 2464 5810 Ριεάας.
2495 5753 2558 5809 n,
2599 5752 2726 5810 cap.
2761 5739 2815 5798 6.
2842 5770 2911 5784 -
2938 5741 3024 5802 Ab
3065 5742 3411 5802 obscenitate
3454 5755 3572 5800 ser-
