3986 6414
266 299 417 370 1257-
1473 307 1713 366 SACRA
1752 308 1814 367 Ρι

1942 310 2190 372 .LLELA
2201 358 2217 373 .

336 438 357 470 ι
401 418 462 472 ‘0
491 418 672 491 τιμῶν
696 419 933 493 πατέρα,
974 423 1281 488 ἑξιλάσεται
1311 423 1610 494 ἁμαρτίας.
1649 445 1670 477 ι

3419 319 3554 390 1253

1879 434 1927 489 Α
2029 426 2202 484 Ecclt'.
2234 444 2316 495 ιιι,
2350 430 2405 483 '5.
2430 460 2503 471 --
2534 451 2551 482 ‹
2586 428 2694 498 Qui
2748 431 2983 490 honorat
3031 444 3271 505 patrem,
3306 439 3557 509 expiabit

1960 528 2210 587 peccata.
2244 538 2263 572 ι

2026 607 2196 666 Eccli.
2230 627 2394 678 xxxv,
2446 614 2501 669 5.
2537 643 2606 653 -
2641 632 2660 665 ι
2709 613 3126 686 Beneplacitum
3185 612 3408 672 Domini
3460 626 3549 675 est

1955 699 2235 757 abstinere
2268 686 2338 758 ab
2378 702 2672 773 iujustitia,
2706 713 2761 759 et
2803 704 3144 775 prepitiatio,
3190 705 3477 765 abstinere
3513 724 3544 763 a

1955 800 2202 860 peccato.
2245 811 2264 845 s

337 900 358 935 ι
401 880 529 936 Ἐὰν
561 879 739 951 ἀφῆτε
790 884 905 946 τοῖς
952 883 1262 954 ἀνθρώποις
1299 882 1398 937 τά.
1425 883 1814 953 παραπτώματ

2022 878 2224 938 Matth.
2276 898 2350 945 \‘l,
2402 884 2491 937 14.
2542 912 2612 925 -—-
2668 902 2688 936 ε
2723 882 2785 939 Si
2833 884 3162 944 dimiseritis
3220 889 3547 947 hominibus

253 971 456 1036 αὐτῶν,
493 971 697 1041 ἀφήσει
721 972 819 1027 καὶ
844 973 973 1042 ὑμῖν
995 975 1026 1029 ό
1058 974 1247 1046 Πατὴρ
1276 973 1432 1045 ὑμῶν
1456 972 1485 1024 ό
1520 974 1793 1053 οὐράνιος.

1953 981 2179 1041 peccata
2207 988 2423 1042 eorum,
2468 974 2712 1032 dimittet
2754 985 2810 1031 et
2841 973 3008 1031 Pater
3059 988 3237 1035 vester
3293 982 3545 1038 caelestis

1950 1058 2152 1119 delicta
2175 1074 2380 1122 vestra.
2419 1086 2441 1119 ι

2018 1155 2143 1210 Jac.
2180 1175 2231 1224 ν,
2262 1157 2357 1213 20.
2389 1191 2458 1201 -—
2491 1179 2510 1211 ι
2539 1160 2645 1225 Qui
2677 1161 2927 1218 converti
2961 1158 3153 1220 fecerit
3184 1174 3537 1235 peccatorem

1950 1249 2020 1304 ab
2045 1265 2233 1307 errore
2260 1253 2360 1308 vite
2381 1269 2517 1321 suae,
2542 1254 2784 1311 salvsbit
2814 1256 3060 1312 animam
3093 1257 3218 1329 ejus
3242 1273 3312 1317 ex
3334 1270 3532 1327 morte,

340 620 361 655 ι
391 602 628 659 Εὐδοκία
674 604 906 677 Κυρίου,
958 607 1268 679 ἀποστῆναι
1316 608 1427 663 ἀπὸ
1472 608 1710 672 ἀδικίας,
1762 606 1854 660 καὶ

263 695 557 767 ἐξιλᾱσμδς
588 696 897 768 ἀποστῆναι
926 699 1038 752 ἀπὸ
1070 700 1367 772 ἁμαρτίας.
1407 718 1425 754 ι

258 1186 263 1191 ~
324 1177 344 1209 ι
401 1159 460 1212 '0
488 1158 826 1229 ἐπιστρέψας
871 1160 1194 1231 ἁμαρτωλὸν
1229 1162 1294 1213 ἐκ
1328 1158 1533 1230 πλάνης
1574 1159 1696 1214 ὁδοῦ
1746 1159 1845 1211 αὑ.

249 1248 369 1316 τοῦ,
404 1249 568 1304 σώσει
598 1249 775 1323 ψυχὴν
804 1252 870 1305 ἐκ
907 1251 1163 1317 θανάτου,
1219 1252 1315 1305 καὶ
1361 1250 1594 1320 καλύψει
1638 1249 1845 1323 πλῆθος

249 1340 562 1413 ἁμαρτιῶν.
609 1360 627 1394 ι

1947 1348 2002 1395 et
2033 1342 2245 1412 operiet
2267 1344 2680 1402 multitudinem
2711 1354 3091 1416 peccatorum.
3127 1367 3153 1405 ι

244 1496 434 1552 ΤΙΤΛ.
465 1495 1290 1577 136':—I!spl_dxoyvdtaewc
1316 1512 1329 1526 ·
1356 1496 1446 1548 ὅτι
1473 1497 1554 1577 οὐ⁵
1571 1495 1669 1550 δεῖ
1684 1495 1814 1567 ἡμᾶ.

1947 1495 2081 1551 ΤΙΤ.
2120 1497 2309 1552 XLIX.
2345 1531 2415 1540 —
2447 1499 2519 1554 De
2570 1501 2940 1577 desperatione
2988 1520 3007 1577 :_
3047 1515 3105 1577 et
3142 1502 3286 1576 quod
3334 1506 3531 1565 salutis

439 1567 554 1636 τῆς
575 1567 811 1622 ἑαυτῶν
854 1567 1301 1636 ἀπογινώσκειν
1329 1567 1650 1635 σωτηρίας.

322 1718 342 1750 ι
376 1698 663 1762 Πεποιθὼς
692 1697 815 1770 ἔσῃ,
846 1698 928 1752 ὅτι
957 1714 1040 1751 σοι
1074 1696 1222 1751 ἔστιν
1260 1696 1434 1760 ἐλπίς.
1471 1715 1490 1749 ι

316 1905 336 1938 ι
373 1886 438 1939 Οἱ
464 1883 875 1956 ἀπηλπισμένοι
904 1882 1015 1936 τῶν
1039 1878 1369 1952 ἀνθρώπων,
1409 1879 1828 1951 ἐμπλησθήσον-

230 1995 327 2032 ται
363 1975 728 2048 εὐφροσύνης.
772 1993 793 2028 ι

303 2068 494 2131 Οὐδεὶς
519 2067 671 2136 φόϐῳ
699 2065 810 2119 τῶν
835 2066 1150 2137 στερήσεων
1178 2064 1247 2119 τά
1284 2064 1466 2134 ἀγαθά
1495 2061 1822 2118 ἀπωθεῖται.

230 2160 391 2215 Οὕτω
418 2158 530 2229 γὰρ
551 2155 617 2210 ἂν
636 2155 790 2210 οὐδὲν
827 2156 937 2209 τῶν
964 2154 1326 2226 ἀνθρωπίνων
1375 2155 1630 2224 συνέστη,
1660 2155 1711 2206 εἰ
1740 2154 1826 2221 ἐφ’

228 2252 454 2321 ἑκάστῳ
478 2249 588 2302 τῶν
635 2247 1090 2318 σπουδαζομένων
1128 2247 1227 2309 τάς
1256 2245 1560 2317 ἀποτυχίας
1586 2243 1827 2314 ἐλογιζό-

231 2343 397 2415 μεθα.
428 2343 770 2414 Παράκειται
797 2340 908 2413 γὰρ
957 2342 1027 2412 τῇ
1061 2340 1311 2412 γεωργίᾳ
1337 2342 1373 2411 ἡ
1427 2337 1652 2409 ἀφορία,
1701 2340 1826 2403 ταῖς

228 2435 530 2508 ἐμπορίαις
567 2434 624 2488 δὲ
656 2433 725 2488 τὰ
763 2434 1019 2502 ναυάγια,
1054 2434 1170 2495 τοῖς
1206 2431 1411 2503 γάμοις
1461 2431 1518 2482 αἱ
1575 2433 1819 2502 χηρεϊαι,

226 2531 351 2593 ταῖς
405 2526 820 2599 παιδοτροφίαις
879 2527 937 2580 al
994 2524 1415 2585 ἁποτεκνώσεις.
1481 2519 1623 2575 Ἀλλ’
1672 2520 1822 2591 ὅμως

228 2615 594 2690 ἐγχειροῦμεν
632 2618 744 2680 τοῖς
778 2615 984 2703 ἔργοις,
1018 2618 1136 2678 ταῖς
1168 2611 1565 2686 χρηστοτέραις
1605 2610 1825 2703 ἐλπίσιν

228 2711 665 2785 ἐπερειδόμενοι,
694 2710 794 2780 τὴν
827 2709 883 2762 δὲ
905 2701 1015 2761 τῶν
1038 2707 1406 2762 ἐλπισθέντων
1434 2701 1829 2763 ἔκϐασινάνα-

225 2803 470 2868 τιθέντες
498 2802 575 2873 τῷ
595 2802 665 2856 τὰ
694 2801 940 2872 ἡμέτερα
973 2796 1346 2870 οἰκονομοῦντι
1378 2797 1520 2869 Θεῷ.

297 2983 439 3039 Οὔτε
471 2985 499 3038 ό
533 2984 609 3057 μὴ
649 2983 914 3058 ῥαθυμῶν
966 2985 1045 3046 είς
1112 2983 1427 3053 ἀπόγνωσιν
1482 2983 1550 3038 ἂν
1587 2983 1821 3052 ἐμπέσοι

224 3078 380 3140 ποτὲ,
445 3076 569 3131 οὔτε
614 3079 643 3131 ό
693 3079 1029 3150 τρεφόμενος
1112 3074 1295 3130 ἐλπίσι
1364 3078 1661 3148 χρησταῖς,
1725 3078 1821 3131 καὶ

2195 1581 2391 1624 nostrae
2412 1585 2553 1639 spem
2581 1571 2812 1642 abjicere
2842 1589 2948 1628 non
2972 1571 3292 1643 debeamus”

2012 1681 2113 1737 Job
2172 1699 2246 1750 ιι,
2282 1684 2369 1739 l8.
2401 1717 2470 1726 -ο
2498 1706 2515 1737 ι
2546 1681 2696 1744 Βοηο
2722 1687 2835 1743 eris
2871 1689 3077 1754 animo.
3117 1691 3245 1761 quia
3273 1706 3401 1765 spes
3431 1692 3532 1753 tibi

1867 1801 1911 1855 Β
1939 1783 2043 1829 ρει.
2085 1793 2105 1825 ι

2010 1864 2126 1921 Isa.
2159 1884 2310 1933 ιλιι,
2346 1870 2430 1924 19.
2461 1899 2531 1911 -
2558 1891 2575 1921 ι
2606 1869 2870 1927 llomines
2890 1885 3127 1944 quorum
3153 1875 3306 1932 salus
3335 1876 3528 1950 deplo-

1936 1966 2061 2014 rata
2095 1970 2235 2025 erat,
2264 1961 2644 2032 implebuntur
2673 1965 2883 2019 laetitia.
2922 1985 2942 2017 ι

2007 2051 2183 2109 Basil.
2225 2052 2450 2109 Einhart.
2490 2056 2561 2110 ad
2604 2055 2752 2127 bapt.
2778 2088 2849 2100 -—
2883 2058 3055 2116 Nemo
3102 2060 3251 2116 bona
3301 2061 3526 2133 projicit

1936 2158 2128 2199 eorum
2166 2145 2597 2204 amittendorum
2635 2158 2808 2207 metu.
2838 2150 2976 2207 Nam
3009 2152 3113 2209 hoc
3158 2161 3324 2225 pacto
3371 2157 3523 2213 nulla

1936 2253 2028 2295 res
2052 2238 2294 2295 humana
2327 2242 2680 2310 consisteret,
2720 2244 2769 2302 si
2805 2245 2861 2301 in
2908 2246 3147 2318 singulis
3185 2248 3353 2305 rebus
3382 2265 3524 2321 quas

1933 2330 2345 2400 persequimur,
2398 2331 2649 2403 jacturas
2700 2336 3209 2395 consideraremus.
3264 2339 3522 2411 Agricul-
3600 2350 3611 2371 ‘

1934 2421 2075 2472 turae
2093 2418 2241 2473 enim
2270 2420 2535 2479 sterilitas
2558 2422 2829 2493 imminet,
2859 2435 3188 2484 mercaturae
3208 2429 3518 2503 naufragia,

1933 2507 2214 2580 coniugiis
2258 2509 2576 2577 viduitates,
2609 2514 3040 2576 educationibus
3091 2519 3332 2577 ﬁliorum
3367 2523 3521 2579 orbi-

1932 2607 2098 2657 tates.
2128 2599 2316 2659 Nibilo
2350 2611 2536 2659 tamen
2581 2605 2742 2677 381
2776 2608 2963 2667 secius
3013 2625 3103 2669 res
3145 2613 3523 2685 aggredimur,

1931 2706 2150 2765 semper
2178 2692 2402 2765 quidem
2434 2695 2645 2752 laetiora
2687 2698 2851 2756 nobis
2905 2700 3232 2772 pollicentes
3275 2720 3289 2757 :
3331 2719 3521 2760 rerum

1932 2801 2062 2843 vero
2087 2800 2228 2859 quas
2256 2801 2566 2858 speramus,
2588 2796 2850 2846 eventum
2879 2792 2953 2849 ad
2976 2808 3164 2851 rerum
3193 2803 3520 2856 nostrarum

1929 2877 2366 2949 dispensatorem
2412 2879 2578 2934 Deum
2628 2878 2948 2942 referimus.

2006 2966 2288 3039 Chrysost.
2323 3000 2394 3011 —
2424 2967 2614 3042 Neque
2645 2973 2692 3028 is
2719 2974 2813 3046 qui
2847 2976 3147 3049 abignavia
3177 2990 3233 3038 et
3263 2985 3519 3043 socordia

1931 3067 2172 3116 remotus
2201 3070 2308 3127 est,
2337 3064 2397 3118 in
2451 3063 2893 3135 desperationem
2942 3085 3180 3140 unquam
3255 3075 3515 3135 incidet:

225 3174 302 3242 μὴ
323 3170 728 3241 ἀπογινώσκων
776 3170 996 3237 ἐαυτοῦ,
1045 3170 1125 3233 είς
1203 3167 1480 3241 ρᾳθυμίαν
1528 3168 1814 3240 δυνήσεται

1942 3164 2023 3207 nec
2051 3151 2144 3221 qui
2176 3150 2297 3206 la-ta
2321 3167 2418 3221 spe
2446 3152 2706 3222 Iactatur,
2745 3156 2814 3213 de
2841 3172 2939 3214 sua
2969 3160 3148 3218 salute
3183 3180 3291 3220 non
3322 3166 3520 3239 despeo

220 3263 512 3333 ἐμπεσεῖν.

284 3419 479 3473 ΤΙΤΛ.
498 3417 666 3473 Ν¹.-
689 3417 827 3486 Περὶ
858 3414 1232 3487 ἀναθέματος
1254 3413 1353 3468 καί
1380 3415 1741 3487 ἀφορισμοῦ.
1798 3496 1801 3499 Ἴ

301 3550 323 3584 t
345 3532 471 3586 Οὐκ
487 3533 746 3594 εἰσοίσεις
773 3529 1050 3602 βδέλυγμα
1077 3531 1155 3592 εἰς
1174 3528 1265 3582 τὸν
1291 3524 1438 3582 οἶκόν
1462 3543 1577 3594 σου,
1600 3528 1696 3583 καὶ
1717 3527 1815 3600 ἔσῃ

210 3627 476 3699 ἀνάθεμα
505 3626 699 3699 ὥσπερ
725 3624 909 3683 τοῦτο.
958 3622 1405 3697 Προσοχθίσματι
1445 3623 1813 3695 προσοχθιεῖςι

209 3720 308 3775 καὶ
334 3718 686 3791 βδελύγματι
745 3715 1006 3791 βδελύξῃ,
1046 3717 1129 3770 ὅτι
1183 3715 1435 3785 ἀνάθεμά
1478 3716 1648 3792 ἐστιν.
1691 3734 1711 3770 ι
1744 3746 1816 3757 -

215 3813 368 3884 «Οὐχ
411 3811 767 3884 εὑρεθήσεται
820 3811 879 3863 ἐν
925 3811 993 3880 τῇ
1061 3808 1205 3878 χειρί
1252 3823 1346 3859 σου
1389 3806 1542 3861 οὐδὲν
1578 3807 1686 3860 ἀπὸ
1718 3810 1812 3864 τοῦ

209 3905 382 3960 ἀναθέ
400 3920 593 3977 ματος.
632 3921 650 3957 ι

195 4156 221 4165 ἡ
282 4087 467 4145 (Εἴτε
521 4086 729 4161 Κύριος
787 4087 926 4154 πρὸς
961 4086 1202 4153 Ἰησοῦν·
1246 4086 1323 4140 Οὐ
1380 4088 1637 4145 δύνανται
1703 4091 1811 4145 uiol

223 4183 453 4257 Ἰσραὴλ
474 4181 775 4251 ὑποστῆναι
795 4181 935 4234 κατά
953 4183 1244 4252 πρόσωπον
1259 4180 1367 4237 τῶν
1382 4178 1593 4254 ἐχθρῶν
1608 4182 1808 4251 αὐτῶν,

215 4279 297 4331 ὅτι
317 4274 665 4346 ἐγενήθησαν
688 4272 959 4343 ἀνάθεμα.
990 4273 1066 4326 Οὐ
1090 4273 1387 4346 προσθήσω
1417 4274 1499 4327 ἔτι
1515 4273 1634 4345 μεθ’
1655 4272 1810 4345 ὑμῶν

216 4363 375 4434 εἶναι,
411 4368 513 4421 ἐὰν
547 4367 622 4437 μὴ
650 4365 885 4438 ἐξάρῃτε
916 4370 976 4418 τὸ
1010 4364 1259 4436 ἀνάθεμα
1312 4366 1373 4433 ἐξ
1404 4366 1560 4437 ὑμῶν
1602 4366 1804 4422 αὐτῶν.

1923 3257 2073 3309 rans,
2108 3242 2160 3297 in
2191 3244 2495 3300 socordiam
2546 3261 2786 3316 unquam
2846 3248 2950 3305 labi
3006 3256 3287 3322 potuerit.

2024 3410 2162 3470 Tl'l‘.
2194 3414 2412 3472 L.—De
2434 3419 2770 3475 anathemate
2801 3430 2850 3477 et
2878 3427 3448 3485 exeommunicatione.

1991 3524 2150 3582 Deut.
2187 3543 2293 3594 vn,
2322 3527 2415 3596 26,
2446 3529 2537 3584 27.
2569 3557 2641 3571 -ι
2674 3550 2695 3584 ι
2733 3531 2851 3589 Non
2910 3533 3116 3592 ittl'eres
3146 3537 3512 3597 abominatio-

1917 3633 2041 3674 nem
2076 3620 2129 3675 in
2161 3621 2382 3676 domum
2443 3630 2615 3691 tuam,
2649 3639 2719 3680 ne
2747 3624 2849 3683 tias
2880 3630 3207 3692 anathema,
3268 3631 3410 3689 sicut
3457 3645 3514 3689 ct

1918 3710 2051 3767 illud
2111 3719 2215 3768 est.
2274 3712 2654 3770 Detestatione
2704 3717 3099 3787 detestaberis,
3132 3728 3186 3777 et
3219 3721 3541 3799 abominag

1919 3802 2067 3861 tione
2090 3803 2522 3874 abominaberis,
2573 3808 2836 3878 quoniam
2891 3811 3183 3868 anathema
3234 3821 3341 3871 est.
3383 3833 3405 3869 ι
3439 3845 3511 3858 -

1920 3914 1942 3948 ι
1981 3895 2101 3953 Non
2134 3897 2445 3954 inveniatur
2473 3899 2527 3954 iu
2557 3915 2723 3956 manu
2780 3909 2875 3956 tua
2935 3901 3243 3974 quidquam.
3266 3906 3334 3962 de
3364 3918 3503 3962 ana-

1914 3988 2177 4046 themate.
2209 4009 2229 4042 ι

1986 4081 2149 4138 Josue
2186 4099 2282 4152 vn,
2320 4083 2506 4140 42-25.
2539 4114 2611 4124 -—
2644 4102 2664 4137 ι
2697 4084 2845 4140 Dixit
2890 4085 3151 4144 Dominus
3181 4086 3249 4143 ad
3275 4086 3504 4146 Iesum:

1917 4171 2035 4228 Non
2066 4181 2329 4244 poterunt
2389 4174 2481 4231 lilii
2542 4174 2710 4232 Israel
2758 4176 3059 4233 subsistere
3114 4189 3245 4235 ante
3302 4178 3503 4237 faciem

1912 4264 2265 4321 inimicorum
2297 4281 2563 4335 suorum;
2595 4269 2854 4339 quoniam
2887 4268 3019 4325 facti
3035 4280 3164 4326 sunt
3185 4274 3500 4329 anathema.

1912 4354 2031 4411 Non
2064 4356 2323 4428 adjiciam
2348 4359 2491 4414 ultra
2535 4374 2658 4416 esse
2682 4360 2989 4428 vobiscum,
3024 4362 3129 4420 nisi
3159 4352 3502 4422 abstuleritis

228 4458 497 4522 Ἀναστὰς
527 4459 755 4525 ἁγίασον
790 4457 882 4511 τδν
924 4456 1059 4510 λαὸν
1111 4458 1193 4520 είς
1220 4458 1320 4529 τὴν
1360 4456 1585 4529 αὔριον⁸
1623 4458 1719 4512 καὶ
1748 4458 1808 4522 ὃς

1942 4449 2208 4505 ςηειιίιθηια
2251 4464 2320 4505 ex
2363 4450 2520 4506 vobis
2571 4451 2722 4521 ipsis.
2791 4450 3037 4524 Surgens
3091 4454 3375 4523 sancgtilica
3407 4470 3504 4526 po-

218 4519 513 4622 ἀναδειχθῇ
546 4519 698 4621 παρά
724 4547 957 4620 Κυρίου,
1008 4519 1495 4620 κατακαυθήσεται
1532 4550 1591 4602 ἐν
1645 4519 1803 4621 πυρὶ,

1942 4539 2097 4595 illum
2130 4541 2185 4597 in
2243 4542 2549 4598 crastinum
2585 4519 2607 4599 ξ
2634 4551 2693 4599 et
2714 4544 2805 4615 qui
2864 4519 3250 4616 deprehensus
3309 4519 3499 4614 fuerit,

219 4646 313 4699 ml
368 4643 553 4697 πάντα
612 4644 713 4695 ὅσα
747 4641 896 4695 ἐστὶν
922 4639 1074 4712 αὐτῷ
1097 4682 1113 4707 ,
1143 4642 1227 4695 ὅτι
1260 4641 1475 4712 παρέϐη
1497 4638 1595 4713 τὴν
1621 4640 1806 4713 διαθή-

214 4752 320 4806 κην
350 4735 582 4807 Κυρίου,
616 4735 710 4787 καὶ
738 4733 996 4805 ἐποίησεν
1023 4733 1286 4803 ἀνόμημα
1311 4733 1370 4784 ἐν
1412 4732 1653 4804 Ἰσραήλ.
1693 4733 1805 4787 Καὶ

211 4825 487 4899 ὤρθρισεν
553 4825 762 4897 Ἰησοῦς
820 4822 879 4879 τὸ
931 4822 1098 4897 πρωῒ,
1140 4825 1234 4877 καὶ
1282 4818 1405 4876 εἷπε
1454 4822 1534 4895 τῷ
1593 4823 1767 4894 Ἀχάρ

223 4917 579 4989 ’Δνάγγειλόν
619 4934 731 4990 μοι,
792 4916 847 4971 τί
886 4916 1169 4986 ἐποίησας.
1218 4914 1331 4969 Καὶ
1378 4911 1531 4968 εἶπεν
1594 4915 1801 4987 Ἀχάρ-

208 4990 367 5063 Εῐδον
420 5012 480 5064 ἐν
532 5010 602 5080 τῇ
663 5009 914 5080 προνομῇ
964 5005 1127 5079 ψιλὴν
1172 5005 1426 5077 ποικίλην
1464 5004 1661 5077 καλὴν,
1708 5002 1803 5060 καὶ

209 5102 464 5159 διακόσια
487 5101 767 5173 δίδραχμα
811 5099 1102 5173 ἀργυρίου,
1153 5100 1250 5153 καὶ
1304 5097 1559 5169 γλῶσσαν
1593 5101 1803 5171 χρυσῆν

211 5193 554 5264 πεντήκοντα
615 5191 953 5263 διδράχμων,
1010 5189 1107 5242 καὶ
1154 5186 1349 5242 ἔλαϐον
1389 5203 1405 5219 ο
1433 5187 1527 5241 καὶ
1564 5188 1675 5241 ίδοὺ
1705 5205 1801 5242 κε-

210 5282 508 5354 κρυμμένα
562 5282 703 5337 εἰσὶν
733 5282 790 5336 ἐν
814 5282 884 5353 τῇ
919 5282 1012 5352 γῇ.
1044 5275 1159 5334 Καὶ
1200 5276 1591 5350 ἐλιθοϐόλησαν
1637 5279 1800 5335 αὐτὸν

210 5375 305 5427 καὶ
329 5374 540 5439 πάντας
564 5375 692 5440 τοὺς
719 5373 911 5429 αὐτοῦ.
938 5392 959 5425 ι
1070 5372 1075 5377 ’

208 5509 398 5565 ΤΙΤΔ.
429 5511 563 5566 NA'.
596 5510 825 5579 -Περί
854 5508 1140 5581 ἀμίκτων,
1184 5508 1283 5581 καί
1315 5501 1437 5561 τῶν
1462 5505 1796 5577 ἁκοινωνή-

536 5598 652 5648 τως
699 5578 969 5653 ἐχόντων
1006 5581 1157 5649 πρὸς
1190 5578 1457 5647 ἄλληλα.

279 5707 303 5743 ι
331 5689 401 5744 Τί
428 5693 494 5747 τὸ
517 5692 720 5766 ἄχυρον
750 5694 887 5765 πρὸς
915 5693 1006 5748 τὸν
1036 5695 1219 5759 σῖτον;
1258 5710 1280 5743 ιο

276 5798 298 5839 ι
328 5782 396 5837 Τί
426 5787 758 5858 κοινωνήσει
809 5786 974 5850 λύκος
1020 5785 1212 5859 ἀμνῷς
1246 5784 1419 5850 οὓτως
1471 5784 1796 5858 ἁμαρτωλὸς

489 5880 761 5942 ΡΑΤιιοι..
796 5880 916 5944 Gn.
936 5874 1128 5949 XCV;

1908 4634 2264 4689 comburetur
2324 4634 2479 4706 igni,
2509 4644 2566 4691 et
2609 4636 2792 4691 omnia
2842 4650 3188 4706 quacunque
3237 4647 3370 4692 sunt
3396 4639 3498 4705 ei;

1910 4722 2176 4792 quoniam
2210 4732 2588 4796 transgressus
2617 4735 2702 4782 est
2730 4734 3121 4784 testamentum
3165 4725 3409 4795 Domini,
3440 4740 3497 4783 et

1907 4812 2041 4871 fecit
2098 4814 2444 4887 iniquitatem
2501 4817 2557 4872 in
2603 4816 2792 4874 Israel.
2841 4819 2909 4874 Et
2956 4818 3198 4874 diluculo
3257 4821 3496 4875 surrexit

1903 4903 2085 4975 Iesus,
2114 4917 2169 4964 et
2197 4906 2338 4963 dixit
2366 4908 2549 4964 Achar
2582 4928 2596 4963 :
2630 4910 2909 4967 Annuntia
2940 4911 3074 4967 mihi
3105 4911 3240 4983 quid
3290 4909 3497 4968 fecisti.

1911 4998 1981 5055 Et
2006 4999 2149 5055 dixit
2180 5000 2399 5058 Achar:
2434 4999 2559 5058 Vidi
2591 5004 2645 5057 in
2676 5003 2863 5074 praeda
2896 5011 3103 5059 vestem
3136 5003 3340 5058 variam
3373 5004 3497 5073 pul-

1903 5092 2116 5157 chram,
2147 5101 2203 5148 et
2232 5092 2465 5149 ducenta
2492 5095 2848 5152 didrachmas
2890 5097 3127 5167 argenti,
3161 5104 3218 5151 et
3248 5094 3492 5164 linguam

1904 5197 2072 5237 unam
2118 5198 2342 5240 auream
2374 5185 2774 5259 quinquaginta
2805 5186 3284 5255 didracbmarum,
3314 5196 3371 5243 et
3398 5201 3494 5244 ac-

1902 5274 2024 5343 cepi
2059 5288 2075 5328 :
2107 5283 2163 5330 et
2192 5288 2322 5332 ecce
2351 5276 2670 5334 abscondita
2730 5285 2860 5334 sunt
2891 5279 2945 5333 in
2976 5285 3147 5335 terra.
3180 5277 3249 5334 Et
3275 5278 3492 5351 lapida-

1903 5375 2104 5423 verunt
2138 5382 2291 5436 eum,
2319 5377 2374 5426 et
2404 5385 2599 5427 omnes
2630 5371 2722 5442 qui
2755 5371 2930 5443 ipsius
2962 5381 3144 5427 erant.
3181 5389 3203 5429 ι

1901 5503 2039 5560 TIT.
2074 5502 2316 5561 ι.1.-ι)ε
2341 5506 2406 5561 iis
2434 5524 2552 5577 qua:
2579 5507 2789 5562 misceri
2825 5524 2929 5563 non
2951 5518 3194 5579 possunt,
3218 5524 3312 5564 nec
3342 5524 3492 5564 com-

2305 5581 2555 5633 mercium
2587 5582 2722 5634 inter
2749 5594 2804 5633 se
2831 5580 3042 5635 habere.

1970 5686 2165 5746 chem.
2196 5710 2353 5757 xxttt,
2389 5694 2556 5751 28.--
2590 5715 2608 5749 ι
2650 5697 2789 5765 Quid
2851 5699 3021 5769 palea:
3051 5697 3119 5753 ad
3150 5695 3393 5751 triticum
3424 5694 3485 5746 ἲ»

1976 5783 2155 5842 Ertlt'.
2181 5803 2305 5856 xm,
2339 5789 2392 5859 5,
2422 5790 2597 5846 21.--
2635 5810 2653 5845 ι
2693 5790 2833 5858 Quid
2865 5786 3296 5851 communicabit
3330 5786 3489 5855 lupus

3093 5878 3165 5942 40
