3986 6386
269 4969 321 5007 κ

539 277 674 346 1259

1703 277 1763 338 s.
1798 264 2118 338 JOANNIS
2157 278 2600 344 DAMASCENI.

3620 293 3722 362 1200

534 388 726 460 agno?
767 387 847 445 sit:
903 393 1158 458 peccator
1232 385 1406 455 justo.
1459 386 1599 454 Quid
1671 389 2104 444 communicabit

2215 392 2342 484 πρὸς
2396 393 2618 464 εὐσεϐῆ.
2679 391 2744 447 Τί
2795 394 3115 467 κοινωνήσει
3152 396 3328 469 χύτρα
3359 401 3488 470 πρὸς
3532 404 3722 484 λέϐητας

537 483 776 536 cacabus
807 479 876 534 ad
911 480 1075 535 ollam
1107 478 1130 529 i
1162 479 1278 534 haec
1325 478 1536 545 allidet,
1569 489 1622 534 et
1655 479 1770 534 lucc
1801 481 2112 550 confringe-

539 583 649 626 tttl'.
685 589 704 622 ι

606 663 636 717 1
655 663 779 718 Cor.
810 677 864 728 ι,
899 662 987 726 li,
1024 662 1213 716 l5.—t
1251 659 1367 716 Non
1401 661 1633 726 potestis
1665 676 1865 716 mensae
1895 660 2114 717 Domini

537 753 833 824 participes
865 768 1008 818 esse,
1049 759 1104 806 et
1136 767 1338 808 menste
1379 752 1794 807 daimoniorum.
1827 753 1960 818 Quae
1989 767 2112 821 par-

535 845 784 914 tieipatio
815 844 1044 914 iustitiae
1069 858 1192 898 cum
1234 843 1521 913 iniquitate
1548 843 1570 896 ?
1599 851 1693 897 aut
1735 858 1854 913 quas
1883 845 2111 913 partici-

537 937 684 1006 patio
714 937 822 990 luci
854 935 922 989 ad
941 933 1230 990 tenebras?
1257 943 1352 988 aut
1387 948 1509 1004 qua:
1565 934 1863 988 conventio
1889 933 2112 990 Christo

536 1041 589 1084 et
616 1028 823 1083 Belial?
861 1035 953 1081 aut
983 1043 1104 1097 quae
1133 1041 1261 1097 pars
1317 1026 1493 1081 ﬁdelis
1547 1041 1672 1080 cum
1731 1026 1937 1082 inﬁdeli
1967 1026 1991 1082 3
2019 1036 2114 1081 aut

535 1136 657 1192 quae
687 1119 978 1174 consensio
1007 1119 1210 1187 templo
1241 1117 1339 1172 Dei
1370 1132 1492 1172 cum
1528 1117 1733 1172 idolis?
1769 1135 1790 1170 ι

611 1213 661 1268 Ν
668 1231 778 1284 gas.
809 1214 864 1267 in
901 1215 1125 1284 quinque
1153 1210 1426 1266 Beatit.——
1447 1209 1756 1267 Misericors
1787 1219 1842 1267 et
1873 1208 2112 1264 crudelis

535 1304 672 1357 adeo
703 1305 966 1358 contrarii
1012 1313 1162 1368 sunt,
1191 1312 1250 1357 ut
1278 1302 1601 1372 permisceri
1636 1316 1741 1356 non
1775 1301 2004 1370 possint.

615 1392 807 1464 Ejusd.
836 1395 888 1448 in
915 1394 1075 1450 Orat.
1106 1393 1320 1448 Bomin.
1382 1402 1522 1448 orat.
1572 1395 1624 1448 5.
1659 1423 1727 1434 —
1756 1393 2108 1447 Praesentiam

538 1487 674 1542 lucis
704 1487 945 1542 tenebra:
978 1486 1202 1541 minime
1233 1485 1509 1541 sustinent
1547 1503 1560 1540 :
1604 1485 1829 1540 morbus
1857 1491 1978 1539 orta
2019 1499 2111 1539 sa-

538 1580 710 1634 nitate
742 1593 849 1633 non
911 1588 1094 1634 manet
1124 1580 1356 1649 amplius
1382 1598 1395 1634 :
1427 1578 1784 1649 aegritudines
1841 1584 2112 1648 praesente

537 1671 940 1742 tranquillitate
997 1672 1104 1725 vim
1171 1687 1325 1726 suam
1385 1687 1495 1726 non
1545 1680 2000 1727 exeruntzcassa
2058 1681 2112 1727 et

2211 482 2354 554 αὕτη
2383 485 2769 556 προσκρούσει,
2801 486 2940 556 αὐτη
2967 490 3400 562 συντριϐήσεται.
3431 513 3447 546 ι

2288 684 2306 717 t
2347 666 2422 720 Οὐ
2467 665 2696 720 δύνασθε
2753 667 3036 740 τραπέζης
3081 671 3288 742 Κυρίου
3349 675 3607 745 μετέχειν,
3658 687 3728 738 tui

2213 755 2494 826 τραπέζης
2525 754 2843 826 δαιμονίων.
2871 826 2882 834 ο
2917 758 3013 820 Τίς
3065 760 3266 830 μετοχὴ
3315 761 3630 839 δικαιοσύνης
3661 774 3729 826 καὶ

2211 847 2475 916 ἁνομίας;
2528 848 2562 919 ἢ
2611 847 2696 912 τίς
2729 848 2988 902 κοινωνία
3019 851 3160 918 φωτὶ
3203 851 3342 923 πρὸς
3363 853 3573 924 artistic;
3601 859 3730 923 τίςδι

2214 938 2568 1014 συμφώνησις
2597 939 2818 1010 Χρσστῷ
2845 941 2982 1010 πρὸς
3013 942 3245 1014 Βελίαρ;
3271 943 3308 1014 ἢ
3327 943 3410 1009 τίς
3427 947 3572 1019 ped;
3592 954 3731 1025 πιστῷ

2215 1029 2356 1100 μετὰ
2382 1028 2653 1096 ἀπίστου,
2686 1030 2769 1095 τίς
2801 1030 2858 1084 δὲ
2889 1032 3289 1102 συγκατάθεσις
3340 1035 3452 1106 ναῷ
3486 1038 3604 1092 Θεοῦ
3626 1047 3732 1111 μετὰ

2212 1121 2448 1177 εἰδώλων
2467 1139 2483 1190 ;
2517 1140 2536 1174 θ
2693 1174 2698 1179 .

2285 1215 2552 1284 Ἀμικτος
2586 1217 2620 1288 ἡ
2653 1215 2751 1270 τοῦ
2790 1217 3082 1288 ὲλιήμονος
3108 1220 3202 1272 καὶ
3243 1218 3338 1272 τοῦ
3364 1221 3589 1294 ἀπηνοῦς
3613 1225 3731 1278 ἔναν-

2209 1321 2417 1369 τιωσις.

2281 1395 2395 1466 Οὐχ
2415 1394 2674 1468 ὑπομένει
2699 1395 2760 1452 τὸ
2799 1399 2990 1464 σκότος
3006 1400 3102 1473 τὴν
3131 1402 3229 1456 τοῦ
3264 1403 3439 1472 φωτὸς
3460 1409 3728 1478 παρουσίαν

2211 1483 2272 1537 οὐ
2296 1485 2450 1550 νόσος
2509 1485 2701 1555 ὑγείας
2752 1489 3118 1563 ἐπιλαϐούσης
3152 1493 3402 1548 ἵσταται·
3447 1497 3542 1550 οὐκ
3567 1499 3732 1569 ἐνεργεῖ

2210 1574 2280 1628 τὰ
2312 1574 2461 1646 πάθη
2492 1577 2593 1646 τῆς
2628 1577 2897 1643 ἀπαθείας
2932 1582 3214 1654 παρούσης
3236 1600 3251 1614 ο
3289 1583 3510 1655 φροῦδος
3537 1589 3564 1641 ό
3606 1589 3733 1644 θάναο

2211 1681 2325 1730 τος,
2353 1665 2565 1737 ἀφανὴς
2589 1669 2622 1738 ἡ
2657 1668 2854 1742 φθορά,
2880 1671 3010 1726 ὃταν
3038 1673 3098 1728 ἐν
3130 1675 3266 1745 ἡμῖν
3303 1675 3554 1750 βασιλεύῃ
3577 1681 3606 1750 ἠ
3629 1680 3729 1752 ζωὴ,

537 1761 722 1816 inanis
746 1775 894 1814 mors
917 1770 1020 1825 est,
1054 1760 1338 1816 evanescit
1369 1761 1673 1829 corruptio,
1734 1776 1858 1815 cum
1913 1762 2024 1816 vita
2058 1761 2110 1815 in

2217 1758 2310 1812 καὶ
2341 1759 2672 1832 ήάφθαρσία
2703 1762 2763 1815 τὸ
2780 1763 2982 1834 κράτος
3005 1764 3124 1836 ἔχῃ.

538 1852 692 1907 nobis
722 1859 933 1920 regnat,
966 1859 1021 1904 et
1053 1851 1393 1918 incorruptio
1426 1852 1657 1920 imperio
1689 1853 1918 1922 potitur.

605 1941 741 1997 Ibid.
771 1951 908 1996 orat.
943 1942 996 1998 5.
1021 1971 1090 1981 —-
1122 1940 1242 1996 Fiat
1269 1941 1323 1996 in
1357 1956 1440 1996 me
1470 1943 1720 1997 voluntas
1757 1951 1847 1997 tua
1868 1982 1882 2008 ,
1917 1953 1971 1998 ut
2002 1942 2118 1997 dia-

538 2036 640 2091 boli
675 2036 927 2090 voluntas
958 2034 1385 2104 exstinguatur.
1420 2033 1554 2088 Nam
1575 2035 2028 2104 quemadmodum
2062 2035 2118 2088 in

538 2129 848 2198 caliginosis
890 2129 1088 2192 antris,
1117 2127 1268 2182 illato
1329 2125 1532 2181 lumine
1563 2126 1742 2198 caligo
1777 2127 2004 2191 desinit,
2041 2127 2115 2181 ita

537 2221 580 2274 si
615 2228 706 2272 tua
742 2220 792 2272 in
823 2233 909 2272 me
963 2217 1217 2272 voluntas
1263 2215 1379 2282 liat,
1414 2215 1697 2285 improbus
1727 2216 1909 2270 omnis
1925 2223 1978 2269 et
2008 2213 2117 2268 ini-

539 2324 671 2378 quus
701 2308 998 2364 voluntatis
1025 2315 1206 2363 motus
1240 2307 1293 2361 in
1329 2305 1560 2360 nihilum
1593 2303 1882 2376 redigitur.

608 2487 748 2542 Nili.
781 2517 849 2530 -
879 2485 1068 2555 Neque
1085 2487 1335 2554 voluptas
1394 2484 1639 2540 laborem
1689 2478 1981 2549 admittit,
2017 2497 2118 2538 nec

533 2578 1028 2642 laetitiammoaror,
1073 2593 1175 2632 nec
1210 2577 1434 2632 tristitia
1493 2577 1925 2648 oblectationem
1963 2595 1978 2632 :
2012 2591 2118 2632 nec

535 2686 726 2727 rursus
787 2669 942 2724 labor
995 2669 1330 2739 voluptatem
1389 2667 1738 2738 coniunctam
1798 2668 1984 2734 habet,
2015 2682 2119 2722 nec

531 2775 736 2820 mmror
783 2761 1055 2829 lzetitiam,
1094 2776 1193 2817 nec
1242 2761 1662 2818 oblectationem
1696 2761 1942 2816 tristitia.
1974 2759 2120 2814 All‘e-

529 2867 651 2912 ctus
703 2855 867 2926 382
923 2855 1070 2910 enim
1108 2855 1369 2910 contrarii
1424 2869 1546 2910 eam
1592 2854 1859 2909 rationem
1894 2852 2115 2918 habent,

531 2958 590 3002 ut
621 2947 845 3001 minime
879 2945 1022 3000 inter
1051 2960 1111 3001 se
1138 2946 1382 3016 copulari
1414 2954 1640 3016 queant,
1673 2959 1776 3000 nec
1807 2945 1987 2999 amico
2014 2961 2116 2999 un-

533 3053 692 3111 quam
761 3036 969 3092 [cedere
1012 3037 1321 3093 consociari
1352 3077 1368 3102 ,
1417 3045 1642 3106 propter
1703 3036 2108 3106 implacabilem

535 3127 680 3185 illam
738 3127 1079 3184 inimicitiam
1113 3128 1576 3199 simultatemque,
1637 3142 1803 3197 quam
1855 3129 2112 3183 habenta

533 3231 750 3276 ιιαιιιιθα.

599 3307 864 3363 Philonis.
895 3307 1136 3365 —Fieri
1186 3323 1296 3362 non
1357 3316 1537 3377 potest
1588 3316 1649 3361 ut
1706 3321 1864 3361 amor
1924 3306 2116 3361 mundi

535 3418 638 3458 una
670 3404 902 3459 exsistat
932 3417 1056 3457 cum
1088 3415 1277 3455 amore
1332 3398 1463 3466 Dei;
1513 3399 1685 3457 veluti
1719 3415 1822 3456 nec
1871 3400 2012 3467 ﬁeri,
2051 3408 2110 3455 ut

529 3496 621 3549 lux
649 3508 773 3548 eum
800 3493 1044 3550 tenebris
1075 3491 1240 3549 simul
1270 3501 1544 3546 versetur.

1088 3626 1393 3682 LITTERA
1415 3626 1482 3682 B.

805 3741 1108 3799 TITULUS
1150 3740 1266 3797 l.—
1300 3741 1372 3796 De
1394 3757 1549 3814 regno
1574 3741 1845 3796 caelorum.

608 3857 802 3911 llattlt.
839 3871 912 3919 vr,
936 3855 1026 3911 55.
1055 3872 1152 3907 -ι
1189 3854 1431 3921 Quaerite
1457 3869 1586 3927 ergo
1615 3855 1850 3924 primum
1886 3867 2116 3926 regnum

536 3949 626 4006 Dei
655 3948 994 4018 etjustitiam
1027 3947 1168 4016 ejus,
1201 3954 1256 4003 et
1288 3948 1404 4002 haec
1438 3945 1626 4002 omnia
1671 3945 2001 4016 adjiciuntur
2028 3959 2119 4000 vo-

535 4046 804 4190 bmﬁidtth.
866 4147 944 4189 ιι.
981 4131 1070 4186 12.
1099 4160 1171 4171 -
1201 4149 1220 4183 ι
1243 4131 1286 4186 Α
1330 4130 1527 4187 diebus
1566 4127 1796 4186 Joannis
1828 4075 2118 4202 ’Bapttsta

533 4243 761 4297 regnum
791 4227 1056 4282 calorum
1107 4225 1220 4280 vim
1260 4223 1498 4294 patitur.
1529 4231 1584 4278 et
1622 4221 1854 4277 violenti
1893 4225 2117 4292 rapiunt

532 4318 696 4373 illud.
735 4334 755 4367 ι

2286 1937 2574 2009 Γενηθήτω
2604 1939 2663 1994 ὲν
2709 1940 2834 2010 ἐμοὶ
2862 1941 2924 1994 τὸ
2953 1941 3165 2014 θέλημά
3200 1960 3318 2011 σου,
3347 1945 3431 1999 ἵνα
3460 1946 3637 2020 σϐεσθῇ
3665 1952 3732 2004 τοῦ

2215 2026 2464 2082 διαϐόλου
2480 2029 2539 2082 τὸ
2559 2029 2969 2101 θέλημα.”Ωσπε
2977 2050 3008 2104 ρ
3031 2036 3141 2106 γάρ
3162 2037 3221 2089 ἐν
3250 2038 3364 2101 τοῖς
3395 2036 3635 2108 ξοφὼδεσι
3655 2044 3734 2094 τῶν

2217 2120 2519 2191 σπηλαίων,
2547 2126 2723 2192 φωτὸς
2755 2127 3218 2196 εἰσκομισθέντος,
3252 2130 3281 2181 ό
3340 2129 3496 2200 ζόφος
3528 2131 3733 2202 ἐξαφανί·

2218 2211 2392 2276 ζεται,
2415 2211 2588 2278 οὕτως
2613 2214 2707 2268 τοῦ
2742 2216 2836 2270 σοῦ
2895 2217 3203 2289 θελήματος
3241 2221 3300 2275 ὲν
3334 2223 3452 2292 ἐμοὶ
3475 2225 3732 2294 γενομένου,

2219 2304 2368 2360 πᾶσα
2401 2306 2616 2376 πονηρὰ
2670 2307 2766 2361 καὶ
2795 2309 2996 2373 ἄτοπος
3025 2311 3123 2381 τῆς
3172 2313 3537 2384 προαιρέσεως
3567 2316 3732 2388 κίνησις

2217 2394 2297 2457 είς
2323 2393 2384 2446 τὸ
2415 2393 2491 2467 μὴ
2521 2395 2579 2448 ὂν
2610 2397 2980 2468 περιίσταται.

2299 2485 2493 2557 Ἡδονὴ
2528 2488 2591 2542 οὐ
2618 2490 2983 2561 παραδέχεται
3036 2492 3222 2557 πόνον,
3263 2494 3383 2548 οὐδὲ
3425 2495 3560 2566 λύπη
3582 2497 3728 2568 χαρὰν,

2217 2573 2338 2630 οὐδὲ
2393 2579 2665 2648 κατήφεια
2708 2580 3072 2652 εὐφροσύνην,
3133 2584 3259 2637 οὐδὲ
3312 2581 3378 2638 αὖ
3421 2585 3570 2640 πάλιν
3611 2586 3729 2648 πόνος

2217 2665 2559 2722 δυναστεύων
2589 2669 2780 2740 ἡδονὴν
2833 2672 3140 2742 προσίεται,
3176 2673 3300 2726 οὐδὲ
3349 2675 3606 2746 κρατοῦσα
3625 2675 3726 2744 λύπη

2217 2755 2330 2826 ἔχει
2351 2759 2524 2828 χαράν
2545 2758 3019 2832 παρεζευγμένην,
3051 2762 3173 2816 οὐδὲ
3207 2764 3476 2835 κατηφείᾳ
3515 2764 3725 2834 ὲγκέκριι·

2216 2867 2308 2903 ται
2328 2851 2661 2922 εὐφροσύνη.
2685 2851 3093 2918 ’Δνεπιπλόκως
3149 2854 3262 2928 γάρ
3291 2855 3403 2926 ἔχει
3434 2856 3556 2925 πρὸς
3576 2854 3725 2924 ἄλληλα

2216 2941 2286 2996 τά
2313 2942 2534 2996 ἐναντία
2563 2942 2734 3015 πάθη,
2765 2945 2859 2998 καὶ
2883 2945 2982 2998 οὐκ
3011 2945 3078 2999 ἂν
3120 2947 3202 3010 είς
3231 2947 3428 3002 ταυτὸν
3453 2946 3582 3000 ἔλθοι
3611 2947 3720 3000 ποτέ⁸

2216 3035 2339 3090 οὐδὲ
2396 3035 2693 3108 όμηρεύσει
2727 3035 2858 3089 ποτε
2911 3035 3050 3106 πρὸς
3107 3038 3328 3110 φιλικὴν
3361 3036 3726 3099 κοινωνίαν,διὲ

2220 3129 2319 3200 τὴν
2351 3129 2416 3182 ὲκ
2444 3128 2662 3198 φύσεως
2719 3127 2988 3184 ἄσπονδον
3043 3129 3246 3201 ἔχθραν
3279 3131 3373 3186 καὶ
3417 3129 3723 3202 ἀλλοτρίωσιν.

2305 3309 2610 3380 Ἀμήχανον
2674 3308 3040 3380 συνυπάρχειν
3087 3308 3189 3381 τὴν
3251 3308 3388 3381 πρὸς
3441 3308 3526 3362 τὸν
3576 3306 3724 3376 κόσμον

2220 3400 2443 3469 ἀγάπην
2463 3401 2528 3469 τῇ
2561 3397 2702 3468 πρὸς
2731 3399 2824 3451 τὸν
2847 3398 2981 3451 Θεὸν
3005 3397 3220 3469 ἀγάπῃ,
3261 3399 3337 3463 ὼς
3360 3400 3616 3471 ἀμήχανον
3637 3413 3723 3450 rw-

2219 3494 2486 3562 υπάρχειν
2513 3490 2764 3562 ἀλλήλοις
2798 3489 2909 3560 φῶς
2940 3489 3037 3543 καὶ
3065 3491 3259 3560 σκότος
3283 3498 3310 3528 x
3333 3531 3351 3549 ο

2749 3627 2800 3680 Σ
2805 3628 3156 3682 TOIXEION
3181 3630 3259 3682 Β.

2335 3739 2586 3794 ΤΙΤΛΟΣ
2620 3735 2700 3793 A'.
2724 3768 2795 3780 —
2823 3738 2964 3807 Περὶ
3000 3739 3334 3806 ,ϐασιλείας
3358 3739 3624 3810 οὐρανῶν.

2296 3874 2315 3908 t
2352 3855 2571 3925 Ζητεῖτε
2615 3855 2714 3925 τὴν
2781 3854 3058 3926 βασιλείαν
3107 3854 3201 3909 τοῦ
3247 3856 3404 3921 Θεοῦ,
3445 3857 3530 3909 καὶ
3554 3854 3635 3922 τὴν
3672 3852 3723 3904 δι·

2219 3948 2516 4020 καιοσύνην
2564 3947 2754 4013 αὐτοῦ,
2813 3949 2910 4003 καὶ
2935 3946 3109 4002 ταῦτα
3150 3949 3332 4006 πάντα
3368 3948 3722 4020 προστεθήσεται

2221 4041 2369 4112 ὑμῖν.
2413 4058 2433 4092 ι

2296 4150 2316 4184 ι
2356 4131 2490 4185 Ἀπὸ
2530 4130 2640 4184 τῶν
2697 4131 2924 4204 ἡμερῶν
2985 4131 3238 4186 Ἰωάννου
3295 4129 3388 4185 τοῦ
3419 4125 3722 4192 Βαπτιστοῦή

2221 4222 2468 4294 βασιλεία
2495 4223 2603 4277 τῶν
2623 4223 2870 4295 οὐρανῶν
2921 4222 3188 4294 βιάζεται,
3227 4224 3323 4279 καὶ
3362 4221 3565 4296 βιασταὶ
3593 4217 3721 4290 άρπά·

2220 4317 2404 4382 ζουσιν
2431 4317 2620 4388 αὐτήν.
2659 4335 2679 4369 ο

604 4407 802 4464 Matth.
833 4421 954 4470 xm.
986 4405 1078 4471 M,
1100 4403 1196 4458 45.
1229 4432 1302 4448 -—-
1335 4420 1355 4455 ι
1394 4400 1584 4457 Simile
1613 4409 1699 4458 est
1739 4415 1969 4472 regnum
1999 4416 2112 4458 cte-

2294 4427 2312 4461 t
2360 4408 2552 4479 Ὁμοία
2580 4407 2728 4463 ὲστὶν
2751 4409 2786 4478 ἡ
2823 4405 3071 4478 βασιλεία
3113 4405 3225 4460 τῶν
3258 4406 3490 4479 οὐρανῶν
3521 4396 3720 4472 θησαυρῷ

528 4501 707 4553 lorum
756 4497 1024 4560 thesauro
1081 4492 1408 4551 abscondito
1473 4493 1531 4548 in
1577 4507 1738 4562 agro,
1791 4507 1958 4561 quem
2012 4495 2108 4563 qui

528 4591 738 4645 invenit
766 4589 932 4644 homo
965 4585 1284 4649 abscondit,
1316 4593 1372 4641 et
1401 4599 1513 4655 pra:
1538 4582 1739 4656 gaudio
1761 4583 1908 4640 illius
1937 4584 2110 4651 vadit,

526 4693 579 4736 et
605 4681 792 4738 vendit
811 4679 1140 4749 omnia‘qua:
1161 4677 1345 4744 habet,
1369 4681 1425 4730 et
1453 4677 1586 4731 emit
1603 4675 2012 4745 agrumillum.)
2038 4703 2109 4715 —

530 4792 549 4824 ι
589 4774 779 4828 Simile
824 4779 909 4827 est
950 4785 1175 4842 regnum
1234 4768 1498 4824 calorum
1530 4765 1740 4822 homini
1781 4765 2108 4836 negotiatori

523 4863 793 4933 quaerenti
844 4863 1018 4918 bonas
1070 4859 1404 4931 margaritas
1441 4875 1456 4912 :
1492 4857 1718 4912 inventa
1761 4865 1948 4911 autem
1997 4870 2106 4910 una

527 4957 773 5024 pretiosa
822 4954 1145 5024 margarita,
1205 4943 1399 5008 abiens
1446 4948 1699 5006 vendidit
1753 4948 1941 5003 omnia
1980 4962 2102 5018 qua:

528 5048 741 5111 imbuit,
772 5051 828 5099 et
867 5045 1001 5100 emit
1046 5058 1191 5098 eam.
1229 5060 1249 5095 ι

593 5136 790 5191 Matth.
833 5151 929 5198 xx,
969 5137 1022 5189 t.
1057 5161 1128 5174 ——
1166 5149 1186 5184 ι
1216 5133 1408 5190 Simile
1443 5139 1529 5188 est
1579 5146 1807 5201 regnum
1835 5129 2106 5187 caelorum

527 5230 737 5286 homini
761 5226 1169 5298 patrifamilias,
1203 5226 1295 5296 qui
1329 5225 1464 5282 exiit
1495 5225 1673 5295 primo
1716 5238 1874 5280 mane
1898 5221 2105 5278 condu-

523 5338 646 5377 cere
678 5319 962 5390 Operarios
983 5335 1038 5374 tn
1080 5333 1315 5386 vineam,
1352 5336 1371 5370 ι
1403 5326 1512 5372 etc.

597 5411 793 5466 Matth.
841 5425 978 5474 uti,
1011 5409 1168 5466 1-10.
1200 5437 1271 5453 ιι-
1307 5428 1326 5462 ι
1365 5404 1731 5482 Bespondens
1775 5403 1936 5462 Iesus
1986 5419 2108 5458 rur-

2219 4500 2586 4571 κεκρυμμένῳ
2637 4499 2697 4554 ὲν
2758 4498 2836 4569 τῷ
2887 4497 3076 4570 ἀγρῷ,
3143 4497 3202 4552 ὃν
3253 4497 3425 4570 εὑρὼν
3496 4493 3719 4563 ἄνθρωπος

2216 4587 2442 4659 ἔκρυψε,
2471 4588 2566 4641 καὶ
2624 4586 2732 4641 ἀπὸ
2782 4587 2956 4658 χαρᾶς
3007 4586 3171 4640 αὐτοῦ
3202 4587 3419 4656 ὑπάγει,
3464 4582 3549 4638 καὶ
3587 4579 3717 4632 πάντα

2215 4679 2316 4734 ὅσα
2345 4679 2480 4748 ἔχει,
2513 4678 2703 4743 πωλεῖ,
2732 4677 2824 4732 καὶ
2874 4676 3138 4750 ἀγοράζει
3186 4677 3280 4732 τὸν
3312 4676 3473 4748 ἀγρὸν
3500 4673 3714 4726 ἐκεῖνον.»

2214 4801 2280 4812 --
2308 4789 2327 4820 ι
2382 4769 2573 4840 Ὁμοία
2605 4769 2806 4840 ὲστὶνή
2843 4767 3090 4838 βασιλεία
3107 4767 3216 4823 τῶν
3241 4766 3478 4840 οὐρανῶν
3506 4756 3717 4828 ἀνθρώπῳ

2215 4861 2442 4933 ἐμπόρῳ
2463 4859 2715 4932 ζητοῦντι
2747 4859 2947 4923 καλοὺς
2980 4859 3321 4931 μαργαρίτας
3343 4874 3359 4889 ο
3393 4857 3449 4921 ὃς
3479 4849 3628 4923 εὑρὼν
3650 4846 3717 4897 ἕνα

2213 4950 2508 5022 πολύτιμον
2538 4950 2906 5022 μαργαρίτην,
2923 4947 3173 5004 ἀπελθὼν
3197 4947 3442 5020 πέπρακε
3467 4943 3618 4998 πάντα
3638 4936 3659 4988 ὁ
3679 4948 3715 4984 ιι

2211 5036 2346 5112 εἶχε,
2385 5041 2478 5093 καὶ
2514 5040 2786 5111 ἠγόρασεν
2807 5039 2990 5092 αὐτόν.
3032 5057 3052 5092 ι

2289 5109 2308 5181 ξ
2355 5109 2549 5200 Ὁμοία
2587 5109 2734 5180 ἐστὶν
2760 5129 2793 5200 ἠ
2821 5126 3071 5198 βασιλεία
3099 5125 3208 5179 τῶν
3232 5123 3471 5196 οὐρανῶν
3501 5109 3716 5200 ἀνθρώπῳ

2209 5219 2584 5290 οἰκοδεσπότῃ,
2614 5218 2764 5282 ὅστις
2819 5218 3041 5290 ἐξῆλθεν
3080 5217 3198 5289 ἅμα
3223 5213 3366 5288 πρωῒ
3404 5199 3711 5284 μισθώσασθαι

2212 5310 2474 5383 ἐργάτας,
2508 5328 2527 5361 υ
2557 5309 2652 5362 καὶ
2670 5307 2742 5362 τὰ
2769 5309 2920 5379 ἑξῆς.

2290 5377 2310 5453 ὲ
2359 5398 2702 5471 Ἀποκριθεὶς
2751 5401 2782 5453 ὁ
2822 5377 3050 5470 Ἰησοῦς,
3102 5398 3262 5453 ’πάλιν
3315 5389 3459 5450 εἷπεν
3503 5377 3712 5444 αὐτοῖςὲν

1727 5517 1964 5574 VARUS
2001 5514 2411 5576 LECTIONES.

598 5623 624 5650 ι
657 5612 941 5682 Ejusmodi
961 5611 1260 5682 sententia;
1287 5610 1489 5682 quibus
1541 5625 1696 5682 amor
1736 5610 1926 5665 mundi
1957 5609 2237 5667 dilectioni
2280 5611 2375 5666 Dei
2416 5617 2471 5666 et
2497 5607 2752 5664 cbaritati
2795 5607 2994 5681 opponi
3045 5605 3321 5673 dicuntur,
3395 5589 3706 5657 Christianum

527 5679 797 5742 auctorem
827 5683 1006 5749 potius
1039 5697 1205 5751 quam
1234 5679 1480 5736 Judeum
1512 5679 1776 5751 produnt.
