3986 6380
280 314 410 387 i261

1507 312 1747 373 SACRA
1767 307 2235 373 PARALLELA.

3422 315 3557 382 1262

277 432 637 506 παραϐολαῖς,
666 430 843 501 λέγων
874 448 889 464 ο
927 428 1204 501 Ὡμοιώθη
1231 428 1264 497 ἡ
1294 426 1540 498 βασιλεία
1562 424 1673 478 τῶν
1697 421 1866 493 ούρα-

2003 438 2067 481 us
2110 425 2330 480 locutus
2393 431 2480 480 cst
2529 422 2608 482 eis
2642 426 2694 480 in
2722 424 3021 497 parabolis,
3079 425 3272 485 dicens
3313 446 3327 483 :
3366 426 3558 487 Simile

281 527 386 583 νῶν
417 523 690 597 ἀνθρώπῳ
709 522 942 594 βασιλεῖ,
978 522 1126 585 ὅστις
1154 518 1375 590 ἐποίησε
1404 518 1613 587 γάμους
1640 513 1721 584 τῷ
1761 509 1864 580 υίῷ

284 616 473 675 αὐτοῦ.
517 616 630 670 Καὶ
668 613 959 669 ἀπέστειλε
1015 613 1141 677 τοὺς
1185 610 1406 674 δούλους
1436 606 1605 663 αὑτοῦ
1635 605 1863 659 καλέσαι

283 711 409 772 τοὺς
430 706 804 779 κεκλημένους
852 706 932 770 είς
981 705 1112 768 τοὺς
1161 702 1397 774 γάμους,
1426 703 1522 755 καὶ
1544 699 1645 753 οὐκ
1669 697 1864 770 ἤθελον

281 800 455 855 ἐλθεῖν
484 815 500 831 θ
560 798 722 853 πάλιν
780 795 1101 851 ἀπέστειλεν
1142 795 1336 859 ἄλλους
1370 792 1612 857 δούλους,
1646 788 1822 858 λέγων
1846 804 1859 820 ο

282 894 490 949 Εἴπατε
517 892 632 955 τοῖς
653 889 1039 962 κεκλημένοις,
1077 887 1211 942 Ἰδοὺ
1230 887 1293 941 τὸ
1324 884 1549 957 ἄριστόν
1576 900 1677 954 μου
1717 880 1864 953 ἡτοί-

284 1000 455 1056 μασα,
477 984 527 1037 οἱ
553 981 748 1054 ταῦροι
785 980 968 1035 καὶτὰ
990 977 1201 1033 σιτιστὰ
1230 975 1528 1047 τεθυμένα,
1556 973 1653 1026 καὶ
1686 972 1865 1024 πάντα

280 1078 501 1148 ἕτοιμαο
533 1064 689 1130 δεῦτε
748 1075 829 1138 εἰς
856 1075 983 1138 τοὺς
1023 1072 1256 1142 γάμους.
1291 1071 1356 1124 Oi
1400 1067 1458 1121 δὲ
1489 1066 1866 1138 ἀμελήσαντες

280 1169 544 1239 ἀπῆλθον,
571 1171 600 1222 6
636 1168 734 1239 μὲν
759 1168 840 1231 είς
867 1165 927 1219 τὸ
960 1166 1090 1219 τδιον
1136 1164 1320 1236 ἔργον,
1363 1164 1392 1215 6
1429 1161 1486 1214 δὲ
1518 1161 1601 1223 εἰς
1628 1159 1728 1228 τὴν
1762 1157 1866 1226 ὲμ-

283 1261 482 1333 πορίαν
525 1258 695 1314 αὑτοῦ
719 1275 733 1289 ·
776 1259 826 1312 oi
871 1256 928 1311 δὲ
968 1255 1148 1310 λοιποὶ
1173 1253 1551 1326 κρατήσαντες
1589 1248 1718 1310 τοὺς
1745 1244 1868 1299 δού-

281 1355 408 1417 λους
436 1349 625 1419 αὐτοῦ,
652 1349 888 1423 ὕϐρισαν
939 1348 1034 1402 καὶ
1074 1346 1427 1401 ἀπέκτειναν.
1485 1342 1596 1396 Καὶ
1625 1339 1868 1401 ἀκούσας

281 1447 311 1500 ό
341 1442 596 1515 βασιλεὺς
624 1443 853 1505 ἐκεῖνος,
903 1437 1176 1511 ὠργίσθη,
1210 1437 1306 1490 καὶ
1342 1433 1569 1504 πέμψας
1601 1431 1670 1484 τὰ
1700 1446 1868 1501 npu-

282 1536 533 1608 τεύματα
579 1532 770 1597 αὐτοῦ,
802 1531 1057 1586 ἀπώλεσε
1111 1529 1239 1592 τοὺς
1270 1529 1452 1597 φονεῖς
1482 1523 1744 1588 ἐκείνους,
1776 1521 1869 1574 καὶ

284 1627 384 1699 τὴν
412 1624 566 1680 πόλιν
610 1623 790 1677 αὐτῶν
824 1623 1146 1692 ἐνέπρησεν.
1177 1617 1314 1672 Τότε
1347 1615 1497 1684 λέγει
1529 1615 1641 1677 τοῖς
1662 1609 1870 1675 δούλοις

1970 525 2055 573 est
2082 529 2312 587 regnum
2330 514 2597 572 calorum
2628 517 2839 573 homini
2872 517 3009 589 regi,
3029 519 3125 590 qui
3185 518 3311 575 fecit
3334 521 3557 590 nuptias

1973 605 2087 662 lilio
2121 619 2243 663 suo.
2280 605 2350 661 Et
2382 606 2539 664 misit
2570 623 2763 664 servos
2808 624 2941 665 suos
2971 624 3172 667 vocare
3199 610 3467 667 invitatos
3488 612 3556 668 ad

1973 696 2226 768 nuptias;
2249 704 2306 753 et
2326 697 2588 753 nolebant
2628 699 2841 755 venire.
2873 699 3073 756 lterum
3106 701 3252 757 misit
3275 702 3417 759 alios
3441 712 3562 758 ser-

1973 802 2071 846 vos
2125 788 2316 847 dicens
2365 809 2378 846 :
2430 788 2605 847 Dicite
2662 792 2914 847 invitatis
2970 811 2984 847 :
3049 790 3196 850 Ecce
3260 796 3556 867 prandium

1974 896 2154 937 meum
2187 881 2398 952 paravi,
2427 884 2571 938 tauri
2637 886 2830 951 meiet
2865 885 3049 941 altilia
3103 888 3285 944 occisa
3317 899 3469 953 sunt,
3505 898 3563 946 et

1973 972 2159 1030 omnia
2189 982 2383 1045 parata
2416 994 2431 1031 :
2471 976 2655 1033 venite
2696 976 2764 1032 ad
2784 978 3032 1048 nuptias.
3059 976 3141 1034 Illi
3170 988 3357 1037 autem
3384 983 3564 1053 negle-

1975 1078 2196 1135 xerunt,
2227 1074 2285 1124 et
2311 1068 2593 1139 abierunt,
2626 1066 2767 1128 alius
2792 1070 2848 1126 in
2883 1070 3072 1127 villam
3119 1086 3301 1141 suam,
3337 1082 3391 1132 et
3421 1076 3565 1132 alius

1976 1159 2043 1215 ad
2071 1161 2498 1233 negotiationem
2553 1178 2733 1220 suam.
2807 1161 3023 1237 Reliqui
3075 1181 3205 1223 vero
3262 1173 3566 1226 tenuerunt

1976 1261 2257 1318 servos,et
2285 1256 2634 1313 contumeliis
2683 1250 2910 1316 allectos
2941 1261 3294 1317 occiderunt.
3325 1262 3439 1318 Rex
3466 1279 3565 1319 au«

1976 1352 2085 1402 tem
2116 1362 2243 1403 cum
2262 1346 2528 1415 audisset,
2557 1349 2734 1408 iratus
2772 1361 2878 1414 est,
2920 1362 2975 1408 et
3018 1352 3206 1411 missis
3228 1353 3567 1412 exercitibus

1978 1439 2115 1503 suis,
2151 1439 2387 1507 perdidit
2419 1440 2907 1509 homicidasilllos,
2940 1453 2994 1500 et
3026 1445 3310 1502 civitatem
3344 1448 3564 1504 illorum

1978 1532 2285 1588 succendit.
2322 1531 2480 1590 Tune
2526 1534 2604 1590 ait
2649 1537 2831 1592 servis
2877 1536 3277 1609 suiszNuptiae
3342 1541 3565 1611 quidem

1978 1630 2188 1695 paratae
2212 1634 2366 1694 sunt,
2396 1626 2494 1683 sed
2524 1627 2619 1698 qui
2653 1629 2873 1686 invitati
2926 1638 3108 1697 erant,
3166 1645 3276 1687 non
3345 1630 3570 1688 fuerunt

286 1718 473 1775 αὐτοῦ·
516 1718 575 1771 Ὀ
602 1719 703 1788 μὲν
733 1716 912 1787 γάμος
944 1713 1186 1785 ἕτοιμος,
1241 1711 1293 1764 οἱ
1318 1710 1376 1764 δὲ
1416 1707 1749 1778 κεκλημένοι
1770 1705 1872 1758 ούκ

2003 1713 2154 1784 ligni.
2190 1714 2267 1772 ite
2298 1730 2431 1788 ergo
2463 1718 2530 1773 ad
2572 1720 2759 1775 exitus
2818 1720 3060 1789 viarum,
3093 1730 3150 1779 et.
3201 1738 3569 1795 quoscunque

284 1807 428 1882 ἦσαν
452 1810 613 1877 ἄξιοι.
687 1807 995 1881 Πορεύεσθε
1041 1801 1135 1860 οῦν
1179 1805 1273 1858 ἐπὶ
1325 1802 1426 1865 τὰς
1459 1800 1730 1866 διεξόδους
1767 1798 1877 1852 τῶν

2005 1805 2324 1875 nveneritis,
2361 1816 2556 1866 vocate
2577 1810 2643 1867 ad
2691 1813 2938 1883 nuptias.
2979 1812 3048 1869 Et
3082 1817 3328 1886 egressis
3383 1817 3571 1875 servis

285 1904 449 1970 ὁδῶν,
475 1903 571 1958 καὶ
598 1902 760 1966 ὅσους
789 1899 857 1954 ἂν
917 1898 1144 1970 εὕρητε,
1198 1894 1466 1950 καλέσατε
1509 1894 1588 1955 είς
1621 1892 1749 1954 τοὺς
1776 1890 1879 1959 γά-

287 2013 451 2067 μους.
470 1995 588 2049 Καὶ
606 1992 913 2059 ἐξελθόντες
937 1994 987 2044 οἱ
1014 1990 1195 2044 δοῦλοι
1232 1990 1435 2043 ἐκεῖνοι
1467 1986 1549 2048 εἰς
1573 1983 1671 2049 τὰς
1701 1982 1876 2047 ὀδοὺς,

283 2092 601 2158 συνήγαγον
630 2086 840 2149 πάντας
868 2074 1222 2153 ὄσουςεῦρον,
1253 2076 1527 2150 πονηρούς
1540 2093 1601 2130 τε
1618 2076 1715 2131 καὶ
1743 2076 1881 2143 ἁγαο

282 2180 418 2245 θούς
440 2196 454 2211 ·
484 2180 583 2232 καὶ⁵
609 2177 916 2250 ἐνεπλήσθη
962 2178 992 2229 ὀ
1037 2175 1219 2247 γάμος
1252 2173 1667 2244 ἀνακειμένων·
1710 2189 1731 2222 ι
1784 2169 1882 2223 καὶ

283 2272 355 2327 τά
378 2270 551 2325 λοιπὰ
579 2269 673 2324 τοῦ
692 2269 914 2341 χωρίου.

361 2385 384 2418 ι
414 2364 548 2418 Τότε
589 2360 851 2434 ὡμοιώθη
902 2362 936 2433 ἡ
998 2358 1254 2431 βασιλεία
1306 2356 1416 2413 τῶν
1467 2356 1716 2430 οὐρανῶν
1749 2356 1882 2413 δέκα

288 2454 606 2529 παρθένοις,
659 2454 867 2519 αἵτινες
919 2451 1187 2507 λαϐοῦσαι
1231 2449 1330 2515 τὰς
1356 2447 1646 2521 λαμπάδας
1680 2446 1880 2515 αὐτῶν,

289 2547 520 2620 ἐξῆλθον
565 2546 645 2608 είς
664 2545 969 2615 ἀπάντησιν
999 2542 1093 2597 τοῦ
1134 2541 1392 2614 νυμφίου,
1434 2561 1454 2595 ι
1479 2540 1663 2595 καὶτὰ
1686 2539 1873 2596 λοιπά.

371 2658 391 2692 ι
442 2640 669 2708 Ἔλεγεν
701 2641 729 2693 6
751 2637 955 2710 Κύριος
980 2653 994 2668 ·
1041 2635 1230 2699 Οὕτως
1268 2636 1419 2690 ἐστὶν
1449 2637 1484 2707 ἡ
1517 2632 1763 2706 βασιλεία
1788 2632 1883 2687 τοῦ

294 2733 456 2801 Θεοῦ,
480 2734 554 2797 ὡς
582 2733 679 2789 ἐὰν
733 2731 1021 2803 ἄνθρωπος
1050 2729 1194 2802 βάλῃ
1246 2728 1338 2783 τὸν
1401 2728 1602 2799 σπόρον
1646 2728 1755 2785 ἐπὶ,
1784 2726 1885 2797 τῆς

295 2826 420 2896 γῆς,
459 2826 556 2880 καὶ
602 2824 862 2896 καθεύδῃ,
918 2823 1015 2879 καὶ
1065 2822 1348 2893 ἐγείρηται
1400 2820 1574 2875 νύκτα
1624 2821 1719 2875 xui.
1751 2819 1888 2891 ἠμέ-

299 2933 419 2991 ραν,
442 2917 539 2971 καλ⁵
566 2917 593 2971 ό
624 2915 825 2989 σπόρος
857 2914 1134 2986 βλαστάνῃ
1160 2954 1174 2979 ,
1213 2914 1307 2967 καὶ
1343 2911 1657 2984 μηκύνηται
1680 2911 1756 2974 ὡς
1785 2911 1888 2964 ούκ

294 3005 436 3062 οἶδεν
463 3007 645 3070 αὑτός.
668 3006 964 3078 Αύτομάτη
1015 3006 1126 3076 γὰρ
1158 3004 1192 3076 ἠ
1223 3004 1295 3074 γῆ
1328 3003 1695 3072 καρποφορεῖ,
1727 3000 1884 3070 πρῶ-

294 3116 387 3153 τον
412 3098 629 3170 χόρτον,
657 3094 777 3153 εἶτα
835 3096 1097 3168 άσταχυν,
1147 3093 1269 3150 εἶτα
1324 3095 1511 3166 πλήρη
1552 3095 1701 3147 σῖτον
1724 3094 1782 3146 ὲν
1806 3091 1885 3163 τῷ
1910 3136 1957 3197 C

298 3192 515 3263 στάχυϊ.
544 3190 714 3244 Ὅταν
735 3189 793 3243 δὲ
827 3188 1059 3261 παραδῴ
1077 3191 1104 3242 6
1125 3186 1360 3259 καρπὸς,
1395 3185 1598 3250 εὐθέως
1621 3185 1883 3240 ἀποστέλ-

295 3283 755 3356 λειτὸδρέπανον,
777 3280 1227 3354 ὅτιπαρέστηκεν
1267 3282 1297 3334 6
1330 3278 1613 3351 θερισμός.
1654 3276 1849 3346 Ἔλεγε
1869 3294 1882 3306 ·

297 3376 414 3431 Τίνι
456 3374 714 3448 ὁμοιώσω
769 3374 868 3444 τὴν
913 3371 1194 3443 βασιλείαν
1254 3370 1350 3424 τοῦ
1378 3369 1550 3437 Θεοῦ;
1588 3366 1622 3441 ἢ
1665 3370 1724 3421 ὲν
1755 3368 1886 3438 ποίᾳ

296 3473 587 3545 παραϐολῇ
659 3470 1086 3542 παραϐάλλομεν
1151 3468 1362 3539 αὐτήν;
1418 3465 1507 3530 Ὦς
1571 3463 1757 3535 κόκκῳ
1807 3480 1889 3518 σι·

296 3565 611 3629 νάπεως,ὃς
645 3564 777 3620 ὅταν
809 3565 992 3636 σπαρῇ
1025 3561 1120 3615 ἐπὶ
1134 3561 1233 3631 τῆς
1255 3561 1378 3632 γῆς,
1398 3558 1723 3631 μικρότερον
1757 3556 1893 3612 πάν-

295 3676 404 3713 των
431 3656 548 3712 τῶν
572 3656 904 3728 σπερμάτων
923 3656 1030 3710 τῶν
1064 3654 1159 3708 ὲπὶ
1183 3655 1285 3726 τῆς
1315 3653 1420 3723 γῆς
1465 3653 1606 3717 εστι,
1645 3650 1741 3706 καὶ
1762 3651 1891 3705 ὃταν

298 3751 515 3822 σπαρῇ,
541 3748 824 3804 ἀναϐαίνει
877 3748 1097 3801 πάντων
1117 3744 1227 3799 τῶν
1261 3744 1516 3815 λαχάνιον
1548 3741 1772 3814 μείζων,
1798 3742 1894 3796 καὶ

296 3846 442 3898 ποιεῖ
497 3842 728 3905 κλάδους
778 3840 1076 3913 μεγάλους,
1125 3837 1270 3892 ὥστε
1324 3835 1592 3891 δύνασθαι
1637 3835 1744 3889 ὑπὸ
1791 3834 1892 3907 τὴν

298 3937 464 3992 σκιὰν
490 3932 657 3990 αὐτοῦ
683 3933 753 3988 τὰ
783 3931 1010 3987 πετεινὰ
1035 3929 1130 3984 τοῦ
1160 3926 1394 3999 ούρανοῦ
1418 3924 1821 3997 κατασκηνοῦν.
1867 3943 1885 3976 ι

369 4045 390 4080 ι
419 4024 529 4080 Διὰ
556 4022 766 4078 πολλῶν
798 4020 1031 4093 θλίψεων
1059 4019 1141 4074 δεῖ
1190 4019 1341 4090 ἡμᾶς
1365 4016 1632 4071 εἰσελθεῖν
1679 4016 1760 4080 είς
1785 4015 1887 4087 τὴν

297 4116 587 4189 βασιλείαν
616 4114 710 4168 τοῦ
743 4113 903 4167 Θεοῦ.
954 4131 974 4166 ι

369 4228 389 4263 t
426 4209 554 4264 οὐκ
595 4207 743 4261 ἔστιν
792 4206 828 4276 ἡ
887 4203 1136 4274 βασιλεία
1202 4200 1298 4254 τοῦ
1342 4198 1481 4253 Θεοῦ
1531 4197 1741 4270 βρῶσις
1793 4197 1894 4251 καὶ

296 4302 449 4367 πόσις
494 4340 510 4367 ,
562 4298 699 4353 ἀλλὰ
742 4295 1059 4365 δικαιοσύνη
1113 4291 1208 4347 καὶ
1272 4289 1423 4363 χαρὰ
1487 4290 1547 4344 ὲν
1608 4285 1894 4357 Πνεύματι

292 4393 452 4464 ἁγίῳ.
505 4411 524 4444 ι
1174 4400 1178 4404 “

370 4506 390 4540 ι
423 4484 551 4540 Οὐκ
570 4483 630 4536 ὲν
649 4481 795 4552 λόγῳ
818 4480 852 4551 ἡ
879 4476 1129 4551 βασιλεία
1157 4477 1253 4530 τοῦ
1287 4471 1448 4540 Θεοῦ,
1478 4469 1594 4527 ἀλλ’
1623 4470 1682 4526 ἒν
1731 4467 1892 4523 δυνά-
1931 4499 1976 4556 D

301 4596 502 4728 μεὶλίᾶ
525 4670 629 4725 οὐκ
652 4668 853 4733 οἴδατε,
873 4666 956 4721 ὅτι
984 4664 1161 4721 ἄδικοι
1190 4658 1471 4733 βασιλείαν
1500 4656 1638 4714 Θεοῦ
1672 4656 1735 4711 ού
1764 4656 1898 4727 κλη-

308 4767 712 4840 ρονομήσουσι;
738 4761 832 4833 Μὴ
855 4756 1131 4813 πλανᾶσθε
1152 4772 1167 4788 ο
1195 4754 1322 4810 οὔτε
1345 4754 1559 4825 πόρνοι,
1590 4748 1717 4806 οὔτε
1743 4749 1899 4804 εἰδω-

306 4859 590 4930 λολάτραι,
617 4853 742 4909 οὔτε
801 4852 1007 4924 μοιχοὶ,
1063 4847 1189 4903 οὔτε
1230 4845 1492 4919 μαλακοὶ,
1523 4842 1648 4898 οὔτε
1674 4842 1901 4915 ἀρσενο·

309 4955 508 5016 κοῖται,
541 4948 668 5003 οὔτε
686 4946 938 5017 λοίδοροι,
965 4944 1029 4998 ού
1056 4941 1304 5014 μέθυσοι,
1335 4939 1436 5009 οὐχ
1481 4937 1758 5009 ἅρπαγες,
1800 4933 1900 5008 βα-

312 5042 522 5101 σιλείαν
551 5039 690 5096 Θεοῦ
706 5037 1204 5112 κληρονομήσουσι.
1238 5054 1258 5087 ι

402 5223 797 5295 Τελειούμενος
847 5217 1154 5291 ἄνθρωπος,
1196 5217 1280 5281 είς
1341 5215 1443 5286 τὴν
1489 5214 1600 5269 τῶν
1645 5209 1901 5282 ἀγγέλων

313 5318 473 5387 ἀξίαν
511 5316 797 5386 ἀνάγεται.

383 5406 491 5466 Τόν
520 5408 732 5465 ἐκεῖθεν
756 5405 866 5460 τῶν
901 5402 1274 5475 ἑορταζόντων
1310 5395 1469 5472 ἦχον,
1503 5400 1634 5454 ἔνθα
1663 5398 1901 5471 εὐφραι-

315 5502 560 5573 νομένων
591 5501 813 5556 πάντων
853 5499 888 5570 ή
939 5494 1217 5559 κατοικία,
1266 5493 1368 5547 οὐκ
1397 5491 1530 5546 ἄλλο
1562 5510 1638 5556 τι,
1678 5490 1713 5563 ἢ
1744 5490 1903 5545 τοῦτο

317 5590 458 5648 εἶναι
485 5593 713 5665 νομίζω,
741 5589 875 5645 Θεὸν
907 5585 1251 5660 ὑμνούμενόν
1284 5601 1346 5637 τε
1394 5582 1494 5636 καὶ
1543 5579 1903 5654 δοξαζόμενον

316 5687 432 5749 τοῖς
468 5684 570 5755 τ’ἧς
601 5685 781 5739 ἐκεῖσε
811 5678 1085 5743 πολιτείας
1119 5676 1467 5749 ἠξιωμένοις.

1980 1896 2101 1966 ejus
2135 1896 2187 1951 in
2220 1898 2359 1964 vias,
2381 1913 2857 1974 congregaverant
2895 1918 3091 1962 omnes
3149 1920 3288 1976 quos
3350 1906 3572 1964 invene-

1980 1997 2113 2044 runt
2137 1991 2314 2047 malos
2336 2000 2391 2049 et
2418 1994 2618 2061 bonos,
2655 2005 2713 2052 et
2736 1995 2993 2067 impleta.»
3029 2010 3157 2055 sunt
3208 2001 3417 2070 nuptias
3464 2000 3573 2058 dis-

1982 2082 2368 2139 cumbentium
2404 2105 2417 2141 :
2455 2105 2474 2136 ι
2503 2095 2559 2142 et
2584 2088 2798 2157 reliqua
2822 2088 2991 2158 hujus
3030 2091 3157 2145 loci.

2058 2349 2256 2407 Matth.
2283 2369 2407 2418 xxv,
2440 2352 2489 2408 l.
2521 2383 2589 2397 --
2613 2371 2632 2406 ι
2679 2351 2838 2409 Tunc
2887 2352 3071 2409 simile
3105 2353 3312 2407 factum
3359 2362 3442 2409 est
3482 2368 3576 2409 re-

1986 2460 2153 2516 gnum
2184 2446 2453 2503 caelorum
2479 2447 2672 2503 decem
2705 2447 3035 2520 virginibus,
3064 2461 3186 2518 qum
3236 2446 3578 2517 accipientes

1990 2536 2271 2607 lampades
2292 2551 2441 2599 suas,
2466 2534 2722 2592 exierunt
2750 2532 2967 2591 obviam
3001 2549 3236 2606 sponso,
3278 2552 3296 2585 ι
3322 2547 3431 2590 etc.

2066 2626 2238 2685 Marc.
2286 2644 2360 2693 Iv,
2394 2623 2504 2683 26-
2549 2625 2638 2682 52.
2666 2656 2738 2666 —
2778 2644 2799 2678 ι
2833 2626 3063 2682 Dicebat
3122 2625 3393 2682 Dominus
3444 2621 3582 2680 :Sic

1990 2729 2321 2792 cstregnum
2351 2720 2642 2784 ccelorum,
2672 2714 3134 2790 Quemadmodum
3156 2717 3202 2774 si
3228 2714 3583 2789 homojaciat

1990 2819 2299 2869 sementem
2335 2811 2388 2867 in
2445 2820 2673 2878 terram,
2701 2817 2760 2868 et
2811 2806 3071 2876 dormiat,
3105 2814 3160 2864 et
3189 2816 3450 2880 exsurgat
3484 2821 3583 2861 no-

1989 2917 2080 2962 cte
2108 2912 2162 2961 et
2193 2905 2314 2972 die',
2346 2914 2403 2960 et
2454 2919 2647 2962 semen
2693 2901 2991 2976 germinet,
3033 2911 3089 2958 et
3132 2900 3407 2958 increscat
3453 2901 3581 2955 dum

1991 2999 2175 3056 nescit
2213 2998 2322 3054 ille.
2352 2997 2516 3054 Ultro
2544 2995 2691 3053 enim
2756 3004 2907 3052 terra
2974 2994 3295 3058 frueriilcat,
3337 2992 3581 3065 primum

1990 3092 2243 3158 herbam,
2275 3089 2476 3147 deinde
2498 3087 2963 3161 spicam,.deinde
2991 3083 3155 3157 333
3206 3084 3430 3156 plenum
3460 3081 3585 3139 fru-

1993 3194 2240 3243 mentum
2265 3184 2321 3239 in
2341 3185 2516 3254 spica.
2542 3181 2607 3238 Et
2649 3198 2773 3239 cum
2790 3197 2855 3237 ex
2875 3195 2937 3237 se
2970 3176 3294 3252 produxerit
3317 3174 3580 3239 fructum,

1995 3279 2181 3361 statim
2223 3277 2390 3332 mittit
2420 3275 2637 3342 falcem,
2665 3274 2923 3346 quoniam
2989 3273 3145 3329 adest
3200 3269 3418 3327 messis.
3474 3268 3574 3325 Cui

1996 3360 2316 3429 aSsimilabo
2347 3383 2579 3440 regnum
2607 3365 2833 3422 Dei?-et
2855 3364 2914 3420 in
2938 3378 3045 3433 qua
3103 3360 3369 3433 parabola
3432 3375 3581 3416 com-

1996 3479 2256 3537 paramus
2285 3462 2463 3518 illud?
2512 3460 2668 3516 Sicut
2727 3471 2902 3528 grano
2963 3454 3197 3526 sinapis,
3250 3452 3401 3524 quod
3458 3468 3583 3508 cum

1998 3555 2330 3613 seminatum
2364 3551 2530 3609 fuerit
2569 3550 2624 3606 in
2654 3558 2822 3615 terra,
2857 3546 3040 3603 minus
3074 3554 3159 3602 est
3208 3542 3467 3600 omnibus
3498 3559 3585 3599 se-

1998 3647 2264 3708 minibus,
2332 3661 2458 3718 quae
2508 3651 2639 3702 sunt
2673 3627 3032 3705 in.'terra;et
3055 3652 3181 3693 cum
3253 3635 3582 3692 seminatum

2000 3738 2187 3805 fuerit,
2223 3735 2764 3795 ascenditomnibus
2815 3730 3062 3787 oleribus
3131 3727 3334 3799 majus,
3362 3723 3582 3782 etfacit

1998 3846 2184 3889 ramos
2216 3844 2476 3903 magnos,
2506 3834 2567 3883 ut
2595 3823 2812 3896 possint
2841 3822 2947 3879 sub
3004 3819 3197 3875 umbra
3237 3818 3361 3890 ejus
3418 3817 3581 3873 volu-

2000 3939 2125 3980 cres
2162 3921 2286 3979 οωιί
2313 3918 2589 3976 habitare.
2617 3935 2635 3968 ι

2071 4016 2193 4070 Act.
2228 4030 2340 4079 xrv,
2368 4011 2461 4066 2L
2486 4042 2557 4053 -
2588 4030 2606 4061 ι
2640 4009 2746 4065 Per
2769 4007 2975 4062 multas
3007 4001 3397 4060 tribulationes
3421 4016 3589 4072 opor-

2003 4117 2077 4166 tet
2107 4123 2210 4164 nos
2241 4108 2452 4163 intrare
2483 4104 2539 4159 in
2577 4116 2805 4174 regnum
2839 4096 2955 4155 Dei.
2992 4118 3013 4150 ι

2078 4198 2234 4256 Rom.
2271 4213 2382 4261 xw,
2417 4196 2506 4251 l7.
2541 4224 2609 4236 --
2643 4213 2661 4246 ι
2698 4189 2818 4247 Non
2849 4201 2933 4249 est
2966 4204 3195 4260 regnum
3240 4186 3335 4245 Del
3377 4203 3503 4244 esca
3531 4196 3587 4243 et

2002 4297 2188 4362 potus,
2225 4288 2323 4344 sed
2358 4284 2577 4358 iustitia
2603 4292 2660 4339 et
2698 4280 2960 4355 gaudium
2994 4281 3048 4335 in
3074 4278 3283 4351 Spiritu
3314 4284 3526 4336 sancto.
3563 4298 3582 4330 ι

2078 4458 2104 4513 1
2135 4459 2259 4515 Cor.
2289 4473 2363 4525 iv,
2390 4454 2480 4510 20.
2513 4482 2582 4493 —-
2608 4472 2626 4505 ι
2669 4449 2788 4507 Νοη
2834 4446 2891 4504 in
2932 4460 3190 4504 sentisne
3234 4450 3324 4502 est
3356 4456 3589 4515 regnum

2005 4552 2127 4621 Dei,
2159 4551 2253 4608 sed
2290 4549 2346 4605 in
2379 4550 2604 4603 virtute.
2643 4564 2661 4597 ι
2700 4526 2714 4547 ’

2077 4645 2107 4702 1
2133 4643 2262 4703 Cor.
2299 4657 2376 4710 vr,
2406 4641 2462 4705 9.
2490 4639 2669 4696 l0.--
2700 4657 2719 4689 r
2743 4637 2828 4692 An
2858 4632 3116 4701 nescitis,
3142 4630 3270 4703 quia
3304 4629 3478 4701 iniqui
3499 4643 3591 4683 re-

2000 4756 2169 4815 gnum
2203 4738 2300 4795 Dei
2326 4752 2436 4793 non
2470 4729 2876 4807 possidebunt?
2907 4726 3092 4783 Nolite
3119 4739 3309 4782 errare
3345 4738 3388 4815 :_
3409 4736 3589 4815 neque

2002 4812 2313 4898 l‘ornicarii,
2348 4841 2529 4901 neque
2556 4824 2721 4881 idolis
2753 4816 3087 4882 servientes,
3113 4829 3296 4887 neque
3322 4812 3584 4875 adulteri,

2002 4940 2186 4999 neque
2239 4923 2460 4989 molles,
2495 4933 2677 4991 neque
2723 4913 3102 4972 masculorum
3165 4907 3587 4969 concubitores,

2002 5035 2184 5091 neque
2215 5016 2495 5083 maledici,
2530 5026 2710 5085 neque
2736 5006 2967 5072 ebriosi,
3014 5019 3195 5076 neque
3232 5014 3463 5073 rapaces
3502 5012 3592 5055 re-

2002 5129 2173 5188 gnum
2213 5108 2307 5168 Del
2342 5107 2720 5182 possidebunt.
2762 5120 2782 5156 ι

2079 5205 2301 5260 Basilii.
2328 5233 2400 5246 --
2430 5199 2609 5256 nomo
2636 5212 2764 5255 cum
2796 5198 3242 5255 consummatur,
3272 5186 3341 5242 ad
3366 5183 3593 5246 angelo.

2007 5312 2131 5353 rum
2171 5296 2505 5368 dignitatem
2551 5289 2830 5348 evehitur.

2079 5386 2140 5445 S.
2171 5388 2329 5460 Greg.
2364 5385 2505 5441 Nae.
2550 5392 2690 5439 orat.
2741 5383 2798 5438 in
2843 5378 2946 5436 SS.
3002 5376 3214 5432 Lumin.
3258 5400 3329 5414 —-—
3381 5371 3590 5460 Senum

2007 5482 2161 5558 illum
2189 5458 2557 5550 epulantium,
2583 5477 2674 5531 ubi
2697 5472 3003 5531 laetantium
3029 5466 3301 5524 habitatio
3324 5471 3428 5524 est,
3453 5458 3590 5516 nihil

2008 5551 2162 5630 aliud
2195 5587 2317 5629 esse
2354 5572 2623 5627 existimo
2648 5609 2664 5636 ,
2724 5567 2831 5622 nisi
2867 5564 2962 5621 Dei
2990 5559 3361 5617 laudationem
3397 5551 3594 5625 praedi-

2007 5667 2415 5735 cationemque,
2439 5677 2562 5733 quae
2584 5660 2738 5715 abiis
2759 5658 3093 5737 celebratur,
3119 5651 3211 5722 qui
3242 5648 3409 5706 vitam
3446 5643 3591 5697 illam
3670 5648 3675 5655 '

2008 5773 2171 5831 agere
2207 5758 2359 5830 digni
2384 5754 2557 5813 habiti
2597 5760 2747 5809 sunt.
