  <div class='ocr_page' id='page_1' title='image "/cluster/home/n/w/nwhite01/storage/ocr_20150623/95:no.2/coo.31924054869999/637.png"; bbox 0 0 3986 6382; ppageno 0'>
   <div class='ocr_carea' id='block_1_1' title="bbox 491 238 2065 351">
    <p class='ocr_par' dir='ltr' id='par_1_1' title="bbox 491 238 2065 343">
     <span class='ocr_line' id='line_1_1' title="bbox 491 238 2065 343; baseline -0.004 -4"><span class='ocrx_word' id='word_1_1' title='bbox 491 279 630 343; x_wconf 71' lang='lat'><strong>1.263</strong></span> <span class='ocrx_word' id='word_1_2' title='bbox 1681 276 1743 337; x_wconf 92' lang='lat' dir='ltr'><strong>s.</strong></span> <span class='ocrx_word' id='word_1_3' title='bbox 1777 238 2065 335; x_wconf 74' lang='lat' dir='ltr'><strong>.IOANNI:</strong></span> 
     </span>
    </p>
   </div>
   <div class='ocr_carea' id='block_1_2' title="bbox 2141 238 3715 351">
    <p class='ocr_par' dir='ltr' id='par_1_2' title="bbox 2141 274 3715 351">
     <span class='ocr_line' id='line_1_2' title="bbox 2141 274 3715 351; baseline -0.005 -17"><span class='ocrx_word' id='word_1_4' title='bbox 2141 274 2566 334; x_wconf 79' lang='lat' dir='ltr'><strong>DAMASCENI</strong></span> <span class='ocrx_word' id='word_1_5' title='bbox 3610 283 3715 351; x_wconf 65' lang='grc' dir='ltr'><strong>ιεα</strong></span> 
     </span>
    </p>
   </div>
   <div class='ocr_carea' id='block_1_3' title="bbox 559 386 2133 474">
    <p class='ocr_par' dir='ltr' id='par_1_3' title="bbox 559 386 2133 467">
     <span class='ocr_line' id='line_1_3' title="bbox 559 386 2133 467; baseline -0.01 -13"><span class='ocrx_word' id='word_1_6' title='bbox 559 401 622 454; x_wconf 78' lang='lat' dir='ltr'><strong>S.</strong></span> <span class='ocrx_word' id='word_1_7' title='bbox 651 397 692 452; x_wconf 72' lang='grc' dir='ltr'><strong>(ἶ</strong></span> <span class='ocrx_word' id='word_1_8' title='bbox 702 413 874 467; x_wconf 82' lang='lat' dir='ltr'><strong>regor.</strong></span> <span class='ocrx_word' id='word_1_9' title='bbox 918 395 967 450; x_wconf 83' lang='grc' dir='ltr'><strong><em>Ν</em></strong></span> <span class='ocrx_word' id='word_1_10' title='bbox 976 400 1212 460; x_wconf 57' lang='lat' dir='ltr'><strong>ueiens,</strong></span> <span class='ocrx_word' id='word_1_11' title='bbox 1242 393 1315 446; x_wconf 84' lang='lat' dir='ltr'><strong>De</strong></span> <span class='ocrx_word' id='word_1_12' title='bbox 1340 406 1518 445; x_wconf 85' lang='lat' dir='ltr'><strong>amore</strong></span> <span class='ocrx_word' id='word_1_13' title='bbox 1540 404 1758 458; x_wconf 85' lang='lat' dir='ltr'><strong>pauper.</strong></span> <span class='ocrx_word' id='word_1_14' title='bbox 1789 419 1856 428; x_wconf 90' lang='lat'><strong>-—</strong></span> <span class='ocrx_word' id='word_1_15' title='bbox 1880 386 2086 452; x_wconf 82' lang='lat' dir='ltr'><strong>Quem-</strong></span> <span class='ocrx_word' id='word_1_16' title='bbox 2117 402 2133 453; x_wconf 58' lang='grc' dir='ltr'><em>Α</em></span> 
     </span>
    </p>
   </div>
   <div class='ocr_carea' id='block_1_4' title="bbox 2144 386 3718 474">
    <p class='ocr_par' dir='ltr' id='par_1_4' title="bbox 2144 387 3718 463">
     <span class='ocr_line' id='line_1_4' title="bbox 2144 387 3718 463; baseline 0.006 -24"><span class='ocrx_word' id='word_1_17' title='bbox 2144 411 2162 452; x_wconf 60' lang='grc' dir='ltr'>ι</span> <span class='ocrx_word' id='word_1_18' title='bbox 2263 389 2478 459; x_wconf 83' lang='grc' dir='ltr'>Ὥσπερ</span> <span class='ocrx_word' id='word_1_19' title='bbox 2505 387 2756 458; x_wconf 83' lang='grc' dir='ltr'>διάφοροι</span> <span class='ocrx_word' id='word_1_20' title='bbox 2787 387 2918 457; x_wconf 89' lang='grc' dir='ltr'>βίων</span> <span class='ocrx_word' id='word_1_21' title='bbox 2944 388 3215 458; x_wconf 76' lang='grc' dir='ltr'><strong>αἱρέσεις,</strong></span> <span class='ocrx_word' id='word_1_22' title='bbox 3265 387 3434 453; x_wconf 75' lang='grc' dir='ltr'>οὕτως</span> <span class='ocrx_word' id='word_1_23' title='bbox 3475 395 3562 448; x_wconf 74' lang='grc' dir='ltr'>καὶ</span> <span class='ocrx_word' id='word_1_24' title='bbox 3593 396 3718 463; x_wconf 66' lang='grc' dir='ltr'>μοναὶ</span> 
     </span>
    </p>
   </div>
   <div class='ocr_carea' id='block_1_5' title="bbox 489 477 2063 555">
    <p class='ocr_par' dir='ltr' id='par_1_5' title="bbox 489 477 2063 546">
     <span class='ocr_line' id='line_1_5' title="bbox 489 477 2063 546; baseline -0.008 -5"><span class='ocrx_word' id='word_1_25' title='bbox 489 487 783 543; x_wconf 78' lang='lat' dir='ltr'><strong>admodum</strong></span> <span class='ocrx_word' id='word_1_26' title='bbox 806 487 955 541; x_wconf 88' lang='lat' dir='ltr'><strong>varia</strong></span> <span class='ocrx_word' id='word_1_27' title='bbox 979 495 1108 542; x_wconf 87' lang='lat' dir='ltr'><strong>sunt</strong></span> <span class='ocrx_word' id='word_1_28' title='bbox 1124 485 1246 539; x_wconf 72' lang='lat' dir='ltr'><strong>vita:</strong></span> <span class='ocrx_word' id='word_1_29' title='bbox 1263 480 1634 544; x_wconf 88' lang='lat' dir='ltr'><strong>instituta,sic</strong></span> <span class='ocrx_word' id='word_1_30' title='bbox 1656 477 1843 532; x_wconf 75' lang='lat' dir='ltr'><strong>multa:</strong></span> <span class='ocrx_word' id='word_1_31' title='bbox 1863 491 2063 546; x_wconf 75' lang='lat' dir='ltr'><strong>quoqut</strong></span> 
     </span>
    </p>
   </div>
   <div class='ocr_carea' id='block_1_6' title="bbox 2145 477 3719 555">
    <p class='ocr_par' dir='ltr' id='par_1_6' title="bbox 2190 477 3719 555">
     <span class='ocr_line' id='line_1_6' title="bbox 2190 477 3719 555; baseline 0.003 -21"><span class='ocrx_word' id='word_1_32' title='bbox 2190 479 2348 534; x_wconf 88' lang='grc' dir='ltr'>ἄλλαι</span> <span class='ocrx_word' id='word_1_33' title='bbox 2386 478 2539 550; x_wconf 85' lang='grc' dir='ltr'>παρὰ</span> <span class='ocrx_word' id='word_1_34' title='bbox 2567 478 2644 549; x_wconf 82' lang='grc' dir='ltr'>τῷ</span> <span class='ocrx_word' id='word_1_35' title='bbox 2671 478 2794 549; x_wconf 87' lang='grc' dir='ltr'>Θεῴ</span> <span class='ocrx_word' id='word_1_36' title='bbox 2825 478 2966 532; x_wconf 80' lang='grc' dir='ltr'>κατὰ</span> <span class='ocrx_word' id='word_1_37' title='bbox 2996 477 3093 549; x_wconf 79' lang='grc' dir='ltr'>τὴν</span> <span class='ocrx_word' id='word_1_38' title='bbox 3123 477 3285 542; x_wconf 80' lang='grc' dir='ltr'>ἀξίαν</span> <span class='ocrx_word' id='word_1_39' title='bbox 3314 480 3520 553; x_wconf 80' lang='grc' dir='ltr'><strong>ἑκάστῳ</strong></span> <span class='ocrx_word' id='word_1_40' title='bbox 3544 487 3719 555; x_wconf 68' lang='grc' dir='ltr'>μεριζό-</span> 
     </span>
    </p>
   </div>
   <div class='ocr_carea' id='block_1_7' title="bbox 489 567 2063 650">
    <p class='ocr_par' dir='ltr' id='par_1_7' title="bbox 489 567 2063 650">
     <span class='ocr_line' id='line_1_7' title="bbox 489 567 2063 650; baseline -0.009 -17"><span class='ocrx_word' id='word_1_41' title='bbox 489 580 635 650; x_wconf 86' lang='lat' dir='ltr'><strong>apud</strong></span> <span class='ocrx_word' id='word_1_42' title='bbox 664 578 831 632; x_wconf 88' lang='lat' dir='ltr'><strong>Deum</strong></span> <span class='ocrx_word' id='word_1_43' title='bbox 848 578 1168 632; x_wconf 87' lang='lat' dir='ltr'><strong>mansiones</strong></span> <span class='ocrx_word' id='word_1_44' title='bbox 1193 585 1357 631; x_wconf 89' lang='lat' dir='ltr'><strong>sunt:</strong></span> <span class='ocrx_word' id='word_1_45' title='bbox 1387 587 1506 642; x_wconf 67' lang='lat' dir='ltr'><strong>qua:</strong></span> <span class='ocrx_word' id='word_1_46' title='bbox 1535 569 1754 640; x_wconf 83' lang='lat' dir='ltr'><strong>quidem</strong></span> <span class='ocrx_word' id='word_1_47' title='bbox 1785 567 2063 635; x_wconf 68' lang='lat' dir='ltr'><strong>unicuiqut</strong></span> 
     </span>
    </p>
   </div>
   <div class='ocr_carea' id='block_1_8' title="bbox 2147 567 3721 650">
    <p class='ocr_par' dir='ltr' id='par_1_8' title="bbox 2193 570 3721 647">
     <span class='ocr_line' id='line_1_8' title="bbox 2193 570 3721 647; baseline -0.003 -22"><span class='ocrx_word' id='word_1_48' title='bbox 2193 590 2371 644; x_wconf 89' lang='grc' dir='ltr'>μεναι.</span> <span class='ocrx_word' id='word_1_49' title='bbox 2406 573 2516 626; x_wconf 70' lang='grc' dir='ltr'>Καὶ</span> <span class='ocrx_word' id='word_1_50' title='bbox 2549 574 2577 624; x_wconf 83' lang='grc' dir='ltr'>ὁ</span> <span class='ocrx_word' id='word_1_51' title='bbox 2615 572 2716 641; x_wconf 88' lang='grc' dir='ltr'><strong>μὲν</strong></span> <span class='ocrx_word' id='word_1_52' title='bbox 2745 571 2900 642; x_wconf 85' lang='grc' dir='ltr'><strong>τήνδε</strong></span> <span class='ocrx_word' id='word_1_53' title='bbox 2934 571 3284 643; x_wconf 85' lang='grc' dir='ltr'>κατορθούτω</span> <span class='ocrx_word' id='word_1_54' title='bbox 3311 570 3520 646; x_wconf 65' lang='grc' dir='ltr'><strong>ἀρετὴν³</strong></span> <span class='ocrx_word' id='word_1_55' title='bbox 3544 577 3721 647; x_wconf 46' lang='lat' dir='ltr'><strong>est“;</strong></span> 
     </span>
    </p>
   </div>
   <div class='ocr_carea' id='block_1_9' title="bbox 489 659 2063 740">
    <p class='ocr_par' dir='ltr' id='par_1_9' title="bbox 489 660 2063 740">
     <span class='ocr_line' id='line_1_9' title="bbox 489 660 2063 740; baseline -0.008 -16"><span class='ocrx_word' id='word_1_56' title='bbox 489 686 586 740; x_wconf 89' lang='lat' dir='ltr'><strong>pro</strong></span> <span class='ocrx_word' id='word_1_57' title='bbox 601 670 799 724; x_wconf 88' lang='lat' dir='ltr'><strong>merito</strong></span> <span class='ocrx_word' id='word_1_58' title='bbox 825 668 1255 723; x_wconf 83' lang='lat' dir='ltr'><strong>distribuuntur.</strong></span> <span class='ocrx_word' id='word_1_59' title='bbox 1281 668 1357 720; x_wconf 88' lang='lat' dir='ltr'><strong>Ac</strong></span> <span class='ocrx_word' id='word_1_60' title='bbox 1371 663 1592 735; x_wconf 89' lang='lat' dir='ltr'><strong>quidem</strong></span> <span class='ocrx_word' id='word_1_61' title='bbox 1623 661 1766 716; x_wconf 87' lang='lat' dir='ltr'><strong>alius</strong></span> <span class='ocrx_word' id='word_1_62' title='bbox 1797 660 1940 714; x_wconf 88' lang='lat' dir='ltr'><strong>hanc</strong></span> <span class='ocrx_word' id='word_1_63' title='bbox 1974 661 2063 712; x_wconf 50' lang='lat' dir='ltr'><strong>vir.</strong></span> 
     </span>
    </p>
   </div>
   <div class='ocr_carea' id='block_1_10' title="bbox 2147 659 3721 740">
    <p class='ocr_par' dir='ltr' id='par_1_10' title="bbox 2190 659 3721 736">
     <span class='ocr_line' id='line_1_10' title="bbox 2190 659 3721 736; baseline 0.005 -17"><span class='ocrx_word' id='word_1_64' title='bbox 2190 665 2433 730; x_wconf 83' lang='grc' dir='ltr'><strong>ἁπάσας,</strong></span> <span class='ocrx_word' id='word_1_65' title='bbox 2465 666 2514 718; x_wconf 81' lang='grc' dir='ltr'><strong>εί</strong></span> <span class='ocrx_word' id='word_1_66' title='bbox 2549 659 2661 720; x_wconf 67' lang='grc' dir='ltr'>οἷόν</span> <span class='ocrx_word' id='word_1_67' title='bbox 2689 682 2747 717; x_wconf 86' lang='grc' dir='ltr'><strong>τε</strong></span> <span class='ocrx_word' id='word_1_68' title='bbox 2766 680 2782 695; x_wconf 72' lang='grc'><strong><em>⁸</em></strong></span> <span class='ocrx_word' id='word_1_69' title='bbox 2812 665 2974 736; x_wconf 87' lang='grc' dir='ltr'>μόνον</span> <span class='ocrx_word' id='word_1_70' title='bbox 2996 665 3257 731; x_wconf 80' lang='grc' dir='ltr'><strong>ὁδευέτω,</strong></span> <span class='ocrx_word' id='word_1_71' title='bbox 3297 665 3390 736; x_wconf 72' lang='grc' dir='ltr'>καὶ</span> <span class='ocrx_word' id='word_1_72' title='bbox 3423 668 3635 736; x_wconf 80' lang='grc' dir='ltr'>ἐφιέσθω</span> <span class='ocrx_word' id='word_1_73' title='bbox 3650 673 3721 726; x_wconf 85' lang='grc' dir='ltr'><strong>τοῦ</strong></span> 
     </span>
    </p>
   </div>
   <div class='ocr_carea' id='block_1_11' title="bbox 489 753 2063 830">
    <p class='ocr_par' dir='ltr' id='par_1_11' title="bbox 489 753 2063 830">
     <span class='ocr_line' id='line_1_11' title="bbox 489 753 2063 830; baseline -0.007 -13"><span class='ocrx_word' id='word_1_74' title='bbox 489 772 681 827; x_wconf 86' lang='lat' dir='ltr'><strong>tutem,</strong></span> <span class='ocrx_word' id='word_1_75' title='bbox 715 762 858 816; x_wconf 90' lang='lat' dir='ltr'><strong>alius</strong></span> <span class='ocrx_word' id='word_1_76' title='bbox 905 762 1076 826; x_wconf 82' lang='lat' dir='ltr'><strong>illam,</strong></span> <span class='ocrx_word' id='word_1_77' title='bbox 1107 761 1291 830; x_wconf 98' lang='lat' dir='ltr'><strong>plures</strong></span> <span class='ocrx_word' id='word_1_78' title='bbox 1315 757 1483 822; x_wconf 88' lang='lat' dir='ltr'><strong>alius,</strong></span> <span class='ocrx_word' id='word_1_79' title='bbox 1518 754 1664 808; x_wconf 88' lang='lat' dir='ltr'><strong>alius</strong></span> <span class='ocrx_word' id='word_1_80' title='bbox 1699 753 1932 822; x_wconf 89' lang='lat' dir='ltr'><strong>denique</strong></span> <span class='ocrx_word' id='word_1_81' title='bbox 1958 766 2063 806; x_wconf 33' lang='lat' dir='ltr'><strong>om‘</strong></span> 
     </span>
    </p>
   </div>
   <div class='ocr_carea' id='block_1_12' title="bbox 2147 753 3721 830">
    <p class='ocr_par' dir='ltr' id='par_1_12' title="bbox 2192 754 3721 830">
     <span class='ocr_line' id='line_1_12' title="bbox 2192 754 3721 830; baseline 0.007 -22"><span class='ocrx_word' id='word_1_82' title='bbox 2192 756 2402 826; x_wconf 82' lang='grc' dir='ltr'>πρόσω,</span> <span class='ocrx_word' id='word_1_83' title='bbox 2433 757 2529 809; x_wconf 77' lang='grc' dir='ltr'><strong>καὶ</strong></span> <span class='ocrx_word' id='word_1_84' title='bbox 2549 754 2692 810; x_wconf 86' lang='grc' dir='ltr'><strong>κατά</strong></span> <span class='ocrx_word' id='word_1_85' title='bbox 2719 756 2886 820; x_wconf 83' lang='grc' dir='ltr'><strong>πόδας</strong></span> <span class='ocrx_word' id='word_1_86' title='bbox 2921 756 3140 811; x_wconf 80' lang='grc' dir='ltr'><strong>ἑπέσθω</strong></span> <span class='ocrx_word' id='word_1_87' title='bbox 3169 757 3248 828; x_wconf 83' lang='grc' dir='ltr'>τῷ</span> <span class='ocrx_word' id='word_1_88' title='bbox 3279 757 3458 821; x_wconf 87' lang='grc' dir='ltr'>καλῶς</span> <span class='ocrx_word' id='word_1_89' title='bbox 3487 759 3721 830; x_wconf 83' lang='grc' dir='ltr'>ὁδηγοῦντι</span> 
     </span>
    </p>
   </div>
   <div class='ocr_carea' id='block_1_13' title="bbox 488 844 2062 924">
    <p class='ocr_par' dir='ltr' id='par_1_13' title="bbox 488 844 2062 922">
     <span class='ocr_line' id='line_1_13' title="bbox 488 844 2062 922; baseline -0.008 -14"><span class='ocrx_word' id='word_1_90' title='bbox 488 871 606 921; x_wconf 80' lang='lat' dir='ltr'><strong>nes,</strong></span> <span class='ocrx_word' id='word_1_91' title='bbox 669 852 716 909; x_wconf 88' lang='lat' dir='ltr'><strong>si</strong></span> <span class='ocrx_word' id='word_1_92' title='bbox 756 853 872 908; x_wconf 75' lang='lat' dir='ltr'><strong>fieri</strong></span> <span class='ocrx_word' id='word_1_93' title='bbox 925 853 1156 922; x_wconf 86' lang='lat' dir='ltr'><strong>possit:</strong></span> <span class='ocrx_word' id='word_1_94' title='bbox 1201 857 1415 903; x_wconf 88' lang='lat' dir='ltr'><strong>tantum</strong></span> <span class='ocrx_word' id='word_1_95' title='bbox 1463 844 1755 917; x_wconf 87' lang='lat' dir='ltr'><strong>procedat,</strong></span> <span class='ocrx_word' id='word_1_96' title='bbox 1810 851 1865 899; x_wconf 88' lang='lat' dir='ltr'><strong>et</strong></span> <span class='ocrx_word' id='word_1_97' title='bbox 1915 858 2062 913; x_wconf 81' lang='lat' dir='ltr'><strong>pm‘rt</strong></span> 
     </span>
    </p>
   </div>
   <div class='ocr_carea' id='block_1_14' title="bbox 2152 844 3726 924">
    <p class='ocr_par' dir='ltr' id='par_1_14' title="bbox 2192 849 3726 924">
     <span class='ocr_line' id='line_1_14' title="bbox 2192 849 3726 924; baseline 0.007 -21"><span class='ocrx_word' id='word_1_98' title='bbox 2192 850 2284 904; x_wconf 80' lang='grc' dir='ltr'>καὶ</span> <span class='ocrx_word' id='word_1_99' title='bbox 2342 851 2768 915; x_wconf 86' lang='grc' dir='ltr'>κατευθύνοντι,</span> <span class='ocrx_word' id='word_1_100' title='bbox 2833 850 2930 904; x_wconf 78' lang='grc' dir='ltr'>καὶ</span> <span class='ocrx_word' id='word_1_101' title='bbox 2980 849 3072 903; x_wconf 78' lang='grc' dir='ltr'>διὰ</span> <span class='ocrx_word' id='word_1_102' title='bbox 3137 851 3240 922; x_wconf 83' lang='grc' dir='ltr'><strong>τῆς</strong></span> <span class='ocrx_word' id='word_1_103' title='bbox 3285 856 3475 924; x_wconf 77' lang='grc' dir='ltr'>στενῆς</span> <span class='ocrx_word' id='word_1_104' title='bbox 3514 855 3622 910; x_wconf 83' lang='grc' dir='ltr'>ὁδοῦ</span> <span class='ocrx_word' id='word_1_105' title='bbox 3652 861 3726 914; x_wconf 83' lang='grc' dir='ltr'>καὶ</span> 
     </span>
    </p>
   </div>
   <div class='ocr_carea' id='block_1_15' title="bbox 486 938 2060 1035">
    <p class='ocr_par' dir='ltr' id='par_1_15' title="bbox 486 938 2056 1014">
     <span class='ocr_line' id='line_1_15' title="bbox 486 938 2056 1014; baseline -0.009 -18"><span class='ocrx_word' id='word_1_106' title='bbox 486 942 740 1014; x_wconf 81' lang='lat' dir='ltr'><strong>progredi</strong></span> <span class='ocrx_word' id='word_1_107' title='bbox 776 941 1021 1007; x_wconf 90' lang='lat' dir='ltr'><strong>studeat,</strong></span> <span class='ocrx_word' id='word_1_108' title='bbox 1057 949 1111 996; x_wconf 89' lang='lat' dir='ltr'><strong>et</strong></span> <span class='ocrx_word' id='word_1_109' title='bbox 1143 938 1351 1009; x_wconf 89' lang='lat' dir='ltr'><strong>optime</strong></span> <span class='ocrx_word' id='word_1_110' title='bbox 1382 940 1743 1006; x_wconf 77' lang='lat' dir='ltr'><strong>praeeuntem,</strong></span> <span class='ocrx_word' id='word_1_111' title='bbox 1774 941 1833 984; x_wconf 87' lang='grc' dir='ltr'><strong>ιιι</strong></span> <span class='ocrx_word' id='word_1_112' title='bbox 1860 945 1952 1000; x_wconf 77' lang='grc' dir='ltr'>ρει·</span> <span class='ocrx_word' id='word_1_113' title='bbox 1987 945 2056 982; x_wconf 91' lang='lat' dir='ltr'><strong>an</strong></span> 
     </span>
    </p>
   </div>
   <div class='ocr_carea' id='block_1_16' title="bbox 2152 938 3726 1035">
    <p class='ocr_par' dir='ltr' id='par_1_16' title="bbox 2192 941 3726 1020">
     <span class='ocr_line' id='line_1_16' title="bbox 2192 941 3726 1020; baseline 0.004 -25"><span class='ocrx_word' id='word_1_114' title='bbox 2192 941 2368 1012; x_wconf 82' lang='grc' dir='ltr'>πύλης</span> <span class='ocrx_word' id='word_1_115' title='bbox 2399 943 2494 996; x_wconf 83' lang='grc' dir='ltr'>ἐπὶ</span> <span class='ocrx_word' id='word_1_116' title='bbox 2544 943 2606 995; x_wconf 79' lang='grc' dir='ltr'><strong>τὸ</strong></span> <span class='ocrx_word' id='word_1_117' title='bbox 2658 942 2859 1007; x_wconf 81' lang='grc' dir='ltr'><strong>πλάτος</strong></span> <span class='ocrx_word' id='word_1_118' title='bbox 2900 941 3089 1011; x_wconf 78' lang='grc' dir='ltr'>ἄγοντι</span> <span class='ocrx_word' id='word_1_119' title='bbox 3125 943 3230 1012; x_wconf 85' lang='grc' dir='ltr'>τῆς</span> <span class='ocrx_word' id='word_1_120' title='bbox 3262 943 3470 998; x_wconf 83' lang='grc' dir='ltr'>ἐκεῖθεν</span> <span class='ocrx_word' id='word_1_121' title='bbox 3507 951 3726 1020; x_wconf 84' lang='grc' dir='ltr'>μακαριό-</span> 
     </span>
    </p>
   </div>
   <div class='ocr_carea' id='block_1_17' title="bbox 487 1019 2374 1105">
    <p class='ocr_par' dir='ltr' id='par_1_17' title="bbox 487 1019 2374 1105">
     <span class='ocr_line' id='line_1_17' title="bbox 487 1019 2374 1105; baseline -0.01 -14"><span class='ocrx_word' id='word_1_122' title='bbox 487 1044 702 1105; x_wconf 74' lang='lat' dir='ltr'><strong>gustant</strong></span> <span class='ocrx_word' id='word_1_123' title='bbox 735 1034 879 1088; x_wconf 88' lang='lat' dir='ltr'><strong>viam</strong></span> <span class='ocrx_word' id='word_1_124' title='bbox 914 1041 970 1088; x_wconf 90' lang='lat' dir='ltr'><strong>et</strong></span> <span class='ocrx_word' id='word_1_125' title='bbox 1010 1039 1249 1102; x_wconf 87' lang='lat' dir='ltr'><strong>portam,</strong></span> <span class='ocrx_word' id='word_1_126' title='bbox 1292 1027 1360 1081; x_wconf 91' lang='lat' dir='ltr'><strong>ad</strong></span> <span class='ocrx_word' id='word_1_127' title='bbox 1414 1024 1777 1082; x_wconf 72' lang='lat' dir='ltr'><strong>beatitudinis</strong></span> <span class='ocrx_word' id='word_1_128' title='bbox 1809 1022 1964 1076; x_wconf 90' lang='lat' dir='ltr'><strong>illius</strong></span> <span class='ocrx_word' id='word_1_129' title='bbox 1997 1019 2085 1074; x_wconf 80' lang='lat' dir='ltr'><strong>fu-</strong></span> <span class='ocrx_word' id='word_1_130' title='bbox 2191 1051 2374 1104; x_wconf 71' lang='grc' dir='ltr'><strong>τητος,</strong></span> 
     </span>
    </p>
   </div>
   <div class='ocr_carea' id='block_1_18' title="bbox 487 1119 1867 1186">
    <p class='ocr_par' dir='ltr' id='par_1_18' title="bbox 487 1119 1867 1186">
     <span class='ocr_line' id='line_1_18' title="bbox 487 1119 1867 1186; baseline -0.009 -7"><span class='ocrx_word' id='word_1_131' title='bbox 487 1135 624 1181; x_wconf 58' lang='lat' dir='ltr'><strong>tura;</strong></span> <span class='ocrx_word' id='word_1_132' title='bbox 653 1123 999 1180; x_wconf 87' lang='lat' dir='ltr'><strong>latitudinem</strong></span> <span class='ocrx_word' id='word_1_133' title='bbox 1031 1133 1180 1178; x_wconf 86' lang='lat' dir='ltr'><strong>recta</strong></span> <span class='ocrx_word' id='word_1_134' title='bbox 1215 1119 1512 1174; x_wconf 80' lang='lat' dir='ltr'><strong>ducentem</strong></span> <span class='ocrx_word' id='word_1_135' title='bbox 1571 1122 1867 1186; x_wconf 89' lang='lat' dir='ltr'><strong>sequatur.</strong></span> 
     </span>
    </p>
   </div>
   <div class='ocr_carea' id='block_1_19' title="bbox 559 1206 2133 1292">
    <p class='ocr_par' dir='ltr' id='par_1_19' title="bbox 559 1206 2086 1287">
     <span class='ocr_line' id='line_1_19' title="bbox 559 1206 2086 1287; baseline -0.009 -15"><span class='ocrx_word' id='word_1_136' title='bbox 559 1217 750 1287; x_wconf 84' lang='lat' dir='ltr'><strong>Ejusd.</strong></span> <span class='ocrx_word' id='word_1_137' title='bbox 811 1225 947 1270; x_wconf 76' lang='lat' dir='ltr'><strong>orat.</strong></span> <span class='ocrx_word' id='word_1_138' title='bbox 979 1215 1034 1267; x_wconf 79' lang='lat' dir='ltr'><strong>in</strong></span> <span class='ocrx_word' id='word_1_139' title='bbox 1085 1213 1221 1267; x_wconf 72' lang='grc' dir='ltr'>ϐίω.</span> <span class='ocrx_word' id='word_1_140' title='bbox 1267 1212 1426 1280; x_wconf 79' lang='lat' dir='ltr'><strong>fratr.</strong></span> <span class='ocrx_word' id='word_1_141' title='bbox 1462 1241 1533 1249; x_wconf 88' lang='lat'><strong>——</strong></span> <span class='ocrx_word' id='word_1_142' title='bbox 1562 1206 1687 1263; x_wconf 90' lang='lat' dir='ltr'><strong>Una</strong></span> <span class='ocrx_word' id='word_1_143' title='bbox 1735 1221 1821 1260; x_wconf 79' lang='lat' dir='ltr'><strong>nte</strong></span> <span class='ocrx_word' id='word_1_144' title='bbox 1869 1211 2086 1274; x_wconf 89' lang='lat' dir='ltr'><strong>oportet</strong></span> 
     </span>
    </p>
   </div>
   <div class='ocr_carea' id='block_1_20' title="bbox 2151 1206 3725 1292">
    <p class='ocr_par' dir='ltr' id='par_1_20' title="bbox 2262 1217 3725 1292">
     <span class='ocr_line' id='line_1_20' title="bbox 2262 1217 3725 1292; baseline 0.003 -20"><span class='ocrx_word' id='word_1_145' title='bbox 2262 1217 2484 1290; x_wconf 82' lang='grc' dir='ltr'>Χριστῷ</span> <span class='ocrx_word' id='word_1_146' title='bbox 2525 1217 2865 1286; x_wconf 79' lang='grc' dir='ltr'>συνταφῆναί</span> <span class='ocrx_word' id='word_1_147' title='bbox 2898 1235 2965 1287; x_wconf 85' lang='grc' dir='ltr'><strong>με</strong></span> <span class='ocrx_word' id='word_1_148' title='bbox 3021 1217 3122 1282; x_wconf 92' lang='grc' dir='ltr'>δεῖ,</span> <span class='ocrx_word' id='word_1_149' title='bbox 3162 1218 3388 1288; x_wconf 83' lang='grc' dir='ltr'>Χριστῷ</span> <span class='ocrx_word' id='word_1_150' title='bbox 3421 1223 3725 1292; x_wconf 82' lang='grc' dir='ltr'>συναστῆναι,</span> 
     </span>
    </p>
   </div>
   <div class='ocr_carea' id='block_1_21' title="bbox 488 1301 2062 1380">
    <p class='ocr_par' dir='ltr' id='par_1_21' title="bbox 488 1301 2061 1380">
     <span class='ocr_line' id='line_1_21' title="bbox 488 1301 2061 1380; baseline -0.012 -15"><span class='ocrx_word' id='word_1_151' title='bbox 488 1309 714 1380; x_wconf 85' lang='lat' dir='ltr'><strong>sepeliri</strong></span> <span class='ocrx_word' id='word_1_152' title='bbox 755 1323 880 1363; x_wconf 90' lang='lat' dir='ltr'><strong>cum</strong></span> <span class='ocrx_word' id='word_1_153' title='bbox 911 1305 1156 1369; x_wconf 84' lang='lat' dir='ltr'><strong>Christo,</strong></span> <span class='ocrx_word' id='word_1_154' title='bbox 1192 1319 1301 1358; x_wconf 88' lang='lat' dir='ltr'><strong>una</strong></span> <span class='ocrx_word' id='word_1_155' title='bbox 1328 1318 1455 1358; x_wconf 88' lang='lat' dir='ltr'><strong>cum</strong></span> <span class='ocrx_word' id='word_1_156' title='bbox 1498 1301 1722 1354; x_wconf 87' lang='lat' dir='ltr'><strong>Christo</strong></span> <span class='ocrx_word' id='word_1_157' title='bbox 1766 1309 2061 1365; x_wconf 74' lang='lat' dir='ltr'><strong>resurgere</strong></span> 
     </span>
    </p>
   </div>
   <div class='ocr_carea' id='block_1_22' title="bbox 2146 1301 3720 1380">
    <p class='ocr_par' dir='ltr' id='par_1_22' title="bbox 2195 1307 3720 1379">
     <span class='ocr_line' id='line_1_22' title="bbox 2195 1307 3720 1379; baseline 0.004 -17"><span class='ocrx_word' id='word_1_158' title='bbox 2195 1309 2708 1379; x_wconf 79' lang='grc' dir='ltr'>συγκληρονομῆσαι</span> <span class='ocrx_word' id='word_1_159' title='bbox 2743 1307 2988 1378; x_wconf 78' lang='grc' dir='ltr'>Χριστῷ,</span> <span class='ocrx_word' id='word_1_160' title='bbox 3029 1308 3144 1361; x_wconf 81' lang='grc' dir='ltr'>υίὺν</span> <span class='ocrx_word' id='word_1_161' title='bbox 3178 1309 3434 1377; x_wconf 83' lang='grc' dir='ltr'>γενέσθαι</span> <span class='ocrx_word' id='word_1_162' title='bbox 3459 1310 3603 1377; x_wconf 89' lang='grc' dir='ltr'>Θεοῦ,</span> <span class='ocrx_word' id='word_1_163' title='bbox 3626 1313 3720 1367; x_wconf 79' lang='grc' dir='ltr'>θεὸν</span> 
     </span>
    </p>
   </div>
   <div class='ocr_carea' id='block_1_23' title="bbox 488 1385 2385 1460">
    <p class='ocr_par' dir='ltr' id='par_1_23' title="bbox 488 1385 2385 1460">
     <span class='ocr_line' id='line_1_23' title="bbox 488 1385 2385 1460; baseline -0.009 -4"><span class='ocrx_word' id='word_1_164' title='bbox 488 1419 596 1456; x_wconf 89' lang='lat' dir='ltr'><strong>una</strong></span> <span class='ocrx_word' id='word_1_165' title='bbox 632 1415 754 1454; x_wconf 85' lang='lat' dir='ltr'><strong>eum</strong></span> <span class='ocrx_word' id='word_1_166' title='bbox 787 1399 1012 1454; x_wconf 85' lang='lat' dir='ltr'><strong>Christo</strong></span> <span class='ocrx_word' id='word_1_167' title='bbox 1040 1395 1317 1450; x_wconf 68' lang='lat' dir='ltr'><strong>hwredem</strong></span> <span class='ocrx_word' id='word_1_168' title='bbox 1351 1409 1476 1450; x_wconf 89' lang='lat' dir='ltr'><strong>esse</strong></span> <span class='ocrx_word' id='word_1_169' title='bbox 1503 1433 1518 1459; x_wconf 90' lang='lat'><strong>,</strong></span> <span class='ocrx_word' id='word_1_170' title='bbox 1566 1391 1738 1446; x_wconf 83' lang='lat' dir='ltr'><strong>lilium</strong></span> <span class='ocrx_word' id='word_1_171' title='bbox 1785 1389 1882 1444; x_wconf 87' lang='lat' dir='ltr'><strong>Dei</strong></span> <span class='ocrx_word' id='word_1_172' title='bbox 1918 1385 2080 1452; x_wconf 83' lang='lat' dir='ltr'><strong>elliei,</strong></span> <span class='ocrx_word' id='word_1_173' title='bbox 2193 1401 2385 1460; x_wconf 55' lang='grc' dir='ltr'><strong>αὐτόν,</strong></span> 
     </span>
    </p>
   </div>
   <div class='ocr_carea' id='block_1_24' title="bbox 493 1492 1030 1566">
    <p class='ocr_par' dir='ltr' id='par_1_24' title="bbox 493 1492 1030 1566">
     <span class='ocr_line' id='line_1_24' title="bbox 493 1492 1030 1566; baseline -0.007 -18"><span class='ocrx_word' id='word_1_174' title='bbox 493 1496 606 1548; x_wconf 89' lang='lat' dir='ltr'><strong>imo</strong></span> <span class='ocrx_word' id='word_1_175' title='bbox 635 1493 798 1566; x_wconf 88' lang='lat' dir='ltr'><strong>deum</strong></span> <span class='ocrx_word' id='word_1_176' title='bbox 822 1492 1030 1562; x_wconf 91' lang='lat' dir='ltr'><strong>ipsum.</strong></span> 
     </span>
    </p>
   </div>
   <div class='ocr_carea' id='block_1_25' title="bbox 558 1572 2132 1657">
    <p class='ocr_par' dir='ltr' id='par_1_25' title="bbox 558 1572 2083 1654">
     <span class='ocr_line' id='line_1_25' title="bbox 558 1572 2083 1654; baseline -0.007 -18"><span class='ocrx_word' id='word_1_177' title='bbox 558 1583 810 1654; x_wconf 73' lang='lat' dir='ltr'><strong>Nysseni.</strong></span> <span class='ocrx_word' id='word_1_178' title='bbox 845 1613 913 1624; x_wconf 89' lang='lat'>—</span> <span class='ocrx_word' id='word_1_179' title='bbox 953 1580 1187 1636; x_wconf 86' lang='lat' dir='ltr'><strong>Virtutis</strong></span> <span class='ocrx_word' id='word_1_180' title='bbox 1242 1577 1530 1650; x_wconf 68' lang='lat' dir='ltr'><strong>praemium</strong></span> <span class='ocrx_word' id='word_1_181' title='bbox 1587 1576 1694 1632; x_wconf 89' lang='lat' dir='ltr'><strong>hoc</strong></span> <span class='ocrx_word' id='word_1_182' title='bbox 1733 1582 1819 1631; x_wconf 90' lang='lat' dir='ltr'><strong>est</strong></span> <span class='ocrx_word' id='word_1_183' title='bbox 1848 1614 1863 1640; x_wconf 89' lang='lat'><strong>,</strong></span> <span class='ocrx_word' id='word_1_184' title='bbox 1919 1572 2083 1628; x_wconf 90' lang='lat' dir='ltr'><strong>deum</strong></span> 
     </span>
    </p>
   </div>
   <div class='ocr_carea' id='block_1_26' title="bbox 2155 1572 3729 1657">
    <p class='ocr_par' dir='ltr' id='par_1_26' title="bbox 2263 1580 3729 1657">
     <span class='ocr_line' id='line_1_26' title="bbox 2263 1580 3729 1657; baseline 0.001 -19"><span class='ocrx_word' id='word_1_185' title='bbox 2263 1580 2466 1638; x_wconf 72' lang='grc' dir='ltr'>’Ἃθλον</span> <span class='ocrx_word' id='word_1_186' title='bbox 2495 1584 2720 1656; x_wconf 81' lang='grc' dir='ltr'>ἀρετῆς,</span> <span class='ocrx_word' id='word_1_187' title='bbox 2773 1584 2896 1638; x_wconf 84' lang='grc' dir='ltr'>θεὸν</span> <span class='ocrx_word' id='word_1_188' title='bbox 2953 1583 3234 1652; x_wconf 88' lang='grc' dir='ltr'>γενέσθαι,</span> <span class='ocrx_word' id='word_1_189' title='bbox 3285 1583 3489 1652; x_wconf 77' lang='grc' dir='ltr'>καὶτῷ</span> <span class='ocrx_word' id='word_1_190' title='bbox 3520 1584 3729 1657; x_wconf 82' lang='grc' dir='ltr'>καθαρω-</span> 
     </span>
    </p>
   </div>
   <div class='ocr_carea' id='block_1_27' title="bbox 489 1665 2063 1751">
    <p class='ocr_par' dir='ltr' id='par_1_27' title="bbox 489 1665 2060 1745">
     <span class='ocr_line' id='line_1_27' title="bbox 489 1665 2060 1745; baseline -0.009 -14"><span class='ocrx_word' id='word_1_191' title='bbox 489 1677 628 1740; x_wconf 85' lang='lat' dir='ltr'><strong>lieri,</strong></span> <span class='ocrx_word' id='word_1_192' title='bbox 670 1683 728 1730; x_wconf 89' lang='lat' dir='ltr'><strong>et</strong></span> <span class='ocrx_word' id='word_1_193' title='bbox 770 1674 1076 1745; x_wconf 89' lang='lat' dir='ltr'><strong>purissimo</strong></span> <span class='ocrx_word' id='word_1_194' title='bbox 1105 1672 1315 1727; x_wconf 88' lang='lat' dir='ltr'><strong>lumine</strong></span> <span class='ocrx_word' id='word_1_195' title='bbox 1350 1668 1697 1726; x_wconf 84' lang='lat' dir='ltr'><strong>collustrari.</strong></span> <span class='ocrx_word' id='word_1_196' title='bbox 1734 1695 1804 1708; x_wconf 96' lang='lat'><strong>—</strong></span> <span class='ocrx_word' id='word_1_197' title='bbox 1838 1665 2001 1722; x_wconf 86' lang='lat' dir='ltr'><strong>Certa</strong></span> <span class='ocrx_word' id='word_1_198' title='bbox 2031 1679 2060 1718; x_wconf 88' lang='lat' dir='ltr'><strong>e</strong></span> 
     </span>
    </p>
   </div>
   <div class='ocr_carea' id='block_1_28' title="bbox 2154 1665 3728 1751">
    <p class='ocr_par' dir='ltr' id='par_1_28' title="bbox 2193 1677 3728 1751">
     <span class='ocr_line' id='line_1_28' title="bbox 2193 1677 3728 1751; baseline -0.001 -17"><span class='ocrx_word' id='word_1_199' title='bbox 2193 1679 2346 1751; x_wconf 84' lang='grc' dir='ltr'>τάτῳ</span> <span class='ocrx_word' id='word_1_200' title='bbox 2401 1680 2543 1750; x_wconf 77' lang='grc' dir='ltr'>φωτὶ</span> <span class='ocrx_word' id='word_1_201' title='bbox 2611 1679 3153 1749; x_wconf 85' lang='grc' dir='ltr'>καταστράπτεσθαι.</span> <span class='ocrx_word' id='word_1_202' title='bbox 3208 1706 3278 1720; x_wconf 65' lang='grc' dir='ltr'><strong>-η</strong></span> <span class='ocrx_word' id='word_1_203' title='bbox 3339 1677 3414 1730; x_wconf 90' lang='grc' dir='ltr'><strong>Τὸ</strong></span> <span class='ocrx_word' id='word_1_204' title='bbox 3439 1678 3615 1731; x_wconf 75' lang='grc' dir='ltr'>πιστὸν</span> <span class='ocrx_word' id='word_1_205' title='bbox 3659 1683 3728 1734; x_wconf 74' lang='grc' dir='ltr'><strong>καὶ</strong></span> 
     </span>
    </p>
   </div>
   <div class='ocr_carea' id='block_1_29' title="bbox 489 1756 2063 1840">
    <p class='ocr_par' dir='ltr' id='par_1_29' title="bbox 489 1756 2063 1835">
     <span class='ocr_line' id='line_1_29' title="bbox 489 1756 2063 1835; baseline -0.01 -12"><span class='ocrx_word' id='word_1_206' title='bbox 489 1769 798 1825; x_wconf 78' lang='lat' dir='ltr'><strong>indubitata</strong></span> <span class='ocrx_word' id='word_1_207' title='bbox 829 1767 1028 1821; x_wconf 80' lang='lat' dir='ltr'><strong>futurae</strong></span> <span class='ocrx_word' id='word_1_208' title='bbox 1061 1763 1255 1835; x_wconf 69' lang='lat' dir='ltr'><strong>gratia:</strong></span> <span class='ocrx_word' id='word_1_209' title='bbox 1305 1778 1434 1832; x_wconf 87' lang='lat' dir='ltr'><strong>spes</strong></span> <span class='ocrx_word' id='word_1_210' title='bbox 1469 1761 1736 1830; x_wconf 81' lang='lat' dir='ltr'><strong>majorem</strong></span> <span class='ocrx_word' id='word_1_211' title='bbox 1772 1758 1830 1812; x_wconf 94' lang='lat' dir='ltr'><strong>in</strong></span> <span class='ocrx_word' id='word_1_212' title='bbox 1856 1756 2063 1811; x_wconf 86' lang='lat' dir='ltr'><strong>modun</strong></span> 
     </span>
    </p>
   </div>
   <div class='ocr_carea' id='block_1_30' title="bbox 2154 1756 3728 1840">
    <p class='ocr_par' dir='ltr' id='par_1_30' title="bbox 2181 1767 3728 1840">
     <span class='ocr_line' id='line_1_30' title="bbox 2181 1767 3728 1840; baseline -0.001 -16"><span class='ocrx_word' id='word_1_213' title='bbox 2181 1769 2557 1840; x_wconf 80' lang='grc' dir='ltr'>ἄναμφίϐολον</span> <span class='ocrx_word' id='word_1_214' title='bbox 2589 1769 2691 1838; x_wconf 82' lang='grc' dir='ltr'>τῆς</span> <span class='ocrx_word' id='word_1_215' title='bbox 2742 1769 3108 1839; x_wconf 76' lang='grc' dir='ltr'><strong>ἐλπιζομένης</strong></span> <span class='ocrx_word' id='word_1_216' title='bbox 3161 1767 3390 1839; x_wconf 85' lang='grc' dir='ltr'>χάριτος</span> <span class='ocrx_word' id='word_1_217' title='bbox 3418 1809 3432 1834; x_wconf 95' lang='grc'>,</span> <span class='ocrx_word' id='word_1_218' title='bbox 3470 1769 3728 1835; x_wconf 82' lang='grc' dir='ltr'>ἀπόλαυσις</span> 
     </span>
    </p>
   </div>
   <div class='ocr_carea' id='block_1_31' title="bbox 488 1852 2062 1936">
    <p class='ocr_par' dir='ltr' id='par_1_31' title="bbox 488 1852 2044 1926">
     <span class='ocr_line' id='line_1_31' title="bbox 488 1852 2044 1926; baseline -0.011 -9"><span class='ocrx_word' id='word_1_219' title='bbox 488 1877 582 1917; x_wconf 87' lang='lat' dir='ltr'><strong>eos</strong></span> <span class='ocrx_word' id='word_1_220' title='bbox 615 1860 877 1924; x_wconf 81' lang='lat' dir='ltr'><strong>oblectat,</strong></span> <span class='ocrx_word' id='word_1_221' title='bbox 909 1857 1004 1926; x_wconf 88' lang='lat' dir='ltr'><strong>qui</strong></span> <span class='ocrx_word' id='word_1_222' title='bbox 1042 1870 1164 1911; x_wconf 87' lang='lat' dir='ltr'><strong>eam</strong></span> <span class='ocrx_word' id='word_1_223' title='bbox 1201 1869 1298 1926; x_wconf 91' lang='lat' dir='ltr'><strong>per</strong></span> <span class='ocrx_word' id='word_1_224' title='bbox 1322 1852 1653 1924; x_wconf 82' lang='lat' dir='ltr'><strong>patientiam</strong></span> <span class='ocrx_word' id='word_1_225' title='bbox 1693 1854 2044 1920; x_wconf 77' lang='lat' dir='ltr'><strong>exspectant.</strong></span> 
     </span>
    </p>
   </div>
   <div class='ocr_carea' id='block_1_32' title="bbox 1890 1852 3464 1936">
    <p class='ocr_par' dir='ltr' id='par_1_32' title="bbox 1890 1854 3464 1936">
     <span class='ocr_line' id='line_1_32' title="bbox 1890 1854 3464 1936; baseline 0.001 -21"><span class='ocrx_word' id='word_1_226' title='bbox 1890 1854 2044 1902; x_wconf 65' lang='grc' dir='ltr'><strong>ἳιθηῑ·</strong></span> <span class='ocrx_word' id='word_1_227' title='bbox 2186 1869 2298 1928; x_wconf 83' lang='grc' dir='ltr'>τοῖς</span> <span class='ocrx_word' id='word_1_228' title='bbox 2323 1864 2392 1918; x_wconf 85' lang='grc' dir='ltr'>δι’</span> <span class='ocrx_word' id='word_1_229' title='bbox 2414 1865 2695 1936; x_wconf 82' lang='grc' dir='ltr'><strong>ὑπομονῆς</strong></span> <span class='ocrx_word' id='word_1_230' title='bbox 2728 1863 3193 1934; x_wconf 80' lang='grc' dir='ltr'>ἀπεκδεχομένοις</span> <span class='ocrx_word' id='word_1_231' title='bbox 3231 1863 3464 1930; x_wconf 79' lang='grc' dir='ltr'>γίνεται.</span> 
     </span>
    </p>
   </div>
   <div class='ocr_carea' id='block_1_33' title="bbox 559 1964 2133 2048">
    <p class='ocr_par' dir='ltr' id='par_1_33' title="bbox 559 1964 2084 2043">
     <span class='ocr_line' id='line_1_33' title="bbox 559 1964 2084 2043; baseline -0.007 -16"><span class='ocrx_word' id='word_1_232' title='bbox 559 1972 750 2043; x_wconf 83' lang='lat' dir='ltr'><strong>Ejusd.</strong></span> <span class='ocrx_word' id='word_1_233' title='bbox 784 1972 927 2026; x_wconf 84' lang='lat' dir='ltr'><strong>hom.</strong></span> <span class='ocrx_word' id='word_1_234' title='bbox 953 1979 1068 2025; x_wconf 83' lang='lat' dir='ltr'><strong>octo</strong></span> <span class='ocrx_word' id='word_1_235' title='bbox 1093 1971 1149 2024; x_wconf 75' lang='lat' dir='ltr'><strong>in</strong></span> <span class='ocrx_word' id='word_1_236' title='bbox 1177 1966 1696 2036; x_wconf 79' lang='lat' dir='ltr'><strong>Beatitud.—Regni</strong></span> <span class='ocrx_word' id='word_1_237' title='bbox 1728 1964 1966 2033; x_wconf 78' lang='lat' dir='ltr'><strong>dignitas</strong></span> <span class='ocrx_word' id='word_1_238' title='bbox 1992 1980 2084 2018; x_wconf 88' lang='lat' dir='ltr'><strong>su-</strong></span> 
     </span>
    </p>
   </div>
   <div class='ocr_carea' id='block_1_34' title="bbox 2155 1964 3729 2048">
    <p class='ocr_par' dir='ltr' id='par_1_34' title="bbox 2269 1975 3729 2048">
     <span class='ocr_line' id='line_1_34' title="bbox 2269 1975 3729 2048; baseline 0.002 -20"><span class='ocrx_word' id='word_1_239' title='bbox 2269 1977 2334 2029; x_wconf 86' lang='grc' dir='ltr'><strong>Ἦ</strong></span> <span class='ocrx_word' id='word_1_240' title='bbox 2397 1977 2500 2048; x_wconf 85' lang='grc' dir='ltr'>τῆς</span> <span class='ocrx_word' id='word_1_241' title='bbox 2558 1977 2838 2047; x_wconf 78' lang='grc' dir='ltr'>βασιλείας</span> <span class='ocrx_word' id='word_1_242' title='bbox 2905 1975 3052 2040; x_wconf 78' lang='grc' dir='ltr'>ἀξία,</span> <span class='ocrx_word' id='word_1_243' title='bbox 3112 1976 3516 2047; x_wconf 80' lang='grc' dir='ltr'><strong>ὑπερκειμένην</strong></span> <span class='ocrx_word' id='word_1_244' title='bbox 3568 1978 3729 2048; x_wconf 76' lang='grc' dir='ltr'>ἑαυτῆς</span> 
     </span>
    </p>
   </div>
   <div class='ocr_carea' id='block_1_35' title="bbox 490 2056 2064 2140">
    <p class='ocr_par' dir='ltr' id='par_1_35' title="bbox 490 2056 2064 2136">
     <span class='ocr_line' id='line_1_35' title="bbox 490 2056 2064 2136; baseline -0.006 -18"><span class='ocrx_word' id='word_1_245' title='bbox 490 2069 763 2136; x_wconf 84' lang='lat' dir='ltr'><strong>periorem</strong></span> <span class='ocrx_word' id='word_1_246' title='bbox 791 2080 849 2121; x_wconf 89' lang='lat' dir='ltr'><strong>se</strong></span> <span class='ocrx_word' id='word_1_247' title='bbox 881 2063 1228 2136; x_wconf 83' lang='lat' dir='ltr'><strong>tyrannidem</strong></span> <span class='ocrx_word' id='word_1_248' title='bbox 1281 2076 1391 2115; x_wconf 90' lang='lat' dir='ltr'><strong>non</strong></span> <span class='ocrx_word' id='word_1_249' title='bbox 1429 2060 1613 2114; x_wconf 84' lang='lat' dir='ltr'><strong>habet.</strong></span> <span class='ocrx_word' id='word_1_250' title='bbox 1657 2089 1727 2098; x_wconf 89' lang='lat'><strong><em>—</em></strong></span> <span class='ocrx_word' id='word_1_251' title='bbox 1774 2056 2064 2111; x_wconf 72' lang='lat' dir='ltr'><strong>Tribnlatit</strong></span> 
     </span>
    </p>
   </div>
   <div class='ocr_carea' id='block_1_36' title="bbox 2155 2056 3729 2140">
    <p class='ocr_par' dir='ltr' id='par_1_36' title="bbox 2185 2067 3729 2140">
     <span class='ocr_line' id='line_1_36' title="bbox 2185 2067 3729 2140; baseline -0.001 -18"><span class='ocrx_word' id='word_1_252' title='bbox 2185 2070 2479 2140; x_wconf 77' lang='grc' dir='ltr'>τυραννίδα</span> <span class='ocrx_word' id='word_1_253' title='bbox 2499 2069 2602 2123; x_wconf 81' lang='grc' dir='ltr'><strong>οὐκ</strong></span> <span class='ocrx_word' id='word_1_254' title='bbox 2631 2069 2766 2140; x_wconf 74' lang='grc' dir='ltr'>ἔχει.</span> <span class='ocrx_word' id='word_1_255' title='bbox 2798 2098 2871 2110; x_wconf 95' lang='lat'><strong>—</strong></span> <span class='ocrx_word' id='word_1_256' title='bbox 2903 2067 3026 2121; x_wconf 83' lang='grc' dir='ltr'><strong>Τῶν</strong></span> <span class='ocrx_word' id='word_1_257' title='bbox 3048 2067 3522 2139; x_wconf 79' lang='grc' dir='ltr'>προσδοκωμένων</span> <span class='ocrx_word' id='word_1_258' title='bbox 3549 2068 3729 2137; x_wconf 84' lang='grc' dir='ltr'>ἀγαθῶν</span> 
     </span>
    </p>
   </div>
   <div class='ocr_carea' id='block_1_37' title="bbox 491 2147 2065 2234">
    <p class='ocr_par' dir='ltr' id='par_1_37' title="bbox 491 2147 2065 2224">
     <span class='ocr_line' id='line_1_37' title="bbox 491 2147 2065 2224; baseline -0.007 -15"><span class='ocrx_word' id='word_1_259' title='bbox 491 2157 592 2212; x_wconf 85' lang='lat' dir='ltr'><strong>llos</strong></span> <span class='ocrx_word' id='word_1_260' title='bbox 621 2165 704 2211; x_wconf 87' lang='lat' dir='ltr'><strong>est</strong></span> <span class='ocrx_word' id='word_1_261' title='bbox 739 2156 1010 2210; x_wconf 89' lang='lat' dir='ltr'><strong>bonorum</strong></span> <span class='ocrx_word' id='word_1_262' title='bbox 1044 2169 1166 2224; x_wconf 66' lang='lat' dir='ltr'><strong>qua:</strong></span> <span class='ocrx_word' id='word_1_263' title='bbox 1194 2152 1610 2222; x_wconf 64' lang='lat' dir='ltr'><strong>praestolamur.</strong></span> <span class='ocrx_word' id='word_1_264' title='bbox 1654 2149 1870 2203; x_wconf 88' lang='lat' dir='ltr'><strong>Florem</strong></span> <span class='ocrx_word' id='word_1_265' title='bbox 1917 2147 2065 2217; x_wconf 77' lang='lat' dir='ltr'><strong>igitul</strong></span> 
     </span>
    </p>
   </div>
   <div class='ocr_carea' id='block_1_38' title="bbox 2153 2147 3727 2234">
    <p class='ocr_par' dir='ltr' id='par_1_38' title="bbox 2187 2161 3727 2234">
     <span class='ocr_line' id='line_1_38' title="bbox 2187 2161 3727 2234; baseline 0.001 -18"><span class='ocrx_word' id='word_1_266' title='bbox 2187 2165 2222 2233; x_wconf 80' lang='grc' dir='ltr'><strong>ἡ</strong></span> <span class='ocrx_word' id='word_1_267' title='bbox 2250 2162 2430 2231; x_wconf 81' lang='grc' dir='ltr'>θλίψις</span> <span class='ocrx_word' id='word_1_268' title='bbox 2457 2161 2618 2227; x_wconf 87' lang='grc' dir='ltr'>ἄνθος</span> <span class='ocrx_word' id='word_1_269' title='bbox 2651 2162 2820 2218; x_wconf 88' lang='grc' dir='ltr'>ἐστίν.</span> <span class='ocrx_word' id='word_1_270' title='bbox 2857 2161 2958 2216; x_wconf 81' lang='grc' dir='ltr'><strong>Διὰ</strong></span> <span class='ocrx_word' id='word_1_271' title='bbox 2990 2161 3083 2217; x_wconf 83' lang='grc' dir='ltr'><strong>τὸν</strong></span> <span class='ocrx_word' id='word_1_272' title='bbox 3123 2162 3344 2234; x_wconf 86' lang='grc' dir='ltr'>καρπὸν</span> <span class='ocrx_word' id='word_1_273' title='bbox 3371 2163 3432 2216; x_wconf 84' lang='grc' dir='ltr'><strong>τὸ</strong></span> <span class='ocrx_word' id='word_1_274' title='bbox 3458 2163 3606 2228; x_wconf 88' lang='grc' dir='ltr'>ἄνθος</span> <span class='ocrx_word' id='word_1_275' title='bbox 3631 2164 3727 2234; x_wconf 84' lang='grc' dir='ltr'>δρε-</span> 
     </span>
    </p>
   </div>
   <div class='ocr_carea' id='block_1_39' title="bbox 490 2247 2064 2324">
    <p class='ocr_par' dir='ltr' id='par_1_39' title="bbox 490 2247 1415 2320">
     <span class='ocr_line' id='line_1_39' title="bbox 490 2247 1415 2320; baseline -0.004 -17"><span class='ocrx_word' id='word_1_276' title='bbox 490 2258 714 2320; x_wconf 88' lang='lat' dir='ltr'><strong>propter</strong></span> <span class='ocrx_word' id='word_1_277' title='bbox 748 2247 991 2302; x_wconf 85' lang='lat' dir='ltr'><strong>fructum</strong></span> <span class='ocrx_word' id='word_1_278' title='bbox 1015 2249 1415 2318; x_wconf 81' lang='lat' dir='ltr'><strong>decerpamus,</strong></span> 
     </span>
    </p>
   </div>
   <div class='ocr_carea' id='block_1_40' title="bbox 866 2247 2440 2324">
    <p class='ocr_par' dir='ltr' id='par_1_40' title="bbox 866 2249 2440 2324">
     <span class='ocr_line' id='line_1_40' title="bbox 866 2249 2440 2324; baseline 0.005 -25"><span class='ocrx_word' id='word_1_279' title='bbox 866 2257 991 2302; x_wconf 85' lang='lat' dir='ltr'><strong>:tum</strong></span> <span class='ocrx_word' id='word_1_280' title='bbox 1015 2249 1415 2318; x_wconf 80' lang='lat' dir='ltr'><strong>decerpamus,</strong></span> <span class='ocrx_word' id='word_1_281' title='bbox 2186 2251 2440 2324; x_wconf 82' lang='grc' dir='ltr'>ψώμεθα.</span> 
     </span>
    </p>
   </div>
   <div class='ocr_carea' id='block_1_41' title="bbox 561 2369 3728 2460">
    <p class='ocr_par' dir='ltr' id='par_1_41' title="bbox 561 2369 3728 2460">
     <span class='ocr_line' id='line_1_41' title="bbox 561 2369 3728 2460; baseline -0.002 -12"><span class='ocrx_word' id='word_1_282' title='bbox 561 2385 732 2440; x_wconf 70' lang='grc' dir='ltr'><strong>(Πεηι-</strong></span> <span class='ocrx_word' id='word_1_283' title='bbox 785 2385 941 2438; x_wconf 73' lang='grc' dir='ltr'><strong>Αίεοτ-</strong></span> <span class='ocrx_word' id='word_1_284' title='bbox 994 2382 1128 2449; x_wconf 67' lang='grc' dir='ltr'><strong>θυῖε</strong></span> <span class='ocrx_word' id='word_1_285' title='bbox 1167 2381 1307 2434; x_wconf 64' lang='lat' dir='ltr'><strong>dives</strong></span> <span class='ocrx_word' id='word_1_286' title='bbox 1345 2377 1481 2434; x_wconf 70' lang='grc' dir='ltr'>δαίνυ</span> <span class='ocrx_word' id='word_1_287' title='bbox 1506 2374 1537 2452; x_wconf 83' lang='lat'>§</span> <span class='ocrx_word' id='word_1_288' title='bbox 1565 2374 1661 2431; x_wconf 63' lang='grc' dir='ltr'><strong>Ἦν</strong></span> <span class='ocrx_word' id='word_1_289' title='bbox 1693 2404 1762 2414; x_wconf 85' lang='grc'>-·</span> <span class='ocrx_word' id='word_1_290' title='bbox 1808 2369 1927 2426; x_wconf 77' lang='grc' dir='ltr'><strong>Νοη</strong></span> <span class='ocrx_word' id='word_1_291' title='bbox 1959 2369 2084 2424; x_wconf 64' lang='grc' dir='ltr'><strong>δον-⁸</strong></span> <span class='ocrx_word' id='word_1_292' title='bbox 2261 2385 2334 2439; x_wconf 86' lang='grc' dir='ltr'><strong>Οὐ</strong></span> <span class='ocrx_word' id='word_1_293' title='bbox 2361 2384 2470 2440; x_wconf 82' lang='grc' dir='ltr'><strong>τῶν</strong></span> <span class='ocrx_word' id='word_1_294' title='bbox 2498 2385 2873 2443; x_wconf 74' lang='grc' dir='ltr'>καθευδόντων</span> <span class='ocrx_word' id='word_1_295' title='bbox 2909 2389 3005 2442; x_wconf 70' lang='grc' dir='ltr'>καὶ</span> <span class='ocrx_word' id='word_1_296' title='bbox 3048 2388 3483 2460; x_wconf 77' lang='grc' dir='ltr'>βλακευόντωνὴ</span> <span class='ocrx_word' id='word_1_297' title='bbox 3524 2389 3728 2460; x_wconf 84' lang='grc' dir='ltr'>βασιλεία</span> 
     </span>
    </p>
   </div>
   <div class='ocr_carea' id='block_1_42' title="bbox 491 2464 2065 2551">
    <p class='ocr_par' dir='ltr' id='par_1_42' title="bbox 491 2464 2064 2547">
     <span class='ocr_line' id='line_1_42' title="bbox 491 2464 2064 2547; baseline -0.009 -15"><span class='ocrx_word' id='word_1_298' title='bbox 491 2480 786 2535; x_wconf 89' lang='lat' dir='ltr'><strong>mientium</strong></span> <span class='ocrx_word' id='word_1_299' title='bbox 821 2494 922 2532; x_wconf 86' lang='lat' dir='ltr'><strong>nec</strong></span> <span class='ocrx_word' id='word_1_300' title='bbox 954 2477 1276 2547; x_wconf 85' lang='lat' dir='ltr'><strong>ignavorum</strong></span> <span class='ocrx_word' id='word_1_301' title='bbox 1305 2481 1391 2529; x_wconf 90' lang='lat' dir='ltr'><strong>est</strong></span> <span class='ocrx_word' id='word_1_302' title='bbox 1424 2482 1660 2542; x_wconf 81' lang='lat' dir='ltr'><strong>regnum</strong></span> <span class='ocrx_word' id='word_1_303' title='bbox 1691 2465 1810 2533; x_wconf 88' lang='lat' dir='ltr'><strong>Dei,</strong></span> <span class='ocrx_word' id='word_1_304' title='bbox 1846 2464 1941 2521; x_wconf 79' lang='lat' dir='ltr'><strong>sed</strong></span> <span class='ocrx_word' id='word_1_305' title='bbox 1977 2464 2064 2518; x_wconf 84' lang='lat' dir='ltr'><strong>vio</strong></span> 
     </span>
    </p>
   </div>
   <div class='ocr_carea' id='block_1_43' title="bbox 2151 2464 3725 2551">
    <p class='ocr_par' dir='ltr' id='par_1_43' title="bbox 2187 2475 3725 2551">
     <span class='ocr_line' id='line_1_43' title="bbox 2187 2475 3725 2551; baseline 0.002 -20"><span class='ocrx_word' id='word_1_306' title='bbox 2187 2476 2282 2531; x_wconf 92' lang='grc' dir='ltr'><strong>τοῦ</strong></span> <span class='ocrx_word' id='word_1_307' title='bbox 2317 2475 2477 2541; x_wconf 87' lang='grc' dir='ltr'>Θεοῦ,</span> <span class='ocrx_word' id='word_1_308' title='bbox 2504 2477 2621 2531; x_wconf 84' lang='grc' dir='ltr'>ἀλλ’</span> <span class='ocrx_word' id='word_1_309' title='bbox 2649 2478 2699 2530; x_wconf 81' lang='grc' dir='ltr'><strong>οἱ</strong></span> <span class='ocrx_word' id='word_1_310' title='bbox 2732 2477 2955 2549; x_wconf 56' lang='grc' dir='ltr'><strong>βιασταὶ⁹</strong></span> <span class='ocrx_word' id='word_1_311' title='bbox 3009 2479 3358 2550; x_wconf 78' lang='grc' dir='ltr'>ἁρπάζουσιν</span> <span class='ocrx_word' id='word_1_312' title='bbox 3392 2480 3572 2551; x_wconf 84' lang='grc' dir='ltr'>αὑτήν.</span> <span class='ocrx_word' id='word_1_313' title='bbox 3611 2481 3725 2550; x_wconf 79' lang='grc' dir='ltr'><strong>Αὕτη</strong></span> 
     </span>
    </p>
   </div>
   <div class='ocr_carea' id='block_1_44' title="bbox 490 2551 2064 2645">
    <p class='ocr_par' dir='ltr' id='par_1_44' title="bbox 490 2551 2064 2638">
     <span class='ocr_line' id='line_1_44' title="bbox 490 2551 2064 2638; baseline -0.009 -16"><span class='ocrx_word' id='word_1_314' title='bbox 490 2570 622 2624; x_wconf 89' lang='lat' dir='ltr'><strong>lenti</strong></span> <span class='ocrx_word' id='word_1_315' title='bbox 649 2569 872 2638; x_wconf 88' lang='lat' dir='ltr'><strong>rapiunt</strong></span> <span class='ocrx_word' id='word_1_316' title='bbox 903 2566 1057 2620; x_wconf 89' lang='lat' dir='ltr'><strong>illud.</strong></span> <span class='ocrx_word' id='word_1_317' title='bbox 1087 2564 1199 2620; x_wconf 83' lang='lat' dir='ltr'><strong>Hoc</strong></span> <span class='ocrx_word' id='word_1_318' title='bbox 1224 2563 1372 2618; x_wconf 91' lang='lat' dir='ltr'><strong>enim</strong></span> <span class='ocrx_word' id='word_1_319' title='bbox 1397 2563 1578 2619; x_wconf 87' lang='lat' dir='ltr'><strong>solum</strong></span> <span class='ocrx_word' id='word_1_320' title='bbox 1606 2551 1883 2615; x_wconf 69' lang='lat' dir='ltr'><strong>violentia:</strong></span> <span class='ocrx_word' id='word_1_321' title='bbox 1907 2570 2064 2627; x_wconf 77' lang='lat' dir='ltr'><strong>genu:</strong></span> 
     </span>
    </p>
   </div>
   <div class='ocr_carea' id='block_1_45' title="bbox 2151 2551 3725 2645">
    <p class='ocr_par' dir='ltr' id='par_1_45' title="bbox 2187 2569 3725 2645">
     <span class='ocr_line' id='line_1_45' title="bbox 2187 2569 3725 2645; baseline 0 -21"><span class='ocrx_word' id='word_1_322' title='bbox 2187 2570 2296 2642; x_wconf 79' lang='grc' dir='ltr'><strong>γὰρ</strong></span> <span class='ocrx_word' id='word_1_323' title='bbox 2321 2570 2458 2641; x_wconf 86' lang='grc' dir='ltr'>μόνη</span> <span class='ocrx_word' id='word_1_324' title='bbox 2487 2569 2578 2640; x_wconf 90' lang='grc' dir='ltr'><strong>βία</strong></span> <span class='ocrx_word' id='word_1_325' title='bbox 2611 2571 2775 2642; x_wconf 82' lang='grc' dir='ltr'>καλὴ,</span> <span class='ocrx_word' id='word_1_326' title='bbox 2802 2569 2938 2624; x_wconf 90' lang='grc' dir='ltr'>Θεὸν</span> <span class='ocrx_word' id='word_1_327' title='bbox 2983 2569 3307 2642; x_wconf 81' lang='grc' dir='ltr'>βιάσασθαι,</span> <span class='ocrx_word' id='word_1_328' title='bbox 3343 2573 3436 2625; x_wconf 79' lang='grc' dir='ltr'>καὶ</span> <span class='ocrx_word' id='word_1_329' title='bbox 3468 2572 3605 2645; x_wconf 84' lang='grc' dir='ltr'>παρὰ</span> <span class='ocrx_word' id='word_1_330' title='bbox 3623 2572 3725 2626; x_wconf 85' lang='grc' dir='ltr'>Θεοῦ</span> 
     </span>
    </p>
   </div>
   <div class='ocr_carea' id='block_1_46' title="bbox 491 2649 2065 2735">
    <p class='ocr_par' dir='ltr' id='par_1_46' title="bbox 491 2649 2065 2728">
     <span class='ocr_line' id='line_1_46' title="bbox 491 2649 2065 2728; baseline -0.007 -17"><span class='ocrx_word' id='word_1_331' title='bbox 491 2660 790 2715; x_wconf 88' lang='lat' dir='ltr'><strong>honestum</strong></span> <span class='ocrx_word' id='word_1_332' title='bbox 823 2666 880 2713; x_wconf 88' lang='lat' dir='ltr'><strong>et</strong></span> <span class='ocrx_word' id='word_1_333' title='bbox 914 2658 1241 2728; x_wconf 63' lang='lat' dir='ltr'><strong>praclarum</strong></span> <span class='ocrx_word' id='word_1_334' title='bbox 1266 2662 1374 2718; x_wconf 90' lang='lat' dir='ltr'><strong>est,</strong></span> <span class='ocrx_word' id='word_1_335' title='bbox 1410 2651 1522 2708; x_wconf 92' lang='lat' dir='ltr'><strong>Deo</strong></span> <span class='ocrx_word' id='word_1_336' title='bbox 1549 2652 1663 2706; x_wconf 91' lang='lat' dir='ltr'><strong>vim</strong></span> <span class='ocrx_word' id='word_1_337' title='bbox 1700 2649 1937 2711; x_wconf 77' lang='lat' dir='ltr'><strong>inferre,</strong></span> <span class='ocrx_word' id='word_1_338' title='bbox 1970 2657 2024 2701; x_wconf 92' lang='lat' dir='ltr'><strong>et</strong></span> <span class='ocrx_word' id='word_1_339' title='bbox 2054 2662 2065 2700; x_wconf 88' lang='lat'><strong>:</strong></span> 
     </span>
    </p>
   </div>
   <div class='ocr_carea' id='block_1_47' title="bbox 2148 2649 3722 2735">
    <p class='ocr_par' dir='ltr' id='par_1_47' title="bbox 2189 2660 3722 2735">
     <span class='ocr_line' id='line_1_47' title="bbox 2189 2660 3722 2735; baseline 0.001 -21"><span class='ocrx_word' id='word_1_340' title='bbox 2189 2660 2334 2732; x_wconf 82' lang='grc' dir='ltr'>ζωὴν</span> <span class='ocrx_word' id='word_1_341' title='bbox 2364 2661 2630 2732; x_wconf 87' lang='grc' dir='ltr'>ἁρπάσαι.</span> <span class='ocrx_word' id='word_1_342' title='bbox 2671 2661 2731 2714; x_wconf 84' lang='grc'><strong>⁸0</strong></span> <span class='ocrx_word' id='word_1_343' title='bbox 2758 2661 2814 2714; x_wconf 87' lang='grc' dir='ltr'><strong>δέ</strong></span> <span class='ocrx_word' id='word_1_344' title='bbox 2847 2663 3011 2730; x_wconf 76' lang='grc' dir='ltr'>γνοὺς</span> <span class='ocrx_word' id='word_1_345' title='bbox 3039 2665 3168 2728; x_wconf 81' lang='grc' dir='ltr'>τοὺς</span> <span class='ocrx_word' id='word_1_346' title='bbox 3205 2662 3460 2734; x_wconf 86' lang='grc' dir='ltr'>βεϐαίως,</span> <span class='ocrx_word' id='word_1_347' title='bbox 3495 2663 3667 2735; x_wconf 81' lang='grc' dir='ltr'>μᾶλλον</span> <span class='ocrx_word' id='word_1_348' title='bbox 3686 2663 3722 2716; x_wconf 74' lang='grc' dir='ltr'>δὲ</span> 
     </span>
    </p>
   </div>
   <div class='ocr_carea' id='block_1_48' title="bbox 491 2739 2065 2825">
    <p class='ocr_par' dir='ltr' id='par_1_48' title="bbox 491 2739 2065 2819">
     <span class='ocr_line' id='line_1_48' title="bbox 491 2739 2065 2819; baseline -0.008 -16"><span class='ocrx_word' id='word_1_349' title='bbox 491 2750 602 2806; x_wconf 84' lang='lat' dir='ltr'><strong>Deo</strong></span> <span class='ocrx_word' id='word_1_350' title='bbox 630 2750 798 2804; x_wconf 86' lang='lat' dir='ltr'><strong>vitam</strong></span> <span class='ocrx_word' id='word_1_351' title='bbox 846 2757 1199 2819; x_wconf 80' lang='lat' dir='ltr'><strong>extorquere.</strong></span> <span class='ocrx_word' id='word_1_352' title='bbox 1252 2744 1350 2800; x_wconf 85' lang='lat' dir='ltr'><strong>Ille</strong></span> <span class='ocrx_word' id='word_1_353' title='bbox 1376 2752 1585 2805; x_wconf 86' lang='lat' dir='ltr'><strong>autem.</strong></span> <span class='ocrx_word' id='word_1_354' title='bbox 1641 2756 1769 2796; x_wconf 91' lang='lat' dir='ltr'><strong>cum</strong></span> <span class='ocrx_word' id='word_1_355' title='bbox 1825 2739 2065 2810; x_wconf 83' lang='lat' dir='ltr'><strong>cognito:</strong></span> 
     </span>
    </p>
   </div>
   <div class='ocr_carea' id='block_1_49' title="bbox 2148 2739 3722 2825">
    <p class='ocr_par' dir='ltr' id='par_1_49' title="bbox 2189 2751 3722 2825">
     <span class='ocr_line' id='line_1_49' title="bbox 2189 2751 3722 2825; baseline -0.002 -19"><span class='ocrx_word' id='word_1_356' title='bbox 2189 2752 2380 2823; x_wconf 87' lang='grc' dir='ltr'>βιαίως</span> <span class='ocrx_word' id='word_1_357' title='bbox 2421 2752 2844 2824; x_wconf 84' lang='grc' dir='ltr'>ἀντεχομένους,</span> <span class='ocrx_word' id='word_1_358' title='bbox 2891 2752 3244 2825; x_wconf 83' lang='grc' dir='ltr'>συνεχώρησε</span> <span class='ocrx_word' id='word_1_359' title='bbox 3292 2756 3384 2809; x_wconf 84' lang='grc' dir='ltr'>καὶ</span> <span class='ocrx_word' id='word_1_360' title='bbox 3417 2751 3544 2820; x_wconf 74' lang='grc' dir='ltr'>εἶξε.</span> <span class='ocrx_word' id='word_1_361' title='bbox 3575 2752 3722 2825; x_wconf 86' lang='grc' dir='ltr'>Χαίρει</span> 
     </span>
    </p>
   </div>
   <div class='ocr_carea' id='block_1_50' title="bbox 490 2831 2064 2917">
    <p class='ocr_par' dir='ltr' id='par_1_50' title="bbox 490 2831 2060 2912">
     <span class='ocr_line' id='line_1_50' title="bbox 490 2831 2060 2912; baseline -0.008 -18"><span class='ocrx_word' id='word_1_362' title='bbox 490 2843 614 2898; x_wconf 89' lang='lat' dir='ltr'><strong>illos</strong></span> <span class='ocrx_word' id='word_1_363' title='bbox 655 2843 878 2908; x_wconf 85' lang='lat' dir='ltr'><strong>habeat,</strong></span> <span class='ocrx_word' id='word_1_364' title='bbox 905 2841 998 2912; x_wconf 92' lang='lat' dir='ltr'><strong>qui</strong></span> <span class='ocrx_word' id='word_1_365' title='bbox 1032 2839 1286 2901; x_wconf 77' lang='lat' dir='ltr'><strong>ﬁrmiter,</strong></span> <span class='ocrx_word' id='word_1_366' title='bbox 1322 2837 1430 2890; x_wconf 89' lang='lat' dir='ltr'><strong>imo</strong></span> <span class='ocrx_word' id='word_1_367' title='bbox 1466 2835 1742 2890; x_wconf 88' lang='lat' dir='ltr'><strong>violenter</strong></span> <span class='ocrx_word' id='word_1_368' title='bbox 1776 2831 2060 2901; x_wconf 82' lang='lat' dir='ltr'><strong>stringunt</strong></span> 
     </span>
    </p>
   </div>
   <div class='ocr_carea' id='block_1_51' title="bbox 1645 2831 3219 2917">
    <p class='ocr_par' dir='ltr' id='par_1_51' title="bbox 1645 2831 3219 2917">
     <span class='ocr_line' id='line_1_51' title="bbox 1645 2831 3219 2917; baseline 0.004 -24"><span class='ocrx_word' id='word_1_369' title='bbox 1645 2841 1742 2888; x_wconf 76' lang='grc' dir='ltr'>ιῑθι·</span> <span class='ocrx_word' id='word_1_370' title='bbox 1776 2831 2082 2901; x_wconf 66' lang='lat' dir='ltr'><strong>stringunt.</strong></span> <span class='ocrx_word' id='word_1_371' title='bbox 2187 2845 2298 2916; x_wconf 84' lang='grc' dir='ltr'><strong>γὰρ</strong></span> <span class='ocrx_word' id='word_1_372' title='bbox 2319 2846 2347 2898; x_wconf 83' lang='grc' dir='ltr'>ὁ</span> <span class='ocrx_word' id='word_1_373' title='bbox 2370 2845 2502 2908; x_wconf 84' lang='grc' dir='ltr'>Θεὸς</span> <span class='ocrx_word' id='word_1_374' title='bbox 2524 2845 2592 2898; x_wconf 79' lang='grc' dir='ltr'>τὰ</span> <span class='ocrx_word' id='word_1_375' title='bbox 2620 2843 2848 2898; x_wconf 90' lang='grc' dir='ltr'>τοιαῦτα</span> <span class='ocrx_word' id='word_1_376' title='bbox 2877 2844 3219 2917; x_wconf 80' lang='grc' dir='ltr'>ἡττώμενος.</span> 
     </span>
    </p>
   </div>
   <div class='ocr_carea' id='block_1_52' title="bbox 490 2923 2085 2996">
    <p class='ocr_par' dir='ltr' id='par_1_52' title="bbox 490 2923 2085 2996">
     <span class='ocr_line' id='line_1_52' title="bbox 490 2923 2085 2996; baseline -0.006 -9"><span class='ocrx_word' id='word_1_377' title='bbox 490 2935 757 2990; x_wconf 68' lang='lat' dir='ltr'><strong>concedet</strong></span> <span class='ocrx_word' id='word_1_378' title='bbox 811 2943 866 2989; x_wconf 92' lang='lat' dir='ltr'><strong>et</strong></span> <span class='ocrx_word' id='word_1_379' title='bbox 917 2933 1072 2987; x_wconf 88' lang='lat' dir='ltr'><strong>dabit</strong></span> <span class='ocrx_word' id='word_1_380' title='bbox 1113 2945 1336 2986; x_wconf 90' lang='lat' dir='ltr'><strong>manus.</strong></span> <span class='ocrx_word' id='word_1_381' title='bbox 1372 2927 1516 2985; x_wconf 89' lang='lat' dir='ltr'><strong>Deus</strong></span> <span class='ocrx_word' id='word_1_382' title='bbox 1557 2928 1706 2983; x_wconf 92' lang='lat' dir='ltr'><strong>enim</strong></span> <span class='ocrx_word' id='word_1_383' title='bbox 1739 2925 1943 2996; x_wconf 77' lang='lat' dir='ltr'><strong>gaudet</strong></span> <span class='ocrx_word' id='word_1_384' title='bbox 1979 2923 2085 2978; x_wconf 88' lang='lat' dir='ltr'><strong>hoc</strong></span> 
     </span>
    </p>
   </div>
   <div class='ocr_carea' id='block_1_53' title="bbox 497 3024 1535 3096">
    <p class='ocr_par' dir='ltr' id='par_1_53' title="bbox 497 3024 1535 3096">
     <span class='ocr_line' id='line_1_53' title="bbox 497 3024 1535 3096; baseline -0.012 -17"><span class='ocrx_word' id='word_1_385' title='bbox 497 3027 660 3081; x_wconf 88' lang='lat' dir='ltr'><strong>modo</strong></span> <span class='ocrx_word' id='word_1_386' title='bbox 684 3024 962 3096; x_wconf 88' lang='lat' dir='ltr'><strong>superari.</strong></span> 
     </span>
    </p>
   </div>
   <div class='ocr_carea' id='block_1_54' title="bbox 565 3104 2139 3188">
    <p class='ocr_par' dir='ltr' id='par_1_54' title="bbox 565 3107 2139 3188">
     <span class='ocr_line' id='line_1_54' title="bbox 565 3107 2139 3188; baseline -0.012 -9"><span class='ocrx_word' id='word_1_387' title='bbox 565 3116 762 3188; x_wconf 79' lang='lat' dir='ltr'><strong>Ejusd.</strong></span> <span class='ocrx_word' id='word_1_388' title='bbox 795 3131 860 3170; x_wconf 79' lang='lat' dir='ltr'><strong>ea:</strong></span> <span class='ocrx_word' id='word_1_389' title='bbox 881 3116 1035 3185; x_wconf 81' lang='lat' dir='ltr'><strong>epist.</strong></span> <span class='ocrx_word' id='word_1_390' title='bbox 1066 3114 1158 3168; x_wconf 73' lang='lat'><strong>2|.</strong></span> <span class='ocrx_word' id='word_1_391' title='bbox 1185 3144 1255 3155; x_wconf 95' lang='grc'><strong><em>--</em></strong></span> <span class='ocrx_word' id='word_1_392' title='bbox 1291 3112 1536 3183; x_wconf 77' lang='lat' dir='ltr'><strong>Regnum</strong></span> <span class='ocrx_word' id='word_1_393' title='bbox 1572 3111 1708 3165; x_wconf 90' lang='lat' dir='ltr'><strong>illud</strong></span> <span class='ocrx_word' id='word_1_394' title='bbox 1747 3107 2084 3179; x_wconf 86' lang='lat' dir='ltr'><strong>incorrupti-</strong></span> <span class='ocrx_word' id='word_1_395' title='bbox 2110 3112 2139 3172; x_wconf 76' lang='grc' dir='ltr'><strong>ί</strong></span> 
     </span>
    </p>
   </div>
   <div class='ocr_carea' id='block_1_55' title="bbox 2150 3104 3724 3188">
    <p class='ocr_par' dir='ltr' id='par_1_55' title="bbox 2150 3104 3724 3186">
     <span class='ocr_line' id='line_1_55' title="bbox 2150 3104 3724 3186; baseline -0.003 -17"><span class='ocrx_word' id='word_1_396' title='bbox 2150 3115 2154 3169; x_wconf 79' lang='grc' dir='ltr'>ἱ</span> <span class='ocrx_word' id='word_1_397' title='bbox 2258 3111 2375 3166; x_wconf 84' lang='grc' dir='ltr'>Οὑκ</span> <span class='ocrx_word' id='word_1_398' title='bbox 2410 3111 2524 3183; x_wconf 84' lang='grc' dir='ltr'>ἔχει</span> <span class='ocrx_word' id='word_1_399' title='bbox 2555 3104 2873 3184; x_wconf 74' lang='grc' dir='ltr'>’ἐπιθυμίαν</span> <span class='ocrx_word' id='word_1_400' title='bbox 2907 3120 2934 3160; x_wconf 70' lang='grc'><strong><em>1</em></strong></span> <span class='ocrx_word' id='word_1_401' title='bbox 2963 3113 2996 3185; x_wconf 75' lang='grc' dir='ltr'><strong>ἡ</strong></span> <span class='ocrx_word' id='word_1_402' title='bbox 3027 3111 3310 3186; x_wconf 83' lang='grc' dir='ltr'>ἄφθαρτος</span> <span class='ocrx_word' id='word_1_403' title='bbox 3349 3109 3602 3183; x_wconf 87' lang='grc' dir='ltr'>βασιλεία,</span> <span class='ocrx_word' id='word_1_404' title='bbox 3623 3109 3724 3164; x_wconf 75' lang='grc' dir='ltr'>ἀλλὰ</span> 
     </span>
    </p>
   </div>
   <div class='ocr_carea' id='block_1_56' title="bbox 489 3199 2063 3278">
    <p class='ocr_par' dir='ltr' id='par_1_56' title="bbox 489 3199 2062 3278">
     <span class='ocr_line' id='line_1_56' title="bbox 489 3199 2062 3278; baseline -0.009 -11"><span class='ocrx_word' id='word_1_405' title='bbox 489 3211 605 3267; x_wconf 89' lang='lat' dir='ltr'><strong>bile</strong></span> <span class='ocrx_word' id='word_1_406' title='bbox 639 3207 1002 3278; x_wconf 85' lang='lat' dir='ltr'><strong>cupiditatem</strong></span> <span class='ocrx_word' id='word_1_407' title='bbox 1042 3221 1150 3260; x_wconf 87' lang='lat' dir='ltr'><strong>non</strong></span> <span class='ocrx_word' id='word_1_408' title='bbox 1177 3204 1362 3268; x_wconf 88' lang='lat' dir='ltr'><strong>habet,</strong></span> <span class='ocrx_word' id='word_1_409' title='bbox 1393 3202 1489 3258; x_wconf 89' lang='lat' dir='ltr'><strong>sed</strong></span> <span class='ocrx_word' id='word_1_410' title='bbox 1517 3201 1788 3256; x_wconf 91' lang='lat' dir='ltr'><strong>bonorum</strong></span> <span class='ocrx_word' id='word_1_411' title='bbox 1830 3199 2062 3254; x_wconf 90' lang='lat' dir='ltr'><strong>omniun</strong></span> 
     </span>
    </p>
   </div>
   <div class='ocr_carea' id='block_1_57' title="bbox 2151 3199 3725 3278">
    <p class='ocr_par' dir='ltr' id='par_1_57' title="bbox 2193 3202 3725 3275">
     <span class='ocr_line' id='line_1_57' title="bbox 2193 3202 3725 3275; baseline -0.003 -16"><span class='ocrx_word' id='word_1_412' title='bbox 2193 3205 2498 3275; x_wconf 83' lang='grc' dir='ltr'>παρουσίαν</span> <span class='ocrx_word' id='word_1_413' title='bbox 2529 3206 2747 3260; x_wconf 85' lang='grc' dir='ltr'>πάντων</span> <span class='ocrx_word' id='word_1_414' title='bbox 2815 3205 2925 3259; x_wconf 84' lang='grc' dir='ltr'>τῶν</span> <span class='ocrx_word' id='word_1_415' title='bbox 2984 3203 3232 3275; x_wconf 56' lang='grc' dir='ltr'>ἀγαθῶν,</span> <span class='ocrx_word' id='word_1_416' title='bbox 3269 3204 3432 3259; x_wconf 85' lang='grc' dir='ltr'>Ὅθεν</span> <span class='ocrx_word' id='word_1_417' title='bbox 3478 3207 3570 3258; x_wconf 75' lang='grc' dir='ltr'><strong>οὐκ</strong></span> <span class='ocrx_word' id='word_1_418' title='bbox 3615 3202 3725 3256; x_wconf 79' lang='grc' dir='ltr'>ἐστιν</span> 
     </span>
    </p>
   </div>
   <div class='ocr_carea' id='block_1_58' title="bbox 493 3292 2067 3374">
    <p class='ocr_par' dir='ltr' id='par_1_58' title="bbox 493 3292 2067 3374">
     <span class='ocr_line' id='line_1_58' title="bbox 493 3292 2067 3374; baseline -0.011 -16"><span class='ocrx_word' id='word_1_419' title='bbox 493 3302 866 3374; x_wconf 72' lang='lat' dir='ltr'><strong>praesentiam.</strong></span> <span class='ocrx_word' id='word_1_420' title='bbox 910 3297 1067 3355; x_wconf 89' lang='lat' dir='ltr'><strong>Unde</strong></span> <span class='ocrx_word' id='word_1_421' title='bbox 1118 3297 1193 3351; x_wconf 91' lang='lat' dir='ltr'><strong>ibi</strong></span> <span class='ocrx_word' id='word_1_422' title='bbox 1248 3310 1359 3350; x_wconf 92' lang='lat' dir='ltr'><strong>non</strong></span> <span class='ocrx_word' id='word_1_423' title='bbox 1397 3305 1480 3350; x_wconf 89' lang='lat' dir='ltr'><strong>est</strong></span> <span class='ocrx_word' id='word_1_424' title='bbox 1507 3292 1833 3363; x_wconf 83' lang='lat' dir='ltr'><strong>cupiditatis</strong></span> <span class='ocrx_word' id='word_1_425' title='bbox 1865 3292 2026 3348; x_wconf 92' lang='lat' dir='ltr'><strong>locus</strong></span> <span class='ocrx_word' id='word_1_426' title='bbox 2065 3309 2067 3341; x_wconf 92' lang='lat'><em>:</em></span> 
     </span>
    </p>
   </div>
   <div class='ocr_carea' id='block_1_59' title="bbox 2150 3292 3724 3374">
    <p class='ocr_par' dir='ltr' id='par_1_59' title="bbox 2191 3298 3724 3371">
     <span class='ocr_line' id='line_1_59' title="bbox 2191 3298 3724 3371; baseline -0.003 -19"><span class='ocrx_word' id='word_1_427' title='bbox 2191 3299 2572 3370; x_wconf 81' lang='grc' dir='ltr'>ἐπιθυμῆσαι·</span> <span class='ocrx_word' id='word_1_428' title='bbox 2610 3301 2674 3352; x_wconf 85' lang='grc' dir='ltr'><strong>ἐκ</strong></span> <span class='ocrx_word' id='word_1_429' title='bbox 2732 3298 2844 3369; x_wconf 85' lang='grc' dir='ltr'><strong>γὰρ</strong></span> <span class='ocrx_word' id='word_1_430' title='bbox 2888 3298 2985 3355; x_wconf 91' lang='grc' dir='ltr'><strong>τοῦ</strong></span> <span class='ocrx_word' id='word_1_431' title='bbox 3029 3300 3303 3371; x_wconf 82' lang='grc' dir='ltr'>ὑστερεῖν,</span> <span class='ocrx_word' id='word_1_432' title='bbox 3377 3299 3439 3354; x_wconf 86' lang='grc' dir='ltr'><strong>τὸ</strong></span> <span class='ocrx_word' id='word_1_433' title='bbox 3485 3298 3724 3368; x_wconf 78' lang='grc' dir='ltr'>ἐπιθυμεῖν</span> 
     </span>
    </p>
   </div>
   <div class='ocr_carea' id='block_1_60' title="bbox 490 3383 3723 3465">
    <p class='ocr_par' dir='ltr' id='par_1_60' title="bbox 490 3383 3723 3465">
     <span class='ocr_line' id='line_1_60' title="bbox 490 3383 3723 3465; baseline -0.003 -15"><span class='ocrx_word' id='word_1_434' title='bbox 490 3412 558 3452; x_wconf 83' lang='lat' dir='ltr'><strong>ex</strong></span> <span class='ocrx_word' id='word_1_435' title='bbox 597 3394 825 3465; x_wconf 84' lang='lat' dir='ltr'><strong>penuria</strong></span> <span class='ocrx_word' id='word_1_436' title='bbox 877 3392 1079 3462; x_wconf 89' lang='lat' dir='ltr'><strong>quippe</strong></span> <span class='ocrx_word' id='word_1_437' title='bbox 1133 3387 1300 3460; x_wconf 67' lang='grc'><strong>384</strong></span> <span class='ocrx_word' id='word_1_438' title='bbox 1356 3385 1633 3456; x_wconf 84' lang='lat' dir='ltr'><strong>cupiditas</strong></span> <span class='ocrx_word' id='word_1_439' title='bbox 1681 3385 1898 3450; x_wconf 88' lang='lat' dir='ltr'><strong>oritur;</strong></span> <span class='ocrx_word' id='word_1_440' title='bbox 1934 3383 2082 3454; x_wconf 92' lang='lat' dir='ltr'><strong>quod</strong></span> <span class='ocrx_word' id='word_1_441' title='bbox 2192 3393 2374 3446; x_wconf 88' lang='grc' dir='ltr'>ἐστιν·</span> <span class='ocrx_word' id='word_1_442' title='bbox 2411 3395 2475 3445; x_wconf 89' lang='grc' dir='ltr'><strong>ἐκ</strong></span> <span class='ocrx_word' id='word_1_443' title='bbox 2513 3391 2571 3446; x_wconf 81' lang='grc' dir='ltr'>δὲ</span> <span class='ocrx_word' id='word_1_444' title='bbox 2606 3390 2697 3445; x_wconf 88' lang='grc' dir='ltr'><strong>τοῦ</strong></span> <span class='ocrx_word' id='word_1_445' title='bbox 2740 3393 2917 3446; x_wconf 82' lang='grc' dir='ltr'>πάντα</span> <span class='ocrx_word' id='word_1_446' title='bbox 2940 3391 3106 3462; x_wconf 77' lang='grc' dir='ltr'>ἔχειν,</span> <span class='ocrx_word' id='word_1_447' title='bbox 3139 3393 3204 3445; x_wconf 82' lang='grc' dir='ltr'><strong>τὸ</strong></span> <span class='ocrx_word' id='word_1_448' title='bbox 3227 3391 3458 3463; x_wconf 82' lang='grc' dir='ltr'>μηδενὸς</span> <span class='ocrx_word' id='word_1_449' title='bbox 3487 3390 3723 3459; x_wconf 78' lang='grc' dir='ltr'>ἐπιθυμεῖν</span> 
     </span>
    </p>
   </div>
   <div class='ocr_carea' id='block_1_61' title="bbox 490 3477 2064 3558">
    <p class='ocr_par' dir='ltr' id='par_1_61' title="bbox 490 3477 2059 3557">
     <span class='ocr_line' id='line_1_61' title="bbox 490 3477 2059 3557; baseline -0.009 -13"><span class='ocrx_word' id='word_1_450' title='bbox 490 3503 626 3544; x_wconf 87' lang='lat' dir='ltr'><strong>vero</strong></span> <span class='ocrx_word' id='word_1_451' title='bbox 648 3485 773 3557; x_wconf 87' lang='lat' dir='ltr'><strong>quis</strong></span> <span class='ocrx_word' id='word_1_452' title='bbox 802 3483 1063 3538; x_wconf 89' lang='lat' dir='ltr'><strong>omnibus</strong></span> <span class='ocrx_word' id='word_1_453' title='bbox 1105 3481 1372 3553; x_wconf 87' lang='lat' dir='ltr'><strong>potiatur,</strong></span> <span class='ocrx_word' id='word_1_454' title='bbox 1404 3479 1532 3533; x_wconf 89' lang='lat' dir='ltr'><strong>hinc</strong></span> <span class='ocrx_word' id='word_1_455' title='bbox 1582 3477 1790 3541; x_wconf 92' lang='lat' dir='ltr'><strong>oritur,</strong></span> <span class='ocrx_word' id='word_1_456' title='bbox 1838 3485 1898 3530; x_wconf 87' lang='lat' dir='ltr'><strong>ut</strong></span> <span class='ocrx_word' id='word_1_457' title='bbox 1945 3477 2059 3531; x_wconf 92' lang='lat' dir='ltr'><strong>nihi</strong></span> 
     </span>
    </p>
   </div>
   <div class='ocr_carea' id='block_1_62' title="bbox 2147 3477 3721 3558">
    <p class='ocr_par' dir='ltr' id='par_1_62' title="bbox 2193 3483 3721 3558">
     <span class='ocr_line' id='line_1_62' title="bbox 2193 3483 3721 3558; baseline -0.003 -20"><span class='ocrx_word' id='word_1_458' title='bbox 2193 3487 2330 3538; x_wconf 90' lang='grc' dir='ltr'>ἐστι.</span> <span class='ocrx_word' id='word_1_459' title='bbox 2367 3514 2437 3525; x_wconf 93' lang='grc'><strong><em>-</em></strong></span> <span class='ocrx_word' id='word_1_460' title='bbox 2465 3483 2757 3539; x_wconf 88' lang='grc' dir='ltr'>Βασιλείαν</span> <span class='ocrx_word' id='word_1_461' title='bbox 2806 3484 2944 3550; x_wconf 74' lang='grc' dir='ltr'>Θεοῦ</span> <span class='ocrx_word' id='word_1_462' title='bbox 3003 3484 3251 3551; x_wconf 82' lang='grc' dir='ltr'>λεκτέον,</span> <span class='ocrx_word' id='word_1_463' title='bbox 3295 3486 3393 3558; x_wconf 82' lang='grc' dir='ltr'>τὴν</span> <span class='ocrx_word' id='word_1_464' title='bbox 3444 3487 3721 3540; x_wconf 75' lang='grc' dir='ltr'>κατάστασιν</span> 
     </span>
    </p>
   </div>
   <div class='ocr_carea' id='block_1_63' title="bbox 491 3566 2065 3649">
    <p class='ocr_par' dir='ltr' id='par_1_63' title="bbox 491 3566 2065 3648">
     <span class='ocr_line' id='line_1_63' title="bbox 491 3566 2065 3648; baseline -0.007 -16"><span class='ocrx_word' id='word_1_465' title='bbox 491 3578 876 3648; x_wconf 84' lang='lat' dir='ltr'><strong>concupiscat.</strong></span> <span class='ocrx_word' id='word_1_466' title='bbox 907 3605 976 3614; x_wconf 85' lang='lat'><strong>——</strong></span> <span class='ocrx_word' id='word_1_467' title='bbox 1002 3574 1250 3643; x_wconf 79' lang='lat' dir='ltr'><strong>Regnum</strong></span> <span class='ocrx_word' id='word_1_468' title='bbox 1293 3570 1390 3626; x_wconf 88' lang='lat' dir='ltr'><strong>Dei</strong></span> <span class='ocrx_word' id='word_1_469' title='bbox 1442 3577 1622 3625; x_wconf 91' lang='lat' dir='ltr'><strong>status</strong></span> <span class='ocrx_word' id='word_1_470' title='bbox 1647 3582 1845 3624; x_wconf 88' lang='lat' dir='ltr'><strong>eorum</strong></span> <span class='ocrx_word' id='word_1_471' title='bbox 1887 3566 2065 3622; x_wconf 87' lang='lat' dir='ltr'><strong>dicen-</strong></span> 
     </span>
    </p>
   </div>
   <div class='ocr_carea' id='block_1_64' title="bbox 1812 3566 3386 3649">
    <p class='ocr_par' dir='ltr' id='par_1_64' title="bbox 1812 3566 3386 3649">
     <span class='ocr_line' id='line_1_64' title="bbox 1812 3566 3386 3649; baseline 0.003 -22"><span class='ocrx_word' id='word_1_472' title='bbox 1812 3582 1845 3621; x_wconf 81' lang='grc' dir='ltr'><strong>ιι</strong></span> <span class='ocrx_word' id='word_1_473' title='bbox 1887 3566 2083 3622; x_wconf 78' lang='lat' dir='ltr'><strong>dicen-</strong></span> <span class='ocrx_word' id='word_1_474' title='bbox 2191 3577 2302 3631; x_wconf 84' lang='grc' dir='ltr'>τῶν</span> <span class='ocrx_word' id='word_1_475' title='bbox 2328 3576 2470 3631; x_wconf 83' lang='grc' dir='ltr'><strong>κατὰ</strong></span> <span class='ocrx_word' id='word_1_476' title='bbox 2501 3577 2628 3641; x_wconf 82' lang='grc' dir='ltr'>τοὺς</span> <span class='ocrx_word' id='word_1_477' title='bbox 2661 3576 2842 3641; x_wconf 90' lang='grc' dir='ltr'>θείους</span> <span class='ocrx_word' id='word_1_478' title='bbox 2864 3577 3067 3648; x_wconf 86' lang='grc' dir='ltr'>νόμους</span> <span class='ocrx_word' id='word_1_479' title='bbox 3101 3577 3386 3649; x_wconf 80' lang='grc' dir='ltr'>βιούντων.</span> 
     </span>
    </p>
   </div>
   <div class='ocr_carea' id='block_1_65' title="bbox 493 3662 2086 3748">
    <p class='ocr_par' dir='ltr' id='par_1_65' title="bbox 493 3662 2086 3748">
     <span class='ocr_line' id='line_1_65' title="bbox 493 3662 2086 3748; baseline -0.009 -21"><span class='ocrx_word' id='word_1_480' title='bbox 493 3673 600 3748; x_wconf 78' lang='lat' dir='ltr'><strong>dus</strong></span> <span class='ocrx_word' id='word_1_481' title='bbox 627 3679 735 3736; x_wconf 87' lang='lat' dir='ltr'><strong>est,</strong></span> <span class='ocrx_word' id='word_1_482' title='bbox 765 3669 860 3740; x_wconf 90' lang='lat' dir='ltr'><strong>qui</strong></span> <span class='ocrx_word' id='word_1_483' title='bbox 890 3670 1061 3723; x_wconf 86' lang='lat' dir='ltr'><strong>vitam</strong></span> <span class='ocrx_word' id='word_1_484' title='bbox 1093 3671 1256 3738; x_wconf 76' lang='lat' dir='ltr'><strong>agant</strong></span> <span class='ocrx_word' id='word_1_485' title='bbox 1290 3664 1496 3719; x_wconf 88' lang='lat' dir='ltr'><strong>divinis</strong></span> <span class='ocrx_word' id='word_1_486' title='bbox 1536 3662 1750 3734; x_wconf 74' lang='lat' dir='ltr'><strong>legilms</strong></span> <span class='ocrx_word' id='word_1_487' title='bbox 1787 3669 2086 3717; x_wconf 84' lang='lat' dir='ltr'><strong>consenta-</strong></span> 
     </span>
    </p>
   </div>
   <div class='ocr_carea' id='block_1_66' title="bbox 491 3777 680 3819">
    <p class='ocr_par' dir='ltr' id='par_1_66' title="bbox 491 3777 680 3819">
     <span class='ocr_line' id='line_1_66' title="bbox 491 3777 680 3819; baseline -0.011 -1"><span class='ocrx_word' id='word_1_488' title='bbox 491 3777 680 3819; x_wconf 84' lang='lat' dir='ltr'><strong>neam.</strong></span> 
     </span>
    </p>
   </div>
   <div class='ocr_carea' id='block_1_67' title="bbox 495 3866 2069 3954">
    <p class='ocr_par' dir='ltr' id='par_1_67' title="bbox 495 3866 2069 3954">
     <span class='ocr_line' id='line_1_67' title="bbox 495 3866 2069 3954; baseline -0.007 -23"><span class='ocrx_word' id='word_1_489' title='bbox 495 3875 633 3931; x_wconf 86' lang='lat' dir='ltr'><strong>Tl&#39;l‘.</strong></span> <span class='ocrx_word' id='word_1_490' title='bbox 663 3874 728 3930; x_wconf 85' lang='lat' dir='ltr'><strong>ll.</strong></span> <span class='ocrx_word' id='word_1_491' title='bbox 767 3905 832 3917; x_wconf 91' lang='lat'><strong>--</strong></span> <span class='ocrx_word' id='word_1_492' title='bbox 864 3873 938 3928; x_wconf 87' lang='lat' dir='ltr'><strong>De</strong></span> <span class='ocrx_word' id='word_1_493' title='bbox 969 3871 1195 3954; x_wconf 66' lang='lat' dir='ltr'><strong>consilio</strong></span> <span class='ocrx_word' id='word_1_494' title='bbox 1230 3870 1387 3954; x_wconf 48' lang='lat' dir='ltr'><strong>Dei&#39;:</strong></span> <span class='ocrx_word' id='word_1_495' title='bbox 1443 3878 1491 3953; x_wconf 74' lang='lat' dir='ltr'><strong>et</strong></span> <span class='ocrx_word' id='word_1_496' title='bbox 1519 3867 1680 3954; x_wconf 50' lang='lat' dir='ltr'><strong>&quot;quod</strong></span> <span class='ocrx_word' id='word_1_497' title='bbox 1728 3885 1832 3954; x_wconf 37' lang='lat' dir='ltr'><strong>uec‘</strong></span> <span class='ocrx_word' id='word_1_498' title='bbox 1856 3866 2069 3933; x_wconf 82' lang='lat' dir='ltr'><strong>mutari,</strong></span> 
     </span>
    </p>
   </div>
   <div class='ocr_carea' id='block_1_68' title="bbox 2147 3866 3721 3954">
    <p class='ocr_par' dir='ltr' id='par_1_68' title="bbox 2196 3868 3721 3954">
     <span class='ocr_line' id='line_1_68' title="bbox 2196 3868 3721 3954; baseline -0.002 -31"><span class='ocrx_word' id='word_1_499' title='bbox 2196 3870 2380 3926; x_wconf 82' lang='lat' dir='ltr'><strong>TITA.</strong></span> <span class='ocrx_word' id='word_1_500' title='bbox 2425 3871 2498 3954; x_wconf 51' lang='grc' dir='ltr'><strong>ιγ,</strong></span> <span class='ocrx_word' id='word_1_501' title='bbox 2517 3903 2586 3954; x_wconf 75' lang='lat'><strong>—_</strong></span> <span class='ocrx_word' id='word_1_502' title='bbox 2609 3870 2745 3954; x_wconf 69' lang='grc' dir='ltr'>ηερί</span> <span class='ocrx_word' id='word_1_503' title='bbox 2764 3868 3182 3954; x_wconf 34' lang='grc' dir='ltr'>,βουλῇς-Θεοῦ</span> <span class='ocrx_word' id='word_1_504' title='bbox 3197 3885 3214 3902; x_wconf 78' lang='grc' dir='ltr'><strong>ο</strong></span> <span class='ocrx_word' id='word_1_505' title='bbox 3231 3871 3330 3954; x_wconf 55' lang='grc' dir='ltr'><strong>καῖ</strong></span> <span class='ocrx_word' id='word_1_506' title='bbox 3351 3869 3438 3954; x_wconf 70' lang='grc' dir='ltr'>ὅςι</span> <span class='ocrx_word' id='word_1_507' title='bbox 3462 3869 3721 3937; x_wconf 75' lang='grc' dir='ltr'>ἄτρεπτος.</span> 
     </span>
    </p>
   </div>
   <div class='ocr_carea' id='block_1_69' title="bbox 710 3940 2284 4014">
    <p class='ocr_par' dir='ltr' id='par_1_69' title="bbox 710 3940 1854 4014">
     <span class='ocr_line' id='line_1_69' title="bbox 710 3940 1854 4014; baseline -0.007 -14"><span class='ocrx_word' id='word_1_508' title='bbox 710 3961 804 4000; x_wconf 84' lang='lat' dir='ltr'><strong>nec</strong></span> <span class='ocrx_word' id='word_1_509' title='bbox 830 3943 1195 4014; x_wconf 83' lang='lat' dir='ltr'><strong>comprehendi</strong></span> <span class='ocrx_word' id='word_1_510' title='bbox 1218 3941 1283 3996; x_wconf 83' lang='lat' dir='ltr'><strong>ab</strong></span> <span class='ocrx_word' id='word_1_511' title='bbox 1328 3940 1628 3994; x_wconf 83' lang='lat' dir='ltr'><strong>hominibus</strong></span> <span class='ocrx_word' id='word_1_512' title='bbox 1662 3948 1854 4007; x_wconf 82' lang='lat' dir='ltr'><strong>potest.</strong></span> 
     </span>
    </p>
   </div>
   <div class='ocr_carea' id='block_1_70' title="bbox 1987 3940 3561 4014">
    <p class='ocr_par' dir='ltr' id='par_1_70' title="bbox 2396 3940 3561 4012">
     <span class='ocr_line' id='line_1_70' title="bbox 2396 3940 3561 4012; baseline -0.003 -16"><span class='ocrx_word' id='word_1_513' title='bbox 2396 3943 2496 3997; x_wconf 80' lang='grc' dir='ltr'><strong>καί</strong></span> <span class='ocrx_word' id='word_1_514' title='bbox 2545 3942 2870 4012; x_wconf 69' lang='grc' dir='ltr'>ἀνέφικτος</span> <span class='ocrx_word' id='word_1_515' title='bbox 2917 3941 3258 4009; x_wconf 79' lang='grc' dir='ltr'>ἀνθρώποις</span> <span class='ocrx_word' id='word_1_516' title='bbox 3295 3940 3561 4010; x_wconf 80' lang='grc' dir='ltr'>ὑπάρχει.</span> 
     </span>
    </p>
   </div>
   <div class='ocr_carea' id='block_1_71' title="bbox 570 4047 2144 4128">
    <p class='ocr_par' dir='ltr' id='par_1_71' title="bbox 570 4052 2079 4124">
     <span class='ocr_line' id='line_1_71' title="bbox 570 4052 2079 4124; baseline -0.005 -11"><span class='ocrx_word' id='word_1_517' title='bbox 570 4059 722 4115; x_wconf 76' lang='lat' dir='ltr'><strong>Psal.</strong></span> <span class='ocrx_word' id='word_1_518' title='bbox 758 4074 931 4123; x_wconf 79' lang='lat' dir='ltr'><strong>mm,</strong></span> <span class='ocrx_word' id='word_1_519' title='bbox 964 4056 1052 4110; x_wconf 83' lang='grc'><strong>10.</strong></span> <span class='ocrx_word' id='word_1_520' title='bbox 1089 4087 1159 4097; x_wconf 92' lang='grc'><strong><em>-</em></strong></span> <span class='ocrx_word' id='word_1_521' title='bbox 1191 4075 1211 4110; x_wconf 81' lang='grc' dir='ltr'><strong>ι</strong></span> <span class='ocrx_word' id='word_1_522' title='bbox 1249 4056 1512 4113; x_wconf 88' lang='lat' dir='ltr'><strong>Dominus</strong></span> <span class='ocrx_word' id='word_1_523' title='bbox 1554 4054 1795 4124; x_wconf 85' lang='lat' dir='ltr'><strong>dissipat</strong></span> <span class='ocrx_word' id='word_1_524' title='bbox 1842 4052 2079 4109; x_wconf 84' lang='lat' dir='ltr'><strong>consilia</strong></span> 
     </span>
    </p>
   </div>
   <div class='ocr_carea' id='block_1_72' title="bbox 2149 4047 3723 4128">
    <p class='ocr_par' dir='ltr' id='par_1_72' title="bbox 2271 4047 3723 4128">
     <span class='ocr_line' id='line_1_72' title="bbox 2271 4047 3723 4128; baseline -0.006 -20"><span class='ocrx_word' id='word_1_525' title='bbox 2271 4075 2289 4108; x_wconf 79' lang='grc' dir='ltr'><strong>ι</strong></span> <span class='ocrx_word' id='word_1_526' title='bbox 2321 4055 2527 4128; x_wconf 85' lang='grc' dir='ltr'>Κύριος</span> <span class='ocrx_word' id='word_1_527' title='bbox 2559 4051 2901 4118; x_wconf 78' lang='grc' dir='ltr'>διασκεδάζει</span> <span class='ocrx_word' id='word_1_528' title='bbox 2936 4051 3135 4125; x_wconf 79' lang='grc' dir='ltr'>βουλὰς</span> <span class='ocrx_word' id='word_1_529' title='bbox 3163 4053 3340 4110; x_wconf 81' lang='grc' dir='ltr'>ἐθνῶν</span> <span class='ocrx_word' id='word_1_530' title='bbox 3366 4095 3386 4122; x_wconf 92' lang='grc'><strong>,</strong></span> <span class='ocrx_word' id='word_1_531' title='bbox 3421 4049 3649 4108; x_wconf 80' lang='grc' dir='ltr'>ἀθετεῖδέ</span> <span class='ocrx_word' id='word_1_532' title='bbox 3662 4047 3723 4100; x_wconf 85' lang='grc' dir='ltr'>λο·</span> 
     </span>
    </p>
   </div>
   <div class='ocr_carea' id='block_1_73' title="bbox 482 4144 2056 4225">
    <p class='ocr_par' dir='ltr' id='par_1_73' title="bbox 482 4144 2056 4225">
     <span class='ocr_line' id='line_1_73' title="bbox 482 4144 2056 4225; baseline -0.004 -19"><span class='ocrx_word' id='word_1_533' title='bbox 482 4152 779 4225; x_wconf 77' lang='lat' dir='ltr'><strong>.gcntium,</strong></span> <span class='ocrx_word' id='word_1_534' title='bbox 835 4149 1090 4222; x_wconf 90' lang='lat' dir='ltr'><strong>reprobat</strong></span> <span class='ocrx_word' id='word_1_535' title='bbox 1164 4158 1348 4205; x_wconf 88' lang='lat' dir='ltr'><strong>autem</strong></span> <span class='ocrx_word' id='word_1_536' title='bbox 1397 4147 1769 4218; x_wconf 76' lang='lat' dir='ltr'><strong>cogitationes</strong></span> <span class='ocrx_word' id='word_1_537' title='bbox 1838 4144 2056 4216; x_wconf 88' lang='lat' dir='ltr'><strong>populo-</strong></span> 
     </span>
    </p>
   </div>
   <div class='ocr_carea' id='block_1_74' title="bbox 1103 4144 2677 4225">
    <p class='ocr_par' dir='ltr' id='par_1_74' title="bbox 1164 4144 2677 4219">
     <span class='ocr_line' id='line_1_74' title="bbox 1164 4144 2677 4219; baseline -0.005 -15"><span class='ocrx_word' id='word_1_538' title='bbox 1164 4158 1348 4205; x_wconf 88' lang='lat' dir='ltr'><strong>autem</strong></span> <span class='ocrx_word' id='word_1_539' title='bbox 1397 4147 1769 4218; x_wconf 76' lang='lat' dir='ltr'><strong>cogitationes</strong></span> <span class='ocrx_word' id='word_1_540' title='bbox 1838 4144 2074 4216; x_wconf 89' lang='lat' dir='ltr'><strong>populo-</strong></span> <span class='ocrx_word' id='word_1_541' title='bbox 2193 4147 2428 4219; x_wconf 79' lang='grc' dir='ltr'>γισμοὺς</span> <span class='ocrx_word' id='word_1_542' title='bbox 2459 4145 2625 4200; x_wconf 85' lang='grc' dir='ltr'>λαῶν.</span> <span class='ocrx_word' id='word_1_543' title='bbox 2658 4163 2677 4196; x_wconf 77' lang='grc' dir='ltr'><strong>ι</strong></span> 
     </span>
    </p>
   </div>
   <div class='ocr_carea' id='block_1_75' title="bbox 480 4251 840 4312">
    <p class='ocr_par' dir='ltr' id='par_1_75' title="bbox 480 4251 840 4312">
     <span class='ocr_line' id='line_1_75' title="bbox 480 4251 840 4312; baseline -0.008 -12"><span class='ocrx_word' id='word_1_544' title='bbox 480 4261 642 4312; x_wconf 78' lang='lat' dir='ltr'><strong>.rum,</strong></span> <span class='ocrx_word' id='word_1_545' title='bbox 670 4261 692 4294; x_wconf 65' lang='grc' dir='ltr'><strong><em>δ</em></strong></span> <span class='ocrx_word' id='word_1_546' title='bbox 726 4251 840 4299; x_wconf 90' lang='lat' dir='ltr'><strong>etc.</strong></span> 
     </span>
    </p>
   </div>
   <div class='ocr_carea' id='block_1_76' title="bbox 564 4316 2138 4403">
    <p class='ocr_par' dir='ltr' id='par_1_76' title="bbox 564 4329 2075 4403">
     <span class='ocr_line' id='line_1_76' title="bbox 564 4329 2075 4403; baseline -0.007 -10"><span class='ocrx_word' id='word_1_547' title='bbox 564 4337 714 4394; x_wconf 76' lang='lat' dir='ltr'><strong>Psat.</strong></span> <span class='ocrx_word' id='word_1_548' title='bbox 742 4352 928 4403; x_wconf 79' lang='lat' dir='ltr'><strong>vam,</strong></span> <span class='ocrx_word' id='word_1_549' title='bbox 954 4335 1009 4390; x_wconf 83' lang='lat'><strong>5.</strong></span> <span class='ocrx_word' id='word_1_550' title='bbox 1039 4363 1109 4376; x_wconf 91' lang='lat'><strong>—</strong></span> <span class='ocrx_word' id='word_1_551' title='bbox 1146 4352 1166 4386; x_wconf 75' lang='grc' dir='ltr'><strong>ι</strong></span> <span class='ocrx_word' id='word_1_552' title='bbox 1196 4331 1486 4390; x_wconf 87' lang='lat' dir='ltr'><strong>Terribilis</strong></span> <span class='ocrx_word' id='word_1_553' title='bbox 1512 4332 1570 4387; x_wconf 89' lang='lat' dir='ltr'><strong>in</strong></span> <span class='ocrx_word' id='word_1_554' title='bbox 1605 4329 1860 4387; x_wconf 87' lang='lat' dir='ltr'><strong>consiliis</strong></span> <span class='ocrx_word' id='word_1_555' title='bbox 1905 4343 2075 4400; x_wconf 89' lang='lat' dir='ltr'><strong>super</strong></span> 
     </span>
    </p>
   </div>
   <div class='ocr_carea' id='block_1_77' title="bbox 2151 4316 3725 4403">
    <p class='ocr_par' dir='ltr' id='par_1_77' title="bbox 2267 4316 3725 4396">
     <span class='ocr_line' id='line_1_77' title="bbox 2267 4316 3725 4396; baseline -0.005 -18"><span class='ocrx_word' id='word_1_556' title='bbox 2267 4342 2287 4377; x_wconf 79' lang='grc' dir='ltr'><strong>ι</strong></span> <span class='ocrx_word' id='word_1_557' title='bbox 2335 4323 2424 4388; x_wconf 83' lang='grc' dir='ltr'>Ὠς</span> <span class='ocrx_word' id='word_1_558' title='bbox 2463 4322 2693 4394; x_wconf 80' lang='grc' dir='ltr'>φοϐερὸς</span> <span class='ocrx_word' id='word_1_559' title='bbox 2752 4321 2810 4378; x_wconf 85' lang='grc' dir='ltr'><strong>ἐν</strong></span> <span class='ocrx_word' id='word_1_560' title='bbox 2873 4321 3091 4395; x_wconf 84' lang='grc' dir='ltr'>βουλαῖς</span> <span class='ocrx_word' id='word_1_561' title='bbox 3156 4323 3304 4396; x_wconf 78' lang='grc' dir='ltr'>ὑπὲρ</span> <span class='ocrx_word' id='word_1_562' title='bbox 3338 4323 3465 4386; x_wconf 77' lang='grc' dir='ltr'>τοὺς</span> <span class='ocrx_word' id='word_1_563' title='bbox 3504 4319 3636 4380; x_wconf 80' lang='grc' dir='ltr'>υἱοὺς</span> <span class='ocrx_word' id='word_1_564' title='bbox 3661 4316 3725 4367; x_wconf 71' lang='grc' dir='ltr'><strong>ἀνι</strong></span> 
     </span>
    </p>
   </div>
   <div class='ocr_carea' id='block_1_78' title="bbox 482 4415 2056 4489">
    <p class='ocr_par' dir='ltr' id='par_1_78' title="bbox 482 4428 1216 4486">
     <span class='ocr_line' id='line_1_78' title="bbox 482 4428 1216 4486; baseline -0.01 -2"><span class='ocrx_word' id='word_1_565' title='bbox 482 4430 642 4486; x_wconf 72' lang='grc' dir='ltr'>είὶιίοε</span> <span class='ocrx_word' id='word_1_566' title='bbox 678 4428 986 4483; x_wconf 85' lang='lat' dir='ltr'><strong>hominum.</strong></span> <span class='ocrx_word' id='word_1_567' title='bbox 1020 4443 1043 4477; x_wconf 67' lang='grc' dir='ltr'><em>θ</em></span> <span class='ocrx_word' id='word_1_568' title='bbox 1213 4438 1216 4441; x_wconf 92' lang='grc'><strong>·</strong></span> 
     </span>
    </p>
   </div>
   <div class='ocr_carea' id='block_1_79' title="bbox 922 4415 2496 4489">
    <p class='ocr_par' dir='ltr' id='par_1_79' title="bbox 922 4415 2496 4489">
     <span class='ocr_line' id='line_1_79' title="bbox 922 4415 2496 4489; baseline -0.008 -9"><span class='ocrx_word' id='word_1_569' title='bbox 922 4441 986 4481; x_wconf 83' lang='lat' dir='ltr'><strong>m.</strong></span> <span class='ocrx_word' id='word_1_570' title='bbox 1020 4443 1043 4477; x_wconf 68' lang='grc' dir='ltr'><em>θ</em></span> <span class='ocrx_word' id='word_1_571' title='bbox 1213 4438 1216 4441; x_wconf 90' lang='grc'>·</span> <span class='ocrx_word' id='word_1_572' title='bbox 2115 4482 2151 4489; x_wconf 36' lang='grc' dir='ltr'><strong>ι</strong></span> <span class='ocrx_word' id='word_1_573' title='bbox 2194 4415 2452 4489; x_wconf 84' lang='grc' dir='ltr'>θρώπων.</span> <span class='ocrx_word' id='word_1_574' title='bbox 2469 4434 2496 4468; x_wconf 32' lang='grc' dir='ltr'>ί»</span> 
     </span>
    </p>
   </div>
   <div class='ocr_carea' id='block_1_80' title="bbox 573 4482 2147 4584">
    <p class='ocr_par' dir='ltr' id='par_1_80' title="bbox 573 4482 2147 4584">
     <span class='ocr_line' id='line_1_80' title="bbox 573 4482 2147 4584; baseline -0.006 -8"><span class='ocrx_word' id='word_1_575' title='bbox 573 4482 738 4576; x_wconf 53' lang='grc' dir='ltr'><em>ῥὶορξ</em></span> <span class='ocrx_word' id='word_1_576' title='bbox 764 4537 879 4584; x_wconf 80' lang='lat' dir='ltr'><strong>xix,</strong></span> <span class='ocrx_word' id='word_1_577' title='bbox 907 4519 998 4573; x_wconf 71' lang='lat'><strong>2|.</strong></span> <span class='ocrx_word' id='word_1_578' title='bbox 1040 4547 1112 4558; x_wconf 94' lang='lat'><strong>—</strong></span> <span class='ocrx_word' id='word_1_579' title='bbox 1144 4535 1162 4570; x_wconf 88' lang='grc' dir='ltr'><strong>ι</strong></span> <span class='ocrx_word' id='word_1_580' title='bbox 1204 4515 1387 4571; x_wconf 84' lang='lat' dir='ltr'><strong>Multae</strong></span> <span class='ocrx_word' id='word_1_581' title='bbox 1408 4512 1771 4583; x_wconf 84' lang='lat' dir='ltr'><strong>cogitationes</strong></span> <span class='ocrx_word' id='word_1_582' title='bbox 1821 4511 1878 4567; x_wconf 92' lang='lat' dir='ltr'><strong>in</strong></span> <span class='ocrx_word' id='word_1_583' title='bbox 1918 4511 2085 4566; x_wconf 91' lang='lat' dir='ltr'><strong>corde</strong></span> <span class='ocrx_word' id='word_1_584' title='bbox 2115 4482 2147 4541; x_wconf 62' lang='grc' dir='ltr'><strong><em>Ε</em></strong></span> 
     </span>
    </p>
   </div>
   <div class='ocr_carea' id='block_1_81' title="bbox 2151 4482 3725 4584">
    <p class='ocr_par' dir='ltr' id='par_1_81' title="bbox 2151 4482 3725 4582">
     <span class='ocr_line' id='line_1_81' title="bbox 2151 4482 3725 4582; baseline 0.006 -22"><span class='ocrx_word' id='word_1_585' title='bbox 2151 4489 2164 4537; x_wconf 68' lang='grc'><strong><em>⁵</em></strong></span> <span class='ocrx_word' id='word_1_586' title='bbox 2231 4482 2244 4489; x_wconf 38' lang='grc'><strong>⁷</strong></span> <span class='ocrx_word' id='word_1_587' title='bbox 2266 4527 2283 4560; x_wconf 79' lang='grc' dir='ltr'><strong>ι</strong></span> <span class='ocrx_word' id='word_1_588' title='bbox 2304 4506 2497 4561; x_wconf 78' lang='grc' dir='ltr'>Πολλοὶ</span> <span class='ocrx_word' id='word_1_589' title='bbox 2510 4507 2763 4578; x_wconf 75' lang='grc' dir='ltr'>λογισμοὶ</span> <span class='ocrx_word' id='word_1_590' title='bbox 2785 4509 2843 4562; x_wconf 84' lang='grc' dir='ltr'><strong>ἐν</strong></span> <span class='ocrx_word' id='word_1_591' title='bbox 2875 4507 3076 4580; x_wconf 75' lang='grc' dir='ltr'>καρδία</span> <span class='ocrx_word' id='word_1_592' title='bbox 3100 4509 3391 4582; x_wconf 79' lang='grc' dir='ltr'>ἀνθρώπου</span> <span class='ocrx_word' id='word_1_593' title='bbox 3416 4525 3432 4542; x_wconf 86' lang='grc'><strong>·</strong></span> <span class='ocrx_word' id='word_1_594' title='bbox 3467 4508 3500 4579; x_wconf 81' lang='grc' dir='ltr'>ἡ</span> <span class='ocrx_word' id='word_1_595' title='bbox 3525 4505 3576 4560; x_wconf 77' lang='grc' dir='ltr'><strong>δὲ</strong></span> <span class='ocrx_word' id='word_1_596' title='bbox 3595 4500 3725 4575; x_wconf 74' lang='grc' dir='ltr'>βουλῆ</span> 
     </span>
    </p>
   </div>
   <div class='ocr_carea' id='block_1_82' title="bbox 498 4597 2072 4672">
    <p class='ocr_par' dir='ltr' id='par_1_82' title="bbox 498 4601 2072 4672">
     <span class='ocr_line' id='line_1_82' title="bbox 498 4601 2072 4672; baseline -0.01 -2"><span class='ocrx_word' id='word_1_597' title='bbox 498 4612 739 4670; x_wconf 87' lang='lat' dir='ltr'><strong>hominis</strong></span> <span class='ocrx_word' id='word_1_598' title='bbox 771 4625 786 4665; x_wconf 89' lang='lat'>:</span> <span class='ocrx_word' id='word_1_599' title='bbox 820 4609 1115 4668; x_wconf 88' lang='lat' dir='ltr'><strong>consilium</strong></span> <span class='ocrx_word' id='word_1_600' title='bbox 1153 4617 1338 4662; x_wconf 90' lang='lat' dir='ltr'><strong>autem</strong></span> <span class='ocrx_word' id='word_1_601' title='bbox 1369 4603 1466 4661; x_wconf 85' lang='lat' dir='ltr'><strong>Dei</strong></span> <span class='ocrx_word' id='word_1_602' title='bbox 1493 4611 1677 4660; x_wconf 84' lang='lat' dir='ltr'><strong>manet</strong></span> <span class='ocrx_word' id='word_1_603' title='bbox 1703 4602 1758 4658; x_wconf 92' lang='lat' dir='ltr'><strong>in</strong></span> <span class='ocrx_word' id='word_1_604' title='bbox 1790 4601 2072 4672; x_wconf 87' lang='lat' dir='ltr'><strong>sempiter-</strong></span> 
     </span>
    </p>
   </div>
   <div class='ocr_carea' id='block_1_83' title="bbox 1569 4597 3143 4672">
    <p class='ocr_par' dir='ltr' id='par_1_83' title="bbox 1569 4597 3143 4672">
     <span class='ocr_line' id='line_1_83' title="bbox 1569 4597 3143 4672; baseline -0.003 -15"><span class='ocrx_word' id='word_1_605' title='bbox 1569 4611 1677 4659; x_wconf 82' lang='lat' dir='ltr'><strong>tnet</strong></span> <span class='ocrx_word' id='word_1_606' title='bbox 1703 4602 1758 4658; x_wconf 91' lang='lat' dir='ltr'><strong>in</strong></span> <span class='ocrx_word' id='word_1_607' title='bbox 1790 4601 2086 4672; x_wconf 86' lang='lat' dir='ltr'><strong>sempiter-</strong></span> <span class='ocrx_word' id='word_1_608' title='bbox 2187 4597 2280 4654; x_wconf 90' lang='grc' dir='ltr'><strong>τοῦ</strong></span> <span class='ocrx_word' id='word_1_609' title='bbox 2319 4597 2456 4652; x_wconf 83' lang='grc' dir='ltr'>Θεοῦ</span> <span class='ocrx_word' id='word_1_610' title='bbox 2487 4598 2737 4671; x_wconf 79' lang='grc' dir='ltr'>μένειείς</span> <span class='ocrx_word' id='word_1_611' title='bbox 2768 4599 2863 4654; x_wconf 83' lang='grc' dir='ltr'><strong>τὸν</strong></span> <span class='ocrx_word' id='word_1_612' title='bbox 2885 4598 3080 4656; x_wconf 69' lang='grc' dir='ltr'>αἰῶνα.</span> <span class='ocrx_word' id='word_1_613' title='bbox 3125 4618 3143 4653; x_wconf 75' lang='grc' dir='ltr'><strong>ι</strong></span> 
     </span>
    </p>
   </div>
   <div class='ocr_carea' id='block_1_84' title="bbox 480 4724 706 4761">
    <p class='ocr_par' dir='ltr' id='par_1_84' title="bbox 480 4724 706 4761">
     <span class='ocr_line' id='line_1_84' title="bbox 480 4724 706 4761; baseline -0.013 0"><span class='ocrx_word' id='word_1_614' title='bbox 480 4724 652 4761; x_wconf 66' lang='grc' dir='ltr'><strong>-ίὶϋῐῐῑ,</strong></span> <span class='ocrx_word' id='word_1_615' title='bbox 687 4724 706 4758; x_wconf 74' lang='grc'><strong>1</strong></span> 
     </span>
    </p>
   </div>
   <div class='ocr_carea' id='block_1_85' title="bbox 493 4722 2067 4864">
    <p class='ocr_par' dir='ltr' id='par_1_85' title="bbox 493 4722 2061 4864">
     <span class='ocr_line' id='line_1_85' title="bbox 493 4722 706 4766; baseline -0.028 -2"><span class='ocrx_word' id='word_1_616' title='bbox 493 4722 652 4766; x_wconf 79' lang='lat' dir='ltr'><strong>num.</strong></span> <span class='ocrx_word' id='word_1_617' title='bbox 687 4724 706 4758; x_wconf 73' lang='grc' dir='ltr'><strong>ι</strong></span> 
     </span>
     <span class='ocr_line' id='line_1_86' title="bbox 567 4786 2061 4864; baseline -0.01 -10"><span class='ocrx_word' id='word_1_618' title='bbox 567 4799 684 4854; x_wconf 82' lang='lat' dir='ltr'><strong>Isa.</strong></span> <span class='ocrx_word' id='word_1_619' title='bbox 722 4814 836 4864; x_wconf 80' lang='lat' dir='ltr'><strong>xlv,</strong></span> <span class='ocrx_word' id='word_1_620' title='bbox 860 4797 952 4853; x_wconf 72' lang='lat'><strong>28.</strong></span> <span class='ocrx_word' id='word_1_621' title='bbox 983 4826 1054 4838; x_wconf 87' lang='lat'><strong>——</strong></span> <span class='ocrx_word' id='word_1_622' title='bbox 1083 4814 1102 4847; x_wconf 80' lang='grc' dir='ltr'><strong>ι</strong></span> <span class='ocrx_word' id='word_1_623' title='bbox 1131 4793 1265 4860; x_wconf 73' lang='lat' dir='ltr'><strong>Quae</strong></span> <span class='ocrx_word' id='word_1_624' title='bbox 1313 4791 1460 4847; x_wconf 90' lang='lat' dir='ltr'><strong>Deus</strong></span> <span class='ocrx_word' id='word_1_625' title='bbox 1519 4797 1750 4844; x_wconf 87' lang='lat' dir='ltr'><strong>sanctus</strong></span> <span class='ocrx_word' id='word_1_626' title='bbox 1807 4786 2061 4844; x_wconf 87' lang='lat' dir='ltr'><strong>decrevit</strong></span> 
     </span>
    </p>
   </div>
   <div class='ocr_carea' id='block_1_86' title="bbox 2149 4722 3723 4864">
    <p class='ocr_par' dir='ltr' id='par_1_86' title="bbox 2264 4771 3723 4849">
     <span class='ocr_line' id='line_1_87' title="bbox 2264 4771 3723 4849; baseline 0 -17"><span class='ocrx_word' id='word_1_627' title='bbox 2264 4797 2283 4832; x_wconf 86' lang='grc' dir='ltr'><strong>ι</strong></span> <span class='ocrx_word' id='word_1_628' title='bbox 2323 4781 2392 4832; x_wconf 76' lang='grc' dir='ltr'><strong>Ἀ</strong></span> <span class='ocrx_word' id='word_1_629' title='bbox 2437 4781 2466 4834; x_wconf 82' lang='grc' dir='ltr'>ὁ</span> <span class='ocrx_word' id='word_1_630' title='bbox 2496 4777 2629 4843; x_wconf 84' lang='grc' dir='ltr'>Θεὸς</span> <span class='ocrx_word' id='word_1_631' title='bbox 2677 4778 2832 4847; x_wconf 81' lang='grc' dir='ltr'>ἄγιος</span> <span class='ocrx_word' id='word_1_632' title='bbox 2872 4776 3240 4849; x_wconf 88' lang='grc' dir='ltr'>βεϐούλευται,</span> <span class='ocrx_word' id='word_1_633' title='bbox 3273 4779 3360 4843; x_wconf 90' lang='grc' dir='ltr'><strong>τίς</strong></span> <span class='ocrx_word' id='word_1_634' title='bbox 3399 4771 3723 4832; x_wconf 72' lang='grc' dir='ltr'>διασκεδάσεις</span> 
     </span>
    </p>
   </div>
   <div class='ocr_carea' id='block_1_87' title="bbox 492 4869 2066 4958">
    <p class='ocr_par' dir='ltr' id='par_1_87' title="bbox 492 4879 2066 4958">
     <span class='ocr_line' id='line_1_88' title="bbox 492 4879 2066 4958; baseline -0.005 -16"><span class='ocrx_word' id='word_1_635' title='bbox 492 4890 625 4958; x_wconf 80' lang='lat' dir='ltr'><strong>quis</strong></span> <span class='ocrx_word' id='word_1_636' title='bbox 649 4887 964 4958; x_wconf 87' lang='lat' dir='ltr'><strong>dissipabit,</strong></span> <span class='ocrx_word' id='word_1_637' title='bbox 986 4894 1042 4941; x_wconf 90' lang='lat' dir='ltr'><strong>et</strong></span> <span class='ocrx_word' id='word_1_638' title='bbox 1064 4898 1287 4939; x_wconf 84' lang='lat' dir='ltr'><strong>manum</strong></span> <span class='ocrx_word' id='word_1_639' title='bbox 1314 4881 1437 4952; x_wconf 90' lang='lat' dir='ltr'><strong>ejus</strong></span> <span class='ocrx_word' id='word_1_640' title='bbox 1459 4879 1753 4936; x_wconf 82' lang='lat' dir='ltr'><strong>sublimem</strong></span> <span class='ocrx_word' id='word_1_641' title='bbox 1775 4879 1902 4948; x_wconf 92' lang='lat' dir='ltr'><strong>quis</strong></span> <span class='ocrx_word' id='word_1_642' title='bbox 1927 4892 2066 4934; x_wconf 33' lang='lat' dir='ltr'><strong>aver‘</strong></span> 
     </span>
    </p>
   </div>
   <div class='ocr_carea' id='block_1_88' title="bbox 1964 4869 3538 4958">
    <p class='ocr_par' dir='ltr' id='par_1_88' title="bbox 1964 4869 3538 4946">
     <span class='ocr_line' id='line_1_89' title="bbox 1964 4869 3538 4946; baseline -0.008 -14"><span class='ocrx_word' id='word_1_643' title='bbox 1964 4893 2087 4934; x_wconf 86' lang='lat' dir='ltr'><strong>ver-</strong></span> <span class='ocrx_word' id='word_1_644' title='bbox 2189 4872 2286 4929; x_wconf 72' lang='grc' dir='ltr'><strong>καὶ</strong></span> <span class='ocrx_word' id='word_1_645' title='bbox 2305 4873 2404 4946; x_wconf 82' lang='grc' dir='ltr'><strong>τὴν</strong></span> <span class='ocrx_word' id='word_1_646' title='bbox 2441 4873 2602 4944; x_wconf 86' lang='grc' dir='ltr'>χεῖρα</span> <span class='ocrx_word' id='word_1_647' title='bbox 2637 4869 2738 4942; x_wconf 84' lang='grc' dir='ltr'><strong>τὴν</strong></span> <span class='ocrx_word' id='word_1_648' title='bbox 2767 4869 2980 4942; x_wconf 82' lang='grc' dir='ltr'>ὑψηλὴν</span> <span class='ocrx_word' id='word_1_649' title='bbox 3012 4871 3096 4936; x_wconf 85' lang='grc' dir='ltr'><strong>τίς</strong></span> <span class='ocrx_word' id='word_1_650' title='bbox 3132 4870 3497 4945; x_wconf 83' lang='grc' dir='ltr'>ἀποστρέψει;</span> <span class='ocrx_word' id='word_1_651' title='bbox 3521 4885 3538 4919; x_wconf 76' lang='grc' dir='ltr'><strong>ι</strong></span> 
     </span>
    </p>
   </div>
   <div class='ocr_carea' id='block_1_89' title="bbox 599 4980 680 5033">
    <p class='ocr_par' dir='ltr' id='par_1_89' title="bbox 599 4980 680 5033">
     <span class='ocr_line' id='line_1_90' title="bbox 599 4980 680 5033; baseline -0.037 0"><span class='ocrx_word' id='word_1_652' title='bbox 599 4980 680 5033; x_wconf 66' lang='grc' dir='ltr'><strong>ἲ)</strong></span> 
     </span>
    </p>
   </div>
   <div class='ocr_carea' id='block_1_90' title="bbox 485 4989 2059 5136">
    <p class='ocr_par' dir='ltr' id='par_1_90' title="bbox 485 4989 2059 5136">
     <span class='ocr_line' id='line_1_91' title="bbox 485 4989 680 5035; baseline -0.026 0"><span class='ocrx_word' id='word_1_653' title='bbox 485 4989 623 5035; x_wconf 59' lang='lat' dir='ltr'><strong>tat!</strong></span> <span class='ocrx_word' id='word_1_654' title='bbox 661 4997 680 5030; x_wconf 74' lang='grc' dir='ltr'><strong><em>ι</em></strong></span> 
     </span>
     <span class='ocr_line' id='line_1_92' title="bbox 568 5060 2059 5136; baseline -0.005 -12"><span class='ocrx_word' id='word_1_655' title='bbox 568 5069 685 5124; x_wconf 79' lang='lat' dir='ltr'><strong>Isa.</strong></span> <span class='ocrx_word' id='word_1_656' title='bbox 723 5085 838 5133; x_wconf 77' lang='lat' dir='ltr'><strong>xix,</strong></span> <span class='ocrx_word' id='word_1_657' title='bbox 870 5070 959 5136; x_wconf 76' lang='lat' dir='ltr'><strong>i3,</strong></span> <span class='ocrx_word' id='word_1_658' title='bbox 1007 5068 1098 5122; x_wconf 69' lang='lat' dir='ltr'><strong>2t.</strong></span> <span class='ocrx_word' id='word_1_659' title='bbox 1132 5065 1204 5108; x_wconf 67' lang='grc' dir='ltr'><strong>-ὲ-</strong></span> <span class='ocrx_word' id='word_1_660' title='bbox 1244 5085 1263 5118; x_wconf 89' lang='grc'><strong>‹</strong></span> <span class='ocrx_word' id='word_1_661' title='bbox 1299 5065 1427 5120; x_wconf 66' lang='lat' dir='ltr'><strong>Haec</strong></span> <span class='ocrx_word' id='word_1_662' title='bbox 1475 5063 1614 5120; x_wconf 88' lang='lat' dir='ltr'><strong>dicit</strong></span> <span class='ocrx_word' id='word_1_663' title='bbox 1650 5063 1921 5118; x_wconf 89' lang='lat' dir='ltr'><strong>Dominus</strong></span> <span class='ocrx_word' id='word_1_664' title='bbox 1979 5060 2059 5117; x_wconf 27' lang='lat' dir='ltr'><strong>Sal</strong></span> 
     </span>
    </p>
   </div>
   <div class='ocr_carea' id='block_1_91' title="bbox 2151 4989 3725 5136">
    <p class='ocr_par' dir='ltr' id='par_1_91' title="bbox 2275 5031 3725 5115">
     <span class='ocr_line' id='line_1_93' title="bbox 2275 5031 3725 5115; baseline -0.014 -12"><span class='ocrx_word' id='word_1_665' title='bbox 2275 5069 2293 5103; x_wconf 84' lang='grc' dir='ltr'><strong>ι</strong></span> <span class='ocrx_word' id='word_1_666' title='bbox 2327 5047 2469 5102; x_wconf 87' lang='grc' dir='ltr'>Τάδε</span> <span class='ocrx_word' id='word_1_667' title='bbox 2490 5045 2640 5114; x_wconf 82' lang='grc' dir='ltr'>λέγει</span> <span class='ocrx_word' id='word_1_668' title='bbox 2697 5043 2904 5115; x_wconf 82' lang='grc' dir='ltr'>Κύριος</span> <span class='ocrx_word' id='word_1_669' title='bbox 2928 5041 3180 5110; x_wconf 77' lang='grc' dir='ltr'>Σαϐαὼθ,</span> <span class='ocrx_word' id='word_1_670' title='bbox 3211 5043 3384 5114; x_wconf 83' lang='grc' dir='ltr'>λέγων</span> <span class='ocrx_word' id='word_1_671' title='bbox 3403 5045 3420 5062; x_wconf 82' lang='grc'><strong><em>⁸</em></strong></span> <span class='ocrx_word' id='word_1_672' title='bbox 3459 5040 3548 5092; x_wconf 84' lang='grc' dir='ltr'>Ὃν</span> <span class='ocrx_word' id='word_1_673' title='bbox 3562 5031 3725 5105; x_wconf 72' lang='grc' dir='ltr'>τρόπον</span> 
     </span>
    </p>
   </div>
   <div class='ocr_carea' id='block_1_92' title="bbox 489 5129 2063 5228">
    <p class='ocr_par' dir='ltr' id='par_1_92' title="bbox 489 5151 2063 5228">
     <span class='ocr_line' id='line_1_94' title="bbox 489 5151 2063 5228; baseline -0.008 -9"><span class='ocrx_word' id='word_1_674' title='bbox 489 5162 664 5221; x_wconf 74' lang='lat' dir='ltr'><strong>.baoth</strong></span> <span class='ocrx_word' id='word_1_675' title='bbox 696 5178 711 5215; x_wconf 90' lang='lat'>:</span> <span class='ocrx_word' id='word_1_676' title='bbox 744 5159 1215 5228; x_wconf 84' lang='lat' dir='ltr'><strong>Quemadmodum</strong></span> <span class='ocrx_word' id='word_1_677' title='bbox 1239 5157 1374 5223; x_wconf 81' lang='lat' dir='ltr'><strong>dixi,</strong></span> <span class='ocrx_word' id='word_1_678' title='bbox 1418 5157 1502 5213; x_wconf 86' lang='lat' dir='ltr'><strong>sic</strong></span> <span class='ocrx_word' id='word_1_679' title='bbox 1533 5157 1638 5212; x_wconf 85' lang='lat' dir='ltr'><strong>erit</strong></span> <span class='ocrx_word' id='word_1_680' title='bbox 1667 5173 1682 5223; x_wconf 89' lang='lat'><strong>;</strong></span> <span class='ocrx_word' id='word_1_681' title='bbox 1716 5162 1773 5210; x_wconf 90' lang='lat' dir='ltr'><strong>et</strong></span> <span class='ocrx_word' id='word_1_682' title='bbox 1813 5151 2063 5224; x_wconf 79' lang='lat' dir='ltr'><strong>quemad</strong></span> 
     </span>
    </p>
   </div>
   <div class='ocr_carea' id='block_1_93' title="bbox 2149 5129 3723 5228">
    <p class='ocr_par' dir='ltr' id='par_1_93' title="bbox 2197 5129 3723 5228">
     <span class='ocr_line' id='line_1_95' title="bbox 2197 5129 3723 5228; baseline -0.016 -30"><span class='ocrx_word' id='word_1_683' title='bbox 2197 5138 2616 5216; x_wconf 74' lang='grc' dir='ltr'>εἴρηκα,οὑτως</span> <span class='ocrx_word' id='word_1_684' title='bbox 2675 5135 2852 5200; x_wconf 77' lang='grc' dir='ltr'>ἔσται,</span> <span class='ocrx_word' id='word_1_685' title='bbox 2909 5135 3004 5190; x_wconf 70' lang='grc' dir='ltr'><strong>καὶ</strong></span> <span class='ocrx_word' id='word_1_686' title='bbox 3058 5135 3118 5189; x_wconf 83' lang='grc' dir='ltr'>ὃν</span> <span class='ocrx_word' id='word_1_687' title='bbox 3149 5136 3352 5208; x_wconf 83' lang='grc' dir='ltr'>τρόπον</span> <span class='ocrx_word' id='word_1_688' title='bbox 3389 5129 3723 5228; x_wconf 63' lang='grc' dir='ltr'><strong>βεϐούλευμαιἰ</strong></span> 
     </span>
    </p>
   </div>
   <div class='ocr_carea' id='block_1_94' title="bbox 399 5211 1973 5315">
    <p class='ocr_par' dir='ltr' id='par_1_94' title="bbox 399 5246 1939 5315">
     <span class='ocr_line' id='line_1_96' title="bbox 399 5246 1939 5315; baseline -0.009 -5"><span class='ocrx_word' id='word_1_689' title='bbox 399 5253 401 5255; x_wconf 77' lang='grc'><em>’</em></span> <span class='ocrx_word' id='word_1_690' title='bbox 498 5256 721 5309; x_wconf 91' lang='lat' dir='ltr'><strong>modum</strong></span> <span class='ocrx_word' id='word_1_691' title='bbox 772 5261 952 5307; x_wconf 88' lang='lat' dir='ltr'><strong>mente</strong></span> <span class='ocrx_word' id='word_1_692' title='bbox 983 5253 1236 5315; x_wconf 87' lang='lat' dir='ltr'><strong>tractavi,</strong></span> <span class='ocrx_word' id='word_1_693' title='bbox 1289 5250 1373 5306; x_wconf 89' lang='lat' dir='ltr'><strong>sic</strong></span> <span class='ocrx_word' id='word_1_694' title='bbox 1437 5246 1706 5304; x_wconf 87' lang='lat' dir='ltr'><strong>manebit.</strong></span> <span class='ocrx_word' id='word_1_695' title='bbox 1749 5263 1768 5297; x_wconf 73' lang='grc' dir='ltr'><strong><em>ι</em></strong></span> <span class='ocrx_word' id='word_1_696' title='bbox 1801 5276 1870 5288; x_wconf 89' lang='grc'><strong><em>-</em></strong></span> <span class='ocrx_word' id='word_1_697' title='bbox 1922 5264 1939 5296; x_wconf 76' lang='grc' dir='ltr'><strong>ι</strong></span> 
     </span>
    </p>
   </div>
   <div class='ocr_carea' id='block_1_95' title="bbox 2148 5211 3722 5315">
    <p class='ocr_par' dir='ltr' id='par_1_95' title="bbox 2197 5211 3722 5304">
     <span class='ocr_line' id='line_1_97' title="bbox 2197 5211 3722 5304; baseline -0.012 -15"><span class='ocrx_word' id='word_1_698' title='bbox 2197 5235 2370 5298; x_wconf 75' lang='grc' dir='ltr'>οὕτως</span> <span class='ocrx_word' id='word_1_699' title='bbox 2428 5232 2598 5304; x_wconf 84' lang='grc' dir='ltr'>μενεῖ.</span> <span class='ocrx_word' id='word_1_700' title='bbox 2626 5249 2644 5282; x_wconf 72' lang='grc' dir='ltr'><strong>ι</strong></span> <span class='ocrx_word' id='word_1_701' title='bbox 2688 5256 2759 5268; x_wconf 94' lang='lat'><strong>--</strong></span> <span class='ocrx_word' id='word_1_702' title='bbox 2785 5245 2806 5279; x_wconf 66' lang='grc' dir='ltr'><strong>ε</strong></span> <span class='ocrx_word' id='word_1_703' title='bbox 2845 5225 2954 5280; x_wconf 89' lang='grc' dir='ltr'>Ποῦ</span> <span class='ocrx_word' id='word_1_704' title='bbox 3032 5229 3172 5282; x_wconf 77' lang='grc' dir='ltr'>εἰσιν</span> <span class='ocrx_word' id='word_1_705' title='bbox 3226 5229 3278 5282; x_wconf 84' lang='grc' dir='ltr'><strong>οῖ</strong></span> <span class='ocrx_word' id='word_1_706' title='bbox 3317 5225 3466 5297; x_wconf 68' lang='grc' dir='ltr'>σοφοί</span> <span class='ocrx_word' id='word_1_707' title='bbox 3499 5235 3617 5286; x_wconf 90' lang='grc' dir='ltr'>σου;</span> <span class='ocrx_word' id='word_1_708' title='bbox 3655 5211 3722 5266; x_wconf 56' lang='grc' dir='ltr'><strong>καὶ</strong></span> 
     </span>
    </p>
   </div>
   <div class='ocr_carea' id='block_1_96' title="bbox 498 5306 2072 5416">
    <p class='ocr_par' dir='ltr' id='par_1_96' title="bbox 498 5337 2072 5416">
     <span class='ocr_line' id='line_1_98' title="bbox 498 5337 2072 5416; baseline -0.006 -15"><span class='ocrx_word' id='word_1_709' title='bbox 498 5353 629 5401; x_wconf 89' lang='lat' dir='ltr'><strong>sunt</strong></span> <span class='ocrx_word' id='word_1_710' title='bbox 659 5344 938 5416; x_wconf 88' lang='lat' dir='ltr'><strong>sapientes</strong></span> <span class='ocrx_word' id='word_1_711' title='bbox 976 5342 1171 5399; x_wconf 73' lang='lat' dir='ltr'><strong>tui‘iet</strong></span> <span class='ocrx_word' id='word_1_712' title='bbox 1204 5341 1542 5397; x_wconf 87' lang='lat' dir='ltr'><strong>annuntient</strong></span> <span class='ocrx_word' id='word_1_713' title='bbox 1579 5338 1701 5406; x_wconf 87' lang='lat' dir='ltr'><strong>tibi,</strong></span> <span class='ocrx_word' id='word_1_714' title='bbox 1752 5337 1886 5408; x_wconf 91' lang='lat' dir='ltr'><strong>quid</strong></span> <span class='ocrx_word' id='word_1_715' title='bbox 1939 5337 2072 5408; x_wconf 82' lang='lat' dir='ltr'><strong>cogi-</strong></span> 
     </span>
    </p>
   </div>
   <div class='ocr_carea' id='block_1_97' title="bbox 2149 5306 3723 5416">
    <p class='ocr_par' dir='ltr' id='par_1_97' title="bbox 2196 5306 3723 5396">
     <span class='ocr_line' id='line_1_99' title="bbox 2196 5306 3723 5396; baseline -0.013 -14"><span class='ocrx_word' id='word_1_716' title='bbox 2196 5323 2679 5396; x_wconf 83' lang='grc' dir='ltr'>ἀναγγειλάτωσάν</span> <span class='ocrx_word' id='word_1_717' title='bbox 2745 5336 2830 5373; x_wconf 91' lang='grc' dir='ltr'><strong>σοι</strong></span> <span class='ocrx_word' id='word_1_718' title='bbox 2858 5318 2887 5371; x_wconf 84' lang='grc' dir='ltr'><strong><em>ὃ</em></strong></span> <span class='ocrx_word' id='word_1_719' title='bbox 2919 5335 2972 5372; x_wconf 90' lang='grc' dir='ltr'><strong>τι</strong></span> <span class='ocrx_word' id='word_1_720' title='bbox 3008 5318 3356 5390; x_wconf 88' lang='grc' dir='ltr'>βεϐούλευται</span> <span class='ocrx_word' id='word_1_721' title='bbox 3423 5317 3611 5386; x_wconf 81' lang='grc' dir='ltr'>Κύριος</span> <span class='ocrx_word' id='word_1_722' title='bbox 3641 5306 3723 5359; x_wconf 75' lang='grc' dir='ltr'><strong>Σα·</strong></span> 
     </span>
    </p>
   </div>
   <div class='ocr_carea' id='block_1_98' title="bbox 489 5419 3720 5495">
    <p class='ocr_par' dir='ltr' id='par_1_98' title="bbox 489 5419 3720 5495">
     <span class='ocr_line' id='line_1_100' title="bbox 489 5419 3720 5495; baseline -0.011 -5"><span class='ocrx_word' id='word_1_723' title='bbox 489 5438 701 5493; x_wconf 74' lang='lat' dir='ltr'><strong>taverit</strong></span> <span class='ocrx_word' id='word_1_724' title='bbox 725 5435 994 5490; x_wconf 86' lang='lat' dir='ltr'><strong>Dominus</strong></span> <span class='ocrx_word' id='word_1_725' title='bbox 1017 5433 1286 5490; x_wconf 89' lang='lat' dir='ltr'><strong>Sabaoth.</strong></span> <span class='ocrx_word' id='word_1_726' title='bbox 1324 5451 1343 5484; x_wconf 72' lang='grc' dir='ltr'><strong>ι</strong></span> <span class='ocrx_word' id='word_1_727' title='bbox 2199 5419 2372 5476; x_wconf 71' lang='grc' dir='ltr'>ϐαώθ.</span> <span class='ocrx_word' id='word_1_728' title='bbox 2402 5437 2422 5471; x_wconf 83' lang='grc'>›</span> <span class='ocrx_word' id='word_1_729' title='bbox 3631 5491 3642 5495; x_wconf 63' lang='lat'>_</span> <span class='ocrx_word' id='word_1_730' title='bbox 3701 5482 3720 5495; x_wconf 47' lang='lat'><strong>-</strong></span> 
     </span>
    </p>
   </div>
   <div class='ocr_carea' id='block_1_99' title="bbox 569 5491 2143 5595">
    <p class='ocr_par' dir='ltr' id='par_1_99' title="bbox 569 5491 2088 5595">
     <span class='ocr_line' id='line_1_101' title="bbox 569 5491 2088 5595; baseline -0.006 -11"><span class='ocrx_word' id='word_1_731' title='bbox 569 5491 687 5584; x_wconf 71' lang='lat' dir='ltr'><strong>Isa.</strong></span> <span class='ocrx_word' id='word_1_732' title='bbox 726 5543 818 5595; x_wconf 70' lang='lat' dir='ltr'><strong>xc,</strong></span> <span class='ocrx_word' id='word_1_733' title='bbox 856 5525 943 5592; x_wconf 74' lang='grc'><strong>15,</strong></span> <span class='ocrx_word' id='word_1_734' title='bbox 974 5527 1066 5585; x_wconf 76' lang='lat'><strong>‘28.</strong></span> <span class='ocrx_word' id='word_1_735' title='bbox 1095 5559 1164 5570; x_wconf 89' lang='lat'><strong>-—-</strong></span> <span class='ocrx_word' id='word_1_736' title='bbox 1185 5546 1204 5580; x_wconf 82' lang='grc' dir='ltr'><strong>ι</strong></span> <span class='ocrx_word' id='word_1_737' title='bbox 1246 5523 1386 5592; x_wconf 85' lang='lat' dir='ltr'><strong>Quis</strong></span> <span class='ocrx_word' id='word_1_738' title='bbox 1416 5524 1678 5592; x_wconf 72' lang='lat' dir='ltr'><strong>cognovit</strong></span> <span class='ocrx_word' id='word_1_739' title='bbox 1710 5529 1954 5577; x_wconf 89' lang='lat' dir='ltr'><strong>mentem</strong></span> <span class='ocrx_word' id='word_1_740' title='bbox 1981 5519 2088 5576; x_wconf 89' lang='lat' dir='ltr'><strong>Do-</strong></span> 
     </span>
    </p>
   </div>
   <div class='ocr_carea' id='block_1_100' title="bbox 2147 5491 3721 5595">
    <p class='ocr_par' dir='ltr' id='par_1_100' title="bbox 2279 5491 3721 5585">
     <span class='ocr_line' id='line_1_102' title="bbox 2279 5491 3721 5585; baseline -0.015 -18"><span class='ocrx_word' id='word_1_741' title='bbox 2279 5534 2296 5566; x_wconf 79' lang='grc' dir='ltr'><strong>ι</strong></span> <span class='ocrx_word' id='word_1_742' title='bbox 2336 5513 2431 5578; x_wconf 88' lang='grc' dir='ltr'><strong>Τίς</strong></span> <span class='ocrx_word' id='word_1_743' title='bbox 2456 5512 2598 5584; x_wconf 80' lang='grc' dir='ltr'>ἔγνω</span> <span class='ocrx_word' id='word_1_744' title='bbox 2631 5511 2756 5567; x_wconf 87' lang='grc' dir='ltr'>νοῦν</span> <span class='ocrx_word' id='word_1_745' title='bbox 2789 5513 3022 5585; x_wconf 83' lang='grc' dir='ltr'>Κυρίου,</span> <span class='ocrx_word' id='word_1_746' title='bbox 3061 5513 3094 5585; x_wconf 76' lang='grc' dir='ltr'>ἢ</span> <span class='ocrx_word' id='word_1_747' title='bbox 3139 5510 3225 5578; x_wconf 80' lang='grc' dir='ltr'><strong>τίς</strong></span> <span class='ocrx_word' id='word_1_748' title='bbox 3258 5502 3550 5579; x_wconf 82' lang='grc' dir='ltr'>σύμϐουλος</span> <span class='ocrx_word' id='word_1_749' title='bbox 3591 5491 3721 5550; x_wconf 70' lang='grc' dir='ltr'>αὑτοῦ</span> 
     </span>
    </p>
   </div>
   <div class='ocr_carea' id='block_1_101' title="bbox 567 5711 3298 5792">
    <p class='ocr_par' dir='ltr' id='par_1_101' title="bbox 567 5711 3298 5792">
     <span class='ocr_line' id='line_1_103' title="bbox 567 5711 3298 5792; baseline -0.003 -16"><span class='ocrx_word' id='word_1_750' title='bbox 567 5731 600 5776; x_wconf 73' lang='grc' dir='ltr'><strong><em>γ</em></strong></span> <span class='ocrx_word' id='word_1_751' title='bbox 626 5716 804 5792; x_wconf 77' lang='lat' dir='ltr'><strong>Huth</strong></span> <span class='ocrx_word' id='word_1_752' title='bbox 828 5723 1113 5778; x_wconf 55' lang='lat' dir='ltr'><strong>sententia</strong></span> <span class='ocrx_word' id='word_1_753' title='bbox 1145 5719 1391 5777; x_wconf 85' lang='lat' dir='ltr'><strong>auctoris</strong></span> <span class='ocrx_word' id='word_1_754' title='bbox 1421 5731 1624 5774; x_wconf 87' lang='lat' dir='ltr'><strong>nomen</strong></span> <span class='ocrx_word' id='word_1_755' title='bbox 1646 5717 1856 5779; x_wconf 86' lang='lat' dir='ltr'><strong>innullo</strong></span> <span class='ocrx_word' id='word_1_756' title='bbox 1879 5712 2072 5784; x_wconf 83' lang='lat' dir='ltr'><strong>codice</strong></span> <span class='ocrx_word' id='word_1_757' title='bbox 2112 5712 2316 5785; x_wconf 90' lang='lat' dir='ltr'><strong>reperi.</strong></span> <span class='ocrx_word' id='word_1_758' title='bbox 2353 5711 2448 5770; x_wconf 87' lang='lat' dir='ltr'><strong>Est</strong></span> <span class='ocrx_word' id='word_1_759' title='bbox 2481 5711 2670 5770; x_wconf 83' lang='lat' dir='ltr'><strong>forsan</strong></span> <span class='ocrx_word' id='word_1_760' title='bbox 2698 5712 2809 5769; x_wconf 81' lang='lat' dir='ltr'><strong>Nili</strong></span> <span class='ocrx_word' id='word_1_761' title='bbox 2842 5712 2924 5769; x_wconf 79' lang='lat' dir='ltr'><strong>vel</strong></span> <span class='ocrx_word' id='word_1_762' title='bbox 2958 5711 3298 5784; x_wconf 78' lang='lat' dir='ltr'><strong>Serapionis.</strong></span> 
     </span>
    </p>
   </div>
  </div>
