3986 6392
345 473 480 537 1265

1574 462 1815 525 SACRA
1846 453 2311 519 PARALLELA.

3495 430 3632 493 1266

339 583 582 653 ἐγένετο,
627 582 690 646 δς
758 582 1089 655 συμϐιϐάσει
1153 579 1354 646 adt-6'1;
1396 578 1429 653 ἢ
1474 576 1611 651 πρὸς
1658 573 1781 628 τίνα
1815 586 1943 623 συν·

2066 563 2185 618 nini
2214 603 2231 629 ,
2263 571 2361 617 aut
2391 559 2522 631 quis
2578 557 2938 617 consiliarius
2954 554 3087 627 ejus
3137 549 3263 615 fuit,
3295 542 3629 651 ut.docueri.t

340 672 728 740 εϐουλεύσιτο,
754 674 850 728 καὶ
902 668 1262 729 συνεϐίϐασεν
1286 672 1488 739 αὐτόν;
1537 668 1671 732 Θεδς
1725 665 1945 729 αἰώνιος

341 767 370 820 6
397 765 822 830 κατασκευάσας
857 766 926 820 τὰ
957 767 1106 839 ἄκρα
1134 765 1236 836 τῆς
1259 765 1384 835 γῆς.
1407 763 1482 817 Ού
1512 761 1789 824 πεινάσει,
1821 756 1945 813 οὐδὲ

342 857 599 912 κοπιάσει
623 898 639 923 ,
664 858 799 912 οὑδέ
828 858 976 913 ἐστιν
1021 857 1297 930 ἐξεύρεσις
1340 856 1440 927 τῆς
1497 851 1815 925 φρονήσεως
1845 848 1947 902 a6-

341 966 457 1003 του.
502 968 520 1001 1

402 1065 421 1098 ι
478 1046 624 1115 Ἐγώ
682 1047 804 1121 είμι
852 1049 882 1103 6
933 1048 1092 1119 Θεὸς,
1141 1049 1239 1104 καὶ
1286 1048 1387 1102 οὐκ
1441 1045 1592 1100 ἔστιν
1621 1044 1778 1108 ἄλλος
1803 1039 1946 1113 πλὴν

346 1136 507 1209 ἐμοῦ.
533 1138 696 1193 Πᾶσα
749 1141 784 1210 ή
854 1139 1021 1212 βουλή
1065 1157 1168 1211 μου
1202 1139 1487 1211 στήσεται,
1517 1135 1615 1190 καὶ
1646 1134 1824 1189 πάντα
1845 1133 1944 1185 ὅσα

347 1227 730 1301 βεϐούλευμαι,
754 1232 967 1303 ποιήσω
986 1247 1002 1262 ·
1038 1231 1298 1303 ἐλάλησα,
1346 1228 1444 1284 καὶ
1474 1227 1685 1298 ἤγαγον
1705 1242 1718 1254 ·
1751 1222 1944 1277 ἐκτισα

348 1319 444 1373 καὶ
474 1320 714 1393 ἐποίησα
736 1321 891 1378 αὐτό.
931 1340 953 1375 ι

425 1429 445 1463 ι
490 1411 566 1464 T6
600 1412 757 1484 ῥῆμά
796 1430 902 1485 μου
932 1412 961 1468 6
1006 1413 1103 1468 ἐὰν
1153 1412 1348 1487 ἐξέλθῃ
1387 1413 1453 1465 ἐκ
1508 1409 1606 1466 τοῦ
1676 1407 1943 1481 στόματός

353 1518 481 1572 μου»
503 1504 564 1556 οὗ
598 1504 674 1575 μὴ
698 1506 1029 1578 ἅποστραφῇ
1081 1505 1221 1578 πρός
1257 1521 1326 1575 με
1360 1503 1539 1571 κενὸν,
1570 1503 1677 1566 ἓως
1711 1501 1778 1557 ἂν
1814 1517 1943 1555 συν-

351 1592 549 1664 τελέσῃ
581 1595 763 1649 πάντα
783 1595 887 1649 ὅσα
908 1594 1174 1666 ἠθέλησα.
1209 1614 1229 1646 ι

424 1701 445 1735 ι
480 1683 579 1748 Τις
601 1683 816 1755 ἀνδρῶν
847 1686 1122 1754 γνώσεται
1153 1685 1351 1756 βουλὴν
1379 1682 1557 1749 Θεοῦς
1603 1683 1637 1755 ἢ
1668 1682 1750 1748 τίς
1791 1680 1945 1737 ἐνθυ-

355 1771 666 1843 μηθήσεται
700 1772 754 1828 τί
788 1773 934 1829 θέλει
962 1777 991 1829 6
1017 1775 1263 1847 Κύριοςς
1301 1776 1561 1846 λογισμοὶ
1584 1774 1692 1847 γὰρ
1732 1773 1945 1846 θνητῶν

352 1861 540 1964 δειλοὶ,
574 1865 671 1919 καὶ
694 1865 1022 1935 ἐπισφαλεῖς
1059 1869 1118 1923 αἱ
1142 1866 1381 1922 ἐπίνοιαι
1403 1866 1606 1922 αὐτῶν.
1638 1865 1814 1929 Μόλις
1835 1865 1945 1935 γὰρ
1978 1907 2023 1964 Β

353 1954 649 2027 εἰκάζομεν
676 1957 746 2012 τὰ
793 1958 890 2013 ἐπὶ
919 1959 1020 2030 τῆς
1068 1958 1196 2030 γῆς,
1219 1959 1315 2013 καὶ
1348 1958 1416 2013 τά
1450 1960 1510 2012 ἐν
1552 1958 1742 2030 χερσὶν
1791 1956 1945 2028 εὑρί-

355 2060 563 2116 σκομεν
595 2048 735 2117 μετὰ
771 2049 939 2104 πόνου
959 2064 975 2080 θ
1008 2051 1079 2105 τὰ
1123 2051 1183 2105 δὲ
1215 2052 1274 2105 ἐν
1304 2051 1558 2123 οὐρανοῖς
1588 2049 1674 2114 τίς
1706 2046 1944 2121 ἐξιχνία-

368 2153 503 2205 σεν;
534 2138 731 2210 βουλὴν
755 2141 814 2196 δέ
843 2158 937 2195 σου
964 2141 1051 2208 τίς
1080 2142 1257 2212 ἕγνω;
1305 2162 1324 2195 ι

426 2400 604 2457 Ὅπου
654 2403 789 2471 Θεὸς
838 2407 1127 2478 κβούλεται,
1158 2409 1376 2463 νικᾶται
1417 2411 1633 2480 φύσεως
1674 2408 1851 2476 τάξις.
1882 2411 1945 2463 Εἰ

354 2489 635 2563 ἠϐουλήθη
659 2493 791 2564 γὰρ,
820 2495 1080 2570 ἠδυνήθη.

352 2621 757 2702 τισιΛηΓντλ-
777 2631 919 2702 Περὶ
958 2632 1252 2702 βοηθείας
1295 2635 1482 2691 Θεοῦ·
1540 2637 1640 2692 καὶ
1689 2638 1780 2692 ὅτι
1835 2641 1946 2695 τοῦ

428 2695 579 2778 Θερῆ
590 2697 807 2778 eddom
814 2695 993 2778 ῦξζος
1012 2695 1306 2778 ἐσιδουᾷζή
1331 2706 1661 2775 ἀνθρώπων
1675 2708 1943 2778 ἀσθενεῖ,

422 2765 521 2819 καί
545 2766 739 2838 ὀλίγοι
763 2765 1018 2824 πολλῶν
1054 2765 1373 2841 κρατοῦσι.
1441 2765 1459 2775 ’
1500 2780 1501 2783 “

432 2893 452 2926 ι
489 2874 694 2966 Καθότι
745 2880 944 2945 αὐτοὺς
996 2884 1340 2954 ἐταπείνουν,
1383 2888 1604 2955 πλείους
1640 2892 1944 2966 ἐγίγνοντο,

359 2966 455 3019 καὶ
484 2965 672 3040 ἴσχυον
702 2970 930 3043 σφόδρα.
959 2991 978 3025 ι

436 3166 455 3199 ι
489 3145 624 3203 Eius
646 3148 853 3223 Κύριος
901 3153 1039 3225 πρὸς
1068 3155 1313 3228 Μωῦσῆν
1333 3175 1347 3190 ·
1391 3155 1546 3214 Εἶδον
1577 3162 1677 3234 τὴν
1704 3164 1947 3223 κάκωσιν

2048 656 2231 712 eum?
2277 662 2376 711 aut
2429 653 2595 725 cujus
2646 650 2860 720 accepit
2912 644 3233 707 consilium,
3284 649 3341 695 et
3368 633 3634 693 instruxit

2052 745 2257 801 illum?
2282 744 2443 829 Deus“
2463 754 2724 806 aeternus,
2748 740 2844 809 qui
2885 735 3099 792 creavit
3140 729 3411 788 terminos
3447 735 3631 781 terra.

2047 837 2165 893 Non
2195 820 2443 902 esuriet,‘
2481 850 2585 891 nec
2625 830 2915 895 laborabit,
2967 843 3070 883 nec
3102 833 3188 882 est
3221 820 3468 878 inventio
3498 833 3633 889 pru-

2046 930 2247 986 dentia:
2278 927 2421 1000 ejus.
2450 945 2471 979 ι

2125 1021 2240 1077 Isa.
2272 1037 2420 1086 mv,
2450 1022 2505 1087 9,
2538 1018 2626 1074 10.
2659 1045 2731 1058 —-
2765 1034 2784 1068 ι
2830 1013 2943 1087 Ego
2975 1026 3098 1068 sum
3128 1011 3295 1075 Deus,
3324 1015 3373 1065 el
3398 1021 3509 1062 non
3542 1012 3627 1060 est

2048 1116 2191 1171 ultra
2226 1122 2426 1186 praeter
2469 1128 2575 1168 me.
2628 1108 2822 1166 Omnis
2873 1108 3131 1163 voluntas
3172 1115 3293 1157 mea
3348 1099 3539 1164 stabit,
3572 1105 3628 1152 et

2046 1216 2253 1266 cuncta
2285 1221 2408 1279 quae
2438 1190 2702 1277 cegitavi,
2742 1202 2962 1258 faciam.
2990 1199 3236 1255 Locutus
3262 1208 3404 1262 sum,
3449 1199 3504 1248 et
3535 1190 3626 1245 ad-

2047 1302 2211 1368 duxi;
2239 1300 2450 1366 creavi,
2487 1307 2543 1356 et
2571 1297 2698 1355 feci.
2745 1316 2767 1351 ι

2117 1393 2236 1448 Isa.
2269 1408 2360 1458 LV,
2402 1393 2492 1447 il.
2524 1421 2596 1432 —
2624 1410 2644 1443 ι
2682 1388 2923 1446 Verbum
2957 1401 3142 1443 meum
3162 1382 3312 1456 quod
3342 1378 3537 1438 exierit
3568 1377 3637 1432 de

2047 1497 2145 1540 ore
2168 1499 2314 1549 meo,
2336 1497 2447 1537 non
2477 1488 2788 1537 revertetur
2805 1479 2875 1534 ad
2900 1493 2984 1535 me
3008 1491 3266 1535 vacuum.
3284 1473 3462 1529 donec
3488 1484 3637 1526 com-

2049 1576 2267 1646 placeat
2287 1588 2639 1646 quaecunque
2682 1571 2856 1628 volui.
2893 1589 2915 1623 ›

2118 1665 2249 1737 Sap.
2284 1682 2363 1734 ιι,
2398 1666 2486 1732 1⁸5,
2516 1665 2604 1721 17.
2636 1695 2698 1706 -ν
2738 1684 2758 1719 ι
2802 1664 2940 1732 Quis
2979 1660 3266 1717 hominum
3309 1655 3510 1728 poterit
3542 1667 3636 1709 co-

2045 1770 2313 1828 gnoscere
2354 1756 2652 1813 consilium
2690 1754 2827 1813 Dei?
2858 1761 2954 1810 aut
2999 1753 3124 1825 quis
3151 1751 3354 1823 poterit
3390 1749 3635 1819 cogitare

2048 1863 2174 1918 quae
2199 1848 2332 1903 velit
2358 1846 2550 1904 Deus?
2579 1848 2957 1919 Cogitationes
2984 1844 3276 1901 hominum
3321 1839 3552 1903 timidae,
3578 1844 3636 1893 et

2049 1941 2275 1997 incertae
2305 1939 2670 2012 providentia
2699 1948 2927 1997 nostrae.
2959 1936 3190 1993 Diﬂicile
3218 1935 3368 1992 enim
3392 1932 3638 1989 a'stima-

2052 2049 2180 2089 mus
2207 2034 2417 2105 quain
2450 2041 2599 2090 terra
2639 2041 2794 2099 sunt,
2822 2042 2876 2090 et
2907 2045 3031 2103 qua:
3066 2032 3121 2086 in
3153 2034 3452 2101 prospectu
3485 2036 3639 2089 sunt,

2048 2124 2364 2182 invenimus
2432 2141 2557 2181 cum
2627 2122 2815 2181 labore
2853 2142 2867 2179 :
2903 2139 3025 2194 qua:
3091 2131 3273 2177 autem
3351 2121 3407 2175 in
3480 2117 3638 2173 cwlis

2047 2227 2199 2283 sunt,
2245 2217 2372 2288 quis
2422 2216 2813 2290 investigabit?
2845 2230 3068 2273 sensum
3094 2222 3275 2270 autem
3306 2223 3461 2268 tuum
3507 2209 3639 2282 quis

2048 2310 2226 2366 sciet?
2264 2328 2284 2361 ι
3288 2330 3291 2333 λ

2086 2416 2093 2419 '
2120 2400 2398 2472 Chrysost.
2438 2400 2596 2456 Hom.
2628 2401 2679 2455 in
2716 2399 2850 2454 Nat.
2869 2399 3062 2456 Christ.
3091 2428 3164 2440 -—
3202 2395 3309 2452 Ubi
3334 2394 3478 2455 Deus
3500 2395 3639 2458 vult,

2050 2500 2349 2563 superatur
2380 2492 2519 2547 ordo
2548 2499 2784 2547 naturae.
2807 2490 2943 2546 Nam
2972 2491 3021 2547 si
3051 2490 3249 2555 voluit,
3282 2486 3414 2544 illud
3438 2487 3637 2557 potuit.

2051 2625 2190 2681 TlT.
2224 2624 2313 2680 III.
2343 2654 2413 2668 -—
2444 2625 2523 2679 De
2576 2624 2783 2689 auxilio
2814 2622 2950 2678 Dei:
2975 2632 3025 2677 et
3074 2621 3234 2693 quod,
3270 2619 3377 2674 Deo
3400 2619 3643 2693 favente.

2124 2696 2415 2751 imbecilles
2456 2696 2729 2750 hominum
2752 2695 2965 2748 insidiae
2996 2688 3145 2757 sunt,
3176 2692 3412 2760 et'pauci
3444 2688 3655 2742 muttos‘

2123 2777 2398 2835 superant.

2122 2881 2301 2938 Exod.
2338 2900 2376 2950 ι,
2417 2882 2502 2938 12.
2522 2913 2591 2923 -
2618 2902 2636 2935 ι
2667 2880 2886 2949 Quanto
2916 2881 3091 2953 magis
3111 2893 3207 2936 eos
3231 2876 3639 2950 opprimebant,

2049 2983 2207 3030 tanto
2230 2974 2407 3045 magis
2430 2972 2971 3044 multiplicabantur,
3011 2981 3066 3026 et
3100 2970 3457 3026 vehementer
3489 2968 3641 3021 inva-

2048 3066 2349 3124 lescebant.
2396 3084 2418 3119 ι

2120 3157 2297 3213 Exod.
2327 3174 2407 3224 ιιι,
2434 3157 2561 3223 7,8.
2596 3189 2667 3200 -
2711 3177 2730 3210 ι
2769 3156 2920 3212 Dixit
2969 3154 3239 3212 Dominus
3269 3154 3336 3209 ad
3369 3152 3592 3225 Moysen
3621 3169 3635 3205 :

358 3241 454 3293 τοῦ
478 3241 611 3297 λαοῦ
641 3260 745 3315 μου
775 3245 871 3300 τοῦ
902 3248 960 3301 ἐν
989 3247 1276 3320 Αἰγύπτῳ,
1301 3251 1394 3306 καὶ
1426 3252 1530 3324 τῆς
1568 3259 1817 3329 κραυγῆς
1856 3263 1946 3315 αὺ-

2066 3248 2170 3305 Vidi
2206 3248 2555 3304 amictionem
2600 3247 2785 3318 populi
2814 3246 2920 3302 mei
2964 3247 3057 3316 qui
3089 3253 3174 3301 est
3196 3244 3251 3299 in
3294 3241 3560 3314 Egypto,
3583 3246 3641 3298 et

353 3331 468 3425 τιῖιν
491 3332 729 3425 άκήκοα,
758 3336 869 3390 άπὸ
893 3337 1002 3390 τῶν
1029 3339 1407 3411 ἐργοδιωκτῶν
1439 3343 1639 3401 αὐτῶν.
1676 3343 1808 3405 Οἶδα
1838 3352 1947 3425 γὰρ

352 3419 457 3494 τὴν
480 3422 675 3495 ὀδύνην
728 3426 930 3493 αὐτῶν,
988 3430 1083 3483 καὶ
1112 3430 1350 3503 κατέϐην
1389 3433 1483 3487 τοῦ
1515 3435 1802 3501 ἐξελέσθαι
1845 3419 1946 3495 ἀεὶ

350 3515 486 3580 τοὺς
513 3517 577 3570 ἐκ
598 3518 785 3591 χειρὸς
811 3521 1150 3589 Αἰγυπτίων,
1186 3525 1282 3578 καὶ
1314 3523 1609 3596 ἐξαγαγεῖν
1649 3530 1849 3594 αὐτοὺς
1882 3534 1947 3588 ἐκ

362 3604 462 3676 τῆς
484 3607 586 3678 γῆς
603 3609 840 3682 ἐκείνης,
859 3612 954 3666 καὶ
980 3615 1299 3683 εἰσαγαγεῖν
1333 3615 1536 3682 αὐτοὺς
1565 3620 1646 3683 εἰς
1674 3620 1779 3689 γῆν
1800 3622 1948 3694 ῥέου-

359 3712 464 3751 σαν
496 3698 620 3765 μέλι
650 3701 745 3754 καὶ
773 3702 937 3769 γάλα.
971 3722 990 3757 ι

435 3805 457 3841 ι
495 3784 634 3844 Eine
660 3791 893 3864 Βαλαάμ
919 3811 935 3826 ο
973 3795 1069 3850 Ἐκ
1098 3797 1534 3872 Μεσοποταμίας
1551 3804 1947 3876 κατεπέμψατό

359 3895 433 3950 με
473 3879 658 3936 Βαλὰκ
685 3883 942 3954 βασιλεὺς
995 3887 1193 3954 Μωάϐ,
1235 3889 1448 3960 λέγων’
1494 3894 1823 3967 Κατάρασαί
1852 3916 1945 3970 μοι

359 3971 454 4026 τὸν
500 3972 737 4045 Ἰσραήλ.
796 3977 862 4031 Τί
908 3978 1190 4051 ἀράσομαι
1250 3980 1311 4035 δν
1338 3982 1415 4055 μὴ
1452 3985 1660 4056 ἀρᾶται
1700 3988 1944 4060 Κύριος;

360 4063 396 4136 η
439 4066 827 4139 καταράσομαι
860 4069 921 4123 δν
947 4072 1023 4145 μὴ
1054 4075 1411 4145 καταρᾶταιὸ
1448 4076 1623 4146 Θεὸς;

438 4256 459 4289 ι
500 4235 637 4293 Eine
666 4240 869 4314 Κύριος
897 4242 1035 4314 πρὸς
1063 4243 1302 4301 Γεδεὼνο
1335 4248 1514 4314 Πολὺς
1543 4252 1572 4304 6
1592 4251 1720 4317 λαὸς
1740 4256 1769 4308 6
1804 4255 1947 4326 μετὰ

361 4326 495 4394 σοῦ,
535 4329 680 4385 ὥστε
738 4331 1082 4402 παραδοῦναί
1130 4351 1200 4404 με
1255 4334 1361 4408 τὴν
1415 4340 1651 4413 Μαδιάμ
1694 4344 1754 4397 ἐν
1801 4346 1948 4418 χειρὶ

361 4419 563 4486 αὐτῶν,
592 4421 805 4493 μήποτε
836 4424 1184 4496 καυχήσηται
1216 4427 1456 4501 Ἰσραὴλ,
1487 4432 1571 4486 ὃτι
1604 4433 1669 4488 Ἦ
1692 4435 1815 4508 χείρ
1842 4455 1946 4509 μου

356 4510 537 4565 ἔσωσέ
563 4529 652 4581 με.
686 4513 795 4567 Kal
816 4513 913 4569 νῦν
946 4515 1181 4586 λάλησον
1214 4519 1293 4582 εἰς
1315 4519 1384 4575 τὰ
1411 4516 1529 4578 ὦτα
1549 4510 1832 4595 τοῦλαοῢ,
1861 4530 1946 4584 λέ-

2055 3341 2241 3398 audivi
2270 3341 2570 3397 clamorem
2606 3354 2822 3407 eorum,
2874 3345 3102 3411 propter
3133 3337 3399 3392 duritiam
3446 3348 3641 3390 eorum

2055 3433 2150 3505 qui
2180 3441 2425 3506 praesunt
2484 3431 2746 3504 operibus
2803 3444 3018 3486 eorum.
3054 3427 3178 3484 Vidi
3211 3429 3356 3485 enim
3390 3426 3639 3483 dolorem

2054 3524 2198 3593 ejus,
2216 3531 2271 3578 et
2290 3513 2563 3577 descendi
2589 3528 2650 3576 ut
2673 3521 2898 3577 liberem
2924 3534 3019 3576 eos
3044 3521 3112 3576 de
3149 3534 3320 3574 manu
3350 3516 3640 3590 Egyptia-

2057 3629 2202 3679 rum,
2240 3621 2298 3669 et
2333 3612 2569 3669 educam
2615 3627 2712 3669 eos
2745 3611 2813 3668 de
2855 3624 3001 3667 terra
3039 3612 3155 3679 illa,
3190 3619 3245 3667 ct
3284 3609 3541 3665 inducam
3584 3609 3651 3662 iu‘

2054 3714 2260 3762 terram
2302 3705 2444 3762 lacte
2473 3714 2527 3761 et
2551 3706 2714 3762 melle
2740 3715 3076 3761 manantem.
3120 3725 3139 3756 ι

2130 3798 2301 3855 Num.
2336 3816 2495 3862 χχιιι,
2525 3799 2583 3854 7.
2608 3828 2675 3841 —-
2717 3818 2736 3852 ι
2784 3797 2936 3853 Dixit
2976 3797 3234 3853 Balaam:
3268 3793 3345 3852 De
3387 3794 3656 3866 Mesopo-'

2056 3893 2225 3950 tamia
2254 3893 2551 3949 accersivit
2576 3908 2661 3949 me
2688 3892 2855 3947 Baiae
2885 3906 2981 3948 rex
3014 3890 3172 3946 Moab
3199 3890 3393 3947 dicens
3422 3906 3437 3943 :
3483 3889 3646 3944 Male-

2053 3985 2144 4040 dic
2189 3984 2383 4053 Jacob,
2417 3993 2472 4042 et
2527 3986 2653 4040 veni
2688 3986 2815 4051 huc,
2853 3983 3089 4041 maledic
3115 3984 3251 4039 mihi
3302 3980 3497 4038 Israel.
3531 3982 3645 4039 Cur

2057 4077 2385 4134 maledicam
2410 4079 2485 4142 ei,
2530 4079 2623 4133 cui
2675 4092 2786 4132 non
2841 4076 3124 4133 maledixit
3156 4073 3342 4132 Deus?
3371 4082 3467 4129 aut
3487 4072 3645 4130 dcte-

2056 4179 2191 4235 ster,
2219 4185 2383 4240 quem
2418 4169 2688 4225 Dominus
2715 4183 2827 4224 non
2863 4169 3211 4226 detestatur?
3251 4187 3269 4219 ι

2125 4257 2291 4330 385
2311 4257 2495 4315 Judic.
2512 4258 2679 4324 τιμᾶ,
2704 4259 2758 4315 7.
2775 4289 2845 4300 -—
2867 4277 2885 4310 ‹
2913 4257 2981 4313 Et
3001 4258 3140 4314 dixit
3165 4257 3429 4313 Dominus
3445 4257 3511 4312 ad
3536 4255 3644 4313 Ge-

2054 4351 2195 4407 deon
2214 4367 2227 4404 :
2244 4350 2484 4423 Populus
2497 4351 2591 4423 qui
2608 4360 2788 4408 tecum
2806 4357 2914 4417 est,
2930 4351 3133 4408 multus
3144 4359 3252 4417 est,
3265 4365 3431 4420 quam
3456 4356 3513 4404 ut
3531 4356 3645 4405 tra-

2055 4444 2181 4499 dam
2216 4443 2449 4500 Madiam
2476 4444 2530 4499 in
2554 4459 2719 4500 manu
2736 4444 2879 4513 ejus.
2898 4441 2978 4500 Ne
3001 4442 3143 4500 forte
3163 4442 3429 4516 glorietur
3450 4441 3642 4507 lsrael,

2056 4533 2312 4605 dicatque
2328 4553 2342 4591 :
2357 4534 2551 4591 Manus
2568 4549 2689 4591 mea
2705 4536 2916 4591 salvum
2942 4550 3027 4591 me
3044 4533 3193 4590 fecit.
3215 4532 3279 4588 Et
3300 4546 3447 4586 nunc
3462 4531 3645 4601 loque-

357 4603 629 4697 Ioiv'_'l‘ic
659 4604 688 4657 6
716 4604 1056 4697 φοϐούμενος
1097 4609 1193 4661 καὶ
1229 4610 1432 4680 δειλός;
1498 4615 1943 4690 Ἐπιστραφήτω.

2066 4640 2113 4680 re
2137 4624 2190 4680 in
2207 4603 2370 4682 aures
2387 4626 2599 4697 populi,
2625 4624 2818 4682 dicens
2843 4639 2860 4678 :
2891 4623 3026 4692 Quis
3040 4625 3195 4680 timet
3209 4632 3262 4680 et
3279 4622 3638 4678 meticulosus

358 4692 472 4747 Kal
501 4694 940 4768 ἀπεστράφησαν
959 4698 1071 4753 ἀπὸ
1090 4700 1186 4755 τοῦ
1210 4702 1342 4757 λαοῦ
1371 4705 1549 4760 είκοσι
1571 4706 1666 4762 δύο
1687 4709 1949 4780 χιλιάδες,

358 4786 460 4839 καὶ
487 4786 626 4843 δέκα
659 4788 900 4860 χιλιάδες
952 4793 1391 4867 ἀπελείφθησαν.
1435 4799 1545 4853 Καὶ
1592 4796 1717 4855 εἷπε
1746 4804 1952 4874 Κύριος

359 4877 502 4949 πρὸς
525 4879 735 4935 Γεδεών
754 4899 767 4913 ο
809 4883 933 4938 Ἔτι
956 4885 987 4937 6
1012 4884 1142 4949 λαὸς
1167 4887 1357 4954 πολὺς,
1389 4891 1724 4960 κατένεγκον
1751 4896 1952 4960 αὐτοὺς

358 4971 446 5034 εἰς
467 4972 529 5026 τὸ
556 4972 724 5046 ὕδωρ.
754 4976 868 5029 Kal
896 4972 1018 5031 εἷπε
1041 4979 1181 5050 πρὸς
1211 4980 1423 5035 Γεδεών
1439 4999 1452 5012 ·
1483 4984 1599 5046 Πᾶς
1624 4984 1686 5049 δς
1706 4984 1775 5039 ἂν
1799 4987 1953 5061 λείξῃ

360 5064 429 5136 τῇ
459 5063 683 5138 γλώσσῃ
712 5065 880 5121 αὑτοῦ
905 5068 1017 5123 ἀπὸ
1035 5069 1130 5125 τοῦ
1157 5068 1372 5136 ὕδατος,
1403 5074 1479 5137 ὡς
1510 5074 1578 5128 ἂν
1604 5075 1755 5148 λείξη
1777 5077 1947 5147 κύων,

363 5155 586 5227 στήσεις
618 5157 818 5223 αὐτοὺς
850 5159 994 5214 κατά
1037 5161 1239 5233 μόναςο
1276 5163 1373 5217 καὶ⁵
1399 5164 1619 5234 ἐγένετο
1653 5169 1683 5222 6
1714 5169 1951 5242 ἀριθμὸς

361 5247 546 5301 αὐτῶν
566 5249 875 5318 τριακόσιοι
906 5249 1118 5322 ἄνδρες.
1142 5251 1255 5306 Kal
1288 5248 1411 5307 εἶπε
1440 5254 1671 5327 Κύριος·
1705 5257 1802 5312 Ἐν
1835 5262 1951 5324 τοῖς

361 5341 701 5409 τριακοσίοις
752 5340 968 5407 τούτοις
1025 5343 1340 5417 παραδώσω
1404 5345 1506 5419 τὴν
1575 5348 1804 5421 Μαδιάμ
1870 5353 1952 5417 εἰς

361 5431 554 5503 χεῖράς
585 5447 700 5487 σου.
740 5451 760 5485 ι

438 5561 458 5595 ι
498 5543 700 5598 Ἔλαϐε
726 5545 894 5601 Δαϐὶδ
920 5547 1023 5619 τὴν
1082 5548 1280 5619 ῥάϐδον
1330 5550 1391 5604 ἐν
1436 5551 1584 5622 χειρὶ
1630 5546 1822 5619 αὑτοῦ,
1855 5555 1950 5609 καὶ

359 5632 649 5701 ἐξελέξατο
679 5639 864 5711 ἐαυτῷ
890 5642 1053 5695 πέντε
1089 5641 1297 5709 λίθους,
1339 5644 1434 5699 κα)⁸
1466 5643 1623 5699 ἔθετο
1656 5646 1857 5712 αὐτοὺς
1891 5650 1949 5701 ἐν

356 5723 440 5795 τῷ
470 5725 644 5797 καδίῳ
694 5727 774 5800 τῷ
804 5731 1133 5801 ποιμνικῷ,
1158 5733 1252 5787 καὶ
1282 5732 1543 5806 σφενδόνη
1588 5735 1755 5789 αὐτοῦ
1789 5739 1846 5792 ἐν
1881 5740 1946 5809 τῇ

358 5815 512 5887 χειρὶ
540 5817 731 5873 αὐτοῦ.
765 5820 872 5874 Καὶ
915 5823 1227 5893 προσῆλθεν
1277 5824 1416 5896 πρὸς
1460 5824 1553 5878 τὸν
1622 5825 1943 5896 ἀλλόφυλον.

366 5907 482 5964 Καὶ
515 5903 621 5964 εῐδε
652 5909 745 5966 τὸν
784 5911 965 5982 Δαϐὶδ,
1000 5913 1094 5968 καὶ
1129 5914 1488 5984 ὲλξουδένωσεν
1531 5914 1715 5987 αὐτὸν,
1748 5919 1836 5974 ὅτι
1879 5915 1946 5993 ἦν

2058 4717 2190 4774 est?
2224 4715 2574 4774 Revertatur.
2605 4715 2673 4772 Et
2714 4717 2923 4773 reversi
2950 4723 3077 4772 sunt
3106 4715 3175 4771 de
3205 4714 3409 4786 populo
3445 4713 3638 4783 viginti

2062 4809 2175 4864 duo
2207 4809 2407 4875 millia,
2440 4819 2494 4865 et
2535 4808 2725 4864 decem
2796 4809 2967 4865 millia
3014 4814 3423 4863 remanserunt.
3462 4807 3527 4860 Et
3552 4805 3638 4862 di-

2055 4902 2136 4956 xit
2185 4899 2450 4956 Dominus
2500 4898 2569 4954 ad
2594 4899 2818 4956 Gedeon
2854 4917 2867 4953 :
2898 4900 3096 4955 Adhuc
3128 4900 3368 4971 populus
3397 4899 3640 4960 multus;

2057 4991 2241 5049 deduc
2270 5008 2368 5050 eos
2398 4992 2464 5048 ad
2502 5007 2698 5064 aquas.
2754 4991 2822 5048 Et
2850 4992 2991 5049 dixit
3023 4993 3091 5049 ad
3151 4992 3371 5049 Gedeon
3400 5011 3413 5048 ε
3449 4990 3644 5048 Omnis

2054 5085 2153 5155 qui
2211 5085 2405 5156 lingua
2462 5099 2564 5141 sua
2602 5084 2851 5149 linxerit,
2894 5095 2954 5139 ut
3011 5086 3259 5141 lambere
3286 5085 3426 5140 solet
3459 5085 3640 5147 canis,

2057 5175 2163 5229 hos
2204 5175 2376 5231 sistes
2424 5188 2705 5230 seorsum.
2739 5174 2807 5228 Et
2835 5175 2940 5229 fuit
2971 5191 3239 5232 numerus
3270 5177 3503 5232 istorum
3532 5184 3641 5232 tre-

2053 5265 2200 5321 centi
2231 5265 2363 5321 viri.
2401 5266 2470 5321 Et
2506 5265 2650 5321 dixit
2679 5265 2948 5324 Dominus
2973 5284 2987 5321 :
3016 5267 3076 5323 In
3097 5269 3183 5325 his
3211 5267 3478 5325 trecentis
3508 5268 3643 5323 viris

2055 5357 2265 5413 tradam
2291 5355 2529 5413 Madiam
2558 5359 2612 5413 in
2639 5372 2841 5417 manus
2862 5370 3005 5416 tuas.
3042 5379 3063 5413 ι

2125 5553 2154 5610 1
2186 5552 2313 5626 Reg.
2347 5571 2485 5621 xvu,
2517 5546 2810 5610 40-5L—
2837 5574 2855 5608 ι
2893 5554 2958 5611 Ει
2990 5558 3203 5627 accepit
3233 5556 3403 5613 David
3433 5544 3647 5628 virgam

2054 5648 2108 5702 in
2143 5663 2310 5704 manu
2354 5663 2482 5714 sua,
2517 5656 2574 5703 et
2605 5648 2772 5720 elegit
2830 5649 2957 5716 sibi,
2995 5650 3240 5721 quinque
3295 5630 3529 5721 lapides,
3588 5652 3647 5703 et‘

2054 5740 2207 5797 misit
2246 5756 2341 5797 eos
2372 5742 2428 5797 in
2465 5756 2654 5812 peram
2680 5742 3009 5812 pastoralem
3044 5760 3057 5796 :
3091 5752 3145 5799 et
3167 5743 3333 5798 funda
3364 5744 3417 5797 in
3446 5756 3646 5797 manus

2053 5831 2196 5901 ejus.
2256 5832 2325 5887 Et
2356 5831 2591 5888 accessit
2625 5831 2691 5886 ad
2724 5833 3080 5905 allophylum.
3109 5833 3173 5889 Et
3206 5834 3341 5889 vidit
3372 5832 3562 5898 David,
3589 5844 3646 5888 et

2053 5922 2476 5993 despcxiteum,
2507 5923 2637 5994 quia
2688 5925 3129 5983 adolescentulus
3189 5934 3328 5984 erat.
3380 5922 3447 5979 Et
3498 5922 3635 5981 dixit
