3986 6380
477 407 612 473 1267

1651 408 1710 466 S.
1753 406 2076 467 JOANNIS
2134 405 2565 468 DAMASCENI

3565 414 3670 484 1268

474 519 783 590 allophylus
816 537 829 573 :
864 518 1121 588 Nunquid
1157 519 1314 575 cauis
1367 533 1471 590 ego
1503 536 1650 586 sum,
1684 519 1832 592 quod
1863 535 2054 591 egres-

2166 520 2465 592 παιδάριον.
2515 520 2624 574 Καὶ
2680 516 2837 574 εἶπεν
2883 524 2910 575 6
2940 521 3270 592 ἀλλόφυλος⁸
3306 521 3392 595 Μὴ
3441 527 3674 600 κύωνέγώ

474 625 570 664 sus
597 625 660 665 es
699 624 824 664 cum
880 609 1034 678 virga
1071 617 1127 663 et
1179 608 1498 678 lapidibus?
1532 608 1595 664 Et
1619 609 1756 664 dixit
1789 609 1959 666 David
1987 609 2054 664 ad

474 702 808 772 allophylum
841 720 855 756 :
890 699 974 757 Tit
1019 701 1176 758 venis
1199 699 1266 757 ad
1292 716 1380 758 me
1403 702 1456 756 in
1481 699 1687 772 gladio.
1711 711 1766 757 et
1789 703 1842 756 in
1875 702 2054 768 hasta,

474 801 522 846 et
561 791 618 845 in
670 790 884 861 clypeo.
951 789 1066 859 Ego
1095 799 1282 848 autem
1331 790 1538 855 accedo
1575 791 1642 846 ad
1672 791 1797 846 tein
1829 791 2061 846 nomine

474 879 687 936 Domini
738 878 1000 942 Sabaoth
1043 880 1478 948 omnipotentis;
1509 886 1565 934 et
1622 881 1932 951 percutiam
1981 889 2056 946 te,

473 986 523 1032 ct
566 984 909 1046 cognoscent
953 974 1211 1029 universa
1265 975 1500 1031 ecclesia
1533 974 1669 1039 haec,
1698 974 1826 1044 quia
1861 989 1969 1031 non
2005 975 2060 1029 in

473 1069 652 1139 gladio
679 1083 781 1124 nec
803 1070 859 1124 in
893 1068 1054 1126 hasta
1075 1067 1250 1124 salvat
1281 1067 1566 1128 Dominus.
1599 1067 1664 1122 Et
1687 1067 1933 1124 extendit
1955 1069 2060 1124 Da-

475 1161 558 1216 vid
595 1175 816 1218 manum
848 1174 1004 1218 suam
1037 1160 1090 1216 in
1109 1173 1315 1230 peram,
1343 1166 1399 1214 et
1430 1159 1641 1230 accepit
1671 1159 1798 1215 inde
1826 1157 2062 1230 lapidem

475 1268 684 1316 unum,
737 1259 792 1306 et
847 1250 1069 1306 fundam
1116 1251 1273 1322 jecit,
1327 1258 1381 1308 et
1411 1251 1684 1322 percussit
1727 1251 2062 1323 allophylum

475 1346 528 1399 iu
563 1345 802 1400 frontem
866 1343 1011 1414 ejus.
1060 1343 1128 1398 Et
1158 1344 1514 1415 pertransivit
1541 1343 1681 1416 lapis
1733 1359 1827 1414 per
1856 1342 2063 1412 galeam

476 1439 528 1492 in
571 1437 806 1494 frontem
841 1436 986 1506 ejus,
1034 1444 1089 1492 et
1143 1435 1344 1493 cecidit
1375 1436 1430 1491 in
1470 1444 1694 1498 terram,
1738 1441 1792 1488 et
1823 1433 2065 1488 cucurrit

475 1528 667 1596 David,
698 1538 752 1584 et
790 1529 1020 1585 abstulit
1048 1535 1212 1600 caput
1241 1527 1412 1585 illius.
1458 1545 1476 1579 ι

545 1715 610 1774 Η
647 1714 772 1786 Reg.
804 1731 938 1780 xvn,
973 1714 1063 1770 14.
1093 1745 1158 1756 --
1188 1731 1209 1765 ι
1254 1712 1319 1767 Et
1350 1713 1489 1770 dixit
1514 1709 1830 1778 Abesalom,
1864 1719 1916 1765 et
1944 1724 2064 1765 om-

477 1809 567 1865 nis
624 1811 713 1866 vir
750 1809 922 1867 Israel
953 1825 967 1860 ι
1003 1807 1215 1862 Βοηυιιι
1246 1813 1331 1863 est
1370 1807 1672 1863 consilium
1697 1806 1871 1864 (lbusi
1895 1819 2066 1875 super

475 1900 774 1958 consilium
842 1897 1229 1968 Architophel.
1265 1896 1333 1954 Ut
1373 1897 1613 1955 adducat
1642 1897 1908 1954 Dominus
1963 1911 2056 1952 su-

475 2006 568 2061 per
593 1990 884 2049 Abesalom
922 1990 1086 2046 mala.
1119 2008 1138 2040 ι

547 2079 629 2138 ιγ
669 2081 792 2154 Reg.
845 2098 942 2149 vn,
977 2082 1010 2134 5
1033 2098 1173 2151 seqq.
1206 2111 1274 2122 ——
1314 2099 1332 2133 ι
1364 2078 1602 2152 ingressi
1649 2087 1779 2136 sunt
1814 2086 2056 2149 quatuor

474 2173 700 2243 Icprosi,
734 2181 790 2230 et
832 2171 942 2229 Deo
997 2172 1137 2230 bene
1176 2171 1428 2238 favente,
1485 2171 1806 2229 universum
1840 2168 2056 2226 exerci-

473 2277 586 2316 tum
624 2261 800 2333 Syria:
833 2269 1176 2317 terruerunt.
1213 2280 1231 2312 ›

543 2352 608 2412 II
644 2353 833 2412 Pura].
869 2370 1039 2419 xxxn.
1077 2353 1132 2422 5,
1157 2354 1210 2408 6.
1245 2384 1313 2396 ο-
1352 2373 1371 2405 ι
1403 2353 1762 2410 Confortatus
1793 2363 1880 2411 est
1920 2347 2049 2411 Eze-

473 2446 646 2513 chias,
679 2454 736 2502 et
764 2445 1060 2503 aedificavit
1094 2460 1316 2500 murum
1351 2445 1446 2518 qui
1508 2453 1707 2515 ruptus
1771 2443 1969 2507 fuerat,
2002 2456 2058 2501 et

471 2547 692 2594 locutus
749 2546 832 2594 est
873 2537 940 2592 ad
989 2552 1086 2592 cor
1141 2537 1326 2608 pepuli
1379 2537 1617 2592 dicens:
1693 2535 2054 2594 Roboramlni

469 2640 523 2687 et
551 2630 652 2686 vlrl
694 2639 895 2694 estote,
961 2644 1031 2685 ne
1058 2629 1305 2699 paveatis
1334 2644 1365 2682 a
1405 2628 1545 2685 facie
1595 2629 1741 2701 regis
1773 2630 1969 2696 Assur,
2001 2639 2056 2686 et

469 2724 651 2795 gentis
712 2737 954 2794 magum;
997 2723 1264 2793 quoniam
1303 2722 1619 2780 nobiscum
1671 2724 1857 2794 plures
1901 2733 2055 2788 sunt,

469 2832 636 2888 quam
664 2831 790 2872 cum
848 2817 981 2872 illis.
1015 2816 1156 2872 Cum
1199 2830 1266 2872 eo
1296 2826 1429 2870 sunt
1457 2815 1686 2870 brachia
1717 2815 1926 2879 carnis,
1956 2830 2056 2872 no-

470 2908 685 2964 biscum
730 2921 863 2962 vero
900 2905 1169 2964 Dominus
1225 2907 1372 2963 Deus
1425 2914 1635 2964 noster.
1672 2905 1738 2960 Et
1794 2907 2054 2964 fiduciam

469 2998 663 3054 habuit
698 2997 954 3068 populus.
1003 3017 1020 3049 ι

545 3089 696 3154 Psal.
741 3107 934 3156 xxvnt,
979 3092 1172 3145 1.-ι
1203 3089 1468 3146 Dominus
1524 3090 1854 3146 illuminatio
1906 3105 2050 3153 mea,

469 3194 523 3239 et
555 3183 802 3239 salvator
826 3198 984 3239 meus
1019 3203 1032 3238 :
1064 3199 1226 3254 quem
1257 3181 1507 3237 timebo?
1543 3202 1560 3233 ι
1595 3191 1705 3236 etc.

542 3274 699 3333 Psal.
751 3291 926 3338 xxx",
981 3274 1068 3330 16.
1102 3298 1215 3326 -‹
1256 3275 1377 3332 Non
1442 3277 1750 3333 salvabitur
1809 3293 1905 3333 rex
1965 3293 2065 3349 per

469 3365 702 3421 multam
735 3367 1019 3432 virtutem,
1052 3375 1107 3422 et
1142 3367 1320 3440 gigas,
1357 3387 1375 3420 ι
1407 3377 1516 3424 etc.

544 3459 702 3514 Psal.
766 3475 956 3525 xxxiv,
992 3458 1080 3513 10.
1109 3489 1179 3499 -
1211 3479 1229 3510 ι
1267 3460 1466 3516 Omnia
1515 3476 1640 3519 ossa
1677 3475 1796 3518 mea
1826 3461 2012 3517 dicent
2049 3481 2060 3515 :

470 3551 726 3620 Domine,
757 3549 1010 3616 Domine,
1046 3551 1174 3621 quis
1202 3552 1401 3608 similis
1423 3552 1568 3607 tibi?
1602 3571 1620 3604 ›
1667 3562 1776 3609 etc.

542 3642 705 3700 Psal.
745 3659 877 3710 cvtt,
917 3644 1096 3698 13.-
1123 3663 1142 3694 ‹
1181 3643 1258 3698 Da
1292 3644 1454 3701 nobis
1490 3645 1754 3700 auxilium
1779 3647 1846 3704 de
1880 3647 2059 3702 tribu-

472 3735 707 3800 latione,
732 3741 787 3789 et
813 3748 954 3792 vana
979 3736 1131 3791 salus
1163 3734 1423 3792 hominis.
1471 3756 1489 3788 )

539 3826 699 3882 Psal.
732 3838 962 3893 cxxxtv,
1007 3825 1061 3882 1.
1089 3856 1158 3866 --
1185 3845 1203 3878 ι
1247 3826 1364 3883 Nisi
1404 3827 1534 3898 quia
1566 3827 1834 3883 Dominus
1857 3835 1975 3884 erat
2005 3829 2061 3882 in

472 3916 662 3983 nobis,
689 3915 839 3972 dicat
872 3932 1020 3973 nunc
1045 3916 1235 3982 Israel,
1275 3919 1382 3974 nisi
1416 3919 1544 3993 quia
1576 3920 1865 3990 Dominus,
1906 3941 1928 3977 ι
1953 3933 2060 3978 etc.

543 4007 676 4065 Ion.
727 4014 788 4076 tl,
846 4009 902 4066 2.
943 4040 1013 4050 -
1050 4029 1068 4062 ι
1107 4009 1354 4068 Clamavi
1409 4012 1464 4066 in
1529 4013 1890 4070 tribulatione
1941 4031 2061 4072 mea

473 4103 539 4158 ad
565 4101 857 4158 Dominum
882 4101 1052 4160 Deum
1085 4119 1288 4167 meum,
1312 4114 1365 4158 et
1395 4105 1677 4160 exaudivit
1710 4121 1818 4161 me.
1859 4126 1878 4158 ι

545 4193 713 4250 ΖαεΙι.
756 4212 810 4262 v,
841 4197 898 4250 ‘2.
934 4228 1000 4237 —
1029 4214 1047 4246 ι
1082 4194 1189 4250 Ero
1233 4197 1316 4252 eis
1373 4198 1542 4253 turris
1595 4197 1649 4252 in
1717 4199 1977 4265 circuitu,
2010 4209 2063 4256 et

472 4292 528 4345 in
562 4287 787 4358 gloriam
829 4302 926 4342 ero
946 4289 1001 4341 in
1034 4287 1215 4346 medio
1247 4289 1390 4358 ejus.
1423 4307 1441 4340 ›

548 4377 714 4435 Hich.
744 4397 798 4442 v,
855 4380 946 4434 M.
983 4410 1053 4419 —
1092 4399 1110 4433 ι
1162 4380 1230 4435 Et
1263 4367 1464 4436 faciam
1501 4381 1767 4437 ultionem
1833 4381 1902 4438 iis
1963 4382 2060 4450 qui

475 4473 680 4544 probro
715 4471 1023 4528 aﬂ'ecerunt
1047 4487 1164 4527 eos.
1209 4492 1226 4523 ι

2162 614 2303 684 είμι,
2329 614 2411 666 ὃτι
2455 612 2520 668 σὺ
2557 609 2782 684 ἐξῆλθες
2834 613 2892 665 ὲν
2923 612 3104 684 ῥάϐδῳ
3139 612 3233 667 καὶ
3287 615 3343 666 ὲν
3390 614 3568 685 Music;
3593 623 3675 679 Kal

2163 700 2286 758 εἶπε
2319 704 2484 758 Δαϐιδ
2538 704 2677 776 πρὸς
2735 703 3036 772 ἀλλόφυλον
3063 721 3076 735 ·
3114 705 3183 758 Σὺ
3216 705 3348 777 ἔρχῃ
3399 708 3520 778 πρός
3550 728 3604 780 με
3634 715 3676 767 ὲν

2164 797 2416 869 ῥομφαίᾳ
2447 796 2544 850 καὶ
2577 798 2635 850 ὲν
2655 795 2840 866 δόρατι
2873 796 2970 850 καὶ
2994 796 3054 848 ὲν
3090 795 3294 850 ἀσπίδι.
3313 795 3446 866 Ἐγὼ
3479 798 3525 853 δὲ
3552 819 3678 872 προσ.

2164 889 2284 958 άγω
2333 888 2470 960 πρὸς
2507 887 2566 941 σὲ
2593 888 2650 940 ὲν
2679 887 2905 957 ὀνόματι
2942 887 3150 957 Κυρίου
3182 888 3401 942 Σαϐαὼθ
3431 896 3681 963 παντοκρά-

2164 998 2348 1054 τορος,
2369 979 2465 1032 καὶ
2487 979 2716 1045 πατάξω
2745 995 2827 1043 σε,
2857 979 2952 1032 καὶ
2972 977 3271 1048 γνώσονται
3306 981 3448 1034 πᾶσα
3474 983 3504 1052 ὴ
3529 985 3682 1058 lxxii;-

2173 1073 2261 1127 σία
2294 1070 2458 1142 αὕτη,
2485 1072 2567 1124 ὄτι
2598 1071 2700 1124 οὐκ
2748 1072 2805 1124 ἐν
2838 1069 3107 1142 ῥομφαίᾳ,
3135 1070 3252 1124 οὐδὲ
3286 1070 3344 1124 ὲν
3367 1069 3535 1143 δόρατι
3557 1074 3683 1140 σώζει

2167 1163 2394 1231 Κύριος.
2449 1161 2558 1216 Καὶ
2594 1160 2827 1226 ἐξέτεινε
2863 1160 3026 1214 Δαϐὶδ
3057 1161 3156 1232 τὴν
3189 1162 3349 1233 χεῖρα
3375 1161 3524 1216 αὑτοῦ
3550 1166 3614 1228 είς
3643 1168 3684 1220 τὸ

2165 1254 2388 1321 κάδιον,
2419 1253 2518 1308 καὶ
2548 1252 2742 1306 ἔλαϐεν
2771 1253 2983 1308 ἐκεῖθεν
3017 1253 3166 1306 λίθον
3195 1254 3314 1320 ἕνα,
3358 1256 3448 1308 καὶ
3487 1255 3686 1325 ἐσφενδό-

2174 1364 2333 1418 νησε,
2361 1347 2455 1401 καὶ
2487 1345 2732 1412 ἐπάταξε
2781 1345 2872 1399 τὸν
2920 1345 3218 1414 ἀλλόφυλον
3263 1347 3342 1409 είς
3384 1346 3441 1400 τὸ
3489 1349 3687 1417 μέτωπον

2165 1439 2356 1496 αὐτοῦ.
2396 1440 2510 1494 Kal.
2537 1438 2680 1492 διέδυ
2714 1441 2742 1492 6
2774 1436 2920 1502 λίθος
2939 1437 3027 1492 διὰ
3059 1439 3160 1510 τῆς
3193 1438 3595 1510 περικεφαλαίας
3631 1443 3687 1504 εἰς

2168 1534 2230 1586 τὸ
2287 1533 2544 1604 μέτωπον
2581 1530 2771 1595 αὐτοῦ,
2821 1532 2917 1586 καὶ
2973 1530 3171 1586 ἔπεσεν
3199 1532 3292 1585 ἐπὶ
3319 1532 3416 1600 τὴν
3467 1531 3578 1600 γῆν,
3621 1534 3688 1586 καὶ

2168 1625 2372 1699 ἔδραμε
2404 1624 2589 1690 Δαϐὶδ,
2615 1625 2712 1679 καὶ
2745 1623 2935 1691 ἀφεῖλε
2967 1625 3064 1694 τὴν
3088 1623 3332 1694 κεφαλὴν
3360 1623 3532 1676 αὑτοῦ.
3567 1643 3583 1675 ι

2247 1732 2266 1766 ‹
2325 1710 2494 1768 Εἶπεν
2561 1713 2910 1782 Ἀϐεσαλὼμ,
2978 1715 3072 1768 καὶ
3132 1715 3244 1777 πᾶς
3299 1713 3432 1786 ἀνὴρ
3485 1714 3686 1784 Ἰσραήλο

2183 1805 2388 1877 Ἀγαυὴ
2417 1808 2451 1878 ἡ
2480 1806 2646 1878 βουλὴ
2675 1808 2846 1861 Χουσὶ
2869 1806 3011 1878 ὑπὲρ
3042 1805 3140 1876 τὴν
3176 1805 3372 1877 βουλὴν
3403 1807 3686 1877 Ἀρχιτόςςελ.

2165 1898 2354 1960 Ὅπως
2382 1897 2566 1970 ἐπάγῃ
2599 1895 2805 1968 Κύριος
2830 1896 2923 1948 ἐπὶ
2965 1895 3293 1965 Ἀϐεσαλὼμ
3316 1892 3383 1948 τὰ
3402 1895 3556 1949 κακά.
3591 1914 3607 1946 ι

2232 2095 2250 2126 ι
2292 2076 2559 2146 Εἰσῆλθον
2581 2077 2849 2149 τέσσαρες
2873 2076 3086 2147 λεπροὶ,
3112 2076 3210 2129 καὶ
3235 2074 3371 2130 Θεοῦ
3413 2076 3690 2147 εὐδοκήσαν-

2157 2187 2268 2234 τος,
2297 2170 2417 2223 ὅλον
2449 2169 2510 2224 τὸ
2534 2171 2896 2242 στρατόπεδον
2921 2169 3120 2240 Συρίας
3149 2168 3446 2239 ὲφόϐησανυ
3487 2188 3505 2220 ι

2233 2375 2252 2408 ‹
2289 2356 2636 2425 Κατίσχυσεν
2675 2353 2961 2430 Ἐζεκίας,
2999 2355 3096 2410 καὶ
3122 2353 3449 2425 ᾠκοδόμησε
3487 2353 3540 2408 τὸ
3556 2355 3692 2424 nixo;

2159 2449 2222 2502 τὸ
2255 2447 2732 2517 κατεσπασμένον,
2765 2445 2861 2500 καὶ
2884 2446 3147 2518 ἐλάλησεν
3177 2446 3279 2501 ἐπὶ
3300 2447 3519 2519 καρδίαν
3540 2446 3689 2515 λέγων’

2169 2542 2447 2614 ’ἰσχύσατε
2507 2543 2601 2595 καὶ
2641 2535 2982 2610 ἀνδρίζεσθεῖ
3008 2540 3082 2616 μὴ
3105 2540 3406 2612 πτοηθῆναι
3439 2540 3538 2592 ἀπὸ
3563 2556 3693 2610 προσ-

2155 2636 2306 2688 ώπου
2341 2634 2438 2690 τοῦ
2491 2633 2762 2708 βασιλέως
2828 2634 3083 2703 Ἀσσοὺρ,
3128 2633 3227 2686 καὶ
3280 2631 3374 2686 τοῦ
3424 2631 3590 2694 ἔθνους
3617 2629 3683 2683 τοῦ

2159 2728 2421 2798 μεγάλου,
2449 2729 2533 2782 ὅτι
2573 2727 2694 2799 μεθ’
2725 2724 2882 2797 ἡμῶν
2913 2725 3136 2788 πλείους
3161 2724 3194 2795 ἢ
3227 2723 3346 2796 μετ’
3374 2723 3563 2778 αὐτῶν.
3588 2722 3689 2792 Βρι-

2155 2823 2334 2892 χίονες
2368 2821 2620 2893 σάρκινοι
2677 2818 2796 2889 μετ’
2833 2817 3025 2882 αὐτοῦ,
3067 2817 3186 2889 μεθ’
3231 2817 3391 2888 ἡμῶν
3443 2817 3497 2872 δὲ
3536 2814 3692 2886 Κύριος

2154 2915 2184 2966 6
2219 2913 2352 2978 Θεὸς
2373 2912 2530 2985 ἡμῶν
2547 2928 2562 2944 ο
2583 2911 2677 2966 καὶ
2705 2910 3121 2982 κατεθάῤῥησεν
3146 2911 3174 2963 6
3194 2908 3346 2988 λαός.
3386 2931 3405 2963 ι

2233 3115 2252 3148 ι
2309 3095 2515 3168 Κύριος
2555 3092 2843 3164 φωτισμὸς
2915 3109 3019 3162 μου
3077 3091 3175 3145 καὶ
3237 3090 3421 3162 σωτήρ
3465 3106 3576 3162 μου,
3606 3087 3693 3141 τίνα

2089 3204 2136 3264 c
2168 3189 2552 3261 φοϐηθήσομαι
2578 3204 2592 3252 ;
2628 3207 2645 3238 ι
2683 3186 2870 3240 καὶτὰ
2901 3185 3087 3238 λοιπά.

2244 3300 2264 3333 ι
2300 3283 2376 3334 Οὐ
2412 3279 2720 3351 σωθήσεται
2775 3278 3028 3350 βασιλεὺς
3078 3275 3167 3330 διὰ
3227 3274 3432 3346 πολλὴν
3463 3275 3691 3344 δύναμιν,

2169 3376 2261 3429 καὶ
2291 3373 2476 3443 γίγας,
2509 3392 2526 3425 ι
2559 3374 2654 3426 καὶ
2685 3370 2755 3423 τὰ
2792 3370 2977 3428 λοιπά.

2243 3487 2260 3518 ι
2306 3467 2491 3520 Πάντα
2527 3466 2594 3520 τὰ
2641 3465 2778 3518 ὀστᾶ
2813 3479 2914 3532 μου
2948 3459 3159 3532 ἐροῦσι,
3191 3461 3390 3533 Κύριε,
3440 3460 3612 3528 Κύριε,
3635 3454 3696 3519 τίς

2166 3559 2353 3630 ὅμοιός
2387 3575 2504 3621 σοις
2547 3577 2564 3608 ι
2603 3557 2698 3610 καὶ
2727 3555 2797 3609 τὰ
2821 3553 3004 3610 λοιπά.

2243 3671 2260 3700 ι
2300 3651 2399 3713 Δὸς
2432 3651 2564 3718 ἡμῖν
2598 3647 2850 3719 βοήθειαν
2878 3649 2942 3699 ὲκ
2977 3644 3233 3714 θλίψεως,
3262 3644 3358 3702 καὶ
3397 3643 3584 3716 ματαία
3617 3657 3688 3694 σω-

2164 3740 2330 3812 τηρία
2361 3737 2673 3809 ἀνθρώπου.
2709 3757 2728 3788 ι

2241 3850 2258 3880 ι
2295 3831 2355 3884 Εἰ
2393 3829 2468 3900 μὴ
2492 3829 2572 3882 ὅτι
2591 3827 2795 3898 Κύριος
2811 3821 2880 3898 ἦν
2903 3830 2960 3881 ὲν
2984 3830 3115 3900 ἡμῖν
3140 3844 3153 3858 ο
3181 3827 3395 3886 εἰπάτω
3419 3825 3480 3897 δὴ
3506 3819 3692 3895 Ἰσραήλ·

2165 3926 2212 3977 εἰ
2249 3923 2323 3994 μὴ
2348 3924 2430 3978 ὅτι
2461 3922 2687 3994 Κύριος,
2737 3941 2754 3972 ›
2788 3923 2885 3974 καὶ
2915 3922 2984 3976 τὰ
3015 3922 3201 3978 λοιπά.

2241 4035 2258 4066 ι
2297 4015 2534 4085 Ἐΰόησα
2589 4016 2647 4068 ὲν
2690 4013 2868 4084 θλίψει
2906 4031 3007 4083 μου
3057 4013 3194 4084 πρὸς
3239 4011 3445 4086 Κύριον
3475 4010 3559 4064 τὸν
3597 4005 3697 4061 Θεὸν

2167 4127 2294 4179 μου,
2317 4108 2410 4161 καὶ
2435 4106 2724 4176 είσήκουσέ
2754 4123 2881 4176 μου.
2922 4125 2940 4156 ι

2239 4219 2257 4250 ι
2301 4199 2541 4268 Ἔσομαι
2589 4198 2731 4269 αὐτῇ
2772 4197 2984 4268 πύργος
3025 4196 3330 4262 κύκλωθεν,
3358 4196 3452 4250 καὶ
3477 4196 3551 4257 είς
3575 4189 3697 4253 δόξαν

2166 4290 2360 4360 ἔσομαι
2391 4289 2584 4359 αὐτῆς.
2625 4308 2644 4341 ι

2245 4404 2262 4435 ι
2298 4384 2406 4438 Καὶ
2447 4383 2663 4456 ποιήσω
2715 4380 3000 4451 ἐκδίκησιν
3033 4383 3169 4436 πᾶσι
3217 4383 3334 4446 τοῖς
3391 4377 3696 4449 ἀτιμάζουσιν

2166 4473 2382 4537 αὐτούς.
2419 4492 2436 4526 ι

544 4563 713 4638 386
745 4564 859 4620 Isa.
895 4580 1020 4628 vm,
1044 4565 1172 4619 9.-
1212 4585 1230 4617 ι
1270 4563 1572 4620 Nobiscum
1603 4564 1750 4624 Deus
1779 4582 1791 4618 :
1826 4565 2059 4631 scitote,

2240 4585 2257 4618 ι
2295 4565 2430 4619 Μεθ’
2461 4563 2618 4633 ἡμῶν
2651 4567 2678 4618 6
2725 4563 2860 4628 Θεός
2880 4581 2893 4596 ι
2927 4565 3123 4634 γνῶτε,
3152 4563 3310 4636 ἔθνη,
3339 4567 3438 4621 καὶ
3484 4559 3699 4636 ἡττᾶσθε,

475 4668 686 4731 gentes,
719 4657 1111 4725 etvincimini,
1135 4667 1189 4714 et
1221 4657 1413 4714 audite
1446 4675 1622 4730 usque
1653 4659 1719 4714 ad
1749 4668 2062 4718 extremum

474 4763 657 4810 terrae.
710 4771 729 4805 ι

551 4840 666 4897 Isa.
699 4856 753 4907 ι,
780 4841 832 4896 7.
865 4872 933 4881 --
972 4859 991 4892 ‹
1035 4838 1306 4899 Dominus
1352 4840 1652 4897 auxiliator
1695 4858 1851 4902 meus
1887 4843 2066 4899 factus

477 4938 604 4998 est;
640 4937 929 5002 propterea
974 4945 1085 4985 non
1134 4946 1256 4986 sum
1290 4930 1582 4997 confusus,
1627 4931 1722 4989 sed
1767 4932 1925 5002 posui
1978 4931 2064 4988 fa-

478 5022 621 5076 ciem
661 5035 834 5074 meam
863 5022 1007 5076 sicut
1037 5018 1397 5078 fortissimam
1421 5032 1634 5093 petram
1665 5039 1680 5078 :
1715 5033 1769 5079 et
1798 5025 1916 5078 scio
1937 5023 2065 5094 quia

477 5127 587 5166 non
621 5109 950 5166 confundar.
989 5129 1008 5162 ι

551 5199 751 5257 Jerem.
784 5217 880 5266 xx,
911 5202 1105 5257 H43.
1141 5232 1208 5243 --
1248 5222 1266 5254 ι
1295 5201 1565 5260 Dominus
1585 5220 1799 5261 mecum
1819 5215 1902 5261 est
1937 5213 2063 5261 tan-

479 5308 649 5364 quam
697 5294 933 5350 bellator
977 5293 1155 5349 fortis.
1191 5313 1211 5347 ι
1247 5323 1314 5335 -
1358 5313 1377 5345 ι
1415 5293 1686 5350 Dominus
1745 5295 1840 5352 dat
1896 5296 2065 5350 vitam

481 5386 749 5443 contritis
804 5385 996 5442 corde.
1053 5405 1072 5438 ι
1107 5417 1177 5428 --
1213 5405 1232 5437 ι
1262 5387 1496 5442 Cantate
1546 5385 1800 5450 Domino,
1845 5387 2068 5442 laudate

480 5494 637 5545 eum,
683 5478 814 5550 quia
870 5478 1126 5534 liberavit
1180 5479 1423 5534 animam
1485 5478 1750 5549 pauperis
1785 5479 1852 5534 de
1900 5496 2065 5535 manu

480 5571 732 5643 pessimi.
765 5591 785 5625 ι

555 5663 701 5719 Dan.
734 5681 860 5732 xm,
889 5665 984 5732 42,
1024 5664 1114 5731 46,
1158 5695 1228 5708 -—
1259 5683 1278 5715 ι
1313 5661 1655 5718 Exclamavit
1696 5677 1833 5718 voce
1874 5675 2068 5730 magna

491 5754 776 5822 Susanna,
808 5767 862 5814 et
893 5759 1030 5813 dixit
1077 5776 1090 5813 :
1127 5756 1271 5814 Deus
1295 5765 1524 5820 aeterne,
1569 5755 1660 5826 qui
1711 5753 2068 5809 abscondito-

489 5862 617 5910 tum
647 5865 706 5911 es
738 5852 1013 5928 cognitor,
1047 5850 1141 5924 qui
1173 5852 1320 5908 nosti
1363 5850 1549 5905 omnia
1579 5855 1874 5916 antequam
1913 5846 2066 5911 fiant,

2169 4658 2267 4713 καὶ
2291 4657 2563 4712 ἀκούσατε
2591 4656 2696 4721 ἕως
2726 4657 2958 4727 ἐσχάτου
2997 4657 3248 4728 τῆς-γῆς.
3293 4675 3313 4708 ι

2245 4861 2263 4892 ι
2307 4840 2510 4912 Κύριος
2533 4840 2753 4910 ἐγένετο
2798 4839 2994 4911 βοηθός
3037 4858 3140 4912 μου
3161 4881 3177 4907 ,
3208 4840 3300 4896 διὰ
3325 4839 3482 4894 τοῦτο
3507 4837 3596 4890 οὐκ
3634 4833 3700 4882 ἐν’

2167 4934 2435 5006 ετράπην,
2463 4934 2580 4987 ἀλλ’
2614 4933 2792 5005 ἔθηκα
2822 4934 2884 4987 τὸ
2908 4933 3204 5004 πρόσωπόν
3238 4951 3366 5003 μου,
3399 4933 3472 4996 ὡς
3511 4923 3698 4996 στερεὰν

2168 5022 2395 5092 πέτραν,
2424 5021 2519 5076 καὶ
2541 5021 2713 5091 ἔγνων
2739 5023 2817 5078 ὅτι
2848 5023 2909 5078 οὐ
2943 5023 3019 5095 μὴ
3047 5023 3345 5094 αίσχυνθῶ.
3386 5042 3406 5076 ι

2246 5227 2264 5262 ι
2305 5206 2510 5280 Κύριος
2577 5209 2695 5277 μετ’
2747 5205 2882 5279 ἐμοῦ
2940 5207 3123 5272 καθὼς
3169 5205 3418 5278 μαχητὴς
3453 5199 3690 5271 ἰσχύων.)

2167 5319 2270 5348 -ι
2295 5297 2496 5368 Κύριος
2529 5296 2714 5352 δίδωσι
2765 5297 2912 5367 ζωὴν
2956 5299 3070 5360 τοῖς
3126 5294 3589 5368 συντετριμμένοις
3620 5286 3697 5354 τὴν

2169 5389 2556 5457 καρδίαν.»--‹
2589 5387 2793 5459 ’ᾼσατε
2819 5388 2898 5458 τῷ
2935 5388 3144 5459 Κυρίῳ,
3164 5387 3415 5454 αἰνέσατε
3445 5385 3608 5446 αὑτὸν,
3633 5378 3695 5428 ὅτι

2169 5479 2405 5546 ἐξείλετο
2429 5477 2608 5549 ψυχὴν
2644 5479 2877 5550 πένητος
2907 5479 2970 5533 ὲκ
3009 5478 3192 5550 χειρὸς
3219 5472 3648 5549 πονηρευομένου.
3679 5481 3694 5513 ι

2247 5680 2265 5714 ι
2302 5662 2597 5734 Ἀνεόόησε
2625 5665 2777 5734 φωνῇ
2819 5662 3035 5734 μεγάλῃ
3085 5661 3362 5720 Σωσάννα,
3394 5658 3485 5712 καὶ
3532 5649 3693 5706 εἶπεν¹

2183 5753 2238 5807 Ὀ
2272 5753 2406 5816 Θεὸς
2430 5754 2668 5819 αἰώνιος,
2696 5756 2724 5806 6
2748 5755 2856 5808 τῶν
2884 5754 3124 5820 καρδιῶν
3153 5753 3417 5822 γνώστης,
3443 5752 3467 5801 ό
3492 5745 3624 5806 εἰδὼς
3642 5736 3696 5792 τά

2172 5847 2353 5904 πάντα
2380 5847 2508 5921 πρὶν
2530 5848 2798 5918 γενέσεως
2819 5848 3021 5916 αὐτῶν,
3049 5849 3112 5903 σὺ
3143 5848 3425 5902 ἐπίστασαι
3457 5843 3529 5898 ὅτι
3557 5832 3696 5910 ψεύδη
