3986 6424
344 468 478 530 12ῧ9

1609 460 1841 521 SACRA
1875 455 2336 518 PARALLELA.

3465 445 3596 538 1270

347 593 449 649 μου
483 572 1001 645 κατεμαρτύρησαν.
1029 569 1137 624 Καὶ
1164 569 1273 623 ἰδοὺ
1297 569 1628 640 ἀποθνήσκω
1658 571 1736 640 μὴ
1763 569 1914 638 ποιή-

2054 581 2086 618 ιι
2121 564 2232 618 scis
2268 560 2530 632 quoniam
2555 558 2754 616 falsum
2787 560 3166 617 testimonium
3195 556 3446 616 tulerunt
3467 572 3599 611 con-

346 683 486 720 σασα
521 665 688 735 μηδὲν
719 659 794 717 ὧν
827 657 976 717 οὗτοι
1024 663 1590 734 κατεμαρτυρήσαντο
1611 662 1730 716 κατ’
1761 663 1918 733 ἐμοῦ.

347 757 454 810 Καὶ
481 755 802 824 είσὴκουσεν
835 755 862 806 ὁ
891 751 1023 814 Θεὸς
1060 753 1159 822 τῆς
1212 751 1401 820 φωνῆς
1443 751 1636 822 αὐτῆς,
1678 753 1773 805 καὶ
1818 753 1924 806 ἀπ-

347 846 620 915 αγομένης
667 846 838 914 αὐτῆς
896 843 1233 908 ἀπολέσθαι,
1268 844 1554 916 ἐξήγειρεν
1592 845 1622 899 δ
1672 845 1804 909 Θεὸς
1864 845 1926 900 τὸ

349 935 572 1006 Πνεῦμα
597 936 658 987 τὸ
688 935 842 1002 ἆγιον
897 936 1187 1007 παιδάριον
1229 935 1519 1006 νεώτερον,
1552 928 1597 1004 ᾧ
1623 937 1800 1007 ὄνομα
1820 938 1926 990 Δα-

350 1027 489 1096 νιὴλ,
530 1027 624 1080 καὶ
650 1026 910 1098 ἀνεϐόησε
938 1031 1089 1098 φωνῇ
1125 1029 1337 1100 μεγάλη
1360 1042 1372 1056 ·
1397 1029 1656 1100 Καθαρός
1677 1030 1795 1098 εἰμι
1818 1029 1927 1083 ἀπὸ

348 1117 444 1172 τοῦ
473 1118 708 1188 αἵματος
741 1119 940 1189 αὐτῆς.
985 1140 1004 1172 ι

426 1316 446 1349 ι
484 1298 546 1350 Οἱ
596 1296 934 1366 πατριάρχαι
1012 1295 1357 1367 ζηλώσαντες
1407 1296 1502 1352 τὸν
1545 1297 1766 1370 Ἰωσὴφ,
1817 1299 1921 1353 ἀπ-

349 1389 528 1443 έδοντο
561 1392 642 1452 είς
688 1390 988 1456 Αἴγυπτον,
1033 1391 1128 1444 καὶ
1147 1387 1216 1461 ἦν
1247 1392 1274 1444 ὁ
1305 1391 1439 1455 Θεὸς
1472 1395 1589 1462 μετ’
1607 1392 1796 1457 αὑτοῦ,
1831 1394 1928 1448 καὶ

349 1483 552 1536 ἔδωκεν
581 1482 731 1552 αὑτῷ
759 1482 920 1553 χάριν
946 1483 1040 1536 καὶ
1071 1482 1265 1553 σοφίαν
1289 1483 1534 1537 ἐναντίον
1571 1485 1794 1554 Φαραὼ,
1832 1483 1927 1538 καὶ

351 1575 686 1644 κατέστησεν
717 1575 881 1628 αὐτὸν
916 1575 1224 1646 ἡγούμενον
1253 1578 1340 1630 ἐπ’
1373 1577 1670 1645 Αἴγυπτον.
1712 1595 1731 1630 ι

430 1772 448 1801 .
490 1752 550 1805 Ei
577 1754 605 1806 δ
630 1750 764 1815 Θεὸς
795 1752 914 1822 μεθ’
945 1753 1123 1824 ἡμῶν,
1161 1753 1244 1816 τίς
1274 1754 1394 1808 καθ’
1422 1723 1620 1825 sps»);
1659 1775 1678 1808 ι

2026 664 2112 709 tra
2149 669 2255 708 me.
2293 651 2358 706 Et
2404 667 2532 706 ecce
2582 652 2808 719 tiiorior,
2856 667 2981 708 cum
3031 651 3167 706 nihil
3211 650 3407 704 horum
3456 649 3601 702 fece-

2026 745 2156 811 rim,
2189 761 2313 814 qua:
2343 744 2439 800 isti
2485 743 2767 799 testiﬁcati
2800 750 2931 799 sunt
2955 749 3148 797 eontra
3175 755 3280 794 me.
3313 739 3598 794 Exaudivit

2026 848 2211 892 autem
2258 837 2406 893 Deus
2442 848 2636 892 vocem
2682 835 2826 905 ejus.
2891 833 3142 904 Cumque
3190 831 3498 890 duceretur
3531 832 3599 884 ad

2025 943 2306 1010 mortem,
2376 929 2668 985 suscitavit
2735 925 3003 981 Dominus
3069 924 3312 994 Spiritus
3373 932 3597 980 sanctus

2026 1009 2260 1091 puerum
2294 1009 2597 1088 juniorem,
2631 1016 2796 1085 cujus
2825 1029 3028 1069 nomen
3061 1012 3251 1068 Daniel
3285 1031 3298 1067 :
3334 1024 3388 1067 ct
3420 1013 3597 1068 excia-

2027 1112 2200 1166 mavit
2227 1126 2362 1167 voce
2402 1111 2597 1182 magna
2632 1131 2647 1169 :
2682 1107 2921 1163 Mundus
2967 1120 3069 1177 ego
3117 1119 3240 1159 sum
3273 1120 3302 1158 a
3336 1105 3600 1176 sanguine

2029 1201 2215 1273 hujus.
2264 1220 2283 1252 ι

2103 1293 2220 1349 Act.
2255 1309 2350 1358 vti,
2384 1293 2438 1348 9.
2477 1322 2547 1334 —
2579 1309 2600 1343 ι
2625 1288 2963 1344 Patriam-hae
3006 1285 3330 1341 zemulantes
3372 1284 3600 1357 Joscph,

2030 1382 2396 1439 vendiderunt
2427 1396 2552 1438 eum
2586 1380 2642 1435 in
2675 1378 2995 1449 Aigyptum,
3046 1385 3099 1430 et
3145 1385 3262 1430 erat
3292 1374 3437 1430 Deus
3479 1391 3602 1429 cum

2025 1490 2118 1532 eo.
2147 1475 2214 1530 Et
2237 1473 2392 1531 dedit
2417 1475 2468 1529 ei
2499 1473 2734 1543 gratiam
2769 1479 2824 1525 et
2861 1468 3188 1539 sapientiam
3214 1467 3266 1522 in
3299 1477 3602 1537 conspectu

2029 1567 2384 1623 Pharaonis:
2417 1575 2474 1621 et
2522 1562 2814 1620 constituit
2859 1575 2986 1616 eum
3035 1559 3393 1630 praepositum
3439 1574 3603 1629 super

2029 1659 2350 1731 Egyptutn.
2397 1677 2417 1711 ι

2104 1749 2258 1804 Rom.
2296 1766 2414 1816 vtu,
2437 1750 2526 1804 51.
2558 1775 2625 1789 —-
2664 1768 2681 1801 ι
2724 1747 2780 1802 Si
2809 1746 2952 1802 Deus
2982 1757 3083 1815 pro
3117 1743 3302 1809 nobis,
3325 1743 3449 1814 quis
3469 1757 3599 1798 con-

2033 1853 2112 1896 tra
2143 1841 2282 1897 nos?
2303 1860 2324 1892 ›

430 1930 486 1983 Ὁ
513 1929 604 1982 τὸν
632 1930 764 1984 Θεὸν
795 1929 936 2000 ἔχων
962 1930 1079 2001 μεθ’
1111 1931 1327 1997 ἑαυτοῦ,
1357 1932 1578 1987 πάντων
1601 1934 1750 1988 ἐστὶν
1776 1937 1920 2005 ἰσχυ-

2098 1932 2374 2002 Chrysost.
2410 1930 2616 1997 -—Qui
2684 1929 2852 1986 Deum
2909 1931 3076 1992 habet
3127 1944 3344 1996 secum,
3406 1925 3602 1982 fortior

351 2022 474 2091 ρότε
485 2038 596 2092 ρος.

420 2114 484 2167 Εἰ
515 2114 691 2170 πάντα
722 2115 822 2168 ὅσα
851 2115 1237 2181 διεσπούδαζον
1269 2119 1321 2170 οί
1357 2118 1587 2191 πονηροὶ
1632 2120 1726 2172 καὶ
1779 2120 1930 2174 ἄθεοι

349 2205 566 2275 γόητες,
600 2205 872 2275 ὲξεγίνετο
904 2207 1088 2271 αὐτοῖς
1122 2226 1182 2261 τε
1217 2211 1314 2262 καὶ
1354 2215 1467 2275 τοῖς
1517 2212 1722 2266 τούτων
1755 2214 1929 2283 ὑπερ-

346 2298 642 2360 ασπισταῖς
676 2297 770 2350 καὶ
807 2301 1092 2369 συνεργοῖς
1135 2299 1404 2369 δαίμοσιν,
1455 2303 1556 2356 οὐκ
1599 2304 1668 2357 ἂν
1704 2305 1928 2373 ἀφῆκαν

347 2387 440 2439 ἐπὶ
477 2389 576 2458 τῆς
606 2389 710 2459 γῆς
743 2391 841 2444 ἕνα
889 2409 993 2444 που
1024 2390 1200 2456 ζῶντα
1234 2396 1562 2466 Χριστιανὸν
1615 2397 1926 2468 ἄνθρωπον,

346 2476 450 2530 οὐκ
485 2479 772 2550 εὐκτήριον
815 2478 984 2548 οἶκον,
1013 2485 1075 2538 οὐ
1110 2485 1436 2554 παραίνεσιν
1471 2488 1710 2560 ἀγαθὴν,
1745 2489 1806 2542 ού
1839 2488 1928 2542 λό-

348 2585 447 2636 γον
470 2571 707 2641 οὐδαμοῦ
739 2576 1106 2647 περιφανῆναι
1139 2580 1429 2650 σωτήριον.

347 2682 533 2738 ΤΙΤΛ.
562 2685 864 2764 Δ¹.-Περὶ
887 2689 1327 2764 βαπτίσματος,
1369 2695 1464 2747 καὶ
1502 2694 1611 2764 τῆς
1630 2697 1738 2752 τοῦ
1767 2699 1928 2755 θείου

795 2759 1056 2826 λουτροῦ
1093 2765 1482 2830 προφητείας.

430 2864 449 2896 ι
485 2845 818 2915 Προσέλθετε
848 2850 984 2919 πρὸς
1018 2849 1203 2914 αὐτὸν,
1251 2854 1343 2906 καὶ
1371 2856 1699 2928 φωτίσθητε,
1733 2860 1828 2912 καὶ
1863 2859 1930 2914 τὰ

347 2935 624 3004 πρόσωπα
655 2936 810 3008 ὑμῶν
829 2939 892 2992 οὐ
925 2939 999 3010 μὴ
1037 2944 1434 3015 καταισχυνθῇ.
1474 2964 1492 2997 ι

430 3046 447 3077 ι
483 3029 547 3080 Ol
569 3027 858 3097 διψῶντες,
891 3031 1190 3100 πορεύεσθε
1234 3032 1321 3104 ἐφ’
1345 3033 1519 3105 ὕδωρ,
1575 3037 1671 3091 καὶ
1701 3040 1818 3092 ὅσοι
1851 3041 1927 3111 μὴ

343 3120 508 3187 ἔχετε
545 3120 830 3192 ἀργύριον,
873 3122 1192 3193 βαδίσαντες
1241 3129 1550 3200 ἀγοράσατε
1581 3170 1597 3195 ,
1635 3133 1732 3186 καὶ
1775 3133 1928 3188 πίετε

339 3205 496 3262 οἶνον
528 3210 658 3264 ἄνευ
685 3212 956 3284 ἀργυρίου
985 3216 1078 3268 καὶ
1110 3217 1298 3288 τιμῆς.
1332 3237 1350 3270 ι

431 3317 448 3350 ι
484 3300 810 3372 Ἀντλήσατε
836 3303 980 3376 ὕδωρ
1005 3305 1126 3375 μετ’
1146 3303 1486 3380 εὐφροσύνης
1513 3311 1577 3364 ὲκ
1603 3313 1712 3366 τῶν
1737 3315 1930 3384 πηγῶν

341 3391 448 3443 τοῦ
481 3393 770 3465 σωτηρίου.
811 3416 829 3446 ι

431 3501 450 3534 ι
489 3483 791 3549 Λούσασθε,
821 3487 1051 3558 καθαροὶ
1079 3489 1322 3558 γένεσθε.
1363 3511 1383 3546 ι

430 3593 448 3625 ι
487 3575 651 3628 Δεῦτε
682 3577 819 3647 πρὸς
842 3596 909 3648 με
939 3582 1142 3645 πάντες
1165 3584 1215 3635 oi
1246 3586 1566 3652 κοπιῶντες,
1595 3590 1689 3642 καὶ
1728 3608 1934 3663 πεφορ-

343 3668 622 3738 τισμένοι,
656 3669 812 3738 κάγὼ
841 3671 1142 3726 ἀναπαύσω
1167 3675 1331 3746 ὑμᾶς.
1371 3697 1390 3729 ι

438 3779 456 3812 ι
497 3761 694 3832 Ἀμὴν,
737 3763 884 3833 ἀμὴν
912 3764 1054 3833 λέγω
1081 3767 1239 3836 ὑμῖνο
1273 3769 1368 3823 ἐὰν
1402 3773 1474 3840 μή
1507 3789 1594 3835 τις
1613 3775 1847 3846 γεννηθῇ
1875 3778 1935 3842 ἐξ

347 3850 554 3914 ὓδατος
611 3853 707 3905 καὶ
761 3854 1100 3924 Πνεύματος,
1149 3857 1210 3909 οὐ
1250 3859 1324 3930 μὴ
1375 3862 1592 3934 εἰσέλθῃ
1649 3866 1731 3928 εἰς
1781 3867 1934 3936 βασι-

347 3943 509 3996 λείαν
539 3944 634 3998 τοῦ
657 3945 813 4002 Θεοῦ.
859 3967 877 4000 ι

435 4053 456 4086 ι
492 4034 582 4088 Ἐν
603 4037 840 4110 ἡμέραις
861 4039 983 4092 Νῶε
1018 4048 1539 4118 κατεσκευασμένης
1567 4051 1825 4118 κιϐωτοῦ,
1853 4055 1933 4118 είς

349 4128 426 4196 ἦν
464 4127 662 4196 ὀλίγαι,
715 4132 999 4186 τουτέστιν
1049 4133 1196 4187 ὀκτὼ
1253 4136 1424 4208 ψυχαὶ
1471 4139 1815 4214 διεσώθησαν
1866 4145 1933 4199 δι’

313 4289 325 4311 η
352 4217 575 4282 ὓδατος.
613 4222 677 4274 Ὃ
704 4222 798 4276 καὶ
825 4225 971 4293 ἡμᾶς
1003 4224 1100 4278 νῦν
1127 4227 1425 4284 ἀντίτυπον
1449 4230 1709 4297 διασώζει
1739 4234 1935 4305 βάπτι-

315 4317 326 4383 ς
356 4327 498 4379 σμα,
525 4313 585 4366 ού
613 4315 816 4384 σαρκὸς
846 4315 1105 4382 ἀπόθεσις
1153 4319 1352 4390 ῥύπου,
1400 4324 1541 4380 ἀλλὰ
1577 4327 1937 4398 συνειδήσεως

352 4401 595 4545 Ξγαθῆς.
611 4405 945 4477 ἐπερώτημα
986 4411 1064 4473 εἰς
1105 4412 1354 4479 Θεὸν,-δι’
1380 4415 1933 4490 ἀναστάσεωςΊησοῦ

413 4509 618 4545 οιστου.
656 4515 674 4545 ι

413 4509 618 4563 ριστου.
656 4515 674 4548 ι

2028 2024 2286 2078 omnibus
2309 2031 2416 2077 est.

2103 2113 2239 2168 Nili.
2274 2144 2346 2154 —
2369 2114 2426 2168 Si
2459 2113 2645 2168 omnia
2676 2129 2800 2184 qua:
2838 2114 2968 2168 mali
3015 2123 3070 2169 et
3110 2113 3265 2184 impii
3295 2112 3602 2182 praestigia-

2029 2214 2181 2262 tores
2212 2205 2534 2270 tnoliuntur,
2582 2206 2718 2275 ipsis
2761 2221 3062 2276 eorumque
3090 2205 3604 2276 prepugnatoribus

2028 2307 2084 2353 ct
2110 2297 2466 2369 adjutoribus
2487 2297 2831 2353 daemonibus
2849 2304 3068 2366 patrare
3093 2298 3308 2363 liceret,
3333 2311 3402 2351 ne
3434 2311 3602 2351 unum

2029 2390 2255 2460 quidem
2287 2389 2697 2454 Christianum,
2749 2405 2819 2445 ue
2849 2389 3156 2444 oratorium
3189 2404 3381 2454 unum,
3419 2403 3486 2443 nc
3511 2386 3603 2440 ad-

2029 2479 2394 2534 monitionem
2450 2480 2654 2535 bonam
2697 2488 2793 2533 aut
2826 2479 3139 2535 doctrinam
3173 2479 3472 2534 salutarem
3511 2491 3604 2532 us-

2028 2587 2194 2641 quam
2229 2571 2286 2626 in
2314 2579 2465 2626 terra
2498 2587 2790 2641 superesse
2822 2571 3232 2642 permisissent.

2132 2683 2279 2755 _TIT.
2313 2684 2402 2740 IV.
2434 2716 2501 2727 --
2533 2684 2608 2740 De
2640 2685 2919 2754 baptismo,
2963 2696 3014 2739 et
3053 2685 3206 2751 sacri
3239 2685 3442 2738 lavacri

2623 2756 3018 2825 praedicatione.

2102 2849 2256 2904 Psal.
2293 2865 2490 2911 xxxut,
2529 2850 2584 2904 5.
2616 2879 2686 2890 —
2721 2867 2739 2899 ι
2780 2847 3039 2904 Accedite
3073 2848 3143 2901 ad
3189 2862 3338 2913 eum,
3376 2853 3432 2900 et
3475 2846 3604 2899 illu-

2031 2941 2343 3005 miuamini,
2375 2949 2430 2996 et
2469 2939 2644 2996 facies
2674 2947 2874 2996 vestra:
2900 2955 3008 2994 non
3043 2938 3511 2994 confundenturu

2101 3033 2218 3088 lsa.
2270 3049 2358 3099 Lv,
2423 3033 2473 3088 l.
2503 3060 2576 3070 —
2622 3051 2639 3082 ι
2684 3030 2789 3097 Qui
2845 3031 3040 3096 sititis,
3086 3031 3269 3085 venite
3305 3029 3372 3084 ad
3410 3045 3605 3099 aquas,
3650 3099 3662 3103 _

2029 3137 2083 3181 et
2107 3126 2426 3196 quicunque
2456 3142 2566 3182 non
2591 3125 2808 3182 habetis
2838 3133 3153 3196 argentum,
3193 3133 3391 3180 euntes
3418 3123 3606 3189 emite,

1956 3253 1999 3309 ε
2030 3229 2088 3272 et
2123 3217 2292 3273 bibite
2331 3217 2523 3272 vinum
2561 3218 2682 3274 sine
2710 3225 2942 3289 argento
2987 3225 3043 3272 ct
3076 3217 3271 3288 pretio.
3315 3236 3333 3268 ι

2108 3304 2222 3365 lsa.
2255 3323 2356 3373 xu,
2393 3310 2448 3363 5.
2483 3339 2549 3350 --
2581 3329 2600 3362 ι
2642 3310 2874 3366 Haurite
2917 3326 3092 3381 aquas
3143 3324 3268 3364 cum
3317 3308 3507 3363 laetitia
3541 3307 3608 3363 de

2034 3401 2280 3457 fontibus
2307 3401 2600 3457 Salutaris.
2640 3419 2658 3454 ι
3143 3412 3146 3415 ’

2105 3493 2220 3551 Isa.
2259 3511 2297 3560 I,
2331 3495 2420 3550 16.
2449 3525 2518 3534 —
2546 3513 2564 3547 ι
2610 3493 2938 3561 Lavalnini;
2969 3497 3158 3551 mundi
3183 3503 3386 3551 cstotc.
3433 3515 3449 3546 ι

2108 3587 2300 3640 Hau/1.
2331 3604 2406 3653 ιιι,
2440 3587 2535 3642 28.
2575 3617 2643 3630 --
2681 3605 2699 3638 ι
2724 3588 2930 3644 Venite
2949 3588 3016 3641 ad
3038 3605 3145 3654 me,
3178 3603 3372 3642 omnes
3396 3588 3490 3657 qui
3526 3586 3604 3641 la-

2035 3681 2248 3736 boratis
2274 3690 2330 3735 et
2356 3680 2572 3736 onerati
2609 3680 2768 3746 estis,
2803 3687 2858 3734 et
2892 3695 2993 3751 ego
3032 3680 3275 3734 reficiam
3308 3694 3422 3746 vos.
3469 3699 3488 3731 ι

2105 3771 2266 3826 Joan.
2305 3788 2382 3827 ιιι.
2414 3771 2470 3827 5.
2500 3801 2570 3812 —
2607 3791 2628 3823 ι
2670 3773 2866 3835 Amen,
2910 3787 3067 3826 amen
3100 3771 3226 3825 dico
3267 3771 3425 3826 vobis
3451 3790 3463 3826 :
3489 3769 3609 3824 Nisi

2035 3865 2160 3934 quis
2198 3872 2426 3920 renatus
2451 3861 2616 3918 fuerit
2647 3878 2714 3916 ex
2747 3877 2890 3932 aqua
2922 3869 2977 3917 et
3013 3861 3221 3932 Spiritu
3250 3871 3468 3924 sancto,
3500 3877 3606 3914 non

2036 3957 2269 4012 intrabit
2298 3958 2351 4010 in
2377 3971 2602 4025 regnum
2633 3954 2752 4010 Dei.
2799 3973 2818 4007 ι

2120 4046 2142 4100 Ι
2179 4044 2328 4100 Pelr.
2367 4061 2446 4110 ιιι,
2480 4045 2572 4110 20,
2602 4045 2692 4099 21.
2717 4076 2788 4087 -
2819 4065 2836 4097 ι
2878 4045 2935 4098 In
2959 4043 3156 4100 diebus
3192 4043 3328 4107 Noe,
3369 4059 3494 4096 cum
3530 4040 3607 4094 fa-

2035 4137 2350 4193 bricaretur
2381 4152 2533 4200 arca,
2571 4137 2628 4190 in
2671 4153 2779 4207 qua
2814 4138 3000 4206 pauci,
3037 4137 3089 4191 id
3123 4143 3208 4192 est
3243 4146 3368 4190 octo
3413 4135 3609 4188 animus

2037 4231 2206 4286 salvae
2236 4230 2393 4284 factae
2434 4236 2566 4288 sunt
2617 4244 2715 4298 per
2741 4241 2963 4299 aquam.
2999 4227 3157 4294 Quod
3196 4238 3250 4282 et
3275 4242 3376 4282 vos
3412 4227 3608 4282 similis

2039 4322 2232 4378 formae
2257 4322 2447 4378 salvos
2493 4320 2626 4376 facit
2649 4321 2944 4391 baptisma,
2982 4334 3092 4375 non
3125 4320 3311 4375 carnis
3340 4317 3607 4388 depositio

2039 4415 2313 4481 sordium,
2363 4414 2460 4470 sed
2514 4412 2877 4470 conscientiae
2935 4412 3095 4467 bona:
3147 4410 3507 4481 interrogatio
3542 4410 3608 4464 ad

2039 4509 2234 4574 Deum,
2277 4523 2374 4577 per
2407 4505 2875 4562 resurrectionem
2911 4503 3042 4559 Jesu
3075 4501 3305 4557 Clu-isti.
3340 4521 3359 4553 ι

439 4603 458 4635 ι
504 4585 791 4640 Ἀδύνατον
831 4589 957 4652 τοὺς
1015 4591 1164 4652 ἅπαξ
1209 4595 1606 4663 φωτισθέντας,
1657 4600 1932 4673 γευσαμέ-

2121 4599 2280 4654 Hebr.
2312 4600 2388 4665 vi,
2419 4597 2477 4662 4,
2506 4596 2557 4652 5.
2584 4627 2653 4636 --
2686 4613 2705 4647 ι
2739 4593 3088 4666 lmpossibile
3131 4600 3219 4648 est
3256 4609 3354 4648 eos
3393 4591 3487 4662 qui
3523 4607 3605 4647 se-

355 4701 484 4746 νους
509 4701 568 4736 τε
616 4689 952 4762 τῆςδωρεὰς
992 4691 1094 4759 τῆς
1139 4689 1482 4759 ἐπουρανίου,
1525 4691 1621 4744 καὶ
1675 4695 1936 4763 μετόχους

355 4776 692 4847 γενηθέντας
735 4779 1055 4848 Πνεύματος
1115 4782 1296 4848 ἁγίου,
1323 4781 1418 4834 καὶ
1456 4781 1619 4836 καλὸν
1659 4785 1938 4855 γευσαμέ-

357 4887 487 4933 νους
507 4870 644 4923 Θεοῦ
680 4873 851 4942 ῥῆμα,
890 4870 1152 4941 δυνάμεις
1186 4890 1245 4924 τε
1279 4872 1566 4941 μέλλοντος
1592 4875 1812 4941 αἰῶνος,
1845 4879 1941 4931 καὶ

360 4961 807 5032 παραπεσόντας,
865 4963 1028 5015 πάλιν
1073 4959 1446 5028 ἀνακαινίζειν
1483 4966 1563 5029 είς
1621 4968 1937 5037 μετάνοιαν,

358 5055 841 5126 ἀνασταυροῦντας
888 5056 1103 5120 ἑαυτοῖς
1141 5057 1234 5109 τὸν
1299 5057 1427 5110 Υίὸν
1487 5058 1581 5112 τοῦ
1636 5058 1794 5125 Θεοῦ,
1845 5063 1941 5115 καὶ

359 5145 996 5216 παραδειγματίζοντας.
1043 5164 1062 5197 ι

435 5240 640 5312 Καιρὸς
671 5239 1067 5310 βαπτίσματος,
1087 5239 1232 5304 ἄπας
1264 5241 1293 5293 ὀ
1323 5241 1432 5295 τῶν
1457 5241 1762 5313 ἀνθρώπιον
1800 5243 1933 5314 βίος.

359 5331 502 5386 Οὔτε
536 5331 644 5404 γὰρ
679 5330 888 5403 σώματι
919 5330 1018 5404 ζῇν
1055 5333 1132 5404 μὴ
1168 5334 1492 5388 ἀναπνέοντι
1531 5334 1776 5402 δυνατὸν,
1811 5335 1940 5390 οὔτε

361 5429 508 5498 ψυχῇ
571 5426 915 5491 συνεστάναι,
971 5426 1046 5497 μὴ
1098 5426 1444 5500 γνωριζούσῃ
1485 5428 1576 5481 τὸν
1637 5429 1939 5484 Κτίσαντα.

353 5517 500 5574 θεοῦ
554 5518 664 5589 γὰρ
712 5517 906 5587 ἄγνοια
953 5518 1184 5582 θάνατός
1238 5519 1355 5572 ἐστι
1403 5520 1604 5591 ψυχῆς.
1645 5520 1702 5574 '0
1747 5521 1804 5575 δὲ
1865 5522 1942 5593 μὴ

353 5611 707 5683 βαπτισθεὶς,
761 5610 824 5663 οὐ
888 5609 1249 5679 πεφώτισται.
1285 5612 1448 5664 Ἀνευ
1489 5612 1545 5666 δὲ
1590 5613 1784 5680 φωτὸς,
1818 5612 1944 5666 οὔτε

356 5701 643 5771 ὀφθαλμὸς
694 5701 761 5755 τὰ
815 5702 1010 5755 ἑαυτοῦ
1065 5699 1296 5771 καθορᾷ,
1345 5700 1469 5754 οὔτε
1509 5701 1656 5774 ψυχὴ
1719 5687 1943 5758 δύναται

357 5794 503 5849 Θεοῦ
526 5794 782 5862 δέξασθαι
807 5794 1039 5866 θεωρίαν
1066 5795 1195 5849 ἄνευ
1224 5795 1620 5865 βαπτίσματος.

2043 4693 2150 4748 mel
2198 4701 2330 4748 sunt
2386 4688 2708 4754 illuminati,
2756 4696 2812 4742 et
2855 4695 3218 4759 gustaverunt
3265 4685 3470 4739 donum
3519 4683 3610 4740 Dei

2046 4786 2290 4849 etnleste,
2323 4791 2380 4838 et
2417 4779 2713 4852 participes
2761 4777 2892 4832 facti
2930 4785 3060 4832 sunt
3115 4774 3358 4846 Spiritus
3411 4775 3614 4841 sancti,

2050 4881 2515 4946 gustaveruntque
2565 4873 2768 4927 bonum
2820 4869 2912 4925 Dei
2951 4869 3110 4940 387
3144 4868 3390 4930 verbum,
3449 4867 3623 4919 virtu-

2038 4978 2235 5035 tesque
2259 4965 2451 5021 steculi
2484 4962 2727 5028 venturi,
2764 4968 2818 5016 et
2855 4960 3095 5030 prolapsi
3126 4966 3280 5023 sunt,
3305 4973 3501 5012 rursus
3528 4972 3615 5009 re-

2038 5058 2234 5112 novari
2305 5055 2374 5111 ad
2445 5054 2877 5124 paenitentiam:
2934 5067 3156 5107 rursum
3229 5049 3618 5119 cruciﬁgeutcs

2039 5151 2400 5220 sibimetipsis
2423 5149 2622 5203 Filium
2652 5147 2768 5211 Dei,
2795 5154 2850 5202 et
2875 5142 3217 5213 contemptui
3245 5143 3535 5198 habentes.
3584 5159 3603 5191 ι

2113 5241 2291 5295 Basil.
2323 5240 2552 5294 Exhort.
2591 5239 2659 5293 ad
2701 5237 2952 5308 baptism.
2983 5267 3049 5278 —-
3082 5234 3344 5305 Baptismi
3375 5240 3614 5304 tempus,

2046 5336 2304 5390 universa
2362 5331 2648 5388 hominum
2697 5331 2808 5386 vita
2853 5343 2960 5385 est.
3009 5327 3146 5382 Nam
3203 5329 3348 5383 sicut
3396 5326 3614 5395 corpori

2047 5419 2188 5481 citra
2246 5424 2667 5494 respirationem
2719 5422 2905 5477 vivere
2950 5419 3296 5490 impossibile
3328 5427 3414 5474 est
3463 5437 3476 5472 :
3540 5417 3619 5472 sic

2047 5516 2213 5571 etiam
2265 5515 2382 5569 ﬁeri
2432 5529 2544 5568 non
2595 5519 2796 5583 potest,
2831 5519 2894 5566 ut
2943 5511 3126 5566 anima
3173 5509 3467 5572 consistat,
3502 5523 3624 5577 quae

2047 5608 2366 5664 Creatorem
2410 5605 2636 5660 minimc
2687 5613 2970 5676 agnoscat.
3024 5601 3118 5656 Dei
3152 5602 3303 5656 enim
3351 5601 3622 5672 ignoratio

2048 5714 2199 5755 mors
2241 5708 2325 5755 est
2372 5698 2591 5753 animae.
2647 5697 2823 5752 Porro
2866 5695 2962 5765 qui
3004 5694 3317 5764 baptizatus
3363 5707 3470 5747 non
3518 5701 3598 5744 est

2053 5795 2099 5849 is
2132 5808 2240 5847 non
2292 5799 2380 5848 est
2427 5791 2792 5845 illuminatus.
2832 5789 2901 5843 At
2933 5803 3062 5842 vero
3092 5787 3300 5856 absque
3332 5788 3482 5847 lucc,
3522 5799 3617 5838 nec

358 5891 569 5948 oculus
613 5905 737 5960 qua:
788 5904 888 5946 sua
933 5897 1087 5956 sunt,
1136 5905 1410 5967 cernere,
1443 5906 1542 5948 nec
1596 5891 1780 5946 anima
1812 5889 2339 5961 contemplatioan
2373 5885 2467 5943 Dei
2503 5891 2687 5957 potest
2717 5874 3004 5942 admittere
3037 5869 3155 5937 sine
3185 5881 3480 5950 baptismo.
