3986 6388
257 431 393 496 1273

1542 438 1779 499 SACRA
1812 437 2273 499 PARALLELA.

3398 430 3526 496 1‘27!

255 549 492 620 χρηστός
520 551 692 615 ἐστιν,
726 548 959 619 ἐλαφρός
999 549 1170 611 ἐστιν,
1204 549 1266 602 ού
1295 549 1473 620 τρίϐει
1502 553 1596 604 τὸν
1619 550 1844 620 αὐχένα,

1973 546 2094 614 Quid
2150 544 2403 616 refugis?
2460 559 2559 599 cur
2613 555 2872 617 tanquam
2936 545 3148 602 vitulus
3207 544 3526 615 inexpertus

258 642 396 697 ἀλλὰ
421 640 657 707 δοξάζει.
690 642 765 695 Οὐ
814 642 922 713 γάρ
976 642 1258 711 δεσμεῖται
1296 643 1329 712 ἡ
1371 643 1571 714 ζεύγλη
1595 645 1724 713 περὶ
1746 644 1838 697 τὸν

257 734 551 806 τράχηλον.
610 733 965 800 Αὑτεξούσιον
1030 734 1281 804 ἐπιζητεῖ
1362 736 1454 789 τὸν
1510 735 1838 805 ὑφέλκοντα.

272 827 434 897 Ὁρᾷς
478 826 562 879 ὅτι
609 827 997 895 κατηγορεῖται
1035 823 1297 895 Ἑφραῒμ.
1336 825 1526 896 ὥσπερ
1570 825 1844 895 οἰστρῶσα

259 918 513 989 δάμαλις,
553 918 637 971 ὅτι
678 918 890 971 ἄτακτα
938 916 1362 987 περιπλανᾶται,
1396 918 1491 971 τὸν
1544 916 1637 971 τοῦ
1677 918 1841 987 νόμου

264 1012 433 1080 ζυγὸν
452 1011 756 1082 ἀτιμάζων.
788 1009 1016 1072 ’Υπόθες
1043 1026 1138 1065 σου
1164 1008 1257 1062 τὸν
1276 1009 1588 1081 ἀδάμαστον
1608 1010 1843 1082 αὐχένα⁶

264 1104 424 1173 γενοῦ
453 1104 748 1172 ὑποζύγιον
766 1102 863 1159 τιτῦ
892 1104 1153 1174 Χριστοῦ,
1197 1104 1284 1157 ἴνα
1326 1105 1400 1175 μὴ
1450 1105 1723 1175 ἀφέμενος
1748 1107 1847 1176 τῆς

265 1194 525 1265 ζεύγλης,
571 1193 705 1264 μηδὲ
750 1192 1144 1261 ἐλευθεριάζων
1171 1194 1249 1263 τῷ
1278 1193 1398 1265 βίῳ,
1435 1194 1847 1265 εὐεπιχείρητος

264 1283 330 1361 ᾖς
362 1287 477 1348 τοῖς
509 1283 742 1353 θηρίοις.
773 1282 1075 1348 Γεύσασθε,
1105 1286 1201 1337 καὶ
1239 1282 1378 1339 ἴδετε
1424 1285 1506 1338 ὅτι
1555 1286 1792 1355 χρηστὸς
1819 1287 1848 1338 ό

269 1378 494 1448 Κύριος.
555 1375 880 1446 Γλυκύτητα
955 1375 1170 1446 μέλιτος
1226 1377 1344 1439 πῶς
1401 1377 1689 1446 ἀναγγελῶ
1735 1380 1849 1441 τοῖς

268 1468 559 1538 ἀγνοοῦσις
606 1466 880 1521 Γεύσασθε
913 1468 1011 1521 καὶ
1048 1466 1206 1522 ἴδετε.
1232 1466 1499 1537 Αἴσθησις
1527 1470 1730 1533 παντὸς
1759 1468 1850 1523 λό⁹

266 1573 365 1626 του
388 1560 776 1632 ἐναργεστέρα.

344 1839 459 1892 Νῦν
482 1837 672 1910 ὥσπερ
704 1839 798 1892 ἐπὶ
817 1838 1091 1910 τρυτάνης
1128 1836 1353 1892 ἑστάναι
1402 1837 1593 1908 νόμιζέ
1620 1854 1713 1891 σου
1751 1837 1852 1909 τὴν

270 1930 474 2003 ψυχὴν,
507 1931 659 1986 ἔνθεν
695 1932 787 1986 ὑπ’
827 1932 1098 2000 ἀγγέλων,
1146 1929 1405 1985 κάκεῖθεν
1451 1929 1556 1984 ὑπὸ
1583 1930 1853 2000 δαιμόνων

273 2024 595 2094 ἑλκομένην.
625 2024 882 2093 Ἀγγελοί
913 2040 972 2077 σε
999 2023 1495 2095 παραλήψονται,ἢ
1531 2022 1853 2089 καθέξουσιν

272 2118 326 2169 oi
360 2118 700 2187 κατέχοντες.
754 2118 876 2171 Ἐπὶ
912 2118 1273 2188 παρατάξεως
1324 2120 1375 2171 οἱ
1428 2119 1725 2188 στρατηγοὶ
1793 2117 1856 2169 τὸ

275 2207 520 2278 σύνθεμα
564 2210 677 2272 τοῖς
737 2208 829 2261 ὑπ’
890 2209 1076 2271 αὑτοῖς
1108 2207 1483 2279 διανέμουσιν,
1526 2209 1617 2262 ἶνα
1669 2208 1766 2263 καὶ
1806 2209 1855 2260 οἱ

274 2299 423 2367 φίλοι
458 2300 659 2370 ῥᾳδίως
692 2299 1074 2353 ἀνακαλῶνται
1113 2299 1400 2370 ἀλλήλους,
1435 2299 1529 2354 καὶ
1565 2301 1704 2370 πρὸς
1730 2300 1857 2362 τοὺς

273 2388 554 2453 ἐναντίους
576 2390 634 2442 ὲν
652 2392 774 2452 ταῖς
802 2390 1145 2460 συμπλοκαῖς
1168 2390 1573 2461 ἀναμιχθεῖσιν,
1599 2392 1858 2461 εὑκρινὴς

271 2479 500 2534 δύναται
544 2481 811 2551 ὑπάρχειν
846 2483 873 2535 ὁ
914 2482 1217 2553 χωρισμός.
1259 2482 1449 2546 Οὐδεὶς
1492 2482 1858 2551 ἐπιγνώσεται

274 2588 365 2633 σε,
399 2574 447 2625 εί
481 2571 748 2644 ἡμέτερος
776 2569 844 2637 εἴ,
876 2573 908 2644 ἢ
945 2573 1051 2626 τῶν
1094 2573 1455 2638 ὑπεναντίων,
1503 2574 1598 2627 ἐὰν
1629 2574 1705 2645 μὴ
1744 2576 1859 2636 τοῖς

276 2663 568 2731 μυστικοῖς
610 2663 901 2733 συμϐόλοις
937 2664 1194 2735 παράσχῃ
1222 2665 1322 2735 τὴν
1359 2664 1689 2735 οἰκειότητα.
1733 2663 1860 2717 Ἐὰν

276 2752 361 2824 μὴ
390 2753 669 2825 σημειωθῇ
702 2755 795 2807 ἐπὶ
825 2754 883 2807 σὲ
920 2754 980 2807 τὸ
1018 2756 1134 2825 φῶς
1164 2756 1260 2809 τοῦ
1290 2755 1585 2826 προσώπου
1630 2757 1859 2828 Κυρίου,

272 2844 402 2908 πῶς
450 2843 935 2915 ἀντιποιηθήσεταί
983 2862 1075 2899 σου
1115 2847 1143 2898 ό
1185 2846 1459 2914 ἄγγελος;
1507 2847 1625 2910 πῶς
1670 2848 1727 2900 δὲ
1761 2849 1864 2917 ἀφ-

273 2934 487 2989 ελεῖται
515 2935 624 2989 τῶν
660 2935 1005 3007 ἒχΟρῶν,ὲάν
1051 2938 1126 3007 μὴ
1176 2937 1382 3008 ἐπιγνῷ
1416 2937 1515 3009 τὴν
1549 2941 1861 3011 οφραγῖδα;

268 3028 410 3092 Πῶς
438 3027 495 3081 δὲ
532 3029 595 3082 σὺ
621 3030 789 3101 ἐρεῖς,
819 3028 927 3083 Τοῦ
956 3029 1091 3083 Θεοῦ
1114 3031 1249 3101 ειμι,
1269 3031 1345 3100 μὴ
1369 3030 1768 3102 ἐπιφερόμενος
1796 3030 1866 3083 τά

262 3120 678 3191 γνωρίσματας
725 3123 795 3175 Ἦ
846 3124 1080 3191 ἀγνοεῖς,
1123 3123 1205 3177 ὅτι
1263 3121 1365 3201 τὰς
1419 3123 1868 3194 ἐσφραγισμένος

1944 642 2098 712 iugo,
2131 644 2322 713 jugum
2358 640 2600 697 metuis?
2634 656 2806 696 suave
2827 648 2935 709 est,
2975 642 3095 696 leve
3123 648 3228 696 est.
3263 638 3379 694 Non
3409 655 3530 694 cer-

1944 734 2126 788 vicem
2188 726 2420 804 premit,
2468 732 2565 787 sed
2622 732 2859 802 gloriam
2908 732 3195 786 conciliat.
3227 730 3347 786 Non
3382 731 3529 785 enim

1944 827 2088 881 collo
2129 827 2319 897 jugum
2373 825 2730 895 astringitur,
2789 824 2885 880 sed
2933 826 3079 879 ultro
3127 835 3183 880 et
3218 826 3387 880 libere
3419 834 3532 877 tra-

1947 918 2169 974 hentem
2211 919 2410 988 poscit.
2463 916 2630 973 Vides
2684 917 2934 972 accusari
2982 916 3266 986 Epltrnim,
3318 919 3396 973 uti
3438 917 3530 986 ju-

1945 1009 2236 1064 venculam
2282 1017 2457 1066 (estro
2484 1008 2751 1080 percitam
2804 1007 2973 1077 (Osee.
3008 1025 3062 1072 ι,
3110 1008 3234 1078 Η),
3279 1010 3406 1078 quia
3451 1016 3527 1064 te-

1950 1115 2100 1155 mere
2131 1100 2256 1155 linc-
2310 1109 2364 1156 et
2390 1101 2519 1155 illuc
2544 1110 2796 1171 vagatur,
2817 1100 2952 1171 legis
2984 1115 3292 1170 aspernans
3318 1102 3532 1170 jugum.

1950 1191 2178 1261 Subjice
2216 1192 2545 1246 indomitum
2577 1192 2780 1246 collum
2833 1200 3032 1260 tuum;
3068 1202 3192 1248 esto
3219 1192 3533 1261 iumentum

1948 1284 2156 1341 Christi
2192 1302 2205 1339 :
2239 1300 2311 1339 ne
2343 1284 2549 1353 alioqui
2579 1284 2627 1339 si
2657 1284 2845 1355 jngum
2881 1286 3216 1350 excusseris,
3250 1285 3537 1353 soluteque

1949 1384 2005 1432 et
2035 1376 2213 1431 libere
2267 1375 2496 1438 vixeris,
2544 1374 2746 1445 praedm
2784 1375 2987 1431 belluis
3055 1377 3154 1431 sis.
3204 1375 3452 1439 Custate,
3485 1384 3538 1429 et

1952 1468 2160 1532 videte,
2192 1470 2457 1536 quoniam
2494 1468 2683 1522 suavis
2714 1468 2975 1524 Christus
3032 1466 3299 1521 Dominus
3345 1464 3537 1535 (Psal.

1953 1576 2147 1622 xxxm.
2181 1560 2272 1627 9).
2304 1555 2482 1611 Mellis
2517 1558 2866 1614 dulcedinem
2907 1558 3130 1629 quinam
3168 1557 3374 1628 ignaris
3405 1570 3539 1623 prte-

1956 1655 2253 1709 dicavero?
2302 1654 2532 1711 Gustate
2571 1663 2629 1708 et
2682 1653 2886 1708 videte.
2929 1649 3140 1706 Sensus
3191 1650 3388 1720 quovis
3424 1663 3538 1703 ser—

1956 1759 2121 1798 mone
2159 1746 2439 1801 valentior
2465 1745 2851 1813 eﬂicaciorque
2877 1751 2982 1799 est.

2027 1835 2186 1893 Nunc
2225 1838 2464 1892 animam
2500 1845 2648 1891 tuam
2700 1837 2849 1891 velut
2901 1836 2957 1889 in
2993 1833 3200 1888 trutina
3243 1839 3393 1887 stare
3422 1831 3540 1885 exi-

1955 1931 2140 1994 stima,
2175 1938 2338 2000 atque
2377 1931 2508 1984 hinc
2562 1930 2634 1984 ab
2676 1928 2915 1998 angelis,
2964 1927 3095 1981 hinc
3131 1941 3160 1979 a
3193 1924 3537 1980 daemonibus

1954 2024 2121 2079 trahi.
2175 2024 2367 2094 Angeli
2421 2035 2473 2079 te
2533 2024 2839 2094 excipient,
2890 2029 2983 2076 aut
3012 2021 3295 2076 daemones
3329 2019 3536 2073 retine-

1956 2116 2114 2172 bunt.
2150 2115 2205 2169 lu
2264 2115 2384 2171 acie
2430 2116 2601 2171 duces
2654 2122 2922 2169 tesseram
2967 2111 3236 2167 militibus
3285 2109 3404 2165 suis
3435 2108 3541 2163 tri-

1956 2208 2154 2273 buunt,
2184 2214 2244 2260 ut
2293 2213 2348 2259 et
2402 2221 2522 2261 sese
2562 2204 2797 2259 invicem
2850 2202 3012 2256 amici
3049 2200 3212 2255 facile
3262 2204 3542 2264 revocent,

1957 2311 2013 2356 et
2030 2301 2076 2355 si
2110 2301 2164 2354 in
2198 2314 2378 2370 pugna
2410 2313 2537 2353 cum
2583 2298 2837 2352 hostibus
2871 2294 3129 2366 permisti
3158 2293 3385 2357 fuerint,
3422 2306 3547 2360 per-

1960 2394 2147 2459 spicue
2175 2391 2359 2444 dirimi
2406 2399 2631 2460 queant.
2685 2388 2860 2443 Nemo
2899 2397 2987 2453 te,
3024 2392 3215 2442 noster
3254 2384 3352 2448 sis,
3385 2398 3452 2436 an
3481 2397 3549 2435 ex

1961 2483 2318 2545 adversariis,
2370 2491 2671 2551 agnoscet,
2729 2480 2838 2535 nisi
2898 2496 2997 2551 per
3045 2478 3275 2551 mystica
3306 2474 3549 2549 symbqu

1965 2574 2124 2629 fidem
2160 2573 2334 2630 facias
2368 2582 2419 2629 te
2450 2589 2575 2629 esse
2601 2581 2878 2629 nostrmn.
2918 2570 3034 2627 Nisi
3081 2570 3361 2642 signatum
3388 2580 3551 2637 super

1964 2673 2017 2719 te
2051 2663 2214 2719 fuerit
2251 2663 2435 2717 lumen
2464 2663 2652 2717 vultus
2683 2659 2902 2715 Domini
2930 2700 2946 2723 ,
2978 2673 3216 2729 quonam
3256 2655 3416 2711 modo
3449 2669 3550 2709 an—

1964 2754 2118 2824 gelus
2163 2760 2218 2809 te
2264 2751 2608 2807 vindicabit?
2669 2750 2947 2821 quomodo
2978 2759 3031 2804 te
3069 2748 3328 2804 hostibus
3370 2754 3552 2801 extor-

1966 2845 2182 2916 quebit,
2218 2845 2326 2898 nisi
2357 2844 2596 2912 sigillum
2623 2842 2961 2912 agnoverit?
2998 2840 3102 2906 Qui
3132 2854 3263 2895 vero
3303 2838 3554 2894 dicturus

1968 2937 2069 3001 sis,
2100 2933 2194 2990 Dei
2233 2950 2379 2997 sum,
2414 2935 2459 2989 si
2498 2933 2705 2988 indicia
2738 2942 2921 2989 tecum
2952 2948 3063 2987 non
3094 2931 3277 2987 feras?
3303 2930 3388 2984 An
3422 2928 3552 2983 illud

1969 3028 2176 3091 nescis,
2202 3028 2349 3097 quod
2376 3027 2781 3082 cxterminator
2813 3027 3062 3096 signatas
3094 3024 3293 3079 domos
3329 3030 3552 3092 praeter"

1971 3123 2105 3186 ibat,
2136 3129 2191 3178 et
2221 3122 2273 3176 in
2326 3121 2435 3176 illis
2479 3135 2604 3191 quise
2649 3121 2879 3191 signata:
2913 3133 3020 3173 non
3069 3125 3252 3181 erant,
3287 3116 3553 3185 primoge-

261 3211 465 3273 οἰκίας
503 3213 532 3265 ό
569 3211 895 3284 όλοθρευτὴς
929 3213 1301 3285 ὑπερϐαίνων,
1330 3214 1389 3267 ὲν
1418 3213 1472 3267 δὲ
1501 3217 1623 3278 ταῖς
1649 3215 1865 3285 ἀσφρα-

1975 3214 2121 3270 nitos
2159 3211 2566 3268 interficiebat?
2609 3209 2934 3266 Thesaurus
2964 3223 3073 3263 non
3120 3207 3447 3276 obsignatus
3477 3204 3554 3259 in-

261 3300 497 3370 γίστοις
544 3302 874 3371 κατεφόνευε
924 3304 994 3357 τὰ
1048 3304 1408 3376 πρωτότοκα;
1468 3306 1871 3377 ’Δσφράγιστος

262 3391 584 3463 Θησαυρὸς,
625 3392 1040 3465 εὐεπιχείρητος
1083 3394 1367 3459 κλέπταις.
1405 3395 1685 3467 Πρόϐατον
1736 3397 1872 3466 ἀση-

268 3484 548 3555 μείωτον,
581 3484 882 3549 ἀκινδύνως
918 3485 1354 3541 ἐπιϐουλεύεται.
1400 3486 1538 3551 Νὲος
1571 3482 1624 3540 εἴ
1644 3504 1658 3553 ;
1693 3487 1872 3556 ἀσφά-

261 3573 437 3628 λισαι
480 3572 578 3643 τὴν
639 3574 867 3645 νεότητα
928 3573 1008 3646 τῷ
1060 3575 1156 3629 τοῦ
1210 3576 1586 3647 βαπτίσματος
1647 3577 1870 3649 χαλινῷ.

264 3668 657 3740 Παρέδραμεν
702 3672 736 3741 ή
776 3670 963 3741 ἀκμῆς
1001 3670 1076 3743 μὴ
1112 3672 1399 3744 ζημιωθῇς
1435 3674 1504 3728 τὰ
1532 3674 1719 3743 ἐφόδια
1747 3691 1761 3704 ·
1798 3674 1873 3744 μὴ

261 3758 566 3832 ἀπολέσῃς
609 3760 678 3814 τὰ
724 3761 1072 3833 φυλακτήρια
1097 3777 1113 3792 ο
1145 3763 1220 3834 μὴ
1254 3766 1385 3837 περὶ
1414 3766 1513 3837 τῆς
1560 3765 1872 3839 ἑνδεκάτης,

259 3849 366 3906 ὡς
398 3851 524 3920 περὶ
563 3851 787 3921 πρώτης
824 3851 1057 3907 διανοοῦ.

366 3941 434 3996 Et
473 3959 556 4007 τις
597 3945 798 4015 ἰατρῶν
828 3944 1193 4016 ὲπηγγείλατό
1219 3963 1301 3999 σοι
1341 3951 1613 4019 μηχαναῖς
1638 3967 1750 4003 τισι
1783 3953 1876 4005 καὶ

262 4037 565 4101 ἐπινοίαις
598 4039 719 4091 νέον
755 4040 930 4091 ποιεῖν
956 4040 1021 4092 ὲκ
1046 4039 1323 4111 γέροντος,
1357 4041 1458 4094 οὑκ
1491 4042 1557 4095 ἂν
1606 4043 1878 4115 ἐπεθύμη-

267 4146 400 4192 σας
456 4128 632 4183 ἐλθεῖν
681 4130 768 4184 ἐπ’
817 4130 1036 4201 ἐκείνην
1067 4130 1164 4203 τὴν
1190 4132 1430 4204 ἡμέραν,
1475 4127 1603 4207 ὲνῇ
1651 4136 1876 4190 σεαυτὸν

261 4221 430 4293 ὁρᾷν
459 4221 685 4292 ἔμελλες
711 4223 850 4292 πρὸς
875 4223 1060 4294 ἀκμὴν
1089 4224 1530 4297 ὑποστρέφοντας
1568 4227 1784 4297 Ἐπειδὴ
1821 4227 1878 4280 δὲ

262 4313 397 4382 τὴν
442 4313 619 4386 ψυχήν
663 4332 755 4368 σου
805 4314 1173 4388 ἀναθαλήσειν
1235 4316 1634 4386 ἐπαγγέλλεταί
1684 4336 1765 4373 σοι
1818 4319 1880 4372 τὸ

268 4402 606 4476 βάπτισμα,
639 4405 706 4476 ἢν
755 4405 821 4459 σὺ
854 4405 1225 4469 ὲπαλαίωσας,
1265 4409 1361 4460 καὶ
1401 4409 1665 4477 ρυπῶσαν
1705 4407 1879 4477 αὑτὴν

264 4500 361 4551 ὲκ
382 4493 494 4548 τῶν
520 4495 782 4567 ἀνομιῶν,
813 4495 907 4550 καὶ
937 4498 1318 4568 ὲσπιλωμένην
1362 4498 1672 4564 ἀπέδειξας,
1708 4516 1881 4553 κατα-

1973 3305 2132 3363 sidiis
2176 3305 2357 3360 furum
2392 3311 2563 3375 patet.
2605 3301 2780 3358 Pecus
2813 3300 2969 3356 nullo
3002 3300 3163 3370 signo
3196 3307 3387 3352 notata
3419 3296 3556 3350 citra

1975 3398 2282 3471 periculum
2332 3397 2629 3467 appetitur.
2681 3392 2912 3449 Iuvenis
2959 3392 3059 3446 es?
3106 3389 3371 3461 baptismi
3402 3388 3566 3454 signo

1968 3492 2317 3563 iuventutem
2354 3499 2500 3542 tuam
2557 3486 2812 3553 obﬁrma,
2859 3491 2914 3541 et
2944 3485 2997 3540 in
3032 3490 3153 3538 tuto
3183 3482 3417 3537 colloca.
3457 3477 3557 3532 νει

1982 3590 2105 3654 geta
2160 3589 2293 3636 tetas
2345 3578 2591 3635 ellluxit?
2644 3577 2862 3633 cavesis
2908 3591 2977 3631 ne
3008 3574 3213 3630 viatico
3244 3586 3461 3632 careas,
3514 3587 3585 3629 ne

1976 3674 2293 3745 praesidium
2326 3687 2391 3728 ac
2432 3672 2582 3728 velut
2632 3670 2932 3726 amuletnm
2964 3668 3188 3723 amittas
3228 3683 3243 3720 :
3281 3678 3460 3734 neque
3494 3661 3561 3715 de

1978 3769 2271 3826 undecima
2308 3766 2445 3821 liora
2484 3776 2745 3837 tanquam
2779 3763 2848 3819 de
2876 3763 3053 3834 prima
3084 3759 3316 3832 cogites.

2053 3955 2111 4010 Si
2144 3954 2271 4026 quis
2305 3953 2557 4010 medicus
2604 3952 2709 4007 hoc
2742 3951 2839 4006 tibi
2874 3947 3209 4021 quibusdam
3245 3944 3455 4000 artibus
3486 3941 3562 3998 fa-

1978 4062 2200 4108 cturum
2226 4065 2287 4107 se
2320 4050 2697 4121 polliceretur,
2734 4054 2794 4101 ut
2853 4060 2884 4100 a
2934 4050 3222 4101 senectute
3256 4039 3321 4095 ad
3369 4037 3563 4119 juven-

1980 4151 2096 4198 tam
2136 4141 2372 4207 redires,
2409 4154 2592 4193 annon
2618 4137 2684 4191 ad
2722 4137 2868 4193 diem
2902 4135 3057 4189 illum
3085 4131 3276 4187 venire
3307 4143 3567 4199 cuperes,

1981 4235 2036 4289 in
2072 4248 2185 4304 quo
2235 4242 2288 4288 te
2327 4233 2528 4287 iterum
2580 4229 3034 4299 juvenescentem
3088 4221 3386 4279 cerneres?
3428 4219 3567 4275 Cum

1983 4333 2166 4381 autem
2222 4323 2537 4394 baptismus
2580 4321 2685 4377 hoc
2738 4319 2838 4374 tibi
2890 4333 2951 4375 se
2991 4315 3267 4373 facturum
3309 4310 3566 4382 spondet,

1984 4427 2045 4473 ut
2077 4418 2257 4472 anima
2287 4427 2401 4481 tua,
2434 4430 2600 4484 quam
2624 4418 2901 4468 vetustate
2930 4408 3247 4473 confecisti,
3278 4416 3331 4462 ct
3364 4404 3565 4475 iniqui-

1984 4517 2161 4564 tatum
2229 4508 2385 4579 rugis
2442 4520 2693 4576 asperam
2746 4502 3061 4573 fcedamque
3115 4496 3428 4562 reddidisti,
3497 4492 3567 4549 ad

264 4588 524 4660 φρονεῖς
567 4586 662 4641 τοῦ
705 4587 1025 4658 εὑεργέτου;
1054 4589 1132 4642 Urb
1178 4589 1540 4661 προστρέχεις
1577 4589 1655 4661 τῷ
1707 4592 1867 4660 ἑπαγ-

1986 4600 2287 4670 pristinum
2345 4597 2536 4652 ﬂorem
2586 4595 2797 4660 redeat,
2852 4594 2997 4649 bene
3040 4591 3109 4648 de
3151 4599 3205 4646 te
3260 4593 3566 4643 merentem

264 4678 568 4752 γέλματις
597 4679 711 4735 Οὑκ
741 4680 1030 4751 ἐπιθυμεῖς
1063 4681 1192 4735 ἰδεῖν
1218 4682 1273 4735 τί
1298 4682 1361 4735 τδ
1398 4682 1540 4754 μέγα
1570 4681 1757 4755 θαῦμα
1779 4682 1881 4754 τῆς

266 4771 683 4842 ὑποσχέσεωςς
721 4772 840 4836 πῶς
877 4772 1004 4826 ἀνευ
1037 4773 1243 4843 μητρὸς
1281 4774 1644 4843 ἀναγεννᾶται
1670 4774 1876 4846 ἀνθρω-

266 4873 406 4919 πος
430 4871 446 4921 ;
482 4857 598 4921 πῶς
625 4858 654 4910 ὁ
686 4858 1086 4930 παλαιούμενος
1106 4862 1200 4914 καὶ
1224 4861 1584 4933 φθειρόμενος
1612 4863 1755 4918 κατά
1786 4864 1884 4928 τὰς

267 4951 603 5022 ἐπιθυμίας
631 4952 731 5022 τῆς
772 4953 1009 5023 ἀπάτης,
1058 4958 1266 5028 σφριγᾷ
1317 4957 1499 5024 πάλιν,
1542 4959 1638 5012 καὶ
1684 4958 1882 5032 ἀνηϐᾷ,

269 5045 399 5102 καὶ
426 5043 508 5107 είς
529 5043 592 5096 τὸ
620 5042 877 5114 ἀληθινὸν
900 5045 1059 5109 ἀνθος
1078 5046 1178 5118 τῆς
1202 5048 1454 5119 νεότητος
1482 5051 1847 5129 ἐπανέρχεται
1870 5068 1884 5117 ;

269 5135 598 5205 Βάπτισμα
638 5135 1004 5206 αἰχμαλώτοις
1045 5137 1259 5209 λύτρον,
1299 5140 1631 5212 ὀφλημάτων
1673 5144 1885 5212 ἄφεσις,

271 5229 540 5292 Θάνατος
559 5229 861 5300 ἁμαρτίας,
889 5229 1278 5299 παλιγγενεσία
1303 5231 1502 5302 ψυχῆς,
1535 5233 1739 5305 ἔνδυμα
1774 5252 1887 5304 φω-

271 5319 506 5383 τεινδν,
542 5321 781 5392 σφραγὶς
834 5324 1275 5394 ἀνεπιχείρητος,
1310 5325 1494 5397 ὄχημα
1546 5328 1684 5398 πρὸς
1725 5328 1890 5397 οὐρα-

272 5413 417 5477 νὸν,
471 5410 749 5482 βασιλείας
810 5413 1090 5485 πρόξενον,
1135 5415 1406 5481 υἱοθεσίας
1467 5417 1735 5489 χάρισμα.
1791 5418 1890 5470 To-

281 5503 521 5566 σούτων
567 5505 795 5571 ἀγαθῶν
822 5508 917 5560 καὶ
945 5508 1302 5577 τηλικούτων,
1336 5510 1509 5577 ἄθλιε,
1548 5512 1892 5583 προτιμωτέ-

284 5611 413 5673 ραν
447 5593 604 5664 ἄγεις
628 5595 725 5667 τὴν
750 5597 976 5669 ήδονήν;
1012 5600 1137 5653 Νοῶ
1154 5601 1265 5671 γάρ
1300 5618 1397 5655 σου
1430 5602 1531 5673 τὴν
1562 5603 1888 5674 ὑπέρθεσιν·

281 5691 414 5750 κᾶν
445 5690 808 5762 περιστέλλῃς
832 5694 944 5756 τοῖς
970 5694 1233 5764 ῥήμασιν.
1272 5678 1427 5748 Αὑτά
1462 5695 1561 5767 βοᾷ
1603 5696 1671 5749 τὰ
1710 5698 1894 5767 ’πράγ-

295 5797 490 5854 ματα,
515 5780 622 5835 κᾶν
656 5784 722 5854 τῇ
743 5786 894 5855 φωνῇ
920 5786 1362 5856 σιωπᾷ;.”Εασον
1388 5789 1793 5860 ἀποχρὴσωξιαι
1825 5792 1892 5860 τῇ

288 5874 484 5945 σαρκὶ
516 5874 652 5946 πρὸς
680 5878 778 5946 τὴν
822 5878 1124 5933 ἀπόλαυσιν
1160 5879 1270 5935 τῶν
1295 5881 1559 5952 αἰσχρῶν,
1589 5880 1894 5951 ἐγκυλισθῶ

1985 4691 2325 4756 contemnis,
2354 4704 2458 4746 nec
2489 4687 2556 4743 ad
2587 4685 2908 4757 huiusmodi
2963 4682 3419 4756 pollicitationem
3469 4694 3568 4734 ac-

1985 4783 2211 4841 curris?
2247 4782 2367 4838 Non
2400 4780 2756 4852 concupiscis
2777 4778 2966 4835 videre
3000 4778 3191 4848 ingens
3233 4773 3368 4829 illud
3399 4772 3569 4826 mira.

1987 4876 2197 4940 culum,
2240 4872 2392 4944 quod
2450 4872 2552 4926 tibi
2595 4867 2976 4942 promittitur?
3035 4881 3252 4936 nempe,
3291 4862 3574 4935 quomodo

1991 4966 2140 5021 nulla
2173 4965 2372 5020 matris
2408 4978 2574 5031 Opera
2617 4963 2784 5017 homo
2814 4959 3130 5016 renascitur
3164 4974 3179 5012 :
3207 4954 3485 5027 quomodo
3524 4955 3573 5010 is

1988 5059 2082 5130 qui
2118 5064 2450 5114 vetustatem
2488 5055 2796 5119 contraxit,
2825 5054 3060 5125 jamque
3097 5049 3388 5107 desideriis
3418 5062 3575 5104 erro-

1990 5152 2068 5208 ris
2102 5159 2407 5220 corruptus
2431 5155 2540 5213 est,
2574 5162 2798 5203 rursum
2836 5144 2987 5216 viget
3017 5152 3072 5200 et
3095 5140 3375 5214 pubescit,
3410 5146 3578 5207 atque

1992 5244 2057 5302 ad
2100 5259 2288 5299 verum
2322 5239 2720 5301 aatatisJior-em
2757 5236 2942 5294 redit?
2981 5235 3297 5307 Baptismus
3323 5231 3575 5302 captivo-

1994 5350 2115 5390 rum
2175 5332 2488 5402 redemptio
2538 5343 2647 5396 est,
2699 5329 3013 5385 debitorum
3078 5324 3360 5387 remissio,
3424 5336 3577 5376 mors

1995 5424 2230 5496 peccati.
2257 5424 2458 5486 anima;
2488 5418 2861 5491 regeneratio,
2900 5414 3253 5488 splendidum
3285 5410 3577 5467 indumen-

1993 5522 2136 5579 tum,
2171 5513 2416 5584 sigillum
2466 5511 2676 5566 nullius
2708 5516 2969 5564 conatum
3021 5514 3296 5568 metuens,
3345 5502 3576 5557 vehicu-

1995 5606 2107 5660 lum
2150 5607 2204 5659 in
2260 5605 2486 5671 coelum,
2538 5603 2695 5672 regni
2747 5601 3093 5665 conciliator,
3135 5596 3447 5669 adoptionis
3479 5595 3577 5650 be-

1996 5699 2276 5755 neficium.
2320 5695 2497 5752 Totne
2550 5696 2832 5766 tantisque
2881 5693 3044 5750 bonis
3098 5691 3477 5762 voluptatem.
3543 5701 3577 5743 0

1997 5793 2188 5857 miser,
2249 5788 2648 5861 praeferendam
2700 5787 2904 5860 putas?
2962 5785 3216 5855 Intelligo
3270 5781 3414 5840 enim
3455 5794 3580 5851 qua:

2000 5885 2101 5941 tibi
2131 5885 2414 5941 dilationis
2469 5898 2637 5941 causa
2673 5883 2767 5950 sit,
2802 5882 2908 5957 etsi
2951 5880 3138 5940 verbis
3187 5895 3304 5937 cam
3337 5877 3576 5950 obtegis.
