3986 6414
538 453 673 518 1275
1726 449 1788 510 s.
1823 447 2148 510 JOANNIS
2183 446 2618 509 DAMASCENI
3622 463 3715 529 me

537 566 644 621 [les
672 580 803 636 ipsa:
833 563 1002 634 389
1030 563 1294 628 clamant,
1349 562 1456 618 etsi
1496 576 1633 617 voce
1682 562 1837 617 siles.
1890 563 2025 618 Sine
2058 569 2120 616 ut

2232 557 2302 628 τῷ
2331 557 2580 629 βορϐόρῳ
2638 554 2750 609 τῶν
2785 553 3012 626 ἡδονῶν,
3044 554 3259 626 αἱμάξω
3302 556 3398 624 τὰς
3429 564 3606 636 χεῖρας,
3642 578 3717 647 ἀφ.

535 671 700 712 carne
730 654 796 708 ad
825 656 1076 723 turpium
1111 668 1296 708 rerum
1341 651 1664 707 fruitionem
1704 651 1922 716 abutar,
1965 660 2026 706 ut
2062 652 2119 706 in

2232 649 2436 720 ἕλωμαι
2485 649 2558 701 τὰ
2594 648 2876 717 ἀλλότρια,
2899 647 3088 711 δολίως
3129 649 3395 720 πορευθῶ,
3455 657 3719 734 ἐπιορκήσω,

536 749 882 816 voluptatum
921 759 1084 800 emno
1112 747 1355 808 voluter,
1402 753 1462 798 ut
1495 758 1692 798 manus
1719 751 2030 808 eruentem,
2063 753 2123 798 ut

2232 743 2537 813 ψεύσωμαι,
2569 741 2666 794 καὶ
2718 740 2841 794 τότε
2891 740 2954 794 τὸ
3004 740 3308 814 βάπτισμα,
3333 745 3454 800 ὅταν
3492 749 3614 821 λήξω
3648 759 3722 812 τῶν

538 843 716 896 aliena
783 842 1016 911 rapiam,
1070 846 1296 894 versute
1339 837 1612 901 incedam,
1654 836 1920 906 pejerem,
1961 849 2120 890 men-

539 934 647 988 tiar
687 951 700 987 ε
732 947 796 986 ac
831 941 948 986 tum
981 933 1344 1001 baptismum,
1387 944 1510 984 eum
1543 928 1808 998 peccandi
1856 929 2018 984 linem
2049 929 2126 984 fe-

539 1040 689 1087 cero,
727 1020 1054 1094 suscipiam.
1109 1023 1316 1092 Ecquis
1374 1031 1556 1077 autem
1598 1022 1694 1076 tibi
1744 1020 1868 1076 vitae
1927 1031 2124 1075 metam

542 1115 700 1170 fixit?
732 1116 858 1184 quis
893 1115 992 1170 tibi
1051 1113 1355 1170 senectutis
1393 1110 1691 1166 terminum
1747 1111 2128 1181 praescripsit?

541 1206 669 1276 quis
727 1207 872 1276 apud
928 1216 980 1259 te
1025 1219 1136 1259 tam
1197 1205 1441 1273 locuples
1500 1203 1816 1258 futurorum
1854 1203 2130 1272 sponsor?

544 1300 741 1352 Annon
775 1298 928 1352 vides
953 1295 1197 1351 infantes
1233 1304 1410 1350 morte
1432 1295 1636 1364 abripi,
1675 1301 1839 1349 aelate
1870 1293 2130 1348 ﬂorentes

545 1387 785 1442 abduci?
818 1389 927 1440 vita
958 1388 1170 1440 nullum
1197 1394 1406 1441 certum
1435 1364 1730 1439 terminum
1768 1381 1956 1438 habet.
1988 1379 2130 1446 Quid

545 1491 835 1551 exspectas
876 1492 935 1534 ut
966 1481 1275 1550 baptisnius
1299 1477 1398 1533 tibi
1441 1477 1709 1533 beneﬂcio
1742 1475 1912 1532 febris
1947 1477 2134 1531 obtin-

547 1574 681 1642 gat?
711 1574 930 1642 quando
959 1573 1071 1642 jam
1110 1587 1179 1625 ne
1216 1572 1481 1628 salutaria
1531 1573 1628 1626 tibi
1679 1569 1844 1625 verba
1887 1583 2134 1636 pronun-

547 1665 711 1728 tiare,
759 1675 812 1718 et
863 1665 1048 1720 forsan
1084 1679 1152 1718 ne
1201 1663 1363 1733 plane
1400 1662 1625 1732 quidem
1675 1660 1868 1717 audire
1901 1660 2132 1731 poteris,

547 1771 660 1809 non
693 1770 888 1808 manus
919 1756 986 1809 ad
1039 1755 1242 1808 caelum
1278 1753 1491 1815 tollere,
1539 1769 1649 1808 non
1698 1753 1932 1823 pedibus
1963 1759 2134 1816 stare,

548 1864 660 1903 non
702 1848 1044 1904 adorationis
1087 1842 1263 1902 causa
1311 1846 1722 1917 genuﬂeetere,
1768 1861 1876 1900 non
1927 1845 2139 1900 utiliter

549 1941 796 2004 edoceri,
840 1956 950 1994 non
1000 1951 1153 1996 certo
1188 1940 1463 2005 conliteri,
1496 1955 1607 1993 non
1652 1951 1705 1994 te
1751 1939 1818 1992 ad
1849 1937 2134 1992 Christum

553 2030 876 2101 adjungere,
926 2047 1033 2086 non
1080 2031 1223 2086 hosti
1261 2031 1678 2094 abrenuntiare,
1715 2030 1852 2100 quin
1897 2044 1996 2084 nec
2025 2027 2139 2083 for-

554 2124 724 2180 tassis
780 2125 1152 2195 intelligenter
1203 2123 1433 2189 audire,
1480 2139 1606 2178 cum
1661 2123 2027 2180 initiaberis:
2079 2135 2145 2175 ac

554 2215 796 2285 denique
833 2215 906 2270 ita
953 2214 1184 2270 aﬂ‘eetus
1216 2215 1350 2280 eris,
1395 2222 1454 2268 ιιι
1489 2216 1583 2284 qui
1630 2215 1868 2269 aderunt
1921 2213 2143 2283 ancipiti

555 2304 746 2358 animo
781 2304 1189 2374 sint,~gratiam
1239 2320 1304 2361 ne
1357 2306 1621 2367 senseris.
1668 2321 1736 2359 an
1782 2319 1974 2359 eorum
2027 2319 2150 2373 quae

557 2409 914 2468 peragentur,
947 2398 1098 2452 enini
1145 2413 1313 2452 sensu
1362 2411 1577 2453 careas.
1617 2396 1824 2452 Demus
1877 2413 2008 2452 vero
2058 2404 2135 2462 te,
2178 2399 2412 2465 gratiam
2450 2395 2528 2450 ita
2561 2407 2782 2462 quoque
2816 2398 3226 2461 suscepturum,
3275 2397 3334 2444 ut

2223 834 2436 898 κακῶν,
2487 831 2843 903 ὑποδέξομαι.
2879 833 2979 896 Τίς
3027 833 3086 886 δέ
3149 852 3233 888 σοι
3283 839 3378 890 καὶ
3419 841 3502 894 τὸν
3535 843 3636 914 ὅρον
3656 855 3724 922 τῆς

2226 924 2374 995 ζωῆς
2415 923 2660 994 ἔπηξενς
2695 923 2780 987 τίς
2827 939 2910 976 σοι
2951 923 3056 993 τὴν
3106 925 3438 997 προθεσμίαν
3479 931 3560 985 τοῦ
3593 938 3728 1008 γήρως

2226 1016 2464 1087 ῶρισεν;
2499 1014 2585 1077 τίς
2624 1013 2798 1075 οὕτως
2845 1013 3160 1078 ἀξιόπιστος
3215 1017 3367 1088 παρὰ
3411 1020 3488 1072 σοὶ
3515 1023 3607 1079 τῶν
3642 1032 3729 1097 μελ.

2227 1108 2433 1162 λόντων
2456 1107 2734 1177 ἐγγυητής
2753 1123 2768 1170 ;
2789 1105 2904 1177 Οὐχ
2930 1108 3064 1177 ὁρᾷς
3091 1107 3259 1176 νήπια
3284 1109 3622 1182 ἀρπαζόμενα,
3642 1123 3728 1186 τοὺς

2229 1201 2287 1253 ὲν
2332 1199 2521 1270 ἡλικίᾳ
2549 1198 2976 1267 ἀπαγομένουςς
3014 1200 3115 1253 οὐκ
3159 1199 3272 1270 ἔχει
3307 1201 3433 1270 μίαν
3466 1206 3728 1278 προθεσμίαν

2229 1292 2259 1343 ὁ
2290 1289 2425 1360 βίος.
2463 1289 2528 1342 Τί
2555 1289 2853 1360 ἀναμένεις
2887 1289 3127 1360 πυρετοῦ
3155 1307 3237 1343 σοι
3265 1291 3435 1364 δῶρον
3469 1299 3673 1363 γενέσθαι
3692 1305 3731 1354 τὸ

2235 1383 2559 1455 βάπτισμα;
2585 1383 2673 1436 ὅτε
2695 1381 2821 1436 οὔτε
2854 1382 3195 1451 φθέγξασθαι
3214 1385 3416 1458 δυνήσῃ
3455 1388 3516 1442 τὰ
3554 1396 3730 1465 σωτήρια

2237 1478 2480 1548 ῥήματα,
2511 1476 2652 1545 τάχα
2689 1475 2747 1529 δὲ
2773 1474 2940 1547 [οὐδὲ]
2957 1473 3187 1529 ἀκοῦσαι
3220 1477 3500 1548 καθαρῶς·
3529 1482 3579 1533 οὐ
3600 1488 3731 1555 χεῖρας

2237 1565 2368 1640 ἆραι
2386 1571 2466 1631 είς
2491 1567 2848 1639 οὐρανὸν,οὺκ
2871 1568 2964 1621 ἐπὶ
2982 1567 3148 1631 πόδας
3166 1567 3526 1639 διαναστῆναι,
3545 1573 3594 1624 οὗ
3608 1573 3731 1630 κλῖναι

2236 1659 2365 1730 γόνυ
2399 1661 2478 1723 είς
2502 1660 2602 1728 τὴν
2633 1658 3032 1729 προσκύνησιν,
3067 1658 3129 1711 οὔ
3169 1658 3476 1729 διδαχθῆναι
3501 1664 3730 1733 χρησίμως,

2237 1753 2336 1822 οὐχ
2380 1751 2716 1822 ὁμολογῆσαι
2761 1750 3043 1819 ἀσφαλῶς,
3083 1750 3207 1821 οὐχὶ
3255 1750 3532 1804 συνθέσθαι
3562 1755 3732 1826 Χριστῷ,

2239 1844 2340 1897 οὐκ
2378 1840 2758 1906 ἀποτάξασθαι
2794 1841 2874 1910 τῷ
2905 1839 3107 1910 ἐχθρῷ,
3149 1840 3294 1910 τάχα
3319 1839 3374 1892 δὲ
3406 1841 3518 1894 οὐδὲ
3569 1849 3736 1910 συνετῶς

2239 1932 2544 1988 ἐπακοῦσαι
2603 1931 3170 2002 μυσταγωγούμενος,
3221 1929 3514 1999 ἀμφίϐολος
3558 1932 3620 1988 ὢν
3666 1940 3737 2002 τοῖς

2238 2024 2528 2097 παροῦσιν,
2561 2020 2708 2094 ’Ἃρα
2732 2022 2932 2094 ᾔσθετο
2975 2023 3073 2090 τῆς
3118 2021 3361 2091 χάριτος,
3402 2022 3434 2091 ἢ
3483 2025 3738 2096 ἀναισθήτως

2240 2119 2355 2188 ἔχει
2401 2116 2510 2169 τῶν
2543 2114 2894 2184 γενομένων;
2932 2114 3064 2166 ὅταν
3113 2113 3169 2166 δὲ
3211 2113 3309 2166 καὶ
3333 2115 3661 2186 ἐπιστημόνως
3678 2118 3739 2189 τὴν

2244 2210 2405 2280 χάριν
2436 2209 2587 2278 δέξῃ,
2621 2207 2743 2260 τότε
2775 2207 2836 2260 τὸ
2861 2207 2959 2273 μὲν
2984 2204 3249 2260 τάλαντον
3269 2205 3431 2275 ἔχεις,
3462 2208 3553 2278 τὴν
3571 2207 3616 2260 δὲ
3633 2209 3738 2280 ἔργα·

2251 2303 2370 2355 σίαν
2402 2300 2505 2353 οὑκ
2540 2297 2851 2368 ὲπιφέρεις.

3421 2407 3532 2446 eam
3599 2395 3736 2451 senlias

557 2501 613 2548 et
629 2505 897 2561 agnoscas
927 2510 940 2546 :
971 2491 1237 2546 talentum
1257 2491 1476 2562 quidem
1509 2492 1759 2556 habebis,
1789 2504 1845 2546 at
1873 2499 2143 2561 quaestum
2181 2509 2241 2547 ex
2286 2507 2354 2546 eo
2389 2490 2596 2545 nullum
2633 2497 2815 2545 tecum
2847 2487 3019 2548 feres.

631 2626 691 2681 S.
726 2625 879 2697 Greg.
919 2624 1062 2678 Naz.
1109 2624 1264 2680 Orat.
1294 2627 1348 2677 in
1397 2627 1540 2694 bapt.
1566 2655 1636 2665 —
1672 2624 2144 2692 Quemadmodum

559 2737 682 2784 nos,
715 2736 839 2774 cum
872 2730 999 2773 ante
1036 2735 1142 2772 non
1175 2734 1456 2784 essemus,
1503 2722 1748 2784 creavit,
1801 2719 1877 2773 ita
1929 2726 2152 2772 creatos

558 2812 740 2866 denuo
773 2809 930 2863 finxit
981 2809 1443 2879 instauravitque,
1493 2818 1548 2864 et
1595 2808 1820 2879 quidem
1888 2809 2152 2878 figmento

553 2903 845 2968 diviniori,
871 2916 934 2955 ac
953 2901 1098 2970 quod
1136 2901 1374 2970 primum
1410 2901 1570 2970 longe
1603 2907 1894 2970 superaret
1927 2897 2154 2970 (quippe

558 2993 736 3062 quod,
768 2991 846 3045 uti
879 2992 1064 3045 vivere
1093 2991 1495 3060 incipientibus
1536 2992 1777 3062 sigillum
1817 2998 1923 3057 est,
1955 2992 2032 3044 ita
2083 2991 2152 3046 iis

2316 2629 2530 2697 ’Ὠσπερ
2561 2625 2662 2678 οὐκ
2693 2623 2853 2688 ὄντας
2886 2623 3224 2694 ὐπέστησεν,
3275 2622 3446 2687 οὕτως
3483 2625 3737 2688 ὑποστάντας

2248 2719 2578 2782 ἀνέπλασεν,
2611 2717 2810 2794 πλάσιν
2857 2715 3146 2787 θειοτέραν
3192 2733 3254 2768 τε
3307 2718 3403 2770 καὶ
3459 2718 3549 2788 τῆς
3592 2719 3738 2790 πρώτης

2251 2811 2629 2882 ὑψηλοτέραν·
2674 2809 2708 2878 ἢ
2745 2809 2858 2870 τοῖς
2896 2806 2997 2877 μὲν
3031 2807 3365 2877 ἀρχομένοις
3409 2809 3519 2862 ἐστὶ
3558 2809 3738 2880 σφραγὶς,

2252 2907 2366 2967 τοῖς
2389 2903 2448 2957 δὲ
2477 2901 2837 2972 τελειοτέροις
2882 2900 2983 2970 τὴν
3027 2899 3249 2969 ἡλικίαν
3295 2901 3549 2972 χάρισμα,
3583 2901 3739 2971 καὶτῆς

2249 2999 2533 3067 παθούσης
2567 2996 2776 3058 εἰκόνος
2804 2995 2896 3048 διὰ
2923 2993 3023 3064 τὴν
3073 2991 3279 3047 κακίαν
3324 2994 3740 3065 ὲπανόρθωσις,ῖνσ

561 3084 657 3153 'qni
703 3081 968 3152 vegetiori
1020 3091 1150 3135 sunt
1209 3089 1392 3147 actate,
1443 3083 1618 3152 gratia
1670 3097 1895 3152 quoque
1942 3089 2050 3147 est,
2101 3091 2145 3138 et

2264 3093 2340 3164 μὴ
2369 3092 2435 3162 τῇ
2459 3085 2770 3158 ἀπογνώσει
2800 3085 3022 3158 χείρους
3050 3086 3364 3156 γενόμενοι,
3391 3086 3481 3140 καὶ
3506 3087 3583 3141 ἀεὶ
3600 3085 3741 3156 πρὸςτδ

563 3174 778 3229 aﬂ'ectae
803 3173 1062 3244 imaginis
1092 3174 1342 3239 erectio),
1368 3189 1437 3228 ne
1469 3173 1668 3243 alioqui
1695 3191 1790 3244 per
1815 3173 2153 3244 deSperatio-

564 3281 688 3320 nem
724 3266 1108 3320 sceleratiores
1139 3265 1501 3332 eﬂlceremur,
1521 3274 1574 3320 et
1607 3267 1660 3320 in
1684 3266 1942 3336 graviora
1973 3267 2153 3336 quoti-

561 3357 652 3410 die
681 3354 882 3425 ﬂagitia
911 3356 1344 3426 prorumpcudo,
1370 3372 1400 3411 a
1435 3357 1580 3412 bono
1614 3367 1668 3413 et
1698 3359 1904 3413 virtute
1930 3359 2153 3428 penitus

562 3447 948 3502 excideremus
961 3480 978 3496 .

636 3557 783 3611 Ibid.
805 3588 878 3598 —
901 3557 993 3612 Sic
1025 3567 1074 3613 te
1097 3573 1378 3629 compara,
1409 3568 1466 3612 ut
1503 3560 1785 3617 lavacrum
1815 3579 1923 3618 non
1951 3579 2153 3634 corpus

561 3651 751 3716 modo,
787 3651 880 3706 sed
907 3651 1202 3721 imaginem
1232 3667 1455 3722 quoque
1487 3654 1580 3708 Dei
1614 3655 1841 3723 abluat;
1886 3672 1994 3711 non
2028 3673 2156 3728 pee-

562 3751 687 3797 eata
723 3741 901 3796 solum
934 3741 1136 3804 deleat,
1161 3741 1253 3796 sed
1300 3759 1481 3800 mores
1517 3746 1684 3799 etiam
1715 3747 2013 3813 emendet;
2047 3765 2154 3803 non

564 3831 836 3902 pristinas
888 3840 1105 3887 tantum
1169 3836 1295 3888 vita:
1344 3837 1541 3891 sordes
1594 3838 1907 3908 abstergat,
1965 3856 2155 3894 verum

567 3922 776 3977 fontem
804 3937 1023 3992 quoque
1055 3924 1234 3993 ipsum
1260 3933 1562 3995 expurget;
1596 3943 1706 3982 non
1733 3931 1918 3983 animo
1946 3939 2155 3986 tantum

565 4016 867 4086 insculpat,
919 4024 978 4070 ut
1039 4031 1175 4086 opes
1233 4021 1485 4073 honestis
1547 4020 1857 4076 rationibus
1902 4039 2154 4092 quaeras,

563 4123 757 4164 verum
809 4118 868 4163 ut
922 4109 1270 4164 laudabiliter
1299 4108 1570 4178 elfuudas,
1617 4122 1712 4166 aut
1757 4116 1908 4184 quod
1947 4116 2158 4170 levissi-

486 4270 488 4272 ν
566 4214 717 4252 mum
752 4199 940 4264 fuerit,
978 4200 1121 4254 male
1153 4212 1338 4270 partas
1368 4202 1618 4272 abjicias.
1671 4203 1811 4273 Quid
1865 4207 2013 4260 enim
2059 4207 2157 4262 tibi

564 4293 862 4362 profuerit,
895 4293 970 4347 ita
1008 4293 1220 4362 peccati
1250 4294 1466 4348 veniam
1501 4295 1855 4366 impetrasse,
1885 4306 1941 4351 ut
1976 4307 2158 4352 tamen

2259 3185 2447 3254 χεῖρον
2474 3180 2945 3252 καταφερόμενοι,
2977 3178 3202 3242 τελείως
3240 3178 3348 3246 ἔξω
3390 3178 3482 3232 τοῦ
3533 3177 3742 3232 καλοῦσαι

2259 3276 2361 3346 τῆς
2381 3271 2586 3346 ἀρετῆς
2612 3272 2924 3344 πίπτωμεν.

2333 3559 2580 3614 Γενέσθω
2606 3576 2686 3614 σοι
2741 3559 2801 3613 τὸ
2823 3559 3067 3630 λουτρὸν,
3119 3559 3197 3630 μὴ
3230 3559 3328 3614 τοῦ
3371 3559 3597 3629 σώματος
3629 3555 3742 3624 μόνω.

2261 3652 2396 3707 ἀλλὰ
2427 3652 2645 3722 καὶτῆς
2669 3651 2874 3715 εἰκόνος
2902 3669 2914 3680 ·
2931 3651 3007 3723 μὴ
3030 3651 3139 3705 τῶν
3158 3651 3560 3722 ἁμαρτημάτων
3571 3647 3744 3706 εκπλυσις

2266 3746 2427 3815 μόνον
2450 3785 2464 3810 ,
2494 3744 2630 3800 ἀλλὰ
2671 3745 2876 3814 καὶξτοῦ
2906 3763 2934 3798 τ
2943 3745 3116 3817 ρόποῠ
3143 3743 3430 3816 διόρθωσις
3449 3760 3460 3773 ’
3490 3741 3648 3814 μὴ’τδν
3669 3755 3747 3808 τρν-

2262 3834 2496 3888 λαὸόντα
2551 3834 2812 3906 βόρϐορον
2857 3833 3216 3899 ἀποκλυξέτω
3252 3835 3432 3906 μόνον,
3466 3831 3582 3888 ἀλλὰ
3603 3828 3744 3896 καλιὴν

2264 3927 2447 3997 πηγὴν
2474 3926 2812 3999 καθαιρέτω·
2838 3928 2912 3998 μὴ
2945 3927 3006 3980 τὸ
3028 3927 3208 3991 καλῶς
3230 3928 3457 3982 κτᾶσθαι
3477 3925 3680 3980 sumam
3694 3922 3746 3991 μί-

2255 4037 2376 4083 ινον,
2390 4020 2526 4074 ἀλλὰ
2568 4022 2659 4074 καὶ
2699 4022 2759 4075 τὸ
2784 4021 2964 4085 καλῶς
2986 4021 3334 4075 ἀποκτᾶσθαι
3355 4064 3370 4087 ,
3387 4021 3417 4092 ἢ
3435 4021 3546 4089 τόγε
3566 4016 3747 4086 novali:-

2264 4109 2450 4172 τον,τὸ
2471 4109 2655 4172 κακῶς
2680 4110 2877 4180 κτηθὲν
2902 4111 3278 4166 ἀποτίθεσθαι.
3299 4113 3363 4166 Τί
3385 4113 3484 4182 γὰρ
3511 4107 3748 4180 ὄφελοςβῡὶ

2270 4201 2370 4272 μὲν
2391 4203 2810 4273 συγχωρηθῆναι
2845 4205 2944 4276 τὴν
2972 4205 3268 4278 ἁμαρτίαν,
3283 4207 3359 4278 τῷ
3377 4207 3432 4261 δὲ
3447 4202 3695 4276 ἠδικημένῳ
3706 4197 3748 4266 μὴ

2266 4293 2496 4364 λυθῆναι
2525 4296 2626 4368 τὴν
2647 4297 2798 4370 παρά
2820 4297 2914 4351 σοῦ
2942 4298 3180 4370 ζημίαν;
3211 4299 3310 4354 δύο
3331 4317 3410 4353 σοι
3440 4297 3602 4353 κακῶν
3623 4294 3747 4348 ὄντων.

565 4385 616 4436 ei
663 4397 826 4452 quem
861 4383 1092 4447 laeseris,
1145 4383 1408 4438 damnum
1441 4400 1550 4438 non
1581 4387 1880 4451 sarciatur,
1929 4404 2056 4443 cum
2099 4396 2145 4442 tt

2267 4387 2362 4440 τοῦ
2393 4407 2454 4442 τε
2507 4391 2810 4461 κτήσασθαι
2845 4393 2921 4463 μὴ
2971 4392 3221 4457 δικαίως,
3259 4393 3356 4447 κα)⁸
3383 4390 3473 4446 τοῦ
3523 4390 3574 4443 τὸ
3617 4382 3748 4454 κτηθὲδ

567 4473 780 4544 duplici
815 4475 1024 4531 scelere
1056 4476 1396 4531 constrictus
1449 4479 1692 4534 tenearis
1725 4497 1738 4533 :
1785 4479 1983 4548 altero,
2029 4481 2145 4552 qui:

2232 4474 2236 4501 ’
2267 4459 2617 4550 κατέχεσθαι,
2666 4481 2760 4535 τοῦ
2813 4459 2921 4554 μὲν*
2959 4484 3154 4552 ἄφεσιν
3192 4483 3403 4549 ἐλασες,
3433 4482 3488 4536 τὸ
3512 4481 3561 4534 δὲ
3586 4479 3748 4547 σήμερον

568 4565 778 4634 injuste
845 4566 1098 4636 possides
1161 4565 1459 4622 facultates
1528 4577 1690 4636 tuas;
1761 4571 1968 4637 altero,
2032 4572 2145 4641 qui:

2268 4568 2499 4632 ἀδικεῖς.
2534 4571 2788 4642 Σήμερον
2838 4573 2948 4640 γάρ
2983 4574 3104 4626 ἐστι
3136 4575 3293 4645 παρὰ
3332 4574 3413 4627 σοι
3441 4572 3498 4626 τὸ
3528 4567 3746 4632 ἀλλότριον,

568 4664 760 4725 partas
813 4670 949 4726 opes
1005 4655 1290 4711 mordicus
1335 4663 1535 4720 tenes;
1594 4654 1688 4710 illa
1747 4657 1969 4727 quidem
2022 4673 2145 4712 nox:

2268 4662 2362 4712 καὶ
2389 4661 2491 4716 οὐκ
2523 4663 2767 4736 ἀνῃρέθη
2819 4666 2881 4719 τὸ
2917 4667 3248 4738 ἁμάρτημα,
3296 4666 3374 4737 τῷ
3423 4665 3579 4736 χρόνῳ
3615 4659 3657 4712 δὲ
3702 4655 3748 4705 δε·

571 4748 667 4802 tibi
717 4747 1029 4804 eondonata
1091 4757 1200 4814 est,
1247 4747 1352 4801 hac
1388 4763 1521 4803 vero
1556 4747 1737 4803 adhuc
1784 4750 1946 4804 hodie
1987 4749 2140 4821 impli

2273 4751 2448 4824 εκότιτι
2469 4770 2482 4784 ·
2500 4754 2562 4806 τὸ
2597 4755 2695 4826 μὲν
2727 4757 2834 4829 πρὸ
2863 4757 2958 4812 τοῦ
2988 4758 3366 4832 βαπτίσματος
3395 4744 3749 4826 minetur”:

569 4841 762 4896 caris?
790 4839 964 4896 Hodie
1003 4841 1149 4896 enim
1181 4839 1324 4910 apud
1359 4847 1411 4893 te
1443 4840 1620 4894 aliena
1656 4855 1746 4897 res
1777 4850 1902 4905 est;
1936 4841 2145 4912 ideoqm

2274 4843 2437 4915 μένον
2493 4848 2632 4917 μετά
2664 4848 2727 4902 τὸ
2779 4850 3088 4923 βάπτισμα,
3122 4852 3245 4907 Τῶν
3287 4853 3392 4922 γὰρ
3419 4842 3747 4921 ἡμαρτημένων,

570 4945 921 5002 nequaquam
958 4933 1197 4987 deletum
1249 4938 1336 4988 est
1397 4940 1684 5000 peccatum
1716 4971 1730 4996 ,
1785 4934 1879 4986 sed
1921 4942 2168 5004 tempore

571 5025 841 5080 duntaxat
870 5025 1222 5079 intercisum.
1258 5024 1393 5078 Pars
1429 5024 1603 5080 altera
1653 5036 1782 5079 ante
1825 5025 2167 5095 baptismum

570 5124 887 5186 perpetrata
907 5121 1014 5179 est,
1034 5115 1209 5169 altera
1237 5123 1359 5184 post
1388 5115 1730 5186 baptismum
1753 5127 1958 5173 manet.
1979 5117 2168 5190 Neque

2269 4937 2330 4989 οὐ
2356 4936 2466 4990 τῶν
2491 4939 2983 5012 ἁμαρτανομένων,
3009 4943 3069 4996 τὺ
3093 4943 3318 5014 λουτρὸν
3343 4943 3451 5013 ἔχει
3476 4935 3746 5008 συγχώρησιν·

2270 5031 2363 5081 Δεῖ
2386 5031 2444 5084 δὲ
2474 5032 2550 5103 μὴ
2587 5035 2913 5106 σοφισθῆνσιι
2959 5036 3053 5089 τὸν
3087 5036 3392 5109 καθαρμὸν,
3425 5033 3529 5088 ἀλλ’
3555 5032 3747 5095 ἐπισημα*

2271 5121 2434 5193 θῆναι
2459 5141 2473 5156 ’
2511 5126 2932 5200 λαμπρυνθῆναί
2955 5147 3016 5182 σε
3042 5129 3285 5195 τελείως,
3316 5128 3446 5184 ἀλλὰ
3471 5125 3536 5197 μὴ
3572 5113 3748 5192 χρωσθῆ·

569 5210 720 5264 enim
751 5207 1118 5279 praesentibus
1143 5203 1388 5276 ﬂagitiis,
1413 5207 1506 5262 sed
1539 5208 1607 5263 iis
1639 5223 1761 5277 quae
1783 5208 1896 5279 jam
1924 5210 2145 5268 admiss:

2270 5231 2360 5267 ναι
2388 5231 2398 5248 '
2459 5218 2596 5287 μηδὲ
2622 5220 2958 5292 ὲπικάλυψιν
2984 5219 3093 5275 τῶν
3145 5219 3448 5294 ἁμαρτιῶν,
3485 5214 3600 5271 ἀλλὰ
3629 5205 3745 5264 ἀπαλ·

574 5308 727 5362 sunt,
752 5299 974 5354 veniam
1015 5295 1176 5350 aﬂert
1209 5295 1540 5366 haptismus.
1588 5297 1764 5356 Porro
1798 5315 1906 5355 non
1948 5311 2145 5357 vetera

2268 5295 2444 5378 λαγῆν
2481 5309 2627 5379 ἔχειν
2656 5311 2718 5364 τὸ
2737 5313 3006 5384 χάρισμα.

573 5392 718 5447 torie
739 5387 1059 5459 accipienda
1099 5389 1355 5456 purgatio
1385 5397 1492 5455 est,
1519 5391 1615 5446 sed
1661 5392 1807 5447 serio
1843 5393 2246 5463 imprimenda;
2280 5397 2488 5470 tibique
2551 5405 2852 5474 agendum,
2914 5415 2976 5461 ut
3050 5405 3212 5475 pleno
3275 5404 3592 5478 perfectoque
3622 5391 3746 5462 δρίαν

576 5489 712 5544 dore
736 5489 937 5557 niteas,
958 5503 1066 5543 non
1095 5504 1156 5545 ut
1176 5507 1232 5545 in
1255 5487 1605 5561 superficiem
1623 5486 1882 5543 illinaris.
1903 5485 2166 5556 Baptismi
2203 5488 2409 5547 donum
2438 5511 2546 5552 non
2566 5499 2948 5556 tantummodo
2964 5501 3192 5558 obducit
3220 5509 3453 5574 peccata,
3471 5493 3556 5552 sed
3603 5489 3654 5542 ab
3692 5483 3745 5535 ¹¹ί⁵

577 5586 805 5658 penitus
833 5586 1048 5641 eximit.

647 5701 924 5774 Chrysost.
972 5705 1132 5757 Hom.
1176 5701 1245 5755 ad
1298 5717 1476 5755 recens
1523 5698 1702 5754 illum.
1736 5727 1806 5738 —
1840 5695 2140 5752 Benedictu

2349 5683 2659 5754 Εὐλογητὸς
2701 5683 2738 5737 δ’
2775 5683 2938 5752 θεὸς,
2979 5686 3010 5740 ὁ
3061 5684 3234 5740 ποιῶν
3286 5679 3540 5752 θαυμάσια
3571 5667 3744 5774 plin

578 5749 869 5867 Deusfqui
905 5794 1034 5850 facit
1064 5794 1339 5850 mirabilia
1362 5796 1516 5851 solus
1541 5749 1717 5863 (ὗέᾷι.
1753 5749 2036 5861 ιιιιιλθ),
2074 5805 2145 5858 (ιιι

2279 5777 2449 5830 ποιῶν
2493 5779 2712 5842 πάντα,
2753 5779 2849 5832 καὶ
2888 5777 3317 5842 κατασκευάζων
3378 5771 3522 5826 αὑτά.
3573 5762 3622 5814 υἱ
3662 5749 3742 5867 ιξὶέ

582 5841 746 5862 nu...
776 5841 869 5867 ηις-
905 5841 1034 5850 --νη
1064 5841 1339 5850 --.η-ηπ...
1362 5841 1514 5851 μμ--
1543 5841 1588 5863 κ-
1754 5841 1900 5856 -ηψ,
1931 5841 1946 5843 -
2081 5841 2108 5858 ἡ.

582 5897 781 5948 cuncta
812 5888 1081 5958 condidit,
1109 5903 1286 5958 eaque
1317 5895 1676 5947 transmutat.
1697 5884 1801 5951 Qui
1829 5882 1948 5939 heri
1971 5882 2145 5952 captiv

2281 5870 2639 5942 αἰχμάλωτοι,
2691 5841 2786 5927 νῦν
2825 5870 3126 5943 ἐλεύθεροι,
3175 5841 3268 5926 καὶ
3313 5865 3509 5922 πολῖται
3534 5855 3611 5923 τῆς
3671 5841 3740 5896 δι’
