3986 6404
292 432 424 503 1277

1559 432 1800 493 SACRA
1835 429 2280 492 PARALLELA
2300 469 2316 484 .

3428 430 3561 497 1278

290 547 538 619 κλησιας.
587 545 653 600 Oi
687 545 881 617 πρώην
908 545 968 599 ὲν
1001 543 1236 617 αἰσχύνῃ
1282 542 1726 616 ἁμαρτημάτων,
1771 543 1854 598 vin

1972 553 2156 609 erant,
2215 537 2382 599 hodie
2417 540 2577 599 liberi
2609 551 2759 610 sunt,
2811 553 2867 600 et
2908 545 3059 605 cives
3094 544 3372 604 Ecclesiae.
3414 548 3566 614 Quae

286 644 343 695 ὲν
368 638 651 713 παρρησίᾳ
676 636 1052 709 δικαιοσύνης.

350 817 413 872 Ei
445 816 509 869 τδ
532 815 734 870 εἰδέναι
762 816 855 870 τὸν
880 814 1012 871 Θεὸν
1024 811 1332 886 ὑπερϐολὴν
1354 812 1412 866 ἐν
1437 811 1515 883 τῷ
1549 811 1741 882 ἀγαθῷ
1766 810 1868 868 οὐκ

285 905 419 976 ἔχει,
452 904 515 958 τὸ
564 904 679 959 υἱὸν
727 904 986 974 γενέσθαι
1035 903 1172 959 Θεοῦ
1228 903 1370 976 ὑπὲρ
1415 902 1714 969 εὐκληρῐαν
1746 902 1867 956 ἐστὶ

283 1000 484 1052 πᾶσαν.
527 996 588 1050 'U
615 996 723 1070 γὰρ
774 996 912 1050 Θεοῦ
946 996 1062 1059 υῑδς
1117 994 1371 1063 ἀξιωθεὶς
1427 993 1706 1063 γενέσθαι,
1754 993 1867 1060 ἕξει

283 1088 502 1151 πάντως
534 1087 630 1143 τοῦ
667 1087 881 1161 Πατρὸς
920 1086 983 1141 τὸ
1022 1086 1264 1156 ἀξίωμα.
1317 1085 1492 1156 ’Υπὲρ
1534 1084 1700 1155 εὐχὴν
1743 1083 1798 1137 δὲ
1830 1085 1862 1155 ή

281 1178 536 1250 ἐπιτυχία
559 1197 574 1212 ο
601 1178 743 1249 ὑπὲρ
769 1177 960 1233 ἐλπίδα
994 1177 1051 1230 δὲ
1083 1177 1145 1231 τὸ
1171 1175 1346 1247 δῶρον
1368 1192 1383 1208 ο
1437 1176 1577 1247 ὑπὲρ
1634 1172 1800 1245 φύσιν
1829 1174 1862 1247 ἠ

282 1270 460 1342 χάρις.
492 1300 563 1310 —
592 1269 927 1335 Βαπτίζεται
962 1268 1104 1339 ἁγίῳ
1154 1267 1456 1337 Πνεύματι,
1490 1268 1519 1320 6
1549 1266 1641 1321 διὰ
1681 1264 1861 1333 πάσης

280 1362 544 1432 νοήσεως,
574 1362 671 1416 καὶ
699 1361 899 1432 λόγων,
931 1361 1026 1417 καὶ
1053 1358 1310 1431 πράξεων
1348 1357 1732 1428 ἁγιαζόμενος,
1763 1372 1859 1411 και

278 1452 352 1506 ῶν
405 1452 800 1524 πνευματικός.
838 1454 925 1518 Ὦς
950 1453 1059 1524 γάρ
1088 1452 1116 1504 6
1148 1453 1229 1515 εἰς
1257 1450 1404 1519 ὕδωρ
1427 1448 1857 1520 βαπτιζόμενος,

278 1542 411 1607 ὅλως
441 1543 781 1618 ὑγραίνεται,
809 1542 983 1607 οὕτως
1015 1544 1044 1596 6
1083 1543 1141 1598 ἑν
1172 1541 1313 1613 ἁγίῳ
1352 1540 1631 1611 Πνεύματι
1660 1539 1861 1610 βαπτι-

278 1632 524 1705 ζόμενος,
553 1634 690 1699 ὅλως
713 1634 1086 1707 πνευματικὸς
1111 1636 1208 1690 καὶ
1225 1632 1382 1702 ἅγιος
1402 1649 1436 1703 γ
1443 1631 1638 1696 ίνεται»
1662 1630 1863 1705 γνώμη

277 1724 373 1781 καὶ
401 1726 599 1801 πράξει
636 1726 879 1791 τοιοῦτος
908 1726 1370 1805 ἀποτελούμενος.

1972 650 2152 705 nuper
2184 643 2541 706 peccatorum
2569 635 2834 707 pudebat,
2868 638 2924 693 bi
2964 654 3116 696 nunc
3151 639 3207 694 in
3235 640 3491 697 libertate
3508 649 3560 697 et

1970 724 2177 782 ﬁducia
2206 735 2359 784 sunt.

2044 818 2109 873 S.
2142 818 2301 889 (ἔγρῃ.
2350 818 2585 889 Nymn.
2617 819 2674 874 in
2708 817 2870 877 Beat.
2905 828 3047 874 orat.
3095 821 3150 875 7.
3174 852 3242 863 -—
3275 818 3332 875 Si
3392 818 3562 877 Deum

1972 908 2166 966 videre
2192 917 2406 967 tantum
2436 910 2639 965 bonum
2669 917 2778 974 est,
2825 916 2887 965 ut
2931 908 3097 975 hujus
3126 909 3559 979 magnitudinem

1972 1001 2112 1057 nihil
2158 1011 2327 1072 queat
2376 1016 2665 1071 superare,
2723 1000 2978 1072 profecto
3030 1000 3125 1056 Del
3175 1002 3346 1056 lilium
3396 1001 3558 1068 elllci,

1972 1088 2240 1146 felicitate
2266 1089 2420 1144 omni
2449 1088 2629 1158 majus
2658 1098 2768 1146 est.
2795 1088 2933 1143 Nam
2967 1089 3056 1145 cui
3087 1088 3253 1159 390
3280 1089 3385 1144 hoc
3426 1104 3560 1145 con-

1967 1194 2189 1237 cessum
2206 1187 2313 1244 est,
2350 1187 2412 1236 ut
2442 1177 2538 1234 Dei
2571 1180 2717 1235 (ilius
2744 1178 2860 1246 liat,
2888 1179 2935 1235 is
2966 1179 3354 1250 proculdubio
3374 1178 3560 1235 Patris

1965 1269 2292 1340 dignitatem
2345 1269 2642 1326 obtinebit.
2694 1268 2812 1329 Hoc
2860 1286 2993 1327 vero
3045 1271 3338 1339 consequi,
3390 1284 3562 1339 supra

1964 1375 2128 1419 omne
2164 1367 2352 1417 votum
2391 1368 2499 1424 est,
2563 1375 2730 1430 supra
2772 1376 2925 1431 spem
2982 1368 3068 1417 est
3117 1359 3347 1425 donum,
3391 1374 3560 1428 supra

1969 1460 2223 1511 naturam
2249 1451 2449 1522 gratia.
2489 1482 2560 1497 -—-
2602 1453 2927 1521 Baptizatur
2963 1451 3174 1522 Spiritu
3210 1459 3431 1519 sancto,
3462 1452 3559 1521 qui

1966 1542 2300 1615 cogitatione
2354 1558 2459 1600 sua
2509 1544 2703 1612 omni,
2761 1556 3149 1613 sermoneque,
3205 1551 3264 1599 et
3312 1544 3556 1608 actione,

1967 1641 2195 1691 sanctus
2226 1633 2505 1699 redditur,
2557 1636 2764 1706 quique
2810 1634 3125 1704 spiritualis
3153 1633 3398 1689 exsistit.
3445 1631 3557 1687 νε-

1966 1724 2064 1781 luti
2098 1724 2248 1779 enim
2276 1724 2370 1797 qui
2414 1727 2679 1795 mergitur
2711 1725 2766 1781 in
2797 1739 3022 1795 aquam.
3055 1731 3207 1779 totus
3230 1721 3511 1781 humescit
3537 1737 3554 1779 :

277 1815 361 1872 sic
400 1818 498 1887 qui
542 1818 598 1873 in
639 1817 846 1888 Spiritu
900 1826 1096 1874 sancto
1134 1817 1473 1888 baptizatur,
1509 1823 1663 1871 totus
1706 1814 2013 1887 spiritualis
2036 1823 2092 1871 et
2122 1823 2350 1872 sanctus
2379 1814 2638 1882 ellicitur,
2683 1815 2922 1888 talisque
2982 1818 3169 1871 animo
3228 1823 3283 1871 et
3342 1815 3558 1877 ratione

274 1911 482 1968 evadit.

274 2004 460 2063 ΤΙΤΛ.
505 2003 585 2059 E'.
613 2033 688 2045 -—
722 2003 1342 2086 Πῳὶρδελυτμᾴτων,
1378 2002 1478 2059 καὶ
1520 2002 1641 2058 τῶν
1677 2005 1854 2073 utero—

1972 1998 2094 2057 l‘l'l‘.
2126 1998 2193 2056 ν.
2225 2031 2296 2043 --
2327 1999 2408 2058 De
2432 2001 2937 2086 abaminationibur,
2957 2019 3051 2059 seu
3080 2003 3263 2069 idolis,
3283 2012 3337 2059 et
3377 2005 3444 2059 iis
3464 2005 3558 2075 qui

855 2074 1056 2144 μένων
1085 2074 1257 2129 θεῶν.

353 2206 373 2241 ι
421 2188 541 2244 Οὐκ
594 2186 811 2242 ἔσονταὲ
861 2204 944 2241 σοι
999 2187 1116 2242 θεοὶ
1167 2189 1348 2257 ἕτεροι
1394 2188 1535 2259 πλὴν
1589 2187 1746 2256 ἐμοῦ.
1780 2186 1858 2240 Οὐ

274 2281 526 2352 ποιήσεις
558 2277 773 2351 σεαυτῷ
807 2278 1050 2345 εἴδωλον,
1076 2278 1199 2334 οὐδὲ
1234 2280 1345 2334 πᾶν
1375 2297 1429 2333 τι
1457 2278 1734 2349 ὁμοίωμα,
1756 2278 1861 2331 ὅσα

273 2374 337 2433 ὲν
367 2370 445 2442 τῷ
479 2369 720 2443 οὐρανῷ,
766 2370 862 2427 καὶ
896 2372 996 2426 ὅσα
1031 2372 1089 2425 ὲν
1123 2373 1189 2442 τῇ
1220 2373 1292 2441 γῇ
1332 2369 1507 2431 κάτω.
1541 2369 1637 2425 καὶ
1664 2370 1765 2424 ὅσα
1801 2370 1860 2422 ὲν

270 2467 386 2527 τοῖς
408 2462 598 2518 ὕδασιν
631 2464 893 2518 ὑποκάτω
921 2464 1020 2530 τῆς
1045 2464 1259 2535 γῆς.οὐ
1290 2462 1715 2534 προσκυνήσεις,
1733 2460 1858 2517 οὐδὲ

274 2554 356 2629 μὴ
382 2554 691 2626 λατρεύσῃς
712 2554 920 2619 αὐτοῖς.
963 2554 1105 2625 Ἐγὼ
1128 2556 1236 2626 γάρ
1270 2555 1387 2626 εἰμι
1416 2552 1643 2624 Κύριος.
1689 2572 1709 2607 ι

353 2750 372 2785 ι
408 2732 524 2796 Πᾶς
545 2732 816 2797 θυσιάζων
834 2732 977 2796 θεοῖς
1003 2733 1230 2805 ἑτέροις,
1260 2732 1800 2806 ὲξολοθρευθήσεται.
1830 2751 1851 2787 ι

353 2923 372 2957 ι
409 2905 525 2960 Οὐκ
561 2906 818 2970 εἰσοίσεις
853 2906 1131 2978 βδέλυγμα
1169 2908 1251 2970 εις
1298 2906 1390 2959 τὸν
1422 2902 1573 2962 οἶκόν
1607 2924 1727 2971 σου,
1761 2907 1857 2962 καὶ

267 2995 374 3070 ἔσῃ
392 2996 641 3068 ἀνάθεμα
665 2996 855 3068 ὥσπερ
882 2998 1060 3052 τοῦτο.
1101 3017 1120 3050 ι

351 3109 371 3145 ι
412 3089 496 3145 Τὰ
523 3089 723 3144 εἴδωλα
772 3091 881 3145 τῶν
930 3090 1103 3145 ὲθνῶν
1159 3089 1427 3164 ἀργύριον
1462 3089 1559 3145 καλ⁵
1606 3090 1851 3165 χρυσίον,

263 3180 411 3254 ἔργα
441 3182 639 3255 χειρῶν
673 3181 999 3253 ἀνθρώπων.
1036 3200 1059 3234 ι

348 3292 369 3329 ι
408 3273 555 3338 Θεοὶ,
586 3273 635 3328 οἳ
662 3272 757 3328 τὸν
785 3272 1017 3343 οὐρανὸν
1046 3271 1141 3329 καὶ
1167 3272 1266 3345 τὴν
1298 3275 1402 3344 γῆν
1430 3274 1531 3328 οὐκ
1562 3274 1849 3346 ἐποίησαν,

2504 2071 2583 2125 dii
2617 2084 3019 2142 nuncupantur.

2032 2181 2211 2237 Exod.
2266 2199 2377 2248 xx,
2423 2184 2549 2241 5-4.
2574 2214 2645 2227 -
2690 2204 2711 2238 ι
2748 2184 2867 2241 Non
2903 2193 3067 2245 erunt
3098 2186 3176 2243 dii
3223 2187 3316 2243 alii
3358 2194 3557 2257 prater

1962 2289 2074 2350 me.
2102 2272 2220 2330 Non
2254 2275 2427 2334 facies
2459 2277 2557 2333 tibi
2585 2276 2818 2342 idolum,
2847 2265 3031 2349 neque
3054 2293 3270 2335 omnem
3296 2279 3558 2335 similitu.

1962 2366 2146 2421 dinem
2168 2381 2384 2430 eorum,
2417 2384 2764 2440 quaecunque
2793 2370 2851 2424 in
2887 2370 3031 2429 coelo
3056 2378 3187 2427 sunt
3216 2370 3474 2439 desuper,
3502 2377 3559 2424 et

1960 2471 2308 2528 quacunque
2342 2459 2397 2515 in
2433 2469 2582 2516 terra
2611 2461 2898 2527 deorsum.
2931 2478 3035 2523 nec
3058 2478 3255 2519 eorum
3277 2477 3401 2533 qum
3428 2469 3559 2517 sunt

1962 2543 2020 2597 in
2051 2544 2214 2615 aquis
2246 2546 2350 2601 sub
2381 2554 2553 2603 terra.
2591 2549 2713 2606 Non
2753 2550 3015 2609 adorabis
3042 2566 3133 2620 ea,
3164 2567 3347 2626 neque
3377 2551 3550 2608 coles.

1963 2633 2078 2704 Ego
2113 2651 2235 2691 sum
2270 2635 2562 2696 Dominus.
2603 2658 2624 2692 ι

2032 2726 2212 2785 Exod.
2249 2746 2389 2796 χιιι,
2424 2731 2517 2787 20.
2547 2760 2617 2773 ——
2666 2750 2688 2785 ι
2722 2732 2829 2800 Qui
2879 2730 3131 2789 immolat
3181 2731 3289 2791 diis
3331 2732 3554 2800 alienis,

1958 2821 2447 2878 exterminabitur.
2489 2841 2509 2876 ι

2029 2910 2193 2967 Deut.
2226 2929 2323 2977 vn.
2359 2914 2449 2969 26.
2483 2943 2557 2959 -—
2613 2932 2634 2969 ι
2685 2913 2806 2970 Non
2845 2914 3054 2971 infcres
3088 2913 3552 2971 abominationem

1959 3002 2014 3059 in
2045 3006 2269 3059 domum
2308 3015 2483 3073 tuam,
2512 3016 2574 3062 ut
2598 3008 2679 3064 sis
2714 3007 3010 3065 anathema
3043 3008 3188 3064 sicut
3218 3008 3375 3065 illud.
3410 3027 3430 3060 ι

2030 3096 2187 3155 Paul.
2215 3114 2368 3162 cxut,
2400 3098 2486 3153 12.
2520 3130 2591 3143 --
2637 3118 2658 3153 ι
2696 3098 3005 3155 Simulacra
3048 3100 3295 3171 gentium
3357 3114 3553 3171 argen-

1958 3195 2075 3244 tum
2116 3197 2173 3243 et
2210 3203 2431 3252 aurum,
2467 3203 2635 3260 opera
2678 3203 2940 3243 manuum
2969 3187 3281 3244 hominum.
3321 3205 3340 3243 ι

2026 3277 2228 3335 Jerem.
2265 3296 2321 3348 ι,
2354 3279 2444 3340 10,
2478 3310 2549 3319 --
2586 3298 2605 3332 ι
2644 3278 2728 3333 Dii
2760 3280 2855 3349 qui
2912 3294 3020 3333 non
3066 3277 3321 3334 fecerunt
3349 3277 3553 3333 coelum

259 3365 663 3437 ἀπολέσθωσαν
700 3364 811 3422 ἀπὸ
834 3364 934 3436 τῆς
965 3366 1100 3439 γῆς.
1135 3366 1231 3419 καὶ
1257 3365 1519 3420 ὑποκάτω
1560 3363 1654 3419 τοῦ
1691 3366 1849 3438 οὐρα-

1972 3376 2009 3425 :t
2039 3379 2266 3435 terram,
2297 3378 2525 3444 pereant
2555 3371 2622 3427 de
2662 3379 2832 3437 terra,
2861 3380 2916 3426 et
2953 3369 3060 3427 sub
3085 3369 3227 3425 cmlo
3254 3369 3379 3424 hoc.
3417 3387 3437 3420 ι

259 3456 363 3513 νοῦ
391 3456 607 3511 τούτου.
642 3475 663 3510 ι

341 3566 361 3603 ι
417 3547 656 3605 Μάταιοι
700 3547 904 3611 πάντες
954 3546 1235 3618 ἄνθρωποι
1265 3586 1280 3611 ,
1342 3540 1424 3609 οἷς
1470 3547 1655 3618 παρῆν
1715 3547 1851 3603 Θεοῦ

248 3640 531 3714 ἀγνωσία,
563 3639 660 3695 καὶ
682 3640 748 3694 ὲκ
778 3638 886 3693 τῶν
908 3638 1201 3711 ὁρωμένων
1230 3637 1453 3707 ἀγαθῶν
1479 3638 1582 3693 οὐκ
1613 3638 1844 3709 ἴσχυσαν

255 3730 468 3789 ειδέναι
496 3728 588 3785 τὸν
631 3728 796 3784 δντα-
826 3726 952 3783 οὔτε
1001 3730 1118 3791 τοῖς
1179 3730 1363 3795 ἔργοις
1420 3728 1854 3799 προστρέχοντες

257 3822 589 3895 δπέγνωσαν
617 3821 709 3877 τὸν
743 3819 996 3892 τεχνίτην
1021 3837 1035 3850 ·
1078 3820 1196 3873 ἀλλ’
1238 3820 1272 3890 ἢ
1310 3819 1504 3891 πῦρ,ἢ
1539 3819 1781 3890 πνεῦμα,
1816 3818 1850 3891 ἢ

255 3913 486 3985 ταχινὸν
516 3913 677 3986 ἀέρα,
726 3911 759 3987 ἢ
809 3910 1009 3965 κύκλον
1038 3910 1306 3981 ἀστέρων,
1334 3910 1367 3982 ἦ
1402 3912 1575 3982 βίαιον
1614 3909 1780 3981 ὕδωρ,
1815 3909 1849 3980 ἢ

259 4007 562 4081 φωστῆρας
590 4004 848 4076 οὐρανοῦ,
885 4004 1187 4076 πρυτάνεις
1230 4004 1439 4073 κόσμου
1475 4003 1635 4066 θεοὺς
1666 4002 1853 4087 ἐνόμι-

259 4115 397 4155 ςαν*
426 4091 503 4152 ὧν
528 4098 578 4151 ει
602 4096 701 4169 μὲν
727 4096 827 4167 τὴν
853 4094 1117 4165 καλλονὴν
1139 4095 1493 4167 τερπόμενοι,
1519 4093 1692 4149 ταῦτα
1752 4095 1851 4149 ὑπ-

255 4188 594 4262 ελάμϐανον,
618 4187 935 4258 γνώτωσαν,
950 4188 1105 4259 πόσῳ
1126 4188 1329 4258 μᾶλλον
1358 4189 1386 4242 6
1413 4187 1621 4241 τούτων
1646 4187 1853 4240 Δεσπό-

257 4297 368 4352 της
414 4278 532 4334 ἐστὶ
576 4277 827 4349 βελτίων.
872 4277 931 4331 '0
956 4277 1065 4348 γὰρ
1098 4278 1193 4331 τοῦ
1227 4277 1435 4347 κόσμου
1483 4275 1851 4346 γενεσιάρχης

259 4370 678 4427 ἔκτισεκταῦτα.
722 4371 785 4425 Ei
816 4370 873 4425 δὲ
894 4370 1123 4441 δύναμιν
1172 4370 1267 4424 καὶ
1309 4370 1592 4441 ἐνέργειαν
1645 4367 1853 4422 ἐκπλα-

254 4464 480 4535 γέντες,
523 4463 875 4534 νοησάτωσαν
943 4463 1038 4517 ἀπ’
1099 4462 1282 4517 αὐτῶν
1315 4502 1329 4531 ,
1389 4461 1543 4532 πόσῳ
1593 4462 1621 4515 ὀ
1682 4477 1848 4515 κατα-

256 4552 542 4616 σκευάσας
569 4553 709 4609 αὑτά
737 4552 1110 4625 δυνατώτερός
1141 4556 1312 4608 ἐστιν.
1377 4553 1475 4607 Ἐκ
1519 4552 1630 4623 γὰρ
1681 4553 1849 4623 με·γέ⁴

253 4645 395 4709 θους
422 4645 517 4701 καὶ
539 4645 803 4715 καλλονῆς
831 4647 1148 4716 κτισμάτων
1170 4645 1453 4715 ἀναλόγως
1486 4646 1515 4701 6
1538 4662 1852 4715 γενεσιουρ-

256 4737 363 4806 γδς
388 4737 569 4791 αὐτῶν
592 4737 902 4810 θεωρεῖται.
929 4737 1284 4809 Ταλαίπωροι
1306 4737 1385 4801 δὲ,
1420 4738 1516 4792 καὶ
1545 4718 1603 4791 ἓν
1634 4739 1849 4807 νεκροῖς

248 4829 317 4883 αἱ
350 4828 566 4893 ἐλπίδες
598 4829 798 4893 αὐτῶν.
848 4829 1052 4892 οἵτινες
1076 4830 1342 4883 ἐκάλεσαν
1379 4828 1538 4892 θεοὺς
1565 4828 1704 4899 ἔργα
1736 4845 1849 4898 χει-

254 4919 379 4989 ρῶν
410 4918 737 4992 ἀνθρώπων,
770 4920 973 4993 χρυσὸν
1014 4922 1106 4976 καὶ
1148 4920 1413 4993 ἄργυρον,
1444 4919 1645 4990 τέχνης
1672 4922 1852 4991 ἐμμε-

252 5006 573 5079 λετήματα,
618 5010 716 5065 καὶ
747 5010 1142 5083 ἀπεικάσματα
1192 5010 1370 5078 ζώων,
1416 5011 1641 5083 ἢλίθων
1674 5011 1854 5085 ἀχρή-

257 5114 428 5154 στων.
464 5116 484 5150 ι

322 5375 345 5409 ε
385 5355 461 5411 Τὸ
506 5358 894 5433 χειροποίητον
957 5360 1385 5435 ὲπικατάρατον,
1423 5365 1519 5419 xci.
1552 5366 1582 5420 ό
1613 5365 1847 5438 ποιήσας

256 5445 438 5511 αὐτὸ,
469 5447 614 5501 δτιὸ
672 5449 775 5520 μὲν
829 5450 1157 5520 εἰργάσατο,
1201 5453 1261 5507 τὸ
1308 5453 1365 5507 δὲ
1425 5453 1684 5527 φθαρτὸν,
1716 5456 1850 5511 Θεὸν

254 5539 574 5610 ὠνόμασεν.
605 5540 693 5593 Ἐν
728 5543 828 5615 ῐσῳ
854 5545 1060 5617 μισητὰ
1086 5545 1226 5617 Θεῷ,
1265 5546 1407 5601 καὶὸ
1436 5548 1781 5614 άσεόὡν,καὶ
1811 5552 1844 5620 ή
1903 5538 1909 5547 ’

253 5628 496 5687 ἀσέϐεια
520 5630 707 5687 αὐτοῦ.
737 5633 850 5688 Kal.
884 5636 991 5710 γὰρ
1012 5637 1070 5693 τὸ
1090 5637 1333 5719 πραχθὲν
1358 5638 1454 5694 σὺν
1484 5638 1562 5715 τῷ
1592 5639 1850 5713 δράσαντι

249 5723 449 5795 ἑξολυο
459 5724 835 5798 ρευθήσονται.
877 5746 900 5784 ι

2030 3540 2162 3612 Sap.
2194 3557 2321 3608 xui,
2357 3543 2476 3599 1-9.
2510 3574 2581 3584 ---
2635 3563 2654 3595 ι
2695 3541 2830 3598 Varii
2864 3553 2993 3600 sunt
3039 3558 3234 3599 omnes
3276 3543 3551 3608 homines,

1955 3631 2011 3687 in
2038 3633 2238 3704 quibus
2278 3648 2389 3688 non
2438 3633 2617 3688 adfuit
2660 3634 2895 3690 scicntia
2952 3634 3045 3689 Dei
3074 3673 3089 3698 ,
3122 3643 3178 3691 ct
3213 3634 3282 3691 de
3314 3635 3382 3691 iis
3420 3650 3546 3704 quae

1953 3723 2215 3778 videnlur
2245 3723 2430 3789 bonis,
2464 3741 2573 3778 non
2616 3734 2918 3796 potuerunt
2953 3725 3259 3795 intelligere
3285 3740 3409 3780 eum
3450 3725 3548 3796 qui

1954 3822 2061 3882 est,
2106 3830 2289 3885 neque
2335 3816 2597 3886 operibus
2631 3816 3005 3880 attendentes,
3055 3825 3400 3886 agnoverunt
3430 3816 3561 3889 quis

1954 3911 2104 3961 esset
2160 3904 2359 3959 artifex
2400 3925 2413 3961 :
2470 3906 2568 3961 sed
2621 3916 2717 3961 aut
2768 3907 2973 3975 ignem,
3020 3914 3115 3961 aut
3150 3906 3423 3977 spiritum,
3459 3913 3554 3959 aut

1954 3996 2187 4053 citatum
2229 4009 2438 4060 aerem,
2470 4002 2565 4049 aut
2599 4012 2794 4069 gyrum
2835 3997 3146 4065 stellarum,
3188 4004 3284 4050 aut
3324 3997 3550 4050 nimiam

1954 4104 2177 4161 aquam,
2215 4097 2311 4143 aut
2363 4089 2655 4145 luminaria
2688 4091 2837 4156 cceli,
2890 4096 3131 4147 rectores
3184 4091 3336 4149 orbis
3378 4099 3554 4144 terra-

1954 4194 2078 4233 rum
2107 4181 2239 4234 deos
2273 4187 2609 4258 putaverunt
2636 4198 2649 4237 :
2680 4196 2914 4251 quorum
2952 4181 2998 4235 si
3050 4181 3235 4255 specie
3267 4180 3550 4245 delectati,

1954 4269 2088 4323 deos
2120 4282 2183 4322 ea
2208 4284 2336 4325 esse
2376 4277 2737 4340 putaverunt,
2776 4271 2960 4326 sciant
2985 4281 3197 4342 quanto
3231 4271 3319 4328 his
3360 4270 3552 4327 Domi-

1953 4368 2119 4413 nator
2141 4374 2335 4415 eorum
2366 4362 2668 4431 speciosior
2690 4372 2798 4419 est.
2834 4361 3052 4433 Specici
3089 4364 3234 4417 enim
3263 4372 3318 4421 et
3359 4364 3550 4421 mundi

1953 4461 2250 4523 generator
2292 4455 2408 4511 haec
2452 4455 2637 4509 omnia
2679 4456 2993 4513 constituit.
3022 4457 3133 4511 Aut
3182 4457 3228 4515 si
3284 4434 3552 4514 viriutem

1954 4552 2009 4601 et
2058 4559 2225 4615 opera
2278 4561 2469 4602 eorum
2520 4546 2705 4602 mirati
2753 4556 2909 4613 sunt,
2952 4549 3262 4625 intelligant
3306 4550 3374 4605 ab
3417 4550 3549 4617 illis,

1955 4637 2215 4707 quoniam
2253 4638 2348 4708 qui
2389 4638 2505 4692 hazc
2533 4636 2685 4705 fecit,
2716 4638 2915 4695 fortior
2944 4648 3030 4695 est
3061 4640 3162 4696 eis.
3193 4641 3239 4694 A
3277 4641 3552 4712 magnitu-

1953 4728 2083 4783 dine
2135 4728 2285 4783 enim
2336 4736 2393 4785 et
2444 4729 2629 4799 specie
2684 4739 3067 4786 creaturarum
3104 4732 3551 4802 cognoscibililer

1954 4814 2155 4885 poterit
2187 4824 2410 4871 creator
2442 4832 2632 4871 earum
2660 4817 2861 4873 videri.
2897 4817 3149 4873 Infelices
3185 4829 3366 4873 autem
3400 4828 3553 4883 sunt,

1960 4914 2014 4962 et
2049 4905 2193 4961 inter
2228 4915 2478 4961 mortuos
2511 4922 2637 4978 spes
2671 4907 2889 4963 illorum
2940 4916 3045 4970 est.
3096 4907 3191 4978 qui
3246 4909 3557 4979 appellave.

1964 5004 2094 5051 runt
2155 4996 2285 5053 deos
2336 5011 2501 5067 Opera
2558 5012 2819 5053 manuum
2872 4994 3198 5065 hominum,
3251 5016 3446 5056 aurum
3498 5009 3553 5057 et

1967 5092 2280 5156 argentum,
2311 5088 2450 5142 artis
2490 5087 2890 5156 inventionem,
2929 5097 2985 5145 et
3016 5089 3409 5146 similitudines
3435 5091 3554 5145 ani-

1957 5176 2212 5245 malium,
2249 5185 2346 5231 aut
2391 5177 2625 5248 lapidem
2666 5179 2940 5247 inutilem,
2974 5193 3115 5251 opus
3164 5195 3359 5237 manus
3409 5169 3559 5236 auiis

1948 5284 2088 5341 quae.
2128 5287 2148 5321 δ

2023 5360 2158 5432 Sap.
2184 5377 2298 5428 νιν,
2324 5362 2590 5417 8-10.-‹
2615 5362 2719 5418 Per
2744 5377 2942 5418 manus
2973 5371 3153 5418 autem
3182 5364 3327 5434 quod
3347 5362 3403 5417 lit
3433 5361 3551 5419 ldor

1950 5452 2087 5520 lum,
2118 5450 2474 5509 maledictum
2511 5464 2617 5521 est,
2659 5465 2712 5511 et
2749 5453 2953 5525 ipsum,
2987 5464 3043 5510 et
3074 5455 3169 5525 qui
3209 5454 3342 5511 fecit
3369 5455 3504 5510 illud
3530 5461 3549 5497 '-

1959 5546 2089 5615 quia
2126 5545 2218 5602 ille
2256 5547 2475 5616 quidem
2512 5553 2777 5617 operatus
2811 5553 2938 5613 est;
2992 5546 3124 5601 illud
3176 5558 3383 5613 autem,
3425 5563 3550 5603 cum

1958 5645 2107 5693 esset
2172 5636 2400 5709 fragile,
2452 5637 2590 5693 deus
2646 5639 3072 5711 cognominatus
3128 5645 3233 5694 est.
3284 5637 3557 5696 Similiter

1954 5727 2081 5783 odio
2111 5737 2242 5783 sunt
2285 5731 2413 5798 Deo,
2451 5729 2654 5802 impius
2698 5737 2755 5786 et.
2806 5729 3062 5801 impietas
3122 5730 3268 5801 ejus.
3328 5731 3550 5785 Etenim

1962 5821 2110 5890 quod
2149 5822 2354 5879 factum
2385 5831 2493 5885 cst.
2529 5839 2651 5879 cum
2691 5840 2757 5881 eo
2796 5824 2893 5895 qui
2936 5821 3107 5890 fecit,
3152 5821 3550 5881 exterminabi-

1952 5924 2060 5969 llll‘.
2101 5932 2121 5968 ι
