3960 6402
558 447 692 513 1279

1747 455 1808 512 S.
1841 451 2164 514 JOANNIS
2203 451 2637 514 DAMASCENI
3629 458 3718 527 12$)

627 561 757 628 Sep.
785 577 876 622 xv,
908 560 1060 616 7—l2.
1090 592 1156 606 --
1194 581 1211 613 ι
1246 559 1418 616 Judex
1455 561 1679 633 ﬁgulus,
1719 574 1773 618 et
1803 565 1945 619 male
1994 563 2140 618 labo-

2321 581 2341 614 ι
2380 562 2586 634 κριτὴς
2624 560 2654 613 δ
2697 558 3027 631 πηλουργὸς,
3088 557 3180 613 καῖ¹
3221 559 3250 612 ὁ
3293 561 3615 635 κακόμοχθος,
3639 571 3720 627 om

557 665 707 712 rans.
745 648 908 702 deum
958 650 1177 704 inanem
1219 667 1285 704 ex
1314 651 1504 706 eodem
1543 655 1696 723 ﬁngit
1726 653 1864 708 luto.
1902 654 2018 718 Ille,
2049 653 2142 724 qui

554 738 722 808 paulo
746 748 873 792 ante
912 738 980 792 de
1005 748 1153 793 terra
1190 738 1372 796 factus
1403 741 1604 805 fuerat,
1638 752 1691 796 et
1725 753 1850 811 post
1880 743 2142 812 pusillum

557 829 770 883 reducit
800 844 860 884 se
902 829 1046 884 unde
1085 841 1346 900 acceptus
1391 840 1495 897 est,
1521 833 1794 902 repetitus
1825 833 2024 888 animae
2045 831 2146 888 de-

561 921 752 972 bitum.
791 918 897 974 Sed
930 934 1064 974 cura
1099 927 1183 975 est
1214 920 1319 988 illi,
1347 936 1454 976 non
1486 921 1615 991 quia
1646 921 2003 977 laboraturus
2039 929 2145 988 est,

559 1023 660 1064 nec
694 1010 956 1079 quoniam
993 1009 1176 1064 brevis
1225 1010 1302 1064 illi
1347 1011 1457 1064 vita
1499 1020 1621 1075 est;
1664 1014 1761 1067 sed
1797 1021 2150 1067 coucertatur

559 1101 783 1172 quidem
839 1101 1164 1157 auriﬁcibus
1195 1111 1248 1157 et
1279 1102 1629 1175 argentariis,
1675 1111 1729 1158 et
1761 1105 1988 1159 azrarios
2020 1105 2147 1159 imi-

560 1200 731 1255 tatur,
764 1199 821 1246 et
858 1194 1090 1262 gloriam
1135 1196 1395 1260 aestimat,
1431 1197 1697 1264 quoniam
1747 1210 1839 1252 res
1887 1211 2149 1267 superva-

561 1299 697 1338 cuas
747 1281 920 1353 ﬁngit.
967 1284 1122 1338 Cinis
1183 1293 1269 1340 est
1317 1301 1414 1340 cor
1455 1287 1601 1357 ejus,
1649 1294 1704 1342 et
1739 1296 1884 1340 terra
1932 1286 2152 1342 inanior

565 1389 690 1442 spes
716 1374 884 1437 illius,
917 1381 971 1428 et
1006 1374 1120 1429 luto
1159 1376 1322 1430 vilior
1358 1377 1466 1431 vita
1496 1376 1650 1446 ejus;
1683 1378 1947 1446 quoniam
1989 1378 2148 1447 igno-

565 1467 708 1519 ravit
740 1465 832 1533 qui
863 1479 922 1518 se
963 1464 1138 1531 ﬁnxit,
1171 1474 1226 1520 et
1271 1467 1363 1536 qui
1422 1468 1715 1536 inspiravit
1767 1468 1870 1537 ipsi
1910 1468 2147 1521 animam

564 1571 689 1626 quae
713 1567 999 1626 operatur.
1027 1566 1080 1610 et
1118 1557 1213 1626 qui
1268 1559 1566 1613 insuﬁlavit
1593 1559 1752 1629 391
1779 1559 1856 1613 illi
1893 1560 2146 1630 spiritum

563 1646 807 1699 vitalem.
849 1645 952 1700 Sed
988 1654 1043 1700 et
1076 1647 1537 1703 existimaverunt
1587 1650 1768 1703 lusum
1824 1665 1951 1705 esse
1979 1653 2147 1706 vitam

569 1745 835 1802 nostram,
873 1747 929 1792 et
970 1739 1453 1794 conversationem
1502 1740 1631 1794 vitae
1676 1743 2043 1812 compositam
2079 1742 2149 1797 ad

468 1853 478 1865 '-
566 1842 802 1882 IIICI‘IIIB.
843 1846 862 1880 ι

663 1843 685 1879 r
730 1842 802 1882 ιιι.
843 1846 862 1880 ι

566 1829 808 1972 111(ἓῖιῗείί.
845 1934 974 1986 xxx,
1011 1920 1099 1974 l8.
1127 1951 1196 1961 —
1245 1941 1264 1974 ι
1303 1921 1695 1991 Spectaculum
1732 1927 2019 1996 epularum
2053 1942 2150 1997 ap-
2179 1908 2224 1964 Β

564 2009 872 2078 positarum
919 2012 1194 2080 sepulcro.
1255 2011 1398 2078 Qttid
1443 2015 1669 2085 prodest
1721 2017 1913 2074 libatio
1966 2020 2152 2075 idolo?

563 2115 667 2154 nec
697 2101 843 2155 enim
875 2103 1254 2170 manducabit,
1281 2122 1383 2161 nec
1420 2107 1769 2164 oderabitur.
1809 2129 1828 2163 ι

635 2189 693 2246 S.
731 2191 888 2263 Greg.
928 2192 1072 2249 Naz.
1101 2195 1253 2250 Orat.
1281 2198 1340 2264 2,
1377 2197 1452 2253 De
1497 2201 1655 2255 tlteol.
1699 2231 1767 2242 --
1804 2201 1912 2257 Alii
1955 2204 2149 2273 solem,

563 2281 656 2335 alii
683 2283 929 2338 siderum
959 2287 1393 2354 multitudinem,
1438 2291 1528 2345 alii
1576 2293 1776 2348 caelum
1827 2295 2001 2365 ipsum
2041 2310 2149 2350 una

563 2387 694 2426 cum
725 2375 836 2429 illis
859 2376 1172 2442 coluerunt,
1207 2379 1300 2434 alii
1331 2383 1623 2448 elementa,
1655 2387 1776 2442 sine
1815 2388 2017 2456 quibus
2049 2389 2153 2442 ltu-

566 2481 727 2520 mana
755 2468 861 2522 vita
887 2478 1149 2525 constare
1177 2487 1288 2526 non
1320 2482 1523 2543 potest.
1553 2476 1695 2544 Quin
1725 2482 1971 2536 nonnulli
2009 2500 2150 2552 quo-

566 2573 693 2623 que,
733 2567 792 2613 ut
814 2560 1033 2629 Opinor,
1061 2564 1359 2632 potentiam
1394 2567 1661 2636 colentes,
1691 2579 1742 2626 et
1773 2572 1945 2626 robur
1974 2573 2152 2628 laudi-

565 2649 673 2705 bus
729 2651 1058 2719 eﬂerentes,
1121 2657 1603 2731 suspicientcsque
1658 2649 2148 2731 pulchritudinem,

566 2758 866 2813 progressu
901 2748 1162 2816 temporis
1194 2748 1297 2804 hoc
1333 2749 1498 2806 deum
1545 2753 1870 2820 ell‘ecerunt,
1896 2759 2043 2825 quod
2095 2759 2150 2813 in

565 2835 778 2892 honore
811 2845 863 2891 et
893 2839 1068 2906 pretio
1111 2841 1409 2897 habebant.
1465 2844 1571 2911 Qui
1625 2855 1805 2903 autem
1861 2852 2008 2904 inter
2055 2867 2153 2908 eos

562 2929 786 2986 vitiosis
833 2931 1124 2988 all'ectibus
1183 2935 1358 3004 magis
1411 2937 1617 2992 addicti
1684 2947 1864 3005 erant,
1922 2939 2152 2999 aﬂ‘ectus

565 3037 788 3090 quoque
819 3022 968 3090 ipsos
1002 3036 1396 3095 nuncuparunt
1430 3027 1583 3084 deos.

641 3109 950 3168 Eusebii.-
984 3111 1127 3168 Sunt
1159 3117 1409 3171 nonnulli
1440 3119 1533 3188 qui
1565 3120 1747 3176 sidera
1767 3133 2148 3192 exsecrentur,

2252 655 2483 724 μάταιον
2506 655 2570 706 ὲκ
2595 651 2690 705 τοῦ
2717 650 2886 704 αὐτοῦ
2909 648 3340 720 πλὰσσειπηλοῦ
3358 665 3372 680 °
3401 650 3454 715 δς
3471 653 3560 724 πρὸ
3580 664 3720 730 μικροῦ

2255 744 2322 796 ὲκ
2359 742 2466 813 γῆς
2493 740 2802 811 γεννηθεὶς,
2846 741 2964 810 μετ’
2993 740 3172 807 ὀλίγον
3196 740 3472 813 πορεύεται
3498 747 3564 808 εἰς
3595 749 3726 818 Tam

2248 826 2317 904 ἧς
2350 833 2585 905 ἐλήφθη,
2633 833 2696 886 τὸ
2724 833 2824 903 τῆς
2851 832 3032 903 ψυχῆς
3082 831 3401 902 ἀπαιτηθεὶς
3440 835 3592 907 χρέος,
3633 841 3726 897 Ἀλλ’

2251 926 2401 980 ἐστιν
2451 925 2604 997 αύτῷ
2656 925 2900 995 φροντὶς,
2956 923 3054 992 οὐχ
3088 923 3170 976 ὅτι
3205 923 3384 993 μέλλει
3427 925 3635 997 κάμνειν,
3657 935 3728 988 οὐδ’

2249 1019 2333 1071 δτι
2396 1016 2706 1090 βραχυτελῆ
2769 1015 2884 1084 βίον
2950 1013 3097 1085 ἔχει·
3153 1014 3269 1069 ἀλλ’
3321 1016 3638 1086 ἀπερείδεται
3666 1024 3729 1092 μιν

2255 1111 2630 1181 χρυσουργοῖς·
2651 1109 2746 1162 καὶ
2791 1107 3178 1180 ἀργυροχόοις,
3204 1106 3652 1177 χαλκοπλάσταςτε
3674 1132 3730 1183 μι.

2259 1203 2466 1271 μείται,
2503 1201 2598 1254 καὶ
2652 1199 2814 1265 δόξαν
2863 1199 3114 1269 ἡγεῖται,
3159 1198 3243 1251 ὅτι
3296 1197 3510 1271 κίϐδηλα
3546 1200 3727 1260 πλάσσει.

2251 1292 2456 1355 Σποδδς
2485 1293 2518 1363 η
2546 1291 2743 1362 καρδία
2771 1291 2962 1357 αὐτοῦ,
2988 1277 3086 1346 καί
3107 1291 3214 1362 γῆς
3241 1289 3608 1362 εὐτελεστέραὴ
3630 1295 3729 1361 ἐλπὶς

2251 1382 2442 1446 αὐτοῦ,
2505 1382 2680 1453 πηλοῦ
2725 1399 2786 1435 τε
2841 1381 3185 1452 ὰτιμώτερος
3245 1382 3274 1434 δ
3331 1380 3440 1450 βίος
3477 1383 3641 1451 αὐτοῦ,
3681 1387 3731 1442 ὅτι

2249 1475 2485 1545 ἠγνόησε
2518 1474 2612 1527 τὸν
2658 1473 2944 1528 πλάσαντα
2974 1472 3158 1538 αὐτὸν,
3193 1470 3400 1526 καὶτὸν
3441 1474 3728 1543 ὲμπνεύσαντσ

2251 1566 2402 1638 αὑτῴ
2439 1565 2619 1636 ψυχὴν
2678 1563 3051 1637 ἐνεργοῦσαν,
3092 1563 3189 1618 καὶ
3232 1564 3595 1635 ἑμφυσήσαντα
3633 1569 3729 1640 αὐτῷ

2253 1657 2472 1727 πνεῦμα
2503 1656 2737 1722 ζωτικόν
2762 1672 2777 1686 ο
2812 1655 2928 1709 ἀλλ’
2949 1655 3264 1724 ὲλογίσαντο
3291 1655 3526 1724 παίγνιον
3551 1653 3729 1730 εἶναιτὴν

2251 1746 2398 1820 ζωὴν
2436 1749 2619 1820 ἡμῶν,
2658 1749 2753 1803 καὶ
2781 1748 2872 1801 τὸν
2904 1749 3021 1820 βίον
3063 1746 3226 1819 ήμῶν
3269 1749 3637 1819 πανηγυρισμὸν
3658 1753 3729 1805 la:-

2249 1841 2441 1913 κερδῆ.
2477 1859 2496 1894 ι

2341 1954 2358 1987 ι
2398 1932 2930 2015 Θέαμαλβρωμάτων
2962 1933 3390 2006 παρακειμένων
3426 1934 3511 1987 ἐπὶ
3540 1936 3661 2005 τάφῳ
3681 1937 3733 1988 τε

2262 2026 2539 2098 συμφέρει
2569 2027 2864 2098 κάρπωσις
2887 2025 3094 2097 εἰδώλῳ
3119 2043 3135 2092 ;
3166 2024 3294 2079 οὔτε
3319 2025 3425 2097 γὰρ
3466 2025 3630 2089 ἔδεται,
3659 2026 3732 2080 οὔτε

2256 2120 2330 2190 μὴ
2353 2119 2655 2190 ὀσφρανθῇ.
2688 2137 2711 2172 ι

2327 2210 2394 2262 Ol
2429 2209 2528 2278 μὲν
2573 2209 2749 2280 ἥλιον,
2784 2211 2834 2264 οῑ
2863 2209 2921 2264 δὲ
2966 2208 3218 2280 σελήνην,
3253 2209 3304 2261 ei
3343 2207 3400 2262 at
3431 2208 3637 2278 ἀστέρων
3655 2211 3732 2279 ali..-

2254 2299 2368 2366 θος,
2399 2303 2449 2355 οἱ
2479 2301 2536 2355 δὲ
2562 2302 2791 2373 οὐρανὸν
2822 2302 2986 2357 αὐτὸν
3025 2302 3143 2373 ἅμα
3174 2301 3390 2364 τούτοις
3431 2301 3729 2373 ἐσεϐάσθησαν,

2253 2396 2302 2447 οἱ
2335 2395 2391 2448 δὲ
2416 2395 2484 2448 τὰ
2518 2397 2781 2465 στοιχεῖα,
2813 2389 2890 2450 ὧν
2912 2395 3043 2449 ἄνευ
3093 2395 3156 2448 οὐ
3183 2394 3410 2448 δυνατὸν
3450 2395 3731 2465 συστῆνσιτίν

2254 2487 2595 2557 ἀνθρώπινον
2659 2488 2794 2558 βίον.
2857 2485 3025 2558 Οἶμαι
3073 2487 3152 2551 δὲ,
3194 2487 3291 2541 καὶ
3332 2484 3614 2540 δυναστείαν
3647 2487 3732 2546 τινὲς

2255 2579 2673 2650 θεραπεύοντες,
2708 2582 2801 2636 καὶ
2829 2581 3023 2652 ῥώμην
3050 2580 3458 2645 ἐπαινέσαντες,
3501 2579 3583 2632 καὶ
3611 2578 3732 2640 titilla-

2256 2671 2665 2741 θαυμάσαντες,
2688 2672 2810 2727 θεὸν
2833 2672 3098 2740 ἐποίησαν
3121 2670 3199 2742 τῷ
3226 2669 3405 2742 χρόνῳ
3423 2669 3480 2722 τὸ
3497 2668 3730 2739 τιμώμενον.

2255 2762 2319 2816 Οἱ
2347 2761 2748 2834 ὲμπαθέστεροι
2774 2762 2831 2816 δὲ
2879 2762 3060 2817 αὐτῶν
3097 2763 3193 2816 καὶ
3220 2764 3292 2817 τὰ
3332 2761 3473 2833 πάθη
3514 2762 3639 2824 θεοὺς
3658 2761 3732 2813 ὡνίι

2258 2870 2460 2924 μασαν.

2329 3116 2452 3170 Εἰσί
2475 3132 2622 3173 τινες
2664 3115 3049 3188 καταρώμενοι
3086 3115 3211 3179 τοὺς
3273 3115 3519 3186 ἀστέρας,
3553 3115 3622 3168 ὅτε
3653 3122 3736 3171 κατὰ

566 3203 696 3255 dum
735 3201 1002 3260 adversus
1041 3206 1319 3263 hominem
1355 3211 1695 3279 irascuntur,
1727 3216 1979 3273 dicentes
2011 3238 2024 3273 :
2058 3217 2149 3274 Va:

2257 3204 2547 3277 ἀνθρώπου
2575 3206 2890 3277 ὀργίζονται
2914 3205 3190 3274 λέγοντες,
3222 3204 3364 3258 Ούαὶ
3396 3203 3469 3276 τῷ
3497 3205 3650 3304 ᾶστριιι
3667 3220 3731 3257 σω.

565 3301 716 3348 astro
751 3305 866 3350 tuo.
893 3297 996 3351 Alii
1029 3297 1220 3354 dicunt
1252 3321 1264 3355 :
1294 3301 1446 3356 Bono
1481 3316 1631 3361 astro
1656 3316 1820 3364 natus
1849 3319 1970 3374 est;
2003 3311 2152 3368 unde

567 3387 733 3440 etiam
765 3389 945 3442 omnia
969 3389 1144 3460 ipsius
1179 3402 1328 3448 astro
1359 3395 1568 3452 favent.
1600 3399 1692 3452 Vze
1721 3412 1902 3455 autem
1955 3402 2023 3458 iis
2055 3403 2150 3472 qui

563 3478 682 3533 haec
717 3478 932 3535 dicunt.
967 3481 1166 3540 Multos
1218 3485 1378 3543 video
1406 3489 1470 3542 ad
1509 3491 1678 3546 solem
1715 3500 1768 3546 ct
1803 3492 1990 3548 lunam
2024 3511 2151 3565 pre-

561 3580 776 3634 cantes,
799 3579 853 3626 et
887 3573 988 3628 soli
1017 3575 1071 3628 in
1097 3576 1214 3632 haec
1244 3579 1410 3634 verba
1443 3583 1821 3652 supplicantes
1849 3604 1862 3640 :
1888 3584 2152 3642 Miserere

562 3665 692 3718 mei.
713 3665 803 3720 Va:
828 3675 1008 3722 autem
1042 3670 1170 3725 illis.
1194 3671 1336 3736 Quid
1371 3681 1450 3737 tu,
1485 3676 1676 3731 relicto
1703 3678 1837 3732 solis
1869 3678 2148 3753 eﬁ‘ectore,

563 3758 735 3814 Solem
772 3760 1013 3816 adoras?
1047 3777 1150 3817 non
1181 3776 1398 3835 Oportet
1435 3769 1644 3824 servire
1675 3778 1944 3826 creaturae
1967 3773 2152 3842 potius

561 3864 727 3918 quam
792 3849 1062 3909 Creatori.
1103 3855 1378 3928 Scriptum
1429 3867 1515 3917 est
1573 3861 1721 3915 enim
1769 3881 1784 3918 :
1830 3862 2151 3920 Maledictus

565 3941 747 3994 omnis
786 3943 881 4012 qui
925 3944 1120 4025 adorat
1159 3949 1354 4016 solem,
1403 3959 1458 4006 et
1504 3951 1716 4019 lunam,
1767 3961 1820 4010 et
1858 3955 2067 4023 stellas,
2098 3966 2152 4012 et

562 4031 834 4102 quidquid
860 4034 1009 4088 aliud
1040 4035 1311 4094 factitium
1334 4049 1438 4105 est,
1470 4043 1611 4096 ultra
1647 4043 1938 4102 factorem.
1971 4045 2149 4112 Multi,

563 4123 669 4178 hoc
707 4125 814 4180 sibi
855 4128 1040 4185 animo
1073 4128 1358 4199 ﬁngentes,
1406 4135 1562 4189 aiunt
1598 4137 1786 4190 lunam
1819 4153 1850 4193 e
1879 4139 2020 4195 cmlo
2057 4140 2152 4196 de-

565 4218 852 4274 scendere.
906 4219 1040 4276 Cum
1093 4239 1214 4279 sese
1271 4227 1640 4296 praestigiator
1697 4238 1974 4294 cruentat,
2029 4248 2148 4287 eam

562 4311 706 4366 caelo
734 4311 980 4380 deducit,
1016 4315 1296 4386 inquiunt.
1339 4317 1434 4375 Vae
1468 4319 1578 4376 illis
1635 4324 1728 4392 qui
1780 4324 1896 4380 haec
1931 4326 2149 4381 dicunt.

563 4402 700 4468 Quis
732 4404 861 4460 ullis
891 4409 1183 4478 praestigiis
1244 4411 1298 4464 in
1337 4413 1539 4466 coelum
1574 4414 1756 4483 potuit
1809 4418 2154 4474 ascendere?

562 4492 737 4548 voluit
778 4495 831 4549 id
866 4497 1086 4564 quidem
1130 4499 1320 4556 Simon
1364 4501 1556 4573 Magus
1591 4524 1605 4559 :
1639 4507 1734 4561 sed
1768 4507 1994 4574 cadens,
2024 4525 2153 4564 cor-

2261 3299 2448 3353 Ἀλλοι
2501 3299 2787 3368 λέγουσιντ
2834 3297 3018 3352 Καλοῦ
3056 3297 3262 3370 ἄστρου
3304 3297 3576 3367 ἐγεννήθη,
3601 3296 3659 3350 διὸ
3685 3299 3734 3347 καὶ

2258 3393 2551 3462 συναστρεῖ
2580 3390 2728 3462 αύτῷ
2766 3390 2834 3443 τὰ
2866 3390 3068 3444 πάντα.
3113 3390 3225 3442 Καὶ
3267 3390 3392 3443 οὐαὶ
3415 3390 3520 3452 τοῖς
3549 3388 3654 3442 αύτᾶ
3684 3386 3733 3438 λέ-

2255 3499 2434 3550 γουσι.
2487 3483 2725 3547 Πολλοὺς
2754 3478 2873 3537 οῖδα
2919 3483 3258 3553 εὐχομένους
3291 3483 3372 3545 είς
3395 3481 3484 3534 τὸν
3517 3480 3652 3551 ἥλιον,
3682 3479 3735 3530 καὶ

2253 3574 2352 3646 τὴν
2386 3575 2639 3646 σελήνην,
2683 3576 2776 3628 καὶ
2802 3575 3016 3628 ἱκεσίαν
3065 3573 3442 3645 προσφέρουσι
3467 3570 3538 3642 τῷ
3560 3569 3662 3640 ἡλίῳ
3687 3567 3733 3619 λέ-

2253 3683 2466 3735 γοντες,
2503 3666 2760 3737 Ἐλέησόν
2785 3683 2853 3737 με
2877 3683 2892 3698 ·
2913 3667 3008 3720 καὶ
3039 3665 3160 3720 ούαὶ
3185 3663 3417 3727 τούτοις.
3444 3663 3504 3716 Τί
3522 3661 3662 3732 ἀφιείς
3685 3659 3736 3712 τίν

2254 3757 2487 3828 ποιητὴν
2543 3755 2640 3811 τοῦ
2674 3756 2854 3827 ἡλίου,
2902 3756 2996 3809 τὸν
3038 3755 3191 3827 ἥλιον
3252 3754 3595 3826 προσκυνεῖς;
3626 3748 3736 3803 otiis?

2253 3848 2538 3920 λατρεύειν
2559 3850 2626 3919 τῇ
2661 3848 2840 3901 κτίσει
2871 3846 3025 3919 παρὰ
3063 3846 3154 3900 τὸν
3188 3846 3488 3900 κτίσαντα.
3516 3843 3734 3912 Γέγραπται

2254 3941 2362 4012 γάρ
2381 3957 2394 3970 ·
2444 3938 2885 4011 Ἐπικατάρατος
2918 3939 3026 4003 πᾶς
3055 3938 3386 4010 προσκυνῶν
3412 3936 3500 3990 τὸν
3520 3935 3659 4003 ἥλιον,
3681 3932 3734 3981 n‘:

2251 4034 2353 4093 τὴν
2407 4032 2660 4102 σελήνην,
2712 4033 2807 4086 καὶ
2851 4033 2981 4096 τοὺς
3025 4030 3269 4101 ἀστέρας
3293 4069 3308 4094 ,
3349 4029 3440 4083 καὶ
3475 4027 3522 4081 εί
3546 4044 3588 4080 τι
3618 4025 3737 4093 ἕτεραι

2255 4125 2467 4196 ποίημα
2518 4123 2673 4196 παρὰ
2719 4123 2811 4178 τὸν
2877 4124 3131 4194 ποιητήν.
3185 4122 3380 4176 Πολλοὶ
3442 4118 3737 4192 φανταζόμενα

2252 4217 2470 4285 λέγουσι
2492 4216 2591 4287 τὴν
2615 4215 2845 4287 σελήνην
2865 4212 3456 4285 κατέρχεσθαι.⁸’οταν,
3473 4210 3628 4280 φασὶν,
3648 4206 3739 4273 ἐξαι-

2258 4307 2526 4377 ματοῦται
2567 4307 2854 4378 ἄνθρωπος
2909 4306 3361 4376 καταγοητεύσας
3388 4303 3544 4372 αὐτὴν
3575 4295 3739 4364 καταφέ-

2257 4416 2360 4470 ρει.
2406 4399 2518 4453 Καὶ
2555 4398 2679 4453 οὐαὶ
2732 4399 2846 4461 τοῖς
2896 4397 3072 4450 ταῦτα
3123 4397 3397 4466 λέγουσιν.
3449 4394 3535 4458 Τίς
3576 4387 3739 4460 ἠδυνήθη

2253 4489 2705 4560 καταγοητεύσας
2747 4487 3066 4543 ἀναϐαίνειν
3115 4490 3196 4551 είς
3244 4487 3501 4558 ούρανόν;
3543 4478 3737 4552 ἠϐουλήθη

563 4598 697 4654 pore
730 4594 844 4640 toto
875 4584 1084 4644 fractus
1111 4599 1218 4645 est.
1251 4589 1420 4647 Nemo
1437 4593 1607 4661 enim,
1635 4612 1734 4651 nec.
1761 4613 2013 4666 parvum,
2047 4616 2146 4656 nec

2257 4584 2439 4654 Σίμων
2486 4585 2515 4637 ὁ
2571 4583 2764 4653 μάγος,
2797 4581 2936 4637 ἀλλὰ
2968 4581 3151 4635 πεσὼν
3187 4581 3468 4654 διερρἁη.
3495 4575 3647 4638 Οὐδεὶς
3672 4570 3737 4640 γὰρ

563 4691 824 4748 magnum
861 4681 982 4735 caeli
1020 4682 1174 4739 sidus
1201 4685 1340 4740 valet
1372 4688 1685 4743 convellere
1733 4707 1747 4743 :
1790 4691 1994 4760 quippe
2022 4706 2147 4746 cum

561 4783 624 4822 ea
664 4768 808 4827 Deus
839 4772 1045 4829 virtute
1079 4790 1178 4830 sua
1215 4775 1549 4834 fundaverit.
1599 4780 1768 4834 Aiunt
1797 4797 2018 4838 rursum
2050 4799 2150 4838 nu-

561 4859 659 4915 bes
692 4872 748 4917 et
797 4865 1015 4933 pluvias
1042 4881 1070 4920 a
1108 4869 1607 4940 praestigiatoribus
1637 4873 1830 4928 deduci
1866 4893 1878 4929 :
1916 4875 1967 4928 id
2001 4876 2148 4944 quod

561 4952 722 5005 etiam
748 4969 888 5009 vane
915 4957 984 5010 ab
1011 4959 1146 5027 ipsis
1176 4960 1396 5017 dicitur.
1423 4961 1627 5032 Ecquis
1654 4964 1800 5017 enim
1833 4966 2147 5019 mortalium

563 5043 657 5107 sit,
694 5045 786 5113 qui
823 5045 912 5100 Dei
945 5049 1258 5112 mandatum
1300 5055 1593 5126 praestigiis
1644 5055 1770 5111 ullis
1802 5047 1969 5126 queat
1995 5073 2150 5112 aver-

562 5134 724 5188 tere?
773 5133 961 5193 Nubes
1015 5139 1161 5193 enim
1219 5141 1312 5199 Dei
1361 5145 1520 5214 jussu
1560 5147 1805 5218 pluviam
1849 5148 1904 5203 in
1941 5156 2147 5205 terram

564 5222 822 5280 fundunt.

563 5334 820 5418 TIT._\'I.
851 5370 919 5379 -
953 5339 1190 5420 Deme,
1226 5353 1274 5397 et
1302 5347 1494 5420 utuide
1526 5348 1659 5420 hoc:
1695 5357 1744 5403 et
1777 5351 1915 5420 quod
1945 5367 2062 5413 nor,
2087 5370 2149 5406 ac

660 5411 764 5463 vita
788 5421 994 5475 nostra,
1026 5414 1080 5464 in
1117 5413 1462 5471 distractione
1482 5427 1529 5471 et
1561 5418 1741 5474 labore
1785 5411 2076 5475 bersamur.

636 5587 767 5642 Gen.
797 5604 875 5651 Ill,
911 5591 997 5648 16,
1034 5624 1094 5636 —
1133 5613 1152 5647 ι
1193 5593 1256 5650 Et
1289 5595 1432 5650 dixit
1467 5596 1682 5650 mulieri
1725 5615 1739 5652 :
1775 5597 2148 5668 Multiplicans

563 5667 944 5750 multiplicabo
977 5699 1249 5740 aerumnas
1272 5693 1326 5742 et
1359 5695 1666 5756 conceptus
1698 5694 1844 5744 tuos.
1867 5688 1922 5742 In
1945 5689 2151 5744 dolori-

562 5770 669 5824 bus
704 5772 886 5841 paries
938 5775 1104 5844 ﬁlios,
1131 5784 1185 5831 et
1213 5778 1279 5831 ad
1331 5778 1514 5833 virum
1567 5781 1671 5834 erit
1704 5781 2000 5836 conversio
2036 5788 2148 5846 tua,

565 5868 619 5916 et
642 5862 760 5932 ipse
786 5865 1159 5925 dominabitur
1183 5877 1282 5923 tm.
1318 5888 1337 5919 ι

2257 4677 2480 4730 δύναται
2515 4676 2574 4729 ού
2602 4675 2822 4747 μικρὸν,
2851 4675 2914 4728 οὺ
2958 4674 3101 4746 μέγα
3149 4673 3411 4728 σαλεῦσαι
3444 4674 3614 4739 ἄστρον
3630 4666 3738 4734 ούρα-

2257 4769 2374 4835 νοῦ,
2403 4769 2439 4823 δι
2484 4769 2511 4820 δ
2539 4768 2676 4832 Θεὸς
2714 4771 2782 4840 τῇ
2835 4768 2944 4839 ἰδίᾳ
2979 4768 3211 4840 δυνάμει
3263 4757 3739 4839 ὲθεμελίωσεν.Πάλιν

2257 4861 2311 4913 δὲ
2360 4860 2642 4928 λέγουσιν,
2708 4859 2793 4913 ὃτι
2850 4859 3081 4929 νεφέλας
3142 4859 3239 4913 καὶ
3292 4857 3476 4948 ὑετοὺς
3515 4851 3739 4948 παράγοξξε

2260 4951 2456 5022 γόητες
2515 4949 2822 5022 ἄνθρωποι,
2886 4951 2983 5004 καὶ
3033 4948 3195 5003 τοῦτο
3247 4942 3647 5020 ματαιολογοῦσι.
3680 4936 3738 4994 Τίς

2258 5043 2562 5114 ἀνθρώπων
2615 5042 2842 5097 δύναται
2913 5042 3247 5113 πρόσταγμα
3305 5039 3436 5094 Θεοῦ
3487 5029 3738 5126 ἀποστρέψαξ

2259 5135 2546 5207 γοητείᾳ;
2623 5134 2692 5188 τὰ
2743 5135 2852 5206 γὰρ
2921 5136 3060 5207 νέφη
3122 5135 3268 5190 κατὰ
3326 5129 3595 5207 πρόσταξιν
3653 5122 3739 5175 Θεοῦ

2259 5227 2513 5298 ἐκχέουσι
2539 5228 2631 5282 τὸν
2669 5229 2826 5282 ὑετὸν
2851 5229 2948 5282 ἐπὶ
2980 5229 3079 5299 τῆς
3103 5229 3225 5298 γῆς.

2259 5345 2447 5399 ΤΙΤΔ.
2489 5347 2580 5412 φ.
2620 5375 2693 5387 --
2730 5345 2870 5413 Περὶ
2927 5345 3034 5399 τοῦ
3079 5345 3247 5409 βίου,
3294 5333 3738 5413 καίῃτοῦβὸίζίιξξίῗ

2328 5399 2546 5469 τούτοὺ
2567 5430 2581 5444 °
2628 5415 2728 5470 καὶ
2781 5399 2868 5468 ὅέι
2923 5415 2992 5469 ἐν
3039 5399 3431 5484 πὶρισέτασμῷ
3481 5407 3566 5462 καὶ
3602 5399 3739 5474 μόχθῳ

2221 5544 2226 5546 _
2330 5486 2428 5539 καί
2474 5485 2668 5554 ἡμεῖς,
2707 5484 2809 5542 καὶ
2835 5488 2880 5538 όν
2905 5486 3047 5552 ,ϐίος
3083 5485 3270 5556 ἡμῶν.

2337 5619 2355 5652 t
2397 5600 2508 5655 Kal
2535 5603 2601 5672 τῇ
2643 5601 2866 5670 γυναικὶ
2913 5595 3067 5655 εἶπεν
3087 5617 3102 5630 ο
3131 5597 3420 5667 Πληθύνων
3447 5584 3657 5688 mndavi?
3676 5577 3735 5688 τξς

2257 5689 2437 5755 λύπας
2458 5692 2553 5746 καὶ
2577 5692 2669 5746 τὸν
2695 5693 3002 5763 στεναγμόν
3030 5710 3146 5746 σου.
3185 5692 3271 5744 Ἐν
3287 5688 3474 5750 λύπαις
3489 5683 3733 5779 τέξὶλιτέξνῗξ

2259 5783 2353 5835 καὶ
2378 5784 2514 5851 πρὸς
2545 5783 2637 5837 τὸν
2670 5784 2840 5856 ἄνδρα
2871 5758 2964 5838 σου
2995 5785 3027 5856 ἡ
3058 5781 3372 5854 ἀποστροφή
3407 5794 3510 5842 σου,
3535 5769 3610 5826 καὶ
3630 5758 3733 5820 αὐτός

2263 5891 2356 5926 σου
2391 5874 2672 5938 κυριεύσει
2727 5895 2745 5927 ι
