3960 6410
257 297 392 364 1231

1529 299 1770 360 ΒΑΕΒΑ
1809 299 2278 361 PARALLELA.

3390 299 3412 364 1
3423 301 3528 365 28:?

333 433 355 468 ι
393 415 674 485 Ἕγκειται
705 416 740 488 ἡ
765 413 973 470 διάνοια
993 415 1089 470 τοῦ
1115 411 1408 485 ἀνθρώπου
1435 413 1719 486 ἐπιμελῶς
1741 415 1831 469 ἐπὶ

2009 420 2146 476 Gen.
2195 431 2318 480 vm,
2369 415 2458 471 12.
2499 445 2568 457 -
2601 435 2619 469 ι
2655 405 2865 474 Sensus
2906 423 2962 472 ct
2991 414 3253 487 cogitatio
3291 417 3530 477 hominis

253 507 324 561 τὰ
350 507 564 578 πονηρά
595 507 661 560 ὲκ
687 507 962 576 νεότητος.
1005 524 1024 558 ι

328 618 348 651 ι
381 597 620 668 Πότερον
641 599 764 668 οὐχὶ
783 597 1145 670 πειρατήριόν
1169 597 1322 650 ἐστιν
1343 598 1371 652 ὁ
1397 595 1512 667 βίος
1543 597 1839 670 ἀνθρώπου

251 690 346 743 ἐπὶ
375 690 474 759 τῆς
500 688 636 759 γῆς;
687 707 705 740 ι

330 799 348 833 ι
387 778 780 850 Περισπασμὸν
822 774 1062 849 πονηρὸν
1096 778 1297 830 ἔδωκεν
1322 778 1350 831 ό
1386 775 1520 840 Θεὸς
1543 778 1659 841 τοῖς
1703 778 1840 842 υίοῖς

245 873 362 928 τῶν
391 871 714 944 ἀνθρώπων,
744 871 841 924 τοῦ
871 869 1243 941 περισπᾶσθαι
1275 871 1334 922 ὲν
1363 869 1531 940 αὐτῷ.
1567 888 1586 921 ι

327 982 348 1016 ι
386 963 713 1034 Συνάψτημα
769 961 842 1014 ἓν
883 961 960 1032 τῷ
1005 961 1200 1032 δικαίῳ
1238 963 1334 1014 καὶ
1372 961 1450 1032 τῷ
1496 959 1706 1027 ἀσεϐεῖ,
1760 959 1840 1032 τῷ

247 1053 445 1125 ἁγαθῷ
473 1057 569 1108 καὶ
591 1055 670 1125 τῷ
696 1052 876 1124 κακῷ,
899 1053 978 1124 τῷ
1009 1051 1237 1123 καθαρῷ
1267 1053 1362 1106 καὶ
1390 1051 1471 1123 τῷ
1513 1051 1838 1123 ἀκαθάρτῳ,

245 1147 330 1219 τῷ
359 1145 669 1210 θυσιάζοντι
699 1147 796 1199 καὶ
831 1145 910 1216 τῷ
943 1143 1356 1216 μὴ’θυσιάζοντι
1381 1161 1398 1177 ο
1420 1144 1498 1208 ὡς
1532 1149 1562 1198 ὁ
1608 1144 1838 1213 ἀγαθὸς,

238 1243 275 1294 ὁ
311 1237 672 1310 ἁμαρτάνων·
715 1236 791 1302 ὡς
829 1235 1067 1307 ὀμνύων,
1116 1233 1304 1297 καθὼς
1341 1236 1369 1288 ό
1403 1235 1494 1287 τὸν
1541 1235 1705 1304 ὅρκον
1740 1250 1838 1303 φο-

237 1332 536 1402 ϐούμενος.
569 1330 743 1384 Τοῦτο
769 1329 1006 1400 πονηρὸν
1036 1331 1096 1382 ὲν
1127 1328 1296 1381 παντὶ
1343 1327 1703 1398 πεποιημένῳ
1733 1328 1838 1381 ὑπὸ

235 1424 338 1479 τὸν
367 1424 540 1494 ἥλιον,
572 1423 656 1476 ὅτι
687 1421 1008 1491 συνάντημα
1029 1419 1088 1472 ἓν
1117 1421 1231 1481 τοῖς
1262 1421 1452 1472 πᾶσιν.
1497 1438 1516 1470 ι

328 1535 346 1568 ι
385 1517 499 1569 Οὐκ
533 1513 680 1567 ἐστιν
707 1513 958 1584 ἀλήθεια,
993 1512 1118 1565 οὐδὲ
1157 1511 1330 1574 ἔλεος,
1375 1511 1498 1564 οὐδὲ
1543 1511 1838 1581 ἐπίγνωσις

237 1607 384 1662 Θεοῦ
423 1609 516 1660 ὲπὶ
536 1606 636 1676 τῆς
661 1605 784 1676 γῆς.
834 1603 993 1675 Ἀρὰ,
1025 1604 1122 1656 καὶ
1141 1602 1364 1672 ψεῦδος,
1393 1605 1493 1656 καὶ
1524 1603 1708 1672 φόνος,
1741 1605 1837 1658 καὶ

240 1695 447 1767 κλοπὴ,
480 1695 572 1749 καὶ
605 1695 825 1764 μοιχεία
848 1691 1144 1762 ἐκκέχυται
1171 1691 1266 1744 ἐπὶ
1291 1692 1389 1762 τῆς
1413 1692 1538 1760 γῆς.
1574 1710 1593 1744 ι

327 1892 347 1925 ι
399 1871 532 1926 ’Λπδ
559 1870 853 1942 φοροῦντος
877 1866 1136 1923 ὑάκινθον
1157 1868 1250 1922 καὶ
1282 1864 1570 1937 στέφανον,
1603 1865 1712 1930 ’ἑως
1741 1883 1839 1935 φο-

243 1966 471 2038 ροῦντος
522 1964 808 2035 ὠμόλινον,
839 1963 1035 2033 θυμὸς,
1085 1962 1180 2016 καὶ
1211 1960 1406 2031 ζῆλος,
1461 1960 1557 2014 καὶ
1593 1961 1835 2033 ταραχὴ,

238 2060 342 2112 καὶ
391 2058 571 2124 σάλος,
605 2057 700 2110 καὶ
752 2055 918 2126 φόϐος
964 2053 1222 2122 θανάτου,
1263 2055 1360 2110 καὶ
1402 2055 1654 2126 μήνισμα
1679 2096 1694 2122 ,
1742 2057 1838 2111 καὶ

241 2149 390 2221 ιρις.
430 2169 449 2200 ι

323 2343 346 2377 ι
385 2324 499 2378 Οὐκ
525 2323 726 2387 οίδατε,
770 2323 854 2376 ὅτι
897 2322 931 2394 ἡ
967 2321 1122 2392 φιλία
1158 2319 1254 2376 τοῦ
1300 2322 1510 2394 κόσμου
1543 2322 1714 2394 ἔχθρα
1740 2311 1836 2377 τοῦ

234 2412 385 2468 Θεοῦ
413 2415 590 2479 έστινς
617 2413 678 2474 ὃς
698 2412 796 2466 ἐὰν
822 2413 1059 2484 βουληθῇ
1091 2412 1250 2482 φίλος
1301 2409 1443 2466 εἶναι
1473 2414 1569 2468 τοῦ
1597 2416 1834 2486 κόσμου,

235 2505 444 2576 ἐχθρὸς
474 2503 568 2558 τοῦ
595 2503 734 2557 Θεοῦ
762 2504 1113 2560 καθίσταται.
1164 2522 1185 2556 ›

319 2615 342 2650 ι
385 2595 477 2667 Μὴ
503 2597 754 2664 ἀγαπᾶτε
775 2596 866 2650 τὸν
895 2596 1121 2666 κόσμον,
1158 2595 1296 2666 μηδὲ
1333 2594 1403 2648 τὰ
1425 2595 1484 2649 ἐν
1510 2595 1589 2666 τῷ
1614 2597 1834 2668 κόσμῳ.

250 2687 388 2743 Ἐάν
413 2705 493 2751 τις
522 2689 714 2757 ἀγαπᾷ
742 2687 837 2740 τὸν
879 2685 1107 2756 κόσμον,
1137 2688 1239 2740 οὐκ
1280 2686 1430 2740 ἔστιν
1455 2689 1488 2759 ὴ
1513 2688 1705 2759 ἀγάπη
1739 2690 1835 2742 τοῦ

231 2779 465 2851 Πατρὸς
492 2781 550 2832 ἐν
571 2778 721 2848 αὐτῷ
741 2793 756 2809 ’
787 2779 870 2831 ὃτι
907 2778 1016 2830 πᾶν
1048 2777 1109 2828 τὸ
1138 2778 1198 2828 έν
1227 2776 1307 2846 τῷ
1335 2777 1546 2848 κόσμῳ,
1582 2781 1615 2849 ή
1647 2780 1838 2833 ἐπιθυ-

1944 522 2115 578 prona
2146 517 2278 564 sunt
2301 507 2368 562 ad
2405 507 2608 564 malum
2641 509 2710 564 ab
2731 509 3104 565 adolescentia
3131 522 3253 564 sua.
3291 526 3312 560 ι

1932 582 1946 596 ’
2010 596 2135 652 Jac.
2179 614 2277 663 vn,
2314 598 2368 652 1.
2398 627 2470 637 -
2515 617 2534 650 ι
2569 597 2832 668 Nunquid
2865 615 2974 653 non
3024 598 3256 654 tentatio
3302 605 3387 654 est
3419 597 3530 654 vita

1941 689 2181 745 hominis
2213 703 2380 759 super
2407 695 2612 744 terram
2643 687 2667 740 ?
2695 705 2714 739 ι

2014 780 2189 833 Eccli.
2223 795 2375 846 χχιι,
2409 778 2496 834 l5.
2529 808 2599 820 -—
2642 797 2660 830 ι
2695 777 3128 848 Occupationem
3153 778 3354 832 malam
3382 776 3532 832 dedit

1941 869 2087 926 Deus
2126 869 2255 925 ﬁliis
2286 869 2594 934 hominum,
2622 878 2681 923 ut
2703 877 3052 938 occupentur
3084 873 3138 923 in
3174 884 3261 924 ea.
3293 889 3312 920 ι
3375 871 3381 875 ’

2012 960 2192 1014 Eccle.
2225 975 2302 1027 is,
2337 962 2391 1027 5,
2414 960 2545 1014 4.-
2580 980 2598 1013 ι
2628 962 2872 1016 Eventus
2900 975 3045 1016 unus
3068 961 3220 1031 justo
3249 969 3304 1016 et
3339 961 3529 1032 impio,

1940 1050 2091 1108 bono
2117 1059 2170 1106 ct
2222 1052 2390 1116 mulo,
2437 1051 2644 1107 mundo
2693 1061 2746 1107 et
2795 1052 3029 1122 polluto,
3086 1052 3429 1106 sacriﬁcanti
3477 1062 3532 1106 et

1940 1157 2051 1196 non
2085 1141 2446 1196 sacrilicanti.
2503 1140 2594 1194 Sic
2633 1140 2836 1204 bonus,
2878 1148 2936 1194 ut
2981 1149 3281 1206 peccator:
3323 1140 3403 1194 sic
3440 1139 3531 1207 ju-

1939 1243 2092 1294 rans,
2131 1229 2276 1284 sicut
2310 1229 2678 1299 iuramentum
2721 1230 2943 1282 timens.
2975 1227 3087 1281 Hoc
3123 1237 3207 1282 est
3235 1230 3529 1297 pessimum

1941 1320 1998 1376 in
2025 1322 2172 1377 omni
2225 1319 2376 1390 quod
2425 1319 2627 1374 factum
2657 1329 2742 1376 cst
2789 1321 2894 1375 sub
2950 1319 3085 1384 sole,
3116 1319 3263 1390 quod
3297 1327 3529 1374 eventus

1939 1426 2087 1466 unus
2124 1411 2384 1466 omnibus
2425 1411 2519 1465 sit.
2555 1429 2575 1461 ι

2013 1499 2147 1556 Osee
2193 1517 2270 1568 tv,
2305 1504 2361 1558 2.
2409 1534 2480 1545 --
2522 1522 2542 1555 ι
2575 1501 2693 1557 Non
2726 1510 2810 1558 est
2838 1502 3068 1568 veritas,
3101 1517 3278 1571 neque
3312 1501 3530 1556 miseri-

1938 1593 2151 1659 cordia,
2183 1609 2357 1662 nequc
2387 1595 2621 1650 scientia
2643 1595 2739 1648 Dei
2765 1610 2930 1663 super
2953 1604 3176 1648 terram.
3197 1592 3526 1657 Maledictio,

1943 1695 1998 1738 et
2033 1686 2402 1752 mendacium,
2441 1695 2496 1740 et
2530 1686 2914 1750 homicidium,
2939 1694 2994 1739 ct
3027 1685 3258 1747 furtum,
3285 1696 3340 1740 et
3372 1684 3531 1738 adul-

1872 1781 1916 1836 B
1946 1777 2140 1830 tcrium
2167 1777 2400 1833 eﬁ‘usum
2432 1784 2516 1832 est
2555 1792 2721 1846 super
2751 1788 2973 1831 terram.
3012 1794 3030 1826 ι

2013 1866 2182 1919 Eccli.
2217 1883 2306 1932 η,
2339 1867 2396 1928 4,
2425 1866 2482 1920 5.
2507 1895 2578 1907 —
2605 1867 2766 1937 392
2803 1884 2822 1916 ι
2859 1867 2942 1920 Ab
2974 1881 3039 1920 eo
3067 1864 3159 1934 qui
3194 1864 3368 1918 utitur
3395 1862 3530 1932 hya-

1939 1956 2155 2022 cintho,
2187 1967 2243 2012 et
2277 1967 2461 2028 portat
2487 1972 2772 2024 coronam,
2803 1973 2980 2027 usque
3007 1957 3074 2010 ad
3104 1971 3230 2011 eum
3267 1955 3362 2025 qui
3399 1969 3530 2024 Ope-

1939 2050 2084 2104 ritur
2132 2050 2244 2103 lino
2275 2050 2470 2114 crudo,
2525 2049 2679 2104 furor
2715 2056 2772 2103 et
2828 2051 3001 2115 zelus,
3043 2055 3100 2103 et
3142 2048 3435 2109 tumultus,
3472 2052 3530 2100 et

1939 2141 2253 2205 ﬂuctuatio,
2284 2151 2340 2196 et
2368 2141 2532 2194 timor
2575 2141 2791 2206 mortis,
2823 2139 3107 2195 iracundia
3143 2154 3527 2210 perseverans,

1937 2240 1996 2286 et
2027 2232 2332 2288 contentio.
2365 2250 2384 2283 ι

2007 2324 2130 2378 Jac.
2161 2341 2233 2389 IV,
2257 2325 2312 2383 4.
2337 2355 2409 2365 -
2445 2343 2465 2376 ‹
2505 2327 2587 2379 An
2637 2325 2865 2380 nescitis
2887 2327 3016 2395 quia
3043 2324 3284 2380 amicitia
3315 2325 3528 2390 mundi,

1939 2415 2232 2469 inimicitia
2260 2424 2347 2471 est
2381 2415 2474 2470 Dei
2493 2417 2517 2469 ?
2536 2416 2631 2486 qui
2662 2417 2904 2472 voluerit
2929 2418 3141 2472 amicus
3166 2431 3290 2471 esse
3317 2417 3529 2481 mundi,

1939 2504 2202 2560 inimicus
2231 2503 2324 2560 Dei
2354 2507 2735 2561 constituitur.
2770 2526 2790 2558 ι

2011 2595 2042 2650 Ι
2071 2596 2237 2651 Joan.
2269 2613 2331 2664 Il,
2363 2598 2551 2652 1547.
2589 2628 2662 2638 —
2708 2617 2728 2650 ι
2763 2599 2942 2653 Nolite
2973 2599 3208 2668 diligere
3238 2599 3528 2665 mundum,

1938 2702 2119 2757 neque
2152 2703 2215 2742 ea
2249 2703 2372 2757 qua:
2403 2689 2458 2742 in
2486 2689 2694 2744 mundo
2732 2698 2882 2744 sunt.
2917 2689 2974 2743 Si
3005 2690 3134 2760 quis
3154 2691 3335 2760 diligit
3369 2706 3532 2744 mun-

1937 2775 2094 2838 dum,
2131 2791 2244 2829 non
2302 2785 2387 2831 est
2418 2776 2662 2832 Charitas
2692 2776 2872 2832 Patris
2926 2779 2984 2832 in
3026 2793 3092 2832 eo
3135 2797 3148 2832 :
3203 2779 3332 2848 quia
3367 2794 3530 2834 omne

231 2871 350 2941 μία
378 2873 478 2944 τῆς
511 2870 736 2942 σαρκὸς,
768 2871 916 2940 καὶὴ
950 2867 1220 2938 ἐπιθυμία
1245 2867 1354 2921 τῶν
1375 2868 1694 2939 ὀφθαλμῶν,
1738 2872 1831 2923 καὶ

1950 2868 2084 2937 μιοά
2115 2877 2202 2922 εει
2236 2868 2290 2921 in
2342 2869 2575 2935 mundo,
2605 2881 2689 2924 est
2739 2871 3194 2940 concupiscentia
3231 2872 3440 2935 carnis,
3473 2881 3530 2927 ct

215 2967 267 3035 ἡ
303 2965 604 3030 ἀλαζονεία
642 2962 738 3016 τοῦ
767 2962 887 3033 βίου
909 3001 924 3026 ,
959 2961 994 3033 ἢ
1025 2962 1126 3015 οὐκ
1155 2960 1307 3014 ἐστιν
1353 2961 1418 3013 ὲκ
1466 2959 1560 3014 τοῦ
1597 2961 1831 3033 Πατρὸς,

1950 2959 2395 3030 concupiscentia
2457 2961 2768 3026 oculorum,
2816 2971 2871 3015 et
2924 2963 3180 3032 superbia
3212 2964 3360 3028 vita},
3408 2979 3530 3034 quae

214 3055 362 3109 ἀλλ’
391 3057 458 3109 ὲκ
479 3055 574 3109 τοῦ
611 3055 822 3125 κόσμου
867 3051 1037 3106 ἐστίν.
1079 3051 1190 3106 Καὶ
1219 3051 1250 3103 ό
1306 3051 1514 3122 κόσμος
1552 3053 1821 3124 παράγει,

1950 3067 2048 3105 non
2080 3059 2166 3107 εει
2206 3067 2273 3106 ex
2318 3049 2502 3124 Patre,
2557 3052 2653 3108 sed
2701 3068 2766 3108 ex
2803 3055 3008 3108 mundo
3046 3065 3150 3110 est.
3187 3055 3253 3108 Et
3287 3057 3528 3110 mundus

215 3149 342 3202 καὶ
374 3150 408 3220 ἡ
439 3147 707 3219 ἐπιθυμία
753 3143 940 3201 αὐτοῦ.
978 3145 1038 3197 '0
1066 3144 1123 3197 δὲ
1178 3143 1350 3198 ποιῶν
1399 3145 1465 3198 τὸ
1496 3144 1715 3216 θέλημα
1733 3143 1829 3199 τοῦ

1950 3145 2139 3198 transit
2169 3152 2226 3198 et
2253 3144 2704 3214 concupiscentia
2727 3144 2870 3214 ejus.
2904 3143 3010 3212 Qui
3044 3157 3227 3202 autem
3268 3146 3399 3201 facit
3429 3162 3528 3202 vo-

215 3243 406 3308 Θεοῦ,
433 3243 587 3314 μένει
615 3244 697 3306 είς
718 3241 809 3294 τὸν
833 3238 1026 3294 αἰῶνα,
1071 3257 1090 3291 ι
1393 3252 1395 3255 '

1950 3239 2208 3290 luntatem
2241 3235 2356 3302 Dei,
2388 3249 2573 3292 manet
2596 3238 2650 3291 in
2675 3247 2962 3293 teternum.
2997 3257 3016 3290 ι

309 3334 756 3396 Πολυστένακτος
773 3333 803 3385 ό
822 3331 937 3402 βίος
954 3329 1132 3400 ἡμῶν,
1148 3330 1243 3384 καὶ
1264 3329 1571 3401 κατηφείας
1595 3331 1830 3404 πλήρης.

2006 3325 2130 3382 Vita
2186 3335 2378 3383 nostra
2419 3329 2720 3398 gemitibus
2783 3332 2972 3386 multis
3020 3331 3259 3386 obnoxia
3313 3341 3424 3396 εει,
3473 3343 3528 3389 ει

1935 3416 2193 3471 maeroris
2230 3417 2415 3486 plena.

322 3517 388 3571 '0
419 3515 626 3586 κόσμος
652 3505 810 3578 οὗτος
847 3510 1282 3584 προηγουμένως
1323 3509 1424 3582 μὲν
1460 3509 1831 3565 διδασκαλεῖον

2005 3508 2177 3563 Basil.
2207 3511 2367 3564 Hom.
2407 3509 2432 3563 1
2467 3509 2522 3563 in
2552 3508 2684 3565 Gen.
2736 3539 2808 3549 —
2835 3507 3074 3566 Mundus
3118 3511 3228 3578 hic,
3285 3514 3526 3583 primum

209 3609 342 3664 καὶ
384 3607 773 3678 παιδευτήριον
813 3603 924 3657 τῶν
972 3603 1333 3673 ἀνθρωπίνων
1386 3601 1579 3673 ψυχῶν
1637 3603 1827 3656 ἐστιν·

206 3702 439 3755 ἔπειτα
472 3699 657 3771 μέντοι
699 3697 795 3752 καὶ
824 3694 973 3759 ἅπαξ
1011 3693 1198 3758 ἁπλῶς
1240 3693 1350 3747 τῶν
1382 3696 1442 3748 έν
1487 3695 1705 3764 γενέσει
1735 3694 1834 3748 καὶ

207 3792 424 3865 φθορᾷ
488 3789 794 3860 ἐπιτήδειον
853 3785 1197 3856 ἐνδιαίτημα.
1258 3785 1525 3858 Συμφυὴς
1591 3785 1701 3858 ἄρα
1751 3784 1832 3856 τῷ

202 3887 458 3956 κόσμῳ,
503 3883 746 3946 καὶτοῖς
791 3883 850 3934 έν
895 3878 1045 3950 αὑτῷ
1073 3878 1237 3943 ζώοις
1285 3895 1347 3932 τε
1388 3881 1486 3933 καὶ
1539 3881 1748 3949 φυτοῖς,
1788 3880 1822 3950 ἡ

203 3979 439 4053 χρόνου
467 3975 700 4043 διέξοδος
730 3970 1322 4066 ἐπέστηκὲπειγομένη
1353 3971 1461 4035 ἀεὶ,
1492 3971 1592 4026 καὶ
1615 3974 1830 4045 παραρ-

205 4072 470 4146 ρέουσα,
504 4069 599 4124 καὶ⁸
634 4065 900 4140 μηδαμῶς
929 4063 1212 4137 παυομένη
1240 4066 1337 4118 τοῦ
1375 4063 1612 4137 δρόμου.

1937 3601 2158 3672 quidem
2183 3603 2551 3656 humanorum
2584 3601 2894 3658 animorum
2927 3604 3120 3660 schola
3154 3607 3528 3676 gymnasium-

1935 3707 2043 3764 que
2067 3699 2152 3748 est
2183 3711 2197 3748 :
2233 3699 2463 3764 tumque
2509 3701 2565 3747 et
2593 3708 2706 3747 uno
2745 3696 2942 3760 verbo,
2974 3705 3162 3766 aptum
3205 3712 3397 3750 eorum
3429 3697 3528 3750 do-

1935 3783 2208 3839 micilium
2249 3783 2344 3853 qui
2396 3784 2452 3838 in
2483 3783 2839 3854 generatione
2865 3795 2918 3840 et
2944 3787 3303 3858 corruptione
3333 3798 3523 3858 agunt.

1935 3876 2211 3944 Quocirca
2249 3877 2512 3946 temporis
2542 3877 2887 3932 curriculum
2931 3879 3163 3943 mundo,
3211 3889 3380 3950 atque
3405 3883 3527 3935 ani-

1934 3969 2245 4037 mantibus,
2275 3978 2328 4024 et
2351 3968 2624 4040 stirpibus
2645 3984 2768 4040 qua!
2799 3969 2856 4025 in
2884 3973 3092 4027 mundo
3122 3981 3272 4037 sunt,
3295 3973 3525 4042 ingruit,

1935 4073 2241 4131 properans
2275 4072 2494 4128 semper
2539 4065 2597 4114 et
2645 4057 2898 4127 elllu‘ens,
2951 4076 3056 4117 nec
3111 4077 3356 4132 unquam
3400 4078 3527 4117 cur-

1934 4151 2090 4207 rendi
2122 4151 2284 4207 tinem
2316 4149 2544 4208 faciens.

2006 4241 2150 4299 Ibid.
2181 4272 2254 4282 —
2277 4241 2410 4308 Quae
2439 4258 2468 4296 a
2494 4249 2742 4313 tempore
2779 4257 2906 4300 esse
2937 4254 3247 4314 casperunt,
3281 4259 3346 4300 ea
3377 4261 3522 4314 quo-

1933 4349 2038 4406 que
2067 4335 2122 4390 in
2152 4344 2399 4405 tempore
2427 4334 2682 4391 desinere
2728 4351 2961 4394 necesse
3005 4344 3112 4394 est.
3171 4335 3228 4391 Si
3283 4339 3524 4395 mundus

1860 4444 1908 4502 ι)
1937 4428 2240 4498 temporale
2267 4429 2557 4484 exordium
2591 4428 2804 4495 habuit,
2843 4429 2913 4488 de
2957 4428 3066 4485 ﬁne
3092 4429 3230 4485 nihil
3263 4440 3347 4487 εει
3375 4434 3521 4503 quod

1933 4519 2257 4661 du?;::?.—
2284 4604 2524 4662 Mundus
2569 4605 2686 4674 hic,
2743 4614 2800 4663 et
2855 4609 3111 4665 mortalis
3159 4609 3281 4680 ipse
3329 4619 3435 4674 est,
3467 4619 3522 4665 ct

1932 4698 2287 4755 morientium
2313 4700 2490 4770 regio.
2514 4697 2788 4766 Quoniam
2838 4702 2987 4756 enim
3027 4717 3219 4757 eorum
3260 4718 3383 4773 quae
3420 4703 3524 4758 sub

1933 4805 2158 4847 sensum
2208 4790 2438 4856 cadunt,
2470 4791 2778 4861 composita
2833 4792 3146 4848 substantia
3183 4803 3313 4849 est:
3353 4795 3520 4863 quid-

1930 4886 2065 4958 quid
2118 4901 2255 4942 vero
2300 4887 2671 4957 compositum
2706 4894 2813 4953 est,
2859 4886 3004 4942 hanc
3044 4895 3303 4942 naturam
3333 4887 3518 4955 habet,

1933 4989 1995 5035 ut
2021 4979 2397 5046 dissolvatur;
2423 4994 2525 5034 nos
2550 4992 2775 5049 quoque
2805 4979 2900 5048 qui
2934 4981 2990 5034 in
3020 4979 3225 5034 mundo
3258 4980 3517 5044 vivimus,

1929 5079 1985 5126 et
2016 5085 2146 5140 pars
2182 5069 2376 5125 mundi
2415 5083 2632 5136 sumus,
2667 5078 2881 5126 natura
2909 5071 3078 5126 etiam
3109 5071 3298 5126 mundi
3325 5086 3519 5127 sumus

1929 5164 2254 5236 participes.

2002 5255 2061 5311 S.
2094 5255 2280 5340 Basil.\
2312 5256 2470 5325 epist.
2499 5256 2552 5324 1,
2592 5255 2676 5310 Ad
2705 5253 2862 5326 (ἔνθα.
2915 5255 3074 5311 theol.
3098 5287 3170 5296 —-
3194 5254 3328 5310 Eum
3363 5257 3522 5327 equi-

1928 5347 2087 5414 dem,
2135 5349 2233 5419 qui
2292 5347 2632 5404 matrimonii
2690 5348 2934 5404 nondum
2982 5347 3247 5403 astrictus
3284 5347 3519 5403 vinculis

1927 5449 2033 5504 est,
2065 5439 2271 5495 rabidae
2319 5439 2683 5511 cupiditates,
2731 5439 3095 5511 eﬁ‘rcnatique
3150 5441 3414 5510 impetus,
3463 5449 3518 5495 et

1927 5531 2116 5588 miseri
2154 5532 2376 5603 quidam
2417 5545 2636 5589 amores
2686 5533 2993 5603 exagitant.
3031 5531 3165 5586 Eum
3199 5540 3386 5587 autem
3423 5531 3516 5602 qui

1927 5623 2084 5677 uxori
2145 5621 2259 5694 jam
2302 5636 2549 5678 annexus
2589 5629 2694 5687 est,
2748 5622 2889 5677 alter
2925 5637 3188 5678 curarum
3245 5622 3518 5677 tumultus

1925 5713 2131 5785 excipit
2172 5730 2188 5770 :
2236 5713 2294 5770 in
2331 5713 2626 5772 sterilitate
2669 5715 2842 5787 prolis
2875 5715 3240 5782 desiderium,
3289 5715 3343 5770 in
3381 5727 3530 5788 pro-_

307 4252 400 4306 Τὰ
424 4249 531 4306 ἀπὸ
567 4248 763 4321 χρόνου
785 4247 1093 4321 ἀρξάμενα,
1131 4247 1346 4319 ἀνάγκη
1381 4247 1604 4313 πάντως
1635 4250 1734 4305 καὶ
1759 4249 1821 4304 έν

205 4344 423 4419 χρόνῳ
478 4340 871 4397 συντελεῖσθαι.
929 4341 993 4394 El
1033 4339 1211 4422 ἀρχὴν
1239 4339 1354 4412 ἔχει
1405 4340 1691 4414 χρονικὴν,
1752 4342 1828 4415 μὴ

202 4434 564 4509 ἁμφιϐάλῃς
595 4434 726 4507 περὶ
753 4433 850 4488 τοῦ
879 4433 1089 4498 τέλους.

324 4611 386 4665 '0
409 4609 614 4682 κόσμος
645 4604 800 4673 οὗτος
832 4607 994 4672 αὐτός
1020 4609 1082 4663 τέ
1117 4610 1235 4664 ἐστι
1261 4608 1477 4681 θνητὸς,
1506 4610 1602 4665 καὶ
1629 4611 1831 4684 χωρίον

199 4707 722 4779 ἀποθνησκόντων.
768 4705 987 4777 Ἐπειδὴ
1018 4703 1127 4775 γάρ
1171 4703 1426 4770 σύνθετός
1461 4707 1612 4760 ἐστιν
1645 4709 1679 4778 ή
1714 4707 1826 4762 τῶν

196 4799 540 4876 ὁρωμένων
569 4797 846 4862 σύστασις,
870 4797 932 4850 τὸ
955 4795 1014 4849 δὲ
1038 4794 1296 4850 σύνθετον
1321 4796 1470 4851 ἅπαν
1495 4797 1822 4852 διαλύεσθαι

198 4895 511 4964 πέφυκεν,
543 4891 592 4946 οί
645 4892 704 4946 έν
744 4890 824 4963 τῷ
859 4890 1052 4961 κόσμῳ
1079 4889 1305 4955 ζῶντες,
1351 4889 1494 4960 μέρη
1543 4889 1698 4954 ὄντες
1727 4889 1826 4944 τοῦ

198 4988 452 5058 κόσμου
473 5025 490 5050 ,
529 4983 851 5053 ἀναγκαίως
894 4983 995 5054 τῆς
1024 4981 1122 5036 τοῦ
1168 4979 1372 5045 παντὸς
1415 4980 1634 5050 φύσεως
1689 4983 1830 5037 ἀπο-

195 5077 502 5149 λαύομεν.

305 5253 420 5307 Τδν
450 5251 550 5324 μὲν
577 5250 732 5305 οὔπω
755 5251 868 5314 τοῖς
894 5249 1116 5320 δεσμοῖς
1137 5249 1236 5304 τοῦ
1259 5247 1442 5321 γάμου
1466 5249 1830 5319 συνεζευγμέη

194 5365 350 5410 νον,
377 5343 671 5408 λυσσώδεις
704 5341 1019 5413 ἐπιθυμίαι,
1066 5343 1163 5396 καὶ
1205 5343 1379 5414 ὁρμαὶ
1429 5343 1821 5411 δυσκάθεκτοι,

196 5439 331 5499 καὶ
351 5435 559 5508 ἔρωτες
584 5435 890 5507 δυσέρωτες
912 5434 1332 5506 ὲκταράττουσι.
1357 5435 1462 5490 Τὸν
1482 5435 1540 5489 δὲ
1559 5436 1661 5508 ἤδη
1689 5453 1826 5490 κατ-

197 5527 574 5600 ειλημμένον
625 5527 882 5599 όμοζύγῳ
931 5527 1119 5600 ἕτερος
1149 5526 1379 5599 θόρυϐος
1420 5527 1531 5582 τῶν
1598 5529 1824 5601 φροντί-

198 5629 342 5682 δων
382 5619 663 5691 ἐκδέχεται
687 5636 703 5652 ·
733 5621 794 5675 ἐν
822 5618 1052 5693 ἀπαιδία
1075 5619 1288 5675 παίδων
1324 5619 1611 5692 ἐπιθυμία,
1660 5623 1720 5676 έν
1755 5624 1822 5695 τῇ

199 5712 437 5783 κτήσει
467 5710 575 5767 τῶν
604 5711 810 5767 παίδων
832 5711 1228 5784 παιδοτροφίας
1261 5711 1527 5784 μέριμνα,
1560 5713 1823 5783 γυναικὸς
