3986 6388
527 282 662 348 1283

1693 275 1752 335 S.
1773 269 2101 336 IOANNIS
2138 270 2571 333 DAMASCENI

3668 272 3775 338 1284

521 399 800 456 creatione
827 373 1148 462 liberorum,
1185 391 1504 449 eorumdem
1531 391 1852 446 alendorum
1889 387 2101 445 sollici-

2211 388 2445 459 φυλακὴ,
2479 390 2629 444 οῐκου
2692 388 3010 460 ἐπιμέλεια,
3069 387 3325 443 οίκετῶν
3362 389 3689 457 προστασίαι,
3731 397 3774 447 al

523 492 678 554 tudo,
714 488 960 544 custodia
990 486 1203 550 uxoris,
1239 483 1560 553 procuratio
1605 480 1825 545 domus,
1859 477 2098 532 famulo-

521 599 641 636 rum
676 595 829 644 cura,
853 579 1050 633 damna
1078 577 1133 630 in
1161 573 1565 638 contractibus,
1617 571 1752 626 rixae
1792 584 1919 625 cum
1955 569 2100 624 vici-

523 673 630 736 nis,
693 670 939 724 forenses
995 664 1327 730 conﬂictus,
1381 661 1772 733 negotiationis
1834 659 2097 729 pericula,

522 762 874 831 agriculturae
910 759 1148 813 labores.
1181 754 1375 822 Quivis
1419 755 1537 810 dies
1587 753 1885 808 adveniens
1941 766 2099 806 suam

522 854 716 908 animm
739 851 1028 922 caliginem
1059 848 1290 903 oﬂ'undit
1321 865 1334 901 :
1378 854 1432 902 et
1479 852 1670 902 noctes
1699 845 1916 900 diurnis
1948 844 2102 899 curis

523 942 917 1008 succedentes,
964 954 1063 1010 per
1101 939 1324 995 easdem
1375 939 1590 1009 species
1634 945 1870 993 mentem
1917 935 2103 991 luditi-

522 1044 743 1091 cantur.

593 1169 732 1224 Nili.
769 1199 841 1209 —
868 1166 1187 1239 Omnigenis
1223 1165 1733 1238 perturbationibus
1758 1171 1812 1222 et
1843 1167 2104 1220 utrumuis

521 1263 725 1318 misera
755 1262 875 1316 ιιι-ο
913 1261 1023 1315 vita
1053 1259 1328 1315 obruitur.

595 1375 872 1444 Chrysosl.
907 1373 1068 1427 Hom.
1093 1373 1148 1426 in
1180 1371 1314 1425 illud
1348 1371 1490 1439 psal.
1537 1383 1792 1424 xxxvnt:
1825 1387 1845 1420 ι
1882 1367 2101 1422 Verum-

523 1475 697 1519 tamen
721 1468 968 1520 univeraa
995 1464 1226 1518 vanitas.
1263 1481 1282 1514 ι
1317 1461 1696 1531 Supposititia.
1718 1460 1942 1525 —Vide,
1971 1461 2105 1514 cha-

522 1556 762 1619 rissitne,
797 1571 979 1610 annon
1014 1570 1104 1610 res
1143 1554 1397 1607 humanae
1450 1566 1599 1606 mare
1638 1549 1956 1618 imitentur;
2006 1565 2106 1604 an-

521 1663 627 1703 non
655 1648 846 1702 eadem
879 1645 1300 1717 perturbatione
1339 1645 1453 1699 vita
1487 1644 1648 1714 plena
1683 1644 1794 1710 sit;
1834 1659 2014 1698 annon
2049 1644 2102 1698 in

2201 480 2343 533 κατὰ
2376 479 2446 533 τά
2472 479 2780 548 συμϐόλαια
2817 482 3046 549 βλάϐαι,
3085 482 3144 534 el
3184 479 3336 550 πρδς
3383 479 3514 542 τοὺς
3569 482 3778 546 γείτονας

2201 570 2651 640 διαπληκτισμοὶ,
2691 571 2750 623 αἱ
2791 574 2852 625 ἐν
2877 575 2992 636 τοῖς
3037 569 3449 642 δικαστηρίοις
3489 573 3776 642 συμπλοκαὶ,

2202 663 2299 715 καὶ
2323 663 2422 730 τῆς
2448 661 2720 731 ἐμπορίας
2752 664 2802 715 oi
2837 663 3113 726 κίνδυνοι,
3153 665 3215 716 αἱ
3260 663 3369 732 τῆς
3402 663 3666 731 γεωργίας
3687 665 3780 717 δια-

2203 753 2499 822 πονήσεις·
2543 755 2693 806 πᾶσα
2743 755 2925 826 ἡμέρα
2983 756 3140 809 ίδίαν
3197 755 3336 824 ἥκει
3397 754 3684 823 κομίζουσα
3705 758 3780 827 τῆς

2202 843 2384 914 ψυχῆς
2411 845 2785 915 ἐπισκότησιν,
2819 849 2913 900 καὶ
2959 849 3017 900 αἱ
3053 847 3271 909 νύκτες
3306 847 3412 910 τὰς
3448 846 3783 916 καθημερινὰς

2203 936 2492 1006 φροντίδας
2524 938 2963 1009 παραλαϐοῦσαι,
2992 943 3058 994 ἐν
3087 943 3225 1004 ταῖς
3251 941 3462 1004 αὐταῐς
3497 943 3781 1009 φαντασίαις

2203 1027 2526 1094 ἐξαπατῶσι
2559 1029 2650 1084 τὸν
2684 1030 2832 1087 νοῦν.

2275 1167 2559 1232 Παντοίοις
2615 1169 2810 1224 πάθεσι
2877 1172 2971 1226 καὶ
3032 1171 3470 1244 ταλαιπωρίαις
3515 1175 3783 1230 καταϐεϐἁ-

2206 1273 2428 1310 πτισται
2464 1259 2497 1328 ἡ
2528 1258 2780 1329 ἀΟλιότης
2806 1261 2907 1330 τῆς
2936 1254 3036 1314 ὧδε
3075 1261 3262 1332 ζωῆς.

2279 1367 2420 1436 Ὅρα
2455 1376 2501 1433 ι,
2535 1368 2807 1438 ἀγαπητὲ,
2833 1368 2950 1432 πῶς
2971 1368 3270 1423 θάλατταν
3311 1371 3568 1440 μιμεῖται
3591 1371 3688 1424 τῶν
3708 1375 3782 1426 ἀν·

2207 1454 2444 1526 θρὼπων
2472 1457 2541 1510 τὰ
2568 1459 2873 1529 πράγματα
2895 1477 2909 1490 ο
2935 1461 2986 1514 εἰ
3014 1461 3098 1531 μὴ
3119 1462 3233 1531 τῆς
3259 1460 3525 1532 ταραχῆς
3556 1463 3784 1534 ἐκείνηςὸ

2209 1542 2323 1611 βίος
2353 1544 2773 1615 ἐμπέπλησται·
2796 1549 2845 1601 εί
2879 1549 2954 1620 μὴ
2996 1551 3105 1620 τῆς
3157 1551 3348 1620 ὑγρᾶς
3377 1551 3544 1604 πλέον
3586 1554 3670 1608 ἐπὶ
3705 1556 3781 1624 τῆς

2209 1631 2380 1702 ξηρᾶς
2409 1635 2816 1706 χειμαζόμεθα·
2840 1640 2888 1690 εί
2923 1639 2999 1709 μὴ
3021 1641 3142 1693 τῶν
3175 1641 3416 1709 ἀνέμων
3464 1643 3781 1716 σφοδρότερον

520 1747 667 1793 terra
703 1739 900 1808 magis,
939 1752 1107 1808 quam
1139 1750 1309 1798 mare,
1339 1735 1658 1804 iactemur;
1705 1750 1889 1792 annon
1939 1743 2102 1791 vento

2211 1726 2288 1787 είς
2315 1725 2577 1796 ἀλλήλους
2611 1729 3020 1800 συμπίπτομεν·
3052 1733 3109 1784 εἰ
3152 1733 3234 1802 μὴ
3270 1731 3343 1784 τὰ
3377 1733 3651 1803 χρήματα,
3675 1735 3778 1788 καθ-

519 1829 714 1902 quovis
757 1829 1137 1884 vehementius
1167 1827 1225 1880 in
1271 1841 1374 1881 nos
1418 1826 1655 1882 invicem
1715 1826 2105 1892 incurramus;

520 1935 701 1975 annon
735 1919 987 1990 pecunias
1028 1918 1392 1989 procellarum
1447 1918 1626 1972 instar
1669 1932 1771 1973 nos
1805 1925 2000 1972 mutuo
2053 1916 2106 1970 in

519 2027 624 2068 nos
647 2010 952 2077 collidant;
1005 2024 1188 2065 annon
1232 2016 1496 2078 tanquam
1551 2007 1607 2062 in
1656 2007 1828 2062 maris
1868 2005 2109 2075 caligine

519 2103 630 2158 huc
689 2103 935 2173 illucque
988 2099 1468 2156 circumferamur.
1535 2097 1638 2152 Hic
1703 2097 1853 2153 illius
1916 2111 2107 2166 agrum

519 2192 725 2263 rapuit,
753 2192 845 2246 ille
879 2189 1106 2245 alterius
1137 2197 1338 2242 terram
1373 2186 1644 2241 abstulit:
1681 2184 1843 2256 393
1875 2184 2108 2254 proximi

519 2298 749 2339 uxorem
804 2282 945 2337 alter
994 2278 1350 2348 concupivit,
1399 2277 1540 2330 alter
1583 2277 1813 2331 alterius
1870 2275 2108 2330 faniulos

520 2375 784 2444 abripuit.
815 2373 916 2428 llic
955 2371 1024 2428 de
1067 2385 1209 2441 aqua
1243 2385 1367 2423 cum
1402 2369 1587 2423 vicino
1631 2368 1812 2438 litigat
1853 2385 1866 2422 :
1918 2368 2012 2422 ille
2041 2366 2111 2422 de

519 2466 674 2521 auris
725 2479 850 2518 cum
911 2460 1295 2517 contubernali
1347 2473 1450 2514 suo
1504 2457 1862 2528 digladiatur.
1915 2458 1984 2510 Hi
2038 2454 2108 2511 de

522 2565 688 2610 terra:
735 2568 998 2611 mensura
1051 2553 1444 2608 conﬂictantur
1489 2571 1502 2606 :
1555 2550 1636 2605 illi
1671 2550 1742 2606 ob
1771 2551 1964 2605 aedium
2009 2564 2108 2604 ex-
2144 2590 2148 2593 .

517 2648 882 2705 structionem
913 2660 1034 2701 sese
1066 2653 1256 2699 mutuo
1303 2642 1642 2714 opprimunt.
1703 2641 1803 2696 Hic
1839 2658 1962 2712 qua:
1995 2657 2104 2696 non

515 2738 689 2802 dedit,
737 2737 988 2806 accipere
1040 2734 1405 2804 aggreditur:
1459 2733 1555 2788 ille
1602 2740 1822 2798 contra,
1877 2740 1939 2787 ut
1985 2747 2108 2801 quae

514 2829 731 2898 accepit
764 2841 874 2882 non
897 2825 1112 2889 reddat,
1150 2825 1362 2895 judicio
1401 2823 1703 2878 contendit.
1737 2821 1838 2876 llic
1872 2821 2107 2892 augendi

515 2920 751 2976 fmuoris
802 2916 1119 2988 inexplebili
1160 2916 1467 2986 cupiditate
1516 2913 1750 2985 ﬂagrat;
1811 2913 1905 2968 ille
1938 2914 2104 2967 etiam

516 3010 634 3080 ipsa
671 3023 887 3066 summa
933 3005 1198 3062 fraudare
1245 3005 1578 3060 creditorem
1629 3004 1847 3090 nititur.
1904 3001 2006 3057 llic
2034 3004 2105 3059 ob

2211 1815 2354 1886 ἀπερ
2411 1819 2724 1887 καταιγίδες
2778 1823 2902 1876 κατ’
2959 1822 3223 1892 ἀλλήλων
3269 1825 3428 1894 ἡμᾶς
3484 1825 3778 1895 συγκρούον-

2213 1923 2325 1959 σιν’
2361 1909 2408 1961 εί
2439 1907 2515 1980 μὴ
2550 1909 2802 1983 καθάπερ
2834 1913 2892 1964 ἐν
2933 1911 3084 1984 ζόφῳ
3119 1913 3420 1984 θαλαττίῳ
3447 1908 3548 1969 ὧδε
3591 1919 3776 1970 κάκεῖσε

2211 1999 2646 2072 περιφερόμεθα.
2674 1997 2844 2065 Οὗτος
2865 2004 3080 2058 ἐκείνου
3107 2005 3212 2059 τὸν
3227 2005 3413 2076 ἀγρὸν
3434 2007 3776 2078 ἀφηρπάσατο·

2211 2090 2396 2161 ἕτερος
2447 2091 2633 2163 ἐτέρου
2660 2092 2758 2162 τὴν
2786 2095 2888 2164 γῆν
2925 2096 3318 2164 ἐπαφείλατο·
3372 2097 3536 2160 ἄλλος
3581 2099 3673 2168 τῆς
3707 2100 3776 2152 τοῦ

2211 2181 2445 2251 πλησίου
2477 2183 2736 2250 γυναικὸς
2767 2185 3149 2256 ἐπεθύμησεν,
3190 2188 3366 2252 ἄλλος
3390 2188 3490 2242 τοῦ
3512 2190 3656 2242 δεῖνα
3681 2192 3777 2253 τοὺς

2208 2271 2427 2335 οίκέτας
2455 2274 2803 2344 ἀφήρπασεν.
2851 2276 2910 2331 ’0
2951 2278 3048 2347 μὲν
3108 2278 3257 2349 περὶ
3309 2278 3509 2342 ὕδατος
3558 2279 3680 2347 πρὸς
3707 2280 3773 2333 τὸν

2210 2362 2428 2432 γείτονα
2453 2364 2702 2436 κρίνεται
2733 2382 2745 2394 ·
2781 2369 2808 2419 ὁ
2861 2367 2918 2420 δὲ
2967 2370 3100 2439 περὶ
3130 2369 3334 2441 ἀέρων
3370 2371 3452 2440 τῷ
3491 2374 3773 2440 συνκτήτορι

2214 2459 2471 2529 μάχεται.
2511 2460 2572 2512 Ol
2611 2459 2712 2528 μὲν
2735 2459 2866 2529 περὶ
2890 2459 3070 2530 μέτρα
3096 2462 3206 2532 τῆς
3251 2461 3363 2531 γῆς
3395 2461 3769 2531 διαπληκτίζον-

2209 2569 2301 2608 ται
2326 2568 2340 2584 ·
2374 2554 2422 2605 oi
2455 2553 2512 2606 δὲ
2542 2551 2631 2606 διὰ
2653 2552 2964 2622 οἰκοδομίας
3011 2555 3215 2608 οἰκιῶν
3291 2555 3565 2626 ἀλλήλους
3607 2555 3769 2608 amilli-

2209 2644 2397 2697 ϐουσιν
2417 2660 2431 2675 ο
2460 2638 2612 2707 οὗτος
2643 2645 2787 2714 ειπερ
2832 2644 2933 2698 οὐκ
2962 2645 3171 2701 ἔδωκεν
3223 2647 3425 2700 λαϐεῖν
3475 2646 3765 2716 ἐπιφύεταιι

2209 2737 2416 2797 ἐκεῖνος
2471 2737 2614 2806 ἅπερ
2661 2735 2875 2799 ἔλαϐεν,
2913 2737 2989 2807 μὴ
3035 2738 3235 2792 δοῦναι
3280 2738 3694 2803 ἀντιδικάζεται.
3725 2737 3766 2788 '0

2211 2825 2312 2895 μὲν
2338 2827 2466 2896 περὶ
2505 2827 2700 2891 τόκους
2735 2827 3150 2900 ἀπληστεύεται
3180 2846 3195 2859 ·
3226 2832 3258 2884 ὁ
3303 2830 3365 2883 δὲ
3416 2830 3478 2882 τὸ
3519 2829 3764 2896 κεφάλαιον

2209 2918 2532 2988 ἀποστερεῖν
2565 2918 2982 2988 διισχυρίζεται.
3025 2912 3207 2985 Οὗτος
3255 2921 3490 2992 ἀπορῶν
3535 2919 3763 2979 όδυνᾶται,

2208 3009 2417 3073 ἐκεῖνος
2448 3009 2699 3081 εὐπορῶν
2731 3011 3068 3082 θορυϐεῖται.
3132 3014 3195 3068 '0
3253 3013 3334 3085 μὴ
3374 3013 3518 3083 ἔχων
3555 3009 3761 3074 όνειδίζε·

516 3120 702 3161 rerum
727 3101 1014 3175 penuriam
1054 3099 1468 3164 discruciatur;
1512 3097 1603 3152 ille
1641 3075 1706 3151 in
1749 3095 2102 3166 amplissimis

2211 3097 2441 3167 ταιηκαὶ
2458 3099 2488 3150 ὁ
2503 3073 2642 3167 ἔχων
2663 3073 3074 3154 ἐπιϐουλεύεται
3095 3117 3107 3131 ·
3133 3104 3164 3156 ὁ
3187 3120 3222 3156 κ
3231 3073 3759 3174 ρατῶξένεδρεὺεται,

515 3196 714 3266 opibus
753 3199 950 3247 aestuat
984 3191 1193 3246 animo.
1219 3188 1332 3255 Qui
1373 3203 1581 3258 egenus
1618 3195 1724 3253 est,
1761 3186 1968 3256 probro
2005 3187 2105 3240 ba-

515 3288 711 3352 betur;
745 3285 840 3356 qui
880 3283 1080 3354 Opibus
1131 3282 1326 3348 aﬂluit,
1384 3279 1658 3351 appetitur
1706 3279 1949 3335 insidiis.
2000 3278 2106 3345 Qui

513 3379 725 3450 potitur
754 3376 1025 3447 imperio,
1074 3372 1585 3444 conspirationibus
1635 3371 1910 3426 obnoxius
1970 3380 2104 3428 est:

507 3469 610 3540 qui
634 3468 990 3538 magistratus
1013 3465 1173 3536 gerit,
1211 3462 1532 3534 suspicione
1584 3468 1639 3516 et
1686 3460 1994 3516 invidentia
2028 3460 2106 3515 la-

515 3564 678 3619 borat
713 3578 728 3616 :
765 3559 858 3630 qui
915 3556 1165 3629 potentia
1211 3555 1405 3625 pollet,
1466 3553 1699 3607 habetur
1747 3551 1895 3606 odio.
1957 3552 2105 3608 Bella

503 3645 779 3714 continua
823 3657 978 3716 sunt,
1039 3647 1216 3702 caedes
1254 3644 1513 3700 assidum.
1566 3641 1915 3713 lnexplebilis
1946 3646 2101 3712 cupi-

507 3746 660 3801 ditas
691 3739 1040 3814 tyrannidem
1086 3743 1331 3798 exercet,
1371 3732 1710 3787 dominatum
1757 3733 2012 3798 avaritia,
2047 3741 2102 3790 et

511 3833 863 3890 mendacium
911 3843 1080 3900 supra
1123 3825 1349 3882 modum
1385 3824 1676 3879 attollitur.
1725 3823 1911 3880 Mutua
1966 3825 2098 3884 ﬁdes

511 3925 731 3998 aufugit
759 3942 774 3979 :
805 3931 1009 3978 terram
1039 3920 1247 3977 veritas
1287 3917 1532 3974 deseruit
1563 3935 1576 3973 :
1611 3917 1854 3973 amicitia
1895 3919 2099 3976 mensis

513 4007 1038 4079 circumscribitur;
1099 4011 1356 4067 nonnulli
1419 4011 1590 4065 etiam
1641 4009 1749 4063 vim
1805 4016 1862 4064 et
1927 4011 2098 4068 robur

513 4126 677 4168 suum
741 4108 1068 4164 amiserunt.
1126 4102 1501 4158 Salutationes
1550 4099 1866 4172 suspicione
1922 4101 2097 4172 plena:

2209 3185 2238 3236 ὁ
2267 3186 2325 3238 ἐν
2349 3186 2546 3257 ἀρχαῖς
2574 3188 2943 3243 ὑποϐλέπεται
2968 3207 2981 3221 °
3014 3193 3042 3244 ὁ
3069 3193 3128 3246 ἐν
3158 3192 3449 3257 ἐξουσίαις
3483 3189 3760 3263 μισεῖται,ό

2211 3275 2269 3328 ἐν
2289 3275 2634 3340 δυναστείαις
2671 3279 2998 3343 σκευάζεται
3021 3297 3036 3312 ’
3087 3283 3138 3335 οἱ
3177 3283 3421 3354 πόλεμοι
3456 3283 3696 3352 συνεχεῖς.
3724 3282 3758 3332 οἱ

2211 3367 2360 3435 φόνοι
2390 3368 2706 3439 ἐπάλληλοι.
2758 3370 2821 3423 Ἢ
2870 3372 3149 3444 ἀπληστία
3197 3377 3486 3445 τυραννεῖ,
3531 3377 3562 3444 ἠ
3611 3372 3749 3425 πλεον-

2211 3458 2329 3524 εξία
2359 3459 2698 3523 δυναστεύει,
2727 3461 2786 3514 τὸ
2817 3460 3010 3531 ψεῦδος
3043 3463 3418 3538 ὑπεραίρεται
3443 3480 3456 3494 ·
3491 3466 3525 3536 ή
3545 3463 3665 3534 πρὸς
3691 3462 3754 3513 ἀλ·

2211 3551 2409 3622 λήλους
2455 3551 2639 3615 πίστις
2685 3551 2992 3623 ἀπέφυγεν,
3041 3557 3074 3624 ή
3108 3556 3350 3628 ἀλήθεια
3393 3555 3492 3626 τὴν
3526 3554 3622 3624 γῆν
3657 3568 3750 3606 κιιτ⁸

2211 3643 2400 3698 ἐλιπεν
2421 3660 2434 3674 ’
2467 3645 2500 3716 ἡ
2539 3644 2692 3713 φιλία
2722 3645 2886 3717 μέχρι
2913 3648 3199 3720 τραπέζης
3239 3648 3619 3721 περιώρισται,
3648 3645 3688 3696 οἱ
3712 3643 3752 3696 δὲ

2210 3737 2305 3791 καὶ
2351 3736 2452 3808 τὴν
2509 3737 2646 3791 ἰδίαν
2707 3738 2859 3811 ἰσχὺν
2918 3740 3214 3804 ἀπώλεσαν
3247 3759 3262 3773 ·
3315 3743 3376 3794 αἱ
3436 3735 3752 3813 προσηγορίαι

2207 3829 2444 3898 ὑποψίας
2485 3829 2895 3902 πεπλήρωνται.
2941 3831 3194 3904 Οὕτωδὴ
3249 3835 3475 3888 πάντων
3517 3833 3572 3884 ὲν
3600 3829 3748 3886 κακοῖς

2207 3922 2590 3994 σεσοϐημένων
2636 3924 2815 3996 ἡμῶν,
2851 3927 2879 3978 ό
2913 3927 3204 3997 προφήτης
3243 3927 3339 3981 τὸν
3389 3925 3506 3996 βίον
3559 3919 3749 3976 ἐκπτυό-

2207 4033 2368 4085 μενος
2401 4014 2588 4086 ἐκϐοᾷ,
2614 4013 2789 4086 λέγων
2813 4031 2828 4046 ·
2871 4033 2889 4068 ι
2922 4017 3070 4090 Πλὴν
3106 4017 3288 4089 μάτην
3322 4017 3642 4088 ταράσσεται
3667 4009 3745 4069 πᾶς

2203 4107 2300 4160 ἀνθ
2310 4124 2491 4178 ρωπος
2523 4105 2653 4172 ζῶν.
2701 4125 2720 4159 ι

513 4213 666 4264 sunt.
721 4203 803 4259 Ad
842 4201 990 4257 hunc
1028 4199 1194 4272 igitur
1223 4197 1468 4263 modum,
1501 4211 1630 4252 cum
1659 4209 1761 4251 nos
1807 4209 2004 4252 omnes
2034 4198 2088 4252 in
2131 4200 2289 4256 malis
2354 4203 2650 4272 agitemur,
2700 4201 2968 4274 propheta
3017 4202 3324 4258 humanam
3371 4201 3534 4256 vitam
3594 4204 3746 4262 asper'

515 4314 679 4364 nans,
729 4296 784 4350 in
831 4295 950 4349 haec
979 4293 1142 4348 verba
1196 4291 1399 4346 clamat
1436 4307 1452 4346 :
1486 4308 1506 4342 ι
1541 4288 1934 4345 Verumtamen
1972 4292 2229 4350 universa
2264 4297 2478 4352 vanitas
2504 4297 2686 4352 omnis
2719 4297 2881 4352 homo
2911 4296 3124 4353 vivens.
3161 4317 3179 4350 ι

514 4391 651 4450 ΤΙΤ.
684 4389 796 4448 VII.
826 4419 898 4433 —
928 4389 1004 4444 De
1035 4389 1285 4454 uiolenta,
1329 4397 1378 4442 et
1421 4402 1482 4442 eo
1516 4401 1550 4440 α
1579 4401 1682 4456 quo
1729 4385 1805 4439 vis
1837 4385 2089 4455 infertur.
2127 4394 2171 4449 D

588 4485 760 4540 Eccti.
795 4500 870 4550 IV,
900 4483 992 4538 32.
1021 4509 1094 4522 --
1126 4499 1146 4534 ι
1183 4479 1264 4536 Ne
1308 4479 1531 4535 coneris
1561 4487 1756 4534 contra
1793 4477 1961 4534 ictum
1991 4479 2094 4536 ﬂu-

512 4597 610 4637 νιι.
639 4597 660 4633 I

589 4689 608 4723 ι
646 4668 859 4724 Βονειιι
883 4667 1160 4723 volentem
1193 4661 1388 4718 incita.
1427 4678 1448 4714 ι

585 4760 616 4818 1
645 4761 796 4818 Patr.
825 4774 879 4825 v,
903 4757 961 4812 2.
985 4786 1056 4798 -—
1085 4772 1105 4807 ι
1139 4751 1260 4810 Non
1299 4757 1514 4817 coacte,
1543 4749 1636 4807 sed
1666 4762 1988 4821 spontanee.
2029 4773 2048 4806 ι

584 4853 757 4909 Basil.
819 4851 878 4905 in
937 4847 1200 4904 ﬂexam.
1243 4873 1314 4886 —-
1363 4842 1523 4912 Quod
1572 4851 1823 4900 coactum
1874 4852 1981 4912 est,
2037 4853 2094 4902 et

513 4949 715 5015 praeter
738 4949 1018 5004 naturam,
1042 4944 1331 5009 postquam
1357 4934 1430 4990 ad
1459 4935 1626 4990 breve
1649 4935 1921 5005 quoddam
1954 4944 2094 4992 tem-

513 5047 618 5105 pus
641 5039 823 5086 ortum
871 5038 977 5095 est,
1022 5028 1190 5098 idque
1234 5043 1378 5099 agre
1410 5042 1478 5084 ac
1523 5042 1620 5099 per
1653 5027 1784 5095 vim,
1821 5030 2008 5086 statim
2032 5028 2090 5085 in

510 5139 575 5180 ea
598 5138 666 5178 ex
696 5122 898 5190 quibus
933 5118 1233 5173 conﬂatum
1263 5119 1390 5185 fuit,
1422 5118 1772 5175 dissolvitur.

583 5212 647 5270 S.
678 5210 835 5283 Greg.
891 5211 1039 5266 Naz.
1090 5210 1247 5280 Apol.
1299 5226 1574 5282 magn.-—
1605 5209 1763 5279 Quod
1810 5211 1982 5266 invite
2009 5213 2089 5278 lit,

511 5316 884 5378 praeterquam
913 5306 1063 5377 quod
1095 5305 1444 5377 tyrannicum
1476 5312 1582 5372 est,
1611 5305 1776 5361 etiam
1808 5303 1967 5360 laude
1991 5319 2092 5360 sua

511 5411 686 5470 caret,
718 5417 822 5460 nec
861 5401 1107 5468 ﬁrmum,
1159 5415 1266 5458 nec
1289 5398 1490 5458 stabile
1517 5407 1624 5456 est.
1677 5397 1830 5456 Solet
1859 5399 2006 5456 enim
2040 5399 2093 5454 id

2378 4392 2560 4450 ΤΙΤΛ,
2598 4395 2672 4448 Z'.
2691 4421 2758 4432 —
2784 4393 2925 4462 Περὶ
2957 4392 3164 4457 βιαίου
3195 4395 3298 4448 καί
3324 4387 3599 4458 βιαστοῦ.

2279 4508 2297 4540 ι
2337 4488 2428 4557 Μὴ
2461 4487 2648 4560 βιάζου
2676 4487 2804 4558 ῥοῦν
2839 4486 3108 4559 ποταμοῦ.
3144 4505 3162 4538 ι

2275 4685 2293 4717 ι
2333 4665 2435 4719 Τὸν
2463 4665 2684 4720 θέλοντα
2712 4663 2839 4734 βοῦν
2867 4665 3076 4720 ἔλαυνε.
3119 4683 3142 4720 ι

2275 4777 2295 4811 ι
2327 4759 2419 4830 Μὴ
2447 4758 2825 4828 ἀναγκαστῶς,
2845 4757 2959 4814 ἀλλ’
2985 4757 3269 4822 ἑκουσίως.
3305 4775 3325 4810 ι
3508 4800 3520 4812 κ

2269 4853 2344 4906 Τὸ
2375 4851 2811 4924 ἠναγκασμένον.
2875 4851 2970 4906 καὶ
3031 4851 3180 4923 παρὰ
3212 4850 3394 4920 φύσιν,
3461 4842 3544 4899 ἐπ’
3587 4835 3734 4902 ὀλίγον

2196 4945 2436 5016 ἀνίσχον,
2467 4945 2564 4999 καὶ
2619 4945 2774 4999 τοῦτο
2804 4945 3014 5016 βιαίως,
3051 4945 3148 4999 καὶ
3195 4945 3349 5014 μόλις
3387 4940 3518 5013 ταχὺ
3553 4927 3730 4994 διελύθη

2195 5039 2276 5103 είς
2310 5039 2378 5092 τὰ
2407 5038 2466 5099 ἐξ
2493 5031 2568 5093 ὧν
2591 5039 2872 5110 συνετέθη.

2261 5213 2337 5268 Τὸ
2365 5213 2621 5268 ἀκούσιον
2655 5212 2793 5287 πρὸς
2823 5213 2887 5268 τὸ
2939 5212 3264 5299 τυραννικὸν
3309 5205 3444 5266 εἶναι
3468 5247 3483 5272 ,
3531 5200 3617 5299 καὶ
3648 5193 3727 5249 οὐκ

2191 5308 2493 5372 ἐπαινετὸν,
2516 5307 2635 5360 οὐδὲ
2657 5307 2906 5378 μόνιμον.
2937 5292 3088 5359 Φιλεῖ
3112 5306 3222 5376 γὰρ
3239 5305 3301 5360 τὸ
3326 5296 3557 5374 βιασθὲν,
3571 5292 3726 5378 ὥσπερ

2201 5399 2366 5471 φυτὸν
2397 5399 2491 5471 βίᾳ
2537 5376 2694 5471 χερσὶ
2749 5376 3214 5470 μετασπὼμενον,
3270 5397 3348 5460 εἰς
3377 5386 3555 5447 ἑαυτὸν
3594 5376 3722 5434 πάλιν

585 5610 611 5643 ι
649 5603 728 5674 Ex
751 5604 1035 5674 supposita
1057 5599 1458 5674 Chrysostomo
1481 5600 1854 5674 enarratione
1883 5617 1936 5659 v.
1965 5601 1999 5658 6
2031 5598 2229 5672 psalmi
2267 5613 2497 5667 xxxvtn,
2526 5611 2692 5670 quam
2728 5595 2954 5653 alterius
2988 5595 3236 5654 auctoris
3262 5610 3407 5661 esse,
3431 5597 3483 5648 et
3523 5581 3626 5641 Nilo
3653 5587 3719 5629 se‘

511 5673 746 5745 quieris
772 5670 976 5732 Noster
1001 5670 1190 5730 forsan
1215 5671 1438 5729 videtur
1478 5670 1750 5728 indicare.
