  <div class='ocr_page' id='page_1' title='image "/cluster/home/n/w/nwhite01/storage/ocr_20150623/95:no.2/coo.31924054869999/648.png"; bbox 0 0 3960 6436; ppageno 0'>
   <div class='ocr_carea' id='block_1_1' title="bbox 343 317 475 379">
    <p class='ocr_par' dir='ltr' id='par_1_1' title="bbox 343 317 475 379">
     <span class='ocr_line' id='line_1_1' title="bbox 343 317 475 379; baseline 0 -1"><span class='ocrx_word' id='word_1_1' title='bbox 343 317 475 379; x_wconf 72' lang='lat' dir='ltr'><strong>I235</strong></span> 
     </span>
    </p>
   </div>
   <div class='ocr_carea' id='block_1_2' title="bbox 1555 319 2306 381">
    <p class='ocr_par' dir='ltr' id='par_1_2' title="bbox 1555 319 2306 381">
     <span class='ocr_line' id='line_1_2' title="bbox 1555 319 2306 381; baseline 0.003 -2"><span class='ocrx_word' id='word_1_2' title='bbox 1555 319 1792 380; x_wconf 71' lang='lat' dir='ltr'><strong>SACRA</strong></span> <span class='ocrx_word' id='word_1_3' title='bbox 1844 319 2306 381; x_wconf 81' lang='lat' dir='ltr'><strong>PARALLELA.</strong></span> 
     </span>
    </p>
   </div>
   <div class='ocr_carea' id='block_1_3' title="bbox 3444 327 3585 394">
    <p class='ocr_par' dir='ltr' id='par_1_3' title="bbox 3444 327 3585 394">
     <span class='ocr_line' id='line_1_3' title="bbox 3444 327 3585 394; baseline 0.021 -3"><span class='ocrx_word' id='word_1_4' title='bbox 3444 327 3585 394; x_wconf 75' lang='lat'><strong>1286</strong></span> 
     </span>
    </p>
   </div>
   <div class='ocr_carea' id='block_1_4' title="bbox 333 426 1894 509">
    <p class='ocr_par' dir='ltr' id='par_1_4' title="bbox 333 426 1894 503">
     <span class='ocr_line' id='line_1_4' title="bbox 333 426 1894 503; baseline 0.003 -23"><span class='ocrx_word' id='word_1_5' title='bbox 333 426 534 498; x_wconf 78' lang='grc' dir='ltr'>ἀφεθὲν</span> <span class='ocrx_word' id='word_1_6' title='bbox 564 426 900 500; x_wconf 79' lang='grc' dir='ltr'><strong>ἀνατρέχειν.</strong></span> <span class='ocrx_word' id='word_1_7' title='bbox 934 431 1007 484; x_wconf 76' lang='grc' dir='ltr'><strong>Τὸ</strong></span> <span class='ocrx_word' id='word_1_8' title='bbox 1043 431 1098 484; x_wconf 82' lang='grc' dir='ltr'>δὲ</span> <span class='ocrx_word' id='word_1_9' title='bbox 1130 433 1192 484; x_wconf 77' lang='grc' dir='ltr'>ἐκ</span> <span class='ocrx_word' id='word_1_10' title='bbox 1221 429 1594 502; x_wconf 81' lang='grc' dir='ltr'>προαιρέσεως</span> <span class='ocrx_word' id='word_1_11' title='bbox 1620 472 1635 495; x_wconf 91' lang='grc'><strong>,</strong></span> <span class='ocrx_word' id='word_1_12' title='bbox 1673 433 1894 503; x_wconf 81' lang='grc' dir='ltr'><strong>ὲννομώ⁴</strong></span> 
     </span>
    </p>
   </div>
   <div class='ocr_carea' id='block_1_5' title="bbox 2023 426 3590 509">
    <p class='ocr_par' dir='ltr' id='par_1_5' title="bbox 2023 436 3590 509">
     <span class='ocr_line' id='line_1_5' title="bbox 2023 436 3590 509; baseline 0.006 -20"><span class='ocrx_word' id='word_1_13' title='bbox 2023 436 2158 504; x_wconf 71' lang='lat' dir='ltr'><strong>quod</strong></span> <span class='ocrx_word' id='word_1_14' title='bbox 2198 443 2449 488; x_wconf 82' lang='lat' dir='ltr'><strong>coactum</strong></span> <span class='ocrx_word' id='word_1_15' title='bbox 2495 446 2601 503; x_wconf 90' lang='lat' dir='ltr'><strong>est,</strong></span> <span class='ocrx_word' id='word_1_16' title='bbox 2646 451 2754 493; x_wconf 88' lang='lat' dir='ltr'><strong>non</strong></span> <span class='ocrx_word' id='word_1_17' title='bbox 2793 451 2956 494; x_wconf 87' lang='lat' dir='ltr'><strong>secus</strong></span> <span class='ocrx_word' id='word_1_18' title='bbox 3003 451 3067 494; x_wconf 81' lang='lat' dir='ltr'><strong>ac</strong></span> <span class='ocrx_word' id='word_1_19' title='bbox 3114 438 3302 509; x_wconf 81' lang='lat' dir='ltr'><strong>planta</strong></span> <span class='ocrx_word' id='word_1_20' title='bbox 3332 442 3590 498; x_wconf 84' lang='lat' dir='ltr'><strong>manibus</strong></span> 
     </span>
    </p>
   </div>
   <div class='ocr_carea' id='block_1_6' title="bbox 329 516 1909 592">
    <p class='ocr_par' dir='ltr' id='par_1_6' title="bbox 329 516 1909 592">
     <span class='ocr_line' id='line_1_6' title="bbox 329 516 1909 592; baseline 0.004 -23"><span class='ocrx_word' id='word_1_21' title='bbox 329 534 491 574; x_wconf 81' lang='grc' dir='ltr'>τατον</span> <span class='ocrx_word' id='word_1_22' title='bbox 519 516 635 588; x_wconf 73' lang='grc' dir='ltr'><strong>ἅμα</strong></span> <span class='ocrx_word' id='word_1_23' title='bbox 673 520 765 572; x_wconf 77' lang='grc' dir='ltr'>καὶ</span> <span class='ocrx_word' id='word_1_24' title='bbox 797 519 1221 588; x_wconf 76' lang='grc' dir='ltr'>ἀσφαλέστατον,</span> <span class='ocrx_word' id='word_1_25' title='bbox 1252 520 1463 584; x_wconf 76' lang='grc' dir='ltr'>εὐνοίας</span> <span class='ocrx_word' id='word_1_26' title='bbox 1483 521 1666 592; x_wconf 80' lang='grc' dir='ltr'><strong>δεσμῷ</strong></span> <span class='ocrx_word' id='word_1_27' title='bbox 1707 522 1909 592; x_wconf 83' lang='grc' dir='ltr'>τηρού-</span> 
     </span>
    </p>
   </div>
   <div class='ocr_carea' id='block_1_7' title="bbox 328 608 1910 682">
    <p class='ocr_par' dir='ltr' id='par_1_7' title="bbox 328 608 1910 682">
     <span class='ocr_line' id='line_1_7' title="bbox 328 608 1910 682; baseline 0.006 -24"><span class='ocrx_word' id='word_1_28' title='bbox 328 623 513 679; x_wconf 86' lang='grc' dir='ltr'>μενον.</span> <span class='ocrx_word' id='word_1_29' title='bbox 555 637 614 649; x_wconf 73' lang='grc' dir='ltr'><strong>-ο</strong></span> <span class='ocrx_word' id='word_1_30' title='bbox 643 608 1008 679; x_wconf 73' lang='grc' dir='ltr'>Βονλομὲνων,</span> <span class='ocrx_word' id='word_1_31' title='bbox 1038 613 1099 664; x_wconf 83' lang='grc' dir='ltr'>οὐ</span> <span class='ocrx_word' id='word_1_32' title='bbox 1135 613 1583 682; x_wconf 77' lang='grc' dir='ltr'><strong>τυραννουμένων</strong></span> <span class='ocrx_word' id='word_1_33' title='bbox 1607 613 1670 666; x_wconf 76' lang='grc' dir='ltr'>τὸ</span> <span class='ocrx_word' id='word_1_34' title='bbox 1691 612 1790 681; x_wconf 83' lang='grc' dir='ltr'>τῆς</span> <span class='ocrx_word' id='word_1_35' title='bbox 1818 615 1910 667; x_wconf 83' lang='grc' dir='ltr'>εὐ-</span> 
     </span>
    </p>
   </div>
   <div class='ocr_carea' id='block_1_8' title="bbox 327 698 890 772">
    <p class='ocr_par' dir='ltr' id='par_1_8' title="bbox 327 698 890 772">
     <span class='ocr_line' id='line_1_8' title="bbox 327 698 890 772; baseline 0.009 -21"><span class='ocrx_word' id='word_1_36' title='bbox 327 698 544 761; x_wconf 81' lang='grc' dir='ltr'>σεὸείας</span> <span class='ocrx_word' id='word_1_37' title='bbox 574 701 890 772; x_wconf 82' lang='grc' dir='ltr'>μυστήριον.</span> 
     </span>
    </p>
   </div>
   <div class='ocr_carea' id='block_1_9' title="bbox 396 981 1907 1055">
    <p class='ocr_par' dir='ltr' id='par_1_9' title="bbox 396 981 1907 1055">
     <span class='ocr_line' id='line_1_9' title="bbox 396 981 1907 1055; baseline 0.001 -19"><span class='ocrx_word' id='word_1_38' title='bbox 396 981 469 1036; x_wconf 85' lang='grc' dir='ltr'><strong>Τό</strong></span> <span class='ocrx_word' id='word_1_39' title='bbox 496 1001 556 1037; x_wconf 91' lang='grc' dir='ltr'><strong>τε</strong></span> <span class='ocrx_word' id='word_1_40' title='bbox 589 982 948 1054; x_wconf 75' lang='grc' dir='ltr'>βεϐιασμένον</span> <span class='ocrx_word' id='word_1_41' title='bbox 967 1023 983 1049; x_wconf 95' lang='grc'><strong>,</strong></span> <span class='ocrx_word' id='word_1_42' title='bbox 1026 985 1120 1038; x_wconf 71' lang='grc' dir='ltr'><strong>καὶ</strong></span> <span class='ocrx_word' id='word_1_43' title='bbox 1149 983 1311 1053; x_wconf 84' lang='grc' dir='ltr'>ἀηδὲς</span> <span class='ocrx_word' id='word_1_44' title='bbox 1339 983 1474 1055; x_wconf 80' lang='grc' dir='ltr'>ταχύ</span> <span class='ocrx_word' id='word_1_45' title='bbox 1501 1001 1514 1018; x_wconf 88' lang='grc'><strong>·</strong></span> <span class='ocrx_word' id='word_1_46' title='bbox 1551 984 1613 1038; x_wconf 86' lang='grc' dir='ltr'><strong>τὸ</strong></span> <span class='ocrx_word' id='word_1_47' title='bbox 1649 983 1707 1038; x_wconf 84' lang='grc' dir='ltr'>δὲ</span> <span class='ocrx_word' id='word_1_48' title='bbox 1747 985 1907 1039; x_wconf 81' lang='grc' dir='ltr'>ἀδία-</span> 
     </span>
    </p>
   </div>
   <div class='ocr_carea' id='block_1_10' title="bbox 327 1076 1908 1148">
    <p class='ocr_par' dir='ltr' id='par_1_10' title="bbox 327 1076 1908 1148">
     <span class='ocr_line' id='line_1_10' title="bbox 327 1076 1908 1148; baseline 0.001 -20"><span class='ocrx_word' id='word_1_49' title='bbox 327 1092 472 1138; x_wconf 86' lang='grc' dir='ltr'>οτον,</span> <span class='ocrx_word' id='word_1_50' title='bbox 509 1077 611 1130; x_wconf 80' lang='grc' dir='ltr'><strong>οὐκ</strong></span> <span class='ocrx_word' id='word_1_51' title='bbox 641 1076 755 1148; x_wconf 73' lang='grc' dir='ltr'>ἔχει</span> <span class='ocrx_word' id='word_1_52' title='bbox 789 1077 972 1148; x_wconf 82' lang='grc' dir='ltr'>κόρον,</span> <span class='ocrx_word' id='word_1_53' title='bbox 1027 1077 1141 1130; x_wconf 86' lang='grc' dir='ltr'>ἀλλ’</span> <span class='ocrx_word' id='word_1_54' title='bbox 1172 1077 1260 1130; x_wconf 78' lang='grc' dir='ltr'><strong>ἀεὶ</strong></span> <span class='ocrx_word' id='word_1_55' title='bbox 1298 1077 1482 1148; x_wconf 83' lang='grc' dir='ltr'>χάριτί</span> <span class='ocrx_word' id='word_1_56' title='bbox 1519 1095 1578 1131; x_wconf 92' lang='grc' dir='ltr'><strong>τε</strong></span> <span class='ocrx_word' id='word_1_57' title='bbox 1612 1078 1708 1130; x_wconf 74' lang='grc' dir='ltr'><strong>καὶ</strong></span> <span class='ocrx_word' id='word_1_58' title='bbox 1757 1078 1908 1148; x_wconf 86' lang='grc' dir='ltr'>πόθῳ</span> 
     </span>
    </p>
   </div>
   <div class='ocr_carea' id='block_1_11' title="bbox 327 1163 532 1221">
    <p class='ocr_par' dir='ltr' id='par_1_11' title="bbox 327 1163 532 1221">
     <span class='ocr_line' id='line_1_11' title="bbox 327 1163 532 1221; baseline 0.02 -5"><span class='ocrx_word' id='word_1_59' title='bbox 327 1163 532 1221; x_wconf 86' lang='grc' dir='ltr'>θάλλει.</span> 
     </span>
    </p>
   </div>
   <div class='ocr_carea' id='block_1_12' title="bbox 395 1243 1908 1328">
    <p class='ocr_par' dir='ltr' id='par_1_12' title="bbox 395 1243 1908 1328">
     <span class='ocr_line' id='line_1_12' title="bbox 395 1243 1908 1328; baseline 0 -20"><span class='ocrx_word' id='word_1_60' title='bbox 395 1255 646 1309; x_wconf 81' lang='grc' dir='ltr'><strong>Μάλιστα</strong></span> <span class='ocrx_word' id='word_1_61' title='bbox 678 1243 894 1308; x_wconf 76' lang='grc' dir='ltr'>πάντων</span> <span class='ocrx_word' id='word_1_62' title='bbox 923 1256 1266 1326; x_wconf 76' lang='grc' dir='ltr'>Χριπιανοῖς</span> <span class='ocrx_word' id='word_1_63' title='bbox 1296 1257 1397 1310; x_wconf 84' lang='grc' dir='ltr'><strong>οὐκ</strong></span> <span class='ocrx_word' id='word_1_64' title='bbox 1427 1257 1637 1326; x_wconf 78' lang='grc' dir='ltr'>ἐφίεται</span> <span class='ocrx_word' id='word_1_65' title='bbox 1678 1256 1739 1310; x_wconf 78' lang='grc' dir='ltr'><strong>τδ</strong></span> <span class='ocrx_word' id='word_1_66' title='bbox 1772 1256 1908 1328; x_wconf 79' lang='grc' dir='ltr'>πρὸς</span> 
     </span>
    </p>
   </div>
   <div class='ocr_carea' id='block_1_13' title="bbox 328 1347 1902 1419">
    <p class='ocr_par' dir='ltr' id='par_1_13' title="bbox 328 1347 1902 1419">
     <span class='ocr_line' id='line_1_13' title="bbox 328 1347 1902 1419; baseline 0.001 -19"><span class='ocrx_word' id='word_1_67' title='bbox 328 1347 448 1419; x_wconf 85' lang='grc' dir='ltr'>βίαν</span> <span class='ocrx_word' id='word_1_68' title='bbox 480 1347 816 1418; x_wconf 75' lang='grc' dir='ltr'><strong>ἐπανορθοῦν</strong></span> <span class='ocrx_word' id='word_1_69' title='bbox 859 1347 929 1400; x_wconf 76' lang='grc' dir='ltr'>τὰ</span> <span class='ocrx_word' id='word_1_70' title='bbox 980 1347 1088 1402; x_wconf 84' lang='grc' dir='ltr'>τῶν</span> <span class='ocrx_word' id='word_1_71' title='bbox 1116 1348 1534 1419; x_wconf 80' lang='grc' dir='ltr'><strong>ἁμαρτημάτων</strong></span> <span class='ocrx_word' id='word_1_72' title='bbox 1562 1348 1902 1418; x_wconf 81' lang='grc' dir='ltr'>πταίσματα.</span> 
     </span>
    </p>
   </div>
   <div class='ocr_carea' id='block_1_14' title="bbox 327 1441 1907 1512">
    <p class='ocr_par' dir='ltr' id='par_1_14' title="bbox 327 1441 1907 1512">
     <span class='ocr_line' id='line_1_14' title="bbox 327 1441 1907 1512; baseline 0.001 -19"><span class='ocrx_word' id='word_1_73' title='bbox 327 1441 400 1493; x_wconf 81' lang='grc' dir='ltr'><strong>Οὐ</strong></span> <span class='ocrx_word' id='word_1_74' title='bbox 430 1441 540 1510; x_wconf 81' lang='grc' dir='ltr'><strong>γὰρ</strong></span> <span class='ocrx_word' id='word_1_75' title='bbox 592 1441 719 1504; x_wconf 83' lang='grc' dir='ltr'>τοὺς</span> <span class='ocrx_word' id='word_1_76' title='bbox 747 1441 959 1510; x_wconf 82' lang='grc' dir='ltr'>ἀνάγκῃ</span> <span class='ocrx_word' id='word_1_77' title='bbox 988 1441 1088 1510; x_wconf 84' lang='grc' dir='ltr'><strong>τῆς</strong></span> <span class='ocrx_word' id='word_1_78' title='bbox 1119 1441 1317 1504; x_wconf 88' lang='grc' dir='ltr'>κακίας</span> <span class='ocrx_word' id='word_1_79' title='bbox 1343 1441 1740 1512; x_wconf 76' lang='grc' dir='ltr'><strong>ἀπεχομένους,</strong></span> <span class='ocrx_word' id='word_1_80' title='bbox 1771 1441 1907 1496; x_wconf 79' lang='grc' dir='ltr'>ἀλλὰ</span> 
     </span>
    </p>
   </div>
   <div class='ocr_carea' id='block_1_15' title="bbox 326 1531 1339 1603">
    <p class='ocr_par' dir='ltr' id='par_1_15' title="bbox 326 1531 1339 1603">
     <span class='ocr_line' id='line_1_15' title="bbox 326 1531 1339 1603; baseline -0.001 -18"><span class='ocrx_word' id='word_1_81' title='bbox 326 1533 452 1596; x_wconf 82' lang='grc' dir='ltr'>τοὺς</span> <span class='ocrx_word' id='word_1_82' title='bbox 477 1531 815 1603; x_wconf 76' lang='grc' dir='ltr'><strong>προαιρέσει,</strong></span> <span class='ocrx_word' id='word_1_83' title='bbox 841 1535 1098 1600; x_wconf 83' lang='grc' dir='ltr'>στεφανοῖ</span> <span class='ocrx_word' id='word_1_84' title='bbox 1127 1533 1154 1585; x_wconf 84' lang='grc' dir='ltr'><strong>ὁ</strong></span> <span class='ocrx_word' id='word_1_85' title='bbox 1188 1531 1339 1596; x_wconf 84' lang='grc' dir='ltr'>Θεός.</span> 
     </span>
    </p>
   </div>
   <div class='ocr_carea' id='block_1_16' title="bbox 394 1625 1074 1698">
    <p class='ocr_par' dir='ltr' id='par_1_16' title="bbox 394 1625 1074 1698">
     <span class='ocr_line' id='line_1_16' title="bbox 394 1625 1074 1698; baseline 0 -19"><span class='ocrx_word' id='word_1_86' title='bbox 394 1626 496 1680; x_wconf 88' lang='grc' dir='ltr'>Βία</span> <span class='ocrx_word' id='word_1_87' title='bbox 526 1627 648 1698; x_wconf 81' lang='grc' dir='ltr'><strong>Θεῷ</strong></span> <span class='ocrx_word' id='word_1_88' title='bbox 668 1625 728 1678; x_wconf 78' lang='grc' dir='ltr'>οὐ</span> <span class='ocrx_word' id='word_1_89' title='bbox 761 1626 1074 1696; x_wconf 86' lang='grc' dir='ltr'>πρόσεστιν.</span> 
     </span>
    </p>
   </div>
   <div class='ocr_carea' id='block_1_17' title="bbox 320 1735 1980 1830">
    <p class='ocr_par' dir='ltr' id='par_1_17' title="bbox 320 1735 1980 1830">
     <span class='ocr_line' id='line_1_17' title="bbox 320 1735 1980 1830; baseline 0.001 -41"><span class='ocrx_word' id='word_1_90' title='bbox 320 1735 506 1795; x_wconf 84' lang='grc' dir='ltr'>ΤΙΤΛ.</span> <span class='ocrx_word' id='word_1_91' title='bbox 536 1739 618 1793; x_wconf 83' lang='grc' dir='ltr'><strong>Η’.</strong></span> <span class='ocrx_word' id='word_1_92' title='bbox 651 1769 719 1780; x_wconf 91' lang='grc'><strong><em>-</em></strong></span> <span class='ocrx_word' id='word_1_93' title='bbox 747 1736 886 1806; x_wconf 78' lang='grc' dir='ltr'>Περὶ</span> <span class='ocrx_word' id='word_1_94' title='bbox 908 1737 1288 1830; x_wconf 47' lang='grc' dir='ltr'>,ϐλασφήμου</span> <span class='ocrx_word' id='word_1_95' title='bbox 1317 1737 1417 1792; x_wconf 77' lang='grc' dir='ltr'><strong>καί</strong></span> <span class='ocrx_word' id='word_1_96' title='bbox 1443 1737 1898 1808; x_wconf 69' lang='grc' dir='ltr'>μεγαλορῤτζμο·</span> <span class='ocrx_word' id='word_1_97' title='bbox 1940 1774 1980 1830; x_wconf 70' lang='grc' dir='ltr'><strong>Β</strong></span> 
     </span>
    </p>
   </div>
   <div class='ocr_carea' id='block_1_18' title="bbox 1043 1825 1169 1874">
    <p class='ocr_par' dir='ltr' id='par_1_18' title="bbox 1043 1825 1169 1874">
     <span class='ocr_line' id='line_1_18' title="bbox 1043 1825 1169 1874; baseline 0.016 -14"><span class='ocrx_word' id='word_1_98' title='bbox 1043 1825 1169 1874; x_wconf 75' lang='grc' dir='ltr'>νος.</span> 
     </span>
    </p>
   </div>
   <div class='ocr_carea' id='block_1_19' title="bbox 395 1859 1905 1973">
    <p class='ocr_par' dir='ltr' id='par_1_19' title="bbox 395 1859 1905 1973">
     <span class='ocr_line' id='line_1_19' title="bbox 395 1859 1905 1973; baseline -0.004 -18"><span class='ocrx_word' id='word_1_99' title='bbox 395 1921 414 1955; x_wconf 77' lang='grc' dir='ltr'><strong>ι</strong></span> <span class='ocrx_word' id='word_1_100' title='bbox 443 1859 578 1956; x_wconf 51' lang='lat' dir='ltr'><strong>Bitia</strong></span> <span class='ocrx_word' id='word_1_101' title='bbox 612 1900 814 1973; x_wconf 80' lang='grc' dir='ltr'>Κύριος</span> <span class='ocrx_word' id='word_1_102' title='bbox 863 1901 1002 1973; x_wconf 77' lang='grc' dir='ltr'>πρὸς</span> <span class='ocrx_word' id='word_1_103' title='bbox 1039 1859 1248 1971; x_wconf 66' lang='grc' dir='ltr'><strong>Μωσῆν</strong></span> <span class='ocrx_word' id='word_1_104' title='bbox 1271 1916 1286 1932; x_wconf 79' lang='lat'>&#39;</span> <span class='ocrx_word' id='word_1_105' title='bbox 1321 1899 1568 1970; x_wconf 86' lang='grc' dir='ltr'>Λάλησον</span> <span class='ocrx_word' id='word_1_106' title='bbox 1610 1900 1723 1962; x_wconf 82' lang='grc' dir='ltr'>τοῖς</span> <span class='ocrx_word' id='word_1_107' title='bbox 1767 1898 1905 1960; x_wconf 81' lang='grc' dir='ltr'>υίοϊς</span> 
     </span>
    </p>
   </div>
   <div class='ocr_carea' id='block_1_20' title="bbox 329 1991 1904 2066">
    <p class='ocr_par' dir='ltr' id='par_1_20' title="bbox 329 1991 1904 2066">
     <span class='ocr_line' id='line_1_20' title="bbox 329 1991 1904 2066; baseline -0.002 -19"><span class='ocrx_word' id='word_1_108' title='bbox 329 1993 570 2066; x_wconf 77' lang='grc' dir='ltr'>Ἰσραὴλ,</span> <span class='ocrx_word' id='word_1_109' title='bbox 624 1995 832 2063; x_wconf 85' lang='grc' dir='ltr'>λέγων·</span> <span class='ocrx_word' id='word_1_110' title='bbox 893 1994 1214 2064; x_wconf 70' lang='grc' dir='ltr'><strong>ΙἌνθρωπος</strong></span> <span class='ocrx_word' id='word_1_111' title='bbox 1269 1992 1329 2056; x_wconf 87' lang='grc' dir='ltr'><strong>δς</strong></span> <span class='ocrx_word' id='word_1_112' title='bbox 1374 1993 1468 2046; x_wconf 75' lang='grc' dir='ltr'><strong>ἐὰν</strong></span> <span class='ocrx_word' id='word_1_113' title='bbox 1521 1991 1904 2060; x_wconf 84' lang='grc' dir='ltr'>καταράσηται</span> 
     </span>
    </p>
   </div>
   <div class='ocr_carea' id='block_1_21' title="bbox 316 2081 1904 2154">
    <p class='ocr_par' dir='ltr' id='par_1_21' title="bbox 316 2081 1904 2154">
     <span class='ocr_line' id='line_1_21' title="bbox 316 2081 1904 2154; baseline -0.001 -18"><span class='ocrx_word' id='word_1_114' title='bbox 316 2084 474 2147; x_wconf 78' lang='grc' dir='ltr'>Θεὸν,</span> <span class='ocrx_word' id='word_1_115' title='bbox 499 2084 773 2153; x_wconf 82' lang='grc' dir='ltr'>ἁμαρτίαν</span> <span class='ocrx_word' id='word_1_116' title='bbox 809 2083 1041 2154; x_wconf 78' lang='grc' dir='ltr'>λήψεται</span> <span class='ocrx_word' id='word_1_117' title='bbox 1065 2099 1082 2114; x_wconf 86' lang='grc'><strong>·</strong></span> <span class='ocrx_word' id='word_1_118' title='bbox 1124 2085 1154 2135; x_wconf 79' lang='grc' dir='ltr'><em>ὁ</em></span> <span class='ocrx_word' id='word_1_119' title='bbox 1200 2081 1486 2152; x_wconf 79' lang='grc' dir='ltr'><strong>ὀνομάζων</strong></span> <span class='ocrx_word' id='word_1_120' title='bbox 1513 2083 1569 2136; x_wconf 84' lang='grc' dir='ltr'>δὲ</span> <span class='ocrx_word' id='word_1_121' title='bbox 1589 2083 1758 2152; x_wconf 74' lang='grc' dir='ltr'>ὄνομα</span> <span class='ocrx_word' id='word_1_122' title='bbox 1793 2083 1904 2136; x_wconf 81' lang='grc' dir='ltr'><strong>Κυ-</strong></span> 
     </span>
    </p>
   </div>
   <div class='ocr_carea' id='block_1_22' title="bbox 320 2176 1904 2249">
    <p class='ocr_par' dir='ltr' id='par_1_22' title="bbox 320 2176 1904 2249">
     <span class='ocr_line' id='line_1_22' title="bbox 320 2176 1904 2249; baseline 0.001 -19"><span class='ocrx_word' id='word_1_123' title='bbox 320 2178 461 2249; x_wconf 78' lang='grc' dir='ltr'>ρίου,</span> <span class='ocrx_word' id='word_1_124' title='bbox 493 2177 661 2241; x_wconf 78' lang='grc' dir='ltr'>λίθοις</span> <span class='ocrx_word' id='word_1_125' title='bbox 694 2176 1038 2230; x_wconf 79' lang='grc' dir='ltr'>λιθοϐολείτω</span> <span class='ocrx_word' id='word_1_126' title='bbox 1071 2176 1236 2231; x_wconf 74' lang='grc' dir='ltr'>αὐτὸν</span> <span class='ocrx_word' id='word_1_127' title='bbox 1259 2177 1410 2232; x_wconf 71' lang='grc' dir='ltr'>πᾶσα</span> <span class='ocrx_word' id='word_1_128' title='bbox 1445 2176 1737 2248; x_wconf 79' lang='grc' dir='ltr'><strong>συναγωγὴ</strong></span> <span class='ocrx_word' id='word_1_129' title='bbox 1769 2176 1904 2231; x_wconf 83' lang='grc' dir='ltr'><strong>υίῶν</strong></span> 
     </span>
    </p>
   </div>
   <div class='ocr_carea' id='block_1_23' title="bbox 329 2267 637 2338">
    <p class='ocr_par' dir='ltr' id='par_1_23' title="bbox 329 2267 637 2338">
     <span class='ocr_line' id='line_1_23' title="bbox 329 2267 637 2338; baseline -0.019 -13"><span class='ocrx_word' id='word_1_130' title='bbox 329 2267 568 2338; x_wconf 85' lang='grc' dir='ltr'>Ἰσραήλ.</span> <span class='ocrx_word' id='word_1_131' title='bbox 618 2285 637 2319; x_wconf 78' lang='grc' dir='ltr'><strong>ι</strong></span> 
     </span>
    </p>
   </div>
   <div class='ocr_carea' id='block_1_24' title="bbox 395 2355 1906 2432">
    <p class='ocr_par' dir='ltr' id='par_1_24' title="bbox 395 2355 1906 2432">
     <span class='ocr_line' id='line_1_24' title="bbox 395 2355 1906 2432; baseline 0.003 -24"><span class='ocrx_word' id='word_1_132' title='bbox 395 2375 414 2408; x_wconf 81' lang='grc' dir='ltr'><strong>ι</strong></span> <span class='ocrx_word' id='word_1_133' title='bbox 449 2355 544 2428; x_wconf 79' lang='grc' dir='ltr'><strong>Μὴ</strong></span> <span class='ocrx_word' id='word_1_134' title='bbox 573 2357 834 2423; x_wconf 78' lang='grc' dir='ltr'><strong>ἐξελθέτω</strong></span> <span class='ocrx_word' id='word_1_135' title='bbox 857 2356 1385 2432; x_wconf 74' lang='grc' dir='ltr'>μεγαλορρημοσύνη</span> <span class='ocrx_word' id='word_1_136' title='bbox 1414 2357 1480 2411; x_wconf 78' lang='grc' dir='ltr'>ὲκ</span> <span class='ocrx_word' id='word_1_137' title='bbox 1508 2357 1606 2411; x_wconf 88' lang='grc' dir='ltr'><strong>τοῦ</strong></span> <span class='ocrx_word' id='word_1_138' title='bbox 1636 2356 1906 2430; x_wconf 87' lang='grc' dir='ltr'>στόματος</span> 
     </span>
    </p>
   </div>
   <div class='ocr_carea' id='block_1_25' title="bbox 318 2447 558 2518">
    <p class='ocr_par' dir='ltr' id='par_1_25' title="bbox 318 2447 558 2518">
     <span class='ocr_line' id='line_1_25' title="bbox 318 2447 558 2518; baseline -0.013 -15"><span class='ocrx_word' id='word_1_139' title='bbox 318 2447 494 2518; x_wconf 82' lang='grc' dir='ltr'>ὑμῶν.</span> <span class='ocrx_word' id='word_1_140' title='bbox 538 2465 558 2500; x_wconf 74' lang='grc' dir='ltr'><strong>ι</strong></span> 
     </span>
    </p>
   </div>
   <div class='ocr_carea' id='block_1_26' title="bbox 393 2537 1903 2614">
    <p class='ocr_par' dir='ltr' id='par_1_26' title="bbox 393 2537 1903 2614">
     <span class='ocr_line' id='line_1_26' title="bbox 393 2537 1903 2614; baseline 0.003 -25"><span class='ocrx_word' id='word_1_141' title='bbox 393 2556 412 2589; x_wconf 79' lang='grc' dir='ltr'><strong>ι</strong></span> <span class='ocrx_word' id='word_1_142' title='bbox 459 2537 526 2590; x_wconf 88' lang='grc' dir='ltr'>Τί</span> <span class='ocrx_word' id='word_1_143' title='bbox 554 2537 854 2609; x_wconf 72' lang='grc' dir='ltr'>ἐτόλμησεν</span> <span class='ocrx_word' id='word_1_144' title='bbox 881 2540 915 2611; x_wconf 87' lang='grc' dir='ltr'><strong>ἡ</strong></span> <span class='ocrx_word' id='word_1_145' title='bbox 963 2538 1160 2612; x_wconf 84' lang='grc' dir='ltr'>καρδία</span> <span class='ocrx_word' id='word_1_146' title='bbox 1202 2557 1318 2608; x_wconf 91' lang='grc' dir='ltr'>σου,</span> <span class='ocrx_word' id='word_1_147' title='bbox 1351 2541 1432 2596; x_wconf 76' lang='grc' dir='ltr'><strong>ὅτι</strong></span> <span class='ocrx_word' id='word_1_148' title='bbox 1467 2540 1640 2613; x_wconf 74' lang='grc' dir='ltr'>θυμὸν</span> <span class='ocrx_word' id='word_1_149' title='bbox 1667 2540 1903 2614; x_wconf 74' lang='grc' dir='ltr'>ἔρῤηξας</span> 
     </span>
    </p>
   </div>
   <div class='ocr_carea' id='block_1_27' title="bbox 312 2628 834 2702">
    <p class='ocr_par' dir='ltr' id='par_1_27' title="bbox 312 2628 834 2702">
     <span class='ocr_line' id='line_1_27' title="bbox 312 2628 834 2702; baseline 0.004 -21"><span class='ocrx_word' id='word_1_150' title='bbox 312 2628 498 2684; x_wconf 80' lang='grc' dir='ltr'>ἔναντι</span> <span class='ocrx_word' id='word_1_151' title='bbox 531 2629 738 2702; x_wconf 78' lang='grc' dir='ltr'>Κυρίου</span> <span class='ocrx_word' id='word_1_152' title='bbox 759 2647 774 2698; x_wconf 87' lang='lat'><strong>;</strong></span> <span class='ocrx_word' id='word_1_153' title='bbox 816 2648 834 2683; x_wconf 80' lang='grc' dir='ltr'><strong>ι</strong></span> 
     </span>
    </p>
   </div>
   <div class='ocr_carea' id='block_1_28' title="bbox 393 2809 1900 2885">
    <p class='ocr_par' dir='ltr' id='par_1_28' title="bbox 393 2809 1900 2885">
     <span class='ocr_line' id='line_1_28' title="bbox 393 2809 1900 2885; baseline -0.001 -20"><span class='ocrx_word' id='word_1_154' title='bbox 393 2830 415 2865; x_wconf 68' lang='grc' dir='ltr'><strong>ι</strong></span> <span class='ocrx_word' id='word_1_155' title='bbox 461 2810 869 2885; x_wconf 81' lang='grc' dir='ltr'>Ἐξολοθρεὺσει</span> <span class='ocrx_word' id='word_1_156' title='bbox 897 2809 1106 2880; x_wconf 84' lang='grc' dir='ltr'>Κύριος</span> <span class='ocrx_word' id='word_1_157' title='bbox 1141 2811 1320 2865; x_wconf 89' lang='grc' dir='ltr'>πάντα</span> <span class='ocrx_word' id='word_1_158' title='bbox 1357 2811 1427 2864; x_wconf 88' lang='grc' dir='ltr'><strong>τά</strong></span> <span class='ocrx_word' id='word_1_159' title='bbox 1451 2811 1602 2880; x_wconf 88' lang='grc' dir='ltr'>χείλη</span> <span class='ocrx_word' id='word_1_160' title='bbox 1633 2810 1702 2864; x_wconf 83' lang='grc' dir='ltr'>τὰ</span> <span class='ocrx_word' id='word_1_161' title='bbox 1729 2810 1900 2876; x_wconf 86' lang='grc' dir='ltr'>δόλια,</span> 
     </span>
    </p>
   </div>
   <div class='ocr_carea' id='block_1_29' title="bbox 304 2902 1905 2975">
    <p class='ocr_par' dir='ltr' id='par_1_29' title="bbox 304 2902 1905 2975">
     <span class='ocr_line' id='line_1_29' title="bbox 304 2902 1905 2975; baseline -0.001 -17"><span class='ocrx_word' id='word_1_162' title='bbox 304 2905 569 2973; x_wconf 82' lang='grc' dir='ltr'>γλῶσσαν</span> <span class='ocrx_word' id='word_1_163' title='bbox 598 2904 1058 2975; x_wconf 79' lang='grc' dir='ltr'>μεγαλορρήμονα</span> <span class='ocrx_word' id='word_1_164' title='bbox 1077 2919 1090 2930; x_wconf 85' lang='grc'><em>’</em></span> <span class='ocrx_word' id='word_1_165' title='bbox 1123 2904 1250 2966; x_wconf 84' lang='grc' dir='ltr'>τοὺς</span> <span class='ocrx_word' id='word_1_166' title='bbox 1287 2903 1562 2967; x_wconf 80' lang='grc' dir='ltr'>εἰπόντας,</span> <span class='ocrx_word' id='word_1_167' title='bbox 1586 2902 1698 2973; x_wconf 76' lang='grc' dir='ltr'>Τὴν</span> <span class='ocrx_word' id='word_1_168' title='bbox 1729 2903 1905 2972; x_wconf 83' lang='grc' dir='ltr'>γλῶσ-</span> 
     </span>
    </p>
   </div>
   <div class='ocr_carea' id='block_1_30' title="bbox 313 2993 1904 3070">
    <p class='ocr_par' dir='ltr' id='par_1_30' title="bbox 313 2993 1904 3070">
     <span class='ocr_line' id='line_1_30' title="bbox 313 2993 1904 3070; baseline -0.004 -15"><span class='ocrx_word' id='word_1_169' title='bbox 313 3016 418 3055; x_wconf 90' lang='grc' dir='ltr'><strong>σαν</strong></span> <span class='ocrx_word' id='word_1_170' title='bbox 447 2996 605 3070; x_wconf 84' lang='grc' dir='ltr'>ἡμῶν</span> <span class='ocrx_word' id='word_1_171' title='bbox 631 2995 1048 3067; x_wconf 83' lang='grc' dir='ltr'>μεγαλυνοῦμεν</span> <span class='ocrx_word' id='word_1_172' title='bbox 1067 3037 1082 3060; x_wconf 98' lang='grc'><strong>,</strong></span> <span class='ocrx_word' id='word_1_173' title='bbox 1126 2994 1198 3048; x_wconf 82' lang='grc' dir='ltr'><strong>τὰ</strong></span> <span class='ocrx_word' id='word_1_174' title='bbox 1227 2994 1383 3067; x_wconf 83' lang='grc' dir='ltr'>χείλη</span> <span class='ocrx_word' id='word_1_175' title='bbox 1417 2994 1575 3066; x_wconf 79' lang='grc' dir='ltr'>ἡμῶν</span> <span class='ocrx_word' id='word_1_176' title='bbox 1603 2993 1736 3064; x_wconf 88' lang='grc' dir='ltr'>παρ’</span> <span class='ocrx_word' id='word_1_177' title='bbox 1771 2996 1904 3066; x_wconf 73' lang='grc' dir='ltr'>ἡμῖν</span> 
     </span>
    </p>
   </div>
   <div class='ocr_carea' id='block_1_31' title="bbox 307 3088 1261 3161">
    <p class='ocr_par' dir='ltr' id='par_1_31' title="bbox 307 3088 1261 3161">
     <span class='ocr_line' id='line_1_31' title="bbox 307 3088 1261 3161; baseline -0.004 -16"><span class='ocrx_word' id='word_1_178' title='bbox 307 3095 433 3146; x_wconf 82' lang='grc' dir='ltr'>ἐστι</span> <span class='ocrx_word' id='word_1_179' title='bbox 458 3107 473 3121; x_wconf 87' lang='grc'><strong>·</strong></span> <span class='ocrx_word' id='word_1_180' title='bbox 505 3090 590 3154; x_wconf 87' lang='grc' dir='ltr'><strong>τίς</strong></span> <span class='ocrx_word' id='word_1_181' title='bbox 615 3089 774 3161; x_wconf 77' lang='grc' dir='ltr'>ἡμῶν</span> <span class='ocrx_word' id='word_1_182' title='bbox 802 3088 992 3161; x_wconf 83' lang='grc' dir='ltr'>κύριός</span> <span class='ocrx_word' id='word_1_183' title='bbox 1025 3089 1206 3155; x_wconf 74' lang='grc' dir='ltr'>ὲστινς</span> <span class='ocrx_word' id='word_1_184' title='bbox 1243 3107 1261 3140; x_wconf 76' lang='grc' dir='ltr'><strong>ι</strong></span> 
     </span>
    </p>
   </div>
   <div class='ocr_carea' id='block_1_32' title="bbox 391 3176 1898 3252">
    <p class='ocr_par' dir='ltr' id='par_1_32' title="bbox 391 3176 1898 3252">
     <span class='ocr_line' id='line_1_32' title="bbox 391 3176 1898 3252; baseline -0.003 -18"><span class='ocrx_word' id='word_1_185' title='bbox 391 3200 412 3234; x_wconf 86' lang='grc'><strong>‹</strong></span> <span class='ocrx_word' id='word_1_186' title='bbox 457 3180 920 3252; x_wconf 81' lang='grc' dir='ltr'>Ἀφανισθὴσεται</span> <span class='ocrx_word' id='word_1_187' title='bbox 947 3180 1256 3250; x_wconf 80' lang='grc' dir='ltr'>Σαμάρεια,</span> <span class='ocrx_word' id='word_1_188' title='bbox 1283 3179 1365 3232; x_wconf 81' lang='grc' dir='ltr'>ὅτι</span> <span class='ocrx_word' id='word_1_189' title='bbox 1391 3178 1614 3232; x_wconf 79' lang='grc' dir='ltr'>ἀντεῖπε</span> <span class='ocrx_word' id='word_1_190' title='bbox 1646 3177 1782 3248; x_wconf 70' lang='grc' dir='ltr'>πρδς</span> <span class='ocrx_word' id='word_1_191' title='bbox 1806 3176 1898 3230; x_wconf 83' lang='grc' dir='ltr'>τὸν</span> 
     </span>
    </p>
   </div>
   <div class='ocr_carea' id='block_1_33' title="bbox 310 3268 1898 3345">
    <p class='ocr_par' dir='ltr' id='par_1_33' title="bbox 310 3268 1898 3345">
     <span class='ocr_line' id='line_1_33' title="bbox 310 3268 1898 3345; baseline -0.003 -16"><span class='ocrx_word' id='word_1_192' title='bbox 310 3275 446 3330; x_wconf 85' lang='grc' dir='ltr'>Θεδν</span> <span class='ocrx_word' id='word_1_193' title='bbox 489 3273 703 3345; x_wconf 76' lang='grc' dir='ltr'>αὑτῆςο</span> <span class='ocrx_word' id='word_1_194' title='bbox 755 3273 813 3326; x_wconf 78' lang='grc' dir='ltr'><strong>ὲν</strong></span> <span class='ocrx_word' id='word_1_195' title='bbox 865 3271 1111 3344; x_wconf 77' lang='grc' dir='ltr'>ῥομφαίᾳ</span> <span class='ocrx_word' id='word_1_196' title='bbox 1157 3269 1452 3324; x_wconf 81' lang='grc' dir='ltr'>πεσοῦνται</span> <span class='ocrx_word' id='word_1_197' title='bbox 1499 3269 1674 3338; x_wconf 72' lang='grc' dir='ltr'>αὐτοὶ,</span> <span class='ocrx_word' id='word_1_198' title='bbox 1703 3269 1800 3324; x_wconf 80' lang='grc' dir='ltr'>καὶ</span> <span class='ocrx_word' id='word_1_199' title='bbox 1828 3268 1898 3324; x_wconf 80' lang='grc' dir='ltr'>τὰ</span> 
     </span>
    </p>
   </div>
   <div class='ocr_carea' id='block_1_34' title="bbox 310 3362 1374 3434">
    <p class='ocr_par' dir='ltr' id='par_1_34' title="bbox 310 3362 1374 3434">
     <span class='ocr_line' id='line_1_34' title="bbox 310 3362 1374 3434; baseline -0.008 -12"><span class='ocrx_word' id='word_1_200' title='bbox 310 3366 598 3422; x_wconf 74' lang='grc' dir='ltr'>ὁποτίτθια</span> <span class='ocrx_word' id='word_1_201' title='bbox 629 3364 808 3421; x_wconf 84' lang='grc' dir='ltr'>αὐτῶν</span> <span class='ocrx_word' id='word_1_202' title='bbox 842 3362 1318 3434; x_wconf 82' lang='grc' dir='ltr'>ὲδαφισθήσονται.</span> <span class='ocrx_word' id='word_1_203' title='bbox 1356 3381 1374 3413; x_wconf 76' lang='grc' dir='ltr'><strong>ι</strong></span> 
     </span>
    </p>
   </div>
   <div class='ocr_carea' id='block_1_35' title="bbox 390 3453 1890 3526">
    <p class='ocr_par' dir='ltr' id='par_1_35' title="bbox 390 3453 1890 3526">
     <span class='ocr_line' id='line_1_35' title="bbox 390 3453 1890 3526; baseline -0.003 -14"><span class='ocrx_word' id='word_1_204' title='bbox 390 3481 408 3512; x_wconf 76' lang='grc' dir='ltr'><strong>ι</strong></span> <span class='ocrx_word' id='word_1_205' title='bbox 443 3459 735 3514; x_wconf 77' lang='grc' dir='ltr'>Μεθύσατε</span> <span class='ocrx_word' id='word_1_206' title='bbox 770 3457 954 3523; x_wconf 83' lang='grc' dir='ltr'>αὑτὸν,</span> <span class='ocrx_word' id='word_1_207' title='bbox 979 3457 1062 3511; x_wconf 83' lang='grc' dir='ltr'>ὅτι</span> <span class='ocrx_word' id='word_1_208' title='bbox 1089 3456 1182 3510; x_wconf 73' lang='grc' dir='ltr'>ἐπὶ</span> <span class='ocrx_word' id='word_1_209' title='bbox 1215 3456 1421 3526; x_wconf 83' lang='grc' dir='ltr'>Κύριον</span> <span class='ocrx_word' id='word_1_210' title='bbox 1452 3453 1822 3525; x_wconf 75' lang='grc' dir='ltr'>ἐμεγαλύνθη.</span> <span class='ocrx_word' id='word_1_211' title='bbox 1870 3472 1890 3507; x_wconf 72' lang='grc' dir='ltr'><strong>ι</strong></span> 
     </span>
    </p>
   </div>
   <div class='ocr_carea' id='block_1_36' title="bbox 387 3631 1897 3706">
    <p class='ocr_par' dir='ltr' id='par_1_36' title="bbox 387 3631 1897 3706">
     <span class='ocr_line' id='line_1_36' title="bbox 387 3631 1897 3706; baseline -0.001 -18"><span class='ocrx_word' id='word_1_212' title='bbox 387 3655 407 3688; x_wconf 75' lang='grc' dir='ltr'><strong>ι</strong></span> <span class='ocrx_word' id='word_1_213' title='bbox 442 3634 584 3690; x_wconf 78' lang='grc' dir='ltr'>Τάδε</span> <span class='ocrx_word' id='word_1_214' title='bbox 629 3634 779 3704; x_wconf 79' lang='grc' dir='ltr'>λέγει</span> <span class='ocrx_word' id='word_1_215' title='bbox 805 3632 1048 3706; x_wconf 77' lang='grc' dir='ltr'>Κύριοςο</span> <span class='ocrx_word' id='word_1_216' title='bbox 1092 3631 1312 3704; x_wconf 81' lang='grc' dir='ltr'>Ἐπειδὴ</span> <span class='ocrx_word' id='word_1_217' title='bbox 1340 3632 1580 3697; x_wconf 82' lang='grc' dir='ltr'>δέδωκας</span> <span class='ocrx_word' id='word_1_218' title='bbox 1621 3633 1723 3704; x_wconf 81' lang='grc' dir='ltr'>τὴν</span> <span class='ocrx_word' id='word_1_219' title='bbox 1757 3651 1897 3706; x_wconf 82' lang='grc' dir='ltr'>καρ-</span> 
     </span>
    </p>
   </div>
   <div class='ocr_carea' id='block_1_37' title="bbox 305 3722 1895 3795">
    <p class='ocr_par' dir='ltr' id='par_1_37' title="bbox 305 3722 1895 3795">
     <span class='ocr_line' id='line_1_37' title="bbox 305 3722 1895 3795; baseline -0.003 -15"><span class='ocrx_word' id='word_1_220' title='bbox 305 3727 429 3780; x_wconf 89' lang='grc' dir='ltr'>δίαν</span> <span class='ocrx_word' id='word_1_221' title='bbox 461 3743 555 3780; x_wconf 90' lang='grc' dir='ltr'>σου</span> <span class='ocrx_word' id='word_1_222' title='bbox 579 3725 656 3789; x_wconf 82' lang='grc' dir='ltr'>ὡς</span> <span class='ocrx_word' id='word_1_223' title='bbox 691 3724 920 3795; x_wconf 86' lang='grc' dir='ltr'>καρδίαν</span> <span class='ocrx_word' id='word_1_224' title='bbox 941 3722 1100 3786; x_wconf 83' lang='grc' dir='ltr'>Θεοῦ,</span> <span class='ocrx_word' id='word_1_225' title='bbox 1133 3723 1247 3776; x_wconf 81' lang='grc' dir='ltr'>ίδοὺ</span> <span class='ocrx_word' id='word_1_226' title='bbox 1287 3723 1478 3791; x_wconf 72' lang='grc' dir='ltr'>ἐπάγω</span> <span class='ocrx_word' id='word_1_227' title='bbox 1505 3722 1600 3775; x_wconf 78' lang='grc' dir='ltr'><strong>ἐπὶ</strong></span> <span class='ocrx_word' id='word_1_228' title='bbox 1638 3723 1696 3776; x_wconf 69' lang='grc' dir='ltr'>σὺ</span> <span class='ocrx_word' id='word_1_229' title='bbox 1737 3723 1895 3777; x_wconf 85' lang='grc' dir='ltr'>ἁλλο-</span> 
     </span>
    </p>
   </div>
   <div class='ocr_carea' id='block_1_38' title="bbox 303 3813 1897 3892">
    <p class='ocr_par' dir='ltr' id='par_1_38' title="bbox 303 3813 1897 3892">
     <span class='ocr_line' id='line_1_38' title="bbox 303 3813 1897 3892; baseline -0.004 -18"><span class='ocrx_word' id='word_1_230' title='bbox 303 3821 514 3892; x_wconf 84' lang='grc' dir='ltr'>τρίους,</span> <span class='ocrx_word' id='word_1_231' title='bbox 550 3817 775 3890; x_wconf 80' lang='grc' dir='ltr'>λοιμοὺς</span> <span class='ocrx_word' id='word_1_232' title='bbox 809 3815 1001 3881; x_wconf 72' lang='grc' dir='ltr'>ἐθνῶν,</span> <span class='ocrx_word' id='word_1_233' title='bbox 1037 3815 1132 3869; x_wconf 78' lang='grc' dir='ltr'>καὶ</span> <span class='ocrx_word' id='word_1_234' title='bbox 1166 3813 1537 3869; x_wconf 78' lang='grc' dir='ltr'>ὲκκενώσουσι</span> <span class='ocrx_word' id='word_1_235' title='bbox 1563 3813 1660 3878; x_wconf 82' lang='grc' dir='ltr'>τὰς</span> <span class='ocrx_word' id='word_1_236' title='bbox 1698 3814 1897 3886; x_wconf 82' lang='grc' dir='ltr'>μαχαί-</span> 
     </span>
    </p>
   </div>
   <div class='ocr_carea' id='block_1_39' title="bbox 308 3905 1895 3984">
    <p class='ocr_par' dir='ltr' id='par_1_39' title="bbox 308 3905 1895 3984">
     <span class='ocr_line' id='line_1_39' title="bbox 308 3905 1895 3984; baseline -0.004 -18"><span class='ocrx_word' id='word_1_237' title='bbox 308 3928 413 3984; x_wconf 85' lang='grc' dir='ltr'>ρας</span> <span class='ocrx_word' id='word_1_238' title='bbox 437 3909 619 3965; x_wconf 83' lang='grc' dir='ltr'>αὐτῶν</span> <span class='ocrx_word' id='word_1_239' title='bbox 649 3910 741 3963; x_wconf 74' lang='grc' dir='ltr'><strong>ἐπὶ</strong></span> <span class='ocrx_word' id='word_1_240' title='bbox 776 3909 856 3973; x_wconf 85' lang='grc' dir='ltr'><strong>σὲ,</strong></span> <span class='ocrx_word' id='word_1_241' title='bbox 882 3909 977 3961; x_wconf 70' lang='grc' dir='ltr'>καὶ</span> <span class='ocrx_word' id='word_1_242' title='bbox 1005 3908 1100 3960; x_wconf 77' lang='grc' dir='ltr'>ἐπὶ</span> <span class='ocrx_word' id='word_1_243' title='bbox 1129 3906 1191 3959; x_wconf 82' lang='grc' dir='ltr'>τὸ</span> <span class='ocrx_word' id='word_1_244' title='bbox 1227 3905 1423 3970; x_wconf 85' lang='grc' dir='ltr'>κάλλος</span> <span class='ocrx_word' id='word_1_245' title='bbox 1455 3905 1558 3975; x_wconf 78' lang='grc' dir='ltr'>τῆς</span> <span class='ocrx_word' id='word_1_246' title='bbox 1581 3907 1895 3978; x_wconf 75' lang='grc' dir='ltr'>ἐπιστήμης</span> 
     </span>
    </p>
   </div>
   <div class='ocr_carea' id='block_1_40' title="bbox 306 3996 1815 4073">
    <p class='ocr_par' dir='ltr' id='par_1_40' title="bbox 306 3996 1815 4073">
     <span class='ocr_line' id='line_1_40' title="bbox 306 3996 1815 4073; baseline -0.004 -17"><span class='ocrx_word' id='word_1_247' title='bbox 306 4019 428 4067; x_wconf 87' lang='grc' dir='ltr'>σου,</span> <span class='ocrx_word' id='word_1_248' title='bbox 460 4003 556 4058; x_wconf 77' lang='grc' dir='ltr'><strong>καὶ</strong></span> <span class='ocrx_word' id='word_1_249' title='bbox 582 4000 890 4073; x_wconf 86' lang='grc' dir='ltr'>στρὼσουσι</span> <span class='ocrx_word' id='word_1_250' title='bbox 921 4000 984 4054; x_wconf 84' lang='grc' dir='ltr'><strong>τὸ</strong></span> <span class='ocrx_word' id='word_1_251' title='bbox 1013 3998 1212 4066; x_wconf 67' lang='grc' dir='ltr'>κάλλος</span> <span class='ocrx_word' id='word_1_252' title='bbox 1234 4015 1329 4052; x_wconf 90' lang='grc' dir='ltr'>σου</span> <span class='ocrx_word' id='word_1_253' title='bbox 1351 4000 1432 4060; x_wconf 83' lang='grc' dir='ltr'><strong>είς</strong></span> <span class='ocrx_word' id='word_1_254' title='bbox 1451 3996 1752 4053; x_wconf 82' lang='grc' dir='ltr'>ἀπώλειαν.</span> <span class='ocrx_word' id='word_1_255' title='bbox 1797 4017 1815 4050; x_wconf 79' lang='grc' dir='ltr'><strong>ι</strong></span> 
     </span>
    </p>
   </div>
   <div class='ocr_carea' id='block_1_41' title="bbox 383 4176 1894 4250">
    <p class='ocr_par' dir='ltr' id='par_1_41' title="bbox 383 4176 1894 4250">
     <span class='ocr_line' id='line_1_41' title="bbox 383 4176 1894 4250; baseline -0.002 -15"><span class='ocrx_word' id='word_1_256' title='bbox 383 4200 404 4236; x_wconf 78' lang='grc' dir='ltr'><strong>ι</strong></span> <span class='ocrx_word' id='word_1_257' title='bbox 436 4179 824 4250; x_wconf 80' lang='grc' dir='ltr'>Φιλάνθρωπον</span> <span class='ocrx_word' id='word_1_258' title='bbox 851 4178 1070 4250; x_wconf 84' lang='grc' dir='ltr'>πνεῦμα</span> <span class='ocrx_word' id='word_1_259' title='bbox 1089 4178 1302 4248; x_wconf 72' lang='grc' dir='ltr'>σοφίας,</span> <span class='ocrx_word' id='word_1_260' title='bbox 1334 4178 1430 4232; x_wconf 71' lang='grc' dir='ltr'><strong>καὶ</strong></span> <span class='ocrx_word' id='word_1_261' title='bbox 1453 4177 1516 4232; x_wconf 80' lang='grc' dir='ltr'>οὐ</span> <span class='ocrx_word' id='word_1_262' title='bbox 1549 4176 1894 4250; x_wconf 85' lang='grc' dir='ltr'>κατορθώσει</span> 
     </span>
    </p>
   </div>
   <div class='ocr_carea' id='block_1_42' title="bbox 307 4270 1307 4346">
    <p class='ocr_par' dir='ltr' id='par_1_42' title="bbox 307 4270 1307 4346">
     <span class='ocr_line' id='line_1_42' title="bbox 307 4270 1307 4346; baseline -0.005 -19"><span class='ocrx_word' id='word_1_263' title='bbox 307 4274 629 4346; x_wconf 85' lang='grc' dir='ltr'>βλάσφημον</span> <span class='ocrx_word' id='word_1_264' title='bbox 661 4273 769 4328; x_wconf 83' lang='grc' dir='ltr'><strong>ἀπὸ</strong></span> <span class='ocrx_word' id='word_1_265' title='bbox 795 4273 1020 4343; x_wconf 82' lang='grc' dir='ltr'>χειλέων</span> <span class='ocrx_word' id='word_1_266' title='bbox 1056 4270 1244 4328; x_wconf 84' lang='grc' dir='ltr'>αὐτοῦ.</span> <span class='ocrx_word' id='word_1_267' title='bbox 1287 4289 1307 4322; x_wconf 77' lang='grc' dir='ltr'><strong>ι</strong></span> 
     </span>
    </p>
   </div>
   <div class='ocr_carea' id='block_1_43' title="bbox 382 4365 1892 4439">
    <p class='ocr_par' dir='ltr' id='par_1_43' title="bbox 382 4365 1892 4439">
     <span class='ocr_line' id='line_1_43' title="bbox 382 4365 1892 4439; baseline -0.001 -18"><span class='ocrx_word' id='word_1_268' title='bbox 382 4385 403 4421; x_wconf 74' lang='grc' dir='ltr'><strong>ι</strong></span> <span class='ocrx_word' id='word_1_269' title='bbox 449 4367 510 4422; x_wconf 89' lang='lat'><strong>&#39;0</strong></span> <span class='ocrx_word' id='word_1_270' title='bbox 545 4367 754 4439; x_wconf 79' lang='grc' dir='ltr'>βάλλων</span> <span class='ocrx_word' id='word_1_271' title='bbox 788 4365 935 4422; x_wconf 87' lang='grc' dir='ltr'>λίθον</span> <span class='ocrx_word' id='word_1_272' title='bbox 963 4368 1044 4430; x_wconf 86' lang='grc' dir='ltr'><strong>είς</strong></span> <span class='ocrx_word' id='word_1_273' title='bbox 1072 4366 1226 4438; x_wconf 81' lang='grc' dir='ltr'>ὕψος,</span> <span class='ocrx_word' id='word_1_274' title='bbox 1263 4367 1356 4420; x_wconf 74' lang='grc' dir='ltr'>ἐπὶ</span> <span class='ocrx_word' id='word_1_275' title='bbox 1382 4365 1482 4439; x_wconf 76' lang='grc' dir='ltr'><strong>τὴν</strong></span> <span class='ocrx_word' id='word_1_276' title='bbox 1528 4365 1768 4439; x_wconf 80' lang='grc' dir='ltr'>κεφαλὴν</span> <span class='ocrx_word' id='word_1_277' title='bbox 1791 4366 1892 4420; x_wconf 84' lang='grc' dir='ltr'>αὐ-</span> 
     </span>
    </p>
   </div>
   <div class='ocr_carea' id='block_1_44' title="bbox 303 4459 700 4530">
    <p class='ocr_par' dir='ltr' id='par_1_44' title="bbox 303 4459 700 4530">
     <span class='ocr_line' id='line_1_44' title="bbox 303 4459 700 4530; baseline -0.008 -16"><span class='ocrx_word' id='word_1_278' title='bbox 303 4459 401 4514; x_wconf 90' lang='grc' dir='ltr'><strong>τοῦ</strong></span> <span class='ocrx_word' id='word_1_279' title='bbox 438 4459 644 4530; x_wconf 83' lang='grc' dir='ltr'>βάλλει.</span> <span class='ocrx_word' id='word_1_280' title='bbox 681 4478 700 4511; x_wconf 76' lang='grc' dir='ltr'><strong>ι</strong></span> 
     </span>
    </p>
   </div>
   <div class='ocr_carea' id='block_1_45' title="bbox 383 4550 1887 4624">
    <p class='ocr_par' dir='ltr' id='par_1_45' title="bbox 383 4550 1887 4624">
     <span class='ocr_line' id='line_1_45' title="bbox 383 4550 1887 4624; baseline 0.002 -20"><span class='ocrx_word' id='word_1_281' title='bbox 383 4570 404 4604; x_wconf 74' lang='grc' dir='ltr'><strong>ι</strong></span> <span class='ocrx_word' id='word_1_282' title='bbox 437 4552 595 4606; x_wconf 76' lang='grc' dir='ltr'>Πᾶσα</span> <span class='ocrx_word' id='word_1_283' title='bbox 632 4550 875 4623; x_wconf 79' lang='grc' dir='ltr'>ἁμαρτία</span> <span class='ocrx_word' id='word_1_284' title='bbox 931 4550 1266 4621; x_wconf 84' lang='grc' dir='ltr'>ἀφεθήσεται</span> <span class='ocrx_word' id='word_1_285' title='bbox 1298 4553 1413 4615; x_wconf 77' lang='grc' dir='ltr'>τοῖς</span> <span class='ocrx_word' id='word_1_286' title='bbox 1435 4550 1772 4624; x_wconf 78' lang='grc' dir='ltr'>ἀνθρώποις·</span> <span class='ocrx_word' id='word_1_287' title='bbox 1809 4552 1887 4624; x_wconf 85' lang='grc' dir='ltr'>τῷ</span> 
     </span>
    </p>
   </div>
   <div class='ocr_carea' id='block_1_46' title="bbox 301 4619 1886 4716">
    <p class='ocr_par' dir='ltr' id='par_1_46' title="bbox 301 4619 1886 4716">
     <span class='ocr_line' id='line_1_46' title="bbox 301 4619 1886 4716; baseline 0.001 -20"><span class='ocrx_word' id='word_1_288' title='bbox 301 4641 362 4696; x_wconf 76' lang='grc' dir='ltr'>δὲ</span> <span class='ocrx_word' id='word_1_289' title='bbox 391 4645 470 4707; x_wconf 85' lang='grc' dir='ltr'><strong>είς</strong></span> <span class='ocrx_word' id='word_1_290' title='bbox 499 4643 563 4698; x_wconf 81' lang='grc' dir='ltr'>τὸ</span> <span class='ocrx_word' id='word_1_291' title='bbox 590 4619 1006 4714; x_wconf 26' lang='grc' dir='ltr'>ἅγιονἾΠνεῦμα</span> <span class='ocrx_word' id='word_1_292' title='bbox 1036 4619 1490 4716; x_wconf 48' lang='grc' dir='ltr'>βλασφημήσαντι</span> <span class='ocrx_word' id='word_1_293' title='bbox 1522 4619 1624 4697; x_wconf 79' lang='grc' dir='ltr'><strong>οὐκ</strong></span> <span class='ocrx_word' id='word_1_294' title='bbox 1675 4619 1886 4716; x_wconf 49' lang='grc' dir='ltr'>ἀφεθήλ</span> 
     </span>
    </p>
   </div>
   <div class='ocr_carea' id='block_1_47' title="bbox 305 4733 1852 4807">
    <p class='ocr_par' dir='ltr' id='par_1_47' title="bbox 305 4733 1852 4807">
     <span class='ocr_line' id='line_1_47' title="bbox 305 4733 1852 4807; baseline 0.001 -19"><span class='ocrx_word' id='word_1_295' title='bbox 305 4751 484 4802; x_wconf 85' lang='grc' dir='ltr'>σεται,</span> <span class='ocrx_word' id='word_1_296' title='bbox 513 4734 637 4788; x_wconf 77' lang='grc' dir='ltr'>οὐδὲ</span> <span class='ocrx_word' id='word_1_297' title='bbox 668 4736 726 4789; x_wconf 82' lang='grc' dir='ltr'><strong>ὲν</strong></span> <span class='ocrx_word' id='word_1_298' title='bbox 749 4733 828 4806; x_wconf 83' lang='grc' dir='ltr'><strong>τῷ</strong></span> <span class='ocrx_word' id='word_1_299' title='bbox 847 4733 942 4789; x_wconf 88' lang='grc' dir='ltr'><strong>νῦν</strong></span> <span class='ocrx_word' id='word_1_300' title='bbox 971 4733 1152 4802; x_wconf 87' lang='grc' dir='ltr'>αίῶνι,</span> <span class='ocrx_word' id='word_1_301' title='bbox 1175 4734 1297 4790; x_wconf 82' lang='grc' dir='ltr'>οὐδὲ</span> <span class='ocrx_word' id='word_1_302' title='bbox 1329 4735 1388 4788; x_wconf 76' lang='grc' dir='ltr'><strong>ὲν</strong></span> <span class='ocrx_word' id='word_1_303' title='bbox 1409 4734 1487 4806; x_wconf 81' lang='grc' dir='ltr'>τῷ</span> <span class='ocrx_word' id='word_1_304' title='bbox 1518 4735 1788 4807; x_wconf 82' lang='grc' dir='ltr'>μέλλοντι.</span> <span class='ocrx_word' id='word_1_305' title='bbox 1831 4755 1852 4789; x_wconf 68' lang='grc' dir='ltr'><strong>ι</strong></span> 
     </span>
    </p>
   </div>
   <div class='ocr_carea' id='block_1_48' title="bbox 390 4909 1888 4986">
    <p class='ocr_par' dir='ltr' id='par_1_48' title="bbox 390 4909 1888 4986">
     <span class='ocr_line' id='line_1_48' title="bbox 390 4909 1888 4986; baseline 0.004 -21"><span class='ocrx_word' id='word_1_306' title='bbox 390 4910 450 4964; x_wconf 88' lang='lat'><strong>&#39;0</strong></span> <span class='ocrx_word' id='word_1_307' title='bbox 483 4910 584 4982; x_wconf 81' lang='grc' dir='ltr'>μὲν</span> <span class='ocrx_word' id='word_1_308' title='bbox 615 4909 966 4982; x_wconf 86' lang='grc' dir='ltr'>ἁμαρτάνων,</span> <span class='ocrx_word' id='word_1_309' title='bbox 1001 4911 1333 4982; x_wconf 76' lang='grc' dir='ltr'>παραϐαίνει</span> <span class='ocrx_word' id='word_1_310' title='bbox 1357 4912 1553 4984; x_wconf 78' lang='grc' dir='ltr'>νόμονο</span> <span class='ocrx_word' id='word_1_311' title='bbox 1577 4914 1606 4965; x_wconf 69' lang='grc' dir='ltr'><strong>δ</strong></span> <span class='ocrx_word' id='word_1_312' title='bbox 1626 4913 1684 4970; x_wconf 78' lang='grc' dir='ltr'>δὲ</span> <span class='ocrx_word' id='word_1_313' title='bbox 1719 4913 1888 4986; x_wconf 87' lang='grc' dir='ltr'>βλασ-</span> 
     </span>
    </p>
   </div>
   <div class='ocr_carea' id='block_1_49' title="bbox 303 5004 1453 5080">
    <p class='ocr_par' dir='ltr' id='par_1_49' title="bbox 303 5004 1453 5080">
     <span class='ocr_line' id='line_1_49' title="bbox 303 5004 1453 5080; baseline 0.003 -21"><span class='ocrx_word' id='word_1_314' title='bbox 303 5006 526 5080; x_wconf 78' lang='grc' dir='ltr'>φημῶν,</span> <span class='ocrx_word' id='word_1_315' title='bbox 553 5007 634 5071; x_wconf 86' lang='grc' dir='ltr'><strong>είς</strong></span> <span class='ocrx_word' id='word_1_316' title='bbox 653 5004 824 5077; x_wconf 77' lang='grc' dir='ltr'>αὐτὴν</span> <span class='ocrx_word' id='word_1_317' title='bbox 850 5005 1039 5059; x_wconf 73' lang='grc' dir='ltr'>ἀσεϐεῖ</span> <span class='ocrx_word' id='word_1_318' title='bbox 1059 5004 1161 5078; x_wconf 80' lang='grc' dir='ltr'>τὴν</span> <span class='ocrx_word' id='word_1_319' title='bbox 1188 5005 1453 5078; x_wconf 82' lang='grc' dir='ltr'>Θεότητα.</span> 
     </span>
    </p>
   </div>
   <div class='ocr_carea' id='block_1_50' title="bbox 373 5184 1892 5261">
    <p class='ocr_par' dir='ltr' id='par_1_50' title="bbox 373 5184 1892 5261">
     <span class='ocr_line' id='line_1_50' title="bbox 373 5184 1892 5261; baseline 0.002 -19"><span class='ocrx_word' id='word_1_320' title='bbox 373 5188 513 5252; x_wconf 82' lang='grc' dir='ltr'>Τοὺς</span> <span class='ocrx_word' id='word_1_321' title='bbox 540 5187 599 5240; x_wconf 83' lang='grc' dir='ltr'>ὲν</span> <span class='ocrx_word' id='word_1_322' title='bbox 619 5189 687 5258; x_wconf 77' lang='grc' dir='ltr'>τῇ</span> <span class='ocrx_word' id='word_1_323' title='bbox 711 5185 863 5239; x_wconf 86' lang='grc' dir='ltr'>πόλει</span> <span class='ocrx_word' id='word_1_324' title='bbox 895 5184 1378 5258; x_wconf 81' lang='grc' dir='ltr'>βλασφημοῦντας,</span> <span class='ocrx_word' id='word_1_325' title='bbox 1408 5188 1712 5261; x_wconf 77' lang='grc' dir='ltr'>σωφρόνιξε</span> <span class='ocrx_word' id='word_1_326' title='bbox 1737 5205 1752 5221; x_wconf 85' lang='lat'><strong><em>°</em></strong></span> <span class='ocrx_word' id='word_1_327' title='bbox 1786 5189 1892 5246; x_wconf 78' lang='grc' dir='ltr'>κᾶν</span> 
     </span>
    </p>
   </div>
   <div class='ocr_carea' id='block_1_51' title="bbox 298 5275 1892 5352">
    <p class='ocr_par' dir='ltr' id='par_1_51' title="bbox 298 5275 1892 5352">
     <span class='ocr_line' id='line_1_51' title="bbox 298 5275 1892 5352; baseline 0.003 -21"><span class='ocrx_word' id='word_1_328' title='bbox 298 5275 543 5348; x_wconf 78' lang='grc' dir='ltr'>ἀκούσῃς</span> <span class='ocrx_word' id='word_1_329' title='bbox 586 5275 735 5339; x_wconf 74' lang='grc' dir='ltr'>τινος</span> <span class='ocrx_word' id='word_1_330' title='bbox 781 5276 840 5330; x_wconf 81' lang='grc' dir='ltr'><strong>ὲν</strong></span> <span class='ocrx_word' id='word_1_331' title='bbox 868 5275 1120 5347; x_wconf 83' lang='grc' dir='ltr'>ἀμφόδῳ,</span> <span class='ocrx_word' id='word_1_332' title='bbox 1149 5277 1184 5346; x_wconf 80' lang='grc' dir='ltr'>ἢ</span> <span class='ocrx_word' id='word_1_333' title='bbox 1220 5277 1279 5332; x_wconf 78' lang='grc' dir='ltr'>ὲν</span> <span class='ocrx_word' id='word_1_334' title='bbox 1310 5278 1509 5350; x_wconf 83' lang='grc' dir='ltr'>ἀγορᾷ,</span> <span class='ocrx_word' id='word_1_335' title='bbox 1535 5279 1892 5352; x_wconf 78' lang='grc' dir='ltr'>ἐπιτίμησον,</span> 
     </span>
    </p>
   </div>
   <div class='ocr_carea' id='block_1_52' title="bbox 297 5367 1892 5447">
    <p class='ocr_par' dir='ltr' id='par_1_52' title="bbox 297 5367 1892 5447">
     <span class='ocr_line' id='line_1_52' title="bbox 297 5367 1892 5447; baseline 0.002 -22"><span class='ocrx_word' id='word_1_336' title='bbox 297 5369 405 5425; x_wconf 81' lang='grc' dir='ltr'>κᾶν</span> <span class='ocrx_word' id='word_1_337' title='bbox 433 5369 648 5440; x_wconf 78' lang='grc' dir='ltr'>πληγὰς</span> <span class='ocrx_word' id='word_1_338' title='bbox 697 5367 965 5423; x_wconf 65' lang='grc' dir='ltr'>ἐπιθεῖναι</span> <span class='ocrx_word' id='word_1_339' title='bbox 999 5368 1115 5441; x_wconf 77' lang='grc' dir='ltr'>δέῃ,</span> <span class='ocrx_word' id='word_1_340' title='bbox 1150 5371 1225 5442; x_wconf 84' lang='grc' dir='ltr'>μὴ</span> <span class='ocrx_word' id='word_1_341' title='bbox 1254 5373 1593 5447; x_wconf 81' lang='grc' dir='ltr'>παραιτήσῃ.</span> <span class='ocrx_word' id='word_1_342' title='bbox 1634 5373 1892 5428; x_wconf 80' lang='grc' dir='ltr'>Ῥἀπισον</span> 
     </span>
    </p>
   </div>
   <div class='ocr_carea' id='block_1_53' title="bbox 296 5459 1881 5536">
    <p class='ocr_par' dir='ltr' id='par_1_53' title="bbox 296 5459 1881 5536">
     <span class='ocr_line' id='line_1_53' title="bbox 296 5459 1881 5536; baseline 0.001 -20"><span class='ocrx_word' id='word_1_343' title='bbox 296 5460 464 5516; x_wconf 81' lang='grc' dir='ltr'>αὑτοῦ</span> <span class='ocrx_word' id='word_1_344' title='bbox 491 5461 591 5533; x_wconf 84' lang='grc' dir='ltr'><strong>τὴν</strong></span> <span class='ocrx_word' id='word_1_345' title='bbox 623 5461 767 5532; x_wconf 70' lang='grc' dir='ltr'>ὄψιν,</span> <span class='ocrx_word' id='word_1_346' title='bbox 801 5459 1090 5532; x_wconf 80' lang='grc' dir='ltr'>σύντριψον</span> <span class='ocrx_word' id='word_1_347' title='bbox 1127 5461 1296 5518; x_wconf 85' lang='grc' dir='ltr'>αὑτοῦ</span> <span class='ocrx_word' id='word_1_348' title='bbox 1324 5463 1386 5518; x_wconf 79' lang='grc' dir='ltr'>τὸ</span> <span class='ocrx_word' id='word_1_349' title='bbox 1423 5465 1619 5536; x_wconf 86' lang='grc' dir='ltr'>στόμα,</span> <span class='ocrx_word' id='word_1_350' title='bbox 1654 5464 1881 5536; x_wconf 78' lang='grc' dir='ltr'>ἀγίασόν</span> 
     </span>
    </p>
   </div>
   <div class='ocr_carea' id='block_1_54' title="bbox 301 5551 1876 5629">
    <p class='ocr_par' dir='ltr' id='par_1_54' title="bbox 301 5551 1876 5629">
     <span class='ocr_line' id='line_1_54' title="bbox 301 5551 1876 5629; baseline 0.003 -23"><span class='ocrx_word' id='word_1_351' title='bbox 301 5568 402 5606; x_wconf 89' lang='grc' dir='ltr'>σου</span> <span class='ocrx_word' id='word_1_352' title='bbox 424 5553 525 5623; x_wconf 82' lang='grc' dir='ltr'><strong>τὴν</strong></span> <span class='ocrx_word' id='word_1_353' title='bbox 556 5555 719 5625; x_wconf 82' lang='grc' dir='ltr'>χεῖρα</span> <span class='ocrx_word' id='word_1_354' title='bbox 745 5551 837 5608; x_wconf 81' lang='grc' dir='ltr'>διὰ</span> <span class='ocrx_word' id='word_1_355' title='bbox 862 5553 963 5626; x_wconf 82' lang='grc' dir='ltr'>τῆς</span> <span class='ocrx_word' id='word_1_356' title='bbox 989 5555 1230 5629; x_wconf 77' lang='grc' dir='ltr'>πληγῆς.</span> <span class='ocrx_word' id='word_1_357' title='bbox 1253 5554 1376 5610; x_wconf 81' lang='grc' dir='ltr'><strong>Κάν</strong></span> <span class='ocrx_word' id='word_1_358' title='bbox 1397 5555 1677 5625; x_wconf 78' lang='grc' dir='ltr'>ὲγκαλῶσί</span> <span class='ocrx_word' id='word_1_359' title='bbox 1706 5574 1876 5624; x_wconf 81' lang='grc' dir='ltr'>τινες,</span> 
     </span>
    </p>
   </div>
   <div class='ocr_carea' id='block_1_55' title="bbox 295 5644 1582 5720">
    <p class='ocr_par' dir='ltr' id='par_1_55' title="bbox 295 5644 1582 5720">
     <span class='ocr_line' id='line_1_55' title="bbox 295 5644 1582 5720; baseline 0.002 -19"><span class='ocrx_word' id='word_1_360' title='bbox 295 5644 401 5701; x_wconf 75' lang='grc' dir='ltr'><strong>κᾶν</strong></span> <span class='ocrx_word' id='word_1_361' title='bbox 431 5646 511 5711; x_wconf 87' lang='grc' dir='ltr'><strong>είς</strong></span> <span class='ocrx_word' id='word_1_362' title='bbox 533 5645 883 5718; x_wconf 83' lang='grc' dir='ltr'>δικαστήριον</span> <span class='ocrx_word' id='word_1_363' title='bbox 908 5649 1161 5713; x_wconf 72' lang='grc' dir='ltr'>ἕλκωσιν,</span> <span class='ocrx_word' id='word_1_364' title='bbox 1192 5647 1582 5720; x_wconf 79' lang='grc' dir='ltr'>ἀκολούθησον.</span> 
     </span>
    </p>
   </div>
   <div class='ocr_carea' id='block_1_56' title="bbox 2011 525 3590 600">
    <p class='ocr_par' dir='ltr' id='par_1_56' title="bbox 2011 525 3590 600">
     <span class='ocr_line' id='line_1_56' title="bbox 2011 525 3590 600; baseline 0.006 -20"><span class='ocrx_word' id='word_1_365' title='bbox 2011 541 2112 596; x_wconf 87' lang='lat' dir='ltr'><strong>per</strong></span> <span class='ocrx_word' id='word_1_366' title='bbox 2160 525 2264 579; x_wconf 82' lang='lat' dir='ltr'><strong>vim</strong></span> <span class='ocrx_word' id='word_1_367' title='bbox 2324 525 2550 590; x_wconf 77' lang='lat' dir='ltr'><strong>inﬂexa,</strong></span> <span class='ocrx_word' id='word_1_368' title='bbox 2599 529 2761 583; x_wconf 82' lang='lat' dir='ltr'><strong>simul</strong></span> <span class='ocrx_word' id='word_1_369' title='bbox 2812 539 2981 600; x_wconf 88' lang='lat' dir='ltr'><strong>atque</strong></span> <span class='ocrx_word' id='word_1_370' title='bbox 3018 529 3310 585; x_wconf 81' lang='lat' dir='ltr'><strong>dimissum</strong></span> <span class='ocrx_word' id='word_1_371' title='bbox 3359 538 3466 597; x_wconf 78' lang='lat' dir='ltr'><strong>est,</strong></span> <span class='ocrx_word' id='word_1_372' title='bbox 3521 534 3590 589; x_wconf 88' lang='lat' dir='ltr'><strong>ad</strong></span> 
     </span>
    </p>
   </div>
   <div class='ocr_carea' id='block_1_57' title="bbox 2011 617 3593 690">
    <p class='ocr_par' dir='ltr' id='par_1_57' title="bbox 2011 617 3593 690">
     <span class='ocr_line' id='line_1_57' title="bbox 2011 617 3593 690; baseline 0.006 -19"><span class='ocrx_word' id='word_1_373' title='bbox 2011 617 2252 686; x_wconf 86' lang='lat' dir='ltr'><strong>seipsum</strong></span> <span class='ocrx_word' id='word_1_374' title='bbox 2306 617 2508 672; x_wconf 85' lang='lat' dir='ltr'><strong>redire.</strong></span> <span class='ocrx_word' id='word_1_375' title='bbox 2569 619 2794 685; x_wconf 81' lang='lat' dir='ltr'><strong>Contra,</strong></span> <span class='ocrx_word' id='word_1_376' title='bbox 2849 621 2992 690; x_wconf 88' lang='lat' dir='ltr'><strong>quod</strong></span> <span class='ocrx_word' id='word_1_377' title='bbox 3047 623 3214 677; x_wconf 88' lang='lat' dir='ltr'><strong>animi</strong></span> <span class='ocrx_word' id='word_1_378' title='bbox 3270 623 3593 681; x_wconf 75' lang='lat' dir='ltr'><strong>inductione</strong></span> 
     </span>
    </p>
   </div>
   <div class='ocr_carea' id='block_1_58' title="bbox 2014 708 3589 788">
    <p class='ocr_par' dir='ltr' id='par_1_58' title="bbox 2014 708 3589 788">
     <span class='ocr_line' id='line_1_58' title="bbox 2014 708 3589 788; baseline 0.007 -27"><span class='ocrx_word' id='word_1_379' title='bbox 2014 710 2094 774; x_wconf 84' lang='lat' dir='ltr'><strong>ﬁt,</strong></span> <span class='ocrx_word' id='word_1_380' title='bbox 2155 708 2528 775; x_wconf 75' lang='lat' dir='ltr'><strong>iustissimum</strong></span> <span class='ocrx_word' id='word_1_381' title='bbox 2583 725 2647 765; x_wconf 88' lang='lat' dir='ltr'><strong>ac</strong></span> <span class='ocrx_word' id='word_1_382' title='bbox 2688 710 3064 768; x_wconf 79' lang='lat' dir='ltr'><strong>ﬁrmissimum</strong></span> <span class='ocrx_word' id='word_1_383' title='bbox 3101 724 3208 777; x_wconf 79' lang='lat' dir='ltr'><strong>est,</strong></span> <span class='ocrx_word' id='word_1_384' title='bbox 3241 725 3430 786; x_wconf 87' lang='lat' dir='ltr'><strong>utpote</strong></span> <span class='ocrx_word' id='word_1_385' title='bbox 3458 732 3589 788; x_wconf 88' lang='lat' dir='ltr'><strong>pro-</strong></span> 
     </span>
    </p>
   </div>
   <div class='ocr_carea' id='block_1_59' title="bbox 2011 800 3589 876">
    <p class='ocr_par' dir='ltr' id='par_1_59' title="bbox 2011 800 3589 876">
     <span class='ocr_line' id='line_1_59' title="bbox 2011 800 3589 876; baseline 0.009 -24"><span class='ocrx_word' id='word_1_386' title='bbox 2011 800 2297 868; x_wconf 89' lang='lat' dir='ltr'><strong>pensionis</strong></span> <span class='ocrx_word' id='word_1_387' title='bbox 2328 802 2548 857; x_wconf 79' lang='lat' dir='ltr'><strong>vinculo</strong></span> <span class='ocrx_word' id='word_1_388' title='bbox 2576 811 2984 858; x_wconf 84' lang='lat' dir='ltr'><strong>conservatum.</strong></span> <span class='ocrx_word' id='word_1_389' title='bbox 3016 836 3087 848; x_wconf 92' lang='grc'><strong>--</strong></span> <span class='ocrx_word' id='word_1_390' title='bbox 3109 805 3447 876; x_wconf 81' lang='lat' dir='ltr'><strong>Veientium,</strong></span> <span class='ocrx_word' id='word_1_391' title='bbox 3478 825 3589 866; x_wconf 85' lang='lat' dir='ltr'><strong>non</strong></span> 
     </span>
    </p>
   </div>
   <div class='ocr_carea' id='block_1_60' title="bbox 2011 890 3179 962">
    <p class='ocr_par' dir='ltr' id='par_1_60' title="bbox 2011 890 3179 962">
     <span class='ocr_line' id='line_1_60' title="bbox 2011 890 3179 962; baseline 0.008 -19"><span class='ocrx_word' id='word_1_392' title='bbox 2011 890 2334 957; x_wconf 84' lang='lat' dir='ltr'><strong>invitorum,</strong></span> <span class='ocrx_word' id='word_1_393' title='bbox 2372 894 2594 962; x_wconf 86' lang='lat' dir='ltr'><strong>pietatis</strong></span> <span class='ocrx_word' id='word_1_394' title='bbox 2626 904 3036 951; x_wconf 76' lang='lat' dir='ltr'><strong>sacramentum</strong></span> <span class='ocrx_word' id='word_1_395' title='bbox 3076 907 3179 954; x_wconf 91' lang='lat' dir='ltr'><strong>est.</strong></span> 
     </span>
    </p>
   </div>
   <div class='ocr_carea' id='block_1_61' title="bbox 2083 982 3589 1062">
    <p class='ocr_par' dir='ltr' id='par_1_61' title="bbox 2083 982 3589 1062">
     <span class='ocr_line' id='line_1_61' title="bbox 2083 982 3589 1062; baseline 0.005 -25"><span class='ocrx_word' id='word_1_396' title='bbox 2083 982 2252 1038; x_wconf 85' lang='lat' dir='ltr'><strong>Clem.</strong></span> <span class='ocrx_word' id='word_1_397' title='bbox 2307 984 2462 1039; x_wconf 75' lang='lat' dir='ltr'><strong>Alex.</strong></span> <span class='ocrx_word' id='word_1_398' title='bbox 2498 984 2749 1052; x_wconf 89' lang='lat' dir='ltr'><strong>—-Quod</strong></span> <span class='ocrx_word' id='word_1_399' title='bbox 2803 987 2977 1042; x_wconf 89' lang='lat' dir='ltr'><strong>invite</strong></span> <span class='ocrx_word' id='word_1_400' title='bbox 3031 987 3112 1054; x_wconf 84' lang='lat' dir='ltr'><strong>ﬁt,</strong></span> <span class='ocrx_word' id='word_1_401' title='bbox 3150 991 3335 1045; x_wconf 89' lang='lat' dir='ltr'><strong>statim</strong></span> <span class='ocrx_word' id='word_1_402' title='bbox 3389 991 3589 1062; x_wconf 87' lang='lat' dir='ltr'><strong>displi-</strong></span> 
     </span>
    </p>
   </div>
   <div class='ocr_carea' id='block_1_62' title="bbox 2010 1075 3585 1150">
    <p class='ocr_par' dir='ltr' id='par_1_62' title="bbox 2010 1075 3585 1150">
     <span class='ocr_line' id='line_1_62' title="bbox 2010 1075 3585 1150; baseline 0.008 -24"><span class='ocrx_word' id='word_1_403' title='bbox 2010 1081 2099 1128; x_wconf 85' lang='lat' dir='ltr'><strong>cet</strong></span> <span class='ocrx_word' id='word_1_404' title='bbox 2135 1093 2150 1129; x_wconf 90' lang='lat'><strong>:</strong></span> <span class='ocrx_word' id='word_1_405' title='bbox 2183 1075 2331 1144; x_wconf 85' lang='lat' dir='ltr'><strong>quod</strong></span> <span class='ocrx_word' id='word_1_406' title='bbox 2361 1085 2542 1130; x_wconf 87' lang='lat' dir='ltr'><strong>autem</strong></span> <span class='ocrx_word' id='word_1_407' title='bbox 2579 1084 2794 1146; x_wconf 84' lang='lat' dir='ltr'><strong>sponte,</strong></span> <span class='ocrx_word' id='word_1_408' title='bbox 2829 1078 3138 1134; x_wconf 80' lang='lat' dir='ltr'><strong>satietatem</strong></span> <span class='ocrx_word' id='word_1_409' title='bbox 3178 1096 3286 1134; x_wconf 93' lang='lat' dir='ltr'><strong>non</strong></span> <span class='ocrx_word' id='word_1_410' title='bbox 3315 1082 3585 1150; x_wconf 83' lang='lat' dir='ltr'><strong>admittit,</strong></span> 
     </span>
    </p>
   </div>
   <div class='ocr_carea' id='block_1_63' title="bbox 2010 1166 3316 1238">
    <p class='ocr_par' dir='ltr' id='par_1_63' title="bbox 2010 1166 3316 1238">
     <span class='ocr_line' id='line_1_63' title="bbox 2010 1166 3316 1238; baseline 0.006 -21"><span class='ocrx_word' id='word_1_411' title='bbox 2010 1166 2105 1219; x_wconf 87' lang='lat' dir='ltr'><strong>sed</strong></span> <span class='ocrx_word' id='word_1_412' title='bbox 2144 1181 2361 1235; x_wconf 84' lang='lat' dir='ltr'><strong>semper</strong></span> <span class='ocrx_word' id='word_1_413' title='bbox 2384 1176 2437 1221; x_wconf 93' lang='lat' dir='ltr'><strong>et</strong></span> <span class='ocrx_word' id='word_1_414' title='bbox 2471 1168 2647 1238; x_wconf 82' lang='lat' dir='ltr'><strong>gratia</strong></span> <span class='ocrx_word' id='word_1_415' title='bbox 2684 1176 2738 1223; x_wconf 88' lang='lat' dir='ltr'><strong>et</strong></span> <span class='ocrx_word' id='word_1_416' title='bbox 2768 1168 3044 1224; x_wconf 88' lang='lat' dir='ltr'><strong>desiderio</strong></span> <span class='ocrx_word' id='word_1_417' title='bbox 3069 1170 3316 1225; x_wconf 80' lang='lat' dir='ltr'><strong>virescit.</strong></span> 
     </span>
    </p>
   </div>
   <div class='ocr_carea' id='block_1_64' title="bbox 2079 1254 3588 1330">
    <p class='ocr_par' dir='ltr' id='par_1_64' title="bbox 2079 1254 3588 1330">
     <span class='ocr_line' id='line_1_64' title="bbox 2079 1254 3588 1330; baseline 0.007 -21"><span class='ocrx_word' id='word_1_418' title='bbox 2079 1254 2364 1326; x_wconf 45' lang='lat' dir='ltr'><strong>Mr.</strong></span> <span class='ocrx_word' id='word_1_419' title='bbox 2388 1285 2458 1300; x_wconf 89' lang='lat'><em>--</em></span> <span class='ocrx_word' id='word_1_420' title='bbox 2487 1257 2822 1314; x_wconf 86' lang='lat' dir='ltr'><strong>Christianis</strong></span> <span class='ocrx_word' id='word_1_421' title='bbox 2869 1261 3175 1329; x_wconf 76' lang='lat' dir='ltr'><strong>praesertim</strong></span> <span class='ocrx_word' id='word_1_422' title='bbox 3211 1276 3324 1330; x_wconf 68' lang='lat' dir='ltr'><strong>prae</strong></span> <span class='ocrx_word' id='word_1_423' title='bbox 3370 1265 3588 1321; x_wconf 71' lang='lat' dir='ltr'><strong>cmteris</strong></span> 
     </span>
    </p>
   </div>
   <div class='ocr_carea' id='block_1_65' title="bbox 2009 1340 3585 1423">
    <p class='ocr_par' dir='ltr' id='par_1_65' title="bbox 2009 1340 3585 1423">
     <span class='ocr_line' id='line_1_65' title="bbox 2009 1340 3585 1423; baseline 0.006 -23"><span class='ocrx_word' id='word_1_424' title='bbox 2009 1340 2590 1408; x_wconf 71' lang='lat' dir='ltr'><strong>minime,concessum</strong></span> <span class='ocrx_word' id='word_1_425' title='bbox 2621 1358 2706 1404; x_wconf 90' lang='lat' dir='ltr'><strong>est</strong></span> <span class='ocrx_word' id='word_1_426' title='bbox 2730 1352 3085 1420; x_wconf 87' lang='lat' dir='ltr'><strong>peccantium</strong></span> <span class='ocrx_word' id='word_1_427' title='bbox 3127 1352 3320 1423; x_wconf 89' lang='lat' dir='ltr'><strong>lapsus</strong></span> <span class='ocrx_word' id='word_1_428' title='bbox 3349 1369 3446 1422; x_wconf 81' lang='lat' dir='ltr'><strong>per</strong></span> <span class='ocrx_word' id='word_1_429' title='bbox 3477 1357 3585 1410; x_wconf 85' lang='lat' dir='ltr'><strong>vim</strong></span> 
     </span>
    </p>
   </div>
   <div class='ocr_carea' id='block_1_66' title="bbox 2009 1437 3588 1514">
    <p class='ocr_par' dir='ltr' id='par_1_66' title="bbox 2009 1437 3588 1514">
     <span class='ocr_line' id='line_1_66' title="bbox 2009 1437 3588 1514; baseline 0.005 -22"><span class='ocrx_word' id='word_1_430' title='bbox 2009 1437 2311 1505; x_wconf 80' lang='lat' dir='ltr'><strong>corrigere.</strong></span> <span class='ocrx_word' id='word_1_431' title='bbox 2341 1438 2454 1494; x_wconf 81' lang='lat' dir='ltr'><strong>Nec</strong></span> <span class='ocrx_word' id='word_1_432' title='bbox 2488 1441 2633 1494; x_wconf 87' lang='lat' dir='ltr'><strong>enim</strong></span> <span class='ocrx_word' id='word_1_433' title='bbox 2672 1439 2820 1496; x_wconf 88' lang='lat' dir='ltr'><strong>Deus</strong></span> <span class='ocrx_word' id='word_1_434' title='bbox 2852 1457 2947 1496; x_wconf 92' lang='lat' dir='ltr'><strong>eos</strong></span> <span class='ocrx_word' id='word_1_435' title='bbox 2983 1454 3234 1508; x_wconf 78' lang='lat' dir='ltr'><strong>coronat,</strong></span> <span class='ocrx_word' id='word_1_436' title='bbox 3259 1445 3356 1514; x_wconf 86' lang='lat' dir='ltr'><strong>qui</strong></span> <span class='ocrx_word' id='word_1_437' title='bbox 3389 1460 3588 1500; x_wconf 84' lang='lat' dir='ltr'><strong>neces-</strong></span> 
     </span>
    </p>
   </div>
   <div class='ocr_carea' id='block_1_67' title="bbox 2008 1521 3491 1602">
    <p class='ocr_par' dir='ltr' id='par_1_67' title="bbox 2008 1521 3491 1602">
     <span class='ocr_line' id='line_1_67' title="bbox 2008 1521 3491 1602; baseline 0.008 -20"><span class='ocrx_word' id='word_1_438' title='bbox 2008 1528 2196 1592; x_wconf 79' lang='lat' dir='ltr'><strong>sitate,</strong></span> <span class='ocrx_word' id='word_1_439' title='bbox 2231 1531 2324 1585; x_wconf 89' lang='lat' dir='ltr'><strong>sed</strong></span> <span class='ocrx_word' id='word_1_440' title='bbox 2358 1534 2450 1602; x_wconf 89' lang='lat' dir='ltr'><strong>qui</strong></span> <span class='ocrx_word' id='word_1_441' title='bbox 2483 1534 2770 1587; x_wconf 82' lang='lat' dir='ltr'><strong>voluntate</strong></span> <span class='ocrx_word' id='word_1_442' title='bbox 2803 1549 2833 1587; x_wconf 91' lang='lat' dir='ltr'><strong>a</strong></span> <span class='ocrx_word' id='word_1_443' title='bbox 2870 1534 3004 1588; x_wconf 86' lang='lat' dir='ltr'><strong>vitio</strong></span> <span class='ocrx_word' id='word_1_444' title='bbox 3035 1535 3349 1592; x_wconf 83' lang='lat' dir='ltr'><strong>abstinent.</strong></span> <span class='ocrx_word' id='word_1_445' title='bbox 3485 1521 3491 1532; x_wconf 48' lang='grc'><strong><em>³</em></strong></span> 
     </span>
    </p>
   </div>
   <div class='ocr_carea' id='block_1_68' title="bbox 2079 1621 3210 1685">
    <p class='ocr_par' dir='ltr' id='par_1_68' title="bbox 2079 1621 3210 1685">
     <span class='ocr_line' id='line_1_68' title="bbox 2079 1621 3210 1685; baseline 0.009 -10"><span class='ocrx_word' id='word_1_446' title='bbox 2079 1621 2315 1680; x_wconf 76' lang='lat' dir='ltr'><strong>Eusebii.</strong></span> <span class='ocrx_word' id='word_1_447' title='bbox 2338 1658 2407 1668; x_wconf 91' lang='lat'><strong>——</strong></span> <span class='ocrx_word' id='word_1_448' title='bbox 2430 1625 2710 1682; x_wconf 76' lang='lat' dir='ltr'><strong>Violentia</strong></span> <span class='ocrx_word' id='word_1_449' title='bbox 2741 1628 2852 1683; x_wconf 87' lang='lat' dir='ltr'><strong>Deo</strong></span> <span class='ocrx_word' id='word_1_450' title='bbox 2894 1645 3002 1683; x_wconf 89' lang='lat' dir='ltr'><strong>non</strong></span> <span class='ocrx_word' id='word_1_451' title='bbox 3032 1631 3210 1685; x_wconf 75' lang='lat' dir='ltr'><strong>decet.</strong></span> 
     </span>
    </p>
   </div>
   <div class='ocr_carea' id='block_1_69' title="bbox 2076 1731 3513 1812">
    <p class='ocr_par' dir='ltr' id='par_1_69' title="bbox 2076 1731 3513 1812">
     <span class='ocr_line' id='line_1_69' title="bbox 2076 1731 3513 1812; baseline 0.008 -27"><span class='ocrx_word' id='word_1_452' title='bbox 2076 1731 2211 1789; x_wconf 11' lang='lat' dir='ltr'><strong>TITI</strong></span> <span class='ocrx_word' id='word_1_453' title='bbox 2261 1733 2400 1788; x_wconf 79' lang='lat' dir='ltr'>VIII.</span> <span class='ocrx_word' id='word_1_454' title='bbox 2434 1768 2503 1779; x_wconf 87' lang='lat'><strong>—-</strong></span> <span class='ocrx_word' id='word_1_455' title='bbox 2529 1737 2603 1791; x_wconf 76' lang='lat' dir='ltr'><strong>De</strong></span> <span class='ocrx_word' id='word_1_456' title='bbox 2656 1737 2984 1807; x_wconf 74' lang='lat' dir='ltr'><strong>blaspheme,</strong></span> <span class='ocrx_word' id='word_1_457' title='bbox 3020 1749 3071 1796; x_wconf 81' lang='lat' dir='ltr'><strong>et</strong></span> <span class='ocrx_word' id='word_1_458' title='bbox 3115 1741 3513 1812; x_wconf 76' lang='lat' dir='ltr'><strong>superbiloquo.</strong></span> 
     </span>
    </p>
   </div>
   <div class='ocr_carea' id='block_1_70' title="bbox 2075 1882 3580 1964">
    <p class='ocr_par' dir='ltr' id='par_1_70' title="bbox 2075 1882 3580 1964">
     <span class='ocr_line' id='line_1_70' title="bbox 2075 1882 3580 1964; baseline 0.007 -27"><span class='ocrx_word' id='word_1_459' title='bbox 2075 1882 2241 1940; x_wconf 73' lang='lat' dir='ltr'><strong>Leuit.</strong></span> <span class='ocrx_word' id='word_1_460' title='bbox 2270 1902 2418 1950; x_wconf 79' lang='lat' dir='ltr'><strong>xxw,</strong></span> <span class='ocrx_word' id='word_1_461' title='bbox 2452 1888 2543 1943; x_wconf 67' lang='lat'><strong>15.</strong></span> <span class='ocrx_word' id='word_1_462' title='bbox 2577 1920 2634 1929; x_wconf 94' lang='lat'><strong>—</strong></span> <span class='ocrx_word' id='word_1_463' title='bbox 2675 1908 2694 1941; x_wconf 75' lang='grc' dir='ltr'><strong>ι</strong></span> <span class='ocrx_word' id='word_1_464' title='bbox 2729 1890 2876 1946; x_wconf 83' lang='lat' dir='ltr'><strong>Dixit</strong></span> <span class='ocrx_word' id='word_1_465' title='bbox 2923 1889 3191 1948; x_wconf 85' lang='lat' dir='ltr'><strong>Dominus</strong></span> <span class='ocrx_word' id='word_1_466' title='bbox 3229 1893 3294 1946; x_wconf 88' lang='lat' dir='ltr'><strong>ad</strong></span> <span class='ocrx_word' id='word_1_467' title='bbox 3321 1891 3580 1964; x_wconf 80' lang='lat' dir='ltr'><strong>Moysen:</strong></span> 
     </span>
    </p>
   </div>
   <div class='ocr_carea' id='block_1_71' title="bbox 2004 1976 3587 2054">
    <p class='ocr_par' dir='ltr' id='par_1_71' title="bbox 2004 1976 3587 2054">
     <span class='ocr_line' id='line_1_71' title="bbox 2004 1976 3587 2054; baseline 0.004 -21"><span class='ocrx_word' id='word_1_468' title='bbox 2004 1976 2256 2050; x_wconf 87' lang='lat' dir='ltr'><strong>Loquere</strong></span> <span class='ocrx_word' id='word_1_469' title='bbox 2288 1980 2415 2035; x_wconf 83' lang='lat' dir='ltr'><strong>iiliis</strong></span> <span class='ocrx_word' id='word_1_470' title='bbox 2443 1979 2612 2035; x_wconf 85' lang='lat' dir='ltr'><strong>Israel</strong></span> <span class='ocrx_word' id='word_1_471' title='bbox 2643 1981 2834 2037; x_wconf 88' lang='lat' dir='ltr'><strong>dicens</strong></span> <span class='ocrx_word' id='word_1_472' title='bbox 2863 1997 2878 2036; x_wconf 92' lang='lat'><strong>:</strong></span> <span class='ocrx_word' id='word_1_473' title='bbox 2911 1985 3090 2038; x_wconf 81' lang='lat' dir='ltr'><strong>Homo</strong></span> <span class='ocrx_word' id='word_1_474' title='bbox 3119 1986 3213 2054; x_wconf 90' lang='lat' dir='ltr'><strong>qui</strong></span> <span class='ocrx_word' id='word_1_475' title='bbox 3237 1985 3587 2041; x_wconf 79' lang='lat' dir='ltr'><strong>maledixerit</strong></span> 
     </span>
    </p>
   </div>
   <div class='ocr_carea' id='block_1_72' title="bbox 2005 2067 3586 2146">
    <p class='ocr_par' dir='ltr' id='par_1_72' title="bbox 2005 2067 3586 2146">
     <span class='ocr_line' id='line_1_72' title="bbox 2005 2067 3586 2146; baseline 0.008 -24"><span class='ocrx_word' id='word_1_476' title='bbox 2005 2067 2139 2133; x_wconf 88' lang='lat' dir='ltr'><strong>Deo,</strong></span> <span class='ocrx_word' id='word_1_477' title='bbox 2173 2072 2416 2139; x_wconf 83' lang='lat' dir='ltr'><strong>portabit</strong></span> <span class='ocrx_word' id='word_1_478' title='bbox 2465 2080 2754 2142; x_wconf 84' lang='lat' dir='ltr'><strong>peccatum</strong></span> <span class='ocrx_word' id='word_1_479' title='bbox 2796 2090 2996 2129; x_wconf 91' lang='lat' dir='ltr'><strong>suum:</strong></span> <span class='ocrx_word' id='word_1_480' title='bbox 3050 2077 3143 2146; x_wconf 89' lang='lat' dir='ltr'><strong>qui</strong></span> <span class='ocrx_word' id='word_1_481' title='bbox 3187 2085 3371 2132; x_wconf 90' lang='lat' dir='ltr'><strong>autem</strong></span> <span class='ocrx_word' id='word_1_482' title='bbox 3405 2079 3586 2134; x_wconf 86' lang='lat' dir='ltr'><strong>nomi-</strong></span> 
     </span>
    </p>
   </div>
   <div class='ocr_carea' id='block_1_73' title="bbox 2006 2160 3586 2238">
    <p class='ocr_par' dir='ltr' id='par_1_73' title="bbox 2006 2160 3586 2238">
     <span class='ocr_line' id='line_1_73' title="bbox 2006 2160 3586 2238; baseline 0.007 -22"><span class='ocrx_word' id='word_1_483' title='bbox 2006 2163 2221 2216; x_wconf 83' lang='lat' dir='ltr'><strong>Itaverit</strong></span> <span class='ocrx_word' id='word_1_484' title='bbox 2268 2177 2468 2218; x_wconf 90' lang='lat' dir='ltr'><strong>nomen</strong></span> <span class='ocrx_word' id='word_1_485' title='bbox 2523 2160 2762 2230; x_wconf 88' lang='lat' dir='ltr'><strong>Domini,</strong></span> <span class='ocrx_word' id='word_1_486' title='bbox 2818 2164 3098 2233; x_wconf 84' lang='lat' dir='ltr'><strong>lapidibus</strong></span> <span class='ocrx_word' id='word_1_487' title='bbox 3147 2167 3424 2238; x_wconf 86' lang='lat' dir='ltr'><strong>opprimat</strong></span> <span class='ocrx_word' id='word_1_488' title='bbox 3458 2184 3586 2228; x_wconf 82' lang='lat' dir='ltr'><strong>eum</strong></span> 
     </span>
    </p>
   </div>
   <div class='ocr_carea' id='block_1_74' title="bbox 2005 2253 3053 2310">
    <p class='ocr_par' dir='ltr' id='par_1_74' title="bbox 2005 2253 3053 2310">
     <span class='ocr_line' id='line_1_74' title="bbox 2005 2253 3053 2310; baseline 0.002 -2"><span class='ocrx_word' id='word_1_489' title='bbox 2005 2253 2188 2309; x_wconf 90' lang='lat' dir='ltr'><strong>omnis</strong></span> <span class='ocrx_word' id='word_1_490' title='bbox 2218 2253 2518 2308; x_wconf 86' lang='lat' dir='ltr'><strong>multitudo</strong></span> <span class='ocrx_word' id='word_1_491' title='bbox 2544 2253 2783 2308; x_wconf 80' lang='lat' dir='ltr'><strong>ﬁliorum</strong></span> <span class='ocrx_word' id='word_1_492' title='bbox 2814 2255 3000 2310; x_wconf 89' lang='lat' dir='ltr'><strong>Israel.</strong></span> <span class='ocrx_word' id='word_1_493' title='bbox 3034 2276 3053 2309; x_wconf 76' lang='grc' dir='ltr'><strong>ι</strong></span> 
     </span>
    </p>
   </div>
   <div class='ocr_carea' id='block_1_75' title="bbox 2078 2342 3586 2416">
    <p class='ocr_par' dir='ltr' id='par_1_75' title="bbox 2078 2342 3586 2416">
     <span class='ocr_line' id='line_1_75' title="bbox 2078 2342 3586 2416; baseline 0.007 -19"><span class='ocrx_word' id='word_1_494' title='bbox 2078 2342 2108 2397; x_wconf 81' lang='grc' dir='ltr'><em>Ι</em></span> <span class='ocrx_word' id='word_1_495' title='bbox 2138 2343 2266 2416; x_wconf 84' lang='lat' dir='ltr'><strong>Reg.</strong></span> <span class='ocrx_word' id='word_1_496' title='bbox 2302 2359 2366 2409; x_wconf 90' lang='lat' dir='ltr'><strong>II,</strong></span> <span class='ocrx_word' id='word_1_497' title='bbox 2411 2345 2466 2400; x_wconf 79' lang='lat'><strong>3.</strong></span> <span class='ocrx_word' id='word_1_498' title='bbox 2490 2377 2559 2385; x_wconf 94' lang='lat'><strong><em>—</em></strong></span> <span class='ocrx_word' id='word_1_499' title='bbox 2589 2363 2607 2395; x_wconf 81' lang='grc' dir='ltr'><strong>ι</strong></span> <span class='ocrx_word' id='word_1_500' title='bbox 2639 2344 2755 2400; x_wconf 86' lang='lat' dir='ltr'><strong>Non</strong></span> <span class='ocrx_word' id='word_1_501' title='bbox 2795 2357 2952 2403; x_wconf 84' lang='lat' dir='ltr'><strong>exeat</strong></span> <span class='ocrx_word' id='word_1_502' title='bbox 2991 2349 3228 2408; x_wconf 84' lang='lat' dir='ltr'><strong>sublime</strong></span> <span class='ocrx_word' id='word_1_503' title='bbox 3277 2351 3482 2407; x_wconf 89' lang='lat' dir='ltr'><strong>dictum</strong></span> <span class='ocrx_word' id='word_1_504' title='bbox 3517 2367 3586 2408; x_wconf 81' lang='lat' dir='ltr'><strong>ex</strong></span> 
     </span>
    </p>
   </div>
   <div class='ocr_carea' id='block_1_76' title="bbox 2004 2447 2385 2494">
    <p class='ocr_par' dir='ltr' id='par_1_76' title="bbox 2004 2447 2385 2494">
     <span class='ocr_line' id='line_1_76' title="bbox 2004 2447 2385 2494; baseline -0.01 0"><span class='ocrx_word' id='word_1_505' title='bbox 2004 2451 2100 2494; x_wconf 69' lang='lat' dir='ltr'><strong>Ofe</strong></span> <span class='ocrx_word' id='word_1_506' title='bbox 2124 2447 2330 2492; x_wconf 71' lang='lat' dir='ltr'><strong>VBSII‘O.</strong></span> <span class='ocrx_word' id='word_1_507' title='bbox 2368 2456 2385 2490; x_wconf 75' lang='grc'><strong>1</strong></span> 
     </span>
    </p>
   </div>
   <div class='ocr_carea' id='block_1_77' title="bbox 2073 2527 3588 2600">
    <p class='ocr_par' dir='ltr' id='par_1_77' title="bbox 2073 2527 3588 2600">
     <span class='ocr_line' id='line_1_77' title="bbox 2073 2527 3588 2600; baseline 0.007 -19"><span class='ocrx_word' id='word_1_508' title='bbox 2073 2527 2177 2582; x_wconf 82' lang='lat' dir='ltr'><strong>Job</strong></span> <span class='ocrx_word' id='word_1_509' title='bbox 2229 2545 2319 2594; x_wconf 79' lang='lat' dir='ltr'><strong>xv,</strong></span> <span class='ocrx_word' id='word_1_510' title='bbox 2382 2530 2623 2585; x_wconf 70' lang='lat'><strong>12.—¢</strong></span> <span class='ocrx_word' id='word_1_511' title='bbox 2680 2533 2819 2600; x_wconf 87' lang='lat' dir='ltr'><strong>Quid</strong></span> <span class='ocrx_word' id='word_1_512' title='bbox 2878 2537 3026 2593; x_wconf 89' lang='lat' dir='ltr'><strong>enim</strong></span> <span class='ocrx_word' id='word_1_513' title='bbox 3089 2551 3286 2592; x_wconf 91' lang='lat' dir='ltr'><strong>ausum</strong></span> <span class='ocrx_word' id='word_1_514' title='bbox 3349 2544 3430 2592; x_wconf 91' lang='lat' dir='ltr'><strong>est</strong></span> <span class='ocrx_word' id='word_1_515' title='bbox 3491 2551 3588 2592; x_wconf 86' lang='lat' dir='ltr'><strong>cor</strong></span> 
     </span>
    </p>
   </div>
   <div class='ocr_carea' id='block_1_78' title="bbox 2007 2619 3584 2695">
    <p class='ocr_par' dir='ltr' id='par_1_78' title="bbox 2007 2619 3584 2695">
     <span class='ocr_line' id='line_1_78' title="bbox 2007 2619 3584 2695; baseline 0.007 -24"><span class='ocrx_word' id='word_1_516' title='bbox 2007 2627 2184 2683; x_wconf 87' lang='lat' dir='ltr'><strong>tuum,</strong></span> <span class='ocrx_word' id='word_1_517' title='bbox 2219 2619 2371 2689; x_wconf 89' lang='lat' dir='ltr'><strong>quod</strong></span> <span class='ocrx_word' id='word_1_518' title='bbox 2415 2619 2470 2674; x_wconf 87' lang='lat' dir='ltr'><strong>in</strong></span> <span class='ocrx_word' id='word_1_519' title='bbox 2521 2620 2862 2678; x_wconf 77' lang='lat' dir='ltr'><strong>iracundiam</strong></span> <span class='ocrx_word' id='word_1_520' title='bbox 2914 2627 3145 2695; x_wconf 88' lang='lat' dir='ltr'><strong>erupisti</strong></span> <span class='ocrx_word' id='word_1_521' title='bbox 3187 2626 3454 2683; x_wconf 83' lang='lat' dir='ltr'><strong>adversus</strong></span> <span class='ocrx_word' id='word_1_522' title='bbox 3473 2624 3584 2682; x_wconf 84' lang='lat' dir='ltr'><strong>Do-</strong></span> 
     </span>
    </p>
   </div>
   <div class='ocr_carea' id='block_1_79' title="bbox 2005 2711 2311 2766">
    <p class='ocr_par' dir='ltr' id='par_1_79' title="bbox 2005 2711 2311 2766">
     <span class='ocr_line' id='line_1_79' title="bbox 2005 2711 2311 2766; baseline -0.007 0"><span class='ocrx_word' id='word_1_523' title='bbox 2005 2711 2260 2766; x_wconf 87' lang='lat' dir='ltr'><strong>minum?</strong></span> <span class='ocrx_word' id='word_1_524' title='bbox 2293 2731 2311 2764; x_wconf 77' lang='grc' dir='ltr'><strong>ι</strong></span> 
     </span>
    </p>
   </div>
   <div class='ocr_carea' id='block_1_80' title="bbox 2073 2805 3584 2878">
    <p class='ocr_par' dir='ltr' id='par_1_80' title="bbox 2073 2805 3584 2878">
     <span class='ocr_line' id='line_1_80' title="bbox 2073 2805 3584 2878; baseline 0 -12"><span class='ocrx_word' id='word_1_525' title='bbox 2073 2805 2238 2876; x_wconf 65' lang='grc'><strong>394</strong></span> <span class='ocrx_word' id='word_1_526' title='bbox 2284 2807 2435 2864; x_wconf 79' lang='lat' dir='ltr'><strong>Psal.</strong></span> <span class='ocrx_word' id='word_1_527' title='bbox 2469 2825 2546 2873; x_wconf 68' lang='grc' dir='ltr'>χι,</span> <span class='ocrx_word' id='word_1_528' title='bbox 2588 2807 2640 2871; x_wconf 78' lang='grc'>5,</span> <span class='ocrx_word' id='word_1_529' title='bbox 2691 2808 2745 2861; x_wconf 77' lang='grc'><strong>4.</strong></span> <span class='ocrx_word' id='word_1_530' title='bbox 2789 2838 2860 2848; x_wconf 93' lang='grc'><strong><em>-</em></strong></span> <span class='ocrx_word' id='word_1_531' title='bbox 2888 2824 2908 2860; x_wconf 82' lang='grc' dir='ltr'><strong>ι</strong></span> <span class='ocrx_word' id='word_1_532' title='bbox 2967 2806 3257 2878; x_wconf 87' lang='lat' dir='ltr'><strong>Dispcrdet</strong></span> <span class='ocrx_word' id='word_1_533' title='bbox 3315 2809 3584 2866; x_wconf 90' lang='lat' dir='ltr'><strong>Dominus</strong></span> 
     </span>
    </p>
   </div>
   <div class='ocr_carea' id='block_1_81' title="bbox 2005 2896 3582 2971">
    <p class='ocr_par' dir='ltr' id='par_1_81' title="bbox 2005 2896 3582 2971">
     <span class='ocr_line' id='line_1_81' title="bbox 2005 2896 3582 2971; baseline 0.004 -23"><span class='ocrx_word' id='word_1_534' title='bbox 2005 2896 2268 2950; x_wconf 80' lang='lat' dir='ltr'><strong>universa</strong></span> <span class='ocrx_word' id='word_1_535' title='bbox 2305 2897 2448 2950; x_wconf 89' lang='lat' dir='ltr'><strong>labia</strong></span> <span class='ocrx_word' id='word_1_536' title='bbox 2479 2898 2694 2966; x_wconf 88' lang='lat' dir='ltr'><strong>dolosa,</strong></span> <span class='ocrx_word' id='word_1_537' title='bbox 2725 2899 2969 2970; x_wconf 81' lang='lat' dir='ltr'><strong>linguam</strong></span> <span class='ocrx_word' id='word_1_538' title='bbox 3007 2900 3438 2971; x_wconf 81' lang='lat' dir='ltr'><strong>Inagniloquam.</strong></span> <span class='ocrx_word' id='word_1_539' title='bbox 3475 2901 3582 2968; x_wconf 91' lang='lat' dir='ltr'><strong>Qui</strong></span> 
     </span>
    </p>
   </div>
   <div class='ocr_carea' id='block_1_82' title="bbox 2005 2986 3586 3061">
    <p class='ocr_par' dir='ltr' id='par_1_82' title="bbox 2005 2986 3586 3061">
     <span class='ocr_line' id='line_1_82' title="bbox 2005 2986 3586 3061; baseline 0.003 -19"><span class='ocrx_word' id='word_1_540' title='bbox 2005 2986 2286 3054; x_wconf 83' lang='lat' dir='ltr'><strong>dixerunt,</strong></span> <span class='ocrx_word' id='word_1_541' title='bbox 2315 2988 2562 3059; x_wconf 81' lang='lat' dir='ltr'><strong>linguam</strong></span> <span class='ocrx_word' id='word_1_542' title='bbox 2616 2998 2862 3046; x_wconf 90' lang='lat' dir='ltr'><strong>nostram</strong></span> <span class='ocrx_word' id='word_1_543' title='bbox 2912 2992 3586 3061; x_wconf 81' lang='lat' dir='ltr'><strong>magniﬁcabimus,labia</strong></span> 
     </span>
    </p>
   </div>
   <div class='ocr_carea' id='block_1_83' title="bbox 2005 3080 3575 3146">
    <p class='ocr_par' dir='ltr' id='par_1_83' title="bbox 2005 3080 3575 3146">
     <span class='ocr_line' id='line_1_83' title="bbox 2005 3080 3575 3146; baseline 0.002 -14"><span class='ocrx_word' id='word_1_544' title='bbox 2005 3087 2195 3133; x_wconf 88' lang='lat' dir='ltr'><strong>nostra</strong></span> <span class='ocrx_word' id='word_1_545' title='bbox 2238 3095 2270 3134; x_wconf 90' lang='lat' dir='ltr'><strong>a</strong></span> <span class='ocrx_word' id='word_1_546' title='bbox 2304 3081 2465 3136; x_wconf 87' lang='lat' dir='ltr'><strong>nobis</strong></span> <span class='ocrx_word' id='word_1_547' title='bbox 2496 3089 2647 3136; x_wconf 84' lang='lat' dir='ltr'><strong>sunt.</strong></span> <span class='ocrx_word' id='word_1_548' title='bbox 2691 3080 2830 3146; x_wconf 83' lang='lat' dir='ltr'><strong>Quis</strong></span> <span class='ocrx_word' id='word_1_549' title='bbox 2874 3090 3066 3137; x_wconf 89' lang='lat' dir='ltr'><strong>noster</strong></span> <span class='ocrx_word' id='word_1_550' title='bbox 3100 3081 3365 3138; x_wconf 90' lang='lat' dir='ltr'><strong>Dominus</strong></span> <span class='ocrx_word' id='word_1_551' title='bbox 3406 3085 3527 3138; x_wconf 88' lang='lat' dir='ltr'><strong>est?</strong></span> <span class='ocrx_word' id='word_1_552' title='bbox 3557 3103 3575 3135; x_wconf 81' lang='grc' dir='ltr'><strong>ι</strong></span> 
     </span>
    </p>
   </div>
   <div class='ocr_carea' id='block_1_84' title="bbox 2076 3171 3579 3247">
    <p class='ocr_par' dir='ltr' id='par_1_84' title="bbox 2076 3171 3579 3247">
     <span class='ocr_line' id='line_1_84' title="bbox 2076 3171 3579 3247; baseline 0.003 -20"><span class='ocrx_word' id='word_1_553' title='bbox 2076 3171 2209 3228; x_wconf 73' lang='grc' dir='ltr'>ιὶδεε</span> <span class='ocrx_word' id='word_1_554' title='bbox 2237 3189 2349 3238; x_wconf 80' lang='lat' dir='ltr'><strong>xw,</strong></span> <span class='ocrx_word' id='word_1_555' title='bbox 2387 3174 2441 3229; x_wconf 76' lang='grc'><strong>1.</strong></span> <span class='ocrx_word' id='word_1_556' title='bbox 2473 3206 2542 3217; x_wconf 92' lang='lat'><strong>-—-</strong></span> <span class='ocrx_word' id='word_1_557' title='bbox 2575 3193 2594 3226; x_wconf 79' lang='grc' dir='ltr'><strong>ι</strong></span> <span class='ocrx_word' id='word_1_558' title='bbox 2631 3174 2995 3245; x_wconf 88' lang='lat' dir='ltr'><strong>Disperdetur</strong></span> <span class='ocrx_word' id='word_1_559' title='bbox 3025 3175 3294 3241; x_wconf 86' lang='lat' dir='ltr'><strong>Samaria,</strong></span> <span class='ocrx_word' id='word_1_560' title='bbox 3319 3178 3579 3247; x_wconf 88' lang='lat' dir='ltr'><strong>quoniam</strong></span> 
     </span>
    </p>
   </div>
   <div class='ocr_carea' id='block_1_85' title="bbox 2002 3263 3578 3340">
    <p class='ocr_par' dir='ltr' id='par_1_85' title="bbox 2002 3263 3578 3340">
     <span class='ocr_line' id='line_1_85' title="bbox 2002 3263 3578 3340; baseline 0.005 -22"><span class='ocrx_word' id='word_1_561' title='bbox 2002 3263 2183 3319; x_wconf 90' lang='lat' dir='ltr'><strong>locuta</strong></span> <span class='ocrx_word' id='word_1_562' title='bbox 2235 3276 2322 3321; x_wconf 88' lang='lat' dir='ltr'><strong>est</strong></span> <span class='ocrx_word' id='word_1_563' title='bbox 2359 3266 2628 3323; x_wconf 83' lang='lat' dir='ltr'><strong>adversus</strong></span> <span class='ocrx_word' id='word_1_564' title='bbox 2681 3265 2853 3322; x_wconf 91' lang='lat' dir='ltr'><strong>Deum</strong></span> <span class='ocrx_word' id='word_1_565' title='bbox 2887 3283 3072 3323; x_wconf 90' lang='lat' dir='ltr'><strong>suum.</strong></span> <span class='ocrx_word' id='word_1_566' title='bbox 3111 3267 3170 3324; x_wconf 94' lang='lat' dir='ltr'><strong>ln</strong></span> <span class='ocrx_word' id='word_1_567' title='bbox 3216 3269 3400 3340; x_wconf 87' lang='lat' dir='ltr'><strong>gladio</strong></span> <span class='ocrx_word' id='word_1_568' title='bbox 3450 3285 3578 3340; x_wconf 81' lang='lat' dir='ltr'><strong>per-</strong></span> 
     </span>
    </p>
   </div>
   <div class='ocr_carea' id='block_1_86' title="bbox 1999 3356 3572 3432">
    <p class='ocr_par' dir='ltr' id='par_1_86' title="bbox 1999 3356 3572 3432">
     <span class='ocr_line' id='line_1_86' title="bbox 1999 3356 3572 3432; baseline 0.004 -22"><span class='ocrx_word' id='word_1_569' title='bbox 1999 3356 2158 3412; x_wconf 87' lang='lat' dir='ltr'><strong>ibunt</strong></span> <span class='ocrx_word' id='word_1_570' title='bbox 2179 3357 2378 3427; x_wconf 85' lang='lat' dir='ltr'><strong>ipsi,et</strong></span> <span class='ocrx_word' id='word_1_571' title='bbox 2399 3358 2669 3413; x_wconf 88' lang='lat' dir='ltr'><strong>lactantes</strong></span> <span class='ocrx_word' id='word_1_572' title='bbox 2696 3374 2886 3416; x_wconf 84' lang='lat' dir='ltr'><strong>eorum</strong></span> <span class='ocrx_word' id='word_1_573' title='bbox 2910 3360 3186 3416; x_wconf 86' lang='lat' dir='ltr'><strong>elidentur</strong></span> <span class='ocrx_word' id='word_1_574' title='bbox 3208 3362 3274 3416; x_wconf 86' lang='lat' dir='ltr'><strong>ad</strong></span> <span class='ocrx_word' id='word_1_575' title='bbox 3305 3370 3572 3432; x_wconf 65' lang='lat' dir='ltr'><strong>petram.»</strong></span> 
     </span>
    </p>
   </div>
   <div class='ocr_carea' id='block_1_87' title="bbox 2067 3446 3580 3523">
    <p class='ocr_par' dir='ltr' id='par_1_87' title="bbox 2067 3446 3580 3523">
     <span class='ocr_line' id='line_1_87' title="bbox 2067 3446 3580 3523; baseline 0.005 -22"><span class='ocrx_word' id='word_1_576' title='bbox 2067 3446 2265 3504; x_wconf 83' lang='lat' dir='ltr'><strong>Jerem.</strong></span> <span class='ocrx_word' id='word_1_577' title='bbox 2304 3464 2495 3514; x_wconf 74' lang='lat' dir='ltr'><strong>XLVIII,</strong></span> <span class='ocrx_word' id='word_1_578' title='bbox 2524 3447 2616 3504; x_wconf 69' lang='lat'><strong>20.</strong></span> <span class='ocrx_word' id='word_1_579' title='bbox 2641 3479 2710 3490; x_wconf 92' lang='lat'>—</span> <span class='ocrx_word' id='word_1_580' title='bbox 2741 3466 2760 3500; x_wconf 78' lang='grc' dir='ltr'><strong>ι</strong></span> <span class='ocrx_word' id='word_1_581' title='bbox 2796 3448 3078 3506; x_wconf 88' lang='lat' dir='ltr'><strong>lnebriate</strong></span> <span class='ocrx_word' id='word_1_582' title='bbox 3124 3467 3275 3517; x_wconf 87' lang='lat' dir='ltr'><strong>eum,</strong></span> <span class='ocrx_word' id='word_1_583' title='bbox 3309 3455 3580 3523; x_wconf 88' lang='lat' dir='ltr'><strong>quoniam.</strong></span> 
     </span>
    </p>
   </div>
   <div class='ocr_carea' id='block_1_88' title="bbox 1997 3539 2954 3598">
    <p class='ocr_par' dir='ltr' id='par_1_88' title="bbox 1997 3539 2954 3598">
     <span class='ocr_line' id='line_1_88' title="bbox 1997 3539 2954 3598; baseline -0.001 -3"><span class='ocrx_word' id='word_1_584' title='bbox 1997 3546 2190 3595; x_wconf 91' lang='lat' dir='ltr'><strong>contra</strong></span> <span class='ocrx_word' id='word_1_585' title='bbox 2215 3539 2510 3598; x_wconf 90' lang='lat' dir='ltr'><strong>Dominum</strong></span> <span class='ocrx_word' id='word_1_586' title='bbox 2543 3549 2761 3598; x_wconf 85' lang='lat' dir='ltr'><strong>erectus</strong></span> <span class='ocrx_word' id='word_1_587' title='bbox 2792 3550 2904 3598; x_wconf 89' lang='lat' dir='ltr'><strong>est.</strong></span> <span class='ocrx_word' id='word_1_588' title='bbox 2935 3560 2954 3594; x_wconf 79' lang='grc' dir='ltr'><strong>ι</strong></span> 
     </span>
    </p>
   </div>
   <div class='ocr_carea' id='block_1_89' title="bbox 2071 3628 3574 3704">
    <p class='ocr_par' dir='ltr' id='par_1_89' title="bbox 2071 3628 3574 3704">
     <span class='ocr_line' id='line_1_89' title="bbox 2071 3628 3574 3704; baseline 0.006 -20"><span class='ocrx_word' id='word_1_589' title='bbox 2071 3628 2268 3684; x_wconf 76' lang='lat' dir='ltr'><strong>Ezech.</strong></span> <span class='ocrx_word' id='word_1_590' title='bbox 2308 3646 2504 3695; x_wconf 80' lang='lat' dir='ltr'><strong>xxvtu,</strong></span> <span class='ocrx_word' id='word_1_591' title='bbox 2551 3631 2608 3696; x_wconf 75' lang='lat'><strong>2,</strong></span> <span class='ocrx_word' id='word_1_592' title='bbox 2652 3633 2706 3686; x_wconf 80' lang='lat'><strong>&#39;5.</strong></span> <span class='ocrx_word' id='word_1_593' title='bbox 2736 3663 2806 3674; x_wconf 89' lang='lat'><strong>—-</strong></span> <span class='ocrx_word' id='word_1_594' title='bbox 2834 3651 2853 3684; x_wconf 80' lang='grc' dir='ltr'><strong>ι</strong></span> <span class='ocrx_word' id='word_1_595' title='bbox 2905 3634 3034 3704; x_wconf 75' lang='lat' dir='ltr'><strong>Haec</strong></span> <span class='ocrx_word' id='word_1_596' title='bbox 3083 3634 3219 3692; x_wconf 83' lang='lat' dir='ltr'><strong>dicit</strong></span> <span class='ocrx_word' id='word_1_597' title='bbox 3259 3635 3524 3692; x_wconf 88' lang='lat' dir='ltr'><strong>Dominus</strong></span> <span class='ocrx_word' id='word_1_598' title='bbox 3559 3655 3574 3693; x_wconf 91' lang='lat'><strong>:</strong></span> 
     </span>
    </p>
   </div>
   <div class='ocr_carea' id='block_1_90' title="bbox 1995 3720 3584 3796">
    <p class='ocr_par' dir='ltr' id='par_1_90' title="bbox 1995 3720 3584 3796">
     <span class='ocr_line' id='line_1_90' title="bbox 1995 3720 3584 3796; baseline 0.006 -20"><span class='ocrx_word' id='word_1_599' title='bbox 1995 3720 2104 3776; x_wconf 89' lang='lat' dir='ltr'><strong>Pro</strong></span> <span class='ocrx_word' id='word_1_600' title='bbox 2137 3737 2204 3778; x_wconf 91' lang='lat' dir='ltr'><strong>eo</strong></span> <span class='ocrx_word' id='word_1_601' title='bbox 2235 3723 2382 3792; x_wconf 92' lang='lat' dir='ltr'><strong>quod</strong></span> <span class='ocrx_word' id='word_1_602' title='bbox 2410 3723 2614 3779; x_wconf 92' lang='lat' dir='ltr'><strong>dedisti</strong></span> <span class='ocrx_word' id='word_1_603' title='bbox 2647 3739 2744 3779; x_wconf 89' lang='lat' dir='ltr'><strong>cor</strong></span> <span class='ocrx_word' id='word_1_604' title='bbox 2781 3732 2937 3780; x_wconf 94' lang='lat' dir='ltr'><strong>tuum</strong></span> <span class='ocrx_word' id='word_1_605' title='bbox 2962 3728 3119 3796; x_wconf 84' lang='lat' dir='ltr'><strong>quasi</strong></span> <span class='ocrx_word' id='word_1_606' title='bbox 3152 3743 3250 3782; x_wconf 82' lang='lat' dir='ltr'><strong>cor</strong></span> <span class='ocrx_word' id='word_1_607' title='bbox 3279 3727 3410 3792; x_wconf 90' lang='lat' dir='ltr'><strong>Dei;</strong></span> <span class='ocrx_word' id='word_1_608' title='bbox 3447 3745 3584 3785; x_wconf 83' lang='lat' dir='ltr'><strong>ecce</strong></span> 
     </span>
    </p>
   </div>
   <div class='ocr_carea' id='block_1_91' title="bbox 1996 3814 3574 3890">
    <p class='ocr_par' dir='ltr' id='par_1_91' title="bbox 1996 3814 3574 3890">
     <span class='ocr_line' id='line_1_91' title="bbox 1996 3814 3574 3890; baseline 0.004 -22"><span class='ocrx_word' id='word_1_609' title='bbox 1996 3814 2212 3870; x_wconf 89' lang='lat' dir='ltr'><strong>adduco</strong></span> <span class='ocrx_word' id='word_1_610' title='bbox 2253 3829 2423 3884; x_wconf 88' lang='lat' dir='ltr'><strong>super</strong></span> <span class='ocrx_word' id='word_1_611' title='bbox 2472 3822 2530 3870; x_wconf 88' lang='lat' dir='ltr'><strong>te</strong></span> <span class='ocrx_word' id='word_1_612' title='bbox 2570 3815 2804 3881; x_wconf 87' lang='lat' dir='ltr'><strong>alienos,</strong></span> <span class='ocrx_word' id='word_1_613' title='bbox 2835 3817 3160 3885; x_wconf 85' lang='lat' dir='ltr'><strong>pestilentes</strong></span> <span class='ocrx_word' id='word_1_614' title='bbox 3189 3819 3258 3874; x_wconf 90' lang='lat' dir='ltr'><strong>de</strong></span> <span class='ocrx_word' id='word_1_615' title='bbox 3293 3820 3574 3890; x_wconf 77' lang='lat' dir='ltr'><strong>gentibus,</strong></span> 
     </span>
    </p>
   </div>
   <div class='ocr_carea' id='block_1_92' title="bbox 1995 3907 3577 3984">
    <p class='ocr_par' dir='ltr' id='par_1_92' title="bbox 1995 3907 3577 3984">
     <span class='ocr_line' id='line_1_92' title="bbox 1995 3907 3577 3984; baseline 0.003 -21"><span class='ocrx_word' id='word_1_616' title='bbox 1995 3915 2051 3963; x_wconf 88' lang='lat' dir='ltr'><strong>et</strong></span> <span class='ocrx_word' id='word_1_617' title='bbox 2088 3907 2479 3979; x_wconf 77' lang='lat' dir='ltr'><strong>evaginabunt.</strong></span> <span class='ocrx_word' id='word_1_618' title='bbox 2507 3908 2721 3977; x_wconf 80' lang='lat' dir='ltr'><strong>gladios</strong></span> <span class='ocrx_word' id='word_1_619' title='bbox 2768 3924 2902 3967; x_wconf 90' lang='lat' dir='ltr'><strong>suos</strong></span> <span class='ocrx_word' id='word_1_620' title='bbox 2953 3912 3008 3966; x_wconf 90' lang='lat' dir='ltr'><strong>in</strong></span> <span class='ocrx_word' id='word_1_621' title='bbox 3061 3921 3134 3977; x_wconf 90' lang='lat' dir='ltr'><strong>te,</strong></span> <span class='ocrx_word' id='word_1_622' title='bbox 3167 3921 3224 3968; x_wconf 89' lang='lat' dir='ltr'><strong>et</strong></span> <span class='ocrx_word' id='word_1_623' title='bbox 3253 3928 3421 3984; x_wconf 90' lang='lat' dir='ltr'><strong>super</strong></span> <span class='ocrx_word' id='word_1_624' title='bbox 3451 3915 3577 3984; x_wconf 86' lang='lat' dir='ltr'><strong>pul-</strong></span> 
     </span>
    </p>
   </div>
   <div class='ocr_carea' id='block_1_93' title="bbox 1996 3999 3578 4074">
    <p class='ocr_par' dir='ltr' id='par_1_93' title="bbox 1996 3999 3578 4074">
     <span class='ocr_line' id='line_1_93' title="bbox 1996 3999 3578 4074; baseline 0.004 -20"><span class='ocrx_word' id='word_1_625' title='bbox 1996 3999 2313 4056; x_wconf 87' lang='lat' dir='ltr'><strong>chritudine</strong></span> <span class='ocrx_word' id='word_1_626' title='bbox 2365 4001 2616 4056; x_wconf 67' lang='lat' dir='ltr'><strong>scientiae</strong></span> <span class='ocrx_word' id='word_1_627' title='bbox 2647 4010 2774 4066; x_wconf 70' lang='lat' dir='ltr'><strong>tum,</strong></span> <span class='ocrx_word' id='word_1_628' title='bbox 2811 4009 2867 4058; x_wconf 91' lang='lat' dir='ltr'><strong>et</strong></span> <span class='ocrx_word' id='word_1_629' title='bbox 2901 4002 3276 4059; x_wconf 85' lang='lat' dir='ltr'><strong>IIumiliabunt</strong></span> <span class='ocrx_word' id='word_1_630' title='bbox 3323 4005 3578 4074; x_wconf 89' lang='lat' dir='ltr'><strong>pulchri-</strong></span> 
     </span>
    </p>
   </div>
   <div class='ocr_carea' id='block_1_94' title="bbox 1996 4089 2994 4160">
    <p class='ocr_par' dir='ltr' id='par_1_94' title="bbox 1996 4089 2994 4160">
     <span class='ocr_line' id='line_1_94' title="bbox 1996 4089 2994 4160; baseline 0.003 -19"><span class='ocrx_word' id='word_1_631' title='bbox 1996 4089 2243 4144; x_wconf 82' lang='lat' dir='ltr'><strong>tudinem</strong></span> <span class='ocrx_word' id='word_1_632' title='bbox 2270 4099 2419 4144; x_wconf 92' lang='lat' dir='ltr'><strong>tuam</strong></span> <span class='ocrx_word' id='word_1_633' title='bbox 2459 4090 2516 4144; x_wconf 93' lang='lat' dir='ltr'><strong>in</strong></span> <span class='ocrx_word' id='word_1_634' title='bbox 2556 4089 2947 4160; x_wconf 87' lang='lat' dir='ltr'><strong>perditionem.</strong></span> <span class='ocrx_word' id='word_1_635' title='bbox 2975 4111 2994 4144; x_wconf 79' lang='grc' dir='ltr'><strong>ι</strong></span> 
     </span>
    </p>
   </div>
   <div class='ocr_carea' id='block_1_95' title="bbox 2064 4179 3572 4256">
    <p class='ocr_par' dir='ltr' id='par_1_95' title="bbox 2064 4179 3572 4256">
     <span class='ocr_line' id='line_1_95' title="bbox 2064 4179 3572 4256; baseline 0.004 -20"><span class='ocrx_word' id='word_1_636' title='bbox 2064 4179 2198 4249; x_wconf 86' lang='lat' dir='ltr'><strong>Sap.</strong></span> <span class='ocrx_word' id='word_1_637' title='bbox 2232 4195 2273 4243; x_wconf 87' lang='grc' dir='ltr'>ι.</span> <span class='ocrx_word' id='word_1_638' title='bbox 2301 4181 2356 4236; x_wconf 87' lang='grc'>6.</span> <span class='ocrx_word' id='word_1_639' title='bbox 2389 4211 2462 4224; x_wconf 87' lang='lat'><strong>—-</strong></span> <span class='ocrx_word' id='word_1_640' title='bbox 2485 4200 2506 4236; x_wconf 81' lang='grc' dir='ltr'><strong>ι</strong></span> <span class='ocrx_word' id='word_1_641' title='bbox 2559 4181 2843 4254; x_wconf 83' lang='lat' dir='ltr'><strong>Benignus</strong></span> <span class='ocrx_word' id='word_1_642' title='bbox 2888 4191 2970 4238; x_wconf 92' lang='lat' dir='ltr'><strong>est</strong></span> <span class='ocrx_word' id='word_1_643' title='bbox 3007 4183 3241 4254; x_wconf 85' lang='lat' dir='ltr'><strong>spiritus</strong></span> <span class='ocrx_word' id='word_1_644' title='bbox 3269 4185 3572 4256; x_wconf 85' lang='lat' dir='ltr'><strong>sapientiae,</strong></span> 
     </span>
    </p>
   </div>
   <div class='ocr_carea' id='block_1_96' title="bbox 1993 4274 3357 4345">
    <p class='ocr_par' dir='ltr' id='par_1_96' title="bbox 1993 4274 3357 4345">
     <span class='ocr_line' id='line_1_96' title="bbox 1993 4274 3357 4345; baseline -0.001 -15"><span class='ocrx_word' id='word_1_645' title='bbox 1993 4281 2048 4330; x_wconf 88' lang='lat' dir='ltr'><strong>et</strong></span> <span class='ocrx_word' id='word_1_646' title='bbox 2076 4289 2184 4330; x_wconf 91' lang='lat' dir='ltr'><strong>non</strong></span> <span class='ocrx_word' id='word_1_647' title='bbox 2219 4275 2468 4330; x_wconf 84' lang='lat' dir='ltr'><strong>absolvet</strong></span> <span class='ocrx_word' id='word_1_648' title='bbox 2495 4274 2873 4345; x_wconf 87' lang='lat' dir='ltr'><strong>blasphemum</strong></span> <span class='ocrx_word' id='word_1_649' title='bbox 2912 4291 2941 4329; x_wconf 89' lang='lat' dir='ltr'><strong>a</strong></span> <span class='ocrx_word' id='word_1_650' title='bbox 2970 4277 3132 4332; x_wconf 89' lang='lat' dir='ltr'><strong>labiis</strong></span> <span class='ocrx_word' id='word_1_651' title='bbox 3160 4279 3300 4333; x_wconf 87' lang='lat' dir='ltr'><strong>suis.</strong></span> <span class='ocrx_word' id='word_1_652' title='bbox 3338 4296 3357 4328; x_wconf 78' lang='grc' dir='ltr'><strong>ι</strong></span> 
     </span>
    </p>
   </div>
   <div class='ocr_carea' id='block_1_97' title="bbox 2066 4363 3574 4440">
    <p class='ocr_par' dir='ltr' id='par_1_97' title="bbox 2066 4363 3574 4440">
     <span class='ocr_line' id='line_1_97' title="bbox 2066 4363 3574 4440; baseline 0.003 -21"><span class='ocrx_word' id='word_1_653' title='bbox 2066 4364 2236 4420; x_wconf 78' lang='lat' dir='ltr'><strong>Eccli.</strong></span> <span class='ocrx_word' id='word_1_654' title='bbox 2260 4380 2434 4430; x_wconf 78' lang='lat' dir='ltr'><strong>xxvu,</strong></span> <span class='ocrx_word' id='word_1_655' title='bbox 2467 4363 2560 4420; x_wconf 72' lang='grc'><strong>28.</strong></span> <span class='ocrx_word' id='word_1_656' title='bbox 2590 4396 2662 4406; x_wconf 89' lang='lat'><strong>--</strong></span> <span class='ocrx_word' id='word_1_657' title='bbox 2698 4383 2717 4417; x_wconf 83' lang='grc' dir='ltr'><strong>ι</strong></span> <span class='ocrx_word' id='word_1_658' title='bbox 2747 4363 2852 4431; x_wconf 88' lang='lat' dir='ltr'><strong>Qui</strong></span> <span class='ocrx_word' id='word_1_659' title='bbox 2901 4368 2958 4420; x_wconf 91' lang='lat' dir='ltr'><strong>in</strong></span> <span class='ocrx_word' id='word_1_660' title='bbox 3013 4367 3183 4422; x_wconf 90' lang='lat' dir='ltr'><strong>altum</strong></span> <span class='ocrx_word' id='word_1_661' title='bbox 3229 4367 3400 4422; x_wconf 89' lang='lat' dir='ltr'><strong>mittit</strong></span> <span class='ocrx_word' id='word_1_662' title='bbox 3433 4368 3574 4440; x_wconf 91' lang='lat' dir='ltr'><strong>lapi-</strong></span> 
     </span>
    </p>
   </div>
   <div class='ocr_carea' id='block_1_98' title="bbox 1919 4457 2906 4532">
    <p class='ocr_par' dir='ltr' id='par_1_98' title="bbox 1919 4457 2906 4532">
     <span class='ocr_line' id='line_1_98' title="bbox 1919 4457 2906 4532; baseline -0.003 -20"><span class='ocrx_word' id='word_1_663' title='bbox 1919 4477 1963 4532; x_wconf 78' lang='grc' dir='ltr'>ι)</span> <span class='ocrx_word' id='word_1_664' title='bbox 1993 4457 2138 4519; x_wconf 87' lang='lat' dir='ltr'><strong>dem,</strong></span> <span class='ocrx_word' id='word_1_665' title='bbox 2169 4457 2225 4511; x_wconf 92' lang='lat' dir='ltr'><strong>in</strong></span> <span class='ocrx_word' id='word_1_666' title='bbox 2253 4465 2419 4527; x_wconf 89' lang='lat' dir='ltr'><strong>caput</strong></span> <span class='ocrx_word' id='word_1_667' title='bbox 2457 4471 2618 4511; x_wconf 87' lang='lat' dir='ltr'><strong>suum</strong></span> <span class='ocrx_word' id='word_1_668' title='bbox 2655 4458 2847 4512; x_wconf 90' lang='lat' dir='ltr'><strong>mittit.</strong></span> <span class='ocrx_word' id='word_1_669' title='bbox 2887 4475 2906 4509; x_wconf 79' lang='grc' dir='ltr'><strong>ι</strong></span> 
     </span>
    </p>
   </div>
   <div class='ocr_carea' id='block_1_99' title="bbox 2062 4549 3573 4622">
    <p class='ocr_par' dir='ltr' id='par_1_99' title="bbox 2062 4549 3573 4622">
     <span class='ocr_line' id='line_1_99' title="bbox 2062 4549 3573 4622; baseline 0.002 -18"><span class='ocrx_word' id='word_1_670' title='bbox 2062 4549 2260 4605; x_wconf 78' lang='lat' dir='ltr'><strong>Matth.</strong></span> <span class='ocrx_word' id='word_1_671' title='bbox 2295 4563 2396 4616; x_wconf 79' lang='lat' dir='ltr'><strong>xu,</strong></span> <span class='ocrx_word' id='word_1_672' title='bbox 2427 4550 2516 4605; x_wconf 77' lang='lat' dir='ltr'><strong>5L</strong></span> <span class='ocrx_word' id='word_1_673' title='bbox 2552 4579 2620 4590; x_wconf 93' lang='lat'><strong><em>—</em></strong></span> <span class='ocrx_word' id='word_1_674' title='bbox 2647 4568 2666 4602; x_wconf 77' lang='grc' dir='ltr'><strong>ι</strong></span> <span class='ocrx_word' id='word_1_675' title='bbox 2713 4550 2889 4607; x_wconf 90' lang='lat' dir='ltr'><strong>Omne</strong></span> <span class='ocrx_word' id='word_1_676' title='bbox 2937 4559 3222 4622; x_wconf 86' lang='lat' dir='ltr'><strong>peccatum</strong></span> <span class='ocrx_word' id='word_1_677' title='bbox 3258 4551 3573 4608; x_wconf 86' lang='lat' dir='ltr'><strong>remittetur</strong></span> 
     </span>
    </p>
   </div>
   <div class='ocr_carea' id='block_1_100' title="bbox 1989 4640 3571 4712">
    <p class='ocr_par' dir='ltr' id='par_1_100' title="bbox 1989 4640 3571 4712">
     <span class='ocr_line' id='line_1_100' title="bbox 1989 4640 3571 4712; baseline 0.001 -16"><span class='ocrx_word' id='word_1_678' title='bbox 1989 4640 2345 4697; x_wconf 81' lang='lat' dir='ltr'><strong>hominibus:</strong></span> <span class='ocrx_word' id='word_1_679' title='bbox 2399 4641 2448 4696; x_wconf 92' lang='lat' dir='ltr'><strong>ei</strong></span> <span class='ocrx_word' id='word_1_680' title='bbox 2505 4648 2690 4697; x_wconf 90' lang='lat' dir='ltr'><strong>autem</strong></span> <span class='ocrx_word' id='word_1_681' title='bbox 2739 4642 2834 4712; x_wconf 86' lang='lat' dir='ltr'><strong>qui</strong></span> <span class='ocrx_word' id='word_1_682' title='bbox 2880 4641 2934 4696; x_wconf 91' lang='lat' dir='ltr'><strong>in</strong></span> <span class='ocrx_word' id='word_1_683' title='bbox 2989 4640 3256 4712; x_wconf 87' lang='lat' dir='ltr'><strong>Spiritum</strong></span> <span class='ocrx_word' id='word_1_684' title='bbox 3314 4652 3571 4698; x_wconf 87' lang='lat' dir='ltr'><strong>sanctum</strong></span> 
     </span>
    </p>
   </div>
   <div class='ocr_carea' id='block_1_101' title="bbox 1991 4734 3572 4806">
    <p class='ocr_par' dir='ltr' id='par_1_101' title="bbox 1991 4734 3572 4806">
     <span class='ocr_line' id='line_1_101' title="bbox 1991 4734 3572 4806; baseline 0 -16"><span class='ocrx_word' id='word_1_685' title='bbox 1991 4734 2484 4806; x_wconf 76' lang='lat' dir='ltr'><strong>blaspliemaverit,</strong></span> <span class='ocrx_word' id='word_1_686' title='bbox 2548 4750 2658 4790; x_wconf 86' lang='lat' dir='ltr'><strong>non</strong></span> <span class='ocrx_word' id='word_1_687' title='bbox 2715 4735 3051 4802; x_wconf 89' lang='lat' dir='ltr'><strong>remittetur,</strong></span> <span class='ocrx_word' id='word_1_688' title='bbox 3115 4749 3298 4806; x_wconf 88' lang='lat' dir='ltr'><strong>neque</strong></span> <span class='ocrx_word' id='word_1_689' title='bbox 3353 4735 3410 4790; x_wconf 91' lang='lat' dir='ltr'><strong>in</strong></span> <span class='ocrx_word' id='word_1_690' title='bbox 3464 4735 3572 4790; x_wconf 86' lang='lat' dir='ltr'><strong>hoc</strong></span> 
     </span>
    </p>
   </div>
   <div class='ocr_carea' id='block_1_102' title="bbox 1989 4825 2817 4898">
    <p class='ocr_par' dir='ltr' id='par_1_102' title="bbox 1989 4825 2817 4898">
     <span class='ocr_line' id='line_1_102' title="bbox 1989 4825 2817 4898; baseline -0.007 -14"><span class='ocrx_word' id='word_1_691' title='bbox 1989 4827 2217 4894; x_wconf 68' lang='lat' dir='ltr'><strong>saeculo,</strong></span> <span class='ocrx_word' id='word_1_692' title='bbox 2247 4841 2430 4898; x_wconf 89' lang='lat' dir='ltr'><strong>neque</strong></span> <span class='ocrx_word' id='word_1_693' title='bbox 2463 4826 2520 4880; x_wconf 91' lang='lat' dir='ltr'><strong>in</strong></span> <span class='ocrx_word' id='word_1_694' title='bbox 2547 4825 2759 4881; x_wconf 79' lang='lat' dir='ltr'><strong>futuro.</strong></span> <span class='ocrx_word' id='word_1_695' title='bbox 2797 4844 2817 4878; x_wconf 75' lang='grc' dir='ltr'><strong>ι</strong></span> 
     </span>
    </p>
   </div>
   <div class='ocr_carea' id='block_1_103' title="bbox 2064 4915 3571 4989">
    <p class='ocr_par' dir='ltr' id='par_1_103' title="bbox 2064 4915 3571 4989">
     <span class='ocr_line' id='line_1_103' title="bbox 2064 4915 3571 4989; baseline 0 -15"><span class='ocrx_word' id='word_1_696' title='bbox 2064 4915 2282 4974; x_wconf 78' lang='lat' dir='ltr'><strong>Basilii.</strong></span> <span class='ocrx_word' id='word_1_697' title='bbox 2313 4946 2386 4958; x_wconf 90' lang='lat'><strong>——</strong></span> <span class='ocrx_word' id='word_1_698' title='bbox 2408 4917 2515 4984; x_wconf 88' lang='lat' dir='ltr'><strong>Qui</strong></span> <span class='ocrx_word' id='word_1_699' title='bbox 2547 4923 2764 4988; x_wconf 87' lang='lat' dir='ltr'><strong>peccat,</strong></span> <span class='ocrx_word' id='word_1_700' title='bbox 2817 4917 2994 4988; x_wconf 88' lang='lat' dir='ltr'><strong>legem</strong></span> <span class='ocrx_word' id='word_1_701' title='bbox 3025 4917 3249 4989; x_wconf 90' lang='lat' dir='ltr'><strong>quidem</strong></span> <span class='ocrx_word' id='word_1_702' title='bbox 3278 4918 3486 4974; x_wconf 77' lang='lat' dir='ltr'><strong>violat:</strong></span> <span class='ocrx_word' id='word_1_703' title='bbox 3514 4928 3571 4974; x_wconf 90' lang='lat' dir='ltr'><strong>at</strong></span> 
     </span>
    </p>
   </div>
   <div class='ocr_carea' id='block_1_104' title="bbox 1993 5007 3566 5080">
    <p class='ocr_par' dir='ltr' id='par_1_104' title="bbox 1993 5007 3566 5080">
     <span class='ocr_line' id='line_1_104' title="bbox 1993 5007 3566 5080; baseline 0.003 -17"><span class='ocrx_word' id='word_1_704' title='bbox 1993 5008 2086 5080; x_wconf 90' lang='lat' dir='ltr'><strong>qui</strong></span> <span class='ocrx_word' id='word_1_705' title='bbox 2120 5007 2491 5080; x_wconf 88' lang='lat' dir='ltr'><strong>blasphemat,</strong></span> <span class='ocrx_word' id='word_1_706' title='bbox 2535 5009 2804 5065; x_wconf 89' lang='lat' dir='ltr'><strong>adversus</strong></span> <span class='ocrx_word' id='word_1_707' title='bbox 2855 5009 3033 5080; x_wconf 90' lang='lat' dir='ltr'><strong>ipsum</strong></span> <span class='ocrx_word' id='word_1_708' title='bbox 3065 5009 3313 5065; x_wconf 87' lang='lat' dir='ltr'><strong>divinum</strong></span> <span class='ocrx_word' id='word_1_709' title='bbox 3353 5009 3566 5068; x_wconf 85' lang='lat' dir='ltr'><strong>Numen</strong></span> 
     </span>
    </p>
   </div>
   <div class='ocr_carea' id='block_1_105' title="bbox 1990 5101 2334 5174">
    <p class='ocr_par' dir='ltr' id='par_1_105' title="bbox 1990 5101 2334 5174">
     <span class='ocr_line' id='line_1_105' title="bbox 1990 5101 2334 5174; baseline 0.003 -17"><span class='ocrx_word' id='word_1_710' title='bbox 1990 5101 2196 5174; x_wconf 88' lang='lat' dir='ltr'><strong>impius</strong></span> <span class='ocrx_word' id='word_1_711' title='bbox 2230 5111 2334 5158; x_wconf 90' lang='lat' dir='ltr'><strong>est.</strong></span> 
     </span>
    </p>
   </div>
   <div class='ocr_carea' id='block_1_106' title="bbox 2063 5192 3569 5267">
    <p class='ocr_par' dir='ltr' id='par_1_106' title="bbox 2063 5192 3569 5267">
     <span class='ocr_line' id='line_1_106' title="bbox 2063 5192 3569 5267; baseline 0.004 -19"><span class='ocrx_word' id='word_1_712' title='bbox 2063 5192 2343 5264; x_wconf 80' lang='lat' dir='ltr'><strong>Chrysou.</strong></span> <span class='ocrx_word' id='word_1_713' title='bbox 2371 5195 2574 5251; x_wconf 87' lang='lat' dir='ltr'><strong>—Eos</strong></span> <span class='ocrx_word' id='word_1_714' title='bbox 2621 5195 2716 5266; x_wconf 88' lang='lat' dir='ltr'><strong>qui</strong></span> <span class='ocrx_word' id='word_1_715' title='bbox 2767 5195 2824 5251; x_wconf 92' lang='lat' dir='ltr'><strong>in</strong></span> <span class='ocrx_word' id='word_1_716' title='bbox 2878 5196 3100 5253; x_wconf 81' lang='lat' dir='ltr'><strong>civitate</strong></span> <span class='ocrx_word' id='word_1_717' title='bbox 3147 5197 3569 5267; x_wconf 76' lang='lat' dir='ltr'><strong>blasphemare-</strong></span> 
     </span>
    </p>
   </div>
   <div class='ocr_carea' id='block_1_107' title="bbox 1987 5283 3570 5358">
    <p class='ocr_par' dir='ltr' id='par_1_107' title="bbox 1987 5283 3570 5358">
     <span class='ocr_line' id='line_1_107' title="bbox 1987 5283 3570 5358; baseline 0.003 -19"><span class='ocrx_word' id='word_1_718' title='bbox 1987 5283 2124 5352; x_wconf 88' lang='lat' dir='ltr'><strong>rint,</strong></span> <span class='ocrx_word' id='word_1_719' title='bbox 2165 5286 2404 5357; x_wconf 86' lang='lat' dir='ltr'><strong>castiga.</strong></span> <span class='ocrx_word' id='word_1_720' title='bbox 2437 5285 2597 5356; x_wconf 87' lang='lat' dir='ltr'><strong>Quod</strong></span> <span class='ocrx_word' id='word_1_721' title='bbox 2628 5287 2674 5343; x_wconf 90' lang='lat' dir='ltr'><strong>si</strong></span> <span class='ocrx_word' id='word_1_722' title='bbox 2708 5302 2872 5358; x_wconf 82' lang='lat' dir='ltr'><strong>quem</strong></span> <span class='ocrx_word' id='word_1_723' title='bbox 2908 5288 2965 5343; x_wconf 93' lang='lat' dir='ltr'><strong>in</strong></span> <span class='ocrx_word' id='word_1_724' title='bbox 3016 5288 3166 5344; x_wconf 87' lang='lat' dir='ltr'><strong>bivio</strong></span> <span class='ocrx_word' id='word_1_725' title='bbox 3211 5297 3308 5344; x_wconf 87' lang='lat' dir='ltr'><strong>aut</strong></span> <span class='ocrx_word' id='word_1_726' title='bbox 3349 5289 3404 5344; x_wconf 84' lang='lat' dir='ltr'><strong>in</strong></span> <span class='ocrx_word' id='word_1_727' title='bbox 3446 5289 3570 5344; x_wconf 80' lang='lat' dir='ltr'><strong>foro</strong></span> 
     </span>
    </p>
   </div>
   <div class='ocr_carea' id='block_1_108' title="bbox 1990 5375 3568 5450">
    <p class='ocr_par' dir='ltr' id='par_1_108' title="bbox 1990 5375 3568 5450">
     <span class='ocr_line' id='line_1_108' title="bbox 1990 5375 3568 5450; baseline 0.003 -20"><span class='ocrx_word' id='word_1_728' title='bbox 1990 5375 2257 5444; x_wconf 89' lang='lat' dir='ltr'><strong>audieris,</strong></span> <span class='ocrx_word' id='word_1_729' title='bbox 2306 5377 2563 5448; x_wconf 74' lang='lat' dir='ltr'><strong>obiurga.</strong></span> <span class='ocrx_word' id='word_1_730' title='bbox 2615 5376 2771 5444; x_wconf 89' lang='lat' dir='ltr'><strong>Quod</strong></span> <span class='ocrx_word' id='word_1_731' title='bbox 2803 5377 2847 5433; x_wconf 92' lang='lat' dir='ltr'><strong>si</strong></span> <span class='ocrx_word' id='word_1_732' title='bbox 2875 5378 3046 5433; x_wconf 88' lang='lat' dir='ltr'><strong>etiam</strong></span> <span class='ocrx_word' id='word_1_733' title='bbox 3079 5379 3267 5450; x_wconf 84' lang='lat' dir='ltr'><strong>plagas</strong></span> <span class='ocrx_word' id='word_1_734' title='bbox 3314 5378 3568 5435; x_wconf 83' lang='lat' dir='ltr'><strong>incutere</strong></span> 
     </span>
    </p>
   </div>
   <div class='ocr_carea' id='block_1_109' title="bbox 1989 5468 3566 5543">
    <p class='ocr_par' dir='ltr' id='par_1_109' title="bbox 1989 5468 3566 5543">
     <span class='ocr_line' id='line_1_109' title="bbox 1989 5468 3566 5543; baseline 0.003 -20"><span class='ocrx_word' id='word_1_735' title='bbox 1989 5469 2322 5540; x_wconf 89' lang='lat' dir='ltr'><strong>oportuerit,</strong></span> <span class='ocrx_word' id='word_1_736' title='bbox 2357 5485 2426 5526; x_wconf 90' lang='lat' dir='ltr'><strong>ne</strong></span> <span class='ocrx_word' id='word_1_737' title='bbox 2473 5470 2527 5526; x_wconf 93' lang='lat' dir='ltr'><strong>id</strong></span> <span class='ocrx_word' id='word_1_738' title='bbox 2566 5468 2749 5526; x_wconf 78' lang='lat' dir='ltr'><strong>facere</strong></span> <span class='ocrx_word' id='word_1_739' title='bbox 2780 5471 3024 5528; x_wconf 87' lang='lat' dir='ltr'><strong>dubites.</strong></span> <span class='ocrx_word' id='word_1_740' title='bbox 3056 5469 3362 5543; x_wconf 88' lang='lat' dir='ltr'><strong>Colapbum</strong></span> <span class='ocrx_word' id='word_1_741' title='bbox 3393 5471 3447 5526; x_wconf 90' lang='lat' dir='ltr'><strong>in</strong></span> <span class='ocrx_word' id='word_1_742' title='bbox 3481 5472 3566 5527; x_wconf 81' lang='lat' dir='ltr'><strong>fa-</strong></span> 
     </span>
    </p>
   </div>
   <div class='ocr_carea' id='block_1_110' title="bbox 1985 5561 3567 5634">
    <p class='ocr_par' dir='ltr' id='par_1_110' title="bbox 1985 5561 3567 5634">
     <span class='ocr_line' id='line_1_110' title="bbox 1985 5561 3567 5634; baseline 0.001 -17"><span class='ocrx_word' id='word_1_743' title='bbox 1985 5562 2124 5618; x_wconf 91' lang='lat' dir='ltr'><strong>ciem</strong></span> <span class='ocrx_word' id='word_1_744' title='bbox 2154 5561 2275 5632; x_wconf 80' lang='lat' dir='ltr'><strong>ejus</strong></span> <span class='ocrx_word' id='word_1_745' title='bbox 2322 5562 2563 5634; x_wconf 86' lang='lat' dir='ltr'><strong>impinge</strong></span> <span class='ocrx_word' id='word_1_746' title='bbox 2603 5581 2618 5617; x_wconf 86' lang='lat'><strong>:</strong></span> <span class='ocrx_word' id='word_1_747' title='bbox 2655 5577 2718 5619; x_wconf 86' lang='lat' dir='ltr'><strong>os</strong></span> <span class='ocrx_word' id='word_1_748' title='bbox 2773 5562 2894 5634; x_wconf 80' lang='lat' dir='ltr'><strong>ejus</strong></span> <span class='ocrx_word' id='word_1_749' title='bbox 2935 5574 3176 5620; x_wconf 90' lang='lat' dir='ltr'><strong>contere.</strong></span> <span class='ocrx_word' id='word_1_750' title='bbox 3229 5561 3416 5618; x_wconf 82' lang='lat' dir='ltr'><strong>Manui</strong></span> <span class='ocrx_word' id='word_1_751' title='bbox 3457 5570 3567 5618; x_wconf 72' lang='lat' dir='ltr'><strong>tute</strong></span> 
     </span>
    </p>
   </div>
   <div class='ocr_carea' id='block_1_111' title="bbox 1984 5653 3562 5731">
    <p class='ocr_par' dir='ltr' id='par_1_111' title="bbox 1984 5653 3562 5731">
     <span class='ocr_line' id='line_1_111' title="bbox 1984 5653 3562 5731; baseline 0.005 -23"><span class='ocrx_word' id='word_1_752' title='bbox 1984 5668 2082 5724; x_wconf 89' lang='lat' dir='ltr'><strong>per</strong></span> <span class='ocrx_word' id='word_1_753' title='bbox 2137 5653 2408 5726; x_wconf 83' lang='lat' dir='ltr'><strong>ejusmodi</strong></span> <span class='ocrx_word' id='word_1_754' title='bbox 2465 5654 2684 5731; x_wconf 83' lang='lat' dir='ltr'><strong>plagam</strong></span> <span class='ocrx_word' id='word_1_755' title='bbox 2735 5656 3084 5714; x_wconf 86' lang='lat' dir='ltr'><strong>sanctitatem</strong></span> <span class='ocrx_word' id='word_1_756' title='bbox 3131 5658 3392 5715; x_wconf 86' lang='lat' dir='ltr'><strong>concilia.</strong></span> <span class='ocrx_word' id='word_1_757' title='bbox 3445 5657 3562 5716; x_wconf 79' lang='lat' dir='ltr'><strong>Etsi</strong></span> 
     </span>
    </p>
   </div>
   <div class='ocr_carea' id='block_1_112' title="bbox 297 5740 2159 5820">
    <p class='ocr_par' dir='ltr' id='par_1_112' title="bbox 297 5740 2159 5820">
     <span class='ocr_line' id='line_1_112' title="bbox 297 5740 2159 5820; baseline 0.003 -24"><span class='ocrx_word' id='word_1_758' title='bbox 297 5740 519 5814; x_wconf 86' lang='lat' dir='ltr'><strong>quidam</strong></span> <span class='ocrx_word' id='word_1_759' title='bbox 563 5741 954 5812; x_wconf 82' lang='lat' dir='ltr'><strong>criminantur,</strong></span> <span class='ocrx_word' id='word_1_760' title='bbox 985 5746 1090 5804; x_wconf 88' lang='lat' dir='ltr'><strong>etsi</strong></span> <span class='ocrx_word' id='word_1_761' title='bbox 1140 5754 1192 5803; x_wconf 87' lang='lat' dir='ltr'><strong>te</strong></span> <span class='ocrx_word' id='word_1_762' title='bbox 1221 5745 1277 5802; x_wconf 90' lang='lat' dir='ltr'><strong>in</strong></span> <span class='ocrx_word' id='word_1_763' title='bbox 1306 5744 1577 5817; x_wconf 84' lang='lat' dir='ltr'><strong>judicium</strong></span> <span class='ocrx_word' id='word_1_764' title='bbox 1615 5745 1862 5816; x_wconf 82' lang='lat' dir='ltr'><strong>trahunt,</strong></span> <span class='ocrx_word' id='word_1_765' title='bbox 1903 5759 2159 5820; x_wconf 82' lang='lat' dir='ltr'><strong>sequere.</strong></span> 
     </span>
    </p>
   </div>
  </div>
