3986 6380
541 250 673 309 [ἓίὸῖ

1721 249 1782 306 s.
1816 244 2137 307 JOANNIS
2176 217 2610 302 DAMASCENI

3619 250 3716 321 H88

599 351 870 420 (.Iirytost.
901 347 1054 401 "om.
1078 347 1131 412 5,
1165 346 1240 401 De
1274 349 1532 415 incompr.
1553 378 1624 389 —
1645 349 2104 415 Quemadmodun‘

2291 345 2558 414 Καθάπερ
2587 348 2613 397 ὁ
2636 344 2779 397 λίθον
2815 345 3113 410 ἀκοντίζων
3147 349 3222 409 είς
3252 349 3309 400 τὸ
3338 350 3478 420 ὕψος,
3501 357 3579 409 τοῦ
3599 363 3719 433 οὐρι.

529 441 620 510 qui
663 455 858 494 saxum
901 439 954 491 in
1009 438 1180 490 altum
1240 436 1573 506 ejaculatur,
1626 453 1831 508 corpus
1886 436 2112 507 quidem

530 531 656 587 caeli
716 529 994 593 scindere,
1039 538 1206 598 atque
1254 527 1322 582 ad
1369 543 1489 582 eam
1527 529 1874 585 altitudinem
1926 543 2118 599 perve-

530 621 653 674 nire
706 635 818 675 uon
862 621 1041 686 valet;
1086 621 1222 689 quin
1273 621 1491 690 plagam
1537 622 1720 691 capite
1751 637 1853 678 suo
1883 622 2114 690 excipit,

529 727 663 769 saxo
695 713 958 768 nimirum
999 713 1068 766 ad
1105 713 1504 782 ejaculatorem
1558 714 1864 768 redeunte:
1904 714 1987 768 sic
2022 713 2117 783 qui

528 805 932 862 contumeliosa
957 814 1013 858 et
1043 803 1209 873 impia
1252 804 1419 856 verba
1467 802 1736 858 adversus
1769 803 1986 856 beatam
2020 801 2114 857 Dei

529 897 831 953 essentiam
889 893 1119 964 profert,
1189 909 1313 948 eam
1367 892 1594 963 quidem
1669 894 1824 948 nullo
1875 908 2114 963 unquam

529 990 865 1062 detrimento
917 985 1138 1051 alliciat,
1173 993 1232 1039 ut
1261 1000 1386 1055 quae
1437 985 1600 1052 longe
1637 986 1815 1055 major
1846 993 1902 1040 et
1943 984 2118 1040 subli-

529 1082 675 1135 mior
719 1080 998 1136 exsistat:
1048 1087 1106 1133 at
1138 1093 1268 1134 vero
1306 1078 1364 1132 in
1404 1078 1602 1132 anima:
1656 1093 1770 1132 suae
1813 1077 2112 1146 perniciem

531 1171 772 1240 gladium
811 1170 982 1234 acuit,
1019 1169 1151 1223 dum
1187 1183 1248 1223 se
1289 1169 1339 1222 ei
1393 1167 1554 1236 cujus
1600 1167 1884 1223 beneficiis
1916 1174 2114 1221 auctus

528 1271 632 1326 est,
668 1263 943 1332 ingratqu
976 1263 1200 1332 praebet.

530 1393 669 1452 ΤΙΤ.
705 1394 796 1451 IX.
831 1427 900 1436 —-
927 1394 999 1448 De
1029 1410 1141 1464 rege
1189 1395 1377 1464 probo,
1427 1403 1476 1446 et
1531 1395 1622 1463 qui
1663 1393 1858 1446 malum
1914 1392 2108 1446 oderit.

601 1568 766 1623 Num.
799 1583 950 1631 xxiv,
989 1567 1038 1620 7.
1064 1597 1133 1607 -—
1161 1584 1180 1617 ι
1215 1565 1518 1635 Augebilur
1562 1580 1790 1635 regnum
1834 1563 1990 1632 ejus;
2017 1577 2110 1616 co-

527 1660 714 1714 medet
763 1668 955 1729 gentes
997 1657 1351 1710 inimicorum
1391 1644 1650 1719 suorum,
1676 1663 1730 1709 et
1775 1654 2109 1709 crassitudi-

528 1765 655 1804 nem
697 1765 886 1804 eorum
932 1749 997 1802 ad
1038 1748 1336 1802 medullam
1374 1763 1546 1816 usque
1574 1755 1904 1812 consumet;
1938 1753 1990 1801 et
2027 1745 2114 1814 ja-

525 1841 672 1897 culis
704 1841 822 1896 suis
863 1849 1054 1910 gentes
1085 1855 1258 1893 cornu
1291 1847 1459 1910 petet.
1486 1858 1505 1890 ι

599 1931 760 1987 Deut.
792 1948 986 1995 xxxiii,
1024 1931 1110 1994 ΓΙ,
1145 1932 1234 1986 59.
1269 1961 1336 1972 —-
1371 1949 1390 1982 ι
1423 1930 1644 1985 Cornua
1671 1929 1959 1984 uuicornis
1992 1944 2114 1984 cor-

527 2039 636 2080 nua
671 2024 794 2094 ejus
825 2043 838 2078 :
877 2023 932 2076 in
981 2023 1117 2092 ipsis
1148 2031 1340 2094 gentes
1376 2036 1547 2076 cornu
1581 2031 1748 2091 petet.
1776 2020 2112 2076 Mentientur

528 2117 629 2171 tibi
681 2116 890 2171 inimici
949 2116 1071 2182 tui;
1130 2124 1185 2169 et
1237 2122 1296 2166 tu
1357 2127 1527 2182 super
1590 2113 1864 2168 cervicem
1913 2125 2110 2168 eorum

527 2209 814 2263 ascendes.
857 2226 876 2259 ι

607 2299 669 2354 ΙΙ
708 2300 832 2370 Reg.
863 2314 980 2362 vm,
1003 2299 1095 2354 ‘25.
1132 2327 1203 2339 —
1230 2315 1248 2349 ι
1284 2296 1666 2362 Salvuml’ecit
1703 2297 1966 2353 Dominus
2003 2296 2111 2352 Da-

528 2395 618 2448 vid
659 2394 713 2448 in
747 2393 1028 2458 omnibus,
1072 2392 1126 2445 in
1164 2391 1370 2462 quibus
1418 2390 1743 2456 ambulavit,
1779 2390 1991 2444 faciens
2016 2389 2112 2459 ju-

529 2485 737 2540 ilicium
770 2495 823 2540 et
847 2485 1146 2555 justitiam.
1180 2503 1200 2535 ι

592 2574 667 2632 II
701 2575 833 2644 Reg.
863 2590 976 2638 XVI,
1011 2574 1098 2637 10,
1142 2572 1227 2638 ll,
1258 2572 1343 2626 12.
1371 2603 1439 2614 -——
1473 2591 1491 2624 ι
1532 2572 1680 2626 Dixit
1716 2571 1886 2626 David
1921 2591 1932 2626 :
1975 2572 2110 2628 Sine

525 2684 651 2725 cum
683 2666 1057 2720 maledicere:
1099 2664 1241 2720 Deus
1270 2665 1419 2720 enim
1454 2664 1719 2735 praaccpit
1750 2665 1822 2718 ei.
1871 2663 1926 2717 Si
1965 2663 2109 2720 forte

525 2759 791 2830 respiciat
830 2757 974 2812 Deus
1006 2757 1362 2812 afllictionem
1406 2771 1610 2822 meam,
1644 2766 1697 2810 et
1731 2755 1926 2811 reddat
1971 2757 2106 2810 mihi

524 2851 668 2906 bona
697 2864 794 2918 pro
827 2848 1218 2903 maledicnoue
1249 2847 1373 2900 hac.
1411 2865 1430 2898 ι

594 2938 660 2992 II
699 2937 820 3008 Reg.
861 2953 972 2997 xix,
1015 2936 1206 2991 19-25.
1233 2964 1303 2976 —
1333 2954 1352 2988 ‹
1389 2934 1455 2988 Et
1487 2933 1669 2990 Semei
1706 2937 1908 2992 cecidit
1941 2955 2109 3009 super

2225 440 2318 493 νοῦ
2344 441 2442 510 μὲν
2465 439 2525 493 τὸ
2559 439 2718 509 σῶμα
2737 440 3014 510 διατεμεῖν
3044 442 3102 493 οὐ
3137 442 3370 508 δύναται,
3398 447 3505 501 οὐδὲ
3532 455 3642 522 πρὸς
3679 460 3723 512 τὸ

2227 531 2359 600 ὕψος
2387 532 2591 601 φθάσαι
2639 533 2836 597 ἐκεῖνο,
2869 533 2968 602 τὴν
2995 533 3054 586 δὲ
3081 534 3292 603 πληγὴν
3329 539 3390 606 τῇ
3441 537 3534 610 ἰδίᾳ
3558 542 3721 614 δέχεται

2225 626 2460 694 κορυφῇ,
2500 624 2636 694 πρὲις
2663 624 2754 676 τὸν
2783 623 3146 678 ἀκοντίσαντα
3176 627 3470 692 ἐπανιόντος
3492 631 3570 684 τοῦ
3595 633 3722 692 λίθου·

2223 712 2398 776 οὕτως
2427 715 2521 767 καὶ
2551 717 2579 766 6
2628 713 2963 784 βλασφημῶν
3000 717 3080 776 είς
3105 715 3202 780 τὴν
3245 719 3504 786 μακαρίαν
3526 723 3604 775 τοῦ
3623 727 3724 782 Θεοῦ

2222 805 2432 867 οὐσίαν,
2460 804 2674 872 ἐκείνην
2708 806 2769 857 οὐ
2799 804 3148 874 παραὸλάψει
3181 807 3338 872 ἰτοτὲι
3366 808 3526 879 πολλῷ
3554 815 3726 882 μείζονα

2222 892 2390 950 οὖσαν
2431 897 2524 949 καὶ
2573 895 2912 967 ὑψηλοτέραν
2935 912 2947 923 ’
2985 897 3127 950 κατὰ
3155 897 3211 950 δὲ
3245 898 3340 968 τῆς
3385 899 3560 956 ἑαυτοῦ
3592 905 3728 980 ψυχῆς

2221 988 2283 1041 τὸ
2320 987 2472 1056 ξίφος
2497 988 2688 1058 ἀκονᾷ,
2713 987 2983 1058 ἀγνώμων
3016 989 3144 1058 περὶ
3188 986 3277 1042 τὸν
3310 991 3578 1064 εὐεργέτην
3611 1001 3727 1064 γενέ.

2225 1095 2402 1147 μενος.

2219 1381 2404 1436 ΤΙΤΛ.
2438 1380 2517 1434 Θ¹.
2548 1411 2616 1424 --
2647 1381 2786 1449 Περὶ
2815 1381 3132 1455 ,ϐασιλέως
3170 1383 3434 1451 χρηστοῦ
3482 1385 3569 1437 καὶ
3597 1403 3727 1455 μισο-

2415 1467 2423 1475 ·
2858 1453 3148 1520 πονήρου.

2295 1583 2314 1615 ι
2347 1562 2728 1633 Αὐξηθήσεται
2789 1567 2823 1635 ὴ
2886 1564 3131 1634 βασιλεία
3184 1564 3372 1629 αὑτοῦ,
3428 1565 3584 1619 ἔδεται
3631 1569 3724 1641 ἔθνη

2218 1653 2430 1727 ἐχθρῶν
2472 1655 2662 1719 αὐτοῦ,
2711 1655 2804 1708 καὶ
2848 1655 2916 1707 τὰ
2947 1655 3094 1726 πάχη
3136 1654 3316 1707 αὐτῶν
3345 1657 3630 1725 ὲκμυελιεῖ,
3659 1662 3727 1712 καὶ

2215 1746 2338 1807 ταῖς
2369 1746 2574 1819 βολίσιν
2597 1747 2760 1799 αὑτοῦ
2791 1749 2849 1800 ἐν
2880 1747 3062 1809 αὐτοῖς
3089 1746 3215 1816 ἔθνη
3247 1750 3498 1817 κερατιεῖ.
3527 1766 3544 1797 ι

2293 1941 2313 1976 t
2346 1924 2570 1995 Κέρατα
2604 1925 2979 1995 μονοκέρωτος
3007 1925 3076 1978 τὰ
3107 1925 3320 1996 κέρατα
3362 1925 3546 1978 αὑτοῦ·
3581 1930 3628 1980 ὲν
3658 1931 3728 1980 αὺ-

2215 2016 2326 2074 τοῖς
2358 2012 2486 2082 ἔθνη
2523 2016 2784 2082 κερατιεῖ.
2811 2014 3116 2067 Ψεύσονταί
3149 2031 3208 2067 σε
3248 2016 3296 2067 ot
3339 2013 3514 2084 ἐχθροί
3538 2032 3633 2074 σου,
3661 2019 3727 2069 καὶ

2218 2106 2282 2158 σὺ
2315 2107 2406 2159 ἐπὶ
2437 2107 2705 2176 τραχήλου
2740 2107 2917 2160 αὐτῶν
2947 2107 3204 2178 ὲπιδήσῃ.
3249 2125 3267 2158 ι

2290 2308 2309 2339 ι
2345 2291 2589 2346 Ἕσωσεν
2626 2290 2654 2340 ὁ
2681 2287 2814 2351 Θεὸς
2839 2287 2932 2341 τὸν
2960 2287 3124 2342 Δαόὶδ
3155 2291 3212 2342 ὲν
3259 2289 3421 2342 πᾶσιν
3450 2284 3522 2351 οἷς
3550 2287 3724 2359 ἐπορεύ-

2215 2380 2304 2451 θη,
2335 2382 2428 2436 καὶ⁵
2452 2377 2520 2452 ἦν
2544 2381 2708 2435 Δαὸὶδ
2752 2382 2921 2435 ποιῶν
2947 2385 3122 2453 κρῖμα
3158 2383 3256 2435 καὶ
3285 2381 3625 2451 δικαιοσύνην.
3655 2399 3671 2433 ι

2291 2581 2309 2614 t
2348 2555 2483 2614 Εἶπε
2517 2559 2681 2612 Δαϐίδ
2707 2579 2720 2593 ο
2759 2561 2931 2628 ’Λφες
2960 2557 3122 2612 αὐτὸν
3143 2560 3501 2630 καταρᾶσθαι,
3523 2561 3594 2614 ὅτι
3613 2557 3723 2614 εἶπεν

2212 2653 2362 2724 αὐτῷ
2396 2654 2425 2704 ὁ
2449 2652 2582 2716 Θεός
2604 2669 2616 2682 ·
2650 2653 2717 2704 Et
2740 2671 2853 2715 πως
2882 2653 3012 2704 εἶ’δοι
3035 2652 3239 2722 Κύριος
3275 2653 3368 2704 ἐπὶ
3396 2654 3489 2723 τὴν
3518 2655 3723 2706 ταπείνω-

2215 2746 2297 2798 σίν
2327 2763 2452 2814 μου,
2485 2746 2580 2797 καὶ
2605 2744 2926 2815 ἐπιστρέψει
2959 2761 3048 2816 μοι
3067 2732 3251 2813 ἀγαθὰ
3273 2745 3392 2797 ἀντὶ
3420 2746 3512 2816 τῆς
3535 2746 3722 2816 κατάρας

2209 2837 2432 2908 ταύτης.
2473 2855 2491 2888 ι

2287 2949 2306 2982 ‹
2345 2931 2456 2983 Καὶ
2490 2930 2687 2999 Σεμεεὶ
2719 2929 2915 2983 ἔπεσεν
2961 2929 3056 2982 ἐπὶ
3105 2931 3400 3000 πρόσωπον
3447 2928 3590 2982 αὐτοῦ
3620 2932 3725 2983 ἐναν-

525 3031 724 3085 faciem
762 3043 916 3084 suam
965 3042 1152 3083 coram
1185 3041 1349 3097 rege,
1399 3035 1454 3081 et
1494 3027 1635 3081 dixit
1670 3029 1736 3083 ad
1771 3046 1952 3097 regem
1983 3049 1997 3085 :
2030 3032 2104 3086 Ne

2212 3021 2321 3072 τίον
2355 3020 2449 3072 τοῦ
2485 3020 2769 3089 βασιλέως,
2803 3022 2899 3074 καὶ
2950 3015 3070 3072 εἷπε
3109 3021 3249 3090 πρὸς
3282 3021 3372 3072 τὸν
3400 3019 3627 3088 βασιλέα·
3663 3021 3724 3088 Μὴ

522 3127 742 3188 reputet
793 3119 1052 3174 dominus
1100 3133 1254 3172 meus
1285 3116 1664 3187 iniquitatem,
1708 3117 1870 3189 395
1921 3135 2098 3190 neque

2212 3110 2508 3178 λογιζέσθω
2553 3111 2583 3162 ὁ
2621 3111 2812 3180 κύριος
2859 3111 3110 3178 ἀνομίαν,
3173 3113 3268 3163 καὶ
3311 3110 3384 3180 μὴ
3427 3111 3725 3179 μνησθῇςόσα

521 3211 841 3266 memineris
875 3209 1146 3272 omnium,
1183 3223 1527 3278 quaecunque
1556 3224 1690 3278 puer
1736 3221 1864 3266 tuus
1913 3213 2104 3282 inique

2212 3199 2468 3270 ἠδίκησεν
2524 3202 2552 3254 6
2600 3203 2729 3263 παῖς
2761 3217 2853 3252 σου
2886 3203 2942 3252 ὲν
2975 3203 3040 3272 τῇ
3089 3199 3278 3270 ἡμέρᾳ
3325 3195 3724 3272 ᾖέξεπορεύετοὸ

521 3303 634 3371 egit
666 3301 720 3356 in
761 3301 851 3357 die
881 3317 988 3372 qua
1016 3314 1275 3370 egressus
1308 3307 1392 3354 est
1431 3300 1699 3356 Dominus
1727 3316 1888 3357 meus
1911 3319 2006 3357 rex
2037 3304 2104 3358 de

2212 3291 2400 3362 κύριός
2441 3309 2543 3362 μου
2583 3295 2611 3345 6
2642 3292 2895 3362 βασιλεὺς
2919 3290 2978 3357 ἐξ
3019 3293 3401 3364 Ἰερουσαλὴμ,
3435 3294 3512 3345 ὅτι
3549 3292 3724 3360 ἐγνωνό

519 3392 867 3459 Jerusalem;
897 3392 1027 3463 quia
1065 3390 1302 3462 cognovi
1355 3406 1551 3446 servus
1596 3399 1749 3458 tuus,
1784 3393 1934 3463 quod
1966 3409 2100 3464 pec-

521 3484 664 3539 cavi.
701 3483 768 3536 Et
792 3482 1003 3554 juravit
1037 3482 1087 3538 ei
1113 3497 1206 3537 rex
1236 3500 1251 3538 :
1283 3480 1405 3536 Non
1430 3482 1712 3539 morieris.
1759 3501 1779 3534 ι
1877 3523 1882 3530 .

589 3573 744 3628 Ρδαι.
781 3589 872 3640 xx,
906 3573 958 3627 1.
985 3603 1058 3614 -
1089 3589 1108 3624 ι
1148 3571 1398 3637 Domine,
1446 3569 1501 3626 in
1531 3572 1736 3627 virtute
1776 3578 1869 3625 tua
1897 3569 2106 3627 lmtabi-

517 3674 610 3719 ιιιι·
637 3681 753 3728 rex,
795 3683 813 3716 ι
846 3672 895 3717 ει
931 3679 1048 3733 qua:
1071 3673 1387 3730 sequuntur.

595 3755 747 3810 Psal.
776 3770 866 3818 ιι,
917 3755 970 3810 5.
1000 3784 1070 3795 -
1117 3773 1137 3806 ι
1198 3752 1347 3809 Diem
1403 3767 1570 3824 super
1615 3753 1734 3809 dies
1775 3755 1920 3825 regis
1962 3756 2106 3826 adji-

520 3849 654 3910 cies,
689 3867 707 3899 ›
735 3857 783 3902 ει
812 3862 928 3917 qua:
957 3855 1265 3917 sequuntur.
1955 3829 1960 3840 ’

593 3939 745 3993 ΡεαΙ.
783 3953 933 4002 Lxxl,
963 3937 1015 3991 l.
1043 3965 1108 3978 --
1133 3955 1151 3988 ι
1190 3937 1353 4002 Deus,
1383 3935 1650 4006 judicium
1673 3944 1824 3991 tuum
1861 3938 1976 4007 regi
2009 3936 2098 4004 da,

518 4041 574 4088 et
602 4031 895 4100 justitiam,
933 4048 952 4082 ι
983 4039 1034 4084 et
1064 4045 1181 4099 quae
1213 4039 1531 4098 sequuntur.

590 4123 740 4177 Psal.
794 4137 985 4188 xcvm,
1037 4122 1090 4176 5.
1119 4151 1190 4162 -
1233 4139 1253 4173 ‹
1291 4121 1474 4176 Honor
1512 4120 1659 4191 regis
1703 4119 1978 4190 judicium
2013 4121 2098 4177 di-

519 4215 660 4286 ligit.
703 4233 721 4266 ι

588 4305 743 4360 Prov.
778 4321 892 4372 XXI,
921 4304 976 4359 4.
1003 4335 1073 4346 -
1101 4321 1121 4355 ι
1157 4303 1315 4360 Sicut
1353 4304 1602 4374 impetus
1665 4317 1844 4375 aqua,
1889 4306 1966 4360 ita
1996 4321 2100 4364 cor

517 4394 663 4462 regis
691 4395 744 4446 in
777 4408 943 4448 manu
977 4393 1092 4448 Dei.
1125 4410 1143 4443 ι

588 4506 744 4562 Prov.
776 4522 888 4569 xvi,
923 4507 1104 4561 lO-l3.
1129 4534 1199 4544 —
1228 4523 1248 4557 t
1282 4505 1633 4562 Abominatio
1661 4506 1796 4576 regi,
1824 4507 1916 4577 qui
1951 4509 2096 4565 mala

514 4606 811 4672 perpetrat.
845 4598 983 4653 Cum
1027 4597 1244 4668 justitia
1294 4599 1439 4652 enim
1480 4605 1816 4668 praeparatur
1863 4600 2098 4656 thronus

514 4692 872 4762 principatus.
927 4689 1163 4759 Accepta
1216 4697 1350 4743 sunt
1395 4689 1512 4759 regi
1551 4690 1694 4744 labia
1724 4690 1918 4759 justa;
1961 4707 2096 4747 ser-

515 4801 706 4841 mones
747 4794 930 4840 autem
984 4793 1165 4839 rectos
1217 4783 1413 4854 diligit.
1456 4781 1792 4839 Vaticinium
1828 4785 1883 4839 in
1918 4785 2089 4842 labiis

516 4879 698 4949 regis:
735 4879 790 4932 in
825 4877 1037 4948 judicio
1075 4884 1259 4931 autem
1300 4892 1412 4931 non
1459 4877 1735 4931 erraverit
1767 4870 2038 4935 os'illius.
2068 4899 2087 4933 ι

489 5039 502 5052 ,
584 4989 748 5043 Prov.
798 5004 910 5053 xiv,
960 4988 1150 5044 28.-—
1180 5008 1200 5042 ι
1246 4987 1304 5043 In
1353 4990 1524 5043 multo
1568 4989 1772 5059 populo
1804 4999 1887 5046 est
1917 4991 2090 5061 gloria

514 5081 702 5152 regis:
736 5081 791 5134 in
828 5079 1050 5136 defectu
1097 5089 1279 5136 autem
1314 5081 1504 5151 populi
1536 5093 1620 5137 est
1645 5082 1909 5139 contritio
1939 5086 2095 5154 prin-

513 5173 719 5244 cipum.
755 5191 774 5224 ι

581 5264 744 5321 Prov.
799 5280 892 5331 xx,
951 5262 1006 5318 8.
1047 5282 1162 5316 -ι
1223 5265 1360 5320 Cum
1423 5281 1520 5322 rex
1561 5267 1750 5338 justus
1797 5267 2090 5326 sederitiu

513 5358 732 5414 throno.
773 5371 882 5411 non
914 5357 1136 5413 resistet
1170 5357 1224 5412 in
1260 5359 1436 5413 oculis
1469 5358 1590 5430 ejus
1621 5358 1928 5430 quidquam
1960 5376 2087 5415 ma-

512 5449 646 5504 lum.
676 5448 1056 5506 Misericordia
1086 5458 1140 5504 et
1172 5450 1378 5506 veritas
1417 5451 1745 5506 custodiunt
1791 5467 2000 5524 regem,
2034 5464 2090 5511 et

511 5541 934 5596 circumdabunt
964 5541 1018 5595 in
1047 5541 1265 5612 justitia
1303 5541 1500 5597 solium
1542 5541 1686 5612 ejus.
1731 5561 1750 5595 ι

579 5632 738 5688 Prov.
795 5649 924 5700 xxv,
953 5633 1007 5690 5.
1039 5664 1110 5676 —
1147 5653 1166 5688 ι
1201 5631 1404 5691 Occide
1448 5633 1650 5705 impios
1682 5649 1712 5690 a
1744 5632 1884 5691 facie
1914 5634 2084 5706 regis,

2207 3387 2392 3451 δοῦλός
2438 3403 2552 3451 σου,
2593 3388 2674 3440 ὅτι
2697 3389 2964 3458 ἥμαρτον.
2997 3389 3109 3441 Καὶ
3145 3387 3364 3458 ὤμοσεν
3395 3387 3532 3458 αυτῴ
3557 3388 3581 3438 6
3610 3385 3722 3456 βασι-

2207 3477 2331 3542 λεύς
2351 3494 2365 3508 ⁸
2399 3480 2474 3531 Οὐ
2502 3479 2577 3550 μὴ
2609 3479 2908 3550 ἀποθάνῃς.
2937 3499 2955 3530 ι

2284 3591 2302 3624 ι
2344 3571 2538 3642 Κύριε,
2559 3574 2617 3624 ἐν
2643 3575 2709 3643 τῇ
2735 3573 2962 3644 δυνάμει
2993 3589 3087 3625 σου
3109 3573 3539 3644 εὐφρανθήσεται
3564 3571 3588 3622 ὁ
3611 3571 3722 3640 βιιινι⁸

2206 3664 2354 3728 λεὺς,
2397 3681 2416 3714 ι
2460 3664 2649 3718 καὶτὰ
2671 3663 2854 3718 λοιπά.

2285 3776 2304 3809 ι
2349 3755 2595 3827 Ἡμέραν
2623 3757 2708 3825 ἐφ’
2732 3756 2944 3828 ἡμέρας
2972 3757 3067 3812 τοῦ
3103 3757 3370 3829 βασιλέως
3412 3756 3679 3827 προσθήσῃ,
3706 3770 3717 3802 ι

2206 3848 2388 3902 καὶτὰ
2414 3849 2593 3902 λοιπά.

2281 3961 2300 3994 t
2352 3943 2410 3996 '0
2443 3943 2595 4009 Θεὸς,
2616 3942 2675 3996 τὸ
2706 3943 2884 4014 κρίμὰ
2913 3960 3004 3996 σου
3035 3943 3112 4013 τῷ
3138 3942 3354 4014 βασιλεῖ
3375 3945 3478 4011 δὸς,
3499 3944 3579 3998 καὶ
3597 3943 3716 4013 τὴν.)

2205 4033 2393 4088 καὶτὰ
2422 4035 2610 4090 λοιπά.

2280 4145 2299 4178 t
2334 4127 2480 4198 Τιμὴ
2511 4127 2778 4197 βασιλέως
2803 4129 2984 4199 κρίσιν
3010 4130 3221 4201 ἀγαπᾷ.
3264 4151 3284 4184 ι

2277 4316 2295 4348 ι
2329 4297 2542 4370 Ὥσπερ
2571 4299 2717 4371 ὁρμὴ
2741 4300 2952 4366 ὓδατος,
2975 4301 3148 4366 οὕτως
3180 4303 3376 4374 καρδία
3399 4300 3485 4356 τοῦ
3508 4298 3719 4371 βασιλέως

2127 4378 2170 4434 D
2198 4387 2257 4440 ὲν
2289 4389 2432 4460 χειρὶ
2457 4389 2614 4443 Θεοῦ.
2654 4410 2672 4442 ι

2277 4521 2295 4553 ι
2333 4501 2620 4573 Βδέλυγμα
2650 4502 2879 4574 βασιλεῖ,
2909 4506 2938 4557 6
2977 4504 3148 4558 ποιῶν
3174 4505 3343 4560 κακά.
3375 4503 3524 4559 Μετὰ
3550 4503 3638 4573 γὰρ
3661 4501 3717 4553 δι-

2197 4594 2496 4664 καιοσύνης
2526 4596 2878 4666 ἑτοιμάζεται
2901 4595 3089 4666 θ-ρόνος
3121 4597 3319 4668 ἀρχῆς.
3363 4596 3531 4650 Δεκτὰ
3553 4593 3718 4666 βασιλεῖ

2197 4685 2351 4758 χείλη
2383 4686 2586 4750 δίκαια,
2617 4687 2807 4754 λόγους
2835 4687 2892 4741 δὲ
2929 4689 3124 4760 ὀρθοὺς
3152 4689 3366 4759 ἀγαπᾷ.
3401 4690 3641 4742 Μαντεῖον
3675 4685 3716 4735 ὲν

2199 4779 2402 4850 χείλεσι
2434 4779 2719 4848 βασιλέως,
2739 4781 2797 4833 ὲν
2822 4780 2880 4834 δὲ
2907 4781 3084 4854 κρίσει
3106 4783 3164 4834 οὐ
3185 4780 3264 4852 μὴ
3291 4780 3531 4851 πλανηθῇ
3559 4778 3608 4832 τὸ
3631 4774 3717 4828 στό-

2201 4890 2278 4943 μα.
2307 4873 2494 4928 αὑτοῦ.
2538 4893 2559 4925 ι

2274 5009 2293 5042 ι
2341 4990 2430 5042 Ἐν
2459 4987 2638 5059 πολλῷ
2665 4986 2808 5042 ἔθνει
2838 4988 2964 5055 δόξα
3015 4988 3300 5060 βασιλέως,
3340 4990 3400 5043 ὲν
3447 4987 3500 5041 δὲ
3526 4982 3714 5050 ἐκλείψει

2195 5083 2325 5137 λαοῦ
2362 5085 2619 5157 συντριϐῇ
2640 5084 2932 5139 δυναστῶν.
2969 5103 2988 5136 ›

2271 5279 2289 5312 ι
2323 5262 2490 5314 Ὅταν
2522 5261 2778 5331 βασιλεὺς
2814 5263 3020 5326 δίκαιος
3059 5260 3262 5334 καθίσῃ
3306 5261 3398 5314 ἐπὶ
3423 5259 3613 5330 θρόνου,
3639 5251 3714 5304 οὐκ

2193 5352 2530 5406 ἐναντιοῦται
2567 5354 2623 5406 ὲν
2646 5351 2942 5423 ὀφθαλμοῖς
2965 5353 3128 5406 αὑτοῦ
3153 5352 3305 5405 οὐδὲν
3325 5344 3712 5420 πονηρόν.Ἐλεη”

2196 5445 2402 5517 μοσύνη
2428 5446 2520 5500 καὶ
2545 5446 2776 5517 ἀλήθεια
2800 5444 3016 5516 φυλακὴ
3046 5445 3277 5516 βασιλεῖ,
3309 5446 3402 5498 καὶ
3431 5430 3713 5512 περικυκλὼ-

2194 5555 2377 5591 σουσιν
2406 5541 2462 5591 ὲν
2481 5538 2800 5611 δικαιοσύνῃ
2831 5538 2925 5592 τὸν
2957 5538 3146 5610 θρόνον
3184 5535 3370 5591 αὑτοῦ.
3409 5553 3428 5586 ι

2268 5652 2285 5684 ι
2325 5635 2518 5687 Κτεῖνε
2578 5631 2797 5696 ἀσεϐεῖς
2825 5633 2934 5687 ἀπὸ
2991 5631 3286 5703 προσώπου
3338 5626 3601 5706 βασιλέως,
3643 5614 3710 5669 καὶ
