3986 6400
313 341 451 406 1289

1482 341 1720 401 ΒΑοΜ
1761 336 2224 398 ΡΑιιΑιιΕιΑ.

3443 326 3461 390 1
3475 331 3581 393 290

303 452 634 525 κατορθώσῃ
689 454 746 507 ὲν
779 451 1099 524 δικαιοσύνῃ
1147 450 1236 502 τὸν
1281 449 1469 521 θρόνον
1523 448 1711 503 αὑτοῦ.
1767 467 1784 500 ι
1820 479 1888 489 -

2034 445 2291 516 Ldiriges
2358 443 2411 497 in
2457 442 2674 512 justitia
2719 440 2980 498 thronum
3030 439 3172 510 ejus.
3219 457 3237 491 ι
3296 458 3414 492 -‹
3447 439 3581 496 Glo-

310 563 329 596 ι
366 545 503 611 Δόξα
534 544 795 616 βασιλέως
824 547 992 616 τιμᾷν
1021 543 1371 614 πρόσταγμα.
1403 561 1420 592 ι

382 654 399 686 ι
433 635 698 699 Βασιλεὺς
720 635 926 699 δίκαιος
953 635 1204 704 ἀνίστησι
1227 633 1429 705 χώραν.
1471 649 1488 683 ι

383 747 401 780 ι
443 729 707 800 Μάχαιρα
764 728 985 797 γλῶσσα
1030 726 1316 797 βασιλέως,
1360 725 1456 779 καὶ
1475 726 1538 780 ού
1569 724 1824 796 σαρκίνη.
1863 741 1881 774 ι

304 849 375 860 -ο
396 840 416 872 ι
440 820 624 891 Μηδὲν
652 819 850 890 ψεῦδος
882 820 990 873 ἀπὸ
1018 819 1270 890 γλώσσης
1297 817 1560 889 βασιλέως
1589 815 1883 885 λεγέσθω.»

385 1024 404 1058 ι
441 1005 713 1067 Βασιλέως
743 1003 803 1057 ὲν
831 1002 1063 1092 ἀληθείᾳ
1093 1002 1369 1071 κρίνοντος
1400 999 1674 1070 πτωχοὺς,
1707 999 1736 1051 ὁ
1769 996 1892 1070 θρό-

307 1116 396 1164 νος
424 1096 590 1152 αὐτοῦ
624 1099 704 1161 είς
731 1095 1030 1168 μαρτύριον
1057 1093 1554 1162 κατασταθήσεται.
1585 1107 1604 1140 ι

383 1303 402 1337 ι
439 1283 624 1354 Θυμὶις
656 1281 920 1352 βασιλέως
950 1277 1180 1350 ἄγγελος
1210 1277 1445 1333 Θανάτου
1465 1313 1480 1340 ,
1513 1273 1654 1345 ἀνὴρ
1697 1273 1756 1327 δὲ
1802 1289 1892 1326 σο-

307 1377 407 1446 φὸς
439 1375 676 1439 ὲξιλάσει
706 1375 887 1429 αὐτόν.
929 1392 948 1425 ι
999 1439 1003 1443 η

385 1488 405 1521 ‹
443 1467 715 1529 Βασιλέως
744 1465 944 1538 ἀπειλὴ
970 1465 1132 1536 ὁμοία
1160 1465 1391 1536 ὀρυγμῷ
1410 1463 1644 1528 λέοντος.
1677 1463 1764 1527 Ὠς
1787 1461 1895 1533 γὰρ

307 1561 500 1634 δρόσος
533 1559 628 1612 ἐπὶ
659 1559 874 1630 χόρτον,
914 1557 1088 1621 οὕτως
1121 1557 1183 1610 τδ
1215 1557 1400 1629 ἱλαρὸν
1423 1555 1613 1611 αὐτοῦ.
1647 1573 1665 1605 ι

385 1765 405 1798 ι
441 1743 624 1816 Στόμα
651 1741 914 1812 βασιλέως
935 1740 1194 1810 φύλαξον.
1238 1760 1258 1794 ι

1996 539 2077 593 ria
2108 537 2253 609 regis
2287 537 2560 591 honorare
2590 543 2953 605 praeceptum.
2991 553 3011 586 ι

2068 631 2234 685 Prov.
2267 646 2422 694 xxix,
2451 631 2594 684 4.-
2619 647 2639 681 ι
2675 627 2794 684 Rex
2823 627 3015 698 justus
3048 625 3213 697 erigit
3238 625 3580 698 regionem.»

2071 723 2228 778 Prov.
2299 737 2450 787 xxiv,
2507 720 2598 785 17,
2645 750 2715 760 -—
2760 738 2779 770 ι
2844 717 3078 774 Gladius
3164 717 3350 790 lingua
3408 718 3582 788 regis,

1996 825 2052 871 et
2099 830 2209 870 non
2265 827 2484 870 carnea.
2545 831 2563 864 ι
2597 841 2668 853 --
2720 829 2739 864 ι
2796 807 2948 864 Nihil
3004 809 3132 865 falsi
3159 809 3230 865 de
3281 823 3380 864 ore
3432 809 3583 879 regis

1997 914 2179 964 exeat.
2219 925 2238 957 ι

2071 997 2234 1053 Prov.
2281 1013 2437 1060 xxix,
2483 997 2571 1052 Μ.
2606 1025 2677 1039 -
2703 1013 2723 1047 ι
2756 989 2908 1066 Rege
2937 992 3224 1064 judicante
3256 993 3313 1050 in
3352 991 3587 1048 veritate

1999 1106 2293 1161 pauperes,
2326 1091 2562 1146 thronus
2592 1089 2714 1160 ejus
2755 1089 2812 1143 in
2860 1085 3249 1144 testimonium
3273 1086 3588 1142 constitue-

2001 1192 2113 1240 tur.
2156 1203 2175 1238 ι

2073 1277 2232 1332 Prov.
2291 1291 2403 1342 xvi,
2466 1276 2555 1330 Η.
2606 1305 2675 1316 -
2720 1293 2738 1326 ε
2794 1272 3109 1344 Indignatio
3161 1273 3310 1344 regis
3355 1271 3585 1326 nuntius

2003 1370 2200 1425 mortis
2235 1388 2248 1424 :
2282 1377 2339 1423 at
2371 1369 2453 1422 vir
2488 1367 2712 1438 sapiens
2750 1359 3169 1436 placabit'eam.
3204 1385 3222 1418 ι

2075 1457 2236 1516 Prov.
2287 1477 2400 1526 xix,
2436 1457 2524 1514 12.
2549 1489 2616 1500 ——
2646 1457 3019 1514 Comminatio
3052 1460 3198 1527 regis
3238 1457 3384 1512 sicut
3434 1457 3590 1528 rugi-

2006 1561 2096 1606 tus
2148 1550 2344 1606 leonis.
2395 1549 2532 1604 Nam
2585 1549 2730 1603 sicut
2780 1563 2873 1604 ros
2927 1563 3096 1617 super
3139 1547 3394 1615 herbam,
3426 1547 3502 1602 ita
3534 1556 3590 1603 et

2006 1643 2261 1697 hilaritas
2289 1641 2432 1711 ejus.
2473 1659 2492 1691 ι
3022 1692 3024 1694 ,

2077 1734 2257 1788 Eccle.
2295 1749 2411 1797 Vlll,
2437 1732 2493 1788 2.
2521 1763 2591 1774 --
2625 1750 2644 1784 ι
2679 1729 2753 1788 Os
2789 1728 2936 1802 regis
2968 1729 3222 1786 observa.
3263 1749 3282 1783 ι

387 1856 406 1889 ι
454 1836 587 1889 Ἰδοὺ
619 1835 874 1905 βασιλεὺς
903 1833 1114 1898 δίκαιος
1146 1832 1480 1904 βασιλεύσει,
1516 1834 1612 1888 καὶ
1639 1835 1899 1905 ἄρχοντες

2079 1823 2195 1878 Ιεα.
2234 1838 2408 1891 xxxu,
2461 1824 2516 1878 1.
2539 1852 2612 1863 —
2639 1840 2659 1874 ι
2712 1821 2862 1878 Ecce
2890 1837 2985 1877 rex
3011 1822 3203 1892 justus
3233 1821 3508 1892 regnabit,
3535 1829 3593 1876 et

311 1928 457 1999 μετὰ
485 1927 718 1998 κρίσεως
741 1924 1020 1996 ἄρξουσιν.
1061 1942 1080 1974 ι

389 2039 408 2072 ι
449 2018 744 2088 Εὑλογήσει
775 2033 834 2069 σε
867 2019 896 2070 ὁ
929 2015 1055 2080 λαὸς
1098 2017 1128 2068 ό
1163 2017 1376 2087 πτωχὸς
1399 2055 1414 2082 ,
1453 2015 1550 2070 καὶ⁵
1576 2017 1762 2079 πόλεις
1804 2016 1902 2068 ἀν-

309 2109 550 2180 θρώπων
579 2106 952 2176 ἀδικουμένων
977 2107 1336 2177 εύλογήσουσί
1384 2123 1465 2160 σε.
1507 2107 1727 2175 Ἐγένου
1751 2106 1904 2179 πάσῃ

311 2203 469 2254 πόλει
502 2201 730 2269 ταπεινῇ
755 2197 967 2268 βοηθὸς,
993 2198 1086 2251 καὶ
1115 2199 1228 2261 τοῖς
1260 2197 1578 2268 ἀθυμήσασι
1600 2197 1669 2250 δι’
1697 2197 1905 2262 ἐνδείας

315 2294 518 2362 σκέπη,
550 2292 657 2345 ἀπὸ
676 2290 980 2362 ἀνθρώπων
1007 2289 1262 2358 πονηρῶν
1298 2290 1462 2360 ῥῦσαι
1498 2290 1696 2352 αὐτούς
1715 2302 1729 2316 ⁸
1774 2289 1904 2342 σκέ-

311 2401 395 2453 πη
425 2383 726 2452 διψώντων,
775 2383 869 2436 καὶ
916 2379 1137 2452 πνεῦμα
1185 2379 1487 2450 ἀνθρώπων
1533 2377 1903 2449 ἀδικουμένων

311 2473 674 2546 εὐλογήσουσί
703 2490 784 2528 σε.
826 2491 845 2523 ι

394 2675 414 2706 ι
467 2654 596 2710 Ἰδοὺ
627 2654 810 2726 ἡμέρα
841 2653 1080 2723 ἔρχεται,
1107 2652 1258 2720 λέγει
1283 2651 1510 2723 Κύριος,
1544 2652 1640 2706 καὶ
1671 2653 1906 2725 ἀναστή-

310 2762 402 2798 σω
422 2743 501 2814 τῷ
527 2743 690 2796 Δαϐὶδ
715 2743 980 2810 ἀνατολὴν
1001 2741 1215 2796 δικαίαν
1239 2759 1253 2772 ·
1283 2742 1379 2795 καὶ
1409 2741 1720 2812 βασιλεύσει
1749 2742 1905 2811 βασι-

311 2829 472 2897 λεὺς,
505 2832 598 2886 καὶ
630 2834 874 2904 συνήσει,
909 2833 1002 2884 καὶ
1031 2831 1248 2902 ποιήσει
1275 2834 1450 2902 κρῖμα
1494 2832 1592 2884 καὶ
1628 2832 1904 2886 δικαιοσύ-

309 2938 423 2997 νην
449 2924 542 2978 επὶ
570 2921 672 2994 τῆς
700 2924 822 2993 γῆς.
863 2923 950 2976 Ἐν
980 2925 1103 2987 ταῖς
1130 2923 1366 2993 ἡμέραις
1389 2923 1576 2990 αὑτοῦ,
1608 2924 1702 2978 καὶ
1726 2923 1905 2993 σωθή-

306 3029 480 3069 σεται
502 3012 652 3078 λαὸς,
684 3014 779 3067 καὶ
807 3011 1226 3084 κατασκηνώσει
1257 3013 1554 3078 πεποιθώς.
1589 3034 1608 3067 ι

399 3126 420 3160 ι
452 3107 716 3170 Βασιλεὺς
743 3107 1008 3178 φρόνιμος
1042 3105 1334 3161 εὐπάθεια
1359 3106 1556 3179 δήμου.
1594 3127 1613 3159 ι

454 3291 702 3364 Λήψεται
726 3291 1031 3346 πανοπλίαν
1063 3291 1157 3344 τὸν
1185 3289 1349 3361 ζῆλον
1379 3289 1545 3345 αὐτοῦ
1566 3333 1582 3357 ,
1623 3290 1904 3345 ἐνδύσεται

299 3381 552 3456 θώρακα
581 3381 952 3452 δικαιοσύνης,
984 3383 1081 3436 καὶ
1123 3381 1482 3453 περιθήσεται
1526 3380 1735 3452 κόρυθα
1785 3381 1907 3452 κρί-

301 3495 412 3532 σιν
465 3475 865 3548 ἁνυπόκριτον·
925 3474 1155 3548 λήψεται
1217 3474 1422 3528 ἀσπίδα
1476 3474 1906 3547 ἀκαταμάχητον

294 3570 599 3640 ὁσιότητα.
640 3589 660 3622 ι

403 3681 424 3716 ι
463 3663 625 3735 Παρὰ
655 3661 865 3734 βασιλεῖ
900 3662 976 3735 μὴ
1015 3657 1257 3732 σοφίζου.
1303 3679 1322 3713 ι

404 3877 424 3909 ι
460 3855 668 3945 Κριτής
690 3855 852 3924 σοφὸς
876 3853 1157 3908 παιδεύσει
1184 3852 1274 3907 τὸν
1295 3851 1420 3907 λαὸν
1445 3850 1632 3918 αὐτοῦ,
1657 3851 1752 3904 καὶ
1779 3855 1909 3920 ἠγε-

304 3949 496 4023 μονία
525 3947 746 4003 συνετοῦ
772 3945 1078 4016 τεταγμένη
1111 3945 1283 3999 ἔσται.
1325 3963 1344 3996 ι

399 4127 466 4178 Ol.
497 4124 762 4195 βασιλεῖς,
781 4121 1019 4176 αἰδεῖσθε
1047 4119 1146 4190 τὴν
1175 4119 1488 4191 ἁλουργίδα.
1535 4118 1911 4190 Νομοθετήσει

295 4221 440 4288 γὰρ
497 4216 591 4269 καὶ
619 4213 940 4286 νομοθέταις
962 4214 990 4265 ὁ
1018 4211 1197 4289 λόγος.
1239 4208 1542 4263 Γινώσκετε
1593 4209 1656 4262 τὸ
1685 4225 1910 4262 πιστευ-

301 4310 424 4362 Θὲν
454 4308 606 4376 ὑμῖν,
640 4305 736 4359 καὶ
761 4305 814 4358 τί
840 4301 902 4357 τὺ
939 4303 1083 4374 μέγα
1111 4301 1242 4372 περὶ
1277 4301 1423 4371 ὑμᾶς
1449 4300 1768 4371 μυστήριον.
1800 4299 1910 4352 Κό-

2006 1915 2287 1986 principes
2319 1930 2445 1969 cum
2470 1913 2683 1985 judicio
2714 1922 3014 1982 praeerunt.
3052 1932 3071 1965 ι

2078 2004 2196 2060 Isa.
2250 2021 2380 2070 xxv,
2418 2005 2473 2070 5,
2501 2004 2558 2060 4.
2588 2022 2699 2056 -ι
2750 2003 3049 2060 Benedicet
3087 2012 3142 2059 te
3174 2004 3412 2075 populus
3452 2020 3592 2075 pau-

2007 2112 2105 2168 per
2147 2106 2203 2153 et
2239 2096 2497 2152 civitates
2551 2095 2840 2150 hominum
2898 2094 3250 2165 iniquitatem
3305 2097 3591 2152 sustinen-

2005 2191 2146 2245 tium
2174 2187 2505 2246 benedicent
2537 2196 2611 2244 te.
2648 2185 2826 2243 Fuisti
2865 2187 3015 2243 enim
3048 2187 3204 2243 omni
3244 2189 3454 2244 civitati
3489 2189 3593 2242 hu-

2006 2283 2124 2338 mili
2170 2283 2491 2350 auxiliator,
2524 2289 2578 2338 et
2607 2280 2864 2338 tristibus
2910 2290 3136 2350 propter
3188 2281 3430 2352 inepiam
3462 2297 3594 2352 pro-

2007 2378 2174 2433 tectio
2203 2377 2272 2432 ab
2307 2376 2628 2432 hominibus
2668 2374 2854 2438 malis,
2887 2381 2948 2427 ut
2977 2373 3183 2429 liberes
3213 2389 3334 2438 eos,
3372 2374 3596 2428 umbra-

1893 2520 1897 2524 .
2007 2469 2195 2524 culum
2252 2468 2582 2533 sitientium,
2615 2474 2670 2524 et
2714 2467 2947 2539 spiritus
3001 2465 3292 2522 hominum
3326 2468 3595 2538 iniquita-

2007 2570 2116 2618 tem
2139 2559 2560 2616 sustinentium.
2600 2578 2619 2610 ι

2077 2647 2277 2704 Jerem.
2321 2663 2483 2713 xxtn,
2517 2649 2574 2704 6.
2602 2679 2672 2689 —
2702 2667 2722 2700 ι
2775 2648 2918 2707 Ecce
2951 2653 3074 2709 dies
3107 2650 3282 2715 venit,
3324 2650 3460 2706 dicit
3484 2647 3594 2702 Do-

2008 2741 2217 2808 minus,
2258 2747 2313 2795 et
2347 2739 2630 2795 suscitabo
2675 2738 2847 2796 David
2882 2756 3109 2814 germen
3153 2742 3390 2812 justum,
3423 2749 3477 2794 et
3518 2755 3595 2794 re-

2008 2835 2198 2904 gnabit
2250 2848 2368 2900 rex,
2406 2840 2462 2888 et
2495 2832 2719 2902 sapiens
2769 2834 2898 2900 erit,
2939 2843 2996 2890 et
3025 2831 3195 2890 faciet
3224 2833 3496 2905 judicium
3537 2838 3594 2887 et

2005 2925 2281 2998 justitiam
2331 2925 2389 2979 in
2436 2932 2604 2980 terra.
2655 2922 2716 2978 ιιι
2763 2926 2962 2980 diebus
3011 2927 3152 2993 suis,
3199 2933 3256 2982 et
3287 2924 3594 2982 salvabitur

2010 3017 2271 3088 populus,
2307 3025 2362 3073 et
2387 3017 2667 3072 habitabit
2697 3017 3060 3074 conﬁdenter.
3093 3037 3112 3071 ι

2083 3107 2214 3178 Sap.
2245 3123 2320 3174 vr,
2371 3107 2466 3164 26.
2505 3139 2576 3150 —
2606 3126 2626 3159 ι
2688 3107 2806 3165 Rex
2847 3109 3097 3180 prudens
3155 3107 3591 3164 stabilimentum

2007 3199 2218 3270 populi.
2264 3216 2284 3250 ι
2874 3184 2882 3194 ’

2077 3290 2206 3360 Sap.
2237 3291 2497 3359 v,l8.-—«
2516 3290 2767 3361 Accipiet
2791 3297 3130 3346 armaturam
3161 3292 3314 3347 zelus
3341 3292 3482 3362 ejus.
3501 3293 3596 3347 In-

2010 3385 2143 3442 duet
2173 3401 2274 3456 pro
2301 3387 2530 3442 thorace
2563 3387 2866 3454 justitiam,
2902 3393 2957 3442 et
2997 3401 3099 3456 pro
3131 3387 3284 3458 galea
3319 3387 3594 3456 judicium

2010 3493 2122 3534 non
2179 3479 2416 3533 tictum:
2474 3485 2658 3532 sumet
2707 3484 2930 3534 scutum
2980 3477 3405 3550 inexpugnabile
3458 3494 3590 3535 san-

2010 3571 2354 3626 ctimoniam.
2388 3589 2408 3622 ι

2082 3661 2254 3716 Eccli.
2300 3677 2396 3727 vn,
2445 3662 2500 3716 5.
2529 3691 2596 3704 —-
2628 3679 2648 3713 ι
2678 3661 2842 3733 Apud
2900 3675 3086 3733 regem
3121 3661 3238 3716 noli
3295 3661 3470 3717 videri
3507 3677 3596 3718 εει-

2009 3757 2188 3828 piens.
2225 3774 2247 3808 ι

2086 3843 2258 3900 Eccli.
2289 3861 2344 3913 x,
2391 3845 2444 3901 1.
2473 3875 2544 3886 -
2571 3862 2593 3898 ι
2629 3840 2808 3900 Iudex
2862 3845 3088 3916 sapiens
3147 3844 3368 3902 erudiet
3417 3861 3598 3916 popu-

2013 3937 2126 3993 lum
2184 3953 2370 4003 suum,
2404 3945 2462 3994 et
2512 3937 2864 4008 principatus
2907 3937 3202 4009 prudentis
3253 3939 3598 4009 compositus

2011 4030 2137 4084 erit.
2176 4048 2196 4082 ι

2085 4118 2252 4192 393
2281 4119 2428 4174 Naz.
2459 4119 2612 4177 Orat.
2645 4119 2712 4174 de
2749 4121 2945 4190 seipse.
2979 4152 3049 4165 —
3071 4122 3464 4193 Imperatores,
3497 4123 3598 4176 lm-

2014 4223 2210 4265 norem
2255 4211 2455 4266 habete
2507 4227 2787 4282 purpura.
2825 4211 2963 4268 Nam
3000 4213 3412 4286 legislatoribus
3451 4215 3600 4285 leges

2016 4317 2239 4373 quoque
2287 4303 2521 4358 verbum
2584 4303 2818 4360 sanciet.
2883 4306 3185 4375 Agnoscite
3233 4317 3502 4376 quantum
3544 4307 3600 4360 id

299 4416 469 4470 σμος
495 4398 616 4460 ὅλος
639 4395 744 4450 ὑπὸ
769 4397 927 4466 χεῖρα
954 4393 1053 4465 τὴν
1084 4392 1380 4464 ὑμετέραν.
1406 4391 1700 4462 διαδήματι
1729 4383 1903 4461 μικρῷ

2034 4394 2258 4464 sitquod
2291 4394 2416 4451 ﬁdei
2447 4406 2649 4451 vesme
2679 4395 3047 4452 commissum
3079 4405 3184 4464 est,
3217 4406 3602 4468 quantumque

300 4490 425 4546 καὶ
473 4487 667 4559 βραχεῖ
705 4484 882 4557 ρακίῳ
922 4481 1318 4555 κρατούμενος.
1347 4482 1431 4535 Τὰ
1463 4483 1559 4552 μὲν
1603 4483 1716 4536 ἄνω
1748 4483 1903 4552 μόνον

2034 4489 2172 4544 :irca
2200 4503 2300 4543 vos
2349 4489 2698 4560 mysterium.
2748 4487 2914 4546 Orbis
2943 4490 3242 4546 universus
3280 4490 3470 4545 manui
3505 4507 3601 4545 vc-

293 4579 491 4640 Θεοῢ,
540 4578 610 4630 τὰ
629 4578 686 4630 δὲ
732 4575 904 4642 κάτω,
933 4576 1029 4628 καὶ
1066 4575 1243 4645 ὑμῶν.
1285 4573 1409 4628 Θεοὶ
1438 4573 1656 4642 γίνεσθε
1682 4576 1793 4638 τοῖς
1821 4571 1908 4643 ὑφ’

296 4673 498 4742 ὑμᾶς,
536 4669 626 4723 ἵνα
651 4667 791 4721 εἴπω
823 4684 878 4721 τι
904 4667 1000 4720 καλ¹
1031 4665 1457 4736 τολμηρότερον.
1496 4663 1711 4736 Καρδία
1755 4663 1910 4734 βασι-

293 4764 469 4825 λέως
499 4763 555 4814 ὲν
584 4762 729 4832 χειρὶ
758 4758 916 4824 Θεοῦ,
961 4758 1056 4812 καὶ
1093 4758 1335 4832 εἴρηται,
1382 4761 1480 4811 καὶ
1531 4758 1910 4811 πεπίστευται.

311 4851 608 4909 Ἐνταῦθα
631 4851 770 4904 ἔστω
795 4849 856 4904 τὸ
885 4851 1088 4920 κράτος
1127 4850 1303 4922 ὑμῶν,
1339 4849 1474 4903 ἀλλὰ
1512 4849 1586 4920 μὴ
1617 4847 1696 4920 τῷ
1725 4847 1914 4920 χρυσῷ

2014 4588 2147 4638 strae
2178 4579 2391 4648 subest,
2425 4580 2740 4636 diademate
2770 4595 2942 4651 parvo
2981 4589 3037 4637 et
3063 4583 3263 4654 exiguo
3293 4597 3480 4653 panno
3511 4597 3598 4637 re-

2015 4681 2223 4728 tentus.
2259 4671 2508 4744 Superna
2537 4672 2633 4728 Dei
2675 4673 2852 4729 solius
2885 4684 3019 4731 sunt
3048 4694 3063 4731 :
3112 4677 3380 4730 inferiora
3408 4685 3462 4730 et
3501 4675 3597 4729 ι)ρί

2015 4773 2164 4831 sunt,
2197 4773 2251 4820 et
2284 4772 2490 4821 vestra.
2527 4763 2779 4820 Subditis
2830 4768 3032 4823 vestris
3061 4768 3194 4824 deos
3227 4783 3324 4823 vos
3356 4769 3596 4839 pra-beta

2017 4857 2222 4925 (liceat
2251 4858 2398 4912 enim
2434 4866 2488 4913 et
2527 4858 2925 4915 audaciuscule
2955 4859 3163 4931 aliquid
3200 4859 3453 4930 dicere).
3484 4858 3599 4914 Cor

294 4949 423 5005 καὶ
454 4947 572 5008 ταῖς
600 4943 887 5015 φάλαγξιν.
916 4945 978 4996 Οί
1002 4941 1134 5014 περὶ
1153 4944 1223 4996 τὰ
1246 4942 1493 5014 βασίλεια
1519 4943 1617 4995 καὶ
1643 4943 1770 5005 τοὺς
1795 4941 1903 5013 θρό-

2034 4950 2165 5018 regis
2213 4949 2271 5003 in
2314 4964 2481 5004 manu
2532 4949 2626 5005 Dei
2670 4955 2776 5016 est,
2825 4958 2885 5005 ut
2927 4950 3216 5022 Scriptura
3249 4959 3509 5014 testatur,
3543 4959 3600 5006 et

295 5057 474 5104 vou;,
503 5039 578 5110 μὴ
621 5039 828 5108 σφόδρα
873 5039 993 5100 ταῖς
1033 5033 1332 5104 ,ἐξουσίαις
1393 5033 1717 5106 ἐπαίρεσθε,
1772 5033 1907 5106 μηδὲ

295 5130 572 5190 ἀθάνατα
599 5127 896 5182 διανοεῖσθε
928 5126 1056 5197 περὶ
1082 5125 1190 5179 τῶν
1209 5126 1308 5179 οὐκ
1334 5125 1636 5179 ἀθανάτων.

2014 5041 2276 5096 creditur.
2316 5040 2418 5096 Hic
2449 5041 2741 5112 imperium
2768 5051 3016 5099 vestrum
3041 5045 3136 5110 sit,
3165 5057 3276 5098 non
3306 5052 3491 5099 autem
3531 5043 3590 5096 in

2011 5145 2148 5186 auro
2168 5138 2224 5186 et
2253 5131 2616 5187 exercitibus.
2647 5132 2829 5188 Aulici
2873 5147 3154 5203 proceres,
3181 5143 3238 5190 et
3265 5134 3361 5205 qui
3391 5132 3588 5189 astatis

296 5219 496 5282 solio,
557 5233 627 5273 ne
675 5218 947 5272 honorum
999 5217 1367 5287 amplitudine
1407 5224 1464 5272 et
1507 5216 1753 5286 potentia
1817 5217 2047 5276 nimium
2091 5221 2466 5288 insolescatis,
2500 5235 2604 5278 nec
2673 5221 2744 5278 de
2811 5224 3141 5282 mortalibus
3205 5225 3374 5284 rebus
3439 5237 3580 5296 quas

299 5314 742 5376 immortalibus
768 5311 1048 5384 cogitetis.

440 5533 859 5604 Τὸΰραοξτικὸν
890 5535 1151 5601 δείκνυε,
1176 5536 1264 5604 μὴ
1291 5533 1358 5588 τὸ
1382 5531 1534 5604 δρᾷν
1560 5531 1777 5600 κακῶς,

442 5604 523 5660 Τὸ
549 5601 618 5659 δὲ
635 5601 704 5662 εὖ
729 5625 782 5660 τι
810 5606 1027 5667 ποιεῖν,
1059 5607 1111 5658 εί
1140 5601 1334 5670 θέλεις
1361 5601 1516 5659 εἶναι
1546 5604 1680 5669 θεός
1701 5617 1714 5631 ’

446 5675 522 5730 τὸ
542 5673 609 5729 δέ
630 5675 801 5730 ἐστὶν
838 5675 1059 5745 ἀνδρὸς
1082 5675 1312 5741 εἰδότος
1338 5676 1404 5728 τὸ
1430 5676 1744 5744 συγγενές.

449 5746 678 5804 κτείνει
698 5746 767 5799 δὲ
786 5743 1008 5815 ῥᾷστα,
1033 5745 1132 5800 καί
1158 5745 1411 5814 τρυγὼν,
1434 5745 1531 5800 καὶ
1561 5743 1870 5812 σκορπίος.

671 5840 939 5918 farsos.
981 5842 1098 5905 Gn.
1136 5843 1310 5903 XCV.

2522 5419 2800 5490 Ejusdem,
2835 5428 2960 5481 ίαν.
2990 5423 3081 5479 56.

2171 5530 2438 5609 git-tutetis
2466 5542 2726 5609 monstra,
2761 5549 2866 5589 non
2892 5543 2950 5609 ut
2978 5536 3106 5609 quid
3144 5554 3274 5608 agas
3307 5537 3464 5609 mali,

2167 5600 2272 5657 Sed
2296 5607 2464 5672 magis
2501 5603 2670 5670 facias
2704 5604 2848 5666 bene.
2885 5606 2932 5659 si
2965 5600 3232 5663 v'elis‘esSe
3259 5609 3386 5663 deus
3409 5621 3429 5662 :

2173 5672 2487 5747 [iacturum
2516 5675 2662 5728 decet
2688 5676 2779 5744 qui
2803 5676 2905 5747 vim
2929 5686 3210 5747 cognatam
3245 5680 3400 5734 sciat.

2174 5740 2359 5798 Facile
2396 5747 2678 5813 pastinaca
2702 5740 2916 5802 marina
2941 5740 3260 5816 “scorpius
3289 5756 3522 5810 προναία.
3569 5791 3574 5806 ς

3207 5841 3296 5915 41ι
