3960 6408
225 393 361 460 1293
1426 396 1660 456 SACRA
1703 393 2170 457 PARALLELA.
3369 391 3504 458 1234

297 529 317 562 ι
353 505 448 573 Οἷς
482 509 558 580 μὴ
607 507 842 580 ὑπάρχει
893 506 1243 576 κυϐέρνησις,
1287 507 1577 562 πίπτουσιν
1617 507 1807 578 ὥσπερ
1839 513 1861 567 Δ

1981 504 2143 557 Prov.
2201 516 2278 567 ιιι,
2326 501 2414 557 14.
2449 528 2517 541 --
2557 520 2575 554 ι
2622 501 2837 568 Quibus
2886 517 2994 556 non
3030 513 3118 558 est
3147 505 3501 576 gubernatio.

217 604 396 674 φύλλα
424 620 436 632 ·
469 602 716 674 σωτηρία
747 603 804 656 δὲ
835 602 893 654 ὲν
923 600 1092 672 πολλῇ
1130 601 1312 672 βουλῇ.
1350 620 1368 652 ι

1940 596 2127 650 :adunt
2178 595 2321 650 sicut
2383 594 2533 650 folia.
2590 595 2752 651 Salus
2810 603 2994 650 autem
3042 594 3095 650 in
3147 598 3327 652 multo
3366 613 3504 656 cou-

1034 690 1035 693 “
1916 688 2062 744 silio.
2113 706 2130 738 ι

293 801 312 834 ι
353 781 508 836 Μετᾶ
561 781 944 854 κυϐερνήσεως
981 780 1194 849 γίνεται
1251 778 1490 849 πόλεμος
1523 795 1535 808 ο
1585 778 1806 850 βοήθεια

1987 780 2146 834 Prov.
2202 795 2294 842 xx.
2341 779 2431 833 18.
2457 810 2528 821 -
2558 797 2582 842 ¹ι
2621 778 2763 834 Cum
2807 781 3078 850 regimine
3124 782 3324 838 bellum
3355 785 3502 855 geri-

209 875 293 938 δὲ,
333 874 472 944 μετὰ
490 874 718 945 καρδίας
747 873 1165 944 βουλευομένης.
1206 892 1224 924 ι

1914 884 2044 930 tur:
2080 872 2348 928 auxilium
2372 879 2556 928 autem
2589 887 2716 928 cum
2753 873 2924 930 corde
2949 876 3320 932 consultante.
3368 897 3387 930 ι

299 991 319 1022 ι
349 968 504 1024 Μετὰ
529 966 727 1038 βουλῆς
753 965 935 1020 πάντα
970 965 1134 1019 ποίει.
1165 986 1184 1016 ι

1984 965 2144 1021 Prov.
2178 979 2330 1032 uxr,
2352 964 2407 1021 3.
2432 994 2493 1004 --
2528 983 2547 1017 ι
2581 964 2720 1020 Cum
2753 966 2992 1021 consilio
3021 968 3208 1022 omnia
3239 967 3429 1025 facito.
3473 990 3491 1022 ι

289 1087 309 1119 ι
349 1065 504 1120 Μετὰ
531 1061 726 1132 βουλῆς
753 1060 1043 1114 οἰνοπότει.
1087 1077 1106 1111 t

1982 1056 2143 1113 Prov.
2181 1071 2298 1122 ιιιι,
2343 1056 2430 1112 16.
2455 1087 2526 1097 -
2561 1076 2580 1110 ι
2615 1058 2754 1113 Cum
2786 1059 3024 1114 consilio
3049 1060 3240 1115 vinum
3279 1061 3428 1118 bibe.
3471 1083 3490 1114 ι

287 1180 308 1212 ι
347 1150 520 1226 Βουλὴ
565 1151 705 1222 καλὴ
765 1148 993 1220 φυλάξει
1026 1165 1107 1214 σε,
1136 1149 1316 1204 ἔννοια
1372 1150 1430 1204 δὲ
1463 1152 1586 1205 ὁσία
1631 1151 1802 1223 τηρή-

1977 1147 2138 1202 Prov.
2175 1164 2238 1214 ιι,
2271 1147 2361 1206 Η.
2394 1179 2465 1189 —
2502 1166 2524 1200 ι
2554 1149 2859 1205 Consilium
2890 1151 3099 1208 bonum
3121 1153 3397 1210 custodiet
3419 1163 3496 1222 te,

205 1270 294 1308 σει
325 1268 408 1306 σε.
447 1267 466 1302 ι

1796 1232 1801 1237 ’
1907 1248 1964 1297 et
1990 1241 2257 1313 cogitatio
2280 1242 2428 1297 bona
2460 1244 2815 1300 conservabit
2837 1254 2910 1302 te.
2952 1265 2973 1299 ι

284 1365 304 1398 ι
347 1330 682 1413 Συνάχθητε,
714 1343 809 1396 καὶ
842 1337 1357 1396 καταὸουλεύσασθε
1392 1336 1594 1408 ἃμα,οί
1627 1335 1798 1401 σωζό-

1981 1329 2097 1385 Isa.
2129 1345 2257 1398 ην,
2292 1330 2384 1385 20.
2425 1361 2497 1371 -
2536 1350 2556 1383 ι
2593 1332 3043 1408 Congregamini,
3091 1343 3148 1392 et
3194 1337 3332 1393 inite
3367 1352 3496 1392 con-

198 1456 383 1510 μενοι.
423 1455 443 1489 t

1906 1426 2116 1493 silium,
2149 1440 2346 1482 omnes
2379 1428 2472 1498 qui
2512 1428 2830 1485 salvamini.
2867 1448 2887 1481 ι

285 1554 302 1583 ι
347 1532 510 1583 ’Δνευ
537 1527 736 1599 βουλῆς
762 1526 931 1598 μηδὲν
951 1525 1208 1598 ποιήσῃς,
1241 1525 1336 1578 καὶ
1365 1525 1424 1578 ὲν
1459 1521 1541 1595 τῷ
1569 1521 1793 1593 ποιῆσαι

1979 1517 2150 1573 Eccli.
2184 1535 2361 1587 xxx",
2387 1519 2479 1574 24.
2509 1552 2580 1563 —
2614 1540 2633 1572 ι
2670 1521 2804 1577 Sine
2833 1521 3075 1578 consilio
3111 1521 3251 1577 nihil
3283 1522 3490 1579 facias:
3527 1562 3541 1607 τ

198 1636 265 1670 σε
290 1621 365 1689 μὴ
402 1617 732 1689 μεταμέλοι).
764 1634 784 1670 ›

1983 1611 2239 1668 faciendo
2270 1627 2381 1668 non
2419 1625 2470 1668 te
2500 1614 2790 1684 paeniteat.
2839 1635 2858 1668 ι
3127 1649 3146 1653 -
3529 1617 3537 1633 '

284 1730 307 1764 ‹
348 1711 669 1782 Ἰμάντωσις
695 1707 880 1778 ξυλίνη
925 1706 1245 1777 ἐνδεδεμένη
1280 1708 1360 1770 είς
1391 1705 1703 1780 οἰκοδομὴν,
1735 1708 1794 1760 ὲν

1973 1703 2144 1759 Eceli.
2197 1721 2335 1772 xm,
2378 1705 2560 1761 i9.—
2601 1724 2622 1758 ι
2658 1705 3052 1762 Loramentum
3098 1705 3340 1776 ligneum
3384 1707 3485 1762 ιδι-

192 1801 524 1874 συσσεισμῷ
582 1801 644 1854 οὐ
696 1799 1125 1869 διαλυθήσεταιο
1174 1797 1350 1862 οὕτως
1400 1799 1600 1870 καρδία
1628 1800 1756 1868 ὲστη

1930 1795 2135 1868 igatum
2173 1798 2226 1852 in
2262 1796 2712 1864 aediﬁcationem,
2740 1798 2796 1853 in
2831 1798 3206 1854 concussione
3235 1813 3346 1852 non
3377 1799 3494 1852 dis‘

190 1887 438 1960 ριγμένη
465 1888 559 1942 ἐπὶ
588 1887 918 1958 διανοήμασι
955 1885 1172 1957 βουλῆς,
1209 1888 1268 1940 ὲν
1302 1887 1482 1959 καιρῷ
1503 1886 1565 1941 οὐ
1588 1887 1754 1942 δειλιά

1921 1891 2151 1945 ιοινθιιιι·
2184 1904 2199 1942 :
2232 1891 2318 1947 sic
2342 1906 2438 1947 cor
2465 1889 2858 1947 conﬁrmatum
2895 1892 2954 1946 in
2979 1890 3315 1961 cogitatione
3348 1906 3485 1946 con-

191 1997 312 2038 σει.
356 1999 375 2032 ι
1901 1982 2036 2047 silii,
2071 1981 2126 2036 in
2166 1992 2416 2052 tempore
2435 1998 2545 2038 non
2581 1981 2925 2038 formidabit.
2959 2001 2980 2036 ι

277 2090 296 2121 ι
341 2070 664 2140 Ἑτοίμασον
688 2071 866 2139 λόγον.
925 2071 1020 2125 καὶ
1060 2069 1235 2134 οὕτως
1285 2071 1634 2143 ἀκουσθήσῃ’
1667 2072 1793 2126 σύν-

1968 2073 2141 2128 Eccli.
2176 2089 2375 2139 xxxiii,
2403 2074 2458 2128 4.
2495 2104 2564 2116 --
2600 2093 2619 2126 ι
2657 2073 2918 2142 Praepara
2957 2090 3296 2141 sermonem,
3327 2083 3383 2129 et
3407 2077 3487 2131 sic

185 2161 364 2232 δησον
398 2161 670 2226 παιδείαν,
702 2160 796 2215 καὶ
825 2160 998 2224 οὕτως
1027 2161 1404 2235 ἀποκριθήσῃ.
1447 2183 1466 2215 ι

1925 2161 2148 2219 ιυάίθΐίῧ
2191 2182 2206 2220 :
2244 2164 2445 2236 colliga
2503 2163 2894 2234 disciplinam,
2950 2174 3008 2221 et
3064 2166 3137 2220 ita
3187 2167 3489 2236 respondeo

1897 2256 2004 2312 his.
2056 2275 2076 2308 ι

274 2359 295 2391 ι
335 2340 575 2410 Χρυσίον
604 2340 701 2393 καὶ
748 2339 1013 2412 ἀργύριον
1063 2341 1426 2413 ἐπιστήσωσι
1463 2341 1650 2406 πόδας,
1699 2341 1794 2395 καὶ

2056 2275 2076 2308 ³

2029 2349 2144 2403 ccli.
2183 2363 2276 2412 η,
2309 2349 2405 2404 25.
2442 2380 2514 2391 -
2541 2367 2560 2400 ι
2599 2349 2818 2404 Aurum
2854 2356 2912 2406 et
2952 2359 3242 2423 argentum
3278 2353 3486 2406 consti-
3587 2373 3593 2381 ·

182 2432 344 2503 ὑπὲρ
374 2432 663 2503 ἀμφότερα
697 2432 863 2504 βουλὴ
894 2434 1274 2506 εὐδοκιμήσει.
1317 2455 1335 2486 ι

1922 2449 2056 2495 uent
2085 2439 2275 2509 pedes,
2297 2448 2354 2494 et
2373 2455 2542 2510 super
2567 2447 2869 2512 utrumque
2894 2443 3196 2500 consilium
3227 2445 3486 2514 beuepla-

1895 2532 2069 2586 citum
2099 2531 2229 2585 erit.
2273 2551 2292 2583 ι

268 2626 288 2658 ι
335 2607 492 2660 Μετὰ
517 2606 687 2675 σοφοῦ
727 2605 1124 2676 συμϐουλεύου.
1169 2625 1187 2656 ι

1966 2623 2138 2678 Eccli.
2172 2639 2232 2690 ιι,
2265 2624 2356 2680 2i.
2381 2656 2452 2665 —
2481 2645 2499 2676 ι
2536 2624 2678 2680 Cum
2710 2626 2962 2696 sapiente
2990 2627 3264 2682 delibera.
3313 2647 3335 2680 ι

268 2718 288 2750 ι
327 2698 500 2769 Βουλὴ
540 2697 706 2766 σοφοῦ
734 2698 888 2768 πηγὴ
916 2697 1084 2766 ζωῆς.
1127 2717 1145 2748 ›

1968 2714 2137 2768 Eccli.
2171 2731 2310 2779 χχιι,
2354 2715 2446 2769 24.
2501 2748 2569 2758 -
2623 2735 2644 2769 ι
2677 2716 2986 2774 Consilium
3031 2719 3304 2791 sapientis
3357 2721 3482 2777 fons

1895 2819 2036 2862 νιιιιε.
2075 2826 2094 2857 ι
2524 2858 2526 2860 ,

253 2902 557 2974 Κρείσσων
614 2899 977 2971 λελογισμένη
1005 2899 1301 2971 βραδύτης,
1345 2901 1546 2971 τάχους
1594 2902 1789 2971 ἀπερι-

1970 2894 2023 2948 Ν
2028 2896 2241 2948 azianz.
2266 2927 2337 2936 —
2364 2895 2597 2952 Praestat
2629 2899 2882 2966 consulta
2910 2899 3150 2956 tarditas
3171 2900 3479 2956 inconside-

159 2992 464 3046 σκέπτου.

1898 2995 2032 3042 ratae
2072 2988 2368 3044 celeritati.

247 3083 627 3155 Maxaptdrq;
658 3083 798 3148 ἐστὶ,
842 3081 1041 3152 βουλῆς
1077 3080 1255 3152 κακῆς
1287 3081 1564 3134 ἐκπεσεῖν.

1971 3080 2204 3153 Evagrii.
2239 3082 2386 3136 -ln
2420 3092 2574 3153 parte
2621 3083 2988 3141 beatitudinis
3021 3083 3334 3141 ducendum
3369 3095 3475 3152 est,

1896 3175 2043 3229 malo
2076 3175 2314 3230 consilio
2337 3175 2622 3230 excidere.

242 3263 350 3316 Τὰ
372 3261 448 3335 μὴ
474 3263 573 3315 σῦν
621 3261 813 3330 λόγῳ,’
858 3259 1038 3312 πάντα
1090 3256 1314 3328 αἰσχρὰ,
1373 3255 1562 3325 ὥσπερ
1587 3254 1657 3309 τὰ
1687 3255 1784 3308 σὺν

1912 3191 2043 3229 nato
2076 3191 2314 3231 CODSIllO
2337 3191 2622 3230 exemere.
2771 3231 2779 3240 _

1964 3264 2232 3320 Philonis.
2263 3295 2330 3306 ---
2359 3263 2558 3320 Omnia
2593 3267 2777 3335 turpia
2810 3278 2960 3331 sunt,
2984 3282 3107 3336 quae
3135 3270 3284 3324 nulla
3310 3270 3476 3324 ratio-

145 3358 226 3413 λὸ
236 3345 342 3427 τῴ
355 3355 578 3428 κόσμια.

1913 3373 1962 3411 ιε
1996 3365 2267 3425 geruntur
2298 3373 2312 3411 :
2343 3355 2490 3411 sicut
2527 3369 2592 3412 ea
2635 3370 2765 3427 qua:
2813 3371 2879 3412 ex
2915 3357 3134 3412 ratione
3175 3355 3342 3421 ﬁunt,
3373 3357 3477 3411 ho-

1890 3459 2046 3505 nesta
2067 3459 2136 3505 -et
2159 3449 2461 3506 laudanda.

234 3533 450 3604 Χωρὶς
480 3531 717 3602 θεωρίας
742 3526 1199 3600 ὲπιστημονικῆς,
1233 3525 1392 3580 οὐδὲν
1417 3523 1526 3577 τῶν
1551 3539 1788 3595 πραττο-

1959 3543 2096 3598 Nili.
2118 3573 2188 3584 ——
2207 3543 2430 3613 Absque
2447 3542 2590 3599 scita
2614 3540 3088 3606 consideratione,
3117 3538 3260 3597 nihil
3281 3556 3474 3598 eorum

137 3627 372 3702 μένων
404 3624 591 3679 καλόν.
635 3621 731 3694 Μὴ
783 3620 1222 3694 ἀγ’νοήσῃς,-ὅτι
1286 3618 1383 3671 καὶ
1423 3615 1566 3688 ὑπὲρ
1600 3614 1701 3669 δοῦε

1905 3650 2011 3706 tua:
2041 3644 2335 3706 geruntur.
2366 3635 2572 3691 bonum
2609 3641 2716 3692 est.
2752 3632 2833 3689 Ne
2871 3643 2926 3690 te
2956 3632 3094 3688 illud
3135 3632 3313 3705 fugiat
3345 3649 3469 3708 nos,

131 3720 418 3792 γνώμην
467 3715 562 3770 τοῦ
628 3716 704 3787 μὴ
769 3715 1132 3786 καθήκοντος,
1163 3714 1257 3766 καὶ
1311 3710 1695 3782 συμϐουλίανι

1907 3726 1960 3781 ›ι›
1993 3729 2180 3782 datam
2217 3726 2552 3782 sententiam
2585 3726 2656 3783 ab
2694 3724 2877 3782 oﬁicio
2924 3725 3164 3781 alienam
3194 3734 3250 3781 et
3284 3709 3471 3781 consi-

131 3810 391 3879 εὐαγῆ,
445 3804 854 3877 ἀποκλειόμεὼ
899 3803 1001 3875 τῆς
1053 3802 1207 3867 θείας
1240 3800 1546 3873 βασιλείας.
1580 3800 1695 3853 Διόι

1910 3816 2023 3870 ium
2048 3829 2241 3885 parum
2276 3815 2452 3886 pium,
2479 3831 2510 3869 a
2533 3814 2725 3871 divino
2743 3828 2918 3886 regno
2934 3813 3177 3870 excludi.
3198 3813 3471 3882 Quocirca

127 3897 547 3971 ἐσκεμμένως
581 3897 702 3951 λίαν
748 3897 848 3960 τὰς
899 3894 1129 3968 γνώμας
1170 3896 1286 3959 τοῖς
1339 3892 1585 3946 αἰτοῦσιν
1634 3893 1691 3963 ήι

1933 3907 2200 3962 ιοὶοιιιιιιιιι
2230 3915 2317 3963 est
2348 3916 2411 3963 ut
2454 3906 2552 3973 iis,
2591 3909 2688 3980 qui
2733 3908 3033 3965 consilium
3079 3922 3109 3961 a
3158 3907 3318 3964 nobis
3373 3923 3497 3979 μοι,

125 3992 405 4066 ὀρέγειν
426 3987 740 4059 ὀφείλομεν.

1883 4006 2069 4064 scunt,
2093 3998 2201 4054 hoc
2231 4013 2448 4056 summa
2480 3998 2653 4054 animi
2689 3999 2992 4055 attentione
3029 3999 3398 4070 praebeamus.

125 4105 370 4162 TITA.
407 4101 599 4156 ΙΓ¹.-
640 4102 780 4172 Περὶ
829 4099 1184 4171 βρωμάτων,
1229 4099 1332 4154 καὶ
1375 4099 1498 4154 τῶν
1533 4101 1680 4171 πρὸς

726 4171 836 4240 ζῇν
876 4171 1240 4240 ἀναγκαίων.

1899 4113 2019 4170 ΙῚΤ.
2049 4113 2269 4170 Xlll.—
2295 4113 2371 4169 De
2388 4114 2544 4182 cibis,
2581 4122 2631 4168 et
2663 4113 2817 4169 rebus
2845 4113 2916 4170 ad
2944 4115 3104 4168 vitam
3127 4115 3463 4170 necessariis.

758 4192 836 4242 n'r
876 4192 1240 4240 ανατκαιων.

229 4289 257 4323 ι
329 4268 423 4331 Ὣς
481 4267 692 4338 λάχανα
747 4264 946 4336 χόρτου
993 4263 1206 4318 δέδωκα
1255 4263 1385 4335 ὑμῖν
1437 4263 1506 4316 τὰ
1561 4264 1774 4329 πάντα,

1953 4268 2084 4324 Gen.
2123 4284 2202 4336 ιιι,
2232 4268 2287 4323 5.
2326 4298 2396 4310 -—
2441 4285 2460 4320 ι
2493 4267 2666 4335 Quasi
2715 4267 2866 4324 olera
2909 4267 3214 4324 herbarum
3261 4269 3465 4328 tradidi

115 4362 323 4433 πλὴν
343 4360 502 4430 ,κρέα
548 4363 606 4414 ὲν
633 4359 828 4442 αἵματι
857 4357 1037 4436 ψυχῆς
1058 4357 1120 4435 οῦ
1146 4357 1410 4428 φάγεσθε.
1445 4377 1464 4409 ι

1899 4357 2040 4415 robis
2068 4358 2298 4424 omnia;
2339 4365 2575 4428 excepto
2607 4357 2758 4430 quod
2805 4371 3031 4415 carnem
3087 4359 3146 4415 in
3197 4360 3463 4432 sanguine

1877 4449 2078 4504 animae
2113 4465 2222 4505 non
2247 4449 2574 4506 comedetis.
2611 4468 2632 4502 ι

213 4562 245 4597 ι
315 4537 460 4592 Ἀπὸ
484 4535 713 4608 καρποῦ,
751 4536 862 4590 τῶν
919 4536 1098 4606 ἔργων
1134 4551 1228 4589 σου
1271 4533 1770 4607 χορτασθήσεταιὴ

1948 4540 2099 4597 Psal.
2139 4557 2258 4608 cm,
2289 4541 2377 4596 15.
2409 4570 2480 4582 --
2500 4560 2520 4593 σ
2547 4539 2623 4598 De
2648 4539 2830 4599 [ructu
2863 4557 3095 4614 operum
3130 4550 3354 4601 tuorum
3373 4561 3465 4602 sa-

101 4639 244 4712 γῆ·
295 4651 327 4686 ’

1877 4630 2112 4687 tiahitur
2133 4639 2304 4688 terra.
2346 4650 2365 4684 ι

207 4752 240 4787 ι
276 4723 471 4798 Ἀρχὴ
485 4724 632 4796 ζωῆς
653 4723 752 4778 ἀνθ
761 4721 980 4796 ρώπων,
999 4720 1182 4792 ἄρτος,
1201 4720 1298 4774 καὶ
1319 4718 1482 4791 ὕδωρ,
1502 4719 1596 4774 καὶ
1614 4720 1768 4792 ἱμάτ-

1947 4721 2120 4777 Eccli.
2169 4739 2362 4788 xxxix,
2415 4723 2506 4780 26.
2551 4754 2624 4765 -
2680 4744 2702 4779 ι
2733 4724 2958 4783 Initium
3018 4730 3150 4786 vita
3198 4730 3458 4800 hominis,

111 4845 244 4893 ιον,
282 4819 402 4875 καὶ
430 4817 564 4890 πῦρ,
596 4817 692 4872 καὶ
714 4817 954 4887 σίδηρος,
973 4815 1068 4869 καὶ
1090 4813 1243 4878 ἃλας,
1278 4813 1552 4885 σεμίδαλις
1571 4830 1675 4884 πυρ

1910 4825 2040 4881 qua,
2082 4812 2251 4882 ignis,
2293 4814 2682 4872 indumentum
2711 4823 2767 4873 et
2795 4815 3034 4887 ferrum,
3066 4821 3174 4888 sal,
3205 4822 3467 4896 similago

104 4923 240 4977 ἶίλα.
255 4930 386 4976 ιον,
407 4911 571 4980 τάλα,
595 4909 734 4982 μὲλισ
770 4908 947 4963 ταῦτα
971 4909 1084 4972 τοῖς
1117 4907 1398 4962 εὐσεϐέσιν
1423 4908 1504 4970 είς
1529 4905 1668 4976 ἀγαθ

1716 4923 1766 4958 ,ι
1876 4903 2067 4968 tritici,
2099 4905 2308 4971 oleum,
2331 4905 2445 4972 lac,
2479 4907 2590 4962 mel
2623 4925 2640 4962 :
2672 4907 2788 4966 haec
2820 4908 2928 4980 piis
2954 4911 3013 4966 in
3053 4911 3219 4969 bona.
3259 4934 3280 4966 ο

201 5041 241 5066 ς
300 5003 508 5070 ’Ἔδοξε
563 5003 642 5075 τῷ
700 5001 844 5073 ἁγίῳ
894 5001 1177 5073 Πνεῦματι
1235 5002 1332 5055 καὶ
1380 5002 1540 5072 ἡμῖν,
1599 4999 1765 5070 μηδὲν

1941 4994 2063 5050 Act.
2127 5011 2218 5062 xv,
2270 4996 2366 5052 28.
2414 5025 2485 5040 -
2543 5016 2563 5049 ι
2604 4998 2794 5056 Visum
2841 5009 2928 5058 est
2981 5000 3218 5072 Spiritui
3269 5013 3465 5062 sancto

118 5105 340 5164 πλέον
369 5096 641 5151 ἐπιθεῖναι
670 5097 799 5164 ὑμῖν
827 5095 1015 5167 βάρος,
1040 5094 1181 5166 πλὴν
1227 5093 1336 5146 τῶν
1359 5093 1448 5146 ἐπ’
1482 5091 1682 5160 ἀνάγκτ

1905 5093 1926 5140 t
1970 5087 2157 5152 nobis,
2206 5087 2320 5145 non
2368 5089 2496 5160 plus
2550 5091 2714 5149 vobis
2749 5092 2920 5165 398
2956 5094 3242 5165 imponere
3273 5098 3467 5153 oneris

73 5197 388 5257 τούτων
445 5189 774 5261 ἀπέχεσθαι,
817 5184 1212 5252 εἰδωλοθύτων,
1254 5186 1351 5240 καὶ
1389 5183 1637 5254 αἵματος,

1895 5193 2041 5249 luam
2071 5180 2192 5236 hac
2225 5182 2546 5240 necessaria
2583 5201 2598 5238 :
2632 5191 2696 5240 ut
2738 5184 3068 5242 abstineatis
3101 5201 3200 5243 vos
3241 5189 3314 5243 ab
3354 5188 3459 5242 im-

93 5279 445 5346 πνικτῶν,
468 5281 568 5335 καὶ
590 5278 849 5354 πορνείας
869 5295 884 5311 ο
915 5276 974 5345 ἐξ
1000 5270 1074 5331 ὧν
1103 5273 1489 5347 διατηροῦντες
1516 5277 1657 5329 tauri

1894 5273 2096 5332 nolatis
2131 5277 2594 5344 simulacrorum,
2637 5286 2696 5334 et
2740 5279 3033 5348 sanguine,
3067 5288 3126 5334 et
3165 5278 3458 5344 suﬁ‘ocato,

90 5380 178 5438 εὖ
215 5372 524 5450 πράξετε.
557 5391 578 5426 ι
902 5406 904 5409 τ

1897 5376 1924 5421 :t
1950 5367 2334 5451 fornicatione
2383 5387 2399 5425 :
2437 5386 2470 5428 a
2503 5371 2713 5442 quibus
2753 5371 3134 5428 custodientes
3168 5386 3292 5437 vos,
3319 5372 3461 5427 bene

1870 5469 2065 5529 agetis.
2099 5481 2121 5514 ›

200 5583 228 5617 ι
279 5550 456 5615 Οἶδα.
495 5555 591 5608 καὶ
618 5553 926 5624 πέπεισμαι
952 5555 1010 5608 ἐν
1054 5549 1245 5622 Κυρίῳ
1283 5547 1482 5621 Ἰησοῦ,
1504 5550 1587 5604 ὅτι
1611 5550 1764 5606 οὐδὲν

1941 5551 2098 5610 Rom.
2157 5570 2272 5622 xw,
2319 5557 2408 5622 14,
2463 5556 2551 5621 15,
2599 5554 2692 5611 23.
2725 5585 2792 5598 --
2834 5573 2856 5608 ι
2889 5554 3019 5612 Scio
3058 5563 3114 5612 et
3154 5554 3374 5612 conﬁdo
3404 5556 3463 5610 in

89 5653 348 5717 κοινὸν
391 5648 524 5718 παρ’
558 5646 744 5711 αὐτοῦ,
778 5647 827 5700 εἰ
863 5647 939 5718 μὴ
991 5644 1068 5715 τῷ
1100 5642 1440 5715 λογιζομένῳ
1486 5661 1540 5698 τι
1587 5661 1653 5699 κο

1887 5646 2109 5703 Domino
2130 5645 2288 5715 Jesu,
2322 5649 2454 5719 quia
2494 5647 2634 5704 nihil
2677 5663 2974 5704 commune
3001 5656 3089 5704 est
3117 5659 3348 5719 propter
3371 5662 3451 5711 se,

87 5749 319 5808 εἶναι.
346 5740 418 5794 Ei
443 5739 501 5792 δὲ
522 5739 614 5792 διὰ
639 5737 878 5808 βρῶμαὸ
901 5735 1129 5806 ἁδελφός
1161 5753 1256 5790 σου
1279 5735 1553 5805 λυπεῖται,
1580 5737 1651 5791 of):

1889 5737 1976 5792 nisi
2009 5736 2062 5792 ei
2093 5738 2185 5807 qui
2211 5739 2500 5794 existimat
2527 5737 2665 5808 quid
2714 5753 3007 5794 commune
3037 5753 3180 5793 esse.
3237 5735 3294 5790 Si
3350 5749 3453 5788 au-

86 5838 300 5899 ·κσιτὰ
336 5829 570 5900 ἀγάπην
603 5828 946 5898 περιπατεῖς.
981 5826 1072 5897 Μὴ
1096 5825 1172 5897 τῷ
1204 5825 1452 5896 βρώματί
1485 5843 1578 5879 σου
1618 5830 1650 5882 ἐι

1882 5839 1977 5884 Lem
2030 5841 2253 5901 propter
2295 5831 2483 5887 cibum
2511 5829 2678 5885 frater
2719 5838 2850 5887 tuus
2902 5829 3290 5890 contristatur,
3332 5825 3446 5897 jam
