3960 6436
237 303 244 308 ’
317 355 448 426 1297

1524 356 1764 416 SACRA
1803 353 2271 415 PARALLELA.

3464 344 3600 410 1293

385 470 765 542 [Ινευματικὸν
819 469 913 524 καὶ
972 465 1302 536 γνωστικὸν,
1365 465 1458 519 τὸν
1506 461 1671 520 αὑτὸν
1701 458 1844 518 οἶδεν

2095 459 2239 516 Ibid.
2275 461 2370 516 lib.
2408 476 2460 515 v.
2491 488 2559 503 υ·-
2596 459 2945 529 Spiritualem
2987 465 3041 512 et
3069 456 3380 523 guosticum
3442 474 3587 512 emn-

319 563 380 617 ’Δ
392 563 649 626 πόστολος
669 605 684 629 ,
709 561 799 616 τὸν
847 559 943 613 τοῦ
968 558 1125 628 ἀγίου
1181 555 1500 628 Πνεύματος
1547 557 1812 628 μαθητήν.
1837 586 1876 598 -

2007 561 2133 613 dem
2166 551 2506 628 [Apostolus]
2536 553 2808 624 agnoscit,
2832 568 2960 608 eum
2994 566 3194 622 nempe
3227 551 3320 621 qui
3361 549 3600 618 Spiritus

320 658 377 710 '0
414 654 719 725 γνωστικὸς
771 652 960 706 θεόθεν
1006 648 1191 703 λαϐὼν
1243 649 1304 702 τὸ
1334 648 1598 702 δύνασθαι
1640 648 1900 718 ὠφελεῖν,

305 749 571 818 ὀνίνησιν,
594 750 723 810 τοὺς
765 746 864 818 μὲν
893 746 960 816 τῇ
998 742 1474 814 παρακολουθήσει
1519 741 1898 813 σχηματίζων,

2008 649 2192 704 sancti
2217 646 2527 715 discipulus
2557 651 2662 700 est.
2693 675 2764 685 —
2792 643 3109 709 Guosticus,
3148 657 3274 697 cum
3310 640 3360 695 id
3399 639 3599 695 divini-

2006 749 2094 795 tus
2125 743 2460 800 consecutus
2506 743 2615 801 est,
2663 743 2726 790 ut
2778 734 3043 806 prodesse
3092 734 3288 804 possit,
3338 731 3406 786 ad
3452 731 3595 787 hunc

304 840 433 902 τοὺς
462 838 517 891 δὲ
546 841 613 909 τῇ
649 835 972 907 ἐξομοιώσει
1024 837 1495 907 προτρεπόμενος,
1546 835 1674 898 τοὺς
1711 833 1770 888 δὲ
1804 851 1876 887 κα

2006 833 2226 885 modum
2251 829 2430 899 juvat,
2455 835 2514 882 ut
2546 826 2687 882 alios
2725 842 2822 897 per
2849 825 3276 882 assectationem
3308 822 3595 887 informet,

302 935 369 1003 τῇ
406 931 704 1002 προστάξει
735 928 1010 984 παιδεύων
1039 929 1136 982 καὶ
1160 927 1447 981 διδάσκων.

373 1105 484 1157 Καί
527 1122 618 1175 μοι
670 1105 1072 1174 καταφαίνεται
1104 1104 1234 1177 τρία
1261 1098 1407 1156 εἶναι
1444 1103 1544 1174 τῆς
1585 1101 1898 1171 γνωστικῆς

295 1196 586 1267 δυνάμεως
609 1196 1030 1266 ἀποτελέσματα
1046 1211 1060 1225 ⁵
1081 1195 1142 1248 τὸ
1161 1195 1453 1265 γινώσκειν
1475 1194 1544 1249 τὰ
1565 1194 1890 1266 πράγματα’

295 1286 572 1356 δεύτερον,
623 1288 684 1340 τὸ
716 1288 1024 1342 ἐπιτελεῖν·
1062 1288 1271 1358 τρίτον,
1311 1288 1374 1341 τὸ
1413 1288 1770 1359 παραδιδόναι
1804 1287 1894 1341 δύ-

295 1379 492 1433 νασθαι
520 1379 844 1450 θεοπρεπῶς
880 1379 948 1432 τὰ
979 1379 1135 1449 παρά
1163 1381 1230 1450 τῇ
1252 1378 1486 1450 ἀληθείᾳ
1505 1377 1886 1450 κεκρυμμένα.

293 1499 365 1510 —-
403 1471 619 1541 Ὠσπερ
672 1473 782 1524 πᾶν
835 1471 865 1525 ὃ
923 1470 1200 1540 βούλεται,
1248 1469 1476 1524 δύναται
1505 1470 1534 1522 ὁ
1559 1469 1714 1534 Θεὸς,
1745 1467 1891 1522 οὕτω

294 1563 402 1615 πᾶν
441 1562 468 1615 ὃ
490 1561 556 1616 ἂν
584 1564 785 1635 αἰτήσῃ
810 1565 838 1616 ὁ
861 1563 1189 1633 γνωστικὸς,
1239 1561 1529 1632 λαμϐάνει.
1551 1591 1621 1602 -
1652 1559 1887 1614 ’Έπεται

290 1658 356 1725 τῇ
398 1653 601 1722 γνώσει
635 1654 704 1708 τά
754 1653 914 1725 ἔργα,
964 1655 1040 1718 ὡς
1097 1653 1174 1724 τῷ
1197 1652 1415 1722 σώματι
1445 1655 1478 1722 ἡ
1522 1651 1672 1705 σκιά.
1712 1681 1782 1690 ——
1809 1651 1884 1704 Οὐ

293 1747 695 1819 μνησικακήσει
749 1749 777 1800 ὁ
844 1746 1153 1816 γνωστικός
1239 1761 1406 1799 ποτε·
1459 1744 1520 1797 οὗ
1589 1743 1889 1814 χαλεπανεῖ

285 1840 489 1905 οὐδενὶ,
513 1841 618 1894 κᾶν
650 1840 844 1911 μίσους
899 1839 1029 1908 ἄξια
1085 1839 1354 1910 τυγχάνῃ,
1381 1840 1468 1906 ἐφ’
1505 1832 1587 1901 οἷς
1612 1837 1885 1909 διαπράτ-

284 1950 458 1987 τεται.
490 1933 646 1986 Σέϐει
679 1931 780 2002 μὲν
799 1931 909 2004 γὰρ
935 1931 1029 1985 τὸν
1048 1929 1312 2003 Ποιητὴν,
1347 1929 1540 2000 ἀγαπᾷ
1568 1928 1625 1982 δὲ
1651 1927 1741 1982 τὸν
1772 1945 1886 1982 κοι-

281 2023 514 2076 νωνικὸν
540 2021 636 2074 τοῦ
671 2022 815 2091 βίου,
849 2021 1138 2091 οἰκτείρων
1163 2021 1260 2076 καὶ
1304 2019 1747 2091 ὑπερευχόμενος
1778 2018 1881 2072 αὐ-

283 2113 379 2166 τοῦ
404 2113 492 2165 διὰ
519 2113 619 2184 τὴν
677 2114 902 2181 ἄγνοιαν
949 2113 1134 2168 αὑτοῦ.
1165 2142 1233 2154 --
1259 2113 1364 2166 Τὸν
1413 2110 1716 2182 γνωστικὸν
1739 2109 1883 2165 οὐδέ-

283 2228 417 2263 πνιτε
451 2211 511 2263 τὸ
542 2210 794 2264 πλουτεῖν
821 2210 1014 2281 γήθειν
1075 2213 1241 2278 ποιεῖ,
1272 2211 1396 2265 οὐδὲ
1428 2211 1538 2266 τῶν
1576 2211 1881 2283 χρημάτων

282 2304 538 2372 ἀπορεῖν,
573 2302 652 2364 εις
683 2302 1016 2356 ταπείνωσιν
1065 2301 1211 2369 ἀγει,
1267 2302 1368 2372 τῆς
1402 2302 1606 2373 ἀρετῆς
1651 2301 1745 2355 καὶ
1788 2317 1878 2356 σο-

283 2395 416 2460 φίας
445 2393 609 2446 αὑτὸν
636 2392 1045 2465 ὑπερυψούσης,
1076 2392 1171 2447 καὶ
1216 2392 1474 2462 ὑπεράνω
1507 2391 1690 2445 αὐτῶν
1721 2392 1878 2446 ἵστα-

283 2487 413 2538 σθαι
440 2486 996 2558 παρασκευαζούσης,
1025 2486 1101 2548 ὡς
1119 2484 1208 2540 διὰ
1228 2485 1639 2557 μεγαλοψυχίαν
1663 2485 1878 2539 ἐναδια-

281 2578 474 2647 φορεῖν
507 2581 619 2643 τοῖς
640 2579 794 2647 ήδέσι
823 2581 918 2636 καὶ
949 2579 1158 2652 ἀηδέσι.

275 2790 467 2866 ΤΙΤΛ.
499 2792 573 2866 B'.
605 2823 677 2834 —
700 2794 839 2862 Περὶ
865 2794 995 2866 (of),
1033 2811 1052 2846 ι
1103 2794 1293 2866 Γνῶθι
1331 2796 1618 2862 σεαυτὸν,
1661 2816 1679 2849 ι
1715 2797 1872 2866 ἤτοι,

364 2863 678 2934 «Πρόσεχε
719 2863 986 2929 σεαυτῷ⁹
1023 2883 1060 2916 ι’
1090 2866 1187 2919 καὶ
1226 2865 1315 2919 ὅτι
1362 2866 1478 2934 χρὴ
1511 2863 1777 2922 Exacto?
1800 2868 1874 2923 τὰ

352 2932 542 3007 οἰκεῖοι
573 2934 992 3003 περισκοπεῖν,
1024 2936 1123 2989 καὶ
1145 2936 1232 3006 μὴ
1276 2932 1685 3006 τὰᾶλλότρια
1715 2949 1873 3007 περι-

350 2999 720 3073 εργάζεσθαι.

351 3114 596 3187 Πρόσεχε
654 3117 891 3188 σεαυτῷ,
937 3119 1032 3173 καὶ
1095 3119 1332 3188 φύλαξον
1381 3120 1479 3192 τὴν
1541 3121 1723 3193 ψυχήν
1774 3139 1869 3176 σου

270 3207 515 3279 σφόδρα,
557 3210 633 3281 μὴ
665 3210 905 3283 ὲπιλάθῃ
933 3212 1146 3276 πάντας
1168 3213 1293 3277 τοὺς
1314 3213 1532 3282 λόγους,
1563 3213 1657 3279 οὓς
1691 3216 1871 3283 ἑωρά-

268 3312 441 3352 κασιν
480 3300 529 3352 οἱ
557 3299 829 3372 ὀφθαλμοί
893 3320 989 3357 σου
1015 3319 1028 3334 ο
1085 3303 1179 3358 καὶ
1216 3302 1292 3376 μὴ
1336 3305 1736 3377 ἀποστήτωσαν
1761 3307 1871 3362 ἀπὸ

261 3388 378 3456 τῆς
413 3391 642 3461 καρδίας
670 3409 784 3448 σου.
821 3411 840 3444 ι

349 3499 371 3531 ι
405 3483 470 3534 Οί
499 3483 713 3540 ἑαυτῶν
745 3486 1146 3557 ἐπιγνώμονες,
1181 3489 1360 3558 σοφοί.
1400 3509 1418 3541 ι

347 3676 369 3709 r
410 3658 779 3732 Συντήρησον,
811 3665 908 3718 καὶ
931 3665 1168 3736 πρόσεχε
1196 3666 1462 3739 σφοδρῶς,
1486 3667 1568 3722 ὅτι
1593 3667 1736 3739 μετά
1765 3670 1865 3742 τῆς

259 3749 539 3820 πτώσεώς
572 3770 665 3806 σου
697 3759 1044 3825 περιπατεῖς.
1077 3776 1098 3810 ι

347 3861 366 3892 ι
415 3843 504 3897 Ἐν
534 3844 674 3916 φίλῳ
703 3847 800 3900 καὶ⁹
822 3848 1002 3920 ἐχθρῷ
1035 3851 1108 3921 μὴ
1135 3851 1326 3922 διηγοῦ
1354 3851 1525 3922 βίους,
1555 3853 1674 3907 ἀλλ’
1710 3856 1860 3909 ἐπαί-

255 3951 416 3998 νους.
461 3936 572 3990 Καὶ
601 3937 655 3991 ετ
687 3937 770 3992 σοί
814 3941 964 3995 ἐστιν
995 3941 1266 4013 ἁμαρτία,
1301 3942 1378 4015 μὴ
1423 3945 1801 4000 ἀποκάλυπτε.
1836 3965 1855 4000 ι

346 4133 363 4164 ι
391 4114 460 4166 Τί
479 4114 702 4185 βλέπεις
719 4117 780 4170 τὸ
797 4118 1008 4189 κάρφος
1027 4121 1085 4174 ἐν
1119 4122 1196 4192 τῷ
1217 4123 1480 4195 ὀφθαλμῷ
1504 4124 1598 4178 τοῦ
1624 4125 1856 4196 ἀδελφοῦ

265 4221 395 4271 σου,
425 4207 527 4278 τὴν
553 4209 608 4262 δὲ
650 4210 710 4264 ὲν
737 4210 816 4280 τῷ
840 4210 917 4282 σῷ
942 4212 1214 4285 ὀφθαλμῷ
1261 4215 1418 4269 δοκὸν
1439 4217 1501 4271 οὐ
1530 4217 1818 4281 κατανοεῖς
1840 4234 1854 4284 ;

253 4299 298 4368 ἢ
333 4299 448 4363 πῶς
479 4303 625 4372 ἐρεῖς
653 4301 730 4373 τῷ
755 4303 971 4374 ἀδελφῷ
999 4322 1116 4371 σου,
1153 4306 1346 4376 Ἀφες,
1383 4307 1582 4364 ἔκϐαλε
1613 4310 1675 4363 τὸ
1718 4309 1856 4382 κάρ-

2003 938 2101 992 per
2145 921 2510 976 imitationem
2566 919 2707 973 alios
2757 917 3106 982 coliortetur,
3162 917 3300 972 alios
3355 915 3593 985 denique

2001 1012 2377 1084 pratcipjendo
2412 1009 2632 1066 erudiat
2662 1019 2718 1065 et
2750 1009 2968 1065 doceat.

2070 1102 2214 1156 Ibid.
2267 1101 2359 1154 tib.
2395 1116 2491 1154 vn.
2523 1131 2594 1141 —
2637 1098 2769 1154 Mihi
2808 1111 3031 1170 quoque
3059 1097 3321 1168 gnosticae
3355 1095 3589 1152 faculta-

1999 1197 2070 1252 tis
2115 1207 2224 1251 tres
2250 1193 2478 1250 effectus
2526 1193 2789 1248 videnlur
2821 1208 2836 1246 :
2872 1191 3103 1262 primus,
3156 1205 3248 1245 res
3279 1190 3591 1260 exploratas

1997 1288 2237 1354 habere;
2276 1286 2576 1351 secundus,
2607 1283 2869 1355 exsequi;
2905 1283 3103 1340 tertius
3122 1282 3382 1354 denique,
3404 1297 3584 1353 posse.

1989 1381 2146 1450 juxta
2199 1395 2266 1435 ac
2318 1380 2543 1450 dignum
2581 1377 2692 1433 Deo
2742 1385 2851 1445 est,
2909 1376 3033 1433 aliis
3076 1391 3142 1432 ea
3197 1373 3434 1439 tradere,
3466 1386 3593 1445 quat

1993 1474 2136 1544 apud
2185 1473 2474 1529 veritatem
2518 1471 2774 1527 abstrusa
2814 1477 2965 1526 sunt.
3006 1497 3079 1511 --
3109 1466 3583 1536 Quemadmodum

1993 1565 2138 1624 Deus
2173 1565 2444 1638 quidquid
2475 1563 2610 1631 vult,
2637 1570 2820 1634 potest
2852 1579 2866 1616 :
2897 1562 2980 1618 sic
3007 1561 3274 1633 quidquid
3296 1560 3586 1632 gnosticus

1991 1659 2233 1730 petierit,
2284 1657 2508 1728 accipit.
2556 1687 2624 1697 —
2653 1654 2816 1712 Velut
2863 1655 3060 1711 umbra
3113 1668 3331 1724 corpus,
3393 1663 3580 1707 veram

1990 1753 2284 1809 scientiam
2327 1758 2485 1807 actus
2535 1757 2864 1822 sequuntur.
2896 1746 3290 1816 --—‘Nunquam
3329 1741 3582 1800 meminit

1988 1844 2272 1916 guosticus
2313 1842 2646 1914 injuriarum
2694 1856 2709 1895 :
2743 1835 3040 1899 succenset
3081 1837 3314 1899 nemini.
3359 1833 3578 1890 etiamsi

1987 1937 2152 2008 digna
2191 1937 2304 1993 sint
2340 1936 2468 1992 odio
2490 1975 2506 2003 ,
2534 1950 2657 2008 quae
2710 1941 2860 2007 gesta
2901 1941 3093 1990 contra
3126 1947 3185 1988 se
3220 1929 3443 1984 fuerint.
3481 1926 3578 1981 Et-

1986 2031 2134 2086 enim
2159 2029 2236 2084 uti
2287 2027 2608 2085 Creatorem
2663 2027 2817 2094 colit,
2860 2025 2939 2084 sic
2988 2026 3122 2102 vita;
3158 2022 3370 2078 socium
3406 2025 3574 2082 amat,

1984 2136 2223 2192 eumque
2258 2120 2592 2192 ignorantiae
2636 2119 2864 2175 nomine
2895 2117 3347 2180 commiseratur,
3382 2119 3436 2168 et
3471 2126 3572 2182 pro

1982 2230 2052 2272 eo
2081 2230 2277 2286 preces
2333 2212 2536 2270 fundit.
2572 2240 2644 2252 —
2683 2211 3009 2268 Gnosticum
3045 2221 3324 2280 nunquam
3363 2204 3572 2261 divitiae

1982 2306 2286 2370 delectant,
2319 2317 2424 2359 nec
2469 2317 2636 2373 opum
2674 2301 2901 2372 penuria
2941 2299 3216 2369 abjectum
3261 2312 3326 2351 ac
3367 2295 3568 2350 demis-

1981 2414 2106 2456 sum
2131 2398 2315 2454 reddit
2352 2415 2366 2453 ε
2395 2397 2598 2467 quippe
2628 2410 2792 2467 quem
2819 2394 2993 2449 virtus
3011 2399 3064 2448 et
3094 2387 3365 2462 sapientia
3396 2388 3450 2442 in
3485 2385 3566 2441 al-

1981 2503 2098 2550 tum
2125 2493 2330 2558 ferant,
2371 2491 2548 2562 iisque
2587 2490 2975 2549 sublimiorem
3030 2487 3284 2552 reddant,
3311 2481 3468 2540 adeo
3512 2494 3570 2538 ut

1977 2586 2052 2643 ob
2083 2585 2254 2640 animi
2279 2584 2588 2642 celsitatem
2610 2581 2862 2654 jucunda
2897 2595 3156 2652 peraeque
3186 2589 3241 2634 et
3263 2576 3566 2648 injucunda

1979 2677 2200 2733 habeat.

1977 2810 2118 2894 ’ῙΊΤἶ
2142 2809 2206 2864 ll.
2235 2807 2402 2862 -—De
2460 2808 2556 2863 illo
2610 2807 2874 2932 6.1919,}
2913 2802 3092 2859 Nosce
3121 2801 3368 2881 “ipsum,
3417 2818 3434 2880 ξ
3472 2815 3561 2852 seu

2044 2892 2230 2932 etiam.
2283 2898 2304 2931 ι
2344 2880 2572 2932 Attende
2603 2887 2639 2932 tt
2683 2895 2830 2932 ιιοει
2869 2891 2887 2930 :
2923 2895 2943 2928 ι
2980 2884 3032 2930 ct
3070 2871 3210 2932 quod
3239 2870 3292 2922 Id
3340 2885 3561 2932 quisque

2044 2882 2230 2943 etiam,
2283 2898 2304 2931 ι
2344 2880 2572 2934 Attende
2603 2870 2699 2932 tibi
2728 2870 2830 2948 ipsi
2869 2891 2887 2930 :
2923 2895 2943 2928 ι
2980 2884 3032 2930 ct
3070 2871 3210 2948 quod
3239 2870 3293 2948 id_
3334 2871 3562 2948 guisqne

2045 2940 2257 3006 studere
2309 2949 2517 3015 debeat,
2557 2958 2617 3002 ut
2666 2940 2783 3019 quin
2823 2964 2922 3002 sua
2969 2940 3114 3009 sunt,
3159 2940 3427 3010 inspiciat,
3471 2955 3560 2992 nec

2048 3023 2226 3077 aliena
2257 3019 2591 3091 pervestiget.

2048 3137 2204 3192 Deut.
2235 3136 2380 3202 m9.
2415 3166 2486 3177 -—
2507 3153 2525 3187 ι
2549 3134 2786 3191 Attende
2811 3133 2908 3188 tibi
2950 3130 3076 3202 ipsi,
3103 3138 3156 3184 et
3191 3127 3404 3183 custodi
3438 3126 3559 3180 ani—

1974 3245 2121 3287 mam
2153 3238 2304 3286 tuam
2340 3228 2502 3284 valde
2527 3245 2543 3296 ;
2567 3242 2638 3284 ne
2675 3224 3030 3282 obliviscaris
3066 3219 3314 3278 omnium
3348 3233 3559 3274 sermo-

1972 3338 2101 3379 num
2129 3329 2379 3389 tuorum,
2425 3336 2548 3391 qua:
2578 3318 2837 3375 viderunt
2880 3316 3022 3374 oculi
3067 3315 3145 3370 tui
3179 3333 3192 3370 :
3221 3323 3277 3370 et
3308 3329 3374 3369 ne
3406 3328 3555 3366 rece-

1975 3415 2108 3471 dant
2137 3415 2208 3471 de
2229 3413 2397 3469 corde
2435 3421 2554 3469 tuo.
2596 3431 2615 3466 ι

2043 3504 2204 3560 Prov.
2236 3504 2474 3571 1111,10.
2521 3533 2594 3545 --
2647 3522 2666 3555 ι
2696 3500 2802 3570 Qui
2853 3501 3064 3569 seipsos
3099 3505 3321 3564 norunt,
3373 3495 3428 3550 lii
3464 3509 3553 3548 sa-

1969 3597 2186 3668 pientes
2207 3605 2360 3654 sunt.
2400 3614 2419 3648 ι

2039 3687 2213 3745 Eccli.
2257 3695 2382 3755 xui,
2436 3687 2522 3743 16.
2563 3684 2650 3727 -’
2680 3703 2698 3738 ι
2736 3682 2884 3741 Cave
2917 3682 3040 3748 tibi,
3082 3690 3136 3738 et
3163 3677 3389 3736 attende
3421 3677 3550 3732 dili-

1956 3787 2182 3849 genter,
2210 3779 2478 3851 quoniam
2505 3791 2635 3834 cum
2659 3775 3025 3833 subversione
3051 3781 3142 3827 tua
3177 3770 3448 3826 ambulas.
3488 3787 3507 3820 ι

1979 3935 1984 3938 _
2035 3871 2210 3929 Eccti.
2259 3888 2378 3938 xu,
2423 3870 2475 3928 8.
2511 3899 2579 3912 —
2607 3888 2626 3922 ι
2665 3869 2857 3924 Amico
2907 3875 2964 3923 et
3010 3864 3237 3920 inimico
3286 3871 3386 3918 tuo
3437 3862 3550 3916 noli

1964 3978 2196 4020 narrare
2244 3963 2415 4018 vitam
2447 3970 2620 4025 tuam,
2660 3959 2756 4016 sed
2797 3959 2986 4016 laudes
3020 3977 3035 4013 :
3065 3965 3118 4014 et
3167 3956 3210 4012 si
3265 3954 3365 4010 tibi
3406 3952 3548 4010 deli-

1961 4065 2112 4111 ctum
2146 4061 2252 4115 est.
2280 4053 2392 4111 noli
2422 4053 2727 4110 denudare.
2767 4071 2786 4106 ι

2036 4145 2229 4200 Matth.
2269 4160 2368 4210 vn,
2406 4145 2460 4211 5,
2499 4143 2554 4198 4.
2603 4174 2671 4187 -
2705 4162 2723 4196 ι
2761 4140 2904 4209 Quid
2959 4140 3114 4196 vides
3163 4139 3431 4193 festucam
3490 4137 3546 4191 in
3601 4219 3607 4226 .

1951 4236 2122 4294 oculo
2176 4235 2366 4290 fratris
2398 4235 2500 4299 tui,
2535 4242 2593 4288 et
2636 4233 2845 4288 trabem
2888 4232 3084 4302 quaein
3113 4229 3276 4286 oculo
3314 4238 3407 4284 tuo
3437 4240 3544 4293 est,

1959 4343 2070 4384 non
2099 4325 2297 4383 vides?
2325 4335 2420 4380 aut
2464 4324 2746 4395 quomodo
2792 4324 2944 4379 dices
2974 4320 3136 4377 fratri
3189 4328 3284 4375 tuo
3322 4336 3338 4374 :
3387 4317 3541 4385 Sine,

255 4412 363 4500 φος
384 4395 449 4447 ἐκ
479 4395 572 4450 τοῦ
607 4396 889 4469 ὀφθαλμοῦ
920 4416 1013 4453 σου
1038 4417 1052 4432 ο
1102 4401 1194 4454 κα)⁵
1238 4402 1347 4457 ἰδοὺ
1410 4405 1444 4474 ὴ
1485 4403 1640 4468 δοκὸς
1678 4406 1735 4458 ὲν
1769 4403 1849 4474 τῷ

1997 4420 2171 4490 iiciam
2217 4418 2486 4475 festucam
2536 4417 2606 4474 de
2650 4415 2813 4472 oculo
2868 4423 2987 4482 tuo,
3039 4422 3094 4470 et
3125 4428 3254 4469 ecce
3291 4411 3446 4467 trabs
3486 4411 3540 4465 in

251 4484 526 4593 ἐφθαλμῷ
560 4506 653 4542 σου
680 4509 694 4556 ;
737 4490 1062 4562 Ὑποκριτά,
1091 4492 1290 4546 έκόαλε
1321 4493 1538 4563 πρῶτον
1560 4494 1656 4567 τὴν
1693 4496 1852 4550 δοκὸν

1997 4484 2116 4566 culo
2149 4519 2246 4564 tuo
2272 4509 2296 4562 ?
2327 4506 2652 4580 Ilypocrita,
2693 4505 2834 4576 ejice
2867 4506 3022 4578 prius
3050 4504 3260 4560 trabem
3287 4501 3354 4557 de
3381 4501 3542 4559 oculo

250 4577 327 4630 ὲκ
353 4579 446 4631 τοῦ
482 4579 763 4651 ὀφθαλμοῦ
793 4599 912 4648 σου,
946 4585 1042 4638 καὶ
1080 4582 1204 4638 τότε
1247 4585 1563 4656 διαϐλέψεις
1594 4587 1849 4642 ἐκϐαλεῖν

1997 4618 2072 4668 ιο,
2127 4611 2184 4656 et
2233 4577 2624 4656 tunc‘videbis
2668 4577 2879 4670 ejicere
2933 4597 3198 4653 festucam
3259 4593 3327 4649 de
3377 4593 3541 4648 oculo

250 4672 320 4724 τὸ
350 4672 560 4744 κάρφος
582 4675 643 4728 τὸ
671 4676 731 4728 ὲν
756 4675 835 4746 τῷ
865 4676 1133 4748 ὀφθαλμῷ
1163 4676 1259 4731 τοῦ
1295 4677 1528 4749 ἀδελφοῦ
1560 4696 1674 4734 σου.
1705 4700 1723 4733 ι
1952 4692 2141 4748 [patris
2172 4690 2274 4746 tui.
2317 4709 2335 4742 ι

332 4781 356 4816 ι
385 4763 478 4830 Μὴ
515 4765 764 4836 κρίνετε,
793 4766 881 4822 ἴνα
919 4767 994 4839 μὴ
1024 4769 1272 4840 κριθῆτε.
1313 4788 1331 4821 ι
1534 4763 1542 4773 ’

2021 4781 2152 4836 Luc.
2181 4797 2256 4847 vr,
2294 4779 2384 4836 57.
2413 4811 2480 4821 --
2519 4799 2538 4831 ι
2567 4779 2749 4834 Nolite
2780 4765 3054 4848 judicare,
3096 4787 3150 4834 et
3187 4793 3293 4831 non
3329 4775 3537 4834 iudica-

1948 4871 2166 4930 bimini.
2201 4891 2220 4924 ι

2016 4962 2150 5017 Luc.
2185 4977 2266 5028 ιι,
2288 4961 2379 5018 '55.
2414 4991 2476 5001 —
2505 4979 2524 5013 ι
2558 4957 2719 5026 Vide,
2754 4974 2824 5014 ne
2859 4958 3042 5014 lumen
3083 4959 3228 5030 quod
3261 4958 3315 5013 in
3343 4965 3395 5014 te
3425 4967 3532 5021 est,

1947 5056 2184 5112 tenebrae
2213 5053 2347 5110 sint.
2392 5071 2412 5106 ι

328 5161 347 5190 ‹
380 5139 450 5193 Σὺ
474 5140 559 5205 τίς
590 5137 644 5196 εἶ
705 5143 734 5196 ὁ
772 5142 978 5215 κρίνων
1000 5143 1286 5217 ἀλλότριον
1321 5146 1583 5218 οίκέτην;
1617 5146 1695 5218 τῷ
1725 5147 1842 5220 ἰδίῳ

2019 5144 2170 5199 Rom.
2207 5161 2318 5212 xiv,
2348 5143 2580 5199 4·10.--
2614 5162 2632 5196 ι
2664 5141 2744 5198 Tu
2769 5143 2896 5214 quis
2917 5158 3000 5207 es,
3024 5141 3118 5214 qui
3161 5140 3380 5213 judicas
3404 5140 3535 5194 alie-

249 5233 428 5304 κυρίῳ
461 5235 670 5306 στήκει,
704 5233 738 5306 ἢ
768 5235 981 5290 πίπτει.
1028 5238 1368 5308 Σταθήσεται
1396 5237 1487 5292 δέιο
1528 5238 1754 5303 δυνατὸς
1782 5240 1841 5294 δὲ

1997 5253 2075 5292 ιηι
2123 5236 2394 5294 servum?
2440 5234 2678 5292 Domino
2711 5250 2814 5292 suo
2860 5243 2969 5300 stat
3006 5241 3101 5289 aut
3137 5233 3307 5289 cadit.
3353 5232 3533 5288 Stabit

241 5329 270 5380 ό
313 5327 449 5393 Θεὸς
509 5329 708 5391 στῆσαι
772 5332 938 5386 αὐτόν
962 5375 977 5388 .
1036 5332 1109 5384 Σὺ
1134 5333 1192 5386 δὲ
1235 5333 1289 5388 τί
1319 5334 1528 5405 κρίνεις
1559 5334 1652 5389 τὸν
1681 5336 1838 5390 ἀδελ-

1997 5333 2148 5382 item.
2183 5325 2390 5381 Potens
2438 5335 2525 5382 est
2569 5322 2717 5381 enim
2762 5319 2904 5381 Deus
2937 5333 3187 5382 statuere
3226 5323 3404 5379 illum.
3449 5322 3530 5377 Tu

241 5420 347 5490 φόν
391 5437 525 5490 σου;
573 5423 781 5489 Πάντες
837 5425 1307 5498 παρασττίῖσόμεθα
1357 5427 1437 5500 τῷ
1488 5429 1692 5500 βήματι
1742 5428 1838 5484 τοῦ

1997 5428 2120 5474 item
2149 5417 2520 5488 quidjudicas
2552 5416 2783 5475 fratrem
2823 5419 3024 5474 tuum?
3062 5418 3268 5479 Omnes
3321 5417 3532 5478 astabi-

238 5511 510 5582 Χριστοῦ.
548 5531 566 5566 ι

2000 5527 2065 5568 us
2092 5521 2224 5568 ante
2259 5511 2508 5568 tribunal
2531 5511 2765 5568 Christi.
2807 5529 2826 5563 ι

321 5621 341 5654 ι
382 5599 674 5660 Σεαυτὸνά
744 5607 766 5650 ὸ
867 5610 878 5626 ’
931 5626 951 5647 τ

678 5624 801 5676 γνλν
822 5625 998 5679 τηρ-ι.
1034 5627 1051 5660 ι

2002 5602 2169 5676 400
2220 5603 2248 5658 1
2284 5603 2425 5661 Tim.
2466 5621 2522 5673 ν,
2567 5604 2661 5661 22.
2711 5636 2775 5649 -—
2817 5623 2837 5658 ι
2875 5603 3135 5677 Teipsum
3182 5613 3396 5668 castum
3432 5620 3528 5659 eu-

1937 5698 2104 5754 stodi.
2142 5717 2160 5750 ι

2012 5788 2134 5845 Jac.
2174 5806 2246 5861 tv,
2296 5789 2378 5845 ll.
2427 5821 2495 5835 --
2531 5809 2550 5845 ι
2593 5791 2699 5867 Qui
2752 5792 2998 5852 detrahit
3061 5789 3243 5862 fratri.
3293 5799 3385 5846 al"
3433 5767 3523 5876 l"_"

333 4959 350 4989 ι
395 4939 619 5008 Σκόπει,
655 4942 730 5014 μὴ
751 4943 813 4999 τὸ
846 4944 964 5013 φῶς
993 4947 1054 5000 τὸ
1078 4948 1136 5001 ἐν
1169 4948 1252 5002 σοὶ
1283 4947 1476 5014 σκότος
1506 4949 1674 5003 ἐστίν.
1713 4970 1732 5002 ι

319 5793 344 5832 ε
385 5777 441 5832 Ὀ
456 5778 777 5837 καταλαλῶν
799 5783 890 5836 τοῦ
909 5782 1140 5849 ἀδελφοῦ
1169 5784 1398 5854 αὑτοῦ,ἢ
1422 5785 1641 5854 κρίνων,
1663 5804 1827 5843 κατα-
