3960 6388
585 302 720 369 1299

1761 311 1820 370 S.
1859 302 2184 370 JOANNIS
2224 309 2652 369 DAMASCENI

3648 316 3738 385 1300

577 426 748 488 dicat,
789 422 1031 479 detrahit
1076 422 1176 493 legi
1204 463 1218 488 ,
1271 431 1325 478 et
1369 421 1582 491 iudicat
1623 426 1821 495 legem.
1869 425 1924 481 Si
1972 435 2114 480 autel

2215 436 2230 484 ι
2261 427 2414 479 λαλεῖ
2449 427 2632 496 νόμον,
2668 427 2761 479 καὶ
2793 426 2971 496 κρίνει
3005 426 3187 496 νόμον.
3225 428 3286 480 Ei
3311 425 3364 479 δὲ
3409 428 3549 500 νόμον
3573 434 3740 502 κρίνεις,

571 515 792 582 judicas
830 515 1003 585 legem
1031 553 1044 580 ,
1085 511 1196 584 iam
1236 528 1344 568 non
1387 530 1445 569 es
1503 514 1676 571 iactor
1719 517 1890 587 legis,
1932 518 2026 574 sed
2065 519 2155 589 ju-

1206 599 1218 622 \

574 606 700 660 dex.
753 624 770 656 ι

643 696 762 750 Nili
836 698 1105 754 monaclu.
1135 730 1199 740 —
1237 699 1378 756 Ante
1427 700 1614 756 omnia
1667 716 1837 759 nosce
1889 703 2149 774 teipsum.

2262 520 2362 573 ούκ
2388 515 2440 573 εἷ
2469 519 2697 590 ποιητὴς
2730 521 2918 590 νόμου.
2957 537 2973 570 ι

2329 702 2504 758 Γνῶθι
2535 703 2760 758 σεαυτὸν
2790 702 2896 772 πρὸ
2939 701 3178 756 πάντων.
3216 700 3382 755 Οὐδὲν
3425 700 3522 771 γὰρ
3553 701 3743 774 δυσχερέ-

567 785 714 842 Nihil
763 789 965 861 quippe
1020 789 1300 847 diﬂlcilius
1349 803 1456 846 est.
1509 792 1646 847 Cum
1693 793 1842 849 enim
1910 795 2111 865 teipsut

2260 811 2470 865 στερον.
2502 794 2668 848 Ὅταν
2688 793 2746 846 δὲ
2775 792 2976 847 σαυτὸν
3008 791 3174 861 γνῷς.
3203 791 3326 845 τότε
3348 791 3536 864 δυνήσῃ
3559 796 3635 846 καὶ
3653 794 3747 848 Θεὸν

567 895 786 946 nosces,
818 889 953 936 tunc
987 890 1042 964 et
1066 881 1238 936 Deum
1281 898 1605 953 agnoscere,
1653 891 1709 939 et
1739 900 1851 952 res,
1883 894 1944 940 ut
1966 887 2146 955 decet,

566 973 749 1028 animo
781 989 1113 1041 percurrere
1137 976 1368 1045 poteris.

637 1063 849 1121 Basilii.
881 1096 950 1108 —-
982 1065 1125 1122 Tute
1178 1069 1293 1137 ipse
1333 1071 1562 1138 pateris,
1595 1085 1629 1125 ο
1661 1069 1845 1138 homo,
1871 1073 2015 1144 quod
2055 1090 2148 1136 re:

2255 885 2574 954 ἐπιγνῶναι,
2603 886 2698 938 καὶ
2731 882 2980 955 λογισμῷ
3007 883 3260 969 ἐπελθεῖν
3291 885 3360 938 τὰ
3392 883 3666 954 πράγματα,
3694 886 3744 950 ὡς

2254 977 2508 1049 καθήκει.
3191 977 3195 978 ν
3609 1015 3620 1032 ι
3756 1027 3760 1040 ,

2323 1071 2589 1140 Ἐπαθες,
2633 1071 2913 1143 ἄνθρωπε,
2937 1069 2967 1124 ὃ
3001 1067 3290 1137 ὲγκαλείςς
3318 1066 3412 1120 καὶ
3440 1065 3496 1118 τδ
3533 1065 3613 1134 μὲν
3635 1067 3745 1121 diii-

559 1157 896 1228 prehendis;
962 1173 1028 1214 ac
1090 1159 1333 1216 alienum
1390 1161 1612 1230 quidem
1676 1165 1881 1220 malum
1948 1165 2114 1221 seduh

2250 1179 2398 1234 τριον
2419 1149 2589 1217 κακὸν
2613 1161 2890 1234 ἐπιμελῶς
2923 1160 3267 1222 ὲπιϐλέπεις,
3319 1157 3380 1210 τὸ
3422 1157 3477 1211 δὲ
3519 1155 3656 1212 αὑτοῦ
3691 1160 3746 1210 αἱ·

557 1250 994 1316 animadvertis,
1045 1251 1353 1307 fceditatem
1401 1263 1585 1310 autem
1634 1264 1786 1312 tuam
1827 1259 1984 1313 nullo
2021 1259 2114 1316 Ιοε‹

2251 1259 2414 1328 σχρδν
2443 1255 2680 1328 οὐδαμοῦ
2709 1255 2880 1319 τιθεῖς
2900 1272 2916 1322 ;

555 1343 718 1413 ponis
744 1343 768 1396 ?

627 1434 820 1506 Ejusd.
847 1437 901 1491 in
925 1437 1094 1492 illud:
1128 1456 1148 1490 ι
1165 1437 1391 1494 Attende
1417 1439 1512 1493 tibi
1540 1441 1658 1510 ipsi.
1674 1461 1769 1493 ι-
1789 1441 2032 1500 Facilius
2053 1436 2138 1500 c'sl

551 1529 856 1600 unicuique
910 1541 1165 1588 nostrum
1217 1531 1401 1586 aliena
1452 1533 1731 1590 curiosius
1772 1539 2132 1607 perscrutari,

548 1634 714 1690 quam
744 1636 842 1676 sua
869 1623 1245 1680 considerare.
1272 1624 1387 1682 Hoc
1408 1625 1597 1696 itaque
1624 1642 1694 1682 ne
1720 1628 1880 1684 nobis
1895 1629 2129 1684 accidat.

2329 1437 2540 1510 Ῥᾴδιον
2557 1436 2774 1505 ἑκάστῳ
2807 1434 2967 1504 ἡμῶν
3016 1428 3493 1502 πολυπραγμονεῖν
3539 1425 3597 1479 τὰ
3637 1425 3743 1477 ἀλλό-

2243 1547 2391 1603 τρια,
2416 1529 2450 1602 ἢ
2479 1529 2550 1584 τὰ
2604 1528 2782 1582 οἰκεῖα
2843 1523 3039 1580 ἑαυτοῦ
3082 1519 3525 1578 διασκέπτεσθαι.
3563 1519 3741 1572 ἰναιῦν

2246 1625 2321 1697 μὴ
2367 1620 2526 1676 τοῦτο
2589 1621 2908 1690 πάσχωμεν,
2935 1617 3164 1679 παῦσαι,
3207 1613 3364 1686 φησι,
3396 1613 3460 1666 τὰ
3511 1611 3592 1666 τοῦ
3625 1611 3741 1673 δεῖνος

545 1709 767 1775 Desine,
801 1712 1002 1784 inquit,
1047 1715 1200 1772 illius
1231 1717 1361 1772 vitia
1393 1717 1694 1789 inquirere.
1721 1717 1801 1774 Ne
1834 1722 2114 1791 permittat

2241 1715 2388 1771 κακὰ
2431 1712 2958 1787 περιερευνώμενος.
3013 1709 3106 1781 Μὴ
3158 1707 3306 1762 δίδου
3364 1705 3547 1804 σχολὴν
3574 1705 3739 1804 misis-

545 1803 982 1872 cogitationibus
1019 1805 1152 1872 tuis,
1189 1813 1247 1860 ut
1273 1784 1592 1878 aegritudini
1621 1809 1820 1865 aliena:
1836 1784 2114 1882 exploran

2239 1809 2459 1878 γισμοῖς
2499 1784 2559 1859 τὸ
2596 1784 2899 1874 -ἀλλότριον
2950 1799 3234 1868 ἐξετάζειν
3276 1797 3617 1869 ἀρρώστημα,
3652 1795 3740 1847 ἀλλὰ

543 1893 629 1950 dae
663 1904 879 1952 vacent.
929 1896 1132 1954 Verum
1175 1901 1400 1955 attende
1431 1900 1531 1956 tibi
1588 1902 1722 1972 ipsi;
1774 1903 1882 1958 hoc
1920 1914 2027 1968 εει,
2065 1907 2131 1960 ad

541 1987 624 2042 tui
657 1987 830 2057 ipsius
866 1994 1370 2061 perscrutationem
1391 1996 1564 2051 animi
1597 1997 1823 2052 oculum
1848 2004 2129 2064 converte,

539 2091 646 2135 nec
676 2081 745 2134 ab
779 2095 846 2136 eo
873 2082 1130 2138 examine
1166 2084 1474 2142 desciscas.

617 2168 762 2225 Ibid.
786 2202 856 2214 --
883 2171 940 2226 Si
974 2183 1186 2231 natura:
1211 2177 1610 2244 reminisceris,
1649 2192 1932 2248 nunquam
1961 2187 2015 2234 te
2039 2178 2129 2233 in-

540 2261 784 2318 solenter
822 2262 1041 2320 ell‘eres.
1082 2263 1188 2322 Tui
1238 2283 1369 2323 vero
1413 2269 1589 2339 ipsius
1644 2270 2050 2339 recordaberis,
2080 2273 2126 2328 si

538 2353 642 2410 tibi
683 2355 784 2424 ipsi
818 2358 1103 2414 attendas.
1139 2360 1376 2417 Attende
1407 2377 1541 2433 ergo
1571 2361 1667 2417 tibi
1692 2379 1706 2427 ;
1733 2361 1786 2417 id
1818 2370 1924 2428 est,
1960 2365 2129 2418 unde-

538 2462 765 2519 cunque
791 2450 1032 2521 teipsum
1071 2453 1446 2525 circumspice
1477 2470 1491 2506 :
1523 2455 1777 2526 pervigili
1813 2457 1978 2511 oculo
2007 2459 2125 2510 aui-

535 2540 612 2594 mi
645 2540 696 2594 in
739 2541 971 2598 salutem
998 2552 1148 2600 tuam
1179 2547 1414 2602 excuba.
1468 2547 1527 2603 In
1576 2548 1758 2604 medio
1796 2549 2121 2620 laqueorum

535 2630 788 2686 ambulas
846 2651 860 2688 :
903 2636 1131 2691 occultae
1189 2637 1483 2694 tendiculaa
1540 2639 1610 2693 ab
1653 2640 1827 2708 ⁸Ιιοειε
1879 2641 2124 2710 undique

531 2720 657 2778 ﬁxae
696 2734 827 2779 sunt
896 2724 1140 2784 Proinde
1199 2727 1288 2784 fac
1329 2731 1518 2784 omnia
1574 2731 2014 2802 circumspicias.
2065 2742 2125 2788 ut

529 2816 746 2871 eruaris
801 2818 958 2886 quasi
1005 2821 1223 2874 damula
1279 2836 1313 2877 e
1355 2823 1591 2888 retibus,
1637 2831 1693 2877 et
1741 2823 1904 2893 quasi
1937 2823 2056 2879 avis
2093 2840 2121 2877 a

529 2903 750 2976 laqueo.
791 2905 928 2964 Vide
963 2909 1155 2980 igitur,
1197 2925 1265 2965 ne
1301 2913 1466 2966 intui
1498 2912 1758 2968 custodia
1782 2914 1960 2970 brutis
1999 2914 2123 2967 ani-

528 2999 814 3054 mantibus
854 2999 1186 3056 deteriorem
1246 3010 1300 3056 te
1349 3005 1593 3070 praebeas
1628 3022 1643 3034 ο
1681 3019 1751 3059 ηε
1792 3005 1996 3075 alioqui
2044 3007 2117 3058 la-

529 3089 1075 3161 queisinterceptus,
1109 3093 1337 3150 diabolo
1365 3095 1418 3149 in
1453 3095 1694 3164 praedam
1736 3097 1924 3160 cedas,
1957 3099 2025 3152 ab
2051 3112 2117 3152 eo

531 3178 795 3237 videlicet
821 3184 1072 3253 captivus
1109 3184 1380 3241 adductus
1422 3187 1488 3240 ad
1530 3187 1709 3257 ipsius
1747 3189 2111 3245 voluntatem.

526 3271 898 3339 Quamobrem
956 3277 1181 3332 attende
1214 3278 1312 3333 tibi
1360 3280 1502 3349 ipsi;
1551 3281 1654 3335 hoc
1679 3288 1784 3341 est.
1840 3295 1942 3336 nec
1977 3282 2110 3345 tuis,

528 3380 634 3421 nec
655 3366 722 3420 iis
745 3382 866 3436 quae
884 3368 1032 3423 circa
1062 3379 1111 3423 te
1140 3378 1289 3435 sunt,
1308 3385 1495 3426 verum
1515 3371 1837 3442 tibimetipsi
1866 3375 2110 3430 attende.

519 3456 685 3513 Aliud
719 3458 868 3514 enim
911 3474 1013 3516 nos
1050 3459 1156 3531 ipsi
1195 3477 1412 3528 sumus,
1445 3463 1593 3518 aliud
1623 3471 1838 3531 nostra,
1873 3473 1928 3521 et
1962 3465 2111 3521 aliud

525 3564 653 3620 qua:
685 3549 834 3604 circa
861 3564 965 3607 nos
991 3559 1141 3608 sunt.
1185 3550 1298 3608 Nos
1332 3553 1482 3616 enim
1512 3554 1697 3608 anima
1723 3561 1780 3609 et
1814 3569 1973 3612 mens
2017 3571 2110 3612 su-

526 3656 669 3706 mus,
696 3641 1006 3697 secundum
1039 3657 1206 3714 quam
1237 3644 1304 3699 ad
1342 3644 1640 3717 imaginem
1664 3645 1950 3704 Creatoris
1976 3662 2111 3703 con-

519 3731 621 3788 diti
656 3731 885 3788 fuimus.
931 3732 1193 3788 Nostrum
1231 3747 1370 3788 vero
1409 3742 1493 3789 est
1529 3748 1756 3806 corpus,
1803 3750 1869 3792 ac
1907 3751 2108 3793 sensus

520 3822 615 3890 qui
644 3836 803 3876 suum
837 3821 1091 3891 perillud
1119 3837 1323 3879 munus
1345 3823 1574 3880 obeunt.
1612 3823 1776 3881 Circa
1808 3840 1912 3882 nos
1945 3841 2105 3898 opes,

519 3920 698 3978 artes,
722 3919 776 3968 et
811 3911 1026 3983 reliqua
1060 3913 1184 3968 vitae
1212 3913 1490 3971 subsidia.
1524 3913 1672 3982 Quid
1701 3931 1837 3989 ergo
1863 3916 2109 3974 aitScri-

515 4005 725 4078 ptura‘l
761 4004 841 4061 Ne
888 4007 1148 4062 attendas
1195 4006 1377 4072 carni,
1429 4022 1533 4065 nec
1576 4008 1784 4065 bonum
1823 4009 1946 4080 ejus
1992 4010 2105 4067 ulla

515 4099 735 4154 ratione
766 4108 1135 4156 consectare:
1169 4100 1276 4156 hoc
1307 4107 1416 4167 est,
1455 4117 1568 4157 non
1605 4103 1804 4159 bonam
1831 4104 2106 4161 valetudi-

514 4206 668 4256 nem,
715 4206 824 4245 non
876 4191 1347 4262 pulchritudinem
1373 4233 1388 4259 ,
1417 4207 1528 4248 non
1567 4194 1912 4265 voluptatum
1954 4196 2106 4254 oble-

515 4289 817 4344 ctamenta,
850 4298 959 4338 non
1007 4284 1132 4339 vitae
1176 4284 1609 4342 diuturnitatem
1643 4306 1658 4343 :
1692 4303 1804 4344 non
1853 4289 2101 4356 divitias,

511 4375 745 4446 gloriam
778 4384 833 4432 et
863 4378 1162 4447 potentiam
1203 4378 1502 4445 admirare,
1534 4394 1637 4436 nec
1656 4380 1926 4452 quidquid
1950 4383 2100 4438 aliud

2239 1898 2425 1969 σαυτῷ
2455 1897 2691 1970 πρόσεχε
2716 1912 2731 1928 ο
2766 1895 3047 1950 τουτέστιν
3086 1893 3180 1945 ἐπὶ
3213 1891 3316 1962 τὴν
3349 1888 3546 1943 οἰκείαν
3579 1887 3738 1954 ἔρευναν

2238 1992 2440 2065 στρέφε
2476 1991 2539 2044 τὸ
2557 1990 2715 2062 ὄμμα
2747 2005 2844 2042 σου
2905 1986 3010 2057 τῆς
3058 1984 3262 2055 ψυχῆς,
3294 1981 3389 2035 καὶ
3415 1979 3486 2051 μὴ
3511 1978 3664 2048 παύσῃ
3689 1978 3738 2031 δι·

2232 2086 2604 2158 ερευνώμενος
2638 2082 2885 2137 σεαυτόν.

2297 2176 2666 2250 Μεμνημένος
2724 2173 2827 2244 τῆς
2878 2172 3120 2242 φύσεως,
3167 2168 3272 2222 οὐκ
3318 2162 3590 2234 ὲπαρθήσῃ
3633 2162 3734 2214 ποτέ.

2227 2273 2500 2344 Μεμνήσῃ
2523 2269 2582 2323 δὲ
2615 2265 2834 2331 ἑαυτοῦ,
2874 2263 2970 2318 ἐὰν
3001 2262 3287 2334 προσέχῃς
3320 2255 3540 2326 σεαυτῷ.
3561 2253 3735 2324 Πρόσεχε

2228 2359 2323 2419 οῦν
2349 2360 2564 2432 σεαυτῷ
2583 2378 2595 2390 ·
2632 2357 2881 2414 τουτέστι
2903 2355 3247 2423 πανταχόθεν
3297 2350 3519 2406 σεαυτὸν
3545 2348 3736 2417 περισκό-

2227 2473 2341 2510 πει.
2387 2455 2720 2524 Ἀκοίμητον
2774 2451 2865 2520 ἔχε
2894 2448 3032 2520 πρὸς
3061 2447 3161 2518 τὴν
3197 2442 3432 2498 σεαυτοῦ
3475 2439 3679 2509 φυλακὴν
3698 2437 3735 2488 τὴ

2224 2550 2324 2618 τῆς
2365 2547 2550 2618 ψυχῆς
2595 2545 2773 2616 δμμα,
2817 2541 2908 2596 Ἐν
2949 2539 3103 2611 μέσῳ
3158 2537 3412 2606 παγίδων
3463 2532 3732 2596 διαθαίνεις¹
3830 2543 3831 2592 1

2225 2640 2608 2714 xsxpuppévot
2646 2637 2832 2710 βρόχοι
2885 2635 3040 2707 παρὰ
3097 2633 3194 2687 τοῦ
3251 2629 3451 2702 ἐχθροῦ
3480 2625 3734 2696 πολλαχόθεν

2224 2733 2703 2804 καταπεπήγασιν.
2753 2729 2942 2784 Πάντα
2984 2721 3080 2782 οὖν
3133 2724 3484 2798 περισκόπει,
3532 2721 3606 2774 ἵνα
3635 2718 3735 2789 σώζῃ

2221 2827 2413 2898 ῶσπερ
2437 2823 2636 2899 δορκὰς
2665 2824 2731 2876 ὲκ
2759 2820 2990 2893 βρόχων,
3013 2820 3108 2874 καὶ
3127 2818 3325 2889 ῶσπερ
3353 2817 3533 2887 δρνεον
3553 2813 3609 2866 ὲκ
3624 2810 3735 2877 παγί-

2221 2921 2328 2984 δος.
2372 2918 2514 2990 Ὅρα
2541 2915 2635 2971 οῦν
2686 2915 2760 2986 μὴ
2813 2914 3016 2986 χείρων
3073 2912 3253 2982 φανῇς
3290 2909 3401 2963 τῶν
3440 2907 3627 2976 ἀλόγων
3644 2901 3734 2973 πρὸς

2219 3010 2320 3079 τὴν
2348 3005 2578 3061 σεαυτοῦ
2607 3004 2880 3077 φυλακὴν,
2943 3003 3156 3074 μήποτε
3189 3003 3316 3064 ταῖς
3369 2997 3581 3066 παγίσιν
3608 2994 3732 3092 ἁλοὺς,

2221 3100 2447 3171 θήραμα
2475 3097 2609 3168 γένῃ
2647 3095 2741 3150 τοῦ
2769 3094 3044 3160 διαϐόλου,
3079 3092 3303 3163 ἐζωγρη
3315 3091 3473 3160 μένος
3507 3087 3588 3142 ὑπ’
3619 3086 3732 3138 αῠτιῦ

2222 3191 2302 3255 είς
2331 3191 2391 3244 τὸ
2429 3189 2640 3243 ἐκείνου
2667 3186 2901 3257 θέλημα.
2969 3186 3218 3257 Πρόσεχε
3255 3179 3356 3238 οὖν
3391 3179 3604 3249 σεαυτῷ,
3630 3192 3735 3229 τουτ-

2221 3284 2338 3338 έστι
2368 3284 2506 3355 μήτε
2529 3282 2641 3344 τοῖς
2675 3281 2812 3344 σοῖς,
2847 3279 2987 3350 μήτε
3023 3280 3138 3341 τοῖς
3161 3278 3298 3347 περὶ
3334 3276 3418 3340 σὲ,
3440 3272 3567 3328 ἀλλὰ
3587 3267 3736 3336 σεαυτῷ

2221 3374 2422 3446 μᾶλλον
2458 3374 2712 3444 πρόσεχε.
2751 3371 2914 3425 ’Άλλο
2938 3371 3048 3440 γάρ
3081 3371 3250 3440 ὲσμεν
3285 3371 3448 3440 ἡμεῖς
3481 3361 3735 3426 merchant

2215 3468 2284 3522 τὰ
2329 3466 2596 3537 ἡμέτερα,
2621 3466 2716 3519 καὶ
2759 3463 2888 3519 ἄλλο
2941 3463 3072 3533 περὶ
3113 3463 3285 3532 ἡμᾶς.
3342 3461 3529 3530 Ἡμεῖς
3568 3457 3646 3553 μὲν
3675 3450 3734 3553 οὖν

2215 3559 2384 3628 ἐσμεν
2413 3558 2446 3628 ὴ
2476 3556 2626 3628 ψυχὴ
2673 3557 2769 3609 καὶ
2811 3557 2840 3609 ό
2885 3554 3034 3618 νοῦς,
3069 3553 3280 3608 καθ’ὃν
3334 3553 3454 3606 κατ’
3495 3549 3653 3602 εἰκόνα
3671 3549 3732 3596 τοῦ

2212 3649 2516 3714 Κτίσαντος
2547 3646 2920 3720 γεγενήμεθα.
2955 3647 3259 3718 Ἦμέτερον
3303 3645 3363 3698 δὲ
3387 3644 3449 3698 τὸ
3484 3642 3641 3712 σῶμα,
3671 3635 3734 3692 καὶ

2213 3743 2269 3796 αἱ
2303 3739 2393 3796 διὰ
2436 3739 2629 3794 τούτου
2684 3738 2989 3809 αἰσθήσεις,
3034 3739 3164 3808 περὶ
3209 3738 3367 3808 ἡμᾶς
3413 3735 3468 3789 δὲ
3515 3734 3731 3804 χρήματα,

2210 3835 2418 3906 τέχναι,
2441 3833 2537 3888 καὶ
2563 3833 2598 3904 ἡ
2626 3831 2791 3904 λοιπὴ
2817 3831 2912 3886 τοῦ
2947 3831 3060 3902 βίου
3089 3828 3418 3900 κατασκευή
3445 3845 3458 3860 ι
3490 3825 3540 3880 τί
3563 3823 3641 3878 οῦν
3665 3839 3733 3890 φη·

2213 3947 2300 3984 σιν
2335 3929 2364 3982 ό
2401 3927 2592 3998 λόγος;
2623 3925 2718 3996 Μὴ
2741 3929 2808 3998 τῇ
2845 3925 3016 3997 σαρκὶ
3042 3924 3308 3996 πρόσεχε,
3343 3921 3478 3993 μηδὲ
3513 3915 3733 3981 τδταύτης

2209 4021 2416 4090 ἀγαθὸν
2441 4021 2505 4074 ὲκ
2533 4019 2737 4083 παντὸς
2763 4019 2968 4088 τρόπου
2994 4017 3178 4080 δίωκε,
3207 4016 3425 4084 ὑγείαν,
3449 4013 3535 4068 καὶ
3569 4009 3731 4070 κάλλος,

2209 4112 2306 4168 καὶ
2339 4111 2546 4185 ἡδονῶν
2571 4109 2931 4175 ἀπολαύσεις,
2954 4110 3050 4165 καὶ
3081 4108 3482 4182 μακροσῑωσιν,
3503 4104 3623 4177 μηδὲ
3637 4101 3731 4171 xei.-

2213 4221 2383 4278 ματα,
2416 4204 2515 4259 καὶ
2534 4200 2835 4270 δόξαν,καὶ
2857 4200 3183 4257 δυναστείαν
3218 4200 3492 4271 θαύμαζε,
3533 4195 3638 4268 μηδ’
3662 4193 3732 4246 ὅσα

2207 4315 2292 4352 σοι
2338 4296 2440 4368 τῆς
2475 4295 2818 4370 προσκαίρου
2871 4295 3018 4367 ζωῆς
3075 4293 3174 4367 τὴν
3226 4293 3532 4368 ὑπηρεσίαν
3566 4286 3728 4358 πληροῖ.

2218 4389 2381 4445 Ἀλλὰ
2408 4389 2651 4460 πρόσεχε
2681 4387 2918 4461 σεαυτῷ,
2958 4387 3214 4443 τουτέστι
3239 4391 3308 4460 τῇ
3332 4387 3477 4459 ψυχῇ
3503 4401 3604 4438 σου.
3628 4379 3730 4434 Ταύ-

514 4469 864 4540 temporarite
895 4470 1022 4524 vitae
1061 4468 1406 4526 adminiculo
1441 4482 1549 4529 est.
1588 4473 1793 4529 Verum
1840 4475 1936 4531 tibi
1986 4475 2094 4547 ipsi

2215 4498 2304 4551 την
2345 4482 2794 4549 κατακόσμησον,
2861 4479 2957 4533 καὶ
3019 4477 3226 4550 ταύτης
3293 4471 3580 4550 ἐπιμελοῦ·
3627 4472 3728 4525 ὥστε

515 4559 755 4622 attende,
794 4560 898 4615 hoc
937 4568 1024 4616 εει
1058 4560 1258 4615 anima:
1307 4567 1439 4619 tuae.
1479 4561 1634 4618 Hanc
1662 4579 1894 4632 exorna,
1930 4567 2097 4638 hujus

2215 4573 2383 4627 πάντα
2411 4571 2509 4642 μὲν
2533 4571 2626 4624 τὸν
2653 4573 2718 4626 ὲκ
2746 4572 3012 4643 πονηρίας
3040 4569 3423 4640 έπιγινόμενον
3451 4569 3577 4637 αὐτῇ
3604 4563 3729 4636 ῥύπον

509 4664 704 4706 curam
739 4665 890 4724 gere,
942 4651 1084 4707 adeo
1133 4661 1195 4707 ut
1240 4651 1365 4723 ejus
1409 4655 1738 4726 spurcitiem
1770 4671 1992 4714 omnem
2031 4675 2096 4715 ex

507 4743 864 4814 improbitate
885 4751 1232 4800 contractam
1273 4745 1524 4802 adhibita
1557 4751 1864 4806 attentione
1905 4751 2099 4808 discu-

507 4836 634 4899 tias,
684 4849 1018 4908 omnemque
1059 4837 1270 4893 illatam
1325 4853 1355 4892 a
1391 4838 1529 4894 vitio
1557 4839 1860 4898 fmditatcm
1921 4846 2097 4908 eluas,

503 4935 560 4978 et
587 4925 741 4980 omni
774 4941 897 4997 qua:
924 4943 988 4983 ex
1021 4929 1227 4986 virtute
1253 4928 1644 5000 proficiscatur
1675 4933 1950 5004 elegantia
1975 4953 2095 4992 eam

504 5029 698 5082 ornes,
739 5028 805 5070 ac
831 5016 1070 5072 nitidam
1101 5019 1329 5076 reddas.
1380 5021 1648 5092 Expende
1681 5025 1939 5094 quisnam
1979 5027 2097 5098 ipse

503 5106 584 5162 sis
618 5124 632 5160 :
673 5113 945 5162 tuammet
981 5115 1236 5164 naturam
1275 5126 1444 5169 nosce
1478 5132 1491 5167 :
1525 5129 1722 5190 nempe
1760 5118 1910 5189 quod
1943 5135 2096 5174 mor-

506 5199 616 5254 tale
644 5200 742 5257 tibi
776 5214 983 5272 corpus
1009 5201 1104 5269 sit,
1137 5202 1362 5260 animus
1399 5206 1730 5266 immortalis
1763 5230 1777 5268 :
1813 5213 1961 5284 quod
1994 5214 2099 5269 du-

506 5292 630 5362 plex
672 5292 914 5362 quodam
957 5296 1122 5350 modo
1169 5303 1370 5353 natura
1403 5307 1598 5356 nostra
1628 5303 1722 5370 sit,
1757 5304 1928 5361 altera
1964 5321 2095 5362 cor-

505 5384 660 5453 poris
708 5383 955 5454 propria,
1000 5386 1259 5444 celeriter
1303 5390 1504 5461 ﬂuens,
1551 5393 1727 5449 altera
1771 5396 1971 5452 animae
2001 5412 2098 5454 co-

504 5481 698 5554 gnata,
726 5476 934 5531 nullam
965 5477 1537 5552 circumscriptionem
1565 5487 1886 5545 admittens.
1924 5489 2096 5562 Igitur

507 5563 734 5620 attende
783 5566 881 5622 tibi
928 5569 1058 5640 ipsi,
1108 5587 1211 5628 nec
1255 5573 1310 5630 in
1361 5577 1687 5633 mortalibus
1734 5581 1897 5636 rebus
1943 5584 2096 5638 velut

508 5659 866 5729 sempiternis
893 5661 1076 5734 luere;
1107 5681 1206 5722 nec
1231 5683 1432 5726 rursus
1456 5671 1793 5740 sempiterna
1831 5674 1910 5729 uti
1944 5689 2095 5729 mor-

495 5748 642 5826 talia
676 5755 992 5810 contemne.
1027 5753 1264 5816 Carnem
1291 5772 1597 5831 aspernare
1633 5778 1646 5817 :
1689 5760 1888 5819 diﬁluit
1918 5761 2090 5820 enim.

2201 4664 2688 4735 ἀποικονομεϊσθαι
2741 4663 2831 4718 διὰ
2881 4663 2983 4732 τῆς
3038 4663 3338 4735 προσοχῆς,
3362 4663 3473 4716 πᾶν
3501 4661 3553 4713 δὲ
3583 4656 3632 4710 τὺ
3652 4651 3727 4706 ἀπὸ

2204 4757 2406 4820 κακίας
2437 4752 2628 4827 αἶσχος
2653 4755 3151 4828 ἁποκαθαίρεσθαι,
3187 4755 3356 4810 παντὶ
3377 4755 3434 4809 δὲ
3463 4752 3535 4824 τῷ
3561 4748 3610 4814 ἐξ
3635 4747 3726 4814 ἀρε·

2199 4851 2300 4922 τῆς
2325 4848 2512 4906 κάλλει
2539 4851 2912 4921 κατακοσμεῖν
2959 4849 3134 4922 αὐτὴν
3161 4850 3258 4904 καὶ
3290 4847 3607 4920 φαιδρύνειν.
3644 4837 3726 4899 Ἕξ-

2200 4941 2393 4995 ἐτασον
2452 4940 2700 5007 σεαυτὸν,
2752 4940 2840 5004 τίς
2867 4934 2919 4993 εἴ
2941 4955 2956 4973 ’
2988 4940 3157 5010 γνῶθι
3200 4939 3430 4994 σεαυτοῦ
3475 4931 3722 5008 τὴνφύσιν,

2198 5035 2281 5088 ὅτι
2311 5032 2507 5104 θνητὸν
2530 5033 2632 5102 μέν
2654 5049 2750 5087 σου
2775 5033 2836 5086 τὸ
2853 5032 3036 5104 σῶμα,
3056 5033 3327 5096 ἀθάνατος
3353 5032 3412 5085 δὲ
3437 5032 3469 5103 ἡ
3493 5026 3638 5098 ψυχὴ,
3656 5020 3722 5074 καὶ

2198 5127 2282 5181 ὅτι
2311 5124 2472 5196 διπλῆ
2511 5141 2596 5184 τις
2655 5123 2815 5196 ἡμῶν
2841 5126 2874 5196 ἡ
2918 5124 3068 5196 ζωή·
3095 5127 3129 5196 ἡ
3161 5125 3260 5196 μὲν
3309 5124 3486 5178 οἰκεία
3507 5123 3566 5192 τῇ
3596 5111 3720 5184 σαρκὶ

2198 5213 2334 5284 ταχὺ
2367 5213 2778 5285 παρερχομένη,
2807 5215 2840 5284 ἡ
2871 5213 2931 5267 δὲ
2976 5214 3248 5283 συγγενὴς
3293 5215 3359 5284 τῇ
3393 5211 3550 5282 ψυχῇ,
3577 5205 3638 5278 μὴ
3658 5202 3720 5254 δε·

2197 5306 2402 5379 χομένη
2432 5307 2813 5378 περιγραφήν.
2848 5306 3098 5378 Πρόσεχε
3128 5301 3224 5361 οὖν
3247 5303 3476 5374 σεαυτῷ,
3508 5298 3624 5372 μηδὲ
3636 5293 3718 5354 τοῖς

2197 5397 2415 5469 θνητοῖς
2436 5398 2513 5462 ὡς
2535 5398 2728 5462 ἀϊδίοις
2754 5385 3123 5471 ὲναπᾶμένῃς,
3177 5400 3316 5470 μήτε
3345 5398 3453 5451 τῶν
3484 5392 3646 5449 ἀϊδίων
3662 5384 3717 5446 (:3;

2197 5490 2631 5563 παρερχομένων
2683 5493 3128 5564 καταφρονήσῃς.
3197 5490 3473 5562 ’Υπερόρα
3520 5479 3711 5555 σαρκός·

2195 5583 2535 5654 παρέρχεται
2559 5583 2687 5655 γάρ.
2729 5583 3022 5653 Ἐπιμελοῦ
3060 5585 3259 5655 ψυχῆς,
3289 5583 3596 5654 πράγματος
3613 5571 3713 5626 dia-

2195 5674 2378 5728 νάτου.
2415 5674 2700 5747 Ἐπίστηθι
2732 5675 2869 5745 μετὰ
2898 5675 3081 5745 πάσης
3107 5675 3392 5748 ἀκριϐείας
3420 5667 3626 5736 σεαυτῷ,
3648 5663 3710 5714 ἵνα

2197 5765 2340 5837 εἰδῇς
2361 5766 2606 5839 ἑκατέρῳ
2620 5765 2897 5839 διανέμειν
2919 5767 2980 5822 τὸ
3003 5768 3327 5841 πρόσφορον·
3352 5767 3505 5840 σαρκὶ
3521 5762 3608 5836 μιν
3623 5758 3708 5812 δίαν
