3960 6394
363 361 501 426 1305

1641 365 1879 425 SACRA
1912 335 2378 426 PARALLELK.

3505 356 3644 425 1306

361 491 567 545 σωμεν,
599 474 713 528 ἀλλ’
741 474 826 528 ἵνα
869 473 1323 546 προσπλήςωμεν,
1359 469 1451 522 καὶ
1489 475 1786 545 ἀπολογίαν
1825 475 1934 547 ἔχω

2065 495 2206 543 mur,
2221 478 2316 533 sed
2347 485 2405 532 ut
2431 475 2682 531 morbum
2705 475 3112 537 exulceremus,
3132 478 3298 543 alque
3324 486 3389 527 ex
3404 473 3639 529 aliorum

361 585 460 637 μεν
491 567 602 620 τῶν
625 568 912 638 ἡμετέρων
960 567 1146 622 κακῶν
1197 568 1266 620 τὰ
1305 567 1412 620 τῶν
1472 569 1717 639 πλησίων
1772 569 1946 641 τραύ-

363 676 534 728 ματα.
569 660 791 722 Κακοὺς
827 659 883 711 δὲ
923 658 1017 713 καὶ
1061 659 1325 728 ἀγαθοὺς,
1369 660 1468 730 οὐχ
1511 661 1540 713 ὁ
1582 661 1808 732 τρόπος,
1835 649 1952 714 ἀλλ’

361 752 699 822 ὴδιάστασις
731 752 827 804 καὶ
863 752 896 822 ή
940 751 1093 819 φιλία
1133 753 1566 824 χαρακτηρίζει·
1618 754 1715 806 καὶ
1767 753 1804 806 ἃ
1851 754 1949 825 σή-

358 861 525 914 μερον
557 844 908 914 ἐπαινοῦμεν,
939 844 1503 922 αὖριονέκακίσαμεν.

439 935 790 1006 Ἐνέγκωμεν
839 937 1008 1006 θυμὸν
1059 936 1136 999 ὼς
1178 937 1388 1008 θηρίον,
1430 940 1526 993 καὶ
1576 937 1829 1006 γλῶσσαν
1872 937 1948 1001 ὼς

351 1028 520 1097 τομὸν
573 1029 750 1097 ξίφος,
803 1029 900 1082 καὶ
953 1029 1149 1100 ἡδονὴν
1184 1029 1260 1093 ὡς
1312 1029 1425 1100 πῦρ
1471 1029 1940 1099 κατασϐέσωμενο

353 1119 580 1190 θώμεθα
617 1123 738 1184 ταῖς
776 1121 972 1180 ἀκοαῖς
1006 1120 1179 1190 θύρας
1211 1121 1394 1186 καλῶς
1423 1121 1812 1192 ἀνοιγομένας,
1847 1120 1944 1173 καὶ

353 1213 701 1282 κλειομένας,
731 1213 828 1265 καὶ
881 1214 972 1266 τὸν
1009 1211 1290 1282 ὀφθαλμὸν
1335 1214 1789 1282 σωφρονίσωμεν,
1844 1210 1942 1264 καὶ

351 1303 544 1373 γεῦσιν
596 1306 1038 1375 σπαράττουσαν,
1087 1305 1163 1376 μὴ
1212 1304 1442 1368 θάνατος
1486 1303 1663 1375 ἀναϐῇ
1702 1303 1791 1357 διά
1833 1302 1942 1357 τῶν

351 1395 584 1467 θυρίδων
627 1395 806 1468 ἡμῶν,
845 1397 938 1450 καὶ
977 1397 1214 1463 γέλωτος
1247 1397 1519 1467 ἀμετρίας
1558 1393 1942 1464 καταγελάσω-

350 1504 474 1556 μεν.

429 1669 489 1721 ὐ
523 1667 636 1736 ἄρα
675 1665 962 1735 γινώσκων
997 1665 1210 1729 ἑαυτὸν,
1241 1663 1407 1726 τόπος
1451 1663 1571 1717 ἐστὶ
1619 1664 1715 1717 καὶ
1747 1662 1940 1735 θρόνος

347 1760 442 1813 τοῦ
477 1759 710 1826 Κυρίου.

414 1855 604 1910 Βούλει
629 1854 834 1924 γνῶναι
856 1853 992 1907 Θεὸν
1015 1869 1032 1920 ;
1051 1849 1342 1922 προλαϐὼν
1365 1848 1535 1921 γνῶθι
1569 1849 1820 1904 σεαυτόν.

414 2037 540 2092 Βίον
609 2034 892 2104 ἀλλότριον
974 2029 1461 2102 περιεργάζεσθαι,
1543 2024 1933 2096 ἀνελευθερίας

341 2127 600 2197 ἐσχάτης.
660 2122 976 2192 Ούδιμόθεν
1049 2121 1160 2190 γὰρ
1207 2121 1482 2190 ἠμέληται
1535 2117 1604 2172 τά
1660 2115 1931 2188 ἡμέτερα,

342 2223 475 2292 ἢὲκ
521 2218 616 2273 τοῦ
668 2217 738 2271 τὰ
786 2216 1044 2286 ἀλλότρια
1087 2213 1569 2284 πολυπραγμονεῖν
1628 2211 1724 2265 καὶ
1771 2227 1932 2279 περι-

343 2310 694 2382 εργάζεσθαι.
754 2310 828 2362 Οὐ
891 2307 1002 2378 γὰρ
1069 2303 1220 2358 ἔστιν
1289 2303 1578 2372 ἄνθρωπον
1658 2301 1789 2364 τοὺς
1834 2299 1933 2352 ἀλ·-

339 2402 589 2472 λοτρίους
635 2396 1204 2469 πολυπραγμονοῦντα
1259 2394 1427 2464 βίους,
1455 2393 1555 2462 τῆς
1580 2390 1788 2453 οἰκείας
1814 2391 1934 2442 ὲπι-

344 2490 646 2563 μεληθῆναί
673 2506 806 2544 ποτε
840 2488 1012 2558 ζωῆς.
1052 2488 1166 2557 Τῆς
1215 2485 1324 2556 γὰρ
1373 2483 1615 2554 σπουδῆς
1645 2480 1795 2551 αὐτῷ
1829 2481 1935 2534 πά-

342 2602 443 2656 σης
496 2584 576 2646 είς
625 2583 726 2653 τὴν
772 2579 881 2632 τῶν
934 2579 1142 2650 ἑτέρων
1201 2571 1742 2644 πολυπραγμοσύνην
1803 2572 1932 2624 ἀνα-

337 2675 694 2746 λισκομένης,
749 2672 966 2741 ἀνάγκη
1008 2669 1079 2723 τά
1117 2664 1286 2721 αὐτοῦ
1337 2665 1528 2729 ἁπλῶς
1581 2662 1798 2718 κεῖσθαι
1835 2661 1931 2715 καὶ

336 2772 372 2842 ὴ
379 2769 518 2840 μελη
527 2767 704 2838 μένως
713 2807 725 2820 .

409 2862 522 2916 Καὶ
551 2860 727 2923 ἄλλως
755 2858 812 2912 δὲ
837 2856 1086 2926 πέφυκεν
1111 2853 1421 2925 ἄνθρωπος,
1449 2850 1520 2904 τά
1574 2849 1672 2921 μὲν
1727 2865 1930 2918 κατορ-

337 2952 568 3023 θώματα
593 2949 689 3003 τοῢ
734 2947 984 3019 πλησίον,
1036 2947 1132 3000 καὶ⁵
1175 2943 1352 2998 πολλὰ
1394 2943 1547 3006 ὄντα,
1582 2942 1677 2996 καὶ
1715 2939 1930 3012 μεγάλα

334 3043 587 3116 παρορᾷν
609 3058 624 3074 ο
656 3041 705 3093 εἰ
745 3039 802 3092 δὲ
855 3035 1149 3106 ὲλάττωμά
1187 3052 1290 3088 που
1343 3035 1507 3104 φανῇ,
1536 3031 1642 3085 κᾶν
1679 3031 1739 3084 τὸ
1763 3029 1929 3100 τυχὸν

331 3133 394 3212 ᾖ,
439 3134 544 3188 κᾶν
587 3131 676 3186 διὰ
712 3129 944 3192 πολλοὺς
996 3125 1366 3199 συμϐεϐηκὸς,
1402 3125 1498 3178 καὶ
1537 3121 1928 3176 ἐπαισθάνεται

331 3227 566 3297 ταχέως,
592 3223 690 3278 καὶ
719 3219 1155 3291 ἐπιλαμϐάνεται
1205 3215 1539 3288 προχείρως,
1571 3215 1666 3267 καὶ
1715 3213 1930 3283 μέμνη⁴

328 3335 427 3370 ται
475 3315 564 3370 διά
609 3312 832 3376 παντός.
868 3310 980 3366 Καὶ
1025 3309 1087 3362 τὸ
1129 3308 1326 3378 μικρὸν
1351 3306 1512 3361 τοῦτο
1563 3307 1660 3359 καὶ
1689 3305 1930 3369 εὐτελὲς,

325 3409 445 3463 τῶν
473 3405 686 3462 πολλῶν
715 3405 808 3460 καὶ
837 3402 1093 3476 μεγάλων
1128 3401 1394 3464 πολλάκις
1427 3399 1712 3470 ἠλάττωσε
1746 3397 1929 3465 δόξαν.

654 3606 839 3661 ΤΙΤΛ.
874 3604 949 3661 1".
969 3633 1039 3644 —
1055 3602 1197 3672 Περὶ
1226 3597 1608 3672 γογγυσμῶν.

411 3745 431 3779 ι
462 3720 572 3778 Ἦν
604 3725 632 3778 ὁ
659 3721 786 3786 λαὸς
815 3717 1103 3788 γογγύζων
1123 3732 1138 3748 ο
1164 3715 1260 3770 καὶ
1287 3712 1547 3785 ιθυμώθη
1580 3710 1809 3783 Κύριος,
1837 3708 1933 3762 καὶ

321 3815 601 3889 ἐξεκαύθη
629 3813 760 3888 πῦρ,
783 3812 879 3867 καὶ
897 3811 1180 3879 κατέφαγε
1204 3806 1370 3881 μέρος
1394 3805 1494 3877 τῆς
1517 3799 1924 3876 παρεμϐολῆς.»

397 4013 416 4046 ι
455 3992 766 4060 magno;
810 3989 1128 4059 γογγυσμὺν
1168 3986 1448 4056 ἀνωφελῆ,
1495 3987 1594 4040 καὶ
1619 3985 1726 4040 ἀπὸ
1757 4001 1928 4039 κατα-

299 4076 520 4150 ’λαλιᾶς
549 4081 808 4155 φείσασθε
843 4080 1115 4152 γλώσσης,
1138 4079 1221 4133 ὅτι
1247 4077 1466 4149 πνεῦμα
1491 4077 1749 4148 λαθραῖον
1772 4075 1930 4129 κενὸν

317 4181 394 4234 οὐ
425 4179 772 4250 πορεύσεται.
815 4195 833 4226 ›

406 4291 425 4325 ι
469 4247 634 4342 ’Ᾰνὴρ
661 4268 984 4338 ἐπιστήμων
1002 4265 1064 4319 οὐ
1095 4247 1383 4336 γογγύζει.
1424 4282 1443 4316 s

407 4381 426 4416 ι
457 4360 552 4432 Μὴ
582 4356 906 4430 γογγύζετε,
945 4355 1129 4420 καθώς
1154 4372 1300 4421 τινες
1325 4351 1784 4423 ὲγόγγυσαν,ξκαὶ
1821 4350 1929 4404 ἀπ-

317 4451 529 4508 ώλοντο
558 4451 663 4506 ὑπὸ
692 4449 784 4504 τοῦ
811 4443 1158 4518 ὀλοθρευτοῦ.
1189 4465 1207 4498 ι

319 4725 434 4797 ᾄμε
443 4741 629 4795 μπτοι.
673 4741 692 4774 ι

411 4817 806 4888 Ἀπράσδεκτος
859 4815 894 4886 ἡ
953 4813 1063 4868 ἀπὸ
1107 4813 1218 4868 τῶν
1276 4815 1600 4885 γογγυστῶν
1655 4812 1914 4885 ἐργασία,

311 4910 397 4974 ὡς
427 4907 588 4961 θυσία
611 4905 921 4977 ὲπίμωμος.
950 4935 1023 4945 -
1051 4903 1174 4976 Χρὴ
1197 4904 1291 4960 οὖν
1338 4905 1400 4960 τὸ
1439 4905 1533 4960 τοῦ
1563 4903 1796 4976 ὀκνηροῦ
1822 4904 1918 4958 καὶ

315 4999 668 5072 ἀντιλογικοῦ
724 4998 900 5072 ἔργον.
939 4997 1305 5068 ἀλλοτριῶσαι
1365 4999 1468 5068 τῆς
1526 4997 1911 5070 ἀδελφότητος.

315 5326 505 5381 ΤΙΤΛ.
545 5327 618 5380 Δ’.
643 5355 713 5365 ——
733 5324 875 5392 Περὶ
904 5326 1202 5395 γερόντων
1229 5325 1328 5378 καὶ
1355 5324 1630 5379 παλαιῶν
1648 5325 1913 5395 ἀνδρῶν’

643 5395 740 5450 καί
772 5397 852 5460 ὡς
889 5396 1005 5465 χρὴ
1037 5395 1320 5464 τιμᾶσθαι
1347 5397 1592 5461 αὐτούς.

401 5529 419 5563 ι
468 5511 602 5564 Ἀπὸ
624 5511 917 5580 προσώπου
951 5509 1138 5564 πολιοῦ
1165 5510 1530 5584 ἐξαναστήσῃ,
1547 5513 1641 5566 καὶ
1658 5513 1915 5584 τιμήσεις

317 5602 621 5675 πρόσωπον
652 5603 1049 5676 πρεσϐυτέρου,
1088 5621 1105 5654 ι

400 5711 419 5744 ι
475 5694 856 5764 Ἐπερώτησον
919 5693 1009 5746 τὸν
1056 5693 1270 5767 πατέρα
1317 5713 1433 5761 σου,
1485 5695 1580 5750 καὶ
1622 5696 1916 5768 ἀναγγελεῖ

322 5804 433 5860 σοι,
459 5787 584 5858 τοὺς
619 5787 1024 5860 πρεσϐυτέρους
1060 5805 1174 5854 σου,
1207 5790 1299 5845 καὶ
1337 5789 1522 5863 ὲροῦσί
1543 5808 1646 5847 σοι.
1691 5813 1709 5845 ι

1955 4529 2004 4588 D

405 4649 425 4681 ι
457 4630 642 4686 Πάντα
692 4630 896 4684 ποιεῖτε
946 4627 1074 4683 ἄνευ
1131 4623 1488 4696 γογγυσμῶν,
1542 4621 1631 4677 ἵνα
1682 4621 1918 4694 γένησθε
2025 4649 2028 4652 ~

2061 569 2380 625 vulneribus
2444 569 2606 622 malis
2644 567 2848 622 nostris
2899 577 3147 622 texamus
3201 566 3641 623 excusationem.

2061 664 2229 719 Malos
2254 675 2421 733 porro
2443 676 2509 716 ac
2537 661 2734 726 bonos,
2769 675 2876 713 non
2932 675 3139 725 mores,
3168 658 3263 714 sed
3316 657 3636 718 dissidium,

2059 755 2142 809 vel
2165 753 2436 819 amicitia,
2462 768 2559 809 ceu
2596 752 2770 806 certis
2793 751 3127 821 quibusdam
3152 753 3305 808 notis
3327 750 3590 822 exprimit
3618 767 3635 804 :

2057 858 2109 903 et
2155 861 2277 918 quae
2305 845 2473 900 hodie
2500 843 2809 908 laudamus,
2841 845 3085 898 crastino
3117 843 3207 898 die
3237 845 3636 911 vituperamus.

2126 938 2401 1010 Ejusdem.
2433 969 2504 980 -—
2535 935 2884 991 lracundiam
2925 949 3028 990 ceu
3058 936 3302 991 belluam
3332 936 3632 1006 quamdam
3671 993 3674 1000 l

2054 1032 2456 1097 sustineamus,
2513 1037 2569 1086 et
2603 1030 2851 1099 linguam
2893 1037 2952 1083 ut
3002 1038 3340 1098 praiacutum
3391 1011 3634 1098 gladium

2053 1123 2450 1189 retundamus;
2476 1122 2808 1191 voluptatem
2832 1129 3089 1188 tanquam
3116 1119 3296 1189 ignem
3319 1120 3639 1188 exstingua—

2053 1232 2212 1284 mus;
2268 1216 2471 1284 januas
2525 1215 2757 1270 auribus
2797 1227 3164 1284 apponamus,
3231 1226 3354 1279 quae
3381 1211 3482 1266 rite
3509 1226 3632 1264 cum

2051 1309 2399 1379 aperiantur,
2463 1314 2582 1361 tum
2611 1307 2979 1371 claudantur;
3025 1313 3194 1374 atque
3227 1303 3448 1356 oculum
3477 1317 3633 1357 coer-

2049 1414 2275 1456 ceamus
2297 1439 2312 1464 ,
2345 1408 2401 1456 et
2429 1409 2650 1471 gustum
2694 1398 3063 1462 vellicantem,
3089 1411 3158 1450 ne
3185 1409 3336 1449 mors
3362 1393 3634 1464 perdens-

2048 1499 2192 1548 stras
2237 1497 2464 1546 nostras
2534 1488 2824 1553 ascendat,
2875 1487 3405 1555 immoderatumque
3463 1486 3631 1540 risum

2047 1583 2399 1640 irrideamus.

2117 1673 2376 1727 Clement.
2399 1699 2468 1710 —
2499 1669 2605 1736 Qui
2643 1684 2775 1740 ergo
2810 1667 3062 1738 seipsum
3107 1665 3378 1737 agnoscit,
3411 1665 3628 1720 Domini

2043 1760 2204 1816 locus
2235 1767 2291 1814 et
2318 1759 2478 1816 sedes
2498 1765 2606 1814 est.
3499 1777 3546 1797 ιε,

1962 1841 2006 1896 Β
2110 1853 2304 1922 Evagr.
2345 1881 2416 1891 —
2451 1849 2550 1906 Vis
2580 1849 2751 1905 Deum
2789 1850 2995 1905 nosse?
3049 1849 3205 1919 prius
3235 1848 3290 1902 id
3326 1863 3429 1919 age
3460 1857 3519 1902 ut
3549 1855 3626 1903 te-

2035 1945 2216 2016 ipsum
2237 1956 2462 1998 noscas.
3013 1987 3016 1992 .

2107 2036 2391 2105 Chrysost.
2427 2065 2498 2075 —
2519 2034 2766 2089 Alterius
2796 2034 2964 2088 vitam
3017 2032 3383 2103 perscrutari,
3413 2031 3630 2086 servilis

2037 2142 2204 2198 supra
2236 2128 2460 2182 modtun
2483 2125 2644 2197 m3
2675 2133 2760 2181 est
2789 2125 2980 2180 animi.
3009 2123 3199 2194 Neque
3223 2123 3370 2179 enim
3403 2122 3630 2177 aliunde

2035 2224 2096 2279 lit
2129 2232 2190 2280 ut
2228 2232 2418 2280 nostra
2449 2223 2826 2294 negligamus,
2858 2235 3022 2290 quam
3056 2219 3202 2289 quod
3228 2220 3284 2273 in
3315 2218 3516 2273 alienis
3543 2217 3628 2270 in-

2034 2316 2325 2389 quirendis
2386 2313 2858 2382 excutiendisque
2902 2311 3095 2366 attenti
3137 2326 3356 2366 sumus.
3389 2309 3534 2364 Fieri
3557 2308 3632 2362 si-

2033 2409 2258 2479 quidem
2309 2405 2434 2461 'non
2467 2412 2667 2474 potest,
2727 2412 2789 2460 ut
2821 2403 2990 2461 homo
3044 2403 3139 2472 qui
3176 2403 3345 2456 vitam
3384 2402 3627 2455 aliorum

2034 2505 2437 2570 perscrutatur,
2463 2511 2578 2551 Siue
2599 2510 2846 2566 unquam
2866 2509 3058 2550 curam
3085 2494 3307 2550 habeat.
3338 2491 3478 2547 Nam
3501 2507 3628 2547 cum

2033 2588 2153 2658 ejus
2188 2601 2353 2641 omne
2381 2586 2629 2642 studium
2665 2587 2720 2639 in
2765 2586 2894 2641 aliis
2927 2584 3286 2656 inquirendis
3338 2599 3635 2640 consuma-

2034 2688 2144 2746 tur,
2179 2679 2352 2748 ipsius
2381 2678 2545 2748 plane
2577 2691 2666 2732 res
2692 2676 2969 2746 neglectas
2993 2675 3179 2746 jacere
3193 2690 3486 2730 necessum
3520 2683 3627 2728 est.

2107 2767 2294 2837 Ejusd.
2367 2765 2462 2819 lib.
2510 2781 2544 2819 ν
2580 2765 2654 2819 De
2709 2762 3018 2820 sacerd.—-
3071 2763 3241 2832 Atqui
3292 2763 3404 2818 alio
3463 2761 3630 2817 modo

2031 2869 2414 2932 comparatum
2475 2869 2598 2926 est,
2658 2865 2718 2912 ut
2770 2857 2940 2912 homo
2975 2855 3214 2926 proximi
3276 2865 3426 2910 recte
3453 2853 3626 2922 facta,

2032 2954 2289 3026 quamvis
2345 2967 2410 3008 ea
2490 2950 2660 3004 multa
2731 2963 3041 3020 magnaque
3078 2948 3210 3015 sint,
3263 2946 3627 3016 contemptim

2032 3052 2244 3101 cernat.
2298 3043 2370 3096 At.
2409 3041 2456 3098 si
2497 3040 2695 3097 vitium
2743 3053 2980 3109 usquam
3007 3045 3294 3109 appareat,
3328 3043 3630 3107 quantum-

2035 3137 2170 3191 libet
2199 3136 2304 3190 hoc
2328 3133 2450 3188 leve
2485 3132 2580 3198 sit,
2614 3141 2670 3186 et
2699 3147 2730 3185 a
2762 3131 2957 3186 multis
2983 3129 3317 3190 factitatum,
3354 3127 3408 3182 id
3434 3142 3628 3198 quam-

2036 3234 2274 3305 primum
2329 3227 2758 3292 animadvertit,
2795 3235 2852 3282 et
2903 3233 3160 3297 prompte
3197 3223 3400 3294 carpit,
3426 3237 3625 3293 perpe-

2036 3335 2240 3396 tuaque
2302 3322 2568 3380 memoria
2639 3319 2834 3388 agitat.
2892 3316 3007 3372 Hoc
3074 3331 3244 3386 porro
3307 3329 3535 3384 parvum
3571 3321 3628 3367 et

2033 3417 2164 3485 vile,
2200 3419 2497 3472 multorum
2548 3432 2694 3488 saepe
2723 3424 3164 3485 magnorumque
3194 3409 3450 3463 virorum
3506 3404 3625 3476 glo—

2034 3511 2172 3566 riam
2205 3511 2423 3565 minuit.

2317 3621 2451 3676 TIT.
2479 3620 2566 3676 111.
2596 3651 2665 3662 -
2685 3621 2764 3675 De
2796 3616 3334 3674 murmurationibus.

2107 3731 2275 3788 Num.
2317 3745 2395 3798 XI,
2431 3733 2483 3798 1,
2515 3731 2571 3785 2.
2596 3761 2668 3772 -
2694 3749 2715 3784 ι
2748 3729 2886 3784 Erat
2938 3727 3181 3799 populus
3217 3737 3573 3779 murmurans
3603 3737 3618 3772 :

2032 3832 2088 3881 et
2116 3825 2292 3880 iratus
2321 3833 2405 3882 est
2436 3823 2725 3890 Dominus,
2761 3830 2816 3877 et
2858 3819 3068 3876 exarsit
3099 3817 3268 3889 ignis,
3297 3825 3353 3871 et
3379 3811 3624 3869 comedit

2031 3927 2244 3991 partem
2272 3928 2605 3974 castrorum.
2633 3936 2654 3969 D

2103 4009 2234 4080 Sap.
2271 4009 2427 4077 ι,12.
2459 4039 2533 4053 -
2569 4026 2588 4059 ι
2621 4006 2911 4064 Custodite
2968 4017 3119 4060 vosa
3158 3999 3617 4062 murmuratione,

2030 4118 2152 4174 qua:
2176 4101 2313 4157 nihil
2344 4102 2667 4172 prodest,et
2693 4115 2723 4154 a
2753 4097 3097 4155 detractione
3127 4095 3338 4165 parcite
3367 4092 3571 4162 linguze
3602 4108 3618 4144 :

2029 4192 2160 4263 quia
2195 4192 2427 4262 spiritus
2451 4190 2728 4245 obscurus
2760 4188 2817 4242 in
2859 4200 3095 4242 vacuum
3127 4199 3236 4238 non
3275 4181 3394 4236 ibit.
3435 4200 3452 4234 ι

2101 4283 2273 4338 Eccli.
2296 4299 2350 4351 v,
2380 4282 2471 4337 25.
2502 4310 2573 4321 —
2611 4299 2630 4332 ι
2661 4279 2760 4335 Vir
2784 4281 3006 4350 sapiens
3037 4291 3148 4332 non
3191 4271 3616 4330 murmurabit.»

2099 4378 2129 4430 1
2159 4367 2284 4432 Cor.
2334 4391 2389 4444 χ,
2424 4375 2512 4430 10.
2537 4403 2605 4416 --
2651 4392 2670 4426 ι
2703 4371 2783 4428 Ne
2818 4371 3201 4435 murmuretis,
3258 4365 3609 4439 quemadmo-

2029 4469 2161 4525 dum
2197 4466 2426 4539 quidam
2455 4472 2964 4530 murmuraverunt,
3007 4470 3064 4519 et
3119 4459 3490 4533 perieruntab
3523 4473 3619 4513 ex-

2033 4559 2409 4618 terminatore.
2441 4576 2460 4610 ι

2095 4672 2330 4744 Philipp.
2389 4687 2454 4737 tt,
2492 4671 2580 4728 M.
2612 4700 2686 4711 —
2714 4688 2732 4722 ι
2766 4667 2963 4726 Omnia
3007 4665 3171 4720 facite
3212 4662 3333 4718 sine
3364 4673 3610 4714 murmu-

2024 4767 2358 4830 rationibus,
2388 4775 2450 4819 ut
2482 4763 2607 4821 sitis
2645 4764 2769 4820 sine
2803 4759 3261 4833 reprehensione.
3298 4777 3317 4808 ι

2093 4853 2266 4910 Basil.
2300 4853 2428 4924 Reg.
2457 4853 2634 4924 fusius
2682 4853 2884 4922 disput.
2927 4866 3066 4920 resp.
3096 4851 3185 4906 39.
3223 4881 3288 4890 —
3315 4851 3612 4918 Aeceptum

2021 4959 2164 5016 opus
2190 4961 2298 5000 non
2324 4953 2432 5010 est,
2465 4943 2612 5014 quod
2648 4958 2678 4998 a
2709 4941 3190 4999 murmurantibus
3225 4937 3474 5002 oll'ertur,
3505 4953 3613 4990 tum

2025 5052 2194 5092 secus
2250 5052 2314 5092 ac
2346 5035 2572 5091 victima
2630 5034 2723 5090 cui
2783 5035 2975 5091 subest
3012 5033 3250 5089 macula.
3283 5061 3356 5072 —
3385 5031 3610 5100 Oportet

2021 5145 2151 5201 ergo
2199 5129 2386 5201 segnis
2416 5140 2472 5186 et
2502 5128 2834 5187 reluctantis
2883 5142 3025 5198 opus
3068 5125 3324 5183 sodalitio
3377 5123 3611 5176 fratrum

2021 5235 2229 5276 arcere.

2022 5334 2160 5399 TlT.
2214 5335 2306 5390 IV.
2348 5366 2417 5375 —
2445 5335 2524 5391 De
2551 5336 2787 5401 senibus,
2837 5345 2886 5390 et
2927 5346 3084 5391 (strue
3127 5333 3386 5405 provectis
3429 5331 3558 5386 viris
3589 5350 3611 5388 :

2338 5416 2388 5462 et
2425 5409 2565 5477 quod
2591 5423 2679 5461 eos
2709 5417 2944 5476 oporteat
2980 5407 3265 5463 honorare.

2092 5515 2258 5571 Leuit.
2278 5494 2402 5583 'xtx,
2439 5517 2529 5572 52.
2556 5549 2627 5559 -
2669 5537 2688 5570 ι
2713 5519 2916 5574 Coram
2953 5535 3093 5575 cano
3121 5521 3304 5591 capite
3324 5537 3608 5595 assurge-s,

2021 5615 2075 5664 et
2100 5609 2414 5674 bonorabis
2448 5608 2644 5666 faciem
2668 5611 2926 5667 senioris.
2955 5629 2973 5662 ι

2093 5699 2253 5754 Deut.
2289 5717 2461 5766 χχιιι,
2495 5701 2550 5757 7.
2592 5728 2662 5744 -
2700 5721 2717 5754 ι
2764 5702 3043 5776 Interroga
3092 5713 3300 5775 patrem
3338 5715 3513 5770 tuum,
3546 5715 3602 5762 et

2025 5791 2378 5851 annuntiabit
2418 5791 2541 5861 tibi,
2577 5805 2631 5856 et
2683 5794 2932 5852 seniores
2961 5801 3106 5862 tuos,
3136 5805 3189 5851 et
3219 5794 3403 5850 dicent
3422 5791 3543 5852 tibi.
3573 5809 3594 5845 ο
