3960 6408
316 343 454 412 1309

1591 356 1834 419 SACRA
1873 351 2340 414 PARALLELA.

3459 339 3600 408 1310

318 460 590 529 ἀναμέσον
620 463 727 515 τῶν
758 460 1008 534 κλήρων*
1036 466 1133 521 καὶ⁸
1183 462 1310 518 ἰδὼν
1336 463 1438 535 τὴν
1468 462 1799 524 ἀνάπαυσιν,
1827 464 1908 517 ὅτι

2032 461 2372 530 'equiescens
2402 461 2545 516 inter
2582 464 2780 514 sortes.
2815 454 2882 512 Et
2912 453 3105 510 videns
3149 450 3418 522 requiem,
3446 454 3596 524 quod

312 554 478 626 καλὴ,
497 556 592 608 καὶ
622 554 719 628 τὴν
751 556 856 626 γῆν
880 558 962 611 ὅτι
990 557 1167 625 πίων,
1200 555 1414 615 τέθεικε
1442 554 1533 609 τδν
1565 550 1717 626 ὦμον
1744 553 1910 609 αὐτοῦ

310 648 398 710 είς
431 643 493 698 τὸ
519 647 725 712 πονεῖν,
756 646 850 700 καὶ
879 647 1117 719 ἐγενήθη
1146 647 1292 718 ἀνὴρ
1329 645 1580 718 γεωργός
1640 663 1659 697 ι

392 835 412 868 r
461 816 758 889 Ἐπιμελοῢ
808 817 917 874 τῶν
959 820 1019 873 ἐν
1065 818 1235 889 πεδίῳ
1282 818 1530 891 χλωρῶν,
1576 817 1671 871 καὶ
1725 817 1914 887 κερεῖς

317 910 457 966 Ιξεόαν
484 928 498 944 ο
529 911 732 982 σύναγε
760 912 956 984 χόρτον
989 912 1221 984 ὀρεινὸν,
1261 911 1348 967 ἵνα
1384 911 1516 983 ἔχῃς
1552 909 1804 982 πρόϐατα
1831 910 1911 974 είς

315 1001 637 1073 ίματισμόν.
673 1003 824 1076 Τίμα
846 1003 904 1058 δέ
931 1003 1136 1072 πεδίον,
1160 1003 1249 1058 ἵνα
1277 996 1380 1059 ὧσί
1414 1018 1497 1056 σοι
1526 1002 1716 1073 ἄρνες.
1758 1020 1778 1053 ι

391 1200 412 1236 r
455 1181 722 1256 Ἐργάζου
769 1183 872 1255 τὴν
916 1185 1021 1255 γῆν
1074 1200 1170 1239 σου
1196 1201 1211 1217 ·
1247 1183 1343 1238 καὶ
1386 1182 1499 1253 γὰρ
1534 1179 1698 1235 πλοῖα
1725 1177 1913 1232 οὐκέτι

314 1273 537 1344 ἔρχεται
558 1276 624 1329 ἐκ
651 1274 1020 1347 Καρχηδόνος.
1065 1296 1085 1330 ι

391 1384 411 1418 r
448 1366 708 1422 Νεώσατε
742 1370 959 1434 ἑαυτοῖς
983 1369 1266 1441 νεώματα,
1294 1370 1391 1425 καὶ
1429 1368 1505 1442 μὴ
1530 1367 1787 1439 σπείρετε
1829 1367 1911 1431 είς

314 1459 586 1524 ἀκάνθας.
627 1480 647 1513 ι

390 1572 410 1605 r
440 1553 534 1625 Μὴ
573 1554 813 1625 μισήσῃς
862 1553 1128 1608 ἐπίπονον
1169 1553 1461 1625 ἐργασίαν,
1493 1552 1591 1608 καὶ
1634 1550 1912 1623 γεωργίαν

316 1646 423 1705 ὑπὸ
462 1644 722 1715 Ὑψίστου
758 1645 1118 1717 ἐκτισμένην.
1162 1663 1181 1698 ι

390 1756 411 1789 ι
455 1737 516 1791 '0
546 1736 918 1807 ἐργαζόμενος
966 1737 1064 1808 τὴν
1115 1736 1244 1808 γῆν,
1303 1735 1560 1806 ἀνύψωσε
1620 1734 1906 1808 θημωνίαν

281 1855 287 1863 ·
310 1828 503 1883 αὑτοῦ.
551 1847 573 1881 ι

393 1939 413 1973 r
453 1920 632 1992 Χάριν
664 1920 759 1975 καὶ
793 1920 993 1986 κάλλος
1028 1919 1293 1990 ἐπιθυμεῖ
1311 1916 1613 1990 ὀφθαλμὸς,
1643 1919 1737 1972 καὶ
1760 1918 1902 1989 ὑπὲρ

309 2012 598 2085 ἀμφότερα
625 2013 797 2083 χλόην
831 2014 1060 2085 σπόρου.
1098 2031 1119 2067 ι

391 2123 411 2156 r
444 2104 512 2156 Τί
549 2104 941 2175 σοφισθήσεται
993 2106 1022 2159 ό
1066 2101 1290 2175 κρατῶν
1335 2101 1595 2172 ἀρότρου,
1626 2102 1725 2155 καὶ
1764 2119 1902 2156 καυ-

310 2193 560 2265 χώμενος
601 2195 661 2249 ἐν
708 2195 896 2267 δόρατι
949 2197 1180 2268 κέντρου
1209 2232 1228 2257 ,
1304 2192 1434 2263 βόας
1499 2193 1764 2262 ἐλαύνων,
1811 2193 1907 2249 καὶ

309 2285 789 2356 ἀναστρεφόμενος
815 2287 874 2340 ὲν
898 2286 1084 2358 ἔργοις
1107 2282 1298 2349 αὐτοῦ,
1337 2285 1432 2337 καὶ
1461 2283 1716 2356 διήγησις
1740 2284 1904 2338 αὐτοῦ

309 2377 370 2428 ἐν
402 2377 543 2440 υἱοῖς
596 2377 848 2451 ταύρων;
912 2378 1159 2449 Καρδίαν
1208 2375 1368 2429 δώσει
1424 2374 1562 2447 βαθὺ
1611 2378 1691 2440 είς
1718 2379 1905 2446 τεμεῖν

310 2466 582 2533 αὔλακας,
626 2470 724 2524 καὶ⁵
773 2472 807 2542 ἡ
857 2469 1140 2542 ἀγρυπνία
1205 2466 1375 2524 αὐτοῦ
1423 2469 1503 2532 είς
1544 2469 1906 2540 χορτάσματα

311 2547 618 2632 δαμάλεως.
655 2580 675 2613 ι

334 2667 353 2687 σ
389 2671 408 2704 ι
444 2651 550 2705 Τὸν
576 2651 860 2707 κοπιῶντα
878 2653 1131 2724 γεωργὸν
1152 2653 1235 2709 δεῖ
1265 2654 1487 2728 πρῶτον
1513 2654 1623 2707 τῶν
1672 2650 1905 2724 καρπῶν

312 2744 526 2814 μεταλα
535 2744 787 2821 μόἀνειν.
815 2764 834 2796 ι
1650 2780 1669 2789 μ

382 2835 657 2906 Γεηπόνος
705 2837 798 2891 τὸν
827 2835 996 2890 ὕπνον
1051 2835 1663 2907 ἀποσεισάμενος,πρδς
1688 2833 1786 2906 τὴν
1808 2835 1907 2903 τῆς

305 2931 416 3000 γῆς
440 2929 710 2999 ἐργασίαν
740 2910 1050 2997 ἐπείγεται,
1109 2927 1206 2984 καὶ
1237 2928 1335 2981 τοῦ
1379 2928 1476 2998 μὲν
1527 2926 1774 2980 οἰκίσκου
1813 2925 1909 2979 καὶ

306 3021 416 3090 τῆς
447 3020 734 3085 ἐπαύλεως
758 3021 821 3074 τὸ
858 3020 1069 3092 ἔρημον
1102 3018 1566 3092 ὑπερασπίζεται,
1621 3018 1716 3072 καὶ
1743 3017 1911 3085 ἀναγ-

2013 560 2160 606 esset
2188 544 2359 617 bona,
2392 560 2447 607 et
2471 558 2697 614 terram,
2723 547 2984 620 quoniam
3008 544 3250 617 pinguis,
3282 543 3470 614 posuit
3495 544 3599 599 hu-

2013 658 2228 698 merum
2275 658 2440 699 suum
2493 643 2564 698 ad
2614 638 3000 704 laborandum,
3057 646 3113 695 et
3160 635 3340 693 factus
3365 644 3465 695 esti
3511 637 3598 692 vir

2013 735 2275 806 agricola.
2319 753 2341 785 D

2086 826 2250 882 Prov.
2285 838 2458 891 xxvn,
2489 824 2684 880 25..—
2719 842 2737 876 ι
2773 821 2980 877 Curam
3002 822 3142 876 habe
3175 819 3381 890 virm-is
3408 818 3503 891 qui
3537 819 3594 874 in

2013 934 2149 990 agro
2191 928 2297 986 est,
2332 928 2389 976 et
2420 917 2591 987 tonde
2612 916 2843 973 herbam
2877 931 2891 968 :
2924 922 2981 970 et
3002 914 3201 984 collige
3226 912 3413 968 fenum
3443 928 3597 968 mon-

2015 1011 2176 1079 tium,
2211 1022 2270 1066 ut
2320 1011 2528 1067 habeas
2577 1024 2711 1067 oves
2741 1007 2811 1062 ad
2844 1006 3250 1062 vestimentum.
3279 1004 3444 1060 Solve
3473 1018 3597 1074 prc-

2014 1100 2152 1156 tium
2180 1100 2323 1172 agri,
2357 1109 2417 1156 ut
2441 1099 2541 1156 tibi
2574 1099 2690 1156 sint
2714 1096 2864 1169 agni.
2902 1115 2922 1148 ι
3600 1148 3605 1151 ,

2086 1188 2201 1248 Ιεα.
2236 1207 2398 1256 xxtn,
2435 1191 2525 1247 ll).
2557 1220 2628 1245 -.-
2665 1208 2684 1241 ι
2718 1192 2961 1259 Operare
3016 1192 3219 1240 terram
3249 1191 3438 1240 tuam:
3469 1184 3600 1256 quia

2013 1298 2123 1340 non
2153 1285 2384 1339 veniunt
2415 1284 2654 1354 amplius
2681 1296 2852 1336 naves
2880 1277 3252 1348 Carthaginis.
3291 1296 3310 1329 ι

2085 1373 2287 1430 Jerem.
2316 1393 2390 1441 tv,
2426 1375 2482 1430 ὅ.
2517 1407 2591 1418 --
2615 1393 2634 1426 ι
2670 1372 2883 1429 Novate
2940 1370 3097 1427 vobis
3120 1370 3361 1433 novalia,
3392 1376 3450 1425 et
3505 1382 3602 1422 no-

2015 1467 2111 1523 lite
2135 1466 2419 1523 seminare
2447 1467 2502 1520 in
2540 1466 2750 1537 spinas.
2788 1484 2806 1518 ι

2089 1559 2261 1617 Eccli.
2293 1573 2394 1623 vlt,
2429 1560 2517 1615 16.
2548 1589 2619 1602 —
2655 1578 2673 1611 ι
2702 1559 2822 1614 Non
2873 1557 3059 1613 oderis
3093 1555 3372 1610 laboriosa
3409 1566 3600 1623 opera,

2014 1661 2071 1708 et
2096 1652 2527 1709 rusticationem
2556 1658 2803 1707 creatam
2829 1650 2900 1707 ab
2923 1648 3229 1703 Altissimo.
3261 1664 3280 1698 ι

2090 1741 2258 1812 Ereti.
2312 1758 2408 1808 xx,
2437 1742 2528 1798 '50.
2559 1771 2631 1781 —
2682 1759 2701 1793 ι
2732 1739 2839 1806 Qui
2867 1747 3127 1809 Operatur
3156 1744 3363 1792 terram
3421 1748 3601 1798 suam,

2007 1833 2279 1891 exaltabit
2317 1848 2579 1889 acervum
2612 1832 2860 1901 frugum.
2903 1850 2922 1881 ι

2041 1976 2047 1982 .
2078 1925 2249 1982 Eccii.
2307 1939 2401 1987 ιι..
2432 1923 2525 1978 εε.
2554 1952 2628 1967 —-
2660 1940 2680 1976 ι
2710 1921 2957 1978 Gratiam
3003 1930 3058 1977 et
3112 1920 3354 1991 Speciem
3383 1917 3608 1973 deside—

2005 2026 2094 2070 rat
2155 2016 2377 2081 oculus,
2407 2026 2468 2072 et
2503 2031 2671 2087 super
2703 2024 2944 2087 utraque
2983 2014 3223 2068 virorem
3259 2017 3547 2067 sementis.
3584 2026 3603 2059 ι

2080 2104 2253 2160 Eccli.
2293 2120 2531 2172 xxxvut,
2587 2105 2684 2170 25,
2721 2103 2815 2160 26.
2839 2134 2910 2147 --
2944 2122 2963 2156 ι
3000 2102 3121 2170 Qua
3182 2099 3458 2172 sapientia
3515 2112 3606 2152 re-

2006 2197 2255 2268 plebitur
2291 2196 2389 2269 qui
2423 2203 2574 2253 tenet
2620 2203 2894 2262 aratrum,
2935 2203 2990 2250 et
3025 2193 3296 2265 gloriatur
3326 2191 3381 2246 in
3418 2187 3610 2258 jaeulo

2007 2289 2261 2357 stimuli;
2294 2289 2389 2360 qui
2411 2288 2584 2346 boves
2618 2289 2813 2361 agitat,
2849 2296 2906 2344 et
2932 2295 3302 2341 conversatur
3328 2286 3384 2338 in
3418 2281 3606 2353 operi-

2006 2382 2111 2437 bus
2138 2381 2275 2447 suis,
2298 2388 2353 2436 et
2367 2380 2655 2436 enarratio
2684 2378 2809 2451 ejus
2841 2379 2896 2433 in
2924 2376 3089 2450 5.05
3119 2376 3249 2433 ﬁliis
3278 2368 3608 2429 taurorum?

2006 2473 2117 2529 Cor
2150 2458 2325 2531 suum
2364 2472 2644 2543 profunde
2689 2470 2845 2527 dabit
2870 2469 2941 2525 ad
2973 2466 3343 2525 scindendum
3377 2464 3562 2520 sulcos
3587 2455 3609 2496 ³

2006 2572 2063 2622 et
2093 2563 2280 2634 vigilia
2315 2563 2510 2631 ejusin
2537 2562 2733 2632 sagina
2764 2575 2969 2617 vaccae.
2999 2580 3020 2614 ι

2084 2651 2146 2707 11
2177 2651 2315 2707 Tim.
2350 2668 2421 2718 ιι,
2458 2651 2513 2707 6.
2543 2680 2616 2690 -
2645 2668 2664 2702 ι
2694 2648 3067 2707 Laborantem
3104 2647 3404 2720 agricolam
3441 2660 3609 2718 opor-

2012 2752 2091 2801 tet
2125 2744 2365 2815 primum
2400 2742 2468 2799 de
2504 2742 2783 2799 fructibus
2819 2742 3133 2812 percipere.
3164 2760 3185 2795 ι

2082 2834 2361 2906 Chrysost.
2387 2864 2453 2874 —-
2479 2835 2734 2904 Agricola
2757 2874 2774 2899 ,
2808 2849 3052 2891 excusso
3086 2848 3284 2889 somno
3314 2872 3330 2898 ,
3376 2830 3446 2886 ad
3490 2838 3608 2886 ter-

2011 2934 2133 2982 ram
2186 2926 2473 2982 colendam
2528 2934 2822 2998 properat,
2881 2935 2937 2983 et
2986 2923 3340 2980 domunculae
3392 2938 3508 2980 sua:
3555 2929 3613 2978 et

2022 3034 2172 3075 casae
2238 3019 2597 3074 solitudinem
2660 3027 2898 3073 tuetur:
2948 3018 3280 3089 cogiturque
3330 3013 3613 3070 nihilomi-

308 3111 542 3175 κάξεται
577 3112 752 3182 ὅμως,
789 3111 883 3165 καὶ
917 3111 1149 3183 φλογμῷ
1179 3110 1276 3165 καὶ
1319 3108 1552 3181 χειμῶνι
1580 3109 1687 3162 ἀπὸ
1720 3109 1910 3164 ταλαι-

2032 3128 2125 3167 nus
2160 3127 2271 3167 non
2308 3113 2429 3167 sine
2465 3126 2662 3182 magna
2705 3111 2962 3183 corporis
3007 3106 3259 3165 molestia
3294 3123 3421 3163 cum
3468 3114 3610 3162 aestu

309 3201 502 3272 πώρου
525 3202 728 3272 σαρκὸς
758 3203 1154 3274 διαμάχεσθαι.
1197 3200 1491 3272 Πανταχοῦ
1523 3201 1632 3273 γὰρ
1661 3201 1748 3256 διὰ
1784 3201 1912 3254 δυσ-

314 3291 504 3357 κολίας
532 3293 629 3347 καὶ
654 3294 834 3348 πόνων
856 3297 968 3359 τοῖς
990 3293 1303 3363 ἀνθρώποις
1324 3294 1539 3363 πέφυκε
1562 3296 1628 3345 τὰ
1666 3294 1913 3363 χρήσιμα

313 3384 742 3455 παραγίνεσθαι.
763 3417 831 3428 —-
855 3387 1017 3455 Φέρει
1076 3386 1370 3460 γεηπόνοις
1406 3386 1601 3456 ἡδονὴν
1631 3385 1692 3438 τὸ
1723 3383 1782 3449 ἐξ
1808 3386 1912 3436 ὑπο

311 3491 444 3529 τιων
463 3493 525 3530 τε
554 3478 649 3532 καὶ
682 3477 989 3549 βαθυγείων
1023 3478 1243 3548 χωρίων
1277 3477 1445 3531 πολύν
1467 3495 1589 3531 τινα
1611 3476 1910 3546 δρέπεσθαι

308 3567 410 3620 τὸν
447 3569 681 3641 καρπόν.
720 3570 783 3624 Ei.
810 3570 867 3623 δέ
913 3587 1043 3624 ποτε
1081 3570 1176 3623 καὶ
1197 3571 1263 3622 ἐκ
1293 3567 1609 3640 πετρώδους
1662 3569 1786 3638 γῆς,
1817 3569 1912 3622 καὶ

310 3657 539 3731 λεπτῆς,
568 3661 665 3715 καὶ
699 3661 1038 3733 ὑποψάμμου
1071 3659 1330 3732 δυνηθείη
1363 3658 1504 3731 μετά
1534 3658 1735 3730 πολλὴν
1787 3660 1911 3713 ἐπι-

316 3750 540 3821 μέλειαν
569 3752 812 3824 χρηστοῦ
860 3770 1007 3816 τινος
1039 3751 1348 3806 ἀπολαῦσαι
1409 3749 1650 3823 καρποῦ,
1708 3749 1911 3820 μείζων

311 3843 571 3898 ἐντεῦθεν
598 3845 632 3916 ἠ
663 3844 830 3916 ἡδονὴ
854 3843 935 3916 τῷ
967 3844 1247 3915 γεηπόνῳ,
1284 3843 1421 3898 διότι
1474 3842 1615 3912 πρὸς
1675 3843 1777 3913 τὴν
1813 3842 1914 3913 τῆς

310 3935 480 4006 φύσιν
489 3936 924 4007 ἀγωνισάμενος,
948 3936 1045 3990 καὶ
1072 3936 1203 4001 τοὺς
1221 3934 1461 3999 οἰκείους
1484 3934 1686 3999 πόνους
1699 3933 1913 3991 ἀντεισ-

310 4028 451 4093 ἀξας
503 4030 571 4099 τῇ
612 4025 899 4099 στειρώσει
923 4028 1023 4097 τῆς
1062 4028 1190 4097 γῆς,
1227 4026 1386 4099 νίκης
1429 4025 1553 4081 τινὰ
1604 4023 1912 4099 μαρτυρίαν

305 4117 656 4190 ἀποφέρεται
709 4117 865 4191 παρά
916 4117 1026 4172 τῶν
1062 4118 1126 4172 τὸ
1177 4116 1448 4191 γεώργιον
1496 4117 1909 4190 θαυμαζόντων.

298 4416 501 4473 ΤΙΤΔ.
539 4419 632 4486 ς’.
657 4408 885 4486 ὲ-Περί
916 4418 1293 4559 Ἤὲἔὲ
1342 4416 1442 4473 καί
1475 4415 1768 4487 μελέτης,
1807 4414 1908 4470 καί

397 4598 418 4634 ι
450 4581 545 4636 Ἐκ
577 4580 850 4654 μερίμνης
872 4578 969 4636 καὶ
992 4579 1275 4651 φροντίδος
1301 4576 1665 4648 ἀναφανεῖται
1715 4593 1799 4632 σοι
1833 4576 1912 4630 εί-
1990 4568 1993 4571 ’

467 4713 480 4728 ο
507 4692 527 4726 ι

305 4675 657 4819 ρήἷητέκνον
686 4805 703 4831 ,
762 4764 824 4819 ἐν
883 4763 999 4836 ζωῇ
1055 4780 1153 4819 σου
1228 4762 1495 4837 πείρασον
1561 4763 1663 4837 τὴν
1727 4762 1912 4837 ψυχήν

304 4875 440 4915 σου.
470 4875 490 4909 ι

342 5012 369 5021 _
393 4971 412 5002 σ
449 4947 704 5022 Γύμναζε
726 4948 955 5005 σεαυτὸν
983 4948 1122 5021 πρὸς
1151 4949 1460 5007 εὐσέϐειαν.
1488 4950 1555 5004 Ἦ
1585 4949 1697 5022 γὰρ
1722 4966 1912 5023 σωμαο

296 5042 443 5115 τικὴ
473 5039 756 5114 γυμνασία
783 5040 924 5112 πρὸς
974 5040 1159 5110 ὀλίγον
1208 5042 1359 5096 ἐστὶν
1418 5039 1705 5112 ὠφέλιμος
1741 5056 1754 5070 '
1788 5042 1822 5112 ὴ
1852 5040 1911 5095 δὲ

297 5135 570 5192 εὐσέϐεια
625 5133 765 5208 πρὸς
806 5134 987 5189 πάντα
1039 5133 1322 5206 ὠφέλιμός
1373 5135 1546 5201 ἐστιν,
1572 5133 1909 5204 ἐπαγγελίαν

301 5230 520 5299 ἔχουσα
541 5225 712 5298 ζωῆς,
746 5226 848 5297 τῆς
879 5225 976 5280 νῦν
1001 5226 1214 5305 καὶτῆς
1239 5225 1568 5298 μελλούσης.
1599 5244 1618 5278 ι

387 5319 454 5372 Ut
503 5321 569 5373 ἐκ
616 5319 838 5390 μακρᾶς
903 5317 1201 5390 συνηθείας
1261 5317 1652 5390 μελετηθέντες
1716 5319 1906 5382 πόνοι,

303 5410 654 5483 ἀλυπότερον
694 5411 1106 5482 προσπίπτουσι
1162 5414 1278 5477 τοῖς
1340 5412 1905 5484 ἐγγεγυμνασμένοις.

305 5503 799 5575 α-Μιμησώμεθα
831 5505 958 5569 τοὺς
988 5506 1048 5560 ἐν
1077 5507 1195 5569 τοῖς
1222 5507 1506 5570 τακτικοῖς
1531 5506 1633 5570 τὰς
1671 5504 1910 5577 μελέτας

306 5596 710 5668 ποιουμένους,
736 5598 795 5651 οἵ
828 5613 894 5667 γε
948 5599 1008 5652 ἐν
1065 5598 1460 5670 χειρονομίαις,
1501 5598 1602 5654 καὶ
1647 5598 1909 5672 ὀρχήσεσι

306 5689 419 5758 τὴν
446 5688 743 5762 ἐμπειρίαν
766 5689 1127 5762 κτησάμενοι,
1159 5691 1255 5745 ἐπὶ
1294 5690 1406 5746 τῶν
1445 5689 1676 5761 ἀγώνων
1715 5690 1811 5744 τοῦ
1843 5691 1908 5745 ἐκ

309 5787 419 5861 τῆς
446 5781 693 5848 παιδείας
722 5781 1056 5838 ἀπολαύουσι
1094 5781 1342 5856 κέρδους.

2017 3216 2075 3261 et
2108 3204 2313 3274 frigore
2346 3204 2663 3260 colluctari.
2702 3204 2915 3260 Etenim
2951 3204 3029 3258 ita
3064 3211 3445 3273 comparatum
3480 3207 3567 3255 est
3594 3240 3609 3263 ,

2015 3305 2078 3353 ut
2112 3312 2237 3366 quae
2268 3296 2566 3350 utilitatem
2616 3295 2935 3352 hominibus
2979 3295 3257 3360 afferunt,
3304 3308 3432 3348 cum
3466 3292 3611 3347 ditii-

2015 3390 2224 3447 cttltate
2271 3396 2326 3442 et
2382 3389 2575 3444 labore
2625 3387 3273 3461 [labentum—Magna
3324 3386 3611 3455 voluptate

2015 3478 2154 3539 allici
2187 3478 2365 3534 solent
2397 3479 2696 3547 agricolae,
2726 3494 2850 3534 cum
2886 3494 2951 3534 ex
2980 3478 3166 3550 planis
3187 3518 3204 3545 ,
3243 3485 3299 3533 et
3348 3475 3610 3548 profundi

2020 3571 2127 3627 soli
2191 3570 2330 3626 locis
2384 3571 2665 3641 ingentem
2729 3570 2971 3626 fructum
3030 3570 3370 3642 percipiunt.
3414 3556 3508 3623 ’Λι
3562 3568 3612 3625 si

2013 3662 2239 3735 quando
2274 3679 2339 3719 ex
2373 3671 2592 3733 petrosa
2625 3663 2869 3734 exilique
2902 3672 2957 3719 et
3001 3677 3237 3719 arenosa
3287 3670 3438 3719 terra
3483 3669 3613 3732 post

2014 3757 2336 3821 diuturnam
2369 3755 2647 3811 culturam
2684 3756 2871 3811 laetum
2904 3756 3146 3826 aliquem
3177 3754 3422 3811 fructum
3450 3754 3614 3811 colli-

2014 3864 2143 3921 gere
2175 3848 2313 3919 ipsis
2343 3847 2679 3918 contigerit,
2714 3848 2983 3920 majorem
3021 3849 3155 3904 hinc
3187 3848 3418 3918 capiunt
3452 3846 3611 3901 voln-

2010 3947 2244 4011 ptatem.
2279 3939 2415 3995 Nam
2464 3955 2592 3997 cum
2639 3939 2769 4011 quis
2824 3940 3095 3998 adversus
3148 3948 3308 3997 terra:
3353 3950 3614 3995 naturam

2012 4034 2331 4101 dimicavit,
2364 4041 2419 4089 et
2446 4034 2668 4089 labores
2716 4049 2852 4091 suos
2898 4034 3177 4091 sterilitati
3230 4040 3396 4088 terrae
3435 4046 3611 4103 oppo-

2008 4125 2165 4190 suit,
2216 4124 2469 4180 victoria:
2520 4124 2908 4181 testimonium
2972 4123 3250 4196 quoddam
3309 4122 3455 4193 apud
3510 4139 3613 4181 eos

2010 4214 2218 4283 refert,
2255 4215 2353 4286 qui
2385 4214 2562 4286 ipsius
2590 4215 2647 4270 in
2673 4215 2913 4272 colendo
2962 4230 3097 4271 arvo
3142 4214 3395 4271 studium
3429 4213 3610 4270 αὐτοῖς

2012 4316 2228 4362 rantur.

2120 4418 2258 4475 ΤΙΤ.
2317 4415 2407 4475 Vl.
2434 4449 2505 4461 —
2539 4417 2619 4475 De
2658 4417 2979 4502 gymnasio,
3015 4415 3399 4483 meditatione,
3450 4423 3504 4472 et

2602 4500 3010 4544 εεενοιιαιιοιιε.

2085 4582 2190 4638 Job
2224 4601 2310 4651 xu,
2341 4569 2451 4639 i8:
2475 4568 2559 4624 4-4
2592 4601 2611 4635 ι
2640 4580 2722 4636 Ex
2775 4579 3161 4639 sollicitudine
3206 4590 3261 4635 et
3312 4594 3448 4635 cura
3502 4593 3609 4651 pax

2015 4675 2233 4730 orietur
2265 4674 2387 4730 tibi.
2423 4692 2441 4727 ι

2091 4764 2261 4821 Ecrli.
2300 4781 2485 4822 xxxv"
2510 4805 2525 4833 ,
2565 4763 2659 4823 50.
2684 4795 2754 4807 —
2787 4783 2806 4818 ι
2841 4763 2983 4831 Fili,
3034 4763 3086 4819 in
3142 4762 3259 4819 vita
3313 4771 3406 4819 tua
3458 4769 3610 4843 tenta

2012 4858 2255 4913 animam
2290 4864 2465 4914 tuam.
2504 4876 2523 4910 ι

2085 4945 2117 5002 1
2156 4946 2294 5001 Tim.
2328 4961 2408 5012 tv,
2438 4947 2493 5002 7.
2519 4976 2591 4987 —
2627 4967 2645 5000 ι
2676 4946 2887 5003 Exerce
2932 4946 3171 5017 teipsum
3202 4945 3270 4999 ad
3321 4946 3605 5015 pietatem.

2013 5038 2342 5109 Corporalis
2371 5039 2520 5095 enim
2556 5040 2889 5096 exercitatio
2916 5038 2985 5093 ad
3013 5037 3293 5094 modicum
3336 5035 3563 5108 prodest
3590 5053 3606 5089 ε

2012 5132 2190 5205 pietas
2230 5139 2417 5188 autem
2448 5133 2516 5188 ad
2549 5133 2736 5188 omnia
2786 5133 2942 5189 utilis
2995 5138 3124 5197 est,
3179 5128 3608 5202 promissionem

2011 5223 2226 5280 habens
2253 5223 2388 5279 vitae
2416 5238 2539 5295 quae
2567 5238 2718 5281 nunc
2753 5232 2876 5290 est,
2907 5231 2966 5279 et
3001 5221 3228 5278 futurae.
3260 5238 3280 5274 ι

2080 5314 2304 5371 Basilii.
2337 5345 2408 5356 —
2438 5314 2691 5373 Labores
2725 5316 2890 5388 longa
2924 5311 3329 5371 consuetudine
3363 5309 3605 5367 familia-

2022 5404 2391 5474 res'rcdditi,
2424 5406 2640 5462 minore
2673 5421 2801 5462 cum
2854 5405 3110 5462 molestia
3161 5403 3273 5459 illis
3305 5402 3605 5474 ingruunt,

2009 5500 2105 5572 qni
2142 5498 2353 5556 eisdem
2412 5499 2785 5559 assueverint.
2810 5527 2879 5539 —-
2901 5497 3194 5553 Imitemur
3237 5509 3337 5552 eos
3373 5495 3466 5565 qui
3521 5493 3603 5550 rei

2010 5590 2236 5647 militari
2272 5604 2333 5646 se
2358 5598 2665 5648 exercent:
2699 5590 2795 5662 qui
2826 5604 2953 5644 cum
2990 5588 3045 5647 in
3074 5586 3608 5659 gesticulationibus

2009 5690 2065 5740 ct
2089 5682 2488 5741 saltationibus
2514 5682 2770 5754 peritiam
2802 5680 2987 5751 adepti
3015 5681 3163 5746 sint,
3198 5679 3254 5734 in
3282 5679 3449 5735 seriis
3480 5694 3605 5732 cer-

2015 5775 2325 5832 taminibus
2354 5790 2418 5830 ea
2449 5790 2619 5848 quam
2653 5773 2821 5832 ludus
2857 5773 2996 5845 ipsis
3041 5770 3398 5837 conciliavit,
3446 5769 3603 5827 utili-

2018 5877 2130 5925 tate
2163 5866 2540 5925 perfruuntur.
