  <div class='ocr_page' id='page_1' title='image "/cluster/home/n/w/nwhite01/storage/ocr_20150623/95:no.2/coo.31924054869999/661.png"; bbox 0 0 3960 6390; ppageno 0'>
   <div class='ocr_carea' id='block_1_1' title="bbox 455 306 584 372">
    <p class='ocr_par' dir='ltr' id='par_1_1' title="bbox 455 306 584 372">
     <span class='ocr_line' id='line_1_1' title="bbox 455 306 584 372; baseline -0.023 0"><span class='ocrx_word' id='word_1_1' title='bbox 455 306 584 372; x_wconf 75' lang='lat'><strong>1311</strong></span> 
     </span>
    </p>
   </div>
   <div class='ocr_carea' id='block_1_2' title="bbox 454 511 1552 572">
    <p class='ocr_par' dir='ltr' id='par_1_2' title="bbox 454 511 1552 572">
     <span class='ocr_line' id='line_1_2' title="bbox 454 511 1552 572; baseline 0.003 -8"><span class='ocrx_word' id='word_1_2' title='bbox 454 523 563 564; x_wconf 71' lang='lat' dir='ltr'><strong>tuta</strong></span> <span class='ocrx_word' id='word_1_3' title='bbox 585 555 599 572; x_wconf 83' lang='grc'><strong>,</strong></span> <span class='ocrx_word' id='word_1_4' title='bbox 633 517 798 567; x_wconf 81' lang='lat' dir='ltr'><strong>rebus</strong></span> <span class='ocrx_word' id='word_1_5' title='bbox 830 513 1081 567; x_wconf 77' lang='lat' dir='ltr'><strong>adversis</strong></span> <span class='ocrx_word' id='word_1_6' title='bbox 1119 511 1284 566; x_wconf 81' lang='lat' dir='ltr'><strong>facile</strong></span> <span class='ocrx_word' id='word_1_7' title='bbox 1315 513 1552 568; x_wconf 77' lang='lat' dir='ltr'><strong>deletur.</strong></span> 
     </span>
    </p>
   </div>
   <div class='ocr_carea' id='block_1_3' title="bbox 528 603 2038 674">
    <p class='ocr_par' dir='ltr' id='par_1_3' title="bbox 528 603 2038 674">
     <span class='ocr_line' id='line_1_3' title="bbox 528 603 2038 674; baseline 0.006 -19"><span class='ocrx_word' id='word_1_8' title='bbox 528 604 761 674; x_wconf 77' lang='lat' dir='ltr'><strong>Didymi.</strong></span> <span class='ocrx_word' id='word_1_9' title='bbox 788 634 857 643; x_wconf 96' lang='lat'>—</span> <span class='ocrx_word' id='word_1_10' title='bbox 881 603 956 656; x_wconf 83' lang='lat' dir='ltr'><strong>Ex</strong></span> <span class='ocrx_word' id='word_1_11' title='bbox 993 605 1254 658; x_wconf 89' lang='lat' dir='ltr'><strong>diuturna</strong></span> <span class='ocrx_word' id='word_1_12' title='bbox 1287 606 1646 662; x_wconf 66' lang='lat' dir='ltr'><strong>meditatione</strong></span> <span class='ocrx_word' id='word_1_13' title='bbox 1675 615 1731 663; x_wconf 88' lang='lat' dir='ltr'><strong>et</strong></span> <span class='ocrx_word' id='word_1_14' title='bbox 1762 609 2038 665; x_wconf 81' lang='lat' dir='ltr'><strong>exercita-</strong></span> 
     </span>
    </p>
   </div>
   <div class='ocr_carea' id='block_1_4' title="bbox 1622 309 2515 378">
    <p class='ocr_par' dir='ltr' id='par_1_4' title="bbox 1622 309 2515 378">
     <span class='ocr_line' id='line_1_4' title="bbox 1622 309 2515 378; baseline 0.007 -8"><span class='ocrx_word' id='word_1_15' title='bbox 1622 311 1681 371; x_wconf 93' lang='lat' dir='ltr'><strong>S.</strong></span> <span class='ocrx_word' id='word_1_16' title='bbox 1721 310 1756 370; x_wconf 86' lang='lat' dir='ltr'>J</span> <span class='ocrx_word' id='word_1_17' title='bbox 1761 309 1963 370; x_wconf 83' lang='lat' dir='ltr'><strong>OANN</strong></span> <span class='ocrx_word' id='word_1_18' title='bbox 1970 309 2043 370; x_wconf 94' lang='lat' dir='ltr'><strong>IS</strong></span> <span class='ocrx_word' id='word_1_19' title='bbox 2083 312 2515 378; x_wconf 80' lang='lat' dir='ltr'><strong>DAMASCENI</strong></span> 
     </span>
    </p>
   </div>
   <div class='ocr_carea' id='block_1_5' title="bbox 521 420 2115 500">
    <p class='ocr_par' dir='ltr' id='par_1_5' title="bbox 521 420 2115 500">
     <span class='ocr_line' id='line_1_5' title="bbox 521 420 2115 500; baseline 0.006 -25"><span class='ocrx_word' id='word_1_20' title='bbox 521 422 789 492; x_wconf 79' lang='lat' dir='ltr'><strong>&#39;l&#39;heologi.</strong></span> <span class='ocrx_word' id='word_1_21' title='bbox 822 451 891 464; x_wconf 86' lang='lat'><strong>—-</strong></span> <span class='ocrx_word' id='word_1_22' title='bbox 913 420 1101 476; x_wconf 78' lang='lat' dir='ltr'><strong>Virtus</strong></span> <span class='ocrx_word' id='word_1_23' title='bbox 1131 421 1183 475; x_wconf 89' lang='lat' dir='ltr'><strong>in</strong></span> <span class='ocrx_word' id='word_1_24' title='bbox 1213 423 1528 480; x_wconf 68' lang='lat' dir='ltr'><strong>actionibus</strong></span> <span class='ocrx_word' id='word_1_25' title='bbox 1563 425 1791 482; x_wconf 90' lang='lat' dir='ltr'><strong>minime</strong></span> <span class='ocrx_word' id='word_1_26' title='bbox 1825 432 2039 484; x_wconf 74' lang='lat' dir='ltr'><strong>exercl-</strong></span> <span class='ocrx_word' id='word_1_27' title='bbox 2069 448 2115 500; x_wconf 67' lang='grc' dir='ltr'>Α</span> 
     </span>
    </p>
   </div>
   <div class='ocr_carea' id='block_1_6' title="bbox 2227 338 3660 521">
    <p class='ocr_par' dir='ltr' id='par_1_6' title="bbox 2227 338 3660 521">
     <span class='ocr_line' id='line_1_6' title="bbox 2227 338 3656 407; baseline 0.024 -35"><span class='ocrx_word' id='word_1_28' title='bbox 2227 338 2513 378; x_wconf 61' lang='lat' dir='ltr'><strong>mnuum</strong></span> <span class='ocrx_word' id='word_1_29' title='bbox 3551 338 3656 407; x_wconf 66' lang='lat'><strong>1312</strong></span> 
     </span>
     <span class='ocr_line' id='line_1_7' title="bbox 2227 427 3660 521; baseline 0.017 -43"><span class='ocrx_word' id='word_1_30' title='bbox 2227 427 2422 498; x_wconf 81' lang='grc' dir='ltr'>Ἀρετὴ</span> <span class='ocrx_word' id='word_1_31' title='bbox 2478 428 2813 500; x_wconf 78' lang='grc' dir='ltr'><strong>ἀμελέτητος</strong></span> <span class='ocrx_word' id='word_1_32' title='bbox 2837 433 2896 486; x_wconf 82' lang='grc' dir='ltr'><strong>ὲν</strong></span> <span class='ocrx_word' id='word_1_33' title='bbox 2929 436 3043 500; x_wconf 85' lang='grc' dir='ltr'>τοῖς</span> <span class='ocrx_word' id='word_1_34' title='bbox 3097 435 3301 509; x_wconf 75' lang='grc' dir='ltr'>ἔργοις,</span> <span class='ocrx_word' id='word_1_35' title='bbox 3358 445 3542 521; x_wconf 75' lang='grc' dir='ltr'>ταχέως</span> <span class='ocrx_word' id='word_1_36' title='bbox 3578 454 3660 511; x_wconf 74' lang='grc' dir='ltr'>ὑπδ</span> 
     </span>
    </p>
   </div>
   <div class='ocr_carea' id='block_1_7' title="bbox 2149 519 3050 592">
    <p class='ocr_par' dir='ltr' id='par_1_7' title="bbox 2149 519 3050 592">
     <span class='ocr_line' id='line_1_8' title="bbox 2149 519 3050 592; baseline 0.012 -22"><span class='ocrx_word' id='word_1_37' title='bbox 2149 519 2260 573; x_wconf 86' lang='grc' dir='ltr'><strong>τῶν</strong></span> <span class='ocrx_word' id='word_1_38' title='bbox 2284 521 2666 592; x_wconf 81' lang='grc' dir='ltr'><strong>περιστάσεων</strong></span> <span class='ocrx_word' id='word_1_39' title='bbox 2699 524 3050 592; x_wconf 79' lang='grc' dir='ltr'>ἀφανίζεται.</span> 
     </span>
    </p>
   </div>
   <div class='ocr_carea' id='block_1_8' title="bbox 2233 610 3664 702">
    <p class='ocr_par' dir='ltr' id='par_1_8' title="bbox 2233 610 3664 702">
     <span class='ocr_line' id='line_1_9' title="bbox 2233 610 3664 702; baseline 0.014 -37"><span class='ocrx_word' id='word_1_40' title='bbox 2233 613 2328 666; x_wconf 88' lang='grc' dir='ltr'><strong>Ἐκ</strong></span> <span class='ocrx_word' id='word_1_41' title='bbox 2359 614 2590 686; x_wconf 80' lang='grc' dir='ltr'><strong>μελέτης</strong></span> <span class='ocrx_word' id='word_1_42' title='bbox 2637 616 2840 688; x_wconf 82' lang='grc' dir='ltr'>πολλῆς</span> <span class='ocrx_word' id='word_1_43' title='bbox 2887 619 2984 672; x_wconf 75' lang='grc' dir='ltr'><strong>καὶ</strong></span> <span class='ocrx_word' id='word_1_44' title='bbox 3045 621 3331 694; x_wconf 80' lang='grc' dir='ltr'>ἀσκήσεως</span> <span class='ocrx_word' id='word_1_45' title='bbox 3360 610 3664 702; x_wconf 27' lang='grc' dir='ltr'>ήβίανκᾷὶὴ</span> 
     </span>
    </p>
   </div>
   <div class='ocr_carea' id='block_1_9' title="bbox 454 696 2063 778">
    <p class='ocr_par' dir='ltr' id='par_1_9' title="bbox 454 696 2040 768">
     <span class='ocr_line' id='line_1_10' title="bbox 454 696 2040 768; baseline 0.006 -21"><span class='ocrx_word' id='word_1_46' title='bbox 454 698 605 751; x_wconf 83' lang='lat' dir='ltr'><strong>tione</strong></span> <span class='ocrx_word' id='word_1_47' title='bbox 662 696 925 750; x_wconf 72' lang='lat' dir='ltr'><strong>violentia</strong></span> <span class='ocrx_word' id='word_1_48' title='bbox 980 705 1034 752; x_wconf 90' lang='lat' dir='ltr'><strong>et</strong></span> <span class='ocrx_word' id='word_1_49' title='bbox 1090 697 1284 753; x_wconf 81' lang='lat' dir='ltr'><strong>feritas</strong></span> <span class='ocrx_word' id='word_1_50' title='bbox 1334 700 1814 768; x_wconf 89' lang='lat' dir='ltr'><strong>perturbationum</strong></span> <span class='ocrx_word' id='word_1_51' title='bbox 1868 702 2040 757; x_wconf 88' lang='lat' dir='ltr'><strong>animi</strong></span> 
     </span>
    </p>
   </div>
   <div class='ocr_carea' id='block_1_10' title="bbox 2168 696 3016 778">
    <p class='ocr_par' dir='ltr' id='par_1_10' title="bbox 2168 706 3016 778">
     <span class='ocr_line' id='line_1_11' title="bbox 2168 706 3016 778; baseline 0.011 -20"><span class='ocrx_word' id='word_1_52' title='bbox 2168 706 2406 778; x_wconf 87' lang='grc' dir='ltr'>ιγριότης</span> <span class='ocrx_word' id='word_1_53' title='bbox 2433 707 2541 762; x_wconf 87' lang='grc' dir='ltr'>τῶν</span> <span class='ocrx_word' id='word_1_54' title='bbox 2563 709 2754 763; x_wconf 86' lang='grc' dir='ltr'>παθῶν</span> <span class='ocrx_word' id='word_1_55' title='bbox 2779 710 3016 768; x_wconf 81' lang='grc' dir='ltr'>ἀσθενεῖ.</span> 
     </span>
    </p>
   </div>
   <div class='ocr_carea' id='block_1_11' title="bbox 455 790 747 857">
    <p class='ocr_par' dir='ltr' id='par_1_11' title="bbox 455 790 747 857">
     <span class='ocr_line' id='line_1_12' title="bbox 455 790 747 857; baseline 0 -15"><span class='ocrx_word' id='word_1_56' title='bbox 455 790 747 857; x_wconf 78' lang='lat' dir='ltr'><strong>frangitur.</strong></span> 
     </span>
    </p>
   </div>
   <div class='ocr_carea' id='block_1_12' title="bbox 525 880 2044 950">
    <p class='ocr_par' dir='ltr' id='par_1_12' title="bbox 525 880 2044 950">
     <span class='ocr_line' id='line_1_13' title="bbox 525 880 2044 950; baseline 0.005 -17"><span class='ocrx_word' id='word_1_57' title='bbox 525 880 787 934; x_wconf 76' lang='lat' dir='ltr'><strong>Philonis.</strong></span> <span class='ocrx_word' id='word_1_58' title='bbox 825 910 896 922; x_wconf 89' lang='lat'><strong>--</strong></span> <span class='ocrx_word' id='word_1_59' title='bbox 933 883 1173 938; x_wconf 86' lang='lat' dir='ltr'><strong>Assidua</strong></span> <span class='ocrx_word' id='word_1_60' title='bbox 1205 884 1558 950; x_wconf 80' lang='lat' dir='ltr'><strong>exercitatio,</strong></span> <span class='ocrx_word' id='word_1_61' title='bbox 1611 885 1822 942; x_wconf 78' lang='lat' dir='ltr'><strong>ﬁrmam</strong></span> <span class='ocrx_word' id='word_1_62' title='bbox 1859 887 2044 942; x_wconf 82' lang='lat' dir='ltr'><strong>scien-</strong></span> 
     </span>
    </p>
   </div>
   <div class='ocr_carea' id='block_1_13' title="bbox 453 975 2043 1052">
    <p class='ocr_par' dir='ltr' id='par_1_13' title="bbox 453 975 2043 1052">
     <span class='ocr_line' id='line_1_14' title="bbox 453 975 2043 1052; baseline 0.005 -23"><span class='ocrx_word' id='word_1_63' title='bbox 453 978 582 1030; x_wconf 84' lang='lat' dir='ltr'><strong>tiam</strong></span> <span class='ocrx_word' id='word_1_64' title='bbox 615 975 800 1043; x_wconf 85' lang='lat' dir='ltr'><strong>ellicit,</strong></span> <span class='ocrx_word' id='word_1_65' title='bbox 820 978 1287 1048; x_wconf 83' lang='lat' dir='ltr'><strong>quemadmodum</strong></span> <span class='ocrx_word' id='word_1_66' title='bbox 1313 980 1731 1036; x_wconf 83' lang='lat' dir='ltr'><strong>exercitationis</strong></span> <span class='ocrx_word' id='word_1_67' title='bbox 1759 982 2043 1052; x_wconf 79' lang='lat' dir='ltr'><strong>negligen-</strong></span> 
     </span>
    </p>
   </div>
   <div class='ocr_carea' id='block_1_14' title="bbox 453 1070 2044 1147">
    <p class='ocr_par' dir='ltr' id='par_1_14' title="bbox 453 1070 2044 1147">
     <span class='ocr_line' id='line_1_15' title="bbox 453 1070 2044 1147; baseline 0.005 -25"><span class='ocrx_word' id='word_1_68' title='bbox 453 1070 527 1123; x_wconf 87' lang='lat' dir='ltr'><strong>tia</strong></span> <span class='ocrx_word' id='word_1_69' title='bbox 557 1070 835 1125; x_wconf 86' lang='lat' dir='ltr'><strong>inscitiam</strong></span> <span class='ocrx_word' id='word_1_70' title='bbox 866 1071 1032 1140; x_wconf 86' lang='lat' dir='ltr'><strong>parit.</strong></span> <span class='ocrx_word' id='word_1_71' title='bbox 1065 1072 1422 1143; x_wconf 79' lang='lat' dir='ltr'><strong>Rursumque</strong></span> <span class='ocrx_word' id='word_1_72' title='bbox 1449 1075 1852 1144; x_wconf 79' lang='lat' dir='ltr'><strong>expericntiam</strong></span> <span class='ocrx_word' id='word_1_73' title='bbox 1880 1084 2044 1147; x_wconf 78' lang='lat' dir='ltr'><strong>auget</strong></span> 
     </span>
    </p>
   </div>
   <div class='ocr_carea' id='block_1_15' title="bbox 453 1163 2044 1232">
    <p class='ocr_par' dir='ltr' id='par_1_15' title="bbox 453 1163 2044 1232">
     <span class='ocr_line' id='line_1_16' title="bbox 453 1163 2044 1232; baseline 0.003 -14"><span class='ocrx_word' id='word_1_74' title='bbox 453 1163 698 1218; x_wconf 86' lang='lat' dir='ltr'><strong>studium</strong></span> <span class='ocrx_word' id='word_1_75' title='bbox 723 1164 872 1232; x_wconf 88' lang='lat' dir='ltr'><strong>quod</strong></span> <span class='ocrx_word' id='word_1_76' title='bbox 906 1163 959 1218; x_wconf 92' lang='lat' dir='ltr'><strong>in</strong></span> <span class='ocrx_word' id='word_1_77' title='bbox 993 1180 1056 1220; x_wconf 88' lang='lat' dir='ltr'><strong>ea</strong></span> <span class='ocrx_word' id='word_1_78' title='bbox 1089 1166 1416 1221; x_wconf 86' lang='lat' dir='ltr'><strong>conteritur.</strong></span> <span class='ocrx_word' id='word_1_79' title='bbox 1438 1197 1508 1206; x_wconf 96' lang='lat'><strong>—</strong></span> <span class='ocrx_word' id='word_1_80' title='bbox 1535 1166 1821 1224; x_wconf 86' lang='lat' dir='ltr'><strong>Meditatio</strong></span> <span class='ocrx_word' id='word_1_81' title='bbox 1852 1168 2044 1224; x_wconf 77' lang='lat' dir='ltr'><strong>nutrix</strong></span> 
     </span>
    </p>
   </div>
   <div class='ocr_carea' id='block_1_16' title="bbox 453 1256 848 1309">
    <p class='ocr_par' dir='ltr' id='par_1_16' title="bbox 453 1256 848 1309">
     <span class='ocr_line' id='line_1_17' title="bbox 453 1256 848 1309; baseline 0 -1"><span class='ocrx_word' id='word_1_82' title='bbox 453 1265 538 1308; x_wconf 84' lang='lat' dir='ltr'><strong>est</strong></span> <span class='ocrx_word' id='word_1_83' title='bbox 576 1256 848 1309; x_wconf 66' lang='lat' dir='ltr'><strong>scientiae.</strong></span> 
     </span>
    </p>
   </div>
   <div class='ocr_carea' id='block_1_17' title="bbox 703 1345 1792 1420">
    <p class='ocr_par' dir='ltr' id='par_1_17' title="bbox 703 1345 1792 1420">
     <span class='ocr_line' id='line_1_18' title="bbox 703 1345 1792 1420; baseline 0.006 -22"><span class='ocrx_word' id='word_1_84' title='bbox 703 1345 837 1402; x_wconf 88' lang='grc' dir='ltr'><strong>ΤΙΤ.</strong></span> <span class='ocrx_word' id='word_1_85' title='bbox 879 1346 1181 1404; x_wconf 86' lang='lat' dir='ltr'><strong>Vll.——De</strong></span> <span class='ocrx_word' id='word_1_86' title='bbox 1213 1349 1280 1404; x_wconf 77' lang='lat' dir='ltr'><strong>iis</strong></span> <span class='ocrx_word' id='word_1_87' title='bbox 1319 1349 1410 1419; x_wconf 82' lang='lat' dir='ltr'><strong>qui</strong></span> <span class='ocrx_word' id='word_1_88' title='bbox 1450 1350 1792 1420; x_wconf 74' lang='lat' dir='ltr'><strong>resipiscunt.</strong></span> 
     </span>
    </p>
   </div>
   <div class='ocr_carea' id='block_1_18' title="bbox 530 1439 2044 1511">
    <p class='ocr_par' dir='ltr' id='par_1_18' title="bbox 530 1439 2044 1511">
     <span class='ocr_line' id='line_1_19' title="bbox 530 1439 2044 1511; baseline 0.003 -19"><span class='ocrx_word' id='word_1_89' title='bbox 530 1439 679 1492; x_wconf 74' lang='lat' dir='ltr'><strong>Psal.</strong></span> <span class='ocrx_word' id='word_1_90' title='bbox 722 1456 890 1505; x_wconf 77' lang='lat' dir='ltr'><strong>uxr,</strong></span> <span class='ocrx_word' id='word_1_91' title='bbox 946 1440 1001 1494; x_wconf 85' lang='lat'><strong>5.</strong></span> <span class='ocrx_word' id='word_1_92' title='bbox 1037 1470 1106 1480; x_wconf 87' lang='lat'><strong>-—</strong></span> <span class='ocrx_word' id='word_1_93' title='bbox 1143 1461 1160 1491; x_wconf 74' lang='grc' dir='ltr'>ι</span> <span class='ocrx_word' id='word_1_94' title='bbox 1205 1441 1475 1496; x_wconf 91' lang='lat' dir='ltr'><strong>Delictum</strong></span> <span class='ocrx_word' id='word_1_95' title='bbox 1526 1457 1708 1496; x_wconf 89' lang='lat' dir='ltr'><strong>meum</strong></span> <span class='ocrx_word' id='word_1_96' title='bbox 1759 1443 2044 1511; x_wconf 77' lang='lat' dir='ltr'><strong>cognitum</strong></span> 
     </span>
    </p>
   </div>
   <div class='ocr_carea' id='block_1_19' title="bbox 457 1531 1917 1602">
    <p class='ocr_par' dir='ltr' id='par_1_19' title="bbox 457 1531 1917 1602">
     <span class='ocr_line' id='line_1_20' title="bbox 457 1531 1917 1602; baseline 0.001 -18"><span class='ocrx_word' id='word_1_97' title='bbox 457 1534 552 1584; x_wconf 86' lang='lat' dir='ltr'><strong>tibi</strong></span> <span class='ocrx_word' id='word_1_98' title='bbox 597 1531 732 1595; x_wconf 78' lang='lat' dir='ltr'><strong>feci,</strong></span> <span class='ocrx_word' id='word_1_99' title='bbox 767 1539 822 1586; x_wconf 90' lang='lat' dir='ltr'><strong>et</strong></span> <span class='ocrx_word' id='word_1_100' title='bbox 861 1531 1190 1602; x_wconf 87' lang='lat' dir='ltr'><strong>injustitiam</strong></span> <span class='ocrx_word' id='word_1_101' title='bbox 1227 1547 1404 1586; x_wconf 87' lang='lat' dir='ltr'><strong>meam</strong></span> <span class='ocrx_word' id='word_1_102' title='bbox 1439 1549 1548 1588; x_wconf 92' lang='lat' dir='ltr'><strong>non</strong></span> <span class='ocrx_word' id='word_1_103' title='bbox 1577 1535 1864 1589; x_wconf 87' lang='lat' dir='ltr'><strong>abscondi.</strong></span> <span class='ocrx_word' id='word_1_104' title='bbox 1898 1554 1917 1586; x_wconf 75' lang='grc' dir='ltr'><strong>ι</strong></span> 
     </span>
    </p>
   </div>
   <div class='ocr_carea' id='block_1_20' title="bbox 530 1624 2044 1695">
    <p class='ocr_par' dir='ltr' id='par_1_20' title="bbox 530 1624 2044 1695">
     <span class='ocr_line' id='line_1_21' title="bbox 530 1624 2044 1695; baseline 0.001 -16"><span class='ocrx_word' id='word_1_105' title='bbox 530 1627 679 1679; x_wconf 81' lang='lat' dir='ltr'><strong>Psal.</strong></span> <span class='ocrx_word' id='word_1_106' title='bbox 720 1641 904 1680; x_wconf 77' lang='lat' dir='ltr'><strong>xxxvu</strong></span> <span class='ocrx_word' id='word_1_107' title='bbox 927 1667 942 1692; x_wconf 87' lang='lat'><strong>,</strong></span> <span class='ocrx_word' id='word_1_108' title='bbox 974 1624 1062 1689; x_wconf 63' lang='lat' dir='ltr'><strong>l9,</strong></span> <span class='ocrx_word' id='word_1_109' title='bbox 1087 1655 1155 1664; x_wconf 87' lang='lat'><strong>-—-</strong></span> <span class='ocrx_word' id='word_1_110' title='bbox 1190 1644 1206 1675; x_wconf 80' lang='grc' dir='ltr'><strong>ι</strong></span> <span class='ocrx_word' id='word_1_111' title='bbox 1239 1625 1592 1695; x_wconf 87' lang='lat' dir='ltr'><strong>iniquitatem</strong></span> <span class='ocrx_word' id='word_1_112' title='bbox 1623 1640 1802 1680; x_wconf 87' lang='lat' dir='ltr'><strong>meam</strong></span> <span class='ocrx_word' id='word_1_113' title='bbox 1829 1641 2044 1680; x_wconf 89' lang='lat' dir='ltr'><strong>annun-</strong></span> 
     </span>
    </p>
   </div>
   <div class='ocr_carea' id='block_1_21' title="bbox 458 1719 1648 1788">
    <p class='ocr_par' dir='ltr' id='par_1_21' title="bbox 458 1719 1648 1788">
     <span class='ocr_line' id='line_1_22' title="bbox 458 1719 1648 1788; baseline -0.006 -13"><span class='ocrx_word' id='word_1_114' title='bbox 458 1722 605 1775; x_wconf 82' lang='lat' dir='ltr'><strong>tiabo</strong></span> <span class='ocrx_word' id='word_1_115' title='bbox 631 1760 644 1785; x_wconf 87' lang='lat'><strong>,</strong></span> <span class='ocrx_word' id='word_1_116' title='bbox 683 1727 738 1774; x_wconf 86' lang='lat' dir='ltr'><strong>et</strong></span> <span class='ocrx_word' id='word_1_117' title='bbox 765 1719 1025 1788; x_wconf 73' lang='lat' dir='ltr'><strong>cogitabo</strong></span> <span class='ocrx_word' id='word_1_118' title='bbox 1056 1734 1153 1788; x_wconf 92' lang='lat' dir='ltr'><strong>pro</strong></span> <span class='ocrx_word' id='word_1_119' title='bbox 1188 1726 1412 1786; x_wconf 89' lang='lat' dir='ltr'><strong>peccato</strong></span> <span class='ocrx_word' id='word_1_120' title='bbox 1445 1733 1591 1772; x_wconf 91' lang='lat' dir='ltr'><strong>meo.</strong></span> <span class='ocrx_word' id='word_1_121' title='bbox 1630 1737 1648 1768; x_wconf 79' lang='grc' dir='ltr'><strong>ι</strong></span> 
     </span>
    </p>
   </div>
   <div class='ocr_carea' id='block_1_22' title="bbox 2226 883 3670 969">
    <p class='ocr_par' dir='ltr' id='par_1_22' title="bbox 2226 883 3670 969">
     <span class='ocr_line' id='line_1_23' title="bbox 2226 883 3670 969; baseline 0.015 -32"><span class='ocrx_word' id='word_1_122' title='bbox 2226 883 2292 938; x_wconf 88' lang='grc' dir='ltr'><strong>Ἦ</strong></span> <span class='ocrx_word' id='word_1_123' title='bbox 2325 885 2556 956; x_wconf 80' lang='grc' dir='ltr'>συνεχὴς</span> <span class='ocrx_word' id='word_1_124' title='bbox 2590 886 2826 958; x_wconf 80' lang='grc' dir='ltr'>ἄσκησις</span> <span class='ocrx_word' id='word_1_125' title='bbox 2849 886 3164 962; x_wconf 78' lang='grc' dir='ltr'><strong>ἐπιστήμην</strong></span> <span class='ocrx_word' id='word_1_126' title='bbox 3189 895 3391 964; x_wconf 87' lang='grc' dir='ltr'>παγίαν</span> <span class='ocrx_word' id='word_1_127' title='bbox 3407 898 3670 969; x_wconf 77' lang='grc' dir='ltr'><strong>ἐργάζεται,</strong></span> 
     </span>
    </p>
   </div>
   <div class='ocr_carea' id='block_1_23' title="bbox 2142 975 3674 1061">
    <p class='ocr_par' dir='ltr' id='par_1_23' title="bbox 2142 975 3674 1061">
     <span class='ocr_line' id='line_1_24' title="bbox 2142 975 3674 1061; baseline 0.007 -33"><span class='ocrx_word' id='word_1_128' title='bbox 2142 975 2219 1040; x_wconf 84' lang='grc' dir='ltr'>ὼς</span> <span class='ocrx_word' id='word_1_129' title='bbox 2247 975 2488 1046; x_wconf 80' lang='grc' dir='ltr'><strong>ἀμαθίαν</strong></span> <span class='ocrx_word' id='word_1_130' title='bbox 2517 978 2856 1052; x_wconf 87' lang='grc' dir='ltr'>ἀμελετησία</span> <span class='ocrx_word' id='word_1_131' title='bbox 2887 1000 2904 1016; x_wconf 78' lang='grc' dir='ltr'><strong>ο</strong></span> <span class='ocrx_word' id='word_1_132' title='bbox 2937 985 3030 1038; x_wconf 77' lang='grc' dir='ltr'>καὶ</span> <span class='ocrx_word' id='word_1_133' title='bbox 3052 984 3219 1039; x_wconf 85' lang='grc' dir='ltr'>πάλιν</span> <span class='ocrx_word' id='word_1_134' title='bbox 3247 985 3396 1051; x_wconf 80' lang='grc' dir='ltr'><strong>αὔξει</strong></span> <span class='ocrx_word' id='word_1_135' title='bbox 3443 991 3532 1061; x_wconf 80' lang='grc' dir='ltr'>τὴν</span> <span class='ocrx_word' id='word_1_136' title='bbox 3557 1042 3560 1044; x_wconf 90' lang='grc'><strong>.</strong></span> <span class='ocrx_word' id='word_1_137' title='bbox 3583 1000 3674 1050; x_wconf 76' lang='grc' dir='ltr'>πεῖ.</span> 
     </span>
    </p>
   </div>
   <div class='ocr_carea' id='block_1_24' title="bbox 2148 1069 3676 1157">
    <p class='ocr_par' dir='ltr' id='par_1_24' title="bbox 2148 1069 3676 1157">
     <span class='ocr_line' id='line_1_25' title="bbox 2148 1069 3676 1157; baseline 0.011 -36"><span class='ocrx_word' id='word_1_138' title='bbox 2148 1085 2246 1136; x_wconf 86' lang='grc' dir='ltr'>ραν</span> <span class='ocrx_word' id='word_1_139' title='bbox 2268 1069 2302 1138; x_wconf 85' lang='grc' dir='ltr'><strong>ή</strong></span> <span class='ocrx_word' id='word_1_140' title='bbox 2327 1086 2392 1121; x_wconf 86' lang='grc' dir='ltr'><strong>πε</strong></span> <span class='ocrx_word' id='word_1_141' title='bbox 2403 1070 2456 1140; x_wconf 62' lang='lat' dir='ltr'><strong>pi.</strong></span> <span class='ocrx_word' id='word_1_142' title='bbox 2492 1070 2664 1142; x_wconf 82' lang='grc' dir='ltr'>αὑτὴν</span> <span class='ocrx_word' id='word_1_143' title='bbox 2693 1073 2882 1145; x_wconf 77' lang='grc' dir='ltr'>τριϐή.</span> <span class='ocrx_word' id='word_1_144' title='bbox 2911 1103 2985 1115; x_wconf 82' lang='grc'><strong><em>-</em></strong></span> <span class='ocrx_word' id='word_1_145' title='bbox 3017 1077 3233 1148; x_wconf 81' lang='grc' dir='ltr'><strong>Μελέτη</strong></span> <span class='ocrx_word' id='word_1_146' title='bbox 3274 1080 3468 1149; x_wconf 82' lang='grc' dir='ltr'>τροφὸς</span> <span class='ocrx_word' id='word_1_147' title='bbox 3499 1083 3676 1157; x_wconf 74' lang='grc' dir='ltr'>ἐπιστή-</span> 
     </span>
    </p>
   </div>
   <div class='ocr_carea' id='block_1_25' title="bbox 2148 1175 2280 1229">
    <p class='ocr_par' dir='ltr' id='par_1_25' title="bbox 2148 1175 2280 1229">
     <span class='ocr_line' id='line_1_26' title="bbox 2148 1175 2280 1229; baseline -0.053 1"><span class='ocrx_word' id='word_1_148' title='bbox 2148 1175 2280 1229; x_wconf 78' lang='grc' dir='ltr'>μης.</span> 
     </span>
    </p>
   </div>
   <div class='ocr_carea' id='block_1_26' title="bbox 2149 1342 3508 1423">
    <p class='ocr_par' dir='ltr' id='par_1_26' title="bbox 2149 1342 3508 1423">
     <span class='ocr_line' id='line_1_27' title="bbox 2149 1342 3508 1423; baseline 0.006 -29"><span class='ocrx_word' id='word_1_149' title='bbox 2149 1414 2154 1423; x_wconf 37' lang='lat'>.</span> <span class='ocrx_word' id='word_1_150' title='bbox 2358 1342 2545 1397; x_wconf 84' lang='grc' dir='ltr'><strong>ΤΙΤΛ.</strong></span> <span class='ocrx_word' id='word_1_151' title='bbox 2580 1342 2654 1398; x_wconf 92' lang='lat' dir='ltr'><strong>Z&#39;.</strong></span> <span class='ocrx_word' id='word_1_152' title='bbox 2689 1373 2759 1384; x_wconf 92' lang='lat'><strong>—</strong></span> <span class='ocrx_word' id='word_1_153' title='bbox 2786 1345 2927 1415; x_wconf 79' lang='grc' dir='ltr'>Περὶ</span> <span class='ocrx_word' id='word_1_154' title='bbox 2951 1347 3508 1416; x_wconf 68' lang='grc' dir='ltr'>γνωσιμαχούντων.</span> 
     </span>
    </p>
   </div>
   <div class='ocr_carea' id='block_1_27' title="bbox 2224 1432 3680 1513">
    <p class='ocr_par' dir='ltr' id='par_1_27' title="bbox 2224 1432 3680 1513">
     <span class='ocr_line' id='line_1_28' title="bbox 2224 1432 3680 1513; baseline 0.009 -29"><span class='ocrx_word' id='word_1_155' title='bbox 2224 1449 2242 1483; x_wconf 80' lang='lat' dir='ltr'><strong>t</strong></span> <span class='ocrx_word' id='word_1_156' title='bbox 2274 1432 2386 1504; x_wconf 82' lang='grc' dir='ltr'>Τὴν</span> <span class='ocrx_word' id='word_1_157' title='bbox 2417 1433 2652 1505; x_wconf 78' lang='grc' dir='ltr'>ἀνομίαν</span> <span class='ocrx_word' id='word_1_158' title='bbox 2689 1454 2790 1508; x_wconf 89' lang='grc' dir='ltr'><strong>μου</strong></span> <span class='ocrx_word' id='word_1_159' title='bbox 2855 1437 3153 1511; x_wconf 79' lang='grc' dir='ltr'><strong>ἐγνώρισα,</strong></span> <span class='ocrx_word' id='word_1_160' title='bbox 3204 1438 3298 1492; x_wconf 83' lang='grc' dir='ltr'>καὶ</span> <span class='ocrx_word' id='word_1_161' title='bbox 3331 1440 3428 1509; x_wconf 83' lang='grc' dir='ltr'>τὴν</span> <span class='ocrx_word' id='word_1_162' title='bbox 3451 1441 3680 1513; x_wconf 80' lang='grc' dir='ltr'><strong>ἁμαρτίαν</strong></span> 
     </span>
    </p>
   </div>
   <div class='ocr_carea' id='block_1_28' title="bbox 2150 1525 2732 1598">
    <p class='ocr_par' dir='ltr' id='par_1_28' title="bbox 2150 1525 2732 1598">
     <span class='ocr_line' id='line_1_29' title="bbox 2150 1525 2732 1598; baseline 0.01 -23"><span class='ocrx_word' id='word_1_163' title='bbox 2150 1539 2251 1594; x_wconf 89' lang='grc' dir='ltr'><strong>μου</strong></span> <span class='ocrx_word' id='word_1_164' title='bbox 2277 1525 2378 1579; x_wconf 87' lang='grc' dir='ltr'><strong>οὑκ</strong></span> <span class='ocrx_word' id='word_1_165' title='bbox 2417 1526 2684 1598; x_wconf 75' lang='grc' dir='ltr'>ἐκάλυψα.</span> <span class='ocrx_word' id='word_1_166' title='bbox 2713 1548 2732 1581; x_wconf 69' lang='grc' dir='ltr'><strong>ι</strong></span> 
     </span>
    </p>
   </div>
   <div class='ocr_carea' id='block_1_29' title="bbox 2224 1617 3684 1704">
    <p class='ocr_par' dir='ltr' id='par_1_29' title="bbox 2224 1617 3684 1704">
     <span class='ocr_line' id='line_1_30' title="bbox 2224 1617 3684 1704; baseline 0.013 -37"><span class='ocrx_word' id='word_1_167' title='bbox 2224 1635 2242 1667; x_wconf 80' lang='grc' dir='ltr'><strong>ι</strong></span> <span class='ocrx_word' id='word_1_168' title='bbox 2271 1617 2382 1688; x_wconf 80' lang='grc' dir='ltr'>Τὴν</span> <span class='ocrx_word' id='word_1_169' title='bbox 2407 1617 2775 1690; x_wconf 81' lang='grc' dir='ltr'>ἀνομίαν’μου</span> <span class='ocrx_word' id='word_1_170' title='bbox 2812 1619 2924 1690; x_wconf 81' lang='grc' dir='ltr'><strong>ἐγὼ</strong></span> <span class='ocrx_word' id='word_1_171' title='bbox 2946 1623 3257 1692; x_wconf 59' lang='grc' dir='ltr'>ἀναῃελῶ,</span> <span class='ocrx_word' id='word_1_172' title='bbox 3286 1628 3382 1681; x_wconf 71' lang='grc' dir='ltr'><strong>καὶ</strong></span> <span class='ocrx_word' id='word_1_173' title='bbox 3416 1633 3684 1704; x_wconf 81' lang='grc' dir='ltr'>μεριμνήσω</span> 
     </span>
    </p>
   </div>
   <div class='ocr_carea' id='block_1_30' title="bbox 2149 1708 2930 1784">
    <p class='ocr_par' dir='ltr' id='par_1_30' title="bbox 2149 1708 2930 1784">
     <span class='ocr_line' id='line_1_31' title="bbox 2149 1708 2930 1784; baseline 0.006 -23"><span class='ocrx_word' id='word_1_174' title='bbox 2149 1708 2292 1780; x_wconf 82' lang='grc' dir='ltr'>ὑπὲρ</span> <span class='ocrx_word' id='word_1_175' title='bbox 2309 1710 2410 1780; x_wconf 84' lang='grc' dir='ltr'>τῆς</span> <span class='ocrx_word' id='word_1_176' title='bbox 2440 1711 2719 1782; x_wconf 80' lang='grc' dir='ltr'>ἁμαρτίας</span> <span class='ocrx_word' id='word_1_177' title='bbox 2749 1731 2872 1784; x_wconf 87' lang='grc' dir='ltr'>μου.</span> <span class='ocrx_word' id='word_1_178' title='bbox 2913 1733 2930 1766; x_wconf 79' lang='grc' dir='ltr'><strong>ι</strong></span> 
     </span>
    </p>
   </div>
   <div class='ocr_carea' id='block_1_31' title="bbox 531 1793 2063 1884">
    <p class='ocr_par' dir='ltr' id='par_1_31' title="bbox 531 1809 2042 1881">
     <span class='ocr_line' id='line_1_32' title="bbox 531 1809 2042 1881; baseline -0.003 -13"><span class='ocrx_word' id='word_1_179' title='bbox 531 1816 684 1868; x_wconf 85' lang='lat' dir='ltr'><strong>Prov.</strong></span> <span class='ocrx_word' id='word_1_180' title='bbox 709 1829 862 1877; x_wconf 84' lang='lat' dir='ltr'><strong>xvm,</strong></span> <span class='ocrx_word' id='word_1_181' title='bbox 887 1811 1283 1867; x_wconf 73' lang='lat' dir='ltr'><strong>l7.—-c.lustus</strong></span> <span class='ocrx_word' id='word_1_182' title='bbox 1306 1812 1456 1881; x_wconf 90' lang='lat' dir='ltr'><strong>prior</strong></span> <span class='ocrx_word' id='word_1_183' title='bbox 1474 1818 1558 1865; x_wconf 86' lang='lat' dir='ltr'><strong>est</strong></span> <span class='ocrx_word' id='word_1_184' title='bbox 1582 1818 1879 1865; x_wconf 87' lang='lat' dir='ltr'><strong>accusator</strong></span> <span class='ocrx_word' id='word_1_185' title='bbox 1896 1809 2005 1866; x_wconf 85' lang='lat' dir='ltr'><strong>sui.</strong></span> <span class='ocrx_word' id='word_1_186' title='bbox 2023 1829 2042 1864; x_wconf 77' lang='grc' dir='ltr'><strong>ι</strong></span> 
     </span>
    </p>
   </div>
   <div class='ocr_carea' id='block_1_32' title="bbox 2168 1793 3554 1884">
    <p class='ocr_par' dir='ltr' id='par_1_32' title="bbox 2226 1803 3554 1884">
     <span class='ocr_line' id='line_1_33' title="bbox 2226 1803 3554 1884; baseline 0.01 -32"><span class='ocrx_word' id='word_1_187' title='bbox 2226 1819 2245 1852; x_wconf 76' lang='grc' dir='ltr'>ι</span> <span class='ocrx_word' id='word_1_188' title='bbox 2273 1803 2492 1866; x_wconf 81' lang='grc' dir='ltr'><strong>Δίκαιος</strong></span> <span class='ocrx_word' id='word_1_189' title='bbox 2512 1805 2709 1859; x_wconf 80' lang='grc' dir='ltr'>ἑαυτοῦ</span> <span class='ocrx_word' id='word_1_190' title='bbox 2732 1808 3044 1880; x_wconf 89' lang='grc' dir='ltr'>κατήγορος</span> <span class='ocrx_word' id='word_1_191' title='bbox 3072 1810 3132 1863; x_wconf 86' lang='grc' dir='ltr'>ὲν</span> <span class='ocrx_word' id='word_1_192' title='bbox 3157 1811 3517 1884; x_wconf 81' lang='grc' dir='ltr'>πρωτολογίᾳ.</span> <span class='ocrx_word' id='word_1_193' title='bbox 3537 1832 3554 1865; x_wconf 76' lang='grc' dir='ltr'><strong>ι</strong></span> 
     </span>
    </p>
   </div>
   <div class='ocr_carea' id='block_1_33' title="bbox 533 1903 2050 1974">
    <p class='ocr_par' dir='ltr' id='par_1_33' title="bbox 533 1903 2050 1974">
     <span class='ocr_line' id='line_1_34' title="bbox 533 1903 2050 1974; baseline 0 -16"><span class='ocrx_word' id='word_1_194' title='bbox 533 1906 702 1960; x_wconf 80' lang='lat' dir='ltr'><strong>Eccli.</strong></span> <span class='ocrx_word' id='word_1_195' title='bbox 732 1920 898 1967; x_wconf 76' lang='lat' dir='ltr'><strong>xvut,</strong></span> <span class='ocrx_word' id='word_1_196' title='bbox 933 1905 1107 1959; x_wconf 82' lang='grc'><strong>19.--</strong></span> <span class='ocrx_word' id='word_1_197' title='bbox 1136 1922 1153 1954; x_wconf 79' lang='grc' dir='ltr'>ι</span> <span class='ocrx_word' id='word_1_198' title='bbox 1177 1904 1318 1957; x_wconf 86' lang='lat' dir='ltr'><strong>Ante</strong></span> <span class='ocrx_word' id='word_1_199' title='bbox 1355 1903 1628 1974; x_wconf 77' lang='lat' dir='ltr'><strong>judicium</strong></span> <span class='ocrx_word' id='word_1_200' title='bbox 1675 1903 1930 1957; x_wconf 82' lang='lat' dir='ltr'><strong>examina</strong></span> <span class='ocrx_word' id='word_1_201' title='bbox 1965 1910 2050 1958; x_wconf 90' lang='lat' dir='ltr'><strong>te-</strong></span> 
     </span>
    </p>
   </div>
   <div class='ocr_carea' id='block_1_34' title="bbox 460 1992 2052 2067">
    <p class='ocr_par' dir='ltr' id='par_1_34' title="bbox 460 1992 2052 2067">
     <span class='ocr_line' id='line_1_35' title="bbox 460 1992 2052 2067; baseline -0.003 -16"><span class='ocrx_word' id='word_1_202' title='bbox 460 1999 676 2067; x_wconf 88' lang='lat' dir='ltr'><strong>ipsum,</strong></span> <span class='ocrx_word' id='word_1_203' title='bbox 719 2007 772 2050; x_wconf 89' lang='lat' dir='ltr'><strong>et</strong></span> <span class='ocrx_word' id='word_1_204' title='bbox 805 1996 861 2048; x_wconf 90' lang='lat' dir='ltr'><strong>in</strong></span> <span class='ocrx_word' id='word_1_205' title='bbox 913 2005 1156 2063; x_wconf 90' lang='lat' dir='ltr'><strong>tempore</strong></span> <span class='ocrx_word' id='word_1_206' title='bbox 1193 1992 1527 2049; x_wconf 86' lang='lat' dir='ltr'><strong>visitationis</strong></span> <span class='ocrx_word' id='word_1_207' title='bbox 1571 1992 1819 2049; x_wconf 83' lang='lat' dir='ltr'><strong>invenies</strong></span> <span class='ocrx_word' id='word_1_208' title='bbox 1864 1993 2052 2063; x_wconf 88' lang='lat' dir='ltr'><strong>propi-</strong></span> 
     </span>
    </p>
   </div>
   <div class='ocr_carea' id='block_1_35' title="bbox 461 2090 826 2142">
    <p class='ocr_par' dir='ltr' id='par_1_35' title="bbox 461 2090 826 2142">
     <span class='ocr_line' id='line_1_36' title="bbox 461 2090 826 2142; baseline -0.008 -1"><span class='ocrx_word' id='word_1_209' title='bbox 461 2090 772 2142; x_wconf 83' lang='lat' dir='ltr'><strong>tiationem.</strong></span> <span class='ocrx_word' id='word_1_210' title='bbox 808 2106 826 2138; x_wconf 72' lang='grc' dir='ltr'><strong>ι</strong></span> 
     </span>
    </p>
   </div>
   <div class='ocr_carea' id='block_1_36' title="bbox 536 2173 2053 2247">
    <p class='ocr_par' dir='ltr' id='par_1_36' title="bbox 536 2173 2053 2247">
     <span class='ocr_line' id='line_1_37' title="bbox 536 2173 2053 2247; baseline -0.005 -14"><span class='ocrx_word' id='word_1_211' title='bbox 536 2179 700 2234; x_wconf 80' lang='lat' dir='ltr'><strong>Eccli.</strong></span> <span class='ocrx_word' id='word_1_212' title='bbox 734 2196 785 2244; x_wconf 89' lang='grc' dir='ltr'>ι,</span> <span class='ocrx_word' id='word_1_213' title='bbox 818 2179 904 2234; x_wconf 79' lang='lat'><strong>&#39;51.</strong></span> <span class='ocrx_word' id='word_1_214' title='bbox 944 2209 1014 2220; x_wconf 92' lang='lat'><strong>—-</strong></span> <span class='ocrx_word' id='word_1_215' title='bbox 1041 2198 1058 2229; x_wconf 86' lang='grc'>‹</span> <span class='ocrx_word' id='word_1_216' title='bbox 1095 2176 1216 2233; x_wconf 83' lang='grc' dir='ltr'>Νοιι</span> <span class='ocrx_word' id='word_1_217' title='bbox 1250 2175 1608 2232; x_wconf 79' lang='lat' dir='ltr'><strong>confundaris</strong></span> <span class='ocrx_word' id='word_1_218' title='bbox 1642 2173 1890 2231; x_wconf 81' lang='lat' dir='ltr'><strong>conﬁteri</strong></span> <span class='ocrx_word' id='word_1_219' title='bbox 1924 2179 2053 2247; x_wconf 79' lang='lat' dir='ltr'><strong>per.-</strong></span> 
     </span>
    </p>
   </div>
   <div class='ocr_carea' id='block_1_37' title="bbox 461 2277 1803 2327">
    <p class='ocr_par' dir='ltr' id='par_1_37' title="bbox 461 2277 1803 2327">
     <span class='ocr_line' id='line_1_38' title="bbox 461 2277 1803 2327; baseline -0.001 0"><span class='ocrx_word' id='word_1_220' title='bbox 461 2282 583 2327; x_wconf 89' lang='lat' dir='ltr'><strong>cata</strong></span> <span class='ocrx_word' id='word_1_221' title='bbox 617 2282 728 2327; x_wconf 88' lang='lat' dir='ltr'><strong>tua.</strong></span> <span class='ocrx_word' id='word_1_222' title='bbox 763 2292 782 2324; x_wconf 76' lang='grc' dir='ltr'><strong>ι</strong></span> <span class='ocrx_word' id='word_1_223' title='bbox 1704 2287 1705 2290; x_wconf 75' lang='lat'>‘</span> <span class='ocrx_word' id='word_1_224' title='bbox 1794 2277 1803 2287; x_wconf 85' lang='lat'>&#39;</span> 
     </span>
    </p>
   </div>
   <div class='ocr_carea' id='block_1_38' title="bbox 463 2380 2052 2455">
    <p class='ocr_par' dir='ltr' id='par_1_38' title="bbox 463 2380 2052 2455">
     <span class='ocr_line' id='line_1_39' title="bbox 463 2380 2052 2455; baseline -0.005 -16"><span class='ocrx_word' id='word_1_225' title='bbox 463 2383 632 2455; x_wconf 57' lang='lat'><strong>506</strong></span> <span class='ocrx_word' id='word_1_226' title='bbox 665 2383 800 2436; x_wconf 87' lang='lat' dir='ltr'><strong>TIT.</strong></span> <span class='ocrx_word' id='word_1_227' title='bbox 837 2380 972 2438; x_wconf 79' lang='lat' dir='ltr'><strong>V&#39;lll.</strong></span> <span class='ocrx_word' id='word_1_228' title='bbox 999 2413 1070 2421; x_wconf 89' lang='lat'><strong><em>—</em></strong></span> <span class='ocrx_word' id='word_1_229' title='bbox 1097 2381 1169 2435; x_wconf 88' lang='lat' dir='ltr'><strong>De</strong></span> <span class='ocrx_word' id='word_1_230' title='bbox 1198 2381 1506 2455; x_wconf 74' lang='lat' dir='ltr'><strong>mulieribus</strong></span> <span class='ocrx_word' id='word_1_231' title='bbox 1534 2397 1551 2436; x_wconf 90' lang='lat'><strong><em>:</em></strong></span> <span class='ocrx_word' id='word_1_232' title='bbox 1581 2381 1722 2452; x_wconf 84' lang='lat' dir='ltr'><strong>quod</strong></span> <span class='ocrx_word' id='word_1_233' title='bbox 1750 2397 1842 2435; x_wconf 83' lang='lat' dir='ltr'><strong>eas</strong></span> <span class='ocrx_word' id='word_1_234' title='bbox 1897 2395 2052 2448; x_wconf 83' lang='lat' dir='ltr'><strong>opor-</strong></span> 
     </span>
    </p>
   </div>
   <div class='ocr_carea' id='block_1_39' title="bbox 537 2453 2053 2522">
    <p class='ocr_par' dir='ltr' id='par_1_39' title="bbox 537 2453 2053 2522">
     <span class='ocr_line' id='line_1_40' title="bbox 537 2453 2053 2522; baseline -0.001 -16"><span class='ocrx_word' id='word_1_235' title='bbox 537 2453 642 2506; x_wconf 73' lang='grc' dir='ltr'><strong>ιεᾶι</strong></span> <span class='ocrx_word' id='word_1_236' title='bbox 681 2455 945 2522; x_wconf 79' lang='lat' dir='ltr'><strong>subjectus</strong></span> <span class='ocrx_word' id='word_1_237' title='bbox 973 2469 1088 2507; x_wconf 82' lang='lat' dir='ltr'><strong>esse</strong></span> <span class='ocrx_word' id='word_1_238' title='bbox 1122 2455 1248 2505; x_wconf 83' lang='lat' dir='ltr'><strong>viris</strong></span> <span class='ocrx_word' id='word_1_239' title='bbox 1281 2453 1424 2517; x_wconf 81' lang='lat' dir='ltr'><strong>suis,</strong></span> <span class='ocrx_word' id='word_1_240' title='bbox 1459 2468 1550 2506; x_wconf 86' lang='lat' dir='ltr'><strong>nec</strong></span> <span class='ocrx_word' id='word_1_241' title='bbox 1579 2455 1718 2506; x_wconf 83' lang='lat' dir='ltr'><strong>citra</strong></span> <span class='ocrx_word' id='word_1_242' title='bbox 1744 2467 1925 2506; x_wconf 83' lang='lat' dir='ltr'><strong>eorum</strong></span> <span class='ocrx_word' id='word_1_243' title='bbox 1959 2465 2053 2504; x_wconf 85' lang='lat' dir='ltr'><strong>au-</strong></span> 
     </span>
    </p>
   </div>
   <div class='ocr_carea' id='block_1_40' title="bbox 537 2523 1401 2595">
    <p class='ocr_par' dir='ltr' id='par_1_40' title="bbox 537 2523 1401 2595">
     <span class='ocr_line' id='line_1_41' title="bbox 537 2523 1401 2595; baseline -0.002 -19"><span class='ocrx_word' id='word_1_244' title='bbox 537 2525 849 2578; x_wconf 81' lang='lat' dir='ltr'><strong>ctoritatem</strong></span> <span class='ocrx_word' id='word_1_245' title='bbox 881 2523 1170 2595; x_wconf 83' lang='lat' dir='ltr'><strong>quidquam</strong></span> <span class='ocrx_word' id='word_1_246' title='bbox 1207 2523 1401 2592; x_wconf 77' lang='lat' dir='ltr'><strong>facere.</strong></span> 
     </span>
    </p>
   </div>
   <div class='ocr_carea' id='block_1_41' title="bbox 535 2634 2050 2702">
    <p class='ocr_par' dir='ltr' id='par_1_41' title="bbox 535 2634 2050 2702">
     <span class='ocr_line' id='line_1_42' title="bbox 535 2634 2050 2702; baseline -0.002 -11"><span class='ocrx_word' id='word_1_247' title='bbox 535 2638 666 2691; x_wconf 75' lang='lat' dir='ltr'><strong>Gen.</strong></span> <span class='ocrx_word' id='word_1_248' title='bbox 701 2653 796 2702; x_wconf 90' lang='grc' dir='ltr'>ιιι,</span> <span class='ocrx_word' id='word_1_249' title='bbox 837 2636 924 2691; x_wconf 85' lang='grc'><strong>16.</strong></span> <span class='ocrx_word' id='word_1_250' title='bbox 953 2666 1024 2677; x_wconf 87' lang='grc'><strong>-</strong></span> <span class='ocrx_word' id='word_1_251' title='bbox 1053 2656 1070 2688; x_wconf 79' lang='grc' dir='ltr'>ι</span> <span class='ocrx_word' id='word_1_252' title='bbox 1102 2635 1250 2689; x_wconf 78' lang='lat' dir='ltr'><strong>Dixit</strong></span> <span class='ocrx_word' id='word_1_253' title='bbox 1283 2635 1426 2691; x_wconf 84' lang='lat' dir='ltr'><strong>Deus</strong></span> <span class='ocrx_word' id='word_1_254' title='bbox 1459 2635 1678 2690; x_wconf 83' lang='lat' dir='ltr'><strong>mulieri</strong></span> <span class='ocrx_word' id='word_1_255' title='bbox 1709 2655 1722 2691; x_wconf 90' lang='lat'><strong>:</strong></span> <span class='ocrx_word' id='word_1_256' title='bbox 1755 2634 1836 2690; x_wconf 90' lang='lat' dir='ltr'><strong>Ad</strong></span> <span class='ocrx_word' id='word_1_257' title='bbox 1871 2636 2050 2690; x_wconf 87' lang='lat' dir='ltr'><strong>virum</strong></span> 
     </span>
    </p>
   </div>
   <div class='ocr_carea' id='block_1_42' title="bbox 464 2727 2048 2798">
    <p class='ocr_par' dir='ltr' id='par_1_42' title="bbox 464 2727 2048 2798">
     <span class='ocr_line' id='line_1_43' title="bbox 464 2727 2048 2798; baseline -0.002 -15"><span class='ocrx_word' id='word_1_258' title='bbox 464 2739 618 2784; x_wconf 91' lang='lat' dir='ltr'><strong>tuum</strong></span> <span class='ocrx_word' id='word_1_259' title='bbox 653 2729 756 2784; x_wconf 89' lang='lat' dir='ltr'><strong>erit</strong></span> <span class='ocrx_word' id='word_1_260' title='bbox 787 2729 1076 2784; x_wconf 81' lang='lat' dir='ltr'><strong>conversio</strong></span> <span class='ocrx_word' id='word_1_261' title='bbox 1113 2737 1238 2794; x_wconf 86' lang='lat' dir='ltr'><strong>tua,</strong></span> <span class='ocrx_word' id='word_1_262' title='bbox 1270 2735 1324 2784; x_wconf 90' lang='lat' dir='ltr'><strong>et</strong></span> <span class='ocrx_word' id='word_1_263' title='bbox 1360 2729 1478 2798; x_wconf 87' lang='lat' dir='ltr'><strong>ipse</strong></span> <span class='ocrx_word' id='word_1_264' title='bbox 1504 2727 1889 2782; x_wconf 88' lang='lat' dir='ltr'><strong>dominabitur</strong></span> <span class='ocrx_word' id='word_1_265' title='bbox 1911 2729 2048 2784; x_wconf 62' lang='lat' dir='ltr'><strong>tui.»</strong></span> 
     </span>
    </p>
   </div>
   <div class='ocr_carea' id='block_1_43' title="bbox 539 2819 2052 2886">
    <p class='ocr_par' dir='ltr' id='par_1_43' title="bbox 539 2819 2052 2886">
     <span class='ocr_line' id='line_1_44' title="bbox 539 2819 2052 2886; baseline 0 -12"><span class='ocrx_word' id='word_1_266' title='bbox 539 2821 705 2878; x_wconf 87' lang='lat' dir='ltr'><strong>Num.</strong></span> <span class='ocrx_word' id='word_1_267' title='bbox 734 2838 841 2876; x_wconf 76' lang='lat' dir='ltr'><strong>xxx</strong></span> <span class='ocrx_word' id='word_1_268' title='bbox 864 2861 879 2886; x_wconf 86' lang='lat'><strong>,</strong></span> <span class='ocrx_word' id='word_1_269' title='bbox 910 2821 1064 2876; x_wconf 86' lang='lat' dir='ltr'><strong>6-l0.</strong></span> <span class='ocrx_word' id='word_1_270' title='bbox 1091 2851 1161 2860; x_wconf 88' lang='lat'><strong>——</strong></span> <span class='ocrx_word' id='word_1_271' title='bbox 1191 2839 1209 2872; x_wconf 75' lang='grc' dir='ltr'>ι</span> <span class='ocrx_word' id='word_1_272' title='bbox 1245 2819 1436 2874; x_wconf 84' lang='lat' dir='ltr'><strong>Mulier</strong></span> <span class='ocrx_word' id='word_1_273' title='bbox 1463 2820 1512 2874; x_wconf 91' lang='lat' dir='ltr'><strong>si</strong></span> <span class='ocrx_word' id='word_1_274' title='bbox 1543 2821 1806 2873; x_wconf 87' lang='lat' dir='ltr'><strong>maritum</strong></span> <span class='ocrx_word' id='word_1_275' title='bbox 1841 2819 2052 2874; x_wconf 83' lang='lat' dir='ltr'><strong>habue-</strong></span> 
     </span>
    </p>
   </div>
   <div class='ocr_carea' id='block_1_44' title="bbox 465 2909 2052 2982">
    <p class='ocr_par' dir='ltr' id='par_1_44' title="bbox 465 2909 2052 2982">
     <span class='ocr_line' id='line_1_45' title="bbox 465 2909 2052 2982; baseline -0.003 -17"><span class='ocrx_word' id='word_1_276' title='bbox 465 2915 576 2976; x_wconf 89' lang='lat' dir='ltr'><strong>rit,</strong></span> <span class='ocrx_word' id='word_1_277' title='bbox 615 2920 671 2968; x_wconf 90' lang='lat' dir='ltr'><strong>et</strong></span> <span class='ocrx_word' id='word_1_278' title='bbox 706 2920 831 2966; x_wconf 88' lang='lat' dir='ltr'><strong>vota</strong></span> <span class='ocrx_word' id='word_1_279' title='bbox 881 2911 1059 2982; x_wconf 85' lang='lat' dir='ltr'><strong>ipsius</strong></span> <span class='ocrx_word' id='word_1_280' title='bbox 1096 2925 1262 2982; x_wconf 86' lang='lat' dir='ltr'><strong>super</strong></span> <span class='ocrx_word' id='word_1_281' title='bbox 1297 2925 1418 2964; x_wconf 90' lang='lat' dir='ltr'><strong>eam</strong></span> <span class='ocrx_word' id='word_1_282' title='bbox 1473 2909 1714 2976; x_wconf 80' lang='lat' dir='ltr'><strong>fuerint,</strong></span> <span class='ocrx_word' id='word_1_283' title='bbox 1749 2910 2052 2964; x_wconf 86' lang='lat' dir='ltr'><strong>secundum</strong></span> 
     </span>
    </p>
   </div>
   <div class='ocr_carea' id='block_1_45' title="bbox 465 3001 2054 3072">
    <p class='ocr_par' dir='ltr' id='par_1_45' title="bbox 465 3001 2054 3072">
     <span class='ocr_line' id='line_1_46' title="bbox 465 3001 2054 3072; baseline -0.003 -15"><span class='ocrx_word' id='word_1_284' title='bbox 465 3004 882 3057; x_wconf 87' lang='lat' dir='ltr'><strong>distinctionem</strong></span> <span class='ocrx_word' id='word_1_285' title='bbox 919 3002 1192 3056; x_wconf 82' lang='lat' dir='ltr'><strong>labiorum</strong></span> <span class='ocrx_word' id='word_1_286' title='bbox 1219 3002 1341 3072; x_wconf 88' lang='lat' dir='ltr'><strong>ejus</strong></span> <span class='ocrx_word' id='word_1_287' title='bbox 1362 3042 1378 3069; x_wconf 92' lang='lat'><strong>,</strong></span> <span class='ocrx_word' id='word_1_288' title='bbox 1422 3015 1764 3071; x_wconf 63' lang='lat' dir='ltr'><strong>quacunque</strong></span> <span class='ocrx_word' id='word_1_289' title='bbox 1793 3001 2054 3056; x_wconf 85' lang='lat' dir='ltr'><strong>determi-</strong></span> 
     </span>
    </p>
   </div>
   <div class='ocr_carea' id='block_1_46' title="bbox 468 3093 2053 3163">
    <p class='ocr_par' dir='ltr' id='par_1_46' title="bbox 468 3093 2053 3163">
     <span class='ocr_line' id='line_1_47' title="bbox 468 3093 2053 3163; baseline -0.001 -14"><span class='ocrx_word' id='word_1_290' title='bbox 468 3094 691 3149; x_wconf 84' lang='lat' dir='ltr'><strong>naverit</strong></span> <span class='ocrx_word' id='word_1_291' title='bbox 739 3093 795 3146; x_wconf 88' lang='lat' dir='ltr'><strong>in</strong></span> <span class='ocrx_word' id='word_1_292' title='bbox 842 3093 1082 3147; x_wconf 90' lang='lat' dir='ltr'><strong>animam</strong></span> <span class='ocrx_word' id='word_1_293' title='bbox 1135 3108 1330 3161; x_wconf 86' lang='lat' dir='ltr'><strong>suam,</strong></span> <span class='ocrx_word' id='word_1_294' title='bbox 1371 3093 1721 3163; x_wconf 89' lang='lat' dir='ltr'><strong>audieritque</strong></span> <span class='ocrx_word' id='word_1_295' title='bbox 1747 3093 1832 3147; x_wconf 88' lang='lat' dir='ltr'><strong>vir</strong></span> <span class='ocrx_word' id='word_1_296' title='bbox 1867 3093 2013 3147; x_wconf 89' lang='lat' dir='ltr'><strong>illius</strong></span> <span class='ocrx_word' id='word_1_297' title='bbox 2039 3131 2053 3155; x_wconf 90' lang='lat'><strong>,</strong></span> 
     </span>
    </p>
   </div>
   <div class='ocr_carea' id='block_1_47' title="bbox 479 3183 2058 3256">
    <p class='ocr_par' dir='ltr' id='par_1_47' title="bbox 479 3183 2058 3256">
     <span class='ocr_line' id='line_1_48' title="bbox 479 3183 2058 3256; baseline -0.002 -17"><span class='ocrx_word' id='word_1_298' title='bbox 479 3198 536 3239; x_wconf 83' lang='lat' dir='ltr'><strong>et</strong></span> <span class='ocrx_word' id='word_1_299' title='bbox 567 3185 615 3239; x_wconf 90' lang='lat' dir='ltr'><strong>ei</strong></span> <span class='ocrx_word' id='word_1_300' title='bbox 647 3185 927 3239; x_wconf 88' lang='lat' dir='ltr'><strong>silentium</strong></span> <span class='ocrx_word' id='word_1_301' title='bbox 955 3185 1161 3256; x_wconf 82' lang='lat' dir='ltr'><strong>egerit,</strong></span> <span class='ocrx_word' id='word_1_302' title='bbox 1197 3199 1530 3254; x_wconf 89' lang='lat' dir='ltr'><strong>quacunque</strong></span> <span class='ocrx_word' id='word_1_303' title='bbox 1556 3184 1646 3239; x_wconf 88' lang='lat' dir='ltr'><strong>die</strong></span> <span class='ocrx_word' id='word_1_304' title='bbox 1675 3183 1942 3246; x_wconf 80' lang='lat' dir='ltr'><strong>audierit,</strong></span> <span class='ocrx_word' id='word_1_305' title='bbox 1977 3183 2058 3237; x_wconf 88' lang='lat' dir='ltr'><strong>sic</strong></span> 
     </span>
    </p>
   </div>
   <div class='ocr_carea' id='block_1_48' title="bbox 469 3277 2060 3349">
    <p class='ocr_par' dir='ltr' id='par_1_48' title="bbox 469 3277 2060 3349">
     <span class='ocr_line' id='line_1_49' title="bbox 469 3277 2060 3349; baseline -0.002 -19"><span class='ocrx_word' id='word_1_306' title='bbox 469 3294 694 3349; x_wconf 91' lang='lat' dir='ltr'><strong>quoque</strong></span> <span class='ocrx_word' id='word_1_307' title='bbox 728 3279 955 3334; x_wconf 86' lang='lat' dir='ltr'><strong>stabunt</strong></span> <span class='ocrx_word' id='word_1_308' title='bbox 983 3278 1169 3333; x_wconf 90' lang='lat' dir='ltr'><strong>omnia</strong></span> <span class='ocrx_word' id='word_1_309' title='bbox 1208 3289 1332 3333; x_wconf 81' lang='lat' dir='ltr'><strong>v01a</strong></span> <span class='ocrx_word' id='word_1_310' title='bbox 1371 3278 1560 3342; x_wconf 89' lang='lat' dir='ltr'><strong>illius,</strong></span> <span class='ocrx_word' id='word_1_311' title='bbox 1617 3285 1675 3334; x_wconf 85' lang='lat' dir='ltr'><strong>et</strong></span> <span class='ocrx_word' id='word_1_312' title='bbox 1722 3277 2060 3332; x_wconf 85' lang='lat' dir='ltr'><strong>determina-</strong></span> 
     </span>
    </p>
   </div>
   <div class='ocr_carea' id='block_1_49' title="bbox 472 3363 2058 3438">
    <p class='ocr_par' dir='ltr' id='par_1_49' title="bbox 472 3363 2058 3438">
     <span class='ocr_line' id='line_1_50' title="bbox 472 3363 2058 3438; baseline -0.003 -18"><span class='ocrx_word' id='word_1_313' title='bbox 472 3373 652 3424; x_wconf 88' lang='lat' dir='ltr'><strong>tiones</strong></span> <span class='ocrx_word' id='word_1_314' title='bbox 717 3368 913 3428; x_wconf 84' lang='lat' dir='ltr'><strong>illius.</strong></span> <span class='ocrx_word' id='word_1_315' title='bbox 974 3381 1114 3438; x_wconf 88' lang='lat' dir='ltr'><strong>quas</strong></span> <span class='ocrx_word' id='word_1_316' title='bbox 1167 3365 1629 3421; x_wconf 86' lang='lat' dir='ltr'><strong>determinaverit</strong></span> <span class='ocrx_word' id='word_1_317' title='bbox 1687 3364 1743 3417; x_wconf 89' lang='lat' dir='ltr'><strong>in</strong></span> <span class='ocrx_word' id='word_1_318' title='bbox 1810 3363 2058 3416; x_wconf 88' lang='lat' dir='ltr'><strong>animam</strong></span> 
     </span>
    </p>
   </div>
   <div class='ocr_carea' id='block_1_50' title="bbox 471 3454 2062 3528">
    <p class='ocr_par' dir='ltr' id='par_1_50' title="bbox 471 3454 2062 3528">
     <span class='ocr_line' id='line_1_51' title="bbox 471 3454 2062 3528; baseline -0.007 -10"><span class='ocrx_word' id='word_1_319' title='bbox 471 3477 662 3528; x_wconf 87' lang='lat' dir='ltr'><strong>suam,</strong></span> <span class='ocrx_word' id='word_1_320' title='bbox 699 3462 946 3517; x_wconf 83' lang='lat' dir='ltr'><strong>stabunt.</strong></span> <span class='ocrx_word' id='word_1_321' title='bbox 987 3460 1085 3514; x_wconf 90' lang='lat' dir='ltr'><strong>Sin</strong></span> <span class='ocrx_word' id='word_1_322' title='bbox 1141 3474 1274 3515; x_wconf 85' lang='lat' dir='ltr'><strong>vero</strong></span> <span class='ocrx_word' id='word_1_323' title='bbox 1329 3457 1625 3513; x_wconf 88' lang='lat' dir='ltr'><strong>abnuendo</strong></span> <span class='ocrx_word' id='word_1_324' title='bbox 1674 3455 1933 3511; x_wconf 88' lang='lat' dir='ltr'><strong>abnuerit</strong></span> <span class='ocrx_word' id='word_1_325' title='bbox 1976 3454 2062 3508; x_wconf 88' lang='lat' dir='ltr'><strong>vir</strong></span> 
     </span>
    </p>
   </div>
   <div class='ocr_carea' id='block_1_51' title="bbox 469 3548 2061 3630">
    <p class='ocr_par' dir='ltr' id='par_1_51' title="bbox 469 3548 2061 3630">
     <span class='ocr_line' id='line_1_52' title="bbox 469 3548 2061 3630; baseline -0.006 -18"><span class='ocrx_word' id='word_1_326' title='bbox 469 3559 646 3629; x_wconf 85' lang='lat' dir='ltr'><strong>ipsius</strong></span> <span class='ocrx_word' id='word_1_327' title='bbox 668 3598 681 3624; x_wconf 87' lang='lat'><strong>,</strong></span> <span class='ocrx_word' id='word_1_328' title='bbox 715 3572 822 3626; x_wconf 90' lang='lat' dir='ltr'><strong>qua</strong></span> <span class='ocrx_word' id='word_1_329' title='bbox 852 3555 942 3612; x_wconf 89' lang='lat' dir='ltr'><strong>die</strong></span> <span class='ocrx_word' id='word_1_330' title='bbox 974 3555 1250 3616; x_wconf 89' lang='lat' dir='ltr'><strong>audierit.</strong></span> <span class='ocrx_word' id='word_1_331' title='bbox 1283 3553 1471 3608; x_wconf 89' lang='lat' dir='ltr'><strong>omnia</strong></span> <span class='ocrx_word' id='word_1_332' title='bbox 1509 3559 1636 3630; x_wconf 82' lang='lat' dir='ltr'><strong>vota</strong></span> <span class='ocrx_word' id='word_1_333' title='bbox 1680 3550 1802 3621; x_wconf 88' lang='lat' dir='ltr'><strong>ejus</strong></span> <span class='ocrx_word' id='word_1_334' title='bbox 1855 3560 1910 3605; x_wconf 90' lang='lat' dir='ltr'><strong>et</strong></span> <span class='ocrx_word' id='word_1_335' title='bbox 1962 3548 2061 3604; x_wconf 86' lang='lat' dir='ltr'><strong>de-</strong></span> 
     </span>
    </p>
   </div>
   <div class='ocr_carea' id='block_1_52' title="bbox 473 3642 2060 3718">
    <p class='ocr_par' dir='ltr' id='par_1_52' title="bbox 473 3642 2060 3718">
     <span class='ocr_line' id='line_1_53' title="bbox 473 3642 2060 3718; baseline -0.006 -15"><span class='ocrx_word' id='word_1_336' title='bbox 473 3650 895 3705; x_wconf 74' lang='lat' dir='ltr'><strong>ter-minationes</strong></span> <span class='ocrx_word' id='word_1_337' title='bbox 929 3648 1086 3718; x_wconf 88' lang='lat' dir='ltr'><strong>ejus,</strong></span> <span class='ocrx_word' id='word_1_338' title='bbox 1119 3662 1260 3716; x_wconf 90' lang='lat' dir='ltr'><strong>quas</strong></span> <span class='ocrx_word' id='word_1_339' title='bbox 1295 3643 1684 3700; x_wconf 88' lang='lat' dir='ltr'><strong>determinavit</strong></span> <span class='ocrx_word' id='word_1_340' title='bbox 1720 3643 1777 3697; x_wconf 93' lang='lat' dir='ltr'><strong>in</strong></span> <span class='ocrx_word' id='word_1_341' title='bbox 1815 3642 2060 3696; x_wconf 88' lang='lat' dir='ltr'><strong>animam</strong></span> 
     </span>
    </p>
   </div>
   <div class='ocr_carea' id='block_1_53' title="bbox 475 3733 2064 3808">
    <p class='ocr_par' dir='ltr' id='par_1_53' title="bbox 475 3733 2064 3808">
     <span class='ocr_line' id='line_1_54' title="bbox 475 3733 2064 3808; baseline -0.005 -12"><span class='ocrx_word' id='word_1_342' title='bbox 475 3757 634 3796; x_wconf 90' lang='lat' dir='ltr'><strong>suam</strong></span> <span class='ocrx_word' id='word_1_343' title='bbox 656 3781 670 3805; x_wconf 90' lang='lat'><strong>,</strong></span> <span class='ocrx_word' id='word_1_344' title='bbox 703 3757 813 3795; x_wconf 93' lang='lat' dir='ltr'><strong>non</strong></span> <span class='ocrx_word' id='word_1_345' title='bbox 846 3741 1073 3796; x_wconf 78' lang='lat' dir='ltr'><strong>stabunt</strong></span> <span class='ocrx_word' id='word_1_346' title='bbox 1094 3781 1107 3804; x_wconf 89' lang='lat'><strong>,</strong></span> <span class='ocrx_word' id='word_1_347' title='bbox 1141 3737 1402 3808; x_wconf 91' lang='lat' dir='ltr'><strong>quoniam</strong></span> <span class='ocrx_word' id='word_1_348' title='bbox 1436 3735 1630 3791; x_wconf 87' lang='lat' dir='ltr'><strong>abnuit</strong></span> <span class='ocrx_word' id='word_1_349' title='bbox 1660 3733 1748 3789; x_wconf 88' lang='lat' dir='ltr'><strong>vir</strong></span> <span class='ocrx_word' id='word_1_350' title='bbox 1780 3733 1970 3788; x_wconf 91' lang='lat' dir='ltr'><strong>illius:</strong></span> <span class='ocrx_word' id='word_1_351' title='bbox 2009 3741 2064 3788; x_wconf 85' lang='lat' dir='ltr'><strong>et</strong></span> 
     </span>
    </p>
   </div>
   <div class='ocr_carea' id='block_1_54' title="bbox 476 3833 1467 3890">
    <p class='ocr_par' dir='ltr' id='par_1_54' title="bbox 476 3833 1467 3890">
     <span class='ocr_line' id='line_1_55' title="bbox 476 3833 1467 3890; baseline -0.003 -3"><span class='ocrx_word' id='word_1_352' title='bbox 476 3835 746 3890; x_wconf 84' lang='lat' dir='ltr'><strong>Dominus</strong></span> <span class='ocrx_word' id='word_1_353' title='bbox 775 3834 1035 3888; x_wconf 90' lang='lat' dir='ltr'><strong>mundam</strong></span> <span class='ocrx_word' id='word_1_354' title='bbox 1072 3833 1234 3887; x_wconf 78' lang='lat' dir='ltr'><strong>faciet</strong></span> <span class='ocrx_word' id='word_1_355' title='bbox 1267 3846 1412 3886; x_wconf 89' lang='lat' dir='ltr'><strong>eam.</strong></span> <span class='ocrx_word' id='word_1_356' title='bbox 1449 3849 1467 3883; x_wconf 76' lang='grc' dir='ltr'>ι</span> 
     </span>
    </p>
   </div>
   <div class='ocr_carea' id='block_1_55' title="bbox 556 3921 2153 3997">
    <p class='ocr_par' dir='ltr' id='par_1_55' title="bbox 556 3921 2153 3997">
     <span class='ocr_line' id='line_1_56' title="bbox 556 3921 2153 3997; baseline -0.003 -18"><span class='ocrx_word' id='word_1_357' title='bbox 556 3947 574 3979; x_wconf 84' lang='grc'><strong>‹</strong></span> <span class='ocrx_word' id='word_1_358' title='bbox 601 3927 796 3982; x_wconf 81' lang='lat' dir='ltr'><strong>Mulier</strong></span> <span class='ocrx_word' id='word_1_359' title='bbox 813 3943 933 3997; x_wconf 76' lang='lat' dir='ltr'><strong>quae</strong></span> <span class='ocrx_word' id='word_1_360' title='bbox 957 3927 1191 3982; x_wconf 84' lang='lat' dir='ltr'><strong>honorat</strong></span> <span class='ocrx_word' id='word_1_361' title='bbox 1219 3927 1399 3980; x_wconf 89' lang='lat' dir='ltr'><strong>virum</strong></span> <span class='ocrx_word' id='word_1_362' title='bbox 1435 3939 1621 3990; x_wconf 88' lang='lat' dir='ltr'><strong>suum,</strong></span> <span class='ocrx_word' id='word_1_363' title='bbox 1639 3923 1861 3996; x_wconf 89' lang='lat' dir='ltr'><strong>sapiens</strong></span> <span class='ocrx_word' id='word_1_364' title='bbox 1885 3921 2066 3978; x_wconf 86' lang='lat' dir='ltr'><strong>omni-</strong></span> <span class='ocrx_word' id='word_1_365' title='bbox 2147 3946 2153 3952; x_wconf 96' lang='lat'><strong><em>-</em></strong></span> 
     </span>
    </p>
   </div>
   <div class='ocr_carea' id='block_1_56' title="bbox 475 4020 958 4077">
    <p class='ocr_par' dir='ltr' id='par_1_56' title="bbox 475 4020 958 4077">
     <span class='ocr_line' id='line_1_57' title="bbox 475 4020 958 4077; baseline -0.012 0"><span class='ocrx_word' id='word_1_366' title='bbox 475 4022 581 4077; x_wconf 82' lang='lat' dir='ltr'><strong>ints</strong></span> <span class='ocrx_word' id='word_1_367' title='bbox 609 4020 907 4076; x_wconf 85' lang='lat' dir='ltr'><strong>videbitur.</strong></span> <span class='ocrx_word' id='word_1_368' title='bbox 941 4038 958 4071; x_wconf 81' lang='grc' dir='ltr'><strong>ι</strong></span> 
     </span>
    </p>
   </div>
   <div class='ocr_carea' id='block_1_57' title="bbox 554 4107 2071 4182">
    <p class='ocr_par' dir='ltr' id='par_1_57' title="bbox 554 4107 2071 4182">
     <span class='ocr_line' id='line_1_58' title="bbox 554 4107 2071 4182; baseline -0.003 -16"><span class='ocrx_word' id='word_1_369' title='bbox 554 4112 747 4182; x_wconf 78' lang='lat' dir='ltr'><strong>Ephes.</strong></span> <span class='ocrx_word' id='word_1_370' title='bbox 780 4128 834 4177; x_wconf 81' lang='grc' dir='ltr'><strong>ν,</strong></span> <span class='ocrx_word' id='word_1_371' title='bbox 869 4110 973 4178; x_wconf 70' lang='grc'><strong>25,</strong></span> <span class='ocrx_word' id='word_1_372' title='bbox 1004 4113 1098 4168; x_wconf 69' lang='grc'><strong>24.</strong></span> <span class='ocrx_word' id='word_1_373' title='bbox 1123 4142 1191 4154; x_wconf 85' lang='lat'><strong>--</strong></span> <span class='ocrx_word' id='word_1_374' title='bbox 1222 4130 1240 4164; x_wconf 87' lang='grc' dir='ltr'>ι</span> <span class='ocrx_word' id='word_1_375' title='bbox 1282 4111 1544 4168; x_wconf 85' lang='lat' dir='ltr'><strong>Mulieres</strong></span> <span class='ocrx_word' id='word_1_376' title='bbox 1576 4111 1808 4169; x_wconf 71' lang='lat' dir='ltr'><strong>subditae</strong></span> <span class='ocrx_word' id='word_1_377' title='bbox 1853 4109 1966 4167; x_wconf 90' lang='lat' dir='ltr'><strong>sint</strong></span> <span class='ocrx_word' id='word_1_378' title='bbox 1991 4107 2071 4163; x_wconf 90' lang='lat' dir='ltr'><strong>vi-</strong></span> 
     </span>
    </p>
   </div>
   <div class='ocr_carea' id='block_1_58' title="bbox 476 4203 2072 4274">
    <p class='ocr_par' dir='ltr' id='par_1_58' title="bbox 476 4203 2072 4274">
     <span class='ocr_line' id='line_1_59' title="bbox 476 4203 2072 4274; baseline -0.001 -16"><span class='ocrx_word' id='word_1_379' title='bbox 476 4205 558 4258; x_wconf 88' lang='lat' dir='ltr'><strong>ris</strong></span> <span class='ocrx_word' id='word_1_380' title='bbox 591 4205 710 4260; x_wconf 89' lang='lat' dir='ltr'><strong>suis</strong></span> <span class='ocrx_word' id='word_1_381' title='bbox 744 4215 1008 4274; x_wconf 82' lang='lat' dir='ltr'><strong>tanquam</strong></span> <span class='ocrx_word' id='word_1_382' title='bbox 1043 4203 1300 4260; x_wconf 91' lang='lat' dir='ltr'><strong>Domino.</strong></span> <span class='ocrx_word' id='word_1_383' title='bbox 1347 4203 1623 4271; x_wconf 86' lang='lat' dir='ltr'><strong>Quoniam</strong></span> <span class='ocrx_word' id='word_1_384' title='bbox 1669 4205 1756 4259; x_wconf 87' lang='lat' dir='ltr'><strong>vir</strong></span> <span class='ocrx_word' id='word_1_385' title='bbox 1788 4209 1955 4273; x_wconf 88' lang='lat' dir='ltr'><strong>caput</strong></span> <span class='ocrx_word' id='word_1_386' title='bbox 1986 4210 2072 4257; x_wconf 87' lang='lat' dir='ltr'><strong>est</strong></span> 
     </span>
    </p>
   </div>
   <div class='ocr_carea' id='block_1_59' title="bbox 477 4295 2071 4368">
    <p class='ocr_par' dir='ltr' id='par_1_59' title="bbox 477 4295 2071 4368">
     <span class='ocr_line' id='line_1_60' title="bbox 477 4295 2071 4368; baseline -0.001 -18"><span class='ocrx_word' id='word_1_387' title='bbox 477 4296 752 4364; x_wconf 83' lang='lat' dir='ltr'><strong>mulieris,</strong></span> <span class='ocrx_word' id='word_1_388' title='bbox 782 4298 926 4350; x_wconf 88' lang='lat' dir='ltr'><strong>sicut</strong></span> <span class='ocrx_word' id='word_1_389' title='bbox 957 4297 1209 4352; x_wconf 87' lang='lat' dir='ltr'><strong>Christus</strong></span> <span class='ocrx_word' id='word_1_390' title='bbox 1237 4305 1404 4368; x_wconf 86' lang='lat' dir='ltr'><strong>caput</strong></span> <span class='ocrx_word' id='word_1_391' title='bbox 1430 4307 1513 4353; x_wconf 90' lang='lat' dir='ltr'><strong>est</strong></span> <span class='ocrx_word' id='word_1_392' title='bbox 1538 4297 1801 4354; x_wconf 73' lang='lat' dir='ltr'><strong>Ecclesiae</strong></span> <span class='ocrx_word' id='word_1_393' title='bbox 1821 4338 1836 4364; x_wconf 90' lang='lat'><strong>,</strong></span> <span class='ocrx_word' id='word_1_394' title='bbox 1864 4305 1918 4350; x_wconf 89' lang='lat' dir='ltr'><strong>et</strong></span> <span class='ocrx_word' id='word_1_395' title='bbox 1949 4295 2071 4365; x_wconf 90' lang='lat' dir='ltr'><strong>ipse</strong></span> 
     </span>
    </p>
   </div>
   <div class='ocr_carea' id='block_1_60' title="bbox 476 4389 2073 4460">
    <p class='ocr_par' dir='ltr' id='par_1_60' title="bbox 476 4389 2073 4460">
     <span class='ocr_line' id='line_1_61' title="bbox 476 4389 2073 4460; baseline 0.001 -18"><span class='ocrx_word' id='word_1_396' title='bbox 476 4397 561 4442; x_wconf 81' lang='lat' dir='ltr'><strong>est</strong></span> <span class='ocrx_word' id='word_1_397' title='bbox 591 4398 754 4458; x_wconf 86' lang='lat' dir='ltr'><strong>caput</strong></span> <span class='ocrx_word' id='word_1_398' title='bbox 783 4390 1052 4460; x_wconf 84' lang='lat' dir='ltr'><strong>corporis.</strong></span> <span class='ocrx_word' id='word_1_399' title='bbox 1089 4389 1194 4446; x_wconf 85' lang='lat' dir='ltr'><strong>Sed</strong></span> <span class='ocrx_word' id='word_1_400' title='bbox 1227 4392 1370 4446; x_wconf 85' lang='lat' dir='ltr'><strong>sicut</strong></span> <span class='ocrx_word' id='word_1_401' title='bbox 1400 4389 1648 4446; x_wconf 83' lang='lat' dir='ltr'><strong>Ecclesia</strong></span> <span class='ocrx_word' id='word_1_402' title='bbox 1681 4391 1933 4460; x_wconf 87' lang='lat' dir='ltr'><strong>subjecta</strong></span> <span class='ocrx_word' id='word_1_403' title='bbox 1986 4396 2073 4444; x_wconf 89' lang='lat' dir='ltr'><strong>cst</strong></span> 
     </span>
    </p>
   </div>
   <div class='ocr_carea' id='block_1_61' title="bbox 2229 1895 3687 1977">
    <p class='ocr_par' dir='ltr' id='par_1_61' title="bbox 2229 1895 3687 1977">
     <span class='ocr_line' id='line_1_62' title="bbox 2229 1895 3687 1977; baseline 0.01 -30"><span class='ocrx_word' id='word_1_404' title='bbox 2229 1914 2248 1947; x_wconf 77' lang='grc' dir='ltr'>ι</span> <span class='ocrx_word' id='word_1_405' title='bbox 2283 1895 2398 1968; x_wconf 80' lang='grc' dir='ltr'>Πρὸ</span> <span class='ocrx_word' id='word_1_406' title='bbox 2416 1897 2647 1968; x_wconf 84' lang='grc' dir='ltr'>κρίσεως</span> <span class='ocrx_word' id='word_1_407' title='bbox 2671 1897 2892 1965; x_wconf 76' lang='grc' dir='ltr'>ἐξέταζε</span> <span class='ocrx_word' id='word_1_408' title='bbox 2923 1902 3177 1970; x_wconf 83' lang='grc' dir='ltr'>σεαυτὸν,</span> <span class='ocrx_word' id='word_1_409' title='bbox 3209 1903 3309 1958; x_wconf 70' lang='grc' dir='ltr'><strong>καὶ</strong></span> <span class='ocrx_word' id='word_1_410' title='bbox 3337 1905 3395 1958; x_wconf 85' lang='grc' dir='ltr'>ὲν</span> <span class='ocrx_word' id='word_1_411' title='bbox 3425 1905 3585 1977; x_wconf 80' lang='grc' dir='ltr'>καιρῷ</span> <span class='ocrx_word' id='word_1_412' title='bbox 3597 1907 3687 1962; x_wconf 65' lang='lat' dir='ltr'><strong>im-</strong></span> 
     </span>
    </p>
   </div>
   <div class='ocr_carea' id='block_1_62' title="bbox 2155 1989 2980 2064">
    <p class='ocr_par' dir='ltr' id='par_1_62' title="bbox 2155 1989 2980 2064">
     <span class='ocr_line' id='line_1_63' title="bbox 2155 1989 2980 2064; baseline 0.007 -23"><span class='ocrx_word' id='word_1_413' title='bbox 2155 1989 2366 2059; x_wconf 83' lang='grc' dir='ltr'>σκοπῆς</span> <span class='ocrx_word' id='word_1_414' title='bbox 2392 1991 2649 2061; x_wconf 83' lang='grc' dir='ltr'>εὑρήσεις</span> <span class='ocrx_word' id='word_1_415' title='bbox 2681 1991 2930 2064; x_wconf 88' lang='grc' dir='ltr'>ἱλασμόν.</span> <span class='ocrx_word' id='word_1_416' title='bbox 2960 2012 2980 2047; x_wconf 74' lang='grc' dir='ltr'><strong>ι</strong></span> 
     </span>
    </p>
   </div>
   <div class='ocr_carea' id='block_1_63' title="bbox 2229 2169 3687 2250">
    <p class='ocr_par' dir='ltr' id='par_1_63' title="bbox 2229 2169 3687 2250">
     <span class='ocr_line' id='line_1_64' title="bbox 2229 2169 3687 2250; baseline 0.008 -30"><span class='ocrx_word' id='word_1_417' title='bbox 2229 2187 2249 2220; x_wconf 84' lang='grc'><em>‹</em></span> <span class='ocrx_word' id='word_1_418' title='bbox 2279 2169 2371 2241; x_wconf 81' lang='grc' dir='ltr'><strong>Μὴ</strong></span> <span class='ocrx_word' id='word_1_419' title='bbox 2394 2171 2694 2245; x_wconf 71' lang='grc' dir='ltr'>αἰσχυνθῇς</span> <span class='ocrx_word' id='word_1_420' title='bbox 2752 2174 3096 2248; x_wconf 82' lang='grc' dir='ltr'>ὁμολογῆσαι</span> <span class='ocrx_word' id='word_1_421' title='bbox 3131 2177 3218 2247; x_wconf 79' lang='grc' dir='ltr'><strong>ἐφ’</strong></span> <span class='ocrx_word' id='word_1_422' title='bbox 3249 2178 3545 2250; x_wconf 79' lang='grc' dir='ltr'>ἁμαρτίαις</span> <span class='ocrx_word' id='word_1_423' title='bbox 3577 2195 3687 2234; x_wconf 84' lang='grc' dir='ltr'>σου.ι</span> 
     </span>
    </p>
   </div>
   <div class='ocr_carea' id='block_1_64' title="bbox 2154 2376 3693 2455">
    <p class='ocr_par' dir='ltr' id='par_1_64' title="bbox 2154 2376 3693 2455">
     <span class='ocr_line' id='line_1_65' title="bbox 2154 2376 3693 2455; baseline 0.003 -24"><span class='ocrx_word' id='word_1_424' title='bbox 2154 2376 2197 2432; x_wconf 91' lang='grc' dir='ltr'>Τ</span> <span class='ocrx_word' id='word_1_425' title='bbox 2203 2379 2334 2434; x_wconf 87' lang='grc' dir='ltr'><strong>ῐΤΛ.</strong></span> <span class='ocrx_word' id='word_1_426' title='bbox 2353 2383 2509 2434; x_wconf 84' lang='grc' dir='ltr'><strong>Π’.-</strong></span> <span class='ocrx_word' id='word_1_427' title='bbox 2523 2384 2658 2455; x_wconf 55' lang='grc' dir='ltr'>Περὶ</span> <span class='ocrx_word' id='word_1_428' title='bbox 2679 2383 2983 2455; x_wconf 68' lang='grc' dir='ltr'>γυναικῶν</span> <span class='ocrx_word' id='word_1_429' title='bbox 2999 2403 3014 2417; x_wconf 78' lang='grc' dir='ltr'><strong><em>ο</em></strong></span> <span class='ocrx_word' id='word_1_430' title='bbox 3033 2384 3122 2439; x_wconf 83' lang='grc' dir='ltr'>ὅτι</span> <span class='ocrx_word' id='word_1_431' title='bbox 3140 2384 3258 2455; x_wconf 78' lang='grc' dir='ltr'><strong>χρὴ</strong></span> <span class='ocrx_word' id='word_1_432' title='bbox 3278 2383 3465 2455; x_wconf 80' lang='grc' dir='ltr'>αὐτὰς</span> <span class='ocrx_word' id='word_1_433' title='bbox 3480 2381 3693 2455; x_wconf 73' lang='grc' dir='ltr'>ὑποτάσ-</span> 
     </span>
    </p>
   </div>
   <div class='ocr_carea' id='block_1_65' title="bbox 2223 2451 3693 2524">
    <p class='ocr_par' dir='ltr' id='par_1_65' title="bbox 2223 2451 3693 2524">
     <span class='ocr_line' id='line_1_66' title="bbox 2223 2451 3693 2524; baseline 0.001 -21"><span class='ocrx_word' id='word_1_434' title='bbox 2223 2452 2584 2524; x_wconf 72' lang='grc' dir='ltr'>σεσθαιτοῖς</span> <span class='ocrx_word' id='word_1_435' title='bbox 2613 2454 2790 2520; x_wconf 72' lang='grc' dir='ltr'>ἰδίοις</span> <span class='ocrx_word' id='word_1_436' title='bbox 2845 2451 3270 2523; x_wconf 49' lang='grc' dir='ltr'>ἀνδράσιίῖιαὶ</span> <span class='ocrx_word' id='word_1_437' title='bbox 3300 2454 3493 2524; x_wconf 75' lang='grc' dir='ltr'>μηδὲν</span> <span class='ocrx_word' id='word_1_438' title='bbox 3547 2451 3693 2506; x_wconf 74' lang='grc' dir='ltr'>ποιεῖν</span> 
     </span>
    </p>
   </div>
   <div class='ocr_carea' id='block_1_66' title="bbox 2224 2522 3702 2588">
    <p class='ocr_par' dir='ltr' id='par_1_66' title="bbox 2224 2522 3702 2588">
     <span class='ocr_line' id='line_1_67' title="bbox 2224 2522 3702 2588; baseline 0.004 -16"><span class='ocrx_word' id='word_1_439' title='bbox 2224 2523 2407 2588; x_wconf 73' lang='grc' dir='ltr'>χωρὶς</span> <span class='ocrx_word' id='word_1_440' title='bbox 2436 2522 2655 2578; x_wconf 79' lang='grc' dir='ltr'><strong>αὐτῶν.</strong></span> <span class='ocrx_word' id='word_1_441' title='bbox 2961 2522 2970 2523; x_wconf 24' lang='grc' dir='ltr'><strong>ί</strong></span> <span class='ocrx_word' id='word_1_442' title='bbox 3303 2522 3314 2524; x_wconf 57' lang='grc'><strong><em>“</em></strong></span> <span class='ocrx_word' id='word_1_443' title='bbox 3688 2523 3702 2541; x_wconf 87' lang='grc'><strong>⁹</strong></span> 
     </span>
    </p>
   </div>
   <div class='ocr_carea' id='block_1_67' title="bbox 2181 2627 3694 2712">
    <p class='ocr_par' dir='ltr' id='par_1_67' title="bbox 2181 2627 3694 2712">
     <span class='ocr_line' id='line_1_68' title="bbox 2181 2627 3694 2712; baseline 0.004 -27"><span class='ocrx_word' id='word_1_444' title='bbox 2181 2643 2188 2652; x_wconf 89' lang='lat'>’</span> <span class='ocrx_word' id='word_1_445' title='bbox 2231 2654 2249 2685; x_wconf 74' lang='grc' dir='ltr'>ι</span> <span class='ocrx_word' id='word_1_446' title='bbox 2281 2631 2450 2690; x_wconf 77' lang='grc' dir='ltr'>Εἶπεν</span> <span class='ocrx_word' id='word_1_447' title='bbox 2475 2640 2503 2690; x_wconf 86' lang='grc' dir='ltr'>ὁ</span> <span class='ocrx_word' id='word_1_448' title='bbox 2532 2639 2666 2704; x_wconf 79' lang='grc' dir='ltr'>Θεὸς</span> <span class='ocrx_word' id='word_1_449' title='bbox 2703 2643 2770 2712; x_wconf 81' lang='grc' dir='ltr'>τῇ</span> <span class='ocrx_word' id='word_1_450' title='bbox 2803 2627 3026 2710; x_wconf 82' lang='grc' dir='ltr'>γυναικί</span> <span class='ocrx_word' id='word_1_451' title='bbox 3045 2657 3060 2672; x_wconf 76' lang='grc' dir='ltr'><strong><em>ο</em></strong></span> <span class='ocrx_word' id='word_1_452' title='bbox 3095 2641 3242 2711; x_wconf 78' lang='grc' dir='ltr'>Πρὸς</span> <span class='ocrx_word' id='word_1_453' title='bbox 3269 2641 3365 2694; x_wconf 71' lang='grc' dir='ltr'><strong>τὸν</strong></span> <span class='ocrx_word' id='word_1_454' title='bbox 3388 2641 3545 2709; x_wconf 79' lang='grc' dir='ltr'>ἄνδρα</span> <span class='ocrx_word' id='word_1_455' title='bbox 3576 2637 3694 2708; x_wconf 71' lang='grc' dir='ltr'>σουη</span> 
     </span>
    </p>
   </div>
   <div class='ocr_carea' id='block_1_68' title="bbox 2154 2727 3458 2806">
    <p class='ocr_par' dir='ltr' id='par_1_68' title="bbox 2154 2727 3458 2806">
     <span class='ocr_line' id='line_1_69' title="bbox 2154 2727 3458 2806; baseline 0.006 -26"><span class='ocrx_word' id='word_1_456' title='bbox 2154 2727 2471 2801; x_wconf 85' lang='grc' dir='ltr'>ἀποστροφή</span> <span class='ocrx_word' id='word_1_457' title='bbox 2506 2749 2620 2796; x_wconf 85' lang='grc' dir='ltr'>σου,</span> <span class='ocrx_word' id='word_1_458' title='bbox 2653 2735 2759 2797; x_wconf 44' lang='grc' dir='ltr'>καὶ,</span> <span class='ocrx_word' id='word_1_459' title='bbox 2780 2734 2940 2799; x_wconf 84' lang='grc' dir='ltr'>αὑτός</span> <span class='ocrx_word' id='word_1_460' title='bbox 2973 2753 3065 2789; x_wconf 92' lang='grc' dir='ltr'><strong>σου</strong></span> <span class='ocrx_word' id='word_1_461' title='bbox 3095 2734 3405 2806; x_wconf 82' lang='grc' dir='ltr'>κυριεύσει.</span> <span class='ocrx_word' id='word_1_462' title='bbox 3441 2751 3458 2788; x_wconf 75' lang='grc' dir='ltr'><strong>ι</strong></span> 
     </span>
    </p>
   </div>
   <div class='ocr_carea' id='block_1_69' title="bbox 2233 2823 3694 2898">
    <p class='ocr_par' dir='ltr' id='par_1_69' title="bbox 2233 2823 3694 2898">
     <span class='ocr_line' id='line_1_70' title="bbox 2233 2823 3694 2898; baseline 0 -23"><span class='ocrx_word' id='word_1_463' title='bbox 2233 2841 2252 2874; x_wconf 85' lang='grc'><em>‹</em></span> <span class='ocrx_word' id='word_1_464' title='bbox 2297 2823 2424 2878; x_wconf 75' lang='grc' dir='ltr'>Ἐὰν</span> <span class='ocrx_word' id='word_1_465' title='bbox 2452 2826 2718 2896; x_wconf 80' lang='grc' dir='ltr'>γενομένη</span> <span class='ocrx_word' id='word_1_466' title='bbox 2769 2827 2995 2898; x_wconf 84' lang='grc' dir='ltr'>γένηται</span> <span class='ocrx_word' id='word_1_467' title='bbox 3049 2829 3186 2896; x_wconf 79' lang='grc' dir='ltr'>γυνὴ</span> <span class='ocrx_word' id='word_1_468' title='bbox 3235 2827 3429 2896; x_wconf 69' lang='grc' dir='ltr'>ἀνδρὶ.</span> <span class='ocrx_word' id='word_1_469' title='bbox 3466 2825 3552 2878; x_wconf 71' lang='grc' dir='ltr'>καὶ</span> <span class='ocrx_word' id='word_1_470' title='bbox 3575 2825 3694 2893; x_wconf 72' lang='grc' dir='ltr'>εὐχαὶ</span> 
     </span>
    </p>
   </div>
   <div class='ocr_carea' id='block_1_70' title="bbox 2156 2915 3697 2990">
    <p class='ocr_par' dir='ltr' id='par_1_70' title="bbox 2156 2915 3697 2990">
     <span class='ocr_line' id='line_1_71' title="bbox 2156 2915 3697 2990; baseline 0 -22"><span class='ocrx_word' id='word_1_471' title='bbox 2156 2915 2328 2984; x_wconf 79' lang='grc' dir='ltr'>αὑτῆς</span> <span class='ocrx_word' id='word_1_472' title='bbox 2359 2918 2444 2970; x_wconf 75' lang='grc' dir='ltr'><strong>ἐπ’</strong></span> <span class='ocrx_word' id='word_1_473' title='bbox 2477 2920 2615 2988; x_wconf 84' lang='grc' dir='ltr'>αὐτῇ</span> <span class='ocrx_word' id='word_1_474' title='bbox 2639 2959 2654 2982; x_wconf 84' lang='grc'><strong>,</strong></span> <span class='ocrx_word' id='word_1_475' title='bbox 2706 2918 2850 2972; x_wconf 85' lang='grc' dir='ltr'><strong>κατά</strong></span> <span class='ocrx_word' id='word_1_476' title='bbox 2898 2919 2996 2990; x_wconf 86' lang='grc' dir='ltr'><strong>τὴν</strong></span> <span class='ocrx_word' id='word_1_477' title='bbox 3035 2919 3329 2990; x_wconf 81' lang='grc' dir='ltr'>διαστολὴν</span> <span class='ocrx_word' id='word_1_478' title='bbox 3361 2918 3472 2972; x_wconf 86' lang='grc' dir='ltr'>τῶν</span> <span class='ocrx_word' id='word_1_479' title='bbox 3519 2917 3697 2988; x_wconf 81' lang='grc' dir='ltr'>χειλέων</span> 
     </span>
    </p>
   </div>
   <div class='ocr_carea' id='block_1_71' title="bbox 2157 3009 3698 3082">
    <p class='ocr_par' dir='ltr' id='par_1_71' title="bbox 2157 3009 3698 3082">
     <span class='ocr_line' id='line_1_72' title="bbox 2157 3009 3698 3082; baseline -0.001 -20"><span class='ocrx_word' id='word_1_480' title='bbox 2157 3009 2348 3081; x_wconf 80' lang='grc' dir='ltr'>αὐτῆς,</span> <span class='ocrx_word' id='word_1_481' title='bbox 2380 3010 2510 3072; x_wconf 83' lang='grc' dir='ltr'>ὅσας</span> <span class='ocrx_word' id='word_1_482' title='bbox 2552 3010 2791 3081; x_wconf 74' lang='grc' dir='ltr'>ὡρίσατο</span> <span class='ocrx_word' id='word_1_483' title='bbox 2847 3012 2991 3065; x_wconf 87' lang='grc' dir='ltr'><strong>κατά</strong></span> <span class='ocrx_word' id='word_1_484' title='bbox 3043 3013 3144 3082; x_wconf 81' lang='grc' dir='ltr'>τῆς</span> <span class='ocrx_word' id='word_1_485' title='bbox 3173 3012 3359 3082; x_wconf 78' lang='grc' dir='ltr'>ψυχῆς</span> <span class='ocrx_word' id='word_1_486' title='bbox 3383 3017 3394 3030; x_wconf 82' lang='grc'><strong>·’</strong></span> <span class='ocrx_word' id='word_1_487' title='bbox 3411 3011 3584 3080; x_wconf 79' lang='grc' dir='ltr'>αὑτῆς,</span> <span class='ocrx_word' id='word_1_488' title='bbox 3629 3009 3698 3061; x_wconf 78' lang='grc' dir='ltr'><strong>καὶ</strong></span> 
     </span>
    </p>
   </div>
   <div class='ocr_carea' id='block_1_72' title="bbox 2158 3096 3700 3176">
    <p class='ocr_par' dir='ltr' id='par_1_72' title="bbox 2158 3096 3700 3176">
     <span class='ocr_line' id='line_1_73' title="bbox 2158 3096 3700 3176; baseline -0.001 -21"><span class='ocrx_word' id='word_1_489' title='bbox 2158 3101 2367 3172; x_wconf 85' lang='grc' dir='ltr'>ἀκούσῃ</span> <span class='ocrx_word' id='word_1_490' title='bbox 2394 3102 2422 3153; x_wconf 88' lang='grc' dir='ltr'><strong>ὁ</strong></span> <span class='ocrx_word' id='word_1_491' title='bbox 2457 3103 2593 3174; x_wconf 72' lang='grc' dir='ltr'>ἀνὴρ</span> <span class='ocrx_word' id='word_1_492' title='bbox 2630 3104 2822 3174; x_wconf 74' lang='grc' dir='ltr'>αὐτῆς,</span> <span class='ocrx_word' id='word_1_493' title='bbox 2859 3105 2954 3159; x_wconf 66' lang='grc' dir='ltr'><strong>καὶ</strong></span> <span class='ocrx_word' id='word_1_494' title='bbox 2988 3106 3410 3176; x_wconf 85' lang='grc' dir='ltr'>παρασιωπήσῃ</span> <span class='ocrx_word' id='word_1_495' title='bbox 3440 3104 3586 3174; x_wconf 82' lang='grc' dir='ltr'>αὑτῇ.</span> <span class='ocrx_word' id='word_1_496' title='bbox 3609 3096 3700 3174; x_wconf 73' lang='grc' dir='ltr'>ᾖᾶν</span> 
     </span>
    </p>
   </div>
   <div class='ocr_carea' id='block_1_73' title="bbox 2161 3193 3700 3268">
    <p class='ocr_par' dir='ltr' id='par_1_73' title="bbox 2161 3193 3700 3268">
     <span class='ocr_line' id='line_1_74' title="bbox 2161 3193 3700 3268; baseline -0.009 -10"><span class='ocrx_word' id='word_1_497' title='bbox 2161 3193 2346 3264; x_wconf 78' lang='grc' dir='ltr'>ἡμέρᾳ</span> <span class='ocrx_word' id='word_1_498' title='bbox 2368 3193 2600 3265; x_wconf 79' lang='grc' dir='ltr'>ἀκούσῃ,</span> <span class='ocrx_word' id='word_1_499' title='bbox 2627 3196 2721 3248; x_wconf 73' lang='grc' dir='ltr'><strong>καὶ</strong></span> <span class='ocrx_word' id='word_1_500' title='bbox 2750 3195 2895 3249; x_wconf 78' lang='grc' dir='ltr'>οὑτω</span> <span class='ocrx_word' id='word_1_501' title='bbox 2952 3197 3240 3268; x_wconf 85' lang='grc' dir='ltr'>στήσονται</span> <span class='ocrx_word' id='word_1_502' title='bbox 3302 3198 3474 3248; x_wconf 77' lang='grc' dir='ltr'>πᾶσαι</span> <span class='ocrx_word' id='word_1_503' title='bbox 3503 3195 3556 3247; x_wconf 80' lang='lat' dir='ltr'><strong>al</strong></span> <span class='ocrx_word' id='word_1_504' title='bbox 3581 3193 3700 3264; x_wconf 74' lang='grc' dir='ltr'>εὐχαὶ</span> 
     </span>
    </p>
   </div>
   <div class='ocr_carea' id='block_1_74' title="bbox 2161 3285 3702 3359">
    <p class='ocr_par' dir='ltr' id='par_1_74' title="bbox 2161 3285 3702 3359">
     <span class='ocr_line' id='line_1_75' title="bbox 2161 3285 3702 3359; baseline 0.002 -23"><span class='ocrx_word' id='word_1_505' title='bbox 2161 3285 2352 3354; x_wconf 82' lang='grc' dir='ltr'>αὐτῆς,</span> <span class='ocrx_word' id='word_1_506' title='bbox 2379 3286 2473 3339; x_wconf 73' lang='grc' dir='ltr'><strong>καὶ</strong></span> <span class='ocrx_word' id='word_1_507' title='bbox 2501 3289 2550 3339; x_wconf 80' lang='grc' dir='ltr'>οἱ</span> <span class='ocrx_word' id='word_1_508' title='bbox 2581 3288 2800 3359; x_wconf 75' lang='grc' dir='ltr'>όρισμοὶ</span> <span class='ocrx_word' id='word_1_509' title='bbox 2852 3289 3046 3359; x_wconf 81' lang='grc' dir='ltr'>αὐτῆς,</span> <span class='ocrx_word' id='word_1_510' title='bbox 3072 3287 3166 3352; x_wconf 82' lang='grc' dir='ltr'><strong>οὒς</strong></span> <span class='ocrx_word' id='word_1_511' title='bbox 3199 3289 3447 3359; x_wconf 84' lang='grc' dir='ltr'>ὡρίσατο</span> <span class='ocrx_word' id='word_1_512' title='bbox 3484 3286 3609 3340; x_wconf 83' lang='grc' dir='ltr'><strong>κατά</strong></span> <span class='ocrx_word' id='word_1_513' title='bbox 3631 3286 3702 3354; x_wconf 79' lang='grc' dir='ltr'><strong>τῆς</strong></span> 
     </span>
    </p>
   </div>
   <div class='ocr_carea' id='block_1_75' title="bbox 2159 3376 3702 3451">
    <p class='ocr_par' dir='ltr' id='par_1_75' title="bbox 2159 3376 3702 3451">
     <span class='ocr_line' id='line_1_76' title="bbox 2159 3376 3702 3451; baseline -0.008 -9"><span class='ocrx_word' id='word_1_514' title='bbox 2159 3376 2343 3448; x_wconf 74' lang='grc' dir='ltr'>ψυχῆς</span> <span class='ocrx_word' id='word_1_515' title='bbox 2402 3378 2575 3447; x_wconf 80' lang='grc' dir='ltr'>αὐτῆς</span> <span class='ocrx_word' id='word_1_516' title='bbox 2623 3380 2934 3448; x_wconf 85' lang='grc' dir='ltr'>στήσονται.</span> <span class='ocrx_word' id='word_1_517' title='bbox 2974 3379 3103 3433; x_wconf 83' lang='grc' dir='ltr'>Ἐὰν</span> <span class='ocrx_word' id='word_1_518' title='bbox 3145 3380 3204 3432; x_wconf 81' lang='grc' dir='ltr'>δὲ</span> <span class='ocrx_word' id='word_1_519' title='bbox 3258 3379 3530 3451; x_wconf 79' lang='grc' dir='ltr'>ἀνανεύσῃ</span> <span class='ocrx_word' id='word_1_520' title='bbox 3556 3379 3702 3446; x_wconf 53' lang='lat' dir='ltr'><strong>“vis</strong></span> 
     </span>
    </p>
   </div>
   <div class='ocr_carea' id='block_1_76' title="bbox 2162 3465 3703 3544">
    <p class='ocr_par' dir='ltr' id='par_1_76' title="bbox 2162 3465 3703 3544">
     <span class='ocr_line' id='line_1_77' title="bbox 2162 3465 3703 3544; baseline 0 -21"><span class='ocrx_word' id='word_1_521' title='bbox 2162 3470 2356 3540; x_wconf 87' lang='grc' dir='ltr'>αὑτῆς,</span> <span class='ocrx_word' id='word_1_522' title='bbox 2449 3471 2544 3524; x_wconf 79' lang='grc' dir='ltr'>ἐὰν</span> <span class='ocrx_word' id='word_1_523' title='bbox 2571 3472 2758 3544; x_wconf 81' lang='grc' dir='ltr'>ἡμέρᾳ</span> <span class='ocrx_word' id='word_1_524' title='bbox 2816 3473 3060 3544; x_wconf 78' lang='grc' dir='ltr'>ἀκούσῃ,</span> <span class='ocrx_word' id='word_1_525' title='bbox 3088 3474 3265 3526; x_wconf 84' lang='grc' dir='ltr'>πᾶσαι</span> <span class='ocrx_word' id='word_1_526' title='bbox 3297 3473 3354 3526; x_wconf 79' lang='grc' dir='ltr'><strong>αἱ</strong></span> <span class='ocrx_word' id='word_1_527' title='bbox 3378 3471 3530 3540; x_wconf 70' lang='grc' dir='ltr'>εὐχαὶ</span> <span class='ocrx_word' id='word_1_528' title='bbox 3556 3469 3703 3538; x_wconf 77' lang='grc' dir='ltr'>αὐτῆς,</span> 
     </span>
    </p>
   </div>
   <div class='ocr_carea' id='block_1_77' title="bbox 2162 3558 3703 3632">
    <p class='ocr_par' dir='ltr' id='par_1_77' title="bbox 2162 3558 3703 3632">
     <span class='ocr_line' id='line_1_78' title="bbox 2162 3558 3703 3632; baseline 0.003 -19"><span class='ocrx_word' id='word_1_529' title='bbox 2162 3561 2258 3614; x_wconf 73' lang='grc' dir='ltr'>καὶ</span> <span class='ocrx_word' id='word_1_530' title='bbox 2283 3563 2330 3614; x_wconf 79' lang='grc' dir='ltr'>οἱ</span> <span class='ocrx_word' id='word_1_531' title='bbox 2359 3563 2578 3632; x_wconf 80' lang='grc' dir='ltr'>όρισμο¹ι</span> <span class='ocrx_word' id='word_1_532' title='bbox 2609 3563 2804 3632; x_wconf 84' lang='grc' dir='ltr'>αὑτῆς,</span> <span class='ocrx_word' id='word_1_533' title='bbox 2853 3562 2948 3626; x_wconf 85' lang='grc' dir='ltr'><strong>οὒς</strong></span> <span class='ocrx_word' id='word_1_534' title='bbox 2987 3561 3231 3632; x_wconf 81' lang='grc' dir='ltr'>ὡρίσατο</span> <span class='ocrx_word' id='word_1_535' title='bbox 3286 3561 3432 3616; x_wconf 87' lang='grc' dir='ltr'><strong>κατά</strong></span> <span class='ocrx_word' id='word_1_536' title='bbox 3456 3561 3548 3630; x_wconf 81' lang='grc' dir='ltr'>τῆς</span> <span class='ocrx_word' id='word_1_537' title='bbox 3570 3558 3703 3626; x_wconf 75' lang='grc' dir='ltr'><strong>ψυχῆς</strong></span> 
     </span>
    </p>
   </div>
   <div class='ocr_carea' id='block_1_78' title="bbox 2164 3647 3705 3723">
    <p class='ocr_par' dir='ltr' id='par_1_78' title="bbox 2164 3647 3705 3723">
     <span class='ocr_line' id='line_1_79' title="bbox 2164 3647 3705 3723; baseline 0.004 -21"><span class='ocrx_word' id='word_1_538' title='bbox 2164 3650 2357 3720; x_wconf 80' lang='grc' dir='ltr'>αὑτῆς,</span> <span class='ocrx_word' id='word_1_539' title='bbox 2393 3651 2453 3702; x_wconf 90' lang='grc' dir='ltr'><strong>οὑ</strong></span> <span class='ocrx_word' id='word_1_540' title='bbox 2491 3651 2769 3720; x_wconf 85' lang='grc' dir='ltr'>μενοῦσιν,</span> <span class='ocrx_word' id='word_1_541' title='bbox 2809 3652 2892 3705; x_wconf 85' lang='grc' dir='ltr'>ὅτι</span> <span class='ocrx_word' id='word_1_542' title='bbox 2933 3651 3074 3723; x_wconf 71' lang='grc' dir='ltr'>ἀνὴρ</span> <span class='ocrx_word' id='word_1_543' title='bbox 3095 3650 3361 3706; x_wconf 81' lang='grc' dir='ltr'>ἀνένευσε</span> <span class='ocrx_word' id='word_1_544' title='bbox 3385 3668 3398 3683; x_wconf 80' lang='grc' dir='ltr'><strong>ο</strong></span> <span class='ocrx_word' id='word_1_545' title='bbox 3431 3650 3520 3704; x_wconf 73' lang='grc' dir='ltr'>καὶ</span> <span class='ocrx_word' id='word_1_546' title='bbox 3547 3647 3705 3718; x_wconf 77' lang='grc' dir='ltr'>Κύριος</span> 
     </span>
    </p>
   </div>
   <div class='ocr_carea' id='block_1_79' title="bbox 2165 3742 2740 3815">
    <p class='ocr_par' dir='ltr' id='par_1_79' title="bbox 2165 3742 2740 3815">
     <span class='ocr_line' id='line_1_80' title="bbox 2165 3742 2740 3815; baseline 0.002 -20"><span class='ocrx_word' id='word_1_547' title='bbox 2165 3742 2459 3814; x_wconf 86' lang='grc' dir='ltr'>καθαρίσει</span> <span class='ocrx_word' id='word_1_548' title='bbox 2492 3743 2689 3815; x_wconf 87' lang='grc' dir='ltr'>αὑτήν.</span> <span class='ocrx_word' id='word_1_549' title='bbox 2721 3763 2740 3796; x_wconf 76' lang='grc' dir='ltr'><strong>ι</strong></span> 
     </span>
    </p>
   </div>
   <div class='ocr_carea' id='block_1_80' title="bbox 2243 3921 3711 3998">
    <p class='ocr_par' dir='ltr' id='par_1_80' title="bbox 2243 3921 3711 3998">
     <span class='ocr_line' id='line_1_81' title="bbox 2243 3921 3711 3998; baseline -0.006 -19"><span class='ocrx_word' id='word_1_550' title='bbox 2243 3946 2262 3979; x_wconf 79' lang='grc' dir='ltr'>ι</span> <span class='ocrx_word' id='word_1_551' title='bbox 2295 3926 2437 3998; x_wconf 82' lang='grc' dir='ltr'>Γυνὴ</span> <span class='ocrx_word' id='word_1_552' title='bbox 2467 3927 2602 3980; x_wconf 73' lang='grc' dir='ltr'>ἴδιον</span> <span class='ocrx_word' id='word_1_553' title='bbox 2645 3927 2815 3998; x_wconf 78' lang='grc' dir='ltr'>ἄνδρα</span> <span class='ocrx_word' id='word_1_554' title='bbox 2873 3926 3126 3998; x_wconf 84' lang='grc' dir='ltr'>τιμῶσα,</span> <span class='ocrx_word' id='word_1_555' title='bbox 3162 3925 3306 3997; x_wconf 77' lang='grc' dir='ltr'>σοφὴ</span> <span class='ocrx_word' id='word_1_556' title='bbox 3349 3926 3484 3979; x_wconf 84' lang='grc' dir='ltr'>πᾶσι</span> <span class='ocrx_word' id='word_1_557' title='bbox 3523 3921 3711 3991; x_wconf 74' lang='grc' dir='ltr'>φανήσε-</span> 
     </span>
    </p>
   </div>
   <div class='ocr_carea' id='block_1_81' title="bbox 2167 4035 2322 4074">
    <p class='ocr_par' dir='ltr' id='par_1_81' title="bbox 2167 4035 2322 4074">
     <span class='ocr_line' id='line_1_82' title="bbox 2167 4035 2322 4074; baseline 0 -2"><span class='ocrx_word' id='word_1_558' title='bbox 2167 4035 2278 4074; x_wconf 84' lang='grc' dir='ltr'>ται.</span> <span class='ocrx_word' id='word_1_559' title='bbox 2305 4037 2322 4072; x_wconf 85' lang='grc' dir='ltr'><strong>Ι</strong></span> 
     </span>
    </p>
   </div>
   <div class='ocr_carea' id='block_1_82' title="bbox 2244 4102 3702 4180">
    <p class='ocr_par' dir='ltr' id='par_1_82' title="bbox 2244 4102 3702 4180">
     <span class='ocr_line' id='line_1_83' title="bbox 2244 4102 3702 4180; baseline -0.005 -18"><span class='ocrx_word' id='word_1_560' title='bbox 2244 4127 2263 4162; x_wconf 83' lang='lat' dir='ltr'><strong>t</strong></span> <span class='ocrx_word' id='word_1_561' title='bbox 2299 4110 2366 4163; x_wconf 80' lang='grc' dir='ltr'><strong>Αἱ</strong></span> <span class='ocrx_word' id='word_1_562' title='bbox 2395 4113 2660 4180; x_wconf 82' lang='grc' dir='ltr'>γυναῖκες</span> <span class='ocrx_word' id='word_1_563' title='bbox 2686 4112 2799 4175; x_wconf 76' lang='grc' dir='ltr'>τοῖς</span> <span class='ocrx_word' id='word_1_564' title='bbox 2843 4109 2998 4172; x_wconf 78' lang='grc' dir='ltr'>ἰδίοις</span> <span class='ocrx_word' id='word_1_565' title='bbox 3029 4109 3308 4179; x_wconf 80' lang='grc' dir='ltr'>ἀνδράσιν</span> <span class='ocrx_word' id='word_1_566' title='bbox 3343 4102 3702 4160; x_wconf 76' lang='grc' dir='ltr'>ὑποτασσέσθω</span> 
     </span>
    </p>
   </div>
   <div class='ocr_carea' id='block_1_83' title="bbox 2171 4195 3708 4272">
    <p class='ocr_par' dir='ltr' id='par_1_83' title="bbox 2171 4195 3708 4272">
     <span class='ocr_line' id='line_1_84' title="bbox 2171 4195 3708 4272; baseline -0.004 -19"><span class='ocrx_word' id='word_1_567' title='bbox 2171 4217 2270 4254; x_wconf 86' lang='grc' dir='ltr'><strong>σαν</strong></span> <span class='ocrx_word' id='word_1_568' title='bbox 2304 4201 2381 4265; x_wconf 89' lang='grc' dir='ltr'>ὼς</span> <span class='ocrx_word' id='word_1_569' title='bbox 2407 4201 2483 4270; x_wconf 81' lang='grc' dir='ltr'><strong>τῷ</strong></span> <span class='ocrx_word' id='word_1_570' title='bbox 2511 4202 2704 4272; x_wconf 84' lang='grc' dir='ltr'>Κυρίῳ</span> <span class='ocrx_word' id='word_1_571' title='bbox 2745 4218 2761 4235; x_wconf 76' lang='grc' dir='ltr'><strong>ο</strong></span> <span class='ocrx_word' id='word_1_572' title='bbox 2806 4202 2887 4254; x_wconf 81' lang='grc' dir='ltr'>ὅτι</span> <span class='ocrx_word' id='word_1_573' title='bbox 2923 4199 3064 4272; x_wconf 82' lang='grc' dir='ltr'>ἀνὴρ</span> <span class='ocrx_word' id='word_1_574' title='bbox 3103 4199 3324 4269; x_wconf 82' lang='grc' dir='ltr'>κεφαλὴ</span> <span class='ocrx_word' id='word_1_575' title='bbox 3346 4200 3447 4270; x_wconf 85' lang='grc' dir='ltr'>τῆς</span> <span class='ocrx_word' id='word_1_576' title='bbox 3481 4195 3708 4267; x_wconf 64' lang='grc' dir='ltr'>γυναικὸς,</span> 
     </span>
    </p>
   </div>
   <div class='ocr_carea' id='block_1_84' title="bbox 2169 4286 3704 4370">
    <p class='ocr_par' dir='ltr' id='par_1_84' title="bbox 2169 4286 3704 4370">
     <span class='ocr_line' id='line_1_85' title="bbox 2169 4286 3704 4370; baseline -0.014 -11"><span class='ocrx_word' id='word_1_577' title='bbox 2169 4294 2245 4358; x_wconf 78' lang='grc' dir='ltr'>ὡς</span> <span class='ocrx_word' id='word_1_578' title='bbox 2276 4295 2370 4347; x_wconf 68' lang='grc' dir='ltr'><strong>καὶ</strong></span> <span class='ocrx_word' id='word_1_579' title='bbox 2400 4295 2428 4347; x_wconf 80' lang='grc' dir='ltr'>ὁ</span> <span class='ocrx_word' id='word_1_580' title='bbox 2457 4293 2692 4370; x_wconf 74' lang='grc' dir='ltr'>Χριστὸς</span> <span class='ocrx_word' id='word_1_581' title='bbox 2745 4293 2958 4365; x_wconf 81' lang='grc' dir='ltr'>κεφαλὴ</span> <span class='ocrx_word' id='word_1_582' title='bbox 3006 4292 3108 4363; x_wconf 86' lang='grc' dir='ltr'>τῆς</span> <span class='ocrx_word' id='word_1_583' title='bbox 3154 4292 3513 4361; x_wconf 78' lang='grc' dir='ltr'>Ἐκκλησίας”</span> <span class='ocrx_word' id='word_1_584' title='bbox 3544 4286 3704 4342; x_wconf 76' lang='grc' dir='ltr'>καὶαύ-</span> 
     </span>
    </p>
   </div>
   <div class='ocr_carea' id='block_1_85' title="bbox 2171 4376 3710 4457">
    <p class='ocr_par' dir='ltr' id='par_1_85' title="bbox 2171 4376 3710 4457">
     <span class='ocr_line' id='line_1_86' title="bbox 2171 4376 3710 4457; baseline -0.006 -18"><span class='ocrx_word' id='word_1_585' title='bbox 2171 4387 2263 4450; x_wconf 88' lang='grc' dir='ltr'><strong>τός</strong></span> <span class='ocrx_word' id='word_1_586' title='bbox 2291 4387 2406 4439; x_wconf 80' lang='grc' dir='ltr'>ἐστι</span> <span class='ocrx_word' id='word_1_587' title='bbox 2433 4387 2647 4457; x_wconf 80' lang='grc' dir='ltr'>κεφαλὴ</span> <span class='ocrx_word' id='word_1_588' title='bbox 2673 4385 2768 4440; x_wconf 84' lang='grc' dir='ltr'>τοῦ</span> <span class='ocrx_word' id='word_1_589' title='bbox 2808 4385 3087 4454; x_wconf 84' lang='grc' dir='ltr'>σώματος.</span> <span class='ocrx_word' id='word_1_590' title='bbox 3119 4384 3263 4438; x_wconf 87' lang='grc' dir='ltr'>Ἀλλ’</span> <span class='ocrx_word' id='word_1_591' title='bbox 3301 4385 3380 4449; x_wconf 85' lang='grc' dir='ltr'>ὼς</span> <span class='ocrx_word' id='word_1_592' title='bbox 3409 4388 3442 4453; x_wconf 82' lang='grc' dir='ltr'><strong>ἡ</strong></span> <span class='ocrx_word' id='word_1_593' title='bbox 3467 4376 3710 4447; x_wconf 74' lang='grc' dir='ltr'>Ἐκκλησία</span> 
     </span>
    </p>
   </div>
   <div class='ocr_carea' id='block_1_86' title="bbox 477 4472 2063 4560">
    <p class='ocr_par' dir='ltr' id='par_1_86' title="bbox 477 4481 2063 4546">
     <span class='ocr_line' id='line_1_87' title="bbox 477 4481 2063 4546; baseline 0.001 -12"><span class='ocrx_word' id='word_1_594' title='bbox 477 4481 739 4546; x_wconf 85' lang='lat' dir='ltr'><strong>Christo,</strong></span> <span class='ocrx_word' id='word_1_595' title='bbox 777 4481 852 4535; x_wconf 88' lang='lat' dir='ltr'><strong>ita</strong></span> <span class='ocrx_word' id='word_1_596' title='bbox 907 4493 962 4536; x_wconf 88' lang='lat' dir='ltr'><strong>et</strong></span> <span class='ocrx_word' id='word_1_597' title='bbox 1012 4482 1272 4537; x_wconf 89' lang='lat' dir='ltr'><strong>mulieres</strong></span> <span class='ocrx_word' id='word_1_598' title='bbox 1322 4481 1456 4538; x_wconf 89' lang='lat' dir='ltr'><strong>viris</strong></span> <span class='ocrx_word' id='word_1_599' title='bbox 1509 4482 1626 4537; x_wconf 87' lang='lat' dir='ltr'><strong>suis</strong></span> <span class='ocrx_word' id='word_1_600' title='bbox 1677 4483 1731 4536; x_wconf 90' lang='lat' dir='ltr'><strong>in</strong></span> <span class='ocrx_word' id='word_1_601' title='bbox 1785 4481 2063 4536; x_wconf 88' lang='lat' dir='ltr'><strong>omnibus.</strong></span> 
     </span>
    </p>
   </div>
   <div class='ocr_carea' id='block_1_87' title="bbox 2168 4472 3709 4560">
    <p class='ocr_par' dir='ltr' id='par_1_87' title="bbox 2175 4472 3709 4550">
     <span class='ocr_line' id='line_1_88' title="bbox 2175 4472 3709 4550; baseline -0.008 -20"><span class='ocrx_word' id='word_1_602' title='bbox 2175 4478 2542 4533; x_wconf 81' lang='grc' dir='ltr'>ὑποτάσσεται</span> <span class='ocrx_word' id='word_1_603' title='bbox 2593 4479 2670 4550; x_wconf 83' lang='grc' dir='ltr'>τῷ</span> <span class='ocrx_word' id='word_1_604' title='bbox 2726 4476 2982 4548; x_wconf 82' lang='grc' dir='ltr'>Χριστῷ,</span> <span class='ocrx_word' id='word_1_605' title='bbox 3032 4475 3206 4539; x_wconf 85' lang='grc' dir='ltr'>οὑτως</span> <span class='ocrx_word' id='word_1_606' title='bbox 3265 4476 3363 4530; x_wconf 73' lang='grc' dir='ltr'><strong>καὶ</strong></span> <span class='ocrx_word' id='word_1_607' title='bbox 3399 4475 3455 4529; x_wconf 79' lang='grc' dir='ltr'>αἱ</span> <span class='ocrx_word' id='word_1_608' title='bbox 3506 4472 3709 4540; x_wconf 72' lang='grc' dir='ltr'>γυναῖκες,</span> 
     </span>
    </p>
   </div>
   <div class='ocr_carea' id='block_1_88' title="bbox 479 4572 2066 4646">
    <p class='ocr_par' dir='ltr' id='par_1_88' title="bbox 479 4572 2066 4646">
     <span class='ocr_line' id='line_1_89' title="bbox 479 4572 2066 4646; baseline 0 -18"><span class='ocrx_word' id='word_1_609' title='bbox 479 4572 873 4644; x_wconf 84' lang='lat' dir='ltr'><strong>Unusquisque</strong></span> <span class='ocrx_word' id='word_1_610' title='bbox 920 4589 1147 4630; x_wconf 79' lang='lat' dir='ltr'><strong>uxorem</strong></span> <span class='ocrx_word' id='word_1_611' title='bbox 1195 4590 1352 4631; x_wconf 91' lang='lat' dir='ltr'><strong>suam</strong></span> <span class='ocrx_word' id='word_1_612' title='bbox 1384 4575 1532 4630; x_wconf 87' lang='lat' dir='ltr'><strong>sicut</strong></span> <span class='ocrx_word' id='word_1_613' title='bbox 1559 4574 1802 4645; x_wconf 90' lang='lat' dir='ltr'><strong>seipsum</strong></span> <span class='ocrx_word' id='word_1_614' title='bbox 1831 4574 2025 4646; x_wconf 78' lang='lat' dir='ltr'><strong>diligat</strong></span> <span class='ocrx_word' id='word_1_615' title='bbox 2052 4589 2066 4627; x_wconf 87' lang='lat'><strong>:</strong></span> 
     </span>
    </p>
   </div>
   <div class='ocr_carea' id='block_1_89' title="bbox 491 4667 1747 4734">
    <p class='ocr_par' dir='ltr' id='par_1_89' title="bbox 491 4667 1747 4734">
     <span class='ocr_line' id='line_1_90' title="bbox 491 4667 1747 4734; baseline -0.002 -14"><span class='ocrx_word' id='word_1_616' title='bbox 491 4667 696 4722; x_wconf 84' lang='lat' dir='ltr'><strong>mulier</strong></span> <span class='ocrx_word' id='word_1_617' title='bbox 725 4673 949 4734; x_wconf 86' lang='lat' dir='ltr'><strong>autem,</strong></span> <span class='ocrx_word' id='word_1_618' title='bbox 979 4675 1041 4721; x_wconf 86' lang='lat' dir='ltr'><strong>ut</strong></span> <span class='ocrx_word' id='word_1_619' title='bbox 1073 4668 1261 4723; x_wconf 89' lang='lat' dir='ltr'><strong>timeat</strong></span> <span class='ocrx_word' id='word_1_620' title='bbox 1295 4667 1478 4725; x_wconf 87' lang='lat' dir='ltr'><strong>virum</strong></span> <span class='ocrx_word' id='word_1_621' title='bbox 1511 4682 1694 4723; x_wconf 91' lang='lat' dir='ltr'><strong>suum.</strong></span> <span class='ocrx_word' id='word_1_622' title='bbox 1729 4685 1747 4718; x_wconf 74' lang='grc' dir='ltr'><strong>ι</strong></span> 
     </span>
    </p>
   </div>
   <div class='ocr_carea' id='block_1_90' title="bbox 555 4843 2074 4910">
    <p class='ocr_par' dir='ltr' id='par_1_90' title="bbox 555 4843 2074 4910">
     <span class='ocr_line' id='line_1_91' title="bbox 555 4843 2074 4910; baseline 0.004 -13"><span class='ocrx_word' id='word_1_623' title='bbox 555 4843 585 4897; x_wconf 82' lang='grc'><strong><em>1</em></strong></span> <span class='ocrx_word' id='word_1_624' title='bbox 621 4844 767 4900; x_wconf 75' lang='lat' dir='ltr'><strong>Patr.</strong></span> <span class='ocrx_word' id='word_1_625' title='bbox 798 4861 896 4910; x_wconf 90' lang='grc' dir='ltr'>ιιι,</span> <span class='ocrx_word' id='word_1_626' title='bbox 939 4846 1056 4901; x_wconf 79' lang='lat'><strong>1-6.</strong></span> <span class='ocrx_word' id='word_1_627' title='bbox 1085 4877 1152 4890; x_wconf 84' lang='lat'><strong>—-</strong></span> <span class='ocrx_word' id='word_1_628' title='bbox 1186 4866 1204 4900; x_wconf 82' lang='grc' dir='ltr'>ι</span> <span class='ocrx_word' id='word_1_629' title='bbox 1237 4845 1496 4902; x_wconf 85' lang='lat' dir='ltr'><strong>Mulieres</strong></span> <span class='ocrx_word' id='word_1_630' title='bbox 1530 4846 1768 4902; x_wconf 65' lang='lat' dir='ltr'><strong>subditae</strong></span> <span class='ocrx_word' id='word_1_631' title='bbox 1799 4847 1913 4902; x_wconf 90' lang='lat' dir='ltr'><strong>sint</strong></span> <span class='ocrx_word' id='word_1_632' title='bbox 1937 4846 2074 4903; x_wconf 87' lang='lat' dir='ltr'><strong>viris</strong></span> 
     </span>
    </p>
   </div>
   <div class='ocr_carea' id='block_1_91' title="bbox 479 4935 2072 5009">
    <p class='ocr_par' dir='ltr' id='par_1_91' title="bbox 479 4935 2072 5009">
     <span class='ocr_line' id='line_1_92' title="bbox 479 4935 2072 5009; baseline 0.003 -20"><span class='ocrx_word' id='word_1_633' title='bbox 479 4935 638 5000; x_wconf 70' lang='lat' dir='ltr'><strong>satis;</strong></span> <span class='ocrx_word' id='word_1_634' title='bbox 673 4944 734 4989; x_wconf 85' lang='lat' dir='ltr'><strong>ut</strong></span> <span class='ocrx_word' id='word_1_635' title='bbox 768 4947 824 4991; x_wconf 88' lang='lat' dir='ltr'><strong>et</strong></span> <span class='ocrx_word' id='word_1_636' title='bbox 859 4937 905 4992; x_wconf 89' lang='lat' dir='ltr'><strong>si</strong></span> <span class='ocrx_word' id='word_1_637' title='bbox 938 4938 1034 5007; x_wconf 90' lang='lat' dir='ltr'><strong>qui</strong></span> <span class='ocrx_word' id='word_1_638' title='bbox 1077 4955 1186 4994; x_wconf 87' lang='lat' dir='ltr'><strong>non</strong></span> <span class='ocrx_word' id='word_1_639' title='bbox 1221 4941 1458 4995; x_wconf 89' lang='lat' dir='ltr'><strong>credunt</strong></span> <span class='ocrx_word' id='word_1_640' title='bbox 1493 4941 1687 5002; x_wconf 83' lang='lat' dir='ltr'><strong>verbo,</strong></span> <span class='ocrx_word' id='word_1_641' title='bbox 1725 4954 1825 5009; x_wconf 89' lang='lat' dir='ltr'><strong>per</strong></span> <span class='ocrx_word' id='word_1_642' title='bbox 1873 4939 2072 5009; x_wconf 40' lang='lat' dir='ltr'><strong>mulief</strong></span> 
     </span>
    </p>
   </div>
   <div class='ocr_carea' id='block_1_92' title="bbox 484 5026 2076 5094">
    <p class='ocr_par' dir='ltr' id='par_1_92' title="bbox 484 5026 2076 5094">
     <span class='ocr_line' id='line_1_93' title="bbox 484 5026 2076 5094; baseline 0.001 -15"><span class='ocrx_word' id='word_1_643' title='bbox 484 5040 608 5079; x_wconf 88' lang='lat' dir='ltr'><strong>rum</strong></span> <span class='ocrx_word' id='word_1_644' title='bbox 645 5026 1127 5082; x_wconf 84' lang='lat' dir='ltr'><strong>conversationem</strong></span> <span class='ocrx_word' id='word_1_645' title='bbox 1164 5027 1485 5094; x_wconf 76' lang='lat' dir='ltr'><strong>lberil‘tant,</strong></span> <span class='ocrx_word' id='word_1_646' title='bbox 1522 5027 1946 5081; x_wconf 85' lang='lat' dir='ltr'><strong>considerantes</strong></span> <span class='ocrx_word' id='word_1_647' title='bbox 1979 5041 2076 5082; x_wconf 82' lang='lat' dir='ltr'><strong>ve-</strong></span> 
     </span>
    </p>
   </div>
   <div class='ocr_carea' id='block_1_93' title="bbox 484 5118 2075 5186">
    <p class='ocr_par' dir='ltr' id='par_1_93' title="bbox 484 5118 2075 5186">
     <span class='ocr_line' id='line_1_94' title="bbox 484 5118 2075 5186; baseline 0.001 -13"><span class='ocrx_word' id='word_1_648' title='bbox 484 5128 659 5173; x_wconf 87' lang='lat' dir='ltr'><strong>stram</strong></span> <span class='ocrx_word' id='word_1_649' title='bbox 700 5118 756 5172; x_wconf 88' lang='lat' dir='ltr'><strong>in</strong></span> <span class='ocrx_word' id='word_1_650' title='bbox 795 5118 998 5173; x_wconf 84' lang='lat' dir='ltr'><strong>timore</strong></span> <span class='ocrx_word' id='word_1_651' title='bbox 1033 5121 1535 5176; x_wconf 80' lang='lat' dir='ltr'><strong>conversationem.</strong></span> <span class='ocrx_word' id='word_1_652' title='bbox 1576 5120 1824 5186; x_wconf 86' lang='lat' dir='ltr'><strong>Quarum</strong></span> <span class='ocrx_word' id='word_1_653' title='bbox 1858 5135 1967 5174; x_wconf 92' lang='lat' dir='ltr'><strong>non</strong></span> <span class='ocrx_word' id='word_1_654' title='bbox 2001 5119 2075 5175; x_wconf 87' lang='lat' dir='ltr'><strong>sit</strong></span> 
     </span>
    </p>
   </div>
   <div class='ocr_carea' id='block_1_94' title="bbox 483 5208 2076 5279">
    <p class='ocr_par' dir='ltr' id='par_1_94' title="bbox 483 5208 2076 5279">
     <span class='ocr_line' id='line_1_95' title="bbox 483 5208 2076 5279; baseline 0.002 -16"><span class='ocrx_word' id='word_1_655' title='bbox 483 5208 837 5264; x_wconf 75' lang='lat' dir='ltr'><strong>extrinsecus</strong></span> <span class='ocrx_word' id='word_1_656' title='bbox 868 5210 1194 5279; x_wconf 84' lang='lat' dir='ltr'><strong>capillatura</strong></span> <span class='ocrx_word' id='word_1_657' title='bbox 1215 5250 1230 5275; x_wconf 91' lang='lat'><strong>,</strong></span> <span class='ocrx_word' id='word_1_658' title='bbox 1268 5221 1364 5266; x_wconf 87' lang='lat' dir='ltr'><strong>aut</strong></span> <span class='ocrx_word' id='word_1_659' title='bbox 1398 5211 1765 5266; x_wconf 91' lang='lat' dir='ltr'><strong>circumdatio</strong></span> <span class='ocrx_word' id='word_1_660' title='bbox 1797 5211 1914 5264; x_wconf 88' lang='lat' dir='ltr'><strong>auri</strong></span> <span class='ocrx_word' id='word_1_661' title='bbox 1940 5251 1955 5277; x_wconf 92' lang='lat'><strong>,</strong></span> <span class='ocrx_word' id='word_1_662' title='bbox 1985 5221 2076 5266; x_wconf 90' lang='lat' dir='ltr'><strong>aut</strong></span> 
     </span>
    </p>
   </div>
   <div class='ocr_carea' id='block_1_95' title="bbox 485 5301 2076 5372">
    <p class='ocr_par' dir='ltr' id='par_1_95' title="bbox 485 5301 2076 5372">
     <span class='ocr_line' id='line_1_96' title="bbox 485 5301 2076 5372; baseline 0.002 -17"><span class='ocrx_word' id='word_1_663' title='bbox 485 5301 802 5357; x_wconf 87' lang='lat' dir='ltr'><strong>indumenti</strong></span> <span class='ocrx_word' id='word_1_664' title='bbox 831 5303 1288 5358; x_wconf 83' lang='lat' dir='ltr'><strong>vestimentorum</strong></span> <span class='ocrx_word' id='word_1_665' title='bbox 1323 5304 1508 5358; x_wconf 89' lang='lat' dir='ltr'><strong>cultus</strong></span> <span class='ocrx_word' id='word_1_666' title='bbox 1537 5321 1550 5357; x_wconf 92' lang='lat'><strong>:</strong></span> <span class='ocrx_word' id='word_1_667' title='bbox 1587 5304 1683 5359; x_wconf 89' lang='lat' dir='ltr'><strong>sed</strong></span> <span class='ocrx_word' id='word_1_668' title='bbox 1711 5303 1805 5372; x_wconf 92' lang='lat' dir='ltr'><strong>qui</strong></span> <span class='ocrx_word' id='word_1_669' title='bbox 1836 5303 2076 5358; x_wconf 88' lang='lat' dir='ltr'><strong>abscon-</strong></span> 
     </span>
    </p>
   </div>
   <div class='ocr_carea' id='block_1_96' title="bbox 487 5392 2075 5466">
    <p class='ocr_par' dir='ltr' id='par_1_96' title="bbox 487 5392 2075 5466">
     <span class='ocr_line' id='line_1_97' title="bbox 487 5392 2075 5466; baseline 0.004 -22"><span class='ocrx_word' id='word_1_670' title='bbox 487 5393 641 5450; x_wconf 61' lang='lat' dir='ltr'><strong>ditus</strong></span> <span class='ocrx_word' id='word_1_671' title='bbox 671 5401 758 5449; x_wconf 89' lang='lat' dir='ltr'><strong>est</strong></span> <span class='ocrx_word' id='word_1_672' title='bbox 799 5392 984 5449; x_wconf 88' lang='lat' dir='ltr'><strong>cordis</strong></span> <span class='ocrx_word' id='word_1_673' title='bbox 1015 5395 1178 5449; x_wconf 88' lang='lat' dir='ltr'><strong>homo</strong></span> <span class='ocrx_word' id='word_1_674' title='bbox 1201 5439 1216 5464; x_wconf 87' lang='lat'><strong>,</strong></span> <span class='ocrx_word' id='word_1_675' title='bbox 1249 5396 1303 5450; x_wconf 90' lang='lat' dir='ltr'><strong>in</strong></span> <span class='ocrx_word' id='word_1_676' title='bbox 1343 5397 1872 5463; x_wconf 73' lang='lat' dir='ltr'><strong>incorruptibilitate</strong></span> <span class='ocrx_word' id='word_1_677' title='bbox 1902 5395 2075 5466; x_wconf 88' lang='lat' dir='ltr'><strong>quieti</strong></span> 
     </span>
    </p>
   </div>
   <div class='ocr_carea' id='block_1_97' title="bbox 486 5487 2077 5559">
    <p class='ocr_par' dir='ltr' id='par_1_97' title="bbox 486 5487 2077 5559">
     <span class='ocr_line' id='line_1_98' title="bbox 486 5487 2077 5559; baseline 0.002 -20"><span class='ocrx_word' id='word_1_678' title='bbox 486 5493 544 5539; x_wconf 81' lang='lat' dir='ltr'><strong>et</strong></span> <span class='ocrx_word' id='word_1_679' title='bbox 579 5487 812 5554; x_wconf 82' lang='lat' dir='ltr'><strong>modesti</strong></span> <span class='ocrx_word' id='word_1_680' title='bbox 846 5487 1110 5558; x_wconf 86' lang='lat' dir='ltr'><strong>spiritus,</strong></span> <span class='ocrx_word' id='word_1_681' title='bbox 1140 5491 1236 5559; x_wconf 88' lang='lat' dir='ltr'><strong>qui</strong></span> <span class='ocrx_word' id='word_1_682' title='bbox 1264 5495 1351 5545; x_wconf 87' lang='lat' dir='ltr'><strong>est</strong></span> <span class='ocrx_word' id='word_1_683' title='bbox 1382 5489 1437 5543; x_wconf 89' lang='lat' dir='ltr'><strong>in</strong></span> <span class='ocrx_word' id='word_1_684' title='bbox 1469 5497 1770 5558; x_wconf 80' lang='lat' dir='ltr'><strong>conspectu</strong></span> <span class='ocrx_word' id='word_1_685' title='bbox 1801 5487 1894 5544; x_wconf 88' lang='lat' dir='ltr'><strong>Dei</strong></span> <span class='ocrx_word' id='word_1_686' title='bbox 1925 5489 2077 5544; x_wconf 91' lang='lat' dir='ltr'><strong>locu-</strong></span> 
     </span>
    </p>
   </div>
   <div class='ocr_carea' id='block_1_98' title="bbox 487 5579 2077 5652">
    <p class='ocr_par' dir='ltr' id='par_1_98' title="bbox 487 5579 2077 5652">
     <span class='ocr_line' id='line_1_99' title="bbox 487 5579 2077 5652; baseline 0.005 -24"><span class='ocrx_word' id='word_1_687' title='bbox 487 5579 631 5648; x_wconf 79' lang='lat' dir='ltr'><strong>ples.</strong></span> <span class='ocrx_word' id='word_1_688' title='bbox 673 5580 764 5635; x_wconf 82' lang='lat' dir='ltr'><strong>Sic</strong></span> <span class='ocrx_word' id='word_1_689' title='bbox 799 5583 946 5636; x_wconf 86' lang='lat' dir='ltr'><strong>enim</strong></span> <span class='ocrx_word' id='word_1_690' title='bbox 981 5593 1034 5638; x_wconf 87' lang='lat' dir='ltr'><strong>et</strong></span> <span class='ocrx_word' id='word_1_691' title='bbox 1068 5582 1367 5652; x_wconf 88' lang='lat' dir='ltr'><strong>aliquando</strong></span> <span class='ocrx_word' id='word_1_692' title='bbox 1402 5582 1663 5638; x_wconf 89' lang='lat' dir='ltr'><strong>mulieres</strong></span> <span class='ocrx_word' id='word_1_693' title='bbox 1700 5589 1989 5652; x_wconf 82' lang='lat' dir='ltr'><strong>sperantes</strong></span> <span class='ocrx_word' id='word_1_694' title='bbox 2019 5583 2077 5636; x_wconf 93' lang='lat' dir='ltr'><strong>in</strong></span> 
     </span>
    </p>
   </div>
   <div class='ocr_carea' id='block_1_99' title="bbox 493 5669 2079 5746">
    <p class='ocr_par' dir='ltr' id='par_1_99' title="bbox 493 5669 2079 5746">
     <span class='ocr_line' id='line_1_100' title="bbox 493 5669 2079 5746; baseline 0.004 -24"><span class='ocrx_word' id='word_1_695' title='bbox 493 5669 604 5724; x_wconf 63' lang='lat' dir='ltr'><strong>Deo</strong></span> <span class='ocrx_word' id='word_1_696' title='bbox 641 5673 919 5728; x_wconf 88' lang='lat' dir='ltr'><strong>ornabant</strong></span> <span class='ocrx_word' id='word_1_697' title='bbox 967 5690 1062 5742; x_wconf 88' lang='lat' dir='ltr'><strong>se,</strong></span> <span class='ocrx_word' id='word_1_698' title='bbox 1111 5676 1375 5745; x_wconf 71' lang='lat' dir='ltr'><strong>subjecta:</strong></span> <span class='ocrx_word' id='word_1_699' title='bbox 1427 5675 1667 5746; x_wconf 89' lang='lat' dir='ltr'><strong>propriis</strong></span> <span class='ocrx_word' id='word_1_700' title='bbox 1718 5674 1874 5728; x_wconf 83' lang='lat' dir='ltr'><strong>viris.</strong></span> <span class='ocrx_word' id='word_1_701' title='bbox 1925 5673 2079 5728; x_wconf 89' lang='lat' dir='ltr'><strong>Sicut</strong></span> 
     </span>
    </p>
   </div>
   <div class='ocr_carea' id='block_1_100' title="bbox 491 5763 2076 5839">
    <p class='ocr_par' dir='ltr' id='par_1_100' title="bbox 491 5763 2076 5839">
     <span class='ocr_line' id='line_1_101' title="bbox 491 5763 2076 5839; baseline 0.001 -21"><span class='ocrx_word' id='word_1_702' title='bbox 491 5763 632 5819; x_wconf 78' lang='lat' dir='ltr'><strong>Sara</strong></span> <span class='ocrx_word' id='word_1_703' title='bbox 668 5765 955 5834; x_wconf 77' lang='lat' dir='ltr'><strong>obediebat</strong></span> <span class='ocrx_word' id='word_1_704' title='bbox 1005 5767 1238 5825; x_wconf 68' lang='lat' dir='ltr'><strong>Abrahae</strong></span> <span class='ocrx_word' id='word_1_705' title='bbox 1261 5807 1275 5834; x_wconf 90' lang='lat'><strong>,</strong></span> <span class='ocrx_word' id='word_1_706' title='bbox 1309 5767 1595 5839; x_wconf 60' lang='lat' dir='ltr'><strong>dominum</strong></span> <span class='ocrx_word' id='word_1_707' title='bbox 1650 5783 1774 5824; x_wconf 87' lang='lat' dir='ltr'><strong>cum</strong></span> <span class='ocrx_word' id='word_1_708' title='bbox 1832 5780 2034 5822; x_wconf 82' lang='lat' dir='ltr'><strong>vocans</strong></span> <span class='ocrx_word' id='word_1_709' title='bbox 2063 5783 2076 5820; x_wconf 88' lang='lat'><strong>:</strong></span> 
     </span>
    </p>
   </div>
   <div class='ocr_carea' id='block_1_101' title="bbox 2174 4560 3703 4640">
    <p class='ocr_par' dir='ltr' id='par_1_101' title="bbox 2174 4560 3703 4640">
     <span class='ocr_line' id='line_1_102' title="bbox 2174 4560 3703 4640; baseline -0.008 -16"><span class='ocrx_word' id='word_1_710' title='bbox 2174 4571 2288 4634; x_wconf 85' lang='grc' dir='ltr'>τοῖς</span> <span class='ocrx_word' id='word_1_711' title='bbox 2338 4568 2598 4640; x_wconf 85' lang='grc' dir='ltr'>ἀνδράσιν</span> <span class='ocrx_word' id='word_1_712' title='bbox 2629 4569 2688 4622; x_wconf 83' lang='grc' dir='ltr'>ὲν</span> <span class='ocrx_word' id='word_1_713' title='bbox 2724 4569 2911 4621; x_wconf 80' lang='grc' dir='ltr'>πᾶσιν.</span> <span class='ocrx_word' id='word_1_714' title='bbox 2946 4567 3219 4629; x_wconf 87' lang='grc' dir='ltr'>Ἕκαστος</span> <span class='ocrx_word' id='word_1_715' title='bbox 3285 4565 3391 4638; x_wconf 82' lang='grc' dir='ltr'>τὴν</span> <span class='ocrx_word' id='word_1_716' title='bbox 3443 4560 3617 4617; x_wconf 74' lang='grc' dir='ltr'>ἑαυτοὺ</span> <span class='ocrx_word' id='word_1_717' title='bbox 3641 4573 3703 4625; x_wconf 77' lang='grc' dir='ltr'>γυσ</span> 
     </span>
    </p>
   </div>
   <div class='ocr_carea' id='block_1_102' title="bbox 2174 4650 3709 4731">
    <p class='ocr_par' dir='ltr' id='par_1_102' title="bbox 2174 4650 3709 4731">
     <span class='ocr_line' id='line_1_103' title="bbox 2174 4650 3709 4731; baseline 0 -15"><span class='ocrx_word' id='word_1_718' title='bbox 2174 4665 2338 4717; x_wconf 88' lang='grc' dir='ltr'>ναῖκα</span> <span class='ocrx_word' id='word_1_719' title='bbox 2363 4661 2439 4726; x_wconf 86' lang='grc' dir='ltr'>ὡς</span> <span class='ocrx_word' id='word_1_720' title='bbox 2459 4661 2651 4716; x_wconf 79' lang='grc' dir='ltr'>ἑαυτὸν</span> <span class='ocrx_word' id='word_1_721' title='bbox 2693 4661 2968 4730; x_wconf 82' lang='grc' dir='ltr'>ἀγαπάτω</span> <span class='ocrx_word' id='word_1_722' title='bbox 2991 4676 3005 4692; x_wconf 73' lang='grc'><strong><em>⁸</em></strong></span> <span class='ocrx_word' id='word_1_723' title='bbox 3041 4662 3074 4731; x_wconf 85' lang='grc' dir='ltr'><strong>ή</strong></span> <span class='ocrx_word' id='word_1_724' title='bbox 3119 4659 3176 4712; x_wconf 83' lang='grc' dir='ltr'>δὲ</span> <span class='ocrx_word' id='word_1_725' title='bbox 3205 4659 3368 4730; x_wconf 82' lang='grc' dir='ltr'>γυνὴ,</span> <span class='ocrx_word' id='word_1_726' title='bbox 3417 4659 3504 4712; x_wconf 81' lang='grc' dir='ltr'><strong>ἵνα</strong></span> <span class='ocrx_word' id='word_1_727' title='bbox 3545 4650 3709 4724; x_wconf 74' lang='grc' dir='ltr'>φώηθῇ</span> 
     </span>
    </p>
   </div>
   <div class='ocr_carea' id='block_1_103' title="bbox 2174 4753 2528 4824">
    <p class='ocr_par' dir='ltr' id='par_1_103' title="bbox 2174 4753 2528 4824">
     <span class='ocr_line' id='line_1_104' title="bbox 2174 4753 2528 4824; baseline -0.011 -16"><span class='ocrx_word' id='word_1_728' title='bbox 2174 4753 2266 4808; x_wconf 84' lang='grc' dir='ltr'><strong>τὸν</strong></span> <span class='ocrx_word' id='word_1_729' title='bbox 2292 4753 2482 4824; x_wconf 78' lang='grc' dir='ltr'>ἄνδρα.</span> <span class='ocrx_word' id='word_1_730' title='bbox 2510 4771 2528 4804; x_wconf 79' lang='grc' dir='ltr'><strong>ι</strong></span> 
     </span>
    </p>
   </div>
   <div class='ocr_carea' id='block_1_104' title="bbox 2257 4835 3709 4910">
    <p class='ocr_par' dir='ltr' id='par_1_104' title="bbox 2257 4835 3709 4910">
     <span class='ocr_line' id='line_1_105' title="bbox 2257 4835 3709 4910; baseline -0.003 -14"><span class='ocrx_word' id='word_1_731' title='bbox 2257 4863 2276 4896; x_wconf 76' lang='grc' dir='ltr'>ι</span> <span class='ocrx_word' id='word_1_732' title='bbox 2305 4844 2371 4896; x_wconf 84' lang='grc' dir='ltr'><strong>Αἱ</strong></span> <span class='ocrx_word' id='word_1_733' title='bbox 2401 4844 2660 4910; x_wconf 86' lang='grc' dir='ltr'>γυναῖκες</span> <span class='ocrx_word' id='word_1_734' title='bbox 2688 4840 3136 4910; x_wconf 85' lang='grc' dir='ltr'>ὑποτασσόμεναι</span> <span class='ocrx_word' id='word_1_735' title='bbox 3162 4841 3276 4902; x_wconf 83' lang='grc' dir='ltr'>τοῖς</span> <span class='ocrx_word' id='word_1_736' title='bbox 3298 4839 3453 4902; x_wconf 70' lang='grc' dir='ltr'>ἰδίοις</span> <span class='ocrx_word' id='word_1_737' title='bbox 3477 4835 3709 4906; x_wconf 75' lang='grc' dir='ltr'>ἀνδράσιν.</span> 
     </span>
    </p>
   </div>
   <div class='ocr_carea' id='block_1_105' title="bbox 2178 4926 3708 5001">
    <p class='ocr_par' dir='ltr' id='par_1_105' title="bbox 2178 4926 3708 5001">
     <span class='ocr_line' id='line_1_106' title="bbox 2178 4926 3708 5001; baseline -0.009 -13"><span class='ocrx_word' id='word_1_738' title='bbox 2178 4934 2265 4988; x_wconf 79' lang='grc' dir='ltr'><strong>ἵνα</strong></span> <span class='ocrx_word' id='word_1_739' title='bbox 2285 4935 2339 4987; x_wconf 79' lang='grc' dir='ltr'>εἴ</span> <span class='ocrx_word' id='word_1_740' title='bbox 2365 4950 2511 4996; x_wconf 85' lang='grc' dir='ltr'>τινες</span> <span class='ocrx_word' id='word_1_741' title='bbox 2556 4930 2846 4986; x_wconf 82' lang='grc' dir='ltr'>ἀπειθοῦσι</span> <span class='ocrx_word' id='word_1_742' title='bbox 2878 4930 2958 5001; x_wconf 80' lang='grc' dir='ltr'>τῷ</span> <span class='ocrx_word' id='word_1_743' title='bbox 2985 4930 3164 4998; x_wconf 86' lang='grc' dir='ltr'>λόγῳ,</span> <span class='ocrx_word' id='word_1_744' title='bbox 3219 4929 3308 4982; x_wconf 86' lang='grc' dir='ltr'>διὰ</span> <span class='ocrx_word' id='word_1_745' title='bbox 3370 4929 3469 4998; x_wconf 83' lang='grc' dir='ltr'>τῆς</span> <span class='ocrx_word' id='word_1_746' title='bbox 3522 4926 3614 4980; x_wconf 83' lang='grc' dir='ltr'><strong>τῶν</strong></span> <span class='ocrx_word' id='word_1_747' title='bbox 3639 4940 3708 4991; x_wconf 78' lang='grc' dir='ltr'>γυ-</span> 
     </span>
    </p>
   </div>
   <div class='ocr_carea' id='block_1_106' title="bbox 2177 5022 3709 5095">
    <p class='ocr_par' dir='ltr' id='par_1_106' title="bbox 2177 5022 3709 5095">
     <span class='ocr_line' id='line_1_107' title="bbox 2177 5022 3709 5095; baseline -0.008 -14"><span class='ocrx_word' id='word_1_748' title='bbox 2177 5026 2390 5082; x_wconf 84' lang='grc' dir='ltr'>ναικῶν</span> <span class='ocrx_word' id='word_1_749' title='bbox 2448 5025 2800 5095; x_wconf 80' lang='grc' dir='ltr'>ἀναστροφῆς</span> <span class='ocrx_word' id='word_1_750' title='bbox 2861 5025 2994 5079; x_wconf 83' lang='grc' dir='ltr'>ἀνευ</span> <span class='ocrx_word' id='word_1_751' title='bbox 3057 5024 3218 5092; x_wconf 80' lang='grc' dir='ltr'>λόγου</span> <span class='ocrx_word' id='word_1_752' title='bbox 3275 5022 3709 5094; x_wconf 82' lang='grc' dir='ltr'>κερδηθήσωνται·</span> 
     </span>
    </p>
   </div>
   <div class='ocr_carea' id='block_1_107' title="bbox 2177 5103 3711 5189">
    <p class='ocr_par' dir='ltr' id='par_1_107' title="bbox 2177 5103 3711 5189">
     <span class='ocr_line' id='line_1_108' title="bbox 2177 5103 3711 5189; baseline -0.009 -15"><span class='ocrx_word' id='word_1_753' title='bbox 2177 5120 2624 5182; x_wconf 73' lang='grc' dir='ltr'>ἐποπτεύσαντες</span> <span class='ocrx_word' id='word_1_754' title='bbox 2648 5119 2750 5189; x_wconf 81' lang='grc' dir='ltr'><strong>τὴν</strong></span> <span class='ocrx_word' id='word_1_755' title='bbox 2771 5119 2830 5171; x_wconf 79' lang='grc' dir='ltr'>ὲν</span> <span class='ocrx_word' id='word_1_756' title='bbox 2873 5116 3027 5188; x_wconf 76' lang='grc' dir='ltr'>φόϐῳ</span> <span class='ocrx_word' id='word_1_757' title='bbox 3056 5115 3412 5187; x_wconf 77' lang='grc' dir='ltr'>ἀναστροφήν</span> <span class='ocrx_word' id='word_1_758' title='bbox 3457 5112 3615 5184; x_wconf 85' lang='grc' dir='ltr'>ὑμῶν.</span> <span class='ocrx_word' id='word_1_759' title='bbox 3640 5103 3711 5160; x_wconf 75' lang='grc' dir='ltr'>Ὧν</span> 
     </span>
    </p>
   </div>
   <div class='ocr_carea' id='block_1_108' title="bbox 2177 5208 3711 5282">
    <p class='ocr_par' dir='ltr' id='par_1_108' title="bbox 2177 5208 3711 5282">
     <span class='ocr_line' id='line_1_109' title="bbox 2177 5208 3711 5282; baseline -0.007 -15"><span class='ocrx_word' id='word_1_760' title='bbox 2177 5213 2319 5267; x_wconf 76' lang='grc' dir='ltr'>ἔστω</span> <span class='ocrx_word' id='word_1_761' title='bbox 2350 5213 2449 5282; x_wconf 88' lang='grc' dir='ltr'><strong>οὑχ</strong></span> <span class='ocrx_word' id='word_1_762' title='bbox 2475 5215 2504 5267; x_wconf 86' lang='grc' dir='ltr'><strong>ό</strong></span> <span class='ocrx_word' id='word_1_763' title='bbox 2527 5215 2584 5265; x_wconf 81' lang='grc' dir='ltr'>ὲν</span> <span class='ocrx_word' id='word_1_764' title='bbox 2612 5211 2842 5273; x_wconf 78' lang='grc' dir='ltr'>πλοκαῖς</span> <span class='ocrx_word' id='word_1_765' title='bbox 2877 5209 3084 5281; x_wconf 84' lang='grc' dir='ltr'>τριχῶν</span> <span class='ocrx_word' id='word_1_766' title='bbox 3114 5211 3208 5263; x_wconf 81' lang='grc' dir='ltr'>καὶ</span> <span class='ocrx_word' id='word_1_767' title='bbox 3243 5208 3568 5280; x_wconf 79' lang='grc' dir='ltr'>περιθέσεως</span> <span class='ocrx_word' id='word_1_768' title='bbox 3615 5218 3711 5272; x_wconf 73' lang='grc' dir='ltr'>χρυ·</span> 
     </span>
    </p>
   </div>
   <div class='ocr_carea' id='block_1_109' title="bbox 2181 5289 3709 5375">
    <p class='ocr_par' dir='ltr' id='par_1_109' title="bbox 2181 5289 3709 5375">
     <span class='ocr_line' id='line_1_110' title="bbox 2181 5289 3709 5375; baseline -0.008 -16"><span class='ocrx_word' id='word_1_769' title='bbox 2181 5306 2312 5359; x_wconf 85' lang='grc' dir='ltr'>σίων</span> <span class='ocrx_word' id='word_1_770' title='bbox 2333 5347 2347 5370; x_wconf 94' lang='grc'><strong>,</strong></span> <span class='ocrx_word' id='word_1_771' title='bbox 2368 5305 2402 5375; x_wconf 79' lang='grc' dir='ltr'><strong>ἢ</strong></span> <span class='ocrx_word' id='word_1_772' title='bbox 2431 5304 2696 5367; x_wconf 78' lang='grc' dir='ltr'>ἐνδύσεως</span> <span class='ocrx_word' id='word_1_773' title='bbox 2732 5303 2966 5373; x_wconf 80' lang='grc' dir='ltr'>ἱματίων</span> <span class='ocrx_word' id='word_1_774' title='bbox 3017 5303 3242 5370; x_wconf 87' lang='grc' dir='ltr'>κόσμος,</span> <span class='ocrx_word' id='word_1_775' title='bbox 3303 5299 3422 5352; x_wconf 77' lang='grc' dir='ltr'>ἀλλ’</span> <span class='ocrx_word' id='word_1_776' title='bbox 3453 5300 3480 5350; x_wconf 86' lang='grc' dir='ltr'>ὁ</span> <span class='ocrx_word' id='word_1_777' title='bbox 3519 5289 3709 5364; x_wconf 64' lang='grc' dir='ltr'>κρυπτὸς</span> 
     </span>
    </p>
   </div>
   <div class='ocr_carea' id='block_1_110' title="bbox 2176 5379 3710 5475">
    <p class='ocr_par' dir='ltr' id='par_1_110' title="bbox 2176 5379 3710 5475">
     <span class='ocr_line' id='line_1_111' title="bbox 2176 5379 3710 5475; baseline -0.015 -21"><span class='ocrx_word' id='word_1_778' title='bbox 2176 5397 2278 5467; x_wconf 83' lang='grc' dir='ltr'><strong>τῆς</strong></span> <span class='ocrx_word' id='word_1_779' title='bbox 2302 5397 2534 5468; x_wconf 84' lang='grc' dir='ltr'>καρδίας</span> <span class='ocrx_word' id='word_1_780' title='bbox 2559 5395 2848 5467; x_wconf 76' lang='grc' dir='ltr'>ἄνθρωπος</span> <span class='ocrx_word' id='word_1_781' title='bbox 2887 5396 2946 5448; x_wconf 80' lang='grc' dir='ltr'>ὲν</span> <span class='ocrx_word' id='word_1_782' title='bbox 2978 5393 3245 5465; x_wconf 85' lang='grc' dir='ltr'>ἀφθάρτῳ</span> <span class='ocrx_word' id='word_1_783' title='bbox 3277 5391 3376 5444; x_wconf 82' lang='grc' dir='ltr'>τοῦ</span> <span class='ocrx_word' id='word_1_784' title='bbox 3408 5387 3595 5475; x_wconf 73' lang='grc' dir='ltr'>πραέος</span> <span class='ocrx_word' id='word_1_785' title='bbox 3617 5379 3710 5475; x_wconf 55' lang='grc' dir='ltr'><strong>Διιειί</strong></span> 
     </span>
    </p>
   </div>
   <div class='ocr_carea' id='block_1_111' title="bbox 2179 5471 3708 5557">
    <p class='ocr_par' dir='ltr' id='par_1_111' title="bbox 2179 5471 3708 5557">
     <span class='ocr_line' id='line_1_112' title="bbox 2179 5471 3708 5557; baseline -0.008 -18"><span class='ocrx_word' id='word_1_786' title='bbox 2179 5486 2403 5557; x_wconf 83' lang='grc' dir='ltr'>ἡσυχίου</span> <span class='ocrx_word' id='word_1_787' title='bbox 2467 5483 2800 5554; x_wconf 87' lang='grc' dir='ltr'>πνεύματος,</span> <span class='ocrx_word' id='word_1_788' title='bbox 2858 5485 2916 5546; x_wconf 84' lang='grc' dir='ltr'><strong>ὃς</strong></span> <span class='ocrx_word' id='word_1_789' title='bbox 2983 5483 3132 5538; x_wconf 73' lang='grc' dir='ltr'>ἐστιν</span> <span class='ocrx_word' id='word_1_790' title='bbox 3188 5479 3424 5534; x_wconf 76' lang='grc' dir='ltr'>ἐνώπιον</span> <span class='ocrx_word' id='word_1_791' title='bbox 3471 5474 3557 5529; x_wconf 83' lang='grc' dir='ltr'>τοῦ</span> <span class='ocrx_word' id='word_1_792' title='bbox 3609 5471 3708 5522; x_wconf 67' lang='grc' dir='ltr'><strong>Θεθῦ</strong></span> 
     </span>
    </p>
   </div>
   <div class='ocr_carea' id='block_1_112' title="bbox 2181 5561 3709 5646">
    <p class='ocr_par' dir='ltr' id='par_1_112' title="bbox 2181 5561 3709 5646">
     <span class='ocr_line' id='line_1_113' title="bbox 2181 5561 3709 5646; baseline -0.012 -15"><span class='ocrx_word' id='word_1_793' title='bbox 2181 5577 2501 5646; x_wconf 81' lang='grc' dir='ltr'>πολυτελής.</span> <span class='ocrx_word' id='word_1_794' title='bbox 2527 5575 2715 5640; x_wconf 76' lang='grc' dir='ltr'>Οὕτως</span> <span class='ocrx_word' id='word_1_795' title='bbox 2740 5575 2850 5645; x_wconf 85' lang='grc' dir='ltr'><strong>γάρ</strong></span> <span class='ocrx_word' id='word_1_796' title='bbox 2886 5591 3019 5628; x_wconf 85' lang='grc' dir='ltr'>ποτε</span> <span class='ocrx_word' id='word_1_797' title='bbox 3045 5575 3102 5627; x_wconf 83' lang='grc' dir='ltr'>αἱ</span> <span class='ocrx_word' id='word_1_798' title='bbox 3134 5573 3400 5641; x_wconf 81' lang='grc' dir='ltr'>γυναῖκες</span> <span class='ocrx_word' id='word_1_799' title='bbox 3433 5571 3487 5622; x_wconf 61' lang='grc' dir='ltr'>αἱ</span> <span class='ocrx_word' id='word_1_800' title='bbox 3513 5561 3709 5624; x_wconf 76' lang='grc' dir='ltr'>ἐλπίζον·</span> 
     </span>
    </p>
   </div>
   <div class='ocr_carea' id='block_1_113' title="bbox 2183 5653 3707 5738">
    <p class='ocr_par' dir='ltr' id='par_1_113' title="bbox 2183 5653 3707 5738">
     <span class='ocr_line' id='line_1_114' title="bbox 2183 5653 3707 5738; baseline -0.014 -15"><span class='ocrx_word' id='word_1_801' title='bbox 2183 5688 2275 5724; x_wconf 84' lang='grc' dir='ltr'><strong>σαι</strong></span> <span class='ocrx_word' id='word_1_802' title='bbox 2318 5673 2397 5733; x_wconf 73' lang='grc' dir='ltr'><strong>εἰς</strong></span> <span class='ocrx_word' id='word_1_803' title='bbox 2430 5669 2586 5732; x_wconf 78' lang='grc' dir='ltr'>Θεὸν,</span> <span class='ocrx_word' id='word_1_804' title='bbox 2636 5667 2909 5738; x_wconf 78' lang='grc' dir='ltr'>ἐκόσμουν</span> <span class='ocrx_word' id='word_1_805' title='bbox 2933 5666 3156 5729; x_wconf 80' lang='grc' dir='ltr'>ἑαυτὰς,</span> <span class='ocrx_word' id='word_1_806' title='bbox 3184 5661 3606 5729; x_wconf 85' lang='grc' dir='ltr'>ὑποτασσόμεναι</span> <span class='ocrx_word' id='word_1_807' title='bbox 3627 5653 3707 5708; x_wconf 74' lang='grc' dir='ltr'>τοῖς</span> 
     </span>
    </p>
   </div>
   <div class='ocr_carea' id='block_1_114' title="bbox 2187 5744 3704 5834">
    <p class='ocr_par' dir='ltr' id='par_1_114' title="bbox 2187 5744 3704 5834">
     <span class='ocr_line' id='line_1_115' title="bbox 2187 5744 3704 5834; baseline -0.003 -17"><span class='ocrx_word' id='word_1_808' title='bbox 2187 5764 2336 5826; x_wconf 81' lang='grc' dir='ltr'>ἰδίοις</span> <span class='ocrx_word' id='word_1_809' title='bbox 2391 5762 2669 5834; x_wconf 73' lang='grc' dir='ltr'>ἀνδράσιν,</span> <span class='ocrx_word' id='word_1_810' title='bbox 2702 5759 2776 5825; x_wconf 83' lang='grc' dir='ltr'>ὼς</span> <span class='ocrx_word' id='word_1_811' title='bbox 2816 5757 2999 5834; x_wconf 68' lang='grc' dir='ltr'>Σάρρα</span> <span class='ocrx_word' id='word_1_812' title='bbox 3049 5759 3329 5829; x_wconf 80' lang='grc' dir='ltr'>ὑπήκουσε</span> <span class='ocrx_word' id='word_1_813' title='bbox 3365 5754 3439 5824; x_wconf 79' lang='grc' dir='ltr'>τῷ</span> <span class='ocrx_word' id='word_1_814' title='bbox 3479 5744 3704 5820; x_wconf 66' lang='grc' dir='ltr'><strong>’.ιεραὰέιι</strong></span> 
     </span>
    </p>
   </div>
  </div>
