3960 6408
388 410 527 480 1313

1670 402 1803 463 SAC
1814 402 1910 461 BA
1948 400 2037 458 ΡΛ
2047 396 2195 459 Illi.
2206 402 2294 460 LE
2305 402 2412 462 LA.

3529 400 3662 466 lilii

383 525 575 598 κύριον
594 522 755 578 αὐτὸν
790 520 1051 583 καλοῦσα,
1081 510 1148 589 ἦς
1175 515 1473 586 ἐγενήθητε
1528 514 1714 578 τέκνα,
1776 511 1972 580 ἀγαθο-

2100 511 2244 579 :ujus
2279 511 2436 565 factae
2469 512 2600 566 estis
2634 510 2757 565 ﬁliae
2788 502 3233 578 benefacientcs,
3263 518 3317 566 ct
3349 525 3460 566 non
3486 528 3660 579 pelli-

384 615 661 680 ποιοῦσαι,
683 615 780 669 xal
811 612 887 686 μὴ
916 610 1255 681 φοϐούμεναι
1276 606 1549 678 μηδεμίαν
1573 607 1825 678 πτόησιν.

383 729 569 784 ΤΙΤΛ.
588 729 665 785 8'.
688 727 910 795 -Uepl
933 720 1238 795 ruratqu
1255 737 1270 754 ⁸
1286 722 1375 776 ὅτι
1399 724 1470 795 at}
1486 719 1973 795 68?_dx_ctrct_xa.lti-

451 814 616 866 πτως
637 788 926 868 εὔχεσθαι
940 788 1164 868 αὐτὰς,
1198 789 1238 861 ἡ
1286 792 1506 849 λαλεῖν
1526 831 1542 858 ,
1567 792 1608 862 ἣ
1651 788 1973 844 διδάσκειν

451 871 523 924 ἐν
544 867 848 940 ἐκκλησίᾳ
879 867 1051 924 Θεοῦ.
1371 937 1374 940 φ

461 1004 483 1040 ί
525 984 615 1040 Ἑν
635 986 767 1057 ὑμῖν
788 985 976 1049 αὐτοῖς
1010 983 1234 1056 κρίνατε
1264 997 1279 1015 ·
1305 980 1520 1053 πρέπον
1570 977 1690 1034 ἐστὶ
1738 976 1972 1046 γυναῖκα

383 1079 852 1135 ἀκατακάλυπτον
874 1076 952 1147 τῷ
980 1075 1101 1148 Θεῷ
1132 1072 1570 1148 προσεύχεσθαις
1602 1069 1725 1124 οὐδὲ
1743 1070 1777 1140 ἡ
1811 1068 1973 1139 φύσις

384 1170 524 1242 αὐτὴ
541 1171 784 1226 διδάσκει
817 1169 985 1240 ὑμᾶς,
1022 1168 1106 1221 ὅτι
1137 1167 1279 1238 ἀνὴρ
1303 1166 1422 1237 μὲν,
1455 1164 1549 1219 ὲάν
1576 1164 1741 1234 κομᾷ,
1777 1157 1977 1229 ἀτιμία

384 1262 535 1332 αὐτῷ
568 1264 718 1316 ἐστι·
751 1262 891 1331 γυνὴ
919 1261 977 1314 δὲ
1010 1259 1104 1313 ὲάν
1134 1260 1302 1330 κομᾷ,
1346 1257 1473 1323 δόξα
1505 1258 1642 1327 αὐτῇ
1677 1257 1858 1321 ἐστινς
1888 1253 1972 1306 ὅτι

384 1358 420 1426 ἡ
452 1354 601 1426 κόμη
638 1354 761 1408 ἀντὶ
794 1351 1146 1424 περιϐολαίου
1173 1352 1313 1423 αὐτῇ
1349 1350 1569 1405 δίδοται.
1592 1366 1612 1400 ι

463 1550 483 1584 ι
512 1531 627 1585 Οὐκ
660 1529 811 1584 ἐστιν
842 1526 1265 1591 ἀκαταστασίας
1289 1528 1318 1580 ὁ
1348 1524 1506 1589 Θεὸς,
1539 1521 1658 1579 ἀλλ’
1722 1521 1969 1592 εἰρήνης,

386 1624 463 1687 ὡς
500 1624 560 1676 έν
590 1621 796 1684 πάσαις
848 1621 970 1684 ταῖς
1001 1617 1324 1688 ἐκκλησίαις
1375 1615 1487 1668 τῶν
1513 1613 1710 1682 ἁγίων.
1748 1612 1813 1664 Δί
1869 1627 1972 1680 γυ-

387 1719 572 1781 ναῖκες
592 1718 651 1771 ὲν
670 1718 792 1779 ταῖς
839 1714 1163 1785 ἐκκλησίαις
1196 1710 1513 1779 σιγάτωσαν
1544 1724 1558 1738 ·
1599 1707 1661 1761 οὐ
1682 1705 1793 1776 γάρ
1848 1707 1971 1759 επι-

383 1808 646 1881 τρέπεται
674 1807 866 1870 αὑταῖς
909 1804 1115 1870 λαλεῖν,
1155 1802 1272 1859 ἀλλ’
1302 1798 1736 1863 ὑποτάσσεσθαι,
1783 1797 1969 1862 καθὼς

383 1903 481 1956 καὶ
506 1903 534 1955 ὁ
559 1901 721 1970 νόμος
743 1898 914 1967 λέγει.
947 1899 1012 1951 Εἰ
1037 1896 1095 1950 δέ
1124 1914 1175 1950 τι
1205 1896 1399 1967 μαθεῖν
1427 1892 1725 1959 ἐθέλουσιν,
1757 1892 1816 1944 ὲν
1836 1890 1971 1960 οῐκῳ

382 1996 518 2059 τοὺς
574 1992 739 2057 ίδίους
787 1991 990 2063 ἀνδρας
1046 1988 1505 2060 ἐπερωτάτωσαν.
1559 1984 1800 2056 Αἰσχρὸν
1858 1983 1972 2054 γάρ

384 2090 502 2141 ἐστι
533 2086 758 2155 γυναικὶ
787 2083 970 2136 λαλεῖν
1002 2083 1063 2137 ὲν
1085 2080 1374 2150 ἐκκλησίᾳ.
1397 2098 1416 2132 ι
1866 2102 1887 2115 ιν

461 2197 481 2231 ι
512 2176 653 2248 Γυνὴ
683 2178 741 2231 ὲν
769 2177 974 2246 ἡσυχίᾳ
1023 2172 1346 2245 μανθανέτω
1402 2171 1461 2225 ἐν
1490 2171 1644 2241 πάσῃ
1697 2169 1970 2239 ὑποταγῇ.

386 2270 673 2325 Διδάσκειν
696 2268 753 2323 δὲ
786 2264 1010 2336 γυναικὶ
1047 2264 1150 2318 οὐκ
1177 2261 1484 2333 ἐπιτρέπω,
1511 2260 1637 2316 οὐδὲ
1694 2260 1974 2316 αὐθεντεῖν

387 2360 606 2431 ἀνδρός.
634 2378 654 2411 t

459 2454 528 2507 Ai
552 2452 811 2522 γυναῖκες
866 2448 967 2513 τὰς
1025 2445 1296 2519 φλυαρίας
1327 2446 1394 2498 ὲκ
1418 2443 1529 2498 τῶν
1551 2444 1841 2515 στομάτων
1875 2445 1971 2499 αὐ-

311 2548 331 2556 "
386 2548 498 2602 τῶν
548 2544 956 2607 παυσάτωσαν,
984 2540 1237 2603 καὶτοὺς
1288 2537 1695 2611 ψιθυρισμοὺς,
1757 2554 1975 2608 μνημο-

389 2640 647 2695 νεύουσαι
678 2636 794 2700 πῶς
823 2636 894 2706 τῇ
926 2630 1045 2705 Elia
1091 2630 1385 2703 ψιθυρίσας
1409 2631 1438 2684 ὁ
1467 2630 1725 2702 πονηρὸς,
1752 2629 1976 2697 ἐξέϐαλε

290 2744 305 2758 ’
388 2732 485 2787 τοῦ
519 2727 877 2801 παραδείσου.

391 2866 579 2921 ΤΙΤΔ.
615 2864 746 2919 I'.-——
770 2861 909 2931 Περὶ
930 2856 1238 2931 γυναικῶν
1263 2858 1661 2931 κυΐσκουσῶν
1687 2875 1701 2890 ·
1732 2859 1842 2931 ἐὰν
1862 2858 1980 2930 μὲν

475 2938 676 3005 ἅρσένίι⁸
720 2928 888 3000 rem.
938 2928 1044 3005 ἐστὶ
1070 2935 1128 3000 μ’
1163 2928 1534 3005 ἠμέρας-ρδκ
1556 2928 1979 3005 είᾳεᾷερσεται

463 2997 553 3074 εἰς
614 3002 785 3060 οἷκον
833 2997 1105 3071 Κυρίου⁵
1144 2997 1210 3053 sl
1251 2998 1322 3053 δὲ
1371 2998 1555 3070 θῆλυ,
1609 2999 1710 3054 ἐπὶ
1769 2997 1982 3071 axem-

462 3092 667 3132 κοντα.

477 3209 498 3244 ι
550 3187 813 3256 Ἐλάλησε
849 3184 1057 3256 Κύριος
1099 3160 1238 3254 ἶτρδς
1306 3182 1551 3255 Μωῡσῆν
1602 3183 1782 3252 λέγων
1818 3199 1834 3214 -
1868 3182 1982 3239 Λά-
2006 3208 2051 3271 G

392 3284 558 3356 λησον
585 3283 697 3344 τοῖς
721 3279 859 3343 υίοῖς
904 3276 1146 3348 Ἰσραὴλ,
1169 3275 1265 3330 καὶ
1290 3275 1436 3345 ἐρεῖς
1460 3274 1600 3347 πρὸς
1641 3276 1862 3339 αὐτοὺς,
1893 3275 1981 3329 λέ..

392 3394 509 3448 γων
529 3391 544 3407 ο
569 3372 714 3444 Γυνὴ
734 3372 786 3426 εί
811 3387 896 3435 τις
929 3369 996 3424 ἂν
1027 3366 1435 3439 σπερματισθῇ,
1481 3366 1583 3421 καὶ
1600 3365 1737 3439 τέκῃ
1786 3367 1977 3439 ἄρρεν,

392 3469 708 3538 ἀκάθαρτος
738 3464 894 3519 ἐσται
911 3461 1054 3516 ἑπτὰ
1079 3460 1315 3532 ἡμέρας,
1345 3458 1491 3513 κατά
1514 3458 1615 3523 τάς
1643 3458 1859 3531 ἡμέρας
1885 3457 1980 3513 τοῦ

393 3562 682 3639 χωρισμοῦ
727 3560 828 3632 τῆς
890 3556 1126 3627 ἀφέδρου
1182 3554 1377 3626 αὐτῆς.
1436 3552 1550 3606 Kal
1575 3555 1642 3624 τῇ
1697 3553 1884 3624 ἡμέρᾳ
1910 3555 1979 3624 τῇ

393 3655 564 3730 ὀγδόῃ
589 3652 910 3725 περιτεμείς
940 3648 1045 3720 τὴν
1101 3645 1286 3718 σάρκα
1317 3644 1417 3715 τῆς
1456 3642 1829 3713 ἀκροϐυστίας
1886 3644 1986 3697 αὐ-

393 3750 529 3806 τοῦ·
567 3747 663 3802 καὶ
709 3744 1010 3815 τριάκοντα
1061 3738 1353 3808 καὶτρεῖς
1402 3735 1619 3806 ἡμέρας
1670 3737 1732 3788 ἐν
1785 3736 1981 3806 αἵματι

396 3841 701 3912 ἀκαθάρτῳ
723 3835 899 3905 αὐτῆς
927 3830 1333 3901 καθεσθήσεται
1357 3843 1373 3861 ·
1401 3827 1607 3892 παντὸς
1665 3827 1824 3897 ἀγίου
1884 3829 1985 3900 οὐχ

397 3933 622 4005 ἅψεται,
659 3927 756 3984 καὶ
805 3927 887 3989 είς
908 3924 970 3979 τὸ
1022 3918 1383 3992 ἀγιαστήριον
1434 3919 1538 3973 οὐκ
1588 3919 1983 3985 είσελεύσεται,

396 4026 507 4088 ῑως
531 4020 593 4077 οἵ)
618 4016 987 4091 πληρωθῶσιν
1010 4014 1068 4069 al
1100 4012 1321 4085 ἡμέραι·
1334 4010 1662 4083 καθάρσεως
1686 4011 1887 4083 αὐτῆς.
1919 4012 1987 4067 El

394 4118 460 4172 δὲ
507 4114 644 4185 θῆλυ
674 4113 832 4183 τέκῃ,
885 4107 1199 4176 ἀκάθαρτος
1266 4101 1419 4157 ἔσται
1465 4103 1551 4167 δὶς
1585 4103 1728 4157 ἑπτὰ
1774 4103 1989 4175 ἡμέρας

397 4210 548 4266 κατά
597 4207 699 4279 τὴν
747 4204 980 4275 ἀφεδρον
1044 4200 1218 4272 αὐτῆς
1258 4213 1273 4230 ·
1307 4196 1404 4253 καὶ
1455 4196 1725 4267 ἑξήκοντα
1774 4196 1991 4268 ἡμέρας

396 4303 499 4359 καὶ
544 4299 605 4366 ἓξ
651 4296 1053 4369 καθεσθήσεται
1111 4293 1172 4346 ὲν
1240 4289 1441 4361 αἵματι
1500 4287 1803 4359 ἀκαθάρτῳ
1887 4289 1991 4342 αὐ-

396 4412 572 4460 ars.)

475 4489 559 4542 Τὰ
591 4483 735 4541 κατά
764 4479 1004 4553 γαστρὸς
1034 4477 1211 4550 βρέφη
1240 4475 1407 4548 μησὶν
1429 4474 1572 4528 ἑπτὰ
1600 4472 1989 4543 ζωογονεῖσθαι

398 4581 674 4653 ⁸πέφυκεν,
698 4577 777 4640 ὡς
807 4570 1246 4646 παραδοξότατόν
1286 4585 1344 4622 τι
1377 4566 1725 4638 συμϐαίνειν.
1772 4566 1991 4619 Γίνεται
2020 4578 2069 4637 ι)

398 4675 518 4748 τὰρ
533 4671 826 4742 ἑπτάμηνα
847 4666 1129 4736 ἀγώγιμα,
1144 4661 1255 4717 τῶν
1280 4660 1604 4730 ὁκταμήνων
1633 4657 1841 4713 ὲπίπαν
1862 4657 1997 4723 Cmo-

396 4765 690 4840 γονεῖσθαι
726 4763 803 4836 μὴ
832 4758 1173 4829 δυναμένων.

1058 4936 1349 5011 γυναικὸς
1390 4933 1675 5004 ἀνδρείας
1721 4931 1821 4988 καὶ
1873 4930 1996 4986 σώ-

1075 5025 1326 5080 φθονος.

485 5157 505 5191 ι
536 5132 886 5206 Ἀνεχὼρησε
920 5129 1037 5191 τοῖς
1065 5124 1227 5180 ποσὶν
1262 5122 1344 5185 είς
1379 5119 1589 5190 σκηνὴν
1622 5117 1770 5188 ῗΙαὴ).
1798 5132 1997 5188 γυναι-

402 5232 505 5296 κὸς
533 5228 732 5299 Χαϐὴρ
760 5222 856 5278 τοῦ
889 5219 1140 5274 Κιναίου.
1175 5214 1286 5268 Καὶ
1313 5210 1540 5283 ἐξῆλθεν
1567 5208 1717 5293 Ἰαὴλ
1747 5210 1830 5272 εἰς

403 5326 638 5394 ἀντησιν
663 5317 896 5388 Σισάρα,
925 5312 1027 5368 xal
1068 5305 1224 5365 εἷπεν
1250 5304 1436 5375 αὐτῷ’
1469 5302 1782 5394 Ἔκκλινον,
1830 5299 1996 5373 κύριέ

411 5433 542 5489 μου,
573 5413 825 5467 ἐκκλινον
847 5406 985 5479 πρός
1005 5420 1073 5475 με
1088 5419 1103 5433 ~
1134 5400 1211 5473 μὴ
1240 5395 1431 5470 φοϐοῦ.
1456 5395 1569 5489 Kal
1594 5393 1998 5489 sEéultYs-npo;

407 5484 586 5573 αὐτὴν
602 5507 662 5558 ὲν
682 5506 749 5574 τῇ
782 5501 981 5571 σκηνῇ,
1006 5496 1102 5550 καὶ
1131 5488 1460 5564 περιέϐαλεν
1489 5486 1655 5541 αὐτὸν
1677 5484 1995 5555 ὲπιϐολαίῳ.

409 5598 527 5653 Καὶ
554 5591 677 5648 εἷπε
706 5591 916 5663 Σισάρα
944 5586 1079 5659 πρὸς
1111 5583 1309 5651 αὐτήν·
1345 5578 1577 5634 Πότισον
1604 5576 1669 5647 δή
1703 5590 1771 5645 με
1804 5574 2000 5646 μικρὸν

413 5689 584 5758 ὕδωρ,
615 5687 699 5740 ὅτι
737 5683 990 5754 ἐδίψησα.
1019 5676 1129 5731 Καὶ
1170 5670 1359 5752 ἤνοιξε.
1380 5669 1473 5724 τὸν
1511 5666 1679 5722 ἀσκὸν
1709 5664 1804 5718 τοῦ
1827 5665 2004 5734 γάλα-

414 5755 568 5841 γτος,
604 5776 698 5832 καὶ
724 5775 975 5829 δπότισεν
1000 5768 1193 5832 αὐτὸν,
1224 5763 1322 5819 καὶ
1351 5758 1676 5832 περιέϐαλεν
1696 5755 1848 5826 αὐτῷ
1876 5757 2000 5809 ἐπι-

415 5870 655 5941 σύλαιον.
695 5868 804 5923 Kal
827 5863 949 5921 εἷπε
974 5862 1114 5933 πρὸς
1150 5858 1321 5930 αὐτὴν
1341 5852 1553 5924 Σισάρα
1574 5868 1589 5883 ο
1625 5848 1789 5922 Στῆθι
1813 5848 1878 5918 δὴ
1908 5849 2002 5902 ἐπὶ

396 4949 594 5008 ΤΙΤΛ.
632 4948 737 5002 IA'.
763 4970 837 4985 --
866 4940 1010 5012 Περὶ

1870 5197 2071 5263 συν-”“

2076 608 2291 658 tuentes
2322 602 2484 656 ullam
2518 601 3014 670 perturbationem.
3047 618 3067 651 ι

2075 714 2118 770 Τ
2123 713 2207 771 IT.
2232 714 2476 770 IX.—De
2496 715 2840 769 mulieribus:
2860 714 2999 785 quod
3016 714 3218 769 detecta
3236 715 3372 783 [acie
3385 732 3540 769 orare
3555 733 3662 769 mm

2145 785 2407 852 debeant,
2435 802 2528 840 nec
2559 786 2735 856 loqui,
2766 795 2859 838 aut
2889 786 3079 841 docere
3108 787 3165 841 in
3208 787 3432 841 ecclesia
3465 786 3585 840 Dei.

2146 960 2179 1016 Ι
2207 960 2333 1019 Cor.
2362 977 2415 1016 xl
2436 1001 2451 1027 ,
2482 962 2583 1028 1'5,
2619 962 2706 1017 l4.
2732 992 2800 1002 —
2828 980 2849 1013 ‹
2881 963 2940 1017 In
2987 963 3148 1019 vobis
3196 964 3335 1035 ipsis
3365 966 3654 1035 judicatez.

2075 1050 2243 1107 Decet
2270 1054 2553 1109 mulierem
2579 1067 2689 1108 non
2721 1053 2955 1109 velatam
2982 1069 3143 1111 orare
3172 1055 3387 1111 Deum?
3411 1073 3511 1114 nec
3539 1059 3657 1127 ipsa

2075 1153 2272 1201 natura
2307 1144 2473 1200 docet
2504 1160 2638 1211 vos,
2673 1145 2823 1215 quod
2859 1146 2948 1199 vir
2980 1146 3200 1215 quidem
3231 1147 3278 1201 si
3307 1164 3518 1204 comam
3549 1166 3657 1204 nu-

2076 1236 2242 1299 triat,
2297 1235 2603 1305 ignominia
2651 1244 2737 1291 est
2780 1234 2901 1289 illi:
2937 1236 3137 1291 mulier
3182 1251 3311 1292 vero
3353 1240 3400 1292 si
3445 1253 3659 1293 comam

2073 1329 2317 1394 nutriat,
2348 1328 2525 1399 gloria
2560 1328 2639 1383 illi
2670 1334 2794 1395 est,
2838 1327 3101 1397 quoniam
3139 1328 3325 1399 capilli
3373 1345 3471 1399 pro
3509 1331 3663 1385 vcla-

2075 1420 2225 1476 mine
2253 1421 2302 1477 ei
2331 1420 2445 1476 dati
2475 1430 2625 1477 sunt.
2657 1440 2677 1473 ι
3098 1476 3101 1479 Α

2148 1511 2181 1568 Ι
2207 1511 2334 1568 Cor.
2369 1529 2495 1580 xw,
2528 1514 2636 1579 55,
2670 1514 2761 1569 54.
2784 1542 2855 1553 -
2892 1532 2909 1565 t
2940 1512 3063 1570 Non
3110 1514 3257 1570 enim
3310 1523 3395 1570 est
3447 1516 3663 1572 dissen-

2075 1606 2253 1664 sionis
2285 1607 2428 1663 Deus
2451 1647 2465 1671 ,
2498 1608 2593 1663 sed
2620 1607 2809 1678 pacis,
2837 1607 2984 1662 sicut
3015 1607 3069 1660 in
3102 1608 3367 1671 omnibus
3412 1611 3665 1665 ecclesiis

2077 1708 2396 1757 sanctorum
2431 1700 2624 1756 doceo.
2675 1699 2936 1755 Mulieres
2985 1699 3039 1752 in
3091 1700 3346 1756 ecclesiis
3394 1710 3661 1757 taceant:

2079 1808 2186 1848 non
2214 1794 2360 1850 enim
2392 1791 2737 1864 permittitur
2764 1792 2847 1846 eis
2878 1791 3064 1861 loqui,
3097 1795 3190 1845 sed
3221 1792 3471 1846 subditas
3498 1808 3661 1855 esse.

2076 1886 2222 1940 sicut
2255 1892 2309 1940 et
2342 1886 2427 1941 lex
2462 1886 2619 1943 dicit.
2655 1886 2712 1941 Si
2746 1895 2930 1942 autem
2981 1885 3177 1939 volunt
3216 1883 3465 1949 discere,
3515 1887 3662 1940 domi

2074 1976 2422 2046 interrogent
2454 1979 2606 2033 viros
2632 1992 2790 2034 suos.
2821 1977 3010 2047 Turpe
3034 1984 3118 2032 est
3148 1976 3295 2031 enim
3332 1976 3546 2031 mulieri
3583 1976 3664 2028 lo-

2070 2066 2168 2136 qui
2197 2066 2253 2120 in
2282 2068 2538 2126 ecclesia.
2568 2088 2591 2123 ν

2147 2157 2178 2211 1
2215 2157 2352 2213 Tim.
2385 2175 2457 2224 ιι,
2494 2163 2584 2215 ll.
2607 2190 2678 2204 -—
2706 2181 2725 2213 ι
2755 2161 2961 2217 Mulier
2990 2162 3047 2218 in
3079 2161 3304 2218 silentio
3332 2161 3514 2217 discat
3539 2175 3664 2215 cum
3742 2202 3747 2205 .

2074 2250 2225 2306 omni
2240 2251 2609 2322 subiectione.
2629 2252 2839 2309 Docere
2855 2261 3036 2309 autem
3062 2254 3281 2309 mulieri
3304 2268 3416 2307 non
3446 2252 3670 2321 permit-

2075 2348 2167 2409 to,
2201 2358 2378 2413 neque
2400 2344 2672 2399 dominari
2705 2344 2761 2399 in
2793 2347 2967 2399 virum
2989 2387 3004 2411 ,
3032 2346 3125 2400 sed
3145 2344 3347 2399 essein
3377 2343 3620 2399 silentio.
3642 2360 3663 2396 ι

2153 2432 2397 2488 Eusebii.
2421 2464 2494 2476 -—-
2515 2434 2783 2491 Mulieres
2816 2444 3152 2506 nugamenta
3201 2450 3266 2489 ex
3320 2448 3416 2487 ore
3446 2448 3551 2488 suo
3581 2447 3671 2485 ar-
3755 2427 3765 2437 ’

2077 2532 2239 2579 ceaut
2261 2565 2278 2588 ,
2310 2525 2448 2579 illud
2478 2526 2749 2582 habentes
2778 2527 2837 2581 in
2875 2525 3136 2581 memoria
3157 2566 3173 2592 ,
3200 2523 3516 2591 diabolum,
3545 2539 3669 2579 cum

2077 2616 2204 2671 Eva:
2236 2615 2679 2683 insusurrasset,
2717 2633 2748 2673 e
2782 2619 3040 2688 paradiso
3081 2633 3203 2672 eam
3231 2618 3537 2688 expulisse.

2078 2836 2241 2911 407
2278 2836 2414 2893 ΤΙΤ.
2449 2826 2521 2892 Χ.
2553 2868 2623 2911 -έ
2653 2837 2728 2893 De
2758 2837 3069 2892 mulieribus
3100 2837 3370 2911 puerperis
3406 2852 3423 2890 :
3453 2833 3592 2911 quod
3625 2836 3673 2911 si

2151 2907 2452 2964 musculum
2476 2909 2670 2962 mulier
2691 2911 2982 2976 pepererit,
3016 2918 3140 2962 ante
3156 2907 3293 2959 diem
3319 2908 3673 2975 quadragesi-

2152 2995 2436 3034 mumnon
2469 2980 2809 3061 ingrediatur
2837 2980 3054 3031 domum
3099 2977 3353 3040 Domini;
3385 2980 3472 3031 sin
3517 2977 3672 3046 {etni-

2086 3060 2089 3063 ’
2153 3066 2315 3117 nam,
2352 3060 2477 3104 ante
2507 3059 2908 3120 octogesimum.

2152 3161 2428 3219 Levit..xn
2447 3203 2462 3229 ,
2498 3161 2552 3216 l.
2575 3191 2648 3202 -
2675 3180 2694 3214 ι
2722 3160 2972 3217 Locutus
2999 3167 3085 3217 est
3117 3159 3386 3215 Dominus
3419 3159 3487 3216 ad
3517 3158 3670 3230 Moy-

2083 3269 2176 3309 sen
2198 3294 2214 3319 ,
2243 3254 2431 3309 dicens
2458 3272 2472 3308 :
2504 3251 2755 3322 Loquere
2781 3251 2908 3306 ﬁliis
2943 3251 3110 3306 lsrael
3129 3290 3145 3313 .
3176 3259 3233 3304 et
3257 3250 3410 3305 dices
3438 3252 3503 3304 ad
3531 3265 3625 3305 eos
3654 3270 3669 3305 :

2085 3345 2277 3401 Mulier
2323 3347 2369 3401 si
2410 3356 2668 3412 suscepto
2711 3343 2924 3399 semine
2999 3341 3275 3417 pepererit
3327 3343 3670 3407 masculum,

2085 3437 2362 3493 immunda
2387 3438 2491 3492 erit
2518 3448 2727 3505 septem
2748 3433 3125 3502 diebus,juxta
3145 3434 3266 3489 dies
3300 3435 3671 3503 separationis

2084 3540 2381 3585 menstruae
2417 3545 2550 3583 suae.
2588 3527 2650 3581 Et
2692 3526 2781 3581 die
2805 3534 2996 3581 octava
3029 3525 3396 3581 circumcides
3447 3539 3671 3579 carnem

2086 3620 2334 3691 prmputii
2362 3620 2511 3675 illius
2540 3636 2554 3673 :
2608 3620 2728 3688 ipsa
2768 3631 2902 3673 vero
2934 3616 3160 3687 triginta
3190 3615 3382 3670 diebus
3433 3616 3674 3669 manebit

2086 3711 2141 3765 in
2167 3710 2438 3778 sanguine
2460 3708 2746 3765 immundo
2772 3722 2896 3763 suo.
2921 3706 3097 3762 Omne
3121 3715 3373 3761 sanctum
3404 3721 3514 3759 non
3547 3714 3673 3760 tan—

2089 3811 2176 3871 get
2197 3839 2214 3867 ,
2244 3806 2301 3854 et
2333 3799 2389 3853 in
2424 3798 2808 3855 sanctuarinm
2841 3810 2950 3850 non
2981 3796 3347 3865 ingredietur,
3375 3795 3549 3849 donec
3580 3796 3673 3848 im-

2089 3892 2343 3963 pleantur
2373 3889 2496 3946 dies
2522 3888 2927 3961 puriﬁcationis
2960 3903 3096 3963 suae.
3131 3887 3229 3941 Sin
3286 3895 3472 3940 autem
3516 3886 3677 3940 temi-

2086 3960 2214 4040 nam
2243 3982 2826 4056 pepererit,immunda
2842 3982 2950 4038 erit
2971 3960 3192 4037 duabus
3214 3978 3677 4043 hebdomadibus,

2088 4078 2393 4147 secundum
2439 4087 2726 4132 menstrua
2757 4089 2895 4141 sua,
2928 4080 2984 4128 et
3029 4072 3314 4142 seaaginta
3352 4086 3447 4127 sex
3482 4069 3678 4125 diebus

2089 4173 2303 4231 sedebit
2332 4172 2389 4228 in
2426 4171 2693 4243 sanguine
2722 4165 3008 4225 immundo
3039 4181 3161 4223 suo.
3194 4182 3217 4217 ι

2162 4443 2382 4499 Philan.
2440 4439 2515 4495 De
2569 4434 2755 4492 mundi
2804 4433 2936 4503 opif.
2967 4428 3232 4484 -Fetus
3284 4427 3426 4497 intra
3463 4429 3682 4478 uterum

2094 4550 2312 4592 menses
2374 4541 2586 4604 septem
2616 4526 2782 4591 vividi
2819 4526 3003 4581 solent
3028 4536 3191 4585 esse,
3226 4521 3322 4591 ita.
3361 4525 3423 4571 ut
3472 4513 3681 4583 aliquid

2098 4629 2363 4687 eximium
2444 4637 2676 4695 prorsus
2726 4619 3035 4687 contingat.
3091 4611 3259 4666 Fiunt
3306 4609 3451 4663 enim
3511 4606 3684 4674 septi-

2097 4729 2335 4775 mestres
2378 4724 2572 4787 partus
2622 4704 3011 4777 vitales;'qui
3062 4712 3248 4760 autem
3301 4700 3683 4761 octimestres,

2008 4828 2009 4831 ‘
2097 4812 2294 4869 vitales
2322 4822 2551 4880 prorsus
2584 4819 2711 4861 esse
2737 4806 3041 4872 nequeunt.

2314 4920 2452 4977 Tl'l‘.
2488 4918 2583 4975 XI.
2606 4946 2676 4963 -κ
2694 4915 2774 4971 De
2804 4912 3029 4969 muliere
3057 4910 3189 4981 forti
3216 4915 3268 4963 cl
3295 4916 3473 4962 casta.

2164 5102 2350 5159 ludia.
2385 5114 2461 5166 tv,
2498 5097 2704 5153 l7.—c
2737 5093 2925 5149 Sisara
2959 5088 3190 5146 secessit
3221 5085 3388 5157 pedes
3417 5083 3471 5138 in
3503 5081 3691 5136 taber-

2099 5196 2359 5254 naculum
2398 5191 2514 5248 Jael
2554 5188 2745 5244 uxoris
2790 5184 3012 5242 Cbaber
3037 5180 3228 5236 Cinaei.
3261 5177 3328 5231 Et
3353 5189 3579 5246 egressa
3609 5181 3697 5228 est

2099 5287 2217 5344 Jael
2243 5288 2299 5343 in
2332 5298 2631 5341 occursum
2665 5280 2902 5343 Sisaras,
2930 5284 2987 5332 et
3020 5274 3156 5329 dixit
3188 5273 3239 5328 ei
3266 5288 3281 5336 ;
3316 5269 3571 5331 Diverte,
3601 5267 3692 5318 «to.

2102 5382 2255 5438 mine
2286 5379 2400 5445 mi,
2435 5377 2651 5433 diverte
2685 5371 2755 5427 ad
2785 5384 2914 5437 me;
2945 5382 3017 5421 ne
3049 5367 3268 5419 timeas.
3303 5361 3370 5414 Et
3399 5357 3699 5413 declinavit

2102 5474 2171 5529 ad
2201 5487 2324 5528 eam
2357 5472 2412 5525 in
2446 5463 2867 5523 tabernaculum
2897 5477 2912 5527 ;
2946 5475 3069 5529 qua:
3097 5454 3327 5511 involvit
3352 5466 3476 5506 eum
3500 5448 3695 5531 pallio.

2103 5567 2173 5622 Et
2199 5564 2340 5623 dixit
2381 5564 2431 5618 ei
2459 5561 2649 5616 Sisara
2679 5574 2693 5610 :
2748 5554 2824 5609 Da
2854 5553 2985 5608 mihi
3022 5547 3309 5621 paululum
3341 5559 3535 5614 aquae,
3568 5540 3699 5609 quia

2103 5661 2253 5717 sitio.
2281 5657 2414 5723 Quae
2441 5652 2657 5724 aperuit
2688 5660 2865 5704 utrem
2896 5642 3058 5699 lactis
3077 5680 3092 5706 ,
3120 5648 3175 5695 et
3208 5637 3362 5694 dedit
3387 5635 3438 5690 ei
3476 5633 3660 5687 bibere
3680 5668 3695 5692 ,

2104 5763 2161 5811 et
2188 5749 2406 5822 operuit
2440 5723 2597 5802 illum
2633 5741 2824 5815 pallio.
2859 5736 3124 5807 Dixitque
3168 5732 3234 5789 ad
3281 5742 3401 5786 eam
3459 5723 3649 5822 sisara
3679 5740 3693 5775 :

2108 5814 2366 5926 Sitaénte
2399 5839 2608 5897 ostium
2639 5814 3020 5892 tabernaculi.
3051 5835 3111 5905 et
3145 5839 3270 5882 cum
3300 5818 3515 5879 venerit
3547 5814 3613 5872 ad
3646 5822 3702 5870 te
