3960 6424
415 405 551 470 1315

1590 393 1646 454 5.
1672 391 1992 455 JOANNIS
2021 391 2452 457 DAMASCENI

3538 414 3645 487 1316

413 520 620 592 aliquis
649 517 743 588 qui
779 524 833 571 te
885 515 1218 580 interroget,
1267 518 1453 563 utrum
1509 510 1596 563 hic
1629 511 1696 564 sit
1729 509 1816 562 vir
1843 509 1992 578 quis"

2102 508 2202 579 τὴν
2233 508 2407 581 θύραν
2435 511 2536 582 τῆς
2569 513 2799 584 σκηνῆς,
2840 512 2935 565 καὶ
2973 513 3123 569 ἔσται
3155 519 3254 572 ἐάν
3283 537 3366 585 τις
3392 524 3507 598 ἔλθῃ
3537 535 3648 603 πρὸς

414 615 559 684 piam
593 654 608 678 ,
655 609 805 663 dices
863 605 1072 660 nullum
1121 617 1268 658 esse.
1303 600 1368 654 Et
1397 601 1610 670 accepit
1641 599 1757 655 Jael
1785 601 2002 655 clavum

413 699 755 758 tabernaculi
777 735 792 759 ,
823 705 877 752 et
903 707 1197 751 assumens
1226 692 1434 763 pariter
1462 691 1720 745 malleum
1754 691 1809 745 in
1839 705 2004 744 manu

411 812 546 861 sua,
582 795 834 864 ingressa
864 796 949 845 est
980 789 1123 844 clam
1159 786 1228 841 ad
1256 800 1381 840 eum
1410 829 1424 852 ,
1463 795 1520 840 et
1551 784 1770 838 inlinxit
1800 784 1856 837 in
1883 798 2001 837 ma-

408 895 542 950 xilla
571 892 693 961 ejus
726 889 944 943 clavum
966 926 980 951 ,
1017 885 1109 954 qui
1142 878 1446 951 perforavit
1484 892 1657 947 usque
1688 877 1745 931 in
1775 885 2000 930 terram.

316 1046 330 1061 ,
410 989 481 1045 Ει
508 989 627 1058 ipse
658 995 856 1052 sopore
885 978 1038 1050 gravi
1069 976 1308 1030 obrutus
1333 982 1452 1028 erat
1485 971 1629 1026 inter
1655 983 1833 1040 genua
1860 969 1999 1038 ejus,

410 1094 462 1142 et
491 1079 795 1152 exspiravit
821 1118 836 1142 ,
865 1084 1236 1142 mortuusque
1263 1078 1366 1124 est.
1405 1068 1470 1122 Et
1495 1080 1626 1122 ecce
1657 1064 1829 1119 Barac
1859 1065 2003 1118 inse-

411 1189 588 1246 qnens
623 1172 867 1228 Sisaram
898 1206 912 1231 ,
948 1174 1006 1222 et
1040 1164 1212 1220 exivit
1248 1159 1367 1214 Jael
1402 1159 1450 1213 ei
1483 1158 1740 1222 obviam,
1769 1167 1824 1212 et
1864 1155 2002 1209 dixit

411 1269 477 1320 ad
508 1265 660 1318 illum
687 1280 702 1315 :
731 1260 868 1314 Veni
891 1297 906 1321 ,
943 1267 998 1312 et
1024 1253 1317 1309 ostendam
1353 1251 1453 1306 tibi
1504 1251 1686 1304 virum
1730 1262 1894 1318 quem
1943 1258 2000 1302 tu

411 1356 641 1428 quaeris.
677 1354 744 1407 Et
779 1350 1027 1405 introivit
1059 1345 1127 1400 ad
1159 1346 1309 1399 illam
1334 1383 1349 1408 ,
1381 1351 1437 1398 et
1469 1357 1602 1398 ecce
1629 1339 1819 1398 Sisara
1853 1353 2002 1395 mor-

411 1459 540 1505 tuus
561 1488 578 1514 ,
614 1457 669 1503 et
700 1445 888 1500 clavus
919 1441 977 1496 in
1009 1437 1230 1493 maxilla
1260 1436 1404 1506 ejus.
1433 1453 1452 1486 ι

437 1674 446 1686 .
479 1626 660 1682 Judic.
679 1623 942 1688 v,2&.—i
963 1618 1256 1674 Benedicta
1289 1616 1361 1671 sit
1389 1615 1536 1670 inter
1565 1611 1824 1669 mulieres
1845 1609 1959 1666 Jael
1979 1650 1995 1676 ,

408 1734 550 1776 uxor
584 1718 798 1773 Chaber
831 1715 998 1770 Cinaei
1021 1754 1036 1779 ,
1073 1729 1104 1768 a
1138 1711 1500 1774 mulieribus,
1533 1709 1590 1763 in
1621 1705 1996 1764 tabernaculis

404 1809 786 1866 benedicatur.
823 1806 1034 1876 Aquam
1069 1804 1208 1874 petit
1240 1803 1366 1867 ille,
1407 1812 1464 1858 et
1505 1801 1588 1856 lac
1621 1801 1774 1856 dedit
1805 1799 1858 1853 in
1895 1813 1994 1852 va-

403 1903 558 1960 sculo
588 1901 902 1971 primatum.
917 1916 938 1950 ι

476 1993 660 2050 Judic.
700 2009 754 2047 ix
775 2031 791 2056 ,
816 1990 906 2046 52.
931 2017 1000 2029 —-
1033 2008 1053 2042 ‹
1079 1987 1329 2044 Accessit
1365 1984 1685 2042 Ahimcleeh
1723 1995 1900 2051 usque
1929 1981 1996 2036 ad

403 2092 623 2157 portam
678 2079 886 2146 turris,
942 2087 1001 2133 ut
1037 2077 1359 2132 incenderet
1391 2089 1511 2129 eam
1565 2073 1702 2144 igni.
1761 2070 1828 2124 Et
1859 2069 1996 2139 jecit

403 2177 600 2232 mulier
634 2189 742 2229 una
775 2173 1022 2241 fragmen
1060 2169 1115 2223 in
1148 2176 1317 2238 caput
1358 2166 1682 2222 Abimeleeh
1709 2205 1724 2229 ,
1770 2172 1825 2220 et
1859 2178 1995 2218 con-

403 2267 567 2337 fregit
596 2267 849 2321 cranimn
895 2262 1037 2332 ejus.
1079 2260 1146 2314 Et
1180 2261 1292 2316 cito
1336 2259 1595 2313 clamavit
1641 2256 1710 2310 ad
1760 2270 1990 2324 puerum

401 2363 734 2430 armigerum
761 2371 920 2412 suum
941 2393 956 2418 ,
981 2364 1036 2410 et
1062 2351 1203 2407 dixit
1228 2351 1276 2406 ei
1307 2368 1320 2404 :
1349 2349 1504 2404 Educ
1531 2350 1770 2419 gladium
1800 2356 1954 2400 tuum
1973 2386 1989 2411 ,

299 2448 304 2453 ’
400 2463 456 2507 ct
480 2451 724 2506 interﬁce
749 2461 860 2511 me,
889 2461 960 2500 ne
988 2444 1131 2498 forte
1159 2443 1386 2505 dicant,
1411 2440 1542 2512 quia
1566 2438 1763 2493 mulier
1786 2436 1992 2492 occidit

403 2547 582 2600 illum.
609 2543 675 2596 Et
696 2538 925 2597 conﬁxit
951 2551 1073 2593 eum
1101 2549 1238 2606 puer
1260 2533 1462 2604 ipsius,
1489 2539 1542 2588 et
1565 2540 1818 2587 mortuus
1845 2537 1986 2585 est.»

480 2726 501 2782 1
543 2726 669 2795 Reg.
706 2738 798 2778 xix
818 2763 833 2788 ,
864 2722 952 2775 Η.
977 2748 1044 2758 -
1075 2736 1093 2769 ι
1124 2714 1493 2772 Annuntiavit
1523 2710 1756 2768 Melchol
1788 2709 1853 2764 ad
1887 2708 1990 2760 Da-

398 2821 521 2886 vid,
557 2819 748 2872 dicens
783 2833 797 2867 :
832 2811 952 2868 Nisi
991 2821 1047 2864 tu
1082 2809 1291 2865 salvam
1326 2805 1524 2861 ieceris
1566 2803 1807 2859 animam
1841 2810 1988 2855 tuam

398 2918 500 2967 hac
533 2899 729 2971 nocte,
762 2921 888 2962 cras
919 2903 1081 2958 morti
1119 2899 1290 2972 ωε
1322 2897 1581 2953 traderis.
1634 2893 1704 2949 Et
1753 2891 1990 2948 demittit

397 3002 626 3059 Melchol
659 2998 828 3054 David
864 3011 959 3066 per
993 2994 1339 3048 fenestram:
1387 2989 1547 3058 isque
1595 2985 1766 3049 abiit,
1814 2989 1870 3036 et
1906 2982 1989 3036 fu-

396 3096 512 3166 git.
547 3091 903 3158 salvatusque
931 3093 1038 3142 est.
1070 3102 1089 3135 ι

469 3185 497 3239 1
521 3181 650 3253 Reg.
667 3196 795 3245 xxv,
813 3179 904 3240 Ἡ,
921 3172 1198 3267 ‘25.—tEt
1211 3171 1347 3227 dixit
1367 3169 1596 3267 Abigaia
1617 3169 1684 3223 ad
1711 3167 1878 3267 David
1897 3169 1986 3222 :ln
2014 3206 2060 3267 α

2108 601 2188 665 σὲ,
2227 603 2321 654 καὶ
2349 604 2604 674 ἐρωτήσῃ
2638 621 2719 670 σε,
2772 606 2822 657 ει
2855 605 3004 659 ἐστιν
3031 601 3132 662 ὦδε
3161 612 3329 684 ἀνὴρ,
3364 617 3523 688 ἐρεῖς·
3558 601 3649 683 Οὐκ

2107 691 2243 746 ἔστι.
2287 695 2398 748 Kal
2443 694 2638 750 ἔλαϐεν
2673 696 2821 763 Ἱαὴλ
2865 698 2958 751 τὸν
2999 701 3282 758 πάσσαλον
3324 708 3420 778 τῆς
3462 718 3650 785 σκηνῆς,

2108 785 2201 877 καλ
2229 785 2393 855 ἔθηκε
2426 787 2525 857 τὴν
2555 787 2770 860 σφύραν
2795 790 2852 842 ἐν
2884 793 2951 862 τῇ
2974 794 3120 864 χειρὶ
3141 796 3340 868 αὐτῆς,
3357 801 3448 854 καὶ
3468 805 3652 877 εἰσῆλθε

2108 876 2246 948 πρὸς
2275 879 2442 932 αὐτὸν
2473 882 2756 952 ὲνκρυφῇ,
2783 883 2878 934 καὶ
2909 884 3078 954 ἔπηξε
3106 887 3201 940 τόν
3235 890 3506 946 πάσσαλον
3530 876 3579 950 ἐν
3600 908 3652 974 τῆ

2105 969 2293 1041 γνάθῳ
2342 971 2372 1011 b
2405 971 2594 1037 αὐτοῦ,
2625 975 2722 1027 καὶ
2759 974 3036 1047 διεξῆλθεν
3065 980 3123 1031 ὲν
3163 983 3233 1052 τῇ
3274 986 3365 1054 γῇ.
3397 987 3500 1041 Kal
3523 961 3653 1060 atro;

2104 1061 2462 1132 άπεκάρησεν
2492 1063 2768 1134 άναμέσον
2813 1067 2925 1120 τῶν
2955 1070 3205 1136 γονάτων
3249 1075 3438 1146 αὑτῆςν
3461 1083 3544 1134 καὶ
3571 1084 3653 1137 ἀπ-

2077 1201 2080 1203 .
2105 1153 2295 1223 ἔψυξε,
2321 1157 2416 1207 καὶ
2449 1155 2711 1213 ἀπέθανε.
2743 1159 2854 1213 Kal
2879 1161 2988 1216 ίδοὺ
3014 1162 3208 1236 Βαράκ
3233 1167 3448 1222 διώκων
3475 1172 3559 1227 τὸν
3579 1179 3649 1230 Σι-
3691 1169 3694 1177 “

2107 1246 2272 1315 σάρα,
2309 1247 2408 1299 καὶ¹
2441 1247 2667 1318 ἐξῆλθεν
2697 1250 2848 1323 Ἰαὴλ
2896 1255 2979 1317 εἰς
3027 1257 3339 1328 ἀπάντησιν
3385 1263 3557 1330 αὐτοῦ,
3579 1273 3650 1324 καὶ

2104 1336 2225 1392 εἶπε
2251 1339 2389 1410 πρὸς
2407 1341 2599 1396 αὐτόν·
2630 1343 2816 1416 Δεῦρο,
2841 1348 2932 1400 καὶ
2956 1349 3116 1415 δείξω
3139 1369 3226 1405 σοι
3248 1353 3342 1406 τὸν
3363 1357 3519 1429 ἄνδρα
3535 1359 3584 1414 ὃν
3603 1365 3652 1417 σὺ

2104 1431 2311 1525 ζητεῖς.
2347 1435 2582 1525 Εἰσῆλθε
2611 1438 2747 1507 πρὸς
2774 1441 2966 1511 αὐτὴν,
2991 1445 3089 1496 xal
3116 1444 3228 1499 ἰδοὺ
3259 1447 3464 1518 Σισάρα
3491 1455 3653 1525 ὲῤῥιμ-

2107 1518 2268 1587 μένος
2292 1520 2505 1592 νεκρὸς,
2534 1526 2629 1578 καὶ
2654 1529 2935 1592 πάσσαλος
2965 1531 3024 1582 ὲν
3049 1535 3115 1604 τῇ
3146 1535 3345 1606 γνάθῳ
3376 1518 3595 1596 αὐτού..)

2178 1629 2196 1662 ι
2238 1611 2580 1686 Εὐλογηοείη
2628 1619 2687 1670 ὲν
2726 1621 2946 1687 γυναιξὶ
3005 1625 3176 1693 Ἰαὴλ,
3212 1628 3355 1699 γυνὴ
3381 1631 3556 1704 Χάσερ
3578 1639 3653 1692 τοῦ

2103 1703 2330 1800 Ktvaiou
2391 1706 2500 1759 ἀπὸ
2561 1711 2874 1776 γυναικῶν,
2930 1716 2990 1768 ἐν
3049 1721 3286 1789 σκηναῖς
3350 1721 3650 1800 εὐλογηθείη.

2103 1796 2292 1869 "remp
2316 1799 2509 1871 ᾔτησε,
2537 1803 2633 1856 καὶ
2665 1804 2807 1873 γάλα
2833 1807 3038 1863 ἔδωκεν
3068 1812 3128 1864 ὲν
3158 1812 3369 1884 λεκάνῃ
3398 1796 3653 1891 ὑπερεχόνο

2101 1906 2234 1944 των.
2275 1908 2293 1940 ι

2177 2001 2196 2033 ι
2234 1985 2505 2050 Ἥγγισεν
2551 1989 2844 2060 Ἀϐιμέλεχ
2885 1991 2990 2055 ἕως
3014 1993 3114 2062 τῆς
3140 1995 3326 2066 πύλης
3351 1998 3444 2051 τοῦ
3472 2001 3650 2072 πύργου

2097 2075 2386 2145 ἐμπρῆσαι
2435 2077 2606 2149 αὐτὴν
2652 2082 2713 2134 ὲν
2779 2085 2949 2152 πυρί·
3019 2085 3113 2138 καὶ
3164 2087 3366 2158 ἔρριψε
3409 2091 3536 2164 γυνὴ
3575 2098 3653 2165 μία

2097 2167 2321 2238 κλάσμα
2346 2169 2443 2221 ἐπὶ
2479 2175 2578 2241 τὴν
2603 2173 2846 2243 κεφαλὴν
2883 2175 3211 2250 Ἀϐιμέλεχ,
3252 2183 3351 2236 καὶ
3388 2187 3650 2242 συνέκλασε

2094 2259 2156 2311 τὸ
2188 2263 2415 2332 κρανίον
2450 2263 2640 2320 αὐτοῦ.
2684 2268 2796 2320 Καὶ
2827 2268 3020 2340 ἐϐόησε
3049 2272 3189 2342 ταχὺ
3238 2274 3378 2344 πρὸς
3407 2276 3464 2329 τὸ
3490 2281 3652 2334 παιδά-

2099 2368 2214 2421 ριον
2243 2352 2304 2405 τὸ
2349 2349 2504 2425 αἷρον
2550 2356 2622 2409 τὰ
2668 2359 2839 2429 σκεύη
2889 2360 3092 2426 αὐτοῦ,
3156 2365 3258 2418 καὶ
3298 2361 3451 2422 εἶπεν
3494 2371 3624 2441 αὐτῷ

2095 2443 2313 2498 Σπᾶσον
2343 2445 2442 2516 τὴν
2472 2449 2752 2519 ῥομφαίαν
2802 2469 2921 2516 σου,
2961 2459 3054 2508 καὶ
3087 2455 3410 2513 θανάτωσόν
3443 2479 3528 2530 με,
3568 2465 3651 2533 μή·

2095 2552 2227 2588 ποτε
2275 2537 2510 2592 εἴπωσιν
2539 2541 2621 2593 ὅτι
2659 2545 2797 2613 γυνὴ
2852 2545 3183 2601 ἀπέκτεινεν
3235 2550 3420 2605 αὐτόν.
3461 2554 3558 2606 Kal
3582 2555 3649 2619 ἐξ·

2094 2627 2388 2700 εκὲντησεν
2409 2633 2573 2686 αὐτὸν
2593 2633 2654 2686 τὸ
2715 2635 3004 2707 παιδάριον
3031 2640 3222 2710 αὐτοῦ,
3243 2643 3340 2696 καὶ
3362 2644 3645 2699 άπέθανεν.ι

2172 2737 2189 2769 ι
2238 2719 2572 2792 Ἀπήγγειλε
2609 2725 2776 2779 Δαὸλδ
2825 2729 3040 2800 Μελχὸλ
3071 2733 3106 2803 ὴ
3157 2736 3302 2807 γυνὴ
3352 2737 3538 2803 αὐτοῦ,
3576 2739 3646 2792 λέ-

2093 2827 2267 2914 γουσα
2288 2828 2301 2843 ο
2335 2813 2462 2867 Ἐὰν
2483 2814 2560 2886 μὴ
2582 2817 2646 2868 σὺ
2676 2816 2858 2890 σώσῃς
2885 2819 2982 2892 τὴν
3004 2821 3185 2894 ψυχὴν
3203 2826 3372 2880 αὐτοῦ
3396 2829 3489 2898 τὴν
3507 2829 3646 2882 νύκτα

2091 2902 2323 2972 ταύτην,
2358 2902 2550 2975 αὔριον
2583 2906 2968 2984 θανατωθήσῃ.
3003 2914 3116 2967 Kal
3145 2917 3385 2985 κατάγει
3413 2919 3644 2990 ήΜελχὸλ
3670 2947 3673 2950 -

2092 2991 2186 3045 τὸν
2213 2994 2380 3048 Δαόὶδ
2407 2995 2497 3050 διὰ
2535 2997 2633 3068 τῆς
2663 2997 2904 3070 Θυρίδος,
2935 3005 3032 3057 καὶ
3074 3007 3316 3079 ἀπῆλθε,
3349 3012 3441 3064 καὶ
3483 3012 3641 3083 ἔφυγε,

2093 3086 2191 3140 καὶ
2225 3085 2482 3152 σώζεται.
2519 3107 2538 3140 ι

2175 3193 2194 3228 ι
2225 3170 2398 3232 Εἶπεν
2430 3177 2690 3248 ’Δϐιγαία
2710 3191 2732 3221 ο
2760 3183 2897 3254 πρὸς
2920 3185 3110 3240 Δαδίδ·
3147 3187 3238 3242 Ἐν
3267 3192 3414 3262 ἐμοὶ,
3442 3192 3641 3264 κύριε,ή

397 3291 484 3332 me
497 3274 845 3344 sit,tlomine,
867 3269 1157 3338 iniquitas.
1177 3263 1483 3333 Loquatur,
1503 3261 1758 3328 obsecro,
1781 3258 1984 3314 famula

2095 3267 2304 3324 ἀδικία.
2331 3269 2648 3342 Λαλησάτω
2677 3273 2744 3346 δὴ
2774 3275 2807 3345 ἡ
2839 3275 3003 3349 δούλη
3037 3296 3133 3334 σου
3165 3283 3252 3346 εἰς
3289 3258 3359 3336 τὰ
3402 3258 3522 3339 ὦτά.

395 3381 488 3424 tua
525 3368 580 3422 in
611 3365 836 3420 auribus
867 3363 1000 3418 tuis.
1034 3359 1111 3415 Ne
1141 3367 1308 3430 ponat
1355 3357 1616 3412 dominus
1666 3369 1825 3410 meus
1881 3369 1982 3410 cor

2095 3361 2180 3433 Μὴ
2211 3361 2390 3416 θέσθω
2421 3365 2449 3417 ὁ
2481 3363 2670 3436 κύριός
2709 3383 2810 3437 μου
2840 3373 2942 3441 τὴν
2988 3373 3226 3444 καρδίαν
3257 3377 3423 3430 αὐτοῦ
3456 3377 3542 3431 ἐπὶ
3567 3377 3642 3431 τὸν

393 3475 552 3516 suum
587 3471 752 3528 super
781 3456 961 3511 virum
1000 3452 1346 3525 pestilentem
1379 3449 1564 3516 hunc,
1599 3462 1724 3502 cum
1749 3462 1858 3518 quo
1899 3454 1986 3501 est

393 3549 646 3607 stultitia.
668 3547 733 3601 Et
763 3546 901 3601 dixit
931 3542 1103 3598 David
1133 3542 1201 3598 ab
1226 3538 1488 3610 Abigaia:
1513 3537 1843 3594 Benedictus
1874 3535 1984 3591 Do-

398 3645 584 3700 minus
615 3642 761 3697 Deus
785 3638 955 3696 lsrael
976 3679 993 3705 ,
1025 3636 1120 3708 qui
1157 3634 1307 3690 misit
1333 3641 1388 3689 te
1412 3633 1576 3689 hodie
1601 3633 1655 3688 in
1685 3645 1983 3688 occursum

391 3751 576 3791 meum
598 3774 614 3800 ,
640 3742 697 3790 et
725 3731 1012 3788 benedicta
1040 3729 1256 3784 indoles
1285 3735 1399 3789 tua,
1433 3734 1489 3781 et
1518 3725 1772 3782 benedita
1798 3738 1860 3779 es
1886 3731 1942 3777 tu
1963 3762 1980 3787 ,

390 3843 512 3899 quae
536 3824 869 3898 prohibuisti
899 3837 985 3878 me
1012 3822 1175 3877 hodie
1195 3863 1210 3887 ,
1236 3835 1304 3875 ne
1325 3820 1464 3874 irem
1495 3818 1561 3873 ad
1587 3817 1937 3886 sanguinem.
1955 3834 1975 3868 ι

457 3919 561 3976 Job
593 3931 800 3973 xxxvm
824 3956 839 3979 ,
873 3914 964 3970 59.
995 3943 1068 3954 -—
1100 3931 1119 3965 ι
1152 3911 1288 3979 Quis
1317 3909 1470 3967 dedit
1502 3909 1828 3964 mulieribus
1862 3918 1980 3964 tex-

386 4021 526 4068 turae
556 4009 884 4082 sapientiam
905 4048 921 4074 ,
957 4016 1012 4063 et
1041 4005 1356 4076 variegandi
1390 4003 1678 4060 scientiam
1704 4001 1726 4056 ‘2
1756 4020 1774 4054 ι

458 4103 618 4158 Prov.
637 4116 738 4164 xu,
757 4099 812 4154 4.
829 4129 900 4140 -
920 4116 939 4149 ι
951 4095 1146 4152 Mulier
1174 4094 1334 4150 fortis
1352 4106 1556 4150 corona
1573 4101 1660 4149 est
1675 4093 1796 4148 viro
1815 4107 1936 4148 suo.
1952 4109 1972 4144 ι

459 4194 616 4250 Prov.
649 4208 807 4259 xvm,
829 4190 997 4246 ‘21—-
1017 4208 1038 4242 ι
1055 4187 1158 4256 Qui
1184 4187 1397 4245 invenit
1422 4187 1707 4242 mulierem
1739 4184 1972 4248 bonam,

2041 3522 2046 3527 1
2086 3451 2382 3524 ἄνθρωπον
2406 3454 2500 3509 τὸν
2527 3455 2720 3527 λοιμὸν
2747 3459 2962 3525 τοῦτον,
2988 3464 3084 3517 καὶΙ
3116 3465 3402 3538 ἀφροσύνη
3422 3467 3534 3539 μετ’
3558 3469 3640 3522 αὐ·

2085 3543 2206 3599 τοῦ.
2225 3545 2334 3599 Kal
2364 3541 2488 3600 εἷπε
2520 3549 2687 3604 Δαδὶδ
2715 3552 2781 3622 τῇ
2813 3551 3072 3627 Ἀϐιγαία
3091 3571 3108 3588 ο
3135 3557 3442 3630 Εὐλογητὸς
3467 3558 3640 3630 Κύριος

2085 3640 2112 3692 ὁ
2142 3639 2276 3706 Θεὸς
2319 3643 2560 3714 Ἰσραὴλ,
2604 3643 2664 3709 ὃς
2697 3646 2991 3702 ἀπέστειλέ
3024 3667 3084 3704 σε
3121 3653 3368 3724 σήμερον
3392 3655 3471 3718 είς
3489 3654 3637 3708 ἀπάν-

2080 3750 2266 3806 τησιν,
2283 3736 2378 3789 καὶ
2403 3736 2696 3808 εὐλογητὸς
2716 3741 2745 3792 ὁ
2765 3741 2970 3810 τρόπος
2985 3759 3101 3808 σου,
3126 3745 3224 3798 καὶ
3247 3745 3568 3817 εὐλογημένη
3585 3745 3636 3798 σύ

2083 3821 2156 3890 εἴ,
2168 3825 2567 3882 ἁποκωλύουσά
2580 3845 2649 3900 με
2665 3830 2909 3902 σήμερον
2926 3833 3002 3904 μὴ
3022 3834 3294 3890 εἰσελθεῖν
3311 3839 3389 3901 εἰς
3403 3838 3601 3908 αἵματα.
3615 3855 3632 3888 ι

2161 3935 2181 3968 ι
2224 3917 2322 3980 Τίς
2349 3917 2521 3973 ἔδωκε
2553 3920 2806 3988 γυναιξὶν
2833 3922 3161 3996 ὑφάσματος
3184 3928 3401 3997 σοφίαν,
3427 3928 3514 3983 καὶ
3535 3944 3631 3982 ποια

2083 4008 2334 4078 κιλτικὴν
2365 4010 2681 4084 ἐπιστήμην
2699 4029 2716 4081 ;
2751 4031 2770 4065 ι

2161 4121 2179 4153 ι
2213 4101 2358 4174 Γυνὴ
2381 4101 2609 4174 ἀνδρεία
2639 4105 2906 4175 στέφανος
2935 4107 3016 4180 τῷ
3045 4108 3204 4182 ἀνδρὶ
3237 4110 3430 4182 αὐτῆς.
3461 4131 3479 4164 ι

2159 4212 2179 4245 ι
2225 4195 2319 4256 Ὃς
2350 4187 2481 4266 εὗρε
2515 4198 2756 4264 γυναῖκα
2784 4197 3022 4271 ἀγαθήν,
3049 4194 3178 4273 εὗρε
3210 4202 3467 4274 χάριτας·
3493 4200 3626 4256 ἔλασε

386 4287 596 4342 invenit
624 4284 837 4356 gratias
858 4324 873 4348 ,
900 4289 956 4338 et
987 4280 1201 4352 accepit
1223 4277 1624 4349 iucunditatem
1656 4290 1688 4329 a
1719 4272 1970 4328 Domino.

2095 4285 2140 4385 is
2180 4285 2353 4385 παρὰ,
2380 4286 2588 4385 καιρίου
2643 4286 2963 4361 ίλαρότητα.
3005 4272 3122 4356 Ὃς
3145 4272 3400 4348 ἐκϐάλλει
3427 4295 3625 4363 γυναῖκα

383 4380 487 4448 Qui
541 4376 769 4447 expellit
821 4373 1112 4430 mulierem
1157 4372 1400 4434 bonam,
1447 4367 1676 4438 expellit
1722 4366 1866 4422 bona
1904 4379 1972 4419 ex

2095 4377 2310 4451 ἱγαθήν,
2336 4378 2589 4434 ἐκϐάλλει
2621 4379 2690 4435 τὰ
2720 4381 2906 4450 ἀγαθὰ
2934 4384 2998 4437 ἐκ
3029 4383 3127 4438 τοῦ
3155 4385 3310 4440 οῐκου
3340 4386 3514 4441 αὐτοῦ.
3546 4402 3564 4437 ι

381 4477 544 4528 domo
573 4485 694 4529 sua.
731 4489 752 4522 ι

449 4563 610 4618 Prov.
647 4575 736 4614 xiv
758 4599 773 4626 ,
810 4557 863 4613 1.
892 4585 964 4597 -
995 4574 1014 4608 ι
1046 4554 1336 4626 Sapientes
1369 4551 1632 4608 mulieres
1661 4549 1970 4606 aadillcave-

2155 4573 2173 4606 ‹
2207 4554 2382 4624 Σοφαὶ
2411 4556 2673 4624 γυναῖκες
2691 4557 3055 4628 ᾠκοδόμησαν
3079 4561 3266 4627 οῖκους
3285 4577 3297 4591 °
3327 4564 3362 4634 ή
3379 4561 3436 4617 δὲ
3460 4562 3622 4631 dippe-iv

377 4666 506 4711 runt
527 4654 753 4709 domos:
781 4650 1048 4720 insipiens
1070 4662 1203 4703 vero
1226 4643 1498 4700 subvertit
1519 4643 1771 4699 manibus
1794 4643 1933 4698 suis.
1950 4660 1967 4694 ι

2095 4647 2420 4719 ιατέστρεψε
2445 4649 2568 4711 ταῖς
2597 4649 2788 4722 χερσὶν
2814 4651 3010 4721 αὐτῆς.
3046 4671 3064 4700 ι

449 4745 613 4801 Prov.
643 4757 776 4798 χιιι
798 4782 813 4808 ,
842 4740 932 4796 10.
959 4767 1031 4782 --
1066 4757 1086 4792 ι
1117 4738 1406 4794 Mulierem
1441 4734 1638 4791 fortem
1665 4735 1790 4806 quis
1815 4735 1972 4790 inve-

2151 4757 2169 4790 ι
2203 4738 2444 4792 Γυναῖκα
2476 4739 2732 4811 ἀνδρείαν
2765 4741 2852 4804 τίς
2903 4744 3162 4814 εὐρήσει;
3192 4742 3488 4817 τιμιωτέρα
3521 4741 3618 4795 ἐστὶ

375 4838 537 4894 niet?
569 4835 864 4909 pretiosior
896 4842 982 4890 est
1015 4831 1294 4902 lapidibus
1330 4827 1775 4900 pretiosissimis.
1813 4845 1832 4880 ι

2095 4827 2240 4881 ,ίθων
2269 4829 2606 4885 πολυτελῶν.
2648 4849 2667 4882 ι

447 4929 625 4986 Eccli.
658 4941 780 4992 vit,
811 4923 1008 4982 lli-$6.
1034 4953 1107 4965 —
1137 4942 1156 4976 ι
1187 4920 1313 4978 Noli
1346 4920 1630 4992 discedere
1670 4933 1702 4974 a
1735 4916 1968 4973 muliere

2097 4969 2100 4974 .
2147 4941 2166 4974 ι
2208 4921 2304 4995 Μὴ
2326 4923 2548 4993 ἀστόχει
2583 4922 2695 4976 ἀπὸ
2723 4924 2982 4992 γυναικὸς
3008 4925 3184 4998 σοφῆς
3203 4927 3301 4981 καὶ
3321 4923 3535 4994 ἀγαθῆς.
3565 4921 3617 4974 Ἥ

374 5031 595 5079 scnsata
630 5029 684 5076 et
714 5018 881 5073 bona.
921 5015 1109 5071 Gratia
1141 5014 1288 5071 enim
1333 5012 1487 5067 illius
1532 5025 1702 5084 super
1744 5022 1962 5065 aurum.

2095 5011 2178 5084 ’ὰρ
2203 5013 2369 5085 χάρις
2398 5013 2572 5084 αὐτῆς
2601 5013 2745 5085 ὑπὲρ
2773 5015 3018 5086 χρυσίον.
3052 5016 3196 5090 Γυνή
3243 5017 3326 5072 σοί
3356 5019 3464 5071 ἐστι
3497 5010 3613 5068 κατὰ

374 5114 571 5170 Muller
606 5111 706 5166 tibi
739 5116 825 5165 est
857 5105 1161 5164 secundum
1190 5108 1433 5161 animam
1469 5112 1618 5161 tuam
1644 5103 1667 5158 ξ’
1697 5118 1768 5159 ne
1793 5114 1964 5173 repu-

2095 5109 2170 5181 ;ὴν
2204 5110 2425 5183 ψυχήν;
2460 5109 2537 5183 μὴ
2563 5112 2806 5186 ἐκϐάλῃς
2834 5114 3028 5187 αὐτήν.

374 5209 495 5263 dies
525 5204 702 5258 illam.
743 5219 763 5254 ι
2561 5233 2566 5235 .

446 5299 620 5356 Eccti.
671 5309 838 5361 xxvi,
872 5292 910 5348 2
939 5331 956 5357 ,
993 5290 1078 5347 l6.
1121 5320 1193 5332 -—
1241 5308 1262 5344 ι
1321 5289 1515 5345 Mulier
1588 5290 1734 5346 bona
1767 5329 1783 5356 ,
1827 5302 1958 5360 pars

370 5397 516 5450 bona
547 5409 561 5444 :
596 5393 650 5444 in
689 5398 846 5461 parte
877 5383 1188 5439 timentium
1225 5381 1518 5438 Dominum
1554 5381 1780 5436 dabitur
1811 5381 1952 5438 viro.

2095 5381 2248 5436 ιένων
2277 5378 2486 5452 Κύριον
2506 5378 2820 5451 δοθήσεται.
2847 5380 3110 5445 Γυναικδς
3134 5382 3343 5453 ἀγαθῆς
3372 5375 3602 5452 μακάριος

372 5485 618 5544 Mulieri:
667 5485 824 5539 bona:
852 5479 1049 5535 beatus
1081 5482 1169 5531 cst
1218 5475 1326 5529 vir.
1358 5473 1560 5528 Mulier
1591 5471 1752 5528 fortis
1803 5472 1954 5527 oble-

2125 5474 2300 5545 ἀνήρ’
2348 5470 2488 5544 γυνὴ
2514 5471 2740 5542 ἀνδρεία
2787 5473 3074 5542 εὐφραίνει
3131 5475 3225 5528 τὸν
3254 5473 3414 5544 ἄνδρα
3439 5465 3597 5534 αὐτῆς.

368 5589 484 5639 ctat
514 5577 694 5634 virum
727 5588 889 5630 suum
910 5610 927 5636 ,
957 5577 1016 5627 et
1057 5584 1237 5626 annos
1278 5569 1408 5624 vitae
1447 5566 1572 5637 ejus
1613 5566 1866 5637 implebit
1899 5566 1954 5620 in

2095 5569 2158 5622 ,αὶ
2177 5567 2245 5621 τὰ
2273 5565 2370 5636 ἔτη
2398 5564 2570 5622 αὐτοῦ
2599 5563 2885 5636 πληρώσει
2914 5567 2975 5622 ὲν
3014 5569 3229 5641 εἰρήνῃ.
3257 5567 3421 5638 Χάρις
3446 5573 3578 5630 γυναι

1656 5679 1744 5735 VA
1753 5679 1894 5735 RIA'I
1936 5678 2232 5737 LECTION
2239 5678 2342 5734 ES.

451 5787 479 5830 ιι
501 5785 644 5862 sua
681 5775 1069 5862 "tissime-
1112 5771 2491 5862 tralaticias}$390199???“Pietas"),
2523 5774 2707 5862 etiam.
2731 5775 3125 5862 νριιεεξίεείωί,
3143 5776 3347 5833 habent
3374 5761 3594 5838 Ἀϐιγαία

372 5873 475 5942 pro
512 5841 1077 5938 'Aét'fuu._|lbmrii8
1105 5860 1145 5899 a
1171 5841 1272 5904 pro
1294 5841 1690 5914 J’legentibus.
1726 5841 1986 5915 Sic_alibi
2007 5859 2107 5900 oro
2134 5841 2358 5899 Δαλιδὰ
2403 5844 2653 5915 legerunt
2677 5845 2931 5902 Δαλιλά.
3113 5841 3120 5843 “
3431 5887 3438 5896 ,

2143 5305 2162 5339 ι
2189 5285 2338 5358 Γυνὴ
2362 5285 2569 5358 ἀγαθὴ,
2606 5288 2766 5358 μερὶς
2799 5285 3012 5356 ἀγαθὴ,
3035 5290 3134 5344 καὶ
3153 5289 3211 5344 ιν
3241 5287 3414 5362 μερίδι
3441 5282 3607 5356 90600-
