  <div class='ocr_page' id='page_1' title='image "/cluster/home/n/w/nwhite01/storage/ocr_20150623/95:no.2/coo.31924054869999/664.png"; bbox 0 0 3960 6398; ppageno 0'>
   <div class='ocr_carea' id='block_1_1' title="bbox 337 333 470 397">
    <p class='ocr_par' dir='ltr' id='par_1_1' title="bbox 337 333 470 397">
     <span class='ocr_line' id='line_1_1' title="bbox 337 333 470 397; baseline 0.008 -1"><span class='ocrx_word' id='word_1_1' title='bbox 337 333 470 397; x_wconf 79' lang='lat'><strong>1317</strong></span> 
     </span>
    </p>
   </div>
   <div class='ocr_carea' id='block_1_2' title="bbox 1626 341 2365 410">
    <p class='ocr_par' dir='ltr' id='par_1_2' title="bbox 1626 341 2365 410">
     <span class='ocr_line' id='line_1_2' title="bbox 1626 341 2365 410; baseline 0.014 -11"><span class='ocrx_word' id='word_1_2' title='bbox 1626 341 1864 401; x_wconf 79' lang='lat' dir='ltr'><strong>SACRA</strong></span> <span class='ocrx_word' id='word_1_3' title='bbox 1903 343 2365 410; x_wconf 70' lang='lat' dir='ltr'><strong>PAliALLELA.</strong></span> 
     </span>
    </p>
   </div>
   <div class='ocr_carea' id='block_1_3' title="bbox 3483 362 3616 427">
    <p class='ocr_par' dir='ltr' id='par_1_3' title="bbox 3483 362 3616 427">
     <span class='ocr_line' id='line_1_3' title="bbox 3483 362 3616 427; baseline 0.023 -3"><span class='ocrx_word' id='word_1_4' title='bbox 3483 362 3616 427; x_wconf 81' lang='lat'><strong>1318</strong></span> 
     </span>
    </p>
   </div>
   <div class='ocr_carea' id='block_1_4' title="bbox 334 442 1890 538">
    <p class='ocr_par' dir='ltr' id='par_1_4' title="bbox 334 442 1890 516">
     <span class='ocr_line' id='line_1_4' title="bbox 334 442 1890 516; baseline 0.01 -26"><span class='ocrx_word' id='word_1_5' title='bbox 334 449 426 512; x_wconf 72' lang='grc' dir='ltr'><strong>χδς</strong></span> <span class='ocrx_word' id='word_1_6' title='bbox 472 445 666 516; x_wconf 72' lang='grc' dir='ltr'>τέρψει</span> <span class='ocrx_word' id='word_1_7' title='bbox 713 444 808 497; x_wconf 79' lang='grc' dir='ltr'><strong>τὸν</strong></span> <span class='ocrx_word' id='word_1_8' title='bbox 857 442 1027 512; x_wconf 81' lang='grc' dir='ltr'>ἄνδρα</span> <span class='ocrx_word' id='word_1_9' title='bbox 1069 442 1278 512; x_wconf 80' lang='grc' dir='ltr'>αὐτῆς,</span> <span class='ocrx_word' id='word_1_10' title='bbox 1336 445 1530 499; x_wconf 78' lang='grc' dir='ltr'>καὶτὰ</span> <span class='ocrx_word' id='word_1_11' title='bbox 1569 447 1705 502; x_wconf 75' lang='grc' dir='ltr'>οστᾶ</span> <span class='ocrx_word' id='word_1_12' title='bbox 1747 451 1890 504; x_wconf 68' lang='grc' dir='ltr'>αὐτο⁵</span> 
     </span>
    </p>
   </div>
   <div class='ocr_carea' id='block_1_5' title="bbox 2004 442 3611 538">
    <p class='ocr_par' dir='ltr' id='par_1_5' title="bbox 2024 458 3611 538">
     <span class='ocr_line' id='line_1_5' title="bbox 2024 458 3611 538; baseline 0.014 -28"><span class='ocrx_word' id='word_1_13' title='bbox 2024 472 2179 527; x_wconf 83' lang='lat' dir='ltr'><strong>pace.</strong></span> <span class='ocrx_word' id='word_1_14' title='bbox 2211 458 2398 514; x_wconf 88' lang='lat' dir='ltr'><strong>Gratia</strong></span> <span class='ocrx_word' id='word_1_15' title='bbox 2432 459 2684 516; x_wconf 85' lang='lat' dir='ltr'><strong>mulieris</strong></span> <span class='ocrx_word' id='word_1_16' title='bbox 2724 461 3022 520; x_wconf 87' lang='lat' dir='ltr'><strong>delectabit</strong></span> <span class='ocrx_word' id='word_1_17' title='bbox 3071 465 3254 522; x_wconf 86' lang='lat' dir='ltr'><strong>virum</strong></span> <span class='ocrx_word' id='word_1_18' title='bbox 3303 482 3464 526; x_wconf 82' lang='lat' dir='ltr'><strong>suum</strong></span> <span class='ocrx_word' id='word_1_19' title='bbox 3488 513 3504 538; x_wconf 89' lang='lat'><strong>,</strong></span> <span class='ocrx_word' id='word_1_20' title='bbox 3553 487 3611 534; x_wconf 88' lang='lat' dir='ltr'><strong>et</strong></span> 
     </span>
    </p>
   </div>
   <div class='ocr_carea' id='block_1_6' title="bbox 331 533 1147 604">
    <p class='ocr_par' dir='ltr' id='par_1_6' title="bbox 331 533 1147 604">
     <span class='ocr_line' id='line_1_6' title="bbox 331 533 1147 604; baseline -0.01 -14"><span class='ocrx_word' id='word_1_21' title='bbox 331 537 539 591; x_wconf 75' lang='grc' dir='ltr'><strong>πιαίνει</strong></span> <span class='ocrx_word' id='word_1_22' title='bbox 576 535 860 604; x_wconf 76' lang='grc' dir='ltr'><strong>ἐπιστήμη</strong></span> <span class='ocrx_word' id='word_1_23' title='bbox 893 533 1087 602; x_wconf 79' lang='grc' dir='ltr'>αὐτῆς.</span> <span class='ocrx_word' id='word_1_24' title='bbox 1128 551 1147 582; x_wconf 70' lang='grc' dir='ltr'><strong>ι</strong></span> 
     </span>
    </p>
   </div>
   <div class='ocr_carea' id='block_1_7' title="bbox 406 622 1920 702">
    <p class='ocr_par' dir='ltr' id='par_1_7' title="bbox 406 622 1920 702">
     <span class='ocr_line' id='line_1_7' title="bbox 406 622 1920 702; baseline 0.005 -21"><span class='ocrx_word' id='word_1_25' title='bbox 406 651 422 681; x_wconf 78' lang='grc' dir='ltr'><strong>ι</strong></span> <span class='ocrx_word' id='word_1_26' title='bbox 461 627 673 691; x_wconf 76' lang='grc' dir='ltr'>Κάλλος</span> <span class='ocrx_word' id='word_1_27' title='bbox 705 625 966 694; x_wconf 79' lang='grc' dir='ltr'>γυναικὸς</span> <span class='ocrx_word' id='word_1_28' title='bbox 999 622 1246 694; x_wconf 82' lang='grc' dir='ltr'>ἰλαρύνει</span> <span class='ocrx_word' id='word_1_29' title='bbox 1279 625 1571 696; x_wconf 80' lang='grc' dir='ltr'>πρόσωπον</span> <span class='ocrx_word' id='word_1_30' title='bbox 1599 631 1796 702; x_wconf 78' lang='grc' dir='ltr'>αὐτῆς,</span> <span class='ocrx_word' id='word_1_31' title='bbox 1825 635 1920 688; x_wconf 74' lang='grc' dir='ltr'>καὶ</span> 
     </span>
    </p>
   </div>
   <div class='ocr_carea' id='block_1_8' title="bbox 329 715 1920 792">
    <p class='ocr_par' dir='ltr' id='par_1_8' title="bbox 329 715 1920 792">
     <span class='ocr_line' id='line_1_8' title="bbox 329 715 1920 792; baseline 0.002 -15"><span class='ocrx_word' id='word_1_32' title='bbox 329 725 470 792; x_wconf 81' lang='grc' dir='ltr'>ὑπὲρ</span> <span class='ocrx_word' id='word_1_33' title='bbox 500 724 681 776; x_wconf 83' lang='grc' dir='ltr'>πᾶσαν</span> <span class='ocrx_word' id='word_1_34' title='bbox 711 716 1016 788; x_wconf 77' lang='grc' dir='ltr'><strong>ἐπιθυμίαν</strong></span> <span class='ocrx_word' id='word_1_35' title='bbox 1051 715 1345 788; x_wconf 83' lang='grc' dir='ltr'>ἀνθρώπου</span> <span class='ocrx_word' id='word_1_36' title='bbox 1369 719 1664 791; x_wconf 81' lang='grc' dir='ltr'><strong>ὑπεράγει.</strong></span> <span class='ocrx_word' id='word_1_37' title='bbox 1684 725 1748 778; x_wconf 82' lang='lat' dir='ltr'><strong>El</strong></span> <span class='ocrx_word' id='word_1_38' title='bbox 1772 726 1920 780; x_wconf 81' lang='grc' dir='ltr'>ἔστιν</span> 
     </span>
    </p>
   </div>
   <div class='ocr_carea' id='block_1_9' title="bbox 325 809 1920 890">
    <p class='ocr_par' dir='ltr' id='par_1_9' title="bbox 325 809 1920 890">
     <span class='ocr_line' id='line_1_9' title="bbox 325 809 1920 890; baseline 0 -20"><span class='ocrx_word' id='word_1_39' title='bbox 325 819 422 870; x_wconf 77' lang='grc' dir='ltr'>ἐπὶ</span> <span class='ocrx_word' id='word_1_40' title='bbox 451 817 720 886; x_wconf 84' lang='grc' dir='ltr'>στόματος</span> <span class='ocrx_word' id='word_1_41' title='bbox 766 812 916 875; x_wconf 78' lang='grc' dir='ltr'>ἔλεος</span> <span class='ocrx_word' id='word_1_42' title='bbox 977 809 1076 865; x_wconf 75' lang='grc' dir='ltr'>καὶ</span> <span class='ocrx_word' id='word_1_43' title='bbox 1111 811 1382 884; x_wconf 83' lang='grc' dir='ltr'>πραότης.</span> <span class='ocrx_word' id='word_1_44' title='bbox 1423 815 1524 868; x_wconf 82' lang='grc' dir='ltr'><strong>οὐκ</strong></span> <span class='ocrx_word' id='word_1_45' title='bbox 1573 813 1727 870; x_wconf 78' lang='grc' dir='ltr'>ἐστιν</span> <span class='ocrx_word' id='word_1_46' title='bbox 1779 817 1920 890; x_wconf 79' lang='grc' dir='ltr'>ἀνὴρ</span> 
     </span>
    </p>
   </div>
   <div class='ocr_carea' id='block_1_10' title="bbox 326 901 1262 981">
    <p class='ocr_par' dir='ltr' id='par_1_10' title="bbox 326 901 1262 981">
     <span class='ocr_line' id='line_1_10' title="bbox 326 901 1262 981; baseline -0.009 -16"><span class='ocrx_word' id='word_1_47' title='bbox 326 911 499 981; x_wconf 81' lang='grc' dir='ltr'>αὐτῆς</span> <span class='ocrx_word' id='word_1_48' title='bbox 532 905 654 967; x_wconf 82' lang='grc' dir='ltr'>καθ’</span> <span class='ocrx_word' id='word_1_49' title='bbox 691 905 845 968; x_wconf 74' lang='grc' dir='ltr'>υἱοὺς</span> <span class='ocrx_word' id='word_1_50' title='bbox 879 901 1208 979; x_wconf 74' lang='grc' dir='ltr'>ἀνθρώπων.</span> <span class='ocrx_word' id='word_1_51' title='bbox 1242 923 1262 957; x_wconf 69' lang='grc' dir='ltr'><strong>ι</strong></span> 
     </span>
    </p>
   </div>
   <div class='ocr_carea' id='block_1_11' title="bbox 429 1121 1714 1195">
    <p class='ocr_par' dir='ltr' id='par_1_11' title="bbox 429 1121 1714 1195">
     <span class='ocr_line' id='line_1_11' title="bbox 429 1121 1714 1195; baseline -0.002 -13"><span class='ocrx_word' id='word_1_52' title='bbox 429 1128 674 1192; x_wconf 73' lang='grc' dir='ltr'>κάλλος</span> <span class='ocrx_word' id='word_1_53' title='bbox 702 1123 904 1195; x_wconf 75' lang='grc' dir='ltr'>νόμιζε</span> <span class='ocrx_word' id='word_1_54' title='bbox 931 1122 1048 1191; x_wconf 77' lang='grc' dir='ltr'><strong>τὴν</strong></span> <span class='ocrx_word' id='word_1_55' title='bbox 1083 1121 1322 1192; x_wconf 75' lang='grc' dir='ltr'>φρενῶν</span> <span class='ocrx_word' id='word_1_56' title='bbox 1351 1125 1714 1195; x_wconf 77' lang='grc' dir='ltr'><strong>εὐκοσμίαν,</strong></span> 
     </span>
    </p>
   </div>
   <div class='ocr_carea' id='block_1_12' title="bbox 428 1194 1806 1268">
    <p class='ocr_par' dir='ltr' id='par_1_12' title="bbox 428 1194 1806 1268">
     <span class='ocr_line' id='line_1_12' title="bbox 428 1194 1806 1268; baseline 0.001 -16"><span class='ocrx_word' id='word_1_57' title='bbox 428 1202 554 1268; x_wconf 80' lang='grc' dir='ltr'><strong>Οὐχ</strong></span> <span class='ocrx_word' id='word_1_58' title='bbox 586 1197 668 1264; x_wconf 75' lang='grc' dir='ltr'><strong>ἢν</strong></span> <span class='ocrx_word' id='word_1_59' title='bbox 691 1194 998 1264; x_wconf 66' lang='grc' dir='ltr'>γράφουσι</span> <span class='ocrx_word' id='word_1_60' title='bbox 1029 1195 1245 1262; x_wconf 82' lang='grc' dir='ltr'>χεῖρες,</span> <span class='ocrx_word' id='word_1_61' title='bbox 1272 1194 1372 1249; x_wconf 79' lang='grc' dir='ltr'>καὶ</span> <span class='ocrx_word' id='word_1_62' title='bbox 1404 1194 1552 1249; x_wconf 77' lang='grc' dir='ltr'>λύει</span> <span class='ocrx_word' id='word_1_63' title='bbox 1564 1199 1806 1266; x_wconf 80' lang='grc' dir='ltr'>χρόνος.</span> 
     </span>
    </p>
   </div>
   <div class='ocr_carea' id='block_1_13' title="bbox 387 1307 1916 1380">
    <p class='ocr_par' dir='ltr' id='par_1_13' title="bbox 387 1307 1916 1380">
     <span class='ocr_line' id='line_1_13' title="bbox 387 1307 1916 1380; baseline 0.001 -16"><span class='ocrx_word' id='word_1_64' title='bbox 387 1307 695 1380; x_wconf 81' lang='grc' dir='ltr'>Φιλόδακρύ</span> <span class='ocrx_word' id='word_1_65' title='bbox 730 1325 851 1371; x_wconf 89' lang='grc' dir='ltr'><strong>πως</strong></span> <span class='ocrx_word' id='word_1_66' title='bbox 877 1308 965 1362; x_wconf 69' lang='grc' dir='ltr'><strong>ἀεὶ</strong></span> <span class='ocrx_word' id='word_1_67' title='bbox 994 1309 1054 1361; x_wconf 77' lang='grc' dir='ltr'><strong>τὸ</strong></span> <span class='ocrx_word' id='word_1_68' title='bbox 1082 1307 1215 1378; x_wconf 81' lang='grc' dir='ltr'>θῆλυ</span> <span class='ocrx_word' id='word_1_69' title='bbox 1240 1308 1418 1376; x_wconf 82' lang='grc' dir='ltr'>γένος,</span> <span class='ocrx_word' id='word_1_70' title='bbox 1447 1310 1541 1362; x_wconf 74' lang='grc' dir='ltr'>καὶ</span> <span class='ocrx_word' id='word_1_71' title='bbox 1571 1310 1660 1363; x_wconf 85' lang='grc' dir='ltr'><strong>τὸν</strong></span> <span class='ocrx_word' id='word_1_72' title='bbox 1682 1311 1808 1365; x_wconf 82' lang='grc' dir='ltr'>νοῦν</span> <span class='ocrx_word' id='word_1_73' title='bbox 1835 1313 1916 1378; x_wconf 85' lang='grc' dir='ltr'><strong>είς</strong></span> 
     </span>
    </p>
   </div>
   <div class='ocr_carea' id='block_1_14' title="bbox 313 1398 1046 1472">
    <p class='ocr_par' dir='ltr' id='par_1_14' title="bbox 313 1398 1046 1472">
     <span class='ocr_line' id='line_1_14' title="bbox 313 1398 1046 1472; baseline -0.007 -15"><span class='ocrx_word' id='word_1_74' title='bbox 313 1405 464 1457; x_wconf 50' lang='grc' dir='ltr'>ἔλεον</span> <span class='ocrx_word' id='word_1_75' title='bbox 494 1401 885 1472; x_wconf 79' lang='grc' dir='ltr'>εὑδιάθρυπτον</span> <span class='ocrx_word' id='word_1_76' title='bbox 910 1398 1046 1469; x_wconf 78' lang='grc' dir='ltr'>ἔχει.</span> 
     </span>
    </p>
   </div>
   <div class='ocr_carea' id='block_1_15' title="bbox 379 1576 1908 1652">
    <p class='ocr_par' dir='ltr' id='par_1_15' title="bbox 379 1576 1908 1652">
     <span class='ocr_line' id='line_1_15' title="bbox 379 1576 1908 1652; baseline 0.001 -19"><span class='ocrx_word' id='word_1_77' title='bbox 379 1577 728 1635; x_wconf 77' lang='grc' dir='ltr'>Ἀνύποπτον</span> <span class='ocrx_word' id='word_1_78' title='bbox 764 1579 844 1642; x_wconf 82' lang='grc' dir='ltr'><strong>είς</strong></span> <span class='ocrx_word' id='word_1_79' title='bbox 875 1576 1134 1648; x_wconf 77' lang='grc' dir='ltr'>διαϐολὴν</span> <span class='ocrx_word' id='word_1_80' title='bbox 1163 1577 1408 1631; x_wconf 84' lang='grc' dir='ltr'>δείκνυσι</span> <span class='ocrx_word' id='word_1_81' title='bbox 1436 1581 1694 1647; x_wconf 83' lang='grc' dir='ltr'>γυναῖκα,</span> <span class='ocrx_word' id='word_1_82' title='bbox 1737 1580 1798 1634; x_wconf 80' lang='grc' dir='ltr'><strong>τὸ</strong></span> <span class='ocrx_word' id='word_1_83' title='bbox 1832 1579 1908 1652; x_wconf 84' lang='grc' dir='ltr'>μὴ</span> 
     </span>
    </p>
   </div>
   <div class='ocr_carea' id='block_1_16' title="bbox 2023 549 3302 636">
    <p class='ocr_par' dir='ltr' id='par_1_16' title="bbox 2023 549 3302 636">
     <span class='ocr_line' id='line_1_16' title="bbox 2023 549 3302 636; baseline 0.009 -36"><span class='ocrx_word' id='word_1_84' title='bbox 2023 561 2148 602; x_wconf 90' lang='lat' dir='ltr'><strong>ossa</strong></span> <span class='ocrx_word' id='word_1_85' title='bbox 2180 549 2328 604; x_wconf 88' lang='lat' dir='ltr'><strong>illius</strong></span> <span class='ocrx_word' id='word_1_86' title='bbox 2358 550 2720 636; x_wconf 69' lang='lat' dir='ltr'><strong>impinguahit</strong></span> <span class='ocrx_word' id='word_1_87' title='bbox 2752 551 3045 620; x_wconf 76' lang='lat' dir='ltr'><strong>disciplina</strong></span> <span class='ocrx_word' id='word_1_88' title='bbox 3078 556 3249 613; x_wconf 89' lang='lat' dir='ltr'><strong>illius.</strong></span> <span class='ocrx_word' id='word_1_89' title='bbox 3281 577 3302 611; x_wconf 70' lang='grc' dir='ltr'><strong>ι</strong></span> 
     </span>
    </p>
   </div>
   <div class='ocr_carea' id='block_1_17' title="bbox 2094 640 3616 716">
    <p class='ocr_par' dir='ltr' id='par_1_17' title="bbox 2094 640 3616 716">
     <span class='ocr_line' id='line_1_17' title="bbox 2094 640 3616 716; baseline 0.014 -23"><span class='ocrx_word' id='word_1_90' title='bbox 2094 640 2264 696; x_wconf 81' lang='lat' dir='ltr'><strong>Eccli.</strong></span> <span class='ocrx_word' id='word_1_91' title='bbox 2305 659 2467 697; x_wconf 81' lang='lat' dir='ltr'><strong>xxxvi</strong></span> <span class='ocrx_word' id='word_1_92' title='bbox 2489 684 2504 708; x_wconf 94' lang='lat'><strong>,</strong></span> <span class='ocrx_word' id='word_1_93' title='bbox 2530 641 2622 696; x_wconf 72' lang='grc'><strong>24.</strong></span> <span class='ocrx_word' id='word_1_94' title='bbox 2661 673 2730 683; x_wconf 93' lang='grc'><strong>-</strong></span> <span class='ocrx_word' id='word_1_95' title='bbox 2757 663 2775 696; x_wconf 76' lang='grc' dir='ltr'><strong>ι</strong></span> <span class='ocrx_word' id='word_1_96' title='bbox 2809 645 3034 716; x_wconf 86' lang='lat' dir='ltr'><strong>Species</strong></span> <span class='ocrx_word' id='word_1_97' title='bbox 3069 651 3317 708; x_wconf 86' lang='lat' dir='ltr'><strong>mulieris</strong></span> <span class='ocrx_word' id='word_1_98' title='bbox 3341 655 3616 716; x_wconf 84' lang='lat' dir='ltr'><strong>exhilarat</strong></span> 
     </span>
    </p>
   </div>
   <div class='ocr_carea' id='block_1_18' title="bbox 2022 731 3611 813">
    <p class='ocr_par' dir='ltr' id='par_1_18' title="bbox 2022 731 3611 813">
     <span class='ocr_line' id='line_1_18' title="bbox 2022 731 3611 813; baseline 0.012 -28"><span class='ocrx_word' id='word_1_99' title='bbox 2022 731 2220 788; x_wconf 82' lang='lat' dir='ltr'><strong>faciem</strong></span> <span class='ocrx_word' id='word_1_100' title='bbox 2250 734 2410 804; x_wconf 86' lang='lat' dir='ltr'><strong>ejus:</strong></span> <span class='ocrx_word' id='word_1_101' title='bbox 2443 743 2500 789; x_wconf 90' lang='lat' dir='ltr'><strong>et</strong></span> <span class='ocrx_word' id='word_1_102' title='bbox 2529 749 2695 805; x_wconf 89' lang='lat' dir='ltr'><strong>super</strong></span> <span class='ocrx_word' id='word_1_103' title='bbox 2725 750 2942 792; x_wconf 91' lang='lat' dir='ltr'><strong>omnem</strong></span> <span class='ocrx_word' id='word_1_104' title='bbox 2971 743 3472 813; x_wconf 71' lang='lat' dir='ltr'><strong>concupiscentiam</strong></span> <span class='ocrx_word' id='word_1_105' title='bbox 3509 751 3611 806; x_wconf 86' lang='lat' dir='ltr'><strong>ho-</strong></span> 
     </span>
    </p>
   </div>
   <div class='ocr_carea' id='block_1_19' title="bbox 2021 824 3611 899">
    <p class='ocr_par' dir='ltr' id='par_1_19' title="bbox 2021 824 3611 899">
     <span class='ocr_line' id='line_1_19' title="bbox 2021 824 3611 899; baseline 0.011 -21"><span class='ocrx_word' id='word_1_106' title='bbox 2021 824 2191 880; x_wconf 88' lang='lat' dir='ltr'><strong>minis</strong></span> <span class='ocrx_word' id='word_1_107' title='bbox 2225 825 2472 879; x_wconf 77' lang='lat' dir='ltr'><strong>excellit.</strong></span> <span class='ocrx_word' id='word_1_108' title='bbox 2498 824 2556 880; x_wconf 90' lang='lat' dir='ltr'><strong>Si</strong></span> <span class='ocrx_word' id='word_1_109' title='bbox 2581 827 2744 881; x_wconf 90' lang='lat' dir='ltr'><strong>estin</strong></span> <span class='ocrx_word' id='word_1_110' title='bbox 2773 841 2869 884; x_wconf 87' lang='lat' dir='ltr'><strong>ore</strong></span> <span class='ocrx_word' id='word_1_111' title='bbox 2893 830 3012 899; x_wconf 86' lang='lat' dir='ltr'><strong>ejus</strong></span> <span class='ocrx_word' id='word_1_112' title='bbox 3039 833 3416 892; x_wconf 86' lang='lat' dir='ltr'><strong>misericordia</strong></span> <span class='ocrx_word' id='word_1_113' title='bbox 3446 850 3500 894; x_wconf 88' lang='lat' dir='ltr'><strong>et</strong></span> <span class='ocrx_word' id='word_1_114' title='bbox 3531 843 3611 896; x_wconf 87' lang='lat' dir='ltr'><strong>le-</strong></span> 
     </span>
    </p>
   </div>
   <div class='ocr_carea' id='block_1_20' title="bbox 2021 914 3604 985">
    <p class='ocr_par' dir='ltr' id='par_1_20' title="bbox 2021 914 3604 985">
     <span class='ocr_line' id='line_1_20' title="bbox 2021 914 3604 985; baseline 0.012 -18"><span class='ocrx_word' id='word_1_115' title='bbox 2021 914 2200 980; x_wconf 89' lang='lat' dir='ltr'><strong>nitas,</strong></span> <span class='ocrx_word' id='word_1_116' title='bbox 2229 931 2341 970; x_wconf 89' lang='lat' dir='ltr'><strong>non</strong></span> <span class='ocrx_word' id='word_1_117' title='bbox 2369 925 2454 971; x_wconf 89' lang='lat' dir='ltr'><strong>est</strong></span> <span class='ocrx_word' id='word_1_118' title='bbox 2483 915 2564 970; x_wconf 89' lang='lat' dir='ltr'><strong>vir</strong></span> <span class='ocrx_word' id='word_1_119' title='bbox 2589 916 2735 971; x_wconf 89' lang='lat' dir='ltr'><strong>illius</strong></span> <span class='ocrx_word' id='word_1_120' title='bbox 2763 921 3068 974; x_wconf 90' lang='lat' dir='ltr'><strong>secundum</strong></span> <span class='ocrx_word' id='word_1_121' title='bbox 3095 921 3236 979; x_wconf 82' lang='lat' dir='ltr'><strong>filios</strong></span> <span class='ocrx_word' id='word_1_122' title='bbox 3262 926 3604 985; x_wconf 65' lang='lat' dir='ltr'><strong>hominum.»</strong></span> 
     </span>
    </p>
   </div>
   <div class='ocr_carea' id='block_1_21' title="bbox 2393 1007 3252 1080">
    <p class='ocr_par' dir='ltr' id='par_1_21' title="bbox 2393 1007 3252 1080">
     <span class='ocr_line' id='line_1_21' title="bbox 2393 1007 3252 1080; baseline 0.013 -19"><span class='ocrx_word' id='word_1_123' title='bbox 2393 1007 2549 1080; x_wconf 81' lang='lat' dir='ltr'><strong>Greg.</strong></span> <span class='ocrx_word' id='word_1_124' title='bbox 2594 1007 2868 1063; x_wconf 74' lang='lat' dir='ltr'><strong>Nazianz.</strong></span> <span class='ocrx_word' id='word_1_125' title='bbox 2909 1022 3121 1070; x_wconf 78' lang='lat' dir='ltr'><strong>tetrast.</strong></span> <span class='ocrx_word' id='word_1_126' title='bbox 3159 1018 3252 1072; x_wconf 78' lang='grc'><strong>21.</strong></span> 
     </span>
    </p>
   </div>
   <div class='ocr_carea' id='block_1_22' title="bbox 2209 1117 3431 1198">
    <p class='ocr_par' dir='ltr' id='par_1_22' title="bbox 2209 1117 3431 1198">
     <span class='ocr_line' id='line_1_22' title="bbox 2209 1117 3431 1198; baseline 0.014 -27"><span class='ocrx_word' id='word_1_127' title='bbox 2209 1117 2399 1198; x_wconf 54' lang='lat' dir='ltr'><strong>[erum</strong></span> <span class='ocrx_word' id='word_1_128' title='bbox 2437 1120 2674 1175; x_wconf 79' lang='lat' dir='ltr'><strong>decorem</strong></span> <span class='ocrx_word' id='word_1_129' title='bbox 2701 1165 2716 1188; x_wconf 81' lang='lat'><strong>,</strong></span> <span class='ocrx_word' id='word_1_130' title='bbox 2748 1125 2938 1198; x_wconf 69' lang='lat' dir='ltr'><strong>ruentis</strong></span> <span class='ocrx_word' id='word_1_131' title='bbox 2972 1138 3220 1181; x_wconf 79' lang='lat' dir='ltr'><strong>ornatum</strong></span> <span class='ocrx_word' id='word_1_132' title='bbox 3255 1143 3385 1198; x_wconf 84' lang='lat' dir='ltr'><strong>puta</strong></span> <span class='ocrx_word' id='word_1_133' title='bbox 3412 1152 3431 1189; x_wconf 88' lang='lat'><strong><em>:</em></strong></span> 
     </span>
    </p>
   </div>
   <div class='ocr_carea' id='block_1_23' title="bbox 2197 1187 3461 1262">
    <p class='ocr_par' dir='ltr' id='par_1_23' title="bbox 2197 1187 3461 1262">
     <span class='ocr_line' id='line_1_23' title="bbox 2197 1187 3461 1262; baseline 0.015 -22"><span class='ocrx_word' id='word_1_134' title='bbox 2197 1187 2323 1242; x_wconf 86' lang='lat' dir='ltr'><strong>Non</strong></span> <span class='ocrx_word' id='word_1_135' title='bbox 2353 1206 2504 1258; x_wconf 75' lang='lat' dir='ltr'><strong>quem</strong></span> <span class='ocrx_word' id='word_1_136' title='bbox 2537 1208 2727 1246; x_wconf 78' lang='lat' dir='ltr'><strong>manus</strong></span> <span class='ocrx_word' id='word_1_137' title='bbox 2760 1194 3000 1262; x_wconf 82' lang='lat' dir='ltr'><strong>ﬁgurat,</strong></span> <span class='ocrx_word' id='word_1_138' title='bbox 3033 1209 3126 1250; x_wconf 83' lang='lat' dir='ltr'><strong>aut</strong></span> <span class='ocrx_word' id='word_1_139' title='bbox 3160 1187 3296 1254; x_wconf 73' lang='lat' dir='ltr'><strong>delet</strong></span> <span class='ocrx_word' id='word_1_140' title='bbox 3330 1187 3461 1260; x_wconf 70' lang='lat' dir='ltr'><strong>dies.</strong></span> 
     </span>
    </p>
   </div>
   <div class='ocr_carea' id='block_1_24' title="bbox 2090 1297 3605 1378">
    <p class='ocr_par' dir='ltr' id='par_1_24' title="bbox 2090 1297 3605 1378">
     <span class='ocr_line' id='line_1_24' title="bbox 2090 1297 3605 1378; baseline 0.011 -25"><span class='ocrx_word' id='word_1_141' title='bbox 2090 1297 2260 1370; x_wconf 80' lang='lat' dir='ltr'><strong>Cyril.</strong></span> <span class='ocrx_word' id='word_1_142' title='bbox 2293 1300 2345 1353; x_wconf 81' lang='lat' dir='ltr'><strong>iu</strong></span> <span class='ocrx_word' id='word_1_143' title='bbox 2377 1317 2422 1356; x_wconf 78' lang='grc' dir='ltr'>ε.</span> <span class='ocrx_word' id='word_1_144' title='bbox 2457 1318 2548 1355; x_wconf 73' lang='lat' dir='ltr'><strong>xix</strong></span> <span class='ocrx_word' id='word_1_145' title='bbox 2587 1301 2751 1357; x_wconf 83' lang='lat' dir='ltr'><strong>Joan.</strong></span> <span class='ocrx_word' id='word_1_146' title='bbox 2774 1304 3153 1361; x_wconf 79' lang='lat' dir='ltr'><strong>——Mulierum</strong></span> <span class='ocrx_word' id='word_1_147' title='bbox 3192 1325 3365 1378; x_wconf 86' lang='lat' dir='ltr'><strong>geuus</strong></span> <span class='ocrx_word' id='word_1_148' title='bbox 3420 1315 3489 1368; x_wconf 90' lang='lat' dir='ltr'><strong>ad</strong></span> <span class='ocrx_word' id='word_1_149' title='bbox 3527 1317 3605 1368; x_wconf 81' lang='lat' dir='ltr'><strong>la-</strong></span> 
     </span>
    </p>
   </div>
   <div class='ocr_carea' id='block_1_25' title="bbox 2015 1391 3606 1462">
    <p class='ocr_par' dir='ltr' id='par_1_25' title="bbox 2015 1391 3606 1462">
     <span class='ocr_line' id='line_1_25' title="bbox 2015 1391 3606 1462; baseline 0.01 -18"><span class='ocrx_word' id='word_1_150' title='bbox 2015 1405 2234 1460; x_wconf 86' lang='lat' dir='ltr'><strong>crymas</strong></span> <span class='ocrx_word' id='word_1_151' title='bbox 2265 1391 2504 1462; x_wconf 83' lang='lat' dir='ltr'><strong>proclive</strong></span> <span class='ocrx_word' id='word_1_152' title='bbox 2538 1403 2657 1459; x_wconf 90' lang='lat' dir='ltr'><strong>est,</strong></span> <span class='ocrx_word' id='word_1_153' title='bbox 2692 1409 2757 1448; x_wconf 84' lang='lat' dir='ltr'><strong>ac</strong></span> <span class='ocrx_word' id='word_1_154' title='bbox 2787 1410 2942 1452; x_wconf 91' lang='lat' dir='ltr'><strong>mens</strong></span> <span class='ocrx_word' id='word_1_155' title='bbox 2971 1411 3160 1452; x_wconf 89' lang='lat' dir='ltr'><strong>earum</strong></span> <span class='ocrx_word' id='word_1_156' title='bbox 3188 1401 3257 1455; x_wconf 89' lang='lat' dir='ltr'><strong>ad</strong></span> <span class='ocrx_word' id='word_1_157' title='bbox 3289 1405 3606 1459; x_wconf 86' lang='lat' dir='ltr'><strong>misericor-</strong></span> 
     </span>
    </p>
   </div>
   <div class='ocr_carea' id='block_1_26' title="bbox 2015 1481 2798 1541">
    <p class='ocr_par' dir='ltr' id='par_1_26' title="bbox 2015 1481 2798 1541">
     <span class='ocr_line' id='line_1_26' title="bbox 2015 1481 2798 1541; baseline 0.004 -4"><span class='ocrx_word' id='word_1_158' title='bbox 2015 1481 2164 1537; x_wconf 86' lang='lat' dir='ltr'><strong>diam</strong></span> <span class='ocrx_word' id='word_1_159' title='bbox 2203 1483 2405 1537; x_wconf 88' lang='lat' dir='ltr'><strong>inllecti</strong></span> <span class='ocrx_word' id='word_1_160' title='bbox 2438 1482 2604 1540; x_wconf 82' lang='lat' dir='ltr'><strong>facile</strong></span> <span class='ocrx_word' id='word_1_161' title='bbox 2633 1485 2798 1541; x_wconf 89' lang='lat' dir='ltr'><strong>solel.</strong></span> 
     </span>
    </p>
   </div>
   <div class='ocr_carea' id='block_1_27' title="bbox 2087 1573 3601 1642">
    <p class='ocr_par' dir='ltr' id='par_1_27' title="bbox 2087 1573 3601 1642">
     <span class='ocr_line' id='line_1_27' title="bbox 2087 1573 3601 1642; baseline 0.01 -15"><span class='ocrx_word' id='word_1_162' title='bbox 2087 1573 2257 1628; x_wconf 78' lang='lat' dir='ltr'><strong>Clem.</strong></span> <span class='ocrx_word' id='word_1_163' title='bbox 2284 1575 2443 1630; x_wconf 77' lang='lat' dir='ltr'><strong>Alex.</strong></span> <span class='ocrx_word' id='word_1_164' title='bbox 2483 1575 2575 1629; x_wconf 85' lang='lat' dir='ltr'><strong>lib.</strong></span> <span class='ocrx_word' id='word_1_165' title='bbox 2610 1592 2648 1630; x_wconf 85' lang='lat' dir='ltr'><strong>ll</strong></span> <span class='ocrx_word' id='word_1_166' title='bbox 2694 1575 2974 1633; x_wconf 85' lang='lat' dir='ltr'><strong>Strom.—</strong></span> <span class='ocrx_word' id='word_1_167' title='bbox 2990 1579 3104 1636; x_wconf 84' lang='lat' dir='ltr'><strong>Hoc</strong></span> <span class='ocrx_word' id='word_1_168' title='bbox 3135 1583 3421 1639; x_wconf 90' lang='lat' dir='ltr'><strong>mulierem</strong></span> <span class='ocrx_word' id='word_1_169' title='bbox 3454 1590 3601 1642; x_wconf 84' lang='lat' dir='ltr'><strong>omni</strong></span> 
     </span>
    </p>
   </div>
   <div class='ocr_carea' id='block_1_28' title="bbox 313 1664 1890 1743">
    <p class='ocr_par' dir='ltr' id='par_1_28' title="bbox 313 1670 1890 1743">
     <span class='ocr_line' id='line_1_28' title="bbox 313 1670 1890 1743; baseline -0.001 -17"><span class='ocrx_word' id='word_1_170' title='bbox 313 1670 792 1736; x_wconf 73' lang='grc' dir='ltr'><strong>καλλωπίζεσθαι,</strong></span> <span class='ocrx_word' id='word_1_171' title='bbox 855 1670 992 1741; x_wconf 81' lang='grc' dir='ltr'><strong>μηδὲ</strong></span> <span class='ocrx_word' id='word_1_172' title='bbox 1046 1670 1154 1740; x_wconf 78' lang='grc' dir='ltr'>μὴν</span> <span class='ocrx_word' id='word_1_173' title='bbox 1201 1670 1531 1740; x_wconf 83' lang='grc' dir='ltr'>κοσμεῖσθαι</span> <span class='ocrx_word' id='word_1_174' title='bbox 1609 1672 1755 1743; x_wconf 85' lang='grc' dir='ltr'><strong>πέρα</strong></span> <span class='ocrx_word' id='word_1_175' title='bbox 1811 1672 1890 1727; x_wconf 86' lang='grc' dir='ltr'>τοῐ</span> 
     </span>
    </p>
   </div>
   <div class='ocr_carea' id='block_1_29' title="bbox 2004 1664 3602 1743">
    <p class='ocr_par' dir='ltr' id='par_1_29' title="bbox 2020 1664 3602 1738">
     <span class='ocr_line' id='line_1_29' title="bbox 2020 1664 3602 1738; baseline 0.008 -19"><span class='ocrx_word' id='word_1_176' title='bbox 2020 1664 2250 1720; x_wconf 87' lang='lat' dir='ltr'><strong>sinistra</strong></span> <span class='ocrx_word' id='word_1_177' title='bbox 2291 1682 2483 1723; x_wconf 86' lang='lat' dir='ltr'><strong>carere</strong></span> <span class='ocrx_word' id='word_1_178' title='bbox 2522 1669 2838 1738; x_wconf 90' lang='lat' dir='ltr'><strong>suspicione</strong></span> <span class='ocrx_word' id='word_1_179' title='bbox 2877 1671 3147 1738; x_wconf 85' lang='lat' dir='ltr'><strong>ostendit,</strong></span> <span class='ocrx_word' id='word_1_180' title='bbox 3189 1689 3313 1728; x_wconf 92' lang='lat' dir='ltr'><strong>cum</strong></span> <span class='ocrx_word' id='word_1_181' title='bbox 3361 1691 3463 1730; x_wconf 91' lang='lat' dir='ltr'><strong>nec</strong></span> <span class='ocrx_word' id='word_1_182' title='bbox 3507 1695 3602 1732; x_wconf 87' lang='lat' dir='ltr'><strong>ac-</strong></span> 
     </span>
    </p>
   </div>
   <div class='ocr_carea' id='block_1_30' title="bbox 311 1759 1902 1834">
    <p class='ocr_par' dir='ltr' id='par_1_30' title="bbox 311 1759 1902 1834">
     <span class='ocr_line' id='line_1_30' title="bbox 311 1759 1902 1834; baseline -0.001 -17"><span class='ocrx_word' id='word_1_183' title='bbox 311 1763 644 1834; x_wconf 83' lang='grc' dir='ltr'>πρέποντος,</span> <span class='ocrx_word' id='word_1_184' title='bbox 672 1760 863 1830; x_wconf 81' lang='grc' dir='ltr'>εὐχαῖς</span> <span class='ocrx_word' id='word_1_185' title='bbox 901 1759 994 1812; x_wconf 83' lang='grc' dir='ltr'><strong>καὶ</strong></span> <span class='ocrx_word' id='word_1_186' title='bbox 1023 1759 1238 1829; x_wconf 77' lang='grc' dir='ltr'>δεήσεσι</span> <span class='ocrx_word' id='word_1_187' title='bbox 1272 1760 1719 1830; x_wconf 80' lang='grc' dir='ltr'>προσανέχουσαν</span> <span class='ocrx_word' id='word_1_188' title='bbox 1748 1763 1902 1816; x_wconf 85' lang='grc' dir='ltr'>ἐκτε-</span> 
     </span>
    </p>
   </div>
   <div class='ocr_carea' id='block_1_31' title="bbox 2015 1758 3598 1835">
    <p class='ocr_par' dir='ltr' id='par_1_31' title="bbox 2015 1758 3598 1835">
     <span class='ocr_line' id='line_1_31' title="bbox 2015 1758 3598 1835; baseline 0.006 -23"><span class='ocrx_word' id='word_1_189' title='bbox 2015 1758 2267 1812; x_wconf 85' lang='lat' dir='ltr'><strong>curatius</strong></span> <span class='ocrx_word' id='word_1_190' title='bbox 2291 1773 2413 1814; x_wconf 91' lang='lat' dir='ltr'><strong>sese</strong></span> <span class='ocrx_word' id='word_1_191' title='bbox 2438 1758 2674 1826; x_wconf 88' lang='lat' dir='ltr'><strong>excolit,</strong></span> <span class='ocrx_word' id='word_1_192' title='bbox 2699 1775 2801 1816; x_wconf 91' lang='lat' dir='ltr'><strong>nec</strong></span> <span class='ocrx_word' id='word_1_193' title='bbox 2825 1771 3024 1832; x_wconf 73' lang='lat' dir='ltr'><strong>przeter</strong></span> <span class='ocrx_word' id='word_1_194' title='bbox 3047 1765 3304 1819; x_wconf 84' lang='lat' dir='ltr'><strong>decorum</strong></span> <span class='ocrx_word' id='word_1_195' title='bbox 3332 1781 3598 1835; x_wconf 84' lang='lat' dir='ltr'><strong>exornat,</strong></span> 
     </span>
    </p>
   </div>
   <div class='ocr_carea' id='block_1_32' title="bbox 314 1848 1890 1928">
    <p class='ocr_par' dir='ltr' id='par_1_32' title="bbox 314 1848 1890 1922">
     <span class='ocr_line' id='line_1_32' title="bbox 314 1848 1890 1922; baseline -0.001 -17"><span class='ocrx_word' id='word_1_196' title='bbox 314 1853 446 1916; x_wconf 81' lang='grc' dir='ltr'>νῶς·</span> <span class='ocrx_word' id='word_1_197' title='bbox 479 1852 580 1914; x_wconf 61' lang='lat' dir='ltr'><strong>ea;</strong></span> <span class='ocrx_word' id='word_1_198' title='bbox 623 1851 724 1921; x_wconf 85' lang='grc' dir='ltr'>μὲν</span> <span class='ocrx_word' id='word_1_199' title='bbox 753 1849 971 1914; x_wconf 77' lang='grc' dir='ltr'>ἐξόδους</span> <span class='ocrx_word' id='word_1_200' title='bbox 1003 1850 1105 1918; x_wconf 83' lang='grc' dir='ltr'>τῆς</span> <span class='ocrx_word' id='word_1_201' title='bbox 1140 1849 1319 1912; x_wconf 80' lang='grc' dir='ltr'>οἰκίας</span> <span class='ocrx_word' id='word_1_202' title='bbox 1354 1848 1766 1922; x_wconf 82' lang='grc' dir='ltr'><strong>φυλαττομένην</strong></span> <span class='ocrx_word' id='word_1_203' title='bbox 1801 1852 1890 1916; x_wconf 78' lang='grc' dir='ltr'>τὰς</span> 
     </span>
    </p>
   </div>
   <div class='ocr_carea' id='block_1_33' title="bbox 2004 1848 3595 1928">
    <p class='ocr_par' dir='ltr' id='par_1_33' title="bbox 2005 1851 3595 1928">
     <span class='ocr_line' id='line_1_33' title="bbox 2005 1851 3595 1928; baseline 0.007 -25"><span class='ocrx_word' id='word_1_204' title='bbox 2005 1864 2106 1903; x_wconf 92' lang='lat' dir='ltr'><strong>nec</strong></span> <span class='ocrx_word' id='word_1_205' title='bbox 2138 1864 2324 1904; x_wconf 89' lang='lat' dir='ltr'><strong>verum</strong></span> <span class='ocrx_word' id='word_1_206' title='bbox 2354 1851 2611 1920; x_wconf 85' lang='lat' dir='ltr'><strong>precibus</strong></span> <span class='ocrx_word' id='word_1_207' title='bbox 2644 1852 3234 1928; x_wconf 89' lang='lat' dir='ltr'><strong>ohsecrationibusque</strong></span> <span class='ocrx_word' id='word_1_208' title='bbox 3267 1858 3451 1914; x_wconf 87' lang='lat' dir='ltr'><strong>dedita</strong></span> <span class='ocrx_word' id='word_1_209' title='bbox 3477 1871 3595 1928; x_wconf 87' lang='lat' dir='ltr'><strong>est,</strong></span> 
     </span>
    </p>
   </div>
   <div class='ocr_carea' id='block_1_34' title="bbox 308 1936 1902 2015">
    <p class='ocr_par' dir='ltr' id='par_1_34' title="bbox 308 1936 1902 2015">
     <span class='ocr_line' id='line_1_34' title="bbox 308 1936 1902 2015; baseline 0 -19"><span class='ocrx_word' id='word_1_210' title='bbox 308 1943 537 2008; x_wconf 81' lang='grc' dir='ltr'>πολλὰς,</span> <span class='ocrx_word' id='word_1_211' title='bbox 583 1941 986 1996; x_wconf 80' lang='grc' dir='ltr'>ἀποκλείουσαν</span> <span class='ocrx_word' id='word_1_212' title='bbox 1019 1940 1094 2004; x_wconf 84' lang='grc' dir='ltr'>ὡς</span> <span class='ocrx_word' id='word_1_213' title='bbox 1133 1936 1246 1994; x_wconf 81' lang='grc' dir='ltr'>οἷόν</span> <span class='ocrx_word' id='word_1_214' title='bbox 1274 1957 1335 1994; x_wconf 88' lang='grc' dir='ltr'><strong>τε</strong></span> <span class='ocrx_word' id='word_1_215' title='bbox 1383 1941 1586 2013; x_wconf 74' lang='grc' dir='ltr'>ἑαυτὴν</span> <span class='ocrx_word' id='word_1_216' title='bbox 1613 1945 1714 2013; x_wconf 78' lang='grc' dir='ltr'><strong>τῆς</strong></span> <span class='ocrx_word' id='word_1_217' title='bbox 1764 1943 1902 2015; x_wconf 83' lang='grc' dir='ltr'>πρὸς</span> 
     </span>
    </p>
   </div>
   <div class='ocr_carea' id='block_1_35' title="bbox 308 2032 1901 2106">
    <p class='ocr_par' dir='ltr' id='par_1_35' title="bbox 308 2032 1901 2106">
     <span class='ocr_line' id='line_1_35' title="bbox 308 2032 1901 2106; baseline 0 -18"><span class='ocrx_word' id='word_1_218' title='bbox 308 2036 438 2099; x_wconf 80' lang='grc' dir='ltr'>τοὺς</span> <span class='ocrx_word' id='word_1_219' title='bbox 467 2035 529 2087; x_wconf 79' lang='grc' dir='ltr'>οὺ</span> <span class='ocrx_word' id='word_1_220' title='bbox 568 2034 952 2105; x_wconf 81' lang='grc' dir='ltr'>προσήκοντας</span> <span class='ocrx_word' id='word_1_221' title='bbox 982 2032 1326 2104; x_wconf 77' lang='grc' dir='ltr'><strong>προσόψεως,</strong></span> <span class='ocrx_word' id='word_1_222' title='bbox 1354 2033 1431 2097; x_wconf 86' lang='grc' dir='ltr'>ὡς</span> <span class='ocrx_word' id='word_1_223' title='bbox 1471 2034 1539 2086; x_wconf 82' lang='grc' dir='ltr'><strong>ἂν</strong></span> <span class='ocrx_word' id='word_1_224' title='bbox 1571 2035 1901 2106; x_wconf 81' lang='grc' dir='ltr'>προύργιαί-</span> 
     </span>
    </p>
   </div>
   <div class='ocr_carea' id='block_1_36' title="bbox 307 2125 1902 2198">
    <p class='ocr_par' dir='ltr' id='par_1_36' title="bbox 307 2125 1902 2198">
     <span class='ocr_line' id='line_1_36' title="bbox 307 2125 1902 2198; baseline 0.001 -19"><span class='ocrx_word' id='word_1_225' title='bbox 307 2143 471 2197; x_wconf 86' lang='grc' dir='ltr'>τερον</span> <span class='ocrx_word' id='word_1_226' title='bbox 518 2125 815 2196; x_wconf 75' lang='grc' dir='ltr'>τιθεμένην</span> <span class='ocrx_word' id='word_1_227' title='bbox 855 2126 954 2196; x_wconf 83' lang='grc' dir='ltr'><strong>τῆς</strong></span> <span class='ocrx_word' id='word_1_228' title='bbox 990 2125 1222 2196; x_wconf 81' lang='grc' dir='ltr'>ἀκαίρου</span> <span class='ocrx_word' id='word_1_229' title='bbox 1269 2125 1544 2196; x_wconf 83' lang='grc' dir='ltr'>φλυαρίας</span> <span class='ocrx_word' id='word_1_230' title='bbox 1581 2125 1681 2198; x_wconf 84' lang='grc' dir='ltr'>τὴν</span> <span class='ocrx_word' id='word_1_231' title='bbox 1718 2127 1902 2182; x_wconf 69' lang='grc' dir='ltr'>οἰκου-</span> 
     </span>
    </p>
   </div>
   <div class='ocr_carea' id='block_1_37' title="bbox 307 2211 456 2283">
    <p class='ocr_par' dir='ltr' id='par_1_37' title="bbox 307 2211 456 2283">
     <span class='ocr_line' id='line_1_37' title="bbox 307 2211 456 2283; baseline -0.013 -14"><span class='ocrx_word' id='word_1_232' title='bbox 307 2211 456 2283; x_wconf 67' lang='grc' dir='ltr'>ρθαν.</span> 
     </span>
    </p>
   </div>
   <div class='ocr_carea' id='block_1_38' title="bbox 304 2286 1896 2397">
    <p class='ocr_par' dir='ltr' id='par_1_38' title="bbox 304 2286 1896 2397">
     <span class='ocr_line' id='line_1_38' title="bbox 304 2286 1896 2397; baseline 0.001 -19"><span class='ocrx_word' id='word_1_233' title='bbox 304 2326 490 2397; x_wconf 70' lang='grc' dir='ltr'><strong>ΤΙΤΑ.</strong></span> <span class='ocrx_word' id='word_1_234' title='bbox 516 2325 620 2380; x_wconf 75' lang='grc' dir='ltr'><strong>ιΒο.</strong></span> <span class='ocrx_word' id='word_1_235' title='bbox 643 2356 712 2368; x_wconf 86' lang='grc'><strong><em>-</em></strong></span> <span class='ocrx_word' id='word_1_236' title='bbox 742 2325 882 2394; x_wconf 76' lang='grc' dir='ltr'>Περὶ</span> <span class='ocrx_word' id='word_1_237' title='bbox 915 2323 1220 2397; x_wconf 65' lang='grc' dir='ltr'>γυναικῷν</span> <span class='ocrx_word' id='word_1_238' title='bbox 1245 2286 1528 2397; x_wconf 61' lang='grc' dir='ltr'>πονηρῶν</span> <span class='ocrx_word' id='word_1_239' title='bbox 1557 2327 1658 2381; x_wconf 74' lang='grc' dir='ltr'>καὶ</span> <span class='ocrx_word' id='word_1_240' title='bbox 1679 2343 1896 2397; x_wconf 75' lang='grc' dir='ltr'>μοιχει-</span> 
     </span>
    </p>
   </div>
   <div class='ocr_carea' id='block_1_39' title="bbox 373 2394 1900 2465">
    <p class='ocr_par' dir='ltr' id='par_1_39' title="bbox 373 2394 1900 2465">
     <span class='ocr_line' id='line_1_39' title="bbox 373 2394 1900 2465; baseline 0.002 -16"><span class='ocrx_word' id='word_1_241' title='bbox 373 2396 588 2460; x_wconf 76' lang='grc' dir='ltr'>λίδων,</span> <span class='ocrx_word' id='word_1_242' title='bbox 651 2397 751 2450; x_wconf 77' lang='grc' dir='ltr'>καὶ</span> <span class='ocrx_word' id='word_1_243' title='bbox 799 2395 1257 2464; x_wconf 78' lang='grc' dir='ltr'>πορνευουσῶν,</span> <span class='ocrx_word' id='word_1_244' title='bbox 1292 2397 1394 2450; x_wconf 77' lang='grc' dir='ltr'>καὶ</span> <span class='ocrx_word' id='word_1_245' title='bbox 1428 2394 1637 2465; x_wconf 82' lang='grc' dir='ltr'>πάσης</span> <span class='ocrx_word' id='word_1_246' title='bbox 1681 2394 1900 2465; x_wconf 61' lang='grc' dir='ltr'>κακίας</span> 
     </span>
    </p>
   </div>
   <div class='ocr_carea' id='block_1_40' title="bbox 374 2465 885 2536">
    <p class='ocr_par' dir='ltr' id='par_1_40' title="bbox 374 2465 885 2536">
     <span class='ocr_line' id='line_1_40' title="bbox 374 2465 885 2536; baseline 0.004 -18"><span class='ocrx_word' id='word_1_247' title='bbox 374 2465 885 2536; x_wconf 79' lang='grc' dir='ltr'><strong>πεπληρωμένων.</strong></span> 
     </span>
    </p>
   </div>
   <div class='ocr_carea' id='block_1_41' title="bbox 380 2555 1895 2630">
    <p class='ocr_par' dir='ltr' id='par_1_41' title="bbox 380 2555 1895 2630">
     <span class='ocr_line' id='line_1_41' title="bbox 380 2555 1895 2630; baseline 0.001 -22"><span class='ocrx_word' id='word_1_248' title='bbox 380 2575 400 2608; x_wconf 74' lang='grc' dir='ltr'><strong>ι</strong></span> <span class='ocrx_word' id='word_1_249' title='bbox 452 2556 708 2624; x_wconf 82' lang='grc' dir='ltr'>Ἐγένετο</span> <span class='ocrx_word' id='word_1_250' title='bbox 755 2559 814 2610; x_wconf 87' lang='grc' dir='ltr'><strong>ἐν</strong></span> <span class='ocrx_word' id='word_1_251' title='bbox 865 2558 935 2628; x_wconf 82' lang='grc' dir='ltr'>τῇ</span> <span class='ocrx_word' id='word_1_252' title='bbox 965 2555 1153 2627; x_wconf 65' lang='grc' dir='ltr'>ἡμέρᾳ</span> <span class='ocrx_word' id='word_1_253' title='bbox 1197 2557 1265 2628; x_wconf 82' lang='grc' dir='ltr'>τῇ</span> <span class='ocrx_word' id='word_1_254' title='bbox 1323 2555 1550 2630; x_wconf 74' lang='grc' dir='ltr'>ἐϐδόμῃ,</span> <span class='ocrx_word' id='word_1_255' title='bbox 1585 2558 1895 2628; x_wconf 84' lang='grc' dir='ltr'>ἀπήγγειλε</span> 
     </span>
    </p>
   </div>
   <div class='ocr_carea' id='block_1_42' title="bbox 291 2647 1893 2720">
    <p class='ocr_par' dir='ltr' id='par_1_42' title="bbox 291 2647 1893 2720">
     <span class='ocr_line' id='line_1_42' title="bbox 291 2647 1893 2720; baseline 0.001 -20"><span class='ocrx_word' id='word_1_256' title='bbox 291 2649 546 2720; x_wconf 71' lang='grc' dir='ltr'>Σαμψὼν</span> <span class='ocrx_word' id='word_1_257' title='bbox 591 2653 658 2720; x_wconf 82' lang='grc' dir='ltr'>τῇ</span> <span class='ocrx_word' id='word_1_258' title='bbox 691 2647 941 2719; x_wconf 74' lang='grc' dir='ltr'>Δαλιδᾷά</span> <span class='ocrx_word' id='word_1_259' title='bbox 987 2648 1049 2701; x_wconf 82' lang='grc' dir='ltr'><strong>τὸ</strong></span> <span class='ocrx_word' id='word_1_260' title='bbox 1094 2648 1412 2719; x_wconf 77' lang='grc' dir='ltr'>πρόϐλημα,</span> <span class='ocrx_word' id='word_1_261' title='bbox 1445 2649 1529 2701; x_wconf 84' lang='grc' dir='ltr'>ὅτι</span> <span class='ocrx_word' id='word_1_262' title='bbox 1573 2648 1893 2719; x_wconf 84' lang='grc' dir='ltr'>ἐνώχλησεν</span> 
     </span>
    </p>
   </div>
   <div class='ocr_carea' id='block_1_43' title="bbox 285 2738 1894 2812">
    <p class='ocr_par' dir='ltr' id='par_1_43' title="bbox 285 2738 1894 2812">
     <span class='ocr_line' id='line_1_43' title="bbox 285 2738 1894 2812; baseline 0.004 -22"><span class='ocrx_word' id='word_1_263' title='bbox 285 2738 487 2792; x_wconf 81' lang='grc' dir='ltr'>αὐτόν.</span> <span class='ocrx_word' id='word_1_264' title='bbox 517 2740 628 2792; x_wconf 85' lang='lat' dir='ltr'><strong>Kal.</strong></span> <span class='ocrx_word' id='word_1_265' title='bbox 656 2738 950 2809; x_wconf 82' lang='grc' dir='ltr'>ἀνήγγειλε</span> <span class='ocrx_word' id='word_1_266' title='bbox 976 2740 1089 2800; x_wconf 76' lang='grc' dir='ltr'>τοῖς</span> <span class='ocrx_word' id='word_1_267' title='bbox 1115 2739 1251 2799; x_wconf 78' lang='grc' dir='ltr'>υἱοῖς</span> <span class='ocrx_word' id='word_1_268' title='bbox 1275 2739 1375 2791; x_wconf 89' lang='grc' dir='ltr'><strong>τοῦ</strong></span> <span class='ocrx_word' id='word_1_269' title='bbox 1400 2739 1535 2792; x_wconf 88' lang='grc' dir='ltr'>λαοῦ</span> <span class='ocrx_word' id='word_1_270' title='bbox 1563 2741 1757 2812; x_wconf 81' lang='grc' dir='ltr'>αὐτῆς.</span> <span class='ocrx_word' id='word_1_271' title='bbox 1784 2743 1894 2796; x_wconf 84' lang='lat' dir='ltr'><strong>Kal.</strong></span> 
     </span>
    </p>
   </div>
   <div class='ocr_carea' id='block_1_44' title="bbox 281 2828 1892 2906">
    <p class='ocr_par' dir='ltr' id='par_1_44' title="bbox 281 2828 1892 2906">
     <span class='ocr_line' id='line_1_44' title="bbox 281 2828 1892 2906; baseline 0.001 -22"><span class='ocrx_word' id='word_1_272' title='bbox 281 2828 466 2885; x_wconf 81' lang='grc' dir='ltr'>εἶπαν</span> <span class='ocrx_word' id='word_1_273' title='bbox 495 2830 645 2902; x_wconf 85' lang='grc' dir='ltr'>αὐτῷ</span> <span class='ocrx_word' id='word_1_274' title='bbox 678 2832 727 2884; x_wconf 80' lang='grc' dir='ltr'>οἱ</span> <span class='ocrx_word' id='word_1_275' title='bbox 778 2830 976 2901; x_wconf 83' lang='grc' dir='ltr'>ἀνδρες</span> <span class='ocrx_word' id='word_1_276' title='bbox 1020 2831 1122 2899; x_wconf 83' lang='grc' dir='ltr'>τῆς</span> <span class='ocrx_word' id='word_1_277' title='bbox 1149 2830 1367 2894; x_wconf 86' lang='grc' dir='ltr'>πόλεως</span> <span class='ocrx_word' id='word_1_278' title='bbox 1402 2832 1460 2884; x_wconf 86' lang='grc' dir='ltr'><strong>ἐν</strong></span> <span class='ocrx_word' id='word_1_279' title='bbox 1504 2834 1572 2903; x_wconf 81' lang='grc' dir='ltr'>τῇ</span> <span class='ocrx_word' id='word_1_280' title='bbox 1612 2834 1800 2905; x_wconf 80' lang='grc' dir='ltr'>ἡμέρᾳ</span> <span class='ocrx_word' id='word_1_281' title='bbox 1825 2838 1892 2906; x_wconf 84' lang='grc' dir='ltr'>τῇ</span> 
     </span>
    </p>
   </div>
   <div class='ocr_carea' id='block_1_45' title="bbox 278 2917 1894 2992">
    <p class='ocr_par' dir='ltr' id='par_1_45' title="bbox 278 2917 1894 2992">
     <span class='ocr_line' id='line_1_45' title="bbox 278 2917 1894 2992; baseline -0.001 -16"><span class='ocrx_word' id='word_1_282' title='bbox 278 2921 506 2992; x_wconf 78' lang='grc' dir='ltr'><strong>ἐϐδόμῃ</strong></span> <span class='ocrx_word' id='word_1_283' title='bbox 569 2920 676 2991; x_wconf 85' lang='grc' dir='ltr'><strong>πρὸ</strong></span> <span class='ocrx_word' id='word_1_284' title='bbox 729 2918 825 2973; x_wconf 87' lang='grc' dir='ltr'><strong>τοῦ</strong></span> <span class='ocrx_word' id='word_1_285' title='bbox 875 2919 1032 2974; x_wconf 87' lang='grc' dir='ltr'>δῦναι</span> <span class='ocrx_word' id='word_1_286' title='bbox 1065 2917 1157 2972; x_wconf 84' lang='grc' dir='ltr'>τὸν</span> <span class='ocrx_word' id='word_1_287' title='bbox 1200 2918 1383 2988; x_wconf 83' lang='grc' dir='ltr'>ἥλιον·</span> <span class='ocrx_word' id='word_1_288' title='bbox 1441 2918 1507 2971; x_wconf 92' lang='grc' dir='ltr'>Τί</span> <span class='ocrx_word' id='word_1_289' title='bbox 1557 2919 1894 2990; x_wconf 85' lang='grc' dir='ltr'>γλυκύτερον</span> 
     </span>
    </p>
   </div>
   <div class='ocr_carea' id='block_1_46' title="bbox 277 3007 1892 3084">
    <p class='ocr_par' dir='ltr' id='par_1_46' title="bbox 277 3007 1892 3084">
     <span class='ocr_line' id='line_1_46' title="bbox 277 3007 1892 3084; baseline 0 -17"><span class='ocrx_word' id='word_1_290' title='bbox 277 3013 542 3084; x_wconf 76' lang='grc' dir='ltr'>μέλιτος,</span> <span class='ocrx_word' id='word_1_291' title='bbox 577 3014 672 3067; x_wconf 78' lang='grc' dir='ltr'>καὶ</span> <span class='ocrx_word' id='word_1_292' title='bbox 701 3012 753 3066; x_wconf 90' lang='grc' dir='ltr'><strong>τί</strong></span> <span class='ocrx_word' id='word_1_293' title='bbox 785 3011 1135 3084; x_wconf 78' lang='grc' dir='ltr'>ἰσχυρότερον</span> <span class='ocrx_word' id='word_1_294' title='bbox 1165 3009 1421 3077; x_wconf 84' lang='grc' dir='ltr'>λέοντος;</span> <span class='ocrx_word' id='word_1_295' title='bbox 1459 3011 1572 3064; x_wconf 82' lang='lat' dir='ltr'><strong>Kal</strong></span> <span class='ocrx_word' id='word_1_296' title='bbox 1602 3007 1759 3065; x_wconf 80' lang='grc' dir='ltr'>εἶπεν</span> <span class='ocrx_word' id='word_1_297' title='bbox 1790 3014 1892 3067; x_wconf 83' lang='grc' dir='ltr'>αὐ·</span> 
     </span>
    </p>
   </div>
   <div class='ocr_carea' id='block_1_47' title="bbox 269 3103 1962 3222">
    <p class='ocr_par' dir='ltr' id='par_1_47' title="bbox 269 3103 1962 3222">
     <span class='ocr_line' id='line_1_47' title="bbox 269 3103 1962 3222; baseline 0.001 -63"><span class='ocrx_word' id='word_1_298' title='bbox 269 3108 408 3172; x_wconf 75' lang='grc' dir='ltr'>τοῖς</span> <span class='ocrx_word' id='word_1_299' title='bbox 439 3105 680 3177; x_wconf 80' lang='grc' dir='ltr'>Σαμψών</span> <span class='ocrx_word' id='word_1_300' title='bbox 703 3120 717 3135; x_wconf 87' lang='grc'><strong>·</strong></span> <span class='ocrx_word' id='word_1_301' title='bbox 755 3105 820 3159; x_wconf 86' lang='lat' dir='ltr'><strong>El</strong></span> <span class='ocrx_word' id='word_1_302' title='bbox 853 3104 930 3176; x_wconf 81' lang='grc' dir='ltr'>μὴ</span> <span class='ocrx_word' id='word_1_303' title='bbox 968 3103 1396 3222; x_wconf 59' lang='grc' dir='ltr'>κατεξαμάῗατέ</span> <span class='ocrx_word' id='word_1_304' title='bbox 1449 3121 1552 3173; x_wconf 88' lang='grc' dir='ltr'><strong>μου</strong></span> <span class='ocrx_word' id='word_1_305' title='bbox 1585 3104 1687 3173; x_wconf 86' lang='grc' dir='ltr'>τὴν</span> <span class='ocrx_word' id='word_1_306' title='bbox 1713 3105 1891 3176; x_wconf 82' lang='grc' dir='ltr'>δάμα-</span> <span class='ocrx_word' id='word_1_307' title='bbox 1918 3162 1962 3222; x_wconf 70' lang='lat' dir='ltr'>c</span> 
     </span>
    </p>
   </div>
   <div class='ocr_carea' id='block_1_48' title="bbox 265 3195 1506 3268">
    <p class='ocr_par' dir='ltr' id='par_1_48' title="bbox 265 3195 1506 3268">
     <span class='ocr_line' id='line_1_48' title="bbox 265 3195 1506 3268; baseline -0.006 -15"><span class='ocrx_word' id='word_1_308' title='bbox 265 3199 402 3267; x_wconf 87' lang='grc' dir='ltr'>λιν,</span> <span class='ocrx_word' id='word_1_309' title='bbox 425 3200 529 3253; x_wconf 84' lang='grc' dir='ltr'><strong>οὐκ</strong></span> <span class='ocrx_word' id='word_1_310' title='bbox 563 3199 631 3252; x_wconf 84' lang='grc' dir='ltr'><strong>ἂν</strong></span> <span class='ocrx_word' id='word_1_311' title='bbox 663 3197 870 3267; x_wconf 77' lang='grc' dir='ltr'>ἔγνωτε</span> <span class='ocrx_word' id='word_1_312' title='bbox 897 3197 960 3250; x_wconf 79' lang='grc' dir='ltr'>τὸ</span> <span class='ocrx_word' id='word_1_313' title='bbox 987 3195 1292 3268; x_wconf 77' lang='grc' dir='ltr'>πρόϐλημά</span> <span class='ocrx_word' id='word_1_314' title='bbox 1325 3213 1452 3267; x_wconf 88' lang='grc' dir='ltr'>μου.</span> <span class='ocrx_word' id='word_1_315' title='bbox 1487 3215 1506 3246; x_wconf 74' lang='grc' dir='ltr'><strong>ι</strong></span> 
     </span>
    </p>
   </div>
   <div class='ocr_carea' id='block_1_49' title="bbox 363 3285 1892 3360">
    <p class='ocr_par' dir='ltr' id='par_1_49' title="bbox 363 3285 1892 3360">
     <span class='ocr_line' id='line_1_49' title="bbox 363 3285 1892 3360; baseline -0.001 -17"><span class='ocrx_word' id='word_1_316' title='bbox 363 3309 389 3343; x_wconf 73' lang='grc' dir='ltr'>ι</span> <span class='ocrx_word' id='word_1_317' title='bbox 430 3285 571 3344; x_wconf 66' lang='lat' dir='ltr'><strong>Eius</strong></span> <span class='ocrx_word' id='word_1_318' title='bbox 601 3289 660 3342; x_wconf 79' lang='grc' dir='ltr'><strong>δὲ</strong></span> <span class='ocrx_word' id='word_1_319' title='bbox 696 3286 937 3360; x_wconf 79' lang='grc' dir='ltr'>Σαμψὼν</span> <span class='ocrx_word' id='word_1_320' title='bbox 965 3287 1196 3360; x_wconf 80' lang='grc' dir='ltr'>Δαλιδᾷ·</span> <span class='ocrx_word' id='word_1_321' title='bbox 1231 3286 1358 3351; x_wconf 83' lang='grc' dir='ltr'><strong>ΙΙῶς</strong></span> <span class='ocrx_word' id='word_1_322' title='bbox 1383 3286 1586 3357; x_wconf 78' lang='grc' dir='ltr'>λέγεις,</span> <span class='ocrx_word' id='word_1_323' title='bbox 1606 3287 1688 3340; x_wconf 84' lang='grc' dir='ltr'><strong>ὅτι</strong></span> <span class='ocrx_word' id='word_1_324' title='bbox 1721 3286 1892 3356; x_wconf 86' lang='grc' dir='ltr'><strong>Ἠγά-</strong></span> 
     </span>
    </p>
   </div>
   <div class='ocr_carea' id='block_1_50' title="bbox 264 3379 1888 3454">
    <p class='ocr_par' dir='ltr' id='par_1_50' title="bbox 264 3379 1888 3454">
     <span class='ocr_line' id='line_1_50' title="bbox 264 3379 1888 3454; baseline -0.009 -13"><span class='ocrx_word' id='word_1_325' title='bbox 264 3384 452 3454; x_wconf 68' lang='lat' dir='ltr'><strong>amata</strong></span> <span class='ocrx_word' id='word_1_326' title='bbox 486 3400 568 3451; x_wconf 79' lang='grc' dir='ltr'><strong>σε,</strong></span> <span class='ocrx_word' id='word_1_327' title='bbox 621 3381 718 3436; x_wconf 78' lang='grc' dir='ltr'>καὶ</span> <span class='ocrx_word' id='word_1_328' title='bbox 747 3383 782 3454; x_wconf 79' lang='grc' dir='ltr'><strong>ἡ</strong></span> <span class='ocrx_word' id='word_1_329' title='bbox 836 3381 1036 3453; x_wconf 88' lang='grc' dir='ltr'>καρδία</span> <span class='ocrx_word' id='word_1_330' title='bbox 1096 3397 1192 3432; x_wconf 91' lang='grc' dir='ltr'><strong>σου</strong></span> <span class='ocrx_word' id='word_1_331' title='bbox 1241 3381 1341 3433; x_wconf 86' lang='grc' dir='ltr'><strong>οὐκ</strong></span> <span class='ocrx_word' id='word_1_332' title='bbox 1376 3379 1494 3433; x_wconf 78' lang='grc' dir='ltr'>ἔστι</span> <span class='ocrx_word' id='word_1_333' title='bbox 1549 3380 1669 3450; x_wconf 87' lang='grc' dir='ltr'>μετ’</span> <span class='ocrx_word' id='word_1_334' title='bbox 1711 3381 1888 3451; x_wconf 83' lang='grc' dir='ltr'><strong>ἐμοῦ;</strong></span> 
     </span>
    </p>
   </div>
   <div class='ocr_carea' id='block_1_51' title="bbox 259 3472 1891 3546">
    <p class='ocr_par' dir='ltr' id='par_1_51' title="bbox 259 3472 1891 3546">
     <span class='ocr_line' id='line_1_51' title="bbox 259 3472 1891 3546; baseline -0.002 -15"><span class='ocrx_word' id='word_1_335' title='bbox 259 3475 453 3531; x_wconf 83' lang='grc' dir='ltr'>τοῦτο</span> <span class='ocrx_word' id='word_1_336' title='bbox 479 3475 666 3546; x_wconf 86' lang='grc' dir='ltr'>τρίτον</span> <span class='ocrx_word' id='word_1_337' title='bbox 693 3473 1010 3544; x_wconf 84' lang='grc' dir='ltr'>ἐπλάνησάς</span> <span class='ocrx_word' id='word_1_338' title='bbox 1043 3491 1131 3545; x_wconf 91' lang='grc' dir='ltr'><strong>με,</strong></span> <span class='ocrx_word' id='word_1_339' title='bbox 1167 3473 1263 3527; x_wconf 79' lang='grc' dir='ltr'><strong>καὶ</strong></span> <span class='ocrx_word' id='word_1_340' title='bbox 1295 3473 1398 3526; x_wconf 85' lang='grc' dir='ltr'><strong>οὐκ</strong></span> <span class='ocrx_word' id='word_1_341' title='bbox 1424 3472 1773 3544; x_wconf 81' lang='grc' dir='ltr'>ἀπήγγειλάς</span> <span class='ocrx_word' id='word_1_342' title='bbox 1799 3490 1891 3545; x_wconf 90' lang='grc' dir='ltr'><strong>μοι</strong></span> 
     </span>
    </p>
   </div>
   <div class='ocr_carea' id='block_1_52' title="bbox 256 3564 1892 3638">
    <p class='ocr_par' dir='ltr' id='par_1_52' title="bbox 256 3564 1892 3638">
     <span class='ocr_line' id='line_1_52' title="bbox 256 3564 1892 3638; baseline -0.004 -14"><span class='ocrx_word' id='word_1_343' title='bbox 256 3572 333 3624; x_wconf 76' lang='grc' dir='ltr'><strong>ἐν</strong></span> <span class='ocrx_word' id='word_1_344' title='bbox 371 3569 488 3622; x_wconf 86' lang='grc' dir='ltr'>τίνι</span> <span class='ocrx_word' id='word_1_345' title='bbox 514 3569 548 3638; x_wconf 78' lang='grc' dir='ltr'><strong>ἡ</strong></span> <span class='ocrx_word' id='word_1_346' title='bbox 584 3565 740 3638; x_wconf 71' lang='grc' dir='ltr'>ἰσχύς</span> <span class='ocrx_word' id='word_1_347' title='bbox 761 3583 855 3619; x_wconf 93' lang='grc' dir='ltr'><strong>σου</strong></span> <span class='ocrx_word' id='word_1_348' title='bbox 883 3566 916 3636; x_wconf 80' lang='grc' dir='ltr'><strong>ἡ</strong></span> <span class='ocrx_word' id='word_1_349' title='bbox 954 3564 1191 3636; x_wconf 85' lang='grc' dir='ltr'>μεγάλη.</span> <span class='ocrx_word' id='word_1_350' title='bbox 1227 3565 1340 3618; x_wconf 75' lang='grc' dir='ltr'><strong>Καὶ</strong></span> <span class='ocrx_word' id='word_1_351' title='bbox 1374 3564 1597 3633; x_wconf 88' lang='grc' dir='ltr'>ἐγένετο</span> <span class='ocrx_word' id='word_1_352' title='bbox 1631 3565 1721 3618; x_wconf 82' lang='grc' dir='ltr'>ὅτε</span> <span class='ocrx_word' id='word_1_353' title='bbox 1755 3582 1892 3619; x_wconf 89' lang='grc' dir='ltr'>κατ-</span> 
     </span>
    </p>
   </div>
   <div class='ocr_carea' id='block_1_53' title="bbox 255 3655 1890 3736">
    <p class='ocr_par' dir='ltr' id='par_1_53' title="bbox 255 3655 1890 3736">
     <span class='ocr_line' id='line_1_53' title="bbox 255 3655 1890 3736; baseline -0.004 -19"><span class='ocrx_word' id='word_1_354' title='bbox 255 3662 592 3736; x_wconf 81' lang='grc' dir='ltr'>ειργάσατο</span> <span class='ocrx_word' id='word_1_355' title='bbox 635 3659 800 3714; x_wconf 84' lang='grc' dir='ltr'>αὐτὸν</span> <span class='ocrx_word' id='word_1_356' title='bbox 845 3660 906 3712; x_wconf 83' lang='grc' dir='ltr'><strong>ἐν</strong></span> <span class='ocrx_word' id='word_1_357' title='bbox 951 3661 1069 3722; x_wconf 84' lang='grc' dir='ltr'>τοῖς</span> <span class='ocrx_word' id='word_1_358' title='bbox 1121 3657 1305 3727; x_wconf 82' lang='grc' dir='ltr'>λόγοις</span> <span class='ocrx_word' id='word_1_359' title='bbox 1348 3655 1523 3726; x_wconf 76' lang='grc' dir='ltr'>αὐτῆς</span> <span class='ocrx_word' id='word_1_360' title='bbox 1564 3657 1745 3721; x_wconf 84' lang='grc' dir='ltr'>πάσας</span> <span class='ocrx_word' id='word_1_361' title='bbox 1792 3657 1890 3722; x_wconf 87' lang='grc' dir='ltr'>τὰς</span> 
     </span>
    </p>
   </div>
   <div class='ocr_carea' id='block_1_54' title="bbox 253 3748 1890 3828">
    <p class='ocr_par' dir='ltr' id='par_1_54' title="bbox 253 3748 1890 3828">
     <span class='ocr_line' id='line_1_54' title="bbox 253 3748 1890 3828; baseline -0.002 -22"><span class='ocrx_word' id='word_1_362' title='bbox 253 3754 530 3828; x_wconf 79' lang='grc' dir='ltr'>ἡμέρας,</span> <span class='ocrx_word' id='word_1_363' title='bbox 553 3753 648 3806; x_wconf 76' lang='grc' dir='ltr'>καὶ</span> <span class='ocrx_word' id='word_1_364' title='bbox 668 3750 1110 3821; x_wconf 83' lang='grc' dir='ltr'>ἐστενοχώρησεν</span> <span class='ocrx_word' id='word_1_365' title='bbox 1134 3749 1320 3814; x_wconf 83' lang='grc' dir='ltr'>αὐτὸν,</span> <span class='ocrx_word' id='word_1_366' title='bbox 1348 3751 1445 3804; x_wconf 70' lang='grc' dir='ltr'><strong>καὶ</strong></span> <span class='ocrx_word' id='word_1_367' title='bbox 1473 3748 1890 3820; x_wconf 74' lang='grc' dir='ltr'>ὠλιγοψύχησεν</span> 
     </span>
    </p>
   </div>
   <div class='ocr_carea' id='block_1_55' title="bbox 251 3841 1892 3916">
    <p class='ocr_par' dir='ltr' id='par_1_55' title="bbox 251 3841 1892 3916">
     <span class='ocr_line' id='line_1_55' title="bbox 251 3841 1892 3916; baseline -0.002 -14"><span class='ocrx_word' id='word_1_368' title='bbox 251 3849 394 3910; x_wconf 74' lang='grc' dir='ltr'>ἕως</span> <span class='ocrx_word' id='word_1_369' title='bbox 417 3844 516 3897; x_wconf 91' lang='grc' dir='ltr'><strong>τοῦ</strong></span> <span class='ocrx_word' id='word_1_370' title='bbox 543 3843 860 3908; x_wconf 86' lang='grc' dir='ltr'>ἀποθανεῖν,</span> <span class='ocrx_word' id='word_1_371' title='bbox 889 3841 1232 3912; x_wconf 85' lang='grc' dir='ltr'>ἀπήγγειλεν</span> <span class='ocrx_word' id='word_1_372' title='bbox 1259 3841 1399 3914; x_wconf 81' lang='grc' dir='ltr'>αὐτῇ</span> <span class='ocrx_word' id='word_1_373' title='bbox 1425 3846 1608 3898; x_wconf 86' lang='grc' dir='ltr'>πᾶσαν</span> <span class='ocrx_word' id='word_1_374' title='bbox 1634 3845 1733 3915; x_wconf 86' lang='grc' dir='ltr'><strong>τὴν</strong></span> <span class='ocrx_word' id='word_1_375' title='bbox 1758 3861 1892 3916; x_wconf 85' lang='grc' dir='ltr'>καρ-</span> 
     </span>
    </p>
   </div>
   <div class='ocr_carea' id='block_1_56' title="bbox 249 3929 1889 4008">
    <p class='ocr_par' dir='ltr' id='par_1_56' title="bbox 249 3929 1889 4008">
     <span class='ocr_line' id='line_1_56' title="bbox 249 3929 1889 4008; baseline -0.004 -12"><span class='ocrx_word' id='word_1_376' title='bbox 249 3941 406 3996; x_wconf 82' lang='grc' dir='ltr'>δία-ν</span> <span class='ocrx_word' id='word_1_377' title='bbox 441 3936 633 4001; x_wconf 87' lang='grc' dir='ltr'>αὐτοῦ,</span> <span class='ocrx_word' id='word_1_378' title='bbox 665 3936 760 3991; x_wconf 77' lang='grc' dir='ltr'>καὶ</span> <span class='ocrx_word' id='word_1_379' title='bbox 792 3929 948 3987; x_wconf 76' lang='grc' dir='ltr'>εἷπεν</span> <span class='ocrx_word' id='word_1_380' title='bbox 980 3934 1120 4004; x_wconf 84' lang='grc' dir='ltr'>αὐτῇ</span> <span class='ocrx_word' id='word_1_381' title='bbox 1145 3950 1157 3964; x_wconf 83' lang='grc'><em>’</em></span> <span class='ocrx_word' id='word_1_382' title='bbox 1195 3935 1424 4005; x_wconf 85' lang='grc' dir='ltr'>Σίδηρος</span> <span class='ocrx_word' id='word_1_383' title='bbox 1455 3937 1556 3989; x_wconf 82' lang='grc' dir='ltr'><strong>οὐκ</strong></span> <span class='ocrx_word' id='word_1_384' title='bbox 1589 3936 1757 4008; x_wconf 77' lang='grc' dir='ltr'>ἀνέϐη</span> <span class='ocrx_word' id='word_1_385' title='bbox 1794 3937 1889 3990; x_wconf 82' lang='grc' dir='ltr'><strong>ἐπὶ</strong></span> 
     </span>
    </p>
   </div>
   <div class='ocr_carea' id='block_1_57' title="bbox 249 4024 1888 4103">
    <p class='ocr_par' dir='ltr' id='par_1_57' title="bbox 249 4024 1888 4103">
     <span class='ocr_line' id='line_1_57' title="bbox 249 4024 1888 4103; baseline -0.001 -21"><span class='ocrx_word' id='word_1_386' title='bbox 249 4033 386 4103; x_wconf 72' lang='grc' dir='ltr'>τὴν</span> <span class='ocrx_word' id='word_1_387' title='bbox 431 4027 682 4096; x_wconf 85' lang='grc' dir='ltr'>κεφαλήν</span> <span class='ocrx_word' id='word_1_388' title='bbox 733 4043 861 4096; x_wconf 88' lang='grc' dir='ltr'>μου,</span> <span class='ocrx_word' id='word_1_389' title='bbox 932 4024 1015 4078; x_wconf 79' lang='grc' dir='ltr'>ὅτι</span> <span class='ocrx_word' id='word_1_390' title='bbox 1065 4025 1369 4095; x_wconf 81' lang='grc' dir='ltr'>Ναζιραῖος</span> <span class='ocrx_word' id='word_1_391' title='bbox 1411 4027 1550 4080; x_wconf 86' lang='grc' dir='ltr'>Θεοῦ</span> <span class='ocrx_word' id='word_1_392' title='bbox 1607 4029 1722 4096; x_wconf 78' lang='grc' dir='ltr'>εἰμι</span> <span class='ocrx_word' id='word_1_393' title='bbox 1777 4028 1888 4081; x_wconf 81' lang='grc' dir='ltr'><strong>ἀπὸ</strong></span> 
     </span>
    </p>
   </div>
   <div class='ocr_carea' id='block_1_58' title="bbox 249 4111 1888 4191">
    <p class='ocr_par' dir='ltr' id='par_1_58' title="bbox 249 4111 1888 4191">
     <span class='ocr_line' id='line_1_58' title="bbox 249 4111 1888 4191; baseline -0.009 -16"><span class='ocrx_word' id='word_1_394' title='bbox 249 4119 502 4181; x_wconf 82' lang='grc' dir='ltr'>κοιλίας</span> <span class='ocrx_word' id='word_1_395' title='bbox 556 4117 766 4190; x_wconf 86' lang='grc' dir='ltr'>μητρός</span> <span class='ocrx_word' id='word_1_396' title='bbox 797 4133 923 4187; x_wconf 83' lang='grc' dir='ltr'>μου.</span> <span class='ocrx_word' id='word_1_397' title='bbox 973 4117 1104 4170; x_wconf 84' lang='grc' dir='ltr'><strong>Ἐὰν</strong></span> <span class='ocrx_word' id='word_1_398' title='bbox 1135 4111 1230 4170; x_wconf 87' lang='grc' dir='ltr'><strong>οὖν</strong></span> <span class='ocrx_word' id='word_1_399' title='bbox 1264 4116 1610 4189; x_wconf 82' lang='grc' dir='ltr'>ξυρὴσωμαι,</span> <span class='ocrx_word' id='word_1_400' title='bbox 1644 4121 1888 4191; x_wconf 77' lang='grc' dir='ltr'>ἀποστή-</span> 
     </span>
    </p>
   </div>
   <div class='ocr_carea' id='block_1_59' title="bbox 251 4207 1886 4280">
    <p class='ocr_par' dir='ltr' id='par_1_59' title="bbox 251 4207 1886 4280">
     <span class='ocr_line' id='line_1_59' title="bbox 251 4207 1886 4280; baseline -0.003 -12"><span class='ocrx_word' id='word_1_401' title='bbox 251 4228 447 4269; x_wconf 85' lang='grc' dir='ltr'>σεται</span> <span class='ocrx_word' id='word_1_402' title='bbox 501 4209 596 4264; x_wconf 88' lang='grc' dir='ltr'>ἀπ’</span> <span class='ocrx_word' id='word_1_403' title='bbox 649 4207 787 4280; x_wconf 83' lang='grc' dir='ltr'>ἐμοῦ</span> <span class='ocrx_word' id='word_1_404' title='bbox 827 4210 864 4279; x_wconf 76' lang='grc' dir='ltr'><strong>ἡ</strong></span> <span class='ocrx_word' id='word_1_405' title='bbox 905 4207 1062 4279; x_wconf 77' lang='grc' dir='ltr'>ἰσχύς</span> <span class='ocrx_word' id='word_1_406' title='bbox 1121 4225 1246 4278; x_wconf 86' lang='grc' dir='ltr'>μου,</span> <span class='ocrx_word' id='word_1_407' title='bbox 1287 4207 1382 4260; x_wconf 72' lang='grc' dir='ltr'><strong>καὶ</strong></span> <span class='ocrx_word' id='word_1_408' title='bbox 1414 4207 1743 4279; x_wconf 84' lang='grc' dir='ltr'>ἀσθενήσω,</span> <span class='ocrx_word' id='word_1_409' title='bbox 1789 4210 1886 4263; x_wconf 76' lang='grc' dir='ltr'><strong>καὶ</strong></span> 
     </span>
    </p>
   </div>
   <div class='ocr_carea' id='block_1_60' title="bbox 245 4296 1883 4374">
    <p class='ocr_par' dir='ltr' id='par_1_60' title="bbox 245 4296 1883 4374">
     <span class='ocr_line' id='line_1_60' title="bbox 245 4296 1883 4374; baseline -0.003 -14"><span class='ocrx_word' id='word_1_410' title='bbox 245 4307 486 4374; x_wconf 78' lang='grc' dir='ltr'>ἔσομαι</span> <span class='ocrx_word' id='word_1_411' title='bbox 537 4301 613 4364; x_wconf 84' lang='grc' dir='ltr'>ὡς</span> <span class='ocrx_word' id='word_1_412' title='bbox 666 4300 869 4363; x_wconf 83' lang='grc' dir='ltr'>πάντες</span> <span class='ocrx_word' id='word_1_413' title='bbox 923 4298 1226 4371; x_wconf 78' lang='grc' dir='ltr'>ἄνθρωποι.</span> <span class='ocrx_word' id='word_1_414' title='bbox 1264 4299 1374 4352; x_wconf 89' lang='lat' dir='ltr'><strong>Kal</strong></span> <span class='ocrx_word' id='word_1_415' title='bbox 1406 4296 1515 4353; x_wconf 80' lang='grc' dir='ltr'>εἶδε</span> <span class='ocrx_word' id='word_1_416' title='bbox 1556 4301 1754 4354; x_wconf 85' lang='grc' dir='ltr'>Δαλιδά</span> <span class='ocrx_word' id='word_1_417' title='bbox 1800 4302 1883 4356; x_wconf 81' lang='grc' dir='ltr'>ὅτι</span> 
     </span>
    </p>
   </div>
   <div class='ocr_carea' id='block_1_61' title="bbox 246 4393 1882 4466">
    <p class='ocr_par' dir='ltr' id='par_1_61' title="bbox 246 4393 1882 4466">
     <span class='ocr_line' id='line_1_61' title="bbox 246 4393 1882 4466; baseline -0.001 -18"><span class='ocrx_word' id='word_1_418' title='bbox 246 4394 630 4466; x_wconf 80' lang='grc' dir='ltr'>ἀπήγγειλεν</span> <span class='ocrx_word' id='word_1_419' title='bbox 677 4393 816 4464; x_wconf 79' lang='grc' dir='ltr'>αὐτῇ</span> <span class='ocrx_word' id='word_1_420' title='bbox 871 4393 1052 4446; x_wconf 78' lang='grc' dir='ltr'>πᾶσαν</span> <span class='ocrx_word' id='word_1_421' title='bbox 1097 4393 1198 4463; x_wconf 81' lang='grc' dir='ltr'><strong>τὴν</strong></span> <span class='ocrx_word' id='word_1_422' title='bbox 1246 4393 1478 4465; x_wconf 83' lang='grc' dir='ltr'>καρδίαν</span> <span class='ocrx_word' id='word_1_423' title='bbox 1529 4394 1735 4460; x_wconf 82' lang='grc' dir='ltr'>αὐτοῦ,</span> <span class='ocrx_word' id='word_1_424' title='bbox 1783 4394 1882 4447; x_wconf 77' lang='grc' dir='ltr'>καὶ</span> 
     </span>
    </p>
   </div>
   <div class='ocr_carea' id='block_1_62' title="bbox 2002 1940 3595 2019">
    <p class='ocr_par' dir='ltr' id='par_1_62' title="bbox 2002 1940 3595 2019">
     <span class='ocr_line' id='line_1_62' title="bbox 2002 1940 3595 2019; baseline 0.008 -24"><span class='ocrx_word' id='word_1_425' title='bbox 2002 1948 2056 1995; x_wconf 87' lang='grc' dir='ltr'><strong>ει</strong></span> <span class='ocrx_word' id='word_1_426' title='bbox 2087 1940 2282 1995; x_wconf 90' lang='lat' dir='ltr'><strong>crebro</strong></span> <span class='ocrx_word' id='word_1_427' title='bbox 2311 1942 2495 2011; x_wconf 81' lang='lat' dir='ltr'><strong>egredi</strong></span> <span class='ocrx_word' id='word_1_428' title='bbox 2525 1941 2689 1999; x_wconf 91' lang='lat' dir='ltr'><strong>domo</strong></span> <span class='ocrx_word' id='word_1_429' title='bbox 2726 1955 2916 2012; x_wconf 83' lang='lat' dir='ltr'><strong>cavet,</strong></span> <span class='ocrx_word' id='word_1_430' title='bbox 2956 1961 3220 2017; x_wconf 83' lang='lat' dir='ltr'><strong>seseque,</strong></span> <span class='ocrx_word' id='word_1_431' title='bbox 3261 1952 3440 2019; x_wconf 85' lang='lat' dir='ltr'><strong>quoad</strong></span> <span class='ocrx_word' id='word_1_432' title='bbox 3475 1953 3595 2007; x_wconf 82' lang='lat' dir='ltr'><strong>fieri</strong></span> 
     </span>
    </p>
   </div>
   <div class='ocr_carea' id='block_1_63' title="bbox 2001 2032 3592 2111">
    <p class='ocr_par' dir='ltr' id='par_1_63' title="bbox 2001 2032 3592 2111">
     <span class='ocr_line' id='line_1_63' title="bbox 2001 2032 3592 2111; baseline 0.009 -27"><span class='ocrx_word' id='word_1_433' title='bbox 2001 2039 2217 2100; x_wconf 89' lang='lat' dir='ltr'><strong>potest,</strong></span> <span class='ocrx_word' id='word_1_434' title='bbox 2249 2032 2318 2087; x_wconf 90' lang='lat' dir='ltr'><strong>ab</strong></span> <span class='ocrx_word' id='word_1_435' title='bbox 2341 2047 2530 2086; x_wconf 91' lang='lat' dir='ltr'><strong>eorum</strong></span> <span class='ocrx_word' id='word_1_436' title='bbox 2557 2034 2881 2104; x_wconf 87' lang='lat' dir='ltr'><strong>quibuscum</strong></span> <span class='ocrx_word' id='word_1_437' title='bbox 2910 2038 3045 2092; x_wconf 89' lang='lat' dir='ltr'><strong>nihil</strong></span> <span class='ocrx_word' id='word_1_438' title='bbox 3075 2040 3180 2094; x_wconf 86' lang='lat' dir='ltr'><strong>sibi</strong></span> <span class='ocrx_word' id='word_1_439' title='bbox 3213 2055 3416 2111; x_wconf 89' lang='lat' dir='ltr'><strong>genere</strong></span> <span class='ocrx_word' id='word_1_440' title='bbox 3443 2059 3592 2098; x_wconf 63' lang='lat' dir='ltr'><strong>com-</strong></span> 
     </span>
    </p>
   </div>
   <div class='ocr_carea' id='block_1_64' title="bbox 2003 2123 3586 2204">
    <p class='ocr_par' dir='ltr' id='par_1_64' title="bbox 2003 2123 3586 2204">
     <span class='ocr_line' id='line_1_64' title="bbox 2003 2123 3586 2204; baseline 0.011 -29"><span class='ocrx_word' id='word_1_441' title='bbox 2003 2137 2170 2177; x_wconf 90' lang='lat' dir='ltr'><strong>mune</strong></span> <span class='ocrx_word' id='word_1_442' title='bbox 2213 2132 2335 2188; x_wconf 90' lang='lat' dir='ltr'><strong>est,</strong></span> <span class='ocrx_word' id='word_1_443' title='bbox 2385 2123 2628 2179; x_wconf 81' lang='lat' dir='ltr'><strong>excludit</strong></span> <span class='ocrx_word' id='word_1_444' title='bbox 2671 2136 2984 2198; x_wconf 88' lang='lat' dir='ltr'><strong>conspetu:</strong></span> <span class='ocrx_word' id='word_1_445' title='bbox 3042 2139 3102 2184; x_wconf 90' lang='lat' dir='ltr'><strong>ut</strong></span> <span class='ocrx_word' id='word_1_446' title='bbox 3131 2147 3254 2201; x_wconf 72' lang='lat' dir='ltr'><strong>qua:</strong></span> <span class='ocrx_word' id='word_1_447' title='bbox 3302 2134 3586 2204; x_wconf 83' lang='lat' dir='ltr'><strong>antiquius</strong></span> 
     </span>
    </p>
   </div>
   <div class='ocr_carea' id='block_1_65' title="bbox 2001 2212 3517 2295">
    <p class='ocr_par' dir='ltr' id='par_1_65' title="bbox 2001 2212 3517 2295">
     <span class='ocr_line' id='line_1_65' title="bbox 2001 2212 3517 2295; baseline 0.009 -29"><span class='ocrx_word' id='word_1_448' title='bbox 2001 2212 2204 2269; x_wconf 88' lang='lat' dir='ltr'><strong>habeat</strong></span> <span class='ocrx_word' id='word_1_449' title='bbox 2235 2213 2384 2269; x_wconf 89' lang='lat' dir='ltr'><strong>domi</strong></span> <span class='ocrx_word' id='word_1_450' title='bbox 2414 2213 2638 2281; x_wconf 90' lang='lat' dir='ltr'><strong>sedere,</strong></span> <span class='ocrx_word' id='word_1_451' title='bbox 2668 2231 2835 2287; x_wconf 90' lang='lat' dir='ltr'><strong>quam</strong></span> <span class='ocrx_word' id='word_1_452' title='bbox 2874 2218 3263 2291; x_wconf 73' lang='lat' dir='ltr'><strong>intempestive</strong></span> <span class='ocrx_word' id='word_1_453' title='bbox 3294 2226 3517 2295; x_wconf 82' lang='lat' dir='ltr'><strong>nugari.</strong></span> 
     </span>
    </p>
   </div>
   <div class='ocr_carea' id='block_1_66' title="bbox 2001 2319 3592 2410">
    <p class='ocr_par' dir='ltr' id='par_1_66' title="bbox 2001 2319 3592 2410">
     <span class='ocr_line' id='line_1_66' title="bbox 2001 2319 3592 2410; baseline 0.01 -30"><span class='ocrx_word' id='word_1_454' title='bbox 2001 2324 2128 2382; x_wconf 85' lang='grc' dir='ltr'><strong>ΤΙΤ,</strong></span> <span class='ocrx_word' id='word_1_455' title='bbox 2395 2327 2472 2383; x_wconf 87' lang='lat' dir='ltr'><strong>De</strong></span> <span class='ocrx_word' id='word_1_456' title='bbox 2518 2329 2834 2410; x_wconf 55' lang='lat' dir='ltr'><strong>mulieribus</strong></span> <span class='ocrx_word' id='word_1_457' title='bbox 2880 2333 3042 2387; x_wconf 81' lang='lat' dir='ltr'><strong>malis</strong></span> <span class='ocrx_word' id='word_1_458' title='bbox 3064 2376 3078 2400; x_wconf 92' lang='lat'><strong>,</strong></span> <span class='ocrx_word' id='word_1_459' title='bbox 3113 2337 3509 2410; x_wconf 81' lang='lat' dir='ltr'><strong>adulterisque,</strong></span> <span class='ocrx_word' id='word_1_460' title='bbox 3541 2352 3592 2396; x_wconf 83' lang='lat' dir='ltr'><strong>et</strong></span> 
     </span>
    </p>
   </div>
   <div class='ocr_carea' id='block_1_67' title="bbox 2034 2399 3554 2474">
    <p class='ocr_par' dir='ltr' id='par_1_67' title="bbox 2034 2399 3554 2474">
     <span class='ocr_line' id='line_1_67' title="bbox 2034 2399 3554 2474; baseline 0.011 -26"><span class='ocrx_word' id='word_1_461' title='bbox 2034 2399 2340 2466; x_wconf 79' lang='lat' dir='ltr'><strong>prostitutis</strong></span> <span class='ocrx_word' id='word_1_462' title='bbox 2367 2437 2381 2465; x_wconf 91' lang='lat'><strong>,</strong></span> <span class='ocrx_word' id='word_1_463' title='bbox 2424 2401 2672 2471; x_wconf 82' lang='lat' dir='ltr'><strong>omnique</strong></span> <span class='ocrx_word' id='word_1_464' title='bbox 2703 2403 2956 2458; x_wconf 81' lang='lat' dir='ltr'><strong>vitiorum</strong></span> <span class='ocrx_word' id='word_1_465' title='bbox 2984 2422 3170 2474; x_wconf 82' lang='lat' dir='ltr'><strong>genere</strong></span> <span class='ocrx_word' id='word_1_466' title='bbox 3209 2399 3554 2466; x_wconf 58' lang='lat' dir='ltr'><strong>scatert&#39;tibus.</strong></span> 
     </span>
    </p>
   </div>
   <div class='ocr_carea' id='block_1_68' title="bbox 2071 2555 3591 2635">
    <p class='ocr_par' dir='ltr' id='par_1_68' title="bbox 2071 2555 3591 2635">
     <span class='ocr_line' id='line_1_68' title="bbox 2071 2555 3591 2635; baseline 0.011 -27"><span class='ocrx_word' id='word_1_467' title='bbox 2071 2555 2252 2610; x_wconf 80' lang='lat' dir='ltr'><strong>Iudic.</strong></span> <span class='ocrx_word' id='word_1_468' title='bbox 2289 2573 2401 2624; x_wconf 69' lang='lat' dir='ltr'><strong>xxv,</strong></span> <span class='ocrx_word' id='word_1_469' title='bbox 2441 2558 2633 2612; x_wconf 76' lang='lat' dir='ltr'><strong>l7.-—-¢</strong></span> <span class='ocrx_word' id='word_1_470' title='bbox 2668 2559 2733 2613; x_wconf 86' lang='lat' dir='ltr'><strong>Et</strong></span> <span class='ocrx_word' id='word_1_471' title='bbox 2767 2561 2971 2617; x_wconf 87' lang='lat' dir='ltr'><strong>factum</strong></span> <span class='ocrx_word' id='word_1_472' title='bbox 2999 2574 3080 2619; x_wconf 88' lang='lat' dir='ltr'><strong>est</strong></span> <span class='ocrx_word' id='word_1_473' title='bbox 3106 2564 3192 2621; x_wconf 89' lang='lat' dir='ltr'><strong>die</strong></span> <span class='ocrx_word' id='word_1_474' title='bbox 3223 2567 3457 2635; x_wconf 88' lang='lat' dir='ltr'><strong>septimo</strong></span> <span class='ocrx_word' id='word_1_475' title='bbox 3492 2585 3591 2624; x_wconf 83' lang='lat' dir='ltr'><strong>an-</strong></span> 
     </span>
    </p>
   </div>
   <div class='ocr_carea' id='block_1_69' title="bbox 1997 2648 3591 2727">
    <p class='ocr_par' dir='ltr' id='par_1_69' title="bbox 1997 2648 3591 2727">
     <span class='ocr_line' id='line_1_69' title="bbox 1997 2648 3591 2727; baseline 0.012 -26"><span class='ocrx_word' id='word_1_476' title='bbox 1997 2648 2274 2703; x_wconf 83' lang='lat' dir='ltr'><strong>nuntiavit</strong></span> <span class='ocrx_word' id='word_1_477' title='bbox 2309 2651 2588 2719; x_wconf 87' lang='lat' dir='ltr'><strong>prohlcma</strong></span> <span class='ocrx_word' id='word_1_478' title='bbox 2629 2652 2845 2722; x_wconf 83' lang='lat' dir='ltr'><strong>Dalilae,</strong></span> <span class='ocrx_word' id='word_1_479' title='bbox 2894 2671 2958 2710; x_wconf 88' lang='lat' dir='ltr'><strong>eo</strong></span> <span class='ocrx_word' id='word_1_480' title='bbox 3003 2659 3147 2727; x_wconf 89' lang='lat' dir='ltr'><strong>quod</strong></span> <span class='ocrx_word' id='word_1_481' title='bbox 3185 2662 3415 2716; x_wconf 85' lang='lat' dir='ltr'><strong>molesta</strong></span> <span class='ocrx_word' id='word_1_482' title='bbox 3446 2675 3591 2720; x_wconf 83' lang='lat' dir='ltr'><strong>esset</strong></span> 
     </span>
    </p>
   </div>
   <div class='ocr_carea' id='block_1_70' title="bbox 1997 2740 3587 2817">
    <p class='ocr_par' dir='ltr' id='par_1_70' title="bbox 1997 2740 3587 2817">
     <span class='ocr_line' id='line_1_70' title="bbox 1997 2740 3587 2817; baseline 0.011 -24"><span class='ocrx_word' id='word_1_483' title='bbox 1997 2740 2076 2794; x_wconf 66' lang='lat' dir='ltr'><strong>ei;</strong></span> <span class='ocrx_word' id='word_1_484' title='bbox 2108 2740 2238 2806; x_wconf 71' lang='lat' dir='ltr'><strong>Qua:</strong></span> <span class='ocrx_word' id='word_1_485' title='bbox 2273 2743 2532 2799; x_wconf 88' lang='lat' dir='ltr'><strong>indicavit</strong></span> <span class='ocrx_word' id='word_1_486' title='bbox 2584 2745 2710 2801; x_wconf 85' lang='lat' dir='ltr'><strong>filiis</strong></span> <span class='ocrx_word' id='word_1_487' title='bbox 2759 2749 2946 2817; x_wconf 89' lang='lat' dir='ltr'><strong>populi</strong></span> <span class='ocrx_word' id='word_1_488' title='bbox 2983 2751 3088 2805; x_wconf 89' lang='lat' dir='ltr'><strong>sui.</strong></span> <span class='ocrx_word' id='word_1_489' title='bbox 3144 2751 3213 2806; x_wconf 93' lang='lat' dir='ltr'><strong>Et</strong></span> <span class='ocrx_word' id='word_1_490' title='bbox 3243 2753 3506 2809; x_wconf 75' lang='lat' dir='ltr'><strong>dixerunt</strong></span> <span class='ocrx_word' id='word_1_491' title='bbox 3537 2759 3587 2812; x_wconf 89' lang='lat' dir='ltr'><strong>ei</strong></span> 
     </span>
    </p>
   </div>
   <div class='ocr_carea' id='block_1_71' title="bbox 1995 2829 3588 2913">
    <p class='ocr_par' dir='ltr' id='par_1_71' title="bbox 1995 2829 3588 2913">
     <span class='ocr_line' id='line_1_71' title="bbox 1995 2829 3588 2913; baseline 0.012 -30"><span class='ocrx_word' id='word_1_492' title='bbox 1995 2829 2100 2884; x_wconf 89' lang='lat' dir='ltr'><strong>viri</strong></span> <span class='ocrx_word' id='word_1_493' title='bbox 2130 2832 2368 2887; x_wconf 85' lang='lat' dir='ltr'><strong>civitatis</strong></span> <span class='ocrx_word' id='word_1_494' title='bbox 2391 2833 2480 2889; x_wconf 88' lang='lat' dir='ltr'><strong>die</strong></span> <span class='ocrx_word' id='word_1_495' title='bbox 2509 2836 2742 2904; x_wconf 73' lang='lat' dir='ltr'><strong>septimo</strong></span> <span class='ocrx_word' id='word_1_496' title='bbox 2769 2847 2896 2892; x_wconf 88' lang='lat' dir='ltr'><strong>aute</strong></span> <span class='ocrx_word' id='word_1_497' title='bbox 2925 2839 3060 2894; x_wconf 91' lang='lat' dir='ltr'><strong>solis</strong></span> <span class='ocrx_word' id='word_1_498' title='bbox 3115 2857 3372 2899; x_wconf 84' lang='lat' dir='ltr'><strong>occasum</strong></span> <span class='ocrx_word' id='word_1_499' title='bbox 3403 2865 3415 2900; x_wconf 91' lang='lat'>:</span> <span class='ocrx_word' id='word_1_500' title='bbox 3447 2847 3588 2913; x_wconf 85' lang='lat' dir='ltr'><strong>Quid</strong></span> 
     </span>
    </p>
   </div>
   <div class='ocr_carea' id='block_1_72' title="bbox 1997 2919 3591 2994">
    <p class='ocr_par' dir='ltr' id='par_1_72' title="bbox 1997 2919 3591 2994">
     <span class='ocr_line' id='line_1_72' title="bbox 1997 2919 3591 2994; baseline 0.011 -20"><span class='ocrx_word' id='word_1_501' title='bbox 1997 2919 2219 2974; x_wconf 91' lang='lat' dir='ltr'><strong>dulcius</strong></span> <span class='ocrx_word' id='word_1_502' title='bbox 2249 2924 2436 2986; x_wconf 83' lang='lat' dir='ltr'><strong>melle,</strong></span> <span class='ocrx_word' id='word_1_503' title='bbox 2471 2932 2525 2977; x_wconf 87' lang='lat' dir='ltr'><strong>et</strong></span> <span class='ocrx_word' id='word_1_504' title='bbox 2555 2926 2681 2994; x_wconf 90' lang='lat' dir='ltr'><strong>quid</strong></span> <span class='ocrx_word' id='word_1_505' title='bbox 2738 2926 2940 2982; x_wconf 85' lang='lat' dir='ltr'><strong>fortius</strong></span> <span class='ocrx_word' id='word_1_506' title='bbox 2988 2931 3190 2986; x_wconf 89' lang='lat' dir='ltr'><strong>leone?</strong></span> <span class='ocrx_word' id='word_1_507' title='bbox 3234 2927 3307 2984; x_wconf 62' lang='lat' dir='ltr'><strong>Et</strong></span> <span class='ocrx_word' id='word_1_508' title='bbox 3336 2928 3472 2984; x_wconf 72' lang='lat' dir='ltr'><strong>dixit</strong></span> <span class='ocrx_word' id='word_1_509' title='bbox 3509 2939 3591 2992; x_wconf 89' lang='lat' dir='ltr'><strong>eis</strong></span> 
     </span>
    </p>
   </div>
   <div class='ocr_carea' id='block_1_73' title="bbox 2000 3007 3586 3096">
    <p class='ocr_par' dir='ltr' id='par_1_73' title="bbox 2000 3007 3586 3096">
     <span class='ocr_line' id='line_1_73' title="bbox 2000 3007 3586 3096; baseline 0.013 -35"><span class='ocrx_word' id='word_1_510' title='bbox 2000 3007 2235 3066; x_wconf 85' lang='lat' dir='ltr'><strong>Samson</strong></span> <span class='ocrx_word' id='word_1_511' title='bbox 2262 3029 2275 3065; x_wconf 93' lang='lat'><strong>:</strong></span> <span class='ocrx_word' id='word_1_512' title='bbox 2305 3010 2471 3082; x_wconf 65' lang='grc'><strong>409</strong></span> <span class='ocrx_word' id='word_1_513' title='bbox 2495 3012 2553 3066; x_wconf 91' lang='lat' dir='ltr'><strong>Si</strong></span> <span class='ocrx_word' id='word_1_514' title='bbox 2591 3031 2701 3068; x_wconf 89' lang='lat' dir='ltr'><strong>non</strong></span> <span class='ocrx_word' id='word_1_515' title='bbox 2732 3016 3097 3087; x_wconf 85' lang='lat' dir='ltr'><strong>subegissctis</strong></span> <span class='ocrx_word' id='word_1_516' title='bbox 3124 3021 3352 3078; x_wconf 84' lang='lat' dir='ltr'><strong>vitulam</strong></span> <span class='ocrx_word' id='word_1_517' title='bbox 3377 3040 3552 3081; x_wconf 84' lang='lat' dir='ltr'><strong>meam</strong></span> <span class='ocrx_word' id='word_1_518' title='bbox 3571 3070 3586 3096; x_wconf 89' lang='lat'><strong>,</strong></span> 
     </span>
    </p>
   </div>
   <div class='ocr_carea' id='block_1_74' title="bbox 1997 3104 3088 3176">
    <p class='ocr_par' dir='ltr' id='par_1_74' title="bbox 1997 3104 3088 3176">
     <span class='ocr_line' id='line_1_74' title="bbox 1997 3104 3088 3176; baseline 0.007 -21"><span class='ocrx_word' id='word_1_519' title='bbox 1997 3116 2106 3156; x_wconf 90' lang='lat' dir='ltr'><strong>non</strong></span> <span class='ocrx_word' id='word_1_520' title='bbox 2139 3104 2490 3160; x_wconf 77' lang='lat' dir='ltr'><strong>iuvenissetis</strong></span> <span class='ocrx_word' id='word_1_521' title='bbox 2521 3107 2806 3176; x_wconf 84' lang='lat' dir='ltr'><strong>problema</strong></span> <span class='ocrx_word' id='word_1_522' title='bbox 2834 3125 3038 3165; x_wconf 90' lang='lat' dir='ltr'><strong>meum.</strong></span> <span class='ocrx_word' id='word_1_523' title='bbox 3068 3130 3088 3163; x_wconf 75' lang='grc' dir='ltr'><strong>ι</strong></span> 
     </span>
    </p>
   </div>
   <div class='ocr_carea' id='block_1_75' title="bbox 2064 3280 3584 3349">
    <p class='ocr_par' dir='ltr' id='par_1_75' title="bbox 2064 3280 3584 3349">
     <span class='ocr_line' id='line_1_75' title="bbox 2064 3280 3584 3349; baseline 0.009 -16"><span class='ocrx_word' id='word_1_524' title='bbox 2064 3280 2243 3334; x_wconf 74' lang='lat' dir='ltr'><strong>ludio.</strong></span> <span class='ocrx_word' id='word_1_525' title='bbox 2269 3297 2382 3349; x_wconf 80' lang='lat' dir='ltr'><strong>xw,</strong></span> <span class='ocrx_word' id='word_1_526' title='bbox 2412 3282 2499 3337; x_wconf 80' lang='grc'><strong>15.</strong></span> <span class='ocrx_word' id='word_1_527' title='bbox 2540 3314 2611 3324; x_wconf 86' lang='lat'><strong>——</strong></span> <span class='ocrx_word' id='word_1_528' title='bbox 2645 3301 2664 3336; x_wconf 77' lang='grc' dir='ltr'><strong>ι</strong></span> <span class='ocrx_word' id='word_1_529' title='bbox 2711 3283 2778 3339; x_wconf 91' lang='lat' dir='ltr'><strong>Et</strong></span> <span class='ocrx_word' id='word_1_530' title='bbox 2813 3286 2953 3341; x_wconf 85' lang='lat' dir='ltr'><strong>dixit</strong></span> <span class='ocrx_word' id='word_1_531' title='bbox 2991 3286 3169 3344; x_wconf 88' lang='lat' dir='ltr'><strong>Dalila</strong></span> <span class='ocrx_word' id='word_1_532' title='bbox 3203 3291 3270 3345; x_wconf 90' lang='lat' dir='ltr'><strong>ad</strong></span> <span class='ocrx_word' id='word_1_533' title='bbox 3308 3291 3584 3347; x_wconf 88' lang='lat' dir='ltr'><strong>Samson:</strong></span> 
     </span>
    </p>
   </div>
   <div class='ocr_carea' id='block_1_76' title="bbox 1995 3369 3585 3448">
    <p class='ocr_par' dir='ltr' id='par_1_76' title="bbox 1995 3369 3585 3448">
     <span class='ocr_line' id='line_1_76' title="bbox 1995 3369 3585 3448; baseline 0.009 -25"><span class='ocrx_word' id='word_1_534' title='bbox 1995 3369 2285 3437; x_wconf 86' lang='lat' dir='ltr'><strong>Quomodo</strong></span> <span class='ocrx_word' id='word_1_535' title='bbox 2326 3379 2384 3426; x_wconf 91' lang='lat' dir='ltr'><strong>tu</strong></span> <span class='ocrx_word' id='word_1_536' title='bbox 2416 3373 2583 3441; x_wconf 90' lang='lat' dir='ltr'><strong>dicis,</strong></span> <span class='ocrx_word' id='word_1_537' title='bbox 2616 3375 2747 3444; x_wconf 88' lang='lat' dir='ltr'><strong>quia</strong></span> <span class='ocrx_word' id='word_1_538' title='bbox 2772 3375 2944 3448; x_wconf 88' lang='lat' dir='ltr'><strong>diligo</strong></span> <span class='ocrx_word' id='word_1_539' title='bbox 2972 3385 3047 3444; x_wconf 90' lang='lat' dir='ltr'><strong>te,</strong></span> <span class='ocrx_word' id='word_1_540' title='bbox 3077 3387 3133 3435; x_wconf 88' lang='lat' dir='ltr'><strong>et</strong></span> <span class='ocrx_word' id='word_1_541' title='bbox 3161 3396 3260 3436; x_wconf 92' lang='lat' dir='ltr'><strong>cor</strong></span> <span class='ocrx_word' id='word_1_542' title='bbox 3287 3391 3442 3436; x_wconf 89' lang='lat' dir='ltr'><strong>tuum</strong></span> <span class='ocrx_word' id='word_1_543' title='bbox 3478 3400 3585 3438; x_wconf 88' lang='lat' dir='ltr'><strong>non</strong></span> 
     </span>
    </p>
   </div>
   <div class='ocr_carea' id='block_1_77' title="bbox 1993 3465 3585 3539">
    <p class='ocr_par' dir='ltr' id='par_1_77' title="bbox 1993 3465 3585 3539">
     <span class='ocr_line' id='line_1_77' title="bbox 1993 3465 3585 3539; baseline 0.006 -21"><span class='ocrx_word' id='word_1_544' title='bbox 1993 3471 2081 3518; x_wconf 90' lang='lat' dir='ltr'><strong>est</strong></span> <span class='ocrx_word' id='word_1_545' title='bbox 2137 3465 2392 3519; x_wconf 79' lang='lat' dir='ltr'><strong>mecum?</strong></span> <span class='ocrx_word' id='word_1_546' title='bbox 2435 3465 2541 3521; x_wconf 88' lang='lat' dir='ltr'><strong>hoc</strong></span> <span class='ocrx_word' id='word_1_547' title='bbox 2583 3466 2747 3523; x_wconf 87' lang='lat' dir='ltr'><strong>tertio</strong></span> <span class='ocrx_word' id='word_1_548' title='bbox 2784 3468 3055 3539; x_wconf 89' lang='lat' dir='ltr'><strong>decepisti</strong></span> <span class='ocrx_word' id='word_1_549' title='bbox 3100 3487 3211 3538; x_wconf 89' lang='lat' dir='ltr'><strong>me,</strong></span> <span class='ocrx_word' id='word_1_550' title='bbox 3244 3482 3298 3526; x_wconf 89' lang='lat' dir='ltr'><strong>et</strong></span> <span class='ocrx_word' id='word_1_551' title='bbox 3347 3475 3585 3528; x_wconf 88' lang='lat' dir='ltr'><strong>uoluisti</strong></span> 
     </span>
    </p>
   </div>
   <div class='ocr_carea' id='block_1_78' title="bbox 1994 3555 3580 3630">
    <p class='ocr_par' dir='ltr' id='par_1_78' title="bbox 1994 3555 3580 3630">
     <span class='ocr_line' id='line_1_78' title="bbox 1994 3555 3580 3630; baseline 0.006 -20"><span class='ocrx_word' id='word_1_552' title='bbox 1994 3555 2206 3625; x_wconf 87' lang='lat' dir='ltr'><strong>dicere,</strong></span> <span class='ocrx_word' id='word_1_553' title='bbox 2241 3557 2296 3611; x_wconf 92' lang='lat' dir='ltr'><strong>in</strong></span> <span class='ocrx_word' id='word_1_554' title='bbox 2321 3573 2430 3627; x_wconf 89' lang='lat' dir='ltr'><strong>quo</strong></span> <span class='ocrx_word' id='word_1_555' title='bbox 2460 3559 2533 3614; x_wconf 89' lang='lat' dir='ltr'><strong>sit</strong></span> <span class='ocrx_word' id='word_1_556' title='bbox 2569 3574 2770 3630; x_wconf 89' lang='lat' dir='ltr'><strong>magna</strong></span> <span class='ocrx_word' id='word_1_557' title='bbox 2809 3559 3077 3618; x_wconf 89' lang='lat' dir='ltr'><strong>fortitudo</strong></span> <span class='ocrx_word' id='word_1_558' title='bbox 3119 3571 3235 3618; x_wconf 86' lang='lat' dir='ltr'><strong>tua.</strong></span> <span class='ocrx_word' id='word_1_559' title='bbox 3273 3565 3338 3619; x_wconf 84' lang='lat' dir='ltr'><strong>Et</strong></span> <span class='ocrx_word' id='word_1_560' title='bbox 3373 3565 3580 3621; x_wconf 87' lang='lat' dir='ltr'><strong>factum</strong></span> 
     </span>
    </p>
   </div>
   <div class='ocr_carea' id='block_1_79' title="bbox 1992 3646 3584 3726">
    <p class='ocr_par' dir='ltr' id='par_1_79' title="bbox 1992 3646 3584 3726">
     <span class='ocr_line' id='line_1_79' title="bbox 1992 3646 3584 3726; baseline 0.006 -25"><span class='ocrx_word' id='word_1_561' title='bbox 1992 3656 2099 3710; x_wconf 88' lang='lat' dir='ltr'><strong>est,</strong></span> <span class='ocrx_word' id='word_1_562' title='bbox 2135 3660 2263 3701; x_wconf 86' lang='lat' dir='ltr'><strong>cum</strong></span> <span class='ocrx_word' id='word_1_563' title='bbox 2299 3646 2349 3702; x_wconf 90' lang='lat' dir='ltr'><strong>ei</strong></span> <span class='ocrx_word' id='word_1_564' title='bbox 2384 3647 2622 3704; x_wconf 87' lang='lat' dir='ltr'><strong>molesta</strong></span> <span class='ocrx_word' id='word_1_565' title='bbox 2657 3658 2806 3705; x_wconf 87' lang='lat' dir='ltr'><strong>esset</strong></span> <span class='ocrx_word' id='word_1_566' title='bbox 2833 3651 3018 3706; x_wconf 86' lang='lat' dir='ltr'><strong>verbis</strong></span> <span class='ocrx_word' id='word_1_567' title='bbox 3050 3653 3166 3708; x_wconf 91' lang='lat' dir='ltr'><strong>suis</strong></span> <span class='ocrx_word' id='word_1_568' title='bbox 3203 3669 3298 3724; x_wconf 89' lang='lat' dir='ltr'><strong>per</strong></span> <span class='ocrx_word' id='word_1_569' title='bbox 3329 3656 3584 3726; x_wconf 81' lang='lat' dir='ltr'><strong>singulos</strong></span> 
     </span>
    </p>
   </div>
   <div class='ocr_carea' id='block_1_80' title="bbox 1992 3738 3584 3817">
    <p class='ocr_par' dir='ltr' id='par_1_80' title="bbox 1992 3738 3584 3817">
     <span class='ocr_line' id='line_1_80' title="bbox 1992 3738 3584 3817; baseline 0.005 -23"><span class='ocrx_word' id='word_1_570' title='bbox 1992 3738 2136 3805; x_wconf 88' lang='lat' dir='ltr'><strong>dies,</strong></span> <span class='ocrx_word' id='word_1_571' title='bbox 2191 3746 2250 3794; x_wconf 92' lang='lat' dir='ltr'><strong>et</strong></span> <span class='ocrx_word' id='word_1_572' title='bbox 2291 3748 2514 3810; x_wconf 87' lang='lat' dir='ltr'><strong>urgeret</strong></span> <span class='ocrx_word' id='word_1_573' title='bbox 2575 3755 2726 3809; x_wconf 87' lang='lat' dir='ltr'><strong>eum,</strong></span> <span class='ocrx_word' id='word_1_574' title='bbox 2778 3741 2936 3812; x_wconf 87' lang='lat' dir='ltr'><strong>isque</strong></span> <span class='ocrx_word' id='word_1_575' title='bbox 2979 3741 3241 3800; x_wconf 80' lang='lat' dir='ltr'><strong>deficeret</strong></span> <span class='ocrx_word' id='word_1_576' title='bbox 3292 3762 3470 3817; x_wconf 88' lang='lat' dir='ltr'><strong>usque</strong></span> <span class='ocrx_word' id='word_1_577' title='bbox 3514 3749 3584 3802; x_wconf 90' lang='lat' dir='ltr'><strong>ad</strong></span> 
     </span>
    </p>
   </div>
   <div class='ocr_carea' id='block_1_81' title="bbox 1990 3831 3585 3910">
    <p class='ocr_par' dir='ltr' id='par_1_81' title="bbox 1990 3831 3585 3910">
     <span class='ocr_line' id='line_1_81' title="bbox 1990 3831 3585 3910; baseline 0.006 -25"><span class='ocrx_word' id='word_1_578' title='bbox 1990 3837 2251 3897; x_wconf 87' lang='lat' dir='ltr'><strong>mortem,</strong></span> <span class='ocrx_word' id='word_1_579' title='bbox 2303 3831 2574 3890; x_wconf 89' lang='lat' dir='ltr'><strong>indicavit</strong></span> <span class='ocrx_word' id='word_1_580' title='bbox 2621 3835 2674 3890; x_wconf 91' lang='lat' dir='ltr'><strong>ei</strong></span> <span class='ocrx_word' id='word_1_581' title='bbox 2723 3849 2889 3892; x_wconf 88' lang='lat' dir='ltr'><strong>omne</strong></span> <span class='ocrx_word' id='word_1_582' title='bbox 2947 3849 3046 3892; x_wconf 88' lang='lat' dir='ltr'><strong>cor</strong></span> <span class='ocrx_word' id='word_1_583' title='bbox 3096 3852 3284 3902; x_wconf 89' lang='lat' dir='ltr'><strong>suum,</strong></span> <span class='ocrx_word' id='word_1_584' title='bbox 3325 3840 3585 3910; x_wconf 82' lang='lat' dir='ltr'><strong>dixitque</strong></span> 
     </span>
    </p>
   </div>
   <div class='ocr_carea' id='block_1_82' title="bbox 1991 3923 3581 4006">
    <p class='ocr_par' dir='ltr' id='par_1_82' title="bbox 1991 3923 3581 4006">
     <span class='ocr_line' id='line_1_82' title="bbox 1991 3923 3581 4006; baseline 0.005 -27"><span class='ocrx_word' id='word_1_585' title='bbox 1991 3924 2072 3980; x_wconf 87' lang='lat' dir='ltr'><strong>illi</strong></span> <span class='ocrx_word' id='word_1_586' title='bbox 2127 3941 2142 3979; x_wconf 90' lang='lat'><strong>:</strong></span> <span class='ocrx_word' id='word_1_587' title='bbox 2194 3923 2425 3982; x_wconf 83' lang='lat' dir='ltr'><strong>Ferrum</strong></span> <span class='ocrx_word' id='word_1_588' title='bbox 2475 3942 2589 3983; x_wconf 92' lang='lat' dir='ltr'><strong>non</strong></span> <span class='ocrx_word' id='word_1_589' title='bbox 2630 3929 2879 4006; x_wconf 86' lang='lat' dir='ltr'><strong>ascendit</strong></span> <span class='ocrx_word' id='word_1_590' title='bbox 2935 3945 3106 4000; x_wconf 87' lang='lat' dir='ltr'><strong>super</strong></span> <span class='ocrx_word' id='word_1_591' title='bbox 3153 3940 3319 4002; x_wconf 85' lang='lat' dir='ltr'><strong>caput</strong></span> <span class='ocrx_word' id='word_1_592' title='bbox 3372 3950 3581 4002; x_wconf 87' lang='lat' dir='ltr'><strong>meum,</strong></span> 
     </span>
    </p>
   </div>
   <div class='ocr_carea' id='block_1_83' title="bbox 1988 4019 3580 4088">
    <p class='ocr_par' dir='ltr' id='par_1_83' title="bbox 1988 4019 3580 4088">
     <span class='ocr_line' id='line_1_83' title="bbox 1988 4019 3580 4088; baseline 0.006 -16"><span class='ocrx_word' id='word_1_593' title='bbox 1988 4019 2118 4088; x_wconf 87' lang='lat' dir='ltr'><strong>quia</strong></span> <span class='ocrx_word' id='word_1_594' title='bbox 2153 4019 2455 4076; x_wconf 69' lang='lat' dir='ltr'><strong>Nazarazus</strong></span> <span class='ocrx_word' id='word_1_595' title='bbox 2489 4019 2586 4076; x_wconf 88' lang='lat' dir='ltr'><strong>Dei</strong></span> <span class='ocrx_word' id='word_1_596' title='bbox 2613 4036 2736 4076; x_wconf 90' lang='lat' dir='ltr'><strong>sum</strong></span> <span class='ocrx_word' id='word_1_597' title='bbox 2777 4022 2849 4078; x_wconf 89' lang='lat' dir='ltr'><strong>ab</strong></span> <span class='ocrx_word' id='word_1_598' title='bbox 2896 4029 3056 4077; x_wconf 91' lang='lat' dir='ltr'><strong>utero</strong></span> <span class='ocrx_word' id='word_1_599' title='bbox 3089 4025 3284 4078; x_wconf 89' lang='lat' dir='ltr'><strong>matris</strong></span> <span class='ocrx_word' id='word_1_600' title='bbox 3319 4039 3476 4080; x_wconf 74' lang='lat' dir='ltr'><strong>meae.</strong></span> <span class='ocrx_word' id='word_1_601' title='bbox 3522 4027 3580 4082; x_wconf 91' lang='lat' dir='ltr'><strong>Si</strong></span> 
     </span>
    </p>
   </div>
   <div class='ocr_carea' id='block_1_84' title="bbox 1991 4112 3580 4182">
    <p class='ocr_par' dir='ltr' id='par_1_84' title="bbox 1991 4112 3580 4182">
     <span class='ocr_line' id='line_1_84' title="bbox 1991 4112 3580 4182; baseline 0.005 -16"><span class='ocrx_word' id='word_1_602' title='bbox 1991 4125 2122 4181; x_wconf 87' lang='lat' dir='ltr'><strong>ergo</strong></span> <span class='ocrx_word' id='word_1_603' title='bbox 2155 4126 2319 4166; x_wconf 87' lang='lat' dir='ltr'><strong>rasus</strong></span> <span class='ocrx_word' id='word_1_604' title='bbox 2367 4112 2548 4180; x_wconf 83' lang='lat' dir='ltr'><strong>fuero,</strong></span> <span class='ocrx_word' id='word_1_605' title='bbox 2578 4113 2800 4168; x_wconf 89' lang='lat' dir='ltr'><strong>recedet</strong></span> <span class='ocrx_word' id='word_1_606' title='bbox 2840 4127 2872 4167; x_wconf 85' lang='lat' dir='ltr'><strong>a</strong></span> <span class='ocrx_word' id='word_1_607' title='bbox 2905 4129 2994 4170; x_wconf 92' lang='lat' dir='ltr'><strong>me</strong></span> <span class='ocrx_word' id='word_1_608' title='bbox 3031 4113 3302 4170; x_wconf 79' lang='lat' dir='ltr'><strong>fortitudo</strong></span> <span class='ocrx_word' id='word_1_609' title='bbox 3344 4132 3486 4182; x_wconf 90' lang='lat' dir='ltr'><strong>mea,</strong></span> <span class='ocrx_word' id='word_1_610' title='bbox 3523 4127 3580 4174; x_wconf 89' lang='lat' dir='ltr'><strong>et</strong></span> 
     </span>
    </p>
   </div>
   <div class='ocr_carea' id='block_1_85' title="bbox 1987 4201 3578 4272">
    <p class='ocr_par' dir='ltr' id='par_1_85' title="bbox 1987 4201 3578 4272">
     <span class='ocr_line' id='line_1_85' title="bbox 1987 4201 3578 4272; baseline 0.003 -16"><span class='ocrx_word' id='word_1_611' title='bbox 1987 4201 2261 4268; x_wconf 87' lang='lat' dir='ltr'><strong>deﬁciam,</strong></span> <span class='ocrx_word' id='word_1_612' title='bbox 2312 4217 2522 4272; x_wconf 86' lang='lat' dir='ltr'><strong>eroque</strong></span> <span class='ocrx_word' id='word_1_613' title='bbox 2561 4203 2708 4257; x_wconf 90' lang='lat' dir='ltr'><strong>sicut</strong></span> <span class='ocrx_word' id='word_1_614' title='bbox 2750 4203 2936 4258; x_wconf 69' lang='lat' dir='ltr'><strong>caeteri</strong></span> <span class='ocrx_word' id='word_1_615' title='bbox 2993 4203 3267 4260; x_wconf 81' lang='lat' dir='ltr'><strong>homines.</strong></span> <span class='ocrx_word' id='word_1_616' title='bbox 3319 4205 3385 4260; x_wconf 89' lang='lat' dir='ltr'><strong>Et</strong></span> <span class='ocrx_word' id='word_1_617' title='bbox 3439 4208 3578 4261; x_wconf 88' lang='lat' dir='ltr'><strong>vidit</strong></span> 
     </span>
    </p>
   </div>
   <div class='ocr_carea' id='block_1_86' title="bbox 1986 4289 3582 4366">
    <p class='ocr_par' dir='ltr' id='par_1_86' title="bbox 1986 4289 3582 4366">
     <span class='ocr_line' id='line_1_86' title="bbox 1986 4289 3582 4366; baseline 0.005 -22"><span class='ocrx_word' id='word_1_618' title='bbox 1986 4289 2182 4355; x_wconf 91' lang='lat' dir='ltr'><strong>Dalila,</strong></span> <span class='ocrx_word' id='word_1_619' title='bbox 2216 4293 2366 4364; x_wconf 88' lang='lat' dir='ltr'><strong>quod</strong></span> <span class='ocrx_word' id='word_1_620' title='bbox 2401 4293 2510 4348; x_wconf 85' lang='lat' dir='ltr'><strong>sibi</strong></span> <span class='ocrx_word' id='word_1_621' title='bbox 2537 4292 2834 4350; x_wconf 88' lang='lat' dir='ltr'><strong>confessus</strong></span> <span class='ocrx_word' id='word_1_622' title='bbox 2865 4306 3014 4350; x_wconf 89' lang='lat' dir='ltr'><strong>esset</strong></span> <span class='ocrx_word' id='word_1_623' title='bbox 3053 4310 3216 4350; x_wconf 83' lang='lat' dir='ltr'><strong>omne</strong></span> <span class='ocrx_word' id='word_1_624' title='bbox 3249 4311 3347 4350; x_wconf 90' lang='lat' dir='ltr'><strong>cor</strong></span> <span class='ocrx_word' id='word_1_625' title='bbox 3385 4315 3582 4366; x_wconf 81' lang='lat' dir='ltr'><strong>suum,</strong></span> 
     </span>
    </p>
   </div>
   <div class='ocr_carea' id='block_1_87' title="bbox 1986 4384 3574 4460">
    <p class='ocr_par' dir='ltr' id='par_1_87' title="bbox 1986 4384 3574 4460">
     <span class='ocr_line' id='line_1_87' title="bbox 1986 4384 3574 4460; baseline 0.005 -24"><span class='ocrx_word' id='word_1_626' title='bbox 1986 4393 2040 4437; x_wconf 91' lang='lat' dir='ltr'><strong>et</strong></span> <span class='ocrx_word' id='word_1_627' title='bbox 2072 4384 2247 4450; x_wconf 89' lang='lat' dir='ltr'><strong>misit,</strong></span> <span class='ocrx_word' id='word_1_628' title='bbox 2290 4394 2344 4440; x_wconf 89' lang='lat' dir='ltr'><strong>et</strong></span> <span class='ocrx_word' id='word_1_629' title='bbox 2376 4385 2597 4441; x_wconf 89' lang='lat' dir='ltr'><strong>vocavit</strong></span> <span class='ocrx_word' id='word_1_630' title='bbox 2628 4393 2889 4456; x_wconf 88' lang='lat' dir='ltr'><strong>satrapas</strong></span> <span class='ocrx_word' id='word_1_631' title='bbox 2919 4401 3114 4443; x_wconf 89' lang='lat' dir='ltr'><strong>omnes</strong></span> <span class='ocrx_word' id='word_1_632' title='bbox 3145 4389 3574 4460; x_wconf 85' lang='lat' dir='ltr'><strong>all0phylorum,</strong></span> 
     </span>
    </p>
   </div>
   <div class='ocr_carea' id='block_1_88' title="bbox 244 4476 1890 4558">
    <p class='ocr_par' dir='ltr' id='par_1_88' title="bbox 244 4485 1880 4558">
     <span class='ocr_line' id='line_1_88' title="bbox 244 4485 1880 4558; baseline -0.001 -15"><span class='ocrx_word' id='word_1_633' title='bbox 244 4488 603 4552; x_wconf 81' lang='grc' dir='ltr'>ἀπέστειλε,</span> <span class='ocrx_word' id='word_1_634' title='bbox 629 4485 726 4540; x_wconf 76' lang='grc' dir='ltr'>καὶ</span> <span class='ocrx_word' id='word_1_635' title='bbox 769 4485 1000 4540; x_wconf 75' lang='grc' dir='ltr'>ἐκάλεσε</span> <span class='ocrx_word' id='word_1_636' title='bbox 1040 4486 1168 4549; x_wconf 82' lang='grc' dir='ltr'>τοὺς</span> <span class='ocrx_word' id='word_1_637' title='bbox 1200 4486 1492 4558; x_wconf 81' lang='grc' dir='ltr'>σατράπας</span> <span class='ocrx_word' id='word_1_638' title='bbox 1529 4488 1741 4550; x_wconf 83' lang='grc' dir='ltr'>πάντας</span> <span class='ocrx_word' id='word_1_639' title='bbox 1771 4487 1880 4541; x_wconf 88' lang='grc' dir='ltr'>τῶν</span> 
     </span>
    </p>
   </div>
   <div class='ocr_carea' id='block_1_89' title="bbox 2004 4476 3578 4558">
    <p class='ocr_par' dir='ltr' id='par_1_89' title="bbox 2004 4476 3578 4549">
     <span class='ocr_line' id='line_1_89' title="bbox 2004 4476 3578 4549; baseline 0.005 -19"><span class='ocrx_word' id='word_1_640' title='bbox 2004 4476 2179 4532; x_wconf 89' lang='lat' dir='ltr'><strong>licens</strong></span> <span class='ocrx_word' id='word_1_641' title='bbox 2222 4493 2236 4530; x_wconf 88' lang='lat'><strong>:</strong></span> <span class='ocrx_word' id='word_1_642' title='bbox 2271 4477 2569 4534; x_wconf 83' lang='lat' dir='ltr'><strong>Ascendite</strong></span> <span class='ocrx_word' id='word_1_643' title='bbox 2605 4478 2706 4534; x_wconf 90' lang='lat' dir='ltr'><strong>hac</strong></span> <span class='ocrx_word' id='word_1_644' title='bbox 2735 4491 2844 4532; x_wconf 85' lang='lat' dir='ltr'><strong>una</strong></span> <span class='ocrx_word' id='word_1_645' title='bbox 2880 4479 3021 4544; x_wconf 87' lang='lat' dir='ltr'><strong>vice,</strong></span> <span class='ocrx_word' id='word_1_646' title='bbox 3058 4479 3191 4549; x_wconf 87' lang='lat' dir='ltr'><strong>quia</strong></span> <span class='ocrx_word' id='word_1_647' title='bbox 3223 4485 3578 4538; x_wconf 88' lang='lat' dir='ltr'><strong>annuntiavit</strong></span> 
     </span>
    </p>
   </div>
   <div class='ocr_carea' id='block_1_90' title="bbox 242 4577 1878 4652">
    <p class='ocr_par' dir='ltr' id='par_1_90' title="bbox 242 4577 1878 4652">
     <span class='ocr_line' id='line_1_90' title="bbox 242 4577 1878 4652; baseline -0.005 -12"><span class='ocrx_word' id='word_1_648' title='bbox 242 4581 602 4651; x_wconf 72' lang='grc' dir='ltr'>ἀλλοφύλων</span> <span class='ocrx_word' id='word_1_649' title='bbox 655 4579 890 4648; x_wconf 83' lang='grc' dir='ltr'>λέγουσα</span> <span class='ocrx_word' id='word_1_650' title='bbox 915 4593 929 4609; x_wconf 76' lang='grc' dir='ltr'><strong>ο</strong></span> <span class='ocrx_word' id='word_1_651' title='bbox 969 4577 1240 4649; x_wconf 76' lang='grc' dir='ltr'>Ἀνάὅητε</span> <span class='ocrx_word' id='word_1_652' title='bbox 1285 4579 1348 4632; x_wconf 84' lang='grc' dir='ltr'><strong>τὸ</strong></span> <span class='ocrx_word' id='word_1_653' title='bbox 1383 4579 1530 4645; x_wconf 77' lang='grc' dir='ltr'>ἅπαξ</span> <span class='ocrx_word' id='word_1_654' title='bbox 1562 4580 1746 4652; x_wconf 79' lang='grc' dir='ltr'>τοῦτο,</span> <span class='ocrx_word' id='word_1_655' title='bbox 1793 4581 1878 4634; x_wconf 82' lang='grc' dir='ltr'>ὅτι</span> 
     </span>
    </p>
   </div>
   <div class='ocr_carea' id='block_1_91' title="bbox 243 4670 1878 4750">
    <p class='ocr_par' dir='ltr' id='par_1_91' title="bbox 243 4670 1878 4750">
     <span class='ocr_line' id='line_1_91' title="bbox 243 4670 1878 4750; baseline -0.005 -16"><span class='ocrx_word' id='word_1_656' title='bbox 243 4673 594 4750; x_wconf 78' lang='grc' dir='ltr'>ἀπήγγειλέ</span> <span class='ocrx_word' id='word_1_657' title='bbox 629 4688 720 4743; x_wconf 87' lang='grc' dir='ltr'><strong>μοι</strong></span> <span class='ocrx_word' id='word_1_658' title='bbox 754 4671 938 4725; x_wconf 79' lang='grc' dir='ltr'>πᾶσαν</span> <span class='ocrx_word' id='word_1_659' title='bbox 981 4670 1083 4742; x_wconf 83' lang='grc' dir='ltr'><strong>τὴν</strong></span> <span class='ocrx_word' id='word_1_660' title='bbox 1125 4671 1371 4742; x_wconf 82' lang='grc' dir='ltr'>καρδίαν</span> <span class='ocrx_word' id='word_1_661' title='bbox 1398 4671 1590 4726; x_wconf 85' lang='grc' dir='ltr'>αὑτοῦ.</span> <span class='ocrx_word' id='word_1_662' title='bbox 1635 4673 1747 4726; x_wconf 88' lang='lat' dir='ltr'><strong>Kal.</strong></span> <span class='ocrx_word' id='word_1_663' title='bbox 1784 4673 1878 4726; x_wconf 87' lang='grc' dir='ltr'>ἀν-</span> 
     </span>
    </p>
   </div>
   <div class='ocr_carea' id='block_1_92' title="bbox 243 4763 1876 4843">
    <p class='ocr_par' dir='ltr' id='par_1_92' title="bbox 243 4763 1876 4843">
     <span class='ocr_line' id='line_1_92' title="bbox 243 4763 1876 4843; baseline -0.006 -16"><span class='ocrx_word' id='word_1_664' title='bbox 243 4774 491 4843; x_wconf 80' lang='grc' dir='ltr'>έὸησαν</span> <span class='ocrx_word' id='word_1_665' title='bbox 524 4765 662 4836; x_wconf 79' lang='grc' dir='ltr'>πρὸς</span> <span class='ocrx_word' id='word_1_666' title='bbox 692 4763 864 4834; x_wconf 80' lang='grc' dir='ltr'>αὐτὴν</span> <span class='ocrx_word' id='word_1_667' title='bbox 893 4764 944 4816; x_wconf 80' lang='grc' dir='ltr'>οἱ</span> <span class='ocrx_word' id='word_1_668' title='bbox 963 4763 1228 4834; x_wconf 81' lang='grc' dir='ltr'>ἄρχοντες</span> <span class='ocrx_word' id='word_1_669' title='bbox 1270 4763 1379 4818; x_wconf 86' lang='grc' dir='ltr'>τῶν</span> <span class='ocrx_word' id='word_1_670' title='bbox 1407 4764 1747 4834; x_wconf 81' lang='grc' dir='ltr'>ἀλλοφύλων,</span> <span class='ocrx_word' id='word_1_671' title='bbox 1779 4765 1876 4820; x_wconf 81' lang='grc' dir='ltr'><strong>καὶ</strong></span> 
     </span>
    </p>
   </div>
   <div class='ocr_carea' id='block_1_93' title="bbox 241 4854 1875 4941">
    <p class='ocr_par' dir='ltr' id='par_1_93' title="bbox 241 4854 1875 4941">
     <span class='ocr_line' id='line_1_93' title="bbox 241 4854 1875 4941; baseline -0.005 -23"><span class='ocrx_word' id='word_1_672' title='bbox 241 4871 526 4941; x_wconf 70' lang='grc' dir='ltr'>ἤνεγκαν</span> <span class='ocrx_word' id='word_1_673' title='bbox 555 4857 615 4911; x_wconf 81' lang='grc' dir='ltr'><strong>τὸ</strong></span> <span class='ocrx_word' id='word_1_674' title='bbox 648 4854 916 4928; x_wconf 83' lang='grc' dir='ltr'>ἀργύριον</span> <span class='ocrx_word' id='word_1_675' title='bbox 947 4857 1006 4910; x_wconf 84' lang='grc' dir='ltr'><strong>ἐν</strong></span> <span class='ocrx_word' id='word_1_676' title='bbox 1037 4858 1184 4927; x_wconf 81' lang='grc' dir='ltr'>χειρὶ</span> <span class='ocrx_word' id='word_1_677' title='bbox 1228 4856 1433 4911; x_wconf 77' lang='grc' dir='ltr'>αὐτῶν.</span> <span class='ocrx_word' id='word_1_678' title='bbox 1465 4858 1576 4910; x_wconf 82' lang='lat' dir='ltr'><strong>Kal</strong></span> <span class='ocrx_word' id='word_1_679' title='bbox 1619 4856 1875 4928; x_wconf 83' lang='grc' dir='ltr'>ἐκοίμισε</span> 
     </span>
    </p>
   </div>
   <div class='ocr_carea' id='block_1_94' title="bbox 242 4945 1873 5019">
    <p class='ocr_par' dir='ltr' id='par_1_94' title="bbox 242 4945 1873 5019">
     <span class='ocr_line' id='line_1_94' title="bbox 242 4945 1873 5019; baseline -0.006 -9"><span class='ocrx_word' id='word_1_680' title='bbox 242 4953 483 5014; x_wconf 80' lang='grc' dir='ltr'>Δαλιδά</span> <span class='ocrx_word' id='word_1_681' title='bbox 501 4949 593 5003; x_wconf 84' lang='grc' dir='ltr'><strong>τὸν</strong></span> <span class='ocrx_word' id='word_1_682' title='bbox 613 4946 854 5019; x_wconf 79' lang='grc' dir='ltr'>Σαμψὼν</span> <span class='ocrx_word' id='word_1_683' title='bbox 876 4946 972 5001; x_wconf 76' lang='grc' dir='ltr'><strong>ἐπὶ</strong></span> <span class='ocrx_word' id='word_1_684' title='bbox 993 4947 1062 5001; x_wconf 85' lang='grc' dir='ltr'>τὰ</span> <span class='ocrx_word' id='word_1_685' title='bbox 1084 4948 1298 5016; x_wconf 85' lang='grc' dir='ltr'>γόνατα·</span> <span class='ocrx_word' id='word_1_686' title='bbox 1316 4945 1510 5018; x_wconf 82' lang='grc' dir='ltr'>αὐτῆς,</span> <span class='ocrx_word' id='word_1_687' title='bbox 1529 4949 1624 5002; x_wconf 74' lang='grc' dir='ltr'><strong>καὶ</strong></span> <span class='ocrx_word' id='word_1_688' title='bbox 1644 4947 1873 5001; x_wconf 83' lang='grc' dir='ltr'>ἐκάλεσε</span> 
     </span>
    </p>
   </div>
   <div class='ocr_carea' id='block_1_95' title="bbox 239 5037 1872 5114">
    <p class='ocr_par' dir='ltr' id='par_1_95' title="bbox 239 5037 1872 5114">
     <span class='ocr_line' id='line_1_95' title="bbox 239 5037 1872 5114; baseline 0.002 -26"><span class='ocrx_word' id='word_1_689' title='bbox 239 5055 349 5108; x_wconf 65' lang='grc' dir='ltr'><strong>τὸν</strong></span> <span class='ocrx_word' id='word_1_690' title='bbox 385 5041 628 5114; x_wconf 82' lang='grc' dir='ltr'>κουρέα,</span> <span class='ocrx_word' id='word_1_691' title='bbox 659 5041 756 5093; x_wconf 76' lang='grc' dir='ltr'>καὶ</span> <span class='ocrx_word' id='word_1_692' title='bbox 789 5037 881 5106; x_wconf 81' lang='grc' dir='ltr'>ἐξύ</span> <span class='ocrx_word' id='word_1_693' title='bbox 893 5056 1027 5111; x_wconf 89' lang='grc' dir='ltr'>ρησε</span> <span class='ocrx_word' id='word_1_694' title='bbox 1049 5039 1151 5102; x_wconf 82' lang='grc' dir='ltr'><strong>τὰς</strong></span> <span class='ocrx_word' id='word_1_695' title='bbox 1177 5039 1320 5093; x_wconf 84' lang='grc' dir='ltr'><strong>ἐπτά</strong></span> <span class='ocrx_word' id='word_1_696' title='bbox 1346 5039 1538 5110; x_wconf 75' lang='grc' dir='ltr'>σειρὰς</span> <span class='ocrx_word' id='word_1_697' title='bbox 1567 5040 1666 5108; x_wconf 84' lang='grc' dir='ltr'>τῆς</span> <span class='ocrx_word' id='word_1_698' title='bbox 1696 5056 1872 5107; x_wconf 78' lang='grc' dir='ltr'>κειρα-</span> 
     </span>
    </p>
   </div>
   <div class='ocr_carea' id='block_1_96' title="bbox 241 5129 1870 5214">
    <p class='ocr_par' dir='ltr' id='par_1_96' title="bbox 241 5129 1870 5214">
     <span class='ocr_line' id='line_1_96' title="bbox 241 5129 1870 5214; baseline -0.009 -14"><span class='ocrx_word' id='word_1_699' title='bbox 241 5146 360 5214; x_wconf 77' lang='grc' dir='ltr'><strong>λῆς</strong></span> <span class='ocrx_word' id='word_1_700' title='bbox 431 5132 628 5198; x_wconf 79' lang='grc' dir='ltr'>αὐτοῦ,</span> <span class='ocrx_word' id='word_1_701' title='bbox 663 5133 759 5186; x_wconf 71' lang='grc' dir='ltr'><strong>καὶ</strong></span> <span class='ocrx_word' id='word_1_702' title='bbox 799 5131 1014 5203; x_wconf 84' lang='grc' dir='ltr'>ἀπέστη</span> <span class='ocrx_word' id='word_1_703' title='bbox 1058 5133 1092 5202; x_wconf 81' lang='grc' dir='ltr'><strong>ἡ</strong></span> <span class='ocrx_word' id='word_1_704' title='bbox 1134 5133 1290 5203; x_wconf 74' lang='grc' dir='ltr'>ἰσχὺς</span> <span class='ocrx_word' id='word_1_705' title='bbox 1323 5131 1489 5186; x_wconf 82' lang='grc' dir='ltr'>αὐτοῦ</span> <span class='ocrx_word' id='word_1_706' title='bbox 1527 5131 1622 5185; x_wconf 84' lang='grc' dir='ltr'>ἀπ’</span> <span class='ocrx_word' id='word_1_707' title='bbox 1681 5129 1870 5185; x_wconf 86' lang='grc' dir='ltr'>αὑτοῦ.</span> 
     </span>
    </p>
   </div>
   <div class='ocr_carea' id='block_1_97' title="bbox 243 5224 1874 5296">
    <p class='ocr_par' dir='ltr' id='par_1_97' title="bbox 243 5224 1874 5296">
     <span class='ocr_line' id='line_1_97' title="bbox 243 5224 1874 5296; baseline -0.005 -9"><span class='ocrx_word' id='word_1_708' title='bbox 243 5237 378 5294; x_wconf 66' lang='grc' dir='ltr'><strong>Καὶ</strong></span> <span class='ocrx_word' id='word_1_709' title='bbox 411 5224 544 5283; x_wconf 76' lang='grc' dir='ltr'>εῒπε</span> <span class='ocrx_word' id='word_1_710' title='bbox 597 5224 799 5280; x_wconf 84' lang='grc' dir='ltr'>Δαλιδά</span> <span class='ocrx_word' id='word_1_711' title='bbox 821 5240 836 5255; x_wconf 76' lang='grc'><strong><em>⁸</em></strong></span> <span class='ocrx_word' id='word_1_712' title='bbox 865 5225 1188 5295; x_wconf 75' lang='grc' dir='ltr'>Ἀλλόφυλοι</span> <span class='ocrx_word' id='word_1_713' title='bbox 1242 5225 1339 5279; x_wconf 73' lang='grc' dir='ltr'><strong>ἐπὶ</strong></span> <span class='ocrx_word' id='word_1_714' title='bbox 1375 5224 1740 5296; x_wconf 76' lang='grc' dir='ltr'>σέ,Σαμψὼν,</span> <span class='ocrx_word' id='word_1_715' title='bbox 1776 5225 1874 5279; x_wconf 74' lang='grc' dir='ltr'>καὶ</span> 
     </span>
    </p>
   </div>
   <div class='ocr_carea' id='block_1_98' title="bbox 237 5312 1868 5392">
    <p class='ocr_par' dir='ltr' id='par_1_98' title="bbox 237 5312 1868 5392">
     <span class='ocr_line' id='line_1_98' title="bbox 237 5312 1868 5392; baseline -0.006 -16"><span class='ocrx_word' id='word_1_716' title='bbox 237 5317 578 5392; x_wconf 70' lang='grc' dir='ltr'>ἐξυπνισθη</span> <span class='ocrx_word' id='word_1_717' title='bbox 610 5319 675 5370; x_wconf 85' lang='grc' dir='ltr'><strong>ἐκ</strong></span> <span class='ocrx_word' id='word_1_718' title='bbox 706 5315 802 5369; x_wconf 87' lang='grc' dir='ltr'><strong>τοῦ</strong></span> <span class='ocrx_word' id='word_1_719' title='bbox 831 5314 1003 5370; x_wconf 78' lang='grc' dir='ltr'>ὕπνου</span> <span class='ocrx_word' id='word_1_720' title='bbox 1034 5317 1227 5384; x_wconf 85' lang='grc' dir='ltr'>αὐτοῦ,</span> <span class='ocrx_word' id='word_1_721' title='bbox 1261 5317 1355 5371; x_wconf 75' lang='grc' dir='ltr'><strong>καὶ</strong></span> <span class='ocrx_word' id='word_1_722' title='bbox 1403 5312 1580 5382; x_wconf 77' lang='grc' dir='ltr'>εἶπεν,</span> <span class='ocrx_word' id='word_1_723' title='bbox 1620 5315 1868 5380; x_wconf 83' lang='grc' dir='ltr'>Ἐξελεῦ-</span> 
     </span>
    </p>
   </div>
   <div class='ocr_carea' id='block_1_99' title="bbox 237 5407 1868 5490">
    <p class='ocr_par' dir='ltr' id='par_1_99' title="bbox 237 5407 1868 5490">
     <span class='ocr_line' id='line_1_99' title="bbox 237 5407 1868 5490; baseline -0.016 -15"><span class='ocrx_word' id='word_1_724' title='bbox 237 5439 310 5476; x_wconf 89' lang='grc' dir='ltr'><strong>σο</strong></span> <span class='ocrx_word' id='word_1_725' title='bbox 323 5429 446 5490; x_wconf 84' lang='grc' dir='ltr'><strong>μαι</strong></span> <span class='ocrx_word' id='word_1_726' title='bbox 481 5411 556 5474; x_wconf 83' lang='grc' dir='ltr'>ὡς</span> <span class='ocrx_word' id='word_1_727' title='bbox 590 5409 740 5476; x_wconf 79' lang='grc' dir='ltr'>ἆπαξ</span> <span class='ocrx_word' id='word_1_728' title='bbox 772 5408 867 5461; x_wconf 75' lang='grc' dir='ltr'>καὶ</span> <span class='ocrx_word' id='word_1_729' title='bbox 902 5407 1074 5476; x_wconf 69' lang='grc' dir='ltr'>ἅπαξ,</span> <span class='ocrx_word' id='word_1_730' title='bbox 1106 5411 1200 5464; x_wconf 76' lang='grc' dir='ltr'>καὶ</span> <span class='ocrx_word' id='word_1_731' title='bbox 1230 5410 1700 5480; x_wconf 82' lang='grc' dir='ltr'>ἐκτιναχθήσομαι</span> <span class='ocrx_word' id='word_1_732' title='bbox 1725 5426 1740 5441; x_wconf 84' lang='grc'><strong>·</strong></span> <span class='ocrx_word' id='word_1_733' title='bbox 1770 5409 1868 5462; x_wconf 70' lang='grc' dir='ltr'>καὶ</span> 
     </span>
    </p>
   </div>
   <div class='ocr_carea' id='block_1_100' title="bbox 235 5498 1863 5580">
    <p class='ocr_par' dir='ltr' id='par_1_100' title="bbox 235 5498 1863 5580">
     <span class='ocr_line' id='line_1_100' title="bbox 235 5498 1863 5580; baseline -0.007 -16"><span class='ocrx_word' id='word_1_734' title='bbox 235 5507 442 5568; x_wconf 69' lang='grc' dir='ltr'>αὑτὸς</span> <span class='ocrx_word' id='word_1_735' title='bbox 477 5500 579 5556; x_wconf 84' lang='grc' dir='ltr'><strong>οὐκ</strong></span> <span class='ocrx_word' id='word_1_736' title='bbox 611 5499 754 5569; x_wconf 81' lang='grc' dir='ltr'>ἔγνω</span> <span class='ocrx_word' id='word_1_737' title='bbox 797 5499 881 5553; x_wconf 83' lang='grc' dir='ltr'><strong>ὅτι</strong></span> <span class='ocrx_word' id='word_1_738' title='bbox 912 5500 1119 5571; x_wconf 84' lang='grc' dir='ltr'>Κύριος</span> <span class='ocrx_word' id='word_1_739' title='bbox 1148 5500 1366 5572; x_wconf 81' lang='grc' dir='ltr'>ἀπέστη</span> <span class='ocrx_word' id='word_1_740' title='bbox 1407 5500 1504 5555; x_wconf 88' lang='grc' dir='ltr'>ἀπ’</span> <span class='ocrx_word' id='word_1_741' title='bbox 1532 5498 1719 5580; x_wconf 77' lang='grc' dir='ltr'>αὑτοῦ.</span> <span class='ocrx_word' id='word_1_742' title='bbox 1749 5501 1863 5554; x_wconf 85' lang='lat' dir='ltr'><strong>Kal.</strong></span> 
     </span>
    </p>
   </div>
   <div class='ocr_carea' id='block_1_101' title="bbox 1987 4567 3572 4630">
    <p class='ocr_par' dir='ltr' id='par_1_101' title="bbox 1987 4567 3572 4630">
     <span class='ocr_line' id='line_1_101' title="bbox 1987 4567 3572 4630; baseline 0.006 -11"><span class='ocrx_word' id='word_1_743' title='bbox 1987 4567 2121 4620; x_wconf 89' lang='lat' dir='ltr'><strong>mihi</strong></span> <span class='ocrx_word' id='word_1_744' title='bbox 2178 4583 2343 4623; x_wconf 88' lang='lat' dir='ltr'><strong>omne</strong></span> <span class='ocrx_word' id='word_1_745' title='bbox 2392 4583 2490 4623; x_wconf 91' lang='lat' dir='ltr'><strong>cor</strong></span> <span class='ocrx_word' id='word_1_746' title='bbox 2547 4584 2731 4625; x_wconf 89' lang='lat' dir='ltr'><strong>suum.</strong></span> <span class='ocrx_word' id='word_1_747' title='bbox 2793 4569 2862 4623; x_wconf 84' lang='lat' dir='ltr'><strong>Et</strong></span> <span class='ocrx_word' id='word_1_748' title='bbox 2909 4572 3287 4627; x_wconf 87' lang='lat' dir='ltr'><strong>ascenderunt</strong></span> <span class='ocrx_word' id='word_1_749' title='bbox 3337 4575 3403 4627; x_wconf 88' lang='lat' dir='ltr'><strong>ad</strong></span> <span class='ocrx_word' id='word_1_750' title='bbox 3449 4591 3572 4630; x_wconf 82' lang='lat' dir='ltr'><strong>eam</strong></span> 
     </span>
    </p>
   </div>
   <div class='ocr_carea' id='block_1_102' title="bbox 1983 4661 3571 4734">
    <p class='ocr_par' dir='ltr' id='par_1_102' title="bbox 1983 4661 3571 4734">
     <span class='ocr_line' id='line_1_102' title="bbox 1983 4661 3571 4734; baseline 0.003 -21"><span class='ocrx_word' id='word_1_751' title='bbox 1983 4661 2267 4732; x_wconf 91' lang='lat' dir='ltr'><strong>principes</strong></span> <span class='ocrx_word' id='word_1_752' title='bbox 2299 4662 2729 4732; x_wconf 83' lang='lat' dir='ltr'><strong>allophylorum,</strong></span> <span class='ocrx_word' id='word_1_753' title='bbox 2763 4671 2819 4718; x_wconf 91' lang='lat' dir='ltr'><strong>et</strong></span> <span class='ocrx_word' id='word_1_754' title='bbox 2854 4664 3163 4719; x_wconf 89' lang='lat' dir='ltr'><strong>attulerunt</strong></span> <span class='ocrx_word' id='word_1_755' title='bbox 3199 4665 3490 4734; x_wconf 87' lang='lat' dir='ltr'><strong>pecuniam</strong></span> <span class='ocrx_word' id='word_1_756' title='bbox 3516 4669 3571 4720; x_wconf 88' lang='lat' dir='ltr'><strong>iu</strong></span> 
     </span>
    </p>
   </div>
   <div class='ocr_carea' id='block_1_103' title="bbox 1981 4749 3570 4823">
    <p class='ocr_par' dir='ltr' id='par_1_103' title="bbox 1981 4749 3570 4823">
     <span class='ocr_line' id='line_1_103' title="bbox 1981 4749 3570 4823; baseline 0.001 -18"><span class='ocrx_word' id='word_1_757' title='bbox 1981 4767 2146 4806; x_wconf 88' lang='lat' dir='ltr'><strong>tuanu</strong></span> <span class='ocrx_word' id='word_1_758' title='bbox 2209 4767 2332 4808; x_wconf 89' lang='lat' dir='ltr'><strong>sua.</strong></span> <span class='ocrx_word' id='word_1_759' title='bbox 2380 4753 2460 4808; x_wconf 87' lang='lat' dir='ltr'><strong>Ac</strong></span> <span class='ocrx_word' id='word_1_760' title='bbox 2515 4749 2609 4805; x_wconf 85' lang='lat' dir='ltr'><strong>illa</strong></span> <span class='ocrx_word' id='word_1_761' title='bbox 2652 4751 2902 4806; x_wconf 91' lang='lat' dir='ltr'><strong>dormire</strong></span> <span class='ocrx_word' id='word_1_762' title='bbox 2952 4752 3082 4808; x_wconf 79' lang='lat' dir='ltr'><strong>fecit</strong></span> <span class='ocrx_word' id='word_1_763' title='bbox 3123 4751 3360 4807; x_wconf 86' lang='lat' dir='ltr'><strong>Samson</strong></span> <span class='ocrx_word' id='word_1_764' title='bbox 3403 4769 3570 4823; x_wconf 84' lang='lat' dir='ltr'><strong>super</strong></span> 
     </span>
    </p>
   </div>
   <div class='ocr_carea' id='block_1_104' title="bbox 1981 4843 3565 4913">
    <p class='ocr_par' dir='ltr' id='par_1_104' title="bbox 1981 4843 3565 4913">
     <span class='ocr_line' id='line_1_104' title="bbox 1981 4843 3565 4913; baseline -0.001 -15"><span class='ocrx_word' id='word_1_765' title='bbox 1981 4858 2158 4913; x_wconf 85' lang='lat' dir='ltr'><strong>genua</strong></span> <span class='ocrx_word' id='word_1_766' title='bbox 2190 4859 2311 4911; x_wconf 88' lang='lat' dir='ltr'><strong>sua,</strong></span> <span class='ocrx_word' id='word_1_767' title='bbox 2357 4853 2416 4899; x_wconf 90' lang='lat' dir='ltr'><strong>et</strong></span> <span class='ocrx_word' id='word_1_768' title='bbox 2461 4843 2683 4899; x_wconf 90' lang='lat' dir='ltr'><strong>vocavit</strong></span> <span class='ocrx_word' id='word_1_769' title='bbox 2727 4849 3032 4912; x_wconf 89' lang='lat' dir='ltr'><strong>tonsorem,</strong></span> <span class='ocrx_word' id='word_1_770' title='bbox 3086 4850 3142 4898; x_wconf 93' lang='lat' dir='ltr'><strong>et</strong></span> <span class='ocrx_word' id='word_1_771' title='bbox 3177 4843 3318 4898; x_wconf 87' lang='lat' dir='ltr'><strong>rasit</strong></span> <span class='ocrx_word' id='word_1_772' title='bbox 3353 4851 3565 4913; x_wconf 89' lang='lat' dir='ltr'><strong>septem</strong></span> 
     </span>
    </p>
   </div>
   <div class='ocr_carea' id='block_1_105' title="bbox 1981 4935 3572 5006">
    <p class='ocr_par' dir='ltr' id='par_1_105' title="bbox 1981 4935 3572 5006">
     <span class='ocr_line' id='line_1_105' title="bbox 1981 4935 3572 5006; baseline -0.001 -15"><span class='ocrx_word' id='word_1_773' title='bbox 1981 4937 2223 4992; x_wconf 91' lang='lat' dir='ltr'><strong>intortos</strong></span> <span class='ocrx_word' id='word_1_774' title='bbox 2255 4936 2439 4991; x_wconf 88' lang='lat' dir='ltr'><strong>crines</strong></span> <span class='ocrx_word' id='word_1_775' title='bbox 2471 4935 2656 5006; x_wconf 87' lang='lat' dir='ltr'><strong>capilli</strong></span> <span class='ocrx_word' id='word_1_776' title='bbox 2688 4936 2776 4991; x_wconf 92' lang='lat' dir='ltr'><strong>sui</strong></span> <span class='ocrx_word' id='word_1_777' title='bbox 2814 4953 2826 4989; x_wconf 73' lang='grc' dir='ltr'>ε</span> <span class='ocrx_word' id='word_1_778' title='bbox 2859 4945 2913 4990; x_wconf 84' lang='grc' dir='ltr'><strong>ει</strong></span> <span class='ocrx_word' id='word_1_779' title='bbox 2936 4935 3213 4991; x_wconf 79' lang='lat' dir='ltr'><strong>abscessit</strong></span> <span class='ocrx_word' id='word_1_780' title='bbox 3243 4936 3416 4990; x_wconf 86' lang='lat' dir='ltr'><strong>robur</strong></span> <span class='ocrx_word' id='word_1_781' title='bbox 3445 4935 3572 5004; x_wconf 75' lang='lat' dir='ltr'><strong>ejus</strong></span> 
     </span>
    </p>
   </div>
   <div class='ocr_carea' id='block_1_106' title="bbox 1978 5025 3563 5098">
    <p class='ocr_par' dir='ltr' id='par_1_106' title="bbox 1978 5025 3563 5098">
     <span class='ocr_line' id='line_1_106' title="bbox 1978 5025 3563 5098; baseline -0.002 -15"><span class='ocrx_word' id='word_1_782' title='bbox 1978 5028 2050 5083; x_wconf 88' lang='lat' dir='ltr'><strong>ab</strong></span> <span class='ocrx_word' id='word_1_783' title='bbox 2075 5042 2161 5083; x_wconf 93' lang='lat' dir='ltr'><strong>eo.</strong></span> <span class='ocrx_word' id='word_1_784' title='bbox 2192 5027 2258 5081; x_wconf 88' lang='lat' dir='ltr'><strong>Et</strong></span> <span class='ocrx_word' id='word_1_785' title='bbox 2283 5027 2426 5082; x_wconf 84' lang='lat' dir='ltr'><strong>dixit</strong></span> <span class='ocrx_word' id='word_1_786' title='bbox 2458 5025 2670 5082; x_wconf 86' lang='lat' dir='ltr'><strong>Dalila:</strong></span> <span class='ocrx_word' id='word_1_787' title='bbox 2699 5026 2980 5098; x_wconf 83' lang='lat' dir='ltr'><strong>Allophyli</strong></span> <span class='ocrx_word' id='word_1_788' title='bbox 3005 5041 3172 5096; x_wconf 90' lang='lat' dir='ltr'><strong>super</strong></span> <span class='ocrx_word' id='word_1_789' title='bbox 3197 5033 3272 5090; x_wconf 86' lang='lat' dir='ltr'><strong>te,</strong></span> <span class='ocrx_word' id='word_1_790' title='bbox 3300 5025 3563 5080; x_wconf 78' lang='lat' dir='ltr'><strong>Samson.</strong></span> 
     </span>
    </p>
   </div>
   <div class='ocr_carea' id='block_1_107' title="bbox 1976 5116 3560 5192">
    <p class='ocr_par' dir='ltr' id='par_1_107' title="bbox 1976 5116 3560 5192">
     <span class='ocr_line' id='line_1_107' title="bbox 1976 5116 3560 5192; baseline -0.003 -17"><span class='ocrx_word' id='word_1_791' title='bbox 1976 5123 2042 5176; x_wconf 92' lang='lat' dir='ltr'><strong>Et</strong></span> <span class='ocrx_word' id='word_1_792' title='bbox 2071 5120 2495 5192; x_wconf 85' lang='lat' dir='ltr'><strong>expergefactus</strong></span> <span class='ocrx_word' id='word_1_793' title='bbox 2529 5135 2559 5174; x_wconf 91' lang='lat' dir='ltr'><strong>a</strong></span> <span class='ocrx_word' id='word_1_794' title='bbox 2593 5134 2793 5175; x_wconf 87' lang='lat' dir='ltr'><strong>somno</strong></span> <span class='ocrx_word' id='word_1_795' title='bbox 2826 5135 2952 5188; x_wconf 92' lang='lat' dir='ltr'><strong>suo,</strong></span> <span class='ocrx_word' id='word_1_796' title='bbox 2994 5119 3218 5175; x_wconf 88' lang='lat' dir='ltr'><strong>dicebat</strong></span> <span class='ocrx_word' id='word_1_797' title='bbox 3247 5137 3260 5172; x_wconf 87' lang='lat'><strong>:</strong></span> <span class='ocrx_word' id='word_1_798' title='bbox 3297 5116 3560 5186; x_wconf 81' lang='lat' dir='ltr'><strong>Egrediar</strong></span> 
     </span>
    </p>
   </div>
   <div class='ocr_carea' id='block_1_108' title="bbox 1976 5211 3559 5285">
    <p class='ocr_par' dir='ltr' id='par_1_108' title="bbox 1976 5211 3559 5285">
     <span class='ocr_line' id='line_1_108' title="bbox 1976 5211 3559 5285; baseline -0.002 -16"><span class='ocrx_word' id='word_1_799' title='bbox 1976 5214 2126 5270; x_wconf 90' lang='lat' dir='ltr'><strong>sicut</strong></span> <span class='ocrx_word' id='word_1_800' title='bbox 2150 5214 2264 5285; x_wconf 89' lang='lat' dir='ltr'><strong>jam</strong></span> <span class='ocrx_word' id='word_1_801' title='bbox 2305 5213 2504 5268; x_wconf 88' lang='lat' dir='ltr'><strong>iterum</strong></span> <span class='ocrx_word' id='word_1_802' title='bbox 2553 5221 2721 5284; x_wconf 88' lang='lat' dir='ltr'><strong>atque</strong></span> <span class='ocrx_word' id='word_1_803' title='bbox 2767 5213 2968 5269; x_wconf 89' lang='lat' dir='ltr'><strong>iterum</strong></span> <span class='ocrx_word' id='word_1_804' title='bbox 3007 5213 3137 5277; x_wconf 89' lang='lat' dir='ltr'><strong>feci,</strong></span> <span class='ocrx_word' id='word_1_805' title='bbox 3169 5219 3224 5266; x_wconf 90' lang='lat' dir='ltr'><strong>et</strong></span> <span class='ocrx_word' id='word_1_806' title='bbox 3256 5211 3512 5266; x_wconf 81' lang='lat' dir='ltr'><strong>excutiar</strong></span> <span class='ocrx_word' id='word_1_807' title='bbox 3543 5229 3559 5266; x_wconf 86' lang='lat'><strong>:</strong></span> 
     </span>
    </p>
   </div>
   <div class='ocr_carea' id='block_1_109' title="bbox 1975 5303 3560 5380">
    <p class='ocr_par' dir='ltr' id='par_1_109' title="bbox 1975 5303 3560 5380">
     <span class='ocr_line' id='line_1_109' title="bbox 1975 5303 3560 5380; baseline -0.006 -16"><span class='ocrx_word' id='word_1_808' title='bbox 1975 5310 2096 5380; x_wconf 89' lang='lat' dir='ltr'><strong>ipse</strong></span> <span class='ocrx_word' id='word_1_809' title='bbox 2126 5317 2313 5363; x_wconf 89' lang='lat' dir='ltr'><strong>autem</strong></span> <span class='ocrx_word' id='word_1_810' title='bbox 2345 5307 2654 5372; x_wconf 88' lang='lat' dir='ltr'><strong>nesciebat,</strong></span> <span class='ocrx_word' id='word_1_811' title='bbox 2693 5307 2841 5377; x_wconf 89' lang='lat' dir='ltr'><strong>quod</strong></span> <span class='ocrx_word' id='word_1_812' title='bbox 2872 5305 3145 5360; x_wconf 88' lang='lat' dir='ltr'><strong>Dominus</strong></span> <span class='ocrx_word' id='word_1_813' title='bbox 3170 5303 3498 5358; x_wconf 82' lang='lat' dir='ltr'><strong>recessisset</strong></span> <span class='ocrx_word' id='word_1_814' title='bbox 3531 5318 3560 5355; x_wconf 90' lang='lat' dir='ltr'><strong>a</strong></span> 
     </span>
    </p>
   </div>
   <div class='ocr_carea' id='block_1_110' title="bbox 1976 5391 3557 5470">
    <p class='ocr_par' dir='ltr' id='par_1_110' title="bbox 1976 5391 3557 5470">
     <span class='ocr_line' id='line_1_110' title="bbox 1976 5391 3557 5470; baseline -0.008 -13"><span class='ocrx_word' id='word_1_815' title='bbox 1976 5416 2056 5457; x_wconf 92' lang='lat' dir='ltr'><strong>se.</strong></span> <span class='ocrx_word' id='word_1_816' title='bbox 2091 5399 2273 5470; x_wconf 82' lang='lat' dir='ltr'><strong>Atque</strong></span> <span class='ocrx_word' id='word_1_817' title='bbox 2299 5397 2781 5470; x_wconf 84' lang='lat' dir='ltr'><strong>apprehenderunt</strong></span> <span class='ocrx_word' id='word_1_818' title='bbox 2805 5399 2985 5468; x_wconf 89' lang='lat' dir='ltr'><strong>ipsum</strong></span> <span class='ocrx_word' id='word_1_819' title='bbox 3019 5394 3305 5466; x_wconf 80' lang='lat' dir='ltr'><strong>allopliyli,</strong></span> <span class='ocrx_word' id='word_1_820' title='bbox 3343 5401 3399 5447; x_wconf 86' lang='lat' dir='ltr'><strong>et</strong></span> <span class='ocrx_word' id='word_1_821' title='bbox 3425 5391 3557 5447; x_wconf 76' lang='lat' dir='ltr'><strong>etle-</strong></span> 
     </span>
    </p>
   </div>
   <div class='ocr_carea' id='block_1_111' title="bbox 1972 5486 3558 5564">
    <p class='ocr_par' dir='ltr' id='par_1_111' title="bbox 1972 5486 3558 5564">
     <span class='ocr_line' id='line_1_111' title="bbox 1972 5486 3558 5564; baseline -0.008 -13"><span class='ocrx_word' id='word_1_822' title='bbox 1972 5494 2177 5551; x_wconf 90' lang='lat' dir='ltr'><strong>derunt</strong></span> <span class='ocrx_word' id='word_1_823' title='bbox 2208 5492 2399 5549; x_wconf 90' lang='lat' dir='ltr'><strong>oculos</strong></span> <span class='ocrx_word' id='word_1_824' title='bbox 2432 5489 2578 5564; x_wconf 85' lang='lat' dir='ltr'><strong>ejus,</strong></span> <span class='ocrx_word' id='word_1_825' title='bbox 2611 5497 2666 5548; x_wconf 94' lang='lat' dir='ltr'><strong>et</strong></span> <span class='ocrx_word' id='word_1_826' title='bbox 2685 5491 3036 5550; x_wconf 82' lang='lat' dir='ltr'><strong>deduxerunt</strong></span> <span class='ocrx_word' id='word_1_827' title='bbox 3069 5503 3195 5545; x_wconf 88' lang='lat' dir='ltr'><strong>eum</strong></span> <span class='ocrx_word' id='word_1_828' title='bbox 3224 5486 3454 5542; x_wconf 86' lang='lat' dir='ltr'><strong>Gazam.</strong></span> <span class='ocrx_word' id='word_1_829' title='bbox 3487 5486 3558 5540; x_wconf 76' lang='lat' dir='ltr'><strong>Et</strong></span> 
     </span>
    </p>
   </div>
   <div class='ocr_carea' id='block_1_112' title="bbox 1595 5603 2279 5670">
    <p class='ocr_par' dir='ltr' id='par_1_112' title="bbox 1595 5603 2279 5670">
     <span class='ocr_line' id='line_1_112' title="bbox 1595 5603 2279 5670; baseline -0.006 -4"><span class='ocrx_word' id='word_1_830' title='bbox 1595 5607 1828 5666; x_wconf 66' lang='lat' dir='ltr'><strong>VARIE</strong></span> <span class='ocrx_word' id='word_1_831' title='bbox 1864 5603 2279 5670; x_wconf 63' lang='lat' dir='ltr'><strong>LECTIONES.</strong></span> 
     </span>
    </p>
   </div>
   <div class='ocr_carea' id='block_1_113' title="bbox 328 5685 3550 5774">
    <p class='ocr_par' dir='ltr' id='par_1_113' title="bbox 328 5685 3550 5774">
     <span class='ocr_line' id='line_1_113' title="bbox 328 5685 3550 5774; baseline -0.007 -12"><span class='ocrx_word' id='word_1_832' title='bbox 328 5707 362 5749; x_wconf 72' lang='grc' dir='ltr'><em>δ</em></span> <span class='ocrx_word' id='word_1_833' title='bbox 391 5701 502 5758; x_wconf 85' lang='lat' dir='ltr'><strong>llic</strong></span> <span class='ocrx_word' id='word_1_834' title='bbox 525 5699 668 5774; x_wconf 74' lang='lat' dir='ltr'><strong>male</strong></span> <span class='ocrx_word' id='word_1_835' title='bbox 701 5701 976 5774; x_wconf 77' lang='lat' dir='ltr'><strong>insertum</strong></span> <span class='ocrx_word' id='word_1_836' title='bbox 1007 5719 1210 5762; x_wconf 89' lang='lat' dir='ltr'><strong>nomen</strong></span> <span class='ocrx_word' id='word_1_837' title='bbox 1242 5703 1463 5770; x_wconf 81' lang='grc' dir='ltr'>Δαλιδά,</span> <span class='ocrx_word' id='word_1_838' title='bbox 1489 5720 1612 5774; x_wconf 84' lang='lat' dir='ltr'><strong>quae</strong></span> <span class='ocrx_word' id='word_1_839' title='bbox 1638 5701 1927 5760; x_wconf 85' lang='lat' dir='ltr'><strong>Samsouis</strong></span> <span class='ocrx_word' id='word_1_840' title='bbox 1951 5715 2091 5757; x_wconf 89' lang='lat' dir='ltr'><strong>uxor</strong></span> <span class='ocrx_word' id='word_1_841' title='bbox 2133 5715 2246 5755; x_wconf 89' lang='lat' dir='ltr'><strong>non</strong></span> <span class='ocrx_word' id='word_1_842' title='bbox 2279 5699 2380 5755; x_wconf 85' lang='lat' dir='ltr'><strong>fuit</strong></span> <span class='ocrx_word' id='word_1_843' title='bbox 2409 5715 2421 5751; x_wconf 89' lang='lat'>:</span> <span class='ocrx_word' id='word_1_844' title='bbox 2462 5695 2720 5766; x_wconf 88' lang='lat' dir='ltr'><strong>superius</strong></span> <span class='ocrx_word' id='word_1_845' title='bbox 2753 5700 2934 5750; x_wconf 89' lang='lat' dir='ltr'><strong>autem</strong></span> <span class='ocrx_word' id='word_1_846' title='bbox 2967 5691 3258 5765; x_wconf 79' lang='lat' dir='ltr'><strong>legendum</strong></span> <span class='ocrx_word' id='word_1_847' title='bbox 3289 5685 3401 5744; x_wconf 81' lang='lat' dir='ltr'><strong>dixi</strong></span> <span class='ocrx_word' id='word_1_848' title='bbox 3442 5690 3550 5739; x_wconf 78' lang='lat' dir='ltr'><strong>Aa-</strong></span> 
     </span>
    </p>
   </div>
   <div class='ocr_carea' id='block_1_114' title="bbox 239 5771 789 5845">
    <p class='ocr_par' dir='ltr' id='par_1_114' title="bbox 239 5771 789 5845">
     <span class='ocr_line' id='line_1_114' title="bbox 239 5771 789 5845; baseline -0.016 -8"><span class='ocrx_word' id='word_1_849' title='bbox 239 5780 389 5837; x_wconf 73' lang='grc' dir='ltr'>λιλοι</span> <span class='ocrx_word' id='word_1_850' title='bbox 429 5789 531 5845; x_wconf 89' lang='lat' dir='ltr'><strong>pro</strong></span> <span class='ocrx_word' id='word_1_851' title='bbox 571 5771 789 5828; x_wconf 83' lang='grc' dir='ltr'>Δαλιδά.</span> 
     </span>
    </p>
   </div>
  </div>
