3960 6394
485 331 620 397 μιν

1670 324 1736 385 S.
1769 319 2092 384 JOANNIS
2133 318 2566 381 DAMASCENI

3568 334 3667 407 135"}

484 457 801 524 ligaverunt
858 450 1017 504 'llum
1058 445 1115 501 in
1167 443 1528 515 compedibus
1576 445 1745 500 mucis
1792 451 1893 498 :ct
1944 450 2061 498 erat

2169 440 2489 512 ἐκράτησαν
2532 440 2697 495 αύτδν
2737 440 2787 494 oi
2822 440 3137 511 ἀλλόφυλοι,
3180 442 3272 496 καὶ
3311 440 3549 518 ὲξώρυξαν
3577 464 3667 513 τοὺς

484 547 702 602 molens
736 544 792 598 in
823 541 990 597 domo
1013 537 1281 595 carceris.
1326 555 1345 588 ι

562 803 662 864 III
690 805 816 878 Reg.
840 822 920 874 ιι,
945 807 1103 862 4.--ι
1123 802 1335 863 Factus
1359 811 1445 860 est
1472 803 1731 860 Salomon
1750 803 1806 857 in
1831 807 2075 871 tempore

484 901 820 964 senectutis,
857 908 914 954 et
947 913 1060 954 non
1099 904 1219 954 erat
1245 911 1343 953 cor
1365 895 1488 965 ejus
1530 892 1777 966 perfecte
1810 907 1937 947 cum
1964 889 2075 946 Do-

486 991 661 1055 mino,
697 990 863 1045 sicuti
911 1003 1009 1044 cor
1042 985 1214 1043 David
1246 986 1424 1058 patris
1471 984 1671 1055 ipsius.
1719 984 1788 1038 Et
1831 981 2075 1038 declina-

484 1088 687 1139 verunt
746 1078 1010 1134 mulleres
1064 1076 1393 1146 alienigenae
1439 1089 1536 1131 cor
1586 1073 1709 1143 ejus
1753 1079 1880 1142 post
1939 1070 2074 1127 deos

486 1190 642 1231 suos.
681 1169 838 1226 Tunc
866 1168 1165 1225 aediﬁcavit
1202 1167 1469 1222 Salomon
1515 1165 1800 1222 excelsum
1834 1162 2072 1218 Chamos

486 1266 634 1321 idolo
675 1263 854 1328 Moab,
892 1271 946 1316 et
991 1259 1105 1331 regi
1153 1259 1389 1314 ﬁliorum
1442 1256 1702 1323 Ammon,
1754 1262 1810 1312 et
1838 1254 2075 1322 .Astarte

487 1352 893 1413 abominationi
967 1349 1349 1407 Sidoniorum.
1397 1348 1465 1403 Et
1523 1348 1591 1401 ad
1653 1346 1799 1402 hunc
1848 1346 2071 1401 modum

487 1450 623 1506 fecit
653 1447 917 1503 omnibus
949 1443 1279 1499 mulieribus
1308 1440 1426 1497 suis
1461 1439 1812 1509 alienigenis.
1843 1436 1911 1492 Et
1941 1439 2074 1494 ado-

2175 532 2492 603 ὀφθαλμοὺς
2519 531 2710 596 αὑτοῦ,
2745 533 2840 586 καὶ
2866 534 3215 605 κατήνεγκαν
3242 536 3393 590 αὑτὸν
3421 540 3490 604 είς
3519 544 3673 611 Γάζαν.

2174 621 2290 675 Καὶ
2314 621 2515 694 ἔδησαν
2541 622 2704 679 αὑτὸν
2726 625 2785 679 ὲν
2814 623 3007 688 πέδαις
3039 624 3288 696 χαλκαῖς,
3311 629 3400 682 καὶ
3421 625 3482 701 ἦν
3503 634 3675 708 mem

2164 714 2235 765 ἐν
2263 713 2398 785 οἴκῳ
2433 713 2535 784 τῆς
2569 713 2819 784 φυλακῆς
2873 733 2892 762 ι

2253 822 2273 856 ι
2306 804 2573 877 Ἐγενήθη
2601 805 2660 859 ὲν
2688 804 2767 876 τῷ
2792 805 2972 877 καιρῷ
3002 806 3209 876 γήρους
3230 805 3483 880 Σολομὼν,
3506 814 3582 869 καὶ
3598 820 3673 874 οὒκ

2173 888 2296 964 ἦνή
2330 895 2530 965 καρδία
2579 895 2749 949 αὐτοῦ
2782 896 3008 961 τελείως
3047 897 3188 969 μετὰ
3241 899 3455 970 Κυρίου,
3489 906 3677 981 καθὼςὴ

2174 983 2374 1056 καρδία
2410 985 2577 1038 Δαϐὶδ
2601 984 2697 1038 τοῦ
2740 984 2957 1055 πατρὸς
2998 984 3185 1040 αὐτοῦ.
3218 986 3605 1057 Καὶμίξέκλιναν
3637 999 3678 1051 αἱ

2178 1078 2441 1144 γυναῖκες
2497 1079 2553 1131 αἱ
2605 1078 2889 1150 ἀλλότριαι
2912 1062 3317 1159 υ,φτῂνρη-καρδῖἆν
3355 1079 3505 1134 αὐτοῦ
3545 1083 3678 1141 ὀπίσω

2177 1167 2318 1222 θεῶν
2374 1168 2574 1226 αὐτῶν,
2600 1171 2733 1225 Tm
2759 1160 3079 1240 ᾠκοδόμησε
3131 1167 3376 1240 Σολομὼν
3417 1170 3587 1243 ὑψηλὸν
3622 1160 3687 1249 «qi

2175 1261 2386 1333 Χαμῶς
2440 1260 2644 1334 εἰδώλῳ
2693 1262 2892 1327 Μωὰϐ,
2928 1261 3023 1317 καὶ
3077 1259 3156 1332 τῷ
3203 1260 3410 1331 βασιλεί
3459 1264 3550 1317 τῶν
3582 1268 3680 1321 υἱῶν

2176 1354 2437 1435 ςἈμμων,
2467 1355 2564 1407 καὶ
2593 1357 2659 1426 τῇ
2681 1354 2960 1427 Ἀστάρτῃ
2990 1353 3595 1425 βδελύγματιΣιδωνίων’
3613 1341 3691 1414 καὶ,

2175 1444 2349 1509 οὕτως
2404 1445 2633 1517 εποίησε
2679 1445 2882 1509 πάσαις
2928 1448 3050 1508 ταῖς
3101 1444 3353 1514 γυναιξὶν
3405 1447 3550 1500 αὐτοῦ
3593 1455 3681 1516 ταῖς

487 1542 701 1607 lebant,
739 1546 796 1595 et
828 1535 1226 1594 sacriﬁcabant
1269 1531 1590 1589 simulacris
1624 1531 1764 1587 suis.
1804 1549 1823 1582 ι

2175 1536 2524 1607 ἀλλοτρίαιςο
2581 1539 2679 1592 καὶ
2703 1538 2970 1609 ἐθυμίων,
3008 1538 3105 1592 καὶ
3152 1538 3309 1593 ἔθυον
3346 1540 3451 1602 τοῖς
3496 1541 3682 1609 εἰδώλοις

2175 1626 2381 1682 αὐτῶν.
2411 1644 2431 1679 ›

559 1714 720 1769 Prov.
754 1729 808 1779 ν,
837 1709 894 1766 2.
924 1741 996 1752 -
1047 1727 1067 1762 ι
1101 1709 1181 1765 Ne
1221 1709 1476 1764 attendas
1507 1705 1574 1761 ad
1610 1719 1836 1775 pravam
1873 1703 2066 1760 mulie-

2253 1735 2272 1769 ι
2297 1717 2390 1788 Μὴ
2420 1715 2653 1788 πρόσεχε
2682 1716 2862 1795 φαύλῃ
2885 1718 3127 1786 γυναικί.
3150 1717 3295 1772 Μέλι
3320 1717 3424 1790 γὰρ
3448 1722 3684 1788 ἀποστάζει

486 1825 626 1864 rem.
663 1804 799 1862 Nam
834 1807 938 1862 mel
973 1804 1210 1860 distillat
1242 1819 1273 1859 e
1312 1802 1499 1874 lingua
1544 1798 1878 1865 meretricis,
1914 1807 1969 1853 et
2000 1797 2066 1852 ad

2172 1808 2281 1864 ἀπὸ
2311 1787 2539 1878 χειλέων
2568 1787 3095 1879 γυναικδςῄπόρνηςν
3116 1809 3151 1879 ἢ
3193 1808 3331 1881 πρὸς
3362 1787 3533 1883 καιρὸν
3549 1787 3686 1867 λιπάί.

487 1909 709 1968 tempus
742 1897 1050 1969 impinguat
1096 1893 1289 1951 fauces
1315 1902 1478 1954 tuas;
1511 1899 1851 1962 postremum
1885 1897 2066 1944 autem

2173 1917 2256 1954 νει
2290 1898 2385 1953 σὺν
2415 1899 2701 1968 φάρυγγα,
2733 1899 2960 1976 ὕστερον
3007 1899 3194 1970 μέντοι
3227 1903 3533 1976 πικρότερον
3566 1906 3685 1976 χολῆς

484 1992 607 2062 ejus
645 1988 893 2046 amarius
929 1984 1233 2060 absyntbio
1261 1985 1526 2058 reperies,
1558 1992 1613 2039 et
1643 1990 1869 2037 acutum
1895 1980 2066 2052 magis

2173 1991 2456 2063 εὑρήσεις,
2498 1989 2593 2045 καὶ
2642 1990 2986 2062 ἠκονημένον
3028 1993 3236 2063 μᾶλλον
3277 1993 3534 2065 μαχαίρας
3555 1997 3689 2051 διστό-

485 2100 651 2156 quam
678 2082 921 2154 gladium
956 2080 1282 2150 ancipitem.
1316 2096 1341 2147 »η

561 2175 724 2230 Prov.
756 2190 836 2241 vr,
863 2173 954 2228 26.
989 2203 1058 2215 -
1086 2189 1106 2223 ι
1138 2168 1336 2225 Mulier
1356 2165 1636 2240 pretiosas
1665 2164 1910 2218 virorum
1947 2161 2071 2216 ani-

486 2283 608 2323 mas
641 2266 806 2334 capit.
854 2264 1026 2321 Sedes
1070 2260 1412 2335 ignominiaa,
1465 2257 1667 2313 mulier
1696 2255 1826 2312 odio
1862 2255 2071 2313 habens

510 2366 660 2412 usta.
695 2374 715 2408 ι

510 2366 660 2412 usta.
695 2374 715 2408 ι

483 2356 502 2429 i
558 2447 719 2503 Prov.
754 2459 856 2512 vn,
893 2443 951 2501 2.
994 2474 1055 2487 ——
1098 2460 1117 2494 ι
1158 2438 1289 2505 Fili,
1337 2452 1497 2495 serva
1542 2436 1797 2493 mandata
1830 2450 1975 2501 mea,
2013 2444 2070 2492 ct

487 2539 642 2595 vives
674 2557 688 2593 :
725 2545 788 2590 ut
820 2544 874 2590 te
900 2532 1221 2590 custodiant
1256 2544 1289 2584 a
1323 2529 1557 2584 muliere
1600 2529 1783 2583 aliena
1815 2536 1870 2583 et
1897 2526 2079 2583 mala..

483 2629 563 2684 De
616 2628 863 2683 fenestra
918 2624 1070 2680 enim
1104 2622 1305 2677 domus
1359 2635 1496 2675 meae
1549 2635 1649 2691 per
1688 2618 1969 2675 cancellos
2010 2616 2067 2673 in

379 2749 385 2755 -
481 2721 698 2791 plateas
726 2716 1099 2789 prospiciens,
1131 2727 1297 2786 quem
1326 2712 1533 2768 viderit
1562 2726 1593 2765 e
1627 2711 1756 2766 ﬁliis
1796 2708 2068 2780 insipien-

481 2813 636 2868 tibus
664 2811 926 2883 juvenem
959 2815 1240 2877 expertem
1277 2818 1468 2869 sensu,
1502 2802 1601 2874 qui
1644 2802 1846 2856 transit
1877 2801 1934 2856 in
1971 2815 2069 2856 an-

482 2904 635 2976 gulo,
688 2902 744 2956 in
790 2898 955 2955 biviis
983 2897 1275 2951 domorum
1323 2894 1470 2962 ejus,
1517 2900 1575 2948 ct
1634 2891 1957 2962 loquentem
2011 2892 2068 2947 in

483 2992 804 3065 vespertina
843 2989 1212 3053 obscuritate,
1259 2987 1484 3057 quando
1520 2987 1634 3057 jam
1673 2995 1760 3042 est
1799 2994 2069 3041 nocturna

482 3086 642 3155 quies
703 3088 760 3136 et
799 3079 1148 3149 caliginosa:
1212 3076 1411 3131 mulier
1455 3082 1641 3130 autem
1685 3077 1932 3132 occurrit
1987 3076 2064 3130 illi

483 3175 726 3245 speciem
760 3171 980 3227 babens
1019 3168 1415 3232 meretriciam,
1458 3182 1581 3238 quae
1625 3169 1840 3224 seducit
1873 3170 2065 3238 junio-

480 3284 605 3323 rum
639 3265 831 3320 corda.
866 3262 986 3318 Alis
1008 3260 1291 3316 instructa
1324 3266 1411 3315 est
1443 3260 1831 3332 intemperanti
1858 3274 2014 3316 more
2046 3276 2063 3314 :

481 3359 632 3416 domi
662 3356 834 3429 quieti
868 3370 979 3410 non
1014 3360 1145 3409 sunt
1178 3353 1347 3422 pedes
1373 3352 1519 3422 ejus.
1550 3349 1687 3406 Nam
1723 3353 1886 3408 modo
1914 3352 2065 3409 foras

480 3449 864 3521 circumgirat,
905 3444 1072 3502 modo
1118 3446 1172 3500 in
1203 3443 1404 3515 plateis
1438 3444 1602 3516 juxta
1638 3458 1861 3500 omnem
1891 3458 2065 3515 angu-

479 3549 593 3602 lum
645 3542 963 3599 insidiatur.
1006 3536 1218 3593 Deinde
1250 3534 1570 3606 suscipiens
1599 3535 1888 3590 osculatur
1912 3549 2061 3600 eum,

479 3634 785 3707 impudenti
845 3645 978 3686 vero
1020 3629 1175 3684 vultu
1220 3627 1377 3682 illum
1417 3626 1725 3697 alloquitur
1781 3624 2063 3681 :Victima

480 3727 711 3801 paciﬁca
747 3724 882 3778 mihi
911 3731 1021 3785 est,
1055 3719 1223 3777 hodie
1252 3717 1429 3776 reddo
1457 3726 1584 3773 vota
1610 3732 1751 3777 mea.
1784 3716 1950 3788 410
1973 3716 2064 3771 ld-

480 3825 633 3877 circo
664 3830 889 3888 egressa
922 3828 1045 3870 sum
1069 3812 1127 3867 in
1159 3824 1458 3867 occursum
1494 3820 1648 3865 tuum
1676 3826 1692 3875 ;
1728 3808 2062 3864 desiderans

482 3914 682 3970 faciem
715 3919 890 3972 tuam,
925 3915 980 3962 te
1012 3905 1218 3976 reperi.
1259 3903 1474 3960 Fasciis
1514 3902 1757 3959 instruxi
1794 3900 2060 3965 lectulum

479 4019 703 4070 meum;
758 4000 1149 4069 tapetibusque
1202 3995 1478 4067 Egyptiis
1541 3994 1717 4051 stravi
1774 4013 1787 4045 :
1845 3990 2059 4063 aspersi

479 4096 666 4154 cubile
699 4107 882 4150 meum
907 4104 1099 4155 croco,
1134 4097 1190 4144 et
1212 4088 1436 4143 domum
1471 4101 1650 4141 meam
1678 4085 2058 4142 cinnamomo.
2086 4134 2089 4139 .

478 4187 641 4253 Veni,
671 4195 726 4243 et
757 4184 1010 4239 fruamur
1054 4179 1341 4235 amoribus
1376 4193 1553 4246 usque
1587 4192 1772 4232 mane.
1808 4174 1973 4239 Veni,
2004 4182 2062 4230 et

478 4282 832 4340 involvamur
870 4289 1080 4329 amore.
1115 4270 1236 4327 Non
1267 4271 1415 4326 enim
1448 4277 1537 4326 est
1569 4270 1660 4324 vir
1699 4283 1857 4324 meus
1884 4268 2057 4331 domi,

468 4356 616 4430 'abiit
642 4371 788 4425 viam
818 4364 1228 4436 longissimam,
1284 4362 1513 4417 sacculo
1555 4361 1804 4431 pecuniae
1836 4368 2060 4430 sumpto

2218 2100 2301 2138 Ου.
2337 2101 2356 2133 ι

2218 2100 2301 2138 ου.
2337 2101 2356 2133 ι

2177 2100 2216 2153 μ
2251 2193 2269 2227 ι
2308 2172 2453 2245 Γυνὴ
2494 2172 2684 2244 τιμίας
2720 2172 2901 2245 ψυχὰς
2932 2172 3144 2245 ἀνδρῶν
3172 2175 3423 2247 ἀγρεύει.
3451 2209 3515 2219 -
3538 2177 3687 2248 Θρόνος

2174 2264 2422 2338 ἀτιμίας,
2448 2265 2586 2337 γυνὴ
2615 2265 2857 2337 μισοῦσα
2884 2265 3090 2351 δίκαια.
3122 2283 3142 2317 ι

2250 2464 2269 2498 ι
2302 2445 2420 2513 re,
2456 2444 2702 2514 φύλασσε
2730 2444 2871 2515 ἐμὰς
2892 2442 3135 2509 ἐντολὰς,
3169 2443 3268 2498 καὶ
3308 2440 3531 2513 βιώσεις,
3559 2444 3627 2499 ίνα
3646 2458 3688 2497 σε

2173 2538 2390 2610 τηρήσῃ
2421 2537 2533 2593 ἀπὸ
2561 2536 2826 2606 γυναικὸς
2852 2536 3145 2607 ἀλλοτρίας
3178 2534 3280 2590 καὶ
3327 2536 3568 2604 πονηρᾶς.
3590 2535 3690 2589 Ἀπὸ

2173 2629 2284 2700 γάρ
2313 2627 2532 2700 θυρίδος
2585 2630 2648 2681 ἐκ
2687 2626 2783 2681 τοῦ
2820 2626 2972 2680 οἴκου
3012 2625 3187 2696 αὐτῆς
3234 2625 3317 2689 είς
3341 2626 3436 2689 τὰς
3484 2624 3687 2688 πλατείας

2175 2719 2644 2792 παρακύπτουσα,
2688 2718 2750 2772 ὃν
2803 2718 2870 2773 ἂν
2920 2718 3029 2790 ῐδῃί
3060 2718 3171 2772 τῶν
3227 2717 3476 2789 ἀφρόνων
3533 2716 3689 2771 τέκνων

2173 2814 2397 2869 νεανίαν
2434 2812 2588 2883 ἐνδεῆ
2634 2810 2850 2884 φρενῶν
2897 2810 3425 2883 παραπορευόμενον
3466 2811 3520 2863 ὲν
3543 2809 3689 2881 γωνίᾳ,

2174 2908 2233 2961 ὲν
2280 2906 2476 2970 διόδοις
2526 2905 2693 2959 οἴκων
2732 2904 2907 2974 αὐτῆς
2930 2940 2947 2969 ,
3001 2905 3097 2957 καὶ
3127 2901 3399 2957 λαλοῦντα
3457 2903 3510 2956 ὲν
3554 2900 3691 2956 σκότει

2174 2997 2474 3072 ἑσπερινῷ,
2504 3000 2671 3069 ἡνίκα
2699 2997 2765 3052 ἂν
2858 2994 3063 3066 ἡσυχία
3085 2994 3384 3067 νυκτερινὴ
3414 2992 3503 3047 καὶ
3529 2991 3691 3060 γνοφιὶμ

2172 3092 2272 3163 δης
2291 3107 2305 3121 '
2329 3093 2364 3161 ἠ
2392 3090 2453 3144 δὲ
2476 3088 2619 3160 γυνὴ
2644 3089 2881 3159 συναντᾷ
2908 3086 3058 3157 αὐτῷ
3080 3083 3222 3150 εῐδος
3248 3085 3449 3158 ἔχουσα
3470 3082 3690 3157 πορνικὸν,

2170 3183 2205 3253 ἡ
2238 3185 2384 3237 ποιεῖ
2427 3181 2566 3235 νέων
2618 3179 2945 3245 ἐξίπτασθαι
2998 3178 3257 3251 καρδίας.
3298 3175 3690 3247 ’Δνεπτερωμένη

2169 3276 2319 3328 ἐστὶν
2354 3272 2617 3335 ἀσώτωςο
2644 3274 2703 3325 ὲν
2730 3270 2867 3342 οἴκῳ
2896 3270 2954 3323 δὲ
2984 3269 3084 3340 οὐχ
3122 3268 3489 3342 ἡσυχάζουσιν
3507 3268 3552 3321 ol
3575 3266 3693 3323 πόδες

2168 3365 2359 3435 αὐτῆς.
2388 3364 2600 3435 Χρόνον
2644 3363 2756 3433 γάρ
2786 3378 2912 3415 τινα
2936 3360 3042 3426 ἔξω
3076 3359 3370 3432 ῥέμϐεται,
3400 3358 3565 3430 χρόνῳ
3592 3356 3693 3409 δὲέν

2169 3457 2454 3520 πλατείαις
2498 3455 2653 3526 παρά
2687 3456 2870 3510 πᾶσαν
2909 3453 3116 3522 γωνίαν
3146 3452 3440 3524 ὲνεδρεύει.
3468 3447 3586 3504 Εἶτα
3606 3450 3695 3501 im-

2167 3547 2446 3618 λαὸομένη
2476 3546 2735 3617 ἐφίλησεν
2761 3544 2949 3608 αὐτὸν,
2968 3543 3180 3598 ἀναιδεῖ
3198 3543 3258 3597 δὲ
3282 3541 3548 3615 προσώπῳ
3570 3554 3694 3611 προσ-

2167 3642 2321 3692 εῖπεν
2348 3637 2498 3706 αύτῷ
2519 3653 2534 3668 ο
2569 3635 2745 3691 Θυσία
2769 3634 3023 3706 εἰρηνική
3049 3633 3139 3704 μοί
3171 3634 3315 3698 ἔστι,
3352 3634 3572 3703 σήμερον
3592 3631 3692 3684 em-

2165 3731 2360 3800 δίδωμι
2400 3730 2499 3793 τὰς
2538 3726 2703 3797 εὐχάς
2747 3742 2871 3795 μου.
2917 3726 3121 3780 Ἕνεκα
3149 3723 3346 3779 τούτου
3398 3722 3600 3793 ἐξῆλθον
3634 3721 3692 3781 είς

2168 3818 2500 3890 συνάντησίν
2545 3833 2651 3872 σοι.
2684 3811 2930 3869 ποθοῦσα
2972 3813 3036 3866 τὸ
3070 3812 3373 3885 πρόσωπόν
3407 3828 3495 3865 σου
3530 3806 3693 3881 εὓρηκά

2167 3927 2257 3975 σε·
2291 3910 2532 3980 κειρίαις
2559 3906 2764 3960 τέτακα
2788 3905 2895 3976 τὴν
2934 3903 3123 3973 κλίνην
3159 3920 3292 3974 μου,
3326 3902 3631 3974 ἀμφιτάποις
3652 3897 3692 3950 δὲ

2165 4003 2423 4074 ἐστρωκα
2460 4000 2578 4063 τοῖς
2599 4000 2694 4053 ἀπ’
2723 3997 3007 4067 Αἰγύπτου
3027 4013 3041 4029 '
3071 3996 3378 4068 διέρραγκα
3422 3993 3515 4064 τὴν
3547 3990 3692 4059 κοίτην

2171 4112 2275 4168 μου
2307 4094 2515 4165 κρόκῳ,
2557 4091 2651 4146 τὸν
2700 4089 2760 4144 δὲ
2792 4084 2942 4144 οἶκόν
2978 4104 3082 4159 μου
3126 4086 3489 4158 κινναμώμῳ.
3550 4081 3690 4144 Ἑλθὲ,

2163 4189 2261 4242 καὶ
2303 4183 2708 4254 ἀπολαύσωμεν
2757 4180 2945 4251 φιλίας
3004 4179 3113 4244 ἓως
3160 4178 3388 4251 ὄρθρου.
3430 4174 3584 4247 Δεῦρο
3622 4169 3692 4226 καὶ

2162 4273 2582 4346 ὲγκυλισθῶμεν
2617 4271 2807 4344 ἔρωτι.
2844 4272 2920 4326 Οὐ
2946 4271 3058 4343 γὰρ
3093 4271 3366 4343 πάρεστιν
3405 4274 3434 4325 ό
3464 4272 3589 4340 ἀνήρ
3614 4282 3691 4338 μου

2164 4371 2224 4424 ὲν
2252 4368 2388 4439 οἴκῳ
2408 4383 2423 4398 ·
2454 4365 2794 4438 πεπόρευται
2824 4363 2928 4435 ὁδῷ
2955 4365 3164 4435 μακρᾷ,
3188 4363 3449 4434 ἔνδεσμον
3474 4357 3689 4433 ἀργυρίου

478 4468 536 4524 in
573 4479 740 4522 manu
770 4476 870 4517 sua
915 4477 931 4515 :
970 4464 1100 4530 post
1145 4455 1266 4510 dies
1312 4454 1523 4511 multos
1572 4452 1775 4510 redibit
1832 4452 2055 4507 domum

2169 4456 2349 4513 λαϐὼν
2377 4457 2436 4510 ὲν
2457 4459 2525 4529 τῇ
2567 4456 2714 4528 χειρὶ
2740 4454 2935 4521 αὑτοῦ,
2978 4455 3049 4508 δι’
3083 4454 3311 4526 ἡμερῶν
3340 4453 3541 4508 πολλῶν
3554 4453 3690 4503 ’ὲπανυ
3747 4520 3753 4526 ,

477 4575 660 4620 suam.
696 4552 932 4611 Seduxit
961 4564 1088 4608 eum
1126 4546 1301 4601 multo
1332 4545 1633 4614 colloquio,
1662 4551 1716 4599 et
1742 4543 1953 4598 retibus
1976 4542 2057 4596 la-

474 4657 696 4712 biorum
748 4643 1022 4719 pertraxit
1066 4640 1245 4696 illum.
1300 4636 1402 4692 llic
1441 4645 1625 4693 autem
1682 4636 2060 4691 circumactus

474 4751 709 4804 secutus
734 4748 847 4796 est.
882 4734 1043 4792 Sicut
1070 4734 1172 4789 bos
1204 4730 1276 4787 ad
1306 4729 1587 4785 victimam
1619 4728 1861 4794 ducitur,
1896 4734 1951 4782 et
1983 4726 2062 4784 si-

473 4843 571 4891 cut
601 4831 760 4889 canis
785 4829 854 4884 ad
876 4826 1185 4890 vinculum,
1208 4830 1304 4876 aut
1334 4820 1483 4877 sicut
1515 4834 1712 4875 cervus
1737 4819 2060 4875 vulneratus

477 4927 531 4978 in
587 4923 801 4993 jeeore,
832 4923 1096 4988 properat
1160 4912 1310 4969 velut
1355 4908 1477 4965 avis
1516 4908 1584 4964 ad
1635 4908 1918 4979 laqueum,
1958 4924 2060 4965 ne-

477 5016 664 5073 sciens
697 5012 829 5086 quia
872 5025 977 5082 pro
1015 5007 1203 5062 anima
1240 5002 1443 5061 currit.
1486 4999 1690 5057 Multos
1720 5000 2061 5057 vulnerando

481 5104 703 5177 dejecit,
738 5094 1179 5157 innumerabiles
1218 5101 1352 5150 sunt
1389 5106 1533 5163 quos
1587 5090 1911 5150 trucidavit.
1947 5088 2062 5146 Viae

482 5199 792 5254 inferorum
842 5189 1045 5245 domus
1092 5184 1238 5257 ejus,
1286 5184 1627 5241 deducentcs
1657 5185 1713 5238 in
1756 5182 2061 5255 penetralia

482 5289 704 5344 mortis.
737 5304 757 5338 ι

557 5380 719 5435 Prov.
747 5392 831 5440 xu,
858 5373 951 5428 22.
979 5399 1049 5413 -—
1075 5389 1094 5422 ι
1118 5368 1285 5426 Velut
1326 5369 1547 5424 inauris
1573 5369 1630 5423 in
1667 5370 1894 5426 naribus
1919 5370 2059 5436 suis,

484 5469 567 5526 sic
599 5465 821 5521 mulieri
857 5474 1120 5533 perverso
1154 5460 1340 5515 animo
1371 5458 1749 5531 pulchritudo.
1788 5478 1808 5510 ι

558 5557 725 5613 Prov.
747 5560 825 5620 ix,
859 5553 946 5608 l5.
980 5580 1045 5593 --
1091 5571 1110 5605 ι
1145 5549 1345 5607 Mulier
1377 5551 1547 5607 stulta
1586 5560 1641 5607 et
1680 5567 1905 5622 procax,
1938 5552 2063 5608 cibo

490 5651 749 5721 indigens
766 5646 1022 5714 elﬁcitur,
1068 5660 1192 5720 quae
1226 5660 1328 5700 nec
1369 5647 1527 5701 novit
1580 5646 1869 5717 pudorem.
1908 5644 2066 5702 Sedit

493 5743 551 5801 in
586 5740 807 5799 foribus
833 5739 1034 5796 domus
1068 5755 1184 5798 sua:
1212 5752 1382 5810 super
1412 5737 1629 5807 sellam,
1663 5737 1842 5809 palam
1869 5738 1924 5793 in
1947 5739 2064 5810 pla-

2162 4550 2285 4623 ήξει
2307 4551 2388 4614 εἰς
2409 4548 2501 4604 τὸν
2524 4542 2676 4602 οἷκον
2701 4545 3283 4617 αὐτοῦ.Ἀπεπλάνησε
3310 4547 3370 4600 δὲ
3388 4545 3540 4599 αὐτὴν
3560 4541 3690 4610 πολλῇ

2160 4641 2372 4714 ὁμιλίᾳ,
2411 4639 2632 4712 βρόχοις
2654 4639 2714 4693 δὲ
2739 4641 2853 4702 τοῖς
2873 4638 2984 4693 ἀπὸ
3005 4637 3234 4708 χειλέων
3254 4636 3533 4702 ἐξώκειλεν
3548 4633 3689 4688 αὐτόν.

2173 4734 2232 4789 '0
2265 4734 2324 4787 δὲ
2367 4731 2797 4803 ἐπηκολούθησε,
2823 4728 3162 4800 κεπφωθεὶς,
3191 4729 3291 4784 καὶ
3314 4729 3498 4799 ὥσπερ
3522 4727 3571 4780 δὲ
3594 4722 3690 4796 βοῦς

2161 4826 2257 4880 ἐπὶ
2290 4825 2510 4895 σφαγὴν
2547 4824 2765 4894 ἄγεται,
2797 4823 2893 4877 καὶ
2925 4821 3115 4894 ὥσπερ
3153 4821 3303 4876 κύων
3344 4822 3435 4875 ἐπὶ
3461 4814 3688 4890 δεσμὸν,η

2161 4914 2239 4978 ὡς
2268 4914 2469 4984 ἔλαφος
2498 4910 2798 4985 ,πεπληγὼς
2823 4913 2906 4975 εἰς
2930 4912 2993 4965 τὸ
3015 4907 3192 4983 ἧπαρ,
3220 4911 3438 4965 σπεύδει
3468 4911 3519 4964 δὲ
3540 4908 3688 4971 ὥσπερ

2163 5005 2352 5077 ὄρνεον
2379 5008 2462 5069 είς
2487 5004 2716 5074 παγίδα,
2747 5005 2848 5059 οὐκ
2879 5002 3036 5067 εἰδὼς
3061 5004 3147 5057 ὅτι
3172 5005 3301 5074 περὶ
3335 5004 3505 5077 ψυχῆς
3523 5001 3685 5074 τρέχει.

2165 5097 2407 5161 Πολλοὺς
2455 5094 2718 5168 τρώσασα
2768 5093 3155 5166 καταϐέϐληκε
3174 5133 3189 5159 ,
3233 5094 3332 5149 καὶ
3384 5085 3688 5164 ἀναρίθμητοί

2164 5192 2304 5243 εἰσιν
2331 5188 2428 5253 οὓς
2454 5189 2809 5257 πεφόνευκεν.
2829 5186 2971 5241 Ὀδοὶ
2999 5186 3129 5258 ᾅδου
3154 5189 3184 5241 ό
3213 5186 3363 5251 οἶκος
3390 5185 3567 5255 αὐτῆς,
3590 5196 3688 5235 κατ-

2163 5280 2400 5348 άγουσαι
2423 5277 2503 5342 είς
2532 5278 2737 5349 ταμεῖα
2767 5275 3022 5330 θανάτου.
3052 5293 3071 5326 ι

2241 5389 2261 5421 ι
2289 5370 2503 5440 Ὥσπερ
2539 5368 2758 5422 ἐνώτιον
2781 5371 2838 5422 ἐν
2871 5367 2984 5439 ῥινὶ
3013 5366 3126 5435 ὑὸς,
3158 5364 3334 5430 οὕτως
3383 5361 3584 5433 γυναικὶ
3613 5374 3684 5412 κσ-

2164 5463 2393 5534 κόφρονι
2418 5461 2634 5525 κάλλος.
2667 5480 2685 5511 ι

2243 5575 2262 5606 ι
2291 5552 2435 5626 Γυνὴ
2464 5554 2656 5625 ἄφρων
2680 5551 2777 5608 καὶ¹
2809 5552 3062 5624 θρασεῖα,
3092 5548 3274 5621 ἐνδεὴς
3292 5546 3480 5620 ψωμοῦ
3497 5544 3681 5616 γίνεται.

2166 5646 2201 5717 ἢ
2236 5649 2338 5700 οὐκ
2364 5646 2653 5701 ἐπίσταται
2682 5644 2965 5716 αἰσχύνην.
3002 5643 3286 5698 Ἐκάθισεν
3311 5642 3405 5698 ἐπὶ
3424 5640 3592 5712 θύραις
3611 5630 3679 5688 τοῦ

2167 5740 2368 5809 ἑαυτῆς
2414 5738 2598 5803 οἴκου,
2662 5737 2757 5790 ἐπὶ
2793 5736 2986 5807 δίφρου
3040 5735 3297 5807 ἐμφανῶς
3346 5737 3402 5790 ὲν
3444 5727 3677 5790 πλατείαις
