  <div class='ocr_page' id='page_1' title='image "/cluster/home/n/w/nwhite01/storage/ocr_20150623/95:no.2/coo.31924054869999/666.png"; bbox 0 0 3960 6402; ppageno 0'>
   <div class='ocr_carea' id='block_1_1' title="bbox 297 289 432 356">
    <p class='ocr_par' dir='ltr' id='par_1_1' title="bbox 297 289 432 356">
     <span class='ocr_line' id='line_1_1' title="bbox 297 289 432 356; baseline 0 0"><span class='ocrx_word' id='word_1_1' title='bbox 297 289 432 356; x_wconf 80' lang='lat'><strong>1321</strong></span> 
     </span>
    </p>
   </div>
   <div class='ocr_carea' id='block_1_2' title="bbox 1556 280 2295 346">
    <p class='ocr_par' dir='ltr' id='par_1_2' title="bbox 1556 280 2295 346">
     <span class='ocr_line' id='line_1_2' title="bbox 1556 280 2295 346; baseline -0.005 0"><span class='ocrx_word' id='word_1_2' title='bbox 1556 283 1799 346; x_wconf 84' lang='lat' dir='ltr'><strong>SACRA</strong></span> <span class='ocrx_word' id='word_1_3' title='bbox 1829 280 2295 344; x_wconf 82' lang='lat' dir='ltr'><strong>PARALLELA.</strong></span> 
     </span>
    </p>
   </div>
   <div class='ocr_carea' id='block_1_3' title="bbox 3420 268 3557 342">
    <p class='ocr_par' dir='ltr' id='par_1_3' title="bbox 3420 268 3557 342">
     <span class='ocr_line' id='line_1_3' title="bbox 3420 268 3557 342; baseline -0.007 0"><span class='ocrx_word' id='word_1_4' title='bbox 3420 268 3557 342; x_wconf 69' lang='lat'><strong>1322</strong></span> 
     </span>
    </p>
   </div>
   <div class='ocr_carea' id='block_1_4' title="bbox 294 384 1899 472">
    <p class='ocr_par' dir='ltr' id='par_1_4' title="bbox 294 389 1874 472">
     <span class='ocr_line' id='line_1_4' title="bbox 294 389 1874 472; baseline -0.008 -18"><span class='ocrx_word' id='word_1_5' title='bbox 294 396 753 472; x_wconf 74' lang='grc' dir='ltr'><strong>προσ-καλουμένη</strong></span> <span class='ocrx_word' id='word_1_6' title='bbox 786 396 915 462; x_wconf 75' lang='grc' dir='ltr'><strong>τοὺς</strong></span> <span class='ocrx_word' id='word_1_7' title='bbox 968 391 1265 466; x_wconf 78' lang='grc' dir='ltr'><strong>παριόντας</strong></span> <span class='ocrx_word' id='word_1_8' title='bbox 1301 391 1398 447; x_wconf 62' lang='grc' dir='ltr'><strong>καί¹</strong></span> <span class='ocrx_word' id='word_1_9' title='bbox 1442 389 1874 451; x_wconf 87' lang='grc' dir='ltr'><strong>κατευθύνοντας</strong></span> 
     </span>
    </p>
   </div>
   <div class='ocr_carea' id='block_1_5' title="bbox 2030 384 3560 472">
    <p class='ocr_par' dir='ltr' id='par_1_5' title="bbox 2030 384 3560 456">
     <span class='ocr_line' id='line_1_5' title="bbox 2030 384 3560 456; baseline -0.002 -13"><span class='ocrx_word' id='word_1_10' title='bbox 2030 387 2083 445; x_wconf 92' lang='lat' dir='ltr'><strong>is</strong></span> <span class='ocrx_word' id='word_1_11' title='bbox 2123 401 2335 444; x_wconf 85' lang='lat' dir='ltr'><strong>vocans</strong></span> <span class='ocrx_word' id='word_1_12' title='bbox 2388 391 2765 451; x_wconf 93' lang='lat' dir='ltr'><strong>transeuntes,</strong></span> <span class='ocrx_word' id='word_1_13' title='bbox 2807 390 2863 440; x_wconf 91' lang='lat' dir='ltr'><strong>et</strong></span> <span class='ocrx_word' id='word_1_14' title='bbox 2912 389 3065 439; x_wconf 78' lang='lat' dir='ltr'><strong>recta</strong></span> <span class='ocrx_word' id='word_1_15' title='bbox 3103 384 3220 440; x_wconf 90' lang='lat' dir='ltr'><strong>vias</strong></span> <span class='ocrx_word' id='word_1_16' title='bbox 3261 398 3392 440; x_wconf 86' lang='lat' dir='ltr'><strong>suas</strong></span> <span class='ocrx_word' id='word_1_17' title='bbox 3436 401 3560 456; x_wconf 87' lang='lat' dir='ltr'><strong>pcr-</strong></span> 
     </span>
    </p>
   </div>
   <div class='ocr_carea' id='block_1_6' title="bbox 294 481 1873 555">
    <p class='ocr_par' dir='ltr' id='par_1_6' title="bbox 294 481 1873 555">
     <span class='ocr_line' id='line_1_6' title="bbox 294 481 1873 555; baseline -0.008 -9"><span class='ocrx_word' id='word_1_18' title='bbox 294 494 354 546; x_wconf 78' lang='grc' dir='ltr'><strong>ὲν</strong></span> <span class='ocrx_word' id='word_1_19' title='bbox 390 494 514 555; x_wconf 82' lang='grc' dir='ltr'><strong>ταῖς</strong></span> <span class='ocrx_word' id='word_1_20' title='bbox 545 489 681 554; x_wconf 82' lang='grc' dir='ltr'><strong>ὁδοῖς</strong></span> <span class='ocrx_word' id='word_1_21' title='bbox 714 489 916 543; x_wconf 76' lang='grc' dir='ltr'><strong>αὐτῶν.</strong></span> <span class='ocrx_word' id='word_1_22' title='bbox 946 485 1050 549; x_wconf 85' lang='lat'><strong>&quot;0;</strong></span> <span class='ocrx_word' id='word_1_23' title='bbox 1081 487 1232 539; x_wconf 72' lang='grc' dir='ltr'><strong>ἐστιν</strong></span> <span class='ocrx_word' id='word_1_24' title='bbox 1261 483 1420 555; x_wconf 80' lang='grc' dir='ltr'><strong>ὑμῶν</strong></span> <span class='ocrx_word' id='word_1_25' title='bbox 1444 481 1873 554; x_wconf 77' lang='grc' dir='ltr'><strong>ἀφρονέστατος,</strong></span> 
     </span>
    </p>
   </div>
   <div class='ocr_carea' id='block_1_7' title="bbox 296 575 1877 652">
    <p class='ocr_par' dir='ltr' id='par_1_7' title="bbox 296 575 1877 652">
     <span class='ocr_line' id='line_1_7' title="bbox 296 575 1877 652; baseline -0.008 -16"><span class='ocrx_word' id='word_1_26' title='bbox 296 583 604 636; x_wconf 79' lang='grc' dir='ltr'><strong>ἐκκλινάτω</strong></span> <span class='ocrx_word' id='word_1_27' title='bbox 636 579 774 651; x_wconf 84' lang='grc' dir='ltr'><strong>πρός</strong></span> <span class='ocrx_word' id='word_1_28' title='bbox 810 597 901 652; x_wconf 88' lang='grc' dir='ltr'><strong>με,</strong></span> <span class='ocrx_word' id='word_1_29' title='bbox 945 577 1133 648; x_wconf 76' lang='grc' dir='ltr'><strong>ἐνδεὴς</strong></span> <span class='ocrx_word' id='word_1_30' title='bbox 1165 576 1223 629; x_wconf 82' lang='grc' dir='ltr'><strong>δὲ</strong></span> <span class='ocrx_word' id='word_1_31' title='bbox 1250 575 1589 646; x_wconf 84' lang='grc' dir='ltr'><strong>φρονήσεως,</strong></span> <span class='ocrx_word' id='word_1_32' title='bbox 1630 588 1877 644; x_wconf 75' lang='grc' dir='ltr'><strong>παρακε-</strong></span> 
     </span>
    </p>
   </div>
   <div class='ocr_carea' id='block_1_8' title="bbox 293 659 1877 742">
    <p class='ocr_par' dir='ltr' id='par_1_8' title="bbox 293 659 1877 742">
     <span class='ocr_line' id='line_1_8' title="bbox 293 659 1877 742; baseline -0.008 -16"><span class='ocrx_word' id='word_1_33' title='bbox 293 673 549 742; x_wconf 83' lang='grc' dir='ltr'><strong>λεύομαι,</strong></span> <span class='ocrx_word' id='word_1_34' title='bbox 592 671 856 740; x_wconf 79' lang='grc' dir='ltr'><strong>λέγουσαο</strong></span> <span class='ocrx_word' id='word_1_35' title='bbox 892 668 1111 738; x_wconf 79' lang='grc' dir='ltr'><strong>Ἀρτων</strong></span> <span class='ocrx_word' id='word_1_36' title='bbox 1143 664 1395 737; x_wconf 82' lang='grc' dir='ltr'>κρυφίων</span> <span class='ocrx_word' id='word_1_37' title='bbox 1430 662 1602 735; x_wconf 79' lang='grc' dir='ltr'><strong>ἡδέως</strong></span> <span class='ocrx_word' id='word_1_38' title='bbox 1642 659 1877 731; x_wconf 74' lang='grc' dir='ltr'><strong>ἃψασθε,</strong></span> 
     </span>
    </p>
   </div>
   <div class='ocr_carea' id='block_1_9' title="bbox 1980 474 3559 551">
    <p class='ocr_par' dir='ltr' id='par_1_9' title="bbox 1980 474 3559 551">
     <span class='ocr_line' id='line_1_9' title="bbox 1980 474 3559 551; baseline -0.002 -18"><span class='ocrx_word' id='word_1_39' title='bbox 1980 488 2227 551; x_wconf 72' lang='lat' dir='ltr'><strong>agentes.</strong></span> <span class='ocrx_word' id='word_1_40' title='bbox 2257 478 2361 546; x_wconf 85' lang='lat' dir='ltr'><strong>Qui</strong></span> <span class='ocrx_word' id='word_1_41' title='bbox 2390 478 2783 535; x_wconf 87' lang='lat' dir='ltr'><strong>iusanissimus</strong></span> <span class='ocrx_word' id='word_1_42' title='bbox 2806 484 2893 532; x_wconf 89' lang='lat' dir='ltr'><strong>est</strong></span> <span class='ocrx_word' id='word_1_43' title='bbox 2916 483 3185 542; x_wconf 81' lang='lat' dir='ltr'><strong>vestrum,</strong></span> <span class='ocrx_word' id='word_1_44' title='bbox 3216 474 3459 531; x_wconf 90' lang='lat' dir='ltr'><strong>declinet</strong></span> <span class='ocrx_word' id='word_1_45' title='bbox 3490 479 3559 530; x_wconf 82' lang='lat' dir='ltr'><strong>ad</strong></span> 
     </span>
    </p>
   </div>
   <div class='ocr_carea' id='block_1_10' title="bbox 1981 565 3558 640">
    <p class='ocr_par' dir='ltr' id='par_1_10' title="bbox 1981 565 3558 640">
     <span class='ocr_line' id='line_1_10' title="bbox 1981 565 3558 640; baseline -0.004 -16"><span class='ocrx_word' id='word_1_46' title='bbox 1981 585 2091 635; x_wconf 87' lang='lat' dir='ltr'><strong>me,</strong></span> <span class='ocrx_word' id='word_1_47' title='bbox 2139 577 2233 625; x_wconf 83' lang='lat' dir='ltr'><strong>aut</strong></span> <span class='ocrx_word' id='word_1_48' title='bbox 2282 569 2536 640; x_wconf 77' lang='lat' dir='ltr'><strong>indigens</strong></span> <span class='ocrx_word' id='word_1_49' title='bbox 2586 583 2781 636; x_wconf 83' lang='lat' dir='ltr'><strong>sensu,</strong></span> <span class='ocrx_word' id='word_1_50' title='bbox 2833 583 2958 622; x_wconf 87' lang='lat' dir='ltr'><strong>eum</strong></span> <span class='ocrx_word' id='word_1_51' title='bbox 3010 567 3207 633; x_wconf 90' lang='lat' dir='ltr'><strong>invito,</strong></span> <span class='ocrx_word' id='word_1_52' title='bbox 3238 565 3499 639; x_wconf 81' lang='lat' dir='ltr'><strong>inquiens</strong></span> <span class='ocrx_word' id='word_1_53' title='bbox 3546 586 3558 618; x_wconf 92' lang='lat'><strong>:</strong></span> 
     </span>
    </p>
   </div>
   <div class='ocr_carea' id='block_1_11' title="bbox 1980 656 3564 727">
    <p class='ocr_par' dir='ltr' id='par_1_11' title="bbox 1980 656 3564 727">
     <span class='ocr_line' id='line_1_11' title="bbox 1980 656 3564 727; baseline -0.004 -11"><span class='ocrx_word' id='word_1_54' title='bbox 1980 661 2159 718; x_wconf 85' lang='lat' dir='ltr'><strong>Panes</strong></span> <span class='ocrx_word' id='word_1_55' title='bbox 2188 658 2545 716; x_wconf 83' lang='lat' dir='ltr'><strong>absconditos</strong></span> <span class='ocrx_word' id='word_1_56' title='bbox 2562 666 2802 726; x_wconf 74' lang='lat' dir='ltr'><strong>gustato,</strong></span> <span class='ocrx_word' id='word_1_57' title='bbox 2835 667 2890 712; x_wconf 91' lang='lat' dir='ltr'><strong>et</strong></span> <span class='ocrx_word' id='word_1_58' title='bbox 2920 672 3093 727; x_wconf 84' lang='lat' dir='ltr'><strong>aquas</strong></span> <span class='ocrx_word' id='word_1_59' title='bbox 3112 657 3347 712; x_wconf 85' lang='lat' dir='ltr'><strong>furtivas</strong></span> <span class='ocrx_word' id='word_1_60' title='bbox 3369 656 3564 711; x_wconf 72' lang='lat' dir='ltr'><strong>dulces</strong></span> 
     </span>
    </p>
   </div>
   <div class='ocr_carea' id='block_1_12' title="bbox 297 746 1899 834">
    <p class='ocr_par' dir='ltr' id='par_1_12' title="bbox 297 746 1881 834">
     <span class='ocr_line' id='line_1_12' title="bbox 297 746 1881 834; baseline -0.009 -14"><span class='ocrx_word' id='word_1_61' title='bbox 297 765 394 820; x_wconf 70' lang='grc' dir='ltr'><strong>καὶ</strong></span> <span class='ocrx_word' id='word_1_62' title='bbox 424 763 618 828; x_wconf 81' lang='grc' dir='ltr'><strong>ὓδατος</strong></span> <span class='ocrx_word' id='word_1_63' title='bbox 644 762 854 834; x_wconf 76' lang='grc' dir='ltr'><strong>κλοπῆς</strong></span> <span class='ocrx_word' id='word_1_64' title='bbox 878 757 1151 830; x_wconf 81' lang='grc' dir='ltr'><strong>γλυκεροῦ</strong></span> <span class='ocrx_word' id='word_1_65' title='bbox 1182 755 1398 811; x_wconf 84' lang='grc' dir='ltr'><strong>πίεσθε.</strong></span> <span class='ocrx_word' id='word_1_66' title='bbox 1428 756 1489 809; x_wconf 90' lang='grc' dir='ltr'><strong>Ὅ</strong></span> <span class='ocrx_word' id='word_1_67' title='bbox 1522 754 1580 808; x_wconf 83' lang='grc' dir='ltr'><strong>δὲ</strong></span> <span class='ocrx_word' id='word_1_68' title='bbox 1608 753 1710 808; x_wconf 88' lang='grc' dir='ltr'><strong>ούκ</strong></span> <span class='ocrx_word' id='word_1_69' title='bbox 1737 746 1881 806; x_wconf 81' lang='grc' dir='ltr'><strong>οἶδεν</strong></span> 
     </span>
    </p>
   </div>
   <div class='ocr_carea' id='block_1_13' title="bbox 2030 746 3563 834">
    <p class='ocr_par' dir='ltr' id='par_1_13' title="bbox 2030 747 3563 822">
     <span class='ocr_line' id='line_1_13' title="bbox 2030 747 3563 822; baseline -0.004 -16"><span class='ocrx_word' id='word_1_70' title='bbox 2030 751 2175 808; x_wconf 89' lang='lat' dir='ltr'><strong>ibite.</strong></span> <span class='ocrx_word' id='word_1_71' title='bbox 2216 750 2321 807; x_wconf 81' lang='lat' dir='ltr'><strong>Hic</strong></span> <span class='ocrx_word' id='word_1_72' title='bbox 2348 766 2476 806; x_wconf 83' lang='lat' dir='ltr'><strong>vero</strong></span> <span class='ocrx_word' id='word_1_73' title='bbox 2507 750 2731 822; x_wconf 83' lang='lat' dir='ltr'><strong>ignorat</strong></span> <span class='ocrx_word' id='word_1_74' title='bbox 2770 747 2920 821; x_wconf 89' lang='lat' dir='ltr'><strong>quod</strong></span> <span class='ocrx_word' id='word_1_75' title='bbox 2962 749 3214 820; x_wconf 79' lang='lat' dir='ltr'><strong>gigantes</strong></span> <span class='ocrx_word' id='word_1_76' title='bbox 3252 750 3398 818; x_wconf 87' lang='lat' dir='ltr'><strong>apud</strong></span> <span class='ocrx_word' id='word_1_77' title='bbox 3440 764 3563 804; x_wconf 88' lang='lat' dir='ltr'><strong>cant</strong></span> 
     </span>
    </p>
   </div>
   <div class='ocr_carea' id='block_1_14' title="bbox 295 841 1899 928">
    <p class='ocr_par' dir='ltr' id='par_1_14' title="bbox 295 845 1882 928">
     <span class='ocr_line' id='line_1_14' title="bbox 295 845 1882 928; baseline -0.008 -17"><span class='ocrx_word' id='word_1_78' title='bbox 295 859 383 911; x_wconf 82' lang='grc' dir='ltr'><strong>ὅτι</strong></span> <span class='ocrx_word' id='word_1_79' title='bbox 417 858 674 928; x_wconf 83' lang='grc' dir='ltr'><strong>γηγενεῖς</strong></span> <span class='ocrx_word' id='word_1_80' title='bbox 708 855 842 927; x_wconf 83' lang='grc' dir='ltr'><strong>παρ’</strong></span> <span class='ocrx_word' id='word_1_81' title='bbox 871 853 1010 924; x_wconf 76' lang='grc' dir='ltr'><strong>αὐτῇ</strong></span> <span class='ocrx_word' id='word_1_82' title='bbox 1041 850 1313 916; x_wconf 77' lang='grc' dir='ltr'><strong>ὁλοῦνται,</strong></span> <span class='ocrx_word' id='word_1_83' title='bbox 1350 847 1447 903; x_wconf 72' lang='grc' dir='ltr'><strong>καλ.</strong></span> <span class='ocrx_word' id='word_1_84' title='bbox 1494 849 1575 911; x_wconf 87' lang='grc' dir='ltr'><strong>είς</strong></span> <span class='ocrx_word' id='word_1_85' title='bbox 1606 845 1882 916; x_wconf 83' lang='grc' dir='ltr'><strong>πέταυρον</strong></span> 
     </span>
    </p>
   </div>
   <div class='ocr_carea' id='block_1_15' title="bbox 2030 841 3310 928">
    <p class='ocr_par' dir='ltr' id='par_1_15' title="bbox 2030 841 3310 914">
     <span class='ocr_line' id='line_1_15' title="bbox 2030 841 3310 914; baseline -0.004 -14"><span class='ocrx_word' id='word_1_86' title='bbox 2030 843 2262 910; x_wconf 76' lang='lat' dir='ltr'><strong>eribunt,</strong></span> <span class='ocrx_word' id='word_1_87' title='bbox 2287 852 2343 900; x_wconf 88' lang='lat' dir='ltr'><strong>et</strong></span> <span class='ocrx_word' id='word_1_88' title='bbox 2366 843 2421 898; x_wconf 92' lang='lat' dir='ltr'><strong>in</strong></span> <span class='ocrx_word' id='word_1_89' title='bbox 2456 841 2721 914; x_wconf 84' lang='lat' dir='ltr'><strong>perticam</strong></span> <span class='ocrx_word' id='word_1_90' title='bbox 2749 841 2947 896; x_wconf 85' lang='lat' dir='ltr'><strong>inferni</strong></span> <span class='ocrx_word' id='word_1_91' title='bbox 2981 843 3249 899; x_wconf 89' lang='lat' dir='ltr'><strong>occurrit.</strong></span> <span class='ocrx_word' id='word_1_92' title='bbox 3292 862 3310 895; x_wconf 85' lang='grc' dir='ltr'><strong>ι</strong></span> 
     </span>
    </p>
   </div>
   <div class='ocr_carea' id='block_1_16' title="bbox 297 948 776 1021">
    <p class='ocr_par' dir='ltr' id='par_1_16' title="bbox 297 948 776 1021">
     <span class='ocr_line' id='line_1_16' title="bbox 297 948 776 1021; baseline -0.008 -19"><span class='ocrx_word' id='word_1_93' title='bbox 297 949 429 1021; x_wconf 70' lang='grc' dir='ltr'><strong>ᾅδου</strong></span> <span class='ocrx_word' id='word_1_94' title='bbox 462 948 722 1018; x_wconf 81' lang='grc' dir='ltr'><strong>συναντᾷ.</strong></span> <span class='ocrx_word' id='word_1_95' title='bbox 756 964 776 997; x_wconf 83' lang='grc' dir='ltr'><strong>ι</strong></span> 
     </span>
    </p>
   </div>
   <div class='ocr_carea' id='block_1_17' title="bbox 377 1029 1885 1112">
    <p class='ocr_par' dir='ltr' id='par_1_17' title="bbox 377 1029 1885 1112">
     <span class='ocr_line' id='line_1_17' title="bbox 377 1029 1885 1112; baseline -0.006 -19"><span class='ocrx_word' id='word_1_96' title='bbox 377 1061 396 1093; x_wconf 73' lang='grc' dir='ltr'><strong>ι</strong></span> <span class='ocrx_word' id='word_1_97' title='bbox 436 1041 646 1112; x_wconf 83' lang='grc' dir='ltr'><strong>’Ὥσπερ</strong></span> <span class='ocrx_word' id='word_1_98' title='bbox 672 1037 894 1109; x_wconf 77' lang='grc' dir='ltr'><strong>σκώληξ</strong></span> <span class='ocrx_word' id='word_1_99' title='bbox 920 1039 978 1091; x_wconf 83' lang='grc' dir='ltr'><strong>ὲν</strong></span> <span class='ocrx_word' id='word_1_100' title='bbox 1025 1036 1194 1109; x_wconf 81' lang='grc' dir='ltr'><strong>ξύλῳ,</strong></span> <span class='ocrx_word' id='word_1_101' title='bbox 1216 1032 1392 1099; x_wconf 74' lang='grc' dir='ltr'><strong>οὕτως</strong></span> <span class='ocrx_word' id='word_1_102' title='bbox 1422 1031 1593 1103; x_wconf 86' lang='grc' dir='ltr'><strong>ἄνδρα</strong></span> <span class='ocrx_word' id='word_1_103' title='bbox 1617 1029 1885 1087; x_wconf 84' lang='grc' dir='ltr'><strong>ἀπόλλυσι</strong></span> 
     </span>
    </p>
   </div>
   <div class='ocr_carea' id='block_1_18' title="bbox 297 1135 856 1208">
    <p class='ocr_par' dir='ltr' id='par_1_18' title="bbox 297 1135 856 1208">
     <span class='ocr_line' id='line_1_18' title="bbox 297 1135 856 1208; baseline -0.009 -16"><span class='ocrx_word' id='word_1_104' title='bbox 297 1138 441 1208; x_wconf 80' lang='grc' dir='ltr'><strong>γυνὴ</strong></span> <span class='ocrx_word' id='word_1_105' title='bbox 477 1135 798 1200; x_wconf 83' lang='grc' dir='ltr'><strong>κακοποιὸς.</strong></span> <span class='ocrx_word' id='word_1_106' title='bbox 836 1154 856 1186; x_wconf 80' lang='grc' dir='ltr'><strong>ι</strong></span> 
     </span>
    </p>
   </div>
   <div class='ocr_carea' id='block_1_19' title="bbox 380 1220 1773 1299">
    <p class='ocr_par' dir='ltr' id='par_1_19' title="bbox 380 1220 1773 1299">
     <span class='ocr_line' id='line_1_19' title="bbox 380 1220 1773 1299; baseline -0.009 -16"><span class='ocrx_word' id='word_1_107' title='bbox 380 1249 399 1283; x_wconf 79' lang='grc' dir='ltr'><strong>ι</strong></span> <span class='ocrx_word' id='word_1_108' title='bbox 446 1230 504 1283; x_wconf 87' lang='grc' dir='ltr'><strong>Ὀ</strong></span> <span class='ocrx_word' id='word_1_109' title='bbox 528 1225 778 1299; x_wconf 72' lang='grc' dir='ltr'><strong>κατέχων</strong></span> <span class='ocrx_word' id='word_1_110' title='bbox 813 1224 1118 1298; x_wconf 82' lang='grc' dir='ltr'><strong>μοιχαλίδα,</strong></span> <span class='ocrx_word' id='word_1_111' title='bbox 1146 1224 1339 1297; x_wconf 79' lang='grc' dir='ltr'><strong>ἄφρων</strong></span> <span class='ocrx_word' id='word_1_112' title='bbox 1369 1220 1471 1279; x_wconf 77' lang='grc' dir='ltr'><strong>καὶ</strong></span> <span class='ocrx_word' id='word_1_113' title='bbox 1494 1220 1726 1293; x_wconf 73' lang='grc' dir='ltr'><strong>ἀσεϐής.</strong></span> <span class='ocrx_word' id='word_1_114' title='bbox 1754 1236 1773 1270; x_wconf 87' lang='grc' dir='ltr'><strong>ι</strong></span> 
     </span>
    </p>
   </div>
   <div class='ocr_carea' id='block_1_20' title="bbox 379 1370 1891 1484">
    <p class='ocr_par' dir='ltr' id='par_1_20' title="bbox 379 1370 1891 1484">
     <span class='ocr_line' id='line_1_20' title="bbox 379 1370 1891 1484; baseline -0.007 -18"><span class='ocrx_word' id='word_1_115' title='bbox 379 1431 400 1465; x_wconf 76' lang='grc' dir='ltr'><strong>ι</strong></span> <span class='ocrx_word' id='word_1_116' title='bbox 422 1411 692 1484; x_wconf 78' lang='grc' dir='ltr'><strong>Κρεϊσσον</strong></span> <span class='ocrx_word' id='word_1_117' title='bbox 718 1370 976 1463; x_wconf 18' lang='grc' dir='ltr'><strong>οἰκείνὶὲν</strong></span> <span class='ocrx_word' id='word_1_118' title='bbox 1014 1407 1230 1479; x_wconf 76' lang='grc' dir='ltr'><strong>ἐρήμῳ,</strong></span> <span class='ocrx_word' id='word_1_119' title='bbox 1265 1403 1300 1477; x_wconf 79' lang='grc' dir='ltr'><strong>ἢ</strong></span> <span class='ocrx_word' id='word_1_120' title='bbox 1332 1404 1473 1477; x_wconf 80' lang='grc' dir='ltr'><strong>μετὰ</strong></span> <span class='ocrx_word' id='word_1_121' title='bbox 1501 1399 1766 1474; x_wconf 80' lang='grc' dir='ltr'><strong>γυναικὸς</strong></span> <span class='ocrx_word' id='word_1_122' title='bbox 1791 1418 1891 1473; x_wconf 86' lang='grc' dir='ltr'><strong>μα-</strong></span> 
     </span>
    </p>
   </div>
   <div class='ocr_carea' id='block_1_21' title="bbox 299 1497 1423 1577">
    <p class='ocr_par' dir='ltr' id='par_1_21' title="bbox 299 1497 1423 1577">
     <span class='ocr_line' id='line_1_21' title="bbox 299 1497 1423 1577; baseline -0.007 -20"><span class='ocrx_word' id='word_1_123' title='bbox 299 1504 465 1577; x_wconf 79' lang='grc' dir='ltr'><strong>χίμου</strong></span> <span class='ocrx_word' id='word_1_124' title='bbox 496 1503 592 1559; x_wconf 88' lang='grc' dir='ltr'><strong>καί</strong></span> <span class='ocrx_word' id='word_1_125' title='bbox 617 1500 974 1573; x_wconf 87' lang='grc' dir='ltr'><strong>γλωσσώδους</strong></span> <span class='ocrx_word' id='word_1_126' title='bbox 998 1502 1095 1554; x_wconf 70' lang='grc' dir='ltr'><strong>καὶ</strong></span> <span class='ocrx_word' id='word_1_127' title='bbox 1125 1497 1369 1570; x_wconf 75' lang='grc' dir='ltr'><strong>ὀργίλου.</strong></span> <span class='ocrx_word' id='word_1_128' title='bbox 1403 1515 1423 1549; x_wconf 87' lang='grc' dir='ltr'><strong>ι</strong></span> 
     </span>
    </p>
   </div>
   <div class='ocr_carea' id='block_1_22' title="bbox 380 1683 1889 1761">
    <p class='ocr_par' dir='ltr' id='par_1_22' title="bbox 380 1683 1889 1761">
     <span class='ocr_line' id='line_1_22' title="bbox 380 1683 1889 1761; baseline -0.008 -14"><span class='ocrx_word' id='word_1_129' title='bbox 380 1712 401 1746; x_wconf 72' lang='grc' dir='ltr'><strong>ι</strong></span> <span class='ocrx_word' id='word_1_130' title='bbox 437 1690 708 1761; x_wconf 83' lang='grc' dir='ltr'><strong>Σταγόνες</strong></span> <span class='ocrx_word' id='word_1_131' title='bbox 732 1688 1095 1745; x_wconf 70' lang='grc' dir='ltr'><strong>ἐκϐάλλουσιν</strong></span> <span class='ocrx_word' id='word_1_132' title='bbox 1120 1684 1407 1758; x_wconf 77' lang='grc' dir='ltr'><strong>ἄνθρωπον</strong></span> <span class='ocrx_word' id='word_1_133' title='bbox 1443 1685 1503 1739; x_wconf 75' lang='grc' dir='ltr'><strong>ὲν</strong></span> <span class='ocrx_word' id='word_1_134' title='bbox 1542 1683 1727 1756; x_wconf 82' lang='grc' dir='ltr'><strong>ἡμέρᾳ</strong></span> <span class='ocrx_word' id='word_1_135' title='bbox 1777 1698 1889 1753; x_wconf 84' lang='grc' dir='ltr'><strong>χει-</strong></span> 
     </span>
    </p>
   </div>
   <div class='ocr_carea' id='block_1_23' title="bbox 309 1771 1889 1855">
    <p class='ocr_par' dir='ltr' id='par_1_23' title="bbox 309 1771 1889 1855">
     <span class='ocr_line' id='line_1_23' title="bbox 309 1771 1889 1855; baseline -0.008 -18"><span class='ocrx_word' id='word_1_136' title='bbox 309 1785 504 1855; x_wconf 75' lang='grc' dir='ltr'><strong>μερινῇ</strong></span> <span class='ocrx_word' id='word_1_137' title='bbox 523 1782 589 1836; x_wconf 77' lang='grc' dir='ltr'><strong>ὲκ</strong></span> <span class='ocrx_word' id='word_1_138' title='bbox 615 1780 712 1834; x_wconf 77' lang='grc' dir='ltr'><strong>τοῦ</strong></span> <span class='ocrx_word' id='word_1_139' title='bbox 736 1779 889 1835; x_wconf 73' lang='grc' dir='ltr'><strong>οἴκου</strong></span> <span class='ocrx_word' id='word_1_140' title='bbox 921 1775 1115 1843; x_wconf 77' lang='grc' dir='ltr'><strong>αὐτοῦ,</strong></span> <span class='ocrx_word' id='word_1_141' title='bbox 1136 1774 1407 1839; x_wconf 78' lang='grc' dir='ltr'><strong>ὡσαύτως</strong></span> <span class='ocrx_word' id='word_1_142' title='bbox 1431 1775 1525 1829; x_wconf 74' lang='grc' dir='ltr'><strong>καὶ</strong></span> <span class='ocrx_word' id='word_1_143' title='bbox 1547 1773 1687 1844; x_wconf 79' lang='grc' dir='ltr'><strong>γυνὴ</strong></span> <span class='ocrx_word' id='word_1_144' title='bbox 1718 1771 1889 1825; x_wconf 80' lang='grc' dir='ltr'><strong>λοίδοο</strong></span> 
     </span>
    </p>
   </div>
   <div class='ocr_carea' id='block_1_24' title="bbox 308 1866 1528 1945">
    <p class='ocr_par' dir='ltr' id='par_1_24' title="bbox 308 1866 1528 1945">
     <span class='ocr_line' id='line_1_24' title="bbox 308 1866 1528 1945; baseline -0.013 -13"><span class='ocrx_word' id='word_1_145' title='bbox 308 1892 402 1945; x_wconf 78' lang='grc' dir='ltr'><strong>ρος</strong></span> <span class='ocrx_word' id='word_1_146' title='bbox 437 1876 502 1929; x_wconf 69' lang='grc' dir='ltr'><strong>ὲκ</strong></span> <span class='ocrx_word' id='word_1_147' title='bbox 521 1872 618 1928; x_wconf 82' lang='grc' dir='ltr'><strong>τοῦ</strong></span> <span class='ocrx_word' id='word_1_148' title='bbox 650 1873 781 1927; x_wconf 86' lang='grc' dir='ltr'><strong>ίδίου</strong></span> <span class='ocrx_word' id='word_1_149' title='bbox 813 1871 966 1926; x_wconf 74' lang='grc' dir='ltr'><strong>οἴκου</strong></span> <span class='ocrx_word' id='word_1_150' title='bbox 997 1870 1168 1940; x_wconf 81' lang='grc' dir='ltr'><strong>ἄνδρα</strong></span> <span class='ocrx_word' id='word_1_151' title='bbox 1193 1866 1471 1921; x_wconf 73' lang='grc' dir='ltr'><strong>ἐκϐάλλει.</strong></span> <span class='ocrx_word' id='word_1_152' title='bbox 1509 1885 1528 1916; x_wconf 82' lang='grc' dir='ltr'><strong>ι</strong></span> 
     </span>
    </p>
   </div>
   <div class='ocr_carea' id='block_1_25' title="bbox 383 1956 1890 2037">
    <p class='ocr_par' dir='ltr' id='par_1_25' title="bbox 383 1956 1890 2037">
     <span class='ocr_line' id='line_1_25' title="bbox 383 1956 1890 2037; baseline -0.007 -16"><span class='ocrx_word' id='word_1_153' title='bbox 383 1987 402 2020; x_wconf 72' lang='grc' dir='ltr'><strong>ι</strong></span> <span class='ocrx_word' id='word_1_154' title='bbox 428 1967 564 2021; x_wconf 78' lang='grc' dir='ltr'><strong>Ἀπὸ</strong></span> <span class='ocrx_word' id='word_1_155' title='bbox 588 1967 689 2037; x_wconf 82' lang='grc' dir='ltr'><strong>τῆς</strong></span> <span class='ocrx_word' id='word_1_156' title='bbox 726 1963 1018 2035; x_wconf 79' lang='grc' dir='ltr'><strong>συγκοίτου</strong></span> <span class='ocrx_word' id='word_1_157' title='bbox 1051 1978 1146 2015; x_wconf 90' lang='grc' dir='ltr'><strong>σου</strong></span> <span class='ocrx_word' id='word_1_158' title='bbox 1184 1958 1443 2031; x_wconf 79' lang='grc' dir='ltr'><strong>φύλαξαι,</strong></span> <span class='ocrx_word' id='word_1_159' title='bbox 1474 1958 1569 2012; x_wconf 78' lang='grc' dir='ltr'><strong>τοῦ</strong></span> <span class='ocrx_word' id='word_1_160' title='bbox 1593 1956 1890 2012; x_wconf 75' lang='grc' dir='ltr'><strong>ἀναθέσθαι</strong></span> 
     </span>
    </p>
   </div>
   <div class='ocr_carea' id='block_1_26' title="bbox 305 2060 802 2131">
    <p class='ocr_par' dir='ltr' id='par_1_26' title="bbox 305 2060 802 2131">
     <span class='ocr_line' id='line_1_26' title="bbox 305 2060 802 2131; baseline -0.008 -17"><span class='ocrx_word' id='word_1_161' title='bbox 305 2061 446 2131; x_wconf 75' lang='grc' dir='ltr'><strong>αὐτῇ</strong></span> <span class='ocrx_word' id='word_1_162' title='bbox 472 2077 528 2113; x_wconf 90' lang='grc' dir='ltr'><strong>τι</strong></span> <span class='ocrx_word' id='word_1_163' title='bbox 552 2060 751 2112; x_wconf 81' lang='grc' dir='ltr'><strong>ποιεῖν.</strong></span> <span class='ocrx_word' id='word_1_164' title='bbox 782 2077 802 2109; x_wconf 86' lang='grc' dir='ltr'><strong>ι</strong></span> 
     </span>
    </p>
   </div>
   <div class='ocr_carea' id='block_1_27' title="bbox 384 2147 1892 2225">
    <p class='ocr_par' dir='ltr' id='par_1_27' title="bbox 384 2147 1892 2225">
     <span class='ocr_line' id='line_1_27' title="bbox 384 2147 1892 2225; baseline -0.005 -18"><span class='ocrx_word' id='word_1_165' title='bbox 384 2174 405 2207; x_wconf 73' lang='grc' dir='ltr'><strong>ι</strong></span> <span class='ocrx_word' id='word_1_166' title='bbox 435 2155 529 2224; x_wconf 85' lang='grc' dir='ltr'><strong>Μὴ</strong></span> <span class='ocrx_word' id='word_1_167' title='bbox 567 2152 677 2225; x_wconf 80' lang='grc' dir='ltr'><strong>δῷς</strong></span> <span class='ocrx_word' id='word_1_168' title='bbox 715 2151 942 2222; x_wconf 76' lang='grc' dir='ltr'><strong>γυναικὶ</strong></span> <span class='ocrx_word' id='word_1_169' title='bbox 993 2151 1095 2222; x_wconf 82' lang='grc' dir='ltr'><strong>τὴν</strong></span> <span class='ocrx_word' id='word_1_170' title='bbox 1142 2150 1325 2222; x_wconf 85' lang='grc' dir='ltr'><strong>ψυχήν</strong></span> <span class='ocrx_word' id='word_1_171' title='bbox 1375 2166 1496 2213; x_wconf 92' lang='grc' dir='ltr'><strong>σου,</strong></span> <span class='ocrx_word' id='word_1_172' title='bbox 1554 2147 1631 2220; x_wconf 85' lang='grc' dir='ltr'><strong>μὴ</strong></span> <span class='ocrx_word' id='word_1_173' title='bbox 1677 2147 1892 2202; x_wconf 87' lang='grc' dir='ltr'><strong>ύπάντα</strong></span> 
     </span>
    </p>
   </div>
   <div class='ocr_carea' id='block_1_28' title="bbox 306 2240 1892 2321">
    <p class='ocr_par' dir='ltr' id='par_1_28' title="bbox 306 2240 1892 2321">
     <span class='ocr_line' id='line_1_28' title="bbox 306 2240 1892 2321; baseline -0.006 -20"><span class='ocrx_word' id='word_1_174' title='bbox 306 2247 720 2321; x_wconf 78' lang='grc' dir='ltr'><strong>ἑταιριζομένῃ.</strong></span> <span class='ocrx_word' id='word_1_175' title='bbox 751 2244 910 2300; x_wconf 81' lang='grc' dir='ltr'><strong>Μετὰ</strong></span> <span class='ocrx_word' id='word_1_176' title='bbox 940 2243 1253 2315; x_wconf 81' lang='grc' dir='ltr'><strong>ψαλλούσης</strong></span> <span class='ocrx_word' id='word_1_177' title='bbox 1275 2242 1353 2315; x_wconf 79' lang='grc' dir='ltr'><strong>μὴ</strong></span> <span class='ocrx_word' id='word_1_178' title='bbox 1381 2240 1708 2312; x_wconf 77' lang='grc' dir='ltr'><strong>ὲνδελέχιζε.</strong></span> <span class='ocrx_word' id='word_1_179' title='bbox 1740 2240 1892 2311; x_wconf 88' lang='grc' dir='ltr'><strong>Παρ-</strong></span> 
     </span>
    </p>
   </div>
   <div class='ocr_carea' id='block_1_29' title="bbox 307 2331 1895 2411">
    <p class='ocr_par' dir='ltr' id='par_1_29' title="bbox 307 2331 1895 2411">
     <span class='ocr_line' id='line_1_29' title="bbox 307 2331 1895 2411; baseline -0.007 -16"><span class='ocrx_word' id='word_1_180' title='bbox 307 2340 466 2397; x_wconf 71' lang='grc' dir='ltr'><strong>θένον</strong></span> <span class='ocrx_word' id='word_1_181' title='bbox 502 2340 578 2410; x_wconf 82' lang='grc' dir='ltr'><strong>μὴ</strong></span> <span class='ocrx_word' id='word_1_182' title='bbox 623 2338 1038 2411; x_wconf 78' lang='grc' dir='ltr'><strong>καταμάνθανε.</strong></span> <span class='ocrx_word' id='word_1_183' title='bbox 1068 2336 1162 2408; x_wconf 78' lang='grc' dir='ltr'><strong>Μὴ</strong></span> <span class='ocrx_word' id='word_1_184' title='bbox 1208 2334 1319 2406; x_wconf 82' lang='grc' dir='ltr'><strong>δῷς</strong></span> <span class='ocrx_word' id='word_1_185' title='bbox 1348 2335 1528 2408; x_wconf 77' lang='grc' dir='ltr'>πόρνῃ</span> <span class='ocrx_word' id='word_1_186' title='bbox 1572 2333 1674 2403; x_wconf 80' lang='grc' dir='ltr'><strong>τὴν</strong></span> <span class='ocrx_word' id='word_1_187' title='bbox 1710 2331 1895 2403; x_wconf 81' lang='grc' dir='ltr'><strong>ψυχήν</strong></span> 
     </span>
    </p>
   </div>
   <div class='ocr_carea' id='block_1_30' title="bbox 310 2423 1892 2505">
    <p class='ocr_par' dir='ltr' id='par_1_30' title="bbox 310 2423 1892 2505">
     <span class='ocr_line' id='line_1_30' title="bbox 310 2423 1892 2505; baseline -0.008 -17"><span class='ocrx_word' id='word_1_188' title='bbox 310 2450 430 2488; x_wconf 86' lang='grc' dir='ltr'><strong>σου.</strong></span> <span class='ocrx_word' id='word_1_189' title='bbox 463 2430 843 2505; x_wconf 71' lang='grc' dir='ltr'><strong>’Δπρστρεψον</strong></span> <span class='ocrx_word' id='word_1_190' title='bbox 885 2429 981 2485; x_wconf 76' lang='grc' dir='ltr'><strong>τὸν</strong></span> <span class='ocrx_word' id='word_1_191' title='bbox 1012 2427 1296 2500; x_wconf 82' lang='grc' dir='ltr'><strong>ὀφθαλμόν</strong></span> <span class='ocrx_word' id='word_1_192' title='bbox 1330 2443 1426 2480; x_wconf 90' lang='grc' dir='ltr'><strong>σου</strong></span> <span class='ocrx_word' id='word_1_193' title='bbox 1467 2425 1576 2481; x_wconf 76' lang='grc' dir='ltr'><strong>ἀπὸ</strong></span> <span class='ocrx_word' id='word_1_194' title='bbox 1624 2423 1892 2493; x_wconf 82' lang='grc' dir='ltr'><strong>γυναικὸς</strong></span> 
     </span>
    </p>
   </div>
   <div class='ocr_carea' id='block_1_31' title="bbox 308 2513 1896 2597">
    <p class='ocr_par' dir='ltr' id='par_1_31' title="bbox 308 2513 1896 2597">
     <span class='ocr_line' id='line_1_31' title="bbox 308 2513 1896 2597; baseline -0.008 -18"><span class='ocrx_word' id='word_1_195' title='bbox 308 2524 614 2597; x_wconf 76' lang='grc' dir='ltr'><strong>εὐμόρφου.</strong></span> <span class='ocrx_word' id='word_1_196' title='bbox 660 2522 818 2579; x_wconf 82' lang='grc' dir='ltr'><strong>Μετὰ</strong></span> <span class='ocrx_word' id='word_1_197' title='bbox 861 2520 1139 2593; x_wconf 85' lang='grc' dir='ltr'><strong>ύπάνδρου</strong></span> <span class='ocrx_word' id='word_1_198' title='bbox 1176 2517 1440 2590; x_wconf 79' lang='grc' dir='ltr'><strong>γυναικὸς</strong></span> <span class='ocrx_word' id='word_1_199' title='bbox 1483 2516 1562 2588; x_wconf 84' lang='grc' dir='ltr'><strong>μὴ</strong></span> <span class='ocrx_word' id='word_1_200' title='bbox 1609 2513 1781 2571; x_wconf 85' lang='grc' dir='ltr'><strong>κάθου</strong></span> <span class='ocrx_word' id='word_1_201' title='bbox 1831 2513 1896 2567; x_wconf 73' lang='grc' dir='ltr'><strong>τὸ</strong></span> 
     </span>
    </p>
   </div>
   <div class='ocr_carea' id='block_1_32' title="bbox 310 2603 1896 2683">
    <p class='ocr_par' dir='ltr' id='par_1_32' title="bbox 310 2603 1896 2683">
     <span class='ocr_line' id='line_1_32' title="bbox 310 2603 1896 2683; baseline -0.006 -15"><span class='ocrx_word' id='word_1_202' title='bbox 310 2613 559 2669; x_wconf 89' lang='grc' dir='ltr'><strong>σύνολον.</strong></span> <span class='ocrx_word' id='word_1_203' title='bbox 588 2615 680 2669; x_wconf 88' lang='grc' dir='ltr'><strong>Ἐν</strong></span> <span class='ocrx_word' id='word_1_204' title='bbox 704 2613 895 2669; x_wconf 86' lang='grc' dir='ltr'><strong>κάλλει</strong></span> <span class='ocrx_word' id='word_1_205' title='bbox 917 2611 1030 2683; x_wconf 83' lang='grc' dir='ltr'><strong>γὰρ</strong></span> <span class='ocrx_word' id='word_1_206' title='bbox 1061 2609 1326 2681; x_wconf 81' lang='grc' dir='ltr'><strong>γυναικδς</strong></span> <span class='ocrx_word' id='word_1_207' title='bbox 1354 2607 1547 2664; x_wconf 77' lang='grc' dir='ltr'><strong>πολλοὶ</strong></span> <span class='ocrx_word' id='word_1_208' title='bbox 1577 2603 1896 2676; x_wconf 72' lang='grc' dir='ltr'><strong>ἐπλανήθη-</strong></span> 
     </span>
    </p>
   </div>
   <div class='ocr_carea' id='block_1_33' title="bbox 309 2724 488 2764">
    <p class='ocr_par' dir='ltr' id='par_1_33' title="bbox 309 2724 488 2764">
     <span class='ocr_line' id='line_1_33' title="bbox 309 2724 488 2764; baseline 0 -2"><span class='ocrx_word' id='word_1_209' title='bbox 309 2724 435 2764; x_wconf 86' lang='grc' dir='ltr'><strong>σαν.</strong></span> <span class='ocrx_word' id='word_1_210' title='bbox 465 2727 488 2762; x_wconf 74' lang='grc' dir='ltr'><strong>ι</strong></span> 
     </span>
    </p>
   </div>
   <div class='ocr_carea' id='block_1_34' title="bbox 391 2791 1785 2869">
    <p class='ocr_par' dir='ltr' id='par_1_34' title="bbox 391 2791 1785 2869">
     <span class='ocr_line' id='line_1_34' title="bbox 391 2791 1785 2869; baseline -0.006 -14"><span class='ocrx_word' id='word_1_211' title='bbox 391 2821 410 2855; x_wconf 80' lang='grc' dir='ltr'><strong>ι</strong></span> <span class='ocrx_word' id='word_1_212' title='bbox 447 2797 607 2865; x_wconf 69' lang='lat' dir='ltr'><strong>Divo;</strong></span> <span class='ocrx_word' id='word_1_213' title='bbox 636 2801 732 2855; x_wconf 78' lang='grc' dir='ltr'><strong>καὶ</strong></span> <span class='ocrx_word' id='word_1_214' title='bbox 759 2800 1021 2869; x_wconf 77' lang='grc' dir='ltr'><strong>γυναῖκες</strong></span> <span class='ocrx_word' id='word_1_215' title='bbox 1045 2796 1422 2868; x_wconf 81' lang='grc' dir='ltr'><strong>ἀποστήσουσι</strong></span> <span class='ocrx_word' id='word_1_216' title='bbox 1453 2791 1730 2857; x_wconf 86' lang='grc' dir='ltr'><strong>συνετούς.</strong></span> <span class='ocrx_word' id='word_1_217' title='bbox 1761 2808 1785 2846; x_wconf 77' lang='grc' dir='ltr'><strong>ι</strong></span> 
     </span>
    </p>
   </div>
   <div class='ocr_carea' id='block_1_35' title="bbox 388 2979 1903 3059">
    <p class='ocr_par' dir='ltr' id='par_1_35' title="bbox 388 2979 1903 3059">
     <span class='ocr_line' id='line_1_35' title="bbox 388 2979 1903 3059; baseline -0.006 -18"><span class='ocrx_word' id='word_1_218' title='bbox 388 3007 409 3041; x_wconf 75' lang='grc' dir='ltr'><strong>ι</strong></span> <span class='ocrx_word' id='word_1_219' title='bbox 446 2986 671 3059; x_wconf 74' lang='grc' dir='ltr'><strong>Πατέρα</strong></span> <span class='ocrx_word' id='word_1_220' title='bbox 707 2985 805 3040; x_wconf 69' lang='grc' dir='ltr'><strong>καὶ</strong></span> <span class='ocrx_word' id='word_1_221' title='bbox 849 2984 1021 3057; x_wconf 75' lang='grc' dir='ltr'><strong>ἄνδρα</strong></span> <span class='ocrx_word' id='word_1_222' title='bbox 1065 2981 1422 3055; x_wconf 83' lang='grc' dir='ltr'><strong>καταισχύνει</strong></span> <span class='ocrx_word' id='word_1_223' title='bbox 1449 2983 1484 3055; x_wconf 77' lang='grc' dir='ltr'><strong>η</strong></span> <span class='ocrx_word' id='word_1_224' title='bbox 1520 2980 1774 3054; x_wconf 76' lang='grc' dir='ltr'><strong>θρασεῖα,</strong></span> <span class='ocrx_word' id='word_1_225' title='bbox 1805 2979 1903 3034; x_wconf 70' lang='grc' dir='ltr'><strong>καὶ</strong></span> 
     </span>
    </p>
   </div>
   <div class='ocr_carea' id='block_1_36' title="bbox 306 3076 1335 3152">
    <p class='ocr_par' dir='ltr' id='par_1_36' title="bbox 306 3076 1335 3152">
     <span class='ocr_line' id='line_1_36' title="bbox 306 3076 1335 3152; baseline -0.007 -18"><span class='ocrx_word' id='word_1_226' title='bbox 306 3080 419 3135; x_wconf 81' lang='grc' dir='ltr'><strong>ὑπὸ</strong></span> <span class='ocrx_word' id='word_1_227' title='bbox 454 3079 788 3152; x_wconf 74' lang='grc' dir='ltr'><strong>ἀμφοτέρων</strong></span> <span class='ocrx_word' id='word_1_228' title='bbox 817 3076 1285 3150; x_wconf 84' lang='grc' dir='ltr'><strong>άτιμασθήσεται.</strong></span> <span class='ocrx_word' id='word_1_229' title='bbox 1315 3092 1335 3127; x_wconf 79' lang='grc' dir='ltr'><strong>ι</strong></span> 
     </span>
    </p>
   </div>
   <div class='ocr_carea' id='block_1_37' title="bbox 392 3164 1907 3248">
    <p class='ocr_par' dir='ltr' id='par_1_37' title="bbox 392 3164 1907 3248">
     <span class='ocr_line' id='line_1_37' title="bbox 392 3164 1907 3248; baseline -0.007 -18"><span class='ocrx_word' id='word_1_230' title='bbox 392 3195 411 3230; x_wconf 78' lang='grc' dir='ltr'><strong>ι</strong></span> <span class='ocrx_word' id='word_1_231' title='bbox 441 3175 584 3248; x_wconf 81' lang='grc' dir='ltr'><strong>Γυνὴ</strong></span> <span class='ocrx_word' id='word_1_232' title='bbox 627 3173 1012 3229; x_wconf 84' lang='grc' dir='ltr'><strong>καταλιποῦσα</strong></span> <span class='ocrx_word' id='word_1_233' title='bbox 1058 3172 1153 3226; x_wconf 80' lang='grc' dir='ltr'><strong>τὸν</strong></span> <span class='ocrx_word' id='word_1_234' title='bbox 1197 3170 1387 3242; x_wconf 79' lang='grc' dir='ltr'><strong>ἄνδρα,</strong></span> <span class='ocrx_word' id='word_1_235' title='bbox 1428 3170 1524 3224; x_wconf 79' lang='grc' dir='ltr'><strong>καὶ</strong></span> <span class='ocrx_word' id='word_1_236' title='bbox 1578 3164 1907 3239; x_wconf 83' lang='grc' dir='ltr'><strong>παριστῶσα</strong></span> 
     </span>
    </p>
   </div>
   <div class='ocr_carea' id='block_1_38' title="bbox 306 3257 1905 3340">
    <p class='ocr_par' dir='ltr' id='par_1_38' title="bbox 306 3257 1905 3340">
     <span class='ocr_line' id='line_1_38' title="bbox 306 3257 1905 3340; baseline -0.008 -16"><span class='ocrx_word' id='word_1_237' title='bbox 306 3267 658 3340; x_wconf 73' lang='grc' dir='ltr'><strong>κληρονόμον</strong></span> <span class='ocrx_word' id='word_1_238' title='bbox 688 3264 749 3332; x_wconf 75' lang='grc' dir='ltr'><strong>ἐξ</strong></span> <span class='ocrx_word' id='word_1_239' title='bbox 769 3263 1090 3336; x_wconf 75' lang='grc' dir='ltr'><strong>ἀλλοτρίων,</strong></span> <span class='ocrx_word' id='word_1_240' title='bbox 1121 3261 1341 3335; x_wconf 86' lang='grc' dir='ltr'><strong>πρῶτον</strong></span> <span class='ocrx_word' id='word_1_241' title='bbox 1367 3263 1427 3316; x_wconf 72' lang='grc' dir='ltr'><strong>ὲν</strong></span> <span class='ocrx_word' id='word_1_242' title='bbox 1467 3259 1621 3331; x_wconf 84' lang='grc' dir='ltr'><strong>νόμῳ</strong></span> <span class='ocrx_word' id='word_1_243' title='bbox 1647 3257 1905 3330; x_wconf 79' lang='grc' dir='ltr'><strong>Ὑψίστου</strong></span> 
     </span>
    </p>
   </div>
   <div class='ocr_carea' id='block_1_39' title="bbox 313 3351 1909 3433">
    <p class='ocr_par' dir='ltr' id='par_1_39' title="bbox 313 3351 1909 3433">
     <span class='ocr_line' id='line_1_39' title="bbox 313 3351 1909 3433; baseline -0.008 -16"><span class='ocrx_word' id='word_1_244' title='bbox 313 3362 616 3433; x_wconf 74' lang='grc' dir='ltr'><strong>ἡπείθησε,</strong></span> <span class='ocrx_word' id='word_1_245' title='bbox 648 3360 744 3414; x_wconf 78' lang='grc' dir='ltr'><strong>καὶ</strong></span> <span class='ocrx_word' id='word_1_246' title='bbox 787 3358 1044 3430; x_wconf 84' lang='grc' dir='ltr'><strong>δεύτερον</strong></span> <span class='ocrx_word' id='word_1_247' title='bbox 1069 3359 1152 3422; x_wconf 85' lang='grc' dir='ltr'><strong>είς</strong></span> <span class='ocrx_word' id='word_1_248' title='bbox 1199 3355 1369 3428; x_wconf 76' lang='grc' dir='ltr'><strong>ἄνδρα</strong></span> <span class='ocrx_word' id='word_1_249' title='bbox 1401 3353 1571 3426; x_wconf 82' lang='grc' dir='ltr'><strong>αὐτῆς</strong></span> <span class='ocrx_word' id='word_1_250' title='bbox 1615 3351 1909 3424; x_wconf 77' lang='grc' dir='ltr'><strong>ἐπλημμέ-</strong></span> 
     </span>
    </p>
   </div>
   <div class='ocr_carea' id='block_1_40' title="bbox 306 3442 1910 3526">
    <p class='ocr_par' dir='ltr' id='par_1_40' title="bbox 306 3442 1910 3526">
     <span class='ocr_line' id='line_1_40' title="bbox 306 3442 1910 3526; baseline -0.006 -18"><span class='ocrx_word' id='word_1_251' title='bbox 306 3455 508 3526; x_wconf 79' lang='grc' dir='ltr'><strong>λησεν,</strong></span> <span class='ocrx_word' id='word_1_252' title='bbox 535 3454 632 3508; x_wconf 74' lang='grc' dir='ltr'><strong>καὶ</strong></span> <span class='ocrx_word' id='word_1_253' title='bbox 661 3453 725 3507; x_wconf 82' lang='grc' dir='ltr'><strong>τὸ</strong></span> <span class='ocrx_word' id='word_1_254' title='bbox 754 3451 942 3522; x_wconf 83' lang='grc' dir='ltr'><strong>τρίτον</strong></span> <span class='ocrx_word' id='word_1_255' title='bbox 977 3451 1037 3505; x_wconf 67' lang='grc' dir='ltr'><strong>ἂν</strong></span> <span class='ocrx_word' id='word_1_256' title='bbox 1078 3447 1311 3521; x_wconf 75' lang='grc' dir='ltr'><strong>πορνείᾳ</strong></span> <span class='ocrx_word' id='word_1_257' title='bbox 1349 3443 1668 3517; x_wconf 70' lang='grc' dir='ltr'><strong>ἐμοιχεύθη,</strong></span> <span class='ocrx_word' id='word_1_258' title='bbox 1707 3444 1806 3500; x_wconf 73' lang='grc' dir='ltr'><strong>καὶ</strong></span> <span class='ocrx_word' id='word_1_259' title='bbox 1848 3442 1910 3509; x_wconf 69' lang='grc' dir='ltr'>ἐξ</span> 
     </span>
    </p>
   </div>
   <div class='ocr_carea' id='block_1_41' title="bbox 308 3535 1909 3614">
    <p class='ocr_par' dir='ltr' id='par_1_41' title="bbox 308 3535 1909 3614">
     <span class='ocr_line' id='line_1_41' title="bbox 308 3535 1909 3614; baseline -0.007 -15"><span class='ocrx_word' id='word_1_260' title='bbox 308 3545 605 3614; x_wconf 81' lang='grc' dir='ltr'><strong>ἀλλοτρίου</strong></span> <span class='ocrx_word' id='word_1_261' title='bbox 636 3543 834 3614; x_wconf 82' lang='grc' dir='ltr'><strong>ἀνδρὸς</strong></span> <span class='ocrx_word' id='word_1_262' title='bbox 880 3541 1050 3598; x_wconf 82' lang='grc' dir='ltr'><strong>τέκνα</strong></span> <span class='ocrx_word' id='word_1_263' title='bbox 1078 3540 1451 3613; x_wconf 77' lang='grc' dir='ltr'><strong>παρέστησεν.</strong></span> <span class='ocrx_word' id='word_1_264' title='bbox 1506 3535 1659 3607; x_wconf 75' lang='grc' dir='ltr'><strong>Αὕτη</strong></span> <span class='ocrx_word' id='word_1_265' title='bbox 1705 3536 1787 3600; x_wconf 87' lang='grc' dir='ltr'><strong>είς</strong></span> <span class='ocrx_word' id='word_1_266' title='bbox 1813 3535 1909 3589; x_wconf 78' lang='grc' dir='ltr'><strong>ὲκ-</strong></span> 
     </span>
    </p>
   </div>
   <div class='ocr_carea' id='block_1_42' title="bbox 313 3627 1912 3708">
    <p class='ocr_par' dir='ltr' id='par_1_42' title="bbox 313 3627 1912 3708">
     <span class='ocr_line' id='line_1_42' title="bbox 313 3627 1912 3708; baseline -0.006 -17"><span class='ocrx_word' id='word_1_267' title='bbox 313 3636 558 3708; x_wconf 76' lang='grc' dir='ltr'><strong>κλησίαν</strong></span> <span class='ocrx_word' id='word_1_268' title='bbox 586 3635 980 3707; x_wconf 74' lang='grc' dir='ltr'><strong>ὲξαχθήσεταιο</strong></span> <span class='ocrx_word' id='word_1_269' title='bbox 1013 3631 1074 3687; x_wconf 87' lang='grc' dir='ltr'><strong>ού</strong></span> <span class='ocrx_word' id='word_1_270' title='bbox 1095 3630 1423 3688; x_wconf 85' lang='grc' dir='ltr'><strong>διαδώσουσι</strong></span> <span class='ocrx_word' id='word_1_271' title='bbox 1448 3629 1517 3683; x_wconf 82' lang='grc' dir='ltr'><strong>τὰ</strong></span> <span class='ocrx_word' id='word_1_272' title='bbox 1542 3627 1714 3682; x_wconf 78' lang='grc' dir='ltr'><strong>τέκνα</strong></span> <span class='ocrx_word' id='word_1_273' title='bbox 1736 3627 1912 3699; x_wconf 83' lang='grc' dir='ltr'><strong>αὐτῆς</strong></span> 
     </span>
    </p>
   </div>
   <div class='ocr_carea' id='block_1_43' title="bbox 316 3719 1909 3802">
    <p class='ocr_par' dir='ltr' id='par_1_43' title="bbox 316 3719 1909 3802">
     <span class='ocr_line' id='line_1_43' title="bbox 316 3719 1909 3802; baseline -0.006 -18"><span class='ocrx_word' id='word_1_274' title='bbox 316 3728 510 3802; x_wconf 74' lang='grc' dir='ltr'><strong>ῥίζαν,</strong></span> <span class='ocrx_word' id='word_1_275' title='bbox 567 3727 667 3783; x_wconf 76' lang='grc' dir='ltr'><strong>καὶ</strong></span> <span class='ocrx_word' id='word_1_276' title='bbox 716 3728 769 3782; x_wconf 86' lang='grc' dir='ltr'><strong>οἱ</strong></span> <span class='ocrx_word' id='word_1_277' title='bbox 818 3727 1004 3782; x_wconf 85' lang='grc' dir='ltr'><strong>κλάδοι</strong></span> <span class='ocrx_word' id='word_1_278' title='bbox 1040 3725 1215 3797; x_wconf 84' lang='grc' dir='ltr'><strong>αὐτῆς</strong></span> <span class='ocrx_word' id='word_1_279' title='bbox 1259 3723 1360 3778; x_wconf 87' lang='grc' dir='ltr'><strong>ούκ</strong></span> <span class='ocrx_word' id='word_1_280' title='bbox 1406 3721 1615 3778; x_wconf 76' lang='grc' dir='ltr'><strong>οἴσουσι</strong></span> <span class='ocrx_word' id='word_1_281' title='bbox 1660 3719 1909 3792; x_wconf 75' lang='grc' dir='ltr'><strong>καρπόνο</strong></span> 
     </span>
    </p>
   </div>
   <div class='ocr_carea' id='block_1_44' title="bbox 306 3811 1799 3891">
    <p class='ocr_par' dir='ltr' id='par_1_44' title="bbox 306 3811 1799 3891">
     <span class='ocr_line' id='line_1_44' title="bbox 306 3811 1799 3891; baseline -0.007 -16"><span class='ocrx_word' id='word_1_282' title='bbox 306 3819 642 3891; x_wconf 76' lang='grc' dir='ltr'><strong>καταλείψει</strong></span> <span class='ocrx_word' id='word_1_283' title='bbox 671 3820 755 3881; x_wconf 87' lang='grc' dir='ltr'><strong>είς</strong></span> <span class='ocrx_word' id='word_1_284' title='bbox 782 3818 1035 3889; x_wconf 85' lang='grc' dir='ltr'><strong>κατάραν</strong></span> <span class='ocrx_word' id='word_1_285' title='bbox 1072 3815 1136 3870; x_wconf 81' lang='grc' dir='ltr'><strong>τὸ</strong></span> <span class='ocrx_word' id='word_1_286' title='bbox 1170 3814 1523 3887; x_wconf 85' lang='grc' dir='ltr'><strong>μνημόσυνον</strong></span> <span class='ocrx_word' id='word_1_287' title='bbox 1551 3811 1744 3881; x_wconf 84' lang='grc' dir='ltr'><strong>αὐτῆς.</strong></span> <span class='ocrx_word' id='word_1_288' title='bbox 1780 3829 1799 3864; x_wconf 88' lang='grc' dir='ltr'><strong>ι</strong></span> 
     </span>
    </p>
   </div>
   <div class='ocr_carea' id='block_1_45' title="bbox 397 3902 1912 3985">
    <p class='ocr_par' dir='ltr' id='par_1_45' title="bbox 397 3902 1912 3985">
     <span class='ocr_line' id='line_1_45' title="bbox 397 3902 1912 3985; baseline -0.007 -18"><span class='ocrx_word' id='word_1_289' title='bbox 397 3930 418 3966; x_wconf 76' lang='grc' dir='ltr'><strong>ι</strong></span> <span class='ocrx_word' id='word_1_290' title='bbox 444 3912 538 3985; x_wconf 77' lang='grc' dir='ltr'><strong>Μὴ</strong></span> <span class='ocrx_word' id='word_1_291' title='bbox 568 3911 678 3984; x_wconf 85' lang='grc' dir='ltr'><strong>δῷς</strong></span> <span class='ocrx_word' id='word_1_292' title='bbox 725 3910 882 3966; x_wconf 79' lang='grc' dir='ltr'><strong>ὕδατι</strong></span> <span class='ocrx_word' id='word_1_293' title='bbox 926 3908 1186 3974; x_wconf 82' lang='grc' dir='ltr'><strong>διέξοδον,</strong></span> <span class='ocrx_word' id='word_1_294' title='bbox 1241 3904 1380 3979; x_wconf 81' lang='grc' dir='ltr'><strong>μηδὲ</strong></span> <span class='ocrx_word' id='word_1_295' title='bbox 1420 3904 1646 3974; x_wconf 81' lang='grc' dir='ltr'><strong>γυναικὶ</strong></span> <span class='ocrx_word' id='word_1_296' title='bbox 1695 3902 1912 3975; x_wconf 87' lang='grc' dir='ltr'><strong>πονηρᾷ</strong></span> 
     </span>
    </p>
   </div>
   <div class='ocr_carea' id='block_1_46' title="bbox 196 3994 1910 4076">
    <p class='ocr_par' dir='ltr' id='par_1_46' title="bbox 196 3994 1910 4076">
     <span class='ocr_line' id='line_1_46' title="bbox 196 3994 1910 4076; baseline -0.006 -15"><span class='ocrx_word' id='word_1_297' title='bbox 196 4052 203 4055; x_wconf 41' lang='grc' dir='ltr'><strong>κ</strong></span> <span class='ocrx_word' id='word_1_298' title='bbox 308 4005 530 4061; x_wconf 76' lang='grc' dir='ltr'><strong>ἄνεσιν.</strong></span> <span class='ocrx_word' id='word_1_299' title='bbox 559 4004 625 4058; x_wconf 82' lang='lat' dir='ltr'><strong>El</strong></span> <span class='ocrx_word' id='word_1_300' title='bbox 663 4004 740 4076; x_wconf 83' lang='grc' dir='ltr'><strong>μὴ</strong></span> <span class='ocrx_word' id='word_1_301' title='bbox 775 4002 1074 4074; x_wconf 81' lang='grc' dir='ltr'><strong>πορεύεται</strong></span> <span class='ocrx_word' id='word_1_302' title='bbox 1127 3999 1274 4056; x_wconf 82' lang='grc' dir='ltr'><strong>κατὰ</strong></span> <span class='ocrx_word' id='word_1_303' title='bbox 1295 3998 1458 4070; x_wconf 80' lang='grc' dir='ltr'><strong>χεῖρά</strong></span> <span class='ocrx_word' id='word_1_304' title='bbox 1492 4014 1611 4062; x_wconf 90' lang='grc' dir='ltr'><strong>σου,</strong></span> <span class='ocrx_word' id='word_1_305' title='bbox 1655 3995 1764 4051; x_wconf 82' lang='grc' dir='ltr'><strong>ἀπὸ</strong></span> <span class='ocrx_word' id='word_1_306' title='bbox 1800 3994 1910 4050; x_wconf 85' lang='grc' dir='ltr'><strong>τῶν</strong></span> 
     </span>
    </p>
   </div>
   <div class='ocr_carea' id='block_1_47' title="bbox 310 4084 1914 4169">
    <p class='ocr_par' dir='ltr' id='par_1_47' title="bbox 310 4084 1914 4169">
     <span class='ocr_line' id='line_1_47' title="bbox 310 4084 1914 4169; baseline -0.009 -16"><span class='ocrx_word' id='word_1_307' title='bbox 310 4094 544 4169; x_wconf 83' lang='grc' dir='ltr'><strong>σαρκῶν</strong></span> <span class='ocrx_word' id='word_1_308' title='bbox 572 4112 668 4150; x_wconf 87' lang='grc' dir='ltr'><strong>σου</strong></span> <span class='ocrx_word' id='word_1_309' title='bbox 697 4094 942 4165; x_wconf 84' lang='grc' dir='ltr'><strong>ἀπότεμε</strong></span> <span class='ocrx_word' id='word_1_310' title='bbox 991 4091 1184 4163; x_wconf 76' lang='grc' dir='ltr'><strong>αὐτὴν.</strong></span> <span class='ocrx_word' id='word_1_311' title='bbox 1222 4089 1550 4160; x_wconf 79' lang='grc' dir='ltr'><strong>Συνοικῆσαι</strong></span> <span class='ocrx_word' id='word_1_312' title='bbox 1578 4086 1778 4155; x_wconf 83' lang='grc' dir='ltr'><strong>λέοντι,</strong></span> <span class='ocrx_word' id='word_1_313' title='bbox 1817 4084 1914 4141; x_wconf 78' lang='grc' dir='ltr'><strong>καὶ</strong></span> 
     </span>
    </p>
   </div>
   <div class='ocr_carea' id='block_1_48' title="bbox 306 4175 1915 4261">
    <p class='ocr_par' dir='ltr' id='par_1_48' title="bbox 306 4175 1915 4261">
     <span class='ocr_line' id='line_1_48' title="bbox 306 4175 1915 4261; baseline -0.009 -16"><span class='ocrx_word' id='word_1_314' title='bbox 306 4188 574 4261; x_wconf 85' lang='grc' dir='ltr'><strong>δράκοντι</strong></span> <span class='ocrx_word' id='word_1_315' title='bbox 625 4187 937 4258; x_wconf 85' lang='grc' dir='ltr'><strong>εύδόκησαι,</strong></span> <span class='ocrx_word' id='word_1_316' title='bbox 1003 4184 1038 4254; x_wconf 75' lang='grc' dir='ltr'><strong>ἢ</strong></span> <span class='ocrx_word' id='word_1_317' title='bbox 1095 4181 1417 4252; x_wconf 84' lang='grc' dir='ltr'><strong>συνοικῆσαι</strong></span> <span class='ocrx_word' id='word_1_318' title='bbox 1478 4178 1621 4252; x_wconf 72' lang='grc' dir='ltr'><strong>μετὰ</strong></span> <span class='ocrx_word' id='word_1_319' title='bbox 1657 4175 1915 4248; x_wconf 80' lang='grc' dir='ltr'><strong>γυναικὸς</strong></span> 
     </span>
    </p>
   </div>
   <div class='ocr_carea' id='block_1_49' title="bbox 307 4271 1913 4354">
    <p class='ocr_par' dir='ltr' id='par_1_49' title="bbox 307 4271 1913 4354">
     <span class='ocr_line' id='line_1_49' title="bbox 307 4271 1913 4354; baseline -0.01 -15"><span class='ocrx_word' id='word_1_320' title='bbox 307 4283 588 4354; x_wconf 73' lang='grc' dir='ltr'><strong>πονηρᾶς.</strong></span> <span class='ocrx_word' id='word_1_321' title='bbox 632 4278 824 4350; x_wconf 77' lang='grc' dir='ltr'><strong>Μικρὰ</strong></span> <span class='ocrx_word' id='word_1_322' title='bbox 877 4278 1031 4332; x_wconf 78' lang='grc' dir='ltr'><strong>πᾶσα</strong></span> <span class='ocrx_word' id='word_1_323' title='bbox 1079 4272 1250 4330; x_wconf 83' lang='grc' dir='ltr'><strong>κακία</strong></span> <span class='ocrx_word' id='word_1_324' title='bbox 1293 4272 1432 4345; x_wconf 82' lang='grc' dir='ltr'><strong>πρὸς</strong></span> <span class='ocrx_word' id='word_1_325' title='bbox 1479 4271 1679 4326; x_wconf 78' lang='grc' dir='ltr'><strong>κακίαν</strong></span> <span class='ocrx_word' id='word_1_326' title='bbox 1720 4285 1913 4340; x_wconf 87' lang='grc' dir='ltr'><strong>γυναι-</strong></span> 
     </span>
    </p>
   </div>
   <div class='ocr_carea' id='block_1_50' title="bbox 307 4360 1912 4446">
    <p class='ocr_par' dir='ltr' id='par_1_50' title="bbox 307 4360 1912 4446">
     <span class='ocr_line' id='line_1_50' title="bbox 307 4360 1912 4446; baseline -0.009 -16"><span class='ocrx_word' id='word_1_327' title='bbox 307 4374 451 4438; x_wconf 57' lang='lat' dir='ltr'><strong>xor</strong></span> <span class='ocrx_word' id='word_1_328' title='bbox 494 4373 696 4446; x_wconf 84' lang='grc' dir='ltr'><strong>κλῆρος</strong></span> <span class='ocrx_word' id='word_1_329' title='bbox 735 4368 1064 4443; x_wconf 80' lang='grc' dir='ltr'><strong>ἁμαρτωλοῦ</strong></span> <span class='ocrx_word' id='word_1_330' title='bbox 1112 4367 1369 4422; x_wconf 71' lang='grc' dir='ltr'><strong>ἑπιπεσεῖ</strong></span> <span class='ocrx_word' id='word_1_331' title='bbox 1399 4363 1487 4418; x_wconf 72' lang='grc' dir='ltr'><strong>ἐπ’</strong></span> <span class='ocrx_word' id='word_1_332' title='bbox 1525 4362 1722 4435; x_wconf 76' lang='grc' dir='ltr'><strong>αὐτήν.</strong></span> <span class='ocrx_word' id='word_1_333' title='bbox 1753 4360 1912 4417; x_wconf 82' lang='grc' dir='ltr'><strong>Ἀνά-</strong></span> 
     </span>
    </p>
   </div>
   <div class='ocr_carea' id='block_1_51' title="bbox 2057 1023 3567 1100">
    <p class='ocr_par' dir='ltr' id='par_1_51' title="bbox 2057 1023 3567 1100">
     <span class='ocr_line' id='line_1_51' title="bbox 2057 1023 3567 1100; baseline -0.001 -15"><span class='ocrx_word' id='word_1_334' title='bbox 2057 1030 2225 1085; x_wconf 81' lang='lat' dir='ltr'><strong>Prov.</strong></span> <span class='ocrx_word' id='word_1_335' title='bbox 2276 1044 2407 1093; x_wconf 85' lang='lat' dir='ltr'><strong>xxv,</strong></span> <span class='ocrx_word' id='word_1_336' title='bbox 2450 1028 2543 1082; x_wconf 81' lang='lat'><strong>20.</strong></span> <span class='ocrx_word' id='word_1_337' title='bbox 2568 1056 2639 1067; x_wconf 95' lang='lat'><strong><em>—</em></strong></span> <span class='ocrx_word' id='word_1_338' title='bbox 2675 1045 2695 1078; x_wconf 77' lang='grc' dir='ltr'><strong>ι</strong></span> <span class='ocrx_word' id='word_1_339' title='bbox 2735 1023 2893 1082; x_wconf 80' lang='lat' dir='ltr'><strong>Sicut</strong></span> <span class='ocrx_word' id='word_1_340' title='bbox 2929 1024 3133 1082; x_wconf 82' lang='lat' dir='ltr'><strong>vermis</strong></span> <span class='ocrx_word' id='word_1_341' title='bbox 3176 1025 3234 1081; x_wconf 94' lang='lat' dir='ltr'><strong>in</strong></span> <span class='ocrx_word' id='word_1_342' title='bbox 3263 1026 3441 1100; x_wconf 76' lang='lat' dir='ltr'><strong>ligno,</strong></span> <span class='ocrx_word' id='word_1_343' title='bbox 3480 1029 3567 1087; x_wconf 85' lang='lat' dir='ltr'><strong>sic</strong></span> 
     </span>
    </p>
   </div>
   <div class='ocr_carea' id='block_1_52' title="bbox 1990 1116 2860 1190">
    <p class='ocr_par' dir='ltr' id='par_1_52' title="bbox 1990 1116 2860 1190">
     <span class='ocr_line' id='line_1_52' title="bbox 1990 1116 2860 1190; baseline -0.008 -13"><span class='ocrx_word' id='word_1_344' title='bbox 1990 1119 2169 1177; x_wconf 88' lang='lat' dir='ltr'><strong>virum</strong></span> <span class='ocrx_word' id='word_1_345' title='bbox 2208 1117 2391 1190; x_wconf 86' lang='lat' dir='ltr'><strong>perdit</strong></span> <span class='ocrx_word' id='word_1_346' title='bbox 2417 1117 2618 1174; x_wconf 85' lang='lat' dir='ltr'><strong>mulier</strong></span> <span class='ocrx_word' id='word_1_347' title='bbox 2641 1116 2809 1173; x_wconf 89' lang='lat' dir='ltr'><strong>maia.</strong></span> <span class='ocrx_word' id='word_1_348' title='bbox 2839 1136 2860 1170; x_wconf 78' lang='grc' dir='ltr'><strong>ι</strong></span> 
     </span>
    </p>
   </div>
   <div class='ocr_carea' id='block_1_53' title="bbox 2060 1208 3571 1279">
    <p class='ocr_par' dir='ltr' id='par_1_53' title="bbox 2060 1208 3571 1279">
     <span class='ocr_line' id='line_1_53' title="bbox 2060 1208 3571 1279; baseline 0.001 -11"><span class='ocrx_word' id='word_1_349' title='bbox 2060 1212 2223 1268; x_wconf 81' lang='lat' dir='ltr'><strong>Prov.</strong></span> <span class='ocrx_word' id='word_1_350' title='bbox 2252 1226 2408 1278; x_wconf 83' lang='lat' dir='ltr'><strong>xvtn,</strong></span> <span class='ocrx_word' id='word_1_351' title='bbox 2431 1210 2523 1265; x_wconf 87' lang='lat'><strong>22.</strong></span> <span class='ocrx_word' id='word_1_352' title='bbox 2545 1241 2615 1254; x_wconf 89' lang='lat'><strong><em>—</em></strong></span> <span class='ocrx_word' id='word_1_353' title='bbox 2635 1228 2656 1263; x_wconf 75' lang='grc' dir='ltr'><strong>ι</strong></span> <span class='ocrx_word' id='word_1_354' title='bbox 2688 1208 2793 1277; x_wconf 83' lang='lat' dir='ltr'><strong>Qui</strong></span> <span class='ocrx_word' id='word_1_355' title='bbox 2819 1216 2970 1265; x_wconf 90' lang='lat' dir='ltr'><strong>tenet</strong></span> <span class='ocrx_word' id='word_1_356' title='bbox 2999 1208 3308 1267; x_wconf 87' lang='lat' dir='ltr'><strong>adulteram</strong></span> <span class='ocrx_word' id='word_1_357' title='bbox 3327 1253 3343 1279; x_wconf 85' lang='lat'><strong>,</strong></span> <span class='ocrx_word' id='word_1_358' title='bbox 3367 1212 3571 1270; x_wconf 89' lang='lat' dir='ltr'><strong>stultus</strong></span> 
     </span>
    </p>
   </div>
   <div class='ocr_carea' id='block_1_54' title="bbox 1989 1303 2477 1376">
    <p class='ocr_par' dir='ltr' id='par_1_54' title="bbox 1989 1303 2477 1376">
     <span class='ocr_line' id='line_1_54' title="bbox 1989 1303 2477 1376; baseline -0.014 -13"><span class='ocrx_word' id='word_1_359' title='bbox 1989 1312 2077 1363; x_wconf 90' lang='lat' dir='ltr'><strong>est</strong></span> <span class='ocrx_word' id='word_1_360' title='bbox 2102 1313 2159 1362; x_wconf 92' lang='lat' dir='ltr'><strong>et</strong></span> <span class='ocrx_word' id='word_1_361' title='bbox 2184 1303 2409 1376; x_wconf 86' lang='lat' dir='ltr'><strong>impius.</strong></span> <span class='ocrx_word' id='word_1_362' title='bbox 2457 1322 2477 1356; x_wconf 84' lang='grc' dir='ltr'><strong>ι</strong></span> 
     </span>
    </p>
   </div>
   <div class='ocr_carea' id='block_1_55' title="bbox 2065 1393 3573 1466">
    <p class='ocr_par' dir='ltr' id='par_1_55' title="bbox 2065 1393 3573 1466">
     <span class='ocr_line' id='line_1_55' title="bbox 2065 1393 3573 1466; baseline -0.001 -14"><span class='ocrx_word' id='word_1_363' title='bbox 2065 1396 2231 1455; x_wconf 82' lang='lat' dir='ltr'><strong>Prov.</strong></span> <span class='ocrx_word' id='word_1_364' title='bbox 2260 1413 2377 1466; x_wconf 86' lang='lat' dir='ltr'><strong>xxt,</strong></span> <span class='ocrx_word' id='word_1_365' title='bbox 2404 1395 2496 1453; x_wconf 78' lang='lat' dir='ltr'><strong>i9.</strong></span> <span class='ocrx_word' id='word_1_366' title='bbox 2529 1425 2598 1437; x_wconf 86' lang='lat'><strong>-</strong></span> <span class='ocrx_word' id='word_1_367' title='bbox 2640 1411 2661 1448; x_wconf 84' lang='grc' dir='ltr'><strong>ι</strong></span> <span class='ocrx_word' id='word_1_368' title='bbox 2692 1393 2894 1452; x_wconf 73' lang='lat' dir='ltr'><strong>Melius</strong></span> <span class='ocrx_word' id='word_1_369' title='bbox 2945 1402 3032 1453; x_wconf 90' lang='lat' dir='ltr'><strong>est</strong></span> <span class='ocrx_word' id='word_1_370' title='bbox 3077 1397 3330 1454; x_wconf 83' lang='lat' dir='ltr'><strong>habitare</strong></span> <span class='ocrx_word' id='word_1_371' title='bbox 3378 1397 3435 1453; x_wconf 89' lang='lat' dir='ltr'><strong>in</strong></span> <span class='ocrx_word' id='word_1_372' title='bbox 3473 1395 3573 1452; x_wconf 89' lang='lat' dir='ltr'><strong>de-</strong></span> 
     </span>
    </p>
   </div>
   <div class='ocr_carea' id='block_1_56' title="bbox 1994 1485 3575 1560">
    <p class='ocr_par' dir='ltr' id='par_1_56' title="bbox 1994 1485 3575 1560">
     <span class='ocr_line' id='line_1_56' title="bbox 1994 1485 3575 1560; baseline -0.002 -15"><span class='ocrx_word' id='word_1_373' title='bbox 1994 1498 2169 1553; x_wconf 87' lang='lat' dir='ltr'><strong>serto,</strong></span> <span class='ocrx_word' id='word_1_374' title='bbox 2197 1502 2360 1559; x_wconf 90' lang='lat' dir='ltr'><strong>quam</strong></span> <span class='ocrx_word' id='word_1_375' title='bbox 2395 1501 2523 1543; x_wconf 90' lang='lat' dir='ltr'><strong>cum</strong></span> <span class='ocrx_word' id='word_1_376' title='bbox 2554 1485 2788 1542; x_wconf 89' lang='lat' dir='ltr'><strong>muliere</strong></span> <span class='ocrx_word' id='word_1_377' title='bbox 2815 1485 3029 1557; x_wconf 86' lang='lat' dir='ltr'><strong>rixosa,</strong></span> <span class='ocrx_word' id='word_1_378' title='bbox 3059 1487 3315 1560; x_wconf 76' lang='lat' dir='ltr'><strong>linguosa</strong></span> <span class='ocrx_word' id='word_1_379' title='bbox 3374 1496 3432 1544; x_wconf 89' lang='lat' dir='ltr'><strong>et</strong></span> <span class='ocrx_word' id='word_1_380' title='bbox 3462 1487 3575 1544; x_wconf 83' lang='lat' dir='ltr'><strong>ira-</strong></span> 
     </span>
    </p>
   </div>
   <div class='ocr_carea' id='block_1_57' title="bbox 1995 1582 2200 1639">
    <p class='ocr_par' dir='ltr' id='par_1_57' title="bbox 1995 1582 2200 1639">
     <span class='ocr_line' id='line_1_57' title="bbox 1995 1582 2200 1639; baseline -0.01 0"><span class='ocrx_word' id='word_1_381' title='bbox 1995 1582 2200 1639; x_wconf 90' lang='lat' dir='ltr'><strong>cunda.</strong></span> 
     </span>
    </p>
   </div>
   <div class='ocr_carea' id='block_1_58' title="bbox 2068 1668 3574 1742">
    <p class='ocr_par' dir='ltr' id='par_1_58' title="bbox 2068 1668 3574 1742">
     <span class='ocr_line' id='line_1_58' title="bbox 2068 1668 3574 1742; baseline -0.005 -12"><span class='ocrx_word' id='word_1_382' title='bbox 2068 1674 2230 1730; x_wconf 80' lang='lat' dir='ltr'><strong>Prov.</strong></span> <span class='ocrx_word' id='word_1_383' title='bbox 2266 1689 2442 1740; x_wconf 79' lang='lat' dir='ltr'><strong>xxvtt,</strong></span> <span class='ocrx_word' id='word_1_384' title='bbox 2467 1673 2555 1728; x_wconf 83' lang='grc'><strong>15.</strong></span> <span class='ocrx_word' id='word_1_385' title='bbox 2584 1699 2655 1712; x_wconf 89' lang='lat'><strong>——</strong></span> <span class='ocrx_word' id='word_1_386' title='bbox 2688 1689 2710 1725; x_wconf 77' lang='grc' dir='ltr'><strong>ι</strong></span> <span class='ocrx_word' id='word_1_387' title='bbox 2750 1668 2927 1726; x_wconf 68' lang='lat' dir='ltr'><strong>Stiliae</strong></span> <span class='ocrx_word' id='word_1_388' title='bbox 2954 1669 3188 1742; x_wconf 86' lang='lat' dir='ltr'><strong>ejiciunt</strong></span> <span class='ocrx_word' id='word_1_389' title='bbox 3216 1669 3494 1726; x_wconf 84' lang='lat' dir='ltr'><strong>hominem</strong></span> <span class='ocrx_word' id='word_1_390' title='bbox 3519 1670 3574 1725; x_wconf 89' lang='lat' dir='ltr'><strong>in</strong></span> 
     </span>
    </p>
   </div>
   <div class='ocr_carea' id='block_1_59' title="bbox 1997 1762 3573 1836">
    <p class='ocr_par' dir='ltr' id='par_1_59' title="bbox 1997 1762 3573 1836">
     <span class='ocr_line' id='line_1_59' title="bbox 1997 1762 3573 1836; baseline -0.006 -10"><span class='ocrx_word' id='word_1_391' title='bbox 1997 1769 2088 1826; x_wconf 89' lang='lat' dir='ltr'><strong>die</strong></span> <span class='ocrx_word' id='word_1_392' title='bbox 2117 1768 2316 1825; x_wconf 84' lang='lat' dir='ltr'><strong>hiemis</strong></span> <span class='ocrx_word' id='word_1_393' title='bbox 2345 1767 2415 1823; x_wconf 92' lang='lat' dir='ltr'><strong>de</strong></span> <span class='ocrx_word' id='word_1_394' title='bbox 2446 1765 2612 1822; x_wconf 90' lang='lat' dir='ltr'><strong>domo</strong></span> <span class='ocrx_word' id='word_1_395' title='bbox 2640 1778 2781 1823; x_wconf 87' lang='lat' dir='ltr'><strong>sua:</strong></span> <span class='ocrx_word' id='word_1_396' title='bbox 2810 1762 2895 1820; x_wconf 90' lang='lat' dir='ltr'><strong>sic</strong></span> <span class='ocrx_word' id='word_1_397' title='bbox 2942 1777 3167 1836; x_wconf 88' lang='lat' dir='ltr'><strong>quoque</strong></span> <span class='ocrx_word' id='word_1_398' title='bbox 3202 1763 3404 1821; x_wconf 86' lang='lat' dir='ltr'><strong>mulier</strong></span> <span class='ocrx_word' id='word_1_399' title='bbox 3437 1778 3573 1821; x_wconf 88' lang='lat' dir='ltr'><strong>con-</strong></span> 
     </span>
    </p>
   </div>
   <div class='ocr_carea' id='block_1_60' title="bbox 1992 1857 3012 1931">
    <p class='ocr_par' dir='ltr' id='par_1_60' title="bbox 1992 1857 3012 1931">
     <span class='ocr_line' id='line_1_60' title="bbox 1992 1857 3012 1931; baseline -0.011 -11"><span class='ocrx_word' id='word_1_400' title='bbox 1992 1864 2198 1921; x_wconf 81' lang='lat' dir='ltr'><strong>viciosa</strong></span> <span class='ocrx_word' id='word_1_401' title='bbox 2231 1865 2408 1919; x_wconf 92' lang='lat' dir='ltr'><strong>virum</strong></span> <span class='ocrx_word' id='word_1_402' title='bbox 2443 1862 2611 1919; x_wconf 87' lang='lat' dir='ltr'><strong>domo</strong></span> <span class='ocrx_word' id='word_1_403' title='bbox 2651 1874 2753 1918; x_wconf 86' lang='lat' dir='ltr'><strong>sua</strong></span> <span class='ocrx_word' id='word_1_404' title='bbox 2782 1857 2956 1931; x_wconf 81' lang='lat' dir='ltr'><strong>ejicit.</strong></span> <span class='ocrx_word' id='word_1_405' title='bbox 2993 1877 3012 1909; x_wconf 76' lang='grc' dir='ltr'><strong>ι</strong></span> 
     </span>
    </p>
   </div>
   <div class='ocr_carea' id='block_1_61' title="bbox 2064 1952 3563 2025">
    <p class='ocr_par' dir='ltr' id='par_1_61' title="bbox 2064 1952 3563 2025">
     <span class='ocr_line' id='line_1_61' title="bbox 2064 1952 3563 2025; baseline -0.005 -14"><span class='ocrx_word' id='word_1_406' title='bbox 2064 1955 2231 2011; x_wconf 77' lang='lat' dir='ltr'><strong>Miclt.</strong></span> <span class='ocrx_word' id='word_1_407' title='bbox 2253 1971 2347 2021; x_wconf 89' lang='lat' dir='ltr'><strong>vn,</strong></span> <span class='ocrx_word' id='word_1_408' title='bbox 2375 1956 2429 2011; x_wconf 84' lang='lat'><strong>5.</strong></span> <span class='ocrx_word' id='word_1_409' title='bbox 2458 1985 2527 1997; x_wconf 91' lang='lat'>—</span> <span class='ocrx_word' id='word_1_410' title='bbox 2558 1972 2578 2006; x_wconf 75' lang='lat' dir='ltr'><strong>r</strong></span> <span class='ocrx_word' id='word_1_411' title='bbox 2610 1953 2692 2009; x_wconf 78' lang='lat' dir='ltr'><strong>Ab</strong></span> <span class='ocrx_word' id='word_1_412' title='bbox 2725 1968 2789 2009; x_wconf 88' lang='lat' dir='ltr'><strong>ea</strong></span> <span class='ocrx_word' id='word_1_413' title='bbox 2818 1967 2944 2025; x_wconf 71' lang='lat' dir='ltr'><strong>quae</strong></span> <span class='ocrx_word' id='word_1_414' title='bbox 2964 1952 3136 2008; x_wconf 88' lang='lat' dir='ltr'><strong>cubat</strong></span> <span class='ocrx_word' id='word_1_415' title='bbox 3167 1956 3376 2018; x_wconf 85' lang='lat' dir='ltr'><strong>tecum,</strong></span> <span class='ocrx_word' id='word_1_416' title='bbox 3418 1963 3563 2006; x_wconf 84' lang='lat' dir='ltr'><strong>cave</strong></span> 
     </span>
    </p>
   </div>
   <div class='ocr_carea' id='block_1_62' title="bbox 1995 2040 3254 2118">
    <p class='ocr_par' dir='ltr' id='par_1_62' title="bbox 1995 2040 3254 2118">
     <span class='ocr_line' id='line_1_62' title="bbox 1995 2040 3254 2118; baseline -0.007 -15"><span class='ocrx_word' id='word_1_417' title='bbox 1995 2063 2064 2102; x_wconf 90' lang='lat' dir='ltr'><strong>ne</strong></span> <span class='ocrx_word' id='word_1_418' title='bbox 2099 2047 2149 2103; x_wconf 91' lang='lat' dir='ltr'><strong>ei</strong></span> <span class='ocrx_word' id='word_1_419' title='bbox 2190 2046 2497 2118; x_wconf 88' lang='lat' dir='ltr'><strong>quidquam</strong></span> <span class='ocrx_word' id='word_1_420' title='bbox 2527 2041 2884 2101; x_wconf 84' lang='lat' dir='ltr'><strong>commendes</strong></span> <span class='ocrx_word' id='word_1_421' title='bbox 2915 2050 2978 2098; x_wconf 90' lang='lat' dir='ltr'><strong>ut</strong></span> <span class='ocrx_word' id='word_1_422' title='bbox 3007 2040 3196 2097; x_wconf 79' lang='lat' dir='ltr'><strong>faciat.</strong></span> <span class='ocrx_word' id='word_1_423' title='bbox 3234 2060 3254 2093; x_wconf 80' lang='grc' dir='ltr'><strong>ι</strong></span> 
     </span>
    </p>
   </div>
   <div class='ocr_carea' id='block_1_63' title="bbox 2065 2132 3578 2205">
    <p class='ocr_par' dir='ltr' id='par_1_63' title="bbox 2065 2132 3578 2205">
     <span class='ocr_line' id='line_1_63' title="bbox 2065 2132 3578 2205; baseline -0.005 -13"><span class='ocrx_word' id='word_1_424' title='bbox 2065 2136 2234 2192; x_wconf 79' lang='lat' dir='ltr'><strong>Ecclr&#39;.</strong></span> <span class='ocrx_word' id='word_1_425' title='bbox 2275 2153 2353 2205; x_wconf 88' lang='lat' dir='ltr'><strong>tx,</strong></span> <span class='ocrx_word' id='word_1_426' title='bbox 2381 2136 2437 2191; x_wconf 92' lang='lat'><strong>2.</strong></span> <span class='ocrx_word' id='word_1_427' title='bbox 2465 2168 2533 2178; x_wconf 89' lang='grc'><strong><em>-</em></strong></span> <span class='ocrx_word' id='word_1_428' title='bbox 2561 2154 2581 2187; x_wconf 77' lang='grc' dir='ltr'><strong>ι</strong></span> <span class='ocrx_word' id='word_1_429' title='bbox 2618 2132 2698 2191; x_wconf 83' lang='lat' dir='ltr'><strong>Ne</strong></span> <span class='ocrx_word' id='word_1_430' title='bbox 2725 2133 2824 2190; x_wconf 88' lang='lat' dir='ltr'><strong>des</strong></span> <span class='ocrx_word' id='word_1_431' title='bbox 2861 2132 3077 2190; x_wconf 87' lang='lat' dir='ltr'><strong>mulieri</strong></span> <span class='ocrx_word' id='word_1_432' title='bbox 3107 2132 3348 2188; x_wconf 88' lang='lat' dir='ltr'><strong>animam</strong></span> <span class='ocrx_word' id='word_1_433' title='bbox 3403 2138 3578 2194; x_wconf 87' lang='lat' dir='ltr'><strong>tuam,</strong></span> 
     </span>
    </p>
   </div>
   <div class='ocr_carea' id='block_1_64' title="bbox 1996 2221 3583 2300">
    <p class='ocr_par' dir='ltr' id='par_1_64' title="bbox 1996 2221 3583 2300">
     <span class='ocr_line' id='line_1_64' title="bbox 1996 2221 3583 2300; baseline -0.006 -15"><span class='ocrx_word' id='word_1_434' title='bbox 1996 2243 2100 2286; x_wconf 90' lang='lat' dir='ltr'><strong>nec</strong></span> <span class='ocrx_word' id='word_1_435' title='bbox 2123 2228 2341 2284; x_wconf 84' lang='lat' dir='ltr'><strong>obviam</strong></span> <span class='ocrx_word' id='word_1_436' title='bbox 2385 2225 2657 2300; x_wconf 87' lang='lat' dir='ltr'><strong>procedas</strong></span> <span class='ocrx_word' id='word_1_437' title='bbox 2679 2223 2987 2280; x_wconf 87' lang='lat' dir='ltr'><strong>meretrici.</strong></span> <span class='ocrx_word' id='word_1_438' title='bbox 3015 2222 3153 2278; x_wconf 91' lang='lat' dir='ltr'><strong>Cum</strong></span> <span class='ocrx_word' id='word_1_439' title='bbox 3181 2221 3490 2278; x_wconf 90' lang='lat' dir='ltr'><strong>cantatrice</strong></span> <span class='ocrx_word' id='word_1_440' title='bbox 3512 2236 3583 2276; x_wconf 90' lang='lat' dir='ltr'><strong>ne</strong></span> 
     </span>
    </p>
   </div>
   <div class='ocr_carea' id='block_1_65' title="bbox 1998 2312 3581 2390">
    <p class='ocr_par' dir='ltr' id='par_1_65' title="bbox 1998 2312 3581 2390">
     <span class='ocr_line' id='line_1_65' title="bbox 1998 2312 3581 2390; baseline -0.006 -13"><span class='ocrx_word' id='word_1_441' title='bbox 1998 2320 2077 2377; x_wconf 86' lang='lat' dir='ltr'><strong>sis</strong></span> <span class='ocrx_word' id='word_1_442' title='bbox 2102 2320 2385 2377; x_wconf 88' lang='lat' dir='ltr'><strong>assiduus.</strong></span> <span class='ocrx_word' id='word_1_443' title='bbox 2429 2317 2716 2390; x_wconf 74' lang='lat' dir='ltr'><strong>Virginem</strong></span> <span class='ocrx_word' id='word_1_444' title='bbox 2752 2331 2824 2372; x_wconf 84' lang='lat' dir='ltr'><strong>ne</strong></span> <span class='ocrx_word' id='word_1_445' title='bbox 2869 2315 3161 2371; x_wconf 87' lang='lat' dir='ltr'><strong>intuearis.</strong></span> <span class='ocrx_word' id='word_1_446' title='bbox 3219 2312 3298 2370; x_wconf 84' lang='lat' dir='ltr'><strong>Ne</strong></span> <span class='ocrx_word' id='word_1_447' title='bbox 3330 2314 3433 2370; x_wconf 86' lang='lat' dir='ltr'><strong>des</strong></span> <span class='ocrx_word' id='word_1_448' title='bbox 3463 2327 3581 2369; x_wconf 89' lang='lat' dir='ltr'><strong>mc-</strong></span> 
     </span>
    </p>
   </div>
   <div class='ocr_carea' id='block_1_66' title="bbox 1998 2406 3585 2468">
    <p class='ocr_par' dir='ltr' id='par_1_66' title="bbox 1998 2406 3585 2468">
     <span class='ocr_line' id='line_1_66' title="bbox 1998 2406 3585 2468; baseline -0.006 0"><span class='ocrx_word' id='word_1_449' title='bbox 1998 2411 2183 2468; x_wconf 89' lang='lat' dir='ltr'><strong>retrici</strong></span> <span class='ocrx_word' id='word_1_450' title='bbox 2243 2411 2484 2466; x_wconf 85' lang='lat' dir='ltr'><strong>animam</strong></span> <span class='ocrx_word' id='word_1_451' title='bbox 2545 2419 2721 2466; x_wconf 84' lang='lat' dir='ltr'><strong>tuam.</strong></span> <span class='ocrx_word' id='word_1_452' title='bbox 2783 2408 2987 2464; x_wconf 78' lang='lat' dir='ltr'><strong>Averte</strong></span> <span class='ocrx_word' id='word_1_453' title='bbox 3052 2406 3277 2463; x_wconf 89' lang='lat' dir='ltr'><strong>oculum</strong></span> <span class='ocrx_word' id='word_1_454' title='bbox 3343 2413 3501 2460; x_wconf 90' lang='lat' dir='ltr'><strong>tuum</strong></span> <span class='ocrx_word' id='word_1_455' title='bbox 3550 2420 3585 2459; x_wconf 84' lang='lat' dir='ltr'><strong>a</strong></span> 
     </span>
    </p>
   </div>
   <div class='ocr_carea' id='block_1_67' title="bbox 1998 2490 3583 2572">
    <p class='ocr_par' dir='ltr' id='par_1_67' title="bbox 1998 2490 3583 2572">
     <span class='ocr_line' id='line_1_67' title="bbox 1998 2490 3583 2572; baseline -0.005 -11"><span class='ocrx_word' id='word_1_456' title='bbox 1998 2505 2233 2561; x_wconf 89' lang='lat' dir='ltr'><strong>muliere</strong></span> <span class='ocrx_word' id='word_1_457' title='bbox 2277 2502 2551 2572; x_wconf 88' lang='lat' dir='ltr'><strong>speciosa.</strong></span> <span class='ocrx_word' id='word_1_458' title='bbox 2595 2500 2734 2557; x_wconf 87' lang='lat' dir='ltr'><strong>Cum</strong></span> <span class='ocrx_word' id='word_1_459' title='bbox 2784 2499 2964 2556; x_wconf 89' lang='lat' dir='ltr'><strong>aliena</strong></span> <span class='ocrx_word' id='word_1_460' title='bbox 3010 2498 3246 2555; x_wconf 89' lang='lat' dir='ltr'><strong>muliere</strong></span> <span class='ocrx_word' id='word_1_461' title='bbox 3268 2490 3349 2553; x_wconf 80' lang='lat' dir='ltr'><strong>ne</strong></span> <span class='ocrx_word' id='word_1_462' title='bbox 3383 2497 3583 2553; x_wconf 87' lang='lat' dir='ltr'><strong>sedeas</strong></span> 
     </span>
    </p>
   </div>
   <div class='ocr_carea' id='block_1_68' title="bbox 1998 2590 3589 2664">
    <p class='ocr_par' dir='ltr' id='par_1_68' title="bbox 1998 2590 3589 2664">
     <span class='ocr_line' id='line_1_68' title="bbox 1998 2590 3589 2664; baseline -0.003 -13"><span class='ocrx_word' id='word_1_463' title='bbox 1998 2594 2249 2651; x_wconf 84' lang='lat' dir='ltr'><strong>omnino.</strong></span> <span class='ocrx_word' id='word_1_464' title='bbox 2288 2592 2517 2664; x_wconf 76' lang='lat' dir='ltr'><strong>Propter</strong></span> <span class='ocrx_word' id='word_1_465' title='bbox 2561 2593 2800 2664; x_wconf 88' lang='lat' dir='ltr'><strong>speciem</strong></span> <span class='ocrx_word' id='word_1_466' title='bbox 2842 2591 3097 2647; x_wconf 90' lang='lat' dir='ltr'><strong>mulieris</strong></span> <span class='ocrx_word' id='word_1_467' title='bbox 3149 2590 3311 2645; x_wconf 87' lang='lat' dir='ltr'><strong>multi</strong></span> <span class='ocrx_word' id='word_1_468' title='bbox 3363 2603 3589 2646; x_wconf 87' lang='lat' dir='ltr'><strong>errave-</strong></span> 
     </span>
    </p>
   </div>
   <div class='ocr_carea' id='block_1_69' title="bbox 1999 2696 2206 2745">
    <p class='ocr_par' dir='ltr' id='par_1_69' title="bbox 1999 2696 2206 2745">
     <span class='ocr_line' id='line_1_69' title="bbox 1999 2696 2206 2745; baseline -0.01 -1"><span class='ocrx_word' id='word_1_469' title='bbox 1999 2696 2151 2745; x_wconf 81' lang='lat' dir='ltr'><strong>runt.</strong></span> <span class='ocrx_word' id='word_1_470' title='bbox 2187 2707 2206 2742; x_wconf 77' lang='grc' dir='ltr'><strong>ι</strong></span> 
     </span>
    </p>
   </div>
   <div class='ocr_carea' id='block_1_70' title="bbox 2074 2774 3591 2845">
    <p class='ocr_par' dir='ltr' id='par_1_70' title="bbox 2074 2774 3591 2845">
     <span class='ocr_line' id='line_1_70' title="bbox 2074 2774 3591 2845; baseline -0.003 -9"><span class='ocrx_word' id='word_1_471' title='bbox 2074 2780 2244 2836; x_wconf 74' lang='grc' dir='ltr'><strong>Εεείί.</strong></span> <span class='ocrx_word' id='word_1_472' title='bbox 2277 2795 2390 2835; x_wconf 86' lang='grc' dir='ltr'><strong>χιχ.</strong></span> <span class='ocrx_word' id='word_1_473' title='bbox 2421 2778 2479 2833; x_wconf 91' lang='lat'><strong>2.</strong></span> <span class='ocrx_word' id='word_1_474' title='bbox 2508 2808 2578 2819; x_wconf 91' lang='lat'>—</span> <span class='ocrx_word' id='word_1_475' title='bbox 2610 2795 2629 2828; x_wconf 79' lang='grc' dir='ltr'><strong>ι</strong></span> <span class='ocrx_word' id='word_1_476' title='bbox 2659 2774 2863 2831; x_wconf 81' lang='lat' dir='ltr'><strong>Vinum</strong></span> <span class='ocrx_word' id='word_1_477' title='bbox 2889 2783 2945 2830; x_wconf 87' lang='lat' dir='ltr'><strong>et</strong></span> <span class='ocrx_word' id='word_1_478' title='bbox 2976 2774 3240 2832; x_wconf 88' lang='lat' dir='ltr'><strong>mulieres</strong></span> <span class='ocrx_word' id='word_1_479' title='bbox 3267 2780 3591 2845; x_wconf 83' lang='lat' dir='ltr'><strong>apostatare</strong></span> 
     </span>
    </p>
   </div>
   <div class='ocr_carea' id='block_1_71' title="bbox 2007 2874 2879 2946">
    <p class='ocr_par' dir='ltr' id='par_1_71' title="bbox 2007 2874 2879 2946">
     <span class='ocr_line' id='line_1_71' title="bbox 2007 2874 2879 2946; baseline -0.009 -16"><span class='ocrx_word' id='word_1_480' title='bbox 2007 2874 2213 2933; x_wconf 85' lang='lat' dir='ltr'><strong>facient</strong></span> <span class='ocrx_word' id='word_1_481' title='bbox 2249 2874 2552 2946; x_wconf 85' lang='lat' dir='ltr'><strong>sapientes.</strong></span> <span class='ocrx_word' id='word_1_482' title='bbox 2597 2888 2617 2923; x_wconf 84' lang='grc' dir='ltr'><strong>ι</strong></span> <span class='ocrx_word' id='word_1_483' title='bbox 2876 2880 2879 2887; x_wconf 62' lang='lat'><strong>’</strong></span> 
     </span>
    </p>
   </div>
   <div class='ocr_carea' id='block_1_72' title="bbox 2079 2959 3589 3033">
    <p class='ocr_par' dir='ltr' id='par_1_72' title="bbox 2079 2959 3589 3033">
     <span class='ocr_line' id='line_1_72' title="bbox 2079 2959 3589 3033; baseline -0.003 -10"><span class='ocrx_word' id='word_1_484' title='bbox 2079 2967 2255 3023; x_wconf 81' lang='lat' dir='ltr'><strong>Eccli.</strong></span> <span class='ocrx_word' id='word_1_485' title='bbox 2282 2982 2420 3033; x_wconf 83' lang='grc' dir='ltr'><strong>χχιι,</strong></span> <span class='ocrx_word' id='word_1_486' title='bbox 2445 2965 2501 3021; x_wconf 85' lang='lat'><strong>5.</strong></span> <span class='ocrx_word' id='word_1_487' title='bbox 2542 2994 2612 3005; x_wconf 90' lang='lat'><strong><em>—</em></strong></span> <span class='ocrx_word' id='word_1_488' title='bbox 2653 2981 2672 3013; x_wconf 76' lang='grc' dir='ltr'><strong>ι</strong></span> <span class='ocrx_word' id='word_1_489' title='bbox 2709 2960 2932 3018; x_wconf 87' lang='lat' dir='ltr'><strong>Patrem</strong></span> <span class='ocrx_word' id='word_1_490' title='bbox 2975 2969 3031 3018; x_wconf 92' lang='lat' dir='ltr'><strong>et</strong></span> <span class='ocrx_word' id='word_1_491' title='bbox 3077 2960 3256 3017; x_wconf 89' lang='lat' dir='ltr'><strong>virum</strong></span> <span class='ocrx_word' id='word_1_492' title='bbox 3297 2959 3589 3018; x_wconf 84' lang='lat' dir='ltr'><strong>confundit</strong></span> 
     </span>
    </p>
   </div>
   <div class='ocr_carea' id='block_1_73' title="bbox 1923 3053 3378 3134">
    <p class='ocr_par' dir='ltr' id='par_1_73' title="bbox 1923 3053 3378 3134">
     <span class='ocr_line' id='line_1_73' title="bbox 1923 3053 3378 3134; baseline -0.008 -17"><span class='ocrx_word' id='word_1_493' title='bbox 1923 3059 1972 3125; x_wconf 81' lang='lat' dir='ltr'><strong><em>C</em></strong></span> <span class='ocrx_word' id='word_1_494' title='bbox 2004 3075 2229 3134; x_wconf 78' lang='lat' dir='ltr'><strong>procax,</strong></span> <span class='ocrx_word' id='word_1_495' title='bbox 2257 3066 2313 3115; x_wconf 89' lang='lat' dir='ltr'><strong>et</strong></span> <span class='ocrx_word' id='word_1_496' title='bbox 2340 3058 2410 3114; x_wconf 90' lang='lat' dir='ltr'><strong>ab</strong></span> <span class='ocrx_word' id='word_1_497' title='bbox 2438 3066 2676 3129; x_wconf 88' lang='lat' dir='ltr'><strong>utroque</strong></span> <span class='ocrx_word' id='word_1_498' title='bbox 2696 3054 3001 3127; x_wconf 80' lang='lat' dir='ltr'><strong>ignominia</strong></span> <span class='ocrx_word' id='word_1_499' title='bbox 3027 3053 3318 3110; x_wconf 86' lang='lat' dir='ltr'><strong>allicietur.</strong></span> <span class='ocrx_word' id='word_1_500' title='bbox 3358 3072 3378 3106; x_wconf 73' lang='grc' dir='ltr'><strong>ι</strong></span> 
     </span>
    </p>
   </div>
   <div class='ocr_carea' id='block_1_74' title="bbox 2083 3144 3594 3218">
    <p class='ocr_par' dir='ltr' id='par_1_74' title="bbox 2083 3144 3594 3218">
     <span class='ocr_line' id='line_1_74' title="bbox 2083 3144 3594 3218; baseline -0.003 -12"><span class='ocrx_word' id='word_1_501' title='bbox 2083 3150 2255 3208; x_wconf 77' lang='grc' dir='ltr'><strong>Εσειί.</strong></span> <span class='ocrx_word' id='word_1_502' title='bbox 2310 3165 2472 3215; x_wconf 87' lang='grc' dir='ltr'><strong>χχιιι,</strong></span> <span class='ocrx_word' id='word_1_503' title='bbox 2512 3147 2609 3203; x_wconf 85' lang='lat'><strong>22.</strong></span> <span class='ocrx_word' id='word_1_504' title='bbox 2640 3175 2712 3189; x_wconf 79' lang='lat'><strong>--</strong></span> <span class='ocrx_word' id='word_1_505' title='bbox 2745 3164 2767 3198; x_wconf 75' lang='grc' dir='ltr'><strong>ι</strong></span> <span class='ocrx_word' id='word_1_506' title='bbox 2802 3145 3001 3206; x_wconf 83' lang='lat' dir='ltr'><strong>Mulier</strong></span> <span class='ocrx_word' id='word_1_507' title='bbox 3048 3144 3373 3218; x_wconf 89' lang='lat' dir='ltr'><strong>relinquens</strong></span> <span class='ocrx_word' id='word_1_508' title='bbox 3406 3145 3594 3202; x_wconf 85' lang='lat' dir='ltr'><strong>virum</strong></span> 
     </span>
    </p>
   </div>
   <div class='ocr_carea' id='block_1_75' title="bbox 2012 3237 3595 3313">
    <p class='ocr_par' dir='ltr' id='par_1_75' title="bbox 2012 3237 3595 3313">
     <span class='ocr_line' id='line_1_75' title="bbox 2012 3237 3595 3313; baseline -0.006 -11"><span class='ocrx_word' id='word_1_509' title='bbox 2012 3259 2200 3313; x_wconf 90' lang='lat' dir='ltr'><strong>suum,</strong></span> <span class='ocrx_word' id='word_1_510' title='bbox 2239 3251 2295 3298; x_wconf 93' lang='lat' dir='ltr'><strong>et</strong></span> <span class='ocrx_word' id='word_1_511' title='bbox 2334 3248 2589 3299; x_wconf 88' lang='lat' dir='ltr'><strong>statuens</strong></span> <span class='ocrx_word' id='word_1_512' title='bbox 2625 3238 2915 3296; x_wconf 59' lang='lat' dir='ltr'><strong>heredem</strong></span> <span class='ocrx_word' id='word_1_513' title='bbox 2961 3251 3032 3293; x_wconf 91' lang='lat' dir='ltr'><strong>ex</strong></span> <span class='ocrx_word' id='word_1_514' title='bbox 3076 3237 3294 3307; x_wconf 87' lang='lat' dir='ltr'><strong>alienis,</strong></span> <span class='ocrx_word' id='word_1_515' title='bbox 3328 3238 3511 3310; x_wconf 91' lang='lat' dir='ltr'><strong>primo</strong></span> <span class='ocrx_word' id='word_1_516' title='bbox 3535 3237 3595 3293; x_wconf 89' lang='lat' dir='ltr'><strong>in</strong></span> 
     </span>
    </p>
   </div>
   <div class='ocr_carea' id='block_1_76' title="bbox 2010 3328 3597 3412">
    <p class='ocr_par' dir='ltr' id='par_1_76' title="bbox 2010 3328 3597 3412">
     <span class='ocr_line' id='line_1_76' title="bbox 2010 3328 3597 3412; baseline -0.007 -17"><span class='ocrx_word' id='word_1_517' title='bbox 2010 3338 2133 3411; x_wconf 78' lang='lat' dir='ltr'><strong>lege</strong></span> <span class='ocrx_word' id='word_1_518' title='bbox 2166 3334 2440 3393; x_wconf 84' lang='lat' dir='ltr'><strong>Altissimi</strong></span> <span class='ocrx_word' id='word_1_519' title='bbox 2489 3330 2832 3412; x_wconf 73' lang='lat' dir='ltr'><strong>incredibilis</strong></span> <span class='ocrx_word' id='word_1_520' title='bbox 2859 3328 2969 3386; x_wconf 83' lang='lat' dir='ltr'><strong>fuit</strong></span> <span class='ocrx_word' id='word_1_521' title='bbox 3006 3343 3024 3383; x_wconf 90' lang='lat'><strong>:</strong></span> <span class='ocrx_word' id='word_1_522' title='bbox 3056 3338 3112 3386; x_wconf 80' lang='lat' dir='ltr'><strong>ct</strong></span> <span class='ocrx_word' id='word_1_523' title='bbox 3147 3329 3396 3385; x_wconf 89' lang='lat' dir='ltr'><strong>secundo</strong></span> <span class='ocrx_word' id='word_1_524' title='bbox 3425 3330 3479 3385; x_wconf 92' lang='lat' dir='ltr'><strong>in</strong></span> <span class='ocrx_word' id='word_1_525' title='bbox 3512 3329 3597 3385; x_wconf 85' lang='lat' dir='ltr'><strong>vi-</strong></span> 
     </span>
    </p>
   </div>
   <div class='ocr_carea' id='block_1_77' title="bbox 2010 3419 3597 3496">
    <p class='ocr_par' dir='ltr' id='par_1_77' title="bbox 2010 3419 3597 3496">
     <span class='ocr_line' id='line_1_77' title="bbox 2010 3419 3597 3496; baseline -0.006 -11"><span class='ocrx_word' id='word_1_526' title='bbox 2010 3445 2135 3485; x_wconf 87' lang='lat' dir='ltr'><strong>rum</strong></span> <span class='ocrx_word' id='word_1_527' title='bbox 2159 3443 2322 3485; x_wconf 91' lang='lat' dir='ltr'><strong>suum</strong></span> <span class='ocrx_word' id='word_1_528' title='bbox 2352 3424 2627 3496; x_wconf 86' lang='lat' dir='ltr'><strong>deliquit;</strong></span> <span class='ocrx_word' id='word_1_529' title='bbox 2659 3429 2716 3479; x_wconf 89' lang='lat' dir='ltr'><strong>et</strong></span> <span class='ocrx_word' id='word_1_530' title='bbox 2736 3423 2904 3479; x_wconf 88' lang='lat' dir='ltr'><strong>tertio</strong></span> <span class='ocrx_word' id='word_1_531' title='bbox 2929 3422 2983 3477; x_wconf 92' lang='lat' dir='ltr'><strong>in</strong></span> <span class='ocrx_word' id='word_1_532' title='bbox 3016 3421 3293 3478; x_wconf 87' lang='lat' dir='ltr'><strong>adulterio</strong></span> <span class='ocrx_word' id='word_1_533' title='bbox 3319 3419 3597 3477; x_wconf 86' lang='lat' dir='ltr'><strong>fornicata</strong></span> 
     </span>
    </p>
   </div>
   <div class='ocr_carea' id='block_1_78' title="bbox 2010 3512 3597 3590">
    <p class='ocr_par' dir='ltr' id='par_1_78' title="bbox 2010 3512 3597 3590">
     <span class='ocr_line' id='line_1_78' title="bbox 2010 3512 3597 3590; baseline -0.009 -9"><span class='ocrx_word' id='word_1_534' title='bbox 2010 3534 2118 3590; x_wconf 87' lang='lat' dir='ltr'><strong>est,</strong></span> <span class='ocrx_word' id='word_1_535' title='bbox 2147 3530 2203 3579; x_wconf 92' lang='lat' dir='ltr'><strong>et</strong></span> <span class='ocrx_word' id='word_1_536' title='bbox 2219 3536 2289 3578; x_wconf 88' lang='lat' dir='ltr'><strong>ex</strong></span> <span class='ocrx_word' id='word_1_537' title='bbox 2321 3519 2433 3576; x_wconf 90' lang='lat' dir='ltr'><strong>alio</strong></span> <span class='ocrx_word' id='word_1_538' title='bbox 2451 3519 2570 3575; x_wconf 87' lang='lat' dir='ltr'><strong>viro</strong></span> <span class='ocrx_word' id='word_1_539' title='bbox 2597 3516 2739 3572; x_wconf 87' lang='lat' dir='ltr'><strong>lilios</strong></span> <span class='ocrx_word' id='word_1_540' title='bbox 2761 3513 3034 3572; x_wconf 81' lang='lat' dir='ltr'><strong>exhibuit.</strong></span> <span class='ocrx_word' id='word_1_541' title='bbox 3053 3512 3181 3569; x_wconf 55' lang='lat' dir='ltr'><strong>Haec</strong></span> <span class='ocrx_word' id='word_1_542' title='bbox 3212 3512 3268 3568; x_wconf 91' lang='lat' dir='ltr'><strong>in</strong></span> <span class='ocrx_word' id='word_1_543' title='bbox 3299 3513 3597 3570; x_wconf 85' lang='lat' dir='ltr'><strong>ecclesiam</strong></span> 
     </span>
    </p>
   </div>
   <div class='ocr_carea' id='block_1_79' title="bbox 2012 3605 3598 3677">
    <p class='ocr_par' dir='ltr' id='par_1_79' title="bbox 2012 3605 3598 3677">
     <span class='ocr_line' id='line_1_79' title="bbox 2012 3605 3598 3677; baseline -0.008 -6"><span class='ocrx_word' id='word_1_544' title='bbox 2012 3613 2304 3672; x_wconf 88' lang='lat' dir='ltr'><strong>educetur.</strong></span> <span class='ocrx_word' id='word_1_545' title='bbox 2357 3609 2478 3666; x_wconf 84' lang='lat' dir='ltr'><strong>Non</strong></span> <span class='ocrx_word' id='word_1_546' title='bbox 2529 3608 2743 3665; x_wconf 91' lang='lat' dir='ltr'><strong>dabunt</strong></span> <span class='ocrx_word' id='word_1_547' title='bbox 2770 3605 2868 3662; x_wconf 84' lang='lat' dir='ltr'><strong>lilii</strong></span> <span class='ocrx_word' id='word_1_548' title='bbox 2905 3605 3030 3677; x_wconf 82' lang='lat' dir='ltr'><strong>ejus</strong></span> <span class='ocrx_word' id='word_1_549' title='bbox 3055 3605 3325 3671; x_wconf 89' lang='lat' dir='ltr'><strong>radicem,</strong></span> <span class='ocrx_word' id='word_1_550' title='bbox 3364 3610 3419 3660; x_wconf 92' lang='lat' dir='ltr'><strong>et</strong></span> <span class='ocrx_word' id='word_1_551' title='bbox 3456 3605 3598 3660; x_wconf 86' lang='lat' dir='ltr'><strong>rami</strong></span> 
     </span>
    </p>
   </div>
   <div class='ocr_carea' id='block_1_80' title="bbox 2014 3695 3598 3770">
    <p class='ocr_par' dir='ltr' id='par_1_80' title="bbox 2014 3695 3598 3770">
     <span class='ocr_line' id='line_1_80' title="bbox 2014 3695 3598 3770; baseline -0.008 -8"><span class='ocrx_word' id='word_1_552' title='bbox 2014 3708 2165 3764; x_wconf 88' lang='lat' dir='ltr'><strong>illius</strong></span> <span class='ocrx_word' id='word_1_553' title='bbox 2194 3720 2311 3763; x_wconf 91' lang='lat' dir='ltr'><strong>non</strong></span> <span class='ocrx_word' id='word_1_554' title='bbox 2353 3702 2537 3760; x_wconf 79' lang='lat' dir='ltr'><strong>ferent</strong></span> <span class='ocrx_word' id='word_1_555' title='bbox 2572 3699 2839 3757; x_wconf 89' lang='lat' dir='ltr'><strong>fructum.</strong></span> <span class='ocrx_word' id='word_1_556' title='bbox 2874 3697 3236 3770; x_wconf 88' lang='lat' dir='ltr'><strong>Derelinquet</strong></span> <span class='ocrx_word' id='word_1_557' title='bbox 3269 3697 3325 3753; x_wconf 90' lang='lat' dir='ltr'><strong>in</strong></span> <span class='ocrx_word' id='word_1_558' title='bbox 3363 3695 3598 3753; x_wconf 85' lang='lat' dir='ltr'><strong>maledi-</strong></span> 
     </span>
    </p>
   </div>
   <div class='ocr_carea' id='block_1_81' title="bbox 2012 3791 2807 3851">
    <p class='ocr_par' dir='ltr' id='par_1_81' title="bbox 2012 3791 2807 3851">
     <span class='ocr_line' id='line_1_81' title="bbox 2012 3791 2807 3851; baseline -0.015 0"><span class='ocrx_word' id='word_1_559' title='bbox 2012 3805 2162 3851; x_wconf 86' lang='lat' dir='ltr'><strong>ctum</strong></span> <span class='ocrx_word' id='word_1_560' title='bbox 2189 3791 2519 3849; x_wconf 87' lang='lat' dir='ltr'><strong>memoriam</strong></span> <span class='ocrx_word' id='word_1_561' title='bbox 2556 3804 2737 3847; x_wconf 89' lang='lat' dir='ltr'><strong>suam.</strong></span> <span class='ocrx_word' id='word_1_562' title='bbox 2786 3805 2807 3839; x_wconf 78' lang='grc' dir='ltr'><strong>ι</strong></span> 
     </span>
    </p>
   </div>
   <div class='ocr_carea' id='block_1_82' title="bbox 2085 3874 3601 3952">
    <p class='ocr_par' dir='ltr' id='par_1_82' title="bbox 2085 3874 3601 3952">
     <span class='ocr_line' id='line_1_82' title="bbox 2085 3874 3601 3952; baseline -0.011 -9"><span class='ocrx_word' id='word_1_563' title='bbox 2085 3885 2423 3952; x_wconf 66' lang='lat' dir='ltr'><strong>Eccli..xxv,</strong></span> <span class='ocrx_word' id='word_1_564' title='bbox 2454 3883 2549 3948; x_wconf 66' lang='lat'><strong>&#39;54,</strong></span> <span class='ocrx_word' id='word_1_565' title='bbox 2569 3882 2662 3946; x_wconf 77' lang='lat'><strong>23,</strong></span> <span class='ocrx_word' id='word_1_566' title='bbox 2686 3878 2781 3948; x_wconf 87' lang='lat'><strong>26,</strong></span> <span class='ocrx_word' id='word_1_567' title='bbox 2809 3881 2900 3947; x_wconf 82' lang='lat'><strong>35,</strong></span> <span class='ocrx_word' id='word_1_568' title='bbox 2922 3878 3016 3937; x_wconf 82' lang='lat'><strong>25.</strong></span> <span class='ocrx_word' id='word_1_569' title='bbox 3044 3909 3116 3922; x_wconf 74' lang='grc' dir='ltr'><strong>-ο</strong></span> <span class='ocrx_word' id='word_1_570' title='bbox 3162 3896 3183 3931; x_wconf 83' lang='grc' dir='ltr'><strong>ι</strong></span> <span class='ocrx_word' id='word_1_571' title='bbox 3216 3874 3298 3934; x_wconf 90' lang='lat' dir='ltr'><strong>Ne</strong></span> <span class='ocrx_word' id='word_1_572' title='bbox 3320 3876 3417 3934; x_wconf 89' lang='lat' dir='ltr'><strong>des</strong></span> <span class='ocrx_word' id='word_1_573' title='bbox 3443 3890 3601 3947; x_wconf 75' lang='lat' dir='ltr'><strong>aqua:</strong></span> 
     </span>
    </p>
   </div>
   <div class='ocr_carea' id='block_1_83' title="bbox 2013 3968 3600 4047">
    <p class='ocr_par' dir='ltr' id='par_1_83' title="bbox 2013 3968 3600 4047">
     <span class='ocr_line' id='line_1_83' title="bbox 2013 3968 3600 4047; baseline -0.01 -9"><span class='ocrx_word' id='word_1_574' title='bbox 2013 3979 2250 4047; x_wconf 81' lang='lat' dir='ltr'><strong>exitum,</strong></span> <span class='ocrx_word' id='word_1_575' title='bbox 2282 3992 2385 4035; x_wconf 91' lang='lat' dir='ltr'><strong>nec</strong></span> <span class='ocrx_word' id='word_1_576' title='bbox 2417 3975 2639 4033; x_wconf 91' lang='lat' dir='ltr'><strong>mulieri</strong></span> <span class='ocrx_word' id='word_1_577' title='bbox 2666 3975 2932 4046; x_wconf 76' lang='lat' dir='ltr'><strong>improba:</strong></span> <span class='ocrx_word' id='word_1_578' title='bbox 2959 3972 3374 4029; x_wconf 87' lang='lat' dir='ltr'><strong>remissionem.</strong></span> <span class='ocrx_word' id='word_1_579' title='bbox 3405 3968 3600 4024; x_wconf 84' lang='lat' dir='ltr'><strong>Sinon</strong></span> 
     </span>
    </p>
   </div>
   <div class='ocr_carea' id='block_1_84' title="bbox 2014 4059 3601 4130">
    <p class='ocr_par' dir='ltr' id='par_1_84' title="bbox 2014 4059 3601 4130">
     <span class='ocr_line' id='line_1_84' title="bbox 2014 4059 3601 4130; baseline -0.008 -5"><span class='ocrx_word' id='word_1_580' title='bbox 2014 4067 2387 4125; x_wconf 81' lang='lat' dir='ltr'><strong>ambulaverit</strong></span> <span class='ocrx_word' id='word_1_581' title='bbox 2419 4066 2486 4123; x_wconf 94' lang='lat' dir='ltr'><strong>ad</strong></span> <span class='ocrx_word' id='word_1_582' title='bbox 2512 4080 2736 4120; x_wconf 89' lang='lat' dir='ltr'><strong>manum</strong></span> <span class='ocrx_word' id='word_1_583' title='bbox 2764 4073 2938 4130; x_wconf 89' lang='lat' dir='ltr'><strong>tuam,</strong></span> <span class='ocrx_word' id='word_1_584' title='bbox 2970 4062 3041 4118; x_wconf 91' lang='lat' dir='ltr'><strong>de</strong></span> <span class='ocrx_word' id='word_1_585' title='bbox 3076 4061 3339 4118; x_wconf 88' lang='lat' dir='ltr'><strong>carnibus</strong></span> <span class='ocrx_word' id='word_1_586' title='bbox 3370 4059 3482 4114; x_wconf 88' lang='lat' dir='ltr'><strong>tuis</strong></span> <span class='ocrx_word' id='word_1_587' title='bbox 3503 4059 3601 4113; x_wconf 85' lang='lat' dir='ltr'><strong>ab-</strong></span> 
     </span>
    </p>
   </div>
   <div class='ocr_carea' id='block_1_85' title="bbox 2015 4149 3599 4225">
    <p class='ocr_par' dir='ltr' id='par_1_85' title="bbox 2015 4149 3599 4225">
     <span class='ocr_line' id='line_1_85' title="bbox 2015 4149 3599 4225; baseline -0.011 -4"><span class='ocrx_word' id='word_1_588' title='bbox 2015 4162 2210 4221; x_wconf 89' lang='lat' dir='ltr'><strong>scinde</strong></span> <span class='ocrx_word' id='word_1_589' title='bbox 2240 4175 2383 4218; x_wconf 91' lang='lat' dir='ltr'><strong>eam.</strong></span> <span class='ocrx_word' id='word_1_590' title='bbox 2426 4156 2775 4215; x_wconf 89' lang='lat' dir='ltr'><strong>Commorari</strong></span> <span class='ocrx_word' id='word_1_591' title='bbox 2816 4170 2944 4213; x_wconf 91' lang='lat' dir='ltr'><strong>cum</strong></span> <span class='ocrx_word' id='word_1_592' title='bbox 2984 4154 3144 4212; x_wconf 89' lang='lat' dir='ltr'><strong>lecne</strong></span> <span class='ocrx_word' id='word_1_593' title='bbox 3173 4151 3333 4225; x_wconf 66' lang='grc'><strong>411,</strong></span> <span class='ocrx_word' id='word_1_594' title='bbox 3370 4158 3427 4207; x_wconf 92' lang='lat' dir='ltr'><strong>et</strong></span> <span class='ocrx_word' id='word_1_595' title='bbox 3465 4149 3599 4205; x_wconf 88' lang='lat' dir='ltr'><strong>dra-</strong></span> 
     </span>
    </p>
   </div>
   <div class='ocr_carea' id='block_1_86' title="bbox 2015 4243 3602 4323">
    <p class='ocr_par' dir='ltr' id='par_1_86' title="bbox 2015 4243 3602 4323">
     <span class='ocr_line' id='line_1_86' title="bbox 2015 4243 3602 4323; baseline -0.011 -11"><span class='ocrx_word' id='word_1_596' title='bbox 2015 4268 2163 4312; x_wconf 89' lang='lat' dir='ltr'><strong>cone</strong></span> <span class='ocrx_word' id='word_1_597' title='bbox 2196 4250 2296 4310; x_wconf 90' lang='lat' dir='ltr'><strong>tibi</strong></span> <span class='ocrx_word' id='word_1_598' title='bbox 2329 4250 2548 4323; x_wconf 88' lang='lat' dir='ltr'><strong>placeat</strong></span> <span class='ocrx_word' id='word_1_599' title='bbox 2587 4246 2789 4320; x_wconf 73' lang='lat' dir='ltr'><strong>magis,</strong></span> <span class='ocrx_word' id='word_1_600' title='bbox 2816 4260 2984 4319; x_wconf 88' lang='lat' dir='ltr'><strong>quam</strong></span> <span class='ocrx_word' id='word_1_601' title='bbox 3027 4243 3282 4299; x_wconf 85' lang='lat' dir='ltr'><strong>habitare</strong></span> <span class='ocrx_word' id='word_1_602' title='bbox 3312 4255 3437 4296; x_wconf 90' lang='lat' dir='ltr'><strong>cum</strong></span> <span class='ocrx_word' id='word_1_603' title='bbox 3475 4255 3602 4295; x_wconf 90' lang='lat' dir='ltr'><strong>mu-</strong></span> 
     </span>
    </p>
   </div>
   <div class='ocr_carea' id='block_1_87' title="bbox 2019 4333 3603 4416">
    <p class='ocr_par' dir='ltr' id='par_1_87' title="bbox 2019 4333 3603 4416">
     <span class='ocr_line' id='line_1_87' title="bbox 2019 4333 3603 4416; baseline -0.01 -14"><span class='ocrx_word' id='word_1_604' title='bbox 2019 4346 2157 4402; x_wconf 87' lang='lat' dir='ltr'><strong>liere</strong></span> <span class='ocrx_word' id='word_1_605' title='bbox 2176 4357 2437 4416; x_wconf 88' lang='lat' dir='ltr'><strong>nequam.</strong></span> <span class='ocrx_word' id='word_1_606' title='bbox 2471 4341 2663 4398; x_wconf 85' lang='lat' dir='ltr'><strong>Brevis</strong></span> <span class='ocrx_word' id='word_1_607' title='bbox 2693 4346 2780 4396; x_wconf 90' lang='lat' dir='ltr'><strong>est</strong></span> <span class='ocrx_word' id='word_1_608' title='bbox 2817 4337 3000 4394; x_wconf 86' lang='lat' dir='ltr'><strong>omnis</strong></span> <span class='ocrx_word' id='word_1_609' title='bbox 3033 4333 3245 4391; x_wconf 89' lang='lat' dir='ltr'><strong>malitia</strong></span> <span class='ocrx_word' id='word_1_610' title='bbox 3264 4348 3402 4406; x_wconf 77' lang='lat' dir='ltr'><strong>erga</strong></span> <span class='ocrx_word' id='word_1_611' title='bbox 3440 4333 3603 4387; x_wconf 58' lang='lat' dir='ltr'><strong>mali-</strong></span> 
     </span>
    </p>
   </div>
   <div class='ocr_carea' id='block_1_88' title="bbox 310 4416 1899 4537">
    <p class='ocr_par' dir='ltr' id='par_1_88' title="bbox 310 4416 1899 4537">
     <span class='ocr_line' id='line_1_88' title="bbox 310 4416 1899 4537; baseline -0.01 -15"><span class='ocrx_word' id='word_1_612' title='bbox 310 4416 498 4531; x_wconf 52' lang='lat' dir='ltr'><strong>61,ou;&#39;</strong></span> <span class='ocrx_word' id='word_1_613' title='bbox 536 4416 816 4537; x_wconf 44' lang='lat' dir='ltr'><strong>dgnior]:</strong></span> <span class='ocrx_word' id='word_1_614' title='bbox 856 4416 916 4517; x_wconf 56' lang='grc' dir='ltr'>ἔν</span> <span class='ocrx_word' id='word_1_615' title='bbox 968 4462 1099 4517; x_wconf 75' lang='grc' dir='ltr'><strong>ποσὶ</strong></span> <span class='ocrx_word' id='word_1_616' title='bbox 1125 4457 1506 4534; x_wconf 77' lang='grc' dir='ltr'><strong>πρεσϐυτέρου</strong></span> <span class='ocrx_word' id='word_1_617' title='bbox 1527 4496 1544 4522; x_wconf 90' lang='grc'><strong>,</strong></span> <span class='ocrx_word' id='word_1_618' title='bbox 1596 4416 1743 4510; x_wconf 63' lang='grc' dir='ltr'><strong>ούτω</strong></span> <span class='ocrx_word' id='word_1_619' title='bbox 1774 4452 1899 4524; x_wconf 54' lang='grc' dir='ltr'><strong>γυνὴ</strong></span> 
     </span>
    </p>
   </div>
   <div class='ocr_carea' id='block_1_89' title="bbox 2030 4416 3600 4537">
    <p class='ocr_par' dir='ltr' id='par_1_89' title="bbox 2030 4429 3600 4505">
     <span class='ocr_line' id='line_1_89' title="bbox 2030 4429 3600 4505; baseline -0.01 -9"><span class='ocrx_word' id='word_1_620' title='bbox 2030 4441 2152 4497; x_wconf 63' lang='lat' dir='ltr'><strong>tiam</strong></span> <span class='ocrx_word' id='word_1_621' title='bbox 2183 4435 2438 4494; x_wconf 86' lang='lat' dir='ltr'><strong>mulieris</strong></span> <span class='ocrx_word' id='word_1_622' title='bbox 2469 4453 2483 4491; x_wconf 92' lang='lat'><strong>:</strong></span> <span class='ocrx_word' id='word_1_623' title='bbox 2512 4448 2637 4491; x_wconf 91' lang='lat' dir='ltr'><strong>sors</strong></span> <span class='ocrx_word' id='word_1_624' title='bbox 2674 4430 2985 4505; x_wconf 87' lang='lat' dir='ltr'><strong>peccatoris</strong></span> <span class='ocrx_word' id='word_1_625' title='bbox 3032 4429 3195 4486; x_wconf 82' lang='lat' dir='ltr'><strong>cadet</strong></span> <span class='ocrx_word' id='word_1_626' title='bbox 3239 4441 3406 4499; x_wconf 87' lang='lat' dir='ltr'><strong>super</strong></span> <span class='ocrx_word' id='word_1_627' title='bbox 3454 4439 3600 4481; x_wconf 88' lang='lat' dir='ltr'><strong>eam.</strong></span> 
     </span>
    </p>
   </div>
   <div class='ocr_carea' id='block_1_90' title="bbox 309 4547 1913 4632">
    <p class='ocr_par' dir='ltr' id='par_1_90' title="bbox 309 4547 1913 4632">
     <span class='ocr_line' id='line_1_90' title="bbox 309 4547 1913 4632; baseline -0.009 -16"><span class='ocrx_word' id='word_1_628' title='bbox 309 4559 653 4632; x_wconf 79' lang='grc' dir='ltr'><strong>γλωσσώδης</strong></span> <span class='ocrx_word' id='word_1_629' title='bbox 721 4557 876 4631; x_wconf 70' lang='grc' dir='ltr'><strong>ἀνδρί⁵</strong></span> <span class='ocrx_word' id='word_1_630' title='bbox 954 4554 1165 4628; x_wconf 75' lang='grc' dir='ltr'><strong>ἡσύχῳ.</strong></span> <span class='ocrx_word' id='word_1_631' title='bbox 1233 4552 1370 4607; x_wconf 80' lang='grc' dir='ltr'><strong>’Δπδ</strong></span> <span class='ocrx_word' id='word_1_632' title='bbox 1431 4548 1694 4620; x_wconf 83' lang='grc' dir='ltr'><strong>γυναικὸς</strong></span> <span class='ocrx_word' id='word_1_633' title='bbox 1767 4547 1913 4620; x_wconf 86' lang='grc' dir='ltr'><strong>ἀρχὴ</strong></span> 
     </span>
    </p>
   </div>
   <div class='ocr_carea' id='block_1_91' title="bbox 310 4639 1911 4725">
    <p class='ocr_par' dir='ltr' id='par_1_91' title="bbox 310 4639 1911 4725">
     <span class='ocr_line' id='line_1_91' title="bbox 310 4639 1911 4725; baseline -0.009 -19"><span class='ocrx_word' id='word_1_634' title='bbox 310 4651 622 4725; x_wconf 74' lang='grc' dir='ltr'><strong>ἁμαρτίας,</strong></span> <span class='ocrx_word' id='word_1_635' title='bbox 678 4652 775 4706; x_wconf 67' lang='grc' dir='ltr'><strong>καὶ</strong></span> <span class='ocrx_word' id='word_1_636' title='bbox 815 4650 884 4704; x_wconf 82' lang='grc' dir='ltr'><strong>δι’</strong></span> <span class='ocrx_word' id='word_1_637' title='bbox 939 4648 1115 4719; x_wconf 77' lang='grc' dir='ltr'><strong>αὐτῆς</strong></span> <span class='ocrx_word' id='word_1_638' title='bbox 1165 4643 1588 4715; x_wconf 76' lang='grc' dir='ltr'><strong>ἀποθνήσκομεν</strong></span> <span class='ocrx_word' id='word_1_639' title='bbox 1630 4639 1855 4705; x_wconf 84' lang='grc' dir='ltr'><strong>πάντες.</strong></span> <span class='ocrx_word' id='word_1_640' title='bbox 1889 4656 1911 4692; x_wconf 85' lang='grc' dir='ltr'><strong>ι</strong></span> 
     </span>
    </p>
   </div>
   <div class='ocr_carea' id='block_1_92' title="bbox 317 4735 1526 4815">
    <p class='ocr_par' dir='ltr' id='par_1_92' title="bbox 317 4735 1526 4815">
     <span class='ocr_line' id='line_1_92' title="bbox 317 4735 1526 4815; baseline -0.011 -16"><span class='ocrx_word' id='word_1_641' title='bbox 317 4763 345 4799; x_wconf 73' lang='grc' dir='ltr'><strong>ε</strong></span> <span class='ocrx_word' id='word_1_642' title='bbox 381 4743 474 4815; x_wconf 80' lang='grc' dir='ltr'><strong>Μὴ</strong></span> <span class='ocrx_word' id='word_1_643' title='bbox 505 4742 613 4815; x_wconf 83' lang='grc' dir='ltr'><strong>δῷς</strong></span> <span class='ocrx_word' id='word_1_644' title='bbox 642 4740 868 4812; x_wconf 70' lang='grc' dir='ltr'><strong>γυναικὶ</strong></span> <span class='ocrx_word' id='word_1_645' title='bbox 894 4739 1110 4811; x_wconf 75' lang='grc' dir='ltr'><strong>πονηρᾷ</strong></span> <span class='ocrx_word' id='word_1_646' title='bbox 1135 4735 1471 4812; x_wconf 68' lang='grc' dir='ltr'><strong>παρρησίαν.</strong></span> <span class='ocrx_word' id='word_1_647' title='bbox 1504 4749 1526 4786; x_wconf 79' lang='grc' dir='ltr'><strong>ι</strong></span> 
     </span>
    </p>
   </div>
   <div class='ocr_carea' id='block_1_93' title="bbox 401 4916 1919 5001">
    <p class='ocr_par' dir='ltr' id='par_1_93' title="bbox 401 4916 1919 5001">
     <span class='ocr_line' id='line_1_93' title="bbox 401 4916 1919 5001; baseline -0.007 -19"><span class='ocrx_word' id='word_1_648' title='bbox 401 4947 424 4982; x_wconf 72' lang='grc' dir='ltr'><strong>ε</strong></span> <span class='ocrx_word' id='word_1_649' title='bbox 470 4927 641 5001; x_wconf 81' lang='grc' dir='ltr'><strong>Ὀργὴ</strong></span> <span class='ocrx_word' id='word_1_650' title='bbox 684 4926 896 4999; x_wconf 83' lang='grc' dir='ltr'><strong>μεγάλη</strong></span> <span class='ocrx_word' id='word_1_651' title='bbox 929 4924 1070 4997; x_wconf 81' lang='grc' dir='ltr'><strong>γυνὴ</strong></span> <span class='ocrx_word' id='word_1_652' title='bbox 1108 4923 1367 4996; x_wconf 81' lang='grc' dir='ltr'><strong>μέθυσος.</strong></span> <span class='ocrx_word' id='word_1_653' title='bbox 1393 4920 1631 4993; x_wconf 85' lang='grc' dir='ltr'><strong>Πορνεία</strong></span> <span class='ocrx_word' id='word_1_654' title='bbox 1657 4916 1919 4989; x_wconf 83' lang='grc' dir='ltr'><strong>γυναικὸς</strong></span> 
     </span>
    </p>
   </div>
   <div class='ocr_carea' id='block_1_94' title="bbox 318 5009 1921 5093">
    <p class='ocr_par' dir='ltr' id='par_1_94' title="bbox 318 5009 1921 5093">
     <span class='ocr_line' id='line_1_94' title="bbox 318 5009 1921 5093; baseline -0.009 -16"><span class='ocrx_word' id='word_1_655' title='bbox 318 5026 390 5077; x_wconf 71' lang='grc' dir='ltr'><strong>ἐν</strong></span> <span class='ocrx_word' id='word_1_656' title='bbox 420 5020 724 5093; x_wconf 85' lang='grc' dir='ltr'><strong>μετεώροις</strong></span> <span class='ocrx_word' id='word_1_657' title='bbox 762 5017 1087 5090; x_wconf 78' lang='grc' dir='ltr'><strong>ὀφθαλμῶν,</strong></span> <span class='ocrx_word' id='word_1_658' title='bbox 1126 5016 1223 5071; x_wconf 76' lang='grc' dir='ltr'><strong>καὶ</strong></span> <span class='ocrx_word' id='word_1_659' title='bbox 1251 5017 1312 5072; x_wconf 81' lang='grc' dir='ltr'><strong>ὲν</strong></span> <span class='ocrx_word' id='word_1_660' title='bbox 1348 5017 1465 5079; x_wconf 80' lang='grc' dir='ltr'><strong>τοῖς</strong></span> <span class='ocrx_word' id='word_1_661' title='bbox 1496 5013 1792 5085; x_wconf 80' lang='grc' dir='ltr'><strong>βλεφάροις</strong></span> <span class='ocrx_word' id='word_1_662' title='bbox 1821 5009 1921 5064; x_wconf 88' lang='grc' dir='ltr'><strong>αύ-</strong></span> 
     </span>
    </p>
   </div>
   <div class='ocr_carea' id='block_1_95' title="bbox 320 5115 924 5189">
    <p class='ocr_par' dir='ltr' id='par_1_95' title="bbox 320 5115 924 5189">
     <span class='ocr_line' id='line_1_95' title="bbox 320 5115 924 5189; baseline -0.012 -16"><span class='ocrx_word' id='word_1_663' title='bbox 320 5119 434 5189; x_wconf 75' lang='grc' dir='ltr'><strong>ιτῆς</strong></span> <span class='ocrx_word' id='word_1_664' title='bbox 464 5115 868 5187; x_wconf 81' lang='grc' dir='ltr'><strong>γνωσθήσεται.</strong></span> <span class='ocrx_word' id='word_1_665' title='bbox 904 5131 924 5166; x_wconf 77' lang='grc' dir='ltr'><strong>ι</strong></span> 
     </span>
    </p>
   </div>
   <div class='ocr_carea' id='block_1_96' title="bbox 406 5194 1917 5280">
    <p class='ocr_par' dir='ltr' id='par_1_96' title="bbox 406 5194 1917 5280">
     <span class='ocr_line' id='line_1_96' title="bbox 406 5194 1917 5280; baseline -0.008 -20"><span class='ocrx_word' id='word_1_666' title='bbox 406 5232 425 5260; x_wconf 77' lang='grc' dir='ltr'><strong>ι</strong></span> <span class='ocrx_word' id='word_1_667' title='bbox 456 5207 746 5280; x_wconf 80' lang='grc' dir='ltr'><strong>Κρείσσων</strong></span> <span class='ocrx_word' id='word_1_668' title='bbox 774 5205 1018 5278; x_wconf 88' lang='grc' dir='ltr'><strong>πονηρία</strong></span> <span class='ocrx_word' id='word_1_669' title='bbox 1055 5202 1276 5276; x_wconf 80' lang='grc' dir='ltr'><strong>ἀνδρὸς,</strong></span> <span class='ocrx_word' id='word_1_670' title='bbox 1318 5202 1354 5274; x_wconf 84' lang='grc' dir='ltr'>ἢ</span> <span class='ocrx_word' id='word_1_671' title='bbox 1383 5198 1713 5273; x_wconf 79' lang='grc' dir='ltr'><strong>άγαθοποιδς</strong></span> <span class='ocrx_word' id='word_1_672' title='bbox 1753 5194 1917 5268; x_wconf 74' lang='grc' dir='ltr'><strong>γυνή.</strong></span> 
     </span>
    </p>
   </div>
   <div class='ocr_carea' id='block_1_97' title="bbox 339 5295 1504 5373">
    <p class='ocr_par' dir='ltr' id='par_1_97' title="bbox 339 5295 1504 5373">
     <span class='ocr_line' id='line_1_97' title="bbox 339 5295 1504 5373; baseline -0.009 -15"><span class='ocrx_word' id='word_1_673' title='bbox 339 5301 472 5358; x_wconf 68' lang='grc' dir='ltr'><strong>Ἐπὶ</strong></span> <span class='ocrx_word' id='word_1_674' title='bbox 493 5301 720 5372; x_wconf 75' lang='grc' dir='ltr'><strong>γυναικὶ</strong></span> <span class='ocrx_word' id='word_1_675' title='bbox 751 5300 973 5373; x_wconf 75' lang='grc' dir='ltr'><strong>πονηρᾷ</strong></span> <span class='ocrx_word' id='word_1_676' title='bbox 998 5297 1170 5362; x_wconf 25' lang='grc' dir='ltr'><strong>καλὸν,</strong></span> <span class='ocrx_word' id='word_1_677' title='bbox 1190 5295 1450 5369; x_wconf 80' lang='grc' dir='ltr'><strong>σφραγίς.</strong></span> <span class='ocrx_word' id='word_1_678' title='bbox 1482 5313 1504 5348; x_wconf 85' lang='grc' dir='ltr'><strong>ι</strong></span> 
     </span>
    </p>
   </div>
   <div class='ocr_carea' id='block_1_98' title="bbox 403 5480 1798 5563">
    <p class='ocr_par' dir='ltr' id='par_1_98' title="bbox 403 5480 1798 5563">
     <span class='ocr_line' id='line_1_98' title="bbox 403 5480 1798 5563; baseline -0.005 -20"><span class='ocrx_word' id='word_1_679' title='bbox 403 5481 830 5563; x_wconf 79' lang='grc' dir='ltr'><strong>’Δμαρτήματα</strong></span> <span class='ocrx_word' id='word_1_680' title='bbox 857 5482 1162 5556; x_wconf 88' lang='grc' dir='ltr'><strong>γυναικῶν,</strong></span> <span class='ocrx_word' id='word_1_681' title='bbox 1195 5481 1411 5555; x_wconf 85' lang='grc' dir='ltr'><strong>ἀνδρῶν</strong></span> <span class='ocrx_word' id='word_1_682' title='bbox 1442 5480 1798 5537; x_wconf 81' lang='grc' dir='ltr'><strong>ἀπαιδευσία.</strong></span> 
     </span>
    </p>
   </div>
   <div class='ocr_carea' id='block_1_99' title="bbox 398 5666 1925 5754">
    <p class='ocr_par' dir='ltr' id='par_1_99' title="bbox 398 5666 1925 5754">
     <span class='ocr_line' id='line_1_99' title="bbox 398 5666 1925 5754; baseline -0.014 -14"><span class='ocrx_word' id='word_1_683' title='bbox 398 5683 548 5754; x_wconf 81' lang='grc' dir='ltr'><strong>Γυνὴ</strong></span> <span class='ocrx_word' id='word_1_684' title='bbox 578 5676 959 5753; x_wconf 75' lang='grc' dir='ltr'><strong>φιλόπλουτος,</strong></span> <span class='ocrx_word' id='word_1_685' title='bbox 983 5670 1312 5726; x_wconf 75' lang='grc' dir='ltr'><strong>συνοικοῦσα</strong></span> <span class='ocrx_word' id='word_1_686' title='bbox 1341 5669 1497 5742; x_wconf 74' lang='grc' dir='ltr'><strong>ἀνδρὶ</strong></span> <span class='ocrx_word' id='word_1_687' title='bbox 1525 5666 1816 5740; x_wconf 74' lang='grc' dir='ltr'><strong>ὀμόφρονι,</strong></span> <span class='ocrx_word' id='word_1_688' title='bbox 1843 5667 1925 5719; x_wconf 64' lang='grc' dir='ltr'><strong>δικ</strong></span> 
     </span>
    </p>
   </div>
   <div class='ocr_carea' id='block_1_100' title="bbox 320 5757 1915 5843">
    <p class='ocr_par' dir='ltr' id='par_1_100' title="bbox 320 5757 1915 5843">
     <span class='ocr_line' id='line_1_100' title="bbox 320 5757 1915 5843; baseline -0.017 -6"><span class='ocrx_word' id='word_1_689' title='bbox 320 5779 560 5843; x_wconf 34' lang='grc' dir='ltr'><strong>πὶλάσιος</strong></span> <span class='ocrx_word' id='word_1_690' title='bbox 586 5777 764 5838; x_wconf 77' lang='grc' dir='ltr'><strong>νόσος.</strong></span> <span class='ocrx_word' id='word_1_691' title='bbox 799 5774 913 5836; x_wconf 75' lang='grc' dir='ltr'><strong>Τάς</strong></span> <span class='ocrx_word' id='word_1_692' title='bbox 945 5786 1007 5825; x_wconf 87' lang='grc' dir='ltr'><strong>τε</strong></span> <span class='ocrx_word' id='word_1_693' title='bbox 1055 5765 1167 5834; x_wconf 75' lang='grc' dir='ltr'><strong>γὰρ</strong></span> <span class='ocrx_word' id='word_1_694' title='bbox 1209 5763 1425 5834; x_wconf 76' lang='grc' dir='ltr'><strong>τρυφὰς</strong></span> <span class='ocrx_word' id='word_1_695' title='bbox 1471 5760 1784 5834; x_wconf 78' lang='grc' dir='ltr'><strong>ἀναφλέγει,</strong></span> <span class='ocrx_word' id='word_1_696' title='bbox 1821 5757 1915 5812; x_wconf 69' lang='grc' dir='ltr'><strong>καὶ</strong></span> 
     </span>
    </p>
   </div>
   <div class='ocr_carea' id='block_1_101' title="bbox 664 5864 1318 5936">
    <p class='ocr_par' dir='ltr' id='par_1_101' title="bbox 664 5864 1318 5936">
     <span class='ocr_line' id='line_1_101' title="bbox 664 5864 1318 5936; baseline -0.017 0"><span class='ocrx_word' id='word_1_697' title='bbox 664 5877 935 5936; x_wconf 68' lang='grc' dir='ltr'><strong>ΡΑτιιῡι..</strong></span> <span class='ocrx_word' id='word_1_698' title='bbox 977 5875 1092 5934; x_wconf 75' lang='lat' dir='ltr'><strong>Gtt.</strong></span> <span class='ocrx_word' id='word_1_699' title='bbox 1140 5864 1318 5928; x_wconf 79' lang='lat' dir='ltr'><strong>XCV.</strong></span> 
     </span>
    </p>
   </div>
   <div class='ocr_carea' id='block_1_102' title="bbox 2013 4519 3605 4598">
    <p class='ocr_par' dir='ltr' id='par_1_102' title="bbox 2013 4519 3605 4598">
     <span class='ocr_line' id='line_1_102' title="bbox 2013 4519 3605 4598; baseline -0.009 -10"><span class='ocrx_word' id='word_1_700' title='bbox 2013 4532 2301 4590; x_wconf 79' lang='lat' dir='ltr'><strong>Ascensus</strong></span> <span class='ocrx_word' id='word_1_701' title='bbox 2329 4542 2602 4585; x_wconf 81' lang='lat' dir='ltr'><strong>arenosus</strong></span> <span class='ocrx_word' id='word_1_702' title='bbox 2627 4526 2683 4583; x_wconf 90' lang='lat' dir='ltr'><strong>in</strong></span> <span class='ocrx_word' id='word_1_703' title='bbox 2717 4524 2953 4598; x_wconf 87' lang='lat' dir='ltr'><strong>pedibus</strong></span> <span class='ocrx_word' id='word_1_704' title='bbox 2979 4521 3250 4587; x_wconf 88' lang='lat' dir='ltr'><strong>veterani,</strong></span> <span class='ocrx_word' id='word_1_705' title='bbox 3279 4522 3362 4577; x_wconf 91' lang='lat' dir='ltr'><strong>sic</strong></span> <span class='ocrx_word' id='word_1_706' title='bbox 3400 4519 3605 4575; x_wconf 87' lang='lat' dir='ltr'><strong>mulier</strong></span> 
     </span>
    </p>
   </div>
   <div class='ocr_carea' id='block_1_103' title="bbox 2017 4611 3603 4694">
    <p class='ocr_par' dir='ltr' id='par_1_103' title="bbox 2017 4611 3603 4694">
     <span class='ocr_line' id='line_1_103' title="bbox 2017 4611 3603 4694; baseline -0.01 -15"><span class='ocrx_word' id='word_1_707' title='bbox 2017 4624 2265 4694; x_wconf 76' lang='lat' dir='ltr'><strong>linguata</strong></span> <span class='ocrx_word' id='word_1_708' title='bbox 2303 4618 2512 4676; x_wconf 85' lang='lat' dir='ltr'><strong>homini</strong></span> <span class='ocrx_word' id='word_1_709' title='bbox 2556 4617 2765 4689; x_wconf 85' lang='lat' dir='ltr'><strong>quieto.</strong></span> <span class='ocrx_word' id='word_1_710' title='bbox 2798 4616 2841 4669; x_wconf 86' lang='lat' dir='ltr'><strong>A</strong></span> <span class='ocrx_word' id='word_1_711' title='bbox 2871 4613 3106 4669; x_wconf 82' lang='lat' dir='ltr'><strong>muliere</strong></span> <span class='ocrx_word' id='word_1_712' title='bbox 3137 4611 3358 4666; x_wconf 91' lang='lat' dir='ltr'><strong>initium</strong></span> <span class='ocrx_word' id='word_1_713' title='bbox 3391 4611 3603 4665; x_wconf 82' lang='lat' dir='ltr'><strong>factum</strong></span> 
     </span>
    </p>
   </div>
   <div class='ocr_carea' id='block_1_104' title="bbox 2015 4699 3604 4785">
    <p class='ocr_par' dir='ltr' id='par_1_104' title="bbox 2015 4699 3604 4785">
     <span class='ocr_line' id='line_1_104' title="bbox 2015 4699 3604 4785; baseline -0.01 -12"><span class='ocrx_word' id='word_1_714' title='bbox 2015 4724 2104 4775; x_wconf 89' lang='lat' dir='ltr'><strong>est</strong></span> <span class='ocrx_word' id='word_1_715' title='bbox 2140 4714 2375 4785; x_wconf 85' lang='lat' dir='ltr'><strong>peccati,</strong></span> <span class='ocrx_word' id='word_1_716' title='bbox 2421 4717 2478 4767; x_wconf 88' lang='lat' dir='ltr'><strong>et</strong></span> <span class='ocrx_word' id='word_1_717' title='bbox 2501 4723 2599 4781; x_wconf 79' lang='lat' dir='ltr'><strong>per</strong></span> <span class='ocrx_word' id='word_1_718' title='bbox 2637 4707 2789 4762; x_wconf 90' lang='lat' dir='ltr'><strong>illam</strong></span> <span class='ocrx_word' id='word_1_719' title='bbox 2833 4705 3106 4760; x_wconf 87' lang='lat' dir='ltr'><strong>morimur</strong></span> <span class='ocrx_word' id='word_1_720' title='bbox 3135 4715 3350 4759; x_wconf 89' lang='lat' dir='ltr'><strong>omnes.</strong></span> <span class='ocrx_word' id='word_1_721' title='bbox 3389 4699 3470 4758; x_wconf 84' lang='lat' dir='ltr'><strong>Ne</strong></span> <span class='ocrx_word' id='word_1_722' title='bbox 3504 4700 3604 4757; x_wconf 82' lang='lat' dir='ltr'><strong>des</strong></span> 
     </span>
    </p>
   </div>
   <div class='ocr_carea' id='block_1_105' title="bbox 2019 4797 3141 4873">
    <p class='ocr_par' dir='ltr' id='par_1_105' title="bbox 2019 4797 3141 4873">
     <span class='ocr_line' id='line_1_105' title="bbox 2019 4797 3141 4873; baseline -0.016 -7"><span class='ocrx_word' id='word_1_723' title='bbox 2019 4804 2245 4866; x_wconf 88' lang='lat' dir='ltr'><strong>mulieri</strong></span> <span class='ocrx_word' id='word_1_724' title='bbox 2273 4803 2429 4860; x_wconf 84' lang='lat' dir='ltr'><strong>malae</strong></span> <span class='ocrx_word' id='word_1_725' title='bbox 2450 4797 2715 4873; x_wconf 90' lang='lat' dir='ltr'><strong>loquendi</strong></span> <span class='ocrx_word' id='word_1_726' title='bbox 2746 4798 3082 4853; x_wconf 88' lang='lat' dir='ltr'><strong>libertatem.</strong></span> <span class='ocrx_word' id='word_1_727' title='bbox 3121 4812 3141 4847; x_wconf 84' lang='grc' dir='ltr'><strong>ι</strong></span> 
     </span>
    </p>
   </div>
   <div class='ocr_carea' id='block_1_106' title="bbox 2093 4887 3605 4964">
    <p class='ocr_par' dir='ltr' id='par_1_106' title="bbox 2093 4887 3605 4964">
     <span class='ocr_line' id='line_1_106' title="bbox 2093 4887 3605 4964; baseline -0.01 -6"><span class='ocrx_word' id='word_1_728' title='bbox 2093 4900 2267 4959; x_wconf 82' lang='lat' dir='ltr'><strong>Eccli.</strong></span> <span class='ocrx_word' id='word_1_729' title='bbox 2301 4913 2455 4964; x_wconf 78' lang='lat' dir='ltr'><strong>xxvi,</strong></span> <span class='ocrx_word' id='word_1_730' title='bbox 2483 4896 2538 4950; x_wconf 85' lang='lat'><strong>2.</strong></span> <span class='ocrx_word' id='word_1_731' title='bbox 2571 4924 2643 4935; x_wconf 90' lang='lat'><strong><em>—</em></strong></span> <span class='ocrx_word' id='word_1_732' title='bbox 2688 4911 2708 4947; x_wconf 77' lang='grc' dir='ltr'><strong>ι</strong></span> <span class='ocrx_word' id='word_1_733' title='bbox 2746 4889 2835 4948; x_wconf 85' lang='lat' dir='ltr'><strong>ira</strong></span> <span class='ocrx_word' id='word_1_734' title='bbox 2868 4904 3089 4960; x_wconf 76' lang='lat' dir='ltr'><strong>magna,</strong></span> <span class='ocrx_word' id='word_1_735' title='bbox 3127 4888 3331 4944; x_wconf 86' lang='lat' dir='ltr'><strong>mulier</strong></span> <span class='ocrx_word' id='word_1_736' title='bbox 3359 4887 3605 4944; x_wconf 85' lang='lat' dir='ltr'><strong>ebriosa.</strong></span> 
     </span>
    </p>
   </div>
   <div class='ocr_carea' id='block_1_107' title="bbox 2019 4980 3607 5052">
    <p class='ocr_par' dir='ltr' id='par_1_107' title="bbox 2019 4980 3607 5052">
     <span class='ocr_line' id='line_1_107' title="bbox 2019 4980 3607 5052; baseline -0.011 0"><span class='ocrx_word' id='word_1_737' title='bbox 2019 4992 2343 5052; x_wconf 87' lang='lat' dir='ltr'><strong>Fornicatio</strong></span> <span class='ocrx_word' id='word_1_738' title='bbox 2372 4986 2629 5045; x_wconf 89' lang='lat' dir='ltr'><strong>mulieris</strong></span> <span class='ocrx_word' id='word_1_739' title='bbox 2658 4984 2714 5045; x_wconf 92' lang='lat' dir='ltr'><strong>in</strong></span> <span class='ocrx_word' id='word_1_740' title='bbox 2747 4980 3076 5041; x_wconf 88' lang='lat' dir='ltr'><strong>cxtollentia</strong></span> <span class='ocrx_word' id='word_1_741' title='bbox 3124 4980 3440 5044; x_wconf 88' lang='lat' dir='ltr'><strong>oculorum,</strong></span> <span class='ocrx_word' id='word_1_742' title='bbox 3468 4988 3521 5036; x_wconf 87' lang='lat' dir='ltr'><strong>et</strong></span> <span class='ocrx_word' id='word_1_743' title='bbox 3548 4980 3607 5035; x_wconf 89' lang='lat' dir='ltr'><strong>in</strong></span> 
     </span>
    </p>
   </div>
   <div class='ocr_carea' id='block_1_108' title="bbox 2021 5081 2946 5160">
    <p class='ocr_par' dir='ltr' id='par_1_108' title="bbox 2021 5081 2946 5160">
     <span class='ocr_line' id='line_1_108' title="bbox 2021 5081 2946 5160; baseline -0.017 -16"><span class='ocrx_word' id='word_1_744' title='bbox 2021 5084 2304 5160; x_wconf 86' lang='lat' dir='ltr'><strong>palpebris</strong></span> <span class='ocrx_word' id='word_1_745' title='bbox 2340 5081 2463 5140; x_wconf 88' lang='lat' dir='ltr'><strong>suis</strong></span> <span class='ocrx_word' id='word_1_746' title='bbox 2496 5084 2889 5151; x_wconf 76' lang='lat' dir='ltr'><strong>cognoscetur.</strong></span> <span class='ocrx_word' id='word_1_747' title='bbox 2926 5093 2946 5128; x_wconf 80' lang='grc' dir='ltr'><strong>ι</strong></span> 
     </span>
    </p>
   </div>
   <div class='ocr_carea' id='block_1_109' title="bbox 2094 5164 3607 5240">
    <p class='ocr_par' dir='ltr' id='par_1_109' title="bbox 2094 5164 3607 5240">
     <span class='ocr_line' id='line_1_109' title="bbox 2094 5164 3607 5240; baseline -0.011 -4"><span class='ocrx_word' id='word_1_748' title='bbox 2094 5178 2266 5236; x_wconf 73' lang='grc' dir='ltr'><strong>Εεείὶ.</strong></span> <span class='ocrx_word' id='word_1_749' title='bbox 2309 5189 2447 5240; x_wconf 74' lang='grc' dir='ltr'><strong>χιιι,</strong></span> <span class='ocrx_word' id='word_1_750' title='bbox 2505 5171 2595 5228; x_wconf 73' lang='lat' dir='ltr'><strong>ﬂ.</strong></span> <span class='ocrx_word' id='word_1_751' title='bbox 2633 5200 2702 5214; x_wconf 90' lang='grc'><strong>-</strong></span> <span class='ocrx_word' id='word_1_752' title='bbox 2732 5187 2751 5222; x_wconf 79' lang='grc' dir='ltr'><strong>ι</strong></span> <span class='ocrx_word' id='word_1_753' title='bbox 2787 5166 2981 5223; x_wconf 78' lang='lat' dir='ltr'><strong>Melior</strong></span> <span class='ocrx_word' id='word_1_754' title='bbox 3026 5172 3116 5222; x_wconf 86' lang='lat' dir='ltr'><strong>est</strong></span> <span class='ocrx_word' id='word_1_755' title='bbox 3174 5164 3436 5235; x_wconf 84' lang='lat' dir='ltr'><strong>iniquitas</strong></span> <span class='ocrx_word' id='word_1_756' title='bbox 3478 5164 3607 5232; x_wconf 87' lang='lat' dir='ltr'><strong>viri,</strong></span> 
     </span>
    </p>
   </div>
   <div class='ocr_carea' id='block_1_110' title="bbox 2021 5257 3608 5349">
    <p class='ocr_par' dir='ltr' id='par_1_110' title="bbox 2021 5257 3608 5349">
     <span class='ocr_line' id='line_1_110' title="bbox 2021 5257 3608 5349; baseline -0.012 -17"><span class='ocrx_word' id='word_1_757' title='bbox 2021 5288 2188 5349; x_wconf 90' lang='lat' dir='ltr'><strong>quam</strong></span> <span class='ocrx_word' id='word_1_758' title='bbox 2210 5268 2410 5327; x_wconf 86' lang='lat' dir='ltr'><strong>mulier</strong></span> <span class='ocrx_word' id='word_1_759' title='bbox 2432 5263 2811 5324; x_wconf 85' lang='lat' dir='ltr'><strong>benefaciens.</strong></span> <span class='ocrx_word' id='word_1_760' title='bbox 2840 5257 3021 5331; x_wconf 88' lang='lat' dir='ltr'><strong>Super</strong></span> <span class='ocrx_word' id='word_1_761' title='bbox 3050 5258 3343 5313; x_wconf 88' lang='lat' dir='ltr'><strong>mulierem</strong></span> <span class='ocrx_word' id='word_1_762' title='bbox 3370 5273 3608 5329; x_wconf 85' lang='lat' dir='ltr'><strong>nequam</strong></span> 
     </span>
    </p>
   </div>
   <div class='ocr_carea' id='block_1_111' title="bbox 2024 5366 2688 5440">
    <p class='ocr_par' dir='ltr' id='par_1_111' title="bbox 2024 5366 2688 5440">
     <span class='ocr_line' id='line_1_111' title="bbox 2024 5366 2688 5440; baseline -0.021 -7"><span class='ocrx_word' id='word_1_763' title='bbox 2024 5377 2231 5433; x_wconf 88' lang='lat' dir='ltr'><strong>bonum</strong></span> <span class='ocrx_word' id='word_1_764' title='bbox 2254 5378 2336 5428; x_wconf 83' lang='lat' dir='ltr'><strong>est</strong></span> <span class='ocrx_word' id='word_1_765' title='bbox 2367 5366 2638 5440; x_wconf 77' lang='lat' dir='ltr'><strong>sigillum.</strong></span> <span class='ocrx_word' id='word_1_766' title='bbox 2667 5382 2688 5417; x_wconf 83' lang='grc' dir='ltr'><strong>ι</strong></span> 
     </span>
    </p>
   </div>
   <div class='ocr_carea' id='block_1_112' title="bbox 2094 5445 3611 5522">
    <p class='ocr_par' dir='ltr' id='par_1_112' title="bbox 2094 5445 3611 5522">
     <span class='ocr_line' id='line_1_112' title="bbox 2094 5445 3611 5522; baseline -0.015 -1"><span class='ocrx_word' id='word_1_767' title='bbox 2094 5464 2262 5522; x_wconf 70' lang='lat' dir='ltr'><strong>Sixti.</strong></span> <span class='ocrx_word' id='word_1_768' title='bbox 2296 5489 2365 5505; x_wconf 84' lang='lat'><strong>--</strong></span> <span class='ocrx_word' id='word_1_769' title='bbox 2397 5457 2634 5515; x_wconf 89' lang='lat' dir='ltr'><strong>Peccata</strong></span> <span class='ocrx_word' id='word_1_770' title='bbox 2679 5452 2975 5510; x_wconf 88' lang='lat' dir='ltr'><strong>mulierum</strong></span> <span class='ocrx_word' id='word_1_771' title='bbox 3018 5447 3297 5522; x_wconf 83' lang='lat' dir='ltr'><strong>imperitia</strong></span> <span class='ocrx_word' id='word_1_772' title='bbox 3359 5445 3611 5501; x_wconf 87' lang='lat' dir='ltr'><strong>virorum</strong></span> 
     </span>
    </p>
   </div>
   <div class='ocr_carea' id='block_1_113' title="bbox 2026 5559 2460 5621">
    <p class='ocr_par' dir='ltr' id='par_1_113' title="bbox 2026 5559 2460 5621">
     <span class='ocr_line' id='line_1_113' title="bbox 2026 5559 2460 5621; baseline -0.018 0"><span class='ocrx_word' id='word_1_773' title='bbox 2026 5559 2460 5621; x_wconf 79' lang='lat' dir='ltr'><strong>contrahuntur.</strong></span> 
     </span>
    </p>
   </div>
   <div class='ocr_carea' id='block_1_114' title="bbox 2100 5630 3615 5708">
    <p class='ocr_par' dir='ltr' id='par_1_114' title="bbox 2100 5630 3615 5708">
     <span class='ocr_line' id='line_1_114' title="bbox 2100 5630 3615 5708; baseline -0.017 0"><span class='ocrx_word' id='word_1_774' title='bbox 2100 5649 2275 5708; x_wconf 80' lang='lat' dir='ltr'><strong>Basil.</strong></span> <span class='ocrx_word' id='word_1_775' title='bbox 2313 5647 2461 5703; x_wconf 78' lang='lat' dir='ltr'><strong>hom.</strong></span> <span class='ocrx_word' id='word_1_776' title='bbox 2516 5652 2640 5699; x_wconf 71' lang='lat' dir='ltr'><strong>adv.</strong></span> <span class='ocrx_word' id='word_1_777' title='bbox 2678 5639 2832 5695; x_wconf 73' lang='lat' dir='ltr'><strong>dicit.</strong></span> <span class='ocrx_word' id='word_1_778' title='bbox 2870 5667 2942 5680; x_wconf 88' lang='lat'><strong>-—</strong></span> <span class='ocrx_word' id='word_1_779' title='bbox 2985 5634 3232 5691; x_wconf 77' lang='lat' dir='ltr'><strong>Mulieris</strong></span> <span class='ocrx_word' id='word_1_780' title='bbox 3270 5632 3485 5689; x_wconf 75' lang='lat' dir='ltr'><strong>lasciua:</strong></span> <span class='ocrx_word' id='word_1_781' title='bbox 3522 5630 3615 5683; x_wconf 80' lang='lat' dir='ltr'><strong>de-</strong></span> 
     </span>
    </p>
   </div>
   <div class='ocr_carea' id='block_1_115' title="bbox 2025 5726 3611 5818">
    <p class='ocr_par' dir='ltr' id='par_1_115' title="bbox 2025 5726 3611 5818">
     <span class='ocr_line' id='line_1_115' title="bbox 2025 5726 3611 5818; baseline -0.018 -15"><span class='ocrx_word' id='word_1_782' title='bbox 2025 5748 2264 5818; x_wconf 74' lang='lat' dir='ltr'><strong>scriptio.</strong></span> <span class='ocrx_word' id='word_1_783' title='bbox 2298 5770 2366 5784; x_wconf 92' lang='grc'><strong><em>--</em></strong></span> <span class='ocrx_word' id='word_1_784' title='bbox 2394 5737 2613 5805; x_wconf 81' lang='lat' dir='ltr'><strong>Mulier,</strong></span> <span class='ocrx_word' id='word_1_785' title='bbox 2656 5748 2780 5805; x_wconf 64' lang='lat' dir='ltr'><strong>quae</strong></span> <span class='ocrx_word' id='word_1_786' title='bbox 2829 5731 3148 5788; x_wconf 87' lang='lat' dir='ltr'><strong>divitiarum</strong></span> <span class='ocrx_word' id='word_1_787' title='bbox 3198 5735 3279 5782; x_wconf 83' lang='lat' dir='ltr'><strong>cst</strong></span> <span class='ocrx_word' id='word_1_788' title='bbox 3315 5738 3528 5788; x_wconf 85' lang='lat' dir='ltr'><strong>amans,</strong></span> <span class='ocrx_word' id='word_1_789' title='bbox 3563 5726 3611 5780; x_wconf 78' lang='lat' dir='ltr'><strong>si</strong></span> 
     </span>
    </p>
   </div>
   <div class='ocr_carea' id='block_1_116' title="bbox 3113 5818 3186 5880">
    <p class='ocr_par' dir='ltr' id='par_1_116' title="bbox 3113 5818 3186 5880">
     <span class='ocr_line' id='line_1_116' title="bbox 3113 5818 3186 5880; baseline 0.014 -1"><span class='ocrx_word' id='word_1_790' title='bbox 3113 5818 3186 5880; x_wconf 74' lang='lat'><strong>42</strong></span> 
     </span>
    </p>
   </div>
  </div>
