3960 6392
478 291 607 357 13ςὲῖί

1665 283 1726 343 s.
1767 279 2090 344 JOANNIS
2128 260 2563 349 DAMASCENI

3580 296 3682 364 1324

473 405 724 478 ejusdem
764 401 971 457 indolis
1010 398 1129 454 viro
1157 398 1457 467 conjuncta
1506 396 1603 462 sit,
1656 395 1857 466 duplex
1911 407 2051 448 utor-

2162 396 2262 457 τὰς
2294 394 2616 465 φιληδονίας
2663 393 2840 461 αὔξει,
2887 394 2984 449 καὶ
3016 394 3222 468 κέντρα
3262 397 3378 465 ταῖς
3424 404 3681 478 περιέργοις

475 500 577 549 bus
603 502 711 549 est.
756 490 891 545 Nam
941 496 995 543 et
1030 486 1259 541 delicias
1302 485 1583 549 accendit,
1628 492 1682 537 et
1715 485 2060 554 voluptatum

474 602 716 640 amorem
741 591 921 654 auget,
951 591 1005 635 et
1031 579 1433 650 cupiditatibus
1474 579 1701 632 minime
1726 577 2060 632 necessariis

474 679 699 733 aculeos
742 675 988 745 subjicit,
1038 684 1170 744 puta
1215 672 1454 728 uniones
1489 671 1784 742 quosdam,
1814 679 1868 726 et
1915 684 2063 724 mar-

473 771 707 842 garitas,
758 768 1219 837 sntaragdosquc,
1267 777 1323 820 et
1365 762 1725 837 hyacinthos,
1773 770 1827 818 et
1861 777 2059 816 aurum

472 862 822 934 excogitans,
854 865 1022 928 atque
1052 872 1247 911 aurum
1285 855 1487 926 partim
1523 853 1826 918 fabricans,
1855 853 2057 922 partim

476 954 747 1013 intexens.
799 949 991 1016 sicque
1043 960 1143 1017 per
1186 960 1459 1001 summam
1498 944 1764 1014 ineptiam
1804 943 2058 997 morbum

473 1047 789 1112 exaggerat.
823 1035 1011 1108 Neque
1049 1036 1195 1091 enim
1228 1035 1407 1091 obiter
1454 1043 1511 1089 et
1557 1033 1938 1105 perfunctorie
1970 1032 2060 1087 his

474 1136 640 1190 rebus
683 1133 901 1199 studet;
945 1146 1137 1186 verum
1169 1137 1224 1185 et
1270 1136 1437 1185 noctu
1494 1136 1548 1183 et
1592 1126 1836 1183 interdiu
1887 1128 1940 1181 in
1971 1125 2059 1179 bis

470 1229 625 1283 curis
657 1235 936 1283 versatur.
981 1224 1241 1281 Sexcenti
1278 1238 1502 1296 quoque
1554 1222 1876 1277 adulatores
1902 1220 2059 1290 cupi-

471 1322 743 1379 ditatibus
784 1322 962 1391 ipsius
1008 1320 1399 1389 obsequentes,
1440 1317 1735 1379 tinctores,
1778 1313 2056 1378 auriliccs,

464 1414 890 1486 unguentarios,
937 1421 1204 1476 textores,
1261 1420 1317 1465 et
1356 1408 1605 1463 variandi
1655 1406 1795 1461 artis
1845 1405 2059 1476 peritos

468 1509 745 1579 colligunt
777 1525 791 1561 :
829 1520 929 1561 nec
968 1520 1065 1575 per
1094 1503 1318 1558 assidua
1342 1501 1466 1571 ejus
1489 1501 1722 1569 imperia
1748 1499 2055 1570 quidquam

470 1601 740 1672 temporis
795 1598 997 1653 marito
1052 1596 1120 1650 ad
1174 1594 1564 1665 respirandum
1618 1592 1806 1647 datur.
1884 1589 2057 1643 Nulla:

467 1708 602 1763 opes
654 1690 988 1745 mulieribus
1069 1685 1474 1758 cupiditatibus
1536 1682 1828 1754 explendis
1894 1694 2057 1752 pares

468 1790 618 1849 sunt,
671 1797 771 1836 nec
813 1781 859 1835 si
913 1779 1093 1833 amnis
1141 1778 1317 1830 instar
1375 1773 1629 1831 ﬂuerent.
1693 1772 2052 1827 Barbaricum

467 1876 617 1930 enim
652 1879 999 1946 unguentum
1030 1869 1178 1924 haud
1206 1884 1367 1925 secus
1400 1882 1465 1923 ac
1488 1865 1832 1938 promercale
1867 1864 2052 1919 oleum

468 1970 749 2033 affectant,
781 1967 950 2023 maris
990 1966 1201 2029 ﬂorem,
1226 1978 1525 2036 purpuram
1556 1963 1798 2027 scilicet,
1835 1970 1891 2017 et
1929 1975 2055 2031 qua;

464 2081 528 2117 ex
557 2060 791 2117 conchis
818 2059 1089 2113 ostreisve
1120 2058 1443 2121 eliciuntur,
1467 2070 1637 2126 super
1671 2055 1857 2109 lanam
1882 2068 2049 2124 pecu-

465 2159 620 2211 dum.
671 2153 794 2210 Jam
847 2168 978 2208 vero
1035 2166 1234 2205 aurum
1306 2149 1551 2220 ingentis
1606 2147 1770 2218 pretii
1834 2146 2053 2217 lapillos

2161 487 2485 558 ἐπιθυμίαις
2512 486 2712 558 ἐνίησι,
2739 489 2894 552 τινάς
2931 488 3225 544 ἐπινοοῦσα
3251 495 3585 565 μαργαρίτας,
3609 504 3682 555 καὶ

2164 580 2542 651 σμαράγδους,
2572 583 2666 634 καὶ
2700 580 3018 644 ύακίνθους,
3059 582 3156 635 καὶ
3205 584 3405 655 χρυσόν
3428 602 3439 613 ·
3487 588 3568 642 τὸν
3607 593 3683 663 μιν

2162 672 2534 742 χαλκεύουσα,
2571 673 2663 727 τδν
2692 672 2750 727 δέ
2781 673 3111 757 ὑφαίνουσα,
3136 675 3231 728 καὶ
3255 674 3343 729 διά
3368 677 3533 750 πάσης
3556 684 3679 739 ἀπει.

2161 764 2426 836 ροκαλίας
2455 764 2556 837 τήν
2591 766 2749 820 νόσον
2791 765 3058 831 αῠξουσα.
3092 768 3170 822 ού
3216 767 3324 841 γάρ
3357 770 3420 825 ἐκ
3455 775 3685 846 παρέργου

2161 857 2194 927 ή
2229 856 2362 926 περὶ
2383 856 2561 911 ταῦτα
2589 857 2819 929 σπουδή,
2849 856 2990 912 ἀλλά
3018 857 3117 912 καὶ
3146 856 3360 926 νύκτες,
3396 863 3485 917 καὶ
3526 866 3684 937 ήμέραι

2158 947 2259 1011 τὰς
2294 950 2427 1019 περὶ
2461 948 2673 1003 τούτων
2699 949 2971 1021 μερίμνας
3004 950 3191 1022 ἔχουσι
3213 967 3228 981 ⁸
3263 953 3360 1006 καὶ
3389 954 3553 1026 μυρίοι
3575 960 3687 1024 τινὲς

2159 1040 2396 1104 κόλακες
2421 1043 2545 1108 ταῖς
2585 1041 2914 1112 ἐπιθυμίαις
2943 1041 3129 1099 αὐτῶν
3174 1043 3564 1117 ὑποτρέχοντες,
3588 1068 3685 1105 συν-

2158 1133 2354 1201 άγουσι
2408 1136 2535 1195 τοὺς
2576 1134 2942 1204 άνθοδαιρεῖς,
3002 1137 3374 1207 χρυσοχόους,
3423 1141 3537 1203 τοὺς
3579 1159 3689 1215 μυρ-

2162 1225 2350 1294 εψοὺς,
2375 1227 2505 1290 τοὺς
2528 1226 2796 1295 ὑφάντας,
2830 1226 2962 1291 τοὺς
2988 1229 3279 1292 ποικιλτάς
3300 1243 3315 1260 ·
3337 1229 3517 1283 οὐδένα
3539 1236 3688 1306 καιρὸν

2159 1319 2419 1371 ἀναπνεῖν
2439 1318 2515 1388 τῷ
2538 1319 2694 1390 ἀνδρὶ
2711 1319 2928 1374 δίδωσιν
2958 1322 3024 1374 ἐκ
3048 1320 3161 1374 τῶν
3179 1320 3418 1393 συνεχῶν
3431 1323 3582 1394 αὐτῆς
3601 1326 3690 1380 ἐπι-

2156 1410 2478 1479 ταγμάτων.
2508 1406 2703 1473 Οὐδεὶς
2731 1408 2958 1483 ἐξαρκεῖ
2990 1409 3223 1476 πλοῦτος
3266 1414 3378 1475 ταῖς
3406 1415 3689 1482 γυναικείαις

2158 1503 2482 1573 ἐπιθυμίαις
2503 1502 2970 1574 ύπηρετούμενος,
2996 1503 3107 1557 οὐδ’
3133 1503 3203 1559 ἂν
3224 1504 3291 1559 ἐκ
3313 1507 3556 1577 ποταμῶν
3573 1509 3692 1583 ὲπιῤ·

2158 1595 2278 1669 ῥέῃ.
2304 1596 2673 1660 Σπουδάζεται
2706 1596 2809 1666 μὲν
2836 1598 2966 1668 παρ’
2991 1597 3186 1661 αὐταῖς
3205 1598 3269 1651 τὸ
3302 1597 3691 1671 βαρδαρικὸνμῠ-

2165 1705 2277 1762 ρον,
2299 1688 2374 1753 ὡς
2405 1689 2467 1742 τδ
2486 1688 2545 1756 ἐξ
2567 1690 2776 1761 ἀγορᾶς
2804 1688 3005 1751 ἔλαιον,
3040 1689 3109 1743 τά
3129 1688 3186 1742 δὲ
3202 1690 3271 1743 ἐκ
3291 1689 3550 1760 θαλάσσης
3568 1692 3689 1762 ἄνθη,

2164 1784 2199 1853 ή
2230 1781 2447 1853 κόχλος,
2484 1783 2518 1853 ή
2554 1781 2741 1848 πίννα,
2774 1781 2916 1853 ὑπὲρ
2943 1781 3006 1835 τὸ
3036 1782 3101 1835 ἐκ
3121 1782 3237 1836 τῶν
3264 1782 3537 1855 προϐάτων
3561 1784 3689 1856 ἔριον.

2158 1875 2373 1944 Χρυσδς
2394 1874 2452 1928 δὲ
2484 1891 2552 1926 πε
2559 1874 2867 1946 ρισφίγγων
2881 1874 3010 1937 τοὺς
3039 1873 3380 1946 βαρυτίμους
3395 1876 3496 1929 τῶν
3508 1876 3657 1939 λίθων,
3672 1880 3692 1929 ὁ

2160 1965 2262 2036 μὲν
2281 1966 2478 2029 αὐταῖς
2501 1965 2886 2037 προμετὼπιος
2904 1967 3112 2035 γίνεται
3136 1968 3367 2038 κόσμος,
3388 1970 3418 2021 ό
3436 1967 3488 2020 δέ
3508 1985 3691 2038 περιαυ-

2156 2056 2356 2125 χένιος,
2381 2058 2478 2110 καὶ
2500 2057 2663 2120 ἄλλος
2683 2058 2742 2110 ἐν
2765 2058 2987 2125 ζώναις,
3011 2059 3106 2112 καὶ
3130 2058 3295 2121 ἄλλος
3321 2059 3417 2122 τὰς
3438 2062 3605 2129 χεῖρας
3625 2059 3692 2111 δε-

2158 2149 2308 2217 σμεῖ,
2327 2148 2565 2213 καὶτοὺς
2586 2148 2777 2214 πόδας.
2794 2150 3061 2222 Χαίρουσι
3079 2150 3191 2222 γάρ
3208 2152 3270 2205 ai
3287 2150 3581 2221 φιλόχρυσοι
3593 2151 3694 2204 δεδε-

464 2246 885 2316 constringens,
918 2243 1120 2315 partim
1154 2240 1325 2296 l‘ronti
1350 2255 1542 2295 earum
1577 2248 1905 2293 ornamento
1943 2246 2051 2303 est,

2161 2239 2322 2311 μέναι
2357 2244 2481 2305 ταῖς
2512 2242 2883 2313 χειροπέδαις,
2915 2243 3081 2312 μόνον
3108 2243 3209 2297 ἐὰν
3245 2243 3445 2315 χρυσὸς
3471 2245 3499 2296 ό
3522 2244 3695 2314 δεσμῶν

465 2340 665 2410 partim
716 2337 880 2392 collo.
932 2332 1095 2389 Aliud
1151 2333 1281 2388 item
1317 2334 1369 2387 in
1408 2332 1563 2387 zonis
1601 2340 1709 2397 est,
1748 2330 1896 2385 aliud
1935 2345 2055 2383 ma-

465 2446 596 2496 nus,
640 2438 695 2484 et
744 2428 895 2483 aliud
946 2426 1114 2499 pedes
1162 2426 1361 2481 vincit.
1416 2423 1675 2479 Gaudent
1726 2424 1899 2483 cnim.
1932 2434 2056 2492 qum

464 2525 589 2580 auri
643 2536 835 2578 amore
895 2527 1178 2586 tenentur,
1230 2518 1470 2574 manicis
1529 2516 1715 2589 ligari,
1769 2515 1934 2570 modo
1982 2515 2056 2568 sit

466 2632 689 2679 aurum.
745 2615 798 2669 id
850 2628 964 2684 quo
1025 2612 1407 2683 stringuntur.
1452 2607 1820 2675 Quandonam
1884 2607 2058 2678 igitur

463 2723 656 2766 curam
688 2714 814 2778 aget
844 2706 1062 2766 animae,
1094 2703 1188 2773 qui
1219 2700 1628 2773 cupiditatibus
1661 2699 1915 2755 mulieris
1954 2700 2049 2755 ob-

2160 2333 2334 2397 αὐτάς
2435 2334 2573 2387 Πότε
2596 2334 2692 2388 οὖν
2717 2334 2898 2406 ψυχῆς
2929 2334 3333 2407 ἐπιμελήσεται
3351 2337 3382 2389 δ
3407 2338 3694 2404 γυναικείαις

2162 2423 2484 2494 ἐπιθυμίαις
2506 2425 2986 2496 ὑπηρετούμενοςς
3008 2426 3227 2498 Ὠσπερ
3244 2426 3356 2498 γὰρ
3373 2427 3443 2481 τὰ
3461 2426 3693 2499 ὑπόσαθρα

2159 2514 2273 2570 τῶν
2310 2515 2517 2569 πλοίων
2541 2516 2861 2585 καταιγίδες
2883 2517 2981 2570 καὶ
3011 2517 3196 2584 ζάλαι,
3226 2516 3404 2581 οὕτως
3428 2518 3480 2571 ai
3507 2519 3694 2588 πονηραί

2161 2606 2272 2661 τῶν
2301 2606 2584 2677 γυναικῶν
2624 2606 2924 2673 διαθέσεις,
2973 2608 3077 2672 τάς
3115 2608 3373 2675 ἀσθενεῖς
3401 2609 3567 2681 ψυχάς
3611 2607 3693 2662 τῶν

2162 2699 2565 2753 συνοικούντων
2609 2698 3138 2765 καταϐαπτίζουσιν.

464 2800 759 2873 sequitur?
794 2798 930 2854 Nam
973 2798 1122 2854 sicut
1165 2793 1512 2865 supputridzn
1545 2808 1717 2848 naves
1788 2809 1819 2848 a
1864 2794 2125 2864 procellis
2186 2803 2243 2848 ct
2290 2794 2719 2865 tempestatibus
2749 2832 2765 2860 ,
2832 2795 2919 2849 sic
2997 2809 3184 2865 prava:
3241 2795 3525 2852 mulierum
3592 2793 3691 2849 alc-

462 2897 676 2955 ctiones
708 2934 725 2960 ,
786 2892 1091 2948 imbecilles
1164 2889 1493 2944 maritorum
1562 2886 1781 2942 animos
1855 2887 2204 2959 demergunt.

533 2983 729 3055 Ejusd.
771 2980 892 3036 a‘dm
931 2981 1189 3035 ebriosos.
1222 3007 1295 3019 -—
1322 2976 1665 3033 Muliercula:
1712 2977 2049 3047 petulantes,

460 3079 561 3135 Dei
607 3083 753 3132 metu
789 3074 1021 3137 omisso,
1064 3080 1119 3126 et
1162 3070 1501 3141 sempiterno
1544 3067 1670 3141 igne
1708 3076 2047 3139 contempto,

2226 2978 2496 3042 Γυναῖκες
2536 2978 2837 3033 ἀκόλαστοι
2886 2978 3297 3049 ἐπιλαθόμεναι
3326 2978 3420 3032 τοῦ
3453 2978 3601 3047 φόϐου
3623 2976 3692 3029 τοῦ

2157 3068 2319 3133 Θεοῦ,
2348 3068 2445 3122 τοῦ
2488 3069 2663 3140 πυρὸς
2708 3069 2806 3123 τοῦ
2846 3070 3076 3123 αἰωνίου
3125 3071 3618 3141 καταφρονήσασαι,
3649 3069 3693 3118 ἐν

461 3186 575 3243 quo
632 3168 724 3224 die
772 3182 870 3223 eas
914 3165 985 3220 ob
1015 3163 1365 3218 "memoriam
1414 3160 1850 3217 resurrectionis
1901 3138 2051 3216 domi

2155 3159 2342 3230 ήμέρα
2373 3138 2623 3234 τοιαύτη,
2649 3161 2740 3213 ὅτε
2773 3160 2947 3224 αὐτὰς
2980 3160 3154 3232 ἐχρῆν
3180 3160 3276 3215 διά
3296 3138 3402 3231 τήν
3438 3138 3691 3230 ἀνάμνησιν

463 3261 658 3318 sedere
695 3261 1001 3327 oporteret,
1024 3252 1282 3322 diemque
1319 3250 1474 3305 illum
1509 3251 1696 3305 animo
1723 3249 2050 3321 complecti,

461 3369 575 3425 quo
615 3350 743 3407 cmli
784 3348 1109 3419 aperientur
1179 3359 1243 3400 ac
1271 3343 1444 3415 judex
1477 3343 1641 3398 nobis
1691 3357 1723 3399 e
1760 3342 1921 3398 ctelis
1950 3355 2051 3412 ap-

460 3444 704 3519 parebit,
728 3442 971 3511 itemque
990 3439 1136 3494 tubae
1163 3436 1281 3505 Dei,
1311 3435 1653 3493 resurrectio
1676 3445 2049 3500 mortuorum,

366 3588 389 3601 _
456 3537 673 3609 justum
709 3532 1014 3606 judicium,
1063 3537 1120 3586 et
1169 3531 1549 3586 remuneratio
1592 3528 1901 3599 unicuique
1957 3541 2051 3583 se-

460 3630 706 3685 cundum
752 3642 922 3696 Opera
973 3640 1074 3682 sua
1112 3642 1125 3679 :
1169 3638 1270 3694 pro
1314 3638 1401 3688 eo,
1434 3623 1689 3693 inquam,
1725 3620 1877 3692 quod
1934 3620 2051 3674 haec

459 3723 663 3779 animis
688 3736 914 3777 versare
945 3719 1229 3781 deberent,
1284 3726 1451 3787 atque
1489 3717 1557 3771 ab
1588 3716 1852 3772 omnibus
1893 3715 2049 3784 cogi-

462 3814 773 3872 tationibus
803 3810 1075 3882 improbis
1097 3818 1321 3880 pectora
1353 3824 1451 3865 sua
1484 3808 1807 3879 repurgare,
1841 3806 2050 3862 admis-

464 3923 637 3979 saque
675 3905 833 3977 prius
865 3910 1091 3974 peccata
1125 3901 1385 3974 laerymis
1426 3901 1631 3965 delere,
1664 3908 1720 3955 et
1744 3899 1814 3954 ad
1850 3913 2050 3955 occur-

463 4014 586 4055 sum
642 3994 851 4051 Christi
913 3992 967 4046 in
1024 4005 1227 4060 magno
1284 3989 1557 4044 adventus
1608 3987 1786 4059 ipsius
1846 3989 1936 4043 die
1987 4003 2050 4043 se

461 4103 812 4162 comparare,
875 4099 1116 4141 excusso
1170 4083 1501 4138 Christiana:
1553 4080 1842 4137 servitutis
1894 4080 2045 4151 jugo,

462 4182 731 4255 projectis
758 4195 790 4235 e
812 4178 996 4249 capite
1022 4174 1386 4247 turpitudinis
1412 4174 1758 4236 velamentis,
1785 4187 1883 4243 per
1903 4188 2051 4227 sum-

461 4286 609 4326 mam
653 4267 771 4336 Dei,
827 4281 1046 4322 necnon
1097 4264 1416 4337 angelorum
1470 4262 1646 4333 ipsius
1697 4263 2047 4333 aspernatio-

461 4379 588 4420 nem
647 4374 703 4417 et
757 4366 1158 4426 contemptum,
1215 4356 1369 4412 nulla
1420 4354 1749 4426 cujusquam
1795 4354 2044 4410 virorum

2154 3252 2268 3322 τῆς.
2285 3252 2643 3317 ἀναστάσεως
2669 3253 3000 3319 καθέζεσθαι
3031 3254 3090 3307 ἐν
3136 3255 3254 3317 τοῖς
3279 3254 3476 3317 οἴκοις,
3504 3254 3589 3306 καὶ
3630 3253 3693 3303 εν.

2153 3364 2309 3401 νοιαν
2347 3347 2655 3419 λαμϐάνειν
2679 3347 2783 3417 τῆς
2810 3346 3029 3417 ἡμέρας
3060 3346 3308 3416 ἐκείνης,
3351 3345 3472 3400 καθ’
3496 3347 3556 3415 ήν
3581 3344 3693 3398 ovo:-

2154 3444 2421 3514 γήσονται
2453 3442 2556 3513 μὲν
2603 3443 2653 3495 οί
2697 3439 2944 3513 οὐρανοὶ,
2982 3438 3389 3510 ἐπιφανήσεται
3432 3437 3486 3491 δὲ
3532 3433 3693 3506 ήμίνδ

2154 3533 2352 3605 κριτής
2382 3533 2443 3598 ἐξ
2484 3531 2759 3603 οὐρανῶν,
2802 3534 2901 3585 καὶ
2934 3530 3242 3599 σάλπιγγες
3281 3528 3439 3594 Θεοῦ,
3471 3530 3559 3582 καὶ
3590 3527 3692 3580 ἀνά·

2155 3643 2350 3690 στασις
2375 3626 2611 3697 νεκρῶν,
2643 3626 2738 3680 καὶ
2767 3624 2955 3697 κρίσις
3003 3624 3215 3689 δικαία,
3245 3622 3344 3677 καὶ
3384 3619 3690 3679 άνταπὸδοσις

2154 3719 2373 3789 ἑκάστῳ
2403 3719 2545 3772 κατά
2590 3718 2653 3772 τὸ
2691 3717 2852 3789 ἔργον
2881 3716 3072 3781 αὐτοῦ,
3104 3715 3233 3769 ἀντὶ
3256 3713 3353 3768 τοῦ
3380 3712 3545 3768 ταῦτα
3578 3711 3691 3780 ἔχειν

2153 3818 2210 3868 ἐν
2229 3819 2345 3880 τοῖς
2385 3816 2783 3887 διαλογισμοῖς,
2824 3816 2919 3870 καὶ⁵
2945 3815 3233 3887 καθαίρειν
3263 3815 3364 3887 μὲν
3402 3810 3594 3866 ἐαυτῶν
3616 3806 3692 3868 τὰς

2136 3907 2382 3980 ’καρδίας
2432 3908 2544 3962 ἀπὸ
2596 3907 2858 3979 πονηρῶν
2905 3906 3291 3977 ἐνθυμήσεων,
3338 3903 3619 3971 ἐξαλείφειν
3649 3896 3691 3948 δὲ

2151 4000 2266 4061 τοῖς
2291 3998 2524 4070 δάκρυσι
2554 3999 2624 4052 τά
2654 3998 3158 4070 προημαρτημένα,
3190 3993 3564 4067 ἑτοιμάζεσθαι
3584 3987 3691 4058 πρὸς

2151 4092 2253 4164 τὴν
2283 4092 2592 4162 ἀπάντησιν
2617 4091 2713 4145 τοῦ
2740 4091 2984 4158 Χριστοῦ
3017 4092 3164 4146 κατά
3190 4091 3296 4163 τήν
3325 4088 3559 4161 μεγάλην
3582 4081 3690 4155 ήμέ·

2152 4200 2256 4255 ραν
2316 4184 2418 4254 τῆς
2484 4183 2812 4254 ἐπιφανείας
2873 4182 3080 4249 αὐτοῦ,
3144 4182 3565 4251 ἀποσεισάμεναι
3620 4174 3690 4226 τὸν

2152 4274 2318 4344 ζυγὸν
2375 4276 2478 4347 τῆς
2520 4275 2768 4339 δουλείας
2829 4275 2927 4330 τοῦ
2995 4275 3238 4348 Χριστοῦ
3263 4315 3279 4341 ,
3350 4274 3563 4345 ῥίψασαι
3602 4265 3688 4322 ἀπὸ

2150 4369 2261 4422 τῶν
2290 4368 2545 4438 κεφαλῶν
2569 4367 2641 4421 τά
2664 4369 2764 4437 τῆς
2785 4368 3175 4439 ἀσχημοσύνης
3191 4367 3687 4436 καλύμματα,κατα-

463 4462 788 4526 prospectus
834 4450 1197 4515 verecundia,
1246 4447 1455 4503 inﬂatis
1485 4447 1681 4511 comis,
1716 4446 1881 4517 pallia
1920 4454 2039 4502 sto-

2154 4460 2494 4532 φρονήσασαι
2551 4458 2646 4513 τοῦ
2674 4459 2831 4523 Θεοῦ,
2890 4459 3377 4530 καταφρονήσασαι
3423 4456 3526 4510 τῶν
3559 4448 3687 4518 ἀγγέ-

460 4549 656 4618 lasque
686 4546 991 4610 trahentes,
1034 4543 1379 4616 pedibusque
1411 4539 1577 4595 simul
1607 4539 1881 4607 ludentes,
1914 4553 2042 4611 pro-

460 4641 577 4696 caci
634 4638 1054 4711 impudentique
1094 4630 1260 4708 512
1315 4634 1500 4697 oculo,
1553 4631 1729 4688 eﬂuso
1785 4632 1923 4698 risu,
1977 4632 2044 4687 ad

460 4731 777 4789 saltandum
828 4731 976 4787 velut
1027 4729 1212 4785 furore
1262 4726 1518 4798 quodam'
1558 4726 1822 4797 abreptm,
1880 4736 2048 4796 atque

458 4839 679 4883 omnem
701 4824 966 4896 juvenum
1000 4821 1365 4894 petulantiam
1398 4820 1453 4874 in
1485 4818 1698 4889 seipsas
1725 4818 2043 4883 inicientes,

461 4917 666 4973 choros
701 4916 757 4970 in
801 4922 1111 4985 martyrum
1158 4911 1471 4976 memoriis,
1522 4924 1646 4980 qum
1689 4909 1744 4964 in
1798 4908 2045 4964 civitatis

461 5003 756 5064 suburbiis
796 5004 917 5059 sitae
962 5009 1115 5069 sunt,
1158 5004 1394 5074 agitant,
1444 5008 1500 5057 et
1534 5012 1725 5057 sancta
1775 4999 1895 5055 loca
1941 4999 2045 5055 ob-

460 5098 753 5157 scenitatis
788 5111 902 5152 suae
933 5096 1187 5151 fecerunt
1229 5093 1546 5159 oﬂieinam;
1595 5108 1777 5149 aerem
1818 5093 2043 5164 quidem

462 5187 794 5247 meretriciis
815 5186 1099 5253 cantibus,
1121 5193 1327 5241 terram
1361 5199 1493 5241 vero
1523 5184 1756 5254 impuris
1784 5184 2041 5254 pedibus,

461 5279 855 5339 saltationibus
915 5293 1036 5335 eam
1095 5277 1495 5349 percutienda,
1552 5277 2041 5343 contaminarunt,

461 5372 901 5430 adolescentium
941 5370 1163 5425 turbam
1219 5368 1416 5425 theatri
1462 5369 1586 5422 loco
1631 5367 1737 5422 sibi
1799 5368 2046 5437 undique

461 5464 1196 5534 eonstituentesiypetulcm
1248 5462 1433 5533 plane,
1497 5470 1551 5516 et
1607 5460 1674 5516 ad
1729 5469 2044 5518 extremum

460 5556 719 5615 amentia:
753 5555 983 5627 gradum
1019 5556 1160 5611 nihil
1192 5554 1299 5611 sibi
1350 5553 1551 5625 reliqui
1592 5553 1883 5610 facientes.
1921 5553 2047 5609 "me

462 5668 564 5722 ego
596 5649 1006 5721 quonamtnodo
1061 5646 1302 5705 sileam?
1359 5661 1629 5716 quasnam
1678 5663 1901 5711 rursum
1948 5662 2047 5717 pro

466 5745 696 5802 sceleris
748 5744 1035 5799 atrocitate
1083 5743 1361 5811 lacrymas
1409 5739 1670 5795 fundam?
1718 5740 1832 5796 lloc
1884 5742 2045 5797 nobis

2149 4553 2260 4608 λων
2287 4554 2478 4617 αὐτοῦ,
2513 4552 3134 4623 καταναισχυντήσασαι
3156 4552 3339 4623 πάσης
3372 4550 3538 4621 ὂψεως
3557 4546 3688 4617 ᾰρρε-

2148 4660 2261 4707 νος,
2299 4642 2558 4696 σοϐοῦσαι
2592 4643 2695 4706 τὰς
2740 4641 2940 4710 κόμας,
2978 4640 3245 4712 σύρουσαι
3294 4641 3424 4704 τοὺς
3469 4636 3683 4709 χιτῶνας,

2150 4736 2244 4788 καὶ
2286 4735 2400 4796 τοῖς
2454 4733 2616 4786 ποσὶν
2669 4731 2788 4803 ἅμα
2818 4731 3138 4798 παίζουσαι,
3180 4730 3447 4801 ὀφθαλμῷ
3481 4724 3683 4791 ἀσελγεῖ.
3772 4752 3778 4756 ·

2150 4825 2348 4895 γέλωτι
2379 4824 2735 4895 ἐκκεχυμένῳ
2770 4823 2910 4894 πρὸς
2942 4824 3196 4895 ὄρχησιν,
3221 4825 3405 4878 πᾶσαν
3438 4821 3560 4875 νέων
3586 4818 3685 4870 άκο-

2148 4911 2342 4965 λάσιαν
2375 4910 2465 4980 ἐφ’
2492 4911 2695 4975 ἑαυτὰς
2725 4911 3230 4983 προσκαλούμεναι,
3260 4914 3322 4966 ἐν
3345 4915 3458 4975 τοῖς
3489 4906 3684 4982 πρὸτῆς

2149 5004 2364 5069 πόλεως
2433 5003 2760 5075 μαρτυρίοις
2809 5004 3010 5076 χοροὺς
3055 5006 3498 5076 συστησάμεναι,
3554 5001 3684 5071 ἐργα-

2151 5097 2374 5167 στήριον
2404 5096 2506 5165 τῆς
2538 5095 2750 5159 οἰκείας
2779 5094 3198 5167 ἀσχημοσύνης,
3218 5094 3401 5151 αὐτῶν
3423 5095 3538 5156 τοὺς
3557 5092 3683 5159 ἡγια-

2151 5190 2386 5261 σμένους
2423 5189 2629 5253 τόπους
2657 5189 2992 5259 πεποίηνται
3013 5205 3026 5219 ·
3058 5189 3294 5259 ἐμίαναν
3334 5187 3432 5258 μὲν
3460 5184 3544 5238 τὸν
3573 5179 3681 5248 ἀέρι

2147 5283 2261 5344 τοῖς
2286 5280 2498 5353 ᾅσμασι
2525 5283 2640 5346 τοῖς
2675 5283 2978 5350 πορνικοῖς,
3007 5281 3240 5351 ἐμίαναν
3269 5280 3329 5333 δέ
3358 5278 3457 5348 τήν
3487 5275 3577 5343 γῆν
3598 5272 3681 5331 τοῖς

2149 5374 2486 5445 ἀκαθάρτοις
2522 5376 2702 5440 ποσὶν,
2734 5378 2800 5445 ἢν
2829 5376 2887 5427 ἐν
2915 5376 3035 5438 ταῖς
3064 5375 3359 5447 ὀρχήσεσιν
3390 5366 3676 5440 κατεκράτη-

2152 5484 2273 5532 σαν,
2300 5467 2530 5539 θέατρον
2565 5469 2788 5530 ἑαυταῖς
2820 5467 3127 5521 νεανίσκων
3149 5466 3304 5537 ὄχλον
3326 5461 3677 5535 περιστησάμεο

2149 5578 2260 5623 ναι,
2296 5560 2519 5624 σοΰάὸες
2547 5560 2737 5625 ὅντως,
2776 5561 2870 5615 καὶ
2923 5560 3247 5631 παραφόρου
3303 5553 3562 5615 παντελῶς
3596 5563 3676 5617 μα·

2148 5653 2270 5716 νίας
2303 5653 2564 5723 οὐδεμίαν
2586 5654 2899 5724 ὑπερϐολὴν
2929 5654 3379 5710 καταλείπουσαι.
3413 5646 3577 5703 Ταῦτα
3597 5638 3675 5711 μὲν

2150 5743 2269 5808 πῶς
2298 5747 2596 5817 σιωπήσω;
2638 5747 2755 5811 πῶς
2774 5747 2833 5801 δὲ
2874 5747 2997 5803 κατ’
3028 5747 3188 5814 ἀξίαν
3228 5744 3527 5817 ὀδύρωμαιί
3552 5729 3671 5790 οἶδα
