3960 6400
311 285 449 354 1325

1570 288 1813 350 SACRA
1844 284 2313 347 PABALLELA.

3432 292 3569 361 1326

308 402 445 472 ἡμῖν
471 398 583 455 τῶν
612 398 803 471 ψυχῶν
825 401 1035 456 τούτων
1061 401 1163 472 τὴν
1196 399 1403 471 ζημίαν
1430 399 1724 470 ἐποίησιν·
1748 393 1894 463 οἶνος

2001 395 2308 451 animarum
2357 395 2590 453 istarum
2639 398 3034 456 detrimentum
3094 399 3281 457 vinum
3333 406 3519 462 attulit
3549 427 3566 461 :

307 492 370 546 τὸ
399 491 554 563 παρά
584 491 723 545 Θεοῦ
752 492 930 564 δῶρον
966 493 1048 555 είς
1100 490 1459 562 παραμυθίαν
1479 492 1580 561 τῆς
1603 490 1890 554 ἀσθενείας

308 581 594 653 δεδομένον
615 585 731 647 τοῖς
755 580 1152 654 σωφρονοῦσιν,
1188 582 1353 639 ὅπλον
1380 583 1438 636 δὲ
1468 582 1565 635 νύν
1598 582 1890 651 γενόμενον

290 671 612 775 ,ἀκολασίας
635 673 748 735 τοῖς
783 670 1218 739 ἀσελγαίνουσιν.

380 867 406 897 ι
438 854 606 909 Οὐδὲν
656 854 841 912 τοίνυν
889 854 1192 927 ἐφάμιλλον
1230 855 1491 924 γυναικὸς
1527 860 1792 928 πονηρᾶς.
1824 858 1891 910 Τί

306 944 526 1010 λέοντος
552 945 860 1019 δεινότερον
890 947 949 1001 ἐν
980 947 1314 1019 τετράποσιν
1334 963 1351 1014 ;
1373 947 1550 1002 οὐδέν.
1572 948 1638 1002 Τί
1659 947 1719 1002 δὲ
1741 949 1892 1021 ὡμό-

306 1055 469 1110 τερον
496 1037 795 1110 δράκοντος
834 1039 894 1092 ἐν
925 1039 1212 1110 ἐρπετοῖςς
1245 1038 1361 1094 ἀλλ’
1395 1039 1584 1095 οὐδέν·
1618 1040 1761 1111 πλὴν
1793 1057 1893 1110 γυ-

309 1130 497 1193 ναικὸς
527 1131 792 1202 πονηρᾶς.
821 1130 1117 1198 Καληλέων,
1140 1133 1239 1186 καὶ
1266 1131 1491 1205 δράκων
1522 1132 1735 1188 ἐλάττω
1762 1150 1893 1202 τυγ-

306 1222 557 1293 χάνουσι.
578 1223 866 1295 Μαρτυρεῖ
891 1241 981 1295 μοι
1000 1223 1080 1295 τῷ
1095 1224 1242 1295 λόγῳ
1266 1225 1294 1279 ὁ
1319 1223 1632 1294 σοφώτατος
1642 1224 1894 1298 Σολομὼν

311 1311 517 1380 λέγων’
568 1313 900 1385 Συνοικῆσαι
944 1312 1120 1368 λέοντι
1172 1314 1207 1384 ἢ
1262 1314 1518 1386 δράκοντι
1567 1316 1894 1386 εὐδόκησαι,

311 1405 346 1475 ἦ
370 1405 692 1477 συνοικῆσαι
715 1408 854 1476 μετὰ
868 1406 1127 1475 γυναικὸς
1146 1408 1393 1479 πονηρᾶς
1408 1408 1504 1462 καὶ
1517 1406 1891 1477 γλωσσὼδους.

314 1496 428 1551 Καὶ
453 1497 541 1552 ἵνα
563 1498 639 1569 μὴ
668 1497 898 1569 νομίσῃς
926 1497 1019 1553 τὸν
1051 1499 1340 1570 προφήτην
1359 1498 1646 1571 εἰρωνείαν
1674 1500 1895 1571 είρηκέ-

314 1604 424 1653 ναι,
441 1587 501 1653 ἐξ
516 1587 697 1641 αὐτῶν
714 1588 825 1643 τῶν
845 1589 1191 1661 πραγμάτων
1215 1590 1503 1661 κατάμαθε
1525 1590 1896 1663 ἀκριϐὦςοτδν

312 1679 516 1749 Δανιὴλ
568 1680 620 1733 oi
643 1678 857 1745 λέοντες
890 1680 1217 1752 ᾐδέσθησαν,
1255 1682 1348 1736 τὸν
1367 1682 1425 1739 δέ
1453 1682 1663 1737 δίκαιον
1683 1682 1898 1738 Ναϐου-

1993 486 2210 551 vinum,
2235 485 2482 556 inquam,
2515 487 2649 543 illud
2681 488 2773 545 Dei
2806 505 3031 557 munus,
3058 491 3207 561 quod
3227 490 3294 548 ad
3315 492 3563 551 levamen

1993 574 2332 631 inﬁrmitatis
2350 576 2523 632 castis
2550 576 2864 647 sobriisque
2893 581 3213 637 hominibus
3236 596 3568 640 concessum

1994 666 2118 732 fuit,
2155 681 2304 721 nunc
2340 674 2530 723 autem
2583 667 3080 739 iutemperantibus
3124 674 3444 742 petulantiae
3482 674 3569 732 la-

1994 767 2141 813 etum
2171 766 2258 814 est
2290 758 2745 815 instrumentum.

2065 848 2347 921 Chrysost.
2374 878 2441 888 —
2469 849 2692 906 Nullum
2730 853 2930 907 malum
2981 870 3106 909 cum
3153 857 3404 929 improba
3443 877 3569 918 mu.

1990 940 2131 997 liere
2155 938 2554 997 conferendum
2572 952 2682 999 est.
2711 942 2990 1008 Quidnam
3022 945 3166 1001 inter
3188 949 3571 1025 quadrupedis

1994 1032 2282 1091 crudelius
2314 1043 2399 1089 est
2427 1033 2626 1091 leone?
2656 1034 2796 1089 nihil
2819 1034 3005 1106 plane.
3025 1036 3175 1105 Quid
3214 1040 3359 1098 inter
3392 1045 3569 1116 repti-

1997 1127 2072 1183 lia
2103 1127 2308 1185 savius
2333 1127 2578 1184 dracone
2604 1128 2628 1183 ἲ
2670 1128 2807 1183 nihil
2833 1144 3089 1200 prorsus.
3121 1132 3290 1202 Atqui
3317 1136 3573 1207 improba

1994 1218 2253 1283 muliere,
2293 1225 2350 1274 et
2402 1219 2489 1274 leo
2528 1225 2585 1274 et
2634 1218 2803 1275 draco
2840 1219 3136 1279 inferiores
3179 1234 3335 1280 sunt.
3390 1227 3574 1284 Testis

1995 1315 2085 1366 est
2120 1308 2256 1364 mihi
2300 1310 2751 1380 sapientissimus
2786 1310 3072 1378 Salomon,
3106 1314 3199 1371 ubi
3231 1315 3310 1372 ait
3347 1334 3363 1373 :
3399 1319 3572 1375 Com-

1995 1403 2203 1456 morari
2228 1415 2360 1457 cum
2402 1402 2564 1458 leone
2598 1408 2655 1457 et
2676 1402 2919 1459 dracone
2947 1404 3121 1477 magis
3138 1406 3382 1477 placere,
3401 1424 3570 1480 quam

1997 1489 2249 1547 habitare
2273 1506 2401 1547 cum
2432 1492 2664 1549 muliere
2696 1492 2840 1547 mala
2865 1504 2920 1550 et
2940 1494 3185 1566 loquaci.
3221 1499 3299 1553 Ac
3337 1514 3410 1555 ne
3444 1515 3574 1572 pru-

1994 1582 2217 1654 phetam
2260 1583 2380 1641 haec
2424 1584 2632 1640 ironice
2679 1585 2921 1641 locutum
2966 1588 3273 1657 existimes,
3313 1605 3381 1645 es
3433 1591 3572 1662 ipsis

1994 1675 2164 1733 rebus
2195 1682 2458 1732 accurate
2487 1691 2603 1732 rem
2641 1677 2871 1746 inspice.
2904 1676 3117 1735 Leones
3160 1678 3442 1738 Danielem
3479 1698 3574 1740 re-

316 1770 416 1839 θὴν
456 1742 695 1833 ’ίεζάϐελ
727 1742 1010 1839 ἐφόνευσε.
1038 1742 1114 1824 Τύ
1158 1742 1459 1851 uinctam
1498 1772 1684 1827 Ἰωνᾶν
1716 1772 1774 1826 ὲν
1819 1775 1888 1846 τῇ

2001 1767 2159 1825 veriti
2202 1778 2368 1834 sunt;
2410 1775 2465 1822 at
2508 1742 3056 1839 διιειιιηίΝοιηιιιιεη
3087 1769 3310 1827 Iezabel
3342 1772 3575 1830 interfe-

315 1861 503 1934 κοιλία
525 1863 817 1932 ἐφύλαξεν,
863 1862 1064 1917 Δαλιδά
1094 1863 1153 1917 δὲ
1191 1863 1285 1917 τὸν
1314 1862 1558 1935 Σαμψὼν
1607 1864 1893 1938 ξυρήσασα

2001 1858 2090 1915 cit.
2148 1858 2320 1918 Cetus
2381 1858 2577 1915 Jonam
2628 1860 2685 1915 in
2733 1870 2922 1917 ventre
2964 1863 3239 1931 servavit;
3276 1871 3334 1918 at
3374 1862 3571 1921 Dalida

313 1957 428 2019 τοῖς
463 1954 785 2025 ἀλλοφύλοις
810 1954 1153 2027 παρέδωκεν.
1171 1955 1499 2028 Δράκοντες,
1525 1957 1621 2012 καὶ
1646 1958 1892 2024 ἀσπίδες,

316 2047 416 2101 καὶ
441 2046 707 2118 κεράσται
735 2046 830 2099 τὸν
853 2046 1112 2119 Ἰωάννην
1149 2048 1207 2100 ὲν
1234 2051 1302 2119 τῇ
1332 2049 1526 2120 ἐρήμῳ
1558 2048 1891 2120 ἐτρόμαξαν,

327 2134 600 2206 Ἡρωδιὰς
621 2135 679 2189 δὲ
712 2136 874 2190 αὐτὸν
906 2138 965 2191 ἐν
989 2137 1199 2208 ἀρίστῳ
1229 2138 1526 2209 ἀπέτεμεν.
1560 2140 1625 2195 οι
1657 2140 1896 2214 κόρακες

316 2226 413 2280 τὸν
446 2226 632 2281 Ἠλίαν
662 2228 721 2282 ἐν
746 2227 824 2299 τῷ
845 2227 965 2299 δρει
1003 2228 1316 2300 διέθρεψαν,
1360 2230 1603 2295 Ἰεζάϐελ
1644 2232 1703 2286 δὲ
1734 2233 1897 2288 αὐτὸν

319 2319 462 2387 μετὰ
489 2318 588 2389 τὴν
616 2318 939 2389 εὐεργεσίαν
963 2320 1061 2375 τοῦ
1090 2321 1249 2375 ὑετοῦ
1285 2323 1426 2393 πρὸς
1457 2325 1621 2392 φόνον
1647 2324 1896 2394 παρέδω-

314 2424 439 2462 κεν.
471 2409 537 2462 Τί
563 2409 672 2480 γὰρ
710 2410 931 2480 ἔλεγενς
960 2414 1031 2467 Et
1058 2413 1145 2466 σὺ
1172 2408 1232 2467 εἳ
1265 2413 1487 2482 Ἠλίας,
1531 2413 1695 2484 κάγὼ
1738 2413 1899 2476 Ἰεζά-

305 2500 455 2553 ϐελ·
493 2500 633 2555 τάδε
662 2501 986 2570 ποιήσειαν
1001 2522 1105 2574 μοι
1143 2507 1199 2560 οἱ
1226 2502 1369 2570 θεοί,
1402 2507 1500 2560 καί
1535 2504 1678 2561 τάδε
1704 2523 1897 2577 προσ-

314 2592 597 2659 θείησαν,
626 2595 677 2648 εί
701 2594 789 2664 μὴ
817 2594 896 2662 ὡς
932 2593 1163 2668 ταύτην
1188 2597 1307 2666 τὴν
1333 2595 1496 2666 ὥραν
1539 2597 1753 2666 αὔριον
1793 2598 1899 2665 θή-

303 2696 504 2752 σομαι
533 2684 648 2752 τὴν
673 2685 890 2755 ψυχήν
913 2702 1031 2740 σου
1060 2686 1141 2754 ὡς
1169 2686 1309 2754 ἐνὸς
1345 2687 1466 2741 τῶν
1498 2690 1895 2757 τεθνηκότων.

312 2775 429 2831 Kal
456 2776 721 2846 ἐφοϐήθη
758 2778 977 2845 Ἠλίας,
1004 2777 1104 2832 καὶ
1134 2779 1451 2848 ἐπορεύθη,
1475 2780 1573 2835 καί
1601 2776 1788 2852 ἦλθεν
1811 2783 1899 2847 είς

310 2866 439 2935 τὴν
468 2868 694 2938 ἔρημον
726 2868 872 2924 ὁδὸν
898 2869 1146 2940 ἡμέρας,
1182 2870 1283 2924 καί
1313 2869 1586 2940 ᾐτήσατο
1625 2872 1740 2942 τὴν
1777 2876 1900 2943 ψυ-

309 2958 447 3025 χὴν
478 2957 666 3013 αὐτοῦ
704 2959 1056 3025 ἀποθανεῖν,
1085 2960 1190 3014 καί
1225 2956 1429 3015 εἶπενο
1460 2962 1638 3030 Κύριε
1664 2966 1699 3017 ὁ
1734 2964 1897 3030 Θεὸς,

1994 1946 2322 2006 Samsonem
2356 1950 2555 2006 abrasa
2596 1964 2774 2016 coma.
2823 1952 3112 2027 allophylis
3143 1955 3395 2013 tradidit.
3429 1957 3571 2012 Bra—

1991 2054 2189 2106 cones,
2220 2041 2441 2113 aspides
2467 2052 2523 2098 et
2544 2050 2773 2099 cerastae
2800 2043 3071 2103 Joannem
3112 2046 3173 2123 in
3211 2048 3433 2106 deserto
3453 2065 3576 2123 per-

1993 2133 2301 2190 timuerunt
2334 2151 2349 2190 :
2390 2141 2449 2189 at
2481 2132 2750 2192 ﬂerodias
2794 2152 2918 2193 eum
2946 2120 3316 2211 inter/epulas
3336 2120 3574 2199 obtrun-

1996 2226 2112 2281 cari
2133 2226 2325 2298 jussit.
2355 2226 2531 2284 Eliam
2557 2231 2709 2286 corvi
2744 2231 2801 2286 in
2836 2238 3024 2288 monte
3054 2232 3317 2289 aluerunt
3352 2252 3366 2288 :
3399 2242 3454 2290 at
3479 2233 3575 2292 Je-

2000 2317 2155 2373 zabel
2184 2318 2442 2375 eumdem
2473 2330 2600 2392 post
2644 2337 2969 2380 concessam
2999 2323 3240 2394 pluviam
3262 2325 3336 2381 ad
3370 2327 3574 2383 caedent

2000 2408 2278 2479 quaesivit.
2312 2408 2457 2476 Quid
2494 2413 2639 2468 enim
2683 2414 2916 2470 aiebat?
2965 2413 3028 2470 Si
3069 2423 3127 2469 tu
3162 2431 3217 2471 es
3254 2414 3432 2483 Elius,
3488 2430 3575 2473 ast

1992 2516 2092 2571 ego
2151 2516 2269 2555 sum
2326 2501 2586 2567 Iezabel;
2630 2503 2742 2560 lues
2775 2504 2983 2574 faciant
3026 2506 3157 2560 mihi
3202 2505 3306 2572 dii,
3356 2517 3409 2563 et
3461 2508 3573 2565 lucc

1999 2589 2226 2655 addant,
2272 2592 2375 2645 nisi
2412 2608 2536 2647 cras
2582 2592 2683 2647 hac
2725 2593 2859 2649 hora
2905 2609 3099 2663 ponam
3131 2595 3369 2650 animam
3416 2606 3569 2653 tuam

1999 2684 2137 2738 sicut
2168 2682 2326 2737 unius
2359 2683 2516 2738 exiis
2550 2684 2641 2754 qui
2672 2685 2869 2739 mortui
2893 2693 3038 2740 sunt.
3071 2685 3141 2740 Et
3176 2688 3359 2741 timuit
3397 2685 3574 2756 Elius,

1996 2772 2375 2845 profectusque
2415 2784 2519 2841 est,
2566 2785 2618 2830 et
2659 2776 2795 2831 abiit
2850 2777 2908 2830 iu
2956 2776 3228 2833 desertum
3279 2779 3421 2834 viam
3469 2780 3577 2836 diei

1998 2862 2184 2930 unius,
2223 2874 2273 2918 et
2307 2866 2486 2933 petivit
2528 2876 2585 2920 ut
2627 2867 2807 2922 anima
2840 2884 2943 2924 sua
2969 2876 3282 2938 moreretur,
3314 2881 3364 2927 et
3392 2872 3529 2926 dixit
3554 2890 3579 2930 :

2003 2953 2226 3011 Domine
2254 2955 2420 3023 Deus,
2444 2958 2693 3030 suﬁiciat.
2735 2959 2927 3029 Accipe
2956 2962 3192 3016 animam
3222 2979 3394 3018 meam
3416 2981 3447 3017 a
3475 2980 3575 3023 me.

316 3049 683 3118 ἱκανούσθω,
711 3050 860 3106 λάϐε
898 3051 1014 3120 τὴν
1054 3052 1267 3122 ψυχήν
1304 3069 1424 3122 μου
1457 3053 1561 3108 ἀπ’
1596 3054 1765 3124 ἐμοῦ,
1807 3056 1897 3110 ὅτι

2002 3047 2129 3116 quia
2152 3050 2326 3104 satius
2353 3059 2433 3105 est
2457 3051 2590 3105 mihi
2610 3060 2665 3105 ut
2696 3052 2920 3117 moriar,
2947 3070 3105 3124 quant
3128 3063 3186 3108 ut
3210 3055 3381 3110 uiuam
3400 3074 3424 3123 ;
3451 3059 3579 3128 quia

312 3141 517 3195 καλὸν
542 3142 611 3196 τὸ
642 3142 969 3198 ἀποθανεῖν
986 3160 1085 3214 με,
1106 3144 1144 3213 ἣ
1181 3142 1308 3213 ζῇν,
1333 3143 1422 3198 ὅτι
1455 3144 1759 3214 κρείσσων
1782 3147 1898 3220 ἐγὼ

306 3233 435 3287 οὐκ
462 3233 580 3302 εἰμί
610 3233 763 3304 ὑπὲρ
786 3234 929 3303 τοὺς
956 3235 1217 3306 πατέρας
1233 3254 1374 3307 μου.
1403 3237 1594 3308 Οῐμοιί
1617 3239 1701 3293 ὅτι
1728 3240 1756 3293 ὀ
1774 3257 1901 3312 προ-

317 3325 502 3395 φήτης
541 3323 728 3388 Ἠλίας
780 3326 1027 3397 ἐφοϐήθη
1063 3328 1325 3395 γυναῖκα,
1353 3329 1382 3381 ὁ
1414 3328 1514 3398 τῆς
1565 3330 1899 3402 οἰκουμένης

306 3414 452 3485 «ὅλης
487 3415 578 3470 τὸν
611 3416 767 3470 ὑετὸν
796 3418 855 3471 ἐν
897 3421 965 3490 τῇ
996 3417 1212 3489 γλώττῃ
1253 3416 1564 3489 βαστάζων,
1598 3421 1627 3474 ὀ
1659 3420 1775 3492 πῦρ
1804 3423 1899 3476 οὐ⁴

310 3505 552 3576 ρανόθεν
581 3509 794 3579 ῥήματι
839 3510 1203 3578 κατενέγκας,
1232 3508 1329 3564 καὶ
1356 3511 1424 3565 δι’
1457 3511 1628 3583 εὐχῆς
1658 3514 1890 3582 νεκροὺς

315 3597 636 3671 ἀνεγείρας,
668 3599 914 3673 ἐφοϐήθη
934 3602 1202 3669 γυναῖκα;
1229 3602 1631 3676 ναὶ,’ἐφοϐἠθη.
1655 3604 1897 3677 Οὐδεμία

316 3689 432 3761 γὰρ
457 3691 817 3763 συγκρίνεται
860 3693 1030 3748 κακία
1067 3695 1288 3763 γυναικὶ⁹
1332 3697 1568 3767 πονηρᾷ.
1616 3697 1903 3768 Μαρτυρεῖ

322 3797 417 3851 μοι
452 3780 533 3853 τῷ
575 3781 719 3855 λόγῳ
751 3784 787 3854 ἠ
818 3785 991 3855 Σοφία
1015 3785 1284 3854 λέγουσω
1314 3787 1439 3840 Οὐκ
1484 3785 1618 3840 ἐστι
1660 3787 1897 3856 κεφαλὴ

314 3867 475 3939 ὑπὲρ
509 3871 788 3941 κεφαλὴν
808 3872 1022 3943 ὄφεως,
1065 3874 1166 3927 καί
1209 3874 1322 3927 οὐκ
1358 3872 1493 3926 ἔστι
1533 3872 1714 3926 κακία
1745 3870 1901 3940 ὑπὲρ

316 3962 542 4016 κακίαν
589 3965 900 4033 γυναικός.
944 3965 1012 4019 Ὦ
1060 3966 1119 4019 τὸ
1151 3965 1323 4020 κακὸν
1374 3962 1470 4018 τοῦ
1513 3963 1762 4018 διαϐόλου
1807 3962 1901 4017 καὶ

310 4052 583 4118 ὀξύτατον
603 4054 767 4109 ὅπλον
789 4073 802 4087 ·
835 4055 924 4111 διὰ
945 4054 1207 4125 γυναικὸς
1238 4054 1298 4120 ἐξ
1319 4054 1498 4127 ἀρχῆς
1520 4054 1579 4108 ἐν
1608 4052 1686 4124 τῷ
1717 4069 1902 4124 παρα-

315 4146 482 4215 δείσῳ
510 4147 824 4218 κατέτρωσε
849 4146 942 4201 τὸν
982 4147 1175 4218 Ἀδάμ.
1207 4146 1308 4200 Διὰ
1334 4144 1594 4215 γυναικὸς
1618 4142 1713 4198 τὸν
1732 4142 1898 4197 Δαϐὶδ

318 4237 460 4309 πρὸς
489 4238 589 4309 τὴν
618 4238 760 4293 κατά
789 4237 884 4292 τοῦ
919 4238 1118 4312 Οὐρίου
1152 4237 1467 4307 δολοφονίαν
1490 4236 1771 4307 ἐξέμανεν.
1794 4233 1894 4289 Διά

314 4330 583 4400 γυναικὸς
615 4330 707 4384 τὸν
736 4329 1049 4400 σοφώτατον
1067 4328 1389 4400 Σολομῶντα
1413 4326 1551 4398 πρὸς
1582 4325 1898 4399 παράϐασιν

1999 3137 2186 3194 melior
2199 3156 2304 3195 non
2330 3157 2446 3196 sunt
2465 3143 2710 3209 patribus
2736 3144 2862 3200 meis
2876 3142 2996 3216 (Ill
3009 3143 3139 3217 Reg.
3158 3162 3276 3214 six,
3291 3147 3347 3214 2,
3371 3148 3576 3219 seqq.).

2001 3230 2147 3289 Proh
2188 3232 2395 3292 inversi
2439 3236 2657 3291 mores!
2706 3236 2853 3293 Elias
2898 3237 3164 3308 propheta
3198 3236 3456 3295 feminam
3477 3256 3583 3296 es—

1999 3324 2230 3380 timuit?
2262 3325 2359 3382 llle
2381 3327 2477 3397 qui
2510 3328 2684 3384 totius
2709 3330 2863 3386 orbis
2903 3329 3137 3386 imbrem
3184 3330 3454 3402 gestabat,
3484 3333 3579 3403 qui

2000 3415 2181 3486 ignem
2216 3417 2436 3475 caelitus
2469 3419 2639 3476 verbo
2680 3418 3016 3487 detraxerat,
3070 3421 3165 3492 qui
3216 3436 3316 3492 per
3366 3422 3579 3476 oratio-

2004 3525 2130 3565 nem
2178 3519 2430 3568 mortuos
2474 3519 2830 3568 revocaverat
2868 3510 2937 3565 ad
2980 3511 3172 3578 vitam,
3213 3511 3470 3567 feminam
3518 3513 3583 3565 ti-

2000 3602 2184 3657 muit?
2221 3611 2371 3659 certe
2407 3603 2613 3658 timuit.
2667 3601 2859 3673 Neque
2892 3602 3037 3658 enim
3086 3602 3195 3657 ulla
3258 3602 3581 3673 improbitas

1997 3701 2107 3757 est,
2141 3709 2264 3766 quae
2303 3709 2430 3749 cum
2459 3693 2711 3764 improba
2752 3694 2981 3749 muliere
3028 3693 3207 3764 possit
3240 3697 3581 3764 comparari.

2000 3784 2165 3856 Atqui
2210 3784 2453 3840 sermoni
2499 3799 2622 3840 meo
2671 3783 2829 3839 iidem
2887 3785 3090 3840 astruit
3133 3785 3433 3857 sapientia,
3485 3787 3582 3843 ubi

2001 3877 2079 3931 ait
2111 3895 2127 3931 :
2166 3875 2292 3931 Non
2322 3885 2401 3931 est
2428 3884 2588 3946 caput
2625 3891 2783 3945 super
2804 3886 2961 3945 caput
2992 3878 3339 3947 serpentis,et
3372 3886 3581 3932 nonest

2001 3968 2214 4022 malitia
2262 3983 2426 4036 supra
2464 3967 2730 4022 malitiam
2772 3967 3009 4023 mulieris
3040 3967 3232 4039 (Eccli.
3273 3984 3403 4033 xxv,
3459 3968 3575 4035 22).

2002 4057 2048 4115 Ο
2083 4060 2410 4131 nequitiam,
2455 4058 2956 4129 acutissimumque
3006 4059 3174 4114 telum
3225 4059 3471 4114 diaboli!
3533 4060 3582 4114 Is

2003 4163 2104 4219 per
2147 4149 2434 4204 mulierem
2491 4162 2524 4204 a
2581 4149 2858 4220 principio
2903 4148 3173 4203 Adamum
3223 4150 3277 4205 in
3321 4150 3582 4220 paradiso
3698 4168 3703 4173 ’

2002 4241 2295 4298 sauciavit.
2332 4240 2436 4297 Per
2459 4240 2748 4297 mulierem
2781 4239 2850 4295 ad
2885 4256 3069 4297 necem
3101 4239 3247 4296 Uria:
3269 4257 3367 4312 per
3395 4243 3582 4297 dolum

2004 4329 2350 4386 inferendam
2401 4328 2662 4386 Davidem
2720 4332 2891 4387 veluti
2940 4331 3130 4388 lurore
3186 4332 3445 4403 perculit.
3478 4332 3585 4388 Per

316 4422 696 4495 κατέστρεψεν
710 4437 724 4451 ο
748 4422 839 4476 διὰ
861 4421 1124 4491 γυναικὸς
1144 4421 1235 4475 τδν
1258 4418 1639 4492 ἀνδρειότατον
1653 4417 1896 4491 Σαμψὼν

2006 4419 2293 4475 mulierem
2328 4419 2680 4475 Salomoncm
2712 4420 2995 4490 sapientiae
3050 4419 3212 4475 laude
3246 4420 3587 4490 praestantis-

312 4513 562 4586 ξυρήσας
585 4513 917 4583 ἐτύφλωσεν.
933 4513 1037 4567 Διά
1057 4513 1317 4581 γυναικὸς
1337 4513 1465 4576 τοὺς
1488 4513 1639 4576 uici);
1665 4511 1784 4565 Ἠλὶ
1805 4510 1900 4565 τοῦ

318 4606 520 4678 ίερέως
564 4606 852 4675 ιὶδάφισεν⁹
910 4604 997 4659 διὰ
1047 4604 1311 4675 γυναικὸς
1348 4605 1440 4659 τὸν
1495 4604 1901 4676 οὐρανοδρόμον

329 4696 524 4752 Ἦλίαν
544 4698 736 4753 ἐδίωκε
750 4715 764 4729 ο
785 4696 874 4751 διὰ
889 4697 1148 4767 γυναικὸς
1168 4696 1258 4751 τὸν
1286 4697 1674 4767 εὐγενέστατον
1699 4697 1901 4768 Ἰωσὴφ

318 4789 540 4861 φυλακῇ
562 4789 901 4845 κατέκλεισε.
937 4788 1037 4842 Διὰ
1065 4788 1324 4858 γυναικὸς
1346 4789 1436 4841 τὸν
1466 4788 1662 4849 παντὸς
1692 4789 1899 4859 κόσμου

318 4881 518 4952 λύχνον
592 4882 843 4952 Ἰωάννην
900 4880 1137 4950 ἐπέτεμε
1168 4894 1183 4909 ⁸
1217 4878 1307 4933 διὰ
1366 4879 1626 4949 γυναικὸς
1692 4881 1903 4943 πάντας

316 4974 687 5044 κατασφάζει.
716 4973 858 5044 Γυνὴ
886 4974 992 5045 γὰρ
1019 4973 1242 5045 ἀναιδὴς
1276 4972 1489 5036 οὐδενὸς
1525 4971 1788 5042 φείδεται.
1826 4972 1903 5024 Οὐ

318 5065 561 5136 Δευῖτην
588 5066 743 5135 τιμᾷ,
798 5064 896 5133 οὐχ
952 5064 1101 5135 ἱερέα
1149 5063 1497 5133 ἐντρέπεται,
1523 5062 1583 5115 οὐ
1614 5063 1905 5133 προφήτην

320 5156 642 5212 ὲναιδεῖται.
674 5157 738 5209 Ὢ
765 5154 937 5209 κακοῦ
976 5154 1145 5208 κακὸν
1168 5158 1429 5208 κάκιστον
1450 5194 1465 5219 ,
1496 5155 1635 5224 γυνὴ
1669 5156 1906 5224 πονηρὰ,

2012 4508 2214 4564 simum
2238 4507 2309 4563 ad
2343 4508 2858 4583 praevaricationem
2888 4508 3128 4580 impulit.
3169 4509 3271 4565 Per
3298 4510 3583 4565 mulierem

2011 4601 2382 4657 fortissimum
2409 4601 2737 4657 Samsonem
2776 4602 2992 4658 abrasis
3015 4604 3235 4673 capillis
3269 4604 3582 4658 excmravit.

2010 4689 2114 4745 Per
2128 4690 2413 4746 mulierem
2437 4690 2705 4747 ﬁliosHeli
2726 4691 3035 4746 sacerdotis
3056 4692 3109 4745 in
3128 4700 3334 4746 terram
3356 4701 3591 4761 prostra-

2008 4779 2108 4835 vit.
2129 4778 2233 4834 Per
2262 4778 2548 4833 mulierem
2574 4779 2886 4848 cmlipetam
2912 4778 3063 4833 illum
3088 4777 3260 4832 Etiam
3286 4780 3586 4833 insectatus

2009 4879 2113 4928 est.
2152 4869 2258 4925 Per
2291 4871 2577 4924 mulierem
2620 4870 3023 4926 nobilissimum
3068 4867 3271 4941 Ioseph
3312 4871 3367 4924 in
3401 4885 3589 4925 carce-

2012 4976 2128 5015 rem
2182 4958 2343 5030 413
2393 4958 2583 5013 trusit.
2635 4956 2739 5012 Per
2794 4957 3076 5011 mulierem
3119 4955 3383 5010 Joannem
3421 4956 3590 5011 totius

2014 5053 2206 5108 mundi
2261 5054 2547 5105 lucernam
2595 5049 2782 5120 capite
2833 5048 3134 5102 truncavit.
3163 5045 3269 5101 Per
3296 5047 3587 5102 mulierem

2016 5142 2228 5200 nullum
2269 5159 2381 5197 non
2428 5143 2690 5212 jugulat:
2735 5156 2861 5195 nam
2910 5140 3110 5193 mulier
3161 5139 3453 5208 impudens
3493 5153 3593 5192 rte-

321 5246 494 5322 κᾶνῇ
527 5249 785 5320 πενιχρά.
823 5248 949 5301 Ἐὰν
976 5247 1033 5300 δὲ
1068 5247 1160 5300 καὶ
1188 5245 1418 5298 πλοῦτον
1441 5242 1537 5316 ἕλῃ
1568 5247 1635 5316 τῇ
1674 5244 1897 5315 πονηρῖς

2018 5238 2151 5291 mini
2180 5237 2376 5307 parcit.
2430 5234 2546 5288 Non
2586 5234 2785 5288 Levita:
2816 5232 3087 5286 rationem
3125 5231 3289 5286 habet
3317 5251 3330 5285 :
3367 5246 3475 5285 non
3502 5246 3593 5284 sa-

318 5319 501 5411 αὐτης
529 5338 917 5413 συνεργοῦντα,
940 5338 1123 5393 δισσὸν
1168 5337 1228 5390 τὸ
1269 5334 1440 5390 κακόν
1464 5354 1478 5367 ·
1523 5335 1797 5406 ἀφόρητον
1847 5335 1897 5387 τέ

2013 5329 2314 5390 cerdotem,
2350 5342 2458 5379 non
2490 5323 2813 5394 prophetam
2848 5333 3092 5375 veretur.
3132 5319 3180 5377 ο
3214 5323 3413 5373 malum
3437 5321 3590 5373 muni

319 5430 489 5499 ζῶον,
524 5432 895 5503 ἀθεράπευτον
940 5431 1000 5484 τὸ
1044 5429 1255 5501 θηρίον.
1308 5425 1449 5496 Ἐγὼ
1472 5424 1589 5479 οἶδα
1623 5428 1717 5478 καὶ
1746 5425 1901 5478 ἀσπί-

316 5709 433 5756 est.

2016 5422 2162 5474 malo
2216 5419 2414 5490 pejus!
2468 5416 2717 5486 improba
2770 5412 2968 5467 mulier
3015 5420 3123 5477 est,
3156 5412 3239 5466 vel
3276 5413 3319 5465 si
3361 5410 3591 5481 penuria

405 5642 433 5671 ³
465 5630 549 5685 Ex
579 5629 803 5685 humilia
833 5630 888 5683 in
953 5627 1369 5682 decolluliouem
1440 5622 1819 5689 Prwcursoris,
1885 5636 2007 5692 qua!
2042 5630 2222 5677 exstat
2277 5631 2315 5675 ι.
2352 5617 2445 5674 νιι
2476 5619 2610 5675 edit.
2644 5616 2815 5673 Savil.
2858 5632 2911 5689 p.
2952 5614 3077 5679 διδ,
3117 5613 3408 5681 dubimque
3465 5604 3592 5663 fidei
