3960 6400
513 297 643 362 1327
1701 292 1761 350 s.
1794 289 2117 351 JOANNIS
2145 287 2581 349 DAMASCENI
3602 301 3707 374 1323

511 412 744 466 laboret.
781 406 878 462 Sin
941 418 1073 461 vero
1119 404 1288 460 etiam
1338 402 1511 458 aﬂluit
1558 404 1779 473 Opibus,
1826 418 1950 474 quae
1983 403 2088 456 im-

2192 402 2286 465 δας
2308 401 2754 474 κολακευομένας
2785 400 3152 475 ἡμεροῦσθαι,
3186 404 3281 459 καὶ
3306 404 3528 476 λέοντας,
3548 417 3625 469 καὶ
3649 422 3707 474 τί.

513 502 776 572 probitati
818 500 997 570 ipsius
1029 497 1282 553 subsidio
1326 497 1463 561 sint,
1511 497 1718 550 maltnn
1749 497 1968 565 dupler
1986 507 2088 560 est,

2199 512 2375 566 γρεις,
2407 496 2503 549 καὶ
2538 495 2838 568 παρδάλεις
2880 496 3348 567 τιθασσευομένας
3400 504 3706 570 πραῢνεοθαι.

515 594 861 649 intolerabile
910 591 1112 645 animal
1153 598 1207 644 et
1254 589 1433 644 bestia
1484 604 1609 660 qua:
1650 589 1821 643 nullis
1876 587 2088 641 deliniri

2198 590 2336 659 γυνὴ
2365 588 2422 642 δὲ
2455 589 2672 660 πονηρά
2709 590 2806 642 καὶ
2838 586 3171 660 ὑδριζομένη
3199 590 3460 658 μαίνεται,
3489 598 3567 650 καὶ
3588 602 3710 655 κολα.

514 684 795 755 obsequiis
819 683 1013 751 possit.
1050 682 1160 751 Ego
1182 680 1388 751 quippe
1412 680 1640 750 aspidcs
1681 677 1882 732 blanda
1928 691 2088 731 manu

2198 682 2468 752 κευομένη
2492 681 2803 752 ἐπαίρεται.
2833 681 2951 737 Κᾶν
2971 682 3072 753 ἔχῃ
3092 680 3263 753 ἄνδρα
3284 683 3523 755 ἄρχοντα,
3546 691 3711 766 νύκτωρ

513 777 795 833 demulsas
852 788 1246 829 mansuescere
1294 772 1435 836 scio,
1479 773 1689 838 leones,
1721 778 1776 824 ct
1814 770 2013 839 tigres,
2044 778 2098 823 et

515 868 721 939 pardus
761 867 1003 921 cicurari
1050 882 1065 917 :
1104 876 1159 920 at
1186 865 1385 920 mulier
1420 866 1670 934 improba
1701 862 1832 917 dum
1870 861 2098 916 lacessi~

514 974 623 1030 tur,
674 961 842 1027 furit,
903 968 957 1014 et
1001 975 1128 1013 cum
1180 957 1549 1022 demulcetur,
1595 955 1903 1011 insolescit.
1934 953 2096 1019 Quod

511 1056 556 1109 si
591 1055 775 1111 virum
821 1053 989 1106 habet
1017 1051 1351 1106 auctoritate
1394 1050 1723 1120 pollentem,
1759 1048 1852 1101 diu
1897 1056 2094 1101 noctu-

510 1164 620 1218 que
665 1146 1020 1202 sermonibus
1064 1158 1188 1199 eum
1242 1141 1602 1211 impellendo,
1642 1141 1710 1196 ad
1761 1140 2095 1196 insidiosam

511 1238 717 1294 czedem
770 1238 943 1298 acuit,
977 1232 1444 1305 quemadmodum
1491 1229 1763 1287 Herodias
1792 1229 2092 1285 Herodem.

514 1330 613 1383 Sin
646 1343 841 1382 rursus
888 1338 1185 1395 pauperem
1241 1322 1498 1376 maritum
1541 1321 1726 1386 habet,
1780 1321 1849 1374 ad
1879 1321 1993 1375 iras
2026 1319 2094 1372 il-

512 1423 624 1475 lum
652 1428 706 1473 et
728 1433 948 1490 pugnas
978 1417 1205 1472 excitat.
1238 1413 1337 1468 Sin
1369 1413 1592 1467 demum
1629 1413 1792 1468 vidua
1826 1419 1936 1476 est,
1974 1412 2093 1482 ipsa

512 1531 612 1586 per
641 1530 699 1567 se
735 1527 926 1566 omnes
974 1516 1323 1579 aspernatur.
1372 1504 1560 1577 Neque
1601 1506 1748 1559 enim
1798 1503 1894 1559 Dei
1942 1513 2092 1559 metu

509 1608 752 1676 linguam
795 1604 996 1668 l'rcnat,
1036 1615 1214 1670 neque
1260 1599 1329 1654 ad
1370 1596 1623 1653 futurum
1678 1595 1922 1650 tribunal
1954 1610 2093 1649 con-

500 1699 624 1769 jicit
654 1699 875 1758 oculos,
929 1694 1193 1749 amicitia:
1234 1692 1383 1762 leges
1432 1690 1633 1746 nescit.
1687 1687 1855 1742 Nihili
1901 1687 2094 1757 pendit

2195 790 2257 827 τε
2285 773 2380 829 καὶ
2409 774 2529 845 μεθ’
2552 775 2768 847 ἡμέραν
2813 777 2925 839 τοῖς
2968 774 3151 843 λόγοις
3180 775 3346 831 αὐτὸν
3368 773 3711 850 ἐκμοχλεύουσαι

2198 866 2335 938 πρὸς
2364 866 2676 936 δολοφονίαν
2702 866 2906 932 ὀξύνει,
2953 867 3031 931 ὡς
3072 867 3341 940 Ἡρωδιὰς
3384 871 3471 924 τὸν
3499 872 3710 947 Ἡρώδην.

2198 960 2318 1014 Κᾶν
2349 958 2562 1030 πένητα
2593 960 2693 1031 ἔχῃ
2725 961 2816 1014 τὸν
2848 960 3021 1032 ἄνδρα
3073 961 3209 1032 πρὸς
3244 961 3413 1033 ὀργὰς
3451 965 3535 1016 καὶ
3576 968 3714 1039 μάχας

2197 1053 2363 1105 αὐτὸν
2389 1051 2675 1123 διεγείρειο
2709 1053 2815 1107 κᾶν
2838 1054 2990 1124 χήρα
3020 1053 3287 1124 τυγχάνῃ.
3318 1053 3454 1126 αὕτη
3481 1057 3540 1110 δι’
3560 1059 3713 1133 ἑαυτῆς

2194 1146 2323 1208 τοὺς
2350 1143 2560 1208 πάντας
2593 1145 2875 1216 ἀτιμάζει.
2906 1143 3064 1216 Φόϐῳ
3090 1144 3198 1216 γὰρ
3218 1144 3358 1200 Θεοῦ
3379 1149 3438 1200 οὐ
3465 1144 3712 1218 χαλινοῦται

2195 1235 2293 1306 τὴν
2321 1235 2610 1304 γλῶσσανο
2642 1237 2745 1290 οὐκ
2785 1238 2866 1299 είς
2888 1236 2953 1289 τὸ
2999 1236 3192 1307 μέλλον
3233 1239 3508 1310 κριτήριον
3535 1242 3714 1299 deum.

2197 1343 2320 1382 πει’
2351 1329 2413 1381 οὐ
2453 1329 2637 1398 φιλίας
2662 1326 2804 1382 οἶδεν
2830 1329 3054 1400 θεσμόν.
3087 1330 3257 1385 Οὐδέν
3289 1332 3403 1385 ἐστι
3430 1337 3623 1401 γυναικὶ
3642 1354 3714 1391 πο-

2195 1424 2338 1493 νηρᾷ
2365 1422 2459 1475 τὸν
2482 1422 2615 1476 ῐδιον
2645 1421 2816 1492 ἄνδρα
2846 1422 3187 1495 παραδοῦναι
3218 1424 3299 1488 εὶς
3328 1422 3562 1480 θάνατον.
3598 1429 3715 1499 ’Δμὲο

2196 1512 2278 1566 λει
2326 1512 2458 1581 γοῦν
2492 1512 2585 1566 τὸν
2622 1514 2833 1568 δίκαιον
2864 1513 2986 1567 Ἰὼϐ
3011 1515 3044 1584 ή
3086 1514 3193 1569 ίδία
3218 1515 3357 1586 γυνή
3387 1516 3513 1587 πρὸς
3543 1518 3714 1575 θάνατον

2195 1606 2484 1676 παρεδίδου
2507 1646 2523 1671 ,
2563 1605 2832 1674 λέγουσιν
2857 1601 3049 1659 Εἷπόν
3101 1623 3158 1660 τι
3202 1605 3370 1676 ῥῆμα
3405 1608 3715 1680 βλάσφημον

2195 1697 2346 1767 πρὸς
2362 1699 2603 1767 Κύριον,
2638 1697 2739 1751 καὶ
2785 1698 3059 1752 τελεύτα.
3118 1699 3185 1750 ’Ὠ
3215 1699 3429 1767 φύσεως
3462 1700 3711 1773 μοχθηρὶςί

507 1793 757 1864 improba
790 1790 987 1844 mulier
1021 1788 1200 1842 virum
1231 1799 1394 1840 suum
1422 1784 1584 1837 morti
1617 1781 1857 1836 tradere.
1892 1779 2086 1835 Enim-

2192 1790 2238 1844 ὼ
2286 1790 2668 1862 προαιρέσεως
2711 1789 2972 1852 όυοσίαςῑ
3036 1790 3139 1844 οὐκ
3197 1790 3426 1861 ἠλέησεν
3458 1770 3712 1850 ίδοῦσαγτοῦ

507 1900 637 1940 vero
677 1882 891 1953 justum
945 1880 1097 1934 illum
1129 1876 1233 1931 Job
1281 1889 1420 1929 uxor
1450 1887 1550 1927 sua
1584 1872 1640 1925 in
1675 1884 1869 1925 necem
1903 1867 2087 1938 conji-

504 1977 706 2040 cit-bat,
740 1990 864 2029 cum
903 1973 979 2026 ita
1021 1970 1393 2041 loquebatur:
1446 1965 1547 2019 Dic
1576 1962 1790 2019 verbum
1819 1961 2089 2033 quoddam

505 2067 724 2138 iinpinm
752 2066 1005 2121 adversus
1042 2063 1350 2125 Dominum,
1381 2069 1430 2113 ct
1478 2072 1680 2111 morere
1703 2056 1721 2126 (
1744 2053 1847 2109 Job
1877 2071 1938 2117 ll,
1995 2053 2097 2125 9);

504 2163 548 2218 Ο
574 2162 895 2234 ﬂagitiosum
928 2158 1203 2214 indolem!
1233 2154 1278 2210 Ο
1310 2152 1579 2209 nefariam
1617 2150 1784 2204 animi
1812 2148 2091 2203 inductio-

506 2273 632 2310 nem
665 2258 678 2307 !
721 2252 879 2305 Nulla
915 2247 1299 2304 misericordia
1348 2248 1621 2298 commota
1666 2239 1789 2306 fuit,
1822 2253 1949 2293 cum
1977 2252 2092 2293 ma-

503 2347 594 2400 riti
626 2345 711 2401 sui
754 2345 967 2398 viscera
1000 2339 1230 2396 fervidis
1285 2336 1530 2407 pustulis
1574 2334 1723 2389 velut
1763 2331 2089 2386 ardentibus

502 2438 835 2508 quibusdam
888 2431 1226 2487 carbonibus
1273 2436 1492 2491 exusta,
1542 2439 1853 2493 carnesque
1892 2425 2087 2475 omnes

504 2532 684 2601 ipsius
714 2534 1000 2595 correptas
1024 2521 1308 2577 vermibus
1342 2519 1498 2573 vidit.
1533 2518 1613 2571 Ad
1642 2513 2085 2571 misericordiam

503 2621 702 2677 inﬂexa
759 2635 865 2674 non
916 2625 1020 2680 est,
1078 2629 1202 2668 eum
1234 2627 1361 2667 eum
1413 2620 1588 2666 totum
1638 2609 1694 2662 in
1726 2624 1789 2663 se
1819 2606 2089 2661 convolu-

502 2724 642 2780 tum,
701 2711 1185 2776 latiscentemqne,
1233 2713 1287 2759 et
1342 2717 1549 2772 angore
1606 2700 1946 2763 confectum,
2024 2712 2088 2751 ac

501 2808 799 2864 continuos
851 2801 1055 2857 halitus
1103 2816 1167 2855 ex
1203 2799 1315 2852 imo
1364 2806 1591 2867 pectore
1631 2794 1804 2848 hianti
1842 2808 1938 2847 ore
1973 2800 2088 2845 tra-

504 2900 722 2954 hentem
763 2893 1079 2964 conspexit.
1125 2887 1244 2943 Non
1276 2887 1525 2942 emollita
1565 2894 1651 2940 est
1682 2885 1748 2938 ad
1791 2883 2090 2938 commise-

505 2972 798 3055 rationem,
845 3002 976 3040 cum
1016 2999 1144 3040 eum
1191 2982 1287 3052 qui
1335 2994 1580 3052 purpura
1624 2976 1902 3048 quendam
1941 2975 2089 3046 regia

503 3084 862 3143 induebatur,
900 3091 1035 3133 tunc
1088 3086 1204 3131 toto
1240 3089 1475 3145 corpore
1507 3072 1716 3127 nudum
1752 3072 1803 3125 iu
1849 3070 2089 3140 sterqui-

504 3177 641 3232 linio
691 3173 919 3228 videret.
977 3168 1202 3224 Minime
1256 3155 1550 3221 recordata
1607 3172 1693 3218 est
1736 3162 1938 3217 veteris
1972 3176 2088 3216 sua:

501 3285 629 3324 eum
675 3282 741 3322 eo
789 3262 1244 3324 consuetudinis,
1312 3267 1633 3328 quantaque
1681 3263 1906 3324 propter
1959 3268 2086 3308 eum

501 3361 697 3431 gloria,
750 3357 1090 3429 quantisque
1139 3354 1341 3424 opibus
1400 3350 1701 3404 ﬂoruisset.
1732 3346 1875 3413 Quid
1909 3344 2085 3400 vero?

501 3455 599 3508 Dic
647 3452 863 3506 rei-bum
910 3446 1179 3519 quoddam
1227 3443 1483 3497 adversus
1532 3440 1838 3499 Dominum,
1887 3447 1936 3492 et
1968 3453 2082 3490 mo-

500 3562 637 3601 rere.
703 3540 964 3612 Nunquid
1015 3539 1115 3593 tibi
1177 3551 1302 3590 cum
1370 3533 1565 3587 morbo
1619 3531 1925 3593 laborares,
1978 3527 2088 3581 tale

497 3637 783 3709 quidpiam
829 3647 1072 3704 unquam
1123 3630 1448 3698 prolocutus
1492 3625 1616 3680 est?
1673 3621 1867 3676 Nonne
1902 3619 2086 3690 potius

501 3738 606 3787 hoc
635 3731 766 3802 egit,
802 3728 882 3783 uti
933 3724 1198 3797 precibus
1240 3721 1459 3793 piisque
1510 3717 1902 3788 largitionibus
1935 3727 2081 3767 uxor-

501 3829 635 3881 bum
674 3819 955 3877 dilueret?
992 3817 1266 3873 Nimirum
1311 3817 1413 3885 ipsi
1460 3828 1567 3866 non
1624 3808 1929 3865 sulliciebat
1978 3805 2085 3858 im-

500 3919 670 3973 missa
702 3914 769 3969 ad
804 3911 1027 3983 aliquod
1073 3919 1292 3980 tempus
1338 3913 1659 3977 paupertas,
1707 3899 1813 3954 nisi
1856 3909 1910 3951 tu
1947 3912 2085 3967 quo-

492 4028 610 4084 que
654 4008 1054 4080 sempiternum
1094 4005 1147 4060 ei
1202 4003 1512 4058 cruciatum
1555 4014 1650 4068 per
1685 3992 2084 4063 blasphemiam

499 4118 837 4161 arcesseres.
894 4101 977 4155 An
1021 4097 1206 4154 nescis
1253 4109 1417 4150 omne
1465 4099 1751 4162 peccatum
1787 4087 2083 4141 remissum

501 4199 570 4253 iri
628 4194 982 4258 hominibus;
1041 4188 1440 4260 blasphemiam
1497 4191 1680 4238 autem
1730 4181 1783 4235 in
1815 4178 2084 4248 Spiritum

501 4297 757 4347 sanetum
807 4284 1199 4343 remittendam
1252 4296 1359 4337 non
1414 4292 1559 4342 esse,
1610 4289 1710 4329 nec
1747 4274 1801 4327 in
1847 4272 1952 4326 hoc
1988 4284 2105 4329 eaex

499 4383 652 4449 culo,
685 4394 787 4435 nec
846 4378 902 4432 in
938 4375 1165 4430 futuro?
1197 4372 1293 4428 Vis
1349 4371 1510 4424 aliam
1563 4378 1785 4437 quoque
1828 4362 1957 4416 huic
1990 4374 2083 4431 pa-

2195 1882 2329 1936 ίδίου
2356 1881 2553 1951 ἀνδρὸς
2587 1881 2656 1934 τὰ
2688 1881 2975 1951 σπλάγχνα
3002 1881 3106 1934 ὑπὸ
3134 1883 3248 1937 τῶν
3281 1882 3601 1947 ἀναζεουσῶν
3620 1887 3713 1955 φλυ-

2192 1974 2416 2038 κτίδων,
2450 1973 2642 2045 ὥσπερ
2671 1972 2777 2026 ὑπὸ
2802 1974 3096 2044 ἀνθράκων
3132 1972 3566 2046 σπινθηροὸόλων
3604 1979 3714 2033 καιό-

2195 2082 2355 2135 μενα,
2380 2066 2474 2118 καὶ
2496 2064 2625 2128 ὅλας
2654 2064 2752 2127 τὰς
2777 2065 2989 2137 σάρκας
3009 2065 3175 2119 αὐτοῦ
3203 2068 3319 2130 τοῖς
3343 2066 3565 2139 σκώληξι
3583 2086 3713 2123 curs:-

2191 2154 2499 2239 λημμένας.
2529 2155 2604 2207 Οὐ
2641 2154 3008 2228 κατεκάμφθη
3036 2157 3174 2227 πρὸς
3201 2152 3386 2211 οἶκτον
3412 2199 3427 2223 ,
3458 2158 3618 2214 ίδοῦσα
3643 2164 3713 2214 αὖ.

2191 2245 2306 2309 τὸν,
2346 2245 2469 2298 ὅλον
2507 2244 2578 2298 δι’
2624 2245 2751 2299 ὅλου
2783 2245 3136 2316 ἑλισσόμενον
3174 2247 3273 2301 καὶ
3322 2247 3613 2317 κάμνοντα,
3648 2251 3712 2304 καὶ

2192 2338 2541 2408 ἀγωνιῶντα,
2582 2339 2680 2393 καὶ
2711 2339 2910 2409 συνεχῆ
2962 2337 3226 2409 ἄσθματα
3266 2341 3331 2392 ὲκ
3374 2339 3592 2409 λαγόνων
3618 2344 3712 2413 μετὰ

2192 2433 2357 2487 πόνου
2403 2433 2658 2504 κεχηνότι
2688 2429 2766 2504 τῷ
2800 2433 3033 2504 στόματι
3062 2433 3323 2503 φέροντα.
3354 2435 3465 2488 Οὐκ
3490 2435 3711 2505 ὲμειλίχθη

2192 2527 2331 2597 πρὸς
2376 2524 2808 2596 εύσπλαγχνίαν,
2866 2524 3055 2597 όρῶσα
3120 2526 3211 2579 τόν
3250 2542 3379 2579 ποτε
3416 2527 3472 2580 ὲν
3519 2526 3710 2597 βασιλικῇ

2192 2618 2510 2689 πορφυρίδι,
2536 2618 2659 2671 τότε
2693 2618 2786 2671 ἐπὶ
2819 2617 3058 2688 κοπρίας
3109 2618 3391 2689 κείμενον,
3422 2619 3713 2689 γεγυμνωμέ-

2190 2729 2281 2766 νον
2308 2710 2387 2781 τῷ
2418 2709 2654 2787 σῶματι.
2689 2711 2801 2764 Καὶ
2827 2711 2930 2764 οὐκ
2968 2711 3354 2782 ἐμνημόνευσε
3384 2712 3479 2781 τῆς
3505 2713 3619 2782 πρὸς
3644 2713 3711 2765 αὑ-

2190 2803 2284 2857 τὸν
2309 2786 2544 2874 ἀρχαίας
2595 2801 2908 2872 συνηθείας,
2939 2803 3034 2856 καὶ
3067 2802 3190 2856 οὐδὲ
3223 2803 3326 2856 ὅσα
3351 2802 3417 2856 δι’
3448 2786 3592 2856 αὐτὸν
3632 2803 3714 2855 ἐπί-

2191 2890 2318 2960 δοξα
2346 2895 2488 2949 καλά
2522 2893 2775 2965 ἤνθησεν.
2817 2894 2979 2950 Ἀλλά
3011 2895 3095 2960 τί;
3137 2891 3334 2950 Εἷπόν
3368 2912 3420 2948 τι
3443 2893 3590 2965 ῥῆμα
3609 2897 3713 2963 πριίς

2192 2988 2435 3055 Κύριον,
2462 2984 2562 3039 καὶ
2587 2986 2859 3040 τελεύτα.
2906 2981 3055 3056 Ἀρά
3108 2987 3193 3040 σοί
3244 3003 3375 3040 ποτε
3421 2985 3714 3059 ἀρῤωπούιῃ

2190 3076 2435 3130 τοιοῦτον
2473 3075 2811 3145 ὲφθὲγξατο;
2852 3077 2965 3129 Καὶ
2992 3076 3115 3147 οὐχὶ
3141 3077 3339 3148 εὐχαῖς
3364 3077 3459 3149 τὴν
3484 3078 3616 3131 νόσον
3645 3076 3715 3129 ἀπ-

2196 3169 2467 3240 έσμηξεν;
2501 3169 2614 3222 Οὐκ
2639 3170 2799 3240 ἢρκει
2832 3166 2941 3239 γὰρ
2980 3166 3133 3239 αὐτῷ
3156 3170 3190 3239 ή
3226 3168 3367 3239 πρὸς
3390 3167 3565 3238 καιρὸν
3582 3167 3713 3229 πενία,

2194 3259 2332 3313 ἀλλά
2363 3260 2460 3313 καὶ
2503 3257 2722 3313 αἰώνιον
2754 3259 2907 3329 αὑτῷ
2936 3259 3224 3330 προξενεῖς
3274 3260 3365 3313 διὰ
3402 3262 3494 3332 τῆς
3529 3258 3714 3330 βλασφη-

2199 3355 2329 3424 μίας
2352 3354 2452 3424 τὴν
2484 3352 2748 3419 κόλασιν;
2783 3353 2851 3405 Ἢ
2881 3354 2982 3405 οὐκ
3027 3348 3197 3417 οἶδας,
3238 3354 3322 3407 ὅτι
3353 3354 3498 3407 πᾶσα
3529 3350 3714 3422 ἁμαρτία

2195 3446 2535 3517 ἀφεθήσεται
2558 3447 2673 3509 τοῖς
2703 3439 3037 3517 ἀνθρώποις,
3061 3447 3094 3517 ἡ
3123 3445 3182 3499 δὲ
3226 3445 3371 3500 κο.τά
3407 3445 3497 3499 τοῦ
3525 3442 3715 3512 "vatiua-

2194 3558 2286 3604 τος
2314 3540 2634 3611 βλασφημία
2681 3539 2783 3592 οὐκ
2827 3537 3188 3609 ἀφεθήσεται,
3250 3538 3375 3592 οὔτε
3406 3540 3463 3592 ὲν
3503 3537 3572 3607 τῷ
3599 3535 3713 3588 aitirr.

2193 3632 2388 3702 τούτῳ,
2416 3630 2541 3684 οὔτε
2573 3630 2630 3682 ἐν
2663 3628 2741 3700 τῷ
2769 3629 3052 3701 μέλλοντι;
3094 3629 3289 3693 Θέλεις
3332 3629 3457 3682 ίδετν
3491 3628 3572 3680 καὶ
3596 3623 3716 3693 ἄλλην

2194 3723 2293 3792 τῆς
2326 3720 2591 3791 πονηρίας
2622 3718 2830 3791 ταύτης
2853 3717 3122 3789 ὁμόζυγον
3148 3734 3163 3784 ;
3200 3718 3280 3771 ἴδε
3329 3734 3416 3789 μοι
3436 3717 3522 3770 καὶ
3542 3715 3623 3785 τήν
3642 3715 3715 3765 Az-

2194 3815 2367 3869 λιδάν.
2416 3815 2526 3867 Καὶ
2564 3812 2676 3884 γάρ
2718 3813 2903 3884 ἐκείνη
2936 3811 3030 3865 τὸν
3059 3810 3303 3883 Σαμψὼν
3347 3809 3436 3864 τὸν
3470 3806 3715 3878 ἀνδρειότα-

2192 3924 2284 3961 τον
2311 3905 2479 3978 ἄνδρα
2504 3904 2808 3976 ξυρήσασα,
2833 3907 2947 3968 τοῖς
2983 3902 3310 3974 ἀλλοφύλοις
3356 3901 3629 3973 παρέδωκε,
3653 3897 3715 3949 τλν

2196 4000 2326 4053 ἴδιον
2357 3999 2549 4069 ἄνδρα,
2580 3998 2674 4053 τὸν
2704 3998 2837 4052 ῑδιον
2879 3996 3155 4063 σύνευνον,
3183 3996 3245 4049 δν
3277 3995 3519 4059 ἔθαλπεν,
3541 3992 3592 4046 ὃν
3616 3987 3714 4044 ἐθώ-

2195 4111 2381 4158 πευεν,
2412 4091 2472 4145 ὃν
2505 4091 2854 4159 ἐκολάκευεν,
2877 4091 2937 4145 ὃν
2969 4090 3113 4162 ὑπὲρ
3160 4090 3364 4162 ἑαυτὴν
3403 4088 3601 4159 ἀγαπᾷν
3641 4084 3712 4136 ὕπ-

2194 4186 2450 4258 ικρίνατο
2474 4202 2489 4217 ο
2522 4183 2582 4237 δν
2616 4182 2747 4253 χθὲς
2777 4183 2994 4254 ἠγάπα,
3034 4184 3281 4254 σήμερον
3318 4182 3524 4254 ἠπάτα·
3553 4179 3604 4231 ὃν
3621 4174 3711 4245 χθὲς

2194 4278 2429 4333 ἕθαλπεν
2462 4275 2756 4345 ἀγαπῶσα,
2799 4276 3043 4346 σήμερον
3074 4273 3312 4328 ἔθαπτεν
3343 4271 3600 4327 ἀπατῶσι.
3635 4266 3711 4320 Kal

2197 4370 2303 4442 μὴν
2353 4370 2454 4423 οὐκ
2501 4365 2571 4440 ἦν
2596 4369 2802 4439 ὡραῖος
2826 4384 2840 4433 ;
2885 4368 2982 4422 καὶ
3001 4367 3086 4431 τίς
3111 4366 3279 4421 αὐτοῦ
3299 4365 3602 4437 ὡραιότερος
3625 4365 3723 4413 κατ’

498 4489 616 4530 rem
650 4470 1068 4542 improbitatem
1101 4462 1327 4520 videre?
1358 4461 1507 4524 vide,
1548 4472 1759 4528 qumso,
1807 4453 2082 4508 Dalidam.

2193 4469 2370 4521 ἐκεῖνο
2397 4464 2635 4535 καιροῦς
2682 4463 2826 4518 ὥστε
2862 4461 3003 4516 ὲπτά
3042 4461 3378 4533 βοστρύχους
3413 4459 3498 4512 ἐπὶ
3527 4452 3711 4523 κεφαλῆς

496 4568 595 4622 llla
627 4563 903 4635 siquidem
960 4559 1251 4615 dctonsum
1304 4554 1628 4609 Samsonem
1672 4546 1951 4618 aliopbilis
1975 4543 2086 4599 de—

497 4658 674 4726 didit;
729 4657 948 4715 virum,
1001 4652 1256 4721 inquam,
1306 4662 1492 4709 suum,
1542 4642 1834 4714 conjugetn
1885 4651 2084 4702 suum,

496 4770 663 4826 quem
710 4751 953 4813 fovebat,
1007 4761 1172 4819 quem
1222 4741 1525 4803 mulcebat,
1580 4751 1742 4812 quem
1801 4729 2087 4789 blanditiis

497 4823 822 4905 deliniebat,
875 4855 1040 4910 quem
1092 4850 1262 4907 supra
1305 4835 1549 4903 seipsam
1581 4842 1772 4883 amare
1813 4842 1874 4880 se
1909 4823 2082 4893 linge-

498 4941 595 4995 bat
627 4952 643 4991 :
673 4951 837 5006 quem
874 4934 990 4988 heri
1019 4932 1243 5002 quidem
1302 4926 1550 4988 amabat,
1608 4919 1835 4975 fallebat
1867 4915 2031 4971 hodie
2069 4932 2081 4967 :

497 5042 664 5099 quem
694 5005 836 5080 beri
886 5023 1066 5077 amico
1125 5020 1311 5074 animo
1363 5012 1863 5081 complectebatur,
1916 5005 2085 5061 hodie

498 5096 758 5189 sepulcro
787 5115 974 5168 tradit.
1005 5113 1070 5165 At
1102 5111 1248 5165 forte
1279 5118 1504 5178 aspectu
1528 5106 1765 5161 decorus
1799 5116 1908 5156 non
1935 5096 2087 5155 erat?

504 5187 707 5280 Ecquis
758 5222 894 5262 vero
949 5204 1103 5258 illum
1157 5199 1573 5273 pulchritudine
1630 5205 1765 5250 tunc
1824 5187 2088 5261 temporis

501 5301 890 5361 antecellebat,
923 5295 1019 5367 qui
1051 5302 1260 5366 septem
1307 5293 1621 5356 cincinnos,
1670 5287 1880 5360 quibus
1913 5285 2086 5355 septi-

500 5396 695 5451 l’ormis
726 5391 904 5463 gratia
934 5387 1397 5451 adumbrabatur,
1445 5384 1630 5455 capite
1655 5378 1940 5452 gestaret?
1976 5380 2086 5431 An—

501 5502 610 5541 non
639 5483 798 5539 fortis
823 5490 879 5536 et
907 5490 1172 5536 strenuus
1195 5488 1335 5543 erat,
1370 5476 1468 5547 qui
1524 5475 1765 5540 leonem,
1809 5472 1941 5528 dum
1985 5469 2089 5523 iter

498 5587 708 5652 ageret,
757 5579 913 5634 solus
983 5575 1103 5645 ipse
1165 5573 1598 5644 strangulassct,
1654 5580 1711 5625 et
1763 5583 1874 5623 una
1943 5564 2086 5622 asini

497 5671 724 5729 auaritia
778 5669 927 5722 mille
984 5665 1297 5737 allophylos
1349 5661 1798 5735 prostravisset?
1849 5658 1999 5726 Quin
2033 5663 2088 5710 ct

496 5772 725 5824 sanctus
770 5771 909 5818 erat.
961 5758 1131 5813 Tanta
1170 5759 1319 5815 cnim
1364 5758 1660 5813 sanctitate
1711 5754 2086 5825 pollebatput

2189 4557 2375 4629 ἔφερε,
2403 4557 2503 4627 τῆς
2525 4553 2849 4622 ἐπταφώτου
2875 4553 3099 4624 χάριτος
3129 4552 3232 4625 τὴν
3259 4554 3443 4607 εἰκόνα
3466 4543 3709 4620 βαστάζων·

2190 4651 2284 4721 Μὴ
2323 4651 2426 4704 οὐκ
2448 4645 2518 4721 ἦν
2543 4648 2818 4719 ἁνδρεῖος;
2851 4645 2994 4700 ὥστε
3035 4646 3129 4700 τὸν
3162 4645 3359 4700 λέοντα
3390 4640 3596 4713 φοϐεῴν
3620 4635 3712 4689 ὄντα

2189 4742 2248 4794 ἐν
2287 4741 2351 4811 τῇ
2373 4738 2480 4809 ὁδῷ
2516 4738 2676 4808 μόνος
2732 4735 3057 4803 ἀπέπνιξεν,
3099 4735 3195 4790 καὶ
3254 4730 3359 4806 μιᾷ
3391 4730 3582 4800 σιαγόνι
3622 4725 3710 4776 δνω

2193 4831 2445 4905 μυρίους,
2465 4827 2805 4898 ἀλλοφύλους
2835 4827 3240 4898 κατέστρωσεν.
3288 4823 3446 4880 Ἀλλά
3482 4819 3564 4876 καὶ
3598 4814 3711 4882 ἅγιος

2186 4902 2278 4993 ἦν.
2312 4918 2583 4975 Τοσοῦτον
2620 4917 2728 4990 γὰρ
2763 4914 2834 4989 ἦν
2866 4917 3045 4989 ἆγιος,
3068 4916 3146 4982 ὡς
3191 4916 3488 4988 διψήσαντα
3514 4905 3648 4962 αὐτὸν
3672 4902 3711 4952 ὲν

2192 5015 2388 5069 σπάνει
2417 5012 2616 5077 ὓδατος
2643 5009 2929 5078 εὔξασθαι,
2962 5009 3061 5063 καὶ
3089 5010 3156 5063 ὲκ
3190 5008 3292 5079 τῆς
3324 4998 3651 5074 κατεχομένης
3669 4993 3710 5043 ἒν

2188 5110 2255 5179 τῇ
2284 5106 2429 5179 χειρὶ
2456 5103 2623 5161 αὑτοῦ
2650 5104 2899 5175 σιαγόνος
2916 5104 3121 5175 νεκρᾶς
3141 5100 3334 5165 ὓδατος
3355 5097 3524 5169 πηγὰς
3542 5086 3710 5179 Egi-"il"

2190 5175 2585 5263 και-,κάκεῖθεν
2607 5194 2669 5249 τὸ
2696 5194 2834 5264 ἴαμα
2860 5195 2960 5265 τῆς
2986 5191 3150 5263 δίψης
3181 5188 3498 5263 ἀρύσασθαι.
3530 5179 3621 5236 Καὶ
3637 5175 3705 5228 τὸν

2189 5290 2364 5355 οὕτως
2391 5291 2614 5362 ὡραῖον,
2668 5288 2760 5344 τὸν
2810 5286 2984 5351 οὕτως
3013 5286 3281 5358 ἀνδρεῖον,
3317 5284 3352 5355 ἡ
3381 5280 3477 5335 ἰδία
3516 5272 3630 5345 γυνὴ
3650 5266 3705 5327 ὦς

2190 5384 2448 5456 πολέμιον
2474 5385 2589 5447 τοῖς
2618 5380 2939 5451 ἀλλοφύλοις
2964 5379 3303 5450 παρέδωκεν.
3328 5374 3422 5429 Διά
3449 5368 3587 5425 τοῦτο
3604 5373 3704 5428 παρ·

2189 5477 2447 5549 αγγέλλει
2505 5493 2591 5529 σοι
2622 5476 2650 5527 ὁ
2673 5474 2990 5545 προφήτης·
3031 5472 3164 5526 Ἀπὸ
3182 5469 3292 5542 τῆς
3315 5462 3605 5537 συγκοίτου
3620 5464 3703 5549 σου

2189 5564 2476 5636 φύλαξαι,
2497 5562 2604 5618 τοῦ
2638 5543 2971 5617 ἀναθέσθαι
2991 5559 3146 5629 αὐτῇ
3173 5579 3245 5615 τι.
3284 5556 3416 5613 Εἰπέ
3456 5568 3563 5625 μοι,
3591 5543 3700 5598 ποῖον

2191 5633 2381 5728 θηρίον
2407 5656 2551 5710 κατά
2573 5655 2668 5709 τοῦ
2695 5653 2826 5707 ἰδίου
2866 5653 3097 5725 ἄρρενος
3127 5651 3349 5707 τοιαῦτα
3380 5646 3441 5702 ἃν
3467 5633 3699 5713 ἐμελέτηαε

2192 5748 2449 5818 cuba-ron;
2482 5749 2617 5804 Ποία
2655 5748 2713 5802 δὲ
2742 5747 3012 5820 δράκαινα
3051 5748 3144 5802 τὸν
3176 5747 3305 5801 ἴδιον
3331 5739 3570 5816 ὁμόξυτον
3594 5729 3696 5783 ἀπ’
