3960 6412
293 429 431 496 1329

1581 427 1821 488 SACRA
1857 425 2320 486 PARALLELA.

3397 393 3414 402 ’
3451 429 3584 492 1330

286 539 682 602 λέσθαιθέλεις
730 539 867 592 Ποία
913 538 970 591 δὲ
1004 539 1191 590 λέαινα
1219 537 1313 590 τὸν
1365 539 1496 592 ἴδιον
1546 539 1717 608 ἄνδρα
1751 539 1888 609 πρὸς

2001 551 2122 590 cum
2155 544 2380 604 propter
2413 550 2567 604 aqu.e
2606 542 2892 606 penuriam
2939 545 3032 598 siti
3081 552 3374 613 correptus
3419 543 3584 614 414

293 634 513 702 σφαγὴν
567 632 986 701 παραδίδωσιν;,
1048 631 1213 700 Ὁρᾷς
1268 630 1350 682 ὅτι
1407 631 1886 699 ἐπιτετευγμένως

284 720 444 776 εἶπεν
469 726 502 793 ἡ
523 724 691 790 Σοφία
711 723 792 787 τὸ,
829 724 950 774 Οὐκ
981 722 1116 774 ἔστι
1161 720 1396 790 κεφαλὴ
1427 721 1584 790 ὑπὲρ
1605 722 1885 791 κεφαλὴν

286 815 501 881 ὄφεως,
528 813 626 865 καὶ
648 815 759 866 οὐκ
790 815 920 866 ἐστι
947 814 1125 866 κακία
1154 813 1306 879 ὑπὲρ
1323 815 1541 867 κακίαν
1570 816 1878 884 γυναικός.

287 907 398 958 Καὶ
419 905 565 970 ἅπαξ
598 905 808 968 ἁπλῶς,
835 907 862 957 6
889 904 1027 974 ἔχων
1063 908 1299 972 γυναῖκα
1323 905 1589 977 πονηρὰν,
1621 907 1883 973 γινωσκέο

286 1015 389 1059 τω,
419 999 500 1050 ὃτι
526 999 626 1067 ἤδη
652 1000 778 1061 τοὺς
816 999 1044 1067 μισθοὺς
1073 999 1184 1052 τῶν
1216 999 1456 1068 ἀνομιῶν
1489 998 1656 1052 αὑτοῦ
1687 999 1868 1068 ἐκομί-

291 1109 423 1144 σατο
442 1107 454 1118 ·
499 1089 667 1157 Γυνὴ
700 1088 935 1157 πονηρὰ
966 1090 1168 1160 ἀνόμῳ
1184 1091 1357 1160 μερὶς
1379 1090 1725 1156 δοθήσεται,
1746 1090 1879 1143 ἀντὶ

1995 636 2234 688 orasset.
2268 643 2332 680 ex
2371 638 2590 681 mortua
2629 633 2815 685 statim
2845 635 3113 704 aridaque
3142 637 3389 698 ilutxilla,
3416 653 3581 704 quam

1995 731 2160 769 manu
2213 717 2454 780 tenebat,
2499 735 2656 787 aqua:
2686 722 2887 778 educto
2943 726 3111 792 fonte,
3155 726 3280 780 hinc
3323 728 3444 780 sitis
3499 744 3583 779 re-

1993 809 2239 863 medium
2271 811 2539 865 hauserit.
2579 813 2642 865 Et
2682 819 3074 894 tameu‘vlrum
3119 829 3224 872 tam
3267 819 3578 888 pulchrum,

1989 909 2102 956 tam
2131 900 2348 967 fortem,
2387 906 2609 973 propria
2659 905 2832 975 ipsius
2864 924 3024 974 uxor,
3071 921 3330 980 tauquam
3362 912 3575 964 hostem

1988 997 2278 1068 allophylis
2328 999 2587 1068 prodidit.
2636 1000 3008 1066 Quamobrem
3081 1004 3184 1057 hoc
3235 1004 3330 1056 tibi
3372 1019 3400 1055 a
3446 1019 3577 1072 pro-

2013 1088 2173 1158 pheta
2233 1092 2552 1160 prtecipilur
2603 1096 2693 1148 :A
2741 1095 2964 1164 conjuge
3009 1103 3099 1147 (na
3133 1109 3280 1155 cave,
3335 1111 3397 1146 ne
3424 1094 3578 1162 quid—

289 1180 411 1234 τῶν
443 1181 637 1249 ἑζογων
666 1179 881 1233 αὑτοῦ.

2001 1195 2150 1247 7nam
2183 1183 2232 1232 ei
2285 1184 2636 1237 commendes.
2694 1185 2846 1240 Cedo
2900 1187 2988 1241 die
3021 1187 3177 1247 mihi,
3226 1203 3348 1255 quae
3391 1188 3572 1239 bellua

292 1273 560 1327 adversus
623 1288 830 1325 marem
885 1289 1048 1327 suum
1096 1271 1370 1342 ejusmodi
1423 1269 1633 1339 aliquid
1687 1269 1876 1322 molita
1916 1271 2211 1338 est?Qu-.e
2237 1273 2493 1329 dracaena
2538 1277 2829 1348 conjugem
2893 1295 3051 1332 suum
3122 1279 3306 1332 studet
3371 1279 3577 1331 interli-

293 1365 452 1417 cere?
486 1364 614 1428 Qua:
648 1365 816 1418 leaena
864 1365 1174 1418 masculum
1221 1379 1386 1417 suum
1421 1363 1489 1416 ad
1524 1362 1728 1416 czedem
1766 1363 1971 1416 tradit?
2039 1363 2202 1421 Vides
2271 1383 2436 1437 quam
2499 1371 2750 1439 apposite
2818 1372 3090 1441 sapientia
3134 1371 3336 1424 dixerit
3372 1389 3384 1422 :
3456 1367 3577 1420 Νυη

293 1467 372 1512 est
403 1471 561 1527 caput
601 1476 759 1526 super
807 1471 966 1528 caput
1006 1462 1288 1528 serpentis,
1335 1469 1382 1513 et
1465 1476 1566 1511 non
1610 1467 1688 1513 est
1759 1459 1970 1514 malitia
2010 1476 2169 1529 super
2212 1463 2478 1516 malitiam
2519 1465 2781 1519 mulieris.
2831 1463 3008 1533 Atque
3048 1474 3107 1518 ut
3157 1465 3209 1516 iu
3246 1479 3460 1517 summa
3493 1462 3575 1514 ιΙι-

297 1567 442 1613 cam,
494 1552 586 1620 qui
622 1552 930 1621 improbam
979 1567 1205 1606 uxorem
1259 1552 1444 1613 habet,
1489 1551 1622 1604 illud
1687 1553 1926 1614 noverit,
2008 1570 2068 1606 se
2113 1553 2228 1622 jam
2296 1555 2650 1622 iniquitatum
2705 1574 2934 1612 suarum
3001 1558 3306 1613 mercedem
3367 1559 3576 1615 tulisse.

306 1645 450 1699 Audi
519 1645 664 1698 enim
721 1643 857 1713 quid
916 1660 1139 1700 rursum
1189 1643 1475 1714 Scriptura
1528 1645 1889 1714 pronuntiet:
1933 1642 2132 1698 Mulier
2158 1647 2301 1699 mola
2332 1647 2512 1716 iniquo
2538 1648 2759 1703 dabitur
2797 1653 2851 1704 in
2885 1655 3183 1718 portionem
3252 1669 3346 1720 pro
3409 1659 3581 1723 operi-

295 1743 391 1796 bus
431 1743 598 1795 illius.

381 1835 680 1904 Ἀφόρητὸς
707 1835 824 1887 ἐστι
855 1834 993 1904 γυνὴ
1021 1821 1457 1903 κολακευομένη,
1500 1834 1597 1904 τὴν
1628 1833 1753 1902 ὄψιν
1779 1831 1888 1885 ὥσ·
1921 1848 1961 1900 η

297 1946 404 1996 περ
433 1926 674 1997 λειμῶνα
697 1926 1068 1991 διανοίζουσα,
1097 1927 1355 1990 ποικίλως
1372 1926 1499 1996 φύει
1527 1926 1624 1988 τὰς
1656 1925 1888 1996 παρειάς

297 2022 734 2090 ἐρυθραίνουσα·
797 2019 990 2090 ἀμύλῳ
1046 2037 1125 2085 τε,
1160 2020 1434 2090 οἰνανϐίῳ,
1464 2018 1743 2089 φαϐατίῳ,
1795 2018 1890 2070 καὶ

294 2113 587 2182 cete-map
616 2113 678 2162 τὸ
702 2115 991 2181 πρόσωπον
1013 2113 1393 2177 λευκαίνουσα,
1419 2114 1511 2167 καὶ
1544 2113 1735 2183 μέλανι
1765 2113 1890 2176 τοὺς

295 2201 615 2269 ὀφθαλμοὺς
678 2200 1104 2270 ὑπογράφουσα·
1161 2206 1384 2271 χρυσοῖς
1433 2203 1487 2256 δὲ
1538 2205 1768 2274 κόσμοις
1797 2204 1889 2256 τὸν

298 2291 570 2360 τράχηλον
593 2292 786 2360 αὐτῆς,
802 2292 900 2354 τὰς
927 2293 1136 2362 χεῖρας,
1154 2294 1248 2346 καί
1269 2294 1365 2356 τὰς
1391 2295 1587 2364 τρίχας
1611 2295 1888 2348 καλλωπί-

297 2383 493 2445 ζουσα,
530 2384 624 2434 καὶ
661 2383 757 2452 τὴν
794 2384 1044 2454 μαλακὴν
1093 2385 1267 2454 αὐτῆς
1322 2386 1528 2456 ἐσθῆτα
1580 2389 1888 2458 μυρίσμασι

295 2473 580 2540 διαφόροις
613 2474 972 2536 καπνίζουσα.
1009 2477 1166 2528 Ἔστι
1192 2477 1248 2528 δὲ
1272 2476 1442 2545 παγὶς
1487 2478 1886 2548 Θανατηφὸρος,

298 2561 390 2613 διὰ
421 2562 611 2615 πασῶν
661 2563 768 2616 τῶν
799 2564 1106 2634 αἰσθήσεων
1155 2567 1444 2633 ἀπάγουσα
1490 2567 1580 2620 τὸν
1620 2567 1761 2628 νέον,
1791 2565 1890 2637 τὴν

300 2651 404 2718 μὲν
432 2653 555 2721 ὄψιν
586 2656 648 2705 ὲκ
673 2654 767 2706 τού
808 2656 1138 2724 φαινομένου
1190 2658 1583 2728 καλλωπισμοῦ
1609 2698 1622 2722 ,
1685 2658 1784 2729 τὴν
1832 2657 1889 2710 δὲ

296 2745 474 2812 ἀκοὴν
500 2748 619 2807 ταῖς
656 2747 951 2815 μαλακίαις
988 2749 1330 2816 μαγεύουσα.

376 2835 518 2906 Γυνὴ
547 2836 607 2889 τὸ
633 2837 927 2904 ὑποζύγιον
955 2839 1016 2891 τὸ
1043 2839 1234 2903 κακὸν,
1283 2842 1310 2891 6
1344 2841 1562 2911 σκώληξ
1592 2843 1620 2894 6
1653 2844 1888 2914 συρόμε-

294 2943 415 2992 νος,
443 2930 472 2980 6
505 2927 712 2993 ἔνοικος
741 2930 835 2983 τοῦ
866 2932 1063 3002 Ἀδὰμ,
1095 2933 1191 2986 τοῦ
1217 2933 1448 3002 ψεύδους
1479 2935 1511 3004 ἠ
1538 2935 1808 3006 Θυγάτηρ,
1858 2940 1889 3008 ἡ

297 3018 522 3090 φυλακὴ
570 3019 667 3073 τοῦ
718 3023 1068 3093 παραδείσου,
1101 3024 1194 3077 τοῦ
1238 3019 1814 3099 Ἇδάμήὲκϐλητρία,
1861 3031 1890 3081 6

297 3111 566 3181 πολέμιος
597 3112 838 3184 ὄλεθρος,
871 3117 902 3184 ἡ
935 3115 1104 3186 ἔχθρα
1138 3117 1239 3186 τῆς
1272 3119 1518 3189 εἰρήνης.

379 3203 453 3254 Οὐ
478 3201 554 3272 τῷ
583 3201 723 3272 ξύλῳ
748 3204 776 3254 6
799 3205 929 3267 Θεὸς

298 3294 405 3347 καὶ
434 3296 693 3365 πονηροῦ,
733 3296 855 3349 οὔτε
891 3299 1276 3369 κατεκρέμασε
1309 3300 1371 3352 τὺ
1401 3301 1618 3369 λογικὸν
1644 3303 1739 3355 τοῦ
1763 3303 1892 3356 ἀλό-

298 3405 429 3454 γου.
464 3389 505 3440 Τ
507 3388 537 3441 ὸ
560 3389 666 3460 γὰρ
710 3391 874 3459 φυτὸν
905 3391 1099 3460 ἄλογον
1122 3433 1136 3457 ,
1175 3395 1202 3445 6
1229 3393 1285 3446 δὲ
1327 3393 1613 3463 ἄνθρωπος
1654 3397 1890 3464 λογικός.

299 3480 424 3532 Ούκ
445 3475 512 3549 ἦν
538 3481 597 3532 τὸ
629 3481 785 3545 ξύλον
814 3482 981 3537 καλοῦ
1018 3485 1110 3536 καὶ
1143 3484 1384 3555 πονηροῦ
1416 3485 1536 3554 ἕχον
1573 3487 1798 3554 γνῶσιν.
1831 3489 1894 3541 Εἰ

294 3571 366 3622 δὲ
399 3571 458 3624 τὸ
485 3571 640 3635 ξύλον
670 3569 784 3643 εἶχε
821 3575 1024 3642 γνῶσιν
1051 3576 1293 3642 πάντως,
1327 3578 1421 3630 καὶ
1461 3579 1679 3647 λογικὸν
1715 3580 1894 3649 ὑπῆρ-

297 3677 426 3729 χεν,
461 3662 587 3728 ἔδει,
637 3665 737 3736 τῆς
791 3666 930 3730 Εὔας
981 3668 1251 3740 ἀπιούσης
1299 3668 1484 3722 λαϐεῖν
1529 3669 1623 3722 τοῦ
1653 3670 1893 3740 καρποῦ,

296 3756 483 3807 εἰπεῖν
512 3756 570 3809 τὸ
594 3757 812 3828 δένδρον
843 3760 978 3830 πρὸς
1007 3761 1104 3830 τὴν
1130 3764 1360 3829 γυναῖκα
1381 3781 1392 3792 ·
1413 3763 1476 3816 Τί
1499 3765 1693 3829 ποιεῖς,
1717 3765 1850 3832 γυνή
1875 3781 1890 3828 ;

297 3847 485 3911 θέλεις
514 3849 579 3902 ἐκ
604 3851 694 3901 τοῦ
720 3850 933 3920 καρποῦ
967 3869 1067 3922 μου
1099 3855 1431 3921 γεύσασθαις
1466 3855 1542 3927 μὴ
1576 3857 1777 3927 φάγῃς,
1807 3856 1894 3908 ἵνα

304 3941 390 4010 μὴ
429 3942 728 4015 ἀποθάνῃς.
771 3945 926 3998 Κατά
978 3948 1212 4016 σεαυτῆς
1249 3946 1430 4016 βούλει
1486 3965 1556 4016 με
1595 3951 1888 4019 τρυγῆσαι.

301 4033 502 4105 Τέρπῃ
543 4053 647 4104 μου
683 4035 762 4106 τῷ
801 4038 1018 4108 καρπῷ,
1055 4039 1192 4092 ἀλλὰ
1237 4038 1463 4102 θάνατος
1491 4039 1761 4107 ἔγκειται.
1799 4039 1892 4108 Μὴ

302 4126 420 4193 ’γάρ
448 4126 547 4177 οὐκ
579 4125 726 4195 ἔχεις
773 4126 834 4191 ἐξ
879 4121 954 4180 ὧν
994 4127 1174 4201 φάγῃς
1199 4146 1212 4192 ;
1239 4129 1303 4180 Τί
1331 4126 1425 4181 οὖν
1453 4129 1551 4181 οὐκ
1591 4128 1891 4192 ἀπολαύεις

299 4214 630 4277 ἀκινδύνως,
665 4216 780 4268 ἀλλ’
807 4217 1093 4287 ὲπιουμεῖς
1117 4218 1409 4289 ὀ).εορί‹ι›ς;
1440 4219 1636 4283 θέλεις,
1677 4219 1892 4272 καλέσω

300 4307 403 4358 ’ξὺν
429 4307 598 4377 ἄνδρα
627 4325 743 4371 σου,
775 4310 869 4362 καὶ
909 4311 1048 4362 εῖπω
1069 4311 1167 4380 τὴν
1197 4311 1396 4376 πρᾶξίν
1429 4328 1544 4377 σου,
1563 4313 1650 4365 ἵνα
1684 4315 1892 4386 μισησῃ

302 4401 410 4468 τὴν
446 4399 668 4471 γνώμην
693 4419 820 4468 σου;
866 4402 981 4455 Ἵνα
1014 4403 1079 4456 σὺ
1107 4404 1369 4474 τερφοῇς,
1398 4406 1607 4467 ἐκεῖνος
1634 4405 1894 4474 ἀφανίζε-

299 4510 431 4545 ται’
469 4495 555 4547 ἵνα
600 4496 663 4548 σὺ
698 4496 899 4568 φάγῃς,
929 4498 1136 4561 ἐκεῖνος
1191 4497 1557 4566 ἀποθνήσκειο
1597 4498 1691 4550 ἵνα
1715 4498 1780 4550 σὺ
1816 4497 1894 4566 τῷ

303 4584 434 4651 ὄφει
481 4585 913 4657 προσομιλήσης,
962 4589 1167 4650 ἐκεῖνος
1197 4586 1292 4640 τοῦ
1315 4587 1452 4640 Θεοῦ
1486 4587 1890 4658 ἀλλοτριοῦται.
1927 4573 1971 4626 ί)

325 4676 466 4729 Ἀλλ’
494 4676 648 4730 οὐδὲν
697 4678 900 4731 τούτων
929 4675 1052 4731 εἷπε
1100 4679 1158 4731 τὸ
1183 4678 1420 4748 δένδρον.
1451 4680 1551 4732 Διά
1590 4679 1675 4746 τί;
1726 4680 1808 4733 ὅτι
1831 4683 1890 4734 οὐ

313 4770 536 4838 μετεῖχε
567 4769 752 4836 λόγου,
796 4769 932 4824 ἀλλά
963 4769 1128 4838 νόμον
1175 4771 1496 4833 ἐϐάσταζεν.
1535 4771 1749 4840 Ὥσπερ
1784 4771 1894 4841 γὰρ

313 4859 523 4928 βιϐλίον
566 4859 870 4930 ὁλόγραφον
903 4861 962 4913 οὐ
997 4861 1297 4929 φθέγγεται
1340 4861 1409 4912 δι’
1452 4863 1640 4925 αὑτοῦ,
1665 4862 1816 4915 λαλεῖ
1837 4863 1894 4915 δὲ

309 4949 404 5000 διὰ
432 4949 540 5002 τῶν
567 4951 624 5002 ἐν
647 4949 816 5019 αὐτῷ,
849 4950 993 5003 οὕτω
1022 4952 1115 5004 καὶ
1146 4953 1206 5003 τὸ
1243 4951 1459 5020 δένδρον
1485 4953 1605 5005 ἀντὶ
1635 4955 1896 5025 γραμμά-

309 5055 424 5091 των
451 5039 542 5092 τὸν
563 5040 728 5110 νόμον
764 5041 1145 5110 προεϐάλλετο.
1170 5043 1328 5095 Ποῖον
1345 5042 1540 5111 νόμον;
1570 5045 1707 5098 Ἀπὸ
1739 5058 1893 5097 παν-

310 5135 419 5196 τὸς
440 5133 632 5196 ξύλου
658 5133 763 5186 τοῦ
799 5135 1118 5201 γινώσκειν
1146 5135 1338 5189 καλὸν
1384 5137 1482 5190 καὶ
1514 5138 1784 5205 πονηρὸν
1821 5139 1894 5190 οὺ

311 5223 580 5292 φάγεσθε
605 5225 706 5278 ἀπ’
728 5226 936 5279 αὐτοῦ.
971 5223 1053 5297 τῌ
1076 5227 1128 5278 δ’
1162 5227 1240 5280 ἂν
1273 5229 1462 5296 ἡμέρᾳ.
1483 5230 1730 5297 φάγητε,
1789 5234 1894 5284 θοι-

309 5316 472 5378 νάτῳ
506 5317 928 5372 ἀποθανεῖσθε.
978 5319 1042 5370 Τί
1095 5315 1188 5371 οὖν
1239 5323 1267 5372 6
1293 5321 1564 5388 Μωῢσῆς;
1593 5320 1797 5388 λεγέτω
1825 5321 1894 5373 τὰ

310 5407 608 5461 ἀκόλουθα.
643 5409 750 5461 Καὶ
779 5406 950 5462 εἶπεν
984 5411 1018 5463 ὀ
1055 5410 1222 5475 Θεὸς,
1267 5414 1339 5464 οὐ
1365 5413 1558 5467 καλὸν
1591 5408 1744 5465 εἶναι
1790 5413 1895 5465 τὸν

310 5499 632 5567 ἄνθρωπον
651 5501 848 5568 μόνον
869 5519 880 5528 ·
929 5503 1277 5571 ποιήσωμεν
1303 5503 1464 5568 αὐτῷ
1499 5505 1733 5570 βοηθὸν
1766 5508 1893 5559 κατ’

308 5589 522 5642 αὐτόν.
550 5590 774 5659 Βοηοὺν,
801 5591 900 5642 ούκ
922 5592 1276 5662 ἀνδροκτόνον
1294 5610 1306 5624 ·
1335 5593 1549 5662 βοηθὸν,
1582 5594 1642 5645 οὐ
1667 5593 1891 5647 πλάνον·

313 5680 532 5752 βοηθὸν,
567 5682 668 5734 οὐκ
695 5683 1010 5736 έπίὸουλονι
1047 5686 1260 5754 βοηθὸν,
1290 5687 1388 5738 οὐκ
1425 5686 1726 5738 ἀντίδικον·
1764 5687 1893 5756 βοηυ

311 5775 430 5830 υὸν.
465 5776 562 5844 οὐχ
621 5777 761 5845 ὑπὲρ
806 5778 999 5830 αύτὸνο
1062 5779 1180 5832 κατ’
1229 5777 1409 5841 αὑτὸν,
1441 5778 1500 5829 οὐ
1535 5779 1651 5830 κατ’
1703 5779 1887 5833 αὑτοῦ.

311 5861 422 5918 Καὶ
451 5863 668 5916 ἔλασεν
703 5867 733 5916 ό
754 5865 895 5930 Θει’ς
923 5867 1026 5919 τίν
1053 5866 1383 5935 ἄγκη-ωπον,
1405 5867 1589 5936 amab),
1618 5865 1688 5919 ἓν
1710 5867 1892 5920 ἔπλα-

989 3206 1285 3275 ὲχαρίσατο
1316 3207 1415 3277 τὴν
1463 3209 1669 3274 γνῶσιν
1720 3209 1888 3265 καλοῦ
1921 3200 1962 3256 C

2067 1827 2256 1896 Ejusd.
2293 1859 2358 1868 —
2396 1829 2763 1887 lntoierabilis
2809 1839 2891 1888 est
2945 1833 3140 1886 mulier
3173 1849 3292 1903 qua:
3321 1842 3577 1887 assenta-

1995 1921 2236 1973 tionibus
2301 1921 2674 1990 demulcetur,
2745 1939 2870 1992 qua:
2947 1925 3158 1977 vultqu
3210 1926 3387 1979 instar
3437 1928 3575 1994 prati

1995 2013 2166 2065 variis
2201 2012 2431 2068 ﬂoribus
2464 2022 2720 2078 exornat,
2762 2032 2883 2084 quae
2917 2030 3087 2086 genas
3116 2018 3282 2072 stibio
3319 2019 3579 2073 rubicun-

1993 2105 2092 2159 das
2124 2103 2327 2167 reddit,
2365 2121 2486 2173 qua:
2534 2106 2720 2160 amido
2753 2115 2806 2161 et
2839 2125 3038 2164 cerusa
3095 2109 3288 2165 faciem
3329 2113 3573 2174 dealbat,

1992 2213 2113 2267 qua:
2156 2205 2468 2251 atramento
2531 2198 2710 2267 pingit
2782 2201 2997 2266 oculos,
3055 2219 3179 2271 quae.
3230 2205 3574 2258 ornamentis

1993 2293 2177 2346 aureis
2226 2293 2457 2357 collum,
2501 2300 2556 2346 et
2597 2309 2820 2359 manus,
2853 2306 2910 2350 et
2943 2312 3158 2352 comam
3215 2299 3572 2357 condecorat.

1991 2393 2047 2436 et
2081 2385 2296 2437 mollem
2332 2395 2540 2440 vestem
2575 2403 2732 2440 suam
2760 2389 3026 2444 odoribus
3072 2392 3240 2445 variis
3275 2391 3576 2460 perfundit.

1994 2473 2090 2526 Est
2123 2484 2382 2543 prteterea
2418 2478 2671 2546 laqueus,
2716 2481 2986 2538 exitiosus
3020 2484 3280 2552 juvenem
3319 2500 3415 2553 per
3455 2501 3580 2538 om—

1995 2581 2091 2620 nes
2129 2582 2325 2622 sensus
2353 2569 2657 2635 abducens,
2692 2580 2856 2640 atque
2898 2583 3010 2627 tum
3054 2575 3225 2644 ipsius
3259 2578 3450 2630 oculos
3487 2592 3582 2644 per

1994 2668 2275 2722 ornatum,
2329 2675 2491 2728 quem
2549 2663 2908 2730 spectandum
2969 2665 3197 2732 praebet,
3252 2673 3367 2718 tum
3417 2682 3580 2721 aures

1998 2764 2093 2817 per
2127 2765 2446 2804 sermonum
2482 2750 2782 2807 blanditias
2811 2753 2961 2807 velut
2991 2754 3306 2810 incautans.

2070 2841 2262 2895 Mulier
2333 2844 2647 2912 jumeutum
2731 2845 2961 2909 malum,
3058 2848 3262 2901 vermis
3331 2856 3579 2916 reptans,

1997 2935 2187 2988 Adami
2261 2937 2700 3003 contubernalis,
2771 2939 3040 2992 mendacii
3124 2938 3252 3002 tilia,
3329 2943 3580 2995 custodia

1998 3028 2262 3096 paradisi,
2293 3029 2571 3099 expullrix
2631 3029 2853 3096 Adami,
2889 3031 3068 3085 hostis
3108 3032 3448 3100 perniciosa,
3485 3050 3579 3102 pa—

1994 3121 2074 3172 cis
2105 3119 2346 3177 inimica.

2073 3208 2212 3264 Dens
2237 3212 2361 3265 boni
2397 3219 2452 3266 et
2484 3214 2611 3266 mali
2655 3213 2950 3268 scientiam
3007 3214 3152 3284 ligno
3188 3230 3296 3268 non
3335 3216 3582 3285 praebue-

2001 3310 2107 3364 rat,
2141 3318 2242 3356 nec
2273 3319 2384 3357 rem
2416 3305 2628 3359 ratione
2652 3305 2969 3373 praeditam,
2993 3322 3059 3360 ex
3084 3321 3150 3360 eo
3181 3307 3329 3375 quod
3363 3309 3580 3361 ratione

1998 3396 2246 3457 carebat,
2305 3397 2548 3466 pendere
2575 3397 2848 3451 voluerat.
2883 3396 3062 3450 Arbor
3109 3399 3317 3467 quippe
3354 3399 3580 3452 carebat

1999 3487 2208 3540 ratione
2241 3503 2253 3536 :
2290 3488 2455 3541 homo
2490 3504 2622 3542 vero
2650 3488 2864 3541 ratione
2896 3488 3184 3556 prteditus.
3217 3486 3336 3541 Non
3367 3503 3429 3542 ea
3460 3497 3578 3541 erat

1998 3577 2183 3644 arbor,
2218 3584 2275 3630 ut
2307 3578 2432 3632 boni
2470 3587 2524 3632 et
2554 3579 2679 3632 mali
2714 3578 3000 3633 scientiam
3038 3578 3292 3633 haberet.
3319 3577 3417 3632 Sin
3445 3595 3578 3634 vero

1997 3667 2208 3737 lignum
2261 3671 2493 3724 scientia
2538 3673 2868 3726 instructum
2915 3673 3134 3735 fuisset,
3165 3673 3326 3740 plane
3352 3686 3576 3741 quoque

1999 3761 2198 3816 fuisset
2250 3762 2516 3816 rationale
2552 3781 2564 3817 :
2623 3771 2789 3832 atque
2830 3779 2955 3817 cum
3002 3762 3110 3816 Eva
3143 3763 3208 3817 ad
3245 3763 3576 3816 sumendum

1999 3856 2235 3907 h'urtuin
2270 3869 2329 3908 se
2363 3861 2730 3921 compararet,
2757 3853 3043 3909 debuisset
3065 3855 3233 3907 arbor
3263 3854 3350 3909 his
3366 3852 3431 3907 ad
3456 3869 3576 3908 eam

1996 3945 2181 3999 verbis
2241 3945 2358 3999 uti:
2418 3943 2558 4009 Quid
2613 3946 2766 4014 agis,
2835 3945 3082 4000 mulier?
3143 3946 3272 4014 quid
3336 3946 3576 3999 fructum

1998 4053 2179 4090 uumm
2221 4037 2382 4106 cupis
2409 4047 2631 4106 gustare
2649 4039 2676 4089 ?-
2717 4053 2781 4091 ne
2819 4037 3150 4097 comederis.
3186 4053 3253 4090 ne
3295 4038 3574 4090 moriaris.

1998 4130 2052 4182 lu
2099 4130 2177 4180 tui
2235 4129 2536 4198 perniciem
2590 4130 2673 4183 vis
2704 4145 2790 4185 me
2839 4131 3161 4200 decerpere.
3213 4128 3418 4183 Fructu
3454 4145 3576 4182 meo

1995 4221 2321 4275 delectaris:
2364 4236 2552 4275 verum
2597 4221 2725 4275 huic
2761 4237 2909 4275 mors
2957 4221 3178 4275 insidet.
3222 4221 3420 4274 Annon
3477 4220 3574 4272 ha-

1998 4311 2094 4363 bes
2126 4311 2332 4378 quibus
2363 4311 2641 4364 vescaris?
2691 4310 2837 4376 Quid
2873 4325 3006 4378 ergo
3032 4327 3098 4364 ex
3137 4310 3202 4364 iis
3235 4311 3445 4377 absque
3480 4327 3576 4378 pe-

1998 4399 2174 4452 rieulo
2237 4415 2345 4454 non
2400 4415 2610 4465 sumas,
2659 4399 2752 4453 sed
2804 4415 2866 4453 ea
2920 4401 3136 4469 appetis
3174 4415 3297 4469 qum
3343 4401 3573 4454 exitium

1998 4491 2268 4544 aderant?
2301 4489 2396 4546 Vis
2447 4491 2703 4550 maritum
2757 4501 2908 4546 tuum
2961 4507 3264 4557 accersam,
3310 4503 3577 4562 tuumque

2001 4585 2048 4636 ei
2081 4583 2294 4638 facinus
2327 4599 2622 4653 exponam,
2656 4593 2716 4638 ut
2745 4586 3085 4639 voluntatem
3122 4594 3269 4637 tuam
3313 4585 3440 4637 odio
3476 4585 3575 4637 ha-

2000 4675 2154 4728 beat?
2182 4674 2247 4729 Ut
2276 4684 2329 4728 tu
2363 4677 2646 4741 comedas,
2671 4677 2763 4730 ille
2793 4676 3062 4741 moritur;
3094 4687 3152 4730 ut
3180 4685 3234 4729 tu
3255 4677 3571 4737 delecteris,

1999 4765 2091 4818 ille
2137 4766 2632 4835 exstinguitur;ut
2686 4775 2740 4820 tu
2795 4783 2923 4820 cum
2985 4776 3242 4835 serpente
3299 4767 3573 4834 colloquia

1999 4857 2253 4919 misceas,
2295 4858 2386 4911 ille
2431 4858 2648 4913 alienus
2696 4874 2725 4912 a
2763 4857 2872 4912 Deo
2922 4858 3176 4913 ellicitur.
3211 4857 3278 4910 At
3310 4858 3446 4910 nihil
3480 4859 3575 4910 bo-

1999 4965 2117 5003 rum
2160 4950 2325 5004 arbor
2370 4951 2554 5003 locuta
2594 4958 2699 5004 est.
2734 4951 2877 5015 Quid
2928 4950 3113 5004 istud?
3155 4950 3284 5018 quia
3341 4951 3574 5004 rationis

1997 5055 2196 5106 erpers
2227 5049 2368 5104 erat,
2401 5041 2494 5093 sed
2547 5043 2718 5110 legem
2765 5049 2980 5095 tantum
3028 5042 3302 5111 gestabat.
3337 5041 3471 5096 Nam
3506 5043 3576 5096 si-

1996 5142 2094 5184 cut
2133 5132 2292 5195 liber,
2321 5133 2413 5201 qui
2449 5141 2597 5186 totus
2640 5133 2990 5202 conscriptus
3035 5143 3141 5197 est,
3176 5134 3310 5188 nihil
3354 5148 3424 5188 ex
3484 5150 3575 5186 se-

1999 5225 2119 5293 ipso
2149 5226 2416 5294 loquitur,
2466 5228 2711 5295 loquitur
2773 5241 2904 5280 vero
2947 5243 3052 5295 per.
3093 5242 3156 5281 ea
3203 5243 3321 5294 qua:
3363 5226 3417 5279 in
3451 5227 3572 5293 ipso

1998 5327 2160 5371 sunt:
2196 5321 2266 5371 ita
2303 5334 2528 5388 quoque
2576 5318 2742 5373 arbor
2781 5333 2884 5384 pro
2925 5320 3126 5372 litteris
3171 5319 3342 5387 legem
3379 5318 3570 5385 pnet'e—

1999 5411 2169 5464 rebat.
2207 5410 2381 5475 Quam
2433 5427 2560 5464 vero
2608 5411 2827 5480 legem?
2870 5410 2940 5464 De
2987 5412 3127 5481 ligno
3188 5412 3422 5464 scientia:
3449 5409 3571 5462 boni

1997 5511 2046 5554 et
2099 5501 2223 5553 moli
2274 5519 2335 5554 ne
2367 5502 2675 5555 comedetis.
2709 5501 2770 5554 In
2800 5518 3110 5570 quacunque
3151 5503 3286 5555 enim
3320 5502 3406 5555 die
3430 5518 3572 5554 com-

1996 5593 2213 5646 ederitis
2244 5633 2257 5652 ,
2309 5602 2476 5646 ntorte
2557 5594 2855 5647 moriemini
2913 5593 3096 5661 (Gen.
3140 5610 3199 5656 ιι,
3259 5596 3375 5661 l7).
3427 5593 3569 5657 Quid

1998 5685 2165 5753 igitur
2225 5685 2472 5753 Moyses?
2535 5686 2684 5738 dicat
2752 5701 2874 5754 qua:
2925 5693 3250 5754 sequuntur.
3315 5683 3379 5735 Et
3431 5683 3569 5734 dixit

1999 5777 2182 5830 Dens:
2223 5778 2342 5830 Non
2392 5786 2468 5830 est
2530 5781 2719 5830 bonum
2767 5777 3029 5831 hominem
3082 5793 3194 5830 esse
3234 5775 3443 5828 solum;
3486 5777 3569 5840 (a-

1998 5870 2200 5920 r‘mnus
2251 5871 2297 5921 ci
2349 5867 2662 5937 atljntrit‘cm
2693 5869 2916 5923 similent
2956 5869 3055 5923 sibi
3092 5866 3268 5935 (Ibid.
3299 5865 3422 5933 l8).
3454 5862 3568 5919 Ad-
