3960 6416
338 421 475 485 1333

1566 407 1804 468 SACRA
1841 404 2304 464 PARALLELA.

3492 394 3620 462 1334

414 552 431 583 ι
459 529 622 599 Ψυχὴ
643 529 701 581 ὲν
725 527 1008 597 πλησμονῇ
1029 519 1188 583 οὖσα,
1222 520 1432 590 κηρίοις
1457 518 1719 589 ἐμπαίζει
1739 533 1753 547 ’
1778 516 1909 586 ψυχῇ

2036 510 2202 583 5,16
2246 511 2425 564 Prov.
2481 526 2652 571 xxv",
2690 511 2741 565 7.
2788 539 2857 549 ——
2895 524 2914 559 ι
2978 508 3169 562 Anima
3226 516 3473 563 saturata
3533 508 3618 557 la-

339 624 398 676 δὲ
436 621 628 685 ἐνδεεῖ,
659 620 752 672 καὶ
774 620 844 670 τὰ
869 616 1041 687 μικρά
1073 614 1280 682 γλυκέα
1312 613 1583 682 φαίνεται.
1631 630 1649 663 ι

411 816 430 849 ι
474 795 570 859 ’Ὁς
606 793 1002 863 κατασπαταλᾷ
1029 794 1093 845 ὲκ
1122 791 1331 856 παιδὸς,
1364 789 1580 862 οἰκέτης
1603 788 1779 843 ἔσται.
1818 807 1837 840 ι

409 992 425 1023 ι
483 973 566 1025 Ἐν
597 975 663 1043 τῇ
693 970 872 1042 κοιλίᾳ
898 971 1184 1040 ἐπτὲρνισε
1212 969 1304 1023 τὸν
1325 968 1557 1039 ἀδελφὸν
1582 966 1769 1031 αὐτοῦ,
1812 969 1915 1022 ἰα-

276 1060 287 1075 “
333 1064 467 1116 κώό.
516 1083 534 1115 ι

406 1176 424 1209 ι
467 1155 607 1209 Οὐαὶ¹
630 1156 680 1207 οί
709 1156 1046 1225 ἐγειρόμενοι
1070 1155 1145 1223 τῷ
1170 1158 1336 1227 πρωῒ,
1363 1156 1455 1209 καὶ
1479 1155 1540 1209 τὸ
1573 1155 1765 1226 σίκερα
1787 1155 1911 1208 διώ-

329 1267 538 1312 κοντες,
594 1251 645 1301 οἱ
703 1246 959 1318 μένοντες
992 1247 1053 1301 τὸ
1079 1248 1208 1317 ὐψέί
1252 1249 1310 1302 'O
1363 1248 1472 1319 γὰρ
1522 1243 1663 1311 οἶνος
1714 1249 1911 1311 αὐτοὺς

330 1338 647 1407 συγκαύσει.
685 1359 703 1390 ι

403 1451 419 1481 ι
453 1431 660 1494 Πάντες
688 1433 737 1485 ot
765 1431 857 1484 τὸν
881 1426 1025 1486 οἶνον
1061 1431 1331 1496 πίνοντες,
1366 1429 1842 1501 αίσχυνθήσονται.
1883 1448 1901 1480 ι

402 1632 419 1661 ι
470 1592 885 1681 Ἑπλανήθησαν
907 1611 996 1665 διὰ
1023 1612 1085 1664 τὸ
1112 1611 1327 1680 σίκερα,
1368 1610 1546 1681 ἱερεὺς
1580 1609 1673 1664 καὶ
1695 1610 1906 1679 προφή-

323 1716 422 1771 της
444 1720 456 1734 ι
487 1702 786 1773 ἐξέστησαν
812 1702 900 1756 διά
924 1701 1014 1755 τὸν
1040 1696 1205 1755 οἶνον.
1244 1719 1263 1752 ι

402 1902 419 1933 ι
461 1884 787 1948 Στενάζουσι
841 1885 1041 1949 πάντες
1086 1885 1137 1937 οἱ
1187 1885 1608 1955 εὐφραινόμενοι
1659 1885 1759 1953 τὴν
1804 1885 1906 1953 qm-
1938 1875 1977 1929 Β

322 1974 443 2043 χήν.
482 1993 500 2024 ι

401 2086 418 2117 ι
463 2066 724 2119 Ἐκάλεσε
775 2067 979 2136 Κύριος
1003 2069 1061 2119 ἐν
1088 2071 1155 2138 τῇ
1199 2068 1381 2139 ἡμέρᾳ
1413 2068 1599 2140 ἐκείνῃ
1627 2068 1907 2139 κλαυθμὸν

325 2159 421 2211 καὶ
453 2159 707 2221 κοπετὸν,
743 2158 974 2229 εὑρησιν
1011 2161 1104 2212 καὶ
1135 2158 1303 2223 ζῶσιν
1359 2159 1609 2212 σάκκων·
1644 2160 1800 2214 αὐτοὶ
1850 2161 1907 2213 δὲ

322 2252 647 2322 ἐποιήσαντο
699 2239 1062 2321 εὐφροσύνην,
1118 2250 1467 2318 είσφάζοντες
1519 2254 1774 2321 μόσχους,
1813 2254 1908 2307 καὶ

322 2343 547 2407 θύοντες
573 2343 842 2414 πρόϐατα,
874 2342 1143 2411 λέγοντες,
1200 2341 1472 2412 Φάγωμεν
1513 2342 1609 2396 καὶ
1657 2343 1903 2415 πίωμεν⁶

322 2432 517 2504 αὔριον
551 2433 660 2502 γὰρ
680 2428 1119 2505 ἀποθνήσκομεν.
1166 2453 1185 2486 ι

400 2546 418 2577 ι
456 2527 521 2578 Ol
556 2525 828 2590 ἐσθίοντες
862 2526 959 2590 τὰς
992 2526 1225 2597 τρυφάς,
1254 2526 1636 2598 ἠφανίσθησαν
1677 2529 1735 2581 ἐν
1784 2531 1905 2593 ταῖς

319 2617 525 2683 ἐξόδοις
548 2634 562 2648 ’
591 2620 639 2671 οἱ
671 2617 1053 2689 τιθηνούμενοι
1088 2621 1180 2673 ἐπὶ
1226 2619 1446 2687 κόκκον,
1483 2620 1907 2692 περιεϐάλλοντο

322 2708 575 2780 κοπρίαν.
619 2727 639 2760 ι

400 2822 419 2854 ι
467 2802 673 2856 Ὀπίσω
709 2802 817 2856 τῶν
840 2803 1146 2869 ἐπιθυμιῶν
1173 2821 1266 2858 σου
1289 2804 1366 2876 μὴ
1389 2806 1644 2877 πορεύου,
1672 2808 1766 2861 καὶ
1796 2807 1906 2861 ἀπὸ

317 2894 430 2947 τῶν
456 2893 689 2965 ὀρέξεών
721 2911 815 2948 σου
846 2894 1076 2950 κωλύου.
1120 2897 1246 2951 Ἐάν
1284 2899 1602 2970 χορηγήσῃς
1636 2902 1704 2970 τῇ
1755 2900 1902 2971 ψυχῇ

317 2999 419 3035 σου
450 2983 702 3038 εὐδοκίαν
736 2984 1052 3055 ἐπιθυμίας,
1089 2988 1335 3059 ποιήσεις
1364 2990 1651 3060 ἐπίχαρμα
1695 2991 1905 3063 ἐχθρῶν

318 3092 438 3127 σου.
479 3095 497 3126 Ι

401 3188 420 3274 ζ
455 3167 547 3238 Μὴ
582 3169 875 3241 εὐφραίνου
903 3170 1000 3223 ἐπὶ
1049 3172 1218 3244 πολλῇ
1254 3177 1459 3247 τρυφῇ.
1493 3176 1732 3247 Στρόφος
1766 3184 1909 3249 μετὰ
1933 3216 1998 3274 α

315 3258 518 3329 ἀνδρὸς
541 3260 845 3331 ἀπλήστου.
874 3260 1101 3326 Κοιλίας
1128 3262 1329 3335 ὄρεξις,
1357 3267 1450 3320 κα)⁵
1480 3272 1901 3342 συνουσιασμὸς,

317 3352 400 3421 μή
436 3369 503 3421 με
536 3350 1015 3407 καταλαόἐτωσαν.
1052 3373 1070 3405 ι

399 3548 418 3580 ι
462 3530 553 3600 Μὴ
578 3530 924 3598 ἀπληστεύου
949 3532 1007 3584 ἐν
1035 3533 1185 3606 πάσῃ
1208 3539 1411 3606 τρυφῇ.
1451 3538 1537 3593 Ἐν
1560 3540 1775 3606 πολλοῖς
1799 3547 1907 3615 γὰρ

313 3621 610 3691 βρώμασιν
640 3622 795 3675 ἔσται
827 3623 1000 3687 νόσος.
1058 3625 1224 3697 ’Δνὴρ
1255 3625 1472 3697 βλέπων
1502 3632 1584 3695 είς
1626 3634 1907 3704 τράπεζαν

311 3712 631 3784 ἀλλοτρίαν,
655 3714 756 3767 οὐκ
780 3713 929 3767 ἐστιν
950 3715 1116 3768 αὐτοῦ
1151 3718 1180 3769 ὁ
1197 3717 1308 3788 βίος
1332 3722 1389 3774 ἐν
1417 3721 1665 3796 λογισμῷ
1691 3726 1856 3797 ζωῆς.
1882 3747 1899 3778 ι

400 3918 417 3948 ι
444 3899 582 3952 Οὐαὶ
606 3898 757 3968 ύμῖν,
774 3902 824 3953 oi
844 3900 1412 3971 ἐμπεπλησμένοι,ὂτι
1440 3905 1750 3960 πεινάσετε.
1771 3909 1907 3961 Οὐαὶ

301 3990 470 4058 ὑμῖν,
499 3991 547 4044 et
578 3987 868 4059 γελῶντες,
895 3991 976 4045 ὅτι
1005 3990 1304 4064 πενθήσετε
1329 3996 1422 4048 καὶ
1450 3995 1739 4051 κλαύσετε.
1774 4017 1793 4050 ι

398 4182 417 4213 ι
461 4169 773 4240 Προσέχετε
808 4170 1045 4236 ἑαυτοῖς,
1107 4173 1321 4243 μήποτε
1373 4173 1527 4245 ὐμῶν
1562 4172 1907 4244 βαρυνθῶσιν

302 4263 380 4317 al
400 4263 620 4333 καρδίαι
649 4265 709 4317 ἐν
744 4264 1028 4337 κραιπάλῃ
1052 4266 1149 4318 καὶ
1172 4264 1334 4339 μέθῃ.
1386 4266 1682 4337 μερίμναις
1732 4268 1910 4339 βιωτιι

304 4356 470 4420 καῖς,
502 4354 593 4408 καὶ
622 4356 904 4423 αἰφνιδίως
933 4358 1061 4427 ὑμῖν
1087 4357 1282 4427 ἐπιστῇ
1365 4359 1549 4430 ήμέρα
1573 4360 1779 4433 ἐκείνη.
1821 4364 1907 4427 Ὠς

305 4447 494 4515 παγὶς
542 4448 826 4502 ἐλεύσεται
878 4450 973 4502 ἐπὶ
1030 4451 1240 4516 πάντας
1274 4452 1400 4514 τοὺς
1448 4454 1794 4524 καθημένους
1813 4457 1906 4508 ἐπὶ

304 4538 618 4608 πρόσωπον
653 4540 833 4611 πάσης
854 4541 954 4609 τῆς
984 4542 1108 4611 γῆς.
1142 4561 1161 4594 ι

401 4651 420 4683 ι
452 4632 750 4703 Ἐθρέψατε
778 4634 876 4697 τὰς
902 4633 1127 4705 καρδίας
1161 4634 1338 4705 ὐμῶν,
1366 4635 1440 4699 ὡς
1462 4637 1519 4689 ἐν
1554 4637 1734 4709 ἡμέρᾳ
1764 4655 1905 4708 σφα-

306 4722 446 4791 γῆς.
489 4743 506 4773 ι

403 4834 421 4867 ι
459 4817 598 4880 Τοὺς
625 4816 854 4887 ἐχθροὺς
881 4817 973 4870 τοῦ
1000 4818 1257 4889 σταυροῦ,
1279 4812 1353 4873 ὧν
1380 4821 1439 4873 τὸ
1460 4820 1609 4882 τέλος
1638 4821 1902 4884 ἀπώλεια,

309 4900 399 4963 ὧν
431 4909 458 4962 ὁ
488 4907 618 4970 Θεὸς
655 4909 687 4978 ἠ
731 4907 937 4971 κοιλία,
983 4910 1128 4979 καὶὴ
1157 4910 1284 4976 δόξα
1331 4912 1388 4963 ἐν
1431 4915 1498 4981 τῇ
1547 4912 1780 4984 αἰσχύνῃ
1812 4901 1933 4965 αὐδ

308 5014 454 5052 των.
500 5017 517 5047 Ι
612 5036 615 5037 ν

404 5110 421 5141 ι
456 5090 547 5160 Μή
590 5106 672 5153 τις
722 5090 954 5162 πόρνος,
989 5089 1021 5160 ἦ
1072 5089 1297 5159 βέϐηλος
1342 5091 1416 5153 ὡς
1459 5092 1649 5151 Ἡσαῦ,
1686 5092 1746 5155 ὃς
1784 5094 1907 5146 ἀντὶ

320 5179 584 5252 βρώσεως
623 5182 753 5251 μιᾶς
790 5182 1020 5236 ἀπέδοτο
1046 5182 1114 5234 τὰ
1142 5183 1483 5253 πρωτοτόκια
1517 5183 1703 5239 αὐτοῦ.
1756 5205 1774 5236 ι

397 5359 765 5424 Εὐεκτοῦντος
811 5358 905 5413 καὶ
948 5356 1310 5428 ὑπερζέοντός
1369 5372 1464 5408 σου
1509 5355 1601 5409 τοῦ
1656 5354 1912 5426 αἵματος,

317 5451 552 5523 ἀφορμὴ
602 5450 740 5523 πρὸς
791 5447 1066 5521 ἁμαρτίαν
1096 5448 1130 5518 ἡ
1160 5447 1505 5517 πολυσαρκία
1534 5444 1765 5516 γίνεται.
1822 5446 1913 5514 Μὴ

318 5543 593 5600 κολάκευέ
631 5560 726 5596 σου
770 5543 830 5595 τὸ
870 5542 1033 5613 σῶμα
1075 5540 1296 5604 ὐπνοις,
1341 5539 1437 5592 καὶ
1485 5539 1765 5611 λουτροῖς,
1819 5539 1913 5592 καὶ

323 5638 594 5701 μαλακοῖς
644 5636 955 5708 στρώμασι,
996 5635 1085 5689 ἀεὶ
1116 5634 1387 5705 ἐπιλέγων
1435 5632 1495 5686 τὸ
1527 5632 1680 5705 ῥῆμα
1724 5632 1910 5687 τούτου

327 5734 425 5797 Τίς
446 5730 702 5799 ὠφέλεια
721 5731 791 5785 ἐν
817 5727 894 5796 τῷ
921 5731 1128 5798 αἵματί
1153 5747 1294 5799 μου,
1325 5729 1395 5783 ἐν
1424 5727 1505 5793 τῷ
1530 5728 1915 5781 καταϐαίνειν

210 5870 217 5873 ,
319 5840 396 5891 με
430 5825 515 5889 εἱς
549 5821 916 5892 διαφθορὰη
945 5822 1010 5876 Τί
1042 5822 1324 5894 περιέπεις
1355 5822 1415 5875 τὸ
1452 5820 1646 5893 μικρὸν
1688 5819 1915 5892 ὕστερον

2031 616 2126 657 vos
2168 600 2419 656 irridebit
2454 618 2467 655 :
2503 601 2700 654 anima:
2757 616 2884 654 vero
2933 600 3202 654 esurienti
3231 639 3244 663 ,
3290 599 3405 668 ipsa
3479 610 3619 663 quo-

2028 707 2135 762 que
2162 705 2352 745 amara
2378 690 2560 744 dulcia
2605 688 2884 743 videntur.
2922 708 2938 739 ι

2097 784 2258 838 Prov.
2289 799 2444 848 xux,
2477 783 2567 837 21.
2598 813 2665 823 —-
2695 801 2712 834 ι
2767 781 2870 846 Qui
2906 781 3195 836 deiiciatur
3229 796 3257 832 a
3292 796 3487 850 puero,
3526 774 3609 828 fa-

2025 876 2209 931 mulus
2232 878 2358 932 erit.
2392 895 2411 928 ι

2096 968 2228 1027 Osee
2289 985 2425 1035 xm,
2455 970 2583 1023 5.-
2616 988 2634 1018 ι
2668 965 2725 1019 In
2759 973 2952 1020 ventre
2981 965 3356 1034 supplantavit
3379 964 3604 1020 fratrem

2021 1076 2237 1126 suum,»
2262 1060 2434 1116 Jacoh
2451 1061 2683 1116 scilicet.
2715 1078 2733 1110 ι

2090 1152 2208 1207 Im.
2246 1171 2299 1217 ν,
2352 1154 2439 1209 ll.
2467 1183 2536 1192 —
2574 1170 2593 1203 ι
2626 1150 2721 1205 Vae
2748 1151 2841 1222 qui
2874 1150 3212 1220 consurgitis
3253 1149 3519 1209 diluculo,
3552 1158 3606 1201 et

2019 1246 2251 1301 siceram
2305 1243 2614 1308 sectamini,
2637 1243 2729 1313 qui
2770 1240 3113 1311 exspectatis
3153 1255 3436 1309 vesperam
3466 1240 3478 1292 l
3510 1238 3601 1290 Vi-

2028 1352 2160 1392 num
2194 1337 2339 1391 cnim
2364 1352 2459 1391 eos
2500 1336 2775 1389 incendet.
2815 1353 2834 1385 ι

2090 1427 2200 1483 Ιδα.
2243 1444 2368 1482 xxiv
2408 1468 2422 1492 ,
2486 1428 2541 1481 θ.
2592 1459 2657 1467 -ο
2693 1424 2946 1483 «Omnes
2999 1425 3093 1496 qui
3144 1422 3343 1478 bibunt
3396 1420 3598 1482 vinum,

2015 1519 2448 1574 eonfundcntur.
2489 1539 2508 1571 ι

2087 1611 2205 1666 Ιδα.
2237 1627 2428 1675 xxviii,
2466 1611 2520 1663 7.
2550 1642 2616 1653 —-
2648 1630 2666 1661 ι
2705 1610 3049 1665 lirraverunt
3084 1616 3310 1677 propter
3362 1603 3597 1658 siceram

2016 1702 2275 1757 sacerdos
2312 1710 2365 1756 et
2432 1702 2694 1772 propheta
2732 1721 2743 1756 :
2787 1700 3110 1756 exciderunt
3164 1705 3348 1753 mente
3375 1702 3599 1767 propter

2016 1794 2226 1848 vinum.
2267 1813 2284 1846 ι

2082 1884 2195 1939 lsa.
2235 1903 2381 1952 xxiv,
2416 1888 2467 1940 7.
2506 1918 2571 1926 ——-
2604 1905 2621 1937 ι
2662 1885 3042 1955 lngemiscunt
3084 1897 3281 1938 omnes
3313 1879 3410 1952 qui
3444 1880 3595 1954 laeta-

2011 1979 2212 2033 bantur
2249 1978 2455 2033 animo.
2497 1998 2514 2028 ι

2083 2070 2199 2124 lsa.
2229 2087 2365 2130 xxii.
2401 2070 2485 2123 12.
2519 2100 2583 2111 -
2621 2089 2639 2120 ι
2671 2060 2907 2124 Vocavit
2945 2069 3218 2123 Dominus
3259 2068 3311 2121 in
3357 2067 3447 2121 die
3501 2065 3595 2119 illa

2010 2162 2287 2234 planctum
2328 2175 2381 2218 et
2407 2164 2613 2226 ﬂetum,
2670 2162 2959 2217 calvitium
2993 2170 3048 2217 et
3079 2159 3371 2230 cingulum
3405 2160 3591 2214 sacci.

2006 2253 2117 2324 Ipsi
2157 2264 2337 2308 autent
2360 2252 2613 2310 fecerunt
2640 2252 3080 2321 jocunditatem,
3101 2251 3425 2322 jngulantes
3453 2250 3595 2304 vitu-

2005 2347 2112 2412 los,
2158 2355 2213 2402 et
2247 2348 2601 2402 immolantes
2630 2361 2794 2412 oves;
2830 2346 3085 2402 dicentes
3120 2364 3134 2401 :
3186 2344 3591 2399 Manducemus

2006 2446 2060 2492 et
2095 2438 2350 2493 bibamus
2383 2458 2394 2494 :
2437 2454 2565 2493 cras
2595 2439 2746 2494 enim
2783 2439 3111 2509 moriempr.
3163 2456 3181 2489 ι

2064 2528 2281 2595 J‘hi'cn.
2322 2547 2398 2595 iv,
2435 2530 2490 2585 5.
2536 2558 2602 2569 —~
2631 2550 2649 2580 ι
2679 2526 2781 2594 Qui
2827 2529 3194 2585 vescebantur
3240 2527 3591 2597 voluptuose,

2004 2621 2266 2678 exstincti
2317 2630 2447 2676 sunt
2490 2623 2542 2674 in
2593 2620 2837 2675 exitibus
2889 2621 3103 2674 viarum
3156 2620 3294 2690 :qui
3357 2618 3594 2673 delicate

2007 2711 2393 2764 nutriebantur
2432 2709 2485 2763 in
2519 2724 2705 2774 croco,
2743 2708 3036 2777 amplexati
3069 2717 3199 2764 sunt
3224 2715 3488 2762 stercora.
3538 2725 3558 2757 ι

2080 2800 2247 2855 Ercli.
2293 2817 2448 2865 xvul,
2485 2802 2574 2854 '50.
2606 2831 2673 2839 —
2699 2820 2715 2849 ι
2751 2798 2884 2854 Post
2923 2799 3419 2869 concupiscentias
3465 2805 3591 2852 luas

2007 2910 2076 2948 ne
2109 2906 2225 2958 cas,
2260 2900 2315 2947 ct
2347 2908 2376 2946 ιι
2407 2890 2809 2960 cupiditatibus
2850 2892 2962 2946 tuis
2993 2890 3234 2945 abstine.
3272 2890 3327 2944 Si
3356 2896 3588 2959 praestes

2007 2987 2205 3040 anima:
2241 2993 2348 3040 tuae
2378 2983 2525 3056 quod
2549 2984 3021 3053 concupiscentia
3055 2976 3448 3054 complacitum
3480 2994 3588 3048 ρει,

2009 3076 2184 3131 facies
2221 3076 2486 3147 gaudium
2527 3075 2771 3131 inimicis
2796 3077 2925 3131 tuis.
2978 3095 2997 3125 ι
3489 3121 3497 3128 .

2090 3167 2253 3222 Eccli.
2278 3183 2425 3232 xxxi,
2455 3167 2525 3221 2O
2555 3184 2569 3233 ;
2597 3183 2753 3235 χχιιι,
2776 3168 2809 3221 6
2830 3183 2849 3231 ;
2870 3165 3256 3229 xxxvii,29.—
3286 3186 3304 3217 ι
3336 3165 3414 3221 Ne
3439 3166 3592 3221 oblc-

2013 3262 2181 3316 cteris
2208 3259 2262 3314 in
2307 3260 2494 3315 multis
2525 3260 2764 3315 deliciis.
2808 3259 3049 3315 Tortura
3086 3267 3173 3315 est
3201 3274 3327 3313 cum
3355 3258 3474 3311 viro
3503 3259 3591 3311 in-

2009 3352 2214 3407 frunito
2253 3358 2308 3406 et
2355 3351 2698 3422 inexplebili.
2753 3351 3211 3423 Concupiscentia
3267 3352 3500 3414 ventris,
3536 3360 3591 3405 et

2007 3442 2358 3508 concubitus,
2388 3457 2457 3497 nc
2476 3442 2945 3513 comprehendant
2982 3460 3086 3499 ine.
3130 3462 3147 3492 ι

2084 3533 2250 3589 Eccli.
2289 3550 2376 3602 ιιι,
2404 3535 2496 3601 29,
2530 3534 2619 3589 50.
2664 3565 2734 3575 -
2770 3555 2789 3588 ι
2819 3534 2897 3591 Ne
2922 3544 2974 3591 te
2999 3536 3308 3608 ingurgites
3335 3540 3389 3593 in
3417 3540 3565 3593 omni

2009 3628 2111 3682 bus
2136 3626 2369 3682 deliciis.
2401 3624 2459 3681 in
2493 3628 2681 3684 multis
2705 3627 2854 3684 enim
2884 3628 3031 3684 cibis
3063 3629 3171 3683 erit
3212 3631 3463 3684 morbus.
3494 3627 3589 3682 Vir

2008 3718 2311 3788 respiciens
2351 3718 2404 3771 in
2442 3734 2692 3774 mensam
2747 3719 3009 3785 alienam,
3038 3735 3149 3774 non
3199 3729 3285 3776 est
3311 3724 3421 3775 vita
3464 3723 3588 3789 ejus

2008 3806 2065 3863 in
2095 3810 2429 3881 cogitatione
2459 3810 2695 3865 vietus.i

2076 3899 2208 3956 Luc.
2237 3918 2314 3969 vi,
2345 3900 2517 3956 25η-
2540 3923 2559 3954 ι
2588 3900 2677 3956 Vae
2704 3903 2853 3959 vobis
2876 3903 2969 3972 qui
2998 3906 3227 3959 saturati
3260 3906 3417 3969 estis,
3461 3896 3589 3974 quia

2005 3992 2288 4048 esurietis.
2334 3991 2427 4047 Vae
2469 3993 2623 4048 vobis
2658 3993 2753 4062 qui
2797 3992 3017 4059 ridetis,
3054 3994 3185 4065 quia
3244 3994 3505 4063 lugebitis
3530 4003 3586 4047 et

2006 4082 2234 4140 ίιεδίιίε.
2275 4103 2293 4134 ι

2077 4172 2212 4228 Luc.
2244 4190 2361 4237 xxi,
2389 4172 2479 4229 54.
2508 4205 2578 4213 —
2606 4192 2624 4224 ι
2660 4173 2941 4229 Attendite
2975 4174 3151 4240 vobis,
3187 4191 3257 4231 ne
3288 4176 3430 4231 forte
3462 4193 3589 4247 gra-

2006 4272 2206 4320 ventur
2237 4265 2402 4319 corda
2428 4274 2605 4321 vestra
2647 4265 2895 4336 crapula,
2926 4273 2982 4321 et
3027 4266 3311 4334 ebrietate,
3343 4276 3397 4322 et
3438 4269 3588 4323 curis

2006 4355 2173 4426 hujus
2198 4356 2345 4418 vitae,
2375 4363 2429 4409 et
2453 4366 2676 4424 repente
2744 4357 3101 4425 superveniat
3130 4358 3287 4413 vobis
3314 4358 3437 4413 dies
3471 4361 3582 4412 illa.

2007 4446 2294 4518 Tanquam
2330 4446 2560 4516 laqueus
2593 4446 2739 4502 enim
2775 4449 3131 4517 superveniet
3166 4448 3220 4502 in
3253 4464 3445 4505 omnes
3492 4454 3584 4520 qui

1930 4553 1973 4610 ι)
2004 4539 2199 4595 sedent
2228 4554 2395 4608 super
2440 4539 2632 4594 faciem
2672 4547 2890 4595 terrm.»

2081 4630 2201 4685 Jac.
2238 4646 2287 4696 ν,
2316 4631 2366 4685 5.
2408 4664 2474 4672 -—
2511 4652 2528 4682 ‹
2570 4632 2875 4688 Enutristis
2901 4632 3074 4688 corda
3109 4644 3311 4700 vestra,
3339 4642 3397 4687 ut
3428 4635 3587 4690 indie

2010 4721 2327 4777 oci-isionis.
2375 4740 2392 4772 ι

2084 4810 2230 4866 Phil.
2263 4828 2347 4874 ιιι,
2382 4809 2465 4865 l8.
2498 4843 2564 4850 —
2594 4830 2610 4861 ι
2642 4810 2908 4867 inimicos
2940 4811 3147 4877 crucis,
3184 4828 3421 4881 quorum
3457 4817 3584 4871 linis

2008 4905 2283 4971 interitus,
2340 4920 2573 4976 quorum
2616 4904 2755 4958 deus
2792 4912 2982 4959 venter
3031 4916 3135 4973 est,
3198 4915 3251 4961 et
3302 4908 3469 4977 gloria
3528 4910 3583 4965 in

2009 4996 2331 5052 confusione
2356 4996 2627 5066 ipsorum.
2671 5016 2688 5046 ι

2084 5088 2251 5143 Hebr.
2287 5105 2382 5153 xu,
2420 5087 2507 5142 16.
2532 5120 2600 5130 ——
2638 5108 2653 5138 ι
2683 5088 2758 5142 Ne
2798 5088 2925 5159 quis
2965 5089 3287 5155 fornicator,
3326 5101 3419 5147 aut
3457 5107 3584 5161 pro-

2010 5183 2169 5235 fanus
2206 5192 2265 5236 ut
2288 5183 2453 5248 Esau,
2488 5182 2581 5252 qui
2614 5197 2714 5252 pro
2740 5184 2901 5237 unico
2930 5184 3056 5239 cibo
3085 5184 3331 5239 vendidit
3382 5188 3585 5257 primo-

2008 5274 2190 5344 genita
2216 5289 2337 5328 sua.
2377 5294 2395 5323 ι

2079 5358 2256 5415 Basil.
2291 5362 2343 5415 iu
2376 5365 2514 5428 psal.
2551 5380 2661 5419 nx.
2695 5395 2763 5405 ——
2822 5365 2966 5422 Bene
3012 5383 3069 5423 se
3121 5369 3375 5433 habente,
3406 5379 3460 5423 et
3494 5388 3556 5424 su

2008 5466 2103 5520 pra
2132 5451 2353 5506 modum
2381 5454 2680 5511 ehulliente
2709 5458 2976 5527 sanguine
3001 5473 3068 5514 ex
3092 5460 3360 5515 obesitate
3383 5469 3439 5514 et
3468 5478 3584 5515 enr-

2006 5541 2276 5609 pulcntia,
2326 5542 2588 5608 peccandi
2619 5544 2842 5600 occasio
2902 5545 3273 5602 contrahitur.
3318 5547 3580 5609 (Iavesis.

2006 5647 2073 5685 ne
2131 5633 2349 5703 corpori
2392 5642 2488 5688 tuo
2521 5633 2845 5701 blandiaris,
2888 5638 3120 5703 somnis,
3159 5638 3505 5710 balneisque,
3533 5647 3583 5693 et

2005 5726 2265 5782 mollibus
2296 5730 2558 5799 stragulis
2592 5730 2772 5802 ipsum
2802 5720 3075 5793 deliniens
3119 5755 3131 5791 :
3171 5734 3303 5806 quin
3324 5735 3428 5789 hoc
3452 5734 3581 5789 εστι-

2005 5829 2119 5875 ιιιιιι
2158 5836 2375 5892 semper
2408 5823 2599 5880 accine
2638 5843 2648 5881 :
2727 5843 2809 5882 ua:
2842 5827 3049 5884 utilitas
3083 5830 3135 5884 in
3163 5830 3419 5901 sanguine
3445 5842 3576 5895 meo,
