3960 6392
513 378 649 444 1335

1651 381 1713 441 S-
1753 378 2077 441 JOANNIS
2113 379 2552 444 DAMASCENI

3614 388 3721 459 i376

510 492 639 544 dum
671 489 935 547 descendo
960 492 1015 547 in
1068 492 1467 562 corruptionem
1492 490 1733 562 2(I’sal.
1778 506 1934 558 xxix,
1961 490 2031 546 10
2049 489 2089 560 )¹

2203 495 2807 568 καταφθαρησόμενονς
2857 496 2910 550 τί
2953 496 3334 561 aetatulast;
3384 500 3619 569 σεαυτὸν,
3651 509 3725 563 καὶ

507 583 652 648 Quid
692 583 826 638 illud
857 583 1030 652 foves,
1052 585 1200 656 quod
1236 585 1402 658 paulo
1433 592 1559 657 post
1586 587 1942 641 interiturum
1972 582 2098 639 est?

508 674 639 742 q‘uid
677 677 910 744 lcipSllm
942 677 1204 748 pinguem
1232 683 1288 733 et
1319 678 1704 748 corpulentum
1742 674 1931 732 reddis
1953 676 1981 727 ἲ
2011 676 2095 728 An

511 780 560 821 te
587 762 754 842 fugit,
781 768 926 840 quod
949 777 1161 840 quanto
1179 768 1517 826 crassiorem
1541 782 1768 824 carnem
1789 778 1942 823 tuam
1970 766 2098 822 red~

508 862 740 935 dideris,
774 868 931 918 tanto
984 862 1216 935 gravius
1242 863 1442 917 animae
1472 869 1583 918 tuae
1617 861 1894 917 struxeris
1937 873 2113 931 erga:

507 959 713 1014 stulum
741 958 765 1013 ?
789 954 1082 1025 Quomodo
1114 957 1263 1013 enim
1303 964 1562 1013 terrenus
1602 965 1657 1013 et
1711 954 1958 1011 carnalis
1994 953 2095 1009 lto-

507 1066 598 1104 mo
632 1048 994 1106 conﬁtebitur
1055 1048 1190 1114 Deo,
1217 1055 1274 1105 et
1298 1049 1592 1104 veritatem
1624 1048 1804 1119 ipsius
1866 1062 2091 1103 annun-

506 1141 707 1196 tiahit?
734 1141 829 1212 qui
882 1156 952 1196 ne
970 1140 1343 1212 percipienda:
1392 1140 1616 1212 quidem
1651 1139 1924 1196 doctrina:
1954 1146 2097 1197 tem-

509 1234 663 1304 poris
707 1232 920 1305 aliquid
983 1232 1297 1304 impertiat,
1341 1239 1396 1287 et
1423 1233 1477 1287 iu
1511 1240 1667 1287 tanta
1709 1232 1900 1288 carnis
1951 1232 2097 1288 mole

505 1324 796 1381 confusam
847 1331 1086 1380 mentem
1128 1324 1348 1380 habeat.

579 1411 773 1483 Ejusd.
809 1445 880 1455 —
911 1412 1147 1470 Sursum
1192 1414 1475 1486 quondam
1513 1413 1759 1470 Adamus
1788 1422 1933 1483 erat,
1982 1429 2093 1470 non

508 1506 654 1572 luco,
717 1504 810 1560 sed
846 1503 1012 1576 417
1063 1506 1231 1560 animi
1286 1505 1626 1561 inductione.
1680 1504 1881 1561 Statim
1937 1521 2093 1573 vero,

506 1614 632 1653 cum
694 1597 844 1652 omni
899 1599 1186 1669 voluptate
1248 1597 1518 1664 aﬂlueret,
1572 1614 1639 1656 ex
1699 1601 1994 1655 saturitate
2037 1601 2096 1657 in

505 1689 869 1761 petulantiam
926 1690 1077 1757 ruit;
1130 1688 1354 1762 quippe,
1394 1691 1490 1761 qui
1539 1690 1645 1747 hoc
1689 1691 1837 1763 qttod
1871 1693 2094 1750 carneis

504 1782 688 1838 oculis
740 1797 1022 1838 amomum
1092 1783 1410 1851 videbatur,
1463 1784 1800 1856 intelligibili
1856 1785 1936 1840 illi
1967 1785 2092 1856 pul-

504 1874 815 1930 chritudini
846 1878 1253 1945 anteposuerit,
1284 1882 1343 1931 et
1362 1876 1554 1931 carnis
1598 1875 1896 1948 ingluviem
1923 1877 2093 1947 spiri-

502 1968 755 2025 tualibus
829 1969 1253 2025 oblectamentis
1318 1967 1785 2039 praestabiliorem
1846 1967 2092 2025 duxerit.

504 2058 628 2126 Quo
659 2059 862 2114 factum
896 2069 1007 2127 est,
1053 2068 1112 2116 ut
1141 2059 1438 2116 confestim
1466 2076 1498 2116 e
1532 2061 1818 2132 paradiso,
1846 2076 1878 2117 e
1910 2061 2094 2129 beato,

505 2155 759 2226 inquam,
806 2155 899 2210 illo
952 2163 1125 2224 statu,
1160 2156 1492 2214 exturbatus
1516 2156 1623 2223 sit;
1656 2156 1837 2213 malus
1866 2156 2093 2228 quidem

503 2245 709 2311 factus,
742 2261 851 2301 non
886 2247 1245 2314 necessitate,
1276 2247 1373 2304 sed
1400 2247 1798 2320 imprudentia.

580 2336 771 2408 Ejusd.
802 2338 946 2394 Imm.
989 2338 1069 2393 De
1087 2340 1263 2409 jejun.
1293 2372 1365 2382 —
1388 2339 1595 2397 Venter
1640 2342 1784 2398 cibis
1837 2352 2094 2409 onustus,

502 2443 618 2483 non
652 2428 835 2484 dicam
871 2430 937 2485 ad
970 2446 1221 2497 cursum,
1266 2431 1360 2488 sed
1406 2448 1474 2488 ne
1523 2432 1589 2488 ad
1619 2448 1936 2490 sermonem
1971 2432 2097 2506 qui-

482 2507 633 2576 ~dem
660 2531 822 2593 aptus
875 2534 981 2580 est.
1033 2524 1296 2580 Ciborum
1329 2526 1534 2598 quippe
1589 2527 1747 2598 copia
1791 2541 2096 2600 oppressus

503 2627 635 2669 cum
667 2614 763 2683 sit,
799 2630 869 2671 ne
903 2616 1111 2672 sinitur
1139 2616 1363 2687 quidem
1409 2619 1723 2689 quiescere,
1764 2619 1861 2676 sed
1890 2619 2098 2676 multas

503 2706 564 2761 in
601 2714 890 2779 utramque
919 2715 1131 2779 partem
1165 2709 1572 2767 conversiones
1611 2712 1827 2781 cogitur
1854 2711 2091 2769 edicere.

583 2795 724 2853 Ibid.
756 2797 1052 2857 --Venter
1089 2801 1461 2859 inlldissimus
1507 2803 1562 2858 in
1600 2803 1953 2859 commerciis
1985 2811 2093 2870 est,

2199 605 2267 641 πε
2275 591 2557 661 ρισαρκοῖς
2576 608 2590 656 ;
2617 588 2819 663 Μούκῖ
2838 591 3175 660 ἁγνοεῖς.ὂτι
3196 593 3325 673 ὅσον
3351 597 3636 669 παχυτέραν
3650 602 3725 674 τὴν

2201 681 2384 754 σάρκα
2433 681 2630 738 ἑαυτοῦ
2675 684 2871 748 ποιεῖς,
2904 683 3149 756 τοσούτῳ
3199 684 3497 758 βαρύτερον
3523 693 3584 761 τῇ
3611 693 3727 769 ψυχῇ

2199 772 2638 838 κατασκευάζεις
2668 774 3050 844 δεσμωτήριον
3074 791 3091 840 ;
3121 773 3244 839 Πῶς
3278 776 3391 847 γάρ
3414 777 3444 829 δ
3468 780 3630 848 χοῖκδς
3655 781 3727 837 ἄν.

2198 863 2416 935 θρωπος
2459 867 2556 920 καὶ
2586 866 2846 938 σάρκινος
2893 867 3353 940 ἐξομολογήσεται
3390 869 3466 940 τῷ
3495 870 3619 943 Θεῷ,
3655 876 3728 929 καὶ

2197 958 2492 1029 ἀναγγελεῖ
2538 958 2641 1033 τήν
2698 960 2963 1033 ἀλήθειαν
2998 961 3163 1016 αὐτοῦ
3183 1002 3200 1028 ,
3248 963 3278 1017 ὁ
3308 963 3444 1035 μήτε
3491 964 3729 1037 μαθήμασι

2196 1047 2323 1114 δοὺς
2349 1049 2568 1122 καιρὸν,
2620 1050 2717 1104 καὶ
2747 1051 2807 1104 ἐν
2856 1052 3102 1123 τοσούτῳ
3130 1052 3290 1125 βάρει
3329 1052 3430 1125 τῆς
3463 1055 3729 1128 σαρκὺςτδν

2196 1138 2323 1196 νοῦν
2352 1142 2766 1214 συγκεχυμένον
2788 1142 2928 1215 ἔχων
2949 1163 2965 1211 ;

2268 1410 2378 1468 Ἦν
2408 1431 2543 1469 ποτε
2582 1415 2757 1485 ’Δδὰμ
2777 1414 2913 1480 ἄνω,
2939 1415 3001 1469 ού
3042 1415 3219 1487 τόπῳ,
3257 1414 3401 1470 ἀλλὰ
3427 1418 3493 1487 τῇ
3520 1419 3729 1489 προαιρέ-

2198 1524 2304 1562 σει.
2336 1507 2489 1578 Ταχὺ
2510 1506 2569 1561 δὲ
2601 1507 2785 1579 πάσης
2803 1506 3163 1573 ἀπολαύσεως
3179 1507 3538 1579 ἐμπλησθεὶς,
3562 1510 3730 1580 ἐξύϐρι-

2198 1614 2259 1651 σε
2287 1596 2367 1669 τῷ
2399 1598 2571 1671 κόρῳ,
2593 1599 2657 1652 τὸ
2683 1598 2853 1668 φανὲν
2880 1599 3114 1672 τερπνὸν
3142 1601 3261 1665 τοῖς
3279 1599 3555 1671 σαρκίνοις
3576 1601 3730 1671 ὀφθαλσ

2200 1686 2322 1754 μοῖς
2346 1685 2439 1739 τοῦ
2474 1686 2671 1758 νοητοῦ
2706 1688 3062 1760 προτιμήσας
3089 1688 3348 1753 κάλλους,
3390 1688 3487 1742 καί
3510 1688 3599 1760 τὴν
3629 1691 3730 1763 πλη-

2199 1777 2408 1848 σμονὴν
2443 1779 2546 1850 τῆς
2592 1779 2800 1852 σαρκὸς
2844 1779 2958 1835 τῶν
2997 1780 3394 1852 πνευματικῶν
3433 1781 3730 1841 ἀπολαύσεων

2196 1870 2536 1941 τιμιωτέραν
2557 1870 2807 1942 θέμενος.
2830 1872 2977 1938 Ἐξω
3002 1873 3102 1944 μὲν
3120 1872 3289 1937 εὐθὺς
3309 1870 3410 1928 τοῦ
3434 1874 3728 1945 παραδείσω,

2196 1957 2303 2025 ἔξω
2330 1960 2387 2015 δὲ
2409 1962 2511 2032 τῆς
2539 1964 2821 2035 μακαρίας
2849 1964 3066 2038 ἐκείνης
3088 1965 3395 2037 διαγωγῆς,
3419 1967 3517 2021 ούκ
3538 1968 3590 2035 ἐξ
3606 1968 3732 2038 ἀνάγο

2197 2071 2301 2125 κης
2335 2055 2530 2121 κακὸς,
2568 2056 2686 2110 ἀλλ’
2706 2057 2764 2125 ἐξ
2793 2057 3052 2123 ἀϐουλίας
3078 2060 3401 2131 γενόμενος.

2268 2325 2623 2400 Βαρυνομένη
2663 2330 2902 2402 γαστὴρ,
2943 2332 3043 2402 οὐχ
3067 2332 3217 2395 ὅπως
3244 2330 3391 2402 πρὸς
3419 2330 3624 2402 δρόμον,
3648 2328 3731 2384 ἀλλ’

2195 2416 2319 2472 ούδέ
2355 2418 2493 2490 πρὸς
2517 2417 2688 2476 ὕπνον
2720 2422 3027 2495 ἐπιτηδεία.
3062 2423 3213 2478 Διότι
3243 2421 3657 2495 καταθλιϐομένη
3678 2421 3732 2492 τῷ

2197 2510 2420 2583 πλήθει,
2443 2514 2565 2569 ούδέ
2609 2517 2845 2587 ἠρεμεῖν
2872 2519 3266 2591 συγχωρεῖται,
3298 2515 3440 2572 ἀλλὰ
3484 2513 3732 2583 ἀναγκάζε-

2196 2620 2288 2659 ται
2316 2604 2519 2671 πολλὰς
2547 2608 2820 2664 ποιεῖσθαι
2837 2609 2937 2676 τάς
2965 2594 3348 2682 περιστροφῖω
3402 2609 3487 2678 ἐφ’
3530 2607 3728 2678 ἑκάτερα.

2267 2796 2490 2868 Γαστὴρ
2520 2793 2898 2864 συναλλάκτης
2930 2789 3081 2845 ἐστὶν
3114 2787 3505 2851 ἀπιστότατος,
3559 2785 3731 2854 ταμεῖον

502 2891 736 2947 minime
758 2899 945 2948 tutum
976 2909 1146 2964 penu,
1179 2895 1332 2966 quod
1364 2895 1554 2951 multis
1584 2895 1640 2949 in
1674 2911 1735 2952 se
1767 2897 2089 2966 reconditis,

2195 2889 2531 2962 ἀφύλακτον·
2572 2884 2786 2942 πολλῶν
2834 2882 3231 2948 ἀποτεθέντων,
3258 2880 3367 2953 τὴν
3428 2878 3524 2950 μὲν
3576 2875 3732 2947 βλάϐην

502 2980 901 3039 detrimentum
950 2986 1176 3055 quidem
1229 2986 1488 3054 retineat,
1541 3001 1666 3059 quae
1725 3002 1858 3044 vero
1892 2987 2093 3045 tradita

503 3074 613 3131 sibi
656 3084 809 3142 sunt,
852 3076 1078 3132 minime
1105 3086 1310 3134 servet.

2196 2980 2684 3056 παρακατὲχουσα,
2710 2980 2780 3034 τὰ
2820 2974 3009 3050 μέντοι
3048 2972 3434 3047 παραδοθέντα
3485 2971 3542 3026 ού
3588 2966 3733 3024 διασώ-

2196 3076 2386 3140 ζουσα.

581 3166 778 3239 Ejttsd.
824 3169 969 3226 Imm.
1000 3168 1078 3225 De
1137 3170 1320 3242 jejun.
1358 3203 1425 3213 -—
1458 3171 1535 3227 Ne
1564 3170 1692 3227 Evae
1725 3172 2089 3246 inobsequen-

2268 3161 2363 3233 Μὴ
2405 3160 2623 3233 μιμήσῃ
2663 3159 2766 3230 τῆς
2794 3156 2942 3222 Εὔας
2977 3156 3443 3242 τὴνιπαρακοήνο
3498 3152 3568 3224 μὴ
3614 3148 3733 3246 πάλιν

503 3257 640 3313 tiam
672 3258 890 3315 imitere
926 3276 941 3313 :
982 3275 1052 3315 ne
1083 3267 1393 3332 serpentem
1447 3276 1644 3318 rursus
1690 3261 1762 3318 ad
1793 3263 2090 3320 consilium

505 3349 791 3417 adhibeas,
825 3359 887 3406 ut
927 3351 1268 3425 indulgendo
1294 3354 1475 3420 carni,
1503 3353 1689 3410 cibum
1728 3355 2015 3427 subjicias.

576 3441 722 3498 Ibid.
753 3474 824 3484 —
849 3442 1102 3501 Humana
1137 3460 1370 3518 corpora
1398 3447 1625 3505 assidua
1655 3448 2093 3522 ingurgitatione

501 3547 863 3608 praegravata,
900 3536 1067 3594 facile
1098 3546 1430 3612 merguntur
1462 3541 1893 3615 obruunturque
1921 3562 1936 3600 :
1969 3558 2092 3614 quae

503 3635 691 3684 autem
744 3628 849 3684 levi
902 3631 1168 3687 alimento
1221 3640 1475 3700 utuntur,
1504 3640 1625 3689 tum
1663 3634 1990 3706 impendens
2019 3651 2091 3692 ex

501 3720 706 3778 morbo
751 3721 956 3778 malum
1005 3730 1273 3795 tanquam
1320 3724 1581 3797 procellae
1637 3725 1906 3798 impetum
1954 3725 2093 3783 ellu-

504 3811 685 3882 giuut,
712 3819 825 3867 tum
853 3823 1180 3884 praesentem
1211 3817 1548 3885 molestiam,
1589 3832 1699 3875 non
1728 3833 1894 3876 secus
1926 3826 2093 3892 atque

503 3898 719 3970 scopuli
745 3900 1040 3972 cujusdam
1072 3903 1448 3962 incursionem
1481 3905 1752 3967 devitant.

576 3988 721 4048 Ibid.
760 3991 1140 4067 Quadraginta
1180 3996 1399 4053 dierum
1433 4002 1906 4071 perseverantiam
1938 4019 2089 4075 quos

501 4081 723 4154 Moyses
755 4084 849 4141 Dei
899 4102 1093 4144 servus
1128 4088 1439 4160 jejunando
1467 4100 1523 4148 et
1556 4093 1771 4150 orando
1805 4104 2093 4165 transege-

499 4184 614 4245 rat,
668 4176 971 4235 vinolentia
1033 4196 1145 4236 una
1193 4181 1604 4241 infructuosam
1654 4185 1916 4243 reddidit.
1950 4185 2088 4243 Nam

500 4282 645 4339 quas
688 4269 907 4326 tabulas
938 4271 1114 4344 digito
1164 4271 1260 4330 Dei
1310 4275 1661 4347 conscriptas
1687 4275 1964 4348 jejunium
1993 4293 2089 4334 ac-

500 4368 747 4432 ceperat,
791 4363 894 4420 ltas
943 4364 1185 4423 ebrietas
1233 4366 1528 4440 confregit,
1580 4368 1868 4442 indignum
1899 4370 2093 4429 existi-

498 4463 690 4510 mante
732 4455 1025 4527 propheta,
1075 4460 1341 4530 populum
1370 4459 1584 4515 ebrium
1618 4460 1712 4518 Dei
1746 4463 1962 4533 legibus
1998 4464 2085 4519 in-

496 4545 677 4602 stitui.
746 4545 929 4605 Unico
990 4550 1255 4621 temporis
1318 4559 1622 4619 momento,
1675 4555 1919 4625 populus
1971 4555 2086 4623 ille,

497 4638 592 4708 qui
628 4653 727 4709 per
755 4640 1101 4711 amplissima
1154 4642 1429 4698 miracula
1463 4642 1559 4700 Dei
1587 4645 1958 4717 cognitionem
1990 4661 2086 4702 ac-

495 4737 745 4801 ceperat,
787 4730 862 4787 ob
890 4721 1339 4803 gulositatem’in
1366 4732 1750 4806 Egyptiaeam
1774 4750 1905 4808 erga
1939 4736 2086 4793 idola

495 4823 792 4877 amentiam
817 4825 1146 4894 provolutus
1170 4820 1274 4880 est.
1296 4821 1546 4896 Utraque
1571 4826 1737 4884 simul
1767 4842 2043 4901 compone
2070 4849 2084 4885 :

493 4913 763 4969 nimirum
816 4929 929 4985 quo
962 4926 1131 4986 pacto
1179 4915 1457 4987 jejunium
1504 4917 1788 4975 hominem
1822 4920 2089 4976 concinet

495 5003 633 5072 Deo,
671 4998 728 5062 et
757 5014 951 5062 contra
983 5014 1146 5065 luxus
1186 5026 1423 5069 salutem
1459 5012 1777 5082 prostituat.

572 5096 719 5152 Ibid.
747 5128 817 5140 -υ
849 5096 1059 5154 Venter
1100 5099 1393 5171 liguriens,
1430 5103 1699 5174 poscendi
1736 5103 1903 5160 linem
1935 5120 2086 5160 nun-

499 5203 666 5261 quam
714 5189 842 5244 facit
884 5208 896 5243 :
929 5188 1091 5244 hodie
1132 5193 1359 5262 accipit,
1399 5203 1454 5249 et
1487 5209 1614 5250 cras
1648 5195 1939 5252 immemor
1977 5205 2083 5254 est.

497 5280 639 5337 Cum
691 5281 835 5337 cibis
878 5280 1120 5336 refertus
1158 5292 1264 5350 est,
1297 5285 1364 5340 de
1398 5289 1767 5356 temperantia
1813 5288 2081 5345 disserit:

497 5375 787 5432 inﬂatione
815 5390 949 5432 vero
987 5374 1264 5445 discussa,
1316 5378 1668 5436 decretorum
1707 5396 1939 5437 suorum
1972 5398 2084 5440 non

496 5469 848 5527 recordatur.

572 5561 719 5617 Ibid.
758 5556 1081 5634 Exemplum
1112 5562 1306 5620 divitis
1342 5562 1664 5621 reformida.
1704 5566 1860 5621 Illum
1895 5567 2082 5634 luxus,

498 5656 589 5713 cui
623 5669 720 5726 per
760 5669 980 5711 omnem
1016 5656 1185 5710 vitam
1219 5654 1476 5724 indulsit,
1519 5659 1574 5714 in
1604 5659 1784 5730 ignem
1820 5660 2083 5731 conjecit.

498 5746 689 5817 Neque
729 5745 879 5801 enim
930 5746 1222 5817 injustititc
1271 5747 1466 5814 ullius,
1510 5751 1606 5807 sed
1647 5751 1902 5807 mollitiei
1937 5751 2083 5808 dun-

500 5844 655 5890 taxat
688 5845 742 5892 et
766 5837 926 5893 luxus
964 5836 1262 5894 nominein
1300 5835 1517 5893 flamma
1558 5839 1764 5896 camini
1793 5838 2083 5897 excrucia-

499 5929 682 5985 batur.

2196 3252 2505 3325 σύμϐουλον
2532 3250 2819 3324 παραδέξῃ
2858 3248 2951 3304 τδν
2980 3248 3130 3319 ὅφιν,
3182 3248 3369 3318 φειδοῖ
3431 3248 3530 3318 τῆς
3576 3244 3731 3318 caput;

2191 3344 2293 3415 τὴν
2331 3343 2534 3416 βρῶσιν
2553 3340 2961 3413 ὑποτιθέμενος.

2265 3438 2348 3492 Τά
2368 3436 2479 3492 τῶν
2508 3433 2815 3509 ἀνθρώπων
2842 3433 3095 3507 σώματα,
3119 3434 3345 3504 συνεχεῖ
3375 3430 3476 3504 μέν
3502 3428 3574 3501 τῷ
3624 3425 3734 3496 κόρῳ

2193 3508 2679 3602 καταϐαρούμενα,
2702 3527 2943 3592 εὐκόλως
2969 3508 3280 3598 ὑποϐρύχια
3306 3523 3521 3594 γίνεται
3547 3537 3561 3553 ’
3587 3520 3731 3575 siletu-

2195 3623 2281 3677 λεῖ
2309 3622 2366 3676 δέ
2399 3620 2494 3677 καὶ
2543 3622 2720 3692 κουφῇ
2767 3619 3106 3692 κεχρημένα,
3142 3617 3242 3671 καὶ
3301 3616 3369 3670 τδ
3403 3613 3732 3688 προσδοκώμε-

2195 3730 2285 3768 νον
2315 3712 2382 3766 ὲκ
2413 3712 2570 3767 νόσου
2603 3711 2794 3776 κακὸν,
2832 3709 3026 3781 ὥσπερ
3083 3706 3361 3780 χειμῶνος
3419 3706 3733 3762 ἐπανάστασιν

2192 3804 2555 3874 ὑπεξέφυγεν,
2583 3804 2679 3859 καὶ
2704 3802 2767 3857 τὸ
2796 3802 2899 3874 ήδη
2924 3801 3101 3873 παρὶν
3163 3799 3403 3871 ὀχληρὸν
3459 3797 3630 3870 ὥσπερ
3674 3810 3731 3847 τι·

2191 3895 2283 3960 νὸς
2311 3892 2568 3957 σπιλάδος
2599 3889 2899 3964 ἐπιδρομὴν
2922 3887 3299 3961 διεκρούσατο.

2264 3984 2695 4056 Τεσσαράκοντα
2746 3981 2973 4054 ἡμερῶν
3040 3978 3379 4053 προσεδρίαν
3434 3973 3732 4048 νηστεύοντος

2191 4081 2289 4135 καῖ
2338 4079 2597 4151 δεομένου
2646 4074 2743 4131 τοῦ
2787 4073 3117 4147 θεράποντος
3165 4070 3474 4135 Μωῦσέως,
3511 4067 3731 4139 ἄχρηστον

2193 4175 2451 4247 ἐποίησεν
2502 4169 2825 4243 οἰνοφλυγία
2877 4168 2996 4243 μία.
3052 4168 3154 4232 ’Δς
3202 4165 3317 4237 γάρ
3373 4160 3586 4236 νηστεία
3608 4155 3729 4212 ἔλαϐε

2192 4268 2431 4334 πλάκας,
2451 4264 2702 4335 δακτύλῳ
2737 4261 2875 4317 Θεοῦ
2899 4257 3321 4334 γεγραμμένας,
3355 4253 3601 4323 ταύταςὴ
3626 4248 3729 4321 μέθη

2194 4357 2533 4432 συνέτριψεν,
2590 4355 2809 4422 ἀνάξιον
2860 4354 3148 4426 κρίναντος
3183 4346 3282 4405 τοῦ
3350 4347 3618 4419 προφήτου
3658 4354 3731 4411 με·

2194 4453 2394 4508 θύοντα
2421 4450 2552 4505 λαὸν
2580 4445 2989 4521 νομοθετεῖσθαι
3021 4443 3173 4517 παρά
3199 4441 3361 4497 Θεοῦ.
3421 4439 3509 4495 Ἑν
3538 4437 3625 4510 μιᾷ
3640 4449 3731 4485 και·

2120 4513 2166 4569 1)
2199 4547 2294 4622 ροῦ
2330 4547 2495 4619 ῥοπῇ,
2524 4543 2614 4598 διὰ
2641 4513 3151 4633 ξαπριμαργίανζὸ
3171 4536 3577 4633 λαδςΔὲκεῨιοςν.
3601 4531 3626 4583 ὁ
3770 4604 3780 4633 θ

2195 4615 2467 4693 Θεὸν-διάη
2487 4633 2597 4690 τῶν
2659 4632 2934 4705 μεγίστων
2989 4629 3236 4701 τεράτων
3298 4621 3656 4694 δεδιδαγμένος
3671 4615 3730 4676 είς

2194 4729 2297 4799 τὴν
2317 4725 2626 4797 Αἰγυπτίαν
2657 4721 3053 4793 εἰδωλομανίαν
3089 4716 3439 4787 ἐξεκυλίσθη,
3460 4706 3728 4799 παράλληλα

2196 4821 2311 4884 θεὶς
2348 4818 2656 4890 ἀμφότερα,
2718 4814 2839 4880 πῶς
2876 4816 2911 4881 ἡ
2956 4812 3182 4885 νηστεία
3223 4809 3345 4882 Θεῷ
3376 4807 3638 4881 προσάγει,
3661 4798 3729 4853 καὶ

2196 4913 2315 4977 πῶς
2341 4910 2522 4981 τρυφὴ
2553 4909 2653 4981 τὴν
2680 4905 2958 4980 σωτηρίαν
2984 4904 3296 4978 προδίδωσι,

2265 5107 2436 5180 Δίχνη
2470 5105 2690 5179 γαστὴρ
2728 5105 2815 5160 ἀεὶ
2859 5101 3193 5168 ἀπαιτοῦσα,
3242 5099 3337 5155 καὶ
3383 5096 3631 5169 μηδέποτε
3657 5086 3726 5152 λῆ⁸

2195 5218 2392 5274 γουσα,
2418 5203 2451 5273 ἡ
2479 5198 2837 5270 λαμϐάνουσα
2865 5197 3130 5268 σήμερον,
3167 5195 3261 5247 καὶ
3313 5190 3501 5263 αῠριον
3550 5181 3722 5239 ἐπιλσιο

2195 5294 2492 5365 οανομένη,
2527 5293 2657 5347 ὅταν
2687 5288 3001 5362 ἐμπλησθῇ,
3022 5288 3152 5360 περὶ
3179 5283 3502 5356 ἐγκρατείας
3558 5276 3723 5347 φίλατο·

2195 5390 2306 5459 φεῖ,
2342 5389 2472 5443 ὅταν
2520 5384 2577 5439 δὲ
2631 5382 2979 5455 διεπνεύσθη,
3039 5378 3456 5435 ἐπιλανθάνεται
3490 5371 3590 5426 τῶν
3633 5365 3721 5428 δοῖ·

2197 5482 2401 5550 μάτων.
2876 5476 2883 5479 ’

2264 5570 2538 5642 Φοϐήθητι
2577 5568 2641 5621 τὸ
2691 5566 3002 5638 ὑπόδειγμα
3049 5563 3144 5619 τοῦ
3196 5563 3469 5618 πλουσίου.
3531 5553 3717 5642 Ἐκεῖνον

2195 5639 2518 5735 παρέδωκεν
2540 5658 2620 5732 τῷ
2648 5658 2785 5731 πυρὶ
2811 5660 2845 5729 ή
2862 5656 2951 5713 διά
2977 5656 3095 5728 βίου
3119 5654 3319 5726 τρυφή.
3380 5652 3455 5709 Ob
3495 5648 3591 5718 γάρ
3632 5639 3718 5735 dﬁ-

2196 5732 2342 5821 κεαν,
2371 5752 2510 5808 ἀλλὰ
2536 5752 2598 5807 τὸ
2625 5750 2970 5823 ἁϐροδεαιτον
3009 5748 3295 5821 ἐγκληθεὶς
3345 5732 3719 5815 άπειηγανίζετθ

2194 5851 2254 5902 ἐν
2273 5851 2340 5921 τῇ
2379 5845 2536 5918 φλογὶ
2561 5846 2662 5917 τῆς
2697 5843 2949 5915 καμῖνου.
