3960 6454
446 587 521 638 Τὸ
574 583 705 654 περὶ
748 581 848 653 τὴν
892 580 1054 650 πέψιν
1107 578 1453 652 πλημμελὲς,
1505 584 1618 645 τείς
1668 582 1951 651 τρυφῶσιν

380 674 693 758 ἀναγκαίως
709 671 1210 739 ἀκολουθεϊ.’Τοῦτο
1227 671 1338 742 γάρ
1358 671 1456 726 καὶ
1494 672 1566 726 τά
1621 672 1829 743 σφοδρά
1875 689 1963 727 νο-

380 769 605 837 σήματα
649 767 763 829 τοῖς
812 762 1060 835 σώμασιν
1110 762 1508 834 ἀπεργάζεται.
1570 763 1667 817 Ἐκ
1716 763 1826 835 γὰρ
1860 763 1964 835 τῆς

376 856 606 928 παχείας
629 856 858 929 τροφῆς,
900 852 1011 910 οἷον
1040 853 1361 919 αἰθαλώδεις
1403 853 1801 926 ἀναθυμιάσεις
1830 855 1962 909 ἀνα-

375 950 749 1019 πεμπόμεναι,
800 945 1030 1017 νεφέλης
1063 946 1220 1016 δίκην
1273 947 1518 1016 πυκνῆς,
1571 946 1672 1011 τὰς
1717 947 1828 1001 ἀπὸ
1863 947 1961 1002 τοῦ

374 1037 531 1105 ἁγίου
571 1034 887 1106 Πνεύματος
936 1035 1296 1106 ἐγγινομένας
1344 1036 1644 1107 ἐλλάμψεις
1714 1037 1810 1090 ἐπὶ
1868 1036 1961 1091 τὸν

373 1129 499 1183 νοῦν
525 1169 540 1195 ,
593 1128 969 1183 διακόπτουσι.

442 1218 619 1290 Κόρυς
644 1218 857 1291 ὕϐρεως
881 1221 1048 1293 ἀρχή.

441 1398 507 1455 Οἱ
558 1399 993 1473 τραπεζοποιούς
1043 1417 1195 1465 τινας
1241 1397 1604 1464 ἐπινοοῦντες,
1631 1397 1726 1451 καὶ
1777 1395 1958 1450 πᾶσαν

367 1491 790 1562 διερευνώμενοι
840 1492 947 1564 γῆν
992 1509 1053 1546 τε
1108 1492 1206 1547 καὶ
1250 1490 1550 1557 θάλασσαν,
1573 1490 1669 1545 καὶ
1713 1485 1825 1543 οἷόν
1848 1504 1957 1542 τινι

368 1581 595 1652 χαλεπῷ
653 1582 923 1656 δεσπότῃ,
971 1585 1037 1655 τῇ
1087 1584 1289 1656 γαστρὶ
1351 1582 1552 1655 φόρους
1618 1581 1954 1650 ἀπάγοντες,

366 1673 596 1727 ἐλεεινοὶ
636 1673 737 1743 τῆς
769 1674 1028 1746 ἀσχολίας
1051 1676 1196 1729 ,είσίο
1229 1676 1325 1730 καὶ
1353 1675 1462 1728 τῶν
1496 1675 1554 1726 ὲν
1577 1672 1704 1744 ᾅδου
1731 1672 1955 1737 κολαζο-

371 1765 549 1834 μένων
577 1764 732 1819 οὐδὲν
755 1767 1054 1837 πάσχοντες
1078 1766 1459 1837 ἀνεκτότερον,
1476 1764 1717 1835 ἀτεχνῶς
1743 1765 1824 1825 εἰς
1844 1760 1958 1832 πῦρ

368 1857 666 1922 ξαίνοντες,
694 1858 788 1912 καὶ⁵
815 1857 1054 1930 κοσκίνῳ
1085 1858 1345 1929 φέροντες
1374 1855 1542 1926 ὕδωρ,
1595 1855 1692 1909 καὶ
1734 1855 1816 1918 είς
1865 1871 1957 1907 τε-

1636 477 1875 537 SACRA
1908 477 2379 539 PARALLELA‘

2126 581 2272 635 Ibid.
2302 611 2373 621 —
2407 579 2513 637 Eos
2546 582 2641 651 qui
2675 582 2827 639 luxui
2875 584 3045 641 dediti
3085 593 3239 650 sunt,
3273 585 3471 641 vitiosa
3498 601 3637 640 con-

2063 674 2245 728 coctio
2282 673 2601 729 necessario
2648 676 2964 732 comitatur.
3004 676 3062 731 Id
3105 677 3252 731 enim
3292 676 3638 747 gravissimis

2063 778 2286 835 quoque
2316 765 2524 820 morbis
2553 780 2788 835 corpora
2838 768 3026 823 allicit.
3060 768 3136 823 Ex
3164 769 3430 825 crassiori
3459 768 3638 838 siqni-

2061 854 2185 910 dem
2215 855 2505 922 alimento,
2548 857 2698 911 velut
2751 856 3057 928 fuliginosae
3103 840 3351 929 quaedam
3408 859 3637 913 exhala-

2062 944 2243 1001 tiones
2279 946 2596 1011 mittuntur,
2629 947 2835 1018 quibus
2888 948 3361 1019 interrumpantur
3398 948 3639 1005 illustra-

2062 1033 2244 1090 tiones
2273 1051 2411 1105 quas
2459 1036 2701 1107 Spiritus
2749 1045 2977 1115 sanctus
3022 1037 3075 1091 in
3110 1044 3347 1093 mentem
3383 1038 3633 1093 insinua-

2062 1124 2222 1180 verit.

2137 1214 2330 1284 Ejusd.
2369 1216 2436 1271 de
2487 1217 2682 1288 ingluv.
2713 1247 2783 1259 -—
2816 1215 3094 1273 Saturitas
3132 1217 3437 1272 insolentia:
3474 1215 3630 1287 prin-

2059 1306 2259 1376 cipium
2285 1316 2390 1363 cst.

2141 1399 2337 1469 Ejusd.
2384 1404 2526 1455 nam.
2576 1399 2641 1454 de
2673 1400 2876 1471 legend.
2918 1398 3012 1454 lib.
3066 1395 3442 1463 Cum—Qui
3479 1409 3632 1450 men-

2059 1511 2247 1552 sarum
2278 1504 2584 1551 structores
2612 1494 2829 1564 aliquos
2878 1493 3066 1547 animo
3107 1498 3352 1556 versant,
3386 1504 3633 1544 omnem-

2057 1602 2164 1659 que
2198 1596 2403 1644 terram
2435 1595 2491 1643 et
2542 1601 2692 1642 mare
2723 1593 3166 1657 perscrutantur,
3216 1593 3270 1639 et
3328 1582 3478 1637 velut
3514 1594 3635 1649 gra-

2058 1677 2295 1733 vissimo
2317 1677 2544 1732 domino
2589 1675 2810 1730 cuidam
2860 1675 3074 1744 (ventri
3103 1671 3358 1741 scilicet)
3389 1670 3630 1739 vectiga-

2057 1768 2126 1823 lia
2159 1768 2458 1838 pensitant,
2516 1766 2682 1836 hujus
2730 1764 3119 1834 occupationis
3165 1761 3389 1817 ncmine
3439 1758 3628 1814 miseri

2057 1868 2209 1925 sunt,
2263 1874 2367 1914 nec
2418 1857 2656 1913 leviores
2717 1870 2913 1926 poenas
2964 1856 3147 1918 luunt,
3210 1866 3374 1923 quam
3421 1850 3517 1919 qui
3572 1849 3627 1903 in

365 1948 668 2019 τριμμὲνον
693 1948 1010 2012 ἀντλοῦντες
1038 1949 1216 2014 πίθον,
1249 1948 1370 2003 οὐδὲ
1416 1949 1593 2019 πέρας
1616 1945 1727 2001 τῶν
1774 1944 1946 1999 πόνων

2079 1947 2248 2003 nfcris
2273 1948 2687 2002 excruciantur.
2714 1945 2896 2017 Ignem
2929 1945 3089 2015 plane
3112 1943 3440 2012 scalpentes,
3463 1938 3632 2011 418

366 2038 607 2111 ἔχοντες.

441 2220 702 2293 Σώματος
726 2220 1114 2286 εὐπαθοῦντος,
1153 2223 1251 2276 καὶ
1323 2220 1668 2292 πολυσαρκίᾳ
1720 2219 1952 2291 βαρυνο-

368 2314 559 2381 μένου,
580 2311 793 2383 ἀνάγκη
821 2312 1026 2385 ἀδρανῆ
1058 2312 1155 2367 καὶ
1180 2312 1371 2367 ἄτονον
1396 2307 1537 2366 εἶναι
1576 2312 1714 2384 πρὸς
1743 2311 1843 2375 τὰς
1871 2310 1955 2363 ol-

364 2405 525 2468 κείας
560 2404 839 2476 ἐνεργείας
865 2403 959 2458 τὸν
989 2402 1135 2457 νοῦν.
1165 2404 1358 2475 Ψυχῆς
1381 2404 1439 2458 δὲ
1480 2403 1811 2474 εὐεκτοῦσης
1859 2402 1953 2458 καὶ

361 2496 458 2549 διὰ
485 2494 587 2565 τῆς
633 2494 744 2549 τῶν
791 2494 1014 2563 ἀγαυῶν
1045 2495 1272 2566 μελέτης
1302 2495 1441 2567 πρὸς
1466 2495 1527 2549 τὸ
1564 2496 1766 2550 οἰκεῖον
1811 2495 1951 2563 ἁγα-

363 2580 462 2635 οὸν
490 2581 824 2654 ὑψουμένης,
854 2582 1119 2654 ὲπόμενόν
1147 2583 1267 2637 ἐστι
1291 2584 1391 2655 τὴν
1420 2582 1513 2638 τοῦ
1539 2582 1793 2655 σώματος
1838 2584 1952 2649 ἕξιν

361 2674 902 2746 καταμαραίνεσθαι.

441 2766 555 2817 Οὐκ
602 2765 931 2836 ἐπαινοῦμέν
973 2783 1026 2819 τι
1059 2764 1168 2818 τῶν
1208 2764 1348 2835 μετά
1393 2764 1485 2817 τὸν
1529 2762 1724 2835 λαιμὸν
1774 2763 1951 2835 ὁμοτί-

360 2871 504 2926 μων,
543 2855 743 2924 μᾶλλον
773 2856 831 2910 δὲ
855 2854 1087 2928 ἀτίμων,
1120 2855 1321 2926 ὁμοίως
1350 2856 1444 2909 καὶ
1462 2854 1807 2927 ἀποϐλήτων.

434 3144 704 3216 ’Ᾱκρασία
762 3145 887 3215 ἐμοὶ
937 3144 1046 3199 πᾶν
1095 3141 1159 3197 τὸ
1202 3142 1485 3215 περισσὸν,
1541 3145 1638 3200 καὶ
1689 3142 1828 3215 ὑπὲρ
1851 3140 1951 3214 τὴν

2053 2053 2249 2108 aquam
2303 2037 2545 2093 ferentes
2588 2037 2796 2105 cribro,
2830 2044 3231 2108 pertusumque
3259 2032 3488 2102 implere
3521 2029 3630 2084 do-

2055 2131 2187 2184 lium
2217 2138 2506 2197 conantes,
2540 2131 2752 2185 nullum
2793 2129 3043 2184 laborum
3089 2127 3249 2181 linem
3303 2123 3591 2179 habentes.

2126 2221 2318 2292 Ejusd.
2366 2223 2712 2293 —Corpore
2778 2222 2917 2278 bene
2972 2220 3215 2287 valente,
3269 2224 3324 2273 et
3377 2214 3627 2270 carnium

2053 2318 2199 2373 mole
2248 2324 2499 2388 gravato,
2550 2332 2706 2371 mens
2753 2316 2822 2369 ad
2865 2314 3113 2368 actiones
3171 2326 3303 2367 suas
3344 2306 3630 2365 obeundas

2052 2409 2317 2478 languida
2379 2416 2436 2464 et
2486 2408 2762 2463 imbecilla
2812 2407 2887 2461 sit
2938 2411 3174 2474 oportet.
3220 2399 3449 2463 Contra,
3501 2410 3627 2452 cum

2052 2502 2237 2556 anima
2267 2501 2471 2571 optima
2510 2499 2826 2556 valetudine
2852 2508 2958 2561 est,
2994 2505 3048 2552 et
3079 2509 3177 2566 per
3209 2494 3476 2548 virtutum
3512 2496 3629 2544 stu-

2051 2593 2202 2649 dium
2233 2592 2302 2646 ad
2338 2594 2538 2646 bonum
2592 2607 2753 2646 suum
2804 2590 3156 2654 subvehitur,
3209 2594 3342 2642 tunc
3397 2581 3629 2640 omnino

2049 2683 2321 2754 sequitur,
2364 2690 2424 2736 ut
2459 2683 2678 2737 habitus
2709 2682 2960 2752 corporis
2982 2682 3303 2750 languescat

2122 2774 2266 2832 Naz.
2296 2783 2438 2830 orat.
2480 2776 2571 2831 ‘25.
2601 2806 2673 2818 —
2700 2774 2843 2828 Nihil
2876 2774 2930 2829 in
2967 2774 3077 2828 illis
3108 2771 3276 2827 rebus
3311 2768 3625 2830 laudamus,

2050 2885 2194 2940 qum,
2258 2868 2555 2940 postquam
2610 2868 2666 2922 in
2730 2866 2919 2922 fauces
2988 2863 3327 2919 transmissae
3378 2859 3625 2923 fuerunt,

2050 2961 2169 3033 pari
2224 2959 2487 3032 deinceps
2541 2959 2748 3015 honore
2810 2965 2965 3026 sunt,
3018 2959 3127 3011 imo
3167 2954 3353 3026 potius
3409 2952 3543 3007 viles
3570 2958 3625 3005 et

2048 3051 2353 3122 ejiciendus.

2120 3145 2312 3215 Ejusd.
2346 3153 2486 3201 orat.
2531 3143 2622 3200 '58.
2657 3174 2725 3185 ——
2753 3139 3210 3212 Intemperantia,
3246 3151 3370 3191 meo
3399 3135 3621 3206 quidem

347 3236 574 3308 χρείαν,
606 3235 701 3290 καὶ
745 3233 917 3289 ταῦτα
949 3230 1261 3288 πεινώντων
1293 3230 1470 3288 ἄλλων
1532 3232 1625 3287 καὶ
1676 3230 1946 3304 δεομένων

2079 3237 2280 3303 udicio,
2320 3238 2375 3292 id
2404 3251 2567 3292 omne
2602 3235 2943 3292 censendum
2969 3240 3078 3299 est,
3108 3229 3254 3302 quod
3283 3227 3622 3299 superﬂuum

346 3318 474 3373 τῶν
505 3322 571 3375 ὲκ
594 3319 690 3373 τοῦ
711 3318 875 3374 αὑτοῦ
909 3318 1082 3390 πηλοῦ
1108 3335 1168 3373 τε
1205 3319 1299 3373 καὶ
1321 3319 1625 3392 κράματος.

434 3581 603 3638 Οὐδὲν
630 3581 803 3648 οὕτως
844 3581 1114 3655 ἑπίμαχόν
1140 3599 1201 3638 τε
1252 3583 1347 3638 καὶ
1379 3582 1682 3655 φιλόνεικον
1721 3583 1798 3650 ὡς
1844 3601 1945 3654 γα-

346 3677 523 3748 στήρ.

432 3767 495 3820 Οί
526 3765 658 3836 περὶ
676 3764 774 3839 τὴν
801 3766 1035 3838 τρυφὴν,
1067 3766 1293 3837 ὕφέλετέ
1343 3785 1395 3822 τι
1443 3767 1548 3839 τῆς
1579 3766 1801 3841 σαρκὸς,
1849 3768 1946 3823 καὶ

340 3859 477 3914 δότε
499 3858 575 3930 τῷ
600 3857 896 3930 πνεύματι.
925 3858 1127 3929 Ἐγγὺς
1157 3858 1187 3912 ό
1220 3858 1430 3931 πένηςς
1463 3861 1531 3931 τῇ
1556 3859 1697 3930 νόσῳ
1745 3857 1941 3932 βοήθη-

351 3967 478 4006 σον.
513 3951 606 4015 Et;
641 3952 832 4005 τοῦτον
848 3950 1152 4021 ἀπέρευξαί
1188 3968 1242 4006 τι
1270 3950 1380 4005 τῶν
1406 3951 1705 4023 περιττῶν.
1750 3951 1817 4005 Τί
1848 3952 1945 4006 καὶ

346 4042 430 4097 σὺ
481 4043 709 4112 κάμνεις
763 4041 1047 4104 ἀπεπτῶν,
1098 4041 1194 4095 καὶ
1246 4034 1403 4105 οὗτος
1455 4040 1658 4095 πεινῶν
1683 4056 1697 4071 ο
1743 4040 1837 4095 καὶ
1875 4041 1942 4095 σὺ

343 4133 708 4205 κραιπαλῶν,
748 4132 844 4186 καὶ
876 4126 1032 4197 οὗτος
1068 4132 1301 4204 ὐδεριῶν
1325 4148 1340 4164 ·
1367 4133 1465 4188 καὶ
1490 4133 1556 4187 σὺ
1586 4132 1734 4204 κόρῳ
1780 4133 1942 4204 κόρον

347 4222 646 4296 βαρύνων,
704 4224 800 4278 καὶ
862 4218 1018 4287 οὗτος
1094 4224 1557 4296 περιτρεπόμενος
1621 4225 1791 4295 νόσῳς
1846 4223 1941 4296 Μὴ

344 4315 595 4389 σιαρίδῃς
613 4314 705 4369 τὸν
728 4313 820 4368 σὺν
852 4314 1104 4387 Λάζαρον
1121 4314 1379 4382 ἐνταῦθα,
1413 4317 1488 4387 μή
1517 4332 1576 4370 σε
1603 4316 1806 4388 ποιήσῃ
1849 4315 1941 4369 τὸν

344 4408 572 4461 ἐκεῖθεν
589 4408 864 4463 πλούσιον.

428 4520 521 4594 Μὴ
551 4521 625 4591 γῆ
646 4518 744 4575 καὶ
776 4520 1023 4576 θάλασσα
1049 4521 1147 4593 τὴν
1178 4522 1311 4594 ἡμῖν
1347 4522 1550 4595 κόπρον
1602 4522 1938 4596 δωροςςορείο

345 4629 558 4668 στωσαν.
598 4611 756 4668 Οὕτω
785 4613 893 4686 γὰρ
921 4615 1087 4686 τιμᾷν
1112 4612 1228 4670 οἶδα
1256 4618 1489 4688 τρυφήν.

426 4826 607 4896 Μέχρι
636 4823 736 4894 τῆς
760 4822 1013 4896 ὕπερῲας
1035 4826 1069 4894 ἡ
1095 4823 1206 4878 τῶν
1238 4823 1560 4896 ἡδυσμάτων
1582 4826 1830 4898 αἴσθησις
1850 4827 1942 4881 τὸν

350 4920 479 4989 ὅρον
509 4918 642 4987 ἔχει,
666 4915 775 4970 ἁγὼ
805 4916 862 4970 δὲ
898 4916 996 4987 τῆς
1022 4916 1277 4989 ὑπερῲοις
1304 4917 1617 4990 ἀδιάκριτος
1642 4921 1673 4988 ή
1704 4918 1813 4973 τῶν
1842 4922 1940 4990 ἐμ-

351 5011 702 5082 ϐαλλομένων
719 5009 972 5081 διαφορά,
999 5009 1280 5082 ὁμοτίμως
1300 5011 1368 5064 τά
1397 5010 1579 5066 πάντα
1598 5009 1698 5081 τῆς
1723 5010 1939 5081 φύσεως

352 5105 490 5176 προς
514 5104 779 5158 δυσωδίαν
808 5101 1145 5173 ἀλλοιούσης.

436 5319 495 5373 ’0
540 5317 742 5389 σπόρος
777 5316 873 5371 τοῦ
922 5318 1302 5372 οἰκοδεσπότου
1345 5316 1495 5373 ἐστίν
1523 5337 1535 5351 ’
1562 5320 1628 5373 ὲκ
1651 5320 1707 5373 δὲ
1722 5320 1816 5374 τοῦ
1850 5322 1935 5375 σί-

348 5428 450 5467 του
499 5412 528 5465 ὀ
580 5410 745 5481 ἄρτος
797 5409 1028 5479 γίνεται.
1080 5409 1144 5463 Ἦ
1200 5411 1258 5465 δὲ
1299 5410 1482 5483 τρυφὴ
1509 5412 1572 5466 τὸ
1615 5412 1875 5478 ζιζάνιον,
1906 5416 1936 5468 ὃ

348 5500 686 5573 παρεσπάρη
715 5500 871 5573 παρὰ
901 5499 995 5555 τοῦ
1019 5499 1215 5572 ἐχθροῦ
1245 5500 1324 5573 τῷ
1356 5502 1508 5574 σίτῳ.

426 5612 522 5675 Τίς
566 5614 675 5686 γὰρ
717 5616 819 5669 οὐκ
860 5611 1022 5678 οἶδεν,
1059 5616 1143 5670 ὄτι
1188 5614 1316 5686 ῥίζα
1350 5615 1460 5671 τῶν
1508 5618 1639 5691 περὶ
1678 5618 1771 5672 τὸν
1822 5618 1933 5683 βίον

339 5703 843 5777 πλημμελημάτων
870 5705 1020 5759 ἐστὶν
1054 5706 1087 5774 ἡ
1119 5706 1247 5779 περὶ
1266 5707 1357 5763 τὸν
1387 5706 1581 5781 λαιμὸν
1608 5710 1859 5782 ἀσχολίας

2052 3330 2220 3386 fuerit
2250 3344 2313 3385 ac
2356 3336 2558 3401 praeter
2606 3328 3018 3388 necessitatem,
3068 3322 3370 3395 praesertim
3411 3318 3624 3392 egenti—

2049 3423 2153 3481 bus
2186 3433 2241 3480 et
2270 3421 2416 3478 fame
2446 3419 2836 3477 laborantibus
2865 3417 3017 3483 aliis,
3046 3414 3142 3486 qui
3173 3429 3240 3468 ex
3272 3411 3465 3468 eodem
3507 3410 3623 3464 luto

2042 3529 2101 3578 et
2129 3524 2431 3588 temperatu
2441 3531 2499 3572 I‘il
2526 3521 2803 3571 constant.

2124 3606 2317 3678 Ejusd.
2357 3638 2427 3648 —
2455 3604 2604 3660 Nihil
2654 3603 2882 3676 perinde
2919 3614 3143 3673 pugnax
3169 3606 3225 3655 et
3252 3589 3625 3653 contentionis

2046 3699 2268 3754 avidum
2304 3706 2409 3764 est,
2453 3710 2519 3751 ac
2550 3701 2763 3751 venter.

2121 3786 2314 3858 Ejusd.
2369 3796 2510 3843 orat.
2560 3786 2655 3841 27.
2700 3813 2771 3826 —-
2809 3781 2915 3850 Qui
2963 3777 3124 3836 luxui
3173 3777 3320 3834 datis
3370 3787 3621 3846 operam.

2048 3878 2254 3950 aliquid
2323 3878 2478 3934 carni
2545 3873 2873 3939 subtrahite,
2942 3880 2999 3928 et
3076 3869 3205 3925 date
3253 3864 3498 3938 spiritui.
3560 3861 3627 3915 ln-

2048 3972 2365 4044 propinquo
2421 3976 2508 4025 est
2568 3965 2813 4039 pauper?
2863 3959 3139 4019 laboranti
3195 3957 3278 4015 fer
3321 3968 3505 4027 Opem.
3566 3950 3623 4006 lu

2046 4061 2194 4117 hunc
2237 4057 2452 4130 aliquid
2498 4072 2689 4114 eorum
2732 4069 2857 4127 quae
2905 4052 3009 4108 tibi
3042 4047 3376 4109 redundant,
3406 4048 3622 4099 eructa.

2045 4152 2225 4208 Eccur
2254 4161 2310 4206 tu
2345 4148 2627 4206 cruditate
2677 4147 2927 4210 laboras,
2962 4150 3018 4201 et
3051 4142 3144 4198 illc
3191 4137 3372 4195 fame?
3400 4144 3457 4190 tu
3497 4146 3624 4189 cra-

2045 4245 2198 4317 pula,
2257 4244 2351 4301 ille
2394 4243 2671 4298 intercute
2717 4236 2907 4309 aqua?
2939 4246 3001 4292 tn
3027 4232 3331 4305 ingluviem
3379 4226 3625 4299 ingluvie

2046 4351 2339 4407 premens:
2370 4334 2462 4389 hic
2502 4331 2697 4387 morbo
2746 4324 3169 4386 circumactus?
3190 4323 3312 4379 Noli
3351 4319 3623 4375 Lazarum

2043 4433 2198 4480 tuum
2226 4424 2318 4479 hic
2343 4421 2659 4493 aspernari,
2701 4436 2769 4476 ne
2803 4426 2858 4475 te
2888 4418 3117 4472 divitem
3151 4415 3310 4469 illum
3342 4411 3529 4466 iaciat.

2118 4532 2313 4606 Ejusd.
2342 4542 2482 4591 orat.
2507 4532 2598 4589 '58.
2626 4563 2697 4574 --
2733 4530 2814 4589 Ne
2844 4529 3007 4586 nobis
3053 4542 3207 4584 mare
3234 4533 3290 4582 et
3321 4534 3465 4580 terra
3494 4537 3623 4594 pre-

1972 4615 2018 4674 Ι)
2045 4630 2248 4683 tiosum
2277 4636 2496 4684 stercus
2535 4624 2797 4682 oll'erant.
2831 4621 2948 4679 [loc
2997 4621 3144 4678 enim
3176 4618 3402 4676 nomine
3428 4616 3622 4670 luxum

2044 4722 2321 4776 honorare
2361 4717 2510 4775 novi.

2117 4831 2287 4905 Nysa.
2319 4841 2458 4888 orat.
2501 4832 2537 4887 4
2585 4832 2638 4886 in
2670 4830 2853 4886 beatit.
2873 4859 2943 4871 —-
2964 4826 3459 4884 Condimcntorum
3493 4837 3620 4878 scn—

2043 4940 2143 4982 sns
2175 4926 2343 4996 palati
2376 4925 2631 4982 terminis
2680 4920 3191 4980 circumscribitur.
3222 4918 3438 4975 Etenim
3471 4917 3618 4971 ultra

2041 5018 2307 5089 palatum,
2353 5031 2547 5073 eorum
2593 5031 2717 5086 qua:
2756 5014 3112 5084 injiciuntur,
3170 5010 3471 5068 discrimen
3504 5024 3621 5064 non

2041 5107 2437 5163 internoscitur
2458 5125 2482 5174 ς
2505 5115 2711 5161 natura
2746 5104 3012 5160 nimirum
3051 5101 3238 5157 omnia
3276 5113 3530 5172 peraeque
3560 5097 3620 5152 in

2041 5196 2269 5253 fetorem
2299 5204 2693 5253 commntante.

2110 5314 2628 5386 Ejusd.—Semen
2684 5318 2772 5369 est
2821 5309 3286 5383 patrisfamilias:
3345 5321 3376 5363 c
3428 5303 3617 5361 tritico

2038 5413 2221 5462 autem
2256 5405 2418 5475 panis
2450 5403 2765 5460 conficitur.
2804 5403 2877 5458 At
2913 5404 3079 5460 luxus
3101 5401 3377 5458 zizanium
3407 5410 3515 5469 est,
3546 5401 3619 5458 ab

2037 5497 2199 5553 hoste
2229 5497 2373 5552 clam
2403 5496 2593 5552 tritico
2621 5496 2961 5567 inspersutn.

2109 5611 2301 5683 Ejusd.
2336 5621 2479 5668 orat.
2531 5613 2565 5669 5
2596 5613 2652 5668 in
2699 5612 2856 5668 Orat.
2894 5612 3048 5667 Dant.
3080 5645 3145 5655 —
3180 5610 3351 5668 Eccui
3382 5612 3489 5667 hoc
3515 5627 3612 5669 cx-

2036 5706 2309 5776 ploratum
2367 5721 2475 5760 non
2525 5707 2621 5770 sit,
2676 5714 3028 5778 peccatorum
3066 5722 3188 5777 quze
3233 5707 3285 5761 in
3319 5704 3428 5760 vita
3458 5718 3613 5761 com-

2036 5798 2357 5863 mittuntur,
2404 5797 2646 5854 radicem
2677 5814 2801 5856 esse
2837 5801 3081 5855 studium
3127 5798 3261 5855 illud
3310 5798 3458 5868 quod
3488 5807 3614 5868 gut-

2035 5889 2143 5944 turi
2190 5888 2565 5961 impenditur?
