3960 6434
966 318 999 332 Δ

464 417 604 487 1339

1643 416 1703 475 s.
1732 394 2053 475 JOAN‘NIS
2089 399 2523 471 DAMASCENI

3588 416 3700 483 tam

530 527 812 598 Chrysost.
845 555 913 566 ——
939 524 1078 581 Cum
1107 522 1446 588 comederis,
1490 538 1554 577 ac
1588 521 1831 588 hiberis,
1861 519 2035 589 reple-

2213 522 2429 590 Φαγὼν,
2452 524 2544 576 καὶ
2578 526 2739 590 πιὼν,
2776 530 2870 579 καὶ
2891 525 3253 594 ἐμπλησθεὶς,
3286 524 3524 596 ’πρόσεχε
3568 546 3703 584 σεαυ-

459 629 660 690 tusque
699 616 1164 679 fueris.’attende
1209 615 1440 686 tibiipsi.
1492 614 1746 683 Praeceps
1776 613 1925 669 enim
1954 619 2041 668 est

2164 611 2236 681 ςῷ.
2281 612 2665 686 ’Δπόκρημνος
2695 616 2805 688 γάρ
2837 617 2986 670 ἐστιν
3012 616 3041 669 ὁ
3065 616 3231 680 τόπος
3256 615 3363 686 τῆς
3394 617 3615 687 τρυφῆς.

461 711 619 765 locus
650 707 981 777 voluptatis.

529 796 705 866 Cyril.
731 828 801 839 —
831 795 1031 853 Libido
1064 797 1228 854 luxus
1258 811 1480 866 semper
1501 805 1587 853 est
1613 813 1822 864 comes.
1850 815 2046 869 quem-

2213 788 2523 861 Σύνδρομον
2566 790 2654 846 ἀεί
2683 791 2804 855 πῶς
2840 792 2957 846 ἐστι
2984 794 3106 857 ταῖς
3134 796 3385 867 τρυφαῖς
3415 794 3478 849 τὸ
3519 796 3702 869 φιλήδο-

460 889 761 945 admodum
795 890 866 946 ab
909 890 1156 947 Isocrate
1201 891 1480 961 proditum
1536 897 1645 947 est.
1679 889 1824 961 Opes
1858 901 2043 948 autem

2164 899 2254 943 ιον,
2274 882 2418 936 καΘὰ
2448 884 2543 936 καὶ
2563 883 2729 947 αὐτός
2759 901 2929 953 φησιν
2954 885 2984 938 ὁ
3007 885 3358 956 Ἰσοκράτης.
3384 885 3610 953 Πλοῦτος
3624 908 3707 947 κα-

458 980 779 1038 vitiositatis
809 982 1166 1053 potiusquam
1198 984 1422 1039 virtutis
1457 982 1801 1040 administras
1831 992 1986 1040 sunt.

532 1070 672 1129 Nili.
703 1103 776 1112 —
797 1073 845 1128 Α
878 1074 1021 1129 cibis
1070 1074 1464 1130 abstinendum
1503 1083 1612 1138 est,
1650 1091 1762 1130 non
1791 1076 2042 1131 ciborum

460 1178 655 1229 causa,
688 1164 787 1222 sed
837 1174 1067 1238 pr0pter
1107 1166 1446 1223 detrimenta
1472 1181 1596 1239 qua
1617 1182 1689 1224 ex
1719 1167 1809 1225 his
1847 1167 2045 1222 oriun-

463 1266 577 1313 ιιιι·.

532 1349 730 1420 Ejusd.
760 1348 1094 1407 ~A0‘ectus
1140 1351 1284 1423 gula-
1319 1352 1375 1407 in
1427 1352 1795 1409 scortationis
1847 1348 2044 1408 vitium

463 1441 713 1498 desinit:
746 1443 1016 1499 scortatio
1044 1452 1233 1500 autem
1268 1457 1512 1502 mmrore
1551 1445 1903 1501 terminatur.

532 1637 755 1694 Ibid.—
785 1638 1029 1696 Comede
1052 1647 1317 1710 quantum
1344 1654 1486 1710 opus
1511 1642 1586 1695 sit
1634 1660 1646 1696 :
1689 1657 1871 1713 neque
1895 1645 2043 1699 enim

459 1730 783 1785 moderatus
833 1730 996 1785 cibus
1036 1730 1389 1802 prohibetur.
1432 1732 1679 1787 Comede
1710 1733 1878 1804 igitur
1915 1748 2043 1788 cum

459 1820 761 1886 gratiarum
789 1820 1010 1877 actione

455 1912 603 1967 enim
637 1913 766 1968 odio
799 1921 953 1970 sunt.

530 2024 675 2080 Ibid.
705 2057 776 2068 —
801 2027 1071 2100 Quisquis
1100 2029 1424 2103 inexplebili
1463 2035 1775 2091 voracitate
1812 2033 2045 2089 allectus

455 2125 561 2181 est,
619 2119 985 2190 ignominiam
1018 2129 1073 2179 et
1112 2125 1567 2194 perturbationes
1628 2144 1725 2199 per
1771 2127 2046 2200 gulosita-

456 2214 570 2259 tem
608 2206 787 2261 novit.

529 2315 675 2373 Ibid.
741 2321 951 2376 Malum
1011 2332 1098 2380 est
1151 2325 1365 2382 homini
1418 2330 1649 2386 scientia
1703 2332 1931 2402 prmdito
1990 2342 2045 2390 et

458 2408 628 2482 frugi,
679 2422 1047 2486 praeterquam
1101 2418 1254 2488 quod
1309 2436 1452 2491 opus
1492 2423 1587 2491 sit,
1628 2424 1814 2480 cdere.
1867 2425 2067 2503 Quid-J

457 2501 593 2571 quid
624 2512 785 2556 extra
814 2507 1203 2564 necessitatem
1231 2518 1339 2574 est,
1374 2513 1571 2570 inutile
1607 2515 1883 2572 redditur.

455 2591 626 2664 [1,19
659 2593 851 2663 Ejusd.
892 2627 962 2638 —
995 2598 1074 2653 An
1102 2603 1290 2660 nescis
1340 2603 1625 2670 lsraelem.
1655 2608 1825 2665 simul
1873 2617 2046 2681 atque

457 2684 749 2756 plusquam
777 2704 878 2758 par
900 2701 1041 2759 erat,
1057 2693 1318 2762 comedit,
1345 2696 1521 2752 instar
1543 2700 1674 2755 muli
1697 2702 2042 2768 calcitrasse,

455 2784 620 2845 atque
652 2777 722 2832 ab
751 2793 837 2845 co,
865 2795 893 2834 a
912 2799 1022 2853 quo
1038 2785 1290 2841 alebatur
1313 2787 1677 2847 delecisse.-—-
1698 2791 1914 2862 Corpus
1941 2798 2048 2848 im-

453 2865 751 2923 moderato
773 2869 902 2926 cibo
931 2880 983 2926 et
1013 2882 1143 2942 potu
1201 2876 1312 2932 noli
1356 2892 1608 2947 gravare,
1632 2896 1699 2935 nc
1717 2895 1783 2936 ex
1806 2881 2048 2952 ingluvie

453 2955 511 3009 in
539 2958 792 3013 morbum
829 2962 1064 3030 incidas,
1087 2975 1253 3036 atque
1308 2969 1639 3040 vertiginem
1666 2972 1898 3041 patiaris
1934 2973 2047 3028 ani-

455 3046 561 3112 mi,
599 3051 1021 3122 etvoluptatum
1076 3056 1394 3127 agminibus
1420 3062 1776 3132 expugneris.
1813 3095 1875 3106 —~
1908 3062 2045 3119 Cum

453 3150 512 3193 te
543 3138 687 3194 ultra
730 3142 952 3197 modum
975 3145 1181 3215 pascis,
1207 3146 1421 3204 hostem
1465 3149 1791 3220 imprudens
1842 3156 2043 3223 pascis.

2143 971 2269 1035 κίας
2300 973 2565 1044 μᾶλλονρῆ
2597 974 3008 1043 καλοκαγαθίας
3033 976 3184 1029 ἐστὶν
3207 974 3523 1045 ὑπηρέτης.

2218 1064 2520 1135 ’Δφεκτέον
2552 1066 2882 1139 βρωμάτων,
2911 1069 2973 1123 οὑ
3002 1069 3070 1123 δι’
3094 1068 3261 1132 αὐτὰ,
3316 1067 3463 1123 ἀλλὰ
3509 1069 3594 1125 διὰ
3630 1072 3709 1137 τὰς

2146 1157 2238 1211 ὑπ’
2276 1158 2460 1214 αὐτῶν
2494 1158 2724 1229 βλάὸας.

2226 1335 2287 1397 '0
2312 1335 2413 1405 τῆς
2434 1337 2879 1408 γαστριμαργίας
2916 1338 3177 1411 λογισμὸς
3203 1341 3372 1405 τέλος
3400 1340 3516 1412 ἔχει
3559 1343 3614 1398 τὸ
3632 1348 3709 1416 τῆς

2146 1428 2405 1498 πορνείας
2424 1442 2437 1457 °
2473 1429 2537 1482 τὸ
2550 1429 2608 1484 δὲ
2638 1430 2741 1500 τῆς
2762 1429 3046 1499 πορνείας,
3077 1432 3236 1498 τέλος
3255 1432 3380 1503 ἔχει
3406 1433 3473 1487 τὸ
3498 1436 3590 1506 τῆς
3638 1437 3711 1491 λύ-

2147 1538 2275 1591 πης.

2215 1636 2364 1703 Φάγε
2391 1636 2491 1706 τὴν
2510 1636 2702 1708 χρείαν
2725 1653 2739 1668 ·
2763 1638 2825 1692 ού
2854 1638 2963 1709 γὰρ
2990 1637 3307 1719 κεκώλυται
3331 1642 3367 1709 ἡ
3416 1641 3554 1709 μετὰ
3596 1659 3708 1713 cup.

2150 1726 2379 1798 μετρίας
2410 1727 2735 1799 μετάληψις.
2764 1730 2915 1800 ⁴ιιάγε
2943 1728 3038 1785 οὖν
3065 1732 3439 1804 εὐχαρίστως,
3496 1732 3620 1788 ἀλλὰ
3652 1736 3709 1807 μὴ

1064 1830 1105 1874 :‘~
1132 1836 1244 1877 non
1296 1831 1481 1877 autent
1529 1822 1759 1880 devora.
1802 1824 2043 1880 Voraces

2164 1818 2499 1891 ιαταφάγῃς.
2521 1821 2585 1875 Ol.
2611 1821 2717 1893 γὰρ
2738 1824 3126 1893 καταφαγάδες
3154 1825 3521 1896 μεμεσηνται.

2221 2014 2336 2078 Πᾶς
2365 2015 2655 2087 ἅνθρωπος
2680 2017 2957 2089 ἄπληστος
2983 2022 3078 2073 καὶ
3122 2021 3453 2092 ἀκόρεστος,
3522 2024 3713 2095 ἀτιμίαν

2149 2106 2242 2160 καὶ
2267 2105 2417 2177 πάθη
2442 2108 2731 2164 ἐπίσταται
2758 2110 2847 2165 διὰ
2874 2111 3351 2184 γαστριμαργίας.

2218 2305 2332 2360 Οὐκ
2358 2305 2562 2375 ἀγαθὸν
2587 2305 2863 2379 ἀνθρώπῳ
2907 2306 3196 2379 γνωστικῷ
3234 2326 3303 2361 τε
3354 2326 3449 2361 και
3507 2307 3706 2381 σώφρονι

2148 2397 2387 2470 ἑλομένῳ
2416 2398 2558 2471 ὑπὲρ
2582 2398 2643 2452 τὸ
2666 2400 2785 2454 δέον
2816 2400 3147 2456 σιτεύεσθαι.
3184 2403 3307 2455 Πᾶν
3342 2401 3405 2455 τὸ
3453 2402 3586 2473 ὑπὲρ
3633 2403 3708 2473 τὴν

2148 2489 2360 2563 χρείαν,
2397 2492 2619 2563 ἀχρεῖον
2635 2492 2977 2550 καθίσταται.

2219 2583 2335 2637 Οὐκ
2362 2577 2541 2648 οἶσθα,
2575 2583 2656 2636 ὅτι
2683 2584 2823 2656 ὑπὲρ
2861 2583 2923 2638 τὸ
2959 2584 3078 2639 δέον
3133 2584 3438 2658 βεϐρωκὼς
3505 2585 3704 2655 Ἰσραὴλ,

2148 2672 2481 2729 ἀπελάκτισε
2513 2675 2768 2750 καθάπερ
2799 2676 3046 2749 ἡμίονος,
3106 2676 3202 2731 καὶ
3232 2678 3457 2748 ἀπέστη
3492 2676 3578 2729 τοῦ
3607 2677 3701 2747 τρέ-

2149 2782 2342 2835 φοντος
2376 2783 2390 2833 ;
2425 2799 2493 2809 —-
2516 2767 2608 2841 Μὴ
2640 2768 2959 2840 βαρυνὲσοω
3005 2769 3068 2823 τὸ
3128 2771 3295 2841 σῶμα
3332 2772 3449 2833 τοῖς
3482 2769 3702 2841 ἀμέτροις

2151 2855 2437 2928 βρώμασίν
2463 2878 2520 2914 τε
2560 2861 2654 2914 καὶ
2683 2860 2965 2932 πώμασιν,
2995 2862 3083 2915 ἵνα
3107 2864 3182 2934 μὴ
3206 2863 3275 2917 ἐκ
3302 2860 3613 2932 πλησμονῆς
3637 2878 3701 2912 νο-

2151 2953 2358 3023 σήματι
2415 2952 2642 3026 βλαϐῇς,
2693 2954 2790 3008 καὶ
2840 2954 2941 3026 τὴν
2991 2953 3172 3026 ψυχὴν
3220 2956 3555 3025 σκοτασμοίς
3576 2970 3702 3024 περι-

2151 3045 2346 3117 ϐάλλῃ,
2382 3045 2475 3099 καὶ
2504 3047 2624 3109 ταῖς
2652 3044 2760 3099 τῶν
2795 3046 3000 3117 ἡδονῶν
3056 3047 3335 3116 φάλαγξιν
3378 3043 3696 3114 ὲκπορευθῇς.

2149 3169 2220 3180 --
2254 3138 2460 3193 Σαυτὸν
2484 3137 2623 3208 ὑπὲρ
2649 3137 2712 3191 τὺ
2735 3137 2855 3191 δέον
2880 3139 3133 3203 σιτεύων,
3157 3138 3393 3209 λέληθας
3426 3138 3514 3191 τὸν
3545 3135 3700 3207 ἐχθρόν

976 3203 993 3215 .
1167 3203 1179 3212 .
1294 3203 1300 3204 γ
1348 3203 1355 3204 γ
1842 3203 2043 3223 την--

457 3226 841 3287 Delicatorum
903 3235 1222 3293 eduliorum
1274 3241 1435 3313 copia
1469 3228 1878 3315 prmgravatus,
1920 3265 2043 3320 per-

2164 3245 2248 3282 :ou
2280 3227 2531 3281 σιτεύων.
2557 3227 2672 3281 Οὐκ
2706 3226 2772 3283 ἂν
2804 3227 2990 3283 δύναιο
3015 3229 3091 3301 τῷ
3120 3229 3359 3283 κλύδωνι
3412 3229 3521 3282 τῶν
3550 3226 3699 3281 παθῶν

463 3321 845 3379 turbationum
895 3324 1089 3383 ﬂuctui
1116 3331 1272 3386 nulla
1307 3349 1483 3403 queas
1516 3338 1737 3393 ratione
1800 3340 2045 3397 relucta-

454 3414 526 3468 ri.
563 3412 921 3473 —Nuntium
950 3419 1108 3477 luxui
1139 3424 1429 3482 remittite.
1471 3426 1610 3483 Nam
1647 3430 1716 3485 ad
1739 3445 1836 3488 eas
1869 3433 2047 3489 actio-

453 3520 555 3561 nes
614 3508 807 3577 trahit,
841 3527 911 3567 ex
951 3513 1161 3583 quibus
1218 3532 1457 3575 excusso
1528 3537 1730 3593 sopore
1802 3527 2047 3596 gemitus

450 3599 722 3657 oriantur.
768 3634 840 3645 -—
885 3604 946 3661 ln
991 3606 1240 3683 ingluvie
1289 3627 1523 3672 venerea
1565 3616 1842 3686 cupiditas
1875 3619 2046 3675 insita

455 3697 643 3746 cst.—
703 3691 900 3766 Operae
935 3697 1178 3768 pretium
1230 3708 1341 3768 est,
1378 3711 1441 3757 ut
1478 3704 1788 3775 saginatam
1817 3723 2046 3765 carnem

455 3792 748 3842 extenues.
819 3785 955 3843 Nam
990 3805 1218 3849 crassus
1252 3804 1444 3852 venter
1487 3797 1756 3855 subtilem
1798 3811 2044 3859 mentem

457 3888 571 3928 non
605 3885 831 3945 generat
864 3896 880 3934 :
909 3895 974 3936 ac
1007 3885 1316 3954 praesertim
1352 3889 1401 3944 is
1431 3889 1528 3954 qui
1560 3889 1737 3947 otium
1767 3895 1925 3960 colit,
1960 3896 2046 3951 in-

455 3966 610 4035 genti
673 3970 974 4029 sobrietate
1021 3989 1166 4046 opus
1201 3976 1387 4037 habet.
1428 4008 1500 4024 -ο
1546 3983 1688 4051 Quid
1748 3987 1917 4044 luxus
1950 4004 2045 4045 os-

456 4060 708 4116 tentandi
747 4064 936 4120 studio
964 4075 1217 4150 tenetur,
1247 4071 1396 4129 haud
1455 4074 1619 4150 longe
1667 4078 1829 4136 abest
1860 4096 1891 4136 a
1932 4094 2047 4137 tar-

455 4156 613 4206 tarea
651 4146 967 4214 Charibde.
991 4189 1062 4203 —~
1101 4159 1181 4219 Ne
1213 4163 1291 4220 sis
1328 4146 1578 4233 nescius,
1612 4169 1734 4226 lana
1771 4172 1876 4228 hac
1908 4191 2039 4230 cor-

453 4242 611 4315 poris
670 4245 954 4316 lirmitale,
988 4259 1043 4307 et
1090 4252 1335 4325 ingentis
1382 4256 1666 4319 fclicitatis
1726 4266 2033 4335 splendore

453 4334 595 4391 nihil
626 4352 750 4394 esse
781 4339 1061 4398 miserius.
1098 4376 1166 4387 ~—-
1193 4344 1507 4419 Operosum
1531 4361 1620 4408 est
1662 4334 2046 4417 inverecunde

453 4427 636 4482 ventri
670 4428 965 4501 imperare.
1000 4433 1050 4491 ls
1084 4437 1235 4493 enim
1263 4439 1402 4498 deus
1428 4451 1737 4502 esteorum
1787 4466 1930 4520 quos
1964 4453 2044 4524 ip-

2150 3321 2498 3392 ἀντιστῆναι,
2529 3321 2954 3392 πεφορτωμένος
2987 3324 3054 3394 τῇ
3090 3322 3348 3394 δαψιλείᾳ
3378 3321 3486 3375 τῶν
3525 3335 3699 3392 τρυφη-

2153 3418 2362 3487 μάτων.
2391 3417 2841 3487 -Παραιτεῖσοε
2871 3417 2928 3470 δὲ
2956 3417 3018 3470 τὸ
3043 3417 3276 3489 τρυφᾷν.
3312 3416 3500 3469 Ἔλκει
3527 3414 3622 3484 γὰρ
3638 3413 3699 3474 εἰς

2151 3510 2403 3580 πράξεις,
2433 3510 2527 3579 ἀφ’
2551 3502 2627 3563 ὧν
2656 3509 2954 3581 στεναγμοὶ
2986 3510 3129 3580 μετὰ
3156 3510 3255 3582 τὴν
3284 3509 3452 3581 νῆψιν
3474 3509 3696 3577 γίνονται.

2151 3632 2219 3643 —-
2245 3603 2531 3673 Ἐμφυτον
2561 3605 2625 3673 τῇ
2663 3603 2953 3675 πλησμονῇ
2990 3602 3140 3673 ἡτοῦ
3193 3603 3391 3675 ἐτέρου
3449 3597 3693 3670 ἐπιθυμία.

2150 3726 2221 3738 —-
2255 3694 2582 3763 Ἀναγκαῖον
2640 3694 2905 3750 λεπτῢναί
2959 3713 3020 3750 σε
3060 3694 3121 3749 τὸ
3167 3694 3442 3764 παχυνθὲν
3492 3690 3694 3762 σαρκίον,

2148 3786 2283 3841 διότι
2313 3790 2515 3860 παχεῖα
2542 3787 2758 3861 γαστὴρ
2785 3787 2984 3842 λεπτὸν
3012 3787 3137 3843 νοῦν
3164 3788 3227 3842 οὐ
3259 3789 3460 3852 τίκτει,
3504 3783 3588 3840 καὶ
3615 3780 3696 3851 μά-

2148 3880 2313 3935 λιστα
2339 3881 2424 3935 ὃτι
2455 3880 2814 3953 σχολαστικὸς
2844 3881 3047 3953 πολλῆς
3076 3882 3294 3955 νήψεως
3323 3882 3510 3934 δεῖται.
3538 3907 3598 3916 -—
3619 3877 3692 3927 Φι-

2149 3973 2369 4044 λήδονος
2415 3974 2510 4028 καὶ
2548 3973 2920 4046 φιλενδείκτης
2951 3973 3235 4044 ὑπάρχων,
3271 3974 3337 4027 οὐ
3367 3969 3573 4043 μακρὰν
3612 3967 3694 4034 dp-

2148 4065 2389 4136 ἐστηκας
2416 4064 2516 4134 τῆς
2548 4063 2885 4137 ταρταρείας
2912 4063 3267 4136 Χαρύϐδεως.
3303 4096 3375 4106 —
3419 4061 3507 4129 Μὴ
3538 4055 3692 4126 ἀγνοή-

2151 4174 2272 4233 σῃς,
2301 4160 2387 4213 ὅτι
2410 4158 2512 4231 τῆς
2542 4157 2985 4229 εὐφραινομένης
3009 4157 3362 4228 εὐδαιμονίας
3381 4155 3526 4209 οὐδὲν
3549 4149 3691 4247 ὑπάρ-

2149 4270 2235 4324 χει
2263 4251 2726 4324 κακοδαιμονέστε
2736 4268 2851 4323 ρον.
2874 4281 2947 4294 —-
2984 4252 3186 4323 Ἔργον
3212 4250 3334 4304 ἐστὶ
3358 4248 3455 4343 τῆς
3479 4242 3687 4343 ἁναιιδοῦς

2148 4345 2388 4417 γαστρὸς
2422 4345 2718 4416 κρατῆσαι.
2760 4345 2894 4408 Θεός
2928 4341 3508 4415 ὲστιτῶνήττωμένων
3526 4336 3687 4401 αὐτῆς,

2149 4439 2241 4491 καὶ
2265 4438 2365 4491 οὐκ
2389 4437 2536 4492 ἔστιν
2554 4436 2878 4508 ὰθωωθῆναι
2910 4436 3002 4491 τὸν
3036 4436 3368 4508 ἀνεχόμενον
3404 4431 3602 4500 ταύτης.

454 4534 517 4574 se
542 4520 763 4578 vicerit.
794 4523 909 4579 Nec
936 4524 1054 4583 ﬁeri
1074 4520 1285 4601 potest,
1319 4542 1379 4589 ut
1410 4537 1585 4607 quise
1611 4541 1661 4595 ei
1691 4542 1920 4613 addicit,
1959 4520 2040 4601 in-
2078 4545 2126 4603 D

455 4626 590 4668 80118
623 4626 861 4672 maneat.

458 4722 595 4781 TIT.
636 4726 868 4786 Xl\'.—
903 4734 984 4794 De
1015 4738 1083 4794 iis
1126 4741 1221 4811 qui
1247 4740 1490 4812 linguam
1524 4762 1678 4802 suam
1708 4751 2043 4807 cuslcdiuut.

524 4883 629 4937 Job
680 4901 867 4955 xxvu,
909 4891 965 4947 4.
1019 4924 1091 4935 __
1128 4912 1149 4946 ι
1183 4892 1304 4951 Non
1358 4896 1655 4968 loquentur
1720 4902 1864 4958 labia
1926 4920 2046 4961 mea

455 4975 834 5046 iniquitatem,
862 4997 968 5038 nec
989 4987 1177 5041 anima
1207 5003 1329 5045 mea
1371 4991 1737 5049 meditabitur
1770 4995 2037 5066 injustaa

534 5065 693 5123 Prov.
727 5085 844 5139 xxi,
882 5072 970 5129 l9.
996 5106 1064 5117 -—
1101 5096 1123 5132 ι
1160 5077 1219 5135 Si
1255 5096 1454 5153 pareas
1518 5085 1711 5154 labiis,
1769 5065 2039 5147 cordatus

457 5174 593 5215 CI‘IS.
624 5178 644 5213 ι

529 5249 691 5308 Prov.
713 5267 839 5318 xm,
870 5253 926 5311 5.
952 5285 1021 5298 -—-
1058 5275 1078 5312 ι
1112 5257 1218 5326 Qui
1252 5265 1503 5349 custodit
1557 5267 1801 5341 linguam
1865 5288 2046 5340 suam,

466 5343 714 5409 custodit
745 5345 987 5407 animam
1020 5364 1202 5409 suam.
1240 5372 1260 5409 ι

534 5432 694 5489 Prov.
730 5449 863 5492 xvm
886 5476 902 5502 ,
934 5436 1023 5493 18.
1060 5470 1131 5482 -
1168 5459 1190 5495 ι
1223 5443 1654 5504 Altcrcalionem
1719 5451 1880 5508 sedat
1912 5452 2049 5508 taci-

392 5538 409 5545 “
462 5534 685 5583 turnus.

539 5641 557 5672 ‹
609 5621 711 5688 Qui
748 5634 895 5680 amat
924 5626 1090 5682 vitam
1128 5645 1307 5696 suam,
1336 5633 1511 5702 parcit
1534 5636 1620 5691 ori
1659 5652 1777 5692 suo.
1810 5656 1829 5691 ι

536 5713 698 5769 Prov.
735 5732 807 5782 IV,
831 5719 922 5773 24.
974 5750 1043 5760 —-
1079 5740 1098 5774 ι
1128 5720 1297 5778 Aufer
1335 5741 1365 5780 a
1391 5732 1445 5783 te
1475 5743 1539 5785 os
1593 5743 1915 5800 perversum
1945 5750 1957 5788 ε
1996 5737 2046 5788 ct

473 5803 680 5873 iniusta
708 5807 859 5865 labia
887 5811 1097 5884 expelle
1133 5828 1162 5868 a
1194 5822 1267 5872 te.
1305 5834 1325 5870 ι

2149 4745 2331 4799 ἸΊΤΛ.
2377 4744 2471 4799 ΙΔ’.
2490 4774 2559 4784 -—
2585 4744 2721 4813 Περὶ
2747 4744 2864 4798 τῶν
2896 4744 3010 4814 τὴν
3041 4742 3274 4801 ἑαυτῶν
3303 4740 3576 4814 γλῶσσαν
3592 4750 3682 4804 φυ-

2766 4817 3133 4871 λαττόντων.

2226 4930 2243 4962 ι
2290 4909 2366 4963 Οὐ
2395 4907 2619 4979 λαλήσει
2651 4909 2718 4962 τὰ
2742 4908 2893 4980 χείλη
2927 4927 3029 4981 μου
3057 4909 3125 4964 τὰ
3147 4908 3346 4980 ἄνομα,
3379 4904 3538 4974 οὐδὲή
3564 4897 3679 4969 ψυκῆ

2152 5020 2252 5074 μου
2289 5000 2578 5073 μελετήσει
2608 5002 2790 5057 ἄδικα.
2828 5021 2846 5054 ι

2224 5115 2245 5148 ι
2281 5095 2602 5165 Φειδόμενος
2624 5095 2874 5166 χειλέων,
2909 5094 3267 5167 νοήμωνὲσῃ.
3307 5113 3327 5146 ι

2228 5295 2248 5327 ι
2291 5275 2389 5338 Ὃς
2423 5272 2691 5343 φυλάσσει
2715 5273 2777 5326 τὸ
2791 5271 2989 5327 ἑαυτοῦ
3016 5272 3211 5344 στόμα,
3264 5273 3422 5344 τηρεῖ
3453 5268 3541 5339 τὴν
3575 5261 3672 5314 ἐαυ-

2147 5368 2243 5422 τοῦ
2268 5367 2467 5439 ψυχήν.
2509 5386 2528 5418 ι

2226 5480 2246 5513 ‹
2300 5458 2636 5528 Ἀντιλογίαν
2664 5458 2895 5530 πραΰνει
2922 5456 3171 5530 σιγηρός.
3208 5475 3230 5510 ι

2227 5656 2245 5690 ι
2279 5635 2538 5703 ’Δγαπῶν
2553 5635 2700 5707 ζωὴν
2724 5633 2910 5699 αὐτοῦ,
2933 5634 3174 5703 φείδεται
3205 5633 3461 5705 στόματος
3491 5623 3658 5679 αὐτον.)

2228 5749 2244 5779 ι
2276 5727 2499 5799 ιῐερίελε
2524 5712 2753 5782 σεαύτοῦ
2774 5726 2986 5783 σκολιὸν
3015 5728 3208 5798 στόμα,
3241 5727 3332 5781 καὶ
3379 5724 3520 5781 ἄδικα
3547 5707 3661 5784 χείλη

2152 5824 2367 5876 ἄπωσαι
2400 5819 2508 5876 ἀπὸ
2540 5821 2654 5875 σοῦ.
2688 5839 2707 5871 ι
