3960 6414
282 315 417 383 1345

1531 326 1771 384 SACRA
1810 326 2261 389 PARALLELA

3407 337 3547 402 1326

276 433 371 488 καὶ
396 431 594 504 μοχλόν
620 444 634 461 ·
675 429 912 503 πρόσεχε
945 430 1157 502 μήπως
1190 430 1484 504 ὁλισθήσῃς
1513 436 1570 487 ὲν
1597 435 1770 505 αὐτῷ,
1790 466 1855 476 ς..

1968 451 2130 491 nuam
2164 448 2220 494 et
2258 445 2444 495 vectes
2477 459 2489 496 :
2526 444 2748 499 attende
2797 459 2866 500 ne
2907 442 3048 498 forte
3080 445 3288 503 labaris
3334 449 3544 518 lingua.

276 524 471 580 Πολλοὶ
499 523 702 577 ἔπεσαν
741 523 800 575 ὲν
847 521 1078 592 στόματι
1119 522 1416 596 μαχαίρας,
1453 527 1550 578 καὶ
1575 527 1676 597 οὐχ
1695 526 1770 591 ώς
1804 527 1855 579 οί

1968 559 2026 567 -
2055 528 2213 584 Multi
2246 532 2570 588 ceciderunt
2623 536 2678 589 in
2715 550 2814 591 ore
2870 536 3033 606 gladii

275 617 628 681 πεπτωκότες
661 615 749 670 διὰ
777 616 1052 685 γλώσσης.
1094 633 1114 667 ι

349 728 367 759 ι
396 708 466 761 Εἴ
506 725 591 771 τις
625 708 684 760 ὲν
733 706 877 775 λόγῳ
907 706 967 758 οὐ
1009 706 1217 773 πταίει,
1248 700 1401 772 οὗτος
1441 708 1647 775 τέλειος
1687 711 1851 783 ἀνὴρ,

267 800 569 870 δυνάμενος
600 797 1051 869 χαλιναγωγῆσαι
1085 799 1179 852 καὶ
1219 800 1341 854 ὅλον
1383 803 1444 855 τὸ
1490 801 1671 873 σῶμα.
1705 804 1768 857 Εἰ
1795 804 1854 859 δὲ

268 889 377 942 τῶν
403 889 583 942 ἵππων
635 888 762 952 τοὺς
798 887 1051 959 χαλινοὺς
1080 889 1162 952 εἰς
1201 889 1270 942 τά
1316 890 1561 961 στόματα
1586 891 1853 964 βάλλομεν

268 982 351 1046 είς
375 983 436 1035 τδ
467 980 756 1035 πείθεσθαι
795 980 995 1044 αὐτοὺς
1025 982 1178 1052 ἡμῖν,
1211 982 1305 1035 καὶ
1326 982 1447 1036 ὅλον
1479 983 1540 1037 τὸ
1568 984 1726 1056 σῶμα
1754 987 1853 1039 αὐ-

265 1071 378 1126 τῶν
411 1071 726 1142 μετάγομεν
749 1086 763 1100 ⁸
810 1070 922 1124 ίδοὺ
952 1072 1049 1125 καὶ
1073 1071 1142 1124 τά
1171 1071 1334 1125 πλοῖα
1366 1073 1669 1143 τηλικαῦτα
1695 1074 1848 1142 ὄντα,

265 1164 362 1217 καὶ
387 1163 493 1216 ὑπὸ
522 1163 744 1232 ἀνέμων
771 1161 1027 1236 σκληρῶν
1050 1162 1388 1234 ἐλαυνόμενα
1421 1152 1718 1236 μετάγεται
1745 1167 1853 1222 ὑπὸ

263 1256 551 1327 ἐλαχίστου
583 1253 868 1326 πηδαλίου,
891 1255 1028 1308 ὅπου
1054 1253 1122 1308 ἂν
1153 1256 1187 1326 ὴ
1224 1255 1369 1327 ὁρμὴ
1401 1257 1496 1309 τοῦ
1535 1257 1851 1323 εὐθύνοντος

265 1350 519 1420 βούλεται
541 1365 554 1378 ’
588 1347 759 1412 οὕτως
787 1350 883 1403 καὶ
913 1350 945 1419 ἠ
976 1348 1199 1417 γλῶσσα
1233 1351 1468 1422 σμικρὸν
1514 1350 1678 1421 μέλος
1707 1352 1846 1419 ἐστὶ,

265 1444 361 1498 καὶ
398 1441 755 1513 μεγαλαυχεί.
804 1440 934 1494 ’ἰδοὺ
973 1440 1154 1509 ὀλίγον
1188 1439 1302 1513 πῦρ
1342 1441 1540 1513 ἡλίκην
1562 1442 1715 1515 ,ὓλην
1752 1446 1850 1499 άνο

263 1538 428 1591 ἅπτει
452 1537 466 1587 l
501 1533 611 1587 Καὶ
631 1534 665 1605 ή
689 1532 912 1602 γλῶσσα
941 1531 1074 1603 πῦρ,
1096 1534 1126 1586 ὁ
1157 1533 1363 1604 κόσμος
1390 1535 1488 1606 τῆς
1509 1536 1745 1600 ἀδικίας.
1784 1538 1850 1591 Ἡ

263 1628 488 1696 γλῶσσα
517 1625 844 1679 καθίσταται
895 1625 954 1679 ὲν
1003 1627 1118 1689 τοῖς
1168 1625 1393 1695 μέλεσιν
1426 1627 1606 1699 ήμῶν,
1646 1630 1679 1700 ὴ
1721 1646 1849 1682 σπι-

260 1717 433 1771 λοῦσα
462 1717 582 1771 ὅλον
611 1716 672 1770 τὸ
698 1716 880 1787 σῶμα,
915 1717 1011 1770 καὶ
1040 1715 1375 1786 φλογίζουσα
1400 1718 1493 1773 τὸν
1522 1721 1717 1790 τροχὸν
1748 1722 1847 1792 τῆς

3083 554 3097 588 :
3141 539 3238 593 sed
3284 554 3394 593 non
3440 541 3544 606 sic,

1954 619 2106 674 velut
2137 622 2232 692 qui
2266 623 2597 679 interierunt
2632 642 2728 696 per
2756 628 3022 698 linguan‘i.
3053 649 3072 681 ι

2024 710 2150 766 Jac.
2195 730 2278 777 ιιι,
2308 713 2476 782 2,“.
2507 747 2570 755 —
2619 736 2640 769 ι
2679 718 2735 772 Si
2763 720 2888 789 quis
2927 722 2982 775 in
3020 723 3188 777 verbo
3227 739 3336 778 non
3375 725 3547 780 oll'en-

1952 801 2056 866 dit,
2094 803 2184 858 hic
2215 814 2301 859 est
2337 806 2616 876 perfectus
2650 809 2772 875 vir;
2815 819 3009 880 potens
3043 813 3209 867 etiam
3243 814 3401 869 freno
3439 831 3547 870 ctr-

1953 895 2293 953 cumducere
2325 907 2498 953 totum
2536 914 2777 970 corpus.
2817 898 2875 957 Si
2903 912 3084 958 autem
3116 908 3275 976 equis
3304 909 3454 962 frena
3487 910 3545 963 in

1952 1000 2049 1039 ora
2088 987 2361 1044 mittimus
2392 989 2458 1043 ad
2489 992 2953 1046 consentiendum
2980 993 3164 1060 nobis,
3188 995 3352 1049 etiam
3380 1014 3545 1055 omne

1951 1091 2154 1146 corpus
2185 1078 2404 1133 illorum
2438 1079 2888 1136 circmnferimus
2925 1101 2938 1136 :
2965 1091 3020 1136 et
3040 1098 3174 1138 ecce
3205 1100 3396 1150 naves,
3416 1086 3544 1143 eum

1952 1183 2167 1239 magna:
2199 1169 2330 1238 sint,
2362 1179 2416 1225 et
2463 1187 2491 1225 a
2521 1173 2702 1229 ventis
2735 1174 2939 1230 validis
2974 1175 3277 1240 minentur,
3307 1178 3546 1233 circum-

1952 1259 2208 1317 feruntur
2242 1277 2273 1318 a
2301 1264 2523 1318 modico
2561 1264 2959 1335 gubernaculo,
2995 1266 3088 1320 ubi
3130 1267 3370 1338 impetus
3403 1269 3546 1324 diri-

1950 1355 2132 1423 gentis
2186 1356 2424 1411 voluerit
2471 1374 2486 1410 :
2542 1357 2617 1410 ita
2667 1364 2723 1412 et
2776 1357 2964 1427 lingua
3013 1358 3287 1413 modicum
3321 1361 3544 1431 quidem

1950 1446 2260 1501 membrum
2294 1454 2398 1512 est,
2420 1457 2475 1502 et
2508 1463 2706 1519 magna
2732 1450 2957 1504 exaltat.
2989 1447 3134 1507 Ecce
3159 1466 3362 1522 parvus
3402 1453 3546 1525 ignis

1950 1551 2116 1604 quam
2149 1551 2402 1608 magnam
2429 1538 2625 1592 silvam
2655 1538 2901 1595 incendit
2926 1541 2939 1594 ε
2970 1539 3037 1594 Ει
3066 1541 3252 1611 lingua
3274 1543 3418 1614 ignis
3436 1554 3542 1610 est.

1952 1631 2293 1686 universitas
2366 1631 2709 1701 iniquitatis.
2783 1630 2996 1701 Lingua
3062 1635 3541 1689 constituitur'in

1953 1721 2218 1775 membris
2249 1722 2479 1788 nosuis,
2524 1738 2649 1791 qua:
2688 1723 2934 1776 maculat
2979 1732 3155 1777 totum
3213 1738 3443 1796 corpus,
3488 1734 3545 1780 et

259 1809 554 1878 γενέσεως,
586 1807 682 1863 καὶ
720 1784 1089 1878 φλογιζομένη
1124 1784 1234 1860 ὑπὸ
1270 1808 1372 1879 τῆς
1414 1784 1661 1881 γεέννηςξ
1690 1784 1848 1866 Πᾶσα

1977 1808 2259 1865 nllammat
2284 1820 2462 1865 rotam
2495 1812 2805 1867 nativitatis
2829 1820 3052 1878 nostrae,
3083 1822 3138 1868 et
3169 1784 3544 1870 inﬂammatur

259 1901 375 1972 γάρ
403 1899 565 1969 φύσις
601 1898 805 1970 θηρίων
842 1915 903 1951 τε
947 1902 1043 1952 καὶ
1070 1899 1354 1964 πετεινῶν,
1387 1900 1635 1970 ἑρπετῶν
1664 1919 1723 1955 τε
1755 1903 1850 1957 καὶ

256 1993 488 2046 ἐναλίων
525 1988 826 2061 δαμάζεται
853 1988 946 2042 καὶ
973 1988 1310 2060 δεδάμασται
1339 1993 1405 2061 τῇ
1442 1990 1603 2060 φύσει
1656 1993 1721 2063 τῇ
1758 1992 1852 2047 άν-

255 2084 538 2155 θρωπίνῃ,
589 2082 687 2152 τὴν
733 2082 790 2136 δὲ
839 2081 1095 2149 γλῶσσαν
1135 2082 1309 2146 οὐδεὶς
1356 2083 1582 2137 δύναται
1638 2082 1852 2154 ἀνθρώ-

252 2194 380 2230 πων
417 2176 691 2246 δαμάσαιο
749 2177 1126 2245 ἀκατάσχετον
1172 2175 1366 2241 κακὸν,
1426 2176 1602 2249 μεστὴ
1635 2178 1715 2232 ίοῦ
1757 2179 1853 2230 θα-

252 2270 596 2340 νατηφόρου.
628 2267 717 2321 Ἐν
752 2267 890 2338 αὐτῇ
926 2266 1258 2338 εὐλογοῦμεν
1288 2267 1380 2321 τὸν
1421 2268 1557 2323 Θεὸν
1607 2270 1703 2323 καὶ
1733 2272 1851 2324 Πα-

249 2364 419 2434 τέρα,
452 2360 549 2415 καὶ
606 2361 665 2412 ὲν
717 2359 856 2430 αὐτῇ
911 2358 1287 2430 καταρώμεθα
1336 2361 1466 2424 τοὺς
1527 2361 1853 2433 ἀνθρώπους

247 2455 381 2517 τοὺς
435 2451 559 2505 καθ’
595 2451 859 2522 ὁμοίωσιν
888 2449 1025 2503 Θεοῦ
1070 2452 1387 2521 γεγονότας.
1432 2453 1529 2507 Ἐκ
1556 2452 1652 2506 τοῦ
1683 2455 1851 2508 αὐτοῦ

247 2547 534 2617 στόματος
569 2544 851 2616 ἐξέρχεται
898 2544 1121 2611 εὐλογία
1166 2534 1263 2599 καὶ
1304 2545 1543 2618 κατάρα.
1607 2547 1684 2600 Οὐ
1717 2548 1846 2619 χρὴ,

249 2636 485 2705 ἀδελφοί
515 2653 640 2705 μου.
665 2637 757 2707 Μή
787 2653 840 2689 τι
874 2636 910 2704 ἠ
939 2635 1092 2705 πηγὴ
1126 2636 1191 2689 ἐκ
1214 2636 1315 2707 τῆς
1338 2636 1509 2706 αὐτῆς
1529 2636 1670 2708 ὀπῆς
1699 2636 1853 2708 βρύει

1951 1914 1983 1953 a
2015 1900 2287 1969 gehenna.
2322 1900 2518 1956 Omnis
2549 1904 2695 1957 enim
2737 1912 2939 1958 natura
2985 1904 3315 1972 bestiarum,
3351 1917 3403 1963 et
3447 1923 3543 1963 vo-

1954 1991 2196 2055 lucrum,
2229 2001 2282 2046 et
2316 1993 2681 2063 serpentium,
2720 2004 2776 2051 et
2813 1995 3141 2065 aquatilium
3171 1997 3454 2065 domatur,
3486 2009 3544 2055 et

1952 2081 2161 2137 domita
2188 2092 2275 2138 est
2307 2097 2337 2136 a
2379 2091 2578 2140 natura
2611 2087 2871 2141 humana.
2895 2086 3167 2158 Linguam
3203 2100 3383 2145 autem
3417 2094 3544 2146 nul-

1954 2174 2041 2229 lus
2086 2173 2372 2231 hominum
2416 2175 2642 2231 domare
2689 2184 2895 2248 potest,
2950 2177 3258 2248 inquietum
3310 2181 3541 2246 malum,

1954 2265 2117 2336 plena
2150 2282 2361 2322 veneno
2390 2268 2697 2324 mortifero.
2730 2269 2787 2322 In
2819 2270 2937 2339 ipsa
2965 2270 3345 2327 benedicimus
3372 2271 3543 2328 Deum

1952 2362 2008 2409 et
2040 2353 2358 2421 Patrem,et
2386 2358 2440 2412 in
2476 2358 2595 2429 ipsa
2627 2358 3007 2414 maledicimus
3045 2359 3297 2416 homines
3331 2346 3423 2431 qui
3475 2364 3545 2417 ad

1954 2446 2375 2503 similitudinem
2411 2449 2504 2505 Dei
2542 2449 2671 2505 facti
2712 2460 2864 2507 sunt.
2898 2450 2972 2505 Ex
3010 2452 3133 2522 ipso
3157 2467 3255 2508 ore
3299 2454 3547 2524 procedit

1956 2539 2264 2595 benedictio
2287 2549 2341 2596 et
2367 2541 2700 2595 maledictio.
2728 2541 2846 2596 Non
2884 2551 3123 2614 oportet,
3169 2544 3373 2600 fratres
3411 2548 3541 2601 mei.

1953 2627 2212 2701 Nunquid
2252 2630 2376 2687 fons
2406 2630 2474 2685 de
2511 2631 2706 2687 eodem
2740 2630 3015 2687 foramine
3063 2643 3284 2689 emanat
3325 2635 3545 2690 dulcem

1954 2732 2010 2780 et
2046 2738 2288 2779 amaram
2323 2724 2559 2795 aquam?
2586 2743 2606 2776 ι

2028 2814 2188 2887 Creg.
2234 2813 2376 2869 Naz.
2404 2846 2475 2856 —
2508 2813 2843 2872 lmmodicus
2883 2831 3067 2872 sermo
3102 2817 3329 2873 auribus
3363 2817 3547 2874 inimi-

1957 2921 2058 2964 cus
2093 2917 2202 2974 est,
2241 2908 2389 2964 haud
2422 2923 2588 2965 secus
2617 2915 2784 2979 atque
2809 2908 3212 2965 immoderatus
3243 2910 3403 2966 cibus
3426 2927 3547 2967 cor-

1959 3001 2106 3072 pori.

2031 3092 2225 3165 Ejusd.
2257 3102 2397 3148 orat.
2438 3093 2494 3149 2.
2518 3123 2590 3133 —
2627 3091 2807 3149 Ruina
2860 3094 3185 3153 hominibus
3220 3105 3305 3153 est
3339 3097 3546 3169 lingua,

1962 3203 2086 3260 qua:
2116 3189 2329 3243 ratione
2360 3202 2468 3242 non
2501 3187 2868 3257 gubernatur.

2041 3279 2415 3351 Chrysost.—
2451 3279 2646 3334 Sermo
2709 3288 2915 3335 temere
2975 3280 3235 3351 profusus
3302 3282 3550 3353 integras

1960 3373 2156 3429 domos
2201 3360 2451 3439 evertit;
2477 3374 2801 3442 animasque
2854 3372 3099 3442 perdidit
3128 3378 3183 3427 et
3216 3364 3545 3428 submersit.

1960 3468 2038 3523 Ac
2073 3468 2435 3539 pecuniarum
2473 3466 2637 3539 [‘22
2674 3465 2893 3537 quidem
2916 3467 3134 3536 jactura
3172 3466 3369 3520 sarciri
3425 3482 3547 3520 rur—

1960 3577 2083 3618 sum
2116 3568 2300 3631 potest
2340 3578 2352 3613 :
2408 3574 2594 3614 sermo
2643 3565 2852 3626 autem,
2902 3559 2994 3613 ubi
3016 3557 3202 3613 semel
3255 3557 3546 3623 exsilierit,

1961 3654 2152 3725 nequit
2181 3654 2380 3708 iterum
2413 3651 2763 3721 recuperari.

2033 3745 2226 3816 Cgrill.
2264 3775 2334 3784 ——
2359 3742 2698 3798 Hirnndines
2725 3741 2890 3796 domo
2923 3741 3090 3795 nolite
3115 3739 3411 3810 excipere;
3446 3738 3551 3795 hoc

1967 3846 2052 3895 est
2083 3877 2099 3903 ,
2137 3837 2392 3908 garrulos
2439 3836 2711 3903 homines,
2751 3841 2805 3889 et
2838 3834 3062 3905 procaci
3107 3832 3314 3904 lingua,
3352 3842 3552 3889 contu-

1962 3927 2221 3984 bernales
2248 3934 2465 3980 vestros
2494 3924 2725 3979 minime
2758 3921 2944 3978 facite.

2033 3996 2238 4071 Euseb.
2262 4045 2331 4057 -—
2355 4013 2569 4086 Lingua
2608 4029 2845 4084 nequam
2881 4013 3145 4075 hominis,
3178 4013 3338 4068 ruina
3376 4013 3552 4083 ipsius

1965 4119 2074 4166 est.
2105 4088 2463 4178 Rursumque
2488 4105 2658 4161 David
2701 4123 2716 4160 :
2756 4104 2966 4174 Lingua
3005 4114 3097 4159 tua
3128 4107 3265 4160 sicut
3294 4107 3554 4161 novacula

1964 4204 2141 4276 fecisti
2169 4201 2352 4255 dolum
2378 4196 2557 4270 (Psal.
2593 4214 2671 4262 LI,
2696 4198 2775 4269 4).
2813 4199 2878 4253 Et
2935 4198 3137 4254 iterum
3168 4218 3181 4253 :
3215 4198 3360 4264 Quid
3397 4200 3554 4254 detur

249 2729 315 2782 τὸ
348 2728 550 2797 γλυκὺ,
577 2729 757 2781 καὶτὸ
789 2731 985 2801 πικρόν
1006 2746 1020 2796 ;
1044 2747 1062 2779 ι

326 2816 516 2890 Κόρος
564 2823 727 2892 λόγου
775 2823 1037 2895 πολέμιος
1075 2824 1289 2889 ἀκοαῖς,
1322 2821 1398 2888 ὡς
1434 2822 1855 2894 ὑπερϐάλλουσα

249 2913 443 2985 τροφὴ
485 2913 726 2985 σώματι.

332 3095 596 3161 Ὄλισθος
646 3095 960 3168 ἀνθρώποις
992 3095 1238 3165 γλῶσσα,
1272 3096 1352 3169 μὴ
1384 3096 1533 3170 λόγῳ
1579 3097 1857 3168 κυϐερνω-
1885 3126 1930 3185 C

298 3191 426 3246 ἑνη.
880 3210 889 3217 ’

249 3208 517 3346 μελτὲγος
552 3278 741 3343 ἁπλῶς
772 3279 1167 3351 προσενεχθεὶς
1199 3279 1529 3351 ὀλοκλὴρσυς
1555 3280 1859 3353 ἀνέτρεψεν

164 3358 169 3365 ί
241 3372 465 3438 οἰκίας,
506 3374 601 3426 καὶ
632 3372 812 3443 ψυχὰς
844 3372 1097 3426 ἀπώλεσε
1149 3373 1246 3426 καὶ
1278 3371 1567 3427 κατέδυσε.
1605 3373 1717 3427 Καὶ
1748 3374 1861 3430 τῶν

243 3464 358 3535 μὲν
388 3464 707 3535 χρημάτων
750 3463 848 3533 τὴν
899 3463 1107 3535 ζημίαν
1149 3462 1498 3535 διορθοῦσθαι
1544 3464 1707 3519 πάλιν
1756 3463 1858 3532 ἔνι,

238 3560 414 3628 λόγον
449 3556 518 3610 δὲ
560 3556 950 3628 ὲκπηδήσαντα
987 3554 1138 3621 ἆπαξ
1182 3556 1492 3626 ἀνακτῆσαι
1540 3556 1705 3612 πάλιν
1759 3559 1860 3611 οὐκ

236 3651 348 3707 ἔνι.

312 3743 416 3813 Μὴ
445 3739 753 3812 χελιδῶνας
787 3741 868 3804 εἰς
899 3739 1077 3801 οἰκίας
1105 3737 1350 3811 δέχεσθε,
1386 3741 1637 3796 τουτέστι
1664 3741 1861 3807 λάλους

229 3833 618 3907 ἀνθρώπους,
683 3831 780 3886 καλ⁵
850 3831 978 3895 τοὺς
1032 3830 1166 3902 περὶ
1222 3829 1479 3900 γλῶσσαν
1530 3833 1862 3905 άνακρατεῖς

223 3927 600 4000 ὁμωροφίους
631 3925 709 3996 μὴ
742 3923 1009 3979 ποιεῖσθε.

304 4019 570 4073 nam:
603 4017 749 4086 κακὴ
772 4015 1084 4083 ἀνθρώπου,
1117 4013 1330 4080 πτῶσις
1379 4014 1550 4085 αὐτῷ.
1598 4017 1710 4070 Καὶ
1748 4016 1859 4072 πά-

221 4114 319 4168 λιν
350 4129 365 4142 ·
437 4112 533 4165 Ἰλ
580 4106 838 4178 γλῶσσά
895 4122 1034 4172 σου,
1093 4105 1187 4161 ἀεὶ
1246 4104 1434 4175 ξυρὸν
1477 4106 1861 4176 ἠκονημένον

231 4207 568 4275 ἐποίησας
619 4201 828 4255 δόλον.
876 4200 987 4252 Καὶ
1032 4198 1237 4252 πάλιν⁹
1294 4199 1357 4252 Τί
1407 4197 1633 4267 δοθείη,
1670 4199 1767 4253 καὶ
1803 4200 1863 4254 τί

230 4295 629 4371 προστεθείη
663 4310 762 4349 σοι
791 4293 944 4361 πρὸς
975 4290 1269 4364 γλῶσσαν
1306 4291 1564 4357 δο.ιι⁸αν;
1606 4294 1715 4347 Καὶ
1756 4292 1855 4347 πά-

1968 4296 2083 4363 tibi,
2118 4304 2211 4349 aut
2240 4293 2368 4365 quid
2400 4300 2700 4362 apponatur
2750 4290 2845 4344 tibi
2883 4291 2952 4346 ad
2986 4293 3220 4362 linguam
3253 4290 3495 4346 dolosam
3527 4293 3554 4348 .’

229 4393 324 4446 λιν
344 4408 359 4421 ·
399 4392 474 4444 '0
508 4389 659 4454 Θεὸς
681 4387 795 4455 τὴν
817 4385 1059 4441 αινεσίν
1086 4402 1205 4455 μου
1233 4384 1322 4454 μὴ
1353 4385 1855 4456 παρασιωπήσῃς,

1968 4386 2146 4461 (Psal.
2175 4400 2325 4449 CXIX,
2346 4384 2427 4454 5.)
2453 4382 2519 4437 Et
2548 4384 2605 4437 in
2633 4382 2743 4436 alio
2767 4381 2890 4437 loco
2917 4402 2930 4437 :
2961 4381 3122 4446 Deus,
3147 4381 3359 4437 laudem
3382 4398 3553 4436 nteant

230 4485 331 4539 ὅτι
373 4483 598 4551 στόμα
628 4476 1006 4549 ἁμαρτωλοὶ),
1036 4476 1134 4530 καί
1164 4477 1362 4547 στόμα
1397 4476 1609 4532 δολίου
1635 4479 1727 4532 ἐπ’
1755 4477 1855 4548 ἐμὲ

1968 4494 2028 4534 ne
2055 4476 2306 4542 tacueris,
2336 4475 2463 4546 quia
2488 4490 2545 4528 os
2574 4473 2871 4543 peccatoris
2901 4484 2949 4526 et
2989 4488 3047 4527 os
3073 4471 3246 4525 dolosi
3281 4487 3440 4541 super
3473 4488 3553 4526 me

225 4574 547 4644 ἠνοίχθη.
575 4570 685 4623 Καὶ
720 4568 882 4622 πάλιν
903 4584 920 4602 ο
964 4567 1312 4635 ἸΙκόνησαν
1336 4568 1631 4638 γλῶσσαν
1661 4567 1855 4625 αὐτῶν

1968 4580 2203 4640 apertum
2232 4577 2309 4622 est
2360 4565 2536 4635 (Psal.
2577 4580 2734 4628 CVIII,
2782 4563 2880 4636 2).
2939 4565 3007 4618 Et
3054 4563 3184 4617 alibi
3227 4580 3240 4618 :
3279 4566 3552 4617 Acueruut

222 4667 389 4722 ὡσεὶ
424 4665 668 4735 ὄφεως·
701 4663 790 4729 ἰὸς
829 4661 1107 4716 ἀσπίδων
1145 4660 1266 4716 ὑπὸ
1314 4661 1385 4716 τὰ
1424 4661 1599 4731 χείλη
1639 4661 1855 4716 αὐτῶν.

1968 4665 2177 4734 linguas
2204 4678 2332 4717 suas
2381 4661 2522 4715 sicut
2570 4658 2850 4726 serpentis,
2883 4672 3135 4712 venenum
3176 4657 3425 4725 aspidum
3455 4655 3552 4709 sub

225 4758 346 4811 Τὸν
380 4757 525 4824 ὅφιν
556 4754 779 4822 λέγεται
806 4751 979 4806 δεινὸν
1020 4750 1166 4822 ἔχειν
1194 4750 1254 4804 τὸ
1288 4752 1517 4823 κέντρον
1552 4752 1652 4823 τῆς
1685 4753 1855 4822 γλώσ-

1968 4757 2124 4812 labiis
2154 4771 2338 4811 eorum
2392 4752 2570 4825 (Psal.
2627 4767 2868 4818 cuxrx,
2909 4750 3001 4816 4).
3064 4749 3351 4818 Serpentis
3398 4747 3554 4801 aiunt

225 4870 342 4923 σης
369 4845 589 4912 αὐτοῦ,
617 4844 732 4899 ἀλλ’
760 4844 862 4897 οὐκ
901 4843 1018 4896 ἔστι
1047 4844 1348 4914 δεινότερον
1376 4841 1630 4914 γλώσσης
1652 4843 1855 4913 ἀνθρώ-

1968 4859 2209 4904 atrocem
2264 4847 2465 4919 linguae
2514 4844 2770 4900 aculeum
2813 4856 2986 4899 esse:
3041 4856 3231 4896 verum
3275 4838 3411 4894 nihil
3461 4839 3555 4897 ille

224 4961 345 5000 που
421 4939 648 5008 κακῆς.
695 4937 928 5006 Λέγεται
970 4934 1065 4988 καὶ
1113 4933 1292 5006 σαῦρα
1337 4933 1546 5005 χλωρά,
1600 4934 1715 4988 ἀλλ’
1759 4934 1855 4988 οὐκ

1968 4942 2206 4999 atrocior
2246 4947 2333 4996 est
2386 4939 2528 4995 mala
2583 4937 2827 4993 hominis
2878 4936 3087 5007 lingua.
3133 4933 3349 4989 Dicitur
3382 4932 3555 4988 etiam

222 5039 358 5092 ἔστι
414 5029 760 5106 χλωροτέρα
802 5026 896 5080 τοῦ
929 5025 1197 5099 φλυάρου.
1238 5026 1512 5098 Σκορπίου
1556 5025 1744 5097 δῆγμα
1774 5025 1855 5079 θε‹

1968 5040 2173 5092 lacerta
2200 5034 2449 5098 decolor,
2481 5031 2577 5089 sed
2622 5047 2686 5087 ea
2719 5029 2947 5086 decolor
2980 5028 3157 5098 magis
3193 5042 3301 5082 non
3332 5033 3419 5081 est
3450 5025 3555 5079 ho-

226 5127 604 5202 ραπεύεται,
625 5120 783 5190 λόγος
822 5119 881 5172 δὲ
913 5116 1084 5182 κακὸς
1114 5117 1472 5189 ἐξερχόμενος
1498 5121 1563 5171 ἐκ
1596 5119 1855 5189 στόματος

1968 5131 2118 5187 mine
2173 5130 2358 5199 inepte
2415 5124 2659 5197 loquaci.
2703 5122 2925 5194 Scorpii
2977 5135 3201 5177 morsus
3251 5119 3557 5175 remedium

223 5217 511 5293 φλυάρου
548 5212 788 5283 πλὴσσει
834 5211 927 5264 τὸν
973 5208 1205 5281 πλησίον
1248 5207 1435 5262 αὐτοῦ.
1466 5208 1644 5278 Φλόγα
1695 5209 1855 5281 πυρὸς

1969 5221 2214 5278 admittit
2247 5236 2262 5274 :
2299 5228 2356 5275 at
2391 5233 2576 5275 sermo
2608 5216 2791 5272 malus
2837 5230 2908 5270 ex
2951 5212 3236 5285 nugatoris
3274 5226 3369 5266 ore
3399 5225 3555 5280 egre-

222 5304 673 5370 κατασόεννύει
695 5302 862 5376 ὕδωρ,
887 5301 1139 5372 γλῶσσαν
1176 5300 1234 5354 δὲ
1276 5299 1454 5371 κακὴν
1476 5300 1654 5365 οὐδεὶς
1682 5319 1855 5355 κατα.

1969 5313 2148 5380 diens,
2184 5309 2590 5366 immedicabile
2618 5307 2817 5363 vulnus
2848 5304 3098 5376 proximo
3128 5299 3347 5372 infligit.
3379 5297 3550 5353 Fiant-

220 5405 522 5480 πραΰνει.
574 5400 776 5452 Ἵππον
828 5394 1306 5468 σκληροτράχηλον
1339 5393 1570 5467 δαμάζει
1611 5394 1855 5466 μηνὶ,ςῖ

1971 5421 2058 5460 ma
2111 5404 2252 5476 ignis
2296 5418 2441 5474 aqua
2472 5401 2848 5471 exstinguitur
2879 5416 2894 5455 :
2928 5396 3068 5453 nihil
3096 5402 3281 5452 autem
3311 5393 3553 5463 linguam

219 5500 520 5573 γλῶσσαν
573 5491 634 5546 δὲ
682 5490 859 5563 κακὴν
897 5489 1074 5552 οὐδεὶς
1105 5483 1329 5543 δύναται
1373 5487 1636 5559 δαμάσαι.
1666 5487 1855 5559 Θηρίοι

1971 5494 2281 5567 improbam
2325 5493 2561 5564 mitigat.
2599 5490 2815 5562 Equum
2853 5488 3067 5545 duriori
3098 5485 3315 5543 cervice
3340 5483 3556 5539 frenum

219 5572 448 5665 ἄγριον
521 5584 778 5656 εὐχερῶς
834 5581 1161 5654 ἡμεροῦται,
1219 5580 1443 5651 γλῶσσα
1497 5581 1553 5634 δὲ
1608 5581 1755 5652 κακὴ
1805 5582 1855 5635 οε

1972 5588 2161 5642 domat
2195 5609 2205 5640 ;
2241 5585 2485 5655 linguam
2535 5596 2664 5637 vero
2714 5594 2939 5652 pravam
2980 5579 3209 5633 domare
3246 5572 3430 5629 nullus
3462 5585 3562 5643 po-

223 5684 608 5758 πραΰνεται.
633 5676 750 5729 Οὐκ
784 5675 932 5729 ἔστιν
971 5675 1030 5729 ὲν
1063 5671 1141 5742 τῷ
1172 5674 1365 5743 κόσμῳ
1402 5673 1583 5743 χεῖρον
1614 5671 1855 5742 γλώσσης

1974 5690 2104 5735 test.
2135 5677 2478 5734 Truculenta
2522 5676 2639 5732 fera
2682 5673 2832 5729 facili
2878 5672 3102 5744 negotio
3135 5669 3466 5766 cicuraturl:
3500 5670 3554 5762 at

221 5753 453 5849 κᾷκῆς,
525 5766 841 5842 Συγκρούει
891 5766 1047 5820 πόσιν
1109 5764 1242 5837 πρὸς
1298 5764 1480 5832 πόσιν,
1527 5764 1704 5819 οἰκίαν
1732 5764 1855 5832 πρὸς

1976 5770 2174 5827 malam
2218 5769 2463 5840 linguam
2516 5766 2689 5828 lenire
2740 5761 3090 5823 impossibile
3134 5769 3239 5816 cst.
3292 5753 3444 5810 Nihil
3498 5753 3554 5806 in
