3960 6402
541 285 677 356 ῘἋἹ
1708 286 1771 346 S.
1802 279 2125 346 JOANNIS
2165 281 2600 344 DAMASCENI
2820 346 2825 351 .
2982 290 3005 303 ’
3627 292 3724 365 im
3796 226 3804 237 .

535 400 745 459 mundo
767 398 912 455 mala
943 397 1130 469 lingua
1154 396 1314 468 pejus
1337 405 1442 453 est.
1471 394 1731 452 Maritum
1760 410 1889 450 cum
1928 408 2099 450 uxore

2155 401 2200 456 Α
2228 395 2428 460 οὶκίαν,
2463 395 2632 449 τέκνα
2656 393 2801 449 κατά
2824 395 3055 464 γονέων,
3094 395 3355 469 ἀδελφοὺς
3381 401 3509 457 κατὰ
3525 404 3710 480 etiam

532 498 761 551 domum
806 507 934 547 cum
964 492 1153 555 domo,
1185 488 1330 545 ﬁlios
1374 504 1502 544 cum
1537 488 1891 560 parentibus,
1925 485 2096 541 fratre

1542 488 1891 560 parentibus,
1925 485 2128 541 fratres
2230 485 2416 541 Πάντα
2439 487 2506 542 τά
2535 486 2685 542 κακά
2706 486 2796 542 διὰ
2831 485 3106 560 γλώσσης.

534 603 663 642 cum
717 585 985 640 fratribus
1035 583 1356 638 committit.
1392 579 1545 636 Nihil
1578 580 1802 637 demum
1847 594 1957 636 non
1996 578 2127 634 mali

536 695 635 750 per
664 678 903 750 linguam
935 675 1134 730 oritur.

1122 764 1441 822 LITTERA
1483 769 1544 821 Δ.

2768 760 2815 812 Σ
2826 759 3179 813 ΤΟΙΧΕΙΟΝ
3205 762 3264 813 Δ.

904 853 1041 909 ΤΙΤ.
1076 855 1118 909 Ι.
1147 881 1220 903 -ν-
1249 854 1327 910 De
1362 856 1604 924 potentia
1634 853 1759 910 Dei.

2477 851 2666 905 ΤΙΤΔ.
2701 851 2782 908 Δ’.
2808 879 2881 890 —
2898 850 3040 919 Περὶ
3069 848 3375 918 δυνάμεως
3398 852 3548 910 Θεοῦ.

611 946 764 1003 Deut.
794 963 890 1011 vn,
929 946 1021 1003 Q6.
1054 977 1126 987 —
1156 964 1175 998 ι
1216 945 1485 1005 Dominus
1515 946 1663 1004 Deus
1695 954 1826 1001 tuus
1857 948 1914 1002 in
1940 953 1993 1002 te
2018 954 2128 1011 est,

2304 963 2327 998 ι
2364 943 2573 1018 Κύριος
2600 944 2631 998 ὁ
2656 942 2791 1007 Θεός
2823 959 2918 996 σου
2960 944 3021 995 ἐν
3057 941 3166 1008 σοὶ,
3193 941 3327 1006 Θεὸς
3357 943 3515 1015 μέγας
3538 946 3617 1002 καὶ
3640 966 3733 1023 κρα.

552 1029 694 1092 Deus
720 1053 956 1109 magnus
988 1044 1045 1093 ct
1078 1035 1267 1093 fortis.
1305 1055 1324 1089 ι

900 1053 956 1094 iis
988 1044 1045 1093 et
1078 1035 1267 1093 fortis.
1305 1055 1324 1089 ι
2229 1035 2407 1101 ταιός.
2445 1054 2464 1090 ι

607 1126 713 1182 Job
765 1145 820 1196 ν,
858 1133 913 1189 8.
946 1159 1017 1169 —
1048 1128 1404 1185 i-Dominum
1438 1128 1849 1186 dominatorem
1878 1127 2130 1185 omnium

2305 1148 2329 1183 ι
2392 1127 2601 1200 Κύριον
2653 1127 2746 1182 τὸν
2807 1127 3029 1183 πάντων
3072 1125 3354 1196 Δεσπότην
3396 1126 3732 1201 ἐπικαλέσομαι,

540 1220 836 1293 invocabo,
890 1222 986 1294 qui
1042 1223 1180 1279 facit
1239 1238 1441 1297 magna
1498 1228 1555 1279 et
1603 1219 2104 1293 imperscrutabilia

2229 1221 2325 1277 τὸν
2376 1218 2639 1276 ποιοῦντα
2693 1218 2910 1291 μεγάλα
2959 1218 3056 1273 καλ⁵
3094 1216 3489 1289 ἀνεξιχνίαστα,
3514 1218 3668 1289 ἔνδοξά
3694 1242 3733 1279 τε

541 1317 806 1389 gloriosa,
843 1325 1008 1388 atque
1031 1317 1334 1382 mirabilia,
1371 1329 1609 1388 quorum
1644 1328 1751 1369 non
1797 1320 1883 1370 est
1938 1325 2105 1368 nume

1797 1320 1883 1370 est
1938 1325 2134 1368 nume-
2231 1313 2328 1369 καὶ
2353 1311 2592 1380 ἐξαίσια,
2619 1304 2695 1366 ὧν
2718 1308 2821 1365 ούκ
2843 1308 2995 1364 ἐστιν
3017 1308 3275 1381 ἀριθμός.
3314 1327 3333 1360 ι

543 1424 725 1551 ὐἷέ
760 1511 857 1562 xii,
893 1496 981 1551 M.
1011 1525 1078 1536 -—-
1118 1514 1138 1548 ι
1180 1496 1238 1552 Si
1264 1496 1623 1559 destruxerit,
1648 1495 1776 1566 quis
1801 1492 2096 1549 aedificabit

2313 1511 2332 1545 ι
2377 1490 2504 1546 Ἐὰν
2531 1488 2838 1562 καταϐάλῃ,
2883 1488 2969 1553 τίς
3009 1487 3402 1561 οἱκοδομήσει;
3444 1488 3560 1544 Ἐὰν
3601 1490 3737 1568 κλείσῃ

545 1584 601 1641 Si
637 1586 903 1642 clauserit
932 1599 1100 1655 supra
1134 1585 1435 1649 hominem,
1465 1586 1595 1656 quis
1627 1584 1884 1655 aperiet?
1917 1602 1935 1636 ι

1627 1584 1884 1655 aperiet?
1917 1602 1935 1636 ι
2232 1583 2375 1639 κατά
2405 1581 2721 1656 ἀνθρώπου,
2756 1579 2841 1646 τίς
2873 1580 3116 1647 atrotia;
3153 1598 3171 1633 ι

611 1675 715 1730 Job
753 1693 887 1743 mi,
942 1676 999 1731 2.
1033 1705 1102 1716 —
1131 1694 1149 1728 ι
1189 1675 1325 1731 Νονί
1373 1676 1520 1746 quod
1554 1677 1740 1731 omnia
1773 1686 1930 1747 potes
1975 1693 1989 1730 :
2030 1675 2133 1730 im-
2168 1746 2175 1747 ί

2171 1746 2175 1747 ί
2311 1697 2330 1731 ι
2370 1674 2503 1733 Οἶδα
2527 1678 2610 1747 ὅτι
2649 1676 2828 1732 πάντα
2849 1673 3101 1729 δύναται·
3129 1674 3388 1730 ἀδυνατεῖ
3398 1673 3457 1729 δέ
3481 1691 3555 1729 σοι
3573 1675 3735 1730 οὐδέν.»

542 1769 809 1840 possibile
849 1778 1033 1824 autem
1079 1768 1219 1824 nihil
1252 1775 1337 1825 est
1379 1768 1500 1824 tibi.
1545 1787 1566 1821 ι
1774 1746 1789 1747 ί
2166 1746 2211 1803 Β
2594 1746 2599 1747 ί
3558 1813 3571 1823 .

611 1858 714 1916 Job
768 1878 827 1927 ν,
890 1862 981 1918 ll.
1022 1890 1094 1903 —
1127 1879 1146 1913 ι
1186 1860 1288 1928 Qui
1335 1860 1471 1916 facit
1512 1861 1749 1918 humiles
1782 1861 1838 1917 in
1875 1860 2132 1926 sublime,

2314 1878 2333 1912 ι
2372 1858 2478 1912 Τὸν
2518 1854 2777 1911 ποιοῦντα
2802 1855 3096 1919 ταπεινοὺς
3143 1854 3227 1917 εἰς
3276 1850 3430 1922 ὕψος,
3468 1853 3556 1907 καὶ
3590 1854 3742 1908 ἀπολω-

542 1962 598 2008 et
631 1968 726 2008 eos
752 1953 849 2024 qui
891 1961 1125 2024 pereunt
1157 1954 1343 2024 erigit.
1387 1973 1406 2006 ι

1303 1962 1343 2008 t.
1387 1973 1406 2006 ι
2236 1952 2400 2016 λότας
2434 1948 2797 2021 έξεγείροντα.
2845 1965 2865 2000 ι

611 2043 715 2098 Job
755 2060 833 2112 ix,
898 2044 953 2100 5.
986 2074 1057 2085 -
1078 2061 1098 2096 ι
1133 2044 1236 2112 Qui
1270 2044 1403 2100 facit
1444 2057 1660 2101 montes
1688 2052 2048 2110 veterascere,
2081 2050 2137 2098 et

2315 2064 2334 2097 ι
2386 2044 2446 2098 '0
2498 2041 2747 2097 παλαιῶν
2781 2040 2907 2113 ὅρη,
2936 2041 3034 2094 καὶ
3080 2039 3182 2094 οὐκ
3224 2038 3465 2093 οἴδασιν·
3499 2041 3525 2093 ὁ
3562 2039 3744 2111 στρέψον

543 2138 839 2205 nesciunt;
874 2145 928 2192 et
961 2137 1158 2191 evertit
1192 2150 1289 2192 eos
1316 2135 1606 2191 iracundia
1640 2154 1654 2189 :
1694 2136 1788 2206 qui
1823 2148 2107 2189 commove

2237 2136 2378 2191 αὐτὰ
2409 2135 2582 2207 ὀργῇ·
2631 2134 2661 2187 ὁ
2701 2130 2995 2204 σεὶωντὴν
3025 2130 3119 2185 ὑπ’
3154 2129 3418 2200 οὐρανὸν,
3457 2129 3504 2183 oi
3544 2129 3594 2184 δὲ
3619 2130 3745 2183 στύλοι

542 2228 731 2283 orbem
770 2227 863 2298 qui
905 2228 1011 2282 sub
1050 2226 1207 2281 caelis
1265 2233 1382 2289 est,
1430 2242 1460 2280 a
1510 2225 1911 2290 fundamentis,
1946 2234 2000 2281 et
2035 2240 2102 2280 co

2238 2230 2410 2302 αὐτῆς
2466 2227 2810 2283 σαλεύονται.
2853 2225 2913 2279 Ὁ
2959 2224 3134 2294 λέγων
3163 2223 3309 2298 ⁴ηλίῳ
3363 2222 3437 2295 μὴ
3489 2222 3744 2287 ἀνατέλλειν,

544 2316 749 2371 lumnae
781 2318 905 2387 ejus
936 2322 1288 2388 quatiuntur.
1322 2316 1428 2383 Qui
1464 2315 1602 2371 dicit
1628 2318 1730 2372 soli
1757 2326 1815 2372 ut
1849 2331 1961 2373 non
1989 2318 2108 2373 oria

2237 2323 2334 2379 καὶ
2375 2323 2480 2378 οὐκ
2522 2320 2831 2386 ἀνατέλλει,
2858 2316 3002 2373 κατά
3028 2317 3086 2373 δὲ
3117 2316 3341 2388 ἄστρων
3366 2316 3744 2388 κατασφραγὶζει.

545 2418 662 2476 tur,
696 2418 750 2464 et
798 2424 908 2463 non
952 2410 1175 2463 oritur:
1209 2408 1478 2463 adversus
1525 2417 1712 2463 autem
1768 2409 1948 2465 sidera
1996 2425 2109 2476 coni

2249 2417 2309 2471 '0
2385 2414 2621 2479 τανύσας
2673 2412 2766 2468 τὸν
2814 2409 3044 2481 οὐρανὸν
3101 2409 3270 2482 μόνος
3293 2448 3310 2475 ,
3362 2407 3457 2464 καὶ
3504 2406 3745 2479 περιπατῶν

545 2503 749 2574 signat.
792 2500 897 2568 Qui
961 2499 1210 2556 extendit
1262 2502 1465 2556 cmlum
1521 2500 1695 2567 solus,
1729 2511 1783 2557 et
1828 2502 2109 2557 ambulati

2237 2508 2438 2582 χειρῶν
2495 2523 2590 2561 σου
2660 2503 3073 2577 ἐξαιρούμενος.
3143 2502 3276 2563 Ἐὰν
3340 2499 3660 2573 καταστρέψῃ
3706 2498 3748 2552 τὰ

543 2592 807 2648 manibus
859 2592 968 2646 tuis
1018 2592 1307 2662 abreptus.
1362 2589 1418 2646 Si
1476 2592 1738 2649 universa
1772 2593 2107 2651 subverterit

1846 2593 2130 2662 bverlel'il,
2239 2602 2443 2668 πάντα,
2480 2600 2567 2664 τες
2596 2599 2713 2671 ἐρεῖ
2733 2595 2903 2669 αύτῷ,
2935 2595 3003 2651 Ti
3030 2595 3305 2666 ἐποίησας
3333 2609 3348 2661 ;
3388 2611 3408 2648 ι

540 2684 671 2756 quis
691 2684 837 2739 dicet
870 2684 920 2739 ei
960 2702 974 2738 :
1011 2682 1156 2747 Quid
1191 2682 1420 2738 fecisti?
1458 2703 1476 2734 ι

612 2772 715 2829 Job
760 2791 855 2839 xu,
915 2774 1105 2830 15-21.
1156 2805 1224 2815 ——
1260 2794 1280 2827 ι
1318 2776 1474 2846 Apud
1525 2777 1705 2848 ipsum
1760 2776 2033 2848 sapientia
2079 2785 2136 2831 et

2314 2797 2333 2832 ι
2372 2775 2511 2850 Παρ’
2541 2776 2695 2849 αὐτῷ
2723 2775 2886 2846 σοφία
2923 2774 3018 2829 καὶ
3054 2773 3315 2845 δύναμις,
3341 2771 3488 2845 αύτῷ
3519 2769 3656 2844 βουλὴ
3687 2770 3748 2824 καὶ

544 2870 813 2939 potentia,
848 2868 952 2939 ipsi
1011 2868 1309 2924 consilium
1354 2878 1408 2924 et
1463 2869 1805 2926 intellectus.
1855 2899 1927 2910 —-
1969 2871 2108 2942 Aput

2237 2873 2475 2936 σύνεσις.
2540 2902 2613 2913 -—
2665 2869 2802 2942 Παρ’
2832 2867 2983 2941 αὐτῷ
3032 2867 3238 2941 κράτος
3293 2866 3390 2922 καὶ
3446 2866 3602 2937 ἰσχὺς,
3650 2860 3750 2928 αὐτῷ

545 2959 726 3029 ipsum
777 2959 1021 3028 potentia
1071 2966 1126 3012 et
1166 2957 1455 3025 fortitudo,
1492 2959 1596 3028 ipsi
1637 2960 1909 3028 sapientia
1947 2968 2005 3015 et
2044 2961 2109 3015 iui

2235 2965 2522 3038 ἐπιστήμη
2556 2963 2653 3017 καὶ
2687 2961 2927 3025 σύνεσις.
2957 2960 3174 3029 Διάγων
3208 2956 3505 3031 βουλευτὰς
3538 2952 3749 3026 αἰχμαλὼ-

546 3052 827 3108 tellectus.
861 3049 1151 3106 Dedncens
1198 3050 1552 3105 consiliarios
1587 3051 1836 3121 captivos
1864 3071 1878 3107 :
1909 3052 2110 3122 judice:

2185 3101 2204 3123 η
2238 3076 2385 3123 τους,
2428 3056 2622 3129 κριτὰς
2670 3055 2728 3109 δὲ
2756 3053 2864 3124 γῆς
2894 3052 3181 3123 ἐξέστησε.
3228 3049 3548 3115 Καθιζάνων
3576 3044 3749 3118 βασιλεῖς

545 3152 734 3199 autem
771 3150 934 3198 terra:
977 3141 1232 3211 stupidus
1272 3138 1425 3196 fecit.
1463 3142 1755 3198 Collocans
1787 3158 1944 3215 reges
1968 3160 2105 3215 supe

2186 3136 2205 3158 ‘
2240 3150 2336 3203 ἐπὶ
2371 3148 2598 3222 θρόνων,
2643 3146 2741 3201 καὶ
2778 3145 3105 3217 περιέδησεν
3147 3142 3333 3214 ζώνην
3377 3139 3576 3210 ὀσφύας
3606 3136 3750 3193 αὐτῶν.

552 3235 810 3298 thronos.
842 3242 896 3289 et
931 3233 1336 3305 circumligavit
1361 3233 1579 3291 lumbos
1618 3249 1831 3290 eorum.
1870 3237 2116 3293 Emitteu:

2253 3239 2692 3308 Ἐξαποστέλλων
2719 3237 2885 3307 ἱερεῖς
2908 3231 3319 3305 αἰχμαλώτους,
3342 3230 3593 3292 δυνάστας
3618 3225 3665 3280 δὲ
3684 3223 3751 3293 iiii

545 3326 863 3383 sacerdotes
893 3326 1164 3397 captivos,
1200 3333 1454 3396 potentes
1498 3334 1682 3381 autem
1708 3335 1870 3384 terra:
1901 3331 2109 3387 subver

2240 3334 2556 3403 ἐξέστησεν.
2597 3330 2838 3401 Ἐκχέων
2869 3326 3094 3398 ἀτιμίας
3119 3326 3212 3380 ἐπ’
3235 3325 3524 3399 ἄρχοντας,
3556 3315 3752 3376 ἀνακαλύ-

542 3419 631 3474 tit.
673 3417 974 3473 Effundens
1027 3416 1363 3488 ignominias
1397 3432 1568 3488 super
1614 3420 1898 3492 principes
1933 3445 1946 3478 :
1979 3438 2106 3480 revc

1548 3434 1568 3472 r
1614 3420 1898 3492 principes
1933 3445 1946 3478 :
1979 3438 2137 3480 reve-
2242 3447 2394 3484 πτων
2421 3425 2595 3497 βαθέα
2635 3427 2700 3478 ὲκ
2723 3424 2973 3488 σκότους.
3019 3442 3039 3475 ι
3108 3440 3112 3441 ί

541 3511 666 3566 laus
692 3508 967 3581 profunda
993 3507 1061 3563 de
1089 3507 1350 3564 tenebris.
1367 3526 1387 3561 ι

617 3601 648 3657 1
690 3601 820 3673 Reg.
852 3617 912 3665 ιι,
954 3600 1010 3656 4.
1040 3628 1112 3644 -ο
1139 3598 1303 3673 423
1342 3618 1362 3652 ι
1399 3599 1577 3658 Arcus
1613 3600 1846 3657 fortium
1880 3603 2136 3663 infirmus

2312 3633 2332 3667 ι
2371 3611 2538 3680 Τόξον
2584 3607 2828 3663 δυνατῶν
2883 3605 3179 3677 ἠσθένησε,
3227 3604 3325 3659 καὶ
3369 3603 3420 3657 οἱ
3470 3595 3750 3657 ἀσθενοῦντες

544 3694 726 3750 factus
754 3702 863 3760 est,
899 3701 956 3748 et
989 3692 1195 3748 infirmi
1236 3693 1473 3749 accincti
1515 3706 1648 3751 sunt
1691 3697 1911 3754 robore.
1944 3698 2103 3756 Domi

2238 3703 2651 3778 περιεσώσαντο
2694 3700 2948 3773 δύναμιν.
2990 3699 3199 3771 Κύριος
3233 3695 3499 3769 πτωχίζει
3529 3693 3610 3748 καὶ
3635 3688 3751 3743 πλου-

544 3802 656 3842 nus
694 3799 993 3856 pauperem
1040 3782 1176 3839 facit
1230 3797 1285 3839 et
1336 3784 1497 3851 ditat,
1551 3785 1807 3843 humiliat
1852 3797 1907 3846 et
1943 3790 2108 3848 subici

1974 3790 2133 3848 uble-
2234 3799 2398 3864 τίζει,
2425 3797 2673 3852 ταπεινοῖ
2696 3793 2794 3849 καὶ
2823 3792 3040 3863 ἀνυψοῖ,
3075 3811 3096 3847 ι
3129 3790 3226 3845 καὶ
3254 3790 3325 3843 τὰ
3358 3786 3535 3841 λοιπά.

547 3888 659 3945 vat,
696 3896 716 3930 ι
763 3885 873 3933 etc.

617 3969 772 4025 Psal.
806 3985 971 4034 Lxxv,
1017 3968 1070 4024 5.
1106 3999 1177 4011 -
1207 3988 1225 4022 ι
1255 3966 1336 4026 Tu
1386 3971 1650 4028 terribilis
1683 3986 1765 4041 es,
1809 3983 1863 4030 et
1891 3975 2016 4045 quis
2044 3990 2134 4032 re-

2314 3996 2333 4030 ι
2362 3976 2438 4031 ΣΞ)
2469 3974 2701 4046 φοϐερὸς
2730 3968 2803 4041 εἴ,
2835 3974 2933 4028 καὶ
2967 3972 3054 4038 τίς
3086 3967 3478 4043 ἀντιστήσεταξ
3518 3981 3623 4031 σοι;
3650 3982 3665 4015 ι
3688 3959 3750 4014 ml

538 4065 703 4121 sistet
733 4061 872 4118 tibi?
899 4068 1010 4116 etc.
1043 4059 1248 4118 Omnes
1273 4065 1368 4134 qui
1403 4063 1458 4119 in
1484 4064 1723 4121 circuitu
1755 4065 1877 4138 ejus
1903 4066 2102 4125 aﬂ'eren

2233 4070 2305 4126 τά
2330 4070 2516 4126 λοιπά.
2557 4087 2577 4121 ι
2614 4067 2825 4132 Πάντες
2853 4067 2904 4120 oi.
2929 4064 3117 4137 κύκλῳ
3147 4063 3319 4120 αὐτοῦ
3348 4066 3547 4118 οῐσουσι
3569 4059 3704 4129 δῶρα,
3734 4070 3746 4102 ι

541 4171 797 4223 munera,
833 4174 853 4209 ι
888 4163 999 4210 etc.
1246 4222 1257 4223 ί
1471 4201 1474 4205 .

1246 4222 1257 4223 ,
1471 4201 1474 4205 η
2232 4165 2331 4220 καὶ
2358 4162 2431 4218 τὰ
2458 4161 2642 4218 λοιπά.

622 4222 995 4308 Psal.rt.xxv1,
1041 4246 1187 4301 l'5.—
1238 4222 1289 4296 ³(
1323 4243 1459 4312 Quis
1518 4245 1657 4302 deus
1692 4261 1927 4319 magnus
1985 4248 2132 4307 sicut

2311 4276 2330 4308 ι
2373 4255 2469 4318 Τίς
2498 4254 2632 4318 Θεὸς
2668 4253 2865 4325 μέγας,
2903 4252 2979 4317 ὡς
3008 4250 3143 4317 Θεὸς
3173 4249 3365 4322 iusim;
3394 4249 3458 4303 σὺ
3490 4247 3537 4301 εἰ
3570 4247 3595 4299 ὁ
3616 4238 3750 4303 Belgi

544 4338 690 4396 Deus
722 4337 946 4394 noster?
974 4335 1057 4392 Tu
1083 4351 1144 4392 es
1184 4334 1328 4391 lleus
1359 4336 1454 4406 qui
1493 4335 1630 4393 facis
1658 4337 1954 4394 mirabilia.
1997 4358 2016 4392 ι

1242 4351 1328 4391 :us
1359 4336 1454 4406 qui
1493 4335 1630 4393 facis
1658 4337 1954 4394 mirabilia.
1997 4358 2016 4392 ι
2234 4348 2736 4419 ποιῶνθαυμάσια,
2788 4366 2806 4400 ι

610 4429 763 4485 Psul.
794 4445 1062 4493 Lxxxvm,
1096 4428 1170 4495 9;
1206 4444 1432 4496 Lxxnx,
1485 4429 1543 4483 11
1576 4446 1591 4495 ;
1633 4443 1721 4498 cv,
1757 4428 1827 4500 2;
1878 4447 2014 4498 cxu,
2066 4430 2122 4490 7.
2161 4451 2174 4509 ι

2186 4455 2202 4505 ι
2304 4460 2324 4495 ι
2366 4443 2600 4506 Δυνατὸς
2649 4436 2720 4508 εἷ,
2766 4438 2962 4512 Κύριε,
3016 4438 3113 4495 καὶ
3156 4439 3191 4510 ἡ
3241 4436 3473 4509 ἀλήθειά
3508 4452 3593 4488 σου
3616 4426 3750 4494 κύκλῳ

539 4552 611 4563 -
639 4539 658 4573 ι
692 4519 896 4576 Potens
922 4535 1005 4584 es,
1048 4518 1299 4585 Domine,
1333 4527 1388 4574 et
1416 4522 1620 4575 veritas
1660 4528 1754 4575 tua
1796 4521 1849 4576 in
1885 4523 2103 4591 circuiti

2236 4553 2350 4603 σου,
2390 4555 2410 4590 ι
2440 4535 2536 4590 καὶ
2557 4534 2625 4589 τὰ
2642 4534 2829 4590 λοιπά.
2858 4562 2923 4574 ——
2955 4552 2975 4586 ι
3012 4533 3110 4598 Τίς
3128 4531 3393 4603 γινώσκει
3409 4532 3469 4585 τὸ
3491 4528 3662 4601 κράτος
3682 4521 3749 4590 τῆς

538 4620 657 4676 tuo,
689 4620 794 4665 etc.
828 4639 899 4649 —
919 4608 1054 4676 Quis
1085 4608 1233 4663 novit
1270 4615 1596 4679 potestatem
1633 4610 1729 4666 irae
1762 4620 1888 4678 tuae,
1914 4622 2021 4669 etc.
2056 4644 2102 4655 -—

2233 4627 2405 4700 ὀργῆς
2434 4643 2561 4695 σονς
2601 4645 2620 4678 ι
2647 4655 2720 4669 -—
2770 4643 2789 4677 ι
2827 4624 2926 4691 Τίς
2969 4625 3194 4698 λαλήσει
3230 4624 3331 4689 τὰς
3358 4622 3649 4680 δυναστείας
3668 4616 3749 4667 κυ-

536 4705 675 4775 Quis
706 4704 963 4777 loquetur
1002 4705 1280 4776 potentias
1320 4701 1584 4758 Domini?
1620 4705 1861 4772 auditas,
1910 4716 2019 4764 etc.
2057 4740 2100 4750 —

2236 4721 2390 4792 ρίου,
2427 4719 2721 4786 ἀκουστάς,
2776 4736 2797 4773 ι
2834 4720 2932 4773 καὶ
2977 4718 3049 4772 τὰ
3084 4717 3271 4773 λοιπά.
3303 4747 3378 4758 —
3413 4734 3434 4768 ‹
3480 4715 3534 4767 Ὀ
3576 4709 3748 4779 ἐγείρων

538 4798 834 4853 Suscitans
865 4800 930 4851 de
961 4805 1111 4852 terra
1162 4796 1410 4866 inopem,
1455 4803 1512 4852 et
1551 4795 1620 4852 de
1648 4806 1916 4864 stercore,
1953 4818 1972 4851 ι
2011 4809 2099 4857 etc

2231 4814 2342 4871 ἀπὸ
2370 4815 2473 4884 γῆς
2507 4811 2745 4883 πτωχὸν,
2770 4811 2868 4866 καὶ
2897 4811 3007 4866 ἀπὸ
3025 4811 3282 4882 κοπρξας,
3326 4828 3347 4863 ι
3383 4808 3477 4863 καὶ
3513 4806 3575 4859 τὰ
3615 4797 3745 4854 λοιπά.

613 4889 777 4945 Νιιηι.
833 4905 874 4955 ι,
911 4889 965 4943 ὁ.
998 4919 1068 4931 -—
1102 4907 1121 4941 ι
1158 4889 1520 4945 Comminans
1556 4891 1714 4953 mari,
1747 4898 1802 4945 et
1831 4891 2124 4950 exsiccans

2308 4924 2328 4959 ι
2392 4902 2659 4959 Ἀπειλῶν
2706 4903 2973 4979 θαλάσσῃ.
3026 4906 3123 4959 καὶ
3169 4903 3441 4975 ξηραίνων
3478 4899 3644 4970 αὐτὴν,
3684 4890 3747 4944 καὶ

538 4980 697 5048 illud,
727 4989 780 5036 et
812 4979 1037 5035 ﬂumina
1082 4981 1138 5035 in
1167 4981 1444 5036 desertum
1485 4981 1783 5038 deducens.
1828 5002 1845 5036 ι

1745 4997 1783 5037 ⁵ο
1828 5002 1845 5036 ³
2233 5000 2444 5064 πάντας
2470 4998 2598 5062 τοὺς
2626 4998 2910 5068 ποταμοὺς
2944 4997 3251 5069 ἐξερημῶν.
3288 5016 3309 5050 ι

611 5073 766 5128 Ρδαι.
794 5088 885 5139 ιι,
919 5074 1021 5141 l2;
1070 5072 1260 5128 ιιι-22.
1282 5105 1353 5115 -
1391 5093 1411 5126 ι
1447 5074 1583 5141 Quis
1606 5090 1831 5131 mensus
1851 5084 1935 5132 est
1956 5091 2070 5132 mai:

2310 5110 2331 5144 ί
2367 5092 2462 5156 Τίς
2485 5092 2761 5164 ἐμέτρησε
2800 5095 2867 5163 τῇ
2898 5091 3046 5163 χειρὶ
3089 5089 3153 5145 τὸ
3200 5090 3368 5162 ὕδωρ,
3402 5087 3497 5143 καὶ
3521 5084 3601 5139 τὸν
3628 5080 3745 5147 οὐρα·

538 5182 762 5239 aquam,
788 5174 843 5222 et
871 5165 1094 5230 coelum,
1127 5172 1183 5219 et
1206 5180 1423 5222 omnem
1458 5177 1665 5223 terram
1702 5170 1954 5241 pugillo?
1985 5170 2102 5239 Qui:

2232 5186 2344 5254 νὸν,
2380 5185 2476 5240 καὶ
2509 5187 2692 5240 πᾶσαν
2741 5185 2843 5256 τὴν
2880 5185 2985 5256 γῆν
3030 5182 3226 5255 δρακὶ;
3271 5183 3360 5247 τίς
3391 5182 3573 5251 ἔστησε
3599 5174 3654 5227 τὶ
3675 5173 3743 5239 ⁸9η

535 5256 733 5312 statuit
767 5263 982 5310 montes
1010 5254 1273 5326 pondere,
1326 5266 1380 5311 et
1420 5259 1595 5314 saltus
1625 5258 1879 5315 statera?
1918 5260 2099 5317 Omne:

2231 5277 2481 5349 σταθμῷ,
2519 5276 2616 5331 καὶ
2652 5278 2755 5342 τὰς
2786 5254 2966 5340 νάπας
3000 5274 3184 5346 ζυγῷ,
3225 5275 3413 5328 Πάντα
3456 5270 3519 5325 τὰ
3555 5269 3661 5333 ἔθνη
3692 5260 3744 5318 ὡς

538 5359 731 5423 gentes
755 5348 903 5404 sicut
939 5349 1087 5405 stilla
1131 5348 1199 5404 de
1251 5349 1444 5417 situla,
1476 5360 1533 5406 et
1583 5353 1743 5421 quasi
1778 5363 2102 5410 momentun

2232 5348 2450 5440 σταγὼν
2481 5370 2592 5424 ἀπὸ
2611 5369 2803 5430 κάδου,
2825 5369 2922 5424 καὶ
2944 5368 3022 5433 ὡς
3050 5368 3195 5440 ῥοπὴ
3225 5365 3395 5437 ζυγοῦ
3427 5360 3740 5433 ὲλογὶσῦηταν·

534 5451 756 5497 statera:
782 5449 1049 5512 reputatae
1097 5448 1248 5497 sunt.
1278 5439 1383 5507 Qui
1419 5450 1569 5499 tenet
1599 5439 1795 5516 gyrum
1841 5454 2025 5512 terra),
2066 5463 2097 5503 e

2242 5456 2302 5510 ’θ
2331 5454 2580 5527 κατέχων
2607 5455 2700 5510 τὸν
2738 5456 2909 5529 γῦρον
2939 5457 3038 5527 τῆς
3072 5456 3196 5528 γῆς,
3231 5457 3328 5510 καὶ
3347 5457 3471 5518 τοὺς
3494 5442 3742 5506 κατοικοῦν·

539 5533 877 5588 habitatores
910 5533 1031 5604 ejus
1064 5533 1223 5604 quasi
1256 5535 1523 5590 locustas.
1561 5555 1581 5588 ι

1516 5576 1523 5589 -
1561 5555 1581 5588 ι
2228 5566 2328 5612 τας
2353 5548 2412 5601 ὲν
2435 5550 2574 5621 αὐτῇ
2609 5549 2747 5604 ὡσεὶ
2775 5549 3025 5620 ἀκρίδας.
3061 5569 3080 5602 ι

611 5626 910 5693 lam-uri,
953 5628 1002 5682 i.
1051 5655 1120 5667 —-
1176 5647 1193 5677 ι
1229 5626 1320 5682 Sic
1353 5628 1488 5681 dicit
1538 5627 1803 5685 Dominus
1840 5647 1855 5685 :
1904 5628 2119 5687 leum

2309 5658 2327 5692 ι
2369 5640 2559 5705 Οὕτως
2587 5641 2734 5710 λέγει
2771 5640 2975 5714 Κύριος
2992 5659 3005 5672 ο
3022 5642 3081 5695 '0
3098 5641 3326 5711 οὐρανός
3346 5656 3440 5709 μοι
3461 5635 3644 5708 θρόνος,
3660 5629 3685 5696 ίι
3702 5623 3740 5675 δὲ

532 5720 667 5775 mihi
700 5718 858 5775 sedes
890 5730 991 5788 est,
1026 5728 1079 5776 et
1106 5729 1249 5775 terra
1292 5721 1594 5775 scabellum
1623 5718 1821 5790 pedum
1846 5739 2095 5778 meorum

2230 5733 2302 5803 γῆ
2327 5731 2621 5789 ὑποπόδιον
2649 5733 2757 5788 τῶν
2792 5733 2968 5807 ποδῷν
3007 5751 3130 5805 μου.
3166 5734 3324 5788 Ποῖον
3353 5729 3494 5787 οἶκον
3516 5719 3736 5794 οἰκοδομῆ’
