3960 6406
233 327 362 397 1349
1485 331 1723 391 SACRA
1763 333 1797 391 Ρ

1936 331 2230 392 \LLELA.
3357 332 3500 404 1350

224 443 347 500 σετέ
382 461 493 515 μοι,
550 443 583 515 ἢ
643 445 794 507 ποῖος
840 443 1000 506 τόπος
1039 441 1137 514 τῆς
1193 445 1595 507 καταπαύσεώς
1656 463 1788 514 μου;

1935 445 2093 512 Quam
2125 446 2353 499 domum
2386 443 2738 502 :rdificabitis
2769 434 2931 512 mihi,
2973 454 3029 501 et
3072 447 3199 519 quis
3233 447 3387 507 locus
3417 468 3499 508 re-

228 537 411 591 Πάντα
445 535 555 608 γὰρ
585 535 759 590 ταῦτα
808 534 1064 606 ἐποίησεν
1111 537 1144 605 ἡ
1194 535 1315 606 χείρ
1363 553 1488 607 μου,
1534 536 1629 588 καὶ
1660 535 1792 589 ἐστιι

1935 536 2217 607 ιιιὶειίοιιίε
2246 536 2426 591 meae?
2455 539 2649 591 Omnia
2700 539 2848 592 enim
2883 539 3013 593 fecit
3042 555 3242 596 manus
3272 556 3416 609 mea,
3442 551 3499 598 et

221 627 334 701 ἐμά
356 627 533 681 ταῦτα
567 627 767 690 πάντα,
800 626 950 695 λέγει
980 624 1208 697 Κύριος.
1248 646 1268 678 ι

1910 628 2095 684 omnia
2132 629 2247 683 haec
2273 642 2391 683 mea
2430 636 2583 695 sunt,
2611 630 2748 684 dicit
2780 629 3067 688 Dominus.
3104 650 3127 685 ι

295 738 321 776 ο
360 719 422 773 Ὅ
451 719 868 791 λυτρωσάμενος
918 718 1115 782 αὐτοὺς
1158 718 1397 790 ἰσχυρὸς,
1426 718 1632 791 Κύριος
1666 735 1807 772 παν-

1979 720 2178 775 Jercm.
2212 737 2264 787 L,
2300 720 2494 776 54.-‹
2524 719 2857 792 Redemptor
2889 740 3081 779 eorum
3101 724 3282 790 fortis,
3311 723 3500 781 Domi-

220 811 506 884 τοκράτωρ
526 811 698 881 ὄνομα
724 806 893 879 αύτῷ.
933 827 952 860 ι

1911 828 2017 868 nus
2043 813 2387 869 exercituum
2417 825 2618 869 nomen
2650 814 2792 883 ejus.
2834 833 2851 866 ι

297 924 317 955 ι
358 903 566 966 Πάντες
602 903 651 956 oi
693 900 1082 963 κατοικοῦντες
1113 901 1226 974 τῆν’
1243 902 1370 973 γῆν,
1407 902 1481 964 ὡς
1506 903 1663 960 οὐθὲν
1692 905 1809 959 ἐλο-

1979 901 2123 960 Dan.
2154 918 2229 969 tv,
2260 902 2350 957 32.
2390 931 2456 941 —
2492 920 2511 953 ι
2547 902 2754 957 Omnes
2787 902 3129 960 habitatores
3157 917 3316 962 terra:
3349 906 3495 977 apud

220 997 510 1066 γίσθησαν,
547 995 642 1047 καὶ
684 994 786 1048 οὐκ
828 992 975 1047 ἔστιν
1008 988 1082 1057 ὃς
1135 996 1492 1067 ἐπιστήσεται
1542 1000 1608 1069 τῇ
1663 1015 1784 1071 χειρ

1934 1010 2032 1049 :nm
2088 997 2159 1071 in,
2191 994 2429 1048 nihilum
2462 994 2699 1063 reputati
2739 1002 2905 1061 sunt;
2934 1008 2990 1049 et
3018 1010 3126 1049 non
3161 1009 3246 1052 est
3274 1000 3367 1068 qui
3410 1010 3498 1054 re-

217 1088 409 1153 αὑτοῦ,
444 1088 540 1141 καὶ
567 1088 704 1153 ἐρεῖ,
733 1085 798 1141 Τί
830 1088 1128 1160 ἐποίησας;
1171 1105 1192 1139 ι
1756 1070 1759 1071 ν

1908 1087 2070 1142 sistat
2096 1070 2282 1142 manui
2313 1089 2510 1157 ipsius,
2541 1098 2596 1141 et
2625 1087 2775 1142 dicat
2811 1089 2859 1143 ei
2895 1107 2908 1143 :
2938 1088 3078 1154 Quid
3106 1090 3328 1145 fecisti?
3353 1112 3372 1143 ι

291 1198 312 1230 ι
357 1177 431 1230 Τὸ
454 1178 707 1249 μεγάλως
740 1177 945 1248 ἰσχύειν
991 1179 1227 1250 πάρεστί
1274 1196 1356 1233 σοι
1414 1180 1668 1247 πάντοτε,
1710 1182 1806 1237 καὶ

1979 1177 2107 1247 Sap.
2142 1195 2218 1242 ιιι,
2254 1178 2342 1231 22.
2368 1196 2476 1229 -ι
2509 1177 2741 1231 Multum
2773 1179 2956 1233 valere
2985 1180 3083 1234 tibi
3110 1182 3212 1234 soli
3242 1194 3498 1250 superest

214 1269 413 1341 κράτει
451 1267 740 1340 βραχίονός
794 1286 891 1322 σου
934 1269 1020 1333 τίς
1053 1270 1477 1342 ἀντιστήσεται;
1531 1273 1619 1336 Ὠς
1662 1276 1778 1344 porr}

1936 1286 2120 1341 emper
2154 1288 2169 1326 :
2202 1277 2257 1326 et
2289 1270 2479 1324 virtuti
2511 1271 2724 1325 brachii
2767 1271 2843 1325 tni
2878 1272 3002 1339 quis
3034 1274 3304 1328 resistet?
3352 1273 3498 1329 Tan-

212 1363 277 1413 ἐκ
306 1360 659 1430 πλαστίγγων
687 1360 806 1424 ὅλος
845 1362 874 1414 6
910 1360 1118 1433 κόσμος
1149 1362 1396 1417 ἐναντίον
1435 1381 1551 1418 σου.
1605 1365 1776 1419 Ἐλεεί

1935 1377 2070 1431 [nam
2110 1369 2444 1416 momentum
2499 1368 2740 1425 staterae.
2797 1362 2878 1419 sic
2917 1372 3003 1419 est
3059 1374 3187 1419 ante
3242 1374 3295 1420 te
3345 1367 3499 1420 orbis

209 1454 268 1506 δὲ
303 1457 536 1520 πάντας,
566 1453 649 1506 ὅτι
678 1453 859 1508 πάντα
885 1453 1135 1509 δύνασαι.
1178 1472 1197 1506 ι

1934 1468 2201 1508 errarnm.
2247 1453 2524 1509 Misereris
2552 1462 2739 1509 autem
2780 1455 3053 1520 omnium,
3086 1456 3351 1525 quoniam
3377 1472 3498 1513 out-

1907 1545 1995 1599 nia
2026 1557 2203 1615 potes.
2237 1564 2256 1597 ι

286 1659 306 1689 ι
363 1640 426 1690 'll
462 1637 618 1707 ἰσχύς
654 1653 748 1689 σου
780 1637 1131 1707 δικαιοσύνης
1169 1639 1335 1711 ἀρχὴ,
1372 1640 1468 1694 καὶ
1498 1643 1559 1695 τὸ
1585 1644 1805 1699 πάντων

1975 1635 2106 1706 Sap.
2147 1653 2247 1699 xu,
2298 1636 2387 1692 16.
2420 1669 2490 1679 —
2531 1636 2784 1716 «Virtus
2825 1645 2942 1706 tua,
2986 1638 3218 1709 iustitia:
3277 1638 3497 1695 initium

213 1748 277 1783 σε
308 1729 612 1796 δεσπόζειν,
643 1728 865 1783 πάντων
899 1728 1179 1799 φείδεσθαί
1210 1749 1271 1784 σε
1302 1735 1462 1786 ποιεῖ.
1508 1753 1526 1785 ι

1931 1735 2011 1788 :st,
2039 1733 2093 1781 et
2132 1726 2278 1795 quod
2301 1728 2547 1781 omnium
2577 1728 2838 1783 dominus
2867 1729 2964 1795 sis,
2993 1735 3047 1784 te
3070 1744 3298 1799 parcere
3320 1732 3495 1785 omnia

1046 1811 1053 1820 ’
1838 1804 1881 1864 Β
1909 1815 2012 1871 bus
2045 1816 2194 1871 facit.
2235 1837 2254 1870 ι

283 1927 303 1959 ε
343 1908 469 1972 Τοῖς
497 1909 779 1980 κραταιοῖς
807 1907 1005 1980 ἰσχυρὰ
1036 1909 1327 1978 ἐφίσταται
1351 1910 1568 1981 ἔρευνα.
1602 1944 1670 1953 -
1696 1910 1809 1987 Τὴν

1983 1906 2115 1975 Sap.
2149 1927 2227 1972 vr,
2258 1910 2327 1977 9;
2364 1912 2585 1977 xvr,15.
2617 1940 2681 1951 --
2722 1930 2742 1963 ι
2774 1909 3101 1967 Potentibus
3132 1910 3293 1966 fortis
3324 1912 3497 1967 instat

210 1999 316 2072 σὴν
351 2001 510 2073 χεῖρα
537 2002 802 2070 ἐκφυγεῖν
839 2000 1121 2054 ἀδύνατον.
1161 2019 1179 2052 ι

1933 2001 2270 2054 :xaminatio.
2302 2032 2366 2042 —-
2421 2002 2639 2057 Manum
2685 2014 2837 2058 tuam
2877 2001 3119 2074 effugere
3152 2001 3497 2072 impossibile

1911 2099 2015 2147 est.
2050 2111 2068 2142 ι

284 2196 306 2228 ι
349 2178 447 2241 Τίς
474 2177 591 2248 ἐρεῖ
623 2194 728 2245 σοι,
760 2179 826 2233 Τί
871 2179 1176 2252 ἐποίησας;
1209 2184 1242 2255 ἢ
1294 2183 1380 2248 τίς
1422 2186 1809 2259 ἀντιστήσεται

1984 2182 2114 2251 Sap.
2142 2172 2237 2245 xit,
2272 2183 2361 2236 1?.
2398 2214 2470 2224 —
2501 2202 2520 2236 ‹
2556 2184 2692 2251 Quis
2730 2184 2875 2241 dicet
2898 2185 2996 2241 tibi
3027 2203 3042 2241 :
3072 2185 3216 2253 Quid
3275 2187 3499 2243 fecisti?

202 2269 287 2339 τῷ
324 2269 556 2339 κρίμα-εί
584 2286 714 2335 σου;
748 2288 766 2320 ι

1913 2281 2007 2327 aut.
2033 2275 2158 2342 quis
2185 2275 2354 2330 stabit
2388 2287 2581 2331 contra
2608 2276 2878 2346 judicium
2909 2278 3105 2332 tuum?
3146 2297 3164 2331 ι

286 2380 306 2411 ‹
349 2360 588 2429 Φοόερὸς
633 2360 861 2432 Κύριος,
905 2362 998 2416 καὶ
1034 2363 1241 2436 σφόδρα
1289 2364 1484 2436 μέγας,
1529 2368 1624 2422 καὶ
1674 2369 1807 2422 θαυ-

1983 2364 2154 2419 Εεειὶ.
2210 2382 2362 2434 mn,
2412 2368 2502 2424 51.
2553 2400 2622 2411 -
2684 2387 2702 2420 ι
2741 2368 3032 2425 Terribilis
3101 2369 3390 2435 Dominus,
3446 2381 3501 2426 et

203 2454 455 2524 μαστὴὴ
486 2453 778 2508 δυναστεία
808 2454 998 2509 αὑτοῦ.
1032 2474 1050 2507 ι
1524 2524 1527 2527 _

1935 2470 2145 2524 nagnus
2224 2458 2624 2525 vehementer,
2703 2462 2761 2515 et'
2827 2459 3180 2517 admirabilis
3256 2463 3499 2532 potentia

1351 2539 1381 2563 ’
1913 2547 2108 2620 ipsius.
2158 2567 2177 2600 ι

291 2631 355 2682 '0
389 2631 571 2702 φέρων
601 2630 670 2686 τά
717 2631 896 2687 πάντα
929 2634 1136 2705 ῥήματι
1164 2635 1265 2706 τῆς
1291 2636 1581 2708 δυνάμεως
1608 2638 1804 2704 αὐτοῦ,

1981 2639 2156 2694 Basil.
2188 2639 2253 2694 de
2276 2638 2466 2710 Spiril.
2509 2639 2570 2696 S.
2602 2658 2721 2711 cap.
2749 2641 2801 2696 8.
2837 2670 2909 2682 --
2944 2641 3049 2709 Qui
3091 2650 3274 2713 portat
3312 2644 3500 2697 omnia

199 2723 303 2777 καὶ⁵
363 2722 439 2795 μὴ
480 2723 814 2794 σωματικῶς
848 2726 1112 2795 ἐνεργῶν,
1166 2728 1302 2799 μηδὲ
1345 2731 1697 2802 χειρουργίας
1729 2733 1763 2784 εὶ

1931 2733 2080 2789 rerbo
2120 2733 2338 2790 virtutis
2370 2748 2506 2798 sua},
2538 2750 2642 2789 nec
2690 2749 2988 2803 corporum
3031 2749 3186 2790 more
3215 2745 3495 2804 operatur,

197 2816 308 2887 τὴν
393 2814 758 2886 δημιουργίαν
831 2818 1202 2889 ἐπιδεόμενος,
1275 2820 1412 2875 ἀλλὰ
1502 2821 1761 2894 βουλήμαι

1934 2840 2013 2880 nec
2079 2840 2347 2881 manuum
2411 2840 2578 2895 opera
2650 2825 2722 2880 ad
2795 2840 2981 2882 rerum
3060 2827 3498 2896 procreationem

196 2904 467 2977 ἁϐιάστῳ
504 2906 910 2961 ἀκολουθοῦσαν
944 2907 1085 2980 ἔχων
1124 2908 1224 2981 τὴν
1275 2911 1440 2982 φύσιν
1485 2914 1597 2967 τῶν
1654 2931 1760 2983 γινι

1938 2933 2050 2989 υνυς
2098 2917 2306 2983 habet;
2338 2917 2433 2972 sed
2485 2924 2788 2986 spontanea
2820 2919 3104 2974 voluntate
3157 2919 3502 2989 subsequen-

195 2998 415 3069 μένων.
461 2999 734 3054 -Ὅπου
792 3000 924 3066 Θεὸς
973 3001 1246 3072 βούλεται,
1302 3007 1524 3061 νικᾶται
1591 3008 1759 3076 φύσειι

1938 3023 2020 3063 em
2058 3007 2225 3062 habet
2258 3022 2443 3062 rerum
2489 3022 2613 3076 qua:
2659 3008 2795 3061 fiunt
2824 3018 3192 3063 naturam.-——
3222 3006 3325 3063 Ubi
3357 3007 3502 3064 Dens

191 3090 386 3159 τάξις.
435 3091 743 3163 Ἦεουλήθη
772 3092 903 3166 γὰρ,
941 3097 1032 3148 καὶ
1060 3094 1327 3169 ἠδυνήθη.

1938 3100 2049 3165 νιιΙι,
2083 3100 2219 3154 ordo
2252 3107 2454 3154 natura
2482 3097 2966 3169 superatur.Quod
2996 3099 3143 3154 enim
3168 3100 3362 3165 voluit,
3396 3098 3502 3154 hoc

1985 3191 2115 3247 tuit.

268 3267 515 3333 Φύσεως
548 3270 814 3340 κρείττων
853 3274 882 3326 6
907 3273 1064 3337 Θεὸς,
1099 3275 1194 3328 καὶ
1226 3277 1361 3347 παρ’
1401 3274 1567 3330 αὐτοῦ
1618 3277 1680 3330 τὸ
1717 3278 1804 3332 Οέ-

1937 3206 2115 3247 miunt.

1983 3281 2129 3335 lren.
2164 3280 2255 3334 lib.
2288 3297 2349 3345 ιι,
2382 3296 2431 3335 c.
2461 3282 2549 3336 51.
2571 3312 2641 3322 --
2664 3279 2810 3336 Deus
2861 3288 3062 3336 natura
3099 3279 3371 3335 valentior
3419 3287 3501 3334 est

183 3362 335 3429 λειν,
367 3363 461 3417 ὅτι
491 3363 693 3433 ἀγαθός
715 3367 858 3433 ἐστι,
887 3368 985 3422 καὶ
1023 3368 1410 3434 τὸιδύνασθαι,
1440 3371 1523 3424 ὅτι
1555 3371 1747 3426 δυνατὸ

1935 3379 2075 3443 itque
2096 3372 2240 3442 apud
2272 3386 2398 3425 eum
2426 3379 2510 3426 est
2537 3370 2697 3435 velle,
2722 3369 2850 3440 quia
2883 3368 3062 3425 bonus
3081 3378 3200 3436 est;
3230 3379 3283 3425 et
3313 3383 3499 3439 posse,

180 3458 288 3512 καὶ
320 3457 388 3512 τὸ
434 3457 748 3512 ἐπιτελέσαι
771 3459 854 3513 ὃτι
883 3459 1136 3532 εὔπορος.
1165 3492 1235 3502 -
1259 3461 1421 3531 Λέγω
1448 3463 1599 3533 ὑμῖν,
1632 3464 1714 3516 ὅτι
1740 3486 1744 3513 l

1935 3465 2041 3536 [uia
2073 3472 2271 3535 potens
2301 3471 2425 3530 est;
2453 3471 2506 3518 et
2538 3464 2829 3533 perlicere,
2861 3463 2987 3533 quia
3017 3461 3201 3516 omnia
3231 3462 3280 3517 ei
3314 3460 3499 3517 facilia

173 3548 299 3604 τῶν
328 3547 517 3604 λίθων
544 3548 774 3614 τούτων,
821 3551 1072 3604 τουτέστι
1121 3550 1231 3606 τῶν
1277 3552 1648 3625 λατρευόντων
1690 3572 1737 3607 τι

1941 3565 2060 3612 unt.
2090 3586 2161 3597 —-
2184 3556 2316 3611 Dico
2362 3557 2543 3619 vobis,
2593 3556 2720 3626 quia
2749 3571 2817 3611 ex
2854 3554 3154 3624 lapidibus,
3185 3555 3290 3609 hoc
3316 3564 3402 3610 est
3431 3570 3498 3609 cx

171 3641 385 3708 λίθοις,
438 3640 664 3696 δύναται
701 3642 731 3695 6
768 3641 905 3705 Θεὸς
930 3644 1143 3715 ἐγεῖραι
1197 3644 1365 3698 τέκνα
1411 3644 1490 3716 τῷ
1526 3646 1732 3715 Ἀϐραά

1938 3650 1978 3704 is
2009 3649 2102 3720 qui
2141 3649 2354 3719 lapides
2398 3647 2611 3710 colunt,
2657 3655 2840 3718 potest
2871 3646 3016 3702 Deus
3047 3648 3324 3702 suscitare
3360 3646 3502 3703 filios

1909 3741 2163 3796 Abrahae.

172 3851 387 3907 ἸΙΤΛ.
435 3846 515 3903 B'.
552 3849 692 3924 Περὶ
723 3849 1112 3924 δημιουργίας
1134 3850 1316 3924 Θεοῦ*
1345 3851 1452 3924 grai
1492 3851 1583 3905 ὅτι
1622 3850 1736 3907 οὐδ

1939 3853 2050 3910 [ΊΤ.
2080 3853 2145 3910 ll.
2172 3882 2244 3894 —-
2282 3851 2448 3924 424
2487 3849 2561 3924 De
2607 3851 2877 3924 creatione
2912 3860 2963 3905 et
3001 3850 3215 3924 cpi/icio
3251 3849 3350 3905 Dei
3387 3865 3407 3906 :
3451 3857 3503 3905 el

617 3919 752 3989 εικῆ
778 3919 992 3991 ’γέγονε
1017 3922 1155 3990 παρ’
1181 3922 1392 3976 αὐτοῦ.
2169 3943 2181 3993 ι

2169 3919 2327 3993 quod
2341 3919 2473 3977 mu
2503 3923 2712 3991 {rustra
2745 3922 2944 3991 factum
2970 3923 3040 3975 sit
3075 3919 3108 3975 α
3134 3921 3268 3976 Deo.

266 4035 289 4069 ι
328 4013 502 4070 Εἶδεν
541 4016 569 4068 6
593 4013 729 4079 Θεὸς
782 4012 852 4068 τά
906 4012 1087 4068 πάντα
1135 4014 1237 4067 ὅσα
1288 4014 1539 4085 ἐποίησε,
1568 4016 1663 4070 καὶ
1696 4016 1805 4069 ἰδοὺ

1981 4015 2112 4072 Ceu.
2151 4032 2190 4081 ι,
2214 4015 2306 4072 '51.
2331 4045 2403 4056 -—-
2442 4032 2462 4066 ο
2508 4012 2661 4068 Vidit
2691 4012 2836 4069 Deus
2883 4022 3085 4069 cuncta
3114 4027 3239 4084 quae
3268 4011 3499 4079 fecerat,

176 4109 341 4165 καλὰ
374 4108 531 4162 λίαν.
576 4124 595 4158 ι

1907 4118 1962 4167 et
1985 4124 2114 4167 ecce
2140 4110 2302 4166 valde
2326 4109 2490 4164 bona.
2528 4127 2546 4160 ι

261 4219 284 4255 ι
326 4201 414 4272 Σή
443 4201 598 4253 ἐστιν
633 4200 666 4269 ἡ
703 4198 906 4270 ἡμέρα,
937 4198 1031 4251 καὶ
1070 4198 1135 4269 σή
1158 4197 1309 4252 ἐστιν
1338 4198 1372 4271 ἡ
1398 4196 1497 4265 νύξ,
1520 4214 1534 4228 ·
1569 4199 1636 4252 σὺ
1671 4215 1806 4254 κατ-

1980 4203 2133 4258 Psal.
2172 4217 2368 4267 Lxxui,
2407 4200 2495 4256 16.
2531 4233 2599 4244 -
2636 4220 2655 4252 ι
2697 4198 2852 4255 Tuus
2888 4209 2974 4255 est
3015 4199 3158 4264 dies,
3192 4207 3248 4253 et
3292 4208 3383 4253 tua
3414 4206 3501 4253 est

174 4296 446 4368 ἠρτισας
515 4290 717 4360 φαῦσιν
751 4291 845 4344 καὶ
873 4290 1059 4361 ἦλιοψ
1110 4289 1177 4344 σὺ
1226 4290 1490 4362 ἐποίησας
1520 4290 1698 4369 πάντα
1734 4312 1738 4326 ε

1936 4312 2023 4355 uox
2049 4316 2063 4353 :
2099 4305 2156 4352 tu
2195 4296 2495 4351 fabricatus
2524 4309 2586 4351 es
2618 4307 2876 4347 auroram
2900 4301 2955 4347 et
2985 4292 3156 4346 solent
3187 4307 3202 4344 :
3240 4299 3294 4344 tu
3320 4288 3500 4345 fecisti

172 4389 313 4461 ὅρια
346 4385 465 4454 τῆς
492 4382 620 4454 γῆς·
655 4402 674 4436 ³

1908 4405 2101 4447 omnes
2123 4388 2394 4444 terminos
2433 4393 2620 4442 terrae.
2657 4403 2675 4436 ι

259 4499 281 4534 ο
323 4477 429 4533 Σοί
474 4476 616 4529 εἰσιν
647 4475 696 4528 oi
734 4473 976 4546 οὐρανοὶ,
1029 4477 1125 4529 καὶ
1177 4475 1243 4547 σή
1290 4476 1439 4529 ἐστιν
1479 4477 1507 4546 ἡ
1549 4476 1620 4548 γῆ
1648 4494 1663 4508 ο
1704 4476 1804 4549 τὴν

1984 4480 2134 4537 Psal.
2163 4493 2428 4546 Lxxxvm,
2481 4477 2589 4543 12;
2636 4490 2780 4543 χειν,
2806 4475 2861 4530 5.
2889 4505 2959 4516 --
2991 4492 3010 4525 ι
3047 4471 3153 4527 Tui
3185 4481 3319 4528 sunt
3348 4473 3500 4538 cmli,

168 4569 570 4643 οἰκουμένην,
605 4567 698 4620 καὶ
742 4567 802 4622 τὸ
864 4566 1141 4638 πλήρωμα
1184 4567 1356 4639 αὐτῆς
1395 4567 1461 4620 σὺ
1504 4566 1732 4638 ἐΘεμελίι

1942 4580 1963 4627 t
1996 4580 2088 4627 tua
2116 4581 2202 4628 est
2224 4579 2369 4627 terra
2404 4587 2417 4623 :
2453 4567 2642 4624 orbem
2676 4574 2835 4621 terra:
2864 4573 2920 4619 et
2945 4563 3344 4635 plenitudinem
3376 4567 3503 4633 ejus

169 4685 311 4732 σας,
351 4694 421 4705 -—
450 4658 634 4716 Αὑτοῦ
657 4659 866 4730 ἐστινὴ
901 4658 1171 4722 Θάλασσα,
1209 4659 1303 4712 καὶ
1342 4658 1507 4723 αὐτὸς
1544 4658 1733 4730 ἐποίηο

1932 4681 1963 4720 ιι
2000 4662 2349 4720 fundasti.»
2372 4660 2551 4730 Ipsius
2577 4666 2661 4715 est
2689 4672 2863 4722 mare,
2888 4664 2941 4712 et
2978 4656 3097 4728 ipse
3130 4655 3263 4710 fecit
3289 4655 3444 4710 illud.
3475 4674 3494 4707 ι

221 4765 236 4781 ’
334 4779 389 4814 ν.
438 4779 460 4810 ι

166 4763 446 4918 αυῖήὬς
477 4849 833 4921 ἐμεγαλύνθη
868 4847 937 4902 τὰ
981 4848 1121 4920 ἔργα
1150 4862 1269 4916 σου,
1301 4845 1506 4918 Κύριεῑ
1539 4847 1717 4901 πάντα

1981 4843 2128 4898 Psal.
2147 4858 2267 4908 cur,
2292 4840 2386 4896 24.
2418 4871 2485 4881 —
2523 4856 2541 4891 ι
2576 4836 2754 4905 Quam
2784 4834 3139 4906 magnificam
3168 4840 3308 4889 sunt
3332 4845 3502 4901 opera

169 4948 360 5021 σοφίᾳ.
395 4945 698 5014 ἐποίησας.
736 4960 756 4994 ι
1350 5008 1353 5011 λ

1908 4947 2025 5005 tua,
2067 4935 2319 4992 Domini!
2356 4933 2541 4990 omnia
2564 4933 2623 4987 in
2656 4931 2929 4993 sapientia
2966 4926 3171 4984 fecisti.
3210 4943 3232 4978 ι

256 5016 279 5096 }
330 5016 508 5109 Ἕγὼ
537 5035 744 5108 Κύριος
783 5035 813 5088 6
844 5031 994 5097 Θεὸς,
1035 5032 1064 5085 6
1088 5030 1508 5096 κατασκευάσας
1540 5029 1678 5102 φῶς,
1709 5029 1802 5084 καὶ

1982 5028 2098 5084 Isa.
2132 5043 2257 5092 XLV,
2296 5026 2456 5082 7-12.
2491 5055 2563 5068 —-
2591 5043 2611 5076 ι
2645 5022 2759 5094 Ego
2791 5020 3057 5075 Dominus
3080 5017 3225 5074 Deus
3252 5016 3504 5072 formans

166 5106 446 5208 ποιήσας
496 5106 710 5192 σκότος.
753 5124 897 5196 Ἐγὼ
940 5122 1173 5194 ἐποίησα
1223 5123 1328 5194 γῆν
1371 5123 1469 5177 καὶ
1518 5122 1730 5194 ἄνθρωτ

1940 5135 2119 5186 ucem,
2145 5129 2200 5175 et
2232 5117 2445 5174 faciens
2477 5116 2758 5172 tenebras.
2788 5111 2903 5183 Ego
2939 5110 3046 5167 feci
3072 5116 3279 5165 terram
3311 5115 3369 5163 et
3400 5106 3504 5162 ho«

163 5231 268 5289 ἐπ’
305 5199 542 5299 ἀὑ-τῆς.
583 5221 728 5292 Ἐγὼ
756 5222 824 5293 τῇ
855 5217 1000 5291 χειρί
1053 5217 1503 5289 μουοέστερέωσα
1528 5215 1620 5272 τὸν
1642 5216 1727 5288 οὓς

1939 5214 2115 5268 niuem
2172 5225 2340 5282 super
2377 5215 2521 5266 eam;
2572 5206 2688 5278 Ego
2719 5218 2885 5260 manu
2946 5212 3069 5258 mea
3126 5199 3338 5256 firmavi
3385 5211 3503 5254 cm-

161 5323 292 5379 νόν.
324 5339 347 5371 ι

1910 5308 2046 5362 Ιυιιι.
2084 5324 2101 5359 ι

251 5436 275 5469 ι
316 5408 578 5479 Πνεῦμα
631 5408 760 5479 παρ’
803 5406 938 5478 ἐμοῦ
974 5404 1341 5474 ἐξελεύσεται,
1374 5401 1473 5457 καὶ
1497 5402 1667 5473 πνοὴν
1699 5401 1806 5455 πᾶ-

1983 5398 2095 5454 Isa.
2120 5413 2252 5459 mi,
2281 5394 2369 5451 16.
2399 5425 2469 5436 -—
2506 5411 2527 5444 ι
2576 5391 2821 5462 Spiritus
2867 5403 2898 5443 a
2949 5401 3040 5443 me
3074 5382 3412 5456 egredietur,
3447 5386 3504 5436 et

168 5526 284 5566 σαν
322 5502 457 5574 ἐγὼ
485 5501 744 5572 ἐποίησα.
787 5519 810 5554 ι

1913 5491 2102 5557 flatum
2134 5503 2354 5563 omnem
2391 5501 2495 5558 ego
2533 5485 2661 5542 feci.
2701 5502 2720 5536 ι
3022 5566 3043 5579 Ω
3108 5566 3120 5579 ⁸
3446 5560 3457 5572 ι

250 5623 272 5656 ς
322 5597 563 5669 Κύριος
597 5597 624 5648 ὁ
657 5593 828 5647 ποιῶν
860 5593 964 5665 γῆν
998 5594 1056 5646 ἐν
1084 5593 1152 5662 τῇ
1187 5587 1335 5660 ἰσχύῖ
1364 5585 1556 5651 αὑτοῦ,
1587 5583 1808 5654 ἑτοιμά-

1984 5582 2185 5636 Jerem.
2211 5596 2268 5643 ς,
2303 5577 2390 5632 l2.
2422 5608 2493 5622 ρ-
2529 5595 2546 5627 ι
2585 5574 2853 5659 Dominus
2882 5570 2978 5642 qui
3019 5566 3153 5623 facit
3210 5571 3412 5666 terram
3445 5566 3502 5613 in

160 5701 291 5764 ζων
330 5691 450 5762 τὴν
489 5686 821 5759 οἰκούμενην
853 5689 910 5740 ἐν
948 5687 1016 5756 τῇ
1056 5683 1217 5755 σοφίᾳ
1250 5681 1440 5747 αὐτοῦ,
1493 5676 1589 5734 καὶ
1639 5679 1699 5732 ἐν

1935 5674 2238 5731 'ortitudine
2270 5686 2390 5739 sua,
2418 5682 2737 5740 praeparans
2765 5653 2956 5722 orbem
2989 5662 3045 5716 in
3071 5653 3346 5760 sapientia
3373 5664 3499 5764 spa.

160 5739 287 5764 3""
343 5739 439 5762 "I'
500 5739 513 5740 ί
552 5739 666 5759 νηί.
777 5739 788 5756 .
894 5739 899 5740 ν
990 5739 1016 5756 ,,
1133 5739 1145 5754 ,
1193 5739 1205 5755 ⁸
1427 5739 1438 5747 1

160 5789 422 5846 συνέσει
467 5780 641 5837 αὑτοῦ
688 5780 921 5848 ἐξέτεινε
973 5779 1063 5832 τὸν
1113 5774 1363 5849 οὐρανὸν,
1418 5773 1514 5825 καὶ
1560 5772 1724 5842 άνὴγο

1937 5779 1968 5823 :t
2001 5767 2057 5821 in
2082 5762 2373 5834 prudentia
2421 5739 2519 5820 sua
2551 5761 2752 5819 coelum
2794 5754 3064 5813 extendit.
3100 5747 3294 5808 Educit
3322 5739 3501 5797 nubes
