3960 6440
563 319 694 387 ῙἏΞῙ

1733 312 1792 372 S.
1827 309 2150 372 JOANNIS
2190 306 2624 370 DAMASCENI

3622 315 3721 387 1352

563 434 634 487 ab
682 441 929 487 extremo
985 437 1166 494 terrae,
1227 422 1450 496 fulgura
1495 425 1550 477 tu
1598 418 1844 494 pluviam
1889 419 2019 477 fecit
2049 437 2065 474 :
2095 425 2144 475 et

2252 417 2485 489 νεφέλας
2533 419 2632 473 ἀπ’
2677 415 2913 488 ἐσχάτου
2942 415 3046 489 τῆς
3078 414 3212 487 γῆς·
3238 416 3500 490 ἀστραπὰς
3523 422 3587 489 είς
3619 426 3725 487 ὑετὸν

561 525 754 581 eluxit
789 525 973 578 lumen
1003 536 1192 577 suum.
1229 536 1251 571 ι

636 614 851 670 Baruclt
901 629 984 678 ιιι,
1030 613 1120 668 52.
1147 640 1220 653 -—
1250 629 1271 664 ι
1300 608 1404 677 Qui
1453 606 1787 680 preparavit
1827 614 2035 662 terram
2095 604 2153 661 in

562 716 774 763 aeterno
827 714 1094 775 tempore,
1137 711 1192 759 et
1244 700 1475 773 replevit
1515 714 1636 757 eam
1678 696 1985 770 pecudibus
2023 710 2158 767 qua-

563 797 927 869 drupedibus.
950 795 1057 862 Qui
1082 793 1289 850 emittit
1320 793 1531 866 lumen.
1559 798 1614 845 ct
1641 788 1792 844 vadit
1820 796 1915 845 :et
1939 786 2156 842 vocavit

563 889 722 955 illud,
745 896 800 943 et
839 884 1028 941 obedit
1059 884 1139 939 illi
1168 882 1223 938 in
1259 893 1522 938 tremore.
1548 878 1732 935 Stella:
1760 885 1946 932 autem
1986 874 2154 932 dede-

564 989 693 1036 runt
722 980 903 1034 lumen
932 977 987 1031 in
1013 974 1287 1032 custodiis
1307 972 1447 1039 suis,
1466 979 1520 1028 et
1544 972 1738 1027 laetata:
1755 976 1922 1025 sunt:
1950 973 2156 1024 vocatae

563 1081 698 1129 sunt
725 1081 782 1126 et
812 1070 1073 1126 dixerunt
1107 1086 1122 1123 :
1152 1066 1476 1127 Adsumus:
1514 1072 1569 1120 et
1597 1062 1856 1118 luxerunt
1897 1073 2022 1116 eum
2059 1058 2154 1131 ju-

564 1167 853 1223 euuditate
880 1165 929 1220 ei
964 1163 1056 1234 qui
1091 1160 1223 1218 fecit
1257 1162 1433 1231 ipsas.
1466 1179 1486 1213 ι

638 1261 769 1330 Sap.
804 1276 881 1324 tv,
935 1259 1023 1313 14.
1063 1288 1132 1301 -ρ-
1168 1275 1187 1309 ‹
1228 1254 1373 1311 Deus
1436 1260 1668 1308 mortem
1717 1265 1828 1306 non
1870 1248 2021 1317 fecit,
2054 1262 2157 1304 nec

566 1353 878 1408 delectatur
913 1350 967 1404 in
996 1347 1307 1420 perditione
1338 1346 1615 1401 vivorum.
1649 1342 1876 1398 Crcavit
1903 1343 2074 1406 enim,
2100 1349 2156 1395 ut

565 1452 784 1509 essent,
821 1442 1007 1498 omnia
1051 1460 1063 1494 :
1098 1450 1152 1496 et
1200 1439 1482 1496 sanabiles
1515 1436 1646 1493 fecit
1701 1435 1956 1491 nationes
2004 1431 2157 1489 orbis

569 1548 840 1593 terrarum
872 1552 887 1591 :
920 1542 975 1589 et
1007 1549 1116 1588 nou
1153 1540 1237 1588 est
1266 1532 1321 1586 in
1349 1531 1459 1587 illis
1485 1528 1952 1585 medicamentum
1973 1533 2155 1581 exter-

564 1630 746 1695 minii,
789 1642 887 1683 nec
914 1627 1218 1682 inferorum
1250 1638 1473 1695 regnum
1507 1624 1562 1679 in
1594 1630 1763 1678 terra.
1803 1638 1823 1671 ι

635 1719 767 1791 Snp.
796 1736 873 1784 ιι,
896 1719 989 1776 25.
1015 1750 1087 1761 -—
1114 1737 1132 1770 ι
1163 1716 1356 1787 Diligis
1373 1716 1582 1782 omnia,
1601 1728 1727 1785 qua:
1750 1720 1904 1780 sunt,
1933 1719 1988 1768 et.
2019 1710 2153 1767 nihil

563 1813 728 1868 odisti
783 1826 975 1867 eorum
1010 1826 1133 1880 qua:
1164 1808 1365 1865 fecisti.
1403 1805 1695 1875 Quomodo
1745 1813 1930 1861 autem
1970 1810 2159 1879 posset

563 1904 773 1975 aliquid
802 1917 1147 1973 permanere,
1180 1900 1288 1957 nisi
1322 1908 1381 1956 tu
1412 1898 1725 1956 voluisses?
1746 1916 1766 1950 ι

635 1993 766 2064 Sap.
802 2010 921 2058 xm,
945 1992 1001 2048 5.
1031 2022 1103 2034 —
1132 2010 1151 2045 ι
1180 1991 1224 2045 Α
1279 1990 1659 2063 magnitudine
1690 1998 1745 2045 et
1782 1988 1969 2060 specie
2001 2001 2158 2043 crea-

564 2097 843 2154 turarum,
874 2084 1328 2157 cognoseibilitcr
1366 2082 1566 2138 horum
1598 2087 1818 2136 creator
1847 2079 2089 2134 videtur.
2130 2098 2151 2133 ι

635 2176 807 2232 Εεείὶ.
837 2191 991 2240 xvnt,
1014 2175 1066 2228 1.
1095 2206 1168 2216 -
1193 2191 1212 2225 ‹
1243 2172 1346 2240 Qui
1375 2172 1510 2228 vivit
1541 2172 1597 2227 in
1623 2178 1915 2236 a'ternum,
1946 2171 2157 2227 creavit

563 2269 750 2321 omnia
781 2266 971 2328 simul,
1013 2264 1282 2321 Dominus
1312 2264 1488 2320 solus.
1526 2283 1545 2316 ι

639 2356 807 2411 Eccli.
853 2372 984 2419 aut,
1028 2355 1122 2411 25.
1156 2385 1228 2397 —
1265 2373 1284 2406 ι
1325 2353 1474 2408 Nihil
1523 2353 1654 2408 fecit
1704 2352 1849 2423 quod
1890 2350 2151 2407 deﬁciat:

567 2449 1008 2520 uniuscujusque
1057 2448 1294 2504 ﬁrmavit
1340 2447 1505 2503 bona.
1563 2446 1632 2502 Et
1675 2446 1806 2519 quis
1859 2444 2156 2502 satiabitur

549 2544 760 2599 'videns
790 2542 1020 2614 gloriam
1054 2540 1207 2610 ejus?
1238 2560 1258 2594 ι

636 2636 809 2693 Eccli.
845 2653 1036 2702 nux,
1069 2634 1262 2691 21-26.
1292 2659 1363 2677 -ι-
1392 2652 1413 2688 ι
1444 2632 1622 2706 Opera
1637 2631 1858 2688 Domini
1891 2631 2151 2688 universa

560 2724 729 2792 bona,
758 2732 813 2780 et
837 2739 1057 2780 omnem
1102 2723 1490 2779 necessitatem
1524 2720 1854 2792 tempestive
1889 2719 2151 2791 suppedi-

561 2817 721 2873 tabit.
772 2814 893 2873 Non
925 2823 1012 2873 est
1061 2815 1286 2872 dicere:
1323 2812 1441 2870 Hoc
1480 2812 1591 2870 isto
1627 2813 1785 2884 pejus
1810 2819 1918 2870 est.
1953 2810 2150 2869 Omnia

557 2911 707 2966 enim
741 2910 796 2964 in
824 2917 1075 2979 tempore
1104 2907 1509 2980 probabuntur.
1548 2926 1567 2959 ι

631 2996 801 3051 Eccli.
856 3013 1102 3061 xxxviii,
1145 2996 1265 3051 ι-8.
1293 3027 1365 3039 -
1421 3014 1441 3049 ι
1480 2996 1804 3054 Altissimus
1839 2997 2047 3052 creavit
2081 2995 2151 3054 de

2255 512 2507 584 ἐποίησε,
2541 511 2639 567 καὶ
2671 509 2914 582 ἐξήγαγε
2949 507 3066 580 φῶς
3100 509 3287 564 αὑτοῦ.
3318 529 3335 562 ι

2331 622 2351 656 ι
2396 602 2456 657 ’0
2510 601 2939 664 κατασκευάσας
2980 599 3087 669 γῆν
3135 598 3217 663 είς
3268 599 3356 653 τὸν
3406 602 3551 657 αἰῶνα
3576 608 3729 682 χρόνον,

2255 694 2556 766 ἐνέπλησεν
2584 691 2756 766 αὐτὴν
2808 690 3027 765 κτηνῶν
3072 691 3429 762 τετραπόδων.
3468 695 3518 749 ’0
3540 699 3730 757 ἁποστὲλ.

2254 785 2365 840 λων
2416 785 2479 839 τὸ
2527 784 2666 856 φῶς,
2704 784 2802 838 καὶ
2859 782 3196 855 πορεύεται·
3227 783 3469 838 ἐκάλεσεν
3508 789 3628 857 αὐτὸ,
3671 797 3733 850 καὶ

2256 877 2574 949 ὑπήκουσεν
2621 874 2772 946 αὑτῷ
2812 874 3026 947 τρόμῳ.
3068 874 3134 927 Ol
3163 873 3222 927 δὲ
3247 874 3462 946 ἀστέρες
3486 876 3678 951 ἔλαμψαν
3695 885 3733 939 ἐν

2208 985 2215 992 ’
2256 968 2376 1032 ταῖς
2405 965 2679 1038 φυλακαῖς
2715 964 2922 1028 αὐτῶν,
2964 965 3061 1019 καὶ
3121 964 3526 1036 ηὐφράνθησαν·
3549 969 3733 1027 ἐκάλεπν

2255 1058 2493 1127 αὐτοὺς,
2525 1058 2622 1114 καί¹
2678 1051 2834 1111 εἷπον
2859 1074 2875 1088 ο
2902 1056 3197 1127 Πάρεσμεν
3223 1073 3240 1087 ο
3273 1054 3503 1128 ἔλαμψαν
3542 1063 3634 1130 μετ’
3673 1067 3736 1119 εδ.

2258 1154 2540 1226 φροσύνης
2565 1150 2647 1223 τῷ
2672 1152 2968 1224 ποιήσαντι
2994 1148 3217 1215 αὐτούς.
3254 1167 3273 1203 ι

2333 1264 2353 1300 ι
2399 1245 2459 1299 Ὀ
2494 1244 2629 1309 Θεὸς
2672 1244 2906 1299 θάνατον
2944 1242 3047 1297 οὐκ
3091 1243 3369 1314 εποίησεν,
3408 1241 3515 1298 οὐδὲ
3548 1247 3737 1319 τέρπεται

2256 1338 2344 1393 ἐπ’
2372 1337 2620 1410 ἀπωλείᾳ
2665 1335 2909 1402 ζώντων.
2949 1335 3173 1390 Ἔκτισε
3206 1333 3316 1407 γὰρ
3343 1336 3418 1400 είς
3446 1336 3525 1391 τὸν
3548 1338 3678 1395 αἰῶνα
3695 1344 3738 1397 τὰ

2259 1432 2461 1498 πάντα,
2481 1430 2580 1485 καὶ
2603 1429 2869 1502 σωτήριοι
2892 1429 2948 1483 αἱ
2973 1428 3218 1499 γενέσεις
3245 1425 3338 1481 τοῦ
3359 1425 3566 1498 κόσμου,
3590 1431 3661 1484 καὶ
3676 1434 3741 1488 οὐκ

2256 1523 2404 1578 ἔστιν
2430 1524 2489 1577 ὲν
2514 1523 2709 1585 αὐταίς
2739 1521 3035 1593 φάρμακον
3064 1518 3311 1592 ὀλέθρου,
3357 1517 3470 1573 οὐδὲ
3498 1518 3607 1590 ᾅδου
3640 1521 3741 1593 βασξ.

2258 1613 2402 1669 λειον
2436 1614 2530 1668 ἐπὶ
2554 1612 2658 1684 τῆς
2694 1614 2824 1685 γῆς.
2858 1629 2878 1665 ι

2337 1726 2357 1760 ι
2409 1706 2655 1778 ’Δγαπᾷς
2704 1705 2775 1759 τὰ
2826 1703 2958 1759 ὄντα
2988 1703 3190 1773 πάντα,
3228 1707 3326 1762 καὶ
3370 1708 3512 1764 οὐδὲν
3555 1709 3744 1785 βδελύττει

2262 1791 2339 1854 ὧν
2388 1798 2678 1870 ἐποίησας.
2705 1796 2834 1860 Πῶς
2883 1795 2943 1851 δὲ
2969 1796 3273 1870 διεμένειεν
3312 1799 3378 1856 ἄν
3422 1818 3495 1869 τι,
3525 1804 3567 1856 εί
3611 1803 3668 1875 μὴ
3704 1805 3743 1857 r3

2260 1889 2535 1962 ἠθέλησας
2557 1908 2572 1958 ;
2614 1909 2635 1943 ι

2333 2002 2352 2034 ι
2403 1982 2498 2037 Ἐκ
2547 1980 2815 2055 μεγέθους
2845 1984 2942 2038 καὶ
2983 1982 3259 2055 καλλονῆς
3307 1983 3596 2058 κτισμάτων
3619 1986 3749 2043 ἀναλό-

2257 2092 2372 2144 γως
2400 2076 2430 2129 ό
2458 2074 2847 2147 γενεσιουργδς
2877 2074 3060 2131 αὐτῶν
3088 2075 3402 2148 θεωρεῖται.
3437 2096 3455 2129 ι

2337 2186 2357 2219 ι
2406 2165 2465 2222 '0
2495 2166 2608 2232 ζῶν
2635 2167 2718 2233 είς
2752 2167 2847 2223 τὸν
2874 2167 3071 2236 αἰῶνα,
3105 2167 3296 2224 ἔκτισε
3340 2168 3411 2224 τὰ
3449 2170 3605 2227 πάντα
3628 2172 3750 2241 κοινῇ,

2256 2259 2466 2332 Κύριος
2489 2259 2672 2333 μόνος.
2712 2278 2733 2314 ι
3838 2274 3839 2329 i

2333 2370 2352 2405 ι
2389 2353 2504 2407 Οὐκ
2536 2351 2796 2424 εποίησεν
2828 2352 2982 2408 οὐδὲν
3017 2351 3305 2408 ἐλλεῖπον
3332 2352 3392 2408 ἐν
3415 2352 3503 2407 τοῦ
3535 2352 3632 2417 ἑνὸς
3653 2354 3750 2407 ἔστε-
3838 2338 3839 2363 ¹

2259 2443 2432 2514 ρέωσε
2473 2444 2542 2498 τὰ
2584 2430 2798 2514 ἀγαθά·
2839 2445 2934 2499 καὶ
2970 2444 3056 2509 τίς
3093 2444 3471 2519 πλησθήσεται
3502 2444 3624 2517 ὀρῶν
3646 2442 3749 2509 δόξαν

2256 2536 2425 2590 αὐτοῦ
2450 2553 2465 2604 ;
2502 2555 2521 2589 ι
2672 2553 2702 2580 ο

2330 2646 2352 2680 ς
2405 2628 2489 2682 Τά
2541 2627 2680 2703 ἔργα
2730 2628 2965 2702 Κυρίου,
3016 2629 3199 2685 πάντα
3253 2629 3456 2701 ἀγαθὰ,
3499 2631 3584 2686 καὶ
3628 2632 3749 2685 πᾶσιν

2252 2720 2443 2794 χρείαν
2487 2723 2548 2775 ὲν
2594 2721 2716 2797 ὥρᾳ
2778 2722 2961 2778 αὐτῶν
3008 2723 3342 2797 χορηγήσει.
3386 2725 3494 2779 Καὶ
3532 2723 3617 2779 οὐκ
3657 2725 3752 2778 ἐστιν

2252 2816 2432 2869 εἰπεῖν
2459 2829 2473 2844 ·
2512 2812 2686 2869 Τοῦτο
2722 2814 2916 2869 τούτου
2970 2816 3364 2889 πονηρότερον.
3405 2815 3577 2872 Πάντα
3607 2814 3689 2888 γὰρ
3715 2815 3752 2866 ἐν

2252 2907 2433 2982 καιρῷ
2458 2907 2948 2981 δοκιμασθήσεται.
2989 2927 3008 2962 ι

2329 3019 2349 3053 ι
2412 2999 2619 3071 Κύριος
2660 3000 2880 3054 ἔκτισεν
2932 3002 2999 3056 ὲκ
3050 3002 3154 3074 γῆς
3213 3001 3505 3075 φάρμακα,
3546 3001 3625 3056 καὶ
3664 2997 3753 3067 ἀνὴρ
3828 3023 3833 3037 ι

561 3095 710 3142 terra
746 3085 1167 3150 medicamenta,
1195 3094 1251 3141 et
1283 3086 1364 3140 vir
1396 3086 1638 3157 prudens
1668 3103 1778 3142 non
1825 3087 2144 3144 abhorrebit

2255 3091 2520 3163 φρόνιμος
2542 3093 2604 3146 οὐ
2639 3091 2960 3163 προσοχοιεϊ
2984 3093 3191 3157 αὐτοῖς.
3226 3095 3340 3149 Καὶ
3372 3097 3408 3167 ἡ
3439 3090 3753 3167 εἰρήπιὴταρ¹

562 3177 673 3232 illa.
715 3177 778 3231 Et
814 3192 918 3247 pax
966 3192 1090 3248 quae
1126 3177 1203 3234 ub
1255 3176 1393 3249 ipsis
1443 3186 1552 3245 est,
1608 3192 1781 3250 super
1830 3180 2026 3236 faciem
2064 3190 2150 3237 est

562 3277 742 3324 terrae.
775 3286 792 3321 ι
978 3252 998 3261 θ

629 3360 801 3415 Baril.
820 3364 961 3417 hom.
981 3361 1015 3417 5
1044 3361 1098 3416 in
1135 3360 1737 3419 Hexaem.—Germiuet
1768 3374 1912 3420 terra
1932 3364 2147 3421 herbam

556 3457 809 3510 uirentem
854 3454 1008 3524 (Gen.
1045 3472 1084 3521 ι,
1116 3456 1204 3526 ll)
1235 3475 1248 3511 :
1287 3472 1353 3512 ac
1393 3458 1562 3513 simul
1611 3473 1737 3513 cum
1772 3459 1842 3515 iis
1882 3475 2007 3530 quze
2037 3462 2143 3515 vim

555 3548 740 3602 alendi
778 3548 1040 3615 habeant,
1088 3557 1362 3604 venenata
1408 3564 1632 3622 quoque
1672 3553 1941 3622 producta
1988 3559 2141 3618 sunt,

555 3656 684 3694 cum
721 3640 1002 3697 frumento
1045 3642 1252 3710 cicuta,
1295 3658 1422 3697 cum
1474 3644 1706 3714 reliquis
1736 3659 1859 3714 qua:
1889 3644 1955 3699 ad
1986 3659 2143 3700 esum

557 3740 685 3803 apta
719 3742 870 3800 sunt,
917 3733 1223 3798 elleborus,
1277 3735 1585 3801 aconitum,
1642 3735 2032 3808 mandragora,
2088 3745 2145 3793 et

559 3825 849 3896 papaveris
897 3841 1125 3883 succus.
1168 3826 1315 3894 Quid
1370 3827 1560 3899 igitur,
1593 3828 1969 3899 praetermisso
1998 3828 2141 3900 grati

555 3916 726 3971 animi
753 3916 825 3973 ob
844 3926 1070 3988 accepta
1096 3923 1391 3974 eouuuoda
1412 3917 1614 3984 cilicio,
1635 3920 1952 3976 Creatorem
1973 3935 2143 3978 accu-

553 4007 826 4073 sabimus,
857 4007 928 4063 ob
965 4023 1031 4064 ea
1062 4025 1184 4080 qua:
1211 4008 1334 4064 vita:
1362 4018 1568 4065 nostrae
1605 4010 1800 4065 nociva
1826 4010 1997 4066 sunt?
2029 4009 2141 4066 Nec

554 4098 688 4155 illud
721 4100 1160 4165 consideramus,
1194 4116 1306 4156 non
1339 4102 1524 4157 omnia
1563 4100 1738 4158 fuisse
1762 4110 1988 4173 propter
2013 4115 2141 4158 ven-

553 4199 692 4246 trem
717 4201 968 4247 nostrum
1003 4201 1291 4263 procreata
1334 4209 1352 4249 :
1396 4208 1588 4248 verum
1621 4208 1686 4249 ea
1720 4194 1884 4268 425
1914 4195 2140 4266 quidem

551 4280 841 4348 alimenta,
874 4299 997 4354 qua:
1037 4283 1318 4341 destinata
1347 4285 1510 4341 nobis
1540 4294 1693 4353 sunt,
1737 4297 1993 4357 prompta
2019 4300 2138 4341 om-

551 4373 826 4444 nibusque
874 4383 1006 4429 nota
1058 4390 1217 4439 esse;
1251 4375 1543 4445 quodlibet
1576 4387 1761 4430 autent
1794 4391 1986 4432 eorum
2015 4390 2139 4446 qua:

548 4475 733 4521 creata
764 4475 917 4531 sunt,
948 4466 1227 4537 propriam
1251 4469 1547 4538 quamdam
1579 4468 1723 4523 inter
1756 4484 1845 4524 res
1877 4467 2131 4524 conditas
2169 4451 2210 4505 D

549 4559 821 4615 rationem
854 4562 1096 4629 explere.

620 4648 813 4720 Ejusd.
837 4650 981 4706 Imm.
1014 4650 1068 4705 2.
1094 4681 1164 4693 --
1193 4650 1237 4704 Λ
1289 4650 1400 4706 Deo
1444 4651 1650 4706 malum
1684 4662 1867 4708 ortum
1918 4652 2133 4709 trahere

547 4742 773 4812 impium
804 4743 955 4798 dictu
988 4754 1073 4798 cst
1105 4764 1118 4800 :
1153 4745 1358 4815 quippe
1379 4759 1501 4799 eum
1538 4744 1749 4799 nullum
1790 4745 2130 4800 contrarium

543 4850 611 4888 cx
644 4838 927 4892 contrario
960 4839 1192 4892 oriatur.
1227 4838 1363 4892 Nam
1401 4854 1500 4894 nec
1541 4838 1648 4893 vita
1700 4850 1931 4895 mortem
1961 4840 2130 4909 parit,

547 4940 649 4981 nec
674 4929 987 4985 obscuritas
1038 4931 1177 4987 lucis
1223 4931 1381 5002 origo
1421 4940 1530 4996 est,
1577 4946 1679 4987 nec
1715 4932 1943 4987 morbus
1978 4933 2133 4988 sani-

545 5016 677 5072 tatis
705 5032 895 5074 causa.
926 5019 1069 5084 Quid
1092 5036 1224 5092 ergo
1251 5020 1530 5078 dicimus?
1557 5022 1718 5093 plane
1744 5024 1891 5092 quod
1925 5023 2129 5079 malum

543 5121 661 5162 non
698 5108 821 5163 viva
853 5117 912 5164 et
961 5109 1201 5165 animata
1253 5112 1494 5167 essentia
1524 5115 1620 5178 sit,
1671 5112 1767 5168 sed
1813 5112 2038 5169 all‘ectio
2073 5115 2128 5170 in

542 5198 729 5253 anima
758 5214 886 5254 eum
940 5200 1144 5257 virtute
1190 5217 1467 5273 pugnans,
1499 5219 1621 5275 qua:
1655 5220 1761 5259 non
1808 5206 2032 5259 aliunde
2074 5207 2127 5261 in

540 5291 828 5349 desidibus
860 5303 1144 5359 nascatur,
1176 5311 1343 5367 quam
1367 5297 1515 5367 quod
1561 5312 1591 5352 a
1626 5298 1773 5353 bouo
1802 5298 1837 5352 ii
1882 5300 2127 5371 prolapsi

538 5388 674 5443 sint.
706 5386 983 5455 Quocirca
1020 5388 1159 5444 nihil
1192 5397 1298 5456 est,
1325 5390 1474 5459 quod
1504 5398 1659 5445 extra
1695 5399 1748 5445 tc
1778 5392 1980 5446 malum
2015 5394 2129 5447 eir-

538 5493 931 5550 cumspectes:
971 5497 1158 5537 verum
1202 5498 1265 5537 se
1298 5483 1533 5553 quisque
1579 5485 1736 5551 vitii,
1798 5484 1949 5556 quod
2010 5485 2128 5557 ipse

538 5572 775 5634 laborat,
807 5582 1092 5629 auctorem
1124 5590 1322 5645 agnost
1336 5586 1413 5631 at.

609 5661 765 5734 (περ.
799 5663 946 5720 Naz.
988 5697 1057 5708 -—
1086 5665 1235 5724 Nihil
1275 5685 1341 5723 ex
1375 5669 1463 5738 iis,
1508 5686 1629 5741 qua:
1670 5671 1892 5727 condita
1936 5687 1967 5725 a
2017 5669 2127 5727 Deo

533 5769 690 5827 sunt,
727 5761 933 5814 l'rustz'a
966 5760 1031 5814 fa
1056 5770 1171 5816 tam
1212 5761 1336 5816 fuJ.

2249 3184 2452 3251 αὐτῶν,
2477 3186 2628 3240 ἐστὶν
2658 3184 2751 3239 ἐπὶ
2774 3184 3070 3257 προσώπου
3100 3187 3201 3258 τῆς
3229 3188 3355 3259 γῆς.
3395 3207 3415 3240 ι

2320 3367 2737 3438 Βλαστησάτω
2776 3368 2815 3437 ἠ
2845 3366 2921 3438 γῆ
2966 3368 3249 3436 βοτάνην
3291 3369 3506 3437 χόρτου
3529 3384 3543 3398 ·
3580 3366 3656 3421 καὶ
3678 3382 3756 3418 ουν-

2247 3461 2469 3532 εξεδόθη
2524 3463 2638 3524 τοῖς
2685 3460 2977 3533 τροφίμοις
3039 3460 3111 3515 τὰ
3152 3460 3488 3533 δηλητήριω
3542 3459 3660 3530 μετὰ
3696 3455 3755 3511 τοῦ

2249 3555 2399 3608 σίτου
2429 3555 2491 3608 τὸ
2534 3552 2784 3620 κώνειον,
2821 3555 2962 3626 μετὰ
3008 3554 3119 3610 τῶν
3162 3554 3373 3609 λοιπῶν
3430 3555 3677 3626 τροφίμων
3703 3551 3757 3604 ἑλ-

2245 3646 2490 3716 λέϐορος,
2516 3649 2613 3702 καὶ
2639 3647 2925 3730 ἀκόνιτονλ
2944 3648 3039 3702 καὶ
3070 3648 3485 3720 μανδραγόρας,
3524 3647 3608 3701 καὶ
3645 3647 3668 3699 ὁ
3693 3642 3757 3712 ri;

2249 3743 2485 3814 μήκονος
2525 3742 2680 3807 ὁπός.
2723 3743 2790 3796 Τί
2837 3738 2961 3808 οὗν;
3008 3743 3243 3813 ἀφέντες
3284 3745 3350 3798 τὸ
3381 3744 3472 3798 ἐπὶ
3503 3745 3600 3805 τοῖς
3626 3741 3758 3812 χρησί-

2246 3851 2370 3905 μοις
2394 3835 2491 3907 τὴν
2517 3836 2679 3909 χάριν
2699 3835 3390 3909 ὁμολογεῖν,ἐγκαλέσομεν
3408 3835 3483 3908 τῷ
3507 3829 3757 3907 Δημιουργῷ

2243 3927 2339 3981 ἐπὶ
2381 3930 2497 3992 τοῖς
2542 3927 2867 4000 φθαρτικοϊς
2912 3929 3069 4001 ἡμῶν
3098 3929 3205 4001 τῆς
3232 3930 3418 4000 ζωῆς;
3454 3931 3614 3983 ἐκεῖνο
3636 3925 3679 3978 δὲ
3700 3926 3756 3975 λι-

2242 4016 2537 4090 γιζόμεθα,
2581 4019 2666 4073 ὅτι
2720 4019 2780 4073 οὐ
2822 4021 3003 4075 πάντα
3060 4020 3157 4090 τῆς
3214 4021 3459 4093 γαστρδς
3502 4019 3662 4073 ἕνεκεν
3692 4015 3756 4083 τῆς

2242 4111 2522 4184 ἡμετέρας
2560 4111 3052 4187 δεδημιούργηται,
3096 4113 3214 4168 ἀλλ’
3243 4115 3381 4187 ἡμῖν
3424 4115 3521 4186 μὲν
3542 4114 3591 4166 αἱ
3614 4112 3756 4165 ἀποτε-

2240 4203 2512 4275 ταγμέναι
2559 4205 2763 4275 τροφαὶ
2815 4205 3120 4278 πρόχειροι,
3161 4204 3262 4259 καὶ
3292 4206 3462 4261 πᾶσιν
3490 4202 3755 4273 εὕγνωποι·

2242 4294 2479 4350 ἕκαστον
2520 4295 2580 4350 δὲ
2611 4296 2720 4350 τῶν
2760 4297 3070 4367 γενομένων
3102 4296 3240 4352 ἴδιόν
3292 4314 3418 4351 τινα
3454 4296 3599 4365 λόγον
3639 4293 3682 4345 ὲν
3712 4291 3755 4358 τῇ

2241 4386 2422 4441 κτίσει
2460 4386 2685 4458 πληροῖ.

2307 4649 2469 4721 Παρὰ
2498 4648 2636 4704 Θεοῦ
2656 4648 2718 4703 τὸ
2745 4649 2916 4706 κακὸν
2949 4649 3049 4723 τὴν
3086 4650 3312 4721 γένεσιν
3351 4650 3517 4722 ἔχειν,
3545 4649 3632 4703 οὐκ
3650 4644 3759 4699 εὐσε-

2234 4742 2327 4808 ϐές
2366 4743 2487 4797 ἔστι
2513 4742 2718 4814 λέγειν,
2773 4744 2863 4797 διὰ
2922 4744 2984 4798 τὸ
3016 4744 3188 4816 μηδὲν
3220 4745 3335 4799 τῶν
3378 4744 3621 4798 ἐναντίων
3648 4735 3757 4809 napi

2230 4833 2328 4890 τοῦ
2361 4835 2610 4890 ἐναντίου
2646 4836 2921 4907 γίνεσθαι.
2951 4835 3090 4891 Οὔτε
3108 4838 3219 4910 γὰρ
3245 4837 3366 4911 ζωὴ
3387 4838 3605 4892 θάνατον
3622 4830 3756 4906 γεννᾷ»

2231 4926 2357 4981 οὔτε
2400 4929 2464 4982 τὸ
2512 4928 2707 4993 σκότος
2760 4929 2939 5001 φωτός
2995 4931 3148 4984 ἐστιν
3195 4931 3365 5003 ἁρχὴ,
3420 4928 3539 4984 οὔτε
3576 4931 3606 4999 η
3650 4923 3756 4981 νόσυς

2233 5019 2424 5089 ὑγείας
2480 5019 2837 5094 δημιουργός.
2887 5020 2954 5075 Τί
3009 5018 3106 5077 οὖν
3156 5040 3377 5094 φαμεν;
3412 5024 3493 5078 ὅτι
3534 5022 3589 5075 τὸ
3616 5014 3756 5074 κακὸν»

2232 5111 2383 5167 ἐστὶν
2409 5112 2530 5185 οὐχὶ
2560 5112 2716 5166 οὐσία
2779 5112 2930 5178 ζῶσα
2980 5114 3077 5169 καὶ
3106 5112 3378 5187 ἔμψυχος,
3417 5112 3548 5169 ἀλλὰ
3575 5111 3755 5166 διάθεσις

2232 5208 2292 5260 ἐν
2311 5206 2457 5280 ψυχῇ
2475 5209 2734 5275 ἐναντίως
2781 5202 2983 5282 ἔχουσα
3031 5211 3172 5285 πρὸς
3220 5213 3450 5284 ἀρετὴν,
3489 5211 3572 5265 διὰ
3592 5209 3675 5279 τὴν
3694 5203 3755 5256 τοῦ

2231 5300 2403 5356 καλοῦ
2459 5302 2783 5358 ἀπόπτωσιν
2845 5307 2961 5369 τοῖς
2991 5305 3259 5378 ῥαθύμοις
3316 5305 3650 5377 ἐγγινομένη.
3694 5295 3755 5364 Μὴ

2231 5397 2413 5450 τοίνυν
2460 5394 2663 5462 ἔξωθεν
2710 5397 2772 5451 τὸ
2831 5398 3002 5453 κακὸν
3050 5400 3409 5471 περισκόπει,
3464 5399 3556 5453 καὶ
3596 5395 3677 5465 τῆς
3718 5392 3756 5442 ἓν

2236 5488 2415 5562 ἑαυτῷ
2465 5490 2669 5555 κακίας
2742 5490 2977 5557 ἕκαστος
3038 5491 3236 5547 ἑαυτὸν
3321 5491 3562 5565 ἀρχηγὸν
3607 5502 3752 5560 γνωρι-

2231 5583 2393 5648 ζέτω.

2299 5674 2466 5731 Οὐδὲν
2491 5677 2613 5747 εἰκῆ
2646 5675 2754 5731 τῶν
2777 5677 2927 5749 παρὰ
2966 5677 3102 5732 Θεοῦ
3126 5678 3469 5750 γενομένων.
