3960 6410
266 352 403 420 1353

1528 345 1769 408 sacrm
1803 322 2272 406 PARA'LLELA.

3404 301 3575 411 ω’

332 469 469 541 Οὐχὶ
496 467 658 538 φύσις
688 464 829 537 αὐτὴ
885 462 992 518 τῶν
1025 462 1292 533 κινήσεων
1332 458 1457 516 καθ’
1510 462 1716 531 ἑαυτὴν
1742 477 1843 514 πο-

2021 458 2300 530 Chrysost.
2326 488 2379 499 —
2420 454 2540 514 Non
2571 458 2691 529 ipsa
2725 467 2926 517 natura
2964 461 3400 517 commotionum
3441 481 3540 536 per

246 562 428 636 ,vqu,
490 559 607 615 ἀλλ’
637 561 670 631 η
703 558 814 611 τῶν
852 554 1100 625 φυσικῶν
1147 553 1467 626 κινημάτων
1516 553 1850 625 παρατροπὴ

259 657 363 727 τῆς
390 653 573 725 ψυχῆς
629 652 732 717 τὰς
783 649 963 723 ὁρμὰς
1013 648 1091 711 ὡς
1130 646 1281 716 πάθη
1336 644 1607 702 διέϐαλεν.
1650 647 1708 701 '0
1740 647 1851 718 γὰρ

258 746 600 819 δημιουργὸς
643 743 743 815 τὴν
771 742 946 813 λύραν
974 738 1150 811 καλὴν
1179 739 1277 794 καὶ
1320 736 1625 809 εὐφθογγον
1652 738 1850 810 ἡρμώ-

261 855 416 905 σατο,
437 838 488 891 οἱ
511 838 570 892 δὲ
606 835 902 908 κρούοντες
955 834 1233 906 διαφόρως
1276 832 1544 887 ἅπτονται
1576 832 1689 887 τῶν
1722 850 1853 904 χορ-

261 933 400 989 δῶν·
433 933 530 988 καὶ
555 932 665 987 ἀπὸ
688 930 792 1001 τῆς
825 929 998 999 αὐτῆς
1021 928 1281 1001 κιθάρας,
1306 927 1336 980 6
1377 928 1477 999 μὲν
1519 925 1713 998 ὕμνον,
1737 929 1765 981 6
1793 927 1851 980 δὲ

260 1027 473 1097 ἀπηχεῖ
510 1023 887 1096 βλασφημίαν,
916 1022 1016 1093 οὐχ
1038 1020 1115 1086 ὡς
1147 1020 1247 1092 τῆς
1275 1018 1386 1074 τῶν
1404 1018 1614 1091 χορδῶν
1634 1017 1852 1089 φύσεως

258 1117 323 1171 τὸ
361 1115 799 1188 διεστραμμένον
851 1112 1108 1186 ἐχούσης,
1167 1112 1288 1167 ἀλλ’
1357 1113 1435 1177 ὡς
1465 1112 1568 1183 τῆς
1598 1112 1712 1167 τῶν
1739 1112 1850 1183 ψη-

260 1207 560 1280 λαφώντων
588 1207 833 1280 ἀμαθίας
861 1206 1357 1280 παραφθειρούσης
1372 1206 1435 1260 τὸ
1455 1206 1714 1278 ὄργανον.

333 1304 470 1367 Ταῖς
491 1302 602 1357 τῶν
629 1301 818 1356 κακῶν
844 1302 1175 1373 ὲπισποραῖς
1220 1299 1372 1353 αἰτία
1402 1298 1515 1353 τῶν
1538 1298 1851 1371 ἀνθρώπων

259 1395 296 1466 ἡ
320 1395 584 1467 ῥᾳθυμία.
642 1395 746 1449 Ἐν
798 1392 880 1460 τῷ
930 1392 1042 1464 γὰρ
1091 1391 1444 1457 καθεύδειν,
1480 1393 1646 1464 φησὶ,
1706 1391 1852 1459 τοὺς

258 1487 635 1557 ἀνθρώπους,
666 1481 854 1557 ἦλθεν
879 1488 914 1541 ὁ
937 1485 1177 1555 ἐχθρὸς,
1200 1484 1302 1539 καὶ
1338 1483 1585 1556 ἔσπειρε
1610 1486 1685 1540 τὰ
1711 1484 1852 1546 ζιζά-

258 1595 363 1634 νια
381 1578 692 1648 ἀναμέσων
709 1577 817 1633 τοῦ
848 1578 1049 1632 σίτου.

333 1669 522 1723 Πάντα
571 1668 675 1722 ὅσα
725 1668 1032 1739 πεποίηκεν
1072 1667 1102 1720 6
1154 1666 1308 1733 Θεὸς,
1339 1667 1483 1722 καλὰ
1520 1669 1846 1740 πεποίηκεν,

260 1761 588 1831 ἐπιστήμων
645 1759 810 1824 αὐτὸς
861 1759 938 1814 ὢν
977 1761 1220 1815 πάντων.
1252 1758 1394 1814 Οὐτε
1438 1760 1549 1830 γὰρ
1578 1762 1607 1814 6
1638 1760 1850 1825 δίκαιος

1955 567 2016 608 se
2039 551 2186 607 mala
2215 557 2324 619 est,
2351 550 2448 607 sed
2497 551 2669 607 animi
2702 562 2952 610 motuum
2981 555 3306 627 depravatio
3349 559 3540 615 conci-

1958 641 2196 699 tationes
2248 642 2422 698 animi
2474 659 2578 701 ceu
2630 646 2864 704 vitiosas
2923 651 3188 706 traduxit.
3251 650 3542 724 Siquidem

1956 734 2157 791 artifex
2188 735 2495 809 elegantem
2525 746 2581 795 et
2620 739 2760 795 bene
2812 743 3143 799 concinnam
3188 745 3366 818 lyram
3394 760 3547 803 com—

1954 831 2101 902 pegit
2146 847 2161 885 :
2200 830 2297 901 qui
2349 845 2483 886 vero
2522 829 2763 903 pﬂsant,
2818 850 2930 890 non
2978 838 3173 894 eodem
3209 839 3375 896 modo
3405 840 3545 896 llch

1956 930 2211 995 tangunt,
2262 924 2357 980 sed
2392 925 2480 980 ab
2527 925 2718 981 eadem
2774 927 2981 983 cithara
3049 931 3192 987 alius
3255 934 3541 1005 hymnum,

1955 1014 2100 1071 alius
2146 1030 2407 1086 asperum
2455 1026 2681 1072 cantum
2708 1026 2890 1085 sonat,
2938 1035 3045 1076 non
3086 1023 3231 1092 quod
3261 1025 3319 1079 in
3353 1025 3541 1081 ﬁdium

1954 1116 2154 1163 natura
2185 1110 2526 1181 perversitas
2552 1110 2705 1177 insit,
2748 1112 2843 1169 sed
2878 1114 3027 1185 quod
3064 1116 3405 1186 pulsantium
3439 1118 3546 1174 im-

1953 1200 2152 1273 peritia
2180 1200 2613 1258 instrumentum
2647 1204 2961 1263 labefactet.

2023 1289 2185 1359 Quod
2235 1293 2382 1348 mala
2427 1304 2883 1366 superscrantur,
2931 1299 2984 1354 in
3026 1315 3195 1355 causa
3247 1309 3331 1356 est
3367 1301 3545 1356 homi-

1953 1399 2086 1440 num
2114 1386 2400 1458 segnities.
2440 1386 2571 1443 Cum
2622 1390 2761 1444 enim
2803 1392 3101 1448 dormirent
3149 1394 3406 1461 homines,
3462 1395 3549 1450 in-

1952 1477 2078 1548 quit
2111 1477 2370 1536 Christus
2397 1478 2622 1552 (Hatth.
2659 1499 2780 1551 xm,
2814 1484 2945 1557 25),
3003 1488 3141 1542 venit
3192 1490 3467 1557 inimicus,
3495 1499 3547 1545 ct

1954 1568 2237 1624 seminavit
2270 1570 2488 1626 zizania
2522 1574 2579 1627 in
2614 1575 2788 1631 medio
2828 1577 3022 1632 tritici.

2025 1661 2221 1720 Euseb.
2243 1695 2317 1707 —-
2348 1663 2546 1722 Omnia
2579 1667 2673 1724 illa
2708 1684 2829 1740 quae
2858 1669 2989 1727 fecit
3021 1673 3185 1742 Deus,
3216 1674 3365 1731 bona
3393 1676 3545 1742 fecit,

1955 1767 2079 1808 cum
2117 1768 2301 1810 rerum
2349 1757 2597 1813 omnium
2636 1759 2931 1817 scientiam
2968 1763 3195 1820 habeat.
3251 1764 3390 1822 Nam
3445 1783 3548 1825 nec

259 1850 546 1925 ποιήσειέν
574 1867 628 1904 τι
663 1850 871 1915 ἄδικον,
910 1846 1037 1902 οὔτε
1070 1850 1099 1902 6
1132 1846 1338 1917 ἀγαθὸς
1367 1847 1597 1917 φαῦλον,
1653 1845 1846 1919 ὥσπερ

1988 1854 2135 1903 ιειιιε
2174 1846 2367 1918 injusti
2404 1850 2706 1922 quidquam
2734 1851 2917 1912 facere
2953 1866 3143 1927 queat,
3177 1872 3279 1915 nec
3316 1873 3546 1928 prorsus

257 1945 385 1999 οὐδὲ
433 1942 757 2014 ἐπιστήμων
801 1940 1279 2013 ἀνεπιστημόνως.
1342 1940 1566 2003 Δίκαιος
1617 1939 1696 2005 δὲ,
1756 1940 1853 1994 καὶ

259 2038 492 2108 ἀγαθὸς,
555 2037 653 2091 και⁸
701 2036 1026 2107 ἐπιστήμων
1080 2037 1110 2090 6
1162 2034 1297 2097 Θεός
1324 2033 1505 2087 ἐστιν·
1552 2033 1705 2087 οὐδὲν
1744 2034 1855 2104 ἄρα

262 2128 472 2192 ἄδικον,
501 2126 627 2181 οὐδὲ
645 2124 849 2194 φαῦλον
876 2128 905 2179 6
930 2125 1065 2190 Θεὸς
1091 2126 1371 2197 ἐποίησεν.

284 2328 289 2333 ·
347 2310 463 2364 Ἑνὶ
492 2308 727 2380 νεύματι
794 2308 1110 2380 βουλήσεως
1242 2307 1387 2361 θέλει
1438 2308 1758 2381 συνίστησιν
1788 2310 1856 2364 ἐκ

266 2403 348 2476 μὴ
376 2402 571 2465 ὄντων,
598 2403 757 2474 μόνος
778 2401 855 2454 ὣν
885 2401 1077 2465 ἀΐδιος,
1107 2398 1268 2471 μόνος
1295 2399 1372 2455 ὢν
1402 2401 1662 2475 ἄναρχος,
1693 2403 1858 2475 μόνος

266 2499 481 2564 ἁπλοῦς
508 2497 669 2572 οὐσίᾳ
699 2496 794 2552 καὶ
827 2496 1101 2570 βουλήσει.

262 2748 452 2822 ΤΙΤΔΫ.
476 2750 565 2822 _I_‘_'.
595 2780 664 2790 —
703 2751 843 2822 Περὶ
866 2750 1228 2822 δοξολογιας
1258 2751 1410 2822 Θεοῦ
1432 2767 1446 2781 ’
1471 2751 1573 2805 καὶ
1598 2751 1705 2822 ,ὅτι

337 2819 611 2890 δοξάζειν
667 2819 1066 2890 καὶίάγιάζειν
1101 2819 1228 2875 σόν
1255 2821 1425 2885 Θεὸν,
1456 2822 1557 2876 καὶ
1584 2820 1676 2876 ὅτι
1714 2819 1859 2888 τοὺς

334 2888 697 2958 δοξάζοιτας
728 2888 917 2947 αὐτὸν
942 2890 1174 2957 δοξάζει
1204 2894 1238 2946 ὁ
1258 2891 1425 2957 Θεός.

337 3044 360 3079 ι
400 3022 538 3081 Eine
563 3026 773 3099 Κύριος
803 3025 943 3098 πρὸς
996 3026 1241 3098 Μωσῆν·
1278 3027 1403 3080 Ὀτι
1439 3025 1545 3081 οὐκ
1600 3024 1859 3079 ἐπιστεύ-

259 3135 401 3173 σατε
448 3120 679 3189 ἁγιάσαι
722 3138 813 3192 με,
879 3120 969 3175 διὰ
1018 3120 1182 3176 τοῦτο
1241 3121 1342 3176 οὐκ
1398 3121 1646 3186 εἰσάξετε
1699 3121 1862 3192 ὑμεῖς

252 3214 370 3284 τὴν
400 3212 725 3285 συναγωγὴν
774 3212 988 3286 ταύτην
1037 3215 1120 3279 εἰς
1151 3212 1252 3284 τὴν
1290 3214 1418 3283 γῆν,
1453 3211 1522 3266 ἣν
1551 3211 1731 3266 ἔδωκα
1758 3210 1858 3266 αὐ-

254 3323 404 3370 τοις.
438 3326 458 3359 ι

222 3464 227 3468 δ
344 3415 365 3448 ι
402 3398 543 3461 Τούς
592 3397 917 3464 δοξάζοντάς
961 3413 1029 3470 με
1078 3397 1312 3466 δοξάσω,
1362 3399 1459 3452 καὶ
1499 3398 1528 3452 6
1561 3397 1858 3465 ἐξουθενῶν

256 3506 343 3561 με
372 3490 836 3562 ἀτιμασθήσεται.
877 3509 899 3544 ο

345 3601 368 3636 ι
418 3582 925 3656 Ἐξομολογήσομαί
983 3600 1089 3649 σοι,
1147 3582 1344 3654 Κύριε,
1414 3586 1472 3638 ἐν
1514 3583 1614 3658 ὅλῃ
1660 3584 1860 3656 καρδίᾳ

314 3691 400 3729 ου.
438 3692 458 3727 ι

259 3694 570 3818 “nam
606 3763 1011 3836 ἐπικαλέσομαι
1068 3765 1162 3820 τὸν
1212 3765 1444 3837 Κύριον,
1505 3766 1601 3822 καὶ
1646 3767 1712 3822 ὲκ
1750 3766 1860 3820 τῶν

232 3850 485 3928 ἐχθρῶν
516 3874 617 3928 μου
644 3855 991 3928 σωθήσομαι.
1028 3876 1048 3909 ι

348 3970 368 4002 ι
409 3950 473 4004 οἱ
506 3948 942 4021 φοϐούμενοιτὸν
955 3949 1186 4023 Κύριον,
1217 3952 1473 4008 αἱνέσατε
1502 3953 1690 4018 αὐτὸν,
1720 3972 1740 4007 ›
1766 3954 1863 4008 καὶ

254 4043 338 4098 τὰ
364 4041 550 4098 λοιπά.

348 4156 369 4189 ι
406 4135 703 4206 Εὐλογήσω
724 4135 814 4189 τὸν
847 4135 1058 4208 Κύριον
1090 4131 1150 4189 ὲν
1178 4137 1346 4191 παντὶ
1380 4136 1580 4210 καιρῷ,
1607 4137 1697 4194 διὰ
1726 4156 1864 4193 παν-

252 4231 366 4295 τὸς
386 4232 421 4301 ἡ
452 4229 660 4293 αἴνεσις
692 4228 860 4284 αὐτοῦ
892 4229 952 4282 ἐν
983 4229 1068 4301 τῷ
1095 4229 1330 4301 στόματί
1362 4247 1488 4302 μου.
1523 4250 1543 4283 ι

352 4342 372 4375 ι
407 4323 630 4378 Ψὰλατε
668 4322 747 4394 τῷ
775 4321 896 4395 Θεῷ
918 4322 1098 4396 ἡμῶν,
1129 4322 1340 4394 ψάλατε
1368 4339 1381 4354 ·
1411 4323 1620 4394 ψὰλατε
1646 4325 1725 4398 τῷ
1765 4324 1864 4398 βα-

263 4419 414 4474 σιλεῖ
437 4418 619 4490 ἡμῶν,
653 4416 885 4487 ψάλατε.
919 4436 937 4471 ι

1956 1945 2184 2012 malum,
2225 1947 2695 2015 quemadmodum
2735 1965 2839 2008 nec
2872 1953 3086 2023 peritus
3115 1944 3417 2026 quidquam
3441 1955 3548 2012 im-

1955 2036 2149 2108 perite.
2185 2036 2321 2091 Cum
2369 2036 2561 2111 itaque
2592 2039 2759 2110 Deus,
2788 2050 2845 2100 et
2879 2045 3091 2115 justus,
3144 2052 3201 2101 ct
3248 2046 3430 2105 bonus
3475 2049 3549 2104 sit

1955 2141 2022 2183 ac
2045 2128 2285 2198 peritus,
2319 2144 2548 2213 necesse
2579 2138 2666 2189 est
2692 2148 2819 2190 eum
2872 2135 3007 2193 nihil
3038 2138 3232 2210 iniusti
3273 2154 3379 2197 nec
3415 2142 3545 2197 mali

1959 2217 2180 2278 fecisse.

2029 2306 2269 2379 Didymi.
2289 2338 2346 2349 —
2377 2309 2552 2367 Unico
2581 2312 2882 2371 voluntatis
2914 2323 3053 2373 nutu
3080 2317 3247 2388 Deus,
3280 2321 3547 2394 quidquid

1957 2396 2099 2464 vult,
2138 2412 2205 2454 ex
2245 2398 2422 2456 nihilo
2464 2408 2615 2458 creat
2648 2420 2662 2457 ι
2706 2412 2767 2459 ιιι
2797 2404 2894 2476 qui
2951 2407 3109 2465 solus
3150 2410 3548 2479 sempiternus,

1959 2490 2116 2548 solus
2154 2492 2412 2565 principii
2447 2510 2669 2567 expers,
2712 2498 2867 2556 solus
2905 2499 3168 2573 denique,
3201 2511 3319 2558 tum
3362 2517 3550 2560 essen-

1962 2583 2060 2653 tia,
2087 2590 2203 2641 tum
2234 2587 2523 2644 voluntate
2544 2589 2801 2653 simplex.

1960 2741 2093 2821 Tl'l’.
2152 2742 2249 2821 Ill.
2286 2776 2361 2787 —
2396 2746 2470 2804 De
2519 2747 2617 2804 Dei
2658 2748 3052 2820 gloriﬁcationc
3099 2764 3118 2803 .'
3158 2759 3208 2804 et
3250 2749 3391 2821 quod
3430 2765 3550 2804 eum

2030 2814 2339 2889 gloriﬁcare
2364 2827 2415 2872 et
2447 2814 2693 2889 sanctum
2723 2814 3022 2888 priedicare
3067 2814 3349 2889 oporteat;
3391 2820 3551 2875 illos-

2032 2902 2132 2957 que
2164 2903 2200 2942 a
2222 2886 2411 2958 quibus
2444 2886 2800 2960 gloriﬁcatur,
2834 2891 2947 2948 ipse
2986 2886 3223 2946 vicissim
3263 2891 3549 2962 gloriﬁcet.

2037 3020 2206 3079 Num.
2235 3038 2332 3091 xx,
2374 3023 2461 3080 12.
2495 3055 2565 3067 -
2598 3043 2621 3077 ι
2660 3023 2808 3080 Dixit
2835 3015 3131 3081 'Dominus
3169 3031 3238 3081 ad
3269 3024 3494 3098 Moysen
3533 3043 3550 3082 :

1965 3112 2105 3181 Quia
2133 3128 2245 3168 non
2273 3114 2592 3172 credidistis
2637 3122 2699 3171 ut
2728 3114 3157 3173 sanctiﬁcaretis
3188 3129 3298 3183 me,
3337 3116 3553 3173 idcirco

1886 3187 1933 3249 (ἶ
1964 3221 2075 3261 ιιοιι
2111 3205 2472 3265 introducetis
2495 3221 2835 3283 synagogam
2869 3207 3013 3264 hanc
3049 3206 3107 3264 in
3147 3216 3351 3264 terram
3386 3222 3549 3279 quam

1960 3296 2104 3352 dabo
2127 3298 2228 3354 eis.
2268 3316 2287 3349 ι

2035 3390 2065 3444 Ι
2102 3389 2230 3462 Reg.
2272 3406 2332 3453 ιι,
2380 3391 2435 3445 5.
2478 3421 2546 3431 ——
2589 3409 2609 3444 ι
2647 3389 2761 3462 Ego
2795 3391 3174 3463 gloriﬁcantes
3204 3408 3293 3448 me
3336 3392 3549 3463 gloriﬁ-

1962 3485 2140 3540 cabo:
2181 3489 2274 3557 qui
2305 3494 2488 3543 autem
2525 3488 2835 3544 contemnit
2859 3504 2968 3555 me,
3004 3488 3111 3544 erit
3137 3487 3420 3560 ignobilis.
3454 3505 3476 3540 ι

2036 3573 2191 3630 Ρεαι.
2220 3593 2298 3640 1x,
2335 3578 2388 3632 l.
2419 3607 2491 3617 —
2515 3595 2533 3629 ι
2565 3577 2887 3635 Conﬁtebor
2909 3579 3031 3646 tibi,
3056 3578 3310 3648 Domine,
3342 3578 3397 3634 in
3438 3586 3553 3635 toto

1963 3672 2129 3724 corde
2159 3683 2303 3725 meo.
2337 3687 2355 3721 ι
2462 3731 2473 3740 υ

2036 3756 2191 3814 Psal.
2230 3777 2365 3825 xvn,
2429 3764 2512 3818 l4.
2540 3794 2612 3804 ——
2654 3783 2674 3816 ι
2723 3764 2985 3821 Laudans
3044 3764 3320 3821 invocabo
3363 3765 3551 3823 Domi-

1964 3868 2121 3920 num,
2144 3863 2197 3909 et
2223 3855 2293 3911 ab
2317 3854 2561 3912 inimicis
2595 3857 2731 3913 meis
2759 3859 2949 3916 salvus
2971 3874 3088 3915 ero.
3121 3878 3140 3913 ι

2034 3945 2189 4000 Psal.
2222 3946 2445 4013 xxrﬂl.
2470 3979 2538 3989 --
2568 3966 2587 4000 ι
2617 3948 2724 4015 Qui
2754 3949 2960 4006 timetis
2995 3949 3310 4019 Dominum,
3337 3942 3559 4007 laudate

1964 4052 2115 4103 eum,
2147 4056 2167 4089 ι
2204 4048 2315 4095 etc.

1976 4152 1981 4158 ’
2038 4132 2193 4189 Psal.
2232 4149 2429 4201 χχχιιι,
2483 4134 2637 4188 2.—-
2685 4152 2706 4186 ι
2755 4133 3085 4191 Benedicam
3148 4134 3444 4191 Dominum
3501 4138 3556 4190 in

1965 4227 2117 4282 omni
2153 4235 2400 4298 tempore
2433 4245 2447 4282 :
2479 4241 2699 4297 semper
2734 4227 2856 4283 laus
2883 4227 3005 4298 ejus
3030 4228 3086 4282 in
3124 4243 3222 4283 ore
3252 4244 3394 4284 meo.
3429 4247 3446 4279 ι

1970 4321 1979 4329 ’
2038 4317 2193 4374 Psal.
2230 4333 2379 4385 ιινι,
2399 4317 2454 4373 6.
2477 4313 2549 4359 —'-
2586 4338 2605 4372 ι
2633 4319 2862 4375 Psallite
2893 4319 3006 4376 Deo
3036 4328 3253 4388 nostro,
3288 4321 3510 4392 psallite
3543 4339 3557 4373 :

1966 4413 2188 4482 psallite
2225 4414 2343 4486 regi
2376 4423 2595 4479 nostro,
2625 4413 2862 4484 psallite.
2894 4431 2916 4466 ι

350 4528 372 4561 ι
403 4509 577 4564 Θύσον
599 4509 679 4582 τῷ
704 4509 826 4581 Θεῷ
854 4509 1050 4565 θυσίαν
1095 4511 1378 4577 αἰνέσεως,
1417 4513 1513 4566 καὶ
1550 4512 1750 4577 ἀπόδος
1781 4512 1858 4585 τῷ

2042 4501 2194 4558 Psal.
2220 4518 2371 4568 nu,
2394 4502 2923 4561 14-25.—-ilmmola
2944 4501 3057 4561 Deo
3072 4487 3409 4571 sacriﬁcium
3442 4505 3561 4561 lau-

260 4592 527 4674 ’Υψίστῳ
547 4603 646 4666 τὰς
672 4602 838 4674 εὐχάς
868 4619 986 4658 σου.
1030 4602 1203 4657 Θυσία
1227 4604 1492 4669 αἰνέσεως
1518 4604 1736 4670 δοξάσει
1767 4623 1858 4677 με,

249 4692 366 4748 καὶ
397 4693 516 4747 ἐκεῖ
536 4692 677 4757 ὁδός.
714 4711 735 4745 ι
1554 4752 1561 4757 .

348 4803 370 4837 ι
412 4784 746 4851 Ἀλαλάξατε
804 4784 882 4858 τῷ
910 4785 1052 4857 Θεῷ,
1100 4788 1253 4844 πᾶσα
1291 4790 1326 4861 ἡ
1360 4788 1435 4860 γῆ
1457 4806 1470 4819 ·
1523 4789 1732 4861 ψάλατε
1786 4791 1865 4861 τῷ

261 4878 503 4950 ὀνόματι
537 4876 727 4934 αὐτοῦ.
762 4897 782 4930 ι

351 4990 371 5024 ι
415 4970 1039 5043 Ἐξομολογησάσθωσὰν
1104 4989 1189 5029 σοι
1220 4974 1364 5042 λαοὶ,
1396 4977 1425 5030 6
1452 4974 1588 5041 Θεός
1613 4993 1627 5004 ·
1675 4976 1866 5049 ἐξομο-

262 5063 705 5137 λοησάσθωσάν
741 5080 845 5118 σοι.
888 5081 908 5116 ι

352 5173 372 5206 ι
423 5156 511 5210 Ἐν
550 5154 870 5226 ἐκκλησίαις
892 5145 1168 5225 εὐλογεῖτε
1218 5157 1301 5211 τὸν
1333 5156 1468 5212 Θεὸν
1529 5158 1759 5231 Κύριον,
1799 5161 1864 5213 ὲκ

264 5247 468 5318 πηγῶν
482 5248 726 5321 Ἰσραήλ.
754 5249 820 5301 Ai
844 5247 1117 5319 βασιλεῖαι
1137 5250 1237 5321 τῆς
1254 5250 1381 5321 γῆς,
1415 5250 1588 5323 ᾅσατε
1610 5253 1688 5326 τῷ
1719 5253 1863 5326 Θεῷ,

263 5339 481 5411 ψάλατε
505 5340 584 5411 τῷ
619 5341 830 5414 Κυρίῳ.
865 5362 884 5395 ι

349 5451 369 5482 ι
417 5433 727 5506 Ἐμνήσθην
781 5433 873 5489 τοῦ
921 5432 1081 5502 Θεοῦ,
1118 5434 1212 5489 καὶ
1270 5435 1616 5509 ηὐφράνθην,
1669 5439 1863 5510 ἡδολέ-

269 5540 382 5598 σχη
394 5543 477 5580 σα.
522 5546 540 5579 ι

348 5657 368 5689 ι
405 5640 486 5694 Τὰ
513 5641 639 5711 ὲλέη
679 5658 795 5707 σου,
825 5643 1024 5715 Κύριε,
1049 5645 1129 5708 εἰς
1155 5634 1247 5698 τὸν
1287 5643 1463 5700 αἰῶνα
1489 5644 1695 5718 ᾄσομαι
1723 5662 1736 5675 ·
1775 5645 1855 5708 εἰς
1902 5632 1918 5647 ’

266 5730 470 5801 γενεὰν
502 5732 596 5786 καὶ
622 5735 835 5801 γενεάν.
875 5753 894 5786 ι

600 5917 868 5981 Ριιτιιοι.
920 5920 1033 5984 Gn.
1087 5922 1259 5987 Χον.

1968 4595 2078 4663 dis,
2103 4605 2159 4677 et
2174 4595 2346 4653 redde
2381 4596 2672 4654 Altissimo
2700 4595 2871 4669 426
2902 4606 3026 4653 vota
3063 4606 3180 4655 tua.
3213 4597 3559 4656 Sacriﬁcium

1970 4686 2152 4744 laudis
2180 4687 2570 4744 honoriﬁcabit
2610 4703 2720 4753 me,
2748 4697 2805 4745 et
2836 4689 2952 4746 illic
2984 4690 3108 4757 iter,
3141 4709 3161 4742 ι
3200 4699 3306 4746 etc.

2038 4774 2192 4835 Psal.
2229 4794 2335 4834 ων
2361 4819 2376 4846 ,
2406 4779 2462 4834 2.
2494 4809 2566 4821 -—
2609 4798 2629 4834 ι
2666 4778 2907 4838 anilate
2952 4781 3086 4849 Deo,
3141 4783 3325 4840 omnis
3375 4794 3560 4851 terra;

1968 4877 2244 4949 psalmum
2280 4876 2454 4933 dicite
2490 4879 2699 4934 nomini
2731 4879 2876 4950 ejus,
2919 4898 2938 4932 ι
2975 4886 3085 4935 etc.

2040 4974 2196 5032 Psal.
2222 4992 2374 5044 ιινι,
2404 4979 2458 5034 4.
2481 5010 2550 5021 -—
2581 4997 2600 5030 ι
2626 4978 3010 5034 Conﬁteantur
3032 4978 3132 5034 tibi
3154 4980 3365 5051 populi,
3391 4979 3561 5046 Deus;

1967 5070 2341 5128 confiteantur
2380 5071 2500 5136 tibi,
2542 5092 2560 5126 ι
2605 5080 2715 5129 etc.

2039 5163 2192 5221 Psal.
2225 5182 2373 5222 um
2399 5205 2413 5230 ,
2466 5166 2655 5223 27-55.
2689 5198 2757 5208 -κ
2789 5188 2805 5219 ι
2840 5168 2904 5239 in
2949 5168 3202 5225 ccclesiis
3248 5164 3562 5223 benedicite

1970 5255 2084 5313 Deo
2113 5256 2368 5325 Domino,
2403 5259 2471 5316 de
2497 5260 2744 5317 fontibus
2769 5260 2958 5317 Israel.
2984 5259 3172 5331 Regna
3209 5268 3394 5327 terra,
3427 5274 3559 5314 can-

1968 5357 2082 5406 tate
2120 5349 2252 5415 Deo,
2292 5351 2515 5422 psallite
2544 5352 2797 5410 Domino.
2844 5369 2866 5405 ι

2037 5441 2187 5498 Ριαι.
2221 5461 2408 5510 LXXVI,
2437 5445 2493 5500 4.
2523 5465 2630 5498 -ι
2671 5446 2880 5502 Memor
2914 5445 2986 5500 l‘ui
3025 5444 3144 5507 Dei,
3172 5450 3226 5498 et
3251 5441 3555 5497 delectatus

1969 5551 2116 5600 sum,
2147 5542 2202 5590 et
2231 5537 2576 5592 exercitatus
2608 5551 2752 5593 sum.
2797 5554 2817 5587 ι

2040 5628 2193 5683 Psal.
2230 5644 2500 5695 Lxxxvm,
2549 5628 2604 5683 2.
2639 5659 2709 5669 —-
2751 5647 2771 5680 ι
2810 5623 3223 5682 Misericordias
3260 5631 3401 5678 tuas.
3445 5613 3551 5667 DO—

1968 5740 2137 5807 mine,
2169 5742 2224 5794 in
2247 5747 2515 5796 aeternum
2537 5741 2805 5810 cantabo;
2841 5739 2896 5793 in
2933 5733 3349 5831 generationem,
3370 5734 3423 5778 cl
3453 5734 3538 5792 εον

1966 5828 2334 5898 iterationem,
2374 5848 2393 5883 ι
2426 5840 2535 5887 etc.

3000 5914 3077 5974 43
