3960 6406
436 328 575 391 1355

1615 335 1673 391 S.
1715 332 2037 395 JOANNIS
2075 337 2507 397 DAMASCENI

3569 340 3701 406 1356

504 442 655 504 Paul.
692 457 800 510 XCI,
841 442 895 498 2.
919 472 991 484 --
1024 463 1040 494 ι
1079 443 1288 498 Bonum
1338 455 1421 501 est
1457 447 1707 503 confiteri
1761 448 1987 506 Domino

2193 472 2211 505 ε
2254 453 2495 527 Ἀγαθὸν
2518 454 2579 506 τὸ
2610 452 3060 524 ἐξομολογεῖσθαι
3089 454 3166 526 τῷ
3200 456 3411 529 Κυρίῳ,
3438 460 3534 515 καὶ
3558 458 3700 532 ψὰλο

429 546 487 593 et
511 537 747 609 psallere
776 536 982 592 nomini
1014 544 1134 600 tuo,
1166 557 1186 591 ι
1223 547 1331 594 etc.

502 631 657 687 Psal.
691 644 835 696 κων,
870 628 922 684 1.
951 649 1035 671 ---
1057 646 1075 679 ι
1114 627 1327 695 Venite,
1377 633 1724 689 exsultemus
1756 632 2006 698 Domino,

426 723 724 792 jubilemus
753 721 886 785 Deo,
925 739 943 773 ι
988 729 1099 776 etc.

500 812 651 869 Ρεαι.
698 827 823 879 xcv,
871 812 990 868 2-7.
1025 831 1139 865 -ι
1176 812 1407 868 CantaIe
1461 812 1693 869 Domino
1730 815 2007 871 canticum

427 923 628 963 novum
658 925 674 962 :
707 914 929 962 cantate
957 906 1213 972 Domino,
1256 907 1437 964 omnis
1471 913 1641 963 terra.
1667 906 1871 963 Aﬂ'erte
1899 905 2009 963 Dos

426 997 599 1065 mino,
640 997 836 1068 patria:
866 998 1140 1067 gentium,
1191 997 1383 1058 aa‘erte
1414 997 1651 1055 Domino
1682 999 1916 1070 gloriam
1955 1006 2011 1053 et

427 1087 712 1144 honorem.
749 1105 768 1140 ι

496 1179 652 1235 Paul.
705 1194 892 1244 xcvm,
946 1178 1000 1233 5.
1033 1208 1101 1219 ——
1149 1197 1167 1229 ‹
1207 1177 1463 1234 Exaltate
1499 1178 1793 1235 Dominum
1836 1180 2007 1236 Deum

424 1286 698 1338 nostrum,
735 1285 787 1331 et
825 1278 1069 1331 adorato.
1110 1293 1128 1327 ι

495 1368 649 1425 Ρδαί.
698 1382 845 1432 xcux,
885 1369 936 1424 9.
973 1398 1044 1409 —
1078 1386 1095 1418 ι
1125 1366 1367 1423 .lubilate
1417 1367 1545 1426 Deo.
1574 1368 1755 1425 omnis
1812 1374 1959 1422 terra
1989 1385 2005 1423 :

424 1462 630 1519 servile
660 1462 892 1516 Domino
933 1460 987 1515 in
1025 1460 1237 1516 laetitia.
1275 1478 1294 1512 ι

492 1553 641 1608 Psal.
688 1553 956 1619 cmi-2‘2.
988 1573 1093 1605 -ι
1127 1553 1385 1619 Benedic,
1413 1554 1599 1610 anima
1634 1566 1776 1618 mea,
1818 1551 2007 1607 Domi-

422 1661 514 1710 no,
544 1655 597 1701 et
644 1645 830 1700 omnia
860 1659 983 1714 quae
1010 1647 1155 1700 intra
1189 1660 1280 1700 me
1309 1652 1462 1713 sunt,
1518 1653 1633 1705 etc.
1691 1643 2008 1701 Benedicite

419 1738 673 1802 Domino,
698 1739 883 1803 omnia
902 1752 1068 1808 opera
1094 1737 1238 1809 ejus,
1266 1740 1323 1794 in
1353 1737 1500 1796 omni
1527 1738 1649 1794 loco
1669 1738 2007 1795 dominatio-

413 1828 503 1884 nis
526 1828 665 1896 ejus.
706 1846 726 1879 ι

484 1918 634 1975 ΡεαΙ.
693 1932 812 1987 cm,
860 1920 947 1975 54.
996 1951 1066 1964 -
1117 1937 1135 1970 ι
1175 1918 1491 1976 Iucundum
1525 1919 1595 1975 sit
1630 1919 1680 1977 ei
1713 1919 1994 1990 eloquium

414 2025 621 2066 meum.
656 2029 674 2063 ι

487 2099 639 2155 Psal.
679 2116 788 2164 ειν,
822 2099 874 2154 1.
902 2096 971 2141 ὲ-
1002 2118 1026 2177 ⁴ι
1054 2088 1406 2157 Conﬁtemini
1451 2099 1706 2169 Domino,
1746 2109 1804 2160 et
1840 2103 1997 2159 invo-

408 2202 532 2250 cate
568 2208 768 2249 nomen
800 2193 943 2264 ejus,
979 2212 999 2245 ›
1032 2201 1140 2249 etc.

481 2285 636 2342 Ρεαί.
661 2301 749 2352 cv,
770 2285 911 2343 2.-
941 2303 961 2337 ι
994 2283 1130 2355 Quis
1152 2284 1411 2356 loquetur
1440 2284 1714 2355 potentias
1739 2283 1951 2340 Domini
1975 2284 1998 2338 ?

410 2376 629 2434 auditas
662 2377 849 2443 faciet,
880 2395 899 2429 ›
939 2383 1046 2433 etc.

482 2468 633 2524 Psal.
665 2485 752 2535 cx,
781 2469 867 2525 10.
893 2498 964 2509 -
1006 2488 1024 2521 ι
1059 2468 1329 2525 Laudatio
1360 2469 1483 2543 ejus
1508 2478 1692 2526 manet
1729 2469 1784 2524 in
1816 2484 1993 2527 saucu-

409 2560 520 2614 lum
557 2562 763 2617 saeculi.
812 2579 832 2613 ι

478 2650 628 2705 Ρεαι.
677 2666 810 2719 cm,
869 2651 920 2705 1.
961 2681 1029 2691 -—
1071 2671 1090 2703 ι
1127 2650 1391 2717 Laudate,
1430 2652 1610 2722 pueri,
1657 2651 1988 2720 Dominum,

405 2743 623 2797 laudate
649 2757 850 2798 nomen
888 2741 1125 2798 Domini.
1170 2740 1257 2797 Sit
1287 2756 1512 2809 nomen,
1544 2759 1566 2796 ι
1597 2751 1707 2799 etc.

476 2829 630 2887 Psal.
660 2848 817 2903 cxm,
850 2832 948 2891 l7.
979 2864 1049 2875 -—
1084 2853 1103 2886 ‹
1133 2832 1256 2888 Non
1304 2833 1508 2890 mortui
1555 2835 1865 2891 laudabunt
1913 2842 1986 2901 tr,

403 2925 659 2992 Domine,
691 2941 870 2998 neque
893 2941 1108 2993 omnes,
1153 2945 1172 2978 ι
1205 2937 1313 2983 etc.

475 3018 632 3074 Psal.
685 3034 825 3090 ειν,
868 3019 959 3074 i7.
988 3049 1059 3061 —-
1109 3037 1128 3071 ‹
1166 3017 1288 3075 Tibi
1355 3019 1685 3076 sacriﬁcabo
1746 3019 1983 3085 hostiam

402 3110 605 3177 laudis,
641 3120 698 3165 et
732 3111 785 3167 in
828 3113 1052 3169 nomine
1085 3111 1325 3179 Domini,
1364 3130 1384 3164 ι
1421 3120 1528 3167 etc.

473 3200 625 3265 Ρεμί.
653 3216 798 3267 exn,
849 3203 903 3260 t.
949 3234 1019 3245 —-
1072 3223 1093 3256 ε
1141 3202 1391 3259 Laudate
1433 3201 1751 3268 Dominum,
1791 3214 1983 3259 omnes

400 3302 592 3365 gentes
625 3313 639 3350 :
674 3294 915 3363 laudate,
959 3314 978 3349 ι
1015 3304 1122 3353 etc.

466 3385 623 3442 Psal.
657 3396 884 3455 cxxxnt,
917 3389 969 3445 I.
1000 3416 1072 3430 --
1105 3406 1126 3440 ι
1166 3386 1308 3445 Ecce
1344 3401 1492 3444 nunc
1518 3385 1833 3444 benedicite
1877 3386 1984 3442 Do-

394 3492 630 3533 mtuum.
663 3496 683 3530 ι

468 3591 618 3648 Ρεαί.
648 3607 871 3658 cxxuv,
898 3594 951 3647 5.
994 3624 1062 3634 --
1109 3611 1127 3645 ‹
1158 3591 1389 3648 Psailite
1423 3586 1635 3644 nomini
1665 3586 1810 3659 ejus,
1845 3600 1985 3657 quo-

396 3684 544 3740 niam
579 3697 764 3740 suave.
801 3681 1073 3750 Quoniam
1107 3678 1301 3747 Jacob,
1338 3698 1360 3732 ›
1394 3686 1503 3734 etc.

466 3780 825 3861 Psal.cxt.v1,
858 3795 911 3849 1.
941 3822 1013 3832 --
1042 3813 1060 3845 ‹
1092 3790 1339 3849 Laudate
1367 3790 1685 3853 Dominum,
1717 3787 1983 3859 quoniam

394 3889 575 3944 bonus
603 3899 691 3944 est
722 3887 969 3960 psalmus
1013 3903 1031 3944 :
1065 3887 1176 3943 Deo
1203 3894 1417 3949 nostro,
1459 3899 1479 3934 ι
1516 3887 1626 3937 etc.

464 3997 626 4056 Prov.
663 3983 768 4069 vn,
804 4000 860 4058 2.
888 4031 959 4043 ——
999 4019 1019 4054 ι
1055 3998 1279 4055 Honora
1328 3994 1647 4061 Dominum,
1676 4001 1733 4052 et
1780 3999 1982 4064 potens

388 4094 506 4151 eris
543 4111 557 4150 :
593 4104 792 4167 praeter
824 4109 949 4151 eum
979 4094 1253 4151 neminem
1296 4089 1573 4147 timueris.
1615 4107 1634 4142 ι

463 4209 579 4266 Isa.
611 4228 731 4278 VIII,
784 4212 873 4267 i5.
896 4241 967 4252 -—-
1000 4229 1019 4263 ι
1053 4209 1344 4265 Dominum
1397 4208 1580 4279 ipsum
1610 4204 1978 4271 sanetiﬂcate,

390 4311 446 4359 et
480 4305 595 4374 ipse
624 4305 729 4359 erit
765 4304 933 4357 timor
956 4311 1106 4358 tuus.
1142 4299 1210 4355 Et
1240 4300 1288 4357 si
1322 4300 1378 4356 in
1430 4301 1553 4372 ipso
1590 4297 1846 4356 ﬁduciam
1877 4296 1978 4351 ha-

388 4394 600 4465 bueris,
636 4394 744 4452 erit
773 4395 874 4452 tibi
906 4395 963 4451 in
996 4392 1512 4452 sanctiﬁcationem.
1560 4410 1580 4445 ο

2112 548 2228 596 λειν
2255 545 2333 616 τῷ
2356 545 2583 615 ὀνόματί
2618 563 2733 599 σου.
2756 582 2759 585 -
2783 565 2800 597 ι

2192 652 2210 685 ο
2245 633 2436 702 Δεῦτε,
2458 628 2467 637 ’
2492 634 2958 706 ἀγαλλιασὼμεθα
2983 637 3062 709 τῷ
3092 639 3306 712 Κυρίῳ,
3335 640 3704 716 ἀλαλάεωμεν

2111 725 2189 797 τῷ
2214 724 2353 796 Θεῷ.
2376 745 2395 778 ο

2189 835 2207 868 ι
2243 816 2448 888 Ι’ᾼσατε
2482 816 2560 888 τῷ
2594 818 2786 889 Κυρίῳ
2817 814 2972 891 ᾆσμα
3000 822 3207 878 καινόν.
3243 824 3449 892 ᾌσατε
3474 826 3554 898 τῷ
3583 829 3705 882 Κυ-

2116 908 2241 981 ρίῳ,
2284 911 2438 964 πᾶσα
2482 912 2514 981 ἡ
2548 911 2644 983 γῆ.
2693 913 2988 982 Ἐνέγκατε
3013 914 3093 986 τῷ
3118 916 3335 988 Κυρίῳ,
3368 920 3426 971 αἰ
3462 921 3707 992 πατρίαι

2110 1000 2220 1055 τῶν
2251 1000 2446 1070 ἐθνῶν,
2476 1003 2739 1072 ἐνέγκατε
2777 1005 2852 1077 τῷ
2887 1007 3083 1079 Κυρίῳ
3121 1008 3281 1077 δόξαν
3305 1013 3403 1067 καὶ
3432 1015 3629 1086 τιμήν.
3674 1036 3695 1068 ι

2188 1208 2206 1239 ‹
2257 1187 2489 1260 ’Υψούτε
2538 1190 2746 1263 Κύριον
2786 1192 2881 1246 τὸν
2928 1192 3065 1247 Θεὸν
3092 1195 3277 1267 ἡμῶν,
3308 1199 3404 1252 καὶ
3449 1216 3702 1272 προσκυ-

2109 1295 2273 1332 νειτε.
2309 1299 2328 1331 ι

2186 1387 2205 1421 ‹
2244 1369 2577 1436 Ἀλαλάξατε
2605 1372 2684 1442 τῷ
2707 1372 2851 1443 Θεῷ,
2883 1376 3036 1431 πᾶσα
3070 1380 3102 1450 ἠ
3131 1380 3199 1452 γῆ
3221 1398 3236 1411 ·
3262 1382 3588 1437 δουλεύσατε
3616 1384 3701 1456 τῷ

2109 1462 2304 1534 Κυρίῳ
2327 1462 2385 1515 ἐν
2415 1462 2750 1538 εὐφροσύνῃ.
2792 1485 2809 1518 ι

2187 1572 2206 1605 ‹
2248 1554 2500 1623 Εύλόγει,
2529 1556 2562 1626 ἡ
2592 1554 2739 1626 ψυχή
2776 1573 2879 1627 μου
2898 1557 2989 1613 τὸν
3023 1558 3252 1632 Κύριον,
3293 1563 3387 1617 καὶ
3418 1563 3597 1618 πάντα
3627 1567 3703 1619 τὰ.

2107 1647 2259 1719 ἐντός
2300 1663 2427 1717 μου.
2472 1646 2763 1716 Εὐλογεῖτε
2822 1650 2912 1703 τδν
2950 1652 3179 1725 Κύριον,
3220 1655 3400 1710 πάντα
3431 1659 3499 1711 τὰ
3553 1659 3699 1731 ἔργα

2110 1739 2300 1805 αὐτοῦ,
2330 1739 2390 1793 ὲν
2421 1740 2586 1797 παντὶ
2609 1740 2759 1811 τόπῳ
2782 1742 2880 1811 τῆς
2899 1743 3223 1810 δεσποτείας
3253 1746 3441 1801 αὐτοῦ.
3535 1806 3542 1813 ,

2179 1938 2199 1971 ι
2249 1916 2540 1989 Ἦδυνθείη
2563 1918 2714 1989 αύτῷ
2738 1921 2769 1990 ἡ
2790 1919 3014 1991 διαλογὴ
3056 1882 3181 1992 μου.
3214 1942 3233 1977 ι

2178 2118 2196 2150 ι
2242 2066 2709 2171 Ἐεομολογεῖσθε
2742 2100 2821 2172 τῷ
2878 2102 3092 2173 Κυρίῳ,
3149 2104 3242 2160 καὶ
3279 2103 3715 2162 ὲπικαλέσασθεε

2099 2190 2161 2244 τὸ
2196 2191 2369 2262 ὄνομα
2389 2191 2578 2246 αὐτοῦ.
2616 2211 2634 2246 ι

2178 2300 2195 2331 ι
2239 2280 2335 2345 Τίς
2365 2280 2591 2351 λαλήσει
2621 2281 2720 2348 τὰς
2768 2281 3089 2348 δυναστείας
3108 2282 3201 2337 τοῦ
3233 2283 3482 2355 Κυρίαις
3516 2285 3694 2340 ἀκου-

2100 2371 2231 2437 στὰς
2257 2372 2499 2443 ποιήσει.
2539 2392 2559 2426 ι

2177 2465 2311 2523 ι,Ἦ
2360 2463 2569 2530 αῖνεσις
2606 2464 2773 2520 αὐτοῦ
2834 2466 2988 2539 μένει
3037 2467 3119 2531 εἰς
3177 2465 3271 2521 τὸν
3327 2466 3504 2522 αἰῶνα
3587 2467 3685 2523 τοῦ

2095 2558 2311 2625 αἰῶνος.
2348 2579 2369 2612 ι

2172 2668 2192 2702 ι
2229 2651 2470 2717 Αἰνεῖτε,
2500 2646 2961 2717 παῖδες,Κύριον,
2995 2647 3199 2702 αἰνεῖτε
3247 2648 3310 2703 τὺ
3347 2649 3520 2722 ὄνομα
3565 2651 3681 2705 Κυ-

2100 2742 2238 2814 ρίου.
2272 2740 2373 2814 Είη
2393 2740 2454 2794 τὸ
2478 2739 2672 2809 ὕνομα,
2711 2756 2730 2789 ι
2763 2755 2818 2792 κ.
2849 2755 2901 2795 τ.
2926 2754 2977 2792 ε.

2168 2853 2190 2888 ε
2223 2835 2336 2905 υὺχ
2363 2834 2414 2887 οί
2444 2831 2631 2903 νεκροὶ
2666 2830 2945 2886 αίνέσουσί
2973 2848 3057 2899 σε,
3079 2831 3276 2903 Κύριε,
3311 2833 3433 2887 οὐδὲ
3474 2833 3680 2898 πάντες

2089 2930 2140 2983 οἰ
2172 2926 2596 2990 καταϐαίνοντες
2638 2926 2719 2988 είς
2752 2924 2905 2996 ᾅδου.
2955 2944 2975 2977 ι

2164 3037 2185 3072 ι
2230 3019 2322 3074 Σοὶ
2344 3016 2492 3073 θύσω
2522 3017 2719 3073 θυσίαν
2752 3014 3035 3084 αἰνέσεως,
3084 3017 3179 3072 καὶ
3207 3018 3267 3072 ὲν
3300 3017 3532 3090 ὀνόματι
3555 3018 3674 3073 Κυ-

2009 3162 2055 3224 c
2092 3114 2209 3188 ρίου
2218 3152 2244 3224 ,Α

2163 3226 2183 3259 ι
2213 3205 2427 3259 Αἰνεῖτε
2450 3201 2541 3256 τὸν
2568 3200 2988 3273 Κύριον,πάντα
3003 3200 3074 3257 τὰ
3091 3199 3244 3272 ἔθνη·
3268 3199 3619 3257 ὲπαινέσατε.
3644 3216 3667 3253 ι

2162 3406 2181 3440 ι
2232 3383 2366 3440 ’ἰδοὺ
2396 3382 2463 3455 δὴ
2498 3380 2775 3450 εὐλογεῖτε
2804 3380 2899 3435 τὸν
2922 3379 3155 3452 Κύριον,
3190 3380 3395 3444 πάντες
3418 3381 3467 3434 οἰ
3489 3377 3670 3432 δοῦλοι

2084 3479 2314 3552 Κυρίου.
2338 3496 2357 3528 ι

2161 3614 2179 3647 ι
2213 3593 2440 3649 Ψάλατε
2462 3589 2540 3663 τῷ
2585 3589 2815 3661 ὀνόματι
2856 3587 3021 3644 αὑτοῦ
3060 3588 3145 3644 δτι
3184 3586 3373 3643 καλόν.
3419 3587 3545 3641 Ὀτι
3574 3585 3671 3640 τὸν

2099 3687 2315 3752 Ἰακὼϐ,
2354 3704 2374 3738 ›
2410 3702 2465 3740 κ.
2491 3702 2539 3739 τ.
2570 3702 2617 3738 ε.

2162 3817 2181 3850 ι
2220 3798 2431 3852 Αἰνεῖτε
2458 3796 2548 3853 τὸν
2579 3795 2806 3868 Κύριον,
2838 3766 2919 3849 ὅτι
2956 3795 3162 3865 ἀγαθὸς
3183 3795 3416 3868 ψαλμδς,
3443 3794 3519 3866 τῷ
3547 3793 3670 3865 Θεῷ

2084 3891 2261 3963 ἡμῶν.
2302 3909 2320 3942 ι

2160 4022 2178 4055 ι
2205 4004 2354 4075 Τίμα
2384 4004 2475 4058 τὸν
2508 4006 2737 4075 Κύριον,
2783 4006 2879 4061 καὶ
2916 4004 3190 4077 ίσχύσειςυ
3228 4003 3368 4075 πλὴν
3402 4001 3461 4055 δὲ
3498 3998 3666 4054 αὐτοῦ

2086 4098 2163 4170 μὴ
2185 4097 2356 4168 φοϐοῦ
2379 4096 2561 4154 ἄλλον.
2600 4117 2620 4150 ο

2159 4231 2177 4266 ι
2202 4210 2408 4282 Κύριον
2464 4210 2628 4264 αὐτὸν
2667 4210 2957 4279 ἁγιάσατε,
3018 4208 3114 4262 καὶ
3166 4206 3329 4271 αὐτὸς
3375 4205 3532 4261 ἔσται
3568 4221 3667 4258 σου

2081 4305 2267 4375 φόϐος.
2305 4305 2414 4358 Καὶ
2442 4304 2537 4359 ἐὰν
2558 4303 2646 4356 ἐπ’
2672 4303 2822 4373 αὐτῷ
2861 4300 3140 4366 πεποιθὼς
3167 4296 3255 4372 ᾗς,
3284 4298 3443 4353 ἔσται
3476 4315 3560 4352 σοι
3582 4300 3665 4361 εἰς

2079 4397 2349 4468 ἁγίασμα.
2385 4414 2404 4449 ι

440 4478 608 4563 Jan:
634 4524 770 4575 nn,
808 4507 897 4564 10.
938 4537 1012 4549 -
1058 4525 1077 4559 ι
1113 4506 1348 4562 Cantate
1395 4500 1631 4558 Domino
1690 4498 1969 4556 canticum

2155 4529 2174 4563 ι
2220 4510 2536 4581 ’Υμνήσατε
2583 4507 2662 4578 τῷ
2688 4506 2809 4577 Θεῷ
2840 4489 3012 4576 ὕμνον
3040 4504 3261 4558 καινόν’
3295 4505 3329 4575 ἡ
3369 4502 3516 4577 ἀρχὴ
3561 4502 3666 4556 αύ-

388 4594 592 4655 novum
621 4608 639 4655 :'
665 4598 1008 4671 principatus
1048 4596 1171 4668 ejus
1197 4593 1540 4665 gloriﬁcatur
1583 4605 1615 4645 a
1650 4589 1971 4665 summitate

2151 4600 2170 4655 5
2197 4598 2612 4666 engagement
2644 4597 2816 4669 ἄκρου
2848 4596 2945 4667 τῆς
2972 4594 3098 4664 γῆς.
3143 4615 3161 4646 ι

384 4702 566 4749 terra}.
602 4711 621 4746 ι

459 4807 571 4862 Isa.
612 4800 967 4874 Lvn,'ﬂ.'—
1004 4824 1023 4857 ι
1058 4802 1167 4859 Pro
1208 4818 1275 4860 eo
1312 4799 1458 4873 quod
1511 4814 1621 4855 non
1677 4795 1966 4853 recordata

381 4916 445 4959 es
475 4902 608 4971 mei,
631 4901 735 4957 nec
774 4878 1006 4973 posuisti
1039 4908 1126 4955 me
1149 4899 1202 4953 in
1234 4894 1407 4953 corde
1441 4906 1558 4960 tuo,
1599 4901 1653 4947 et
1676 4906 1776 4962 ego
1813 4899 1864 4944 te
1888 4888 1966 4942 vi-

382 4993 518 5050 dens
543 4992 809 5063 despicio.
847 5012 865 5044 ι

452 5102 569 5159 Ιδιι.
605 5120 701 5169 xu,
728 5106 781 5159 4.
817 5134 889 5146 --
941 5123 957 5155 ι
989 5101 1235 5157 Laudate
1274 5096 1593 5158 Dominum,
1620 5090 1965 5146 conclamate

381 5210 579 5251 nomen
607 5196 749 5266 ejus.
784 5214 803 5248 ι

331 5306 334 5310 “
447 5306 645 5366 Jerem.
686 5325 816 5377 xm,
855 5278 943 5362 i6.
987 5286 1056 5347 -ξ
1093 5321 1112 5356 ι
1146 5303 1278 5358 Date
1332 5300 1566 5355 Domino
1618 5296 1729 5351 Deo
1773 5300 1963 5349 vestro

378 5406 634 5474 gloriam,
670 5409 963 5472 antequam
1005 5395 1484 5457 contenebrescat,
1524 5388 1687 5462 427
1719 5394 1774 5443 et
1805 5392 1960 5440 ante-

378 5514 540 5569 quam
570 5493 853 5551 oﬂ‘endant
878 5491 1043 5563 pedes
1077 5489 1145 5544 ad
1175 5494 1391 5543 montes
1418 5483 1774 5556 caliginosos.
1807 5497 1826 5530 ι

448 5611 591 5667 Dan.
624 5627 687 5674 ιι,
725 5609 909 5666 20.——-
945 5626 963 5660 ι
1002 5607 1088 5662 Sit
1124 5619 1324 5661 nomen
1358 5599 1452 5656 Dei
1485 5584 1862 5658 benedictum,
1895 5605 1963 5648 ex
2044 5623 2053 5631 -

376 5694 483 5760 hoc
506 5720 654 5760 nunc
684 5711 737 5760 et
764 5712 941 5773 usQue
977 5702 1032 5756 in
1072 5698 1336 5757 saeculum
1361 5711 1376 5762 ;
1406 5692 1549 5765 quia
1583 5687 1864 5762 sapientia
1906 5691 1962 5741 et

378 5779 621 5858 laudatio
650 5799 823 5871 ipsius
855 5801 1006 5854 sunt.
1048 5812 1067 5846 ι

2153 4822 2172 4855 ι
2227 4798 2367 4854 Ἀνθ“
2398 4792 2474 4854 ὧν
2502 4798 2602 4852 οὐκ
2629 4793 2911 4867 ἐμνήσθης
2953 4809 3077 4864 μου,
3110 4790 3234 4845 οὐδὲ
3258 4787 3450 4852 ἔλαϐές
3484 4802 3552 4858 με
3579 4785 3664 4850 εἰς

2072 4895 2173 4966 τὴν
2197 4893 2425 4965 καρδίαν
2450 4909 2568 4957 σου,
2608 4888 2766 4960 κάγώ
2790 4905 2850 4943 σε
2892 4885 3021 4942 ἰδὼν
3061 4882 3312 4956 παρορῶ.
3352 4901 3372 4933 ι

2153 5119 2171 5151 ι
2222 5099 2472 5169 ’Υμνεῖτε
2520 5096 2610 5149 τὸν
2643 5093 2871 5165 Κύριον,
2905 5091 3068 5162 βοᾶτε
3095 5088 3154 5143 τὸ
3182 5087 3356 5158 ὄνομα
3397 5080 3589 5139 αὐτοῦ.
3631 5099 3654 5135 ι

2146 5314 2165 5348 ι
2198 5294 2330 5349 Δότε
2353 5291 2431 5363 τῷ
2458 5290 2578 5362 Θεῷ
2603 5290 2764 5362 ἡμῶν
2817 5288 2979 5353 δόξαν
3017 5284 3125 5357 πρὸ
3155 5280 3251 5335 τοῦ
3296 5278 3653 5342 συσκοτάσαι,

2072 5388 2165 5442 καὶ
2212 5386 2321 5458 πρὸ
2363 5385 2457 5439 τοῦ
2503 5382 2814 5456 προσκόψαι
2864 5381 2993 5443 τοὺς
3032 5377 3202 5439 πόδας
3246 5372 3401 5444 ὑμῶν
3431 5370 3522 5424 ἐπ’
3551 5369 3653 5443 ὅρη

2072 5476 2345 5533 σκοτεινά.
2388 5496 2405 5529 ι

2144 5611 2163 5644 ι
2201 5592 2301 5661 Εῐη
2346 5590 2407 5644 τὸ
2439 5589 2611 5660 ὄνομα
2664 5586 2761 5641 τοῦ
2806 5582 2943 5640 Θεοῦ
2993 5577 3363 5650 εὐλογημένον
3400 5572 3509 5661 ἀπο
3556 5569 3654 5624 τοῦ

2068 5685 2187 5748 νῦν,
2223 5660 2320 5738 καλ
2350 5681 2456 5745 ἕως
2484 5678 2581 5733 τοῦ
2612 5678 2827 5744 αἰῶνος,
2864 5677 2946 5730 ὅτι
2986 5672 3021 5745 ἦ
3050 5671 3213 5741 σοφία
3264 5667 3360 5723 καὶ
3383 5665 3422 5738 ἡ
3448 5660 3655 5721 ατνεοις

2074 5773 2240 5831 αὑτοῦ
2282 5774 2421 5827 ἔστι.
2465 5789 2485 5825 ι
