  <div class='ocr_page' id='page_1' title='image "/cluster/home/n/w/nwhite01/storage/ocr_20150623/95:no.2/coo.31924054869999/684.png"; bbox 0 0 3960 6390; ppageno 0'>
   <div class='ocr_carea' id='block_1_1' title="bbox 310 399 443 467">
    <p class='ocr_par' dir='ltr' id='par_1_1' title="bbox 310 399 443 467">
     <span class='ocr_line' id='line_1_1' title="bbox 310 399 443 467; baseline 0.015 -2"><span class='ocrx_word' id='word_1_1' title='bbox 310 399 443 467; x_wconf 74' lang='lat'><strong>1351</strong></span> 
     </span>
    </p>
   </div>
   <div class='ocr_carea' id='block_1_2' title="bbox 292 611 1594 691">
    <p class='ocr_par' dir='ltr' id='par_1_2' title="bbox 292 611 1594 691">
     <span class='ocr_line' id='line_1_2' title="bbox 292 611 1594 691; baseline 0.006 -25"><span class='ocrx_word' id='word_1_2' title='bbox 292 611 432 684; x_wconf 80' lang='grc' dir='ltr'>πρὸς</span> <span class='ocrx_word' id='word_1_3' title='bbox 462 611 731 685; x_wconf 79' lang='grc' dir='ltr'>ἀνατολὴν</span> <span class='ocrx_word' id='word_1_4' title='bbox 767 615 946 682; x_wconf 79' lang='grc' dir='ltr'>φωτὸς</span> <span class='ocrx_word' id='word_1_5' title='bbox 979 616 1332 689; x_wconf 76' lang='grc' dir='ltr'><strong>ἐντυγχάνειν</strong></span> <span class='ocrx_word' id='word_1_6' title='bbox 1364 620 1532 691; x_wconf 78' lang='grc' dir='ltr'>αὐτῷ.</span> <span class='ocrx_word' id='word_1_7' title='bbox 1577 643 1594 674; x_wconf 75' lang='grc' dir='ltr'><strong>ι</strong></span> 
     </span>
    </p>
   </div>
   <div class='ocr_carea' id='block_1_3' title="bbox 367 798 1532 876">
    <p class='ocr_par' dir='ltr' id='par_1_3' title="bbox 367 798 1532 876">
     <span class='ocr_line' id='line_1_3' title="bbox 367 798 1532 876; baseline 0.003 -24"><span class='ocrx_word' id='word_1_8' title='bbox 367 817 387 852; x_wconf 81' lang='grc' dir='ltr'><strong>ι</strong></span> <span class='ocrx_word' id='word_1_9' title='bbox 426 798 545 858; x_wconf 83' lang='grc' dir='ltr'><strong>Ζῶν</strong></span> <span class='ocrx_word' id='word_1_10' title='bbox 574 798 671 855; x_wconf 69' lang='grc' dir='ltr'>καὶ</span> <span class='ocrx_word' id='word_1_11' title='bbox 698 799 857 871; x_wconf 73' lang='grc' dir='ltr'>ὑγιὴς</span> <span class='ocrx_word' id='word_1_12' title='bbox 886 801 1090 855; x_wconf 76' lang='grc' dir='ltr'>αἰνέσει</span> <span class='ocrx_word' id='word_1_13' title='bbox 1118 802 1210 855; x_wconf 72' lang='grc' dir='ltr'>τὸν</span> <span class='ocrx_word' id='word_1_14' title='bbox 1250 804 1473 876; x_wconf 77' lang='grc' dir='ltr'>Κύριον.</span> <span class='ocrx_word' id='word_1_15' title='bbox 1515 826 1532 856; x_wconf 76' lang='grc' dir='ltr'><strong>ι</strong></span> 
     </span>
    </p>
   </div>
   <div class='ocr_carea' id='block_1_4' title="bbox 367 976 1880 1055">
    <p class='ocr_par' dir='ltr' id='par_1_4' title="bbox 367 976 1880 1055">
     <span class='ocr_line' id='line_1_4' title="bbox 367 976 1880 1055; baseline 0.007 -25"><span class='ocrx_word' id='word_1_16' title='bbox 367 996 387 1031; x_wconf 83' lang='grc' dir='ltr'><strong>ι</strong></span> <span class='ocrx_word' id='word_1_17' title='bbox 431 976 750 1047; x_wconf 75' lang='grc' dir='ltr'>Εΰλόγησον</span> <span class='ocrx_word' id='word_1_18' title='bbox 789 979 881 1033; x_wconf 79' lang='grc' dir='ltr'>τὸν</span> <span class='ocrx_word' id='word_1_19' title='bbox 907 978 1137 1051; x_wconf 81' lang='grc' dir='ltr'><strong>Κύριον,</strong></span> <span class='ocrx_word' id='word_1_20' title='bbox 1163 982 1255 1036; x_wconf 83' lang='grc' dir='ltr'><strong>τὸν</strong></span> <span class='ocrx_word' id='word_1_21' title='bbox 1309 985 1616 1055; x_wconf 82' lang='grc' dir='ltr'>ποιήσαντά</span> <span class='ocrx_word' id='word_1_22' title='bbox 1662 1003 1742 1047; x_wconf 81' lang='grc' dir='ltr'><strong>σε,</strong></span> <span class='ocrx_word' id='word_1_23' title='bbox 1786 989 1880 1041; x_wconf 77' lang='grc' dir='ltr'><strong>καὶ</strong></span> 
     </span>
    </p>
   </div>
   <div class='ocr_carea' id='block_1_5' title="bbox 288 1065 1545 1139">
    <p class='ocr_par' dir='ltr' id='par_1_5' title="bbox 288 1065 1545 1139">
     <span class='ocr_line' id='line_1_5' title="bbox 288 1065 1545 1139; baseline 0.007 -20"><span class='ocrx_word' id='word_1_24' title='bbox 288 1065 637 1137; x_wconf 81' lang='grc' dir='ltr'>μεθύσκοντά</span> <span class='ocrx_word' id='word_1_25' title='bbox 669 1084 731 1121; x_wconf 89' lang='grc' dir='ltr'><strong>σε</strong></span> <span class='ocrx_word' id='word_1_26' title='bbox 759 1068 871 1123; x_wconf 80' lang='grc' dir='ltr'>ἀπὸ</span> <span class='ocrx_word' id='word_1_27' title='bbox 894 1071 1007 1123; x_wconf 86' lang='grc' dir='ltr'><strong>τῶν</strong></span> <span class='ocrx_word' id='word_1_28' title='bbox 1045 1071 1268 1139; x_wconf 78' lang='grc' dir='ltr'>ἀγαθῶν</span> <span class='ocrx_word' id='word_1_29' title='bbox 1297 1074 1489 1129; x_wconf 82' lang='grc' dir='ltr'>αὐτοῦ.</span> <span class='ocrx_word' id='word_1_30' title='bbox 1526 1096 1545 1128; x_wconf 72' lang='grc' dir='ltr'><strong>ι</strong></span> 
     </span>
    </p>
   </div>
   <div class='ocr_carea' id='block_1_6' title="bbox 362 1158 1877 1241">
    <p class='ocr_par' dir='ltr' id='par_1_6' title="bbox 362 1158 1877 1241">
     <span class='ocr_line' id='line_1_6' title="bbox 362 1158 1877 1241; baseline 0.011 -31"><span class='ocrx_word' id='word_1_31' title='bbox 362 1177 383 1210; x_wconf 72' lang='grc' dir='ltr'><strong>ι</strong></span> <span class='ocrx_word' id='word_1_32' title='bbox 417 1158 768 1231; x_wconf 76' lang='grc' dir='ltr'>Εύλογήσατε</span> <span class='ocrx_word' id='word_1_33' title='bbox 792 1160 884 1216; x_wconf 80' lang='grc' dir='ltr'><strong>τὸν</strong></span> <span class='ocrx_word' id='word_1_34' title='bbox 908 1162 1117 1234; x_wconf 82' lang='grc' dir='ltr'>Κύριον</span> <span class='ocrx_word' id='word_1_35' title='bbox 1154 1167 1212 1219; x_wconf 86' lang='grc' dir='ltr'><strong>ἐν</strong></span> <span class='ocrx_word' id='word_1_36' title='bbox 1246 1168 1381 1221; x_wconf 79' lang='grc' dir='ltr'>πᾶσι</span> <span class='ocrx_word' id='word_1_37' title='bbox 1429 1171 1542 1233; x_wconf 75' lang='grc' dir='ltr'>τοῖς</span> <span class='ocrx_word' id='word_1_38' title='bbox 1567 1169 1749 1241; x_wconf 81' lang='grc' dir='ltr'>ἔργοις</span> <span class='ocrx_word' id='word_1_39' title='bbox 1778 1173 1877 1227; x_wconf 82' lang='grc' dir='ltr'>αὐ-</span> 
     </span>
    </p>
   </div>
   <div class='ocr_carea' id='block_1_7' title="bbox 281 1248 1876 1335">
    <p class='ocr_par' dir='ltr' id='par_1_7' title="bbox 281 1248 1876 1335">
     <span class='ocr_line' id='line_1_7' title="bbox 281 1248 1876 1335; baseline 0.011 -33"><span class='ocrx_word' id='word_1_40' title='bbox 281 1248 405 1304; x_wconf 76' lang='grc' dir='ltr'>τοῦ’</span> <span class='ocrx_word' id='word_1_41' title='bbox 427 1250 548 1304; x_wconf 87' lang='grc' dir='ltr'>δότε</span> <span class='ocrx_word' id='word_1_42' title='bbox 577 1250 659 1323; x_wconf 84' lang='grc' dir='ltr'>τῷ</span> <span class='ocrx_word' id='word_1_43' title='bbox 690 1252 915 1324; x_wconf 83' lang='grc' dir='ltr'>ὀνόματι</span> <span class='ocrx_word' id='word_1_44' title='bbox 934 1256 1100 1309; x_wconf 81' lang='grc' dir='ltr'>αὐτοῦ</span> <span class='ocrx_word' id='word_1_45' title='bbox 1116 1258 1531 1330; x_wconf 83' lang='grc' dir='ltr'>μεγαλωσύνην,</span> <span class='ocrx_word' id='word_1_46' title='bbox 1552 1262 1648 1316; x_wconf 77' lang='grc' dir='ltr'><strong>καὶ</strong></span> <span class='ocrx_word' id='word_1_47' title='bbox 1681 1264 1876 1335; x_wconf 79' lang='grc' dir='ltr'>ἐξομο-</span> 
     </span>
    </p>
   </div>
   <div class='ocr_carea' id='block_1_8' title="bbox 280 1342 1870 1425">
    <p class='ocr_par' dir='ltr' id='par_1_8' title="bbox 280 1342 1870 1425">
     <span class='ocr_line' id='line_1_8' title="bbox 280 1342 1870 1425; baseline 0.011 -30"><span class='ocrx_word' id='word_1_48' title='bbox 280 1342 598 1413; x_wconf 79' lang='grc' dir='ltr'>λογήσασθε</span> <span class='ocrx_word' id='word_1_49' title='bbox 643 1345 702 1399; x_wconf 85' lang='grc' dir='ltr'><strong>ἐν</strong></span> <span class='ocrx_word' id='word_1_50' title='bbox 732 1346 940 1401; x_wconf 81' lang='grc' dir='ltr'><strong>αἰνέσει</strong></span> <span class='ocrx_word' id='word_1_51' title='bbox 984 1349 1172 1418; x_wconf 81' lang='grc' dir='ltr'>αὑτοῦ,</span> <span class='ocrx_word' id='word_1_52' title='bbox 1214 1351 1274 1405; x_wconf 90' lang='grc' dir='ltr'><strong>ἐν</strong></span> <span class='ocrx_word' id='word_1_53' title='bbox 1301 1350 1467 1423; x_wconf 80' lang='grc' dir='ltr'><strong>ᾠδαῖς</strong></span> <span class='ocrx_word' id='word_1_54' title='bbox 1518 1356 1739 1425; x_wconf 75' lang='grc' dir='ltr'><strong>χειλέων</strong></span> <span class='ocrx_word' id='word_1_55' title='bbox 1776 1359 1870 1413; x_wconf 74' lang='grc' dir='ltr'><strong>καὶ</strong></span> 
     </span>
    </p>
   </div>
   <div class='ocr_carea' id='block_1_9' title="bbox 283 1433 746 1505">
    <p class='ocr_par' dir='ltr' id='par_1_9' title="bbox 283 1433 746 1505">
     <span class='ocr_line' id='line_1_9' title="bbox 283 1433 746 1505; baseline 0.011 -20"><span class='ocrx_word' id='word_1_56' title='bbox 283 1433 345 1487; x_wconf 85' lang='grc' dir='ltr'><strong>ἐν</strong></span> <span class='ocrx_word' id='word_1_57' title='bbox 375 1434 683 1505; x_wconf 84' lang='grc' dir='ltr'>κιννύραις.</span> <span class='ocrx_word' id='word_1_58' title='bbox 726 1454 746 1489; x_wconf 70' lang='grc' dir='ltr'><strong>ι</strong></span> 
     </span>
    </p>
   </div>
   <div class='ocr_carea' id='block_1_10' title="bbox 362 1514 1873 1605">
    <p class='ocr_par' dir='ltr' id='par_1_10' title="bbox 362 1514 1873 1605">
     <span class='ocr_line' id='line_1_10' title="bbox 362 1514 1873 1605; baseline 0.008 -28"><span class='ocrx_word' id='word_1_59' title='bbox 362 1544 382 1577; x_wconf 77' lang='grc' dir='ltr'><strong>ι</strong></span> <span class='ocrx_word' id='word_1_60' title='bbox 420 1526 629 1598; x_wconf 80' lang='grc' dir='ltr'>Κύριον</span> <span class='ocrx_word' id='word_1_61' title='bbox 660 1528 754 1582; x_wconf 78' lang='grc' dir='ltr'><strong>τὸν</strong></span> <span class='ocrx_word' id='word_1_62' title='bbox 782 1530 1019 1600; x_wconf 71' lang='grc' dir='ltr'>Χριστὸν</span> <span class='ocrx_word' id='word_1_63' title='bbox 1059 1514 1327 1600; x_wconf 77' lang='grc' dir='ltr'>ἁγιάσατε</span> <span class='ocrx_word' id='word_1_64' title='bbox 1367 1534 1427 1586; x_wconf 85' lang='grc' dir='ltr'>ἐν</span> <span class='ocrx_word' id='word_1_65' title='bbox 1460 1535 1582 1597; x_wconf 84' lang='grc' dir='ltr'>ταῖς</span> <span class='ocrx_word' id='word_1_66' title='bbox 1625 1534 1873 1605; x_wconf 79' lang='grc' dir='ltr'>καρδίαις</span> 
     </span>
    </p>
   </div>
   <div class='ocr_carea' id='block_1_11' title="bbox 283 1618 521 1689">
    <p class='ocr_par' dir='ltr' id='par_1_11' title="bbox 283 1618 521 1689">
     <span class='ocr_line' id='line_1_11' title="bbox 283 1618 521 1689; baseline 0.008 -19"><span class='ocrx_word' id='word_1_67' title='bbox 283 1618 462 1689; x_wconf 78' lang='grc' dir='ltr'>ἡμῶν.</span> <span class='ocrx_word' id='word_1_68' title='bbox 502 1639 521 1672; x_wconf 76' lang='grc' dir='ltr'><strong>ι</strong></span> 
     </span>
    </p>
   </div>
   <div class='ocr_carea' id='block_1_12' title="bbox 356 1706 1872 1793">
    <p class='ocr_par' dir='ltr' id='par_1_12' title="bbox 356 1706 1872 1793">
     <span class='ocr_line' id='line_1_12' title="bbox 356 1706 1872 1793; baseline 0.007 -29"><span class='ocrx_word' id='word_1_69' title='bbox 356 1706 529 1765; x_wconf 82' lang='grc' dir='ltr'>Τοῦτό</span> <span class='ocrx_word' id='word_1_70' title='bbox 569 1713 690 1767; x_wconf 84' lang='grc' dir='ltr'>ἐστι</span> <span class='ocrx_word' id='word_1_71' title='bbox 733 1713 870 1768; x_wconf 82' lang='grc' dir='ltr'>Θεοῦ</span> <span class='ocrx_word' id='word_1_72' title='bbox 919 1714 1219 1786; x_wconf 86' lang='grc' dir='ltr'>ἐνοίκησις,</span> <span class='ocrx_word' id='word_1_73' title='bbox 1266 1718 1330 1771; x_wconf 75' lang='grc' dir='ltr'>τὸ</span> <span class='ocrx_word' id='word_1_74' title='bbox 1370 1719 1458 1772; x_wconf 82' lang='grc' dir='ltr'>διὰ</span> <span class='ocrx_word' id='word_1_75' title='bbox 1503 1720 1601 1789; x_wconf 78' lang='grc' dir='ltr'>τῆς</span> <span class='ocrx_word' id='word_1_76' title='bbox 1649 1721 1872 1793; x_wconf 84' lang='grc' dir='ltr'><strong>μνήμης</strong></span> 
     </span>
    </p>
   </div>
   <div class='ocr_carea' id='block_1_13' title="bbox 286 1803 1405 1878">
    <p class='ocr_par' dir='ltr' id='par_1_13' title="bbox 286 1803 1405 1878">
     <span class='ocr_line' id='line_1_13' title="bbox 286 1803 1405 1878; baseline 0.007 -22"><span class='ocrx_word' id='word_1_77' title='bbox 286 1803 643 1875; x_wconf 73' lang='grc' dir='ltr'><strong>ἐνιδρυμένον</strong></span> <span class='ocrx_word' id='word_1_78' title='bbox 672 1804 821 1877; x_wconf 76' lang='grc' dir='ltr'>ἔχειν</span> <span class='ocrx_word' id='word_1_79' title='bbox 849 1807 908 1861; x_wconf 85' lang='grc' dir='ltr'>ἐν</span> <span class='ocrx_word' id='word_1_80' title='bbox 928 1806 1107 1878; x_wconf 86' lang='grc' dir='ltr'>ἐαυτῷ</span> <span class='ocrx_word' id='word_1_81' title='bbox 1132 1807 1226 1863; x_wconf 76' lang='grc' dir='ltr'><strong>τὸν</strong></span> <span class='ocrx_word' id='word_1_82' title='bbox 1250 1809 1405 1864; x_wconf 75' lang='grc' dir='ltr'>Θεόν.</span> 
     </span>
    </p>
   </div>
   <div class='ocr_carea' id='block_1_14' title="bbox 355 2000 1870 2086">
    <p class='ocr_par' dir='ltr' id='par_1_14' title="bbox 355 2000 1870 2086">
     <span class='ocr_line' id='line_1_14' title="bbox 355 2000 1870 2086; baseline 0.011 -33"><span class='ocrx_word' id='word_1_83' title='bbox 355 2000 430 2054; x_wconf 78' lang='grc' dir='ltr'>Τὸ</span> <span class='ocrx_word' id='word_1_84' title='bbox 463 2001 653 2074; x_wconf 72' lang='grc' dir='ltr'>ἱλαρὸν</span> <span class='ocrx_word' id='word_1_85' title='bbox 692 2005 787 2060; x_wconf 70' lang='lat' dir='ltr'><strong>xui.</strong></span> <span class='ocrx_word' id='word_1_86' title='bbox 821 2006 1029 2062; x_wconf 78' lang='grc' dir='ltr'>ἄλυπον</span> <span class='ocrx_word' id='word_1_87' title='bbox 1064 2009 1165 2079; x_wconf 81' lang='grc' dir='ltr'>τῆς</span> <span class='ocrx_word' id='word_1_88' title='bbox 1224 2010 1403 2083; x_wconf 69' lang='grc' dir='ltr'>ψυχῆς</span> <span class='ocrx_word' id='word_1_89' title='bbox 1443 2013 1773 2086; x_wconf 82' lang='grc' dir='ltr'><strong>κατάστημα</strong></span> <span class='ocrx_word' id='word_1_90' title='bbox 1815 2017 1870 2068; x_wconf 79' lang='grc' dir='ltr'>αἱ</span> 
     </span>
    </p>
   </div>
   <div class='ocr_carea' id='block_1_15' title="bbox 283 2091 1367 2171">
    <p class='ocr_par' dir='ltr' id='par_1_15' title="bbox 283 2091 1367 2171">
     <span class='ocr_line' id='line_1_15' title="bbox 283 2091 1367 2171; baseline 0.012 -28"><span class='ocrx_word' id='word_1_91' title='bbox 283 2091 394 2145; x_wconf 84' lang='grc' dir='ltr'><strong>τῶν</strong></span> <span class='ocrx_word' id='word_1_92' title='bbox 427 2091 615 2164; x_wconf 80' lang='grc' dir='ltr'>ὕμνων</span> <span class='ocrx_word' id='word_1_93' title='bbox 652 2098 997 2170; x_wconf 76' lang='grc' dir='ltr'>παρηγορίαι</span> <span class='ocrx_word' id='word_1_94' title='bbox 1027 2100 1367 2171; x_wconf 79' lang='grc' dir='ltr'>χαρίζονται.</span> 
     </span>
    </p>
   </div>
   <div class='ocr_carea' id='block_1_16' title="bbox 355 2187 1866 2268">
    <p class='ocr_par' dir='ltr' id='par_1_16' title="bbox 355 2187 1866 2268">
     <span class='ocr_line' id='line_1_16' title="bbox 355 2187 1866 2268; baseline 0.01 -27"><span class='ocrx_word' id='word_1_95' title='bbox 355 2187 557 2254; x_wconf 77' lang='grc' dir='ltr'><strong>Δόξαζε</strong></span> <span class='ocrx_word' id='word_1_96' title='bbox 606 2190 699 2245; x_wconf 73' lang='grc' dir='ltr'>τὸν</span> <span class='ocrx_word' id='word_1_97' title='bbox 740 2193 1007 2265; x_wconf 84' lang='grc' dir='ltr'>Ποιητὴν,</span> <span class='ocrx_word' id='word_1_98' title='bbox 1056 2196 1115 2249; x_wconf 89' lang='grc' dir='ltr'><strong>ἐν</strong></span> <span class='ocrx_word' id='word_1_99' title='bbox 1165 2187 1210 2265; x_wconf 82' lang='grc' dir='ltr'><strong>ᾧ</strong></span> <span class='ocrx_word' id='word_1_100' title='bbox 1252 2196 1478 2268; x_wconf 78' lang='grc' dir='ltr'><strong>ἐκτίσθη</strong></span> <span class='ocrx_word' id='word_1_101' title='bbox 1529 2199 1599 2253; x_wconf 78' lang='grc' dir='ltr'>τὰ</span> <span class='ocrx_word' id='word_1_102' title='bbox 1653 2201 1866 2265; x_wconf 83' lang='grc' dir='ltr'>πάντα,</span> 
     </span>
    </p>
   </div>
   <div class='ocr_carea' id='block_1_17' title="bbox 283 2278 1865 2360">
    <p class='ocr_par' dir='ltr' id='par_1_17' title="bbox 283 2278 1865 2360">
     <span class='ocr_line' id='line_1_17' title="bbox 283 2278 1865 2360; baseline 0.011 -29"><span class='ocrx_word' id='word_1_103' title='bbox 283 2278 397 2332; x_wconf 80' lang='grc' dir='ltr'>εἴτε</span> <span class='ocrx_word' id='word_1_104' title='bbox 427 2280 623 2360; x_wconf 78' lang='grc' dir='ltr'>ὁρατὰ,</span> <span class='ocrx_word' id='word_1_105' title='bbox 653 2282 764 2335; x_wconf 78' lang='grc' dir='ltr'>εἴτε</span> <span class='ocrx_word' id='word_1_106' title='bbox 794 2283 1028 2355; x_wconf 81' lang='grc' dir='ltr'>ἀόρατα,</span> <span class='ocrx_word' id='word_1_107' title='bbox 1064 2285 1174 2341; x_wconf 71' lang='grc' dir='ltr'>εἴτε</span> <span class='ocrx_word' id='word_1_108' title='bbox 1200 2288 1369 2360; x_wconf 71' lang='grc' dir='ltr'>ἀρχαὶ</span> <span class='ocrx_word' id='word_1_109' title='bbox 1392 2330 1407 2354; x_wconf 93' lang='grc'><strong>,</strong></span> <span class='ocrx_word' id='word_1_110' title='bbox 1451 2290 1561 2347; x_wconf 80' lang='grc' dir='ltr'>εἴτε</span> <span class='ocrx_word' id='word_1_111' title='bbox 1594 2292 1865 2358; x_wconf 75' lang='grc' dir='ltr'>ἐξουσίαι,</span> 
     </span>
    </p>
   </div>
   <div class='ocr_carea' id='block_1_18' title="bbox 284 2350 1866 2453">
    <p class='ocr_par' dir='ltr' id='par_1_18' title="bbox 284 2350 1866 2453">
     <span class='ocr_line' id='line_1_18' title="bbox 284 2350 1866 2453; baseline 0.009 -27"><span class='ocrx_word' id='word_1_112' title='bbox 284 2372 381 2427; x_wconf 74' lang='grc' dir='ltr'><strong>καὶ</strong></span> <span class='ocrx_word' id='word_1_113' title='bbox 428 2350 493 2428; x_wconf 61' lang='grc' dir='ltr'><strong>εἶ’⁸</strong></span> <span class='ocrx_word' id='word_1_114' title='bbox 522 2376 671 2440; x_wconf 84' lang='grc' dir='ltr'>τινές</span> <span class='ocrx_word' id='word_1_115' title='bbox 700 2378 838 2431; x_wconf 85' lang='grc' dir='ltr'>είσιν</span> <span class='ocrx_word' id='word_1_116' title='bbox 887 2377 1073 2451; x_wconf 75' lang='grc' dir='ltr'>ἕτεραι</span> <span class='ocrx_word' id='word_1_117' title='bbox 1102 2367 1318 2450; x_wconf 65' lang='grc' dir='ltr'>λογιδὶαὶ</span> <span class='ocrx_word' id='word_1_118' title='bbox 1365 2381 1557 2453; x_wconf 78' lang='grc' dir='ltr'>φύσεις</span> <span class='ocrx_word' id='word_1_119' title='bbox 1604 2386 1866 2441; x_wconf 82' lang='grc' dir='ltr'>ἀκατονό-</span> 
     </span>
    </p>
   </div>
   <div class='ocr_carea' id='block_1_19' title="bbox 288 2483 507 2523">
    <p class='ocr_par' dir='ltr' id='par_1_19' title="bbox 288 2483 507 2523">
     <span class='ocr_line' id='line_1_19' title="bbox 288 2483 507 2523; baseline 0.018 -5"><span class='ocrx_word' id='word_1_120' title='bbox 288 2483 507 2523; x_wconf 66' lang='lat' dir='ltr'><strong>uastat.</strong></span> 
     </span>
    </p>
   </div>
   <div class='ocr_carea' id='block_1_20' title="bbox 352 2647 1891 2730">
    <p class='ocr_par' dir='ltr' id='par_1_20' title="bbox 352 2647 1891 2730">
     <span class='ocr_line' id='line_1_20' title="bbox 352 2647 1891 2730; baseline 0.01 -31"><span class='ocrx_word' id='word_1_121' title='bbox 352 2648 458 2700; x_wconf 82' lang='grc' dir='ltr'><strong>Τὸν</strong></span> <span class='ocrx_word' id='word_1_122' title='bbox 510 2647 646 2702; x_wconf 75' lang='grc' dir='ltr'>Θεδν</span> <span class='ocrx_word' id='word_1_123' title='bbox 690 2650 1078 2724; x_wconf 84' lang='grc' dir='ltr'><strong>γνωρίσωμεν,</strong></span> <span class='ocrx_word' id='word_1_124' title='bbox 1140 2653 1233 2708; x_wconf 81' lang='grc' dir='ltr'>τὸν</span> <span class='ocrx_word' id='word_1_125' title='bbox 1284 2656 1561 2712; x_wconf 77' lang='grc' dir='ltr'>κτίσαντα</span> <span class='ocrx_word' id='word_1_126' title='bbox 1622 2660 1891 2730; x_wconf 82' lang='grc' dir='ltr'>προσκυ-’</span> 
     </span>
    </p>
   </div>
   <div class='ocr_carea' id='block_1_21' title="bbox 281 2738 1866 2823">
    <p class='ocr_par' dir='ltr' id='par_1_21' title="bbox 281 2738 1866 2823">
     <span class='ocr_line' id='line_1_21' title="bbox 281 2738 1866 2823; baseline 0.011 -33"><span class='ocrx_word' id='word_1_127' title='bbox 281 2738 560 2810; x_wconf 80' lang='grc' dir='ltr'>νήσωμεν,</span> <span class='ocrx_word' id='word_1_128' title='bbox 619 2741 698 2812; x_wconf 89' lang='grc' dir='ltr'>τῷ</span> <span class='ocrx_word' id='word_1_129' title='bbox 756 2743 1008 2818; x_wconf 84' lang='grc' dir='ltr'>Δεσπότῃ</span> <span class='ocrx_word' id='word_1_130' title='bbox 1040 2745 1438 2820; x_wconf 84' lang='grc' dir='ltr'>δουλεύσωμεν,</span> <span class='ocrx_word' id='word_1_131' title='bbox 1489 2749 1580 2804; x_wconf 81' lang='grc' dir='ltr'>τὸν</span> <span class='ocrx_word' id='word_1_132' title='bbox 1644 2753 1866 2823; x_wconf 81' lang='grc' dir='ltr'>Πατέρα</span> 
     </span>
    </p>
   </div>
   <div class='ocr_carea' id='block_1_22' title="bbox 277 2833 1864 2922">
    <p class='ocr_par' dir='ltr' id='par_1_22' title="bbox 277 2833 1864 2922">
     <span class='ocr_line' id='line_1_22' title="bbox 277 2833 1864 2922; baseline 0.011 -35"><span class='ocrx_word' id='word_1_133' title='bbox 277 2833 620 2905; x_wconf 78' lang='grc' dir='ltr'>δοξάσωμεν,</span> <span class='ocrx_word' id='word_1_134' title='bbox 645 2838 734 2892; x_wconf 82' lang='grc' dir='ltr'><strong>τὸν</strong></span> <span class='ocrx_word' id='word_1_135' title='bbox 758 2841 965 2911; x_wconf 74' lang='grc' dir='ltr'>τροφέα</span> <span class='ocrx_word' id='word_1_136' title='bbox 985 2841 1142 2913; x_wconf 83' lang='grc' dir='ltr'>ήμῶν</span> <span class='ocrx_word' id='word_1_137' title='bbox 1167 2844 1569 2918; x_wconf 85' lang='grc' dir='ltr'>ἀγαπήσωμεν,</span> <span class='ocrx_word' id='word_1_138' title='bbox 1594 2848 1684 2903; x_wconf 78' lang='grc' dir='ltr'><strong>τὸν</strong></span> <span class='ocrx_word' id='word_1_139' title='bbox 1707 2851 1864 2922; x_wconf 80' lang='grc' dir='ltr'>εὐερ-</span> 
     </span>
    </p>
   </div>
   <div class='ocr_carea' id='block_1_23' title="bbox 278 2927 1863 3013">
    <p class='ocr_par' dir='ltr' id='par_1_23' title="bbox 278 2927 1863 3013">
     <span class='ocr_line' id='line_1_23' title="bbox 278 2927 1863 3013; baseline 0.011 -34"><span class='ocrx_word' id='word_1_140' title='bbox 278 2927 447 2998; x_wconf 77' lang='grc' dir='ltr'>γέτην</span> <span class='ocrx_word' id='word_1_141' title='bbox 490 2929 964 3003; x_wconf 76' lang='grc' dir='ltr'>αἰδεσθησώμεθα,</span> <span class='ocrx_word' id='word_1_142' title='bbox 1002 2933 1095 2988; x_wconf 78' lang='grc' dir='ltr'>τὸν</span> <span class='ocrx_word' id='word_1_143' title='bbox 1124 2935 1370 3008; x_wconf 83' lang='grc' dir='ltr'>ἀρχηγὸν</span> <span class='ocrx_word' id='word_1_144' title='bbox 1398 2940 1496 3012; x_wconf 82' lang='grc' dir='ltr'>τῆς</span> <span class='ocrx_word' id='word_1_145' title='bbox 1525 2938 1674 3013; x_wconf 76' lang='grc' dir='ltr'>ζωῆς</span> <span class='ocrx_word' id='word_1_146' title='bbox 1708 2943 1863 3013; x_wconf 74' lang='grc' dir='ltr'>ἡμῶν</span> 
     </span>
    </p>
   </div>
   <div class='ocr_carea' id='block_1_24' title="bbox 277 3021 1863 3108">
    <p class='ocr_par' dir='ltr' id='par_1_24' title="bbox 277 3021 1863 3108">
     <span class='ocr_line' id='line_1_24' title="bbox 277 3021 1863 3108; baseline 0.01 -35"><span class='ocrx_word' id='word_1_147' title='bbox 277 3021 378 3091; x_wconf 82' lang='grc' dir='ltr'><strong>τῆς</strong></span> <span class='ocrx_word' id='word_1_148' title='bbox 406 3021 714 3095; x_wconf 81' lang='grc' dir='ltr'>παρούσης,</span> <span class='ocrx_word' id='word_1_149' title='bbox 761 3028 859 3079; x_wconf 68' lang='lat' dir='ltr'><strong>xui.</strong></span> <span class='ocrx_word' id='word_1_150' title='bbox 918 3026 1017 3098; x_wconf 80' lang='grc' dir='ltr'>τῆς</span> <span class='ocrx_word' id='word_1_151' title='bbox 1072 3028 1399 3102; x_wconf 80' lang='grc' dir='ltr'><strong>μελλούσης,</strong></span> <span class='ocrx_word' id='word_1_152' title='bbox 1468 3034 1564 3087; x_wconf 68' lang='grc' dir='ltr'>καὶ</span> <span class='ocrx_word' id='word_1_153' title='bbox 1616 3053 1863 3108; x_wconf 84' lang='grc' dir='ltr'>προσκυ-</span> 
     </span>
    </p>
   </div>
   <div class='ocr_carea' id='block_1_25' title="bbox 282 3112 924 3190">
    <p class='ocr_par' dir='ltr' id='par_1_25' title="bbox 282 3112 924 3190">
     <span class='ocr_line' id='line_1_25' title="bbox 282 3112 924 3190; baseline 0.012 -23"><span class='ocrx_word' id='word_1_154' title='bbox 282 3112 507 3179; x_wconf 85' lang='grc' dir='ltr'>νοῦντες</span> <span class='ocrx_word' id='word_1_155' title='bbox 538 3115 613 3186; x_wconf 80' lang='grc' dir='ltr'><strong>μὴ</strong></span> <span class='ocrx_word' id='word_1_156' title='bbox 645 3115 924 3190; x_wconf 79' lang='grc' dir='ltr'><strong>λήξωμεν.</strong></span> 
     </span>
    </p>
   </div>
   <div class='ocr_carea' id='block_1_26' title="bbox 349 3205 1929 3298">
    <p class='ocr_par' dir='ltr' id='par_1_26' title="bbox 349 3205 1929 3298">
     <span class='ocr_line' id='line_1_26' title="bbox 349 3205 1929 3298; baseline 0.009 -42"><span class='ocrx_word' id='word_1_157' title='bbox 349 3205 462 3275; x_wconf 65' lang='grc' dir='ltr'><strong>Τὴν</strong></span> <span class='ocrx_word' id='word_1_158' title='bbox 501 3206 602 3274; x_wconf 85' lang='grc' dir='ltr'>τῆς</span> <span class='ocrx_word' id='word_1_159' title='bbox 638 3207 900 3273; x_wconf 77' lang='grc' dir='ltr'>αἰνέσεως</span> <span class='ocrx_word' id='word_1_160' title='bbox 929 3208 1123 3266; x_wconf 85' lang='grc' dir='ltr'>θυσίαν</span> <span class='ocrx_word' id='word_1_161' title='bbox 1169 3215 1617 3285; x_wconf 77' lang='grc' dir='ltr'>ἱερουργήσωμέν</span> <span class='ocrx_word' id='word_1_162' title='bbox 1667 3232 1748 3270; x_wconf 88' lang='grc' dir='ltr'><strong>σοι</strong></span> <span class='ocrx_word' id='word_1_163' title='bbox 1782 3216 1858 3288; x_wconf 80' lang='grc' dir='ltr'><strong>τῷ</strong></span> <span class='ocrx_word' id='word_1_164' title='bbox 1884 3238 1929 3298; x_wconf 73' lang='lat' dir='ltr'>c</span> 
     </span>
    </p>
   </div>
   <div class='ocr_carea' id='block_1_27' title="bbox 277 3294 1855 3378">
    <p class='ocr_par' dir='ltr' id='par_1_27' title="bbox 277 3294 1855 3378">
     <span class='ocr_line' id='line_1_27' title="bbox 277 3294 1855 3378; baseline 0.011 -32"><span class='ocrx_word' id='word_1_165' title='bbox 277 3294 576 3366; x_wconf 84' lang='grc' dir='ltr'>ἀπροσδεεί</span> <span class='ocrx_word' id='word_1_166' title='bbox 610 3297 703 3351; x_wconf 74' lang='grc' dir='ltr'><strong>καὶ</strong></span> <span class='ocrx_word' id='word_1_167' title='bbox 744 3298 937 3373; x_wconf 75' lang='grc' dir='ltr'>τελείῳ</span> <span class='ocrx_word' id='word_1_168' title='bbox 974 3301 1125 3372; x_wconf 82' lang='grc' dir='ltr'><strong>Θεῷ⁹</strong></span> <span class='ocrx_word' id='word_1_169' title='bbox 1157 3302 1216 3367; x_wconf 78' lang='grc' dir='ltr'>ὃς</span> <span class='ocrx_word' id='word_1_170' title='bbox 1252 3305 1354 3358; x_wconf 82' lang='grc' dir='ltr'>οὐκ</span> <span class='ocrx_word' id='word_1_171' title='bbox 1393 3306 1618 3367; x_wconf 78' lang='grc' dir='ltr'>ἀπαιτεί</span> <span class='ocrx_word' id='word_1_172' title='bbox 1665 3326 1855 3378; x_wconf 85' lang='grc' dir='ltr'>σωμα-</span> 
     </span>
    </p>
   </div>
   <div class='ocr_carea' id='block_1_28' title="bbox 272 3386 1856 3472">
    <p class='ocr_par' dir='ltr' id='par_1_28' title="bbox 272 3386 1856 3472">
     <span class='ocr_line' id='line_1_28' title="bbox 272 3386 1856 3472; baseline 0.01 -33"><span class='ocrx_word' id='word_1_173' title='bbox 272 3387 433 3452; x_wconf 78' lang='grc' dir='ltr'>τικὰς</span> <span class='ocrx_word' id='word_1_174' title='bbox 459 3388 672 3453; x_wconf 81' lang='grc' dir='ltr'>θυσίας,</span> <span class='ocrx_word' id='word_1_175' title='bbox 718 3391 777 3444; x_wconf 81' lang='grc' dir='ltr'><strong>ἐν</strong></span> <span class='ocrx_word' id='word_1_176' title='bbox 805 3386 896 3455; x_wconf 79' lang='grc' dir='ltr'>αἶς</span> <span class='ocrx_word' id='word_1_177' title='bbox 929 3393 1348 3450; x_wconf 81' lang='grc' dir='ltr'>πλεονεκτοῦσιν</span> <span class='ocrx_word' id='word_1_178' title='bbox 1376 3399 1425 3451; x_wconf 82' lang='grc' dir='ltr'>οἱ</span> <span class='ocrx_word' id='word_1_179' title='bbox 1462 3398 1856 3472; x_wconf 79' lang='grc' dir='ltr'>εὐπορώτεροι,</span> 
     </span>
    </p>
   </div>
   <div class='ocr_carea' id='block_1_29' title="bbox 271 3482 1860 3566">
    <p class='ocr_par' dir='ltr' id='par_1_29' title="bbox 271 3482 1860 3566">
     <span class='ocr_line' id='line_1_29' title="bbox 271 3482 1860 3566; baseline 0.008 -29"><span class='ocrx_word' id='word_1_180' title='bbox 271 3482 413 3537; x_wconf 78' lang='grc' dir='ltr'>ἀλλὰ</span> <span class='ocrx_word' id='word_1_181' title='bbox 435 3484 535 3555; x_wconf 79' lang='grc' dir='ltr'><strong>τὴν</strong></span> <span class='ocrx_word' id='word_1_182' title='bbox 563 3483 672 3539; x_wconf 80' lang='grc' dir='ltr'><strong>ἀπὸ</strong></span> <span class='ocrx_word' id='word_1_183' title='bbox 699 3485 999 3551; x_wconf 73' lang='grc' dir='ltr'>διαθέσεως</span> <span class='ocrx_word' id='word_1_184' title='bbox 1044 3488 1272 3559; x_wconf 85' lang='grc' dir='ltr'>καρδίας</span> <span class='ocrx_word' id='word_1_185' title='bbox 1311 3491 1560 3563; x_wconf 78' lang='grc' dir='ltr'>καθαρὰν</span> <span class='ocrx_word' id='word_1_186' title='bbox 1604 3493 1860 3566; x_wconf 80' lang='grc' dir='ltr'>ἐξομολό-</span> 
     </span>
    </p>
   </div>
   <div class='ocr_carea' id='block_1_30' title="bbox 272 3571 1783 3657">
    <p class='ocr_par' dir='ltr' id='par_1_30' title="bbox 272 3571 1783 3657">
     <span class='ocr_line' id='line_1_30' title="bbox 272 3571 1783 3657; baseline 0.01 -29"><span class='ocrx_word' id='word_1_187' title='bbox 272 3591 457 3647; x_wconf 79' lang='grc' dir='ltr'>γησιν.</span> <span class='ocrx_word' id='word_1_188' title='bbox 479 3571 549 3647; x_wconf 77' lang='grc' dir='ltr'>ἧς</span> <span class='ocrx_word' id='word_1_189' title='bbox 582 3576 803 3648; x_wconf 83' lang='grc' dir='ltr'>μέτεστι</span> <span class='ocrx_word' id='word_1_190' title='bbox 826 3582 992 3634; x_wconf 75' lang='grc' dir='ltr'>πᾶσιν</span> <span class='ocrx_word' id='word_1_191' title='bbox 1019 3582 1078 3649; x_wconf 79' lang='grc' dir='ltr'>ἐξ</span> <span class='ocrx_word' id='word_1_192' title='bbox 1114 3581 1230 3636; x_wconf 83' lang='grc' dir='ltr'>ῐσου</span> <span class='ocrx_word' id='word_1_193' title='bbox 1262 3585 1375 3648; x_wconf 85' lang='grc' dir='ltr'>τοῖς</span> <span class='ocrx_word' id='word_1_194' title='bbox 1412 3583 1783 3657; x_wconf 77' lang='grc' dir='ltr'>βουλομένοις.</span> 
     </span>
    </p>
   </div>
   <div class='ocr_carea' id='block_1_31' title="bbox 343 3817 1722 3895">
    <p class='ocr_par' dir='ltr' id='par_1_31' title="bbox 343 3817 1722 3895">
     <span class='ocr_line' id='line_1_31' title="bbox 343 3817 1722 3895; baseline 0.009 -24"><span class='ocrx_word' id='word_1_195' title='bbox 343 3817 760 3889; x_wconf 80' lang='grc' dir='ltr'>Μνημονευτέον</span> <span class='ocrx_word' id='word_1_196' title='bbox 788 3820 925 3875; x_wconf 82' lang='grc' dir='ltr'>Θεοῦ</span> <span class='ocrx_word' id='word_1_197' title='bbox 958 3822 1180 3892; x_wconf 79' lang='grc' dir='ltr'>μᾶλλον,</span> <span class='ocrx_word' id='word_1_198' title='bbox 1228 3825 1259 3895; x_wconf 78' lang='grc' dir='ltr'>ἢ</span> <span class='ocrx_word' id='word_1_199' title='bbox 1294 3827 1722 3885; x_wconf 84' lang='grc' dir='ltr'>ἀναπνευστέον.</span> 
     </span>
    </p>
   </div>
   <div class='ocr_carea' id='block_1_32' title="bbox 342 3995 1858 4077">
    <p class='ocr_par' dir='ltr' id='par_1_32' title="bbox 342 3995 1858 4077">
     <span class='ocr_line' id='line_1_32' title="bbox 342 3995 1858 4077; baseline 0.011 -27"><span class='ocrx_word' id='word_1_200' title='bbox 342 3995 643 4061; x_wconf 79' lang='grc' dir='ltr'>Εύσεϐεἰας</span> <span class='ocrx_word' id='word_1_201' title='bbox 698 4003 964 4072; x_wconf 83' lang='grc' dir='ltr'>σημεῖον,</span> <span class='ocrx_word' id='word_1_202' title='bbox 1030 4005 1091 4059; x_wconf 85' lang='grc' dir='ltr'><strong>τὸ</strong></span> <span class='ocrx_word' id='word_1_203' title='bbox 1156 3995 1352 4077; x_wconf 67' lang='grc' dir='ltr'>συνεχῆ</span> <span class='ocrx_word' id='word_1_204' title='bbox 1412 4004 1683 4066; x_wconf 79' lang='grc' dir='ltr'>ποιεῖσθαι</span> <span class='ocrx_word' id='word_1_205' title='bbox 1746 4014 1858 4067; x_wconf 81' lang='grc' dir='ltr'>τῶν</span> 
     </span>
    </p>
   </div>
   <div class='ocr_carea' id='block_1_33' title="bbox 268 4088 1857 4168">
    <p class='ocr_par' dir='ltr' id='par_1_33' title="bbox 268 4088 1857 4168">
     <span class='ocr_line' id='line_1_33' title="bbox 268 4088 1857 4168; baseline 0.012 -27"><span class='ocrx_word' id='word_1_206' title='bbox 268 4088 560 4161; x_wconf 78' lang='grc' dir='ltr'>θεωτέρων</span> <span class='ocrx_word' id='word_1_207' title='bbox 619 4091 719 4162; x_wconf 80' lang='grc' dir='ltr'><strong>τὴν</strong></span> <span class='ocrx_word' id='word_1_208' title='bbox 759 4094 1100 4166; x_wconf 80' lang='grc' dir='ltr'>ἐπιμέλειαν,</span> <span class='ocrx_word' id='word_1_209' title='bbox 1139 4100 1231 4152; x_wconf 71' lang='grc' dir='ltr'>καὶ</span> <span class='ocrx_word' id='word_1_210' title='bbox 1272 4101 1335 4153; x_wconf 85' lang='grc' dir='ltr'><strong>τὸ</strong></span> <span class='ocrx_word' id='word_1_211' title='bbox 1386 4105 1623 4168; x_wconf 79' lang='grc' dir='ltr'>πυκναῖς</span> <span class='ocrx_word' id='word_1_212' title='bbox 1666 4105 1857 4160; x_wconf 83' lang='grc' dir='ltr'>ἐντεύ-</span> 
     </span>
    </p>
   </div>
   <div class='ocr_carea' id='block_1_34' title="bbox 269 4178 821 4248">
    <p class='ocr_par' dir='ltr' id='par_1_34' title="bbox 269 4178 821 4248">
     <span class='ocr_line' id='line_1_34' title="bbox 269 4178 821 4248; baseline 0.014 -17"><span class='ocrx_word' id='word_1_213' title='bbox 269 4178 423 4245; x_wconf 80' lang='grc' dir='ltr'>ξεσιν</span> <span class='ocrx_word' id='word_1_214' title='bbox 453 4179 821 4248; x_wconf 81' lang='grc' dir='ltr'>ἐξιλεοῦσθαι.</span> 
     </span>
    </p>
   </div>
   <div class='ocr_carea' id='block_1_35' title="bbox 342 4272 1849 4358">
    <p class='ocr_par' dir='ltr' id='par_1_35' title="bbox 342 4272 1849 4358">
     <span class='ocr_line' id='line_1_35' title="bbox 342 4272 1849 4358; baseline 0.009 -33"><span class='ocrx_word' id='word_1_215' title='bbox 342 4272 449 4326; x_wconf 87' lang='grc' dir='ltr'><strong>Τὸν</strong></span> <span class='ocrx_word' id='word_1_216' title='bbox 484 4272 618 4329; x_wconf 79' lang='grc' dir='ltr'>θεὸν</span> <span class='ocrx_word' id='word_1_217' title='bbox 650 4274 832 4348; x_wconf 74' lang='grc' dir='ltr'>ἔργοις</span> <span class='ocrx_word' id='word_1_218' title='bbox 856 4282 1089 4350; x_wconf 69' lang='grc' dir='ltr'>ῇσεμνοίς</span> <span class='ocrx_word' id='word_1_219' title='bbox 1125 4281 1305 4347; x_wconf 77' lang='grc' dir='ltr'>σέϐου,</span> <span class='ocrx_word' id='word_1_220' title='bbox 1352 4283 1530 4354; x_wconf 82' lang='grc' dir='ltr'>λόγοις</span> <span class='ocrx_word' id='word_1_221' title='bbox 1566 4285 1624 4340; x_wconf 75' lang='grc' dir='ltr'>δὲ</span> <span class='ocrx_word' id='word_1_222' title='bbox 1670 4284 1849 4358; x_wconf 75' lang='grc' dir='ltr'>ὕμνει,</span> 
     </span>
    </p>
   </div>
   <div class='ocr_carea' id='block_1_36' title="bbox 271 4360 631 4435">
    <p class='ocr_par' dir='ltr' id='par_1_36' title="bbox 271 4360 631 4435">
     <span class='ocr_line' id='line_1_36' title="bbox 271 4360 631 4435; baseline 0.011 -21"><span class='ocrx_word' id='word_1_223' title='bbox 271 4360 452 4435; x_wconf 70' lang='grc' dir='ltr'>ἔννοια</span> <span class='ocrx_word' id='word_1_224' title='bbox 472 4362 631 4433; x_wconf 88' lang='grc' dir='ltr'>τίμα.</span> 
     </span>
    </p>
   </div>
   <div class='ocr_carea' id='block_1_37' title="bbox 310 4454 1852 4541">
    <p class='ocr_par' dir='ltr' id='par_1_37' title="bbox 310 4454 1852 4541">
     <span class='ocr_line' id='line_1_37' title="bbox 310 4454 1852 4541; baseline 0.011 -33"><span class='ocrx_word' id='word_1_225' title='bbox 310 4478 319 4483; x_wconf 91' lang='grc'><strong>·</strong></span> <span class='ocrx_word' id='word_1_226' title='bbox 354 4454 551 4523; x_wconf 80' lang='grc' dir='ltr'>’Δξίως</span> <span class='ocrx_word' id='word_1_227' title='bbox 588 4458 766 4523; x_wconf 73' lang='grc' dir='ltr'>οὐδεὶς</span> <span class='ocrx_word' id='word_1_228' title='bbox 801 4459 894 4514; x_wconf 82' lang='grc' dir='ltr'>τὸν</span> <span class='ocrx_word' id='word_1_229' title='bbox 934 4460 1070 4517; x_wconf 77' lang='grc' dir='ltr'>Θεὸν</span> <span class='ocrx_word' id='word_1_230' title='bbox 1114 4463 1270 4535; x_wconf 73' lang='grc' dir='ltr'>τιμᾷ,</span> <span class='ocrx_word' id='word_1_231' title='bbox 1309 4465 1445 4521; x_wconf 69' lang='grc' dir='ltr'>ἀλλὰ</span> <span class='ocrx_word' id='word_1_232' title='bbox 1490 4467 1716 4534; x_wconf 72' lang='grc' dir='ltr'>δικαίως</span> <span class='ocrx_word' id='word_1_233' title='bbox 1754 4471 1852 4541; x_wconf 84' lang='grc' dir='ltr'><strong>μό-</strong></span> 
     </span>
    </p>
   </div>
   <div class='ocr_carea' id='block_1_38' title="bbox 952 422 2276 491">
    <p class='ocr_par' dir='ltr' id='par_1_38' title="bbox 952 422 2276 491">
     <span class='ocr_line' id='line_1_38' title="bbox 952 422 2276 491; baseline 0.01 -12"><span class='ocrx_word' id='word_1_234' title='bbox 952 474 957 479; x_wconf 85' lang='grc'><strong>.</strong></span> <span class='ocrx_word' id='word_1_235' title='bbox 1548 422 1787 485; x_wconf 80' lang='lat' dir='ltr'><strong>SACRA</strong></span> <span class='ocrx_word' id='word_1_236' title='bbox 1825 423 2276 491; x_wconf 81' lang='lat' dir='ltr'><strong>PARALLELA</strong></span> 
     </span>
    </p>
   </div>
   <div class='ocr_carea' id='block_1_39' title="bbox 370 518 1858 620">
    <p class='ocr_par' dir='ltr' id='par_1_39' title="bbox 370 518 1858 602">
     <span class='ocr_line' id='line_1_39' title="bbox 370 518 1858 602; baseline 0.011 -30"><span class='ocrx_word' id='word_1_237' title='bbox 370 539 389 572; x_wconf 77' lang='grc' dir='ltr'><strong>ι</strong></span> <span class='ocrx_word' id='word_1_238' title='bbox 434 521 530 577; x_wconf 75' lang='grc' dir='ltr'><strong>Δεῖ</strong></span> <span class='ocrx_word' id='word_1_239' title='bbox 551 518 779 590; x_wconf 79' lang='grc' dir='ltr'>φθάνειν</span> <span class='ocrx_word' id='word_1_240' title='bbox 797 519 891 579; x_wconf 74' lang='grc' dir='ltr'>τὸν</span> <span class='ocrx_word' id='word_1_241' title='bbox 917 521 1071 593; x_wconf 68' lang='grc' dir='ltr'>ἥλιον</span> <span class='ocrx_word' id='word_1_242' title='bbox 1101 523 1191 578; x_wconf 83' lang='grc' dir='ltr'>ἐπ’</span> <span class='ocrx_word' id='word_1_243' title='bbox 1212 527 1569 598; x_wconf 78' lang='grc' dir='ltr'>εὐχαριστίας</span> <span class='ocrx_word' id='word_1_244' title='bbox 1597 533 1753 602; x_wconf 79' lang='grc' dir='ltr'>Θεοῦ,</span> <span class='ocrx_word' id='word_1_245' title='bbox 1785 538 1858 589; x_wconf 69' lang='grc' dir='ltr'><strong>κα</strong></span> 
     </span>
    </p>
   </div>
   <div class='ocr_carea' id='block_1_40' title="bbox 1988 518 3575 620">
    <p class='ocr_par' dir='ltr' id='par_1_40' title="bbox 2055 542 3575 620">
     <span class='ocr_line' id='line_1_40' title="bbox 2055 542 3575 620; baseline 0.005 -23"><span class='ocrx_word' id='word_1_246' title='bbox 2055 542 2182 609; x_wconf 88' lang='lat' dir='ltr'><strong>Sap.</strong></span> <span class='ocrx_word' id='word_1_247' title='bbox 2218 557 2332 607; x_wconf 79' lang='lat' dir='ltr'><strong>xvr,</strong></span> <span class='ocrx_word' id='word_1_248' title='bbox 2363 542 2454 596; x_wconf 74' lang='lat'><strong>9.8.</strong></span> <span class='ocrx_word' id='word_1_249' title='bbox 2487 574 2555 583; x_wconf 92' lang='lat'><strong>—</strong></span> <span class='ocrx_word' id='word_1_250' title='bbox 2592 562 2608 595; x_wconf 82' lang='grc' dir='ltr'><strong>ι</strong></span> <span class='ocrx_word' id='word_1_251' title='bbox 2647 544 2879 617; x_wconf 78' lang='lat' dir='ltr'><strong>Oportet</strong></span> <span class='ocrx_word' id='word_1_252' title='bbox 2929 548 3103 603; x_wconf 88' lang='lat' dir='ltr'><strong>solem</strong></span> <span class='ocrx_word' id='word_1_253' title='bbox 3160 550 3471 620; x_wconf 65' lang='lat' dir='ltr'><strong>praevenire</strong></span> <span class='ocrx_word' id='word_1_254' title='bbox 3508 552 3575 604; x_wconf 72' lang='lat' dir='ltr'><strong>a;l</strong></span> 
     </span>
    </p>
   </div>
   <div class='ocr_carea' id='block_1_41' title="bbox 1991 633 3577 713">
    <p class='ocr_par' dir='ltr' id='par_1_41' title="bbox 1991 633 3577 713">
     <span class='ocr_line' id='line_1_41' title="bbox 1991 633 3577 713; baseline 0.008 -26"><span class='ocrx_word' id='word_1_255' title='bbox 1991 634 2199 703; x_wconf 79' lang='lat' dir='ltr'><strong>gratias</strong></span> <span class='ocrx_word' id='word_1_256' title='bbox 2233 633 2474 706; x_wconf 87' lang='lat' dir='ltr'><strong>agendas</strong></span> <span class='ocrx_word' id='word_1_257' title='bbox 2517 635 2647 703; x_wconf 88' lang='lat' dir='ltr'><strong>Deo,</strong></span> <span class='ocrx_word' id='word_1_258' title='bbox 2678 647 2731 695; x_wconf 91' lang='lat' dir='ltr'><strong>et</strong></span> <span class='ocrx_word' id='word_1_259' title='bbox 2765 640 2831 694; x_wconf 91' lang='lat' dir='ltr'><strong>ad</strong></span> <span class='ocrx_word' id='word_1_260' title='bbox 2860 650 3042 696; x_wconf 90' lang='lat' dir='ltr'><strong>ortum</strong></span> <span class='ocrx_word' id='word_1_261' title='bbox 3079 642 3216 697; x_wconf 92' lang='lat' dir='ltr'><strong>solis</strong></span> <span class='ocrx_word' id='word_1_262' title='bbox 3259 643 3577 713; x_wconf 72' lang='lat' dir='ltr'><strong>supplicare</strong></span> 
     </span>
    </p>
   </div>
   <div class='ocr_carea' id='block_1_42' title="bbox 1990 728 2135 782">
    <p class='ocr_par' dir='ltr' id='par_1_42' title="bbox 1990 728 2135 782">
     <span class='ocr_line' id='line_1_42' title="bbox 1990 728 2135 782; baseline -0.034 0"><span class='ocrx_word' id='word_1_263' title='bbox 1990 728 2064 782; x_wconf 89' lang='lat' dir='ltr'><strong>ei.</strong></span> <span class='ocrx_word' id='word_1_264' title='bbox 2118 747 2135 777; x_wconf 74' lang='grc' dir='ltr'><strong>ι</strong></span> 
     </span>
    </p>
   </div>
   <div class='ocr_carea' id='block_1_43' title="bbox 2062 817 3575 885">
    <p class='ocr_par' dir='ltr' id='par_1_43' title="bbox 2062 817 3575 885">
     <span class='ocr_line' id='line_1_43' title="bbox 2062 817 3575 885; baseline 0.006 -14"><span class='ocrx_word' id='word_1_265' title='bbox 2062 817 2233 875; x_wconf 82' lang='lat' dir='ltr'><strong>Eccli.</strong></span> <span class='ocrx_word' id='word_1_266' title='bbox 2260 836 2396 885; x_wconf 79' lang='lat' dir='ltr'><strong>xvn,</strong></span> <span class='ocrx_word' id='word_1_267' title='bbox 2430 819 2519 875; x_wconf 74' lang='lat'><strong>28.</strong></span> <span class='ocrx_word' id='word_1_268' title='bbox 2548 852 2618 861; x_wconf 95' lang='grc'><strong>--</strong></span> <span class='ocrx_word' id='word_1_269' title='bbox 2648 839 2664 873; x_wconf 87' lang='grc' dir='ltr'><strong>ι</strong></span> <span class='ocrx_word' id='word_1_270' title='bbox 2690 819 2868 879; x_wconf 79' lang='lat' dir='ltr'><strong>Vivus</strong></span> <span class='ocrx_word' id='word_1_271' title='bbox 2902 831 2955 877; x_wconf 90' lang='lat' dir='ltr'><strong>et</strong></span> <span class='ocrx_word' id='word_1_272' title='bbox 2994 839 3162 882; x_wconf 85' lang='lat' dir='ltr'><strong>sanus</strong></span> <span class='ocrx_word' id='word_1_273' title='bbox 3192 826 3436 881; x_wconf 86' lang='lat' dir='ltr'><strong>laudabit</strong></span> <span class='ocrx_word' id='word_1_274' title='bbox 3469 826 3575 880; x_wconf 89' lang='lat' dir='ltr'><strong>Do-</strong></span> 
     </span>
    </p>
   </div>
   <div class='ocr_carea' id='block_1_44' title="bbox 1986 910 3353 968">
    <p class='ocr_par' dir='ltr' id='par_1_44' title="bbox 1986 910 3353 968">
     <span class='ocr_line' id='line_1_44' title="bbox 1986 910 3353 968; baseline 0.006 -4"><span class='ocrx_word' id='word_1_275' title='bbox 1986 910 2224 968; x_wconf 89' lang='lat' dir='ltr'><strong>minum.</strong></span> <span class='ocrx_word' id='word_1_276' title='bbox 2266 932 2285 965; x_wconf 79' lang='grc'><strong>»</strong></span> <span class='ocrx_word' id='word_1_277' title='bbox 3346 930 3353 939; x_wconf 92' lang='grc'><strong>·</strong></span> 
     </span>
    </p>
   </div>
   <div class='ocr_carea' id='block_1_45' title="bbox 2058 1000 3570 1082">
    <p class='ocr_par' dir='ltr' id='par_1_45' title="bbox 2058 1000 3570 1082">
     <span class='ocr_line' id='line_1_45' title="bbox 2058 1000 3570 1082; baseline 0.008 -28"><span class='ocrx_word' id='word_1_278' title='bbox 2058 1000 2227 1056; x_wconf 68' lang='grc' dir='ltr'>Ειίιιί.</span> <span class='ocrx_word' id='word_1_279' title='bbox 2259 1019 2433 1070; x_wconf 76' lang='lat' dir='ltr'><strong>nm,</strong></span> <span class='ocrx_word' id='word_1_280' title='bbox 2490 1004 2578 1059; x_wconf 84' lang='grc'><strong>17.</strong></span> <span class='ocrx_word' id='word_1_281' title='bbox 2612 1033 2685 1045; x_wconf 89' lang='grc'><strong>--</strong></span> <span class='ocrx_word' id='word_1_282' title='bbox 2737 1025 2754 1056; x_wconf 78' lang='grc' dir='ltr'><strong>ι</strong></span> <span class='ocrx_word' id='word_1_283' title='bbox 2788 1005 3028 1062; x_wconf 88' lang='lat' dir='ltr'><strong>Benedic</strong></span> <span class='ocrx_word' id='word_1_284' title='bbox 3097 1007 3389 1065; x_wconf 90' lang='lat' dir='ltr'><strong>Dominum</strong></span> <span class='ocrx_word' id='word_1_285' title='bbox 3417 1052 3430 1076; x_wconf 92' lang='lat'><strong>,</strong></span> <span class='ocrx_word' id='word_1_286' title='bbox 3477 1014 3570 1082; x_wconf 88' lang='lat' dir='ltr'><strong>qui</strong></span> 
     </span>
    </p>
   </div>
   <div class='ocr_carea' id='block_1_46' title="bbox 1988 1091 3247 1165">
    <p class='ocr_par' dir='ltr' id='par_1_46' title="bbox 1988 1091 3247 1165">
     <span class='ocr_line' id='line_1_46' title="bbox 1988 1091 3247 1165; baseline 0.004 -18"><span class='ocrx_word' id='word_1_287' title='bbox 1988 1091 2121 1149; x_wconf 82' lang='lat' dir='ltr'><strong>fecit</strong></span> <span class='ocrx_word' id='word_1_288' title='bbox 2147 1101 2223 1161; x_wconf 91' lang='lat' dir='ltr'><strong>te,</strong></span> <span class='ocrx_word' id='word_1_289' title='bbox 2262 1101 2318 1151; x_wconf 91' lang='lat' dir='ltr'><strong>et</strong></span> <span class='ocrx_word' id='word_1_290' title='bbox 2355 1095 2454 1165; x_wconf 85' lang='lat' dir='ltr'><strong>qui</strong></span> <span class='ocrx_word' id='word_1_291' title='bbox 2491 1095 2732 1161; x_wconf 81' lang='lat' dir='ltr'><strong>inebriat</strong></span> <span class='ocrx_word' id='word_1_292' title='bbox 2763 1103 2819 1152; x_wconf 88' lang='lat' dir='ltr'><strong>te</strong></span> <span class='ocrx_word' id='word_1_293' title='bbox 2850 1096 3013 1159; x_wconf 83' lang='lat' dir='ltr'><strong>bonis</strong></span> <span class='ocrx_word' id='word_1_294' title='bbox 3053 1099 3192 1155; x_wconf 88' lang='lat' dir='ltr'><strong>suis.</strong></span> <span class='ocrx_word' id='word_1_295' title='bbox 3228 1117 3247 1152; x_wconf 74' lang='grc' dir='ltr'><strong>ι</strong></span> 
     </span>
    </p>
   </div>
   <div class='ocr_carea' id='block_1_47' title="bbox 2056 1185 3569 1254">
    <p class='ocr_par' dir='ltr' id='par_1_47' title="bbox 2056 1185 3569 1254">
     <span class='ocr_line' id='line_1_47' title="bbox 2056 1185 3569 1254; baseline 0.007 -14"><span class='ocrx_word' id='word_1_296' title='bbox 2056 1185 2228 1253; x_wconf 77' lang='lat' dir='ltr'><strong>Eccli.</strong></span> <span class='ocrx_word' id='word_1_297' title='bbox 2286 1204 2474 1254; x_wconf 72' lang='lat' dir='ltr'><strong>xsxrx,</strong></span> <span class='ocrx_word' id='word_1_298' title='bbox 2531 1189 2622 1245; x_wconf 74' lang='lat' dir='ltr'><strong>i9.</strong></span> <span class='ocrx_word' id='word_1_299' title='bbox 2660 1223 2726 1234; x_wconf 90' lang='lat'><strong><em>—</em></strong></span> <span class='ocrx_word' id='word_1_300' title='bbox 2767 1209 2788 1243; x_wconf 77' lang='grc' dir='ltr'><strong>ι</strong></span> <span class='ocrx_word' id='word_1_301' title='bbox 2823 1191 3146 1249; x_wconf 88' lang='lat' dir='ltr'><strong>Benedicite</strong></span> <span class='ocrx_word' id='word_1_302' title='bbox 3177 1192 3469 1250; x_wconf 89' lang='lat' dir='ltr'><strong>Dominum</strong></span> <span class='ocrx_word' id='word_1_303' title='bbox 3512 1196 3569 1251; x_wconf 90' lang='lat' dir='ltr'><strong>in</strong></span> 
     </span>
    </p>
   </div>
   <div class='ocr_carea' id='block_1_48' title="bbox 1982 1277 3572 1357">
    <p class='ocr_par' dir='ltr' id='par_1_48' title="bbox 1982 1277 3572 1357">
     <span class='ocr_line' id='line_1_48' title="bbox 1982 1277 3572 1357; baseline 0.006 -24"><span class='ocrx_word' id='word_1_304' title='bbox 1982 1277 2245 1334; x_wconf 89' lang='lat' dir='ltr'><strong>omnibus</strong></span> <span class='ocrx_word' id='word_1_305' title='bbox 2279 1279 2543 1350; x_wconf 82' lang='lat' dir='ltr'><strong>operibus</strong></span> <span class='ocrx_word' id='word_1_306' title='bbox 2562 1281 2708 1351; x_wconf 87' lang='lat' dir='ltr'><strong>ejus,</strong></span> <span class='ocrx_word' id='word_1_307' title='bbox 2739 1282 2940 1339; x_wconf 89' lang='lat' dir='ltr'><strong>etdate</strong></span> <span class='ocrx_word' id='word_1_308' title='bbox 2969 1283 3181 1338; x_wconf 89' lang='lat' dir='ltr'><strong>nomini</strong></span> <span class='ocrx_word' id='word_1_309' title='bbox 3209 1280 3331 1354; x_wconf 77' lang='lat' dir='ltr'><strong>ejus</strong></span> <span class='ocrx_word' id='word_1_310' title='bbox 3360 1287 3572 1357; x_wconf 85' lang='lat' dir='ltr'><strong>magni-</strong></span> 
     </span>
    </p>
   </div>
   <div class='ocr_carea' id='block_1_49' title="bbox 1984 1371 3569 1446">
    <p class='ocr_par' dir='ltr' id='par_1_49' title="bbox 1984 1371 3569 1446">
     <span class='ocr_line' id='line_1_49' title="bbox 1984 1371 3569 1446; baseline 0.006 -22"><span class='ocrx_word' id='word_1_311' title='bbox 1984 1371 2285 1438; x_wconf 84' lang='lat' dir='ltr'><strong>licentiam,</strong></span> <span class='ocrx_word' id='word_1_312' title='bbox 2327 1381 2381 1428; x_wconf 87' lang='lat' dir='ltr'><strong>et</strong></span> <span class='ocrx_word' id='word_1_313' title='bbox 2421 1373 2769 1429; x_wconf 77' lang='lat' dir='ltr'><strong>conﬁtemini</strong></span> <span class='ocrx_word' id='word_1_314' title='bbox 2797 1375 2852 1430; x_wconf 90' lang='lat' dir='ltr'><strong>in</strong></span> <span class='ocrx_word' id='word_1_315' title='bbox 2894 1375 3219 1432; x_wconf 82' lang='lat' dir='ltr'><strong>laudatione</strong></span> <span class='ocrx_word' id='word_1_316' title='bbox 3247 1377 3391 1446; x_wconf 87' lang='lat' dir='ltr'><strong>ejus,</strong></span> <span class='ocrx_word' id='word_1_317' title='bbox 3420 1384 3475 1432; x_wconf 87' lang='lat' dir='ltr'><strong>et</strong></span> <span class='ocrx_word' id='word_1_318' title='bbox 3513 1378 3569 1433; x_wconf 91' lang='lat' dir='ltr'><strong>in</strong></span> 
     </span>
    </p>
   </div>
   <div class='ocr_carea' id='block_1_50' title="bbox 1980 1461 3107 1538">
    <p class='ocr_par' dir='ltr' id='par_1_50' title="bbox 1980 1461 3107 1538">
     <span class='ocr_line' id='line_1_50' title="bbox 1980 1461 3107 1538; baseline 0.003 -21"><span class='ocrx_word' id='word_1_319' title='bbox 1980 1461 2216 1519; x_wconf 88' lang='lat' dir='ltr'><strong>canticis</strong></span> <span class='ocrx_word' id='word_1_320' title='bbox 2253 1462 2560 1532; x_wconf 90' lang='lat' dir='ltr'><strong>labiorum,</strong></span> <span class='ocrx_word' id='word_1_321' title='bbox 2592 1470 2646 1520; x_wconf 88' lang='lat' dir='ltr'><strong>et</strong></span> <span class='ocrx_word' id='word_1_322' title='bbox 2685 1469 2739 1520; x_wconf 91' lang='lat' dir='ltr'><strong>in</strong></span> <span class='ocrx_word' id='word_1_323' title='bbox 2779 1467 3048 1538; x_wconf 74' lang='lat' dir='ltr'><strong>ci‘nnyris.</strong></span> <span class='ocrx_word' id='word_1_324' title='bbox 3086 1487 3107 1520; x_wconf 69' lang='grc' dir='ltr'><strong>ι</strong></span> 
     </span>
    </p>
   </div>
   <div class='ocr_carea' id='block_1_51' title="bbox 2054 1553 3569 1622">
    <p class='ocr_par' dir='ltr' id='par_1_51' title="bbox 2054 1553 3569 1622">
     <span class='ocr_line' id='line_1_51' title="bbox 2054 1553 3569 1622; baseline 0.004 -14"><span class='ocrx_word' id='word_1_325' title='bbox 2054 1553 2256 1612; x_wconf 83' lang='lat' dir='ltr'><strong>IPetr.</strong></span> <span class='ocrx_word' id='word_1_326' title='bbox 2288 1573 2371 1622; x_wconf 83' lang='lat' dir='ltr'><strong>Ill,</strong></span> <span class='ocrx_word' id='word_1_327' title='bbox 2409 1558 2500 1614; x_wconf 79' lang='grc'><strong>15.</strong></span> <span class='ocrx_word' id='word_1_328' title='bbox 2535 1589 2604 1599; x_wconf 84' lang='grc'><strong><em>--</em></strong></span> <span class='ocrx_word' id='word_1_329' title='bbox 2643 1575 2664 1609; x_wconf 77' lang='grc' dir='ltr'><strong>ι</strong></span> <span class='ocrx_word' id='word_1_330' title='bbox 2705 1556 2998 1614; x_wconf 89' lang='lat' dir='ltr'><strong>Dominum</strong></span> <span class='ocrx_word' id='word_1_331' title='bbox 3032 1559 3317 1615; x_wconf 83' lang='lat' dir='ltr'><strong>Christum</strong></span> <span class='ocrx_word' id='word_1_332' title='bbox 3360 1561 3569 1617; x_wconf 79' lang='lat' dir='ltr'><strong>sancti-</strong></span> 
     </span>
    </p>
   </div>
   <div class='ocr_carea' id='block_1_52' title="bbox 1982 1643 2847 1705">
    <p class='ocr_par' dir='ltr' id='par_1_52' title="bbox 1982 1643 2847 1705">
     <span class='ocr_line' id='line_1_52' title="bbox 1982 1643 2847 1705; baseline 0 -5"><span class='ocrx_word' id='word_1_333' title='bbox 1982 1643 2141 1702; x_wconf 85' lang='lat' dir='ltr'><strong>licate</strong></span> <span class='ocrx_word' id='word_1_334' title='bbox 2176 1646 2233 1702; x_wconf 92' lang='lat' dir='ltr'><strong>in</strong></span> <span class='ocrx_word' id='word_1_335' title='bbox 2269 1648 2535 1704; x_wconf 89' lang='lat' dir='ltr'><strong>cordibus</strong></span> <span class='ocrx_word' id='word_1_336' title='bbox 2565 1648 2794 1705; x_wconf 87' lang='lat' dir='ltr'><strong>vestris.</strong></span> <span class='ocrx_word' id='word_1_337' title='bbox 2828 1667 2847 1700; x_wconf 73' lang='grc' dir='ltr'><strong>ι</strong></span> 
     </span>
    </p>
   </div>
   <div class='ocr_carea' id='block_1_53' title="bbox 2051 1737 3565 1808">
    <p class='ocr_par' dir='ltr' id='par_1_53' title="bbox 2051 1737 3565 1808">
     <span class='ocr_line' id='line_1_53' title="bbox 2051 1737 3565 1808; baseline 0.003 -15"><span class='ocrx_word' id='word_1_338' title='bbox 2051 1737 2267 1795; x_wconf 78' lang='lat' dir='ltr'><strong>Basilii.</strong></span> <span class='ocrx_word' id='word_1_339' title='bbox 2309 1771 2381 1784; x_wconf 94' lang='lat'><strong><em>—</em></strong></span> <span class='ocrx_word' id='word_1_340' title='bbox 2425 1739 2524 1797; x_wconf 89' lang='lat' dir='ltr'><strong>Dei</strong></span> <span class='ocrx_word' id='word_1_341' title='bbox 2574 1739 2910 1796; x_wconf 88' lang='lat' dir='ltr'><strong>inhabitatio</strong></span> <span class='ocrx_word' id='word_1_342' title='bbox 2951 1741 3007 1796; x_wconf 90' lang='lat' dir='ltr'><strong>in</strong></span> <span class='ocrx_word' id='word_1_343' title='bbox 3043 1742 3149 1798; x_wconf 89' lang='lat' dir='ltr'><strong>hoc</strong></span> <span class='ocrx_word' id='word_1_344' title='bbox 3198 1742 3306 1799; x_wconf 88' lang='lat' dir='ltr'><strong>sita</strong></span> <span class='ocrx_word' id='word_1_345' title='bbox 3359 1751 3467 1808; x_wconf 88' lang='lat' dir='ltr'><strong>est,</strong></span> <span class='ocrx_word' id='word_1_346' title='bbox 3506 1754 3565 1797; x_wconf 89' lang='lat' dir='ltr'><strong>ut</strong></span> 
     </span>
    </p>
   </div>
   <div class='ocr_carea' id='block_1_54' title="bbox 1979 1831 3561 1906">
    <p class='ocr_par' dir='ltr' id='par_1_54' title="bbox 1979 1831 3561 1906">
     <span class='ocr_line' id='line_1_54' title="bbox 1979 1831 3561 1906; baseline 0.003 -21"><span class='ocrx_word' id='word_1_347' title='bbox 1979 1831 2274 1903; x_wconf 86' lang='lat' dir='ltr'><strong>quisquam</strong></span> <span class='ocrx_word' id='word_1_348' title='bbox 2306 1831 2478 1889; x_wconf 88' lang='lat' dir='ltr'><strong>Deum</strong></span> <span class='ocrx_word' id='word_1_349' title='bbox 2506 1848 2607 1905; x_wconf 90' lang='lat' dir='ltr'><strong>per</strong></span> <span class='ocrx_word' id='word_1_350' title='bbox 2623 1832 3073 1891; x_wconf 88' lang='lat' dir='ltr'><strong>recordationem</strong></span> <span class='ocrx_word' id='word_1_351' title='bbox 3101 1835 3156 1890; x_wconf 87' lang='lat' dir='ltr'><strong>in</strong></span> <span class='ocrx_word' id='word_1_352' title='bbox 3181 1835 3366 1906; x_wconf 83' lang='lat' dir='ltr'><strong>seipso</strong></span> <span class='ocrx_word' id='word_1_353' title='bbox 3394 1835 3561 1891; x_wconf 78' lang='lat' dir='ltr'><strong>ﬁxum</strong></span> 
     </span>
    </p>
   </div>
   <div class='ocr_carea' id='block_1_55' title="bbox 1906 1899 2207 1979">
    <p class='ocr_par' dir='ltr' id='par_1_55' title="bbox 1906 1899 2207 1979">
     <span class='ocr_line' id='line_1_55' title="bbox 1906 1899 2207 1979; baseline -0.003 0"><span class='ocrx_word' id='word_1_354' title='bbox 1906 1899 1949 1955; x_wconf 80' lang='grc' dir='ltr'><strong>Β</strong></span> <span class='ocrx_word' id='word_1_355' title='bbox 1976 1899 2207 1979; x_wconf 73' lang='lat' dir='ltr'><strong>habeat.</strong></span> 
     </span>
    </p>
   </div>
   <div class='ocr_carea' id='block_1_56' title="bbox 2048 2014 3563 2090">
    <p class='ocr_par' dir='ltr' id='par_1_56' title="bbox 2048 2014 3563 2090">
     <span class='ocr_line' id='line_1_56' title="bbox 2048 2014 3563 2090; baseline 0.003 -20"><span class='ocrx_word' id='word_1_356' title='bbox 2048 2014 2327 2087; x_wconf 79' lang='lat' dir='ltr'><strong>Ejusdem.</strong></span> <span class='ocrx_word' id='word_1_357' title='bbox 2351 2049 2420 2060; x_wconf 88' lang='lat'><strong>——</strong></span> <span class='ocrx_word' id='word_1_358' title='bbox 2450 2016 2689 2074; x_wconf 84' lang='lat' dir='ltr'><strong>Hilarem</strong></span> <span class='ocrx_word' id='word_1_359' title='bbox 2718 2028 2775 2075; x_wconf 91' lang='lat' dir='ltr'><strong>et</strong></span> <span class='ocrx_word' id='word_1_360' title='bbox 2814 2028 3094 2090; x_wconf 80' lang='lat' dir='ltr'><strong>expertem</strong></span> <span class='ocrx_word' id='word_1_361' title='bbox 3133 2021 3393 2076; x_wconf 70' lang='lat' dir='ltr'><strong>mmroris</strong></span> <span class='ocrx_word' id='word_1_362' title='bbox 3447 2028 3563 2076; x_wconf 88' lang='lat' dir='ltr'><strong>sta-</strong></span> 
     </span>
    </p>
   </div>
   <div class='ocr_carea' id='block_1_57' title="bbox 1974 2110 3462 2182">
    <p class='ocr_par' dir='ltr' id='par_1_57' title="bbox 1974 2110 3462 2182">
     <span class='ocr_line' id='line_1_57' title="bbox 1974 2110 3462 2182; baseline 0.003 -19"><span class='ocrx_word' id='word_1_363' title='bbox 1974 2115 2092 2164; x_wconf 91' lang='lat' dir='ltr'><strong>tum</strong></span> <span class='ocrx_word' id='word_1_364' title='bbox 2136 2110 2465 2182; x_wconf 82' lang='lat' dir='ltr'><strong>hymnorum</strong></span> <span class='ocrx_word' id='word_1_365' title='bbox 2496 2112 2914 2170; x_wconf 87' lang='lat' dir='ltr'><strong>consolationes</strong></span> <span class='ocrx_word' id='word_1_366' title='bbox 2944 2113 3134 2169; x_wconf 89' lang='lat' dir='ltr'><strong>animo</strong></span> <span class='ocrx_word' id='word_1_367' title='bbox 3170 2120 3462 2181; x_wconf 69' lang='lat' dir='ltr'><strong>praestant.</strong></span> 
     </span>
    </p>
   </div>
   <div class='ocr_carea' id='block_1_58' title="bbox 2046 2202 3560 2276">
    <p class='ocr_par' dir='ltr' id='par_1_58' title="bbox 2046 2202 3560 2276">
     <span class='ocr_line' id='line_1_58' title="bbox 2046 2202 3560 2276; baseline 0.002 -20"><span class='ocrx_word' id='word_1_368' title='bbox 2046 2202 2327 2273; x_wconf 78' lang='lat' dir='ltr'><strong>Ejusdem.</strong></span> <span class='ocrx_word' id='word_1_369' title='bbox 2350 2234 2424 2248; x_wconf 87' lang='lat'><strong>-—-</strong></span> <span class='ocrx_word' id='word_1_370' title='bbox 2456 2205 2740 2263; x_wconf 88' lang='lat' dir='ltr'><strong>Creatoris</strong></span> <span class='ocrx_word' id='word_1_371' title='bbox 2784 2206 3020 2275; x_wconf 84' lang='lat' dir='ltr'><strong>gloriam</strong></span> <span class='ocrx_word' id='word_1_372' title='bbox 3053 2205 3314 2276; x_wconf 77' lang='lat' dir='ltr'><strong>praedica,</strong></span> <span class='ocrx_word' id='word_1_373' title='bbox 3362 2206 3418 2260; x_wconf 90' lang='lat' dir='ltr'><strong>in</strong></span> <span class='ocrx_word' id='word_1_374' title='bbox 3449 2220 3560 2276; x_wconf 90' lang='lat' dir='ltr'><strong>quo</strong></span> 
     </span>
    </p>
   </div>
   <div class='ocr_carea' id='block_1_59' title="bbox 1970 2294 3555 2367">
    <p class='ocr_par' dir='ltr' id='par_1_59' title="bbox 1970 2294 3555 2367">
     <span class='ocr_line' id='line_1_59' title="bbox 1970 2294 3555 2367; baseline 0 -18"><span class='ocrx_word' id='word_1_375' title='bbox 1970 2301 2160 2350; x_wconf 85' lang='lat' dir='ltr'><strong>creata</strong></span> <span class='ocrx_word' id='word_1_376' title='bbox 2186 2295 2374 2351; x_wconf 89' lang='lat' dir='ltr'><strong>omnia</strong></span> <span class='ocrx_word' id='word_1_377' title='bbox 2404 2305 2558 2364; x_wconf 87' lang='lat' dir='ltr'><strong>sunt,</strong></span> <span class='ocrx_word' id='word_1_378' title='bbox 2590 2302 2700 2350; x_wconf 89' lang='lat' dir='ltr'><strong>tam</strong></span> <span class='ocrx_word' id='word_1_379' title='bbox 2727 2294 2993 2362; x_wconf 89' lang='lat' dir='ltr'><strong>visibilia,</strong></span> <span class='ocrx_word' id='word_1_380' title='bbox 3026 2310 3193 2367; x_wconf 89' lang='lat' dir='ltr'><strong>quam</strong></span> <span class='ocrx_word' id='word_1_381' title='bbox 3228 2294 3555 2356; x_wconf 78' lang='lat' dir='ltr'><strong>invisibilia.</strong></span> 
     </span>
    </p>
   </div>
   <div class='ocr_carea' id='block_1_60' title="bbox 1971 2385 3561 2458">
    <p class='ocr_par' dir='ltr' id='par_1_60' title="bbox 1971 2385 3561 2458">
     <span class='ocr_line' id='line_1_60' title="bbox 1971 2385 3561 2458; baseline 0.001 -21"><span class='ocrx_word' id='word_1_382' title='bbox 1971 2391 2083 2438; x_wconf 91' lang='lat' dir='ltr'><strong>tam</strong></span> <span class='ocrx_word' id='word_1_383' title='bbox 2116 2385 2489 2457; x_wconf 90' lang='lat' dir='ltr'><strong>principatus,</strong></span> <span class='ocrx_word' id='word_1_384' title='bbox 2527 2400 2695 2458; x_wconf 86' lang='lat' dir='ltr'><strong>quam</strong></span> <span class='ocrx_word' id='word_1_385' title='bbox 2729 2394 3058 2456; x_wconf 83' lang='lat' dir='ltr'><strong>potestates,</strong></span> <span class='ocrx_word' id='word_1_386' title='bbox 3100 2394 3155 2442; x_wconf 87' lang='lat' dir='ltr'><strong>et</strong></span> <span class='ocrx_word' id='word_1_387' title='bbox 3185 2387 3231 2442; x_wconf 91' lang='lat' dir='ltr'><strong>si</strong></span> <span class='ocrx_word' id='word_1_388' title='bbox 3260 2402 3386 2457; x_wconf 62' lang='lat' dir='ltr'><strong>qua</strong></span> <span class='ocrx_word' id='word_1_389' title='bbox 3428 2396 3561 2443; x_wconf 86' lang='lat' dir='ltr'><strong>sunt</strong></span> 
     </span>
    </p>
   </div>
   <div class='ocr_carea' id='block_1_61' title="bbox 1971 2475 3563 2550">
    <p class='ocr_par' dir='ltr' id='par_1_61' title="bbox 1971 2475 3563 2550">
     <span class='ocr_line' id='line_1_61' title="bbox 1971 2475 3563 2550; baseline 0.004 -22"><span class='ocrx_word' id='word_1_390' title='bbox 1971 2475 2097 2531; x_wconf 69' lang='lat' dir='ltr'><strong>alia:</strong></span> <span class='ocrx_word' id='word_1_391' title='bbox 2134 2477 2438 2534; x_wconf 87' lang='lat' dir='ltr'><strong>rationales</strong></span> <span class='ocrx_word' id='word_1_392' title='bbox 2494 2488 2730 2543; x_wconf 85' lang='lat' dir='ltr'><strong>naturae,</strong></span> <span class='ocrx_word' id='word_1_393' title='bbox 2776 2494 2903 2550; x_wconf 68' lang='lat' dir='ltr'><strong>quae</strong></span> <span class='ocrx_word' id='word_1_394' title='bbox 2957 2479 3235 2534; x_wconf 89' lang='lat' dir='ltr'><strong>nominari</strong></span> <span class='ocrx_word' id='word_1_395' title='bbox 3285 2492 3395 2533; x_wconf 90' lang='lat' dir='ltr'><strong>non</strong></span> <span class='ocrx_word' id='word_1_396' title='bbox 3429 2494 3563 2548; x_wconf 83' lang='lat' dir='ltr'><strong>pos-</strong></span> 
     </span>
    </p>
   </div>
   <div class='ocr_carea' id='block_1_62' title="bbox 1971 2569 2102 2624">
    <p class='ocr_par' dir='ltr' id='par_1_62' title="bbox 1971 2569 2102 2624">
     <span class='ocr_line' id='line_1_62' title="bbox 1971 2569 2102 2624; baseline 0 -1"><span class='ocrx_word' id='word_1_397' title='bbox 1971 2569 2102 2624; x_wconf 88' lang='lat' dir='ltr'><strong>sint.</strong></span> 
     </span>
    </p>
   </div>
   <div class='ocr_carea' id='block_1_63' title="bbox 2043 2659 3552 2734">
    <p class='ocr_par' dir='ltr' id='par_1_63' title="bbox 2043 2659 3552 2734">
     <span class='ocr_line' id='line_1_63' title="bbox 2043 2659 3552 2734; baseline -0.001 -20"><span class='ocrx_word' id='word_1_398' title='bbox 2043 2659 2236 2731; x_wconf 84' lang='lat' dir='ltr'><strong>Ejusd.</strong></span> <span class='ocrx_word' id='word_1_399' title='bbox 2266 2661 2408 2716; x_wconf 84' lang='lat' dir='ltr'><strong>hom.</strong></span> <span class='ocrx_word' id='word_1_400' title='bbox 2433 2660 2466 2715; x_wconf 88' lang='grc'><strong>6</strong></span> <span class='ocrx_word' id='word_1_401' title='bbox 2495 2662 2549 2715; x_wconf 85' lang='lat' dir='ltr'><strong>in</strong></span> <span class='ocrx_word' id='word_1_402' title='bbox 2572 2665 2832 2717; x_wconf 76' lang='lat' dir='ltr'><strong>Hexaem.</strong></span> <span class='ocrx_word' id='word_1_403' title='bbox 2855 2693 2918 2703; x_wconf 90' lang='lat'><strong>-—</strong></span> <span class='ocrx_word' id='word_1_404' title='bbox 2954 2662 3126 2718; x_wconf 90' lang='lat' dir='ltr'><strong>Deum</strong></span> <span class='ocrx_word' id='word_1_405' title='bbox 3166 2674 3552 2734; x_wconf 78' lang='lat' dir='ltr'><strong>agnoscamus,</strong></span> 
     </span>
    </p>
   </div>
   <div class='ocr_carea' id='block_1_64' title="bbox 1968 2749 3553 2819">
    <p class='ocr_par' dir='ltr' id='par_1_64' title="bbox 1968 2749 3553 2819">
     <span class='ocr_line' id='line_1_64' title="bbox 1968 2749 3553 2819; baseline -0.003 -13"><span class='ocrx_word' id='word_1_406' title='bbox 1968 2749 2287 2806; x_wconf 87' lang='lat' dir='ltr'><strong>Creatorem</strong></span> <span class='ocrx_word' id='word_1_407' title='bbox 2332 2750 2652 2819; x_wconf 85' lang='lat' dir='ltr'><strong>adoremus,</strong></span> <span class='ocrx_word' id='word_1_408' title='bbox 2706 2751 2943 2809; x_wconf 86' lang='lat' dir='ltr'><strong>Domino</strong></span> <span class='ocrx_word' id='word_1_409' title='bbox 2996 2753 3348 2818; x_wconf 85' lang='lat' dir='ltr'><strong>serviamus,</strong></span> <span class='ocrx_word' id='word_1_410' title='bbox 3406 2751 3553 2805; x_wconf 84' lang='lat' dir='ltr'><strong>Patri</strong></span> 
     </span>
    </p>
   </div>
   <div class='ocr_carea' id='block_1_65' title="bbox 1974 2839 3551 2913">
    <p class='ocr_par' dir='ltr' id='par_1_65' title="bbox 1974 2839 3551 2913">
     <span class='ocr_line' id='line_1_65' title="bbox 1974 2839 3551 2913; baseline 0 -19"><span class='ocrx_word' id='word_1_411' title='bbox 1974 2840 2207 2911; x_wconf 76' lang='lat' dir='ltr'><strong>gloriam</strong></span> <span class='ocrx_word' id='word_1_412' title='bbox 2259 2839 2476 2907; x_wconf 89' lang='lat' dir='ltr'><strong>demus,</strong></span> <span class='ocrx_word' id='word_1_413' title='bbox 2547 2841 2845 2897; x_wconf 89' lang='lat' dir='ltr'><strong>nutritium</strong></span> <span class='ocrx_word' id='word_1_414' title='bbox 2915 2850 3167 2899; x_wconf 83' lang='lat' dir='ltr'><strong>nostrum</strong></span> <span class='ocrx_word' id='word_1_415' title='bbox 3228 2842 3551 2913; x_wconf 83' lang='lat' dir='ltr'><strong>diligamus,</strong></span> 
     </span>
    </p>
   </div>
   <div class='ocr_carea' id='block_1_66' title="bbox 1968 2928 3554 3002">
    <p class='ocr_par' dir='ltr' id='par_1_66' title="bbox 1968 2928 3554 3002">
     <span class='ocr_line' id='line_1_66' title="bbox 1968 2928 3554 3002; baseline 0.005 -24"><span class='ocrx_word' id='word_1_416' title='bbox 1968 2940 2295 2982; x_wconf 85' lang='lat' dir='ltr'><strong>veneremur</strong></span> <span class='ocrx_word' id='word_1_417' title='bbox 2340 2942 2488 2992; x_wconf 90' lang='lat' dir='ltr'><strong>eum,</strong></span> <span class='ocrx_word' id='word_1_418' title='bbox 2537 2928 2632 3000; x_wconf 87' lang='lat' dir='ltr'><strong>qui</strong></span> <span class='ocrx_word' id='word_1_419' title='bbox 2670 2931 2812 2986; x_wconf 88' lang='lat' dir='ltr'><strong>bene</strong></span> <span class='ocrx_word' id='word_1_420' title='bbox 2864 2928 2996 2987; x_wconf 78' lang='lat' dir='ltr'><strong>fecit</strong></span> <span class='ocrx_word' id='word_1_421' title='bbox 3045 2933 3231 2997; x_wconf 87' lang='lat' dir='ltr'><strong>nobis,</strong></span> <span class='ocrx_word' id='word_1_422' title='bbox 3285 2932 3383 3002; x_wconf 90' lang='lat' dir='ltr'><strong>qui</strong></span> <span class='ocrx_word' id='word_1_423' title='bbox 3428 2932 3554 2986; x_wconf 72' lang='lat' dir='ltr'><strong>vita:</strong></span> 
     </span>
    </p>
   </div>
   <div class='ocr_carea' id='block_1_67' title="bbox 1967 3021 3553 3091">
    <p class='ocr_par' dir='ltr' id='par_1_67' title="bbox 1967 3021 3553 3091">
     <span class='ocr_line' id='line_1_67' title="bbox 1967 3021 3553 3091; baseline 0.003 -18"><span class='ocrx_word' id='word_1_424' title='bbox 1967 3026 2174 3074; x_wconf 85' lang='lat' dir='ltr'><strong>nostrae</strong></span> <span class='ocrx_word' id='word_1_425' title='bbox 2202 3033 2328 3074; x_wconf 89' lang='lat' dir='ltr'><strong>cum</strong></span> <span class='ocrx_word' id='word_1_426' title='bbox 2358 3023 2672 3091; x_wconf 64' lang='lat' dir='ltr'><strong>praesentis,</strong></span> <span class='ocrx_word' id='word_1_427' title='bbox 2704 3029 2822 3077; x_wconf 89' lang='lat' dir='ltr'><strong>tum</strong></span> <span class='ocrx_word' id='word_1_428' title='bbox 2858 3021 3062 3079; x_wconf 66' lang='lat' dir='ltr'><strong>futurae</strong></span> <span class='ocrx_word' id='word_1_429' title='bbox 3087 3034 3281 3080; x_wconf 85' lang='lat' dir='ltr'><strong>auctor</strong></span> <span class='ocrx_word' id='word_1_430' title='bbox 3310 3032 3417 3089; x_wconf 84' lang='lat' dir='ltr'><strong>est,</strong></span> <span class='ocrx_word' id='word_1_431' title='bbox 3451 3041 3553 3079; x_wconf 79' lang='lat' dir='ltr'><strong>nec</strong></span> 
     </span>
    </p>
   </div>
   <div class='ocr_carea' id='block_1_68' title="bbox 1966 3105 3615 3172">
    <p class='ocr_par' dir='ltr' id='par_1_68' title="bbox 1966 3105 3615 3172">
     <span class='ocr_line' id='line_1_68' title="bbox 1966 3105 3615 3172; baseline 0.007 -8"><span class='ocrx_word' id='word_1_432' title='bbox 1966 3109 2351 3167; x_wconf 85' lang='lat' dir='ltr'><strong>adorationem</strong></span> <span class='ocrx_word' id='word_1_433' title='bbox 2385 3112 2537 3169; x_wconf 87' lang='lat' dir='ltr'><strong>illius</strong></span> <span class='ocrx_word' id='word_1_434' title='bbox 2568 3114 3034 3172; x_wconf 89' lang='lat' dir='ltr'><strong>intermittamus.</strong></span> <span class='ocrx_word' id='word_1_435' title='bbox 3609 3105 3615 3110; x_wconf 61' lang='grc'><strong>’</strong></span> 
     </span>
    </p>
   </div>
   <div class='ocr_carea' id='block_1_69' title="bbox 2040 3201 3549 3274">
    <p class='ocr_par' dir='ltr' id='par_1_69' title="bbox 2040 3201 3549 3274">
     <span class='ocr_line' id='line_1_69' title="bbox 2040 3201 3549 3274; baseline 0.01 -18"><span class='ocrx_word' id='word_1_436' title='bbox 2040 3201 2229 3274; x_wconf 80' lang='lat' dir='ltr'><strong>Ejusd.</strong></span> <span class='ocrx_word' id='word_1_437' title='bbox 2260 3205 2315 3258; x_wconf 83' lang='lat' dir='ltr'><strong>in</strong></span> <span class='ocrx_word' id='word_1_438' title='bbox 2347 3204 2500 3260; x_wconf 82' lang='lat' dir='ltr'><strong>Psal.</strong></span> <span class='ocrx_word' id='word_1_439' title='bbox 2532 3220 2658 3261; x_wconf 81' lang='lat' dir='ltr'><strong>cxv.</strong></span> <span class='ocrx_word' id='word_1_440' title='bbox 2694 3237 2764 3249; x_wconf 92' lang='lat'><strong><em>—</em></strong></span> <span class='ocrx_word' id='word_1_441' title='bbox 2786 3214 2789 3215; x_wconf 68' lang='lat'><strong><em>&#39;</em></strong></span> <span class='ocrx_word' id='word_1_442' title='bbox 2810 3208 3160 3265; x_wconf 75' lang='lat' dir='ltr'><strong>Sacriﬁcium</strong></span> <span class='ocrx_word' id='word_1_443' title='bbox 3195 3210 3379 3264; x_wconf 86' lang='lat' dir='ltr'><strong>laudis</strong></span> <span class='ocrx_word' id='word_1_444' title='bbox 3427 3210 3549 3270; x_wconf 77' lang='lat' dir='ltr'><strong>tibi.</strong></span> 
     </span>
    </p>
   </div>
   <div class='ocr_carea' id='block_1_70' title="bbox 1963 3297 3547 3375">
    <p class='ocr_par' dir='ltr' id='par_1_70' title="bbox 1963 3297 3547 3375">
     <span class='ocr_line' id='line_1_70' title="bbox 1963 3297 3547 3375; baseline 0.005 -23"><span class='ocrx_word' id='word_1_445' title='bbox 1963 3298 2060 3369; x_wconf 91' lang='lat' dir='ltr'><strong>qui</strong></span> <span class='ocrx_word' id='word_1_446' title='bbox 2101 3297 2383 3369; x_wconf 81' lang='lat' dir='ltr'><strong>perfectus</strong></span> <span class='ocrx_word' id='word_1_447' title='bbox 2406 3306 2462 3354; x_wconf 93' lang='lat' dir='ltr'><strong>et</strong></span> <span class='ocrx_word' id='word_1_448' title='bbox 2499 3300 2714 3357; x_wconf 87' lang='lat' dir='ltr'><strong>nullius</strong></span> <span class='ocrx_word' id='word_1_449' title='bbox 2740 3302 2821 3357; x_wconf 90' lang='lat' dir='ltr'><strong>rei</strong></span> <span class='ocrx_word' id='word_1_450' title='bbox 2860 3302 3118 3375; x_wconf 79' lang='lat' dir='ltr'><strong>indigens</strong></span> <span class='ocrx_word' id='word_1_451' title='bbox 3152 3319 3238 3367; x_wconf 90' lang='lat' dir='ltr'><strong>es,</strong></span> <span class='ocrx_word' id='word_1_452' title='bbox 3269 3302 3382 3358; x_wconf 89' lang='lat' dir='ltr'><strong>Deo</strong></span> <span class='ocrx_word' id='word_1_453' title='bbox 3412 3302 3547 3360; x_wconf 70' lang='grc' dir='ltr'>οπο·</span> 
     </span>
    </p>
   </div>
   <div class='ocr_carea' id='block_1_71' title="bbox 1962 3391 3544 3465">
    <p class='ocr_par' dir='ltr' id='par_1_71' title="bbox 1962 3391 3544 3465">
     <span class='ocr_line' id='line_1_71' title="bbox 1962 3391 3544 3465; baseline 0.004 -20"><span class='ocrx_word' id='word_1_454' title='bbox 1962 3405 2154 3447; x_wconf 91' lang='lat' dir='ltr'><strong>ramus</strong></span> <span class='ocrx_word' id='word_1_455' title='bbox 2185 3408 2197 3445; x_wconf 94' lang='lat'>:</span> <span class='ocrx_word' id='word_1_456' title='bbox 2240 3391 2333 3462; x_wconf 91' lang='lat' dir='ltr'><strong>qui</strong></span> <span class='ocrx_word' id='word_1_457' title='bbox 2370 3392 2691 3462; x_wconf 88' lang='lat' dir='ltr'><strong>corporales</strong></span> <span class='ocrx_word' id='word_1_458' title='bbox 2713 3393 2972 3451; x_wconf 88' lang='lat' dir='ltr'><strong>victimas</strong></span> <span class='ocrx_word' id='word_1_459' title='bbox 3012 3396 3240 3450; x_wconf 87' lang='lat' dir='ltr'><strong>minime</strong></span> <span class='ocrx_word' id='word_1_460' title='bbox 3268 3396 3544 3465; x_wconf 90' lang='lat' dir='ltr'><strong>postulas,</strong></span> 
     </span>
    </p>
   </div>
   <div class='ocr_carea' id='block_1_72' title="bbox 1961 3483 3544 3556">
    <p class='ocr_par' dir='ltr' id='par_1_72' title="bbox 1961 3483 3544 3556">
     <span class='ocr_line' id='line_1_72' title="bbox 1961 3483 3544 3556; baseline 0.002 -17"><span class='ocrx_word' id='word_1_461' title='bbox 1961 3485 2016 3539; x_wconf 90' lang='lat' dir='ltr'><strong>in</strong></span> <span class='ocrx_word' id='word_1_462' title='bbox 2049 3484 2256 3555; x_wconf 90' lang='lat' dir='ltr'><strong>quibus</strong></span> <span class='ocrx_word' id='word_1_463' title='bbox 2290 3483 2384 3554; x_wconf 90' lang='lat' dir='ltr'><strong>qui</strong></span> <span class='ocrx_word' id='word_1_464' title='bbox 2419 3484 2813 3554; x_wconf 85' lang='lat' dir='ltr'><strong>locupletiores</strong></span> <span class='ocrx_word' id='word_1_465' title='bbox 2849 3494 3001 3553; x_wconf 82' lang='lat' dir='ltr'><strong>sunt,</strong></span> <span class='ocrx_word' id='word_1_466' title='bbox 3035 3487 3243 3556; x_wconf 87' lang='lat' dir='ltr'><strong>primas</strong></span> <span class='ocrx_word' id='word_1_467' title='bbox 3274 3485 3422 3543; x_wconf 79' lang='lat' dir='ltr'><strong>ferre</strong></span> <span class='ocrx_word' id='word_1_468' title='bbox 3449 3502 3544 3544; x_wconf 87' lang='lat' dir='ltr'><strong>so-</strong></span> 
     </span>
    </p>
   </div>
   <div class='ocr_carea' id='block_1_73' title="bbox 1962 3576 3545 3649">
    <p class='ocr_par' dir='ltr' id='par_1_73' title="bbox 1962 3576 3545 3649">
     <span class='ocr_line' id='line_1_73' title="bbox 1962 3576 3545 3649; baseline 0.004 -19"><span class='ocrx_word' id='word_1_469' title='bbox 1962 3576 2131 3641; x_wconf 86' lang='lat' dir='ltr'><strong>leant,</strong></span> <span class='ocrx_word' id='word_1_470' title='bbox 2195 3576 2290 3632; x_wconf 87' lang='lat' dir='ltr'><strong>sed</strong></span> <span class='ocrx_word' id='word_1_471' title='bbox 2339 3591 2370 3631; x_wconf 85' lang='lat' dir='ltr'><strong>a</strong></span> <span class='ocrx_word' id='word_1_472' title='bbox 2410 3590 2552 3647; x_wconf 84' lang='lat' dir='ltr'><strong>puro</strong></span> <span class='ocrx_word' id='word_1_473' title='bbox 2609 3576 2809 3634; x_wconf 81' lang='lat' dir='ltr'><strong>ali&#39;ectu</strong></span> <span class='ocrx_word' id='word_1_474' title='bbox 2866 3578 3038 3633; x_wconf 86' lang='lat' dir='ltr'><strong>animi</strong></span> <span class='ocrx_word' id='word_1_475' title='bbox 3097 3578 3545 3649; x_wconf 77' lang='lat' dir='ltr'><strong>proficiscentem</strong></span> 
     </span>
    </p>
   </div>
   <div class='ocr_carea' id='block_1_74' title="bbox 1960 3666 3546 3743">
    <p class='ocr_par' dir='ltr' id='par_1_74' title="bbox 1960 3666 3546 3743">
     <span class='ocr_line' id='line_1_74' title="bbox 1960 3666 3546 3743; baseline 0.003 -20"><span class='ocrx_word' id='word_1_476' title='bbox 1960 3666 2420 3726; x_wconf 82' lang='lat' dir='ltr'><strong>confessionem:</strong></span> <span class='ocrx_word' id='word_1_477' title='bbox 2461 3683 2584 3740; x_wconf 83' lang='lat' dir='ltr'><strong>quae</strong></span> <span class='ocrx_word' id='word_1_478' title='bbox 2618 3669 2840 3740; x_wconf 88' lang='lat' dir='ltr'><strong>quidem</strong></span> <span class='ocrx_word' id='word_1_479' title='bbox 2895 3671 2965 3725; x_wconf 89' lang='lat' dir='ltr'><strong>iis</strong></span> <span class='ocrx_word' id='word_1_480' title='bbox 2994 3671 3261 3727; x_wconf 81' lang='lat' dir='ltr'><strong>omnibus</strong></span> <span class='ocrx_word' id='word_1_481' title='bbox 3311 3673 3407 3743; x_wconf 90' lang='lat' dir='ltr'><strong>qui</strong></span> <span class='ocrx_word' id='word_1_482' title='bbox 3448 3689 3546 3728; x_wconf 84' lang='lat' dir='ltr'><strong>vo-</strong></span> 
     </span>
    </p>
   </div>
   <div class='ocr_carea' id='block_1_75' title="bbox 1960 3757 2921 3829">
    <p class='ocr_par' dir='ltr' id='par_1_75' title="bbox 1960 3757 2921 3829">
     <span class='ocr_line' id='line_1_75' title="bbox 1960 3757 2921 3829; baseline 0.002 -18"><span class='ocrx_word' id='word_1_483' title='bbox 1960 3757 2104 3825; x_wconf 88' lang='lat' dir='ltr'><strong>lunt,</strong></span> <span class='ocrx_word' id='word_1_484' title='bbox 2135 3770 2203 3813; x_wconf 83' lang='lat' dir='ltr'><strong>ex</strong></span> <span class='ocrx_word' id='word_1_485' title='bbox 2231 3771 2395 3828; x_wconf 67' lang='lat' dir='ltr'><strong>aequo</strong></span> <span class='ocrx_word' id='word_1_486' title='bbox 2418 3766 2622 3829; x_wconf 79' lang='lat' dir='ltr'><strong>praesto</strong></span> <span class='ocrx_word' id='word_1_487' title='bbox 2656 3766 2760 3816; x_wconf 85' lang='lat' dir='ltr'><strong>est.</strong></span> <span class='ocrx_word' id='word_1_488' title='bbox 2900 3814 2921 3827; x_wconf 42' lang='grc' dir='ltr'><strong><em>μ</em></strong></span> 
     </span>
    </p>
   </div>
   <div class='ocr_carea' id='block_1_76' title="bbox 2030 3846 3557 3923">
    <p class='ocr_par' dir='ltr' id='par_1_76' title="bbox 2030 3846 3557 3923">
     <span class='ocr_line' id='line_1_76' title="bbox 2030 3846 3557 3923; baseline 0.003 -18"><span class='ocrx_word' id='word_1_489' title='bbox 2030 3847 2092 3905; x_wconf 89' lang='lat' dir='ltr'><strong>S.</strong></span> <span class='ocrx_word' id='word_1_490' title='bbox 2121 3847 2279 3919; x_wconf 66' lang='grc' dir='ltr'><strong>(ἔνθα.</strong></span> <span class='ocrx_word' id='word_1_491' title='bbox 2315 3846 2586 3904; x_wconf 73' lang='lat' dir='ltr'><strong>Nazianz.</strong></span> <span class='ocrx_word' id='word_1_492' title='bbox 2619 3859 2760 3906; x_wconf 77' lang='lat' dir='ltr'><strong>orat.</strong></span> <span class='ocrx_word' id='word_1_493' title='bbox 2792 3850 3087 3907; x_wconf 74' lang='lat' dir='ltr'><strong>27.—Dei</strong></span> <span class='ocrx_word' id='word_1_494' title='bbox 3121 3852 3322 3923; x_wconf 57' lang='lat' dir='ltr'><strong>sapius</strong></span> <span class='ocrx_word' id='word_1_495' title='bbox 3355 3858 3557 3922; x_wconf 29' lang='lat' dir='ltr'><strong>menti:</strong></span> 
     </span>
    </p>
   </div>
   <div class='ocr_carea' id='block_1_77' title="bbox 1959 3940 3137 4014">
    <p class='ocr_par' dir='ltr' id='par_1_77' title="bbox 1959 3940 3137 4014">
     <span class='ocr_line' id='line_1_77' title="bbox 1959 3940 3137 4014; baseline 0.004 -20"><span class='ocrx_word' id='word_1_496' title='bbox 1959 3940 2114 3997; x_wconf 88' lang='lat' dir='ltr'><strong>uisse</strong></span> <span class='ocrx_word' id='word_1_497' title='bbox 2143 3946 2383 4010; x_wconf 86' lang='lat' dir='ltr'><strong>oportet,</strong></span> <span class='ocrx_word' id='word_1_498' title='bbox 2417 3957 2583 4013; x_wconf 90' lang='lat' dir='ltr'><strong>quam</strong></span> <span class='ocrx_word' id='word_1_499' title='bbox 2614 3943 2871 4014; x_wconf 88' lang='lat' dir='ltr'><strong>spiritum</strong></span> <span class='ocrx_word' id='word_1_500' title='bbox 2911 3945 3137 4002; x_wconf 83' lang='lat' dir='ltr'><strong>ducere.</strong></span> 
     </span>
    </p>
   </div>
   <div class='ocr_carea' id='block_1_78' title="bbox 2031 4026 3542 4105">
    <p class='ocr_par' dir='ltr' id='par_1_78' title="bbox 2031 4026 3542 4105">
     <span class='ocr_line' id='line_1_78' title="bbox 2031 4026 3542 4105; baseline 0.007 -21"><span class='ocrx_word' id='word_1_501' title='bbox 2031 4028 2092 4085; x_wconf 87' lang='lat' dir='ltr'><strong>S.</strong></span> <span class='ocrx_word' id='word_1_502' title='bbox 2135 4026 2413 4098; x_wconf 74' lang='lat' dir='ltr'><strong>Chrysost.</strong></span> <span class='ocrx_word' id='word_1_503' title='bbox 2447 4056 2514 4075; x_wconf 64' lang='grc' dir='ltr'>-ει</span> <span class='ocrx_word' id='word_1_504' title='bbox 2536 4027 2771 4088; x_wconf 75' lang='lat' dir='ltr'><strong>Pietatis</strong></span> <span class='ocrx_word' id='word_1_505' title='bbox 2810 4040 3206 4105; x_wconf 75' lang='lat' dir='ltr'><strong>argumentum</strong></span> <span class='ocrx_word' id='word_1_506' title='bbox 3254 4045 3365 4103; x_wconf 89' lang='lat' dir='ltr'><strong>est,</strong></span> <span class='ocrx_word' id='word_1_507' title='bbox 3398 4041 3542 4095; x_wconf 87' lang='lat' dir='ltr'><strong>assi-</strong></span> 
     </span>
    </p>
   </div>
   <div class='ocr_carea' id='block_1_79' title="bbox 1956 4119 3541 4198">
    <p class='ocr_par' dir='ltr' id='par_1_79' title="bbox 1956 4119 3541 4198">
     <span class='ocr_line' id='line_1_79' title="bbox 1956 4119 3541 4198; baseline 0.008 -23"><span class='ocrx_word' id='word_1_508' title='bbox 1956 4120 2124 4176; x_wconf 87' lang='lat' dir='ltr'><strong>duam</strong></span> <span class='ocrx_word' id='word_1_509' title='bbox 2165 4119 2480 4179; x_wconf 85' lang='lat' dir='ltr'><strong>divinarum</strong></span> <span class='ocrx_word' id='word_1_510' title='bbox 2516 4137 2711 4178; x_wconf 82' lang='lat' dir='ltr'><strong>rerum</strong></span> <span class='ocrx_word' id='word_1_511' title='bbox 2738 4140 2931 4182; x_wconf 87' lang='lat' dir='ltr'><strong>curam</strong></span> <span class='ocrx_word' id='word_1_512' title='bbox 2971 4141 3193 4198; x_wconf 87' lang='lat' dir='ltr'><strong>gerere,</strong></span> <span class='ocrx_word' id='word_1_513' title='bbox 3233 4137 3291 4183; x_wconf 87' lang='lat' dir='ltr'><strong>et.</strong></span> <span class='ocrx_word' id='word_1_514' title='bbox 3328 4131 3541 4189; x_wconf 87' lang='lat' dir='ltr'><strong>crebris</strong></span> 
     </span>
    </p>
   </div>
   <div class='ocr_carea' id='block_1_80' title="bbox 1954 4215 3387 4290">
    <p class='ocr_par' dir='ltr' id='par_1_80' title="bbox 1954 4215 3387 4290">
     <span class='ocr_line' id='line_1_80' title="bbox 1954 4215 3387 4290; baseline 0.002 -20"><span class='ocrx_word' id='word_1_515' title='bbox 1954 4215 2215 4285; x_wconf 77' lang='lat' dir='ltr'><strong>precibus</strong></span> <span class='ocrx_word' id='word_1_516' title='bbox 2234 4218 2404 4275; x_wconf 90' lang='lat' dir='ltr'><strong>Deum</strong></span> <span class='ocrx_word' id='word_1_517' title='bbox 2439 4217 2675 4290; x_wconf 79' lang='lat' dir='ltr'><strong>placare.</strong></span> <span class='ocrx_word' id='word_1_518' title='bbox 3376 4276 3387 4283; x_wconf 51' lang='lat'><strong>,</strong></span> 
     </span>
    </p>
   </div>
   <div class='ocr_carea' id='block_1_81' title="bbox 2025 4307 3537 4386">
    <p class='ocr_par' dir='ltr' id='par_1_81' title="bbox 2025 4307 3537 4386">
     <span class='ocr_line' id='line_1_81' title="bbox 2025 4307 3537 4386; baseline 0.009 -25"><span class='ocrx_word' id='word_1_519' title='bbox 2025 4307 2264 4380; x_wconf 72' lang='lat' dir='ltr'><strong>Evagrii.</strong></span> <span class='ocrx_word' id='word_1_520' title='bbox 2290 4339 2361 4349; x_wconf 90' lang='lat'>—</span> <span class='ocrx_word' id='word_1_521' title='bbox 2390 4308 2562 4365; x_wconf 87' lang='lat' dir='ltr'><strong>Deum</strong></span> <span class='ocrx_word' id='word_1_522' title='bbox 2601 4310 2854 4367; x_wconf 81' lang='lat' dir='ltr'><strong>honestis</strong></span> <span class='ocrx_word' id='word_1_523' title='bbox 2896 4313 3219 4372; x_wconf 86' lang='lat' dir='ltr'><strong>actionibus</strong></span> <span class='ocrx_word' id='word_1_524' title='bbox 3251 4333 3537 4386; x_wconf 78' lang='lat' dir='ltr'><strong>venerare,</strong></span> 
     </span>
    </p>
   </div>
   <div class='ocr_carea' id='block_1_82' title="bbox 1955 4397 2993 4470">
    <p class='ocr_par' dir='ltr' id='par_1_82' title="bbox 1955 4397 2993 4470">
     <span class='ocr_line' id='line_1_82' title="bbox 1955 4397 2993 4470; baseline 0.008 -21"><span class='ocrx_word' id='word_1_525' title='bbox 1955 4397 2140 4455; x_wconf 84' lang='lat' dir='ltr'><strong>verbis</strong></span> <span class='ocrx_word' id='word_1_526' title='bbox 2171 4398 2355 4465; x_wconf 89' lang='lat' dir='ltr'><strong>lauda,</strong></span> <span class='ocrx_word' id='word_1_527' title='bbox 2391 4399 2824 4470; x_wconf 82' lang='lat' dir='ltr'><strong>cogitationibus</strong></span> <span class='ocrx_word' id='word_1_528' title='bbox 2850 4402 2993 4459; x_wconf 90' lang='lat' dir='ltr'><strong>cole.</strong></span> 
     </span>
    </p>
   </div>
   <div class='ocr_carea' id='block_1_83' title="bbox 2028 4488 3537 4569">
    <p class='ocr_par' dir='ltr' id='par_1_83' title="bbox 2028 4488 3537 4569">
     <span class='ocr_line' id='line_1_83' title="bbox 2028 4488 3537 4569; baseline 0.008 -25"><span class='ocrx_word' id='word_1_529' title='bbox 2028 4488 2289 4545; x_wconf 78' lang='lat' dir='ltr'><strong>Philonis.</strong></span> <span class='ocrx_word' id='word_1_530' title='bbox 2338 4522 2407 4531; x_wconf 93' lang='lat'><strong>——</strong></span> <span class='ocrx_word' id='word_1_531' title='bbox 2448 4490 2622 4546; x_wconf 91' lang='lat' dir='ltr'><strong>Deum</strong></span> <span class='ocrx_word' id='word_1_532' title='bbox 2656 4506 2820 4547; x_wconf 91' lang='lat' dir='ltr'><strong>nemo</strong></span> <span class='ocrx_word' id='word_1_533' title='bbox 2847 4492 3017 4566; x_wconf 79' lang='lat' dir='ltr'><strong>digne</strong></span> <span class='ocrx_word' id='word_1_534' title='bbox 3038 4496 3213 4563; x_wconf 87' lang='lat' dir='ltr'><strong>‘colit,</strong></span> <span class='ocrx_word' id='word_1_535' title='bbox 3248 4499 3367 4555; x_wconf 85' lang='lat' dir='ltr'><strong>sed-</strong></span> <span class='ocrx_word' id='word_1_536' title='bbox 3384 4499 3537 4569; x_wconf 87' lang='lat' dir='ltr'><strong>juste</strong></span> 
     </span>
    </p>
   </div>
   <div class='ocr_carea' id='block_1_84' title="bbox 268 4548 1858 4660">
    <p class='ocr_par' dir='ltr' id='par_1_84' title="bbox 268 4548 1850 4634">
     <span class='ocr_line' id='line_1_84' title="bbox 268 4548 1850 4634; baseline 0.01 -35"><span class='ocrx_word' id='word_1_537' title='bbox 268 4564 382 4614; x_wconf 87' lang='grc' dir='ltr'>νον,</span> <span class='ocrx_word' id='word_1_538' title='bbox 415 4548 580 4603; x_wconf 85' lang='grc' dir='ltr'>ὁπότε</span> <span class='ocrx_word' id='word_1_539' title='bbox 604 4549 727 4623; x_wconf 56' lang='lat' dir='ltr'><strong>esse</strong></span> <span class='ocrx_word' id='word_1_540' title='bbox 757 4553 870 4616; x_wconf 77' lang='grc' dir='ltr'>τοῖς</span> <span class='ocrx_word' id='word_1_541' title='bbox 899 4553 1150 4621; x_wconf 82' lang='grc' dir='ltr'>γονεῦσιν</span> <span class='ocrx_word' id='word_1_542' title='bbox 1184 4558 1308 4621; x_wconf 79' lang='grc' dir='ltr'>ἴσας</span> <span class='ocrx_word' id='word_1_543' title='bbox 1357 4558 1655 4614; x_wconf 86' lang='grc' dir='ltr'>ἀποδοῦναι</span> <span class='ocrx_word' id='word_1_544' title='bbox 1695 4563 1850 4634; x_wconf 82' lang='grc' dir='ltr'>χάρι-</span> 
     </span>
    </p>
   </div>
   <div class='ocr_carea' id='block_1_85' title="bbox 1988 4548 3533 4660">
    <p class='ocr_par' dir='ltr' id='par_1_85' title="bbox 1997 4548 3533 4660">
     <span class='ocr_line' id='line_1_85' title="bbox 1997 4548 3533 4660; baseline 0.005 -23"><span class='ocrx_word' id='word_1_545' title='bbox 1997 4590 2227 4637; x_wconf 81' lang='lat' dir='ltr'><strong>untaxat</strong></span> <span class='ocrx_word' id='word_1_546' title='bbox 2262 4599 2277 4637; x_wconf 92' lang='lat'>:</span> <span class='ocrx_word' id='word_1_547' title='bbox 2317 4582 2769 4653; x_wconf 87' lang='lat' dir='ltr'><strong>quandoquidem</strong></span> <span class='ocrx_word' id='word_1_548' title='bbox 2814 4548 2938 4641; x_wconf 50' lang='lat' dir='ltr'><strong>necu</strong></span> <span class='ocrx_word' id='word_1_549' title='bbox 2955 4587 3281 4655; x_wconf 89' lang='lat' dir='ltr'><strong>parentibus</strong></span> <span class='ocrx_word' id='word_1_550' title='bbox 3310 4548 3533 4660; x_wconf 68' lang='lat' dir='ltr'><strong>quidem</strong></span> 
     </span>
    </p>
   </div>
   <div class='ocr_carea' id='block_1_86' title="bbox 268 4641 1852 4722">
    <p class='ocr_par' dir='ltr' id='par_1_86' title="bbox 268 4641 1852 4722">
     <span class='ocr_line' id='line_1_86' title="bbox 268 4641 1852 4722; baseline 0.011 -31"><span class='ocrx_word' id='word_1_551' title='bbox 268 4657 368 4705; x_wconf 88' lang='grc' dir='ltr'><strong>τας</strong></span> <span class='ocrx_word' id='word_1_552' title='bbox 408 4641 707 4712; x_wconf 79' lang='grc' dir='ltr'>ἐνδέχεται.</span> <span class='ocrx_word' id='word_1_553' title='bbox 766 4643 1177 4719; x_wconf 81' lang='grc' dir='ltr'>Ἀντιγεννῆσαι</span> <span class='ocrx_word' id='word_1_554' title='bbox 1216 4650 1325 4721; x_wconf 80' lang='grc' dir='ltr'>γὰρ</span> <span class='ocrx_word' id='word_1_555' title='bbox 1360 4653 1460 4722; x_wconf 85' lang='grc' dir='ltr'>οὐχ</span> <span class='ocrx_word' id='word_1_556' title='bbox 1494 4647 1606 4713; x_wconf 59' lang='grc' dir='ltr'>οἷόν</span> <span class='ocrx_word' id='word_1_557' title='bbox 1636 4672 1695 4708; x_wconf 83' lang='grc' dir='ltr'><strong>τε</strong></span> <span class='ocrx_word' id='word_1_558' title='bbox 1731 4656 1852 4709; x_wconf 60' lang='grc' dir='ltr'>τού-</span> 
     </span>
    </p>
   </div>
   <div class='ocr_carea' id='block_1_87' title="bbox 267 4749 416 4797">
    <p class='ocr_par' dir='ltr' id='par_1_87' title="bbox 267 4749 416 4797">
     <span class='ocr_line' id='line_1_87' title="bbox 267 4749 416 4797; baseline 0.027 -13"><span class='ocrx_word' id='word_1_559' title='bbox 267 4749 416 4797; x_wconf 87' lang='grc' dir='ltr'>τους.</span> 
     </span>
    </p>
   </div>
   <div class='ocr_carea' id='block_1_88' title="bbox 268 4844 1848 4929">
    <p class='ocr_par' dir='ltr' id='par_1_88' title="bbox 268 4844 1848 4929">
     <span class='ocr_line' id='line_1_88' title="bbox 268 4844 1848 4929; baseline 0.011 -30"><span class='ocrx_word' id='word_1_560' title='bbox 268 4844 455 4902; x_wconf 81' lang='grc' dir='ltr'><strong>ΤΙΤΛ.</strong></span> <span class='ocrx_word' id='word_1_561' title='bbox 497 4848 569 4903; x_wconf 83' lang='grc' dir='ltr'><strong>Δ¹.</strong></span> <span class='ocrx_word' id='word_1_562' title='bbox 611 4880 676 4894; x_wconf 76' lang='grc' dir='ltr'>-ι</span> <span class='ocrx_word' id='word_1_563' title='bbox 705 4852 848 4929; x_wconf 63' lang='lat' dir='ltr'><strong>napi</strong></span> <span class='ocrx_word' id='word_1_564' title='bbox 895 4854 1344 4929; x_wconf 68' lang='grc' dir='ltr'>δικαιολογίαςο</span> <span class='ocrx_word' id='word_1_565' title='bbox 1403 4863 1501 4916; x_wconf 71' lang='grc' dir='ltr'><strong>καὶ</strong></span> <span class='ocrx_word' id='word_1_566' title='bbox 1547 4864 1705 4929; x_wconf 76' lang='grc' dir='ltr'>τίνες</span> <span class='ocrx_word' id='word_1_567' title='bbox 1733 4861 1848 4915; x_wconf 81' lang='grc' dir='ltr'>ἐδι-</span> 
     </span>
    </p>
   </div>
   <div class='ocr_carea' id='block_1_89' title="bbox 551 4924 1568 4997">
    <p class='ocr_par' dir='ltr' id='par_1_89' title="bbox 551 4924 1568 4997">
     <span class='ocr_line' id='line_1_89' title="bbox 551 4924 1568 4997; baseline 0.013 -22"><span class='ocrx_word' id='word_1_568' title='bbox 551 4924 1040 4994; x_wconf 67' lang='grc' dir='ltr'>καιολογήθησαν</span> <span class='ocrx_word' id='word_1_569' title='bbox 1071 4924 1223 4997; x_wconf 77' lang='grc' dir='ltr'>πρός</span> <span class='ocrx_word' id='word_1_570' title='bbox 1262 4924 1370 4983; x_wconf 71' lang='grc' dir='ltr'>τὸν</span> <span class='ocrx_word' id='word_1_571' title='bbox 1400 4934 1568 4989; x_wconf 78' lang='grc' dir='ltr'>Θεόν.</span> 
     </span>
    </p>
   </div>
   <div class='ocr_carea' id='block_1_90' title="bbox 342 5011 1843 5099">
    <p class='ocr_par' dir='ltr' id='par_1_90' title="bbox 342 5011 1843 5099">
     <span class='ocr_line' id='line_1_90' title="bbox 342 5011 1843 5099; baseline 0.014 -38"><span class='ocrx_word' id='word_1_572' title='bbox 342 5030 360 5059; x_wconf 83' lang='grc' dir='ltr'><strong>ι</strong></span> <span class='ocrx_word' id='word_1_573' title='bbox 409 5011 524 5063; x_wconf 78' lang='grc' dir='ltr'><strong>Οὐκ</strong></span> <span class='ocrx_word' id='word_1_574' title='bbox 555 5014 636 5075; x_wconf 73' lang='grc' dir='ltr'><strong>εἰς</strong></span> <span class='ocrx_word' id='word_1_575' title='bbox 663 5013 754 5067; x_wconf 73' lang='grc' dir='ltr'>τὸν</span> <span class='ocrx_word' id='word_1_576' title='bbox 785 5015 959 5069; x_wconf 84' lang='grc' dir='ltr'>αἰῶνα</span> <span class='ocrx_word' id='word_1_577' title='bbox 993 5017 1252 5089; x_wconf 76' lang='grc' dir='ltr'>ζήσομαι,</span> <span class='ocrx_word' id='word_1_578' title='bbox 1291 5021 1375 5075; x_wconf 85' lang='grc' dir='ltr'>ἵνα</span> <span class='ocrx_word' id='word_1_579' title='bbox 1412 5025 1843 5099; x_wconf 84' lang='grc' dir='ltr'>μακροθυμήσω.</span> 
     </span>
    </p>
   </div>
   <div class='ocr_carea' id='block_1_91' title="bbox 280 5099 1846 5194">
    <p class='ocr_par' dir='ltr' id='par_1_91' title="bbox 280 5099 1846 5194">
     <span class='ocr_line' id='line_1_91' title="bbox 280 5099 1846 5194; baseline 0.014 -41"><span class='ocrx_word' id='word_1_580' title='bbox 280 5099 639 5194; x_wconf 21' lang='grc' dir='ltr'>ᾎπόσταᾲὰτέ</span> <span class='ocrx_word' id='word_1_581' title='bbox 679 5105 814 5175; x_wconf 87' lang='grc' dir='ltr'>ἐμοῦ</span> <span class='ocrx_word' id='word_1_582' title='bbox 842 5123 852 5135; x_wconf 89' lang='grc'>·</span> <span class='ocrx_word' id='word_1_583' title='bbox 887 5107 1045 5181; x_wconf 69' lang='grc' dir='ltr'>κενὸς</span> <span class='ocrx_word' id='word_1_584' title='bbox 1078 5109 1193 5180; x_wconf 83' lang='grc' dir='ltr'>γάρ</span> <span class='ocrx_word' id='word_1_585' title='bbox 1241 5129 1342 5183; x_wconf 85' lang='grc' dir='ltr'><strong>μου</strong></span> <span class='ocrx_word' id='word_1_586' title='bbox 1369 5115 1397 5167; x_wconf 84' lang='grc' dir='ltr'><strong>ὁ</strong></span> <span class='ocrx_word' id='word_1_587' title='bbox 1429 5114 1563 5185; x_wconf 83' lang='grc' dir='ltr'>βίος.</span> <span class='ocrx_word' id='word_1_588' title='bbox 1615 5117 1710 5183; x_wconf 88' lang='grc' dir='ltr'>Τίς</span> <span class='ocrx_word' id='word_1_589' title='bbox 1738 5122 1846 5194; x_wconf 87' lang='grc' dir='ltr'>γάρ</span> 
     </span>
    </p>
   </div>
   <div class='ocr_carea' id='block_1_92' title="bbox 268 5190 1847 5283">
    <p class='ocr_par' dir='ltr' id='par_1_92' title="bbox 268 5190 1847 5283">
     <span class='ocr_line' id='line_1_92' title="bbox 268 5190 1847 5283; baseline 0.016 -41"><span class='ocrx_word' id='word_1_590' title='bbox 268 5191 419 5283; x_wconf 83' lang='grc' dir='ltr'>ἐστιν</span> <span class='ocrx_word' id='word_1_591' title='bbox 445 5190 754 5266; x_wconf 78' lang='grc' dir='ltr'>ἄνθρωπος,</span> <span class='ocrx_word' id='word_1_592' title='bbox 786 5196 871 5251; x_wconf 79' lang='grc' dir='ltr'><strong>ὅτι</strong></span> <span class='ocrx_word' id='word_1_593' title='bbox 904 5200 1250 5269; x_wconf 79' lang='grc' dir='ltr'>ἐμεγάλυνας</span> <span class='ocrx_word' id='word_1_594' title='bbox 1282 5205 1465 5271; x_wconf 77' lang='grc' dir='ltr'>αὐτὸν,</span> <span class='ocrx_word' id='word_1_595' title='bbox 1497 5208 1530 5279; x_wconf 79' lang='grc' dir='ltr'>ἢ</span> <span class='ocrx_word' id='word_1_596' title='bbox 1558 5210 1643 5264; x_wconf 79' lang='grc' dir='ltr'>ὅτι</span> <span class='ocrx_word' id='word_1_597' title='bbox 1679 5190 1847 5283; x_wconf 27' lang='grc' dir='ltr'>προσ--</span> 
     </span>
    </p>
   </div>
   <div class='ocr_carea' id='block_1_93' title="bbox 266 5282 1846 5376">
    <p class='ocr_par' dir='ltr' id='par_1_93' title="bbox 266 5282 1846 5376">
     <span class='ocr_line' id='line_1_93' title="bbox 266 5282 1846 5376; baseline 0.015 -41"><span class='ocrx_word' id='word_1_598' title='bbox 266 5282 415 5355; x_wconf 77' lang='grc' dir='ltr'>ἐχεις</span> <span class='ocrx_word' id='word_1_599' title='bbox 456 5285 548 5340; x_wconf 81' lang='grc' dir='ltr'><strong>τὸν</strong></span> <span class='ocrx_word' id='word_1_600' title='bbox 580 5286 706 5343; x_wconf 84' lang='grc' dir='ltr'>νοῦν</span> <span class='ocrx_word' id='word_1_601' title='bbox 744 5289 827 5354; x_wconf 77' lang='grc' dir='ltr'>εἰς</span> <span class='ocrx_word' id='word_1_602' title='bbox 857 5291 1021 5347; x_wconf 72' lang='grc' dir='ltr'>αὐτόν</span> <span class='ocrx_word' id='word_1_603' title='bbox 1046 5310 1061 5359; x_wconf 85' lang='grc'>;</span> <span class='ocrx_word' id='word_1_604' title='bbox 1086 5292 1118 5363; x_wconf 81' lang='grc' dir='ltr'>ἢ</span> <span class='ocrx_word' id='word_1_605' title='bbox 1147 5295 1457 5368; x_wconf 75' lang='grc' dir='ltr'>ἐπισκοπὴν</span> <span class='ocrx_word' id='word_1_606' title='bbox 1490 5301 1661 5361; x_wconf 70' lang='grc' dir='ltr'>αὑτοῦ</span> <span class='ocrx_word' id='word_1_607' title='bbox 1690 5282 1846 5376; x_wconf 74' lang='grc' dir='ltr'>ποιή-</span> 
     </span>
    </p>
   </div>
   <div class='ocr_carea' id='block_1_94' title="bbox 266 5380 1842 5468">
    <p class='ocr_par' dir='ltr' id='par_1_94' title="bbox 266 5380 1842 5468">
     <span class='ocr_line' id='line_1_94' title="bbox 266 5380 1842 5468; baseline 0.013 -37"><span class='ocrx_word' id='word_1_608' title='bbox 266 5396 382 5444; x_wconf 85' lang='grc' dir='ltr'>σεις</span> <span class='ocrx_word' id='word_1_609' title='bbox 416 5380 521 5446; x_wconf 72' lang='grc' dir='ltr'>ἕως</span> <span class='ocrx_word' id='word_1_610' title='bbox 561 5382 727 5457; x_wconf 78' lang='grc' dir='ltr'>πρωῒ,</span> <span class='ocrx_word' id='word_1_611' title='bbox 775 5386 873 5439; x_wconf 76' lang='grc' dir='ltr'>καὶ</span> <span class='ocrx_word' id='word_1_612' title='bbox 925 5387 1005 5450; x_wconf 79' lang='grc' dir='ltr'><strong>είς</strong></span> <span class='ocrx_word' id='word_1_613' title='bbox 1043 5387 1353 5445; x_wconf 77' lang='grc' dir='ltr'>ἀνάπαυσιν</span> <span class='ocrx_word' id='word_1_614' title='bbox 1395 5393 1562 5448; x_wconf 80' lang='grc' dir='ltr'>αὐτὸν</span> <span class='ocrx_word' id='word_1_615' title='bbox 1609 5401 1842 5468; x_wconf 80' lang='grc' dir='ltr'>κρινεῖς;</span> 
     </span>
    </p>
   </div>
   <div class='ocr_carea' id='block_1_95' title="bbox 267 5471 1841 5556">
    <p class='ocr_par' dir='ltr' id='par_1_95' title="bbox 267 5471 1841 5556">
     <span class='ocr_line' id='line_1_95' title="bbox 267 5471 1841 5556; baseline 0.014 -31"><span class='ocrx_word' id='word_1_616' title='bbox 267 5471 414 5539; x_wconf 84' lang='grc' dir='ltr'>Ἕως</span> <span class='ocrx_word' id='word_1_617' title='bbox 444 5473 590 5540; x_wconf 81' lang='grc' dir='ltr'>τινος</span> <span class='ocrx_word' id='word_1_618' title='bbox 617 5476 719 5533; x_wconf 81' lang='grc' dir='ltr'><strong>οὐκ</strong></span> <span class='ocrx_word' id='word_1_619' title='bbox 739 5478 834 5549; x_wconf 70' lang='grc' dir='ltr'><strong>ἐᾷς</strong></span> <span class='ocrx_word' id='word_1_620' title='bbox 864 5496 954 5550; x_wconf 81' lang='grc' dir='ltr'><strong>με,</strong></span> <span class='ocrx_word' id='word_1_621' title='bbox 985 5480 1107 5539; x_wconf 76' lang='grc' dir='ltr'>οὐδὲ</span> <span class='ocrx_word' id='word_1_622' title='bbox 1139 5484 1305 5556; x_wconf 76' lang='grc' dir='ltr'>προΐῃ</span> <span class='ocrx_word' id='word_1_623' title='bbox 1332 5501 1421 5555; x_wconf 82' lang='grc' dir='ltr'><strong>με,</strong></span> <span class='ocrx_word' id='word_1_624' title='bbox 1454 5486 1561 5552; x_wconf 72' lang='grc' dir='ltr'><strong>ἕως</strong></span> <span class='ocrx_word' id='word_1_625' title='bbox 1582 5488 1649 5543; x_wconf 80' lang='grc' dir='ltr'>ἂν</span> <span class='ocrx_word' id='word_1_626' title='bbox 1672 5508 1841 5546; x_wconf 84' lang='grc' dir='ltr'>κατα-</span> 
     </span>
    </p>
   </div>
   <div class='ocr_carea' id='block_1_96' title="bbox 264 5565 1846 5652">
    <p class='ocr_par' dir='ltr' id='par_1_96' title="bbox 264 5565 1846 5652">
     <span class='ocr_line' id='line_1_96' title="bbox 264 5565 1846 5652; baseline 0.012 -32"><span class='ocrx_word' id='word_1_627' title='bbox 264 5565 377 5620; x_wconf 90' lang='grc' dir='ltr'><strong>πίω</strong></span> <span class='ocrx_word' id='word_1_628' title='bbox 402 5567 493 5620; x_wconf 79' lang='grc' dir='ltr'>τὸν</span> <span class='ocrx_word' id='word_1_629' title='bbox 516 5567 747 5623; x_wconf 65' lang='grc' dir='ltr'>πύελὸν</span> <span class='ocrx_word' id='word_1_630' title='bbox 780 5587 883 5639; x_wconf 89' lang='grc' dir='ltr'><strong>μου</strong></span> <span class='ocrx_word' id='word_1_631' title='bbox 918 5572 977 5624; x_wconf 88' lang='grc' dir='ltr'>ἐν</span> <span class='ocrx_word' id='word_1_632' title='bbox 1000 5572 1196 5646; x_wconf 85' lang='grc' dir='ltr'>ὀδύνῃ;</span> <span class='ocrx_word' id='word_1_633' title='bbox 1227 5576 1289 5631; x_wconf 77' lang='grc' dir='ltr'><strong>Εἰ</strong></span> <span class='ocrx_word' id='word_1_634' title='bbox 1332 5577 1444 5645; x_wconf 85' lang='grc' dir='ltr'>ἐγὼ</span> <span class='ocrx_word' id='word_1_635' title='bbox 1482 5580 1755 5652; x_wconf 80' lang='grc' dir='ltr'>ἥμαρτον,</span> <span class='ocrx_word' id='word_1_636' title='bbox 1791 5585 1846 5638; x_wconf 84' lang='grc' dir='ltr'><strong>τί</strong></span> 
     </span>
    </p>
   </div>
   <div class='ocr_carea' id='block_1_97' title="bbox 263 5656 1843 5737">
    <p class='ocr_par' dir='ltr' id='par_1_97' title="bbox 263 5656 1843 5737">
     <span class='ocr_line' id='line_1_97' title="bbox 263 5656 1843 5737; baseline 0.011 -26"><span class='ocrx_word' id='word_1_637' title='bbox 263 5656 567 5731; x_wconf 75' lang='grc' dir='ltr'>δυνήσομαι</span> <span class='ocrx_word' id='word_1_638' title='bbox 594 5660 823 5733; x_wconf 67' lang='grc' dir='ltr'>πρᾶξαι,</span> <span class='ocrx_word' id='word_1_639' title='bbox 861 5664 890 5715; x_wconf 81' lang='grc' dir='ltr'><strong><em>ὁ</em></strong></span> <span class='ocrx_word' id='word_1_640' title='bbox 912 5664 1283 5737; x_wconf 83' lang='grc' dir='ltr'>ἐπιστάμενος</span> <span class='ocrx_word' id='word_1_641' title='bbox 1332 5668 1424 5723; x_wconf 79' lang='grc' dir='ltr'><strong>τὸν</strong></span> <span class='ocrx_word' id='word_1_642' title='bbox 1463 5669 1591 5725; x_wconf 86' lang='grc' dir='ltr'>νοῦν</span> <span class='ocrx_word' id='word_1_643' title='bbox 1614 5674 1722 5727; x_wconf 86' lang='grc' dir='ltr'>τῶν</span> <span class='ocrx_word' id='word_1_644' title='bbox 1748 5676 1843 5729; x_wconf 60' lang='grc' dir='ltr'><strong>ἀνι</strong></span> 
     </span>
    </p>
   </div>
   <div class='ocr_carea' id='block_1_98' title="bbox 265 5748 1845 5836">
    <p class='ocr_par' dir='ltr' id='par_1_98' title="bbox 265 5748 1845 5836">
     <span class='ocr_line' id='line_1_98' title="bbox 265 5748 1845 5836; baseline 0.012 -33"><span class='ocrx_word' id='word_1_645' title='bbox 265 5748 541 5821; x_wconf 83' lang='grc' dir='ltr'>θρώπων;</span> <span class='ocrx_word' id='word_1_646' title='bbox 568 5752 667 5808; x_wconf 85' lang='grc' dir='ltr'><strong>Διὰ</strong></span> <span class='ocrx_word' id='word_1_647' title='bbox 700 5754 754 5808; x_wconf 81' lang='grc' dir='ltr'><strong>τί</strong></span> <span class='ocrx_word' id='word_1_648' title='bbox 790 5754 913 5808; x_wconf 79' lang='grc' dir='ltr'>ἔθου</span> <span class='ocrx_word' id='word_1_649' title='bbox 942 5774 1010 5826; x_wconf 75' lang='grc' dir='ltr'><strong>με</strong></span> <span class='ocrx_word' id='word_1_650' title='bbox 1045 5758 1451 5832; x_wconf 83' lang='grc' dir='ltr'>κατεντεύκτην</span> <span class='ocrx_word' id='word_1_651' title='bbox 1487 5780 1603 5827; x_wconf 88' lang='grc' dir='ltr'>σου,</span> <span class='ocrx_word' id='word_1_652' title='bbox 1642 5767 1761 5836; x_wconf 75' lang='grc' dir='ltr'>εἰμὶ</span> <span class='ocrx_word' id='word_1_653' title='bbox 1787 5770 1845 5822; x_wconf 85' lang='grc' dir='ltr'>δὲ</span> 
     </span>
    </p>
   </div>
   <div class='ocr_carea' id='block_1_99' title="bbox 265 5841 1853 5928">
    <p class='ocr_par' dir='ltr' id='par_1_99' title="bbox 265 5841 1853 5928">
     <span class='ocr_line' id='line_1_99' title="bbox 265 5841 1853 5928; baseline 0.011 -34"><span class='ocrx_word' id='word_1_654' title='bbox 265 5841 359 5928; x_wconf 59' lang='lat' dir='ltr'><strong>tu}</strong></span> <span class='ocrx_word' id='word_1_655' title='bbox 399 5843 484 5896; x_wconf 74' lang='lat' dir='ltr'><strong>col.</strong></span> <span class='ocrx_word' id='word_1_656' title='bbox 517 5844 770 5916; x_wconf 77' lang='grc' dir='ltr'>φορτίον;</span> <span class='ocrx_word' id='word_1_657' title='bbox 819 5847 913 5901; x_wconf 75' lang='grc' dir='ltr'>καὶ</span> <span class='ocrx_word' id='word_1_658' title='bbox 943 5847 1113 5914; x_wconf 63' lang='grc' dir='ltr'>διὰτί</span> <span class='ocrx_word' id='word_1_659' title='bbox 1170 5850 1270 5906; x_wconf 80' lang='grc' dir='ltr'><strong>οὐκ</strong></span> <span class='ocrx_word' id='word_1_660' title='bbox 1304 5852 1547 5925; x_wconf 83' lang='grc' dir='ltr'>ἐποιήσω</span> <span class='ocrx_word' id='word_1_661' title='bbox 1584 5855 1687 5927; x_wconf 78' lang='grc' dir='ltr'><strong>τῆς</strong></span> <span class='ocrx_word' id='word_1_662' title='bbox 1718 5859 1853 5912; x_wconf 40' lang='grc' dir='ltr'>ἀνθ-ν</span> 
     </span>
    </p>
   </div>
   <div class='ocr_carea' id='block_1_100' title="bbox 1954 4673 3532 4747">
    <p class='ocr_par' dir='ltr' id='par_1_100' title="bbox 1954 4673 3532 4747">
     <span class='ocr_line' id='line_1_100' title="bbox 1954 4673 3532 4747; baseline 0.003 -18"><span class='ocrx_word' id='word_1_663' title='bbox 1954 4674 2136 4747; x_wconf 64' lang='lat' dir='ltr'><strong>digna!</strong></span> <span class='ocrx_word' id='word_1_664' title='bbox 2162 4676 2302 4732; x_wconf 85' lang='lat' dir='ltr'><strong>satis</strong></span> <span class='ocrx_word' id='word_1_665' title='bbox 2344 4673 2542 4730; x_wconf 81' lang='lat' dir='ltr'><strong>referri</strong></span> <span class='ocrx_word' id='word_1_666' title='bbox 2571 4682 2754 4747; x_wconf 79' lang='lat' dir='ltr'><strong>grates</strong></span> <span class='ocrx_word' id='word_1_667' title='bbox 2799 4686 3054 4747; x_wconf 82' lang='lat' dir='ltr'><strong>possunt.</strong></span> <span class='ocrx_word' id='word_1_668' title='bbox 3098 4677 3209 4734; x_wconf 87' lang='lat' dir='ltr'><strong>Nec</strong></span> <span class='ocrx_word' id='word_1_669' title='bbox 3240 4681 3385 4736; x_wconf 89' lang='lat' dir='ltr'><strong>enim</strong></span> <span class='ocrx_word' id='word_1_670' title='bbox 3415 4679 3532 4736; x_wconf 77' lang='lat' dir='ltr'><strong>ﬁeri</strong></span> 
     </span>
    </p>
   </div>
   <div class='ocr_carea' id='block_1_101' title="bbox 1953 4767 3177 4841">
    <p class='ocr_par' dir='ltr' id='par_1_101' title="bbox 1953 4767 3177 4841">
     <span class='ocr_line' id='line_1_101' title="bbox 1953 4767 3177 4841; baseline 0 -18"><span class='ocrx_word' id='word_1_671' title='bbox 1953 4774 2156 4837; x_wconf 90' lang='lat' dir='ltr'><strong>potest,</strong></span> <span class='ocrx_word' id='word_1_672' title='bbox 2193 4775 2254 4822; x_wconf 91' lang='lat' dir='ltr'><strong>ut</strong></span> <span class='ocrx_word' id='word_1_673' title='bbox 2289 4767 2394 4823; x_wconf 88' lang='lat' dir='ltr'><strong>bos</strong></span> <span class='ocrx_word' id='word_1_674' title='bbox 2425 4767 2678 4823; x_wconf 90' lang='lat' dir='ltr'><strong>vicissim</strong></span> <span class='ocrx_word' id='word_1_675' title='bbox 2722 4784 3177 4841; x_wconf 87' lang='lat' dir='ltr'><strong>progeneremus.</strong></span> 
     </span>
    </p>
   </div>
   <div class='ocr_carea' id='block_1_102' title="bbox 1951 4872 3535 4951">
    <p class='ocr_par' dir='ltr' id='par_1_102' title="bbox 1951 4872 3535 4951">
     <span class='ocr_line' id='line_1_102' title="bbox 1951 4872 3535 4951; baseline 0.003 -23"><span class='ocrx_word' id='word_1_676' title='bbox 1951 4872 2092 4931; x_wconf 81' lang='lat' dir='ltr'><strong>Tl&#39;l&#39;.</strong></span> <span class='ocrx_word' id='word_1_677' title='bbox 2126 4873 2216 4930; x_wconf 77' lang='lat' dir='ltr'><strong>IV.</strong></span> <span class='ocrx_word' id='word_1_678' title='bbox 2258 4905 2328 4917; x_wconf 90' lang='lat'><strong>——</strong></span> <span class='ocrx_word' id='word_1_679' title='bbox 2359 4874 2445 4951; x_wconf 68' lang='lat' dir='ltr'><strong>De</strong></span> <span class='ocrx_word' id='word_1_680' title='bbox 2475 4879 2899 4951; x_wconf 65' lang='lat' dir='ltr'><strong>expostulatione</strong></span> <span class='ocrx_word' id='word_1_681' title='bbox 2932 4891 3032 4951; x_wconf 10' lang='lat' dir='ltr'><strong>:ret</strong></span> <span class='ocrx_word' id='word_1_682' title='bbox 3086 4881 3305 4951; x_wconf 81' lang='lat' dir='ltr'><strong>quinam</strong></span> <span class='ocrx_word' id='word_1_683' title='bbox 3358 4880 3398 4932; x_wconf 79' lang='lat' dir='ltr'><strong>ii</strong></span> <span class='ocrx_word' id='word_1_684' title='bbox 3427 4884 3535 4939; x_wconf 75' lang='lat' dir='ltr'><strong>sint</strong></span> 
     </span>
    </p>
   </div>
   <div class='ocr_carea' id='block_1_103' title="bbox 2327 4947 3159 5019">
    <p class='ocr_par' dir='ltr' id='par_1_103' title="bbox 2327 4947 3159 5019">
     <span class='ocr_line' id='line_1_103' title="bbox 2327 4947 3159 5019; baseline 0.008 -21"><span class='ocrx_word' id='word_1_685' title='bbox 2327 4947 2420 5015; x_wconf 71' lang='lat' dir='ltr'><strong>qui</strong></span> <span class='ocrx_word' id='word_1_686' title='bbox 2449 4963 2567 5011; x_wconf 79' lang='lat' dir='ltr'><strong>cum</strong></span> <span class='ocrx_word' id='word_1_687' title='bbox 2602 4947 2708 5003; x_wconf 82' lang='lat' dir='ltr'><strong>Deo</strong></span> <span class='ocrx_word' id='word_1_688' title='bbox 2731 4947 3159 5019; x_wconf 62' lang='lat' dir='ltr'><strong>expostulantur.</strong></span> 
     </span>
    </p>
   </div>
   <div class='ocr_carea' id='block_1_104' title="bbox 2021 5034 3533 5110">
    <p class='ocr_par' dir='ltr' id='par_1_104' title="bbox 2021 5034 3533 5110">
     <span class='ocr_line' id='line_1_104' title="bbox 2021 5034 3533 5110; baseline 0.005 -18"><span class='ocrx_word' id='word_1_689' title='bbox 2021 5037 2122 5093; x_wconf 85' lang='lat' dir='ltr'><strong>Job</strong></span> <span class='ocrx_word' id='word_1_690' title='bbox 2162 5052 2260 5102; x_wconf 87' lang='lat' dir='ltr'><strong>vn,</strong></span> <span class='ocrx_word' id='word_1_691' title='bbox 2321 5034 2389 5089; x_wconf 82' lang='grc'><strong>16</strong></span> <span class='ocrx_word' id='word_1_692' title='bbox 2425 5053 2568 5108; x_wconf 85' lang='lat' dir='ltr'><strong>seqq.</strong></span> <span class='ocrx_word' id='word_1_693' title='bbox 2596 5069 2665 5087; x_wconf 62' lang='grc' dir='ltr'><strong>-ε-</strong></span> <span class='ocrx_word' id='word_1_694' title='bbox 2696 5059 2715 5091; x_wconf 82' lang='grc' dir='ltr'><strong>ι</strong></span> <span class='ocrx_word' id='word_1_695' title='bbox 2748 5039 2867 5096; x_wconf 81' lang='lat' dir='ltr'><strong>Non</strong></span> <span class='ocrx_word' id='word_1_696' title='bbox 2905 5043 2962 5096; x_wconf 90' lang='lat' dir='ltr'><strong>in</strong></span> <span class='ocrx_word' id='word_1_697' title='bbox 3015 5044 3279 5101; x_wconf 80' lang='lat' dir='ltr'><strong>saeculum</strong></span> <span class='ocrx_word' id='word_1_698' title='bbox 3327 5044 3533 5110; x_wconf 79' lang='lat' dir='ltr'><strong>vivam,</strong></span> 
     </span>
    </p>
   </div>
   <div class='ocr_carea' id='block_1_105' title="bbox 1950 5132 3534 5202">
    <p class='ocr_par' dir='ltr' id='par_1_105' title="bbox 1950 5132 3534 5202">
     <span class='ocr_line' id='line_1_105' title="bbox 1950 5132 3534 5202; baseline 0.004 -16"><span class='ocrx_word' id='word_1_699' title='bbox 1950 5139 2011 5186; x_wconf 91' lang='lat' dir='ltr'><strong>ut</strong></span> <span class='ocrx_word' id='word_1_700' title='bbox 2041 5132 2259 5202; x_wconf 86' lang='lat' dir='ltr'><strong>patiens</strong></span> <span class='ocrx_word' id='word_1_701' title='bbox 2302 5133 2429 5188; x_wconf 88' lang='lat' dir='ltr'><strong>sim.</strong></span> <span class='ocrx_word' id='word_1_702' title='bbox 2484 5132 2707 5191; x_wconf 78' lang='lat' dir='ltr'><strong>Recede</strong></span> <span class='ocrx_word' id='word_1_703' title='bbox 2755 5150 2785 5189; x_wconf 84' lang='lat' dir='ltr'><strong>a</strong></span> <span class='ocrx_word' id='word_1_704' title='bbox 2822 5150 2910 5192; x_wconf 81' lang='lat' dir='ltr'><strong>me</strong></span> <span class='ocrx_word' id='word_1_705' title='bbox 2945 5153 2961 5191; x_wconf 90' lang='lat'><strong>:</strong></span> <span class='ocrx_word' id='word_1_706' title='bbox 2997 5136 3180 5197; x_wconf 84' lang='lat' dir='ltr'><strong>inanis</strong></span> <span class='ocrx_word' id='word_1_707' title='bbox 3232 5138 3378 5193; x_wconf 88' lang='lat' dir='ltr'><strong>enim</strong></span> <span class='ocrx_word' id='word_1_708' title='bbox 3418 5139 3534 5193; x_wconf 81' lang='lat' dir='ltr'><strong>vita</strong></span> 
     </span>
    </p>
   </div>
   <div class='ocr_carea' id='block_1_106' title="bbox 1949 5213 3532 5300">
    <p class='ocr_par' dir='ltr' id='par_1_106' title="bbox 1949 5213 3532 5300">
     <span class='ocr_line' id='line_1_106' title="bbox 1949 5213 3532 5300; baseline 0.003 -22"><span class='ocrx_word' id='word_1_709' title='bbox 1949 5225 2254 5293; x_wconf 84' lang='lat' dir='ltr'><strong>mea.Quld</strong></span> <span class='ocrx_word' id='word_1_710' title='bbox 2286 5224 2435 5280; x_wconf 84' lang='lat' dir='ltr'><strong>enim</strong></span> <span class='ocrx_word' id='word_1_711' title='bbox 2459 5234 2544 5283; x_wconf 85' lang='lat' dir='ltr'><strong>est</strong></span> <span class='ocrx_word' id='word_1_712' title='bbox 2575 5213 2933 5297; x_wconf 53' lang='lat' dir='ltr'><strong>ltomo,&#39;quia</strong></span> <span class='ocrx_word' id='word_1_713' title='bbox 2980 5228 3348 5300; x_wconf 73' lang='lat' dir='ltr'><strong>magnificain</strong></span> <span class='ocrx_word' id='word_1_714' title='bbox 3383 5245 3532 5294; x_wconf 86' lang='lat' dir='ltr'><strong>eum,</strong></span> 
     </span>
    </p>
   </div>
   <div class='ocr_carea' id='block_1_107' title="bbox 1950 5318 3533 5392">
    <p class='ocr_par' dir='ltr' id='par_1_107' title="bbox 1950 5318 3533 5392">
     <span class='ocr_line' id='line_1_107' title="bbox 1950 5318 3533 5392; baseline 0.004 -21"><span class='ocrx_word' id='word_1_715' title='bbox 1950 5325 2044 5372; x_wconf 89' lang='lat' dir='ltr'><strong>aut</strong></span> <span class='ocrx_word' id='word_1_716' title='bbox 2074 5319 2205 5388; x_wconf 86' lang='lat' dir='ltr'><strong>quia</strong></span> <span class='ocrx_word' id='word_1_717' title='bbox 2244 5321 2479 5391; x_wconf 83' lang='lat' dir='ltr'><strong>apponis</strong></span> <span class='ocrx_word' id='word_1_718' title='bbox 2504 5318 2745 5375; x_wconf 79' lang='lat' dir='ltr'><strong>mentem</strong></span> <span class='ocrx_word' id='word_1_719' title='bbox 2778 5319 2846 5376; x_wconf 82' lang='lat' dir='ltr'><strong>ad</strong></span> <span class='ocrx_word' id='word_1_720' title='bbox 2879 5320 3044 5385; x_wconf 75' lang='lat' dir='ltr'><strong>eum?</strong></span> <span class='ocrx_word' id='word_1_721' title='bbox 3068 5331 3163 5377; x_wconf 86' lang='lat' dir='ltr'><strong>aut</strong></span> <span class='ocrx_word' id='word_1_722' title='bbox 3197 5322 3533 5392; x_wconf 87' lang='lat' dir='ltr'><strong>speculatio-</strong></span> 
     </span>
    </p>
   </div>
   <div class='ocr_carea' id='block_1_108' title="bbox 1950 5410 3529 5484">
    <p class='ocr_par' dir='ltr' id='par_1_108' title="bbox 1950 5410 3529 5484">
     <span class='ocr_line' id='line_1_108' title="bbox 1950 5410 3529 5484; baseline 0.004 -22"><span class='ocrx_word' id='word_1_723' title='bbox 1950 5424 2074 5463; x_wconf 90' lang='lat' dir='ltr'><strong>nem</strong></span> <span class='ocrx_word' id='word_1_724' title='bbox 2105 5410 2226 5482; x_wconf 89' lang='lat' dir='ltr'><strong>ejus</strong></span> <span class='ocrx_word' id='word_1_725' title='bbox 2274 5410 2444 5469; x_wconf 81' lang='lat' dir='ltr'><strong>facies</strong></span> <span class='ocrx_word' id='word_1_726' title='bbox 2493 5425 2672 5483; x_wconf 88' lang='lat' dir='ltr'><strong>usque</strong></span> <span class='ocrx_word' id='word_1_727' title='bbox 2698 5426 2883 5476; x_wconf 89' lang='lat' dir='ltr'><strong>mane,</strong></span> <span class='ocrx_word' id='word_1_728' title='bbox 2923 5419 2979 5469; x_wconf 88' lang='lat' dir='ltr'><strong>et</strong></span> <span class='ocrx_word' id='word_1_729' title='bbox 3017 5412 3076 5467; x_wconf 89' lang='lat' dir='ltr'><strong>in</strong></span> <span class='ocrx_word' id='word_1_730' title='bbox 3110 5414 3356 5484; x_wconf 87' lang='lat' dir='ltr'><strong>requiem</strong></span> <span class='ocrx_word' id='word_1_731' title='bbox 3400 5429 3529 5470; x_wconf 90' lang='lat' dir='ltr'><strong>cum</strong></span> 
     </span>
    </p>
   </div>
   <div class='ocr_carea' id='block_1_109' title="bbox 1943 5498 3533 5574">
    <p class='ocr_par' dir='ltr' id='par_1_109' title="bbox 1943 5498 3533 5574">
     <span class='ocr_line' id='line_1_109' title="bbox 1943 5498 3533 5574; baseline 0.003 -21"><span class='ocrx_word' id='word_1_732' title='bbox 1943 5498 2259 5569; x_wconf 75' lang='lat' dir='ltr'><strong>iudicabis?</strong></span> <span class='ocrx_word' id='word_1_733' title='bbox 2291 5499 2597 5574; x_wconf 83' lang='lat' dir='ltr'><strong>Usquequo</strong></span> <span class='ocrx_word' id='word_1_734' title='bbox 2612 5516 2722 5560; x_wconf 84' lang='lat' dir='ltr'><strong>non</strong></span> <span class='ocrx_word' id='word_1_735' title='bbox 2750 5502 2892 5559; x_wconf 80' lang='lat' dir='ltr'><strong>sinis</strong></span> <span class='ocrx_word' id='word_1_736' title='bbox 2924 5518 3034 5570; x_wconf 86' lang='lat' dir='ltr'><strong>me,</strong></span> <span class='ocrx_word' id='word_1_737' title='bbox 3060 5519 3240 5574; x_wconf 86' lang='lat' dir='ltr'><strong>neque</strong></span> <span class='ocrx_word' id='word_1_738' title='bbox 3256 5504 3533 5561; x_wconf 74' lang='lat' dir='ltr'><strong>dimittis!</strong></span> 
     </span>
    </p>
   </div>
   <div class='ocr_carea' id='block_1_110' title="bbox 1949 5593 3527 5665">
    <p class='ocr_par' dir='ltr' id='par_1_110' title="bbox 1949 5593 3527 5665">
     <span class='ocr_line' id='line_1_110' title="bbox 1949 5593 3527 5665; baseline 0.004 -22"><span class='ocrx_word' id='word_1_739' title='bbox 1949 5605 2239 5663; x_wconf 82' lang='lat' dir='ltr'><strong>usquequo</strong></span> <span class='ocrx_word' id='word_1_740' title='bbox 2272 5593 2575 5665; x_wconf 89' lang='lat' dir='ltr'><strong>deglutiam</strong></span> <span class='ocrx_word' id='word_1_741' title='bbox 2607 5594 2840 5650; x_wconf 88' lang='lat' dir='ltr'><strong>salivam</strong></span> <span class='ocrx_word' id='word_1_742' title='bbox 2885 5610 3063 5652; x_wconf 86' lang='lat' dir='ltr'><strong>meam</strong></span> <span class='ocrx_word' id='word_1_743' title='bbox 3100 5596 3155 5650; x_wconf 93' lang='lat' dir='ltr'><strong>in</strong></span> <span class='ocrx_word' id='word_1_744' title='bbox 3186 5596 3417 5652; x_wconf 71' lang='lat' dir='ltr'><strong>dolore?</strong></span> <span class='ocrx_word' id='word_1_745' title='bbox 3469 5594 3527 5651; x_wconf 84' lang='lat' dir='ltr'><strong>Si</strong></span> 
     </span>
    </p>
   </div>
   <div class='ocr_carea' id='block_1_111' title="bbox 1947 5684 3528 5760">
    <p class='ocr_par' dir='ltr' id='par_1_111' title="bbox 1947 5684 3528 5760">
     <span class='ocr_line' id='line_1_111' title="bbox 1947 5684 3528 5760; baseline 0.002 -22"><span class='ocrx_word' id='word_1_746' title='bbox 1947 5698 2050 5755; x_wconf 80' lang='lat' dir='ltr'><strong>ego</strong></span> <span class='ocrx_word' id='word_1_747' title='bbox 2080 5684 2329 5755; x_wconf 82' lang='lat' dir='ltr'><strong>peccavi,</strong></span> <span class='ocrx_word' id='word_1_748' title='bbox 2379 5685 2513 5756; x_wconf 88' lang='lat' dir='ltr'><strong>quid</strong></span> <span class='ocrx_word' id='word_1_749' title='bbox 2565 5692 2797 5758; x_wconf 69' lang='lat' dir='ltr'><strong>pessum</strong></span> <span class='ocrx_word' id='word_1_750' title='bbox 2842 5687 2944 5744; x_wconf 87' lang='lat' dir='ltr'><strong>tibi</strong></span> <span class='ocrx_word' id='word_1_751' title='bbox 2986 5686 3213 5756; x_wconf 73' lang='lat' dir='ltr'><strong>facere,</strong></span> <span class='ocrx_word' id='word_1_752' title='bbox 3260 5690 3353 5760; x_wconf 90' lang='lat' dir='ltr'><strong>qui</strong></span> <span class='ocrx_word' id='word_1_753' title='bbox 3416 5688 3528 5743; x_wconf 87' lang='lat' dir='ltr'><strong>scis</strong></span> 
     </span>
    </p>
   </div>
   <div class='ocr_carea' id='block_1_112' title="bbox 1947 5773 3524 5848">
    <p class='ocr_par' dir='ltr' id='par_1_112' title="bbox 1947 5773 3524 5848">
     <span class='ocr_line' id='line_1_112' title="bbox 1947 5773 3524 5848; baseline -0.003 -20"><span class='ocrx_word' id='word_1_754' title='bbox 1947 5784 2187 5832; x_wconf 84' lang='lat' dir='ltr'><strong>mentem</strong></span> <span class='ocrx_word' id='word_1_755' title='bbox 2219 5775 2748 5845; x_wconf 71' lang='lat' dir='ltr'><strong>hominumiouare</strong></span> <span class='ocrx_word' id='word_1_756' title='bbox 2782 5776 3017 5848; x_wconf 81' lang='lat' dir='ltr'><strong>posuisti</strong></span> <span class='ocrx_word' id='word_1_757' title='bbox 3050 5792 3137 5832; x_wconf 87' lang='lat' dir='ltr'><strong>me</strong></span> <span class='ocrx_word' id='word_1_758' title='bbox 3177 5773 3524 5834; x_wconf 84' lang='lat' dir='ltr'><strong>contrarium</strong></span> 
     </span>
    </p>
   </div>
   <div class='ocr_carea' id='block_1_113' title="bbox 1947 5862 3523 5939">
    <p class='ocr_par' dir='ltr' id='par_1_113' title="bbox 1947 5862 3523 5939">
     <span class='ocr_line' id='line_1_113' title="bbox 1947 5862 3523 5939; baseline -0.001 -23"><span class='ocrx_word' id='word_1_759' title='bbox 1947 5871 2124 5935; x_wconf 82' lang='lat' dir='ltr'><strong>tuum,</strong></span> <span class='ocrx_word' id='word_1_760' title='bbox 2179 5881 2300 5923; x_wconf 90' lang='lat' dir='ltr'><strong>sum</strong></span> <span class='ocrx_word' id='word_1_761' title='bbox 2348 5876 2534 5925; x_wconf 87' lang='lat' dir='ltr'><strong>autem</strong></span> <span class='ocrx_word' id='word_1_762' title='bbox 2572 5867 2674 5923; x_wconf 90' lang='lat' dir='ltr'><strong>tibi</strong></span> <span class='ocrx_word' id='word_1_763' title='bbox 2705 5868 2893 5926; x_wconf 80' lang='lat' dir='ltr'><strong>onus?</strong></span> <span class='ocrx_word' id='word_1_764' title='bbox 2938 5875 2992 5924; x_wconf 89' lang='lat' dir='ltr'><strong>et</strong></span> <span class='ocrx_word' id='word_1_765' title='bbox 3033 5882 3133 5924; x_wconf 89' lang='lat' dir='ltr'><strong>cur</strong></span> <span class='ocrx_word' id='word_1_766' title='bbox 3188 5882 3299 5925; x_wconf 82' lang='lat' dir='ltr'><strong>non</strong></span> <span class='ocrx_word' id='word_1_767' title='bbox 3330 5862 3523 5939; x_wconf 64' lang='grc' dir='ltr'><strong>[θείειί</strong></span> 
     </span>
    </p>
   </div>
  </div>
