3960 6384
510 342 648 405 1355
1685 347 1743 404 s.
1784 344 2105 406 JOANNIS
2144 349 2573 409 DAMASCENI
3620 358 3739 423 1355

580 456 728 518 Psat.
765 470 874 522 xm,
914 455 968 510 2.
992 485 1063 496 —
1096 476 1112 507 ι
1151 455 1359 511 Bonum
1410 468 1491 513 est
1529 460 1777 515 confiteri
1830 460 2077 528 Domino,
2111 470 2144 524 Α

2260 484 2278 516 ι
2321 465 2563 535 Ἆγαοδν
2586 466 2645 518 τὸ
2677 442 3124 536 ἐξομολογεῖσθαι
3152 469 3228 539 τῷ
3262 471 3468 543 Κυρίῳ,
3493 477 3585 530 καὶ
3609 474 3736 548 ῴάλ.

504 559 562 607 et
585 550 820 623 psallere
849 549 1053 605 nomini
1084 556 1205 613 tuo,
1239 570 1257 603 3
1295 559 1402 606 etc.

1301 559 1402 606 etc.
2180 559 2296 608 λειν
2322 556 2401 628 τῷ
2423 557 2649 628 ὀνόματί
2685 574 2800 611 σου.
2849 578 2865 610 3

577 643 730 699 Psal.
763 657 908 708 χειν,
943 640 994 696 Ι.
1023 660 1107 682 —-~
1129 659 1146 691 ι
1185 639 1398 706 Venite,
1448 645 1793 700 exsultemus
1825 644 2074 709 Domino.

2260 664 2278 696 ι
2312 642 2533 714 Δεῦτε,’
2560 646 3023 718 ἀγαλλιασὼμεθα
3047 649 3127 722 τῷ
3155 652 3366 726 Κυρίῳ,
3394 654 3738 732 ἀλαλάξῳμεν

502 736 797 805 jubilemus
826 734 959 798 Deo,
998 751 1016 785 3
1060 742 1171 788 etc.

898 747 959 798 ιο,
998 751 1016 785 3
1060 742 1171 788 etc.
2179 737 2257 809 τῷ
2282 736 2421 807 Θεῷ.
2444 757 2462 789 3

576 825 725 881 Psat.
771 840 896 891 xcv,
945 824 1062 880 2-7.
1097 843 1211 877 -ι
1248 824 1479 880 (laniate
1531 824 1763 880 Domino
1800 826 2075 881 canticum

2257 847 2276 879 ι
2311 828 2515 899 ’ᾼσατε
2550 828 2627 899 τῷ
2661 830 2853 900 Κυρίῳ
2882 826 3038 903 ᾆσμα
3064 836 3269 891 καινόν.
3305 838 3505 906 Ι’ᾼσατε
3529 841 3605 913 τῷ
3632 844 3736 898 Κυ-

503 935 702 976 novum
733 937 748 974 :
780 926 1002 974 cantate
1030 918 1285 983 Domino,
1327 918 1507 975 omnis
1541 925 1710 974 terra.
1737 917 1940 973 Alferte
1968 916 2067 972 Do«

2185 919 2309 992 ρίῳ,
2352 922 2505 975 πᾶσα
2549 924 2581 992 ὴ
2616 923 2711 994 γῆ.
2761 924 3053 993 Ἐνέγκατε
3078 927 3157 998 τῷ
3183 930 3395 1001 Κυρίῳ,
3427 934 3483 985 αί
3518 936 3737 1007 πατρίαι

501 1010 673 1077 mino,
714 1008 909 1079 patriae
939 1010 1212 1079 gentium,
1262 1009 1453 1069 ali‘erte
1485 1007 1720 1065 Domino
1752 1010 1984 1081 gloriam
2024 1017 2065 1064 el

502 1100 786 1155 honorem.
824 1116 842 1151 3

2178 1011 2288 1066 τῶν
2319 1011 2515 1081 ἐθνῶν,
2544 1014 2806 1082 ἐνέγκατε
2842 1017 2918 1088 τῷ
2953 1019 3146 1091 Κυρίῳ
3185 1020 3342 1090 δόξαν
3366 1027 3461 1079 καὶ
3489 1030 3674 1101 τιμήν.
3711 1052 3727 1084 3

520 1113 786 1156 tonorem.
824 1116 842 1151 1

571 1190 726 1246 Ρεαί.
779 1205 966 1254 xcvm,
1019 1189 1073 1243 5.
1106 1219 1173 1230 -—
1221 1208 1239 1240 ι
1278 1187 1533 1244 Exaltate
1571 1189 1863 1247 Dominum
1905 1190 2076 1246 Deum

2256 1219 2275 1250 ι
2325 1198 2557 1270 ’Υψοῦτε
2606 1201 2812 1274 Κύριον
2853 1202 2947 1256 τὸν
2994 1203 3129 1258 Θεὸν
3157 1207 3339 1278 ἡμῶν,
3368 1212 3462 1264 καὶ
3505 1230 3731 1284 προσκυ-

499 1297 772 1348 noslrum.
809 1296 860 1341 et
898 1288 1141 1342 adorate.
1182 1304 1200 1337 3

831 1296 860 1341 ει
898 1288 1141 1342 adorate.
1182 1304 1200 1337 3
2178 1290 2341 1343 νεῖτε.
2377 1309 2395 1342 3

570 1379 724 1434 Psal.
772 1393 918 1444 ποις,
958 1379 1009 1434 9.
1045 1409 1117 1418 —
1150 1396 1167 1427 ι
1197 1376 1437 1433 Jubilate
1487 1377 1615 1436 Deo.
1644 1378 1825 1434 omnis
1881 1384 2027 1432 terra
2059 1395 2074 1433 :

2254 1398 2273 1431 ι
2312 1379 2644 1447 Ἀλαλάξατε
2672 1383 2751 1452 τῷ
2775 1383 2917 1453 Θεῷ,
2950 1386 3101 1440 πᾶσα
3135 1390 3166 1461 ή
3194 1392 3262 1463 γῆ
3284 1409 3297 1422 ·
3322 1393 3636 1450 δουλεύσατε
3660 1398 3729 1469 τῷ

500 1472 704 1527 servile
733 1471 965 1526 Domino
1005 1471 1059 1524 in
1098 1470 1308 1525 laetitia.
1345 1488 1365 1522 3

1345 1488 1365 1522 3
2178 1472 2372 1544 Κυρίῳ
2395 1472 2452 1525 ὲν
2483 1472 2816 1547 εὐφροσύνῃ.
2858 1495 2875 1529 3

568 1563 714 1618 Psal.
763 1563 1028 1627 cmi-92.
1060 1582 1166 1614 -ι
1199 1562 1457 1629 Benedic,
1484 1563 1669 1619 anima
1704 1576 1845 1628 mea,
1888 1560 2076 1617 Domi-

2256 1582 2275 1615 (
2316 1563 2569 1632 Εύλόγει,
2597 1566 2630 1635 ἡ
2660 1563 2806 1635 ψυχή
2843 1583 2946 1636 μου
2964 1567 3054 1622 τὸν
3087 1569 3315 1642 Κύριον,
3355 1574 3446 1628 καὶ
3475 1575 3642 1630 πάντα
3669 1580 3730 1632 τὰ

498 1670 588 1719 ιιο,
618 1664 670 1710 et
717 1654 903 1709 omnia
933 1669 1054 1723 quae
1082 1655 1227 1708 intra
1260 1668 1351 1709 me
1379 1661 1533 1721 sunt,
1591 1661 1702 1710 etc.
1760 1652 2062 1710 Benedicitt

2175 1656 2327 1729 ἐντός
2368 1673 2494 1727 μου.
2540 1656 2829 1724 Εὐλογεῖτε
2888 1660 2979 1713 τὸν
3017 1662 3242 1734 Κύριον,
3284 1666 3458 1721 πάντα
3487 1670 3552 1721 τὰ
3603 1670 3726 1742 ἔργα

494 1746 746 1811 Domino,
771 1747 957 1811 omnia
974 1762 1140 1817 opera
1166 1746 1309 1817 ejus,
1337 1748 1394 1802 in
1424 1746 1571 1805 omni
1597 1747 1719 1804 loco
1739 1747 2058 1804 dominatio

2027 1761 2076 1802 J-
2179 1748 2368 1814 αὐτοῦ,
2399 1748 2458 1801 ὲν
2489 1749 2654 1806 παντὶ
2677 1749 2825 1819 τόπῳ
2848 1751 2946 1819 τῆς
2967 1752 3285 1818 δεσποτείας
3315 1756 3497 1811 αὐτοῦ.
3584 1816 3591 1823 ε

488 1837 577 1892 nis
599 1836 737 1904 ejus.
779 1855 799 1887 3

2099 1824 2142 1880 Β
3162 1892 3168 1901 .

557 1927 707 1982 Ρεαί.
765 1941 885 1995 cm,
933 1928 1020 1983 54.
1068 1959 1139 1973 —-
1189 1945 1206 1979 ι
1246 1927 1561 1984 iucundum
1595 1928 1664 1983 sit
1699 1927 1749 1985 ei
1783 1927 2062 1999 eloquium

1735 1927 1749 1982 i
1783 1927 2062 1999 eloquium
2248 1946 2267 1980 ι
2318 1924 2607 1997 Ἦὸυνθείη
2631 1926 2782 1997 αὐτῷ
2805 1928 3081 2000 ήδιαλογή
3121 1947 3245 2001 μου.
3276 1950 3295 1985 3

489 2033 693 2074 meum.
728 2037 748 2071 ι

2764 2074 2777 2085 κ

561 2107 711 2162 Psal.
752 2123 861 2172 etv,
896 2108 947 2162 l.
976 2102 1045 2147 4-
1080 2126 1098 2160 ι
1126 2097 1478 2163 Confitcmini
1523 2107 1776 2176 Domino,
1817 2117 1874 2169 et
1910 2111 2065 2166 invo-

2247 2126 2265 2158 3
2312 2106 2758 2179 Ἐξομολογείσθε
2809 2108 2888 2180 τῷ
2945 2110 3157 2181 Κυρίῳ,
3213 2113 3305 2168 καὶ
3340 2112 3738 2170 ὲπικαλέσασθες

484 2210 605 2257 cate
641 2215 842 2257 nomen
874 2200 1016 2272 ejus,
1053 2220 1072 2253 3
1105 2209 1212 2256 etc.
1862 2268 1865 2271 Α

1140 2209 1212 2256 lc.
1862 2268 1865 2271 λ
2167 2198 2230 2251 τὸ
2264 2199 2437 2270 ὄνομα
2458 2198 2646 2253 αὐτοῦ.
2683 2218 2701 2254 3

555 2292 709 2348 Psal.
735 2308 823 2359 cv,
845 2292 985 2350 2.-
1015 2310 1035 2344 ι
1068 2291 1202 2360 Quis
1223 2292 1482 2363 loquetur
1511 2291 1784 2362 potentias
1809 2290 2021 2347 Domini
2045 2292 2067 2344 ?

2247 2307 2264 2339 ι
2308 2287 2403 2353 Τίς
2433 2287 2659 2359 λαλήσει
2689 2288 2787 2355 τὰς
2835 2288 3154 2356 δυναστείας
3173 2291 3264 2344 τοῦ
3296 2290 3535 2362 Κυρίου;
3566 2292 3722 2348 ἀκου-

485 2383 703 2440 auditas
737 2384 923 2449 faciet,
952 2402 973 2436 3
1012 2390 1119 2440 etc.

1062 2399 1119 2438 .c.
2169 2378 2300 2444 στὰς
2326 2379 2567 2450 ποιήσει.
2607 2400 2626 2432 3

555 2474 707 2531 Psal.
738 2491 826 2542 cx,
856 2476 940 2531 l0.
967 2505 1038 2515 —-
1080 2495 1098 2528 ι
1132 2475 1400 2532 Laudatio
1432 2476 1554 2549 ejus
1578 2485 1764 2533 manet
1799 2476 1854 2531 in
1886 2491 2062 2533 saccu-

2246 2473 2380 2531 L'H
2428 2470 2637 2537 αἴνεσις
2674 2471 2841 2527 αὐτοῦ
2900 2473 3055 2546 μένει
3103 2473 3183 2538 εἰς
3241 2472 3333 2527 τὸν
3386 2473 3556 2529 αἰῶνα
3632 2474 3718 2529 τού

483 2566 593 2620 lum
630 2568 837 2624 saeculi.
886 2585 905 2618 3

886 2585 905 2618 3
2165 2565 2379 2630 αἰῶνος.
2417 2585 2436 2618 3

552 2655 701 2711 Psal.
751 2671 883 2724 cxn,
942 2658 993 2711 1.
1034 2687 1103 2697 —
1143 2675 1162 2708 ι
1199 2656 1462 2723 Landate,
1501 2658 1680 2728 pueri,
1727 2657 2059 2726 Dominum,

2241 2675 2261 2708 ι
2297 2658 2538 2722 Αἰνεῖτε,
2568 2652 3028 2723 παῖδες,Κύριον,
3060 2653 3262 2708 αἰνεῖτε
3310 2653 3371 2708 τὸ
3406 2655 3570 2727 ὄνομα
3612 2656 3713 2709 Κυ-

479 2748 696 2803 laudate
723 2762 924 2803 nomen
960 2747 1197 2804 Domini.
1242 2746 1328 2802 Sit
1358 2762 1583 2815 nomen,
1615 2765 1636 2801 3
1667 2758 1777 2805 ete.

1744 2766 1777 2805 :.
2169 2748 2307 2819 ρίου.
2341 2746 2442 2819 Et!)
2462 2747 2523 2800 τὸ
2546 2745 2740 2815 ὄνομα,
2778 2762 2797 2795 3
2830 2761 2886 2797 κ.
2916 2760 2967 2800 τ.
2993 2760 3044 2797 ε.
3304 2758 3308 2763 ·

550 2834 703 2892 Ρεαί.
734 2853 890 2908 cxm,
923 2838 1011 2896 l7.
1052 2869 1121 2880 --
1157 2858 1175 2891 ι
1205 2837 1328 2893 Non
1375 2840 1580 2896 mortui
1627 2840 1934 2896 laudabunt
1983 2847 2056 2906 tr,

2236 2859 2260 2893 ι
2291 2840 2405 2910 υὺχ
2431 2839 2482 2892 οἱ
2511 2836 2698 2909 νεκροὶ
2733 2835 3012 2891 αἰνέσουσί
3039 2824 3124 2903 σε,
3145 2835 3337 2908 Κύριε,
3371 2837 3489 2891 οὐδὲ
3528 2837 3712 2900 πάντες

476 2929 732 2997 Domine,
766 2946 943 3002 neque
966 2947 1181 2997 omnes,
1226 2951 1244 2982 3
1276 2943 1384 2988 etc.

2158 2935 2210 2989 οἰ
2241 2932 2663 2995 καταϐαίνοντες
2706 2931 2786 2993 εἰς
2819 2928 2971 3000 ᾅδου.
3022 2948 3040 2981 3

546 3022 705 3079 Psat.
759 3039 899 3094 cxv,
942 3023 1031 3079 l7.
1061 3053 1131 3069 -——
1183 3042 1200 3075 ι
1238 3022 1360 3079 Tibi
1427 3025 1756 3081 sacriﬁcabo
1816 3025 2053 3091 hostiam

2233 3042 2254 3077 ι
2299 3024 2391 3079 Σοὶ
2412 3022 2561 3078 θύσω
2590 3022 2786 3077 θυσίαν
2819 3019 3100 3089 αἰνέσεως,
3149 3022 3243 3077 καὶ
3270 3022 3329 3076 ὲν
3361 3020 3583 3093 ὀνόματι
3602 3021 3707 3075 Κυ-

476 3115 679 3182 laudis,
715 3124 772 3169 et
806 3115 860 3171 in
903 3117 1125 3173 nomine
1158 3115 1396 3183 Domini,
1436 3135 1455 3169 3
1493 3125 1600 3172 etc.
2081 3167 2123 3192 ﬂ
2162 3119 2301 3192 ρίου.
2335 3137 2354 3171 3
2746 3158 2751 3163 η

544 3167 699 3263 an.
725 3167 873 3270 ξιέ-ἷ,
904 3167 1121 3264 Im:
1145 3167 1188 3259 ἶ
1211 3167 1462 3263 nam.
1500 3167 1822 3271 ista“...
1861 3218 2053 3263 omnes
2079 3167 2108 3228 ί

2162 3167 2495 3263 τιτι-λίνεία
2518 3205 2609 3260 τὸν
2635 3206 2863 3277 Κύριον,
2876 3203 3055 3259 πάντα
3069 3203 3139 3259 τὰ
3157 3202 3307 3274 εθνηο
3329 3201 3661 3277 ἑπαινάσατε.
3682 3217 3701 3254 3

542 3306 665 3353 ntes
699 3317 712 3352 :
748 3298 988 3355 laudate.
1031 3318 1051 3352 3
1086 3307 1195 3355 etc.

472 3306 665 3368 gentes
699 3317 712 3352 :
748 3297 988 3365 laudate,
1031 3318 1051 3352 3
1086 3307 1195 3356 etc.

538 3388 697 3445 Paul.
730 3399 958 3458 cxxxut,
990 3392 1040 3448 Ι.
1072 3419 1144 3432 —-
1178 3408 1199 3444 ι
1238 3389 1379 3449 Ecce
1415 3404 1563 3447 nunc
1589 3388 1902 3447 benedicite
1948 3390 2036 3446 Do

2231 3410 2250 3443 ι
2302 3387 2434 3443 ’ἰδοὺ
2465 3385 2532 3458 δὴ
2566 3384 2842 3453 εὐλογεῖτε
2871 3383 2965 3438 τὸν
2988 3382 3219 3455 Κύριον,
3254 3383 3453 3445 πάντες
3475 3381 3521 3435 ot
3542 3377 3704 3433 δοῦλοι

466 3481 704 3536 minnm.
736 3499 757 3532 3
1500 3524 1503 3529 ,

1500 3524 1503 3529 ι
2153 3482 2383 3555 Κυρίου.
2407 3500 2424 3532 3

537 3595 693 3650 Paul.
722 3609 945 3659 cxxnv,
972 3596 1025 3649 3.
1067 3625 1135 3636 —
1181 3613 1201 3647 ι
1230 3592 1461 3649 Psallite
1495 3589 1706 3647 nomini
1736 3589 1880 3661 ejus,
1915 3604 2055 3661 quo-

2230 3617 2249 3650 ι
2282 3596 2507 3652 Ψάλατε
2529 3592 2607 3666 τῷ
2653 3592 2881 3664 ὀνόματι
2923 3589 3086 3646 αὐτοῦ
3126 3591 3209 3646 δτι
3247 3587 3432 3643 καλόν.
3476 3586 3594 3640 Ὅτι
3621 3584 3706 3637 τὸν

467 3687 616 3742 niam
651 3698 839 3741 suave.
875 3682 1146 3750 Quoniam
1179 3680 1373 3749 Jacob,
1411 3700 1431 3733 3
1467 3688 1574 3736 etc.

1121 3698 1146 3736 [ι
1179 3680 1373 3749 Iacob,
1411 3700 1431 3733 3
1467 3688 1574 3736 etc.
2168 3689 2384 3755 Ἰακὼϐ,
2423 3708 2442 3741 3
2477 3705 2533 3743 κ.
2558 3704 2608 3742 τ.
2638 3704 2685 3741 ε.

536 3796 693 3853 Ρειιί.
719 3811 900 3860 οιινι,
934 3795 985 3849 1.
1015 3822 1086 3832 -
1116 3812 1134 3844 ι
1166 3791 1411 3849 Laudate
1439 3791 1756 3856 Dominum,
1788 3790 2053 3861 quoniam

2231 3819 2250 3852 ι
2288 3801 2499 3855 Αἰνεῖτε
2525 3799 2616 3855 τδν
2647 3797 2873 3870 Κύριον,
2904 3768 2986 3850 δτι
3022 3796 3226 3865 ἀγαθδς
3246 3795 3473 3867 cum,
3499 3792 3570 3864 τῷ
3596 3789 3704 3860 Θεῷ

466 3892 649 3946 bonus
678 3898 767 3944 εει
797 3887 1044 3959 psalmus
1088 3901 1104 3943 :
1137 3887 1249 3943 Deo
1276 3894 1489 3951 nostro,
1530 3902 1550 3937 3
1587 3890 1697 3940 etc.

823 3887 1044 3945 isalmus
1088 3901 1104 3943 :
1137 3887 1249 3943 Deo
1276 3894 1489 3951 nostro,
1530 3902 1550 3937 3
1587 3890 1697 3940 etc.
2154 3893 2330 3966 ἡμῶν.
2370 3912 2387 3945 3

537 4000 702 4056 Prov.
738 3982 843 4067 vn,
879 3999 935 4056 2.
963 4031 1033 4042 —
1072 4017 1092 4051 ι
1129 3997 1351 4055 Honora
1400 3997 1717 4063 Dominum,
1747 4004 1804 4054 et
1850 4002 2050 4066 potens

2229 4024 2247 4057 ι
2274 4006 2422 4078 Τίμα
2453 4007 2543 4061 τδν
2575 4008 2805 4077 Κύριον,
2850 4007 2946 4061 καὶ
2983 4004 3253 4077 ἰσχύσειςε
3291 4002 3427 4073 πλὴν
3460 3998 3515 4053 δὲ
3550 3992 3702 4051 αὑτοῦ

461 4096 578 4153 eris
615 4113 630 4151 :
668 4101 867 4166 praeter
899 4107 1024 4149 eum
1053 4093 1325 4149 neminem
1368 4091 1643 4150 timueris.
1686 4110 1705 4146 3

1124 4093 1325 4149 minem
1368 4091 1643 4150 timueris.
1686 4110 1705 4146 3
2155 4100 2232 4172 μὴ
2254 4100 2424 4170 φοὸοὗ
2446 4099 2628 4156 ἄλλον.
2668 4119 2687 4152 3

537 4211 653 4266 Isa.
686 4225 806 4275 vnt,
859 4210 948 4264 l3.
971 4238 1041 4251 -—
1073 4226 1093 4261 ι
1126 4208 1415 4265 Dominum
1469 4211 1649 4282 ipsum
1680 4208 2046 4274 sanetiﬂcate,

2228 4213 2477 4285 «Κύριον
2532 4211 2696 4265 αὑτὸν
2735 4210 3025 4279 ἁγιάσατε,
3085 4207 3178 4261 καὶ
3230 4204 3389 4268 αὐτὸς
3435 4201 3581 4256 ἔσται
3614 4214 3703 4252 σου

465 4311 520 4358 et
553 4305 670 4374 ipse
699 4302 803 4371 erit
840 4301 1007 4354 timor
1030 4308 1179 4356 tuus.
1215 4298 1282 4356 Et
1312 4302 1360 4358 si
1394 4302 1449 4357 in
1500 4304 1623 4376 ipso
1659 4300 1915 4359 ﬁduciam
1945 4300 2029 4354 ha.

2150 4306 2335 4376 φόϐος.
2373 4307 2482 4361 Καὶ
2510 4306 2605 4361 ἐὰν
2626 4304 2714 4356 ἐπ’
2739 4302 2890 4373 αὐτῷ
2928 4298 3204 4364 πεποιθὼς
3231 4293 3317 4370 ᾖς,
3346 4296 3498 4349 ἔσται
3529 4310 3607 4347 σοι
3627 4292 3702 4352 εἰς

462 4393 674 4463 bueris,
711 4392 819 4449 erit
849 4391 949 4448 tibi
981 4392 1037 4447 in
1070 4393 1581 4452 sanctiﬁcationem.
1628 4414 1649 4448 3

907 4392 949 4448 bi
981 4392 1037 4447 in
1070 4393 1581 4452 sanctiﬁcationem.
1628 4414 1649 4448 3
2148 4399 2417 4470 ἀγίασμα.
2453 4416 2471 4451 3

516 4474 683 4561 .uarf.
708 4521 844 4572 nn,
882 4502 971 4560 ιο.
1012 4533 1086 4547 --
1132 4523 1150 4557 ι
1186 4504 1418 4564 Cantate
1465 4505 1700 4561 Domino
1758 4501 2037 4559 canticum
2077 4495 2080 4547 1

2223 4531 2243 4565 ι
2289 4512 2605 4583 Ὑμνήσατε
2652 4507 2729 4578 τῷ
2757 4505 2876 4577 Θεῷ
2906 4486 3077 4574 ὕμνον
3106 4501 3323 4556 καινόν’
3356 4500 3389 4570 ἡ
3428 4495 3566 4571 ἀρχὴ
3607 4493 3703 4548 αὐ·-

464 4590 668 4652 novum
695 4604 715 4651 :'
740 4594 1082 4667 principatus
1121 4595 1242 4667 ejus
1267 4595 1609 4667 gloriﬁcatur
1652 4608 1684 4648 a
1719 4592 2028 4667 summitate

1660 4608 1684 4648 ³
1719 4592 2039 4667 ευηπηὶεὓω
2144 4602 2238 4658 τοῦ
2265 4602 2552 4667 δοξάζεται
2571 4598 2680 4654 ἀπὸ
2711 4597 2884 4668 ἄκρου
2915 4594 3012 4665 τῆς
3039 4593 3163 4662 γῆς.
3207 4612 3224 4643 3

460 4696 641 4745 terra.
678 4708 697 4742 ι

534 4802 647 4857 Isa.
687 4816 817 4870 Lvu,
856 4786 1040 4881 Ηυξ
1076 4822 1095 4856 ι
1131 4802 1237 4860 Pro
1277 4820 1344 4862 eo
1381 4803 1526 4876 quod
1578 4817 1690 4857 non
1745 4798 2035 4856 recordata

2221 4823 2240 4856 ι
2295 4800 2435 4856 Ἀνθ’
2467 4792 2542 4855 ὢν
2570 4797 2670 4852 οὐκ
2697 4791 2978 4865 ἐμνήσθης
3019 4806 3143 4861 μου,
3175 4785 3297 4840 οὐδὲ
3318 4780 3505 4881 ξλαὸἐς
3537 4793 3600 4849 με
3624 4774 3702 4838 εἰς

456 4907 520 4949 es
551 4897 683 4966 mei,
707 4896 810 4952 nec
848 4876 1078 4971 posuisti
1111 4908 1195 4955 me
1219 4900 1270 4954 in
1303 4874 1475 4956 corde
1507 4910 1626 4963 tuo,
1669 4904 1721 4949 et
1745 4908 1845 4964 ego
1881 4901 1932 4947 te
1956 4890 2020 4945 vi-

1881 4901 1932 4947 te
1956 4890 2034 4945 vi-
2141 4896 2241 4967 τὴν
2265 4894 2492 4966 καρδίαν
2517 4909 2636 4957 σου,
2676 4886 2834 4959 κάγώ
2857 4903 2917 4941 σε
2960 4882 3087 4939 ἰδὼν
3127 4874 3372 4951 παρορῶο
3411 4894 3429 4925 ³

456 4982 593 5043 deus
620 4986 884 5058 despicio.
921 4978 955 5041 ι’

527 5093 643 5152 Isa.
679 5115 776 5165 ιιι,
802 5101 855 5155 4.
891 5132 961 5144 -—
1013 5122 1029 5155 ι
1060 5102 1304 5159 Laudate
1341 5100 1661 5161 Dominum,
1689 5092 2033 5148 conclamate
2222 5120 2240 5152 ε
2290 5100 2540 5170 Ὑμνεῖτε
2587 5095 2678 5148 τὸν
2710 5092 2938 5163 Κύριον,
2972 5088 3133 5159 βοᾶτε
3160 5083 3219 5137 τὸ
3247 5081 3415 5150 ὄνομα
3454 5068 3634 5129 αὐτοῦ.
3672 5085 3693 5121 3

454 5198 653 5244 nomen
682 5191 823 5261 ejus.
858 5211 876 5244 3

403 5291 406 5294 ’
522 5298 719 5362 Jerem.
760 5321 889 5375 xm,
927 5276 1014 5362 l6.
1057 5288 1125 5349 -ἒ
1161 5324 1179 5358 ι
1212 5307 1345 5361 Date
1398 5304 1634 5359 Domino
1686 5297 1797 5353 Deo
1841 5301 1959 5350 vcst

2215 5315 2233 5348 ι
2267 5295 2398 5349 Δότε
2420 5292 2499 5363 τῷ
2526 5288 2646 5360 Θεῷ
2671 5291 2704 5362 ἡ
2715 5289 2832 5360 μῶν
2883 5284 3045 5349 δόξαν
3219 5273 3330 5383 τοῦ.
3357 5266 3692 5383 concreta?

450 5396 708 5467 gloriam,
744 5406 1033 5470 antequam
1073 5397 1550 5459 contenebrescat,
1592 5390 1755 5464 427
1787 5396 1842 5444 et
1873 5393 2014 5440 ante-

2141 5389 2233 5442 καὶ
2280 5387 2388 5459 πρὸ
2430 5355 2525 5438 τοῦ
2571 5355 2882 5454 «besides:
2932 5377 3059 5439 τοὺς
3099 5371 3265 5432 πόδας
3308 5362 3457 5435 ὑμῶν
3486 5357 3572 5411 ἐπ’
3599 5355 3692 5427 ὅρη

451 5502 615 5556 quam
644 5491 925 5547 oli‘endant
949 5494 1111 5564 pedes
1144 5492 1211 5547 ad
1242 5497 1458 5546 montes
1484 5485 1843 5557 caliginosos.
1876 5498 1894 5531 3

2140 5477 2413 5533 σκοτεινά.
2455 5496 2473 5528 3
3665 5551 3688 5564 ~

522 5602 664 5663 Dan.
698 5624 760 5671 ιι,
798 5607 977 5665 εομ-
1013 5627 1031 5662 ι
1069 5609 1155 5666 Sit
1190 5622 1391 5664 nomen
1424 5603 1518 5659 Dei
1552 5585 1931 5659 benedictum,
1964 5605 2031 5648 ex

2213 5611 2231 5645 ι
2270 5592 2368 5661 Είη
2413 5590 2476 5643 τὸ
2507 5588 2678 5658 ὄνομα
2732 5582 2829 5637 τοῦ
2874 5578 3010 5635 Θεοῦ
3060 5567 3421 5671 εὐλογιῖμένον

2137 5685 2255 5749 νῦν,
2291 5646 2387 5738 κοὶι
2418 5681 2525 5744 ἕως
2553 5646 2648 5731 τοῦ
2681 5675 2895 5741 αἰῶνος,
2931 5671 3013 5725 ὅτι
3052 5666 3088 5740 ἦ
3116 5664 3276 5734 σοφία
3325 5655 3418 5713 καὶ
3440 5652 3478 5725 ἡ
3502 5646 3695 5703 αῐνεοις

448 5683 556 5750 hoc
580 5716 727 5779 nunc
756 5710 809 5757 et
836 5712 1009 5775 usQue
1043 5705 1099 5760 in
1138 5700 1403 5761 saeculum
1428 5713 1443 5765 ;
1472 5694 1617 5768 _quia
1652 5687 1933 5763 sapientia
1975 5691 2031 5741 ει
2137 5685 2255 5749 νῦν,
2291 5683 2374 5827 διοὲ

452 5790 692 5827 tandem.
724 5797 891 5827 :M:...
924 5804 1047 5827 οη...
1115 5816 1131 5827 .
2142 5774 2308 5827 αὑτοῦ

2142 5774 2308 5830 αὐτοῦ
2349 5775 2489 5827 ἔστι.
2534 5788 2554 5823 3

452 5790 694 5856 laudatio
723 5797 894 5869 ipsius
923 5804 1071 5856 sunt.
1112 5816 1132 5850 3
