3960 6380
392 396 534 457 “59
761 427 770 432 _
1606 376 1667 437 S.
1697 376 2017 436 JOANNIS
2063 375 2458 438 DAMASCEN
2466 378 2490 435 Ι
3525 377 3661 446 1360

388 505 700 580 iniquitatis
743 517 877 557 mea:
927 497 1288 560 oblivionem,
1331 499 1385 547 ct
1425 489 1811 562 purgationem
1854 504 1976 559 pop-

2130 491 2214 551 ίας
2249 505 2350 558 μου
2368 487 2559 580 λήθην,
2599 489 2692 541 καὶ
2721 487 3064 560 καθαρισμὸν
3091 490 3191 562 τῆς
3215 490 3492 562 ἁμαρτίας
3517 509 3658 563 μου,

391 606 500 658 cati
539 599 677 655 mei?
715 596 872 650 Nunc
904 591 1124 664 quidem
1166 588 1220 642 in
1255 595 1461 640 terram
1501 591 1768 637 revertar.
1811 600 1828 631 ι

459 695 663 758 Joblx,
713 691 783 742 '50
817 703 959 757 seqq.
994 713 1064 724 —
1100 700 1118 732 ι
1168 676 1628 748 Quandoquidem
1690 690 1799 730 non
1853 687 1974 728 sum

2079 579 2218 632 Νυνὶ
2244 580 2300 632 δὲ
2340 581 2422 642 εἰς
2452 579 2561 650 γῆν
2591 580 2991 652 ἀπελεύσομαι.
3034 601 3055 634 ι
3693 573 3702 641 ἶ

2153 689 2171 722 ι
2226 671 2446 744 Ἐπειδὴ
2471 673 2589 744 είμι
2623 673 2851 745 ἀσεϐὴς,
2870 674 2960 728 διά
2981 674 3035 728 τί
3063 675 3165 729 οὐκ
3183 673 3487 744 ἁπέθανον;
3541 674 3663 731 Ἐάν

393 792 538 858 pius,
563 797 734 856 quare
768 796 874 836 non
896 787 1150 833 mortuus
1183 774 1351 846 428
1380 770 1543 826 sum?
1574 769 1730 835 Quod
1757 767 1800 822 si
1832 768 1976 820 lotus

2128 782 2136 816 ε
2174 763 2598 858 ἀπολούσωμαι
2647 764 2808 837 χιόνι,
2857 767 2950 820 καὶ
3007 768 3450 844 ἀποκαθάρωμαι
3510 770 3666 839 χερσὶ

397 884 552 936 fuero
578 879 633 932 in
671 876 818 936 nive,
853 881 906 927 et
935 869 1233 924 mundatus
1265 869 1420 920 l'uero
1445 860 1668 916 mundis
1691 857 1976 925 manibus,

396 970 612 1027 aliunde
655 969 712 1023 in
745 965 908 1022 sorde
940 978 1026 1018 me
1071 956 1346 1016 intinxisti
1369 996 1384 1021 ,
1424 952 1744 1009 abominata
1773 957 1858 1007 est
1893 965 1981 1005 me

395 1062 564 1117 vestis
597 1073 742 1113 mea.
777 1054 899 1110 Non
930 1053 1078 1109 enim
1111 1041 1170 1105 es
1200 1050 1367 1104 homo
1397 1046 1544 1102 sicut
1567 1059 1691 1116 ego,
1716 1042 1807 1097 cui
1844 1057 1979 1096 con-

395 1153 684 1216 tradicam,
709 1159 768 1204 ut
785 1163 975 1204 eamus
998 1141 1334 1200 unanimiter
1357 1139 1410 1194 in
1432 1137 1732 1208 judicium.
1753 1133 1979 1190 Utinam

394 1254 543 1303 esset
574 1244 736 1300 nobis
777 1239 1067 1303 mediator,
1119 1245 1174 1292 et
1223 1246 1487 1306 arguens,
1542 1236 1597 1284 et
1654 1226 1888 1283 audiens
1924 1226 1980 1280 in

398 1340 582 1395 medio
614 1334 937 1406 utriusque.
968 1349 987 1383 ι
1309 1384 1312 1386 η

464 1433 568 1488 Job
623 1447 736 1496 xm,
777 1431 807 1481 7
850 1443 993 1498 seqq.
1025 1453 1098 1465 —-
1133 1439 1152 1473 ι
1196 1419 1384 1488 Quare
1418 1416 1572 1487 impii
1613 1419 1846 1479 v1vunt,
1893 1409 1982 1464 in-

400 1531 787 1584 veteraverunt
842 1527 1047 1585 autem,
1092 1523 1148 1572 et
1204 1513 1262 1567 in
1301 1510 1514 1566 divitiis
1555 1521 1745 1562 semen
1789 1517 1981 1560 eorum

401 1621 700 1678 secundum
731 1612 1070 1671 desiderium
1100 1608 1318 1670 animaa,
1359 1603 1454 1658 ﬁlii
1482 1611 1664 1656 autent
1695 1611 1887 1656 eorum
1929 1595 1984 1649 in

403 1712 630 1770 oculis?
663 1711 868 1765 Domus
900 1718 1094 1761 eorum
1143 1698 1493 1756 abundantes
1528 1700 1682 1761 sunt,
1727 1699 1783 1747 et
1819 1689 1988 1744 timor

369 1858 377 1866 .
404 1819 675 1876 nusquam
703 1821 717 1856 :
755 1799 1025 1871 ﬂagellum
1043 1800 1228 1849 autem
1257 1807 1287 1845 a
1305 1788 1538 1845 Domino
1566 1800 1675 1841 non
1699 1793 1785 1839 est
1819 1796 1989 1852 super

403 1914 523 1956 eos.
558 1897 777 1950 Manent
806 1892 951 1946 sicut
985 1901 1118 1942 oves
1165 1888 1444 1955 perpetuae
1476 1896 1490 1933 :
1523 1886 1578 1932 at
1607 1877 1766 1949 pueri
1795 1887 1984 1929 eorum

405 1991 535 2046 ludo
565 2003 624 2044 se
643 1989 966 2058 provocant,
994 1985 1245 2035 tenentes
1266 1971 1590 2045 psalterium
1613 1977 1668 2025 et
1696 1965 1986 2024 citharam.

403 2082 878 2140 Consummarunt
907 2075 960 2130 in
995 2071 1156 2129 bonis
1186 2067 1358 2124 vitam
1390 2080 1575 2122 suam.
1611 2081 1631 2116 ι

457 2174 578 2230 Job
634 2188 752 2238 xm,
804 2169 896 2225 25.
924 2196 994 2206 --
1033 2185 1050 2218 ι
1089 2163 1235 2232 Quot
1282 2168 1414 2216 sunt
1461 2155 1781 2228 iniquitates
1819 2165 1988 2214 mea),

401 2275 456 2323 ct
483 2275 710 2340 peccata
741 2279 884 2328 mea,
923 2259 1062 2315 doce
1085 2271 1190 2311 me.
1213 2255 1326 2310 Cur
1352 2268 1383 2307 a
1417 2265 1503 2306 me
1526 2245 1886 2305 absconderis
1910 2242 1934 2296 ?
1965 2258 1984 2292 ι

471 2335 690 2416 .ilabac.
747 2372 786 2419 ι,
825 2355 859 2406 2
887 2369 1028 2423 seqq.
1066 2380 1134 2392 --
1178 2367 1195 2399 ι
1234 2344 1559 2416 Usquequo,
1593 2339 1842 2404 Domine,
1875 2335 1992 2390 cla-

409 2456 597 2518 mabo,
617 2460 672 2508 et
699 2465 808 2504 non
837 2442 1145 2501 exaudies?
1171 2437 1523 2496 vociferabor
1549 2434 1617 2489 ad
1644 2442 1698 2488 te
1726 2429 1988 2503 injuriam

411 2547 646 2620 patiens,
679 2550 734 2598 et
790 2555 896 2593 non
948 2531 1228 2591 salvabis?
1280 2529 1460 2596 Quare
1517 2525 1654 2582 mihi
1692 2520 1991 2580 ostendisti

410 2616 626 2695 labores
647 2631 866 2689 videre?
915 2635 1109 2683 contra
1137 2639 1222 2680 me
1251 2623 1454 2677 factum
1486 2628 1572 2675 est
1605 2616 1908 2689 judicium,
1935 2621 1992 2670 et

399 2731 575 2804 judex
607 2725 827 2796 accipit.
876 2721 1106 2789 Propter
1137 2718 1240 2772 hoc
1291 2713 1566 2784 dissipata
1599 2715 1686 2767 est
1715 2709 1826 2775 lex,
1861 2707 1992 2778 quia

407 2802 614 2892 impius
647 2814 903 2890 praevalet
933 2812 1203 2868 adversus
1234 2809 1471 2879 justum.
1497 2802 1796 2874 Propterea
1828 2814 1991 2873 egre-

406 2912 589 2969 dietur
615 2906 886 2980 judicium
905 2916 1261 2976 perversum.
1300 2918 1319 2953 ι

478 3002 719 3063 ΖαεΙι..ι,
770 2997 857 3051 12.
890 3026 962 3038 --
996 3014 1016 3046 ι
1047 2993 1115 3048 Ει
1164 2988 1455 3061 respondit
1488 2985 1718 3058 angelus
1752 2983 1991 3050 Domini,

408 3105 463 3154 et
483 3095 658 3151 dixit:
691 3090 922 3144 Domine
960 3086 1336 3154 omnipotens,
1370 3093 1661 3151 usquequo
1689 3092 1797 3131 non
1825 3076 1996 3130 mise-

2087 857 2381 929 καθαραῖς,
2417 859 2620 923 ἱκανῶς
2650 875 2717 929 με
2757 859 2816 911 ὲν
2845 858 3004 932 ῥύπῳ
3037 858 3268 930 ἔϐαψας.
3313 859 3666 926 Ἐϐδελύξατό

2083 952 2207 1022 μεὴ
2238 950 2396 1021 στολή
2441 966 2569 1021 μου.
2621 950 2697 1004 Οὐ
2738 950 2849 1020 γὰρ
2891 945 2944 1005 εἴ
2973 949 3264 1021 ἄνθρωπος
3305 950 3431 1004 κατ’
3471 950 3596 1021 ἐμὲ,
3621 943 3668 1020 ᾧ

2081 1041 2616 1114 ἀνταποκρινοῦμαι,
2654 1041 2743 1096 ἵνα
2778 1041 3025 1112 ἔλθωμεν
3054 1041 3401 1112 ὁμοθυμαδὸν
3434 1041 3516 1105 είς
3541 1041 3669 1111 κρί-

2083 1151 2188 1188 σιν.
2229 1133 2356 1186 Εἴθε
2403 1129 2473 1204 ἦν
2499 1136 2527 1188 ὁ
2578 1133 2808 1204 μεσίτης
2834 1134 3012 1205 ἡμῶν,
3057 1134 3157 1188 καὶ
3204 1133 3522 1204 διελέγχων,
3566 1132 3667 1188 καί

2081 1225 2347 1280 διακούων
2375 1226 2655 1297 ἀναμέσον
2684 1227 3033 1299 ἀμφοτέρων.
3072 1247 3092 1278 ι

2165 1424 2182 1456 ι
2224 1407 2321 1459 Διά
2357 1407 2411 1460 τί
2449 1406 2667 1472 ἀσεϐεῖς
2715 1407 2873 1474 ζῶσι,
2927 1408 3342 1463 πεπαλαίωνται
3377 1406 3437 1462 δὲ
3486 1408 3581 1462 καὶ
3610 1408 3672 1462 ἐν

2090 1498 2338 1571 πλούτῳ;
2378 1500 2439 1554 '0
2467 1501 2670 1572 σπόρος
2693 1501 2874 1554 αὐτῶν
2903 1503 3022 1555 κατ’
3043 1501 3345 1572 ἐπιθυμίαν
3369 1501 3573 1572 ψυχῆς,
3599 1499 3670 1554 τὰ

2087 1593 2143 1647 δὲ
2166 1593 2330 1648 τέκνα
2362 1594 2544 1648 αὐτῶν
2576 1596 2633 1648 ὲν
2665 1593 2988 1665 ὀφθαλμοῖς.
3023 1595 3087 1648 Οἱ
3114 1589 3255 1648 οἶκοι
3283 1593 3471 1648 αὐτῶν
3503 1592 3672 1662 εὐθη-

2089 1685 2261 1750 νοῦσι,
2286 1686 2446 1755 φόϐος
2470 1686 2526 1740 δὲ
2557 1686 2796 1757 οὐδαμοῦ
2818 1703 2830 1717 ·
2861 1685 3062 1757 μάστιξ
3081 1685 3137 1740 δὲ
3161 1687 3315 1758 παρά
3335 1685 3545 1756 Κυρίου
3571 1686 3676 1738 οὐκ

2091 1776 2239 1829 ἔστιν
2260 1777 2347 1830 ἐπ’
2375 1778 2443 1831 αὖ
2456 1779 2579 1841 τοῖς.
2611 1778 2852 1831 Μένουσι
2873 1778 2930 1830 δὲ
2959 1776 3149 1846 ὥσπερ
3177 1775 3430 1849 πρόϐατα
3449 1775 3673 1840 αἰώνια,

2021 1845 2063 1902 Β
2089 1871 2158 1923 τὰ
2193 1870 2250 1924 δὲ
2284 1871 2476 1924 παιδία
2505 1870 2686 1925 αὐτῶν
2721 1870 3176 1942 προσπαίζουσιν,
3208 1845 3676 1940 ἀναλαμϐάνοντα.

2090 1963 2390 2036 ψαλτήριον
2415 1963 2510 2017 καὶ
2552 1963 2807 2036 κιθάραν.
2837 1964 3202 2018 Συνετέλεσαν
3233 1963 3292 2017 ὲν
3320 1962 3545 2033 ἀγαθοῖς
3570 1963 3666 2017 τὸν

2095 2056 2209 2127 βίον
2240 2057 2441 2111 αὐτῶν.
2481 2076 2500 2108 ι

2169 2166 2188 2199 ‹
2230 2148 2401 2202 Πόσαι
2429 2145 2570 2200 εἰσὶν
2615 2147 2670 2200 αί
2721 2145 2947 2216 ἀνομίαι
2993 2162 3120 2216 μου,
3175 2143 3271 2200 καί
3313 2144 3370 2199 αί
3401 2143 3672 2216 ἁμαρτίαι

2096 2256 2219 2310 μου,
2253 2237 2466 2304 δίδαξόν
2503 2255 2593 2310 με.
2622 2237 2722 2292 Διά
2753 2237 2807 2291 τί
2839 2239 2934 2292 ἀπ’
2966 2237 3100 2308 ἐμοῦ
3135 2235 3396 2308 κρύπτῃς
3435 2255 3455 2288 ι

2173 2351 2200 2386 ι,
2232 2333 2382 2396 Ἕως
2411 2331 2579 2398 τίνος,
2631 2331 2825 2404 Κύριε,
2855 2331 3218 2402 κεκράξομαι,
3249 2330 3343 2384 καὶ
3369 2330 3430 2383 οὐ
3462 2329 3538 2400 μὴ
3565 2330 3683 2382 είσ-

2095 2415 2391 2491 ακούσεις;
2455 2424 2727 2500 βοήσομαι
2787 2423 2924 2494 πρὸς
2967 2423 3027 2477 σὲ
3052 2423 3434 2494 ἀδικούμενος,
3469 2427 3566 2478 καὶ¹
3613 2424 3680 2477 οὗ

2097 2517 2322 2584 σώσεις;
2354 2516 2418 2570 Τί
2453 2533 2545 2588 μοι
2577 2515 2790 2580 ἔδειξας
2839 2513 3042 2578 κόπους
3082 2515 3427 2581 ὲπιϐλέπειν;
3458 2515 3682 2582 ἐξεναν-

2092 2613 2212 2677 τίας
2246 2629 2349 2683 μου
2378 2611 2571 2680 γέγονε
2599 2607 2802 2682 κρίσις,
2835 2608 2928 2661 καὶ
2960 2608 2989 2660 ὁ
3021 2608 3214 2678 κριτὴς
3250 2607 3540 2679 λαμϐάνει.
3575 2608 3684 2663 Διὰ

2092 2704 2252 2760 τοῦτο
2281 2704 2660 2759 διεσκέδασται
2713 2703 2899 2772 νόμος,
2957 2703 3040 2756 ὅτι
3093 2701 3298 2772 ἀσεϐὴς
3359 2702 3675 2756 καταδυνα-

2096 2797 2276 2852 στεύει
2308 2796 2402 2851 τὸν
2435 2795 2664 2851 δίκαιον.
2701 2796 2930 2849 Ἕνεκεν
2982 2793 3175 2848 τούτου
3211 2793 3556 2861 ἐξελεύσεται
3608 2794 3678 2850 τὸ

2095 2894 2269 2966 κρῖμα
2299 2890 2754 2963 διεστραμμένον.
2799 2909 2817 2942 ι
3140 2927 3146 2932 .

2172 3000 2190 3033 ι
2243 2980 2544 3052 Ἀπεκρίθη
2601 2979 2835 3050 ἄγγελος
2871 2979 3107 3051 Κυρίου,
3152 2979 3248 3034 καὶ
3297 2974 3461 3034 εἷπε·
3506 2979 3692 3052 Κύριε

2097 3073 2520 3144 παντοκράτωρ,
2552 3071 2657 3135 ἕως
2690 3073 2837 3136 τίνος
2885 3072 2947 3125 ού
2983 3071 3058 3144 μὴ
3091 3070 3325 3143 ἐλεήσῃς
3342 3070 3442 3144 τὴν
3479 3072 3693 3143 Ἱεροιμ

412 3187 623 3246 reberis
640 3181 950 3239 Jerusalem
979 3187 1034 3234 et
1062 3177 1283 3232 urbium
1306 3173 1334 3229 J
1344 3174 1474 3240 uda,
1501 3185 1641 3243 quas
1661 3167 1997 3240 despexisti?

2128 3165 2308 3237 ταλὴμ,
2346 3165 2442 3219 καὶ
2473 3164 2574 3237 τὰς
2603 3164 2787 3228 πόλεις
2827 3163 3024 3232 Ἰούδα,
3052 3164 3122 3228 ἃς
3154 3164 3436 3236 ὑπερεῖδες
3464 3181 3480 3231 ;
3512 3163 3696 3219 Ῥοῦτο

411 3283 522 3338 Iste
556 3287 640 3335 est
671 3273 1114 3346 septuagesimus
1142 3283 1345 3324 annus.
1387 3285 1406 3318 ι

479 3372 677 3426 Jerem.
707 3385 805 3432 xu,
845 3368 896 3420 l.
927 3393 997 3404 —
1040 3380 1058 3414 ι
1100 3359 1288 3416 Justus
1317 3374 1399 3424 es,
1426 3355 1680 3422 Domine,
1722 3353 1853 3425 quia
1909 3366 1998 3407 sa-

413 3465 691 3523 tisfaciam
730 3461 871 3517 tibi:
901 3464 1285 3514 verumtamen
1315 3452 1528 3524 judicia
1575 3451 1775 3520 loquar
1815 3447 1893 3501 ad.
1926 3455 1998 3500 te.

415 3566 556 3633 Quid
602 3571 689 3619 est
731 3558 878 3631 quod
916 3556 1004 3610 via
1041 3551 1340 3624 impiorum
1403 3544 1808 3621 prosperatur?
1863 3543 2005 3598 bene

415 3664 501 3713 cst
529 3653 792 3710 omnibus
818 3647 914 3720 qui
945 3639 1427 3717 praevaricantur?
1455 3656 1474 3690 ι

317 3739 328 3758 ¹
419 3769 555 3826 TIT.
589 3767 655 3822 Ἴ.
688 3795 755 3806 --
786 3762 861 3817 De
891 3760 956 3814 iis
996 3757 1089 3829 qui
1124 3756 1219 3810 Dei
1247 3753 1481 3809 serviunt
1515 3764 1532 3802 :
1569 3742 1790 3829 e-t_qu.od
1823 3749 1994 3829 hono-

480 3812 620 3892 ἶιῗιίινέ
638 3812 726 3891 eos
757 3812 1021 3902 oporteat:
1047 3836 1097 3883 et
1131 3842 1247 3899 quae
1287 3839 1416 3896 opus
1453 3828 1579 3875 sunt
1620 3812 1752 3885 ipsis
1791 3812 1999 3868 submi-

492 3911 746 3964 nislrnre.

494 4027 674 4097 Ilieg.
728 4041 804 4090 Ix,
848 4024 900 4076 7.
928 4012 1050 4069 -ι
1091 4013 1240 4071 Dixit
1286 4011 1422 4070 Saul
1468 4004 1644 4079 puero
1677 4019 1780 4061 suo
1816 4022 1829 4058 :
1867 3998 2011 4069 Quid

425 4093 773 4193 portabimus
811 4111 1026 4169 homini
1085 4105 1221 4162 Dei?
1272 4102 1484 4160 defecit
1537 4099 1700 4170 panis
1754 4096 1812 4151 in
1865 4093 2016 4148 vasis

425 4211 654 4278 nostris.
683 4210 746 4261 Et
775 4206 910 4261 dixit
937 4216 1074 4275 puer
1104 4215 1121 4254 :
1146 4195 1366 4252 Eccein
1398 4207 1567 4247 manu
1601 4204 1726 4245 mea
1756 4195 2016 4258 quartam

425 4315 639 4377 partem
665 4300 786 4359 sicli
820 4295 1090 4369 argentei,
1122 4303 1179 4350 et
1205 4288 1367 4348 dabis
1400 4285 1614 4342 homini
1655 4281 1771 4339 Dei.
1818 4300 1836 4334 ι

502 4483 600 4540 III
633 4483 759 4553 Reg.
795 4496 905 4543 xlv,
967 4476 1074 4530 imo
1126 4486 1238 4535 xu,
1286 4465 1429 4538 apud
1474 4463 1650 4518 LXX.
1697 4493 1764 4503 -
1817 4478 1836 4512 ‹
1875 4459 2022 4514 Dixit

2101 3255 2502 3327 ἑϐδομηκοστὸν
2533 3255 2671 3319 ἔτος.
2711 3273 2732 3309 ι

2178 3368 2197 3400 ι
2239 3349 2458 3412 Δίκαιος
2484 3343 2554 3412 εἴ,
2588 3347 2785 3417 Κύριε,
2817 3347 2901 3401 ὃτι
2948 3346 3368 3419 ἀπολογήσομαι
3409 3349 3548 3420 πρὸς
3580 3348 3641 3402 σέ
3678 3366 3695 3380 ·

2104 3442 2244 3513 πλὴν
2273 3441 2520 3512 κρίματα
2548 3441 2770 3512 λαλήσω
2799 3440 2935 3511 πρὸς
2972 3439 3033 3493 σέ
3059 3456 3071 3469 ·
3121 3441 3174 3493 τί
3199 3441 3282 3495 ὅτι
3320 3441 3438 3504 ὁδὸς
3473 3441 3699 3496 ἀσεϐῶν

2106 3530 2385 3588 εύοδοῦται
2413 3527 2430 3598 ;'
2459 3530 2764 3603 εὐθήνησαν
2789 3530 2845 3584 δὲ
2871 3531 3073 3596 πάντες
3096 3531 3148 3584 oi
3173 3531 3527 3600 ἀθετοῦντες;
3559 3551 3578 3586 ι

2112 3736 2296 3790 ΤΙΤΛ.
2339 3734 2415 3790 E'.
2457 3767 2524 3776 —
2565 3737 2704 3805 Περὶ
2743 3737 2862 3790 τῶν
2905 3736 3323 3792 δουλεύοντων
3378 3736 3540 3804 Θεῷ·
3595 3739 3704 3792 καὶ

2445 3808 2696 3874 τούτους
2724 3805 2921 3877 τιμᾷν,
2948 3808 3045 3862 καί
3075 3807 3148 3862 τὰ
3169 3808 3320 3876 πρὸς
3347 3809 3463 3876 τὴν
3487 3810 3708 3879 χρείαν

2181 3895 2406 3946 νεμεαν.

2190 4008 2211 4042 ‹
2254 3986 2420 4044 Εἵπεν
2453 3993 2480 4044 ὁ
2515 3992 2689 4044 Σαοὺλ
2718 3990 2796 4062 τῷ
2826 3991 3099 4064 παιδαρίῳ
3141 3992 3342 4047 αὑτοῦ·
3384 3993 3450 4046 Τί
3474 3993 3707 4064 οἴσομεν

2115 4083 2194 4156 τῷ
2231 4083 2508 4156 ἀνθρώπῳ
2535 4083 2630 4137 τοῦ
2656 4067 2822 4150 Θεοῦξ
2847 4086 2929 4138 ὅτι
2961 4085 3014 4139 οἱ
3042 4083 3200 4158 ἄρτοι
3228 4085 3612 4140 ἐκλελοίπασιν
3636 4087 3708 4139 ὲκ

2117 4175 2227 4230 τῶν
2261 4175 2501 4245 ἀγγείων
2531 4177 2710 4247 ήμῶν.
2743 4177 2854 4231 Καὶ
2878 4172 3000 4230 εἷπε
3026 4177 3087 4232 τὸ
3114 4178 3403 4248 παιδάριον
3423 4195 3437 4210 ο
3483 4179 3618 4232 Ἰδοὺ
3646 4179 3709 4232 ὲν

2118 4271 2186 4340 τῇ
2217 4268 2360 4340 χειρί
2395 4286 2498 4340 μου
2521 4268 2783 4341 τέταρτον
2820 4269 3006 4323 σίκλου
3051 4270 3345 4342 ἀργυρίου,
3386 4270 3480 4324 καὶ
3509 4269 3710 4334 δώσεις

2129 4359 2199 4429 τῷ
2227 4357 2500 4430 ἀνθρώπῳ
2533 4358 2624 4411 τοῦ
2661 4359 2820 4413 Θεοῦ.
2861 4378 2882 4412 ι

2200 4467 2218 4502 ι
2255 4444 2424 4504 Εἶπεν
2462 4449 2748 4523 Ἰεροϐοάμ
2780 4449 2917 4522 πρὸς
2941 4449 3039 4522 τὴν
3062 4453 3299 4518 γυναῖκα
3318 4449 3483 4505 αὐτοῦ
3508 4467 3522 4481 °
3551 4452 3717 4506 Ἀνάο

502 4531 593 4540 ---
635 4531 759 4553 ---³,
796 4531 904 4543 πη,
1225 4531 1233 4535 ,
1323 4531 1334 4538 ,

429 4581 719 4639 .Ieroboam
771 4575 838 4629 ad
893 4583 1118 4626 uxorem
1161 4579 1314 4621 suam
1361 4581 1376 4618 :
1412 4559 1612 4629 Surge,
1662 4564 1719 4610 et
1764 4568 1921 4611 sume
1960 4553 1995 4607 ἱι

2128 4542 2304 4612 στηθι.
2339 4543 2433 4595 καὶ
2463 4542 2598 4595 λάϐε
2635 4543 2716 4605 εἰς
2743 4544 2843 4611 τὴν
2879 4541 3040 4612 χεῖρά
3064 4559 3159 4595 σου
3197 4542 3279 4614 τῷ
3305 4543 3584 4615 ἀνθρώπῳ
3607 4544 3708 4597 τοῦ

433 4693 595 4732 manu
632 4683 726 4728 tua
757 4667 967 4726 homini
999 4663 1093 4718 Dei
1125 4675 1318 4733 panes,
1359 4665 1414 4712 et
1453 4652 1717 4718 tortulas,
1747 4658 1801 4705 et
1832 4663 2016 4714 uvam,

431 4768 772 4925 el-Iniiloﬂ’eg.
823 4866 979 4914 xvm,
1016 4849 1071 4904 4.
1095 4874 1166 4888 ——
1209 4863 1228 4896 ι
1266 4839 1496 4912 Accepit
1554 4835 1762 4892 Abdias
1793 4839 2017 4889 centum

433 4953 585 5007 viros
613 4947 931 5020 pr0phetas,
973 4937 1269 4996 abscondit
1305 4950 1401 4992 eos
1443 4946 1550 5003 per
1595 4929 2022 5002 quinquagenos

433 5044 488 5098 in
528 5039 832 5111 speluncis,
867 5041 923 5090 et
955 5031 1142 5087 alebat
1175 5041 1297 5085 eos.
1336 5045 1355 5079 ι

509 5133 594 5190 ιγ
638 5131 764 5200 Reg.
816 5144 869 5184 Iv
903 5165 920 5193 ,
971 5126 1063 5180 10.
1103 5153 1173 5166 —
1213 5139 1233 5174 ι
1274 5121 1422 5176 Dixit
1481 5116 1678 5174 mulier
1722 5114 1790 5169 ad
1843 5112 2022 5167 virum

439 5241 639 5282 suam:
675 5222 816 5277 Ecce
843 5217 1046 5274 transit
1075 5214 1142 5269 ad
1193 5227 1294 5268 nos
1329 5210 1496 5266 homo
1539 5206 1636 5262 Dei
1680 5224 1692 5260 :
1744 5203 2020 5260 faciamus

362 5371 364 5378 ,
440 5321 519 5376 illi
542 5315 916 5379 coenaeulum,
939 5318 995 5366 et
1028 5321 1304 5381 ponamus
1333 5306 1388 5360 in
1419 5319 1486 5361 eo
1508 5302 1737 5365 lectum,
1778 5304 1835 5354 et
1868 5309 2024 5350 men-

440 5428 578 5476 sam,
615 5418 669 5466 et
695 5405 1109 5462 candelabrum.
1149 5421 1168 5455 ι

510 5504 673 5559 Prov.
710 5516 787 5568 xl,
819 5497 1000 5553 28.-
1042 5513 1062 5547 ς
1101 5493 1205 5561 Qui
1239 5491 1467 5563 adjuvat
1506 5487 1746 5558 justum,
1781 5483 1872 5538 hic
1905 5495 2027 5552 ger-

457 5595 698 5651 ninabit.
732 5611 752 5645 ι

443 5614 698 5652 ιιιιιιιιιιιι.
733 5614 752 5645 ι

512 5689 669 5744 Prov.
693 5682 933 5751 ~xxv,‘26.
958 5714 1024 5727 -—
1048 5699 1066 5733 ι
1096 5677 1263 5734 Velut
1292 5675 1337 5732 si
1355 5673 1481 5744 quis
1507 5673 1715 5726 l'ontem
1743 5667 2022 5726 obstruat,

438 5793 494 5842 et
527 5782 736 5838 exitum
771 5793 926 5849 aqua:
956 5772 1272 5838 labefactet,
1302 5769 1382 5825 sic
1418 5764 1690 5822 indecens
1721 5767 1808 5818 est
1829 5757 2028 5832 cadere

441 5891 628 5934 coram
660 5873 849 5944 impio.
892 5890 909 5922 ι

2122 4633 2260 4687 Θεοῦ
2296 4634 2498 4705 ἄρτους
2525 4635 2620 4687 καὶ
2656 4632 2976 4705 κολλυρίδας
3002 4635 3116 4698 τοῖς
3142 4634 3358 4698 τέκνοις
3391 4633 3580 4700 αὐτοῦ,
3612 4635 3713 4687 καὶ

2124 4725 2421 4797 σταφυλὴν,
2447 4726 2543 4780 καὶ
2578 4726 2720 4796 μέλι.
2751 4744 2770 4777 ι

2200 4836 2219 4869 ι
2257 4817 2494 4871 Ἔλαϐεν
2532 4817 2746 4871 ’Λϐδιοὺ
2785 4817 2985 4872 ’ἐκατον
3017 4819 3219 4891 ἄνδρας
3263 4821 3575 4893 προφήτας,
3615 4818 3713 4874 καὶ

2125 4910 2364 4983 ἔκρυψεν
2400 4911 2596 4974 αὐτοὺς
2626 4908 2733 4962 ἀνὰ
2761 4911 3101 4981 πεντήκοντα
3143 4913 3203 4966 ὲν
3256 4911 3570 4982 σπηλαίοις,
3615 4911 3717 4964 καὶ

2126 5002 2350 5075 ἔτρεφεν
2382 5001 2597 5066 αὐτούς.
2635 5021 2651 5054 ι

2203 5111 2222 5146 ι
2256 5091 2426 5149 Εἶπεν
2452 5097 2485 5166 ἡ
2516 5094 2656 5166 γυνὴ
2693 5093 2831 5168 πρὸς
2863 5095 2956 5150 τὸν
2982 5096 3152 5166 ἄνδρα
3184 5095 3392 5167 αὐτῆς·
3437 5096 3572 5150 Ἰδοὺ
3599 5096 3716 5150 δια-

2127 5186 2420 5257 πορεύεται
2448 5189 2530 5256 ὲιρ’
2561 5189 2711 5258 ἡμᾶς
2743 5188 3030 5261 ἄνθρωπος
3060 5188 3154 5243 τοῦ
3184 5188 3323 5243 Θεοῦ
3350 5206 3364 5220 ’
3387 5179 3716 5260 ςποιήσωμεν

2128 5280 2276 5353 αὐτῷ
2327 5281 2598 5353 ὑπερῷον,
2635 5283 2732 5336 καὶ
2769 5283 2954 5354 θῶμεν
2985 5281 3138 5354 αὐτῷ
3188 5284 3305 5336 ἐκεῖ
3347 5281 3561 5353 κλίνην,
3619 5283 3716 5336 καὶ

2128 5374 2428 5446 τράπεζαν,
2459 5377 2554 5429 καὶ
2584 5375 2824 5447 λυχνίαν.
2858 5394 2880 5428 θ

2207 5489 2224 5520 σ
2281 5468 2840 5542 Ἀντιλαμϐανόμενος
2874 5468 3112 5538 δικαίου,
3161 5462 3320 5534 οὗτος
3371 5468 3641 5523 ἀνατελεῖ.
3689 5486 3709 5518 ι

2207 5675 2227 5707 ι
2281 5655 2369 5717 Ὠς
2397 5652 2559 5716 εἴτις
2603 5652 2785 5723 πηγὴν
2813 5651 3069 5722 φράσσοι,
3127 5651 3223 5704 καὶ
3255 5649 3449 5712 ὓδατος
3483 5647 3717 5712 διέξοδον

2129 5749 2470 5821 λυμαίνοιτο,
2515 5745 2691 5808 οὕτως
2757 5746 3002 5816 ἄκοσμον
3064 5744 3277 5800 δίκαιον
3359 5742 3716 5797 πεπτωκέναι

2132 5840 2368 5898 ἐνώπιον
2399 5838 2652 5903 ἀσεϐοῦς.
2697 5857 2715 5890 ι
