  <div class='ocr_page' id='page_1' title='image "/cluster/home/n/w/nwhite01/storage/ocr_20150623/95:no.2/coo.31924054869999/691.png"; bbox 0 0 3960 6380; ppageno 0'>
   <div class='ocr_carea' id='block_1_1' title="bbox 381 347 515 414">
    <p class='ocr_par' dir='ltr' id='par_1_1' title="bbox 381 347 515 414">
     <span class='ocr_line' id='line_1_1' title="bbox 381 347 515 414; baseline -0.007 0"><span class='ocrx_word' id='word_1_1' title='bbox 381 347 515 414; x_wconf 64' lang='grc' dir='ltr'>επιστ</span> 
     </span>
    </p>
   </div>
   <div class='ocr_carea' id='block_1_2' title="bbox 1557 324 2470 410">
    <p class='ocr_par' dir='ltr' id='par_1_2' title="bbox 1557 324 2470 410">
     <span class='ocr_line' id='line_1_2' title="bbox 1557 324 2470 410; baseline -0.005 -2"><span class='ocrx_word' id='word_1_2' title='bbox 1557 347 1618 408; x_wconf 89' lang='lat' dir='ltr'><strong>s.</strong></span> <span class='ocrx_word' id='word_1_3' title='bbox 1658 345 1980 410; x_wconf 81' lang='lat' dir='ltr'><strong>JOANNIS</strong></span> <span class='ocrx_word' id='word_1_4' title='bbox 2040 324 2470 405; x_wconf 74' lang='lat' dir='ltr'><strong>DAMASCENI</strong></span> 
     </span>
    </p>
   </div>
   <div class='ocr_carea' id='block_1_3' title="bbox 3512 345 3705 428">
    <p class='ocr_par' dir='ltr' id='par_1_3' title="bbox 3512 345 3705 428">
     <span class='ocr_line' id='line_1_3' title="bbox 3512 345 3705 428; baseline -0.005 -19"><span class='ocrx_word' id='word_1_5' title='bbox 3512 345 3646 410; x_wconf 70' lang='lat'><strong>1303</strong></span> <span class='ocrx_word' id='word_1_6' title='bbox 3687 395 3705 428; x_wconf 79' lang='grc'><strong>,</strong></span> 
     </span>
    </p>
   </div>
   <div class='ocr_carea' id='block_1_4' title="bbox 380 457 1952 536">
    <p class='ocr_par' dir='ltr' id='par_1_4' title="bbox 380 460 1952 533">
     <span class='ocr_line' id='line_1_4' title="bbox 380 460 1952 533; baseline 0.001 -17"><span class='ocrx_word' id='word_1_7' title='bbox 380 473 529 518; x_wconf 76' lang='lat' dir='ltr'><strong>tione</strong></span> <span class='ocrx_word' id='word_1_8' title='bbox 559 468 873 527; x_wconf 82' lang='lat' dir='ltr'><strong>asseverat,</strong></span> <span class='ocrx_word' id='word_1_9' title='bbox 905 460 962 515; x_wconf 93' lang='lat' dir='ltr'><strong>in</strong></span> <span class='ocrx_word' id='word_1_10' title='bbox 993 473 1206 515; x_wconf 87' lang='lat' dir='ltr'><strong>summa</strong></span> <span class='ocrx_word' id='word_1_11' title='bbox 1232 474 1290 516; x_wconf 88' lang='lat' dir='ltr'><strong>se</strong></span> <span class='ocrx_word' id='word_1_12' title='bbox 1317 474 1548 533; x_wconf 82' lang='lat' dir='ltr'><strong>prorsus</strong></span> <span class='ocrx_word' id='word_1_13' title='bbox 1580 462 1812 532; x_wconf 89' lang='lat' dir='ltr'><strong>penuria</strong></span> <span class='ocrx_word' id='word_1_14' title='bbox 1842 477 1952 517; x_wconf 31' lang='lat' dir='ltr'><strong>ver!</strong></span> 
     </span>
    </p>
   </div>
   <div class='ocr_carea' id='block_1_5' title="bbox 2055 457 3647 536">
    <p class='ocr_par' dir='ltr' id='par_1_5' title="bbox 2070 457 3647 536">
     <span class='ocr_line' id='line_1_5' title="bbox 2070 457 3647 536; baseline 0.003 -22"><span class='ocrx_word' id='word_1_15' title='bbox 2070 457 2353 530; x_wconf 77' lang='grc' dir='ltr'>ἀρώμενος</span> <span class='ocrx_word' id='word_1_16' title='bbox 2377 457 2580 528; x_wconf 74' lang='grc' dir='ltr'>ἐαυτῷ,</span> <span class='ocrx_word' id='word_1_17' title='bbox 2612 457 2648 530; x_wconf 77' lang='grc' dir='ltr'><strong>ἢ</strong></span> <span class='ocrx_word' id='word_1_18' title='bbox 2680 458 2787 529; x_wconf 75' lang='grc' dir='ltr'>μὴν</span> <span class='ocrx_word' id='word_1_19' title='bbox 2807 457 3036 530; x_wconf 78' lang='grc' dir='ltr'>ἀπορεῖν</span> <span class='ocrx_word' id='word_1_20' title='bbox 3057 458 3362 529; x_wconf 77' lang='grc' dir='ltr'><strong>παντελῶς,</strong></span> <span class='ocrx_word' id='word_1_21' title='bbox 3380 461 3476 517; x_wconf 74' lang='grc' dir='ltr'>καὶ</span> <span class='ocrx_word' id='word_1_22' title='bbox 3495 480 3647 536; x_wconf 79' lang='grc' dir='ltr'>περι-</span> 
     </span>
    </p>
   </div>
   <div class='ocr_carea' id='block_1_6' title="bbox 375 551 1962 626">
    <p class='ocr_par' dir='ltr' id='par_1_6' title="bbox 375 551 1962 626">
     <span class='ocr_line' id='line_1_6' title="bbox 375 551 1962 626; baseline 0.001 -18"><span class='ocrx_word' id='word_1_23' title='bbox 375 553 487 608; x_wconf 83' lang='lat' dir='ltr'><strong>sari</strong></span> <span class='ocrx_word' id='word_1_24' title='bbox 513 594 529 620; x_wconf 93' lang='lat'><strong>,</strong></span> <span class='ocrx_word' id='word_1_25' title='bbox 561 560 725 626; x_wconf 89' lang='lat' dir='ltr'><strong>atque</strong></span> <span class='ocrx_word' id='word_1_26' title='bbox 758 551 924 608; x_wconf 84' lang='lat' dir='ltr'><strong>etiam</strong></span> <span class='ocrx_word' id='word_1_27' title='bbox 955 551 1393 623; x_wconf 89' lang='lat' dir='ltr'><strong>circumspicere</strong></span> <span class='ocrx_word' id='word_1_28' title='bbox 1414 592 1428 617; x_wconf 90' lang='lat'><strong>,</strong></span> <span class='ocrx_word' id='word_1_29' title='bbox 1466 568 1597 609; x_wconf 91' lang='lat' dir='ltr'><strong>num</strong></span> <span class='ocrx_word' id='word_1_30' title='bbox 1632 568 1663 608; x_wconf 91' lang='lat' dir='ltr'><strong>a</strong></span> <span class='ocrx_word' id='word_1_31' title='bbox 1695 568 1805 625; x_wconf 90' lang='lat' dir='ltr'><strong>quo</strong></span> <span class='ocrx_word' id='word_1_32' title='bbox 1839 554 1962 626; x_wconf 88' lang='lat' dir='ltr'><strong>ipse</strong></span> 
     </span>
    </p>
   </div>
   <div class='ocr_carea' id='block_1_7' title="bbox 380 644 1962 717">
    <p class='ocr_par' dir='ltr' id='par_1_7' title="bbox 380 644 1962 717">
     <span class='ocr_line' id='line_1_7' title="bbox 380 644 1962 717; baseline 0.003 -19"><span class='ocrx_word' id='word_1_33' title='bbox 380 654 576 701; x_wconf 85' lang='lat' dir='ltr'><strong>mutuo</strong></span> <span class='ocrx_word' id='word_1_34' title='bbox 614 644 879 716; x_wconf 88' lang='lat' dir='ltr'><strong>accipiat,</strong></span> <span class='ocrx_word' id='word_1_35' title='bbox 925 645 1173 700; x_wconf 82' lang='lat' dir='ltr'><strong>nancisci</strong></span> <span class='ocrx_word' id='word_1_36' title='bbox 1226 647 1433 716; x_wconf 80' lang='lat' dir='ltr'><strong>possit,</strong></span> <span class='ocrx_word' id='word_1_37' title='bbox 1486 661 1552 701; x_wconf 91' lang='lat' dir='ltr'><strong>ac</strong></span> <span class='ocrx_word' id='word_1_38' title='bbox 1596 647 1962 717; x_wconf 81' lang='lat' dir='ltr'><strong>jurejurando</strong></span> 
     </span>
    </p>
   </div>
   <div class='ocr_carea' id='block_1_8' title="bbox 377 734 1964 809">
    <p class='ocr_par' dir='ltr' id='par_1_8' title="bbox 377 734 1964 809">
     <span class='ocr_line' id='line_1_8' title="bbox 377 734 1964 809; baseline 0.004 -21"><span class='ocrx_word' id='word_1_39' title='bbox 377 735 726 790; x_wconf 89' lang='lat' dir='ltr'><strong>mendacium</strong></span> <span class='ocrx_word' id='word_1_40' title='bbox 777 734 1103 800; x_wconf 81' lang='lat' dir='ltr'><strong>confirmat,</strong></span> <span class='ocrx_word' id='word_1_41' title='bbox 1155 738 1363 792; x_wconf 87' lang='lat' dir='ltr'><strong>malum</strong></span> <span class='ocrx_word' id='word_1_42' title='bbox 1415 738 1768 796; x_wconf 75' lang='lat' dir='ltr'><strong>crudelitatis</strong></span> <span class='ocrx_word' id='word_1_43' title='bbox 1811 754 1964 809; x_wconf 70' lang='lat' dir='ltr'><strong>quae-</strong></span> 
     </span>
    </p>
   </div>
   <div class='ocr_carea' id='block_1_9' title="bbox 375 825 1961 902">
    <p class='ocr_par' dir='ltr' id='par_1_9' title="bbox 375 825 1961 902">
     <span class='ocr_line' id='line_1_9' title="bbox 375 825 1961 902; baseline 0.003 -21"><span class='ocrx_word' id='word_1_44' title='bbox 375 837 521 881; x_wconf 90' lang='lat' dir='ltr'><strong>stum</strong></span> <span class='ocrx_word' id='word_1_45' title='bbox 554 842 583 880; x_wconf 88' lang='lat' dir='ltr'><strong>a</strong></span> <span class='ocrx_word' id='word_1_46' title='bbox 616 825 864 897; x_wconf 86' lang='lat' dir='ltr'><strong>perjurio</strong></span> <span class='ocrx_word' id='word_1_47' title='bbox 895 827 1001 882; x_wconf 86' lang='lat' dir='ltr'><strong>sibi</strong></span> <span class='ocrx_word' id='word_1_48' title='bbox 1034 827 1321 899; x_wconf 76' lang='lat' dir='ltr'><strong>colligens.</strong></span> <span class='ocrx_word' id='word_1_49' title='bbox 1356 829 1427 885; x_wconf 86' lang='lat' dir='ltr'><strong>At</strong></span> <span class='ocrx_word' id='word_1_50' title='bbox 1462 839 1755 901; x_wconf 77' lang='lat' dir='ltr'><strong>postquam</strong></span> <span class='ocrx_word' id='word_1_51' title='bbox 1787 832 1835 886; x_wconf 88' lang='lat' dir='ltr'><strong>is</strong></span> <span class='ocrx_word' id='word_1_52' title='bbox 1864 831 1961 902; x_wconf 86' lang='lat' dir='ltr'><strong>qui</strong></span> 
     </span>
    </p>
   </div>
   <div class='ocr_carea' id='block_1_10' title="bbox 375 918 1960 996">
    <p class='ocr_par' dir='ltr' id='par_1_10' title="bbox 375 918 1960 996">
     <span class='ocr_line' id='line_1_10' title="bbox 375 918 1960 996; baseline 0.006 -25"><span class='ocrx_word' id='word_1_53' title='bbox 375 929 628 975; x_wconf 89' lang='lat' dir='ltr'><strong>mutuum</strong></span> <span class='ocrx_word' id='word_1_54' title='bbox 660 921 875 991; x_wconf 89' lang='lat' dir='ltr'><strong>poscit,</strong></span> <span class='ocrx_word' id='word_1_55' title='bbox 913 918 1121 978; x_wconf 84' lang='lat' dir='ltr'><strong>fenoris</strong></span> <span class='ocrx_word' id='word_1_56' title='bbox 1156 923 1444 988; x_wconf 84' lang='lat' dir='ltr'><strong>meminit,</strong></span> <span class='ocrx_word' id='word_1_57' title='bbox 1476 931 1532 980; x_wconf 85' lang='lat' dir='ltr'><strong>et</strong></span> <span class='ocrx_word' id='word_1_58' title='bbox 1580 924 1809 996; x_wconf 75' lang='lat' dir='ltr'><strong>pignora</strong></span> <span class='ocrx_word' id='word_1_59' title='bbox 1855 939 1960 980; x_wconf 87' lang='lat' dir='ltr'><strong>no-</strong></span> 
     </span>
    </p>
   </div>
   <div class='ocr_carea' id='block_1_11' title="bbox 375 1008 1962 1090">
    <p class='ocr_par' dir='ltr' id='par_1_11' title="bbox 375 1008 1962 1090">
     <span class='ocr_line' id='line_1_11' title="bbox 375 1008 1962 1090; baseline 0.007 -27"><span class='ocrx_word' id='word_1_60' title='bbox 375 1008 644 1078; x_wconf 88' lang='lat' dir='ltr'><strong>minavit,</strong></span> <span class='ocrx_word' id='word_1_61' title='bbox 679 1018 797 1066; x_wconf 90' lang='lat' dir='ltr'><strong>tum</strong></span> <span class='ocrx_word' id='word_1_62' title='bbox 837 1014 1071 1071; x_wconf 91' lang='lat' dir='ltr'><strong>remisso</strong></span> <span class='ocrx_word' id='word_1_63' title='bbox 1106 1014 1408 1086; x_wconf 88' lang='lat' dir='ltr'><strong>supercilio</strong></span> <span class='ocrx_word' id='word_1_64' title='bbox 1453 1016 1698 1082; x_wconf 84' lang='lat' dir='ltr'><strong>arridet,</strong></span> <span class='ocrx_word' id='word_1_65' title='bbox 1750 1031 1818 1073; x_wconf 87' lang='lat' dir='ltr'><strong>ac</strong></span> <span class='ocrx_word' id='word_1_66' title='bbox 1863 1032 1962 1090; x_wconf 82' lang='lat' dir='ltr'><strong>pa-</strong></span> 
     </span>
    </p>
   </div>
   <div class='ocr_carea' id='block_1_12' title="bbox 375 1103 1962 1177">
    <p class='ocr_par' dir='ltr' id='par_1_12' title="bbox 375 1103 1962 1177">
     <span class='ocr_line' id='line_1_12' title="bbox 375 1103 1962 1177; baseline 0.004 -18"><span class='ocrx_word' id='word_1_67' title='bbox 375 1113 587 1159; x_wconf 86' lang='lat' dir='ltr'><strong>ternam</strong></span> <span class='ocrx_word' id='word_1_68' title='bbox 620 1103 879 1162; x_wconf 81' lang='lat' dir='ltr'><strong>fortassis</strong></span> <span class='ocrx_word' id='word_1_69' title='bbox 908 1105 1211 1162; x_wconf 84' lang='lat' dir='ltr'><strong>amicitiam</strong></span> <span class='ocrx_word' id='word_1_70' title='bbox 1236 1120 1721 1177; x_wconf 82' lang='lat' dir='ltr'><strong>commemorans,</strong></span> <span class='ocrx_word' id='word_1_71' title='bbox 1748 1123 1875 1165; x_wconf 89' lang='lat' dir='ltr'><strong>eum</strong></span> <span class='ocrx_word' id='word_1_72' title='bbox 1905 1120 1962 1166; x_wconf 91' lang='lat' dir='ltr'><strong>et</strong></span> 
     </span>
    </p>
   </div>
   <div class='ocr_carea' id='block_1_13' title="bbox 373 1194 1959 1271">
    <p class='ocr_par' dir='ltr' id='par_1_13' title="bbox 373 1194 1959 1271">
     <span class='ocr_line' id='line_1_13' title="bbox 373 1194 1959 1271; baseline 0.006 -22"><span class='ocrx_word' id='word_1_73' title='bbox 373 1194 705 1252; x_wconf 82' lang='lat' dir='ltr'><strong>familiarem</strong></span> <span class='ocrx_word' id='word_1_74' title='bbox 756 1207 813 1254; x_wconf 91' lang='lat' dir='ltr'><strong>et</strong></span> <span class='ocrx_word' id='word_1_75' title='bbox 848 1198 1087 1254; x_wconf 88' lang='lat' dir='ltr'><strong>amicum</strong></span> <span class='ocrx_word' id='word_1_76' title='bbox 1131 1198 1392 1271; x_wconf 88' lang='lat' dir='ltr'><strong>appellat.</strong></span> <span class='ocrx_word' id='word_1_77' title='bbox 1430 1198 1706 1257; x_wconf 70' lang='lat' dir='ltr'><strong>Cancrum</strong></span> <span class='ocrx_word' id='word_1_78' title='bbox 1746 1201 1959 1258; x_wconf 89' lang='lat' dir='ltr'><strong>videbi-</strong></span> 
     </span>
    </p>
   </div>
   <div class='ocr_carea' id='block_1_14' title="bbox 373 1289 1961 1365">
    <p class='ocr_par' dir='ltr' id='par_1_14' title="bbox 373 1289 1961 1365">
     <span class='ocr_line' id='line_1_14' title="bbox 373 1289 1961 1365; baseline 0.006 -23"><span class='ocrx_word' id='word_1_79' title='bbox 373 1303 528 1352; x_wconf 89' lang='lat' dir='ltr'><strong>mus,</strong></span> <span class='ocrx_word' id='word_1_80' title='bbox 560 1289 778 1360; x_wconf 87' lang='lat' dir='ltr'><strong>inquit,</strong></span> <span class='ocrx_word' id='word_1_81' title='bbox 810 1306 943 1345; x_wconf 90' lang='lat' dir='ltr'><strong>num</strong></span> <span class='ocrx_word' id='word_1_82' title='bbox 987 1290 1123 1363; x_wconf 90' lang='lat' dir='ltr'><strong>quid</strong></span> <span class='ocrx_word' id='word_1_83' title='bbox 1165 1292 1329 1351; x_wconf 87' lang='lat' dir='ltr'><strong>nobis</strong></span> <span class='ocrx_word' id='word_1_84' title='bbox 1368 1293 1671 1351; x_wconf 64' lang='lat' dir='ltr'><strong>recondita</strong></span> <span class='ocrx_word' id='word_1_85' title='bbox 1711 1295 1961 1365; x_wconf 74' lang='lat' dir='ltr'><strong>pecuniae</strong></span> 
     </span>
    </p>
   </div>
   <div class='ocr_carea' id='block_1_15' title="bbox 373 1378 1957 1458">
    <p class='ocr_par' dir='ltr' id='par_1_15' title="bbox 373 1378 1957 1458">
     <span class='ocr_line' id='line_1_15' title="bbox 373 1378 1957 1458; baseline 0.007 -26"><span class='ocrx_word' id='word_1_86' title='bbox 373 1379 467 1434; x_wconf 93' lang='lat' dir='ltr'><strong>sit.</strong></span> <span class='ocrx_word' id='word_1_87' title='bbox 500 1378 597 1435; x_wconf 87' lang='lat' dir='ltr'><strong>Est</strong></span> <span class='ocrx_word' id='word_1_88' title='bbox 627 1395 795 1451; x_wconf 87' lang='lat' dir='ltr'><strong>penes</strong></span> <span class='ocrx_word' id='word_1_89' title='bbox 829 1396 917 1439; x_wconf 90' lang='lat' dir='ltr'><strong>me</strong></span> <span class='ocrx_word' id='word_1_90' title='bbox 947 1382 1199 1454; x_wconf 89' lang='lat' dir='ltr'><strong>deposita</strong></span> <span class='ocrx_word' id='word_1_91' title='bbox 1232 1384 1300 1441; x_wconf 88' lang='lat' dir='ltr'><strong>ab</strong></span> <span class='ocrx_word' id='word_1_92' title='bbox 1331 1388 1521 1442; x_wconf 89' lang='lat' dir='ltr'><strong>amico</strong></span> <span class='ocrx_word' id='word_1_93' title='bbox 1547 1387 1790 1458; x_wconf 85' lang='lat' dir='ltr'><strong>quodam</strong></span> <span class='ocrx_word' id='word_1_94' title='bbox 1816 1426 1833 1454; x_wconf 98' lang='lat'><strong>,</strong></span> <span class='ocrx_word' id='word_1_95' title='bbox 1864 1390 1957 1458; x_wconf 89' lang='lat' dir='ltr'><strong>qui</strong></span> 
     </span>
    </p>
   </div>
   <div class='ocr_carea' id='block_1_16' title="bbox 370 1472 1961 1543">
    <p class='ocr_par' dir='ltr' id='par_1_16' title="bbox 370 1472 1961 1543">
     <span class='ocr_line' id='line_1_16' title="bbox 370 1472 1961 1543; baseline 0.008 -19"><span class='ocrx_word' id='word_1_96' title='bbox 370 1485 493 1525; x_wconf 87' lang='lat' dir='ltr'><strong>eam</strong></span> <span class='ocrx_word' id='word_1_97' title='bbox 524 1472 658 1527; x_wconf 87' lang='lat' dir='ltr'><strong>mihi</strong></span> <span class='ocrx_word' id='word_1_98' title='bbox 689 1483 938 1543; x_wconf 63' lang='lat' dir='ltr'><strong>quaestus</strong></span> <span class='ocrx_word' id='word_1_99' title='bbox 969 1488 1142 1531; x_wconf 88' lang='lat' dir='ltr'><strong>causa</strong></span> <span class='ocrx_word' id='word_1_100' title='bbox 1172 1475 1606 1535; x_wconf 85' lang='lat' dir='ltr'><strong>commendavit.</strong></span> <span class='ocrx_word' id='word_1_101' title='bbox 1630 1477 1837 1536; x_wconf 76' lang='lat' dir='ltr'><strong>Verum</strong></span> <span class='ocrx_word' id='word_1_102' title='bbox 1868 1480 1961 1536; x_wconf 89' lang='lat' dir='ltr'><strong>ille</strong></span> 
     </span>
    </p>
   </div>
   <div class='ocr_carea' id='block_1_17' title="bbox 369 1564 1961 1642">
    <p class='ocr_par' dir='ltr' id='par_1_17' title="bbox 369 1564 1961 1642">
     <span class='ocr_line' id='line_1_17' title="bbox 369 1564 1961 1642; baseline 0.006 -22"><span class='ocrx_word' id='word_1_103' title='bbox 369 1564 594 1635; x_wconf 80' lang='lat' dir='ltr'><strong>quidem</strong></span> <span class='ocrx_word' id='word_1_104' title='bbox 629 1567 760 1622; x_wconf 87' lang='lat' dir='ltr'><strong>mihi</strong></span> <span class='ocrx_word' id='word_1_105' title='bbox 792 1584 991 1641; x_wconf 82' lang='lat' dir='ltr'><strong>graves</strong></span> <span class='ocrx_word' id='word_1_106' title='bbox 1020 1583 1227 1626; x_wconf 85' lang='lat' dir='ltr'><strong>usuras</strong></span> <span class='ocrx_word' id='word_1_107' title='bbox 1259 1571 1643 1642; x_wconf 68' lang='lat' dir='ltr'><strong>praascripsit:</strong></span> <span class='ocrx_word' id='word_1_108' title='bbox 1687 1589 1793 1631; x_wconf 88' lang='lat' dir='ltr'><strong>nos</strong></span> <span class='ocrx_word' id='word_1_109' title='bbox 1825 1588 1961 1630; x_wconf 85' lang='lat' dir='ltr'><strong>vero</strong></span> 
     </span>
    </p>
   </div>
   <div class='ocr_carea' id='block_1_18' title="bbox 370 1659 1957 1731">
    <p class='ocr_par' dir='ltr' id='par_1_18' title="bbox 370 1659 1957 1731">
     <span class='ocr_line' id='line_1_18' title="bbox 370 1659 1957 1731; baseline 0.006 -18"><span class='ocrx_word' id='word_1_110' title='bbox 370 1659 601 1713; x_wconf 91' lang='lat' dir='ltr'><strong>omnino</strong></span> <span class='ocrx_word' id='word_1_111' title='bbox 631 1660 841 1731; x_wconf 89' lang='lat' dir='ltr'><strong>aliquid</strong></span> <span class='ocrx_word' id='word_1_112' title='bbox 876 1662 1232 1721; x_wconf 86' lang='lat' dir='ltr'><strong>remittemus</strong></span> <span class='ocrx_word' id='word_1_113' title='bbox 1253 1705 1269 1731; x_wconf 93' lang='lat'><strong>,</strong></span> <span class='ocrx_word' id='word_1_114' title='bbox 1302 1679 1368 1722; x_wconf 88' lang='lat' dir='ltr'><strong>ac</strong></span> <span class='ocrx_word' id='word_1_115' title='bbox 1397 1665 1604 1722; x_wconf 84' lang='lat' dir='ltr'><strong>minori</strong></span> <span class='ocrx_word' id='word_1_116' title='bbox 1638 1666 1829 1722; x_wconf 87' lang='lat' dir='ltr'><strong>fenore</strong></span> <span class='ocrx_word' id='word_1_117' title='bbox 1857 1665 1957 1722; x_wconf 90' lang='lat' dir='ltr'><strong>da-</strong></span> 
     </span>
    </p>
   </div>
   <div class='ocr_carea' id='block_1_19' title="bbox 366 1750 1958 1829">
    <p class='ocr_par' dir='ltr' id='par_1_19' title="bbox 366 1750 1958 1829">
     <span class='ocr_line' id='line_1_19' title="bbox 366 1750 1958 1829; baseline 0.008 -27"><span class='ocrx_word' id='word_1_118' title='bbox 366 1750 476 1803; x_wconf 87' lang='lat' dir='ltr'><strong>turi</strong></span> <span class='ocrx_word' id='word_1_119' title='bbox 533 1764 746 1808; x_wconf 88' lang='lat' dir='ltr'><strong>sumus.</strong></span> <span class='ocrx_word' id='word_1_120' title='bbox 799 1751 927 1808; x_wconf 82' lang='lat' dir='ltr'><strong>llaec</strong></span> <span class='ocrx_word' id='word_1_121' title='bbox 980 1753 1072 1810; x_wconf 85' lang='lat' dir='ltr'><strong>ille</strong></span> <span class='ocrx_word' id='word_1_122' title='bbox 1118 1756 1425 1823; x_wconf 84' lang='lat' dir='ltr'><strong>simulans,</strong></span> <span class='ocrx_word' id='word_1_123' title='bbox 1458 1765 1624 1829; x_wconf 85' lang='lat' dir='ltr'><strong>atque</strong></span> <span class='ocrx_word' id='word_1_124' title='bbox 1677 1757 1958 1829; x_wconf 83' lang='lat' dir='ltr'><strong>ejusmodi</strong></span> 
     </span>
    </p>
   </div>
   <div class='ocr_carea' id='block_1_20' title="bbox 367 1842 1964 1922">
    <p class='ocr_par' dir='ltr' id='par_1_20' title="bbox 367 1842 1964 1922">
     <span class='ocr_line' id='line_1_20' title="bbox 367 1842 1964 1922; baseline 0.005 -25"><span class='ocrx_word' id='word_1_125' title='bbox 367 1857 630 1899; x_wconf 81' lang='lat' dir='ltr'><strong>sermone</strong></span> <span class='ocrx_word' id='word_1_126' title='bbox 660 1842 924 1900; x_wconf 86' lang='lat' dir='ltr'><strong>miserum</strong></span> <span class='ocrx_word' id='word_1_127' title='bbox 975 1845 1338 1916; x_wconf 87' lang='lat' dir='ltr'><strong>demulcens,</strong></span> <span class='ocrx_word' id='word_1_128' title='bbox 1389 1855 1445 1905; x_wconf 83' lang='lat' dir='ltr'><strong>et</strong></span> <span class='ocrx_word' id='word_1_129' title='bbox 1494 1848 1782 1917; x_wconf 86' lang='lat' dir='ltr'><strong>inescans,</strong></span> <span class='ocrx_word' id='word_1_130' title='bbox 1831 1862 1964 1922; x_wconf 82' lang='lat' dir='ltr'><strong>syn—</strong></span> 
     </span>
    </p>
   </div>
   <div class='ocr_carea' id='block_1_21' title="bbox 365 1932 2006 2010">
    <p class='ocr_par' dir='ltr' id='par_1_21' title="bbox 365 1932 2006 2010">
     <span class='ocr_line' id='line_1_21' title="bbox 365 1932 2006 2010; baseline 0.006 -26"><span class='ocrx_word' id='word_1_131' title='bbox 365 1932 593 2004; x_wconf 85' lang='lat' dir='ltr'><strong>graphis</strong></span> <span class='ocrx_word' id='word_1_132' title='bbox 618 1934 798 2003; x_wconf 91' lang='lat' dir='ltr'><strong>ipsum</strong></span> <span class='ocrx_word' id='word_1_133' title='bbox 831 1935 1201 2007; x_wconf 85' lang='lat' dir='ltr'><strong>constringit,</strong></span> <span class='ocrx_word' id='word_1_134' title='bbox 1228 1946 1283 1994; x_wconf 87' lang='lat' dir='ltr'><strong>et</strong></span> <span class='ocrx_word' id='word_1_135' title='bbox 1310 1945 1507 2009; x_wconf 80' lang='lat' dir='ltr'><strong>praeter</strong></span> <span class='ocrx_word' id='word_1_136' title='bbox 1529 1946 1830 2010; x_wconf 74' lang='lat' dir='ltr'><strong>egestatem</strong></span> <span class='ocrx_word' id='word_1_137' title='bbox 1852 1954 1959 2010; x_wconf 90' lang='lat' dir='ltr'><strong>qua</strong></span> <span class='ocrx_word' id='word_1_138' title='bbox 1998 1945 2006 1954; x_wconf 87' lang='lat'>&#39;</span> 
     </span>
    </p>
   </div>
   <div class='ocr_carea' id='block_1_22' title="bbox 366 2024 1960 2102">
    <p class='ocr_par' dir='ltr' id='par_1_22' title="bbox 366 2024 1960 2102">
     <span class='ocr_line' id='line_1_22' title="bbox 366 2024 1960 2102; baseline 0.006 -24"><span class='ocrx_word' id='word_1_139' title='bbox 366 2024 458 2081; x_wconf 91' lang='lat' dir='ltr'><strong>ille</strong></span> <span class='ocrx_word' id='word_1_140' title='bbox 489 2027 868 2094; x_wconf 83' lang='lat' dir='ltr'><strong>premebatur,</strong></span> <span class='ocrx_word' id='word_1_141' title='bbox 902 2036 1089 2101; x_wconf 87' lang='lat' dir='ltr'><strong>erepta</strong></span> <span class='ocrx_word' id='word_1_142' title='bbox 1119 2045 1337 2102; x_wconf 87' lang='lat' dir='ltr'><strong>quoque</strong></span> <span class='ocrx_word' id='word_1_143' title='bbox 1370 2032 1420 2087; x_wconf 91' lang='lat' dir='ltr'><strong>ei</strong></span> <span class='ocrx_word' id='word_1_144' title='bbox 1453 2031 1748 2099; x_wconf 86' lang='lat' dir='ltr'><strong>libertate,</strong></span> <span class='ocrx_word' id='word_1_145' title='bbox 1781 2031 1960 2088; x_wconf 80' lang='lat' dir='ltr'><strong>disce-</strong></span> 
     </span>
    </p>
   </div>
   <div class='ocr_carea' id='block_1_23' title="bbox 363 2104 2041 2193">
    <p class='ocr_par' dir='ltr' id='par_1_23' title="bbox 363 2104 2041 2193">
     <span class='ocr_line' id='line_1_23' title="bbox 363 2104 2041 2193; baseline 0.005 -25"><span class='ocrx_word' id='word_1_146' title='bbox 363 2115 465 2169; x_wconf 90' lang='lat' dir='ltr'><strong>dit.</strong></span> <span class='ocrx_word' id='word_1_147' title='bbox 493 2113 629 2171; x_wconf 86' lang='lat' dir='ltr'><strong>Nam</strong></span> <span class='ocrx_word' id='word_1_148' title='bbox 660 2118 751 2188; x_wconf 89' lang='lat' dir='ltr'><strong>qui</strong></span> <span class='ocrx_word' id='word_1_149' title='bbox 789 2118 1075 2177; x_wconf 87' lang='lat' dir='ltr'><strong>fenoribus</strong></span> <span class='ocrx_word' id='word_1_150' title='bbox 1106 2137 1229 2192; x_wconf 67' lang='lat' dir='ltr'><strong>qua:</strong></span> <span class='ocrx_word' id='word_1_151' title='bbox 1261 2120 1577 2193; x_wconf 80' lang='lat' dir='ltr'><strong>persolvere</strong></span> <span class='ocrx_word' id='word_1_152' title='bbox 1610 2136 1718 2177; x_wconf 86' lang='lat' dir='ltr'><strong>non</strong></span> <span class='ocrx_word' id='word_1_153' title='bbox 1748 2124 1958 2193; x_wconf 90' lang='lat' dir='ltr'><strong>possit,</strong></span> <span class='ocrx_word' id='word_1_154' title='bbox 2004 2104 2041 2123; x_wconf 64' lang='grc'><strong>’”</strong></span> 
     </span>
    </p>
   </div>
   <div class='ocr_carea' id='block_1_24' title="bbox 364 2207 1955 2297">
    <p class='ocr_par' dir='ltr' id='par_1_24' title="bbox 364 2207 1955 2297">
     <span class='ocr_line' id='line_1_24' title="bbox 364 2207 1955 2297; baseline 0.008 -35"><span class='ocrx_word' id='word_1_155' title='bbox 364 2223 491 2264; x_wconf 88' lang='lat' dir='ltr'><strong>sese</strong></span> <span class='ocrx_word' id='word_1_156' title='bbox 520 2207 800 2279; x_wconf 82' lang='lat' dir='ltr'><strong>devinxit,</strong></span> <span class='ocrx_word' id='word_1_157' title='bbox 832 2222 1157 2284; x_wconf 89' lang='lat' dir='ltr'><strong>perpetuam</strong></span> <span class='ocrx_word' id='word_1_158' title='bbox 1184 2216 1509 2272; x_wconf 77' lang='lat' dir='ltr'><strong>servitutem</strong></span> <span class='ocrx_word' id='word_1_159' title='bbox 1537 2223 1738 2297; x_wconf 85' lang='lat' dir='ltr'><strong>sponte</strong></span> <span class='ocrx_word' id='word_1_160' title='bbox 1766 2217 1955 2274; x_wconf 83' lang='lat' dir='ltr'><strong>subiit.</strong></span> 
     </span>
    </p>
   </div>
   <div class='ocr_carea' id='block_1_25' title="bbox 364 2297 1958 2381">
    <p class='ocr_par' dir='ltr' id='par_1_25' title="bbox 364 2297 1958 2381">
     <span class='ocr_line' id='line_1_25' title="bbox 364 2297 1958 2381; baseline 0.008 -29"><span class='ocrx_word' id='word_1_161' title='bbox 364 2297 535 2367; x_wconf 85' lang='lat' dir='ltr'><strong>lleus,</strong></span> <span class='ocrx_word' id='word_1_162' title='bbox 568 2308 627 2357; x_wconf 90' lang='lat' dir='ltr'><strong>tu</strong></span> <span class='ocrx_word' id='word_1_163' title='bbox 671 2317 804 2374; x_wconf 86' lang='lat' dir='ltr'><strong>opes</strong></span> <span class='ocrx_word' id='word_1_164' title='bbox 853 2313 909 2360; x_wconf 90' lang='lat' dir='ltr'><strong>et</strong></span> <span class='ocrx_word' id='word_1_165' title='bbox 946 2316 1255 2376; x_wconf 81' lang='lat' dir='ltr'><strong>proventus</strong></span> <span class='ocrx_word' id='word_1_166' title='bbox 1291 2308 1492 2379; x_wconf 73' lang='lat' dir='ltr'><strong>quaeris</strong></span> <span class='ocrx_word' id='word_1_167' title='bbox 1539 2308 1611 2366; x_wconf 92' lang='lat' dir='ltr'><strong>ab</strong></span> <span class='ocrx_word' id='word_1_168' title='bbox 1657 2309 1823 2381; x_wconf 82' lang='lat' dir='ltr'><strong>inape</strong></span> <span class='ocrx_word' id='word_1_169' title='bbox 1845 2308 1958 2365; x_wconf 69' lang='lat' dir='ltr'><strong>i‘Si</strong></span> 
     </span>
    </p>
   </div>
   <div class='ocr_carea' id='block_1_26' title="bbox 365 2391 1959 2472">
    <p class='ocr_par' dir='ltr' id='par_1_26' title="bbox 365 2391 1959 2472">
     <span class='ocr_line' id='line_1_26' title="bbox 365 2391 1959 2472; baseline 0.009 -27"><span class='ocrx_word' id='word_1_170' title='bbox 365 2391 586 2451; x_wconf 83' lang='lat' dir='ltr'><strong>divitias</strong></span> <span class='ocrx_word' id='word_1_171' title='bbox 619 2401 747 2452; x_wconf 89' lang='lat' dir='ltr'><strong>tuas</strong></span> <span class='ocrx_word' id='word_1_172' title='bbox 777 2406 997 2467; x_wconf 86' lang='lat' dir='ltr'><strong>poterat</strong></span> <span class='ocrx_word' id='word_1_173' title='bbox 1025 2414 1265 2472; x_wconf 89' lang='lat' dir='ltr'><strong>augere,</strong></span> <span class='ocrx_word' id='word_1_174' title='bbox 1297 2400 1430 2472; x_wconf 90' lang='lat' dir='ltr'><strong>quid</strong></span> <span class='ocrx_word' id='word_1_175' title='bbox 1459 2403 1683 2458; x_wconf 88' lang='lat' dir='ltr'><strong>tandem</strong></span> <span class='ocrx_word' id='word_1_176' title='bbox 1712 2402 1779 2458; x_wconf 88' lang='lat' dir='ltr'><strong>ad</strong></span> <span class='ocrx_word' id='word_1_177' title='bbox 1811 2403 1959 2460; x_wconf 87' lang='lat' dir='ltr'><strong>fores</strong></span> 
     </span>
    </p>
   </div>
   <div class='ocr_carea' id='block_1_27' title="bbox 319 2486 1957 2554">
    <p class='ocr_par' dir='ltr' id='par_1_27' title="bbox 319 2486 1957 2554">
     <span class='ocr_line' id='line_1_27' title="bbox 319 2486 1957 2554; baseline 0.009 -19"><span class='ocrx_word' id='word_1_178' title='bbox 319 2496 323 2501; x_wconf 67' lang='lat'>&#39;</span> <span class='ocrx_word' id='word_1_179' title='bbox 364 2490 491 2538; x_wconf 88' lang='lat' dir='ltr'><strong>tuas</strong></span> <span class='ocrx_word' id='word_1_180' title='bbox 524 2486 979 2554; x_wconf 66' lang='lat' dir='ltr'><strong>qtiaerebatioui</strong></span> <span class='ocrx_word' id='word_1_181' title='bbox 1018 2489 1220 2549; x_wconf 78' lang='lat' dir='ltr'><strong>auxilii</strong></span> <span class='ocrx_word' id='word_1_182' title='bbox 1243 2490 1605 2547; x_wconf 84' lang='lat' dir='ltr'><strong>nanciscendi</strong></span> <span class='ocrx_word' id='word_1_183' title='bbox 1649 2505 1820 2548; x_wconf 84' lang='lat' dir='ltr'><strong>causa</strong></span> <span class='ocrx_word' id='word_1_184' title='bbox 1861 2506 1957 2548; x_wconf 89' lang='lat' dir='ltr'><strong>ve—</strong></span> 
     </span>
    </p>
   </div>
   <div class='ocr_carea' id='block_1_28' title="bbox 366 2575 1962 2655">
    <p class='ocr_par' dir='ltr' id='par_1_28' title="bbox 366 2575 1962 2655">
     <span class='ocr_line' id='line_1_28' title="bbox 366 2575 1962 2655; baseline 0.007 -28"><span class='ocrx_word' id='word_1_185' title='bbox 366 2582 557 2640; x_wconf 91' lang='lat' dir='ltr'><strong>nerat,</strong></span> <span class='ocrx_word' id='word_1_186' title='bbox 593 2575 810 2634; x_wconf 84' lang='lat' dir='ltr'><strong>hostem</strong></span> <span class='ocrx_word' id='word_1_187' title='bbox 844 2577 1099 2636; x_wconf 84' lang='lat' dir='ltr'><strong>invenit:</strong></span> <span class='ocrx_word' id='word_1_188' title='bbox 1133 2582 1226 2651; x_wconf 90' lang='lat' dir='ltr'><strong>qui</strong></span> <span class='ocrx_word' id='word_1_189' title='bbox 1257 2582 1506 2639; x_wconf 89' lang='lat' dir='ltr'><strong>remedia</strong></span> <span class='ocrx_word' id='word_1_190' title='bbox 1540 2583 1861 2655; x_wconf 64' lang='lat' dir='ltr'><strong>quarebat,</strong></span> <span class='ocrx_word' id='word_1_191' title='bbox 1898 2582 1962 2639; x_wconf 82' lang='lat' dir='ltr'><strong>in</strong></span> 
     </span>
    </p>
   </div>
   <div class='ocr_carea' id='block_1_29' title="bbox 361 2667 1958 2750">
    <p class='ocr_par' dir='ltr' id='par_1_29' title="bbox 361 2667 1958 2750">
     <span class='ocr_line' id='line_1_29' title="bbox 361 2667 1958 2750; baseline 0.008 -30"><span class='ocrx_word' id='word_1_192' title='bbox 361 2667 606 2722; x_wconf 77' lang='lat' dir='ltr'><strong>toxicum</strong></span> <span class='ocrx_word' id='word_1_193' title='bbox 640 2668 859 2727; x_wconf 87' lang='lat' dir='ltr'><strong>incidit.</strong></span> <span class='ocrx_word' id='word_1_194' title='bbox 904 2671 1024 2729; x_wconf 86' lang='lat' dir='ltr'><strong>Pro</strong></span> <span class='ocrx_word' id='word_1_195' title='bbox 1044 2687 1109 2729; x_wconf 89' lang='lat' dir='ltr'><strong>eo</strong></span> <span class='ocrx_word' id='word_1_196' title='bbox 1152 2683 1318 2746; x_wconf 89' lang='lat' dir='ltr'><strong>atque</strong></span> <span class='ocrx_word' id='word_1_197' title='bbox 1359 2682 1662 2748; x_wconf 75' lang='lat' dir='ltr'><strong>egestatem</strong></span> <span class='ocrx_word' id='word_1_198' title='bbox 1693 2674 1858 2750; x_wconf 58' lang='lat'><strong>532</strong></span> <span class='ocrx_word' id='word_1_199' title='bbox 1890 2676 1958 2732; x_wconf 83' lang='lat' dir='ltr'><strong>il-</strong></span> 
     </span>
    </p>
   </div>
   <div class='ocr_carea' id='block_1_30' title="bbox 361 2758 1953 2839">
    <p class='ocr_par' dir='ltr' id='par_1_30' title="bbox 361 2758 1953 2839">
     <span class='ocr_line' id='line_1_30' title="bbox 361 2758 1953 2839; baseline 0.007 -27"><span class='ocrx_word' id='word_1_200' title='bbox 361 2758 469 2814; x_wconf 88' lang='lat' dir='ltr'><strong>lius</strong></span> <span class='ocrx_word' id='word_1_201' title='bbox 501 2760 800 2831; x_wconf 86' lang='lat' dir='ltr'><strong>oportebat</strong></span> <span class='ocrx_word' id='word_1_202' title='bbox 825 2764 1117 2822; x_wconf 90' lang='lat' dir='ltr'><strong>sublevare</strong></span> <span class='ocrx_word' id='word_1_203' title='bbox 1138 2805 1154 2833; x_wconf 94' lang='lat'><strong>,</strong></span> <span class='ocrx_word' id='word_1_204' title='bbox 1187 2774 1246 2822; x_wconf 89' lang='lat' dir='ltr'><strong>tu</strong></span> <span class='ocrx_word' id='word_1_205' title='bbox 1273 2776 1478 2823; x_wconf 83' lang='lat' dir='ltr'><strong>contra</strong></span> <span class='ocrx_word' id='word_1_206' title='bbox 1502 2768 1743 2838; x_wconf 89' lang='lat' dir='ltr'><strong>inopiam</strong></span> <span class='ocrx_word' id='word_1_207' title='bbox 1777 2768 1953 2839; x_wconf 89' lang='lat' dir='ltr'><strong>ipsius</strong></span> 
     </span>
    </p>
   </div>
   <div class='ocr_carea' id='block_1_31' title="bbox 360 2853 1952 2931">
    <p class='ocr_par' dir='ltr' id='par_1_31' title="bbox 360 2853 1952 2931">
     <span class='ocr_line' id='line_1_31' title="bbox 360 2853 1952 2931; baseline 0.005 -25"><span class='ocrx_word' id='word_1_208' title='bbox 360 2853 721 2924; x_wconf 88' lang='lat' dir='ltr'><strong>conduplicas</strong></span> <span class='ocrx_word' id='word_1_209' title='bbox 755 2873 775 2912; x_wconf 12' lang='lat'><strong>:7</strong></span> <span class='ocrx_word' id='word_1_210' title='bbox 804 2855 859 2911; x_wconf 92' lang='lat' dir='ltr'><strong>id</strong></span> <span class='ocrx_word' id='word_1_211' title='bbox 891 2855 1155 2912; x_wconf 87' lang='lat' dir='ltr'><strong>nimirum</strong></span> <span class='ocrx_word' id='word_1_212' title='bbox 1192 2874 1401 2931; x_wconf 81' lang='lat' dir='ltr'><strong>agens,</strong></span> <span class='ocrx_word' id='word_1_213' title='bbox 1437 2869 1494 2915; x_wconf 92' lang='lat' dir='ltr'><strong>ut</strong></span> <span class='ocrx_word' id='word_1_214' title='bbox 1530 2878 1597 2916; x_wconf 83' lang='lat' dir='ltr'><strong>ex</strong></span> <span class='ocrx_word' id='word_1_215' title='bbox 1629 2875 1697 2916; x_wconf 88' lang='lat' dir='ltr'><strong>eo</strong></span> <span class='ocrx_word' id='word_1_216' title='bbox 1726 2861 1822 2931; x_wconf 91' lang='lat' dir='ltr'><strong>qui</strong></span> <span class='ocrx_word' id='word_1_217' title='bbox 1866 2861 1952 2915; x_wconf 85' lang='lat' dir='ltr'><strong>fa-</strong></span> 
     </span>
    </p>
   </div>
   <div class='ocr_carea' id='block_1_32' title="bbox 359 2941 1952 3022">
    <p class='ocr_par' dir='ltr' id='par_1_32' title="bbox 359 2941 1952 3022">
     <span class='ocr_line' id='line_1_32' title="bbox 359 2941 1952 3022; baseline 0.006 -25"><span class='ocrx_word' id='word_1_218' title='bbox 359 2941 659 3001; x_wconf 87' lang='lat' dir='ltr'><strong>cultatibus</strong></span> <span class='ocrx_word' id='word_1_219' title='bbox 709 2946 969 3004; x_wconf 86' lang='lat' dir='ltr'><strong>omnibus</strong></span> <span class='ocrx_word' id='word_1_220' title='bbox 1020 2947 1362 3016; x_wconf 88' lang='lat' dir='ltr'><strong>destituitur,</strong></span> <span class='ocrx_word' id='word_1_221' title='bbox 1414 2951 1768 3007; x_wconf 89' lang='lat' dir='ltr'><strong>commodum</strong></span> <span class='ocrx_word' id='word_1_222' title='bbox 1819 2951 1952 3022; x_wconf 85' lang='lat' dir='ltr'><strong>quid</strong></span> 
     </span>
    </p>
   </div>
   <div class='ocr_carea' id='block_1_33' title="bbox 359 3034 647 3104">
    <p class='ocr_par' dir='ltr' id='par_1_33' title="bbox 359 3034 647 3104">
     <span class='ocr_line' id='line_1_33' title="bbox 359 3034 647 3104; baseline 0.01 -16"><span class='ocrx_word' id='word_1_223' title='bbox 359 3034 647 3104; x_wconf 86' lang='lat' dir='ltr'><strong>decerpas.</strong></span> 
     </span>
    </p>
   </div>
   <div class='ocr_carea' id='block_1_34' title="bbox 2064 545 3645 622">
    <p class='ocr_par' dir='ltr' id='par_1_34' title="bbox 2064 545 3645 622">
     <span class='ocr_line' id='line_1_34' title="bbox 2064 545 3645 622; baseline 0.004 -20"><span class='ocrx_word' id='word_1_224' title='bbox 2064 550 2293 603; x_wconf 76' lang='grc' dir='ltr'><strong>σκοπεῖν</strong></span> <span class='ocrx_word' id='word_1_225' title='bbox 2332 548 2430 603; x_wconf 77' lang='grc' dir='ltr'>καὶ</span> <span class='ocrx_word' id='word_1_226' title='bbox 2454 547 2643 616; x_wconf 78' lang='grc' dir='ltr'>αὐτὸς,</span> <span class='ocrx_word' id='word_1_227' title='bbox 2687 549 2742 602; x_wconf 77' lang='lat' dir='ltr'><strong>ef</strong></span> <span class='ocrx_word' id='word_1_228' title='bbox 2782 565 2908 604; x_wconf 90' lang='grc' dir='ltr'>τινα</span> <span class='ocrx_word' id='word_1_229' title='bbox 2932 545 3081 622; x_wconf 73' lang='grc' dir='ltr'>ε’ύρῃ</span> <span class='ocrx_word' id='word_1_230' title='bbox 3124 549 3232 604; x_wconf 87' lang='grc' dir='ltr'><strong>τῶν</strong></span> <span class='ocrx_word' id='word_1_231' title='bbox 3273 550 3645 618; x_wconf 76' lang='grc' dir='ltr'>δανειζόντων.</span> 
     </span>
    </p>
   </div>
   <div class='ocr_carea' id='block_1_35' title="bbox 2061 623 3645 714">
    <p class='ocr_par' dir='ltr' id='par_1_35' title="bbox 2061 623 3645 714">
     <span class='ocr_line' id='line_1_35' title="bbox 2061 623 3645 714; baseline 0.003 -20"><span class='ocrx_word' id='word_1_232' title='bbox 2061 641 2159 695; x_wconf 81' lang='grc' dir='ltr'>καὶ</span> <span class='ocrx_word' id='word_1_233' title='bbox 2214 639 2584 712; x_wconf 74' lang='grc' dir='ltr'><strong>πιστούμενος</strong></span> <span class='ocrx_word' id='word_1_234' title='bbox 2618 639 2680 693; x_wconf 85' lang='grc' dir='ltr'><strong>τὸ</strong></span> <span class='ocrx_word' id='word_1_235' title='bbox 2718 639 2917 711; x_wconf 77' lang='grc' dir='ltr'>ψεῦδος</span> <span class='ocrx_word' id='word_1_236' title='bbox 2962 623 3053 695; x_wconf 82' lang='grc' dir='ltr'><strong>διά</strong></span> <span class='ocrx_word' id='word_1_237' title='bbox 3101 641 3213 696; x_wconf 88' lang='grc' dir='ltr'><strong>τῶν</strong></span> <span class='ocrx_word' id='word_1_238' title='bbox 3245 642 3446 714; x_wconf 78' lang='grc' dir='ltr'>ὅρκων,</span> <span class='ocrx_word' id='word_1_239' title='bbox 3479 648 3645 700; x_wconf 73' lang='grc' dir='ltr'>κακὸν</span> 
     </span>
    </p>
   </div>
   <div class='ocr_carea' id='block_1_36' title="bbox 2063 730 3647 806">
    <p class='ocr_par' dir='ltr' id='par_1_36' title="bbox 2063 730 3647 806">
     <span class='ocr_line' id='line_1_36' title="bbox 2063 730 3647 806; baseline 0.004 -21"><span class='ocrx_word' id='word_1_240' title='bbox 2063 732 2524 805; x_wconf 77' lang='grc' dir='ltr'>παρεμπόρευμα</span> <span class='ocrx_word' id='word_1_241' title='bbox 2582 730 2684 802; x_wconf 72' lang='grc' dir='ltr'>τῆς</span> <span class='ocrx_word' id='word_1_242' title='bbox 2747 732 3152 804; x_wconf 77' lang='grc' dir='ltr'><strong>ἀπανθρωπίας</strong></span> <span class='ocrx_word' id='word_1_243' title='bbox 3209 732 3311 804; x_wconf 76' lang='grc' dir='ltr'>τὴν</span> <span class='ocrx_word' id='word_1_244' title='bbox 3362 735 3647 806; x_wconf 74' lang='grc' dir='ltr'><strong>ἐπιορκίαν</strong></span> 
     </span>
    </p>
   </div>
   <div class='ocr_carea' id='block_1_37' title="bbox 2062 827 3646 902">
    <p class='ocr_par' dir='ltr' id='par_1_37' title="bbox 2062 827 3646 902">
     <span class='ocr_line' id='line_1_37' title="bbox 2062 827 3646 902; baseline 0.001 -19"><span class='ocrx_word' id='word_1_245' title='bbox 2062 828 2514 900; x_wconf 81' lang='grc' dir='ltr'><strong>προσκτώμενος.</strong></span> <span class='ocrx_word' id='word_1_246' title='bbox 2557 827 2813 883; x_wconf 77' lang='grc' dir='ltr'>Ἐπειδὰν</span> <span class='ocrx_word' id='word_1_247' title='bbox 2873 829 2931 883; x_wconf 76' lang='grc' dir='ltr'>δὲ</span> <span class='ocrx_word' id='word_1_248' title='bbox 2984 831 3012 883; x_wconf 86' lang='grc' dir='ltr'><strong>ό</strong></span> <span class='ocrx_word' id='word_1_249' title='bbox 3067 829 3250 902; x_wconf 80' lang='grc' dir='ltr'><strong>ζητῶν</strong></span> <span class='ocrx_word' id='word_1_250' title='bbox 3297 829 3362 884; x_wconf 79' lang='grc' dir='ltr'>τὺ</span> <span class='ocrx_word' id='word_1_251' title='bbox 3415 831 3646 898; x_wconf 79' lang='grc' dir='ltr'><strong>δάνειον,</strong></span> 
     </span>
    </p>
   </div>
   <div class='ocr_carea' id='block_1_38' title="bbox 2060 919 3647 993">
    <p class='ocr_par' dir='ltr' id='par_1_38' title="bbox 2060 919 3647 993">
     <span class='ocr_line' id='line_1_38' title="bbox 2060 919 3647 993; baseline 0.002 -19"><span class='ocrx_word' id='word_1_252' title='bbox 2060 921 2243 975; x_wconf 83' lang='grc' dir='ltr'><strong>τόκων</strong></span> <span class='ocrx_word' id='word_1_253' title='bbox 2283 920 2527 993; x_wconf 83' lang='grc' dir='ltr'><strong>μνησθῇ,</strong></span> <span class='ocrx_word' id='word_1_254' title='bbox 2559 920 2655 974; x_wconf 78' lang='grc' dir='ltr'><strong>καὶ</strong></span> <span class='ocrx_word' id='word_1_255' title='bbox 2687 919 2971 992; x_wconf 80' lang='grc' dir='ltr'><strong>ὑποθήκας</strong></span> <span class='ocrx_word' id='word_1_256' title='bbox 2996 921 3263 993; x_wconf 71' lang='grc' dir='ltr'>ὀνομάσῃ,</span> <span class='ocrx_word' id='word_1_257' title='bbox 3304 921 3430 976; x_wconf 85' lang='grc' dir='ltr'>τότε</span> <span class='ocrx_word' id='word_1_258' title='bbox 3481 939 3647 978; x_wconf 79' lang='grc' dir='ltr'>καταο</span> 
     </span>
    </p>
   </div>
   <div class='ocr_carea' id='block_1_39' title="bbox 2061 1012 3651 1087">
    <p class='ocr_par' dir='ltr' id='par_1_39' title="bbox 2061 1012 3651 1087">
     <span class='ocr_line' id='line_1_39' title="bbox 2061 1012 3651 1087; baseline 0.001 -18"><span class='ocrx_word' id='word_1_259' title='bbox 2061 1013 2248 1069; x_wconf 78' lang='grc' dir='ltr'>ϐαλὼν</span> <span class='ocrx_word' id='word_1_260' title='bbox 2278 1012 2378 1086; x_wconf 77' lang='grc' dir='ltr'>τὴν</span> <span class='ocrx_word' id='word_1_261' title='bbox 2407 1013 2582 1085; x_wconf 78' lang='grc' dir='ltr'>ὀφρὺν</span> <span class='ocrx_word' id='word_1_262' title='bbox 2625 1013 3081 1087; x_wconf 76' lang='grc' dir='ltr'><strong>προσεμειδίασε,</strong></span> <span class='ocrx_word' id='word_1_263' title='bbox 3121 1014 3216 1071; x_wconf 85' lang='grc' dir='ltr'><strong>καί</strong></span> <span class='ocrx_word' id='word_1_264' title='bbox 3247 1032 3355 1069; x_wconf 87' lang='grc' dir='ltr'><strong>που</strong></span> <span class='ocrx_word' id='word_1_265' title='bbox 3398 1016 3496 1070; x_wconf 67' lang='grc' dir='ltr'><strong>καλ⁸</strong></span> <span class='ocrx_word' id='word_1_266' title='bbox 3545 1035 3651 1071; x_wconf 84' lang='grc' dir='ltr'>πα-</span> 
     </span>
    </p>
   </div>
   <div class='ocr_carea' id='block_1_40' title="bbox 2059 1100 3647 1180">
    <p class='ocr_par' dir='ltr' id='par_1_40' title="bbox 2059 1100 3647 1180">
     <span class='ocr_line' id='line_1_40' title="bbox 2059 1100 3647 1180; baseline 0.003 -21"><span class='ocrx_word' id='word_1_267' title='bbox 2059 1104 2244 1180; x_wconf 81' lang='grc' dir='ltr'>τρῴας</span> <span class='ocrx_word' id='word_1_268' title='bbox 2275 1104 2462 1175; x_wconf 82' lang='grc' dir='ltr'>φιλίας</span> <span class='ocrx_word' id='word_1_269' title='bbox 2482 1104 2762 1177; x_wconf 84' lang='grc' dir='ltr'>ἐμνήσθη,</span> <span class='ocrx_word' id='word_1_270' title='bbox 2795 1104 2897 1161; x_wconf 75' lang='grc' dir='ltr'><strong>καὶ</strong></span> <span class='ocrx_word' id='word_1_271' title='bbox 2919 1105 3129 1176; x_wconf 85' lang='grc' dir='ltr'><strong>συνήθη</strong></span> <span class='ocrx_word' id='word_1_272' title='bbox 3152 1100 3277 1159; x_wconf 80' lang='grc' dir='ltr'>εἷπε</span> <span class='ocrx_word' id='word_1_273' title='bbox 3327 1107 3425 1161; x_wconf 75' lang='grc' dir='ltr'>καὶ</span> <span class='ocrx_word' id='word_1_274' title='bbox 3465 1106 3647 1177; x_wconf 78' lang='grc' dir='ltr'>φίλον.</span> 
     </span>
    </p>
   </div>
   <div class='ocr_carea' id='block_1_41' title="bbox 2060 1196 3651 1274">
    <p class='ocr_par' dir='ltr' id='par_1_41' title="bbox 2060 1196 3651 1274">
     <span class='ocr_line' id='line_1_41' title="bbox 2060 1196 3651 1274; baseline 0.001 -21"><span class='ocrx_word' id='word_1_275' title='bbox 2060 1199 2173 1253; x_wconf 75' lang='lat' dir='ltr'><strong>Kal.</strong></span> <span class='ocrx_word' id='word_1_276' title='bbox 2203 1197 2476 1270; x_wconf 79' lang='grc' dir='ltr'><strong>ὀψόμεθα,</strong></span> <span class='ocrx_word' id='word_1_277' title='bbox 2495 1197 2653 1269; x_wconf 67' lang='grc' dir='ltr'>φησι,</span> <span class='ocrx_word' id='word_1_278' title='bbox 2670 1196 2844 1250; x_wconf 82' lang='grc' dir='ltr'>εἴπού</span> <span class='ocrx_word' id='word_1_279' title='bbox 2872 1197 2928 1252; x_wconf 91' lang='grc' dir='ltr'><strong>τί</strong></span> <span class='ocrx_word' id='word_1_280' title='bbox 2951 1200 3100 1274; x_wconf 78' lang='grc' dir='ltr'>ἐστιν</span> <span class='ocrx_word' id='word_1_281' title='bbox 3119 1200 3253 1269; x_wconf 82' lang='grc' dir='ltr'>ἡμῖν</span> <span class='ocrx_word' id='word_1_282' title='bbox 3280 1200 3651 1271; x_wconf 77' lang='grc' dir='ltr'><strong>ἀποκείμενον</strong></span> 
     </span>
    </p>
   </div>
   <div class='ocr_carea' id='block_1_42' title="bbox 2061 1285 3647 1361">
    <p class='ocr_par' dir='ltr' id='par_1_42' title="bbox 2061 1285 3647 1361">
     <span class='ocr_line' id='line_1_42' title="bbox 2061 1285 3647 1361; baseline 0.001 -19"><span class='ocrx_word' id='word_1_283' title='bbox 2061 1287 2350 1360; x_wconf 83' lang='grc' dir='ltr'>ἀργύριον.</span> <span class='ocrx_word' id='word_1_284' title='bbox 2385 1285 2546 1345; x_wconf 80' lang='grc' dir='ltr'>Ἔστι</span> <span class='ocrx_word' id='word_1_285' title='bbox 2575 1286 2635 1340; x_wconf 74' lang='grc' dir='ltr'>δὲ</span> <span class='ocrx_word' id='word_1_286' title='bbox 2677 1285 3125 1359; x_wconf 82' lang='grc' dir='ltr'>παρακαταθήκη</span> <span class='ocrx_word' id='word_1_287' title='bbox 3151 1287 3307 1357; x_wconf 90' lang='grc' dir='ltr'>φίλου</span> <span class='ocrx_word' id='word_1_288' title='bbox 3339 1288 3533 1361; x_wconf 75' lang='grc' dir='ltr'>ἀνδρὸς</span> <span class='ocrx_word' id='word_1_289' title='bbox 3557 1290 3647 1344; x_wconf 76' lang='grc' dir='ltr'>ἐπ’</span> 
     </span>
    </p>
   </div>
   <div class='ocr_carea' id='block_1_43' title="bbox 2061 1378 3650 1453">
    <p class='ocr_par' dir='ltr' id='par_1_43' title="bbox 2061 1378 3650 1453">
     <span class='ocr_line' id='line_1_43' title="bbox 2061 1378 3650 1453; baseline 0.001 -22"><span class='ocrx_word' id='word_1_290' title='bbox 2061 1380 2299 1451; x_wconf 81' lang='grc' dir='ltr'>ἐργασίᾳ</span> <span class='ocrx_word' id='word_1_291' title='bbox 2331 1379 2731 1451; x_wconf 82' lang='grc' dir='ltr'>παραθεμένου.</span> <span class='ocrx_word' id='word_1_292' title='bbox 2754 1380 2918 1450; x_wconf 78' lang='grc' dir='ltr'><strong>ἡμῖν·</strong></span> <span class='ocrx_word' id='word_1_293' title='bbox 2952 1378 3068 1434; x_wconf 86' lang='grc' dir='ltr'>ἀλλ’</span> <span class='ocrx_word' id='word_1_294' title='bbox 3088 1379 3297 1445; x_wconf 81' lang='grc' dir='ltr'>ἐκεῖνος</span> <span class='ocrx_word' id='word_1_295' title='bbox 3328 1380 3428 1452; x_wconf 82' lang='grc' dir='ltr'><strong>μὲν</strong></span> <span class='ocrx_word' id='word_1_296' title='bbox 3461 1380 3650 1453; x_wconf 80' lang='grc' dir='ltr'>βαρεῖς</span> 
     </span>
    </p>
   </div>
   <div class='ocr_carea' id='block_1_44' title="bbox 2063 1470 3649 1544">
    <p class='ocr_par' dir='ltr' id='par_1_44' title="bbox 2063 1470 3649 1544">
     <span class='ocr_line' id='line_1_44' title="bbox 2063 1470 3649 1544; baseline 0.003 -19"><span class='ocrx_word' id='word_1_297' title='bbox 2063 1473 2152 1526; x_wconf 58' lang='grc' dir='ltr'>ἐπτ</span> <span class='ocrx_word' id='word_1_298' title='bbox 2177 1471 2329 1544; x_wconf 81' lang='grc' dir='ltr'><strong>αὐτῷ</strong></span> <span class='ocrx_word' id='word_1_299' title='bbox 2347 1472 2478 1536; x_wconf 80' lang='grc' dir='ltr'>τοὺς</span> <span class='ocrx_word' id='word_1_300' title='bbox 2511 1473 2705 1536; x_wconf 79' lang='grc' dir='ltr'>τόκους</span> <span class='ocrx_word' id='word_1_301' title='bbox 2738 1470 2966 1543; x_wconf 86' lang='grc' dir='ltr'>ὥρισεν,</span> <span class='ocrx_word' id='word_1_302' title='bbox 3007 1473 3171 1544; x_wconf 79' lang='grc' dir='ltr'>ἡμεῖς</span> <span class='ocrx_word' id='word_1_303' title='bbox 3199 1472 3257 1526; x_wconf 85' lang='grc' dir='ltr'>δὲ</span> <span class='ocrx_word' id='word_1_304' title='bbox 3286 1473 3505 1538; x_wconf 82' lang='grc' dir='ltr'>πάντως</span> <span class='ocrx_word' id='word_1_305' title='bbox 3542 1475 3649 1530; x_wconf 78' lang='grc' dir='ltr'>ἐπ-</span> 
     </span>
    </p>
   </div>
   <div class='ocr_carea' id='block_1_45' title="bbox 2062 1565 3649 1638">
    <p class='ocr_par' dir='ltr' id='par_1_45' title="bbox 2062 1565 3649 1638">
     <span class='ocr_line' id='line_1_45' title="bbox 2062 1565 3649 1638; baseline 0.001 -18"><span class='ocrx_word' id='word_1_306' title='bbox 2062 1567 2340 1638; x_wconf 75' lang='grc' dir='ltr'>ανήσομὲν</span> <span class='ocrx_word' id='word_1_307' title='bbox 2371 1584 2447 1630; x_wconf 85' lang='grc' dir='ltr'><strong>τι,</strong></span> <span class='ocrx_word' id='word_1_308' title='bbox 2474 1567 2567 1620; x_wconf 78' lang='grc' dir='ltr'>καὶ</span> <span class='ocrx_word' id='word_1_309' title='bbox 2606 1565 2979 1622; x_wconf 70' lang='grc' dir='ltr'>ἐπελάττωσιιν</span> <span class='ocrx_word' id='word_1_310' title='bbox 3015 1569 3127 1630; x_wconf 82' lang='grc' dir='ltr'>τοῖς</span> <span class='ocrx_word' id='word_1_311' title='bbox 3155 1568 3338 1632; x_wconf 86' lang='grc' dir='ltr'>τόκοις</span> <span class='ocrx_word' id='word_1_312' title='bbox 3375 1565 3649 1638; x_wconf 86' lang='grc' dir='ltr'>δώσομεν.</span> 
     </span>
    </p>
   </div>
   <div class='ocr_carea' id='block_1_46' title="bbox 2064 1656 3651 1729">
    <p class='ocr_par' dir='ltr' id='par_1_46' title="bbox 2064 1656 3651 1729">
     <span class='ocr_line' id='line_1_46' title="bbox 2064 1656 3651 1729; baseline 0.001 -18"><span class='ocrx_word' id='word_1_313' title='bbox 2064 1658 2304 1713; x_wconf 79' lang='grc' dir='ltr'>Τοιαῦτα</span> <span class='ocrx_word' id='word_1_314' title='bbox 2345 1656 2997 1729; x_wconf 79' lang='grc' dir='ltr'>κατασχηματιζόμενος,</span> <span class='ocrx_word' id='word_1_315' title='bbox 3026 1658 3123 1711; x_wconf 76' lang='grc' dir='ltr'>καὶ</span> <span class='ocrx_word' id='word_1_316' title='bbox 3162 1657 3429 1724; x_wconf 81' lang='grc' dir='ltr'>τοιούτοις</span> <span class='ocrx_word' id='word_1_317' title='bbox 3469 1658 3651 1728; x_wconf 80' lang='grc' dir='ltr'><strong>λόγοις</strong></span> 
     </span>
    </p>
   </div>
   <div class='ocr_carea' id='block_1_47' title="bbox 2064 1747 3659 1819">
    <p class='ocr_par' dir='ltr' id='par_1_47' title="bbox 2064 1747 3659 1819">
     <span class='ocr_line' id='line_1_47' title="bbox 2064 1747 3659 1819; baseline 0.001 -18"><span class='ocrx_word' id='word_1_318' title='bbox 2064 1747 2688 1818; x_wconf 75' lang='grc' dir='ltr'>ὑποφαίνων,δελεάζων</span> <span class='ocrx_word' id='word_1_319' title='bbox 2714 1748 2806 1804; x_wconf 83' lang='grc' dir='ltr'><strong>τδν</strong></span> <span class='ocrx_word' id='word_1_320' title='bbox 2827 1747 3456 1819; x_wconf 72' lang='grc' dir='ltr'>ἀθλιον,,γραμματείοις</span> <span class='ocrx_word' id='word_1_321' title='bbox 3482 1748 3659 1804; x_wconf 74' lang='grc' dir='ltr'>αὑτὸν</span> 
     </span>
    </p>
   </div>
   <div class='ocr_carea' id='block_1_48' title="bbox 2067 1838 3662 1914">
    <p class='ocr_par' dir='ltr' id='par_1_48' title="bbox 2067 1838 3662 1914">
     <span class='ocr_line' id='line_1_48' title="bbox 2067 1838 3662 1914; baseline 0.001 -19"><span class='ocrx_word' id='word_1_322' title='bbox 2067 1840 2518 1912; x_wconf 85' lang='grc' dir='ltr'>προκαταδήσας,</span> <span class='ocrx_word' id='word_1_323' title='bbox 2551 1843 2646 1895; x_wconf 78' lang='grc' dir='ltr'>καὶ</span> <span class='ocrx_word' id='word_1_324' title='bbox 2676 1841 2815 1914; x_wconf 82' lang='grc' dir='ltr'>πρὸς</span> <span class='ocrx_word' id='word_1_325' title='bbox 2836 1844 2903 1914; x_wconf 74' lang='grc' dir='ltr'>τῇ</span> <span class='ocrx_word' id='word_1_326' title='bbox 2938 1838 3336 1913; x_wconf 50' lang='grc' dir='ltr'>καταπονούσῃ,</span> <span class='ocrx_word' id='word_1_327' title='bbox 3356 1841 3542 1913; x_wconf 75' lang='grc' dir='ltr'>πενίᾳ,</span> <span class='ocrx_word' id='word_1_328' title='bbox 3566 1840 3662 1896; x_wconf 72' lang='grc' dir='ltr'><strong>ἐτι</strong></span> 
     </span>
    </p>
   </div>
   <div class='ocr_carea' id='block_1_49' title="bbox 2063 1929 3663 2002">
    <p class='ocr_par' dir='ltr' id='par_1_49' title="bbox 2063 1929 3663 2002">
     <span class='ocr_line' id='line_1_49' title="bbox 2063 1929 3663 2002; baseline -0.002 -16"><span class='ocrx_word' id='word_1_329' title='bbox 2063 1933 2162 1986; x_wconf 74' lang='grc' dir='ltr'><strong>καὶ</strong></span> <span class='ocrx_word' id='word_1_330' title='bbox 2213 1929 2315 2002; x_wconf 76' lang='grc' dir='ltr'>τὴν</span> <span class='ocrx_word' id='word_1_331' title='bbox 2380 1929 2700 2002; x_wconf 77' lang='grc' dir='ltr'>ἐλευθερίαν</span> <span class='ocrx_word' id='word_1_332' title='bbox 2757 1929 2851 1984; x_wconf 83' lang='grc' dir='ltr'>τοῦ</span> <span class='ocrx_word' id='word_1_333' title='bbox 2908 1930 3103 2002; x_wconf 81' lang='grc' dir='ltr'>ἀνδρὸς</span> <span class='ocrx_word' id='word_1_334' title='bbox 3166 1929 3663 2002; x_wconf 77' lang='grc' dir='ltr'>προσαφελόμενος</span> 
     </span>
    </p>
   </div>
   <div class='ocr_carea' id='block_1_50' title="bbox 2060 2023 3663 2097">
    <p class='ocr_par' dir='ltr' id='par_1_50' title="bbox 2060 2023 3663 2097">
     <span class='ocr_line' id='line_1_50' title="bbox 2060 2023 3663 2097; baseline 0.001 -21"><span class='ocrx_word' id='word_1_335' title='bbox 2060 2023 2256 2095; x_wconf 75' lang='grc' dir='ltr'>ᾤχετο.</span> <span class='ocrx_word' id='word_1_336' title='bbox 2288 2024 2348 2078; x_wconf 84' lang='grc'><strong>’0</strong></span> <span class='ocrx_word' id='word_1_337' title='bbox 2374 2023 2483 2097; x_wconf 84' lang='grc' dir='ltr'><strong>γάρ</strong></span> <span class='ocrx_word' id='word_1_338' title='bbox 2506 2024 2689 2089; x_wconf 80' lang='grc' dir='ltr'>τόκοις</span> <span class='ocrx_word' id='word_1_339' title='bbox 2710 2023 2906 2078; x_wconf 77' lang='grc' dir='ltr'>ἑαυτὸν</span> <span class='ocrx_word' id='word_1_340' title='bbox 2939 2023 3252 2078; x_wconf 47' lang='grc' dir='ltr'>ὑπεύθυνον.</span> <span class='ocrx_word' id='word_1_341' title='bbox 3268 2023 3663 2094; x_wconf 48' lang='grc' dir='ltr'>καταστήσας,</span> 
     </span>
    </p>
   </div>
   <div class='ocr_carea' id='block_1_51' title="bbox 2064 2112 3653 2189">
    <p class='ocr_par' dir='ltr' id='par_1_51' title="bbox 2064 2112 3653 2189">
     <span class='ocr_line' id='line_1_51' title="bbox 2064 2112 3653 2189; baseline -0.002 -17"><span class='ocrx_word' id='word_1_342' title='bbox 2064 2112 2141 2172; x_wconf 83' lang='grc' dir='ltr'>ὧν</span> <span class='ocrx_word' id='word_1_343' title='bbox 2169 2116 2268 2189; x_wconf 82' lang='grc' dir='ltr'><strong>τὴν</strong></span> <span class='ocrx_word' id='word_1_344' title='bbox 2297 2116 2511 2173; x_wconf 70' lang='grc' dir='ltr'>ἔκτισιν</span> <span class='ocrx_word' id='word_1_345' title='bbox 2537 2117 2641 2173; x_wconf 76' lang='grc' dir='ltr'>οὐκ</span> <span class='ocrx_word' id='word_1_346' title='bbox 2671 2115 2999 2186; x_wconf 81' lang='grc' dir='ltr'>ὑφίσταται,</span> <span class='ocrx_word' id='word_1_347' title='bbox 3029 2115 3275 2172; x_wconf 79' lang='grc' dir='ltr'><strong>δουλείαν</strong></span> <span class='ocrx_word' id='word_1_348' title='bbox 3319 2115 3653 2188; x_wconf 83' lang='grc' dir='ltr'>αὐθαίρετον</span> 
     </span>
    </p>
   </div>
   <div class='ocr_carea' id='block_1_52' title="bbox 2061 2207 3654 2281">
    <p class='ocr_par' dir='ltr' id='par_1_52' title="bbox 2061 2207 3654 2281">
     <span class='ocr_line' id='line_1_52' title="bbox 2061 2207 3654 2281; baseline -0.001 -18"><span class='ocrx_word' id='word_1_349' title='bbox 2061 2209 2395 2274; x_wconf 81' lang='grc' dir='ltr'>κατεδέξατο</span> <span class='ocrx_word' id='word_1_350' title='bbox 2414 2208 2503 2263; x_wconf 91' lang='grc' dir='ltr'><strong>διά</strong></span> <span class='ocrx_word' id='word_1_351' title='bbox 2534 2208 2673 2280; x_wconf 90' lang='grc' dir='ltr'>βίου.</span> <span class='ocrx_word' id='word_1_352' title='bbox 2698 2209 2997 2281; x_wconf 80' lang='grc' dir='ltr'>Χρήματα,</span> <span class='ocrx_word' id='word_1_353' title='bbox 3022 2207 3145 2262; x_wconf 85' lang='grc' dir='ltr'><strong>είπέ</strong></span> <span class='ocrx_word' id='word_1_354' title='bbox 3176 2225 3290 2280; x_wconf 87' lang='grc' dir='ltr'>μοι,</span> <span class='ocrx_word' id='word_1_355' title='bbox 3322 2208 3417 2262; x_wconf 77' lang='grc' dir='ltr'><strong>καὶ</strong></span> <span class='ocrx_word' id='word_1_356' title='bbox 3444 2207 3654 2279; x_wconf 81' lang='grc' dir='ltr'>πόρους</span> 
     </span>
    </p>
   </div>
   <div class='ocr_carea' id='block_1_53' title="bbox 2060 2298 3653 2373">
    <p class='ocr_par' dir='ltr' id='par_1_53' title="bbox 2060 2298 3653 2373">
     <span class='ocr_line' id='line_1_53' title="bbox 2060 2298 3653 2373; baseline -0.001 -18"><span class='ocrx_word' id='word_1_357' title='bbox 2060 2299 2351 2372; x_wconf 54' lang='grc' dir='ltr'>ἐπιζητεξ</span> <span class='ocrx_word' id='word_1_358' title='bbox 2380 2300 2537 2371; x_wconf 85' lang='grc' dir='ltr'>παρὰ</span> <span class='ocrx_word' id='word_1_359' title='bbox 2564 2301 2660 2354; x_wconf 78' lang='grc' dir='ltr'>τοῦ</span> <span class='ocrx_word' id='word_1_360' title='bbox 2687 2300 2921 2373; x_wconf 83' lang='grc' dir='ltr'>ἀπόρου,</span> <span class='ocrx_word' id='word_1_361' title='bbox 2952 2301 3049 2358; x_wconf 74' lang='grc' dir='ltr'><strong>καὶ</strong></span> <span class='ocrx_word' id='word_1_362' title='bbox 3076 2301 3127 2355; x_wconf 87' lang='grc' dir='ltr'><strong>εί</strong></span> <span class='ocrx_word' id='word_1_363' title='bbox 3157 2298 3560 2373; x_wconf 82' lang='grc' dir='ltr'>πλουσιώτερόν</span> <span class='ocrx_word' id='word_1_364' title='bbox 3586 2317 3653 2354; x_wconf 80' lang='grc' dir='ltr'><strong>σε</strong></span> 
     </span>
    </p>
   </div>
   <div class='ocr_carea' id='block_1_54' title="bbox 2059 2393 3759 2468">
    <p class='ocr_par' dir='ltr' id='par_1_54' title="bbox 2059 2393 3759 2468">
     <span class='ocr_line' id='line_1_54' title="bbox 2059 2393 3759 2468; baseline -0.001 -18"><span class='ocrx_word' id='word_1_365' title='bbox 2059 2395 2390 2466; x_wconf 85' lang='grc' dir='ltr'>ἀποφαίνειν</span> <span class='ocrx_word' id='word_1_366' title='bbox 2426 2394 2685 2466; x_wconf 79' lang='grc' dir='ltr'>ἠδύνατο,</span> <span class='ocrx_word' id='word_1_367' title='bbox 2714 2395 2768 2449; x_wconf 90' lang='grc' dir='ltr'><strong>τί</strong></span> <span class='ocrx_word' id='word_1_368' title='bbox 2809 2394 2994 2467; x_wconf 80' lang='grc' dir='ltr'>ἐζήτει</span> <span class='ocrx_word' id='word_1_369' title='bbox 3027 2394 3184 2468; x_wconf 84' lang='grc' dir='ltr'>παρὰ</span> <span class='ocrx_word' id='word_1_370' title='bbox 3216 2393 3317 2459; x_wconf 83' lang='grc' dir='ltr'>τὰς</span> <span class='ocrx_word' id='word_1_371' title='bbox 3339 2393 3513 2466; x_wconf 83' lang='grc' dir='ltr'>θύρας</span> <span class='ocrx_word' id='word_1_372' title='bbox 3544 2394 3654 2457; x_wconf 81' lang='grc' dir='ltr'>τὰς</span> <span class='ocrx_word' id='word_1_373' title='bbox 3755 2408 3759 2412; x_wconf 72' lang='grc'><em>’</em></span> 
     </span>
    </p>
   </div>
   <div class='ocr_carea' id='block_1_55' title="bbox 2060 2482 3654 2560">
    <p class='ocr_par' dir='ltr' id='par_1_55' title="bbox 2060 2482 3654 2560">
     <span class='ocr_line' id='line_1_55' title="bbox 2060 2482 3654 2560; baseline -0.001 -17"><span class='ocrx_word' id='word_1_374' title='bbox 2060 2490 2160 2552; x_wconf 84' lang='grc' dir='ltr'><strong>σάς</strong></span> <span class='ocrx_word' id='word_1_375' title='bbox 2186 2505 2202 2556; x_wconf 86' lang='grc'><strong>;</strong></span> <span class='ocrx_word' id='word_1_376' title='bbox 2247 2489 2372 2543; x_wconf 76' lang='grc' dir='ltr'><strong>Ἐπὶ</strong></span> <span class='ocrx_word' id='word_1_377' title='bbox 2396 2488 2720 2560; x_wconf 83' lang='grc' dir='ltr'>συμμαχίαν</span> <span class='ocrx_word' id='word_1_378' title='bbox 2743 2487 2945 2556; x_wconf 71' lang='grc' dir='ltr'>ἐλθὼν,</span> <span class='ocrx_word' id='word_1_379' title='bbox 2967 2488 3215 2560; x_wconf 85' lang='grc' dir='ltr'>πόλεμον,</span> <span class='ocrx_word' id='word_1_380' title='bbox 3242 2482 3424 2560; x_wconf 78' lang='grc' dir='ltr'>εὗρεν,</span> <span class='ocrx_word' id='word_1_381' title='bbox 3462 2487 3654 2555; x_wconf 82' lang='grc' dir='ltr'>ἀλεξι-</span> 
     </span>
    </p>
   </div>
   <div class='ocr_carea' id='block_1_56' title="bbox 2059 2578 3653 2653">
    <p class='ocr_par' dir='ltr' id='par_1_56' title="bbox 2059 2578 3653 2653">
     <span class='ocr_line' id='line_1_56' title="bbox 2059 2578 3653 2653; baseline 0.001 -19"><span class='ocrx_word' id='word_1_382' title='bbox 2059 2579 2329 2650; x_wconf 85' lang='grc' dir='ltr'>φάρμακα</span> <span class='ocrx_word' id='word_1_383' title='bbox 2357 2578 2654 2651; x_wconf 80' lang='grc' dir='ltr'>ἐπιζητῶν,</span> <span class='ocrx_word' id='word_1_384' title='bbox 2684 2579 3039 2652; x_wconf 84' lang='grc' dir='ltr'>δηλητηρίοις</span> <span class='ocrx_word' id='word_1_385' title='bbox 3070 2579 3327 2653; x_wconf 82' lang='grc' dir='ltr'>ἐνέτυχεν</span> <span class='ocrx_word' id='word_1_386' title='bbox 3346 2596 3361 2611; x_wconf 87' lang='grc'><strong>·</strong></span> <span class='ocrx_word' id='word_1_387' title='bbox 3392 2580 3512 2635; x_wconf 83' lang='grc' dir='ltr'>δέον</span> <span class='ocrx_word' id='word_1_388' title='bbox 3540 2596 3653 2636; x_wconf 89' lang='grc' dir='ltr'>πα-</span> 
     </span>
    </p>
   </div>
   <div class='ocr_carea' id='block_1_57' title="bbox 2058 2668 3653 2742">
    <p class='ocr_par' dir='ltr' id='par_1_57' title="bbox 2058 2668 3653 2742">
     <span class='ocr_line' id='line_1_57' title="bbox 2058 2668 3653 2742; baseline 0.003 -20"><span class='ocrx_word' id='word_1_389' title='bbox 2058 2668 2429 2740; x_wconf 87' lang='grc' dir='ltr'>ραμυθεῖσθαι</span> <span class='ocrx_word' id='word_1_390' title='bbox 2466 2668 2562 2723; x_wconf 83' lang='grc' dir='ltr'><strong>τοῦ</strong></span> <span class='ocrx_word' id='word_1_391' title='bbox 2603 2670 2801 2742; x_wconf 81' lang='grc' dir='ltr'>ἀνδρὸς</span> <span class='ocrx_word' id='word_1_392' title='bbox 2831 2670 2932 2742; x_wconf 83' lang='grc' dir='ltr'><strong>τὴν</strong></span> <span class='ocrx_word' id='word_1_393' title='bbox 2976 2671 3248 2742; x_wconf 85' lang='grc' dir='ltr'>πτωχίαν,</span> <span class='ocrx_word' id='word_1_394' title='bbox 3280 2673 3346 2727; x_wconf 72' lang='grc' dir='ltr'><strong>σὺ</strong></span> <span class='ocrx_word' id='word_1_395' title='bbox 3386 2672 3446 2726; x_wconf 84' lang='grc' dir='ltr'>δὲ</span> <span class='ocrx_word' id='word_1_396' title='bbox 3479 2673 3653 2727; x_wconf 83' lang='grc' dir='ltr'>πολυ-</span> 
     </span>
    </p>
   </div>
   <div class='ocr_carea' id='block_1_58' title="bbox 2056 2758 3655 2835">
    <p class='ocr_par' dir='ltr' id='par_1_58' title="bbox 2056 2758 3655 2835">
     <span class='ocr_line' id='line_1_58' title="bbox 2056 2758 3655 2835; baseline 0.005 -22"><span class='ocrx_word' id='word_1_397' title='bbox 2056 2761 2399 2829; x_wconf 75' lang='grc' dir='ltr'>πλασιάζεις,</span> <span class='ocrx_word' id='word_1_398' title='bbox 2447 2761 2549 2833; x_wconf 81' lang='grc' dir='ltr'><strong>τὴν</strong></span> <span class='ocrx_word' id='word_1_399' title='bbox 2597 2760 2809 2819; x_wconf 71' lang='grc' dir='ltr'>ἔνδειαν</span> <span class='ocrx_word' id='word_1_400' title='bbox 2862 2758 3279 2835; x_wconf 80' lang='grc' dir='ltr'>ἐκκαρποῦσθαι</span> <span class='ocrx_word' id='word_1_401' title='bbox 3329 2763 3510 2835; x_wconf 80' lang='grc' dir='ltr'>ζητῶν</span> <span class='ocrx_word' id='word_1_402' title='bbox 3552 2765 3655 2821; x_wconf 70' lang='grc' dir='ltr'>τὸν</span> 
     </span>
    </p>
   </div>
   <div class='ocr_carea' id='block_1_59' title="bbox 2056 2853 2301 2926">
    <p class='ocr_par' dir='ltr' id='par_1_59' title="bbox 2056 2853 2301 2926">
     <span class='ocr_line' id='line_1_59' title="bbox 2056 2853 2301 2926; baseline -0.004 -4"><span class='ocrx_word' id='word_1_403' title='bbox 2056 2853 2265 2926; x_wconf 74' lang='grc' dir='ltr'>ἔρημον</span> <span class='ocrx_word' id='word_1_404' title='bbox 2285 2871 2301 2920; x_wconf 88' lang='grc'>;</span> 
     </span>
    </p>
   </div>
   <div class='ocr_carea' id='block_1_60' title="bbox 2188 3067 2199 3077">
    <p class='ocr_par' dir='ltr' id='par_1_60' title="bbox 2188 3067 2199 3077">
     <span class='ocr_line' id='line_1_60' title="bbox 2188 3067 2199 3077; baseline 0 0"><span class='ocrx_word' id='word_1_405' title='bbox 2188 3067 2199 3077; x_wconf 72' lang='grc' dir='ltr'><strong>ο</strong></span> 
     </span>
    </p>
   </div>
   <div class='ocr_carea' id='block_1_61' title="bbox 438 3123 1952 3215">
    <p class='ocr_par' dir='ltr' id='par_1_61' title="bbox 438 3123 1950 3205">
     <span class='ocr_line' id='line_1_61' title="bbox 438 3123 1950 3205; baseline 0.008 -25"><span class='ocrx_word' id='word_1_406' title='bbox 438 3123 578 3182; x_wconf 82' lang='lat' dir='ltr'><strong>Ibid.</strong></span> <span class='ocrx_word' id='word_1_407' title='bbox 602 3158 671 3169; x_wconf 87' lang='lat'><strong>-—</strong></span> <span class='ocrx_word' id='word_1_408' title='bbox 692 3124 863 3201; x_wconf 86' lang='lat' dir='ltr'><strong>Origo</strong></span> <span class='ocrx_word' id='word_1_409' title='bbox 887 3129 1160 3187; x_wconf 89' lang='lat' dir='ltr'><strong>mendacii</strong></span> <span class='ocrx_word' id='word_1_410' title='bbox 1189 3139 1274 3189; x_wconf 87' lang='lat' dir='ltr'><strong>est</strong></span> <span class='ocrx_word' id='word_1_411' title='bbox 1296 3131 1538 3188; x_wconf 89' lang='lat' dir='ltr'><strong>fcnerari</strong></span> <span class='ocrx_word' id='word_1_412' title='bbox 1557 3175 1573 3202; x_wconf 92' lang='lat'><strong>,</strong></span> <span class='ocrx_word' id='word_1_413' title='bbox 1600 3135 1805 3205; x_wconf 77' lang='lat' dir='ltr'><strong>ingrati</strong></span> <span class='ocrx_word' id='word_1_414' title='bbox 1838 3137 1950 3192; x_wconf 89' lang='lat' dir='ltr'><strong>ani-</strong></span> 
     </span>
    </p>
   </div>
   <div class='ocr_carea' id='block_1_62' title="bbox 2055 3123 3647 3215">
    <p class='ocr_par' dir='ltr' id='par_1_62' title="bbox 2126 3126 3647 3204">
     <span class='ocr_line' id='line_1_62' title="bbox 2126 3126 3647 3204; baseline 0.005 -25"><span class='ocrx_word' id='word_1_415' title='bbox 2126 3126 2373 3191; x_wconf 78' lang='grc' dir='ltr'>Ψεύδους</span> <span class='ocrx_word' id='word_1_416' title='bbox 2397 3127 2542 3199; x_wconf 82' lang='grc' dir='ltr'>ἀρχὴ</span> <span class='ocrx_word' id='word_1_417' title='bbox 2563 3126 2625 3181; x_wconf 86' lang='grc' dir='ltr'>τὸ</span> <span class='ocrx_word' id='word_1_418' title='bbox 2640 3127 3015 3197; x_wconf 87' lang='grc' dir='ltr'>δανείσασθαι,</span> <span class='ocrx_word' id='word_1_419' title='bbox 3039 3129 3370 3201; x_wconf 79' lang='grc' dir='ltr'>ἀχαριστίας</span> <span class='ocrx_word' id='word_1_420' title='bbox 3391 3131 3647 3204; x_wconf 76' lang='grc' dir='ltr'>ἀφορμὴ,</span> 
     </span>
    </p>
   </div>
   <div class='ocr_carea' id='block_1_63' title="bbox 359 3218 1957 3293">
    <p class='ocr_par' dir='ltr' id='par_1_63' title="bbox 359 3218 1957 3293">
     <span class='ocr_line' id='line_1_63' title="bbox 359 3218 1957 3293; baseline 0.006 -20"><span class='ocrx_word' id='word_1_421' title='bbox 359 3218 469 3285; x_wconf 87' lang='lat' dir='ltr'><strong>mi,</strong></span> <span class='ocrx_word' id='word_1_422' title='bbox 519 3218 763 3289; x_wconf 74' lang='lat' dir='ltr'><strong>perfidiae</strong></span> <span class='ocrx_word' id='word_1_423' title='bbox 811 3230 867 3277; x_wconf 91' lang='lat' dir='ltr'><strong>et</strong></span> <span class='ocrx_word' id='word_1_424' title='bbox 913 3222 1145 3293; x_wconf 72' lang='lat' dir='ltr'><strong>periurii</strong></span> <span class='ocrx_word' id='word_1_425' title='bbox 1197 3237 1392 3280; x_wconf 91' lang='lat' dir='ltr'><strong>causa.</strong></span> <span class='ocrx_word' id='word_1_426' title='bbox 1443 3222 1566 3281; x_wconf 82' lang='lat' dir='ltr'><strong>Non</strong></span> <span class='ocrx_word' id='word_1_427' title='bbox 1622 3224 1702 3281; x_wconf 82' lang='lat' dir='ltr'><strong>illi</strong></span> <span class='ocrx_word' id='word_1_428' title='bbox 1760 3235 1957 3284; x_wconf 87' lang='lat' dir='ltr'><strong>noctes</strong></span> 
     </span>
    </p>
   </div>
   <div class='ocr_carea' id='block_1_64' title="bbox 357 3310 1950 3389">
    <p class='ocr_par' dir='ltr' id='par_1_64' title="bbox 357 3310 1950 3389">
     <span class='ocr_line' id='line_1_64' title="bbox 357 3310 1950 3389; baseline 0.005 -24"><span class='ocrx_word' id='word_1_429' title='bbox 357 3310 599 3383; x_wconf 83' lang='lat' dir='ltr'><strong>quietem</strong></span> <span class='ocrx_word' id='word_1_430' title='bbox 634 3311 821 3370; x_wconf 83' lang='lat' dir='ltr'><strong>ferunt</strong></span> <span class='ocrx_word' id='word_1_431' title='bbox 847 3354 862 3379; x_wconf 92' lang='lat'><strong>,</strong></span> <span class='ocrx_word' id='word_1_432' title='bbox 898 3329 1005 3370; x_wconf 89' lang='lat' dir='ltr'><strong>non</strong></span> <span class='ocrx_word' id='word_1_433' title='bbox 1034 3328 1268 3372; x_wconf 87' lang='lat' dir='ltr'><strong>serenus</strong></span> <span class='ocrx_word' id='word_1_434' title='bbox 1298 3315 1419 3372; x_wconf 90' lang='lat' dir='ltr'><strong>dies</strong></span> <span class='ocrx_word' id='word_1_435' title='bbox 1447 3323 1571 3384; x_wconf 89' lang='lat' dir='ltr'><strong>est,</strong></span> <span class='ocrx_word' id='word_1_436' title='bbox 1607 3333 1715 3374; x_wconf 91' lang='lat' dir='ltr'><strong>non</strong></span> <span class='ocrx_word' id='word_1_437' title='bbox 1745 3318 1839 3375; x_wconf 65' lang='lat' dir='ltr'><strong>sol‘</strong></span> <span class='ocrx_word' id='word_1_438' title='bbox 1856 3320 1950 3389; x_wconf 73' lang='lat' dir='ltr'><strong>ju-</strong></span> 
     </span>
    </p>
   </div>
   <div class='ocr_carea' id='block_1_65' title="bbox 357 3404 1951 3480">
    <p class='ocr_par' dir='ltr' id='par_1_65' title="bbox 357 3404 1951 3480">
     <span class='ocr_line' id='line_1_65' title="bbox 357 3404 1951 3480; baseline 0.004 -22"><span class='ocrx_word' id='word_1_439' title='bbox 357 3404 575 3459; x_wconf 79' lang='lat' dir='ltr'><strong>cundus</strong></span> <span class='ocrx_word' id='word_1_440' title='bbox 595 3444 610 3471; x_wconf 91' lang='lat'><strong>,</strong></span> <span class='ocrx_word' id='word_1_441' title='bbox 645 3404 743 3460; x_wconf 90' lang='lat' dir='ltr'><strong>sed</strong></span> <span class='ocrx_word' id='word_1_442' title='bbox 768 3420 892 3461; x_wconf 93' lang='lat' dir='ltr'><strong>eum</strong></span> <span class='ocrx_word' id='word_1_443' title='bbox 923 3405 1053 3461; x_wconf 72' lang='lat' dir='ltr'><strong>vita:</strong></span> <span class='ocrx_word' id='word_1_444' title='bbox 1078 3416 1195 3463; x_wconf 61' lang='lat' dir='ltr'><strong>suae</strong></span> <span class='ocrx_word' id='word_1_445' title='bbox 1221 3404 1404 3463; x_wconf 68' lang='lat' dir='ltr'><strong>taedet.</strong></span> <span class='ocrx_word' id='word_1_446' title='bbox 1434 3406 1561 3464; x_wconf 86' lang='lat' dir='ltr'><strong>Dies</strong></span> <span class='ocrx_word' id='word_1_447' title='bbox 1591 3407 1741 3477; x_wconf 90' lang='lat' dir='ltr'><strong>odit,</strong></span> <span class='ocrx_word' id='word_1_448' title='bbox 1771 3414 1833 3464; x_wconf 92' lang='lat' dir='ltr'><strong>ut</strong></span> <span class='ocrx_word' id='word_1_449' title='bbox 1856 3411 1951 3480; x_wconf 91' lang='lat' dir='ltr'><strong>qui</strong></span> 
     </span>
    </p>
   </div>
   <div class='ocr_carea' id='block_1_66' title="bbox 358 3495 1951 3572">
    <p class='ocr_par' dir='ltr' id='par_1_66' title="bbox 358 3495 1951 3572">
     <span class='ocr_line' id='line_1_66' title="bbox 358 3495 1951 3572; baseline 0.006 -22"><span class='ocrx_word' id='word_1_450' title='bbox 358 3495 426 3551; x_wconf 80' lang='lat' dir='ltr'><strong>ad</strong></span> <span class='ocrx_word' id='word_1_451' title='bbox 457 3496 1000 3568; x_wconf 79' lang='lat' dir='ltr'><strong>praestitutumdiem</strong></span> <span class='ocrx_word' id='word_1_452' title='bbox 1028 3509 1333 3572; x_wconf 89' lang='lat' dir='ltr'><strong>properant</strong></span> <span class='ocrx_word' id='word_1_453' title='bbox 1364 3517 1380 3567; x_wconf 89' lang='lat'>;</span> <span class='ocrx_word' id='word_1_454' title='bbox 1404 3514 1632 3557; x_wconf 89' lang='lat' dir='ltr'><strong>menses</strong></span> <span class='ocrx_word' id='word_1_455' title='bbox 1653 3540 1670 3567; x_wconf 92' lang='lat'><strong>,</strong></span> <span class='ocrx_word' id='word_1_456' title='bbox 1697 3511 1761 3557; x_wconf 88' lang='lat' dir='ltr'><strong>ut</strong></span> <span class='ocrx_word' id='word_1_457' title='bbox 1796 3500 1951 3559; x_wconf 83' lang='lat' dir='ltr'><strong>feno-</strong></span> 
     </span>
    </p>
   </div>
   <div class='ocr_carea' id='block_1_67' title="bbox 355 3590 1952 3661">
    <p class='ocr_par' dir='ltr' id='par_1_67' title="bbox 355 3590 1952 3661">
     <span class='ocr_line' id='line_1_67' title="bbox 355 3590 1952 3661; baseline 0.003 -18"><span class='ocrx_word' id='word_1_458' title='bbox 355 3604 478 3644; x_wconf 85' lang='lat' dir='ltr'><strong>rum</strong></span> <span class='ocrx_word' id='word_1_459' title='bbox 514 3596 778 3661; x_wconf 80' lang='lat' dir='ltr'><strong>parentes</strong></span> <span class='ocrx_word' id='word_1_460' title='bbox 807 3591 1208 3661; x_wconf 87' lang='lat' dir='ltr'><strong>perhorrescit.</strong></span> <span class='ocrx_word' id='word_1_461' title='bbox 1235 3590 1389 3658; x_wconf 86' lang='lat' dir='ltr'><strong>Quod</strong></span> <span class='ocrx_word' id='word_1_462' title='bbox 1418 3592 1464 3647; x_wconf 86' lang='lat' dir='ltr'><strong>si</strong></span> <span class='ocrx_word' id='word_1_463' title='bbox 1494 3591 1737 3659; x_wconf 85' lang='lat' dir='ltr'><strong>dormit,</strong></span> <span class='ocrx_word' id='word_1_464' title='bbox 1772 3594 1952 3650; x_wconf 90' lang='lat' dir='ltr'><strong>credi-</strong></span> 
     </span>
    </p>
   </div>
   <div class='ocr_carea' id='block_1_68' title="bbox 355 3681 1949 3753">
    <p class='ocr_par' dir='ltr' id='par_1_68' title="bbox 355 3681 1949 3753">
     <span class='ocr_line' id='line_1_68' title="bbox 355 3681 1949 3753; baseline 0.001 -17"><span class='ocrx_word' id='word_1_465' title='bbox 355 3692 532 3737; x_wconf 91' lang='lat' dir='ltr'><strong>torem</strong></span> <span class='ocrx_word' id='word_1_466' title='bbox 563 3681 631 3737; x_wconf 51' lang='lat' dir='ltr'><strong>in.</strong></span> <span class='ocrx_word' id='word_1_467' title='bbox 656 3682 1080 3739; x_wconf 76' lang='lat' dir='ltr'><strong>somniscernit</strong></span> <span class='ocrx_word' id='word_1_468' title='bbox 1102 3723 1116 3748; x_wconf 95' lang='lat'><strong>,</strong></span> <span class='ocrx_word' id='word_1_469' title='bbox 1153 3683 1494 3738; x_wconf 87' lang='lat' dir='ltr'><strong>insomnium</strong></span> <span class='ocrx_word' id='word_1_470' title='bbox 1543 3682 1752 3737; x_wconf 87' lang='lat' dir='ltr'><strong>malum</strong></span> <span class='ocrx_word' id='word_1_471' title='bbox 1782 3684 1949 3753; x_wconf 81' lang='lat' dir='ltr'><strong>capiti</strong></span> 
     </span>
    </p>
   </div>
   <div class='ocr_carea' id='block_1_69' title="bbox 355 3771 1948 3844">
    <p class='ocr_par' dir='ltr' id='par_1_69' title="bbox 355 3771 1948 3844">
     <span class='ocr_line' id='line_1_69' title="bbox 355 3771 1948 3844; baseline 0.003 -18"><span class='ocrx_word' id='word_1_472' title='bbox 355 3786 460 3827; x_wconf 87' lang='lat' dir='ltr'><strong>suo</strong></span> <span class='ocrx_word' id='word_1_473' title='bbox 488 3771 813 3829; x_wconf 85' lang='lat' dir='ltr'><strong>imminens.</strong></span> <span class='ocrx_word' id='word_1_474' title='bbox 844 3772 901 3828; x_wconf 89' lang='lat' dir='ltr'><strong>Si</strong></span> <span class='ocrx_word' id='word_1_475' title='bbox 929 3773 1157 3844; x_wconf 86' lang='lat' dir='ltr'><strong>vigilet,</strong></span> <span class='ocrx_word' id='word_1_476' title='bbox 1185 3773 1452 3844; x_wconf 86' lang='lat' dir='ltr'><strong>cogitatio</strong></span> <span class='ocrx_word' id='word_1_477' title='bbox 1485 3773 1613 3843; x_wconf 86' lang='lat' dir='ltr'><strong>ejus</strong></span> <span class='ocrx_word' id='word_1_478' title='bbox 1642 3784 1697 3830; x_wconf 90' lang='lat' dir='ltr'><strong>et</strong></span> <span class='ocrx_word' id='word_1_479' title='bbox 1725 3788 1860 3830; x_wconf 91' lang='lat' dir='ltr'><strong>cura</strong></span> <span class='ocrx_word' id='word_1_480' title='bbox 1892 3775 1948 3830; x_wconf 91' lang='lat' dir='ltr'><strong>in</strong></span> 
     </span>
    </p>
   </div>
   <div class='ocr_carea' id='block_1_70' title="bbox 356 3862 1954 3940">
    <p class='ocr_par' dir='ltr' id='par_1_70' title="bbox 356 3862 1954 3940">
     <span class='ocr_line' id='line_1_70' title="bbox 356 3862 1954 3940; baseline 0.003 -20"><span class='ocrx_word' id='word_1_481' title='bbox 356 3864 560 3920; x_wconf 80' lang='lat' dir='ltr'><strong>fenore</strong></span> <span class='ocrx_word' id='word_1_482' title='bbox 606 3862 780 3920; x_wconf 74' lang='lat' dir='ltr'><strong>infixa</strong></span> <span class='ocrx_word' id='word_1_483' title='bbox 828 3873 935 3921; x_wconf 87' lang='lat' dir='ltr'><strong>est.</strong></span> <span class='ocrx_word' id='word_1_484' title='bbox 991 3863 1266 3921; x_wconf 81' lang='lat' dir='ltr'><strong>Creditore</strong></span> <span class='ocrx_word' id='word_1_485' title='bbox 1330 3874 1384 3921; x_wconf 80' lang='lat' dir='ltr'><strong>et</strong></span> <span class='ocrx_word' id='word_1_486' title='bbox 1436 3865 1712 3934; x_wconf 76' lang='lat' dir='ltr'><strong>debitore,</strong></span> <span class='ocrx_word' id='word_1_487' title='bbox 1770 3868 1954 3940; x_wconf 85' lang='lat' dir='ltr'><strong>inquit-</strong></span> 
     </span>
    </p>
   </div>
   <div class='ocr_carea' id='block_1_71' title="bbox 356 3955 1952 4041">
    <p class='ocr_par' dir='ltr' id='par_1_71' title="bbox 356 3955 1952 4041">
     <span class='ocr_line' id='line_1_71' title="bbox 356 3955 1952 4041; baseline 0.003 -31"><span class='ocrx_word' id='word_1_488' title='bbox 356 3955 651 4026; x_wconf 85' lang='lat' dir='ltr'><strong>Scriptura</strong></span> <span class='ocrx_word' id='word_1_489' title='bbox 675 3955 1070 4041; x_wconf 36' lang='lat' dir='ltr'><strong>uobviantibus</strong></span> <span class='ocrx_word' id='word_1_490' title='bbox 1116 3957 1377 4025; x_wconf 76' lang='lat' dir='ltr'><strong>invi-cem,</strong></span> <span class='ocrx_word' id='word_1_491' title='bbox 1425 3958 1612 4016; x_wconf 83' lang='lat' dir='ltr'><strong>ambos</strong></span> <span class='ocrx_word' id='word_1_492' title='bbox 1642 3961 1952 4031; x_wconf 76' lang='lat' dir='ltr'><strong>speculatur</strong></span> 
     </span>
    </p>
   </div>
   <div class='ocr_carea' id='block_1_72' title="bbox 354 4047 1949 4126">
    <p class='ocr_par' dir='ltr' id='par_1_72' title="bbox 354 4047 1949 4126">
     <span class='ocr_line' id='line_1_72' title="bbox 354 4047 1949 4126; baseline 0.006 -24"><span class='ocrx_word' id='word_1_493' title='bbox 354 4047 619 4105; x_wconf 74' lang='lat' dir='ltr'><strong>Dominus</strong></span> <span class='ocrx_word' id='word_1_494' title='bbox 644 4048 830 4121; x_wconf 84' lang='lat' dir='ltr'><strong>(Prov.</strong></span> <span class='ocrx_word' id='word_1_495' title='bbox 862 4066 991 4105; x_wconf 75' lang='lat' dir='ltr'><strong>xxix</strong></span> <span class='ocrx_word' id='word_1_496' title='bbox 1016 4092 1031 4118; x_wconf 96' lang='lat'><strong>,</strong></span> <span class='ocrx_word' id='word_1_497' title='bbox 1057 4050 1169 4121; x_wconf 77' lang='grc'><strong>13).</strong></span> <span class='ocrx_word' id='word_1_498' title='bbox 1194 4049 1295 4107; x_wconf 89' lang='lat' dir='ltr'><strong>Ille</strong></span> <span class='ocrx_word' id='word_1_499' title='bbox 1325 4053 1482 4109; x_wconf 88' lang='lat' dir='ltr'><strong>canis</strong></span> <span class='ocrx_word' id='word_1_500' title='bbox 1513 4052 1693 4109; x_wconf 85' lang='lat' dir='ltr'><strong>instar</strong></span> <span class='ocrx_word' id='word_1_501' title='bbox 1720 4052 1949 4126; x_wconf 66' lang='lat' dir='ltr'><strong>ad‘prae-</strong></span> 
     </span>
    </p>
   </div>
   <div class='ocr_carea' id='block_1_73' title="bbox 353 4140 1941 4216">
    <p class='ocr_par' dir='ltr' id='par_1_73' title="bbox 353 4140 1941 4216">
     <span class='ocr_line' id='line_1_73' title="bbox 353 4140 1941 4216; baseline 0.005 -24"><span class='ocrx_word' id='word_1_502' title='bbox 353 4140 478 4195; x_wconf 83' lang='lat' dir='ltr'><strong>dam</strong></span> <span class='ocrx_word' id='word_1_503' title='bbox 512 4141 805 4199; x_wconf 75' lang='lat' dir='ltr'><strong>accurrit:</strong></span> <span class='ocrx_word' id='word_1_504' title='bbox 835 4142 930 4201; x_wconf 89' lang='lat' dir='ltr'><strong>bic</strong></span> <span class='ocrx_word' id='word_1_505' title='bbox 981 4143 1154 4199; x_wconf 90' lang='lat' dir='ltr'><strong>veluti</strong></span> <span class='ocrx_word' id='word_1_506' title='bbox 1206 4151 1363 4200; x_wconf 89' lang='lat' dir='ltr'><strong>certa</strong></span> <span class='ocrx_word' id='word_1_507' title='bbox 1401 4145 1525 4216; x_wconf 82' lang='lat' dir='ltr'><strong>ipse</strong></span> <span class='ocrx_word' id='word_1_508' title='bbox 1566 4152 1795 4216; x_wconf 88' lang='lat' dir='ltr'><strong>captura</strong></span> <span class='ocrx_word' id='word_1_509' title='bbox 1825 4146 1941 4212; x_wconf 91' lang='lat' dir='ltr'><strong>sit,</strong></span> 
     </span>
    </p>
   </div>
   <div class='ocr_carea' id='block_1_74' title="bbox 2056 3219 3661 3301">
    <p class='ocr_par' dir='ltr' id='par_1_74' title="bbox 2056 3219 3661 3301">
     <span class='ocr_line' id='line_1_74' title="bbox 2056 3219 3661 3301; baseline 0.004 -28"><span class='ocrx_word' id='word_1_510' title='bbox 2056 3219 2345 3291; x_wconf 70' lang='grc' dir='ltr'>ἐπιορκίας</span> <span class='ocrx_word' id='word_1_511' title='bbox 2391 3235 2454 3273; x_wconf 90' lang='grc' dir='ltr'><strong>τε</strong></span> <span class='ocrx_word' id='word_1_512' title='bbox 2497 3219 2594 3274; x_wconf 73' lang='grc' dir='ltr'><strong>καὶ</strong></span> <span class='ocrx_word' id='word_1_513' title='bbox 2643 3219 3064 3292; x_wconf 81' lang='grc' dir='ltr'>ἀγνωμοσύνης.</span> <span class='ocrx_word' id='word_1_514' title='bbox 3109 3222 3185 3277; x_wconf 83' lang='grc' dir='ltr'><strong>Οὐ</strong></span> <span class='ocrx_word' id='word_1_515' title='bbox 3214 3220 3412 3288; x_wconf 84' lang='grc' dir='ltr'>νύκτες</span> <span class='ocrx_word' id='word_1_516' title='bbox 3444 3224 3661 3301; x_wconf 61' lang='grc' dir='ltr'>ἐκείνῳ</span> 
     </span>
    </p>
   </div>
   <div class='ocr_carea' id='block_1_75' title="bbox 2054 3310 3648 3387">
    <p class='ocr_par' dir='ltr' id='par_1_75' title="bbox 2054 3310 3648 3387">
     <span class='ocr_line' id='line_1_75' title="bbox 2054 3310 3648 3387; baseline 0.005 -23"><span class='ocrx_word' id='word_1_517' title='bbox 2054 3310 2369 3365; x_wconf 75' lang='grc' dir='ltr'>ἀνάπαυσιν</span> <span class='ocrx_word' id='word_1_518' title='bbox 2394 3311 2674 3383; x_wconf 78' lang='grc' dir='ltr'>φέρουσιν,</span> <span class='ocrx_word' id='word_1_519' title='bbox 2705 3312 2805 3383; x_wconf 85' lang='grc' dir='ltr'><strong>οὐχ</strong></span> <span class='ocrx_word' id='word_1_520' title='bbox 2833 3312 2987 3384; x_wconf 83' lang='grc' dir='ltr'>ήλιος</span> <span class='ocrx_word' id='word_1_521' title='bbox 3031 3314 3289 3387; x_wconf 80' lang='grc' dir='ltr'>τερπνὸς,</span> <span class='ocrx_word' id='word_1_522' title='bbox 3327 3316 3468 3372; x_wconf 87' lang='grc' dir='ltr'><strong>ἀλλά</strong></span> <span class='ocrx_word' id='word_1_523' title='bbox 3506 3317 3648 3372; x_wconf 88' lang='grc' dir='ltr'>δυσ-</span> 
     </span>
    </p>
   </div>
   <div class='ocr_carea' id='block_1_76' title="bbox 2054 3403 3665 3481">
    <p class='ocr_par' dir='ltr' id='par_1_76' title="bbox 2054 3403 3665 3481">
     <span class='ocr_line' id='line_1_76' title="bbox 2054 3403 3665 3481; baseline 0.006 -25"><span class='ocrx_word' id='word_1_524' title='bbox 2054 3404 2298 3476; x_wconf 86' lang='grc' dir='ltr'>χεραίνει</span> <span class='ocrx_word' id='word_1_525' title='bbox 2328 3403 2422 3458; x_wconf 81' lang='grc' dir='ltr'>τὸν</span> <span class='ocrx_word' id='word_1_526' title='bbox 2449 3403 2586 3475; x_wconf 88' lang='grc' dir='ltr'>βίον,</span> <span class='ocrx_word' id='word_1_527' title='bbox 2612 3407 2859 3476; x_wconf 84' lang='grc' dir='ltr'>μισεῖται</span> <span class='ocrx_word' id='word_1_528' title='bbox 2878 3406 3096 3479; x_wconf 74' lang='grc' dir='ltr'>ἡμέρας</span> <span class='ocrx_word' id='word_1_529' title='bbox 3129 3408 3476 3481; x_wconf 86' lang='grc' dir='ltr'>προθεσμίαν</span> <span class='ocrx_word' id='word_1_530' title='bbox 3495 3411 3665 3466; x_wconf 60' lang='grc' dir='ltr'>ἐπει-ρ</span> 
     </span>
    </p>
   </div>
   <div class='ocr_carea' id='block_1_77' title="bbox 2053 3482 3645 3573">
    <p class='ocr_par' dir='ltr' id='par_1_77' title="bbox 2053 3482 3645 3573">
     <span class='ocr_line' id='line_1_77' title="bbox 2053 3482 3645 3573; baseline 0.006 -25"><span class='ocrx_word' id='word_1_531' title='bbox 2053 3495 2321 3565; x_wconf 84' lang='grc' dir='ltr'>γομένας,</span> <span class='ocrx_word' id='word_1_532' title='bbox 2355 3494 2605 3566; x_wconf 67' lang='grc' dir='ltr'>φοϐεῖται</span> <span class='ocrx_word' id='word_1_533' title='bbox 2633 3495 2761 3562; x_wconf 82' lang='grc' dir='ltr'>τοὺς</span> <span class='ocrx_word' id='word_1_534' title='bbox 2803 3496 2943 3569; x_wconf 72' lang='grc' dir='ltr'>μῆνα</span> <span class='ocrx_word' id='word_1_535' title='bbox 2957 3482 2989 3561; x_wconf 48' lang='grc' dir='ltr'>ς’</span> <span class='ocrx_word' id='word_1_536' title='bbox 3011 3498 3088 3561; x_wconf 85' lang='grc' dir='ltr'>ὡς</span> <span class='ocrx_word' id='word_1_537' title='bbox 3129 3499 3329 3567; x_wconf 83' lang='grc' dir='ltr'>τόκων,</span> <span class='ocrx_word' id='word_1_538' title='bbox 3368 3501 3645 3573; x_wconf 85' lang='grc' dir='ltr'>πατέρας.</span> 
     </span>
    </p>
   </div>
   <div class='ocr_carea' id='block_1_78' title="bbox 2053 3586 3662 3663">
    <p class='ocr_par' dir='ltr' id='par_1_78' title="bbox 2053 3586 3662 3663">
     <span class='ocr_line' id='line_1_78' title="bbox 2053 3586 3662 3663; baseline 0.001 -22"><span class='ocrx_word' id='word_1_539' title='bbox 2053 3586 2174 3641; x_wconf 81' lang='grc' dir='ltr'>Κᾶν</span> <span class='ocrx_word' id='word_1_540' title='bbox 2202 3586 2467 3661; x_wconf 83' lang='grc' dir='ltr'>καθεύδῃ,</span> <span class='ocrx_word' id='word_1_541' title='bbox 2490 3587 2748 3644; x_wconf 73' lang='grc' dir='ltr'>ἐνύπνιον</span> <span class='ocrx_word' id='word_1_542' title='bbox 2780 3588 2970 3660; x_wconf 75' lang='grc' dir='ltr'>βλέπει</span> <span class='ocrx_word' id='word_1_543' title='bbox 2999 3591 3092 3645; x_wconf 79' lang='grc' dir='ltr'><strong>τὸν</strong></span> <span class='ocrx_word' id='word_1_544' title='bbox 3123 3591 3431 3663; x_wconf 79' lang='grc' dir='ltr'>δανειστὴν,</span> <span class='ocrx_word' id='word_1_545' title='bbox 3467 3592 3662 3649; x_wconf 83' lang='grc' dir='ltr'>κακὸν.</span> 
     </span>
    </p>
   </div>
   <div class='ocr_carea' id='block_1_79' title="bbox 2052 3677 3659 3758">
    <p class='ocr_par' dir='ltr' id='par_1_79' title="bbox 2052 3677 3659 3758">
     <span class='ocr_line' id='line_1_79' title="bbox 2052 3677 3659 3758; baseline 0.002 -27"><span class='ocrx_word' id='word_1_546' title='bbox 2052 3677 2189 3749; x_wconf 73' lang='grc' dir='ltr'>ὄναρ</span> <span class='ocrx_word' id='word_1_547' title='bbox 2221 3681 2287 3749; x_wconf 79' lang='grc' dir='ltr'>τῇ</span> <span class='ocrx_word' id='word_1_548' title='bbox 2342 3680 2558 3752; x_wconf 79' lang='grc' dir='ltr'>κεφαλῇ</span> <span class='ocrx_word' id='word_1_549' title='bbox 2595 3681 3027 3753; x_wconf 70' lang='grc' dir='ltr'>παριστάμενον.</span> <span class='ocrx_word' id='word_1_550' title='bbox 3076 3683 3196 3739; x_wconf 80' lang='grc' dir='ltr'><strong>Κάν</strong></span> <span class='ocrx_word' id='word_1_551' title='bbox 3230 3687 3521 3758; x_wconf 82' lang='grc' dir='ltr'>γρηγορεί,</span> <span class='ocrx_word' id='word_1_552' title='bbox 3553 3685 3659 3739; x_wconf 69' lang='grc' dir='ltr'><strong>ἔνρι</strong></span> 
     </span>
    </p>
   </div>
   <div class='ocr_carea' id='block_1_80' title="bbox 2051 3769 3749 3844">
    <p class='ocr_par' dir='ltr' id='par_1_80' title="bbox 2051 3769 3749 3844">
     <span class='ocr_line' id='line_1_80' title="bbox 2051 3769 3749 3844; baseline 0.008 -22"><span class='ocrx_word' id='word_1_553' title='bbox 2051 3786 2169 3823; x_wconf 92' lang='grc' dir='ltr'>νοια</span> <span class='ocrx_word' id='word_1_554' title='bbox 2202 3769 2355 3843; x_wconf 81' lang='grc' dir='ltr'>αὐτῷ</span> <span class='ocrx_word' id='word_1_555' title='bbox 2406 3771 2505 3826; x_wconf 75' lang='grc' dir='ltr'>καὶ</span> <span class='ocrx_word' id='word_1_556' title='bbox 2542 3773 2766 3844; x_wconf 74' lang='grc' dir='ltr'>φροντὶς</span> <span class='ocrx_word' id='word_1_557' title='bbox 2792 3776 2821 3828; x_wconf 87' lang='grc' dir='ltr'><strong>ὁ</strong></span> <span class='ocrx_word' id='word_1_558' title='bbox 2846 3773 3006 3840; x_wconf 80' lang='grc' dir='ltr'>τόκος</span> <span class='ocrx_word' id='word_1_559' title='bbox 3051 3775 3221 3831; x_wconf 86' lang='grc' dir='ltr'>ἐστίν.</span> <span class='ocrx_word' id='word_1_560' title='bbox 3278 3776 3643 3844; x_wconf 79' lang='grc' dir='ltr'>Δανειστοῦ,</span> <span class='ocrx_word' id='word_1_561' title='bbox 3736 3773 3749 3782; x_wconf 81' lang='grc'><em>’</em></span> 
     </span>
    </p>
   </div>
   <div class='ocr_carea' id='block_1_81' title="bbox 2051 3861 3654 3939">
    <p class='ocr_par' dir='ltr' id='par_1_81' title="bbox 2051 3861 3654 3939">
     <span class='ocr_line' id='line_1_81' title="bbox 2051 3861 3654 3939; baseline 0.011 -26"><span class='ocrx_word' id='word_1_562' title='bbox 2051 3862 2208 3933; x_wconf 78' lang='grc' dir='ltr'>φησὶ,</span> <span class='ocrx_word' id='word_1_563' title='bbox 2227 3861 2329 3917; x_wconf 71' lang='grc' dir='ltr'>καὶ</span> <span class='ocrx_word' id='word_1_564' title='bbox 2354 3862 2788 3934; x_wconf 76' lang='grc' dir='ltr'>χρεωφειλέτου</span> <span class='ocrx_word' id='word_1_565' title='bbox 2813 3865 3302 3935; x_wconf 73' lang='grc' dir='ltr'>ἀπαντησάντων</span> <span class='ocrx_word' id='word_1_566' title='bbox 3319 3869 3654 3939; x_wconf 64' lang='grc' dir='ltr'>ἀλλήλοις,</span> 
     </span>
    </p>
   </div>
   <div class='ocr_carea' id='block_1_82' title="bbox 2048 3954 3647 4032">
    <p class='ocr_par' dir='ltr' id='par_1_82' title="bbox 2048 3954 3647 4032">
     <span class='ocr_line' id='line_1_82' title="bbox 2048 3954 3647 4032; baseline 0.005 -24"><span class='ocrx_word' id='word_1_567' title='bbox 2048 3954 2399 4024; x_wconf 78' lang='grc' dir='ltr'>ἐπισκοπὴν</span> <span class='ocrx_word' id='word_1_568' title='bbox 2419 3955 2774 4026; x_wconf 75' lang='grc' dir='ltr'>ἀμφοτέρων</span> <span class='ocrx_word' id='word_1_569' title='bbox 2804 3957 3059 4013; x_wconf 79' lang='grc' dir='ltr'>ποιεῖται</span> <span class='ocrx_word' id='word_1_570' title='bbox 3088 3963 3122 4014; x_wconf 84' lang='grc' dir='ltr'><strong>ό</strong></span> <span class='ocrx_word' id='word_1_571' title='bbox 3149 3961 3393 4030; x_wconf 80' lang='grc' dir='ltr'>Κύριος.</span> <span class='ocrx_word' id='word_1_572' title='bbox 3436 3962 3495 4015; x_wconf 91' lang='lat'><strong>&#39;0</strong></span> <span class='ocrx_word' id='word_1_573' title='bbox 3537 3962 3647 4032; x_wconf 79' lang='grc' dir='ltr'><strong>μὲν</strong></span> 
     </span>
    </p>
   </div>
   <div class='ocr_carea' id='block_1_83' title="bbox 2048 4042 3647 4127">
    <p class='ocr_par' dir='ltr' id='par_1_83' title="bbox 2048 4042 3647 4127">
     <span class='ocr_line' id='line_1_83' title="bbox 2048 4042 3647 4127; baseline 0.006 -27"><span class='ocrx_word' id='word_1_574' title='bbox 2048 4046 2242 4120; x_wconf 73' lang='grc' dir='ltr'>ὥσπερ</span> <span class='ocrx_word' id='word_1_575' title='bbox 2274 4047 2425 4104; x_wconf 88' lang='grc' dir='ltr'>κύων</span> <span class='ocrx_word' id='word_1_576' title='bbox 2449 4048 2733 4122; x_wconf 76' lang='grc' dir='ltr'>ἐπιτρέχει</span> <span class='ocrx_word' id='word_1_577' title='bbox 2764 4052 2833 4122; x_wconf 81' lang='grc' dir='ltr'>τῇ</span> <span class='ocrx_word' id='word_1_578' title='bbox 2859 4051 3037 4124; x_wconf 78' lang='grc' dir='ltr'>ἄγρᾳ·</span> <span class='ocrx_word' id='word_1_579' title='bbox 3062 4054 3093 4106; x_wconf 84' lang='grc' dir='ltr'><strong>ὁ</strong></span> <span class='ocrx_word' id='word_1_580' title='bbox 3115 4053 3173 4108; x_wconf 70' lang='grc' dir='ltr'>δὲ</span> <span class='ocrx_word' id='word_1_581' title='bbox 3197 4042 3391 4127; x_wconf 83' lang='grc' dir='ltr'>ὥσπερ</span> <span class='ocrx_word' id='word_1_582' title='bbox 3420 4055 3647 4126; x_wconf 69' lang='grc' dir='ltr'>ἕτοιμον</span> 
     </span>
    </p>
   </div>
   <div class='ocr_carea' id='block_1_84' title="bbox 2049 4140 3646 4220">
    <p class='ocr_par' dir='ltr' id='par_1_84' title="bbox 2049 4140 3646 4220">
     <span class='ocr_line' id='line_1_84' title="bbox 2049 4140 3646 4220; baseline 0.006 -25"><span class='ocrx_word' id='word_1_583' title='bbox 2049 4140 2278 4214; x_wconf 86' lang='grc' dir='ltr'>θήραμα</span> <span class='ocrx_word' id='word_1_584' title='bbox 2342 4144 2727 4216; x_wconf 86' lang='grc' dir='ltr'>καταπτήσσει</span> <span class='ocrx_word' id='word_1_585' title='bbox 2780 4144 2882 4216; x_wconf 81' lang='grc' dir='ltr'>τὴν</span> <span class='ocrx_word' id='word_1_586' title='bbox 2933 4146 3263 4218; x_wconf 74' lang='grc' dir='ltr'>συντυχίανο</span> <span class='ocrx_word' id='word_1_587' title='bbox 3316 4149 3646 4220; x_wconf 80' lang='grc' dir='ltr'>ἀφαιρεῖται</span> 
     </span>
    </p>
   </div>
   <div class='ocr_carea' id='block_1_85' title="bbox 352 4231 1952 4317">
    <p class='ocr_par' dir='ltr' id='par_1_85' title="bbox 352 4236 1942 4317">
     <span class='ocr_line' id='line_1_85' title="bbox 352 4236 1942 4317; baseline 0.003 -25"><span class='ocrx_word' id='word_1_588' title='bbox 352 4236 716 4307; x_wconf 76' lang='lat' dir='ltr'><strong>congressum</strong></span> <span class='ocrx_word' id='word_1_589' title='bbox 743 4239 1061 4317; x_wconf 77' lang='lat' dir='ltr'><strong>expavescit</strong></span> <span class='ocrx_word' id='word_1_590' title='bbox 1086 4257 1101 4294; x_wconf 88' lang='lat'><strong>:</strong></span> <span class='ocrx_word' id='word_1_591' title='bbox 1126 4249 1345 4311; x_wconf 88' lang='lat' dir='ltr'><strong>egestas</strong></span> <span class='ocrx_word' id='word_1_592' title='bbox 1367 4241 1519 4298; x_wconf 91' lang='lat' dir='ltr'><strong>enim</strong></span> <span class='ocrx_word' id='word_1_593' title='bbox 1550 4240 1659 4313; x_wconf 87' lang='lat' dir='ltr'><strong>ipsi</strong></span> <span class='ocrx_word' id='word_1_594' title='bbox 1686 4240 1942 4297; x_wconf 86' lang='lat' dir='ltr'><strong>fiduciam</strong></span> 
     </span>
    </p>
   </div>
   <div class='ocr_carea' id='block_1_86' title="bbox 2055 4231 3644 4317">
    <p class='ocr_par' dir='ltr' id='par_1_86' title="bbox 2055 4231 3644 4311">
     <span class='ocr_line' id='line_1_86' title="bbox 2055 4231 3644 4311; baseline 0.006 -26"><span class='ocrx_word' id='word_1_595' title='bbox 2055 4231 2157 4303; x_wconf 78' lang='grc' dir='ltr'>γὰρ</span> <span class='ocrx_word' id='word_1_596' title='bbox 2190 4231 2362 4287; x_wconf 80' lang='grc' dir='ltr'>αὐτοῦ</span> <span class='ocrx_word' id='word_1_597' title='bbox 2394 4234 2495 4306; x_wconf 74' lang='grc' dir='ltr'>τὴν</span> <span class='ocrx_word' id='word_1_598' title='bbox 2523 4235 2933 4308; x_wconf 75' lang='grc' dir='ltr'>παῤῥησίαντδ</span> <span class='ocrx_word' id='word_1_599' title='bbox 2957 4237 3237 4293; x_wconf 80' lang='grc' dir='ltr'>πένεσθαι.</span> <span class='ocrx_word' id='word_1_600' title='bbox 3281 4240 3644 4311; x_wconf 79' lang='grc' dir='ltr'>’Δμφοτέρων</span> 
     </span>
    </p>
   </div>
   <div class='ocr_carea' id='block_1_87' title="bbox 352 4324 1952 4405">
    <p class='ocr_par' dir='ltr' id='par_1_87' title="bbox 352 4326 1944 4404">
     <span class='ocr_line' id='line_1_87' title="bbox 352 4326 1944 4404; baseline 0.003 -21"><span class='ocrx_word' id='word_1_601' title='bbox 352 4327 573 4384; x_wconf 86' lang='lat' dir='ltr'><strong>adimit.</strong></span> <span class='ocrx_word' id='word_1_602' title='bbox 622 4326 923 4400; x_wconf 81' lang='lat' dir='ltr'><strong>Utriusque</strong></span> <span class='ocrx_word' id='word_1_603' title='bbox 959 4331 1243 4387; x_wconf 89' lang='lat' dir='ltr'><strong>calculi-in</strong></span> <span class='ocrx_word' id='word_1_604' title='bbox 1274 4331 1464 4404; x_wconf 81' lang='lat' dir='ltr'><strong>digitis</strong></span> <span class='ocrx_word' id='word_1_605' title='bbox 1498 4340 1664 4399; x_wconf 87' lang='lat' dir='ltr'><strong>sunt,</strong></span> <span class='ocrx_word' id='word_1_606' title='bbox 1698 4332 1793 4389; x_wconf 91' lang='lat' dir='ltr'><strong>illo</strong></span> <span class='ocrx_word' id='word_1_607' title='bbox 1821 4332 1944 4403; x_wconf 86' lang='lat' dir='ltr'><strong>qui-</strong></span> 
     </span>
    </p>
   </div>
   <div class='ocr_carea' id='block_1_88' title="bbox 2055 4324 3645 4405">
    <p class='ocr_par' dir='ltr' id='par_1_88' title="bbox 2055 4324 3645 4405">
     <span class='ocr_line' id='line_1_88' title="bbox 2055 4324 3645 4405; baseline 0.006 -27"><span class='ocrx_word' id='word_1_608' title='bbox 2055 4327 2105 4379; x_wconf 59' lang='lat' dir='ltr'><strong>oi»</strong></span> <span class='ocrx_word' id='word_1_609' title='bbox 2128 4324 2302 4396; x_wconf 67' lang='grc' dir='ltr'>ψῆφοι</span> <span class='ocrx_word' id='word_1_610' title='bbox 2324 4326 2420 4379; x_wconf 78' lang='grc' dir='ltr'>ἐπὶ</span> <span class='ocrx_word' id='word_1_611' title='bbox 2446 4325 2760 4382; x_wconf 62' lang='grc' dir='ltr'>δακτύλων</span> <span class='ocrx_word' id='word_1_612' title='bbox 2785 4327 2880 4382; x_wconf 81' lang='grc' dir='ltr'><strong>τοῦ</strong></span> <span class='ocrx_word' id='word_1_613' title='bbox 2920 4330 3022 4400; x_wconf 78' lang='grc' dir='ltr'><strong>μὲν</strong></span> <span class='ocrx_word' id='word_1_614' title='bbox 3050 4331 3340 4403; x_wconf 86' lang='grc' dir='ltr'>χαίροντος</span> <span class='ocrx_word' id='word_1_615' title='bbox 3377 4335 3448 4405; x_wconf 79' lang='grc' dir='ltr'>τῇ</span> <span class='ocrx_word' id='word_1_616' title='bbox 3474 4333 3645 4404; x_wconf 81' lang='grc' dir='ltr'>αὐξή-</span> 
     </span>
    </p>
   </div>
   <div class='ocr_carea' id='block_1_89' title="bbox 351 4417 1952 4498">
    <p class='ocr_par' dir='ltr' id='par_1_89' title="bbox 351 4419 1943 4496">
     <span class='ocr_line' id='line_1_89' title="bbox 351 4419 1943 4496; baseline 0.004 -23"><span class='ocrx_word' id='word_1_617' title='bbox 351 4419 477 4473; x_wconf 84' lang='lat' dir='ltr'><strong>dem</strong></span> <span class='ocrx_word' id='word_1_618' title='bbox 511 4419 585 4475; x_wconf 93' lang='lat' dir='ltr'><strong>ob</strong></span> <span class='ocrx_word' id='word_1_619' title='bbox 617 4419 1025 4477; x_wconf 86' lang='lat' dir='ltr'><strong>incrementum</strong></span> <span class='ocrx_word' id='word_1_620' title='bbox 1058 4422 1270 4480; x_wconf 89' lang='lat' dir='ltr'><strong>fenoris</strong></span> <span class='ocrx_word' id='word_1_621' title='bbox 1306 4424 1581 4496; x_wconf 80' lang='lat' dir='ltr'><strong>gaudente</strong></span> <span class='ocrx_word' id='word_1_622' title='bbox 1605 4465 1620 4490; x_wconf 95' lang='lat'><strong>,</strong></span> <span class='ocrx_word' id='word_1_623' title='bbox 1672 4425 1778 4480; x_wconf 85' lang='lat' dir='ltr'><strong>hoc</strong></span> <span class='ocrx_word' id='word_1_624' title='bbox 1810 4440 1943 4482; x_wconf 90' lang='lat' dir='ltr'><strong>vero</strong></span> 
     </span>
    </p>
   </div>
   <div class='ocr_carea' id='block_1_90' title="bbox 2055 4417 3643 4498">
    <p class='ocr_par' dir='ltr' id='par_1_90' title="bbox 2055 4417 3643 4498">
     <span class='ocr_line' id='line_1_90' title="bbox 2055 4417 3643 4498; baseline 0.006 -25"><span class='ocrx_word' id='word_1_625' title='bbox 2055 4435 2132 4473; x_wconf 86' lang='grc' dir='ltr'><strong>σει</strong></span> <span class='ocrx_word' id='word_1_626' title='bbox 2154 4417 2267 4472; x_wconf 87' lang='grc' dir='ltr'><strong>τῶν</strong></span> <span class='ocrx_word' id='word_1_627' title='bbox 2297 4420 2498 4485; x_wconf 83' lang='grc' dir='ltr'>τόκων,</span> <span class='ocrx_word' id='word_1_628' title='bbox 2524 4419 2623 4474; x_wconf 83' lang='grc' dir='ltr'>τοῦ</span> <span class='ocrx_word' id='word_1_629' title='bbox 2645 4420 2704 4475; x_wconf 80' lang='grc' dir='ltr'>δὲ</span> <span class='ocrx_word' id='word_1_630' title='bbox 2733 4421 3086 4488; x_wconf 81' lang='grc' dir='ltr'>στενάζοντος</span> <span class='ocrx_word' id='word_1_631' title='bbox 3103 4426 3172 4496; x_wconf 81' lang='grc' dir='ltr'>τῇ</span> <span class='ocrx_word' id='word_1_632' title='bbox 3203 4425 3493 4498; x_wconf 77' lang='grc' dir='ltr'>προσθήκῃ</span> <span class='ocrx_word' id='word_1_633' title='bbox 3523 4426 3643 4482; x_wconf 88' lang='grc' dir='ltr'><strong>τῶν</strong></span> 
     </span>
    </p>
   </div>
   <div class='ocr_carea' id='block_1_91' title="bbox 349 4508 1952 4587">
    <p class='ocr_par' dir='ltr' id='par_1_91' title="bbox 349 4509 1939 4587">
     <span class='ocr_line' id='line_1_91' title="bbox 349 4509 1939 4587; baseline 0.005 -24"><span class='ocrx_word' id='word_1_634' title='bbox 349 4509 419 4564; x_wconf 85' lang='lat' dir='ltr'><strong>ob</strong></span> <span class='ocrx_word' id='word_1_635' title='bbox 437 4509 813 4583; x_wconf 81' lang='lat' dir='ltr'><strong>calamitatum</strong></span> <span class='ocrx_word' id='word_1_636' title='bbox 833 4514 1113 4569; x_wconf 89' lang='lat' dir='ltr'><strong>cumulum</strong></span> <span class='ocrx_word' id='word_1_637' title='bbox 1139 4513 1560 4584; x_wconf 84' lang='lat' dir='ltr'><strong>ingemiscente.</strong></span> <span class='ocrx_word' id='word_1_638' title='bbox 1586 4516 1721 4573; x_wconf 87' lang='lat' dir='ltr'><strong>Bibe</strong></span> <span class='ocrx_word' id='word_1_639' title='bbox 1741 4532 1939 4587; x_wconf 82' lang='lat' dir='ltr'><strong>aquam</strong></span> 
     </span>
    </p>
   </div>
   <div class='ocr_carea' id='block_1_92' title="bbox 2055 4508 3640 4587">
    <p class='ocr_par' dir='ltr' id='par_1_92' title="bbox 2055 4510 3640 4586">
     <span class='ocr_line' id='line_1_92' title="bbox 2055 4510 3640 4586; baseline 0.006 -23"><span class='ocrx_word' id='word_1_640' title='bbox 2055 4510 2369 4583; x_wconf 87' lang='grc' dir='ltr'>συμφορῶν.</span> <span class='ocrx_word' id='word_1_641' title='bbox 2395 4511 2524 4566; x_wconf 74' lang='lat' dir='ltr'><strong>Dive</strong></span> <span class='ocrx_word' id='word_1_642' title='bbox 2567 4512 2739 4569; x_wconf 74' lang='grc' dir='ltr'>ὕδατα</span> <span class='ocrx_word' id='word_1_643' title='bbox 2783 4514 2894 4569; x_wconf 80' lang='grc' dir='ltr'><strong>ἀπὸ</strong></span> <span class='ocrx_word' id='word_1_644' title='bbox 2931 4514 3043 4570; x_wconf 85' lang='grc' dir='ltr'>σῶν</span> <span class='ocrx_word' id='word_1_645' title='bbox 3073 4517 3337 4586; x_wconf 82' lang='grc' dir='ltr'>ἀγγείων,</span> <span class='ocrx_word' id='word_1_646' title='bbox 3361 4519 3640 4586; x_wconf 84' lang='grc' dir='ltr'>τουτέστι,</span> 
     </span>
    </p>
   </div>
   <div class='ocr_carea' id='block_1_93' title="bbox 349 4600 1952 4682">
    <p class='ocr_par' dir='ltr' id='par_1_93' title="bbox 349 4600 1933 4680">
     <span class='ocr_line' id='line_1_93' title="bbox 349 4600 1933 4680; baseline 0.008 -28"><span class='ocrx_word' id='word_1_647' title='bbox 349 4600 417 4654; x_wconf 73' lang='lat' dir='ltr'><strong>de</strong></span> <span class='ocrx_word' id='word_1_648' title='bbox 443 4603 609 4659; x_wconf 85' lang='lat' dir='ltr'><strong>vasis.</strong></span> <span class='ocrx_word' id='word_1_649' title='bbox 626 4604 741 4660; x_wconf 87' lang='lat' dir='ltr'><strong>tuis</strong></span> <span class='ocrx_word' id='word_1_650' title='bbox 762 4643 778 4671; x_wconf 94' lang='lat'><strong>,</strong></span> <span class='ocrx_word' id='word_1_651' title='bbox 800 4604 908 4662; x_wconf 86' lang='lat' dir='ltr'><strong>hoc</strong></span> <span class='ocrx_word' id='word_1_652' title='bbox 936 4616 1018 4662; x_wconf 87' lang='lat' dir='ltr'><strong>est</strong></span> <span class='ocrx_word' id='word_1_653' title='bbox 1036 4649 1051 4674; x_wconf 92' lang='lat'><strong>,</strong></span> <span class='ocrx_word' id='word_1_654' title='bbox 1081 4606 1374 4664; x_wconf 86' lang='lat' dir='ltr'><strong>facultates</strong></span> <span class='ocrx_word' id='word_1_655' title='bbox 1402 4617 1529 4665; x_wconf 92' lang='lat' dir='ltr'><strong>tuas</strong></span> <span class='ocrx_word' id='word_1_656' title='bbox 1546 4610 1933 4680; x_wconf 87' lang='lat' dir='ltr'><strong>circumspice.</strong></span> 
     </span>
    </p>
   </div>
   <div class='ocr_carea' id='block_1_94' title="bbox 2055 4600 3640 4682">
    <p class='ocr_par' dir='ltr' id='par_1_94' title="bbox 2055 4601 3640 4682">
     <span class='ocr_line' id='line_1_94' title="bbox 2055 4601 3640 4682; baseline 0.007 -27"><span class='ocrx_word' id='word_1_657' title='bbox 2055 4601 2147 4665; x_wconf 75' lang='grc' dir='ltr'>τὰς</span> <span class='ocrx_word' id='word_1_658' title='bbox 2175 4602 2386 4668; x_wconf 76' lang='grc' dir='ltr'>οἰκείας</span> <span class='ocrx_word' id='word_1_659' title='bbox 2422 4605 2686 4677; x_wconf 83' lang='grc' dir='ltr'>ἀφορμὰς</span> <span class='ocrx_word' id='word_1_660' title='bbox 2713 4608 3069 4678; x_wconf 79' lang='grc' dir='ltr'>περισκόπει.</span> <span class='ocrx_word' id='word_1_661' title='bbox 3100 4609 3193 4681; x_wconf 81' lang='grc' dir='ltr'><strong>Μὴ</strong></span> <span class='ocrx_word' id='word_1_662' title='bbox 3224 4609 3315 4665; x_wconf 83' lang='grc' dir='ltr'>ἐπ’</span> <span class='ocrx_word' id='word_1_663' title='bbox 3342 4610 3640 4682; x_wconf 81' lang='grc' dir='ltr'>ἀλλοτρίας</span> 
     </span>
    </p>
   </div>
   <div class='ocr_carea' id='block_1_95' title="bbox 237 4690 1952 4774">
    <p class='ocr_par' dir='ltr' id='par_1_95' title="bbox 237 4690 1937 4768">
     <span class='ocr_line' id='line_1_95' title="bbox 237 4690 1937 4768; baseline 0.009 -26"><span class='ocrx_word' id='word_1_664' title='bbox 237 4698 251 4711; x_wconf 73' lang='grc'>⁸</span> <span class='ocrx_word' id='word_1_665' title='bbox 350 4690 469 4749; x_wconf 84' lang='lat' dir='ltr'><strong>Noli</strong></span> <span class='ocrx_word' id='word_1_666' title='bbox 505 4694 575 4749; x_wconf 87' lang='lat' dir='ltr'><strong>ad</strong></span> <span class='ocrx_word' id='word_1_667' title='bbox 606 4696 823 4754; x_wconf 86' lang='lat' dir='ltr'><strong>alienos</strong></span> <span class='ocrx_word' id='word_1_668' title='bbox 849 4697 1032 4753; x_wconf 82' lang='lat' dir='ltr'><strong>fontes</strong></span> <span class='ocrx_word' id='word_1_669' title='bbox 1064 4713 1292 4768; x_wconf 81' lang='lat' dir='ltr'><strong>pergere</strong></span> <span class='ocrx_word' id='word_1_670' title='bbox 1313 4740 1328 4766; x_wconf 92' lang='lat'><strong>,</strong></span> <span class='ocrx_word' id='word_1_671' title='bbox 1359 4699 1613 4757; x_wconf 69' lang='lat' dir='ltr'><strong>scd‘vitaa</strong></span> <span class='ocrx_word' id='word_1_672' title='bbox 1642 4700 1837 4757; x_wconf 88' lang='lat' dir='ltr'><strong>solatia</strong></span> <span class='ocrx_word' id='word_1_673' title='bbox 1868 4716 1937 4757; x_wconf 78' lang='lat' dir='ltr'><strong>ex</strong></span> 
     </span>
    </p>
   </div>
   <div class='ocr_carea' id='block_1_96' title="bbox 2055 4690 3638 4774">
    <p class='ocr_par' dir='ltr' id='par_1_96' title="bbox 2055 4696 3638 4774">
     <span class='ocr_line' id='line_1_96' title="bbox 2055 4696 3638 4774; baseline 0.006 -26"><span class='ocrx_word' id='word_1_674' title='bbox 2055 4696 2238 4767; x_wconf 79' lang='grc' dir='ltr'>πηγὰς</span> <span class='ocrx_word' id='word_1_675' title='bbox 2292 4696 2500 4767; x_wconf 80' lang='grc' dir='ltr'>βάδιζε,</span> <span class='ocrx_word' id='word_1_676' title='bbox 2545 4697 2664 4751; x_wconf 80' lang='grc' dir='ltr'>ἀλλ’</span> <span class='ocrx_word' id='word_1_677' title='bbox 2706 4698 2767 4763; x_wconf 80' lang='grc' dir='ltr'>ἐξ</span> <span class='ocrx_word' id='word_1_678' title='bbox 2805 4700 3028 4756; x_wconf 80' lang='grc' dir='ltr'>οἰκείων</span> <span class='ocrx_word' id='word_1_679' title='bbox 3072 4701 3308 4758; x_wconf 79' lang='grc' dir='ltr'>λιϐάδων</span> <span class='ocrx_word' id='word_1_680' title='bbox 3355 4705 3638 4774; x_wconf 80' lang='grc' dir='ltr'>συνάγαγε</span> 
     </span>
    </p>
   </div>
   <div class='ocr_carea' id='block_1_97' title="bbox 2047 4785 3071 4864">
    <p class='ocr_par' dir='ltr' id='par_1_97' title="bbox 2047 4785 3071 4864">
     <span class='ocr_line' id='line_1_97' title="bbox 2047 4785 3071 4864; baseline 0.01 -25"><span class='ocrx_word' id='word_1_681' title='bbox 2047 4785 2264 4858; x_wconf 82' lang='grc' dir='ltr'>σεαυτῷ</span> <span class='ocrx_word' id='word_1_682' title='bbox 2293 4788 2395 4851; x_wconf 83' lang='grc' dir='ltr'>τὰς</span> <span class='ocrx_word' id='word_1_683' title='bbox 2421 4788 2782 4861; x_wconf 79' lang='grc' dir='ltr'>παραμυθίας</span> <span class='ocrx_word' id='word_1_684' title='bbox 2803 4792 2896 4846; x_wconf 84' lang='grc' dir='ltr'><strong>τοῦ</strong></span> <span class='ocrx_word' id='word_1_685' title='bbox 2930 4793 3071 4864; x_wconf 84' lang='grc' dir='ltr'>βίου.</span> 
     </span>
    </p>
   </div>
   <div class='ocr_carea' id='block_1_98' title="bbox 2114 4880 3637 4963">
    <p class='ocr_par' dir='ltr' id='par_1_98' title="bbox 2114 4880 3637 4963">
     <span class='ocr_line' id='line_1_98' title="bbox 2114 4880 3637 4963; baseline 0.008 -30"><span class='ocrx_word' id='word_1_686' title='bbox 2114 4880 2208 4952; x_wconf 76' lang='grc' dir='ltr'>Μή</span> <span class='ocrx_word' id='word_1_687' title='bbox 2242 4880 2426 4951; x_wconf 77' lang='grc' dir='ltr'>βάδιζε</span> <span class='ocrx_word' id='word_1_688' title='bbox 2478 4881 2568 4936; x_wconf 88' lang='grc' dir='ltr'>ἐπ’</span> <span class='ocrx_word' id='word_1_689' title='bbox 2620 4883 2911 4956; x_wconf 87' lang='grc' dir='ltr'>ἀλλοτρίας</span> <span class='ocrx_word' id='word_1_690' title='bbox 2945 4884 3138 4957; x_wconf 90' lang='grc' dir='ltr'>θύρας.</span> <span class='ocrx_word' id='word_1_691' title='bbox 3180 4889 3370 4960; x_wconf 67' lang='grc' dir='ltr'>φρέαρ</span> <span class='ocrx_word' id='word_1_692' title='bbox 3401 4889 3514 4963; x_wconf 83' lang='grc' dir='ltr'><strong>γάρ</strong></span> <span class='ocrx_word' id='word_1_693' title='bbox 3555 4891 3637 4962; x_wconf 84' lang='grc' dir='ltr'><strong>τῷ</strong></span> 
     </span>
    </p>
   </div>
   <div class='ocr_carea' id='block_1_99' title="bbox 348 4783 1159 4858">
    <p class='ocr_par' dir='ltr' id='par_1_99' title="bbox 348 4783 1159 4858">
     <span class='ocr_line' id='line_1_99' title="bbox 348 4783 1159 4858; baseline 0.011 -23"><span class='ocrx_word' id='word_1_694' title='bbox 348 4783 570 4843; x_wconf 83' lang='lat' dir='ltr'><strong>ﬂuentis</strong></span> <span class='ocrx_word' id='word_1_695' title='bbox 598 4786 708 4842; x_wconf 87' lang='lat' dir='ltr'><strong>tuis</strong></span> <span class='ocrx_word' id='word_1_696' title='bbox 740 4786 837 4843; x_wconf 91' lang='lat' dir='ltr'><strong>tibi</strong></span> <span class='ocrx_word' id='word_1_697' title='bbox 874 4802 1159 4858; x_wconf 85' lang='lat' dir='ltr'><strong>compara.</strong></span> 
     </span>
    </p>
   </div>
   <div class='ocr_carea' id='block_1_100' title="bbox 425 4873 1936 4957">
    <p class='ocr_par' dir='ltr' id='par_1_100' title="bbox 425 4873 1936 4957">
     <span class='ocr_line' id='line_1_100' title="bbox 425 4873 1936 4957; baseline 0.007 -28"><span class='ocrx_word' id='word_1_698' title='bbox 425 4873 567 4931; x_wconf 81' lang='lat' dir='ltr'><strong>Ibid.</strong></span> <span class='ocrx_word' id='word_1_699' title='bbox 597 4878 770 4933; x_wconf 84' lang='lat' dir='ltr'><strong>—-Ad</strong></span> <span class='ocrx_word' id='word_1_700' title='bbox 801 4879 1018 4936; x_wconf 86' lang='lat' dir='ltr'><strong>alienas</strong></span> <span class='ocrx_word' id='word_1_701' title='bbox 1049 4880 1197 4947; x_wconf 77' lang='lat' dir='ltr'><strong>fores</strong></span> <span class='ocrx_word' id='word_1_702' title='bbox 1229 4896 1300 4937; x_wconf 92' lang='lat' dir='ltr'><strong>ne</strong></span> <span class='ocrx_word' id='word_1_703' title='bbox 1335 4890 1390 4939; x_wconf 92' lang='lat' dir='ltr'><strong>te</strong></span> <span class='ocrx_word' id='word_1_704' title='bbox 1428 4882 1709 4940; x_wconf 80' lang='lat' dir='ltr'><strong>conferas.</strong></span> <span class='ocrx_word' id='word_1_705' title='bbox 1746 4884 1936 4957; x_wconf 81' lang='lat' dir='ltr'><strong>Angu-</strong></span> 
     </span>
    </p>
   </div>
   <div class='ocr_carea' id='block_1_101' title="bbox 351 4967 1935 5046">
    <p class='ocr_par' dir='ltr' id='par_1_101' title="bbox 351 4967 1935 5046">
     <span class='ocr_line' id='line_1_101' title="bbox 351 4967 1935 5046; baseline 0.008 -25"><span class='ocrx_word' id='word_1_706' title='bbox 351 4978 471 5024; x_wconf 81' lang='lat' dir='ltr'><strong>stus</strong></span> <span class='ocrx_word' id='word_1_707' title='bbox 506 4967 653 5025; x_wconf 87' lang='lat' dir='ltr'><strong>enim</strong></span> <span class='ocrx_word' id='word_1_708' title='bbox 687 4978 773 5027; x_wconf 91' lang='lat' dir='ltr'><strong>est</strong></span> <span class='ocrx_word' id='word_1_709' title='bbox 805 4980 1003 5040; x_wconf 87' lang='lat' dir='ltr'><strong>puteus</strong></span> <span class='ocrx_word' id='word_1_710' title='bbox 1024 5012 1039 5035; x_wconf 91' lang='lat'><strong>,</strong></span> <span class='ocrx_word' id='word_1_711' title='bbox 1073 4972 1124 5028; x_wconf 92' lang='lat' dir='ltr'><strong>id</strong></span> <span class='ocrx_word' id='word_1_712' title='bbox 1158 4973 1309 5046; x_wconf 89' lang='lat' dir='ltr'><strong>quod</strong></span> <span class='ocrx_word' id='word_1_713' title='bbox 1354 4976 1594 5032; x_wconf 86' lang='lat' dir='ltr'><strong>alienum</strong></span> <span class='ocrx_word' id='word_1_714' title='bbox 1640 4987 1746 5034; x_wconf 88' lang='lat' dir='ltr'><strong>est.</strong></span> <span class='ocrx_word' id='word_1_715' title='bbox 1781 4976 1935 5033; x_wconf 75' lang='lat' dir='ltr'><strong>Prae-</strong></span> 
     </span>
    </p>
   </div>
   <div class='ocr_carea' id='block_1_102' title="bbox 348 5055 1933 5139">
    <p class='ocr_par' dir='ltr' id='par_1_102' title="bbox 348 5055 1933 5139">
     <span class='ocr_line' id='line_1_102' title="bbox 348 5055 1933 5139; baseline 0.006 -28"><span class='ocrx_word' id='word_1_716' title='bbox 348 5055 633 5131; x_wconf 56' lang='lat' dir='ltr'><strong>stabilius,</strong></span> <span class='ocrx_word' id='word_1_717' title='bbox 661 5065 749 5114; x_wconf 84' lang='lat' dir='ltr'><strong>est.</strong></span> <span class='ocrx_word' id='word_1_718' title='bbox 791 5069 1093 5131; x_wconf 82' lang='lat' dir='ltr'><strong>egestatem</strong></span> <span class='ocrx_word' id='word_1_719' title='bbox 1147 5064 1355 5119; x_wconf 89' lang='lat' dir='ltr'><strong>sensim</strong></span> <span class='ocrx_word' id='word_1_720' title='bbox 1407 5075 1604 5139; x_wconf 84' lang='lat' dir='ltr'><strong>suapte</strong></span> <span class='ocrx_word' id='word_1_721' title='bbox 1652 5067 1933 5125; x_wconf 88' lang='lat' dir='ltr'><strong>industria</strong></span> 
     </span>
    </p>
   </div>
   <div class='ocr_carea' id='block_1_103' title="bbox 346 5144 1931 5229">
    <p class='ocr_par' dir='ltr' id='par_1_103' title="bbox 346 5144 1931 5229">
     <span class='ocr_line' id='line_1_103' title="bbox 346 5144 1931 5229; baseline 0.012 -33"><span class='ocrx_word' id='word_1_722' title='bbox 346 5144 604 5210; x_wconf 74' lang='lat' dir='ltr'><strong>delinire,</strong></span> <span class='ocrx_word' id='word_1_723' title='bbox 635 5162 801 5216; x_wconf 90' lang='lat' dir='ltr'><strong>quam</strong></span> <span class='ocrx_word' id='word_1_724' title='bbox 832 5149 1030 5208; x_wconf 87' lang='lat' dir='ltr'><strong>alienis</strong></span> <span class='ocrx_word' id='word_1_725' title='bbox 1074 5154 1278 5223; x_wconf 87' lang='lat' dir='ltr'><strong>opibus</strong></span> <span class='ocrx_word' id='word_1_726' title='bbox 1323 5164 1551 5225; x_wconf 89' lang='lat' dir='ltr'><strong>repente</strong></span> <span class='ocrx_word' id='word_1_727' title='bbox 1582 5158 1893 5229; x_wconf 82' lang='lat' dir='ltr'><strong>subjectum</strong></span> <span class='ocrx_word' id='word_1_728' title='bbox 1916 5203 1931 5228; x_wconf 94' lang='lat'><strong>,</strong></span> 
     </span>
    </p>
   </div>
   <div class='ocr_carea' id='block_1_104' title="bbox 348 5236 1933 5317">
    <p class='ocr_par' dir='ltr' id='par_1_104' title="bbox 348 5236 1933 5317">
     <span class='ocr_line' id='line_1_104' title="bbox 348 5236 1933 5317; baseline 0.015 -33"><span class='ocrx_word' id='word_1_729' title='bbox 348 5244 535 5306; x_wconf 81' lang='lat' dir='ltr'><strong>postea</strong></span> <span class='ocrx_word' id='word_1_730' title='bbox 567 5236 932 5299; x_wconf 86' lang='lat' dir='ltr'><strong>facultatibus</strong></span> <span class='ocrx_word' id='word_1_731' title='bbox 962 5246 1222 5302; x_wconf 87' lang='lat' dir='ltr'><strong>omnibus</strong></span> <span class='ocrx_word' id='word_1_732' title='bbox 1257 5246 1508 5317; x_wconf 77' lang='lat' dir='ltr'><strong>Spoliari.</strong></span> <span class='ocrx_word' id='word_1_733' title='bbox 1559 5249 1617 5305; x_wconf 89' lang='lat' dir='ltr'><strong>Si</strong></span> <span class='ocrx_word' id='word_1_734' title='bbox 1650 5252 1798 5307; x_wconf 89' lang='lat' dir='ltr'><strong>enim</strong></span> <span class='ocrx_word' id='word_1_735' title='bbox 1833 5253 1933 5308; x_wconf 87' lang='lat' dir='ltr'><strong>ba-</strong></span> 
     </span>
    </p>
   </div>
   <div class='ocr_carea' id='block_1_105' title="bbox 347 5327 1931 5413">
    <p class='ocr_par' dir='ltr' id='par_1_105' title="bbox 347 5327 1931 5413">
     <span class='ocr_line' id='line_1_105' title="bbox 347 5327 1931 5413; baseline 0.013 -35"><span class='ocrx_word' id='word_1_736' title='bbox 347 5328 442 5382; x_wconf 81' lang='lat' dir='ltr'><strong>bes</strong></span> <span class='ocrx_word' id='word_1_737' title='bbox 479 5327 625 5385; x_wconf 88' lang='lat' dir='ltr'><strong>unde</strong></span> <span class='ocrx_word' id='word_1_738' title='bbox 657 5330 860 5388; x_wconf 84' lang='lat' dir='ltr'><strong>reddas</strong></span> <span class='ocrx_word' id='word_1_739' title='bbox 881 5370 896 5395; x_wconf 92' lang='lat'><strong>,</strong></span> <span class='ocrx_word' id='word_1_740' title='bbox 943 5335 1085 5403; x_wconf 80' lang='lat' dir='ltr'><strong>quid</strong></span> <span class='ocrx_word' id='word_1_741' title='bbox 1128 5351 1235 5392; x_wconf 91' lang='lat' dir='ltr'><strong>non</strong></span> <span class='ocrx_word' id='word_1_742' title='bbox 1266 5350 1596 5411; x_wconf 84' lang='lat' dir='ltr'><strong>praesentem</strong></span> <span class='ocrx_word' id='word_1_743' title='bbox 1630 5351 1931 5413; x_wconf 87' lang='lat' dir='ltr'><strong>egestatem</strong></span> 
     </span>
    </p>
   </div>
   <div class='ocr_carea' id='block_1_106' title="bbox 346 5420 1933 5509">
    <p class='ocr_par' dir='ltr' id='par_1_106' title="bbox 346 5420 1933 5509">
     <span class='ocr_line' id='line_1_106' title="bbox 346 5420 1933 5509; baseline 0.016 -38"><span class='ocrx_word' id='word_1_744' title='bbox 346 5420 434 5475; x_wconf 83' lang='lat' dir='ltr'><strong>his</strong></span> <span class='ocrx_word' id='word_1_745' title='bbox 464 5421 733 5480; x_wconf 87' lang='lat' dir='ltr'><strong>subsidiis</strong></span> <span class='ocrx_word' id='word_1_746' title='bbox 761 5425 1071 5486; x_wconf 79' lang='lat' dir='ltr'><strong>dissolvis?</strong></span> <span class='ocrx_word' id='word_1_747' title='bbox 1102 5431 1163 5488; x_wconf 90' lang='lat' dir='ltr'><strong>Si</strong></span> <span class='ocrx_word' id='word_1_748' title='bbox 1208 5444 1392 5490; x_wconf 88' lang='lat' dir='ltr'><strong>autem</strong></span> <span class='ocrx_word' id='word_1_749' title='bbox 1449 5436 1605 5493; x_wconf 63' lang='lat' dir='ltr'><strong>unde»</strong></span> <span class='ocrx_word' id='word_1_750' title='bbox 1641 5441 1933 5509; x_wconf 88' lang='lat' dir='ltr'><strong>persolvas</strong></span> 
     </span>
    </p>
   </div>
   <div class='ocr_carea' id='block_1_107' title="bbox 346 5516 1934 5588">
    <p class='ocr_par' dir='ltr' id='par_1_107' title="bbox 346 5516 1934 5588">
     <span class='ocr_line' id='line_1_107' title="bbox 346 5516 1934 5588; baseline 0.014 -24"><span class='ocrx_word' id='word_1_751' title='bbox 346 5527 454 5566; x_wconf 75' lang='lat' dir='ltr'><strong>non</strong></span> <span class='ocrx_word' id='word_1_752' title='bbox 486 5516 761 5584; x_wconf 89' lang='lat' dir='ltr'><strong>suppetit,</strong></span> <span class='ocrx_word' id='word_1_753' title='bbox 795 5522 1001 5576; x_wconf 89' lang='lat' dir='ltr'><strong>malum</strong></span> <span class='ocrx_word' id='word_1_754' title='bbox 1034 5524 1180 5579; x_wconf 89' lang='lat' dir='ltr'><strong>malo</strong></span> <span class='ocrx_word' id='word_1_755' title='bbox 1208 5540 1395 5583; x_wconf 88' lang='lat' dir='ltr'><strong>curas.</strong></span> <span class='ocrx_word' id='word_1_756' title='bbox 1429 5525 1553 5584; x_wconf 83' lang='lat' dir='ltr'><strong>Noli</strong></span> <span class='ocrx_word' id='word_1_757' title='bbox 1580 5532 1934 5588; x_wconf 84' lang='lat' dir='ltr'><strong>committere</strong></span> 
     </span>
    </p>
   </div>
   <div class='ocr_carea' id='block_1_108' title="bbox 346 5607 1933 5689">
    <p class='ocr_par' dir='ltr' id='par_1_108' title="bbox 346 5607 1933 5689">
     <span class='ocr_line' id='line_1_108' title="bbox 346 5607 1933 5689; baseline 0.012 -29"><span class='ocrx_word' id='word_1_758' title='bbox 346 5618 404 5661; x_wconf 84' lang='lat' dir='ltr'><strong>ut</strong></span> <span class='ocrx_word' id='word_1_759' title='bbox 431 5615 484 5663; x_wconf 88' lang='lat' dir='ltr'><strong>te-</strong></span> <span class='ocrx_word' id='word_1_760' title='bbox 512 5607 757 5665; x_wconf 83' lang='lat' dir='ltr'><strong>creditor</strong></span> <span class='ocrx_word' id='word_1_761' title='bbox 786 5612 1080 5670; x_wconf 84' lang='lat' dir='ltr'><strong>obsideat:</strong></span> <span class='ocrx_word' id='word_1_762' title='bbox 1118 5633 1188 5674; x_wconf 90' lang='lat' dir='ltr'><strong>nc</strong></span> <span class='ocrx_word' id='word_1_763' title='bbox 1223 5619 1473 5689; x_wconf 86' lang='lat' dir='ltr'><strong>patiare,</strong></span> <span class='ocrx_word' id='word_1_764' title='bbox 1508 5631 1566 5676; x_wconf 91' lang='lat' dir='ltr'><strong>ut</strong></span> <span class='ocrx_word' id='word_1_765' title='bbox 1594 5622 1769 5679; x_wconf 84' lang='lat' dir='ltr'><strong>instar</strong></span> <span class='ocrx_word' id='word_1_766' title='bbox 1803 5623 1933 5679; x_wconf 84' lang='lat' dir='ltr'><strong>ferae</strong></span> 
     </span>
    </p>
   </div>
   <div class='ocr_carea' id='block_1_109' title="bbox 345 5701 1929 5784">
    <p class='ocr_par' dir='ltr' id='par_1_109' title="bbox 345 5701 1929 5784">
     <span class='ocr_line' id='line_1_109' title="bbox 345 5701 1929 5784; baseline 0.011 -30"><span class='ocrx_word' id='word_1_767' title='bbox 345 5705 411 5755; x_wconf 80' lang='lat' dir='ltr'><strong>ai</strong></span> <span class='ocrx_word' id='word_1_768' title='bbox 453 5701 691 5771; x_wconf 70' lang='lat' dir='ltr'><strong>prmdam</strong></span> <span class='ocrx_word' id='word_1_769' title='bbox 753 5707 1070 5776; x_wconf 81' lang='lat' dir='ltr'><strong>exquiraris</strong></span> <span class='ocrx_word' id='word_1_770' title='bbox 1123 5720 1177 5766; x_wconf 89' lang='lat' dir='ltr'><strong>et</strong></span> <span class='ocrx_word' id='word_1_771' title='bbox 1223 5711 1602 5784; x_wconf 85' lang='lat' dir='ltr'><strong>investigeris.</strong></span> <span class='ocrx_word' id='word_1_772' title='bbox 1656 5713 1929 5772; x_wconf 83' lang='lat' dir='ltr'><strong>Mendacii</strong></span> 
     </span>
    </p>
   </div>
   <div class='ocr_carea' id='block_1_110' title="bbox 345 5794 1931 5879">
    <p class='ocr_par' dir='ltr' id='par_1_110' title="bbox 345 5794 1931 5879">
     <span class='ocr_line' id='line_1_110' title="bbox 345 5794 1931 5879; baseline 0.011 -34"><span class='ocrx_word' id='word_1_773' title='bbox 345 5794 501 5864; x_wconf 74' lang='lat' dir='ltr'><strong>origo</strong></span> <span class='ocrx_word' id='word_1_774' title='bbox 534 5801 619 5849; x_wconf 83' lang='lat' dir='ltr'><strong>est</strong></span> <span class='ocrx_word' id='word_1_775' title='bbox 655 5795 922 5854; x_wconf 88' lang='lat' dir='ltr'><strong>fencrari.</strong></span> <span class='ocrx_word' id='word_1_776' title='bbox 958 5798 1081 5856; x_wconf 84' lang='lat' dir='ltr'><strong>Alia</strong></span> <span class='ocrx_word' id='word_1_777' title='bbox 1112 5803 1282 5859; x_wconf 85' lang='lat' dir='ltr'><strong>verba</strong></span> <span class='ocrx_word' id='word_1_778' title='bbox 1316 5814 1444 5860; x_wconf 89' lang='lat' dir='ltr'><strong>sunt</strong></span> <span class='ocrx_word' id='word_1_779' title='bbox 1481 5810 1605 5875; x_wconf 84' lang='lat' dir='ltr'><strong>ejus</strong></span> <span class='ocrx_word' id='word_1_780' title='bbox 1641 5807 1734 5878; x_wconf 88' lang='lat' dir='ltr'><strong>qui</strong></span> <span class='ocrx_word' id='word_1_781' title='bbox 1766 5822 1931 5879; x_wconf 84' lang='lat' dir='ltr'><strong>pecu-</strong></span> 
     </span>
    </p>
   </div>
   <div class='ocr_carea' id='block_1_111' title="bbox 2042 4971 3634 5054">
    <p class='ocr_par' dir='ltr' id='par_1_111' title="bbox 2042 4971 3634 5054">
     <span class='ocr_line' id='line_1_111' title="bbox 2042 4971 3634 5054; baseline 0.008 -29"><span class='ocrx_word' id='word_1_782' title='bbox 2042 4971 2161 5027; x_wconf 82' lang='grc' dir='ltr'>όντι</span> <span class='ocrx_word' id='word_1_783' title='bbox 2197 4972 2261 5025; x_wconf 82' lang='grc' dir='ltr'><strong>τὸ</strong></span> <span class='ocrx_word' id='word_1_784' title='bbox 2305 4973 2593 5046; x_wconf 81' lang='grc' dir='ltr'>ἀλλότριόν</span> <span class='ocrx_word' id='word_1_785' title='bbox 2630 4975 2803 5029; x_wconf 82' lang='grc' dir='ltr'>ἐστιν.</span> <span class='ocrx_word' id='word_1_786' title='bbox 2834 4976 3058 5031; x_wconf 81' lang='grc' dir='ltr'>Βέλτιον</span> <span class='ocrx_word' id='word_1_787' title='bbox 3100 4980 3219 5042; x_wconf 81' lang='grc' dir='ltr'>ταῖς</span> <span class='ocrx_word' id='word_1_788' title='bbox 3259 4982 3401 5035; x_wconf 82' lang='grc' dir='ltr'>κατὰ</span> <span class='ocrx_word' id='word_1_789' title='bbox 3436 4982 3634 5054; x_wconf 78' lang='grc' dir='ltr'>μικρὸν</span> 
     </span>
    </p>
   </div>
   <div class='ocr_carea' id='block_1_112' title="bbox 2043 5064 3632 5147">
    <p class='ocr_par' dir='ltr' id='par_1_112' title="bbox 2043 5064 3632 5147">
     <span class='ocr_line' id='line_1_112' title="bbox 2043 5064 3632 5147; baseline 0.008 -31"><span class='ocrx_word' id='word_1_790' title='bbox 2043 5064 2316 5129; x_wconf 85' lang='grc' dir='ltr'>ἐπινοίαις</span> <span class='ocrx_word' id='word_1_791' title='bbox 2367 5065 2469 5137; x_wconf 79' lang='grc' dir='ltr'><strong>τήν</strong></span> <span class='ocrx_word' id='word_1_792' title='bbox 2520 5068 2712 5138; x_wconf 81' lang='grc' dir='ltr'>χρείαν</span> <span class='ocrx_word' id='word_1_793' title='bbox 2765 5069 3300 5141; x_wconf 79' lang='grc' dir='ltr'>παραμυθήσασθαι,</span> <span class='ocrx_word' id='word_1_794' title='bbox 3339 5073 3372 5144; x_wconf 83' lang='grc' dir='ltr'>ἢ</span> <span class='ocrx_word' id='word_1_795' title='bbox 3416 5073 3632 5147; x_wconf 86' lang='grc' dir='ltr'>ἀθρόως</span> 
     </span>
    </p>
   </div>
   <div class='ocr_carea' id='block_1_113' title="bbox 2040 5154 3630 5238">
    <p class='ocr_par' dir='ltr' id='par_1_113' title="bbox 2040 5154 3630 5238">
     <span class='ocr_line' id='line_1_113' title="bbox 2040 5154 3630 5238; baseline 0.008 -29"><span class='ocrx_word' id='word_1_796' title='bbox 2040 5154 2356 5229; x_wconf 76' lang='grc' dir='ltr'>ἐπαρθέντα</span> <span class='ocrx_word' id='word_1_797' title='bbox 2399 5160 2517 5223; x_wconf 78' lang='grc' dir='ltr'>τοῖς</span> <span class='ocrx_word' id='word_1_798' title='bbox 2561 5157 2893 5229; x_wconf 86' lang='grc' dir='ltr'>ἀλλοτρίοις,</span> <span class='ocrx_word' id='word_1_799' title='bbox 2945 5160 3176 5234; x_wconf 75' lang='grc' dir='ltr'>ὕστερον</span> <span class='ocrx_word' id='word_1_800' title='bbox 3222 5164 3442 5219; x_wconf 84' lang='grc' dir='ltr'>πάντων</span> <span class='ocrx_word' id='word_1_801' title='bbox 3490 5166 3630 5238; x_wconf 77' lang='grc' dir='ltr'><strong>ὁμοῦ</strong></span> 
     </span>
    </p>
   </div>
   <div class='ocr_carea' id='block_1_114' title="bbox 2040 5249 3630 5332">
    <p class='ocr_par' dir='ltr' id='par_1_114' title="bbox 2040 5249 3630 5332">
     <span class='ocr_line' id='line_1_114' title="bbox 2040 5249 3630 5332; baseline 0.007 -29"><span class='ocrx_word' id='word_1_802' title='bbox 2040 5249 2153 5305; x_wconf 84' lang='grc' dir='ltr'><strong>τῶν</strong></span> <span class='ocrx_word' id='word_1_803' title='bbox 2205 5251 2521 5323; x_wconf 85' lang='grc' dir='ltr'>προσόντων</span> <span class='ocrx_word' id='word_1_804' title='bbox 2575 5251 3052 5323; x_wconf 79' lang='grc' dir='ltr'>ἀπογυμνοῦσθαι.</span> <span class='ocrx_word' id='word_1_805' title='bbox 3091 5254 3154 5309; x_wconf 74' lang='lat' dir='ltr'><strong>Et</strong></span> <span class='ocrx_word' id='word_1_806' title='bbox 3196 5256 3298 5328; x_wconf 86' lang='grc' dir='ltr'><strong>μὲν</strong></span> <span class='ocrx_word' id='word_1_807' title='bbox 3340 5253 3434 5313; x_wconf 81' lang='grc' dir='ltr'><strong>οὖν</strong></span> <span class='ocrx_word' id='word_1_808' title='bbox 3484 5259 3630 5332; x_wconf 77' lang='grc' dir='ltr'>ἔχεις</span> 
     </span>
    </p>
   </div>
   <div class='ocr_carea' id='block_1_115' title="bbox 2043 5339 3627 5415">
    <p class='ocr_par' dir='ltr' id='par_1_115' title="bbox 2043 5339 3627 5415">
     <span class='ocr_line' id='line_1_115' title="bbox 2043 5339 3627 5415; baseline 0.009 -21"><span class='ocrx_word' id='word_1_809' title='bbox 2043 5339 2221 5394; x_wconf 83' lang='grc' dir='ltr'>πόθεν</span> <span class='ocrx_word' id='word_1_810' title='bbox 2236 5340 2476 5410; x_wconf 82' lang='grc' dir='ltr'>ἀποδῷς,</span> <span class='ocrx_word' id='word_1_811' title='bbox 2498 5341 2554 5394; x_wconf 89' lang='grc' dir='ltr'><strong>τί</strong></span> <span class='ocrx_word' id='word_1_812' title='bbox 2581 5343 2705 5414; x_wconf 78' lang='grc' dir='ltr'>οὐχὶ</span> <span class='ocrx_word' id='word_1_813' title='bbox 2729 5344 2829 5415; x_wconf 77' lang='grc' dir='ltr'>τὴν</span> <span class='ocrx_word' id='word_1_814' title='bbox 2858 5345 3142 5415; x_wconf 77' lang='grc' dir='ltr'>παροῦσαν</span> <span class='ocrx_word' id='word_1_815' title='bbox 3184 5347 3393 5404; x_wconf 75' lang='grc' dir='ltr'>ἔνδειαν</span> <span class='ocrx_word' id='word_1_816' title='bbox 3421 5354 3486 5406; x_wconf 84' lang='grc' dir='ltr'><strong>ἐκ</strong></span> <span class='ocrx_word' id='word_1_817' title='bbox 3514 5353 3627 5407; x_wconf 79' lang='grc' dir='ltr'>τού-</span> 
     </span>
    </p>
   </div>
   <div class='ocr_carea' id='block_1_116' title="bbox 2038 5434 3628 5519">
    <p class='ocr_par' dir='ltr' id='par_1_116' title="bbox 2038 5434 3628 5519">
     <span class='ocr_line' id='line_1_116' title="bbox 2038 5434 3628 5519; baseline 0.006 -31"><span class='ocrx_word' id='word_1_818' title='bbox 2038 5451 2150 5488; x_wconf 87' lang='grc' dir='ltr'><strong>των</strong></span> <span class='ocrx_word' id='word_1_819' title='bbox 2178 5434 2288 5489; x_wconf 88' lang='grc' dir='ltr'><strong>τῶν</strong></span> <span class='ocrx_word' id='word_1_820' title='bbox 2312 5434 2582 5506; x_wconf 84' lang='grc' dir='ltr'>ἀφορμῶν</span> <span class='ocrx_word' id='word_1_821' title='bbox 2598 5434 2837 5499; x_wconf 88' lang='grc' dir='ltr'>διαλύεις</span> <span class='ocrx_word' id='word_1_822' title='bbox 2860 5452 2887 5503; x_wconf 69' lang='grc' dir='ltr'><strong>;ε</strong></span> <span class='ocrx_word' id='word_1_823' title='bbox 2920 5437 2981 5490; x_wconf 74' lang='lat' dir='ltr'><strong>Ei</strong></span> <span class='ocrx_word' id='word_1_824' title='bbox 3014 5437 3071 5491; x_wconf 75' lang='grc' dir='ltr'>δὲ</span> <span class='ocrx_word' id='word_1_825' title='bbox 3103 5440 3332 5512; x_wconf 81' lang='grc' dir='ltr'>ἀπορεῖς</span> <span class='ocrx_word' id='word_1_826' title='bbox 3350 5443 3501 5519; x_wconf 71' lang='grc' dir='ltr'><strong>Ιπρὸς</strong></span> <span class='ocrx_word' id='word_1_827' title='bbox 3530 5445 3628 5515; x_wconf 82' lang='grc' dir='ltr'><strong>τήν</strong></span> 
     </span>
    </p>
   </div>
   <div class='ocr_carea' id='block_1_117' title="bbox 2040 5525 3625 5609">
    <p class='ocr_par' dir='ltr' id='par_1_117' title="bbox 2040 5525 3625 5609">
     <span class='ocr_line' id='line_1_117' title="bbox 2040 5525 3625 5609; baseline -0.001 -28"><span class='ocrx_word' id='word_1_828' title='bbox 2040 5527 2272 5593; x_wconf 75' lang='grc' dir='ltr'>ἔκτισιν,</span> <span class='ocrx_word' id='word_1_829' title='bbox 2304 5525 2465 5598; x_wconf 83' lang='grc' dir='ltr'>κακῷ</span> <span class='ocrx_word' id='word_1_830' title='bbox 2516 5528 2686 5582; x_wconf 80' lang='grc' dir='ltr'>κακὸν</span> <span class='ocrx_word' id='word_1_831' title='bbox 2719 5527 3072 5601; x_wconf 79' lang='grc' dir='ltr'>θεραπεύεις.</span> <span class='ocrx_word' id='word_1_832' title='bbox 3105 5534 3197 5605; x_wconf 78' lang='grc' dir='ltr'>Μή</span> <span class='ocrx_word' id='word_1_833' title='bbox 3245 5534 3374 5609; x_wconf 76' lang='grc' dir='ltr'>δέξῃ</span> <span class='ocrx_word' id='word_1_834' title='bbox 3405 5537 3625 5609; x_wconf 82' lang='grc' dir='ltr'>πολιορ-</span> 
     </span>
    </p>
   </div>
   <div class='ocr_carea' id='block_1_118' title="bbox 2042 5618 3624 5701">
    <p class='ocr_par' dir='ltr' id='par_1_118' title="bbox 2042 5618 3624 5701">
     <span class='ocr_line' id='line_1_118' title="bbox 2042 5618 3624 5701; baseline 0.006 -28"><span class='ocrx_word' id='word_1_835' title='bbox 2042 5618 2247 5674; x_wconf 82' lang='grc' dir='ltr'>κοῦντά</span> <span class='ocrx_word' id='word_1_836' title='bbox 2273 5620 2337 5673; x_wconf 87' lang='grc' dir='ltr'>σε</span> <span class='ocrx_word' id='word_1_837' title='bbox 2381 5618 2705 5691; x_wconf 74' lang='grc' dir='ltr'>δανειστήνο</span> <span class='ocrx_word' id='word_1_838' title='bbox 2770 5620 2846 5693; x_wconf 85' lang='grc' dir='ltr'><strong>μὴ</strong></span> <span class='ocrx_word' id='word_1_839' title='bbox 2898 5621 3114 5699; x_wconf 85' lang='grc' dir='ltr'>ἀνάσχῃ</span> <span class='ocrx_word' id='word_1_840' title='bbox 3153 5625 3346 5698; x_wconf 78' lang='grc' dir='ltr'>ὥσπερ</span> <span class='ocrx_word' id='word_1_841' title='bbox 3392 5628 3525 5701; x_wconf 66' lang='grc' dir='ltr'>ἄλλο</span> <span class='ocrx_word' id='word_1_842' title='bbox 3574 5646 3624 5682; x_wconf 87' lang='grc' dir='ltr'><strong>τι</strong></span> 
     </span>
    </p>
   </div>
   <div class='ocr_carea' id='block_1_119' title="bbox 2041 5712 3623 5789">
    <p class='ocr_par' dir='ltr' id='par_1_119' title="bbox 2041 5712 3623 5789">
     <span class='ocr_line' id='line_1_119' title="bbox 2041 5712 3623 5789; baseline 0.007 -22"><span class='ocrx_word' id='word_1_843' title='bbox 2041 5713 2269 5784; x_wconf 85' lang='grc' dir='ltr'>θήραμα</span> <span class='ocrx_word' id='word_1_844' title='bbox 2324 5712 2716 5783; x_wconf 80' lang='grc' dir='ltr'>ἀναζητεϊσθαι</span> <span class='ocrx_word' id='word_1_845' title='bbox 2764 5715 2858 5768; x_wconf 69' lang='grc' dir='ltr'><strong>καὶ</strong></span> <span class='ocrx_word' id='word_1_846' title='bbox 2923 5717 3320 5789; x_wconf 84' lang='grc' dir='ltr'>ἐξιχνεύεσθαι.</span> <span class='ocrx_word' id='word_1_847' title='bbox 3382 5723 3623 5786; x_wconf 81' lang='grc' dir='ltr'>Ψεύδους</span> 
     </span>
    </p>
   </div>
   <div class='ocr_carea' id='block_1_120' title="bbox 2042 5804 3622 5888">
    <p class='ocr_par' dir='ltr' id='par_1_120' title="bbox 2042 5804 3622 5888">
     <span class='ocr_line' id='line_1_120' title="bbox 2042 5804 3622 5888; baseline 0.008 -28"><span class='ocrx_word' id='word_1_848' title='bbox 2042 5804 2265 5878; x_wconf 76' lang='grc' dir='ltr'>ἀρχήτὸ</span> <span class='ocrx_word' id='word_1_849' title='bbox 2286 5804 2835 5863; x_wconf 76' lang='grc' dir='ltr'>δανείσασθαι.Ἂλλα</span> <span class='ocrx_word' id='word_1_850' title='bbox 2858 5810 3082 5884; x_wconf 74' lang='grc' dir='ltr'>ῥήματα</span> <span class='ocrx_word' id='word_1_851' title='bbox 3100 5813 3193 5884; x_wconf 72' lang='grc' dir='ltr'><strong>τοῦ</strong></span> <span class='ocrx_word' id='word_1_852' title='bbox 3218 5812 3622 5888; x_wconf 69' lang='grc' dir='ltr'>δανειζομένου,</span> 
     </span>
    </p>
   </div>
  </div>
