3960 6382
275 441 408 508 1369

1518 436 1757 496 SACRA
1787 435 2260 496 PARALLELA.

3401 430 3542 494 1370

262 551 356 606 καὶ
390 548 526 605 ἄλλα
551 547 649 601 τοῦ
681 546 1112 616 ἀπαιτουμένου.
1150 544 1278 597 Εἴθε
1320 561 1404 597 σοι
1451 545 1527 616 μὴ
1554 545 1833 615 ἀπήντησε

1954 542 2102 594 niam
2140 537 2379 608 accipit,
2412 545 2468 591 et
2518 535 2623 590 alia
2671 537 2793 607 ejus
2839 553 2868 590 a
2917 553 3029 608 quo
3080 553 3144 593 ea
3196 541 3538 609 reposcitur.

257 643 402 706 τότε,
435 639 557 710 οὐχὶ
575 638 633 692 δὲ
665 637 893 701 άκοντός
921 655 1025 708 μου
1051 636 1320 700 ὑπέϐαλες
1349 639 1414 707 τῇ
1445 637 1593 707 χειρὶ
1616 636 1688 688 τά
1715 636 1846 706 χρή-

259 751 405 804 ματα
424 747 442 764 ⁸
467 730 782 801 ὑπόχαλκον
807 729 866 782 δέ
899 747 994 784 σου
1013 729 1073 783 τὸ
1094 729 1337 800 χρυσίου,
1363 732 1460 783 καὶ
1490 746 1845 800 παρακεκομε

258 823 420 894 μένον
451 822 514 875 τὸ
551 823 817 891 νόμισμα.
867 820 996 875 Εἴτε
1027 818 1121 874 οὖν
1167 820 1323 890 φίλσς
1368 822 1397 874 ὁ
1438 820 1724 884 δανείζων,
1766 821 1843 890 μὴ

254 913 544 984 ζημιωθῇς
569 911 739 965 αὐτοῦ
776 911 876 982 τὴν
910 910 1095 982 φιλίαν
1117 924 1131 938 ⁶
1167 911 1281 964 εἴτε
1335 910 1554 982 ἐχθρὸς,
1589 911 1664 980 μὴ
1709 910 1842 982 γένῃ

250 1005 330 1076 τῷ
358 1005 621 1073 δυσμενεῖ
658 1003 996 1075 ὑποχείριος.
1029 1004 1244 1074 Μικρὸν
1279 1004 1844 1074 ἐγκαλλωπισάμενος

249 1099 365 1161 τοῖς
391 1096 720 1167 ἀλλοτρίοις,
753 1096 984 1168 ὕστερον
1014 1098 1108 1150 καὶ
1129 1095 1240 1150 τῶν
1274 1096 1545 1167 πατρῴων
1575 1097 1841 1167 ἐκστήσῃ.

250 1191 432 1260 Πένης
466 1183 517 1242 εἴ
540 1186 674 1256 νῦν;
703 1187 818 1242 ἀλλ’
847 1188 1157 1260 ἐλεύθερος.
1190 1190 1591 1260 Δανεισάμενος
1613 1188 1691 1253 δὲ,
1721 1188 1842 1242 οὐδὲ

251 1281 607 1352 πλουτήσεις,
645 1281 741 1334 καὶ
769 1280 870 1351 τὴν
901 1281 1218 1351 ἐλευθερίαν
1243 1281 1614 1352 ἀφαιρεθήσῃ.
1646 1280 1843 1344 Δοῦλος

248 1373 341 1428 τοῦ
377 1373 750 1435 δεδανεικότος
786 1375 814 1426 ὁ
839 1373 1230 1444 δανεισάμενος
1249 1391 1264 1404 ⁸
1309 1375 1406 1427 καὶ
1433 1373 1621 1437 δοῦλος
1653 1373 1843 1445 μισθοο

249 1465 441 1536 φόρος,
489 1466 519 1518 ὁ
575 1464 958 1537 ἀπαραίτητον
1010 1465 1150 1534 ἔχων
1201 1465 1300 1537 τὴν
1355 1465 1728 1537 λειτουργίαν.
1776 1466 1841 1520 Oi

249 1558 411 1620 κύνες
435 1555 698 1622 λαϐόντες
732 1557 1093 1630 ἡμεροῦνται,
1124 1557 1152 1608 ὁ
1200 1556 1258 1611 δὲ
1298 1558 1585 1624 δανειστὴς
1633 1559 1842 1630 λαμϐά-

247 1667 357 1702 νων
393 1649 872 1720 προσερεθίζεται.
898 1650 974 1702 Οὐ
999 1649 1110 1720 γὰρ
1147 1648 1382 1702 παύεται
1405 1649 1676 1714 ὑλακτῶν,
1703 1650 1840 1704 ἀλλά

244 1742 306 1793 τὸ
353 1741 519 1794 πλέον
569 1741 841 1812 ἐπιζητεῖ.
899 1742 1032 1795 Ἐὰν
1074 1741 1306 1812 ὀμνύῃς,
1358 1742 1840 1814 ἀπιστεῖοέρευνᾷ

243 1833 314 1884 τά
337 1832 510 1897 ἐνδδν,
533 1831 604 1885 τά
627 1832 1064 1902 συναλλάγματά
1094 1850 1187 1886 σου
1211 1833 1680 1905 πολυπραγμονεῖ.
1712 1835 1838 1888 Ἐάν

1961 631 2176 686 Utinam
2213 639 2328 684 tum
2364 629 2462 684 tibi
2499 629 2697 685 obvius
2745 645 2854 686 non
2908 631 3182 686 fuissem!
3230 630 3428 686 Annon
3483 645 3539 688 tu

1957 725 2088 778 mihi
2114 723 2298 780 invito
2332 721 2594 792 pecunias
2627 721 2682 776 in
2714 737 2934 775 manum
2968 722 3205 792 iujecisti
3233 724 3256 777 ?
3291 725 3540 779 sulnaara-

1956 827 2070 871 tum
2103 815 2268 871 etiam
2307 822 2462 869 tuum
2497 830 2694 866 aurum
2730 821 2851 868 erat
2873 853 2889 878 ,
2918 815 3090 870 excisi
3128 818 3358 870 nummi.
3389 817 3539 883 Quo-

1951 909 2136 973 circa,
2187 908 2303 963 sive
2352 907 2567 961 amicus
2622 906 2692 960 sit
2740 906 2832 976 qui
2889 906 3134 974 fenerat,
3169 924 3234 962 ne
3279 910 3538 966 amicitias

1959 1003 2134 1073 ipsius
2159 1003 2442 1072 jacturam
2481 1000 2653 1055 iacias
2681 1019 2695 1055 :
2736 1002 2854 1056 sive
2880 1001 3086 1066 hostis,
3114 1019 3181 1057 ne
3207 1011 3260 1058 te
3289 1005 3538 1059 obstrin-

1949 1109 2048 1164 gas
2100 1093 2350 1147 inimico.
2402 1091 2700 1160 Postquam
2749 1090 3148 1160 aliquantisper
3192 1092 3261 1146 ob
3325 1094 3536 1149 alienas

1949 1200 2081 1254 opes
2108 1185 2309 1240 cristas
2332 1184 2622 1247 extuleris,
2645 1183 2892 1254 paternis
2921 1191 2976 1238 tu
3006 1184 3124 1253 ipse
3143 1198 3361 1254 quoque
3383 1185 3534 1240 exci-

1949 1277 2047 1333 des
2081 1276 2268 1333 bonis.
2302 1274 2518 1346 Pauper
2553 1291 2702 1332 nunc
2744 1276 2850 1331 es?
2895 1283 2951 1328 at
3004 1275 3164 1330 liber.
3196 1276 3302 1332 Ubi
3351 1288 3536 1331 autem

1949 1369 2242 1438 pecuniam
2279 1367 2472 1424 fenore
2516 1367 2802 1438 acceperis
2825 1407 2840 1433 ,
2872 1383 2975 1424 nec
3005 1367 3164 1422 dives
3187 1367 3335 1435 eris,
3378 1367 3539 1422 insu-

1947 1473 2048 1527 per
2076 1469 2132 1516 et
2162 1458 2399 1515 libertas
2431 1459 2530 1515 tibi
2567 1459 2865 1515 adimetur.
2899 1459 3213 1515 Creditoris
3237 1459 3384 1514 enim
3416 1473 3538 1513 ser-

1951 1566 2052 1608 vus
2105 1558 2226 1618 est,
2257 1551 2354 1621 qui
2402 1551 2594 1606 fenore
2641 1552 2891 1622 accepit,
2940 1550 3076 1622 quin
3125 1551 3294 1606 etiam
3341 1566 3538 1608 servus

1951 1641 2335 1696 mercenarius
2355 1678 2372 1706 ,
2406 1639 2767 1696 acerbissimo
2798 1639 3108 1695 ministerio
3140 1639 3397 1707 (illuseris.
3429 1639 3536 1694 Ca-

1948 1749 2046 1789 nes
2077 1748 2202 1788 cum
2235 1732 2574 1800 acceperint,
2610 1741 3038 1798 mansuescunt;
3091 1733 3356 1799 creditor,
3385 1732 3537 1788 acci-

1949 1826 2150 1895 piendo
2170 1865 2185 1891 ,
2223 1825 2411 1882 acrius
2441 1825 2722 1880 incitatur.
2756 1823 2943 1894 Neque
2974 1826 3120 1880 enim
3154 1825 3358 1880 latrare
3383 1825 3536 1881 desi-

243 1923 449 1995 προῖῃς
480 1921 578 1976 τοῦ
611 1923 896 1994 δοματίου,
926 1923 1073 1976 ἕλκει
1107 1923 1246 1994 πρὸς
1284 1902 1522 1993 ἑαυτὸν,
1546 1926 1642 1980 καὶ
1675 1943 1833 1980 κατα-

1944 1919 2023 1972 uit
2051 1959 2066 1984 ,
2101 1916 2200 1974 sed
2233 1916 2476 1988 amplius
2503 1917 2720 1988 quaerit.
2756 1916 2812 1971 Si
2858 1916 3254 1988 jusjurandum
3289 1918 3536 1988 interpo-

243 2017 428 2086 σύρει.
473 2015 602 2069 Ἐάν
623 2015 679 2068 δὲ
713 2015 864 2068 ἔνδον
896 2015 1122 2068 σεαυτὸν
1150 2015 1536 2087 κατακρύψῃς,
1565 2016 1835 2086 ἐφέστηκε

238 2112 305 2180 τῇ
367 2106 590 2179 αὐλαίᾳ,
644 2108 741 2162 καὶ
777 2106 1214 2177 θυρακρουστεῖο
1268 2107 1364 2160 ἐπὶ
1406 2108 1655 2177 γαμετῆς
1703 2125 1835 2161 κατ-

238 2199 520 2270 αισχύνει,
571 2199 666 2251 ἐπὶ
716 2197 891 2268 φίλων
937 2195 1287 2270 καθυσρίζει,
1334 2198 1394 2251 ἐν
1432 2200 1554 2261 ταῖς
1601 2199 1836 2269 ἀγοραῖς

237 2290 436 2361 ἄγχει’
472 2291 646 2345 κακὸν
683 2291 1004 2362 συνάντημα
1029 2291 1245 2364 ἑορτῆς,
1282 2290 1516 2345 ἀϐίωτόν
1551 2307 1633 2344 σοι
1673 2308 1835 2344 κατα-

238 2383 507 2448 σκευάζει
527 2381 801 2454 τὺνίβίον.
839 2382 1001 2436 Ἀλλὰ
1039 2382 1272 2454 μεγάλη,
1301 2384 1490 2454 φησὶν,
1519 2384 1551 2454 ἡ
1590 2383 1828 2454 ἀνάγκη.

236 2474 301 2528 Τί
333 2474 530 2542 ὄφελός
562 2492 645 2528 σοι
689 2475 788 2544 τὴν
823 2474 1066 2546 σήμερον
1109 2473 1480 2544 ὑπερθέσθαι;
1510 2474 1684 2527 Πάλιν
1719 2475 1830 2546 γὰρ

233 2565 364 2637 ήξει
388 2583 473 2622 σοι
507 2570 540 2637 ή
574 2567 737 2621 πενία
767 2567 960 2637 ῶσπερ
987 2565 1194 2634 ἀγαθὸς
1218 2565 1479 2637 δρομεὺς,
1505 2565 1602 2620 καὶ
1625 2567 1658 2636 ή
1689 2566 1828 2638 αὐτὴ

234 2658 462 2729 ἀνάγκη
502 2657 640 2728 μετά
699 2657 1022 2729 προσθήκης
1079 2656 1375 2729 παρέσται.
1416 2657 1491 2710 Τὸ
1526 2659 1632 2728 γάρ
1679 2657 1836 2722 δάνος

233 2751 344 2804 οὐκ
367 2751 692 2824 ἀπαλλαγὴν
720 2751 988 2821 παντελῆ,
1015 2750 1151 2804 ἀλλά
1185 2749 1404 2822 μακράν
1432 2749 1708 2823 ἀναϐολὴν
1735 2752 1836 2822 τῆς

233 2842 558 2913 ἀμηχανίας
587 2844 914 2914 παρέχεται.

1939 2024 2074 2072 nas,
2138 2021 2250 2068 non
2306 2008 2535 2077 credit;
2596 2009 3000 2077 supellectilem
3069 2017 3219 2063 tuam
3281 2011 3530 2074 excutit,

1936 2109 2266 2156 contractus
2299 2107 2426 2156 tuos
2455 2110 2858 2171 perscrutatur.
2896 2101 2952 2156 Si
2983 2103 3148 2158 domo
3179 2105 3436 2173 prodeas,
3465 2103 3534 2156 ad

1935 2209 1997 2249 se
2033 2199 2090 2249 te
2123 2193 2296 2248 trabit
2329 2201 2385 2249 et
2415 2202 2734 2264 extorquet.
2765 2193 2862 2248 Sin
2899 2203 2952 2250 te
2988 2196 3138 2250 intus
3190 2196 3531 2260 abscondas,

1935 2301 2036 2356 pro
2090 2285 2307 2342 foribus
2359 2295 2506 2346 astat
2536 2287 2849 2358 pulsatque.
2885 2286 3086 2342 Coram
3137 2303 3310 2342 uxore
3355 2288 3533 2356 pudo-

1931 2369 2051 2434 rem
2081 2380 2184 2435 tibi
2212 2380 2445 2445 incutit,
2471 2395 2658 2435 coram
2689 2379 2888 2436 amicis
2914 2379 3086 2436 infert
3116 2379 3533 2448 contumeliam,

1934 2473 1991 2527 in
2022 2473 2289 2529 nundinis
2320 2473 2587 2544 prtefocat
2607 2513 2623 2538 ,
2656 2473 2710 2528 in
2735 2473 2826 2528 die
2856 2471 3000 2529 festo
3027 2471 3308 2528 infaustus
3338 2486 3536 2526 oecur-
3587 2459 3589 2466 λ

1938 2566 2009 2620 rit
2038 2565 2178 2633 tibi,
2213 2567 2475 2621 acerbam
2511 2566 2751 2636 denique
2783 2567 2887 2622 tibi
2939 2567 3107 2623 vitam
3161 2565 3366 2622 reddit.
3423 2564 3532 2629 At,

1942 2657 2168 2728 inquis,
2204 2658 2402 2729 ingens
2453 2673 2542 2713 me
2594 2659 2897 2714 necessitas
2952 2657 3146 2728 adigit.
3202 2655 3344 2722 Quid
3399 2671 3534 2709 vero

1940 2752 2170 2822 prodest
2198 2752 2299 2807 tibi
2326 2753 2472 2807 ultra
2501 2750 2824 2807 hodiernum
2858 2751 3005 2806 diem
3039 2749 3305 2805 diﬂerrc!
3337 2762 3532 2803 rursus

1941 2845 2086 2900 enim
2122 2852 2422 2916 paupertas
2452 2845 2729 2900 celerrimi
2763 2843 3012 2901 cursoris
3040 2843 3218 2898 instar
3249 2841 3318 2897 ad
3350 2850 3403 2894 te
3435 2855 3532 2894 ve-

233 2935 393 3000 niet,
429 2935 720 3005 aderitque
752 2935 1064 2992 necessitas
1099 2950 1202 2992 nec
1235 2936 1358 2991 sine
1385 2934 1631 2991 cumulo.
1661 2932 1906 2990 Pecunia
1954 2935 2198 2993 tenebris
2248 2953 2359 2992 non
2409 2937 2516 2992 hoc
2566 2935 2750 3004 aﬂ‘ert,
2789 2943 2851 2990 ut
2890 2950 3120 3006 prorsus
3162 2932 3533 2990 incommodis

232 3027 497 3084 libereris
529 3047 542 3084 :
577 3028 674 3084 sed
703 3029 958 3100 exiguam
990 3029 1263 3084 duntaxat
1299 3030 1570 3085 anxietati
1603 3037 1712 3083 tuae
1739 3044 1950 3083 moram
1982 3029 2261 3098 producit.

305 3125 502 3188 Τόκος
530 3116 688 3191 οἶμαι
710 3120 800 3175 διὰ
827 3122 930 3193 τὴν
963 3123 1296 3191 πολυγονίαν
1323 3124 1420 3176 τοῦ
1448 3123 1626 3178 κακοῦ
1655 3140 1830 3193 προσ-

227 3215 752 3286 ηγόρευται.ῐ1ιὸθεν
779 3214 890 3287 γὰρ
920 3214 1144 3269 ἄλλοθεν
1167 3234 1183 3283 ;
1204 3217 1274 3269 Ἦ
1289 3216 1433 3286 τάχα
1462 3216 1642 3281 τόκος
1675 3214 1832 3283 λέγε-

2010 3123 2171 3195 433
2227 3123 2373 3180 Ibid.
2395 3155 2468 3165 -——
2492 3125 2666 3186 Τόκος
2695 3123 2790 3194 (id
2833 3129 2921 3176 est
2951 3121 3140 3191 fenus)
3178 3121 3251 3177 ob
3291 3120 3422 3176 mali
3451 3120 3532 3175 fe"

1939 3217 2278 3272 cunditatem
2316 3218 2390 3273 ita
2424 3218 2732 3288 appellatus
2772 3225 2876 3272 est.
2901 3215 3062 3272 Unde
3095 3217 3243 3272 enim
3279 3212 3533 3283 alioqui?

227 3328 329 3364 ται
378 3309 470 3362 διὰ
521 3307 622 3372 τάς
674 3308 873 3372 ὠδῖνας
927 3311 1026 3362 καὶ¹
1054 3309 1257 3374 λύπας,
1307 3307 1374 3372 ἃς
1420 3310 1674 3378 ἐμποιεῖν
1710 3311 1833 3370 ταῖς

1944 3305 2039 3362 Vel
2075 3309 2239 3362 etiam
2287 3308 2530 3364 fortasse
2573 3310 2732 3372 τόκος
2793 3314 3150 3378 nuncupatur
3203 3307 3274 3362 ob
3305 3305 3530 3360 dolores

225 3402 438 3473 ψυ-χαῖς
465 3401 574 3453 τῶν
599 3401 998 3472 δανειζομένων
1021 3401 1289 3470 πέφυκεν.
1307 3402 1524 3472 ’Ὥσπερ
1546 3403 1579 3472 ή
1607 3401 1735 3463 ὠδὶς
1763 3404 1829 3472 τῇ

1944 3409 1994 3452 et
2023 3397 2351 3463 molestias,
2410 3415 2550 3469 quas
2608 3413 2801 3453 eorum
2853 3399 2944 3468 qui
2989 3396 3200 3452 fenoris
3251 3395 3328 3450 rei
3371 3405 3526 3460 sunt,

229 3493 528 3565 τικτούσῃ,
571 3493 744 3556 οὕτως
774 3497 806 3564 ή
838 3493 1152 3564 προθεσμία
1177 3493 1256 3564 τῷ
1278 3493 1531 3564 ὑποχρέῳ
1563 3494 1832 3564 παρίστα-

231 3605 346 3642 ται.
385 3585 558 3650 Τὸκος
589 3586 684 3638 ἐπὶ
723 3587 890 3656 τόκῳ,
943 3585 1198 3657 πονηρῶν
1237 3585 1444 3654 γονέων
1474 3585 1708 3656 πονηρὸν
1739 3584 1831 3637 ἐκ·

231 3697 421 3749 γονον.
447 3678 635 3732 Ταῦτα
662 3678 717 3732 δὲ
737 3674 986 3747 λεγέσθω
1012 3680 1335 3748 γεννήματα
1358 3677 1606 3748 ἐχιδνῶν,
1632 3677 1701 3730 τὰ
1724 3677 1832 3731 τῶν

230 3773 418 3828 τόκων
455 3772 852 3842 ἀποκυήματα.
884 3770 1002 3834 Τὰς
1053 3770 1266 3841 ἐχίδνας
1312 3769 1537 3838 λέγουσι
1587 3769 1689 3840 τὴν
1730 3786 1832 3838 γα-

234 3867 412 3937 στέρα
436 3864 542 3934 τῆς
578 3864 787 3934 μητρὸς
809 3863 1156 3927 διεσθιούσας
1201 3863 1512 3929 τίκτεσθαι,
1542 3863 1635 3915 καὶ
1659 3862 1712 3915 οῖ
1737 3863 1830 3915 τό·

233 3978 320 4014 κσι
371 3959 502 4022 τοὺς
539 3959 725 4020 οἴκους
783 3956 892 4010 τῶν
946 3956 1282 4027 ὀφειλόντων
1320 3955 1661 4025 ὲκφαγόντες
1695 3955 1831 4009 ἀποε-

230 4049 568 4121 γεννῶνται.

302 4145 413 4207 Δὸς
444 4143 508 4197 τὸ
531 4143 674 4196 οῐκοι
699 4142 957 4211 κείμενον
988 4140 1280 4213 ἀργύριον,
1309 4139 1386 4210 μή
1423 4138 1671 4210 βαρύνων
1697 4137 1831 4190 αὐτὸ

230 4241 358 4302 ταῖς
407 4235 776 4306 προσθήκαις,
813 4235 912 4289 καὶ
951 4233 1288 4304 ἀμφοτέροις
1329 4232 1452 4304 ἥξει
1487 4231 1692 4294 καλῶς.
1737 4231 1829 4283 Σοὶ

237 4330 340 4400 μὲν
380 4327 616 4399 ὑπάρξει
667 4326 728 4378 τὸ
769 4326 835 4378 ἐκ
877 4326 980 4395 τῆς
1021 4323 1275 4394 φυλακῆς
1321 4322 1602 4391 ἀσφαλῶς,
1648 4321 1728 4392 τῷ
1771 4321 1828 4375 δὲ

231 4420 462 4474 λαϐόντι
493 4418 644 4472 τὸέκ
677 4418 779 4486 τῆς
813 4418 1066 4487 χρήσεως
1101 4416 1315 4487 κέρδος.
1350 4417 1413 4469 Ei
1437 4416 1495 4468 δὲ
1528 4416 1625 4469 καὶ
1655 4432 1828 4486 προσ-

233 4510 418 4580 θήκην
443 4507 750 4580 ἐπιζητεῖς,
789 4505 1096 4578 ἀρκέσθητι
1133 4509 1251 4570 τοῖς
1286 4507 1441 4576 παρὰ
1462 4506 1558 4560 τοῦ
1595 4506 1826 4577 Κυρίου.

232 4601 414 4664 Αὐτὸς
441 4601 583 4672 ὑπὲρ
612 4600 723 4654 τῶν
765 4601 1020 4670 πενήτων
1053 4600 1146 4653 τὸν
1175 4598 1523 4670 πλεονασμὸν
1551 4599 1825 4653 ἀποτίσει.

1935 3491 2137 3546 animis
2193 3491 2335 3546 solet
2366 3492 2715 3563 ingenerare.
2771 3486 3249 3554 Quemadmodum
3301 3485 3524 3541 scilicet

1935 3583 2265 3653 parturienti
2326 3584 2524 3647 dolor,
2577 3582 2659 3638 sic
2734 3581 3083 3652 praestitutus
3143 3578 3352 3633 fenoris
3404 3579 3525 3633 dies

1933 3679 2083 3727 astat
2138 3661 2400 3728 creditori
2441 3671 2650 3728 :l'enus
2699 3687 2866 3740 super
2895 3670 3078 3733 fenus,
3111 3670 3380 3723 malorum
3424 3683 3524 3737 pa-

1936 3765 2153 3812 rentum
2189 3760 2334 3815 mala
2387 3760 2628 3816 soboles.
2680 3759 2846 3828 Atqui
2900 3758 3132 3829 viperini
3195 3757 3341 3813 fetus
3388 3773 3526 3814 usu-

1935 3865 2121 3903 rarum
2169 3858 2360 3920 partus
2391 3851 2500 3906 dici
2539 3860 2764 3921 queant.
2801 3849 2873 3906 Ut
2925 3849 3072 3906 enim
3111 3848 3331 3920 viperas
3370 3849 3527 3904 aiunt

1939 3954 2105 3994 exeso
2157 3949 2399 3995 matrum
2446 3950 2606 3998 utero
2641 3942 2725 4000 _in
2789 3943 2966 3997 lucem
3008 3941 3132 4005 edi;
3187 3941 3272 3996 sic
3332 3939 3526 3996 fenora

1931 4031 2112 4086 exesis
2153 4031 2460 4088 debitorum
2488 4035 2746 4090 domibus
2779 4042 3163 4103 procreantur.
3251 4081 3256 4087 .

2009 4119 2156 4176 Ibid.
2185 4155 2258 4166 —
2287 4123 2365 4176 Da
2409 4126 2710 4194 pecuniam
2751 4139 2918 4195 quam
2975 4124 3124 4179 domi
3175 4123 3522 4178 reconditam

1931 4219 2121 4281 habes,
2152 4216 2322 4272 nullis
2361 4231 2480 4271 eam
2509 4215 2764 4272 fenorum
2803 4216 3225 4272 accessionibus
3248 4230 3520 4284 gravans:

1931 4311 2014 4366 sic
2049 4304 2269 4379 utrique
2319 4309 2460 4364 bene
2492 4309 2620 4364 erit.
2666 4307 2802 4364 Nam
2855 4318 2910 4364 et
2943 4309 3042 4364 tibi
3077 4315 3198 4364 tuto
3253 4309 3526 4364 custodie-

1933 4411 2024 4456 tur
2064 4420 2076 4456 :
2114 4409 2170 4456 et
2206 4401 2254 4457 is
2288 4401 2386 4472 qui
2444 4402 2747 4472 acceperit,
2805 4402 3021 4458 lucrum
3074 4418 3142 4459 ex
3175 4417 3281 4458 usu
3325 4415 3525 4457 consc-

1932 4500 2157 4558 quetur.
2195 4492 2355 4559 Quod
2401 4493 2449 4549 si
2505 4495 2884 4550 accessionem
2918 4495 3144 4566 quaeris,
3184 4509 3249 4550 ea
3289 4501 3524 4548 conten-

1936 4593 2025 4639 tus
2055 4593 2199 4654 esto,
2235 4601 2362 4655 quas
2394 4587 2490 4642 tibi
2527 4602 2555 4640 a
2601 4586 2837 4642 Domino
2894 4589 3210 4657 profectura
3261 4594 3368 4642 est.
3403 4585 3524 4653 Ipse

233 4694 402 4766 Παρὰ
451 4692 546 4747 τοῦ
597 4694 770 4758 ὅντως
803 4691 1192 4764 φιλανθρώπου
1225 4693 1468 4762 ἀνάμενε
1521 4692 1589 4745 τά
1637 4691 1827 4761 φιλάν-

1944 4678 2035 4732 Libi
2072 4694 2376 4750 pauperum
2425 4680 2653 4736 nomine
2694 4681 2972 4750 persolvet
3005 4679 3183 4734 fenus.
3223 4679 3306 4732 Ab
3333 4693 3398 4732 eo
3427 4677 3524 4747 qui

233 4789 455 4858 Opunta.
497 4789 565 4840 ’Λ
611 4787 721 4858 γάρ
775 4785 1079 4857 λαμϐάνεις
1112 4829 1126 4853 ,
1177 4785 1354 4840 ταῦτα
1411 4785 1832 4855 μισανθρωπίας

231 4880 496 4950 οὐδεμίαν
523 4879 838 4951 ὑπερϐολὴν
861 4879 1176 4932 ἀπολείπει.
1205 4879 1340 4932 Ἀπὸ
1367 4878 1666 4948 συμφορῶν
1702 4895 1760 4929 κε
1771 4894 1832 4946 ρ⁹

232 4970 462 5034 δαίνεις,
521 4969 634 5024 άπὸ
664 4969 920 5041 δακρύων
972 4970 1406 5040 ἀργυρολογεῖς,
1463 4967 1556 5022 τὸν
1620 4966 1830 5038 γυμνὸν

234 5065 454 5133 ἄγχεις,
488 5063 579 5116 τὸν
603 5063 951 5133 λιμώττοντα
973 5061 1199 5126 τύπτεις
1221 5077 1234 5091 '
1275 5061 1425 5125 ἔλεος
1451 5061 1719 5130 οὐδαμοῦ.
1747 5059 1830 5112 Τὰ

234 5139 492 5207 ὲντεύθεν
523 5153 715 5224 κέρδη,
752 5152 1115 5223 φιλάνθρωπα
1143 5152 1461 5223 ὀνομάζεις;
1492 5153 1630 5206 Οὐαὶ
1657 5154 1708 5206 οί
1735 5152 1827 5205 λέ-

233 5258 429 5306 γοντες
456 5242 518 5295 τὸ
560 5241 761 5313 πικρὸν
781 5241 976 5310 γλυκὺ,
1001 5244 1096 5296 καὶ
1123 5243 1222 5314 τὴν
1255 5243 1676 5314 μισανθρωπίαν
1704 5241 1824 5311 φιλ-

235 5331 337 5387 ανθ
349 5335 564 5404 ρωπίαν
605 5332 1138 5406 προσαγορεύοντες.

322 5597 776 5668 Ἐκατοστολόγοι
814 5602 906 5653 καὶ
932 5600 1379 5670 δεκατοστολόγοι
1420 5601 1588 5666 τινὲς,
1620 5599 1824 5670 φρικτά

235 5690 334 5742 καὶ
358 5692 700 5761 ἀκουσθῆναι
717 5694 960 5763 ὀνόματα
983 5713 996 5772 ς
1022 5697 1265 5764 μηνιαῖοι
1288 5694 1611 5766 ἀπαιτηταὶ,
1634 5693 1823 5764 ὥσπερ

235 5781 290 5833 οἱ
322 5781 419 5846 τὰς
457 5784 754 5855 ἐπιληψίας
785 5785 1089 5852 ποιοῦντες,
1123 5786 1268 5841 κατά
1293 5786 1391 5851 τὰς
1416 5787 1699 5858 περιόδους
1723 5787 1822 5855 τῆς

241 5873 478 5950 σελήνης
520 5877 896 5951 ἐπιτιθέμενοι
941 5882 1050 5944 τοῖς
1108 5882 1366 5954 πτωχοῖς,
1412 5879 1626 5952 πονηρὰ
1675 5879 1820 5946 δόσις

1942 4771 2216 4839 benignus
2250 4781 2355 4836 est,
2384 4771 2626 4842 benigna
2673 4771 3016 4842 praestolare.
3066 4769 3202 4823 Nam
3233 4785 3353 4838 qme
3387 4768 3524 4821 alio-

1935 4863 2034 4932 qui
2062 4863 2295 4933 accipis,
2335 4865 2554 4920 nullum
2614 4862 3038 4918 inhu-manitatis
3087 4860 3317 4931 gradum
3351 4860 3524 4914 relin-

1934 4964 2141 5025 quunt.
2177 4957 2259 5012 Ex
2318 4956 2731 5012 calamitatibus
2792 4955 2990 5010 alienis
3037 4961 3309 5024 quaastum
3355 4952 3518 5017 facis,

1933 5066 2003 5105 ex
2037 5050 2303 5121 lacrymis
2336 5051 2630 5121 pecuniam
2692 5047 2934 5117 colligis,
2983 5046 3193 5101 nudum
3221 5044 3518 5116 praefocas,

1933 5160 2058 5200 eum
2089 5144 2184 5215 qui
2218 5144 2366 5200 fame
2395 5145 2637 5207 laborat,
2666 5143 2936 5212 percutis,
2968 5155 3242 5213 nusquam
3300 5139 3522 5194 miseri-

1933 5239 2123 5292 cordia
2159 5258 2173 5293 :
2213 5239 2355 5306 quin
2376 5247 2432 5294 et
2469 5239 2843 5309 quodcunque
2871 5252 2938 5292 ex
2977 5237 3062 5291 liis
3112 5235 3364 5289 lucratus
3400 5232 3522 5287 fue—

1933 5332 2034 5393 ris,
2073 5330 2371 5400 benignum
2423 5340 2481 5386 ct
2516 5332 2817 5384 bmnanum
2868 5328 3155 5384 nominare
3200 5323 3396 5381 amas?
3431 5321 3521 5379 Vte

1931 5424 2022 5493 qui
2059 5423 2254 5477 dicunt
2293 5438 2542 5477 amarum
2607 5423 2793 5489 dulce,
2839 5428 2895 5477 et
2921 5418 3384 5476 inbumanitatem
3419 5430 3521 5486 ap-

1932 5515 2143 5583 pellant
2160 5513 2585 5569 humanitatem.

2009 5605 2147 5660 Ibid.
2176 5636 2249 5655 —-.
2282 5605 2691 5675 llecatostologi
2739 5613 2793 5660 et
2839 5603 3238 5674 decatostologi
3301 5601 3382 5674 (id
3410 5608 3514 5662 est,

1930 5700 2024 5769 qui
2057 5699 2394 5754 centesimas
2422 5710 2476 5753 et
2503 5697 2842 5755 decumanas
2877 5713 3081 5753 usuras
3109 5689 3317 5766 legunt)
3341 5693 3517 5747 nomi-

1934 5802 2002 5844 nat
2039 5791 2124 5845 vel
2169 5789 2288 5855 ipso
2322 5789 2516 5845 auditu
2551 5790 2868 5856 horrenda;
2899 5797 3192 5845 exactores
3222 5784 3511 5849 menstrui,

1931 5899 2036 5945 non
2075 5897 2336 5944 secusac
2370 5885 2664 5942 daemones
2698 5882 2778 5939 illi
2823 5882 2916 5952 qui
2949 5880 3252 5939 comitiales
3285 5875 3511 5937 morbos
