3960 6386
361 513 364 518 ι
427 434 560 500 1371

1533 424 1537 428 ”
1619 429 1679 488 S.
1721 424 2038 488 JOANNIS
2074 421 2510 485 DAMASCENI

3559 417 3696 484 1372

424 547 696 608 inferunt,
745 543 877 598 luna
932 554 1155 611 quaque
1208 543 1458 594 vertente
1508 551 1780 608 pauperes
1817 548 2008 606 aggrea

2129 531 2387 603 ἑκατέρῳ,
2424 531 2522 584 καὶ
2541 528 2621 601 τῷ
2649 529 2869 596 διδόντι,
2890 531 2984 584 καὶ
3013 530 3088 599 τῷ
3110 527 3466 599 λαμϐάνοντι,
3495 527 3573 598 τῷ
3596 528 3698 596 μὲν

424 640 672 694 diuntur.
730 633 1102 689 Perniciosum
1152 631 1342 701 utique
1394 645 1618 694 munus,
1662 637 1772 682 tam
1827 627 2004 693 danti,

425 745 590 800 quam
637 726 966 798 accipienti:
1009 724 1159 796 quod
1210 726 1360 778 hunc
1390 721 1610 794 quidem
1660 721 2006 784 facultatum,

426 819 580 874 illum
617 825 800 871 autem
842 816 1041 869 anima:
1086 813 1424 870 detrimento
1477 811 1696 864 alliciat.
1749 807 2009 879 Agricola

427 925 552 964 cum
585 910 794 977 spicam
841 907 1138 977 acceperit,
1197 918 1379 960 semen
1437 916 1661 956 rursum
1697 900 1802 955 sub
1829 900 2011 954 radice

426 1013 537 1054 non
587 997 932 1066 investigat:
982 1006 1040 1050 tu
1087 1008 1238 1058 vero,
1280 1007 1406 1048 cum
1458 992 1672 1046 fructus
1723 989 1949 1054 habeas,
1980 1005 2010 1044 a

424 1093 600 1150 veteri
635 1100 821 1145 tamen
852 1096 1004 1146 sorte
1029 1089 1380 1158 nequaquam
1412 1085 1684 1150 abstines,
1715 1084 1831 1138 sine
1864 1093 2010 1137 terra

425 1184 668 1257 plantas.
703 1184 822 1239 sine
866 1189 1115 1239 semente
1163 1180 1347 1234 metis.
1405 1178 1708 1234 lneertum-
1745 1185 1831 1232 est
1899 1176 2014 1231 cui-

426 1292 556 1333 nam
584 1275 836 1345 colligas.
869 1272 1106 1340 Quinam
1139 1272 1231 1326 ille
1269 1271 1343 1326 sit
1376 1270 1468 1340 qui
1505 1270 1559 1324 iu
1591 1269 1776 1324 usuris
1820 1268 2014 1322 fundat

425 1367 726 1438 lacrymas,
777 1365 1130 1436 perspicuum
1179 1371 1306 1418 est:
1347 1362 1473 1431 quis
1520 1367 1702 1415 autem
1735 1375 1800 1414 ex
1837 1359 2011 1428 partis

426 1459 555 1514 inde
616 1458 815 1528 opibus
874 1455 1116 1511 fructum
1168 1454 1242 1510 sit
1298 1459 1682 1524 percepturus,
1737 1451 1789 1504 in
1842 1450 2014 1505 dubio

427 1558 534 1607 est.
573 1552 855 1606 Incertum
889 1549 1093 1620 quippe
1119 1555 1225 1614 est,
1254 1561 1385 1601 num
1419 1545 1545 1599 aliis
1579 1545 1916 1614 voluptatem
1943 1559 2012 1599 ex

427 1641 626 1710 opibus
664 1642 964 1696 relicturus
990 1641 1094 1702 sis,
1131 1653 1257 1692 cum
1297 1639 1415 1706 ipse
1459 1635 1556 1690 tibi
1605 1633 1904 1704 perniciem
1947 1633 2013 1686 il-

426 1732 538 1784 lam
570 1746 693 1800 qua:
723 1747 790 1787 ex
821 1730 1094 1800 injustitia
1126 1730 1329 1792 oritur,
1362 1725 1687 1783 cumulatis.
1718 1723 1853 1790 Quae
1886 1737 2010 1778 cum

426 1819 504 1875 ita
535 1822 666 1890 sint,
710 1837 812 1878 nec
866 1838 992 1878 eum
1029 1822 1125 1892 qui
1160 1819 1259 1875 abs
1300 1825 1355 1874 te
1386 1818 1635 1874 mutuari
1683 1817 1821 1881 vult,
1853 1830 2012 1873 aver-

2113 624 2192 684 είς
2213 622 2496 692 χρήματα,
2531 621 2609 692 τῷ
2636 621 2694 675 δὲ
2721 622 2801 684 είς
2833 620 3012 691 ψυχὴν
3033 621 3310 690 φέρουσαν
3341 621 3440 689 τὴν
3467 619 3697 692 ζημίαν.

2125 713 2182 765 '0
2205 714 2457 784 γεωργὸς
2485 713 2578 767 τὸν
2602 715 2804 784 στάχυν
2830 712 3033 778 λαϐὼν,
3060 713 3123 773 τὸ
3153 713 3382 784 σπέρμα
3407 713 3572 767 πάλιν
3594 715 3702 770 ὑπὸ

2111 803 2210 875 τὴν
2269 803 2426 876 ῥίζαν
2463 805 2566 858 οὐκ
2614 805 2849 876 ἐρευνᾷ·
2911 805 2978 858 σὺ
3013 805 3072 859 δὲ
3127 805 3223 859 καὶ
3271 807 3401 869 τοὺς
3448 808 3701 877 καρποὺς

2113 895 2277 967 ἔχεις,
2322 897 2420 951 καὶ
2468 897 2570 951 οὐκ
2614 897 2918 968 ἀφίστασαι
2953 898 3063 952 τῶν
3104 899 3380 970 ἀρχαίων·
3418 899 3548 952 ἄνευ
3593 900 3704 970 γῆς

2115 988 2391 1058 φυτεύεις,
2428 989 2563 1044 ἀνευ
2599 993 2806 1063 σπορᾶς
2852 990 3110 1064 θερίζεις.
3151 991 3381 1062 Ἄδηλον
3425 992 3531 1045 τίνι
3575 1009 3704 1047 συν-

2117 1084 2293 1152 ἀγεις.
2331 1084 2390 1137 '0
2421 1084 2522 1155 μὲν
2564 1085 2821 1156 δακρύων
2867 1085 2925 1138 ἐν
2976 1087 3087 1149 τοῖς
3131 1085 3314 1148 τόκοις
3346 1076 3637 1156 πρόδηλος,
3672 1085 3705 1136 ὁ

2113 1176 2170 1228 δὲ
2201 1175 2503 1230 ἀπολαύειν
2536 1176 2750 1247 μέλλων
2794 1177 2893 1248 τῆς
2939 1177 3047 1232 ἀπὸ
3096 1176 3307 1232 τούτων
3342 1177 3700 1247 περιουσίας,

2114 1267 2442 1338 ἀμφίϐολος.
2482 1269 2718 1340 Ἄδηλον
2752 1270 2863 1343 γάρ
2907 1273 2955 1324 εί
2992 1273 3068 1341 μὴ
3104 1271 3316 1341 ἑτέροις
3353 1269 3455 1342 τὴν
3487 1271 3583 1323 ἐπὶ
3622 1270 3707 1341 τῷ

2115 1360 2332 1433 πλούτῳ
2377 1362 2554 1433 χαρὰν
2594 1364 2862 1434 ἀφήσεις,
2897 1364 2959 1417 τὸ
3003 1366 3069 1418 ὲκ
3122 1365 3222 1434 τῆς
3265 1364 3482 1427 ἀδικίας
3532 1364 3707 1416 κακὸν

2117 1454 2333 1526 σεαυτῷ
2379 1455 2745 1527 θησαυρίσας.
2778 1458 2934 1527 Μήτε
2983 1453 3077 1511 οὖν
3127 1457 3219 1511 τὸν
3241 1458 3464 1511 θέλοντα
3520 1459 3707 1512 δανεί-

2117 1545 2318 1598 σασθαι
2362 1548 2748 1618 ἀποστραφῇς,
2783 1547 2880 1600 καὶ
2919 1548 2981 1601 τὸ
3019 1549 3286 1619 ἀργύριόν
3334 1565 3430 1602 σου
3479 1548 3554 1619 μὴ
3595 1548 3708 1618 δῷς

2115 1637 2209 1690 ἐπὶ
2249 1637 2416 1708 τόκῳ,
2448 1637 2559 1706 ἵνα,
2605 1641 2671 1692 ὲκ
2714 1639 2957 1702 Παλαιᾶς
2993 1641 3087 1693 καὶ
3122 1640 3267 1704 Νέας
3301 1640 3580 1710 Διαθήκης
3621 1640 3709 1693 δι-

2116 1727 2368 1798 δαχθεὶς,
2433 1730 2572 1800 μετά
2623 1731 2840 1801 ἀγαθῆς
2885 1731 3102 1796 ἐλπίδος
3157 1732 3295 1803 πρὸς
3347 1731 3438 1785 τὺν
3496 1731 3710 1800 Κύριον

2117 1820 2310 1893 ἀπίῃς,
2345 1823 2465 1876 ἐκεῖ
2509 1823 2640 1886 τοὺς
2669 1823 2866 1888 τόκους
2891 1824 3001 1878 τῶν
3035 1823 3255 1893 ἀγαθῶν
3283 1824 3463 1893 ἔργων
3496 1821 3713 1893 ἀποληέ

426 1926 572 1978 sare,
604 1929 710 1969 nec
743 1930 946 1971 rursus
987 1914 1278 1985 pecuniam
1311 1923 1465 1968 tuam
1517 1912 1616 1968 des
1648 1911 1714 1965 ad
1747 1923 2012 1974 usuram;
2050 1905 2091 1959 Β
2118 1911 2377 1981 ψάμενος.

427 2019 539 2074 quo
596 2013 704 2060 tam
755 2022 822 2062 ex
856 2004 1069 2074 Veteri,
1118 2022 1282 2078 quam
1321 2021 1388 2062 ex
1437 2003 1599 2059 Novo
1639 2001 2016 2063 Testamento,
2058 2015 2179 2068 quae
2233 2005 2387 2058 utilia
2425 2004 2522 2060 tibi
2576 2012 2728 2071 sunt,
2775 2004 3029 2072 edoctus,
3081 2022 3206 2062 cum
3256 2008 3400 2062 bona
3471 2023 3570 2076 spe
3635 2010 3706 2064 ad

426 2095 718 2151 Dominum
772 2097 960 2162 vadas,
1021 2100 1292 2155 bonorum
1350 2113 1580 2169 operum
1629 2096 1788 2150 fenus
1847 2094 1979 2148 illuc
2020 2103 2368 2166 recepturus.

501 2186 782 2256 Ejusdem.
836 2219 907 2229 -—-
953 2189 1092 2245 Cum
1151 2190 1436 2246 debitores
1501 2203 1637 2245 suos
1702 2187 2013 2242 lnvenerint

429 2279 709 2345 homines,
745 2281 977 2350 perinde
1023 2270 1213 2335 laetitia
1263 2281 1534 2352 gestiunt,
1571 2296 1638 2335 ac
1679 2279 1724 2335 si
1773 2278 2010 2348 praedam

431 2371 578 2425 nacti
607 2382 832 2439 essent;
871 2373 1124 2443 nihilque
1155 2389 1261 2429 non
1297 2374 1529 2439 faciunt,
1571 2387 1686 2444 quo
1721 2381 1892 2427 totum
1919 2385 2014 2424 au-

429 2461 633 2518 ferant.
689 2464 847 2530 Quod
895 2466 942 2520 si
985 2481 1083 2536 per
1131 2474 1432 2536 egestatem
1484 2466 1798 2521 debitorum
1839 2465 1892 2520 id
1935 2467 2016 2521 eis

429 2553 659 2610 minime
683 2555 868 2622 liceat,
902 2565 1016 2611 tum
1034 2557 1253 2612 demum
1289 2557 1424 2612 iram
1458 2557 1816 2623 pecuniarum
1844 2571 2010 2610 causa

427 2656 747 2714 conceptam
781 2648 834 2701 in
865 2662 1240 2702 aerumnosum
1297 2647 1626 2703 miserorum
1669 2663 1872 2716 corpus
1929 2647 2010 2702 ef—

425 2735 690 2802 fundunt,
729 2735 992 2793 ferientes
1027 2752 1147 2806 eos,
1189 2738 1710 2809 excruciantesque,
1747 2747 1802 2794 et
1845 2739 2010 2794 innu-

429 2830 602 2884 meris
634 2829 797 2885 malis
829 2829 1149 2888 allicientes.

505 2919 779 2990 Ejusdem.
810 2952 882 2961 —
906 2921 1184 2992 lniquam,
1221 2939 1254 2978 ο
1289 2924 1475 2991 homo,
1521 2924 1893 2995 syngrapham
1929 2925 2010 2977 la-

431 3028 584 3077 cera,
639 3020 699 3067 ut
746 3013 851 3068 hac
916 3015 1134 3070 ratione
1186 3025 1477 3084 peccatum
1529 3027 1679 3069 tuum
1744 3017 2010 3070 solvatur.

430 3102 904 3160 Gravissimarum
930 3118 1225 3160 usurarum
1264 3105 1672 3161 confessionem
1705 3106 1963 3160 oblittera
1997 3147 2009 3170 ,

432 3199 495 3246 ut
525 3191 689 3247 tellus
718 3206 786 3257 ea,
820 3209 946 3262 quae
996 3196 1315 3257 consuevit,
1366 3196 1566 3265 pariat.
1611 3195 1746 3252 IEre
1785 3197 2014 3252 enimet

431 3297 573 3338 auro
602 3291 768 3354 atque
811 3285 1129 3343 infecundis
1163 3288 1331 3343 rebus
1375 3294 1574 3357 praeter
1621 3297 1876 3342 naturam
1917 3303 2018 3357 pa-
2046 3275 2089 3330 C

434 3373 732 3441 rientibus,
755 3382 905 3430 terra
953 3375 1114 3444 cujus
1144 3384 1344 3432 natura
1371 3377 1476 3432 fert
1512 3385 1571 3432 ut
1597 3378 1791 3447 pariat,
1813 3378 2018 3433 sterilis

433 3465 695 3533 efﬁcitur,
733 3475 902 3539 atque
930 3469 986 3524 in
1021 3470 1326 3526 incolarum
1360 3485 1581 3541 pinnam
1613 3481 1843 3528 eatenus
1879 3471 2015 3526 mul-

434 3567 602 3623 tatur,
634 3569 696 3614 ut
727 3561 913 3616 nullos
940 3560 1154 3618 fructus
1178 3565 1378 3634 pariat.

505 3649 674 3723 434
719 3652 915 3721 Ejusd.
993 3655 1136 3710 hom.
1197 3657 1322 3714 adv.
1396 3658 1504 3726 [επ.
1559 3684 1630 3696 -—
1682 3655 1804 3722 Quo
1861 3660 2022 3724 pacto

437 3744 608 3814 igitur
636 3744 774 3810 alar,
812 3745 1028 3816 inquiet
1075 3748 1317 3818 aliquis?
1363 3748 1566 3804 Manus
1619 3747 1810 3813 habes,
1845 3754 2021 3800 artem

435 3837 658 3895 habes:
710 3851 937 3907 operam
985 3849 1134 3894 tuam
1177 3841 1320 3906 loca,
1376 3839 1658 3895 ministra.
1711 3838 1891 3894 Multae
1922 3851 2024 3908 pa-

439 3931 600 3986 randi
631 3933 813 3988 victus
847 3933 1094 3989 rationes
1127 3940 1274 3994 sunt.
1306 3933 1479 3988 multa
1507 3931 1781 3990 subsidia.
1816 3931 1882 3984 At
1920 3929 2024 3984 im-

439 4023 738 4081 becillitate
785 4025 1055 4082 laboras?
1121 4025 1373 4081 Mendica
1429 4025 1498 4079 ab
1564 4023 1633 4080 iis
1685 4023 1776 4094 qui
1824 4022 2023 4093 opibus

440 4113 746 4170 abundant.
795 4115 866 4171 At
896 4124 1060 4186 turpe
1099 4124 1185 4173 est
1229 4114 1594 4171 mendicare?
1642 4112 1862 4182 turpius
1892 4125 2024 4166 vero

439 4209 624 4277 plane,
677 4223 802 4264 cum
847 4215 1133 4264 mutuatus
1177 4205 1376 4272 fueris,
1424 4221 1535 4261 non
1575 4205 1832 4261 reddere.
1888 4203 2024 4260 For-

439 4303 608 4370 mica,
644 4305 747 4359 etsi
781 4318 882 4360 nec
934 4304 1134 4374 stipem
1186 4300 1370 4372 petit,
1399 4315 1499 4355 nec
1564 4306 1760 4354 mutuo
1797 4299 2023 4368 accipit,

441 4396 514 4450 ali
555 4405 772 4467 potest;
825 4396 1038 4468 apicula
1087 4393 1196 4449 cibi
1237 4393 1324 4448 sui
1359 4391 1624 4462 reliquias
1667 4390 1890 4461 regibus
1919 4390 2025 4444 im-

441 4487 643 4556 pertit;
669 4488 870 4558 quibus
900 4494 1082 4542 tamen
1121 4499 1225 4540 nec
1271 4497 1493 4546 manus,
1523 4496 1628 4537 nec
1651 4487 1800 4536 artes
1829 4487 2026 4534 natura

2203 2187 2460 2243 Ἐπειδὰν
2510 2188 2715 2260 εὕρωσι
2765 2191 2894 2256 τοὺς
2933 2192 3251 2261 ὀφείλοντας
3302 2195 3350 2246 οί
3397 2194 3707 2267 ἄνθρωποι,

2115 2278 2309 2353 ὥσπερ
2345 2281 2570 2354 θήραμα
2629 2284 2727 2336 καὶ
2779 2283 2957 2356 ἄγραν
2992 2285 3270 2357 εὑρόντεςν
3318 2285 3492 2351 θῦτως
3531 2292 3706 2362 γεγή-

2117 2370 2264 2435 θασι,
2306 2374 2401 2427 καὶ
2441 2375 2622 2429 πάντα
2656 2375 2930 2441 ποιοῦσιν,
2963 2377 3111 2441 ὅπως
3158 2378 3220 2431 τὸ
3263 2381 3371 2434 πᾶν
3404 2381 3702 2438 ἀποίσωσι.

2116 2462 2238 2516 Κᾶν
2271 2464 2346 2534 μὴ
2381 2464 2658 2536 δυνηθῶσι
2693 2465 2784 2519 διὰ
2825 2465 2926 2538 τὴν
2953 2468 3147 2521 πενίαν
3193 2467 3304 2522 τῶν
3348 2470 3702 2538 ὀφειλόντων,

2116 2554 2216 2625 τὴν
2247 2556 2389 2626 ὑπὲρ
2423 2556 2532 2610 τῶν
2577 2557 2880 2628 χρημάτων
2925 2557 3100 2628 ὀργὴν
3130 2560 3212 2621 είς
3245 2559 3306 2612 τὺ
3351 2560 3706 2632 ταλαίπωρον

2115 2649 2223 2702 τῶν
2262 2650 2466 2704 ἀθλίων
2515 2649 2675 2721 σῶμα
2709 2651 3016 2721 ἐκχέουσιν,
3066 2652 3430 2722 αἰκιζόμενοι.
3464 2655 3560 2708 καὶ
3605 2652 3704 2707 τύ-

2117 2758 2366 2807 πτοντες,
2400 2743 2497 2796 καὶ
2523 2743 2694 2813 μυρία
2731 2743 2919 2807 αὐτοῖς
2951 2743 3286 2810 διατιθέντες
3318 2746 3487 2801 κακά.

2189 2921 2529 2993 Διάῤῥηξον,
2592 2921 2891 2992 ἄνθρωπε,
2923 2923 3308 2993 γραμμάτειον
3351 2920 3560 2986 ἄδικον,
3618 2921 3708 2975 ἵνα

2121 3010 2298 3076 οὓτως
2332 3015 2364 3082 ἡ
2414 3014 2662 3085 ἁμαρτία
2695 3013 2852 3083 λυθῇ.
2900 3014 3216 3083 Ἐξὰλειψον
3250 3013 3574 3086 βαρυτάτων
3621 3015 3709 3067 τό·

2122 3121 2232 3158 κων
2262 3104 2574 3174 ὁμολογίαν,
2617 3105 2702 3158 ἵνα
2743 3105 2878 3177 τέκῃ
2907 3104 2976 3159 τὰ
3033 3106 3240 3175 συνήθη
3290 3107 3322 3177 ἡ
3357 3104 3462 3174 γῆ·
3500 3103 3705 3176 χαλκοῦ

2124 3199 2235 3270 γὰρ
2270 3200 2365 3252 καὶ
2403 3199 2633 3271 χρυσίου
2675 3200 2772 3254 καὶ
2813 3201 2924 3254 τῶν
2955 3201 3166 3269 ἀγόνων
3203 3201 3356 3271 παρά
3391 3199 3555 3269 φύσιν
3587 3217 3712 3270 γεν-

2124 3290 2364 3357 νώντων,
2394 3293 2426 3360 ή
2453 3290 2599 3344 κατὰ
2631 3291 2794 3361 φύσιν
2826 3291 3089 3346 τίκτουσα
3121 3293 3335 3361 γίνεται
3372 3295 3584 3362 στεῖρα,
3620 3297 3710 3346 καὶ

2123 3383 2260 3453 πρὸς
2304 3383 2584 3454 τιμωρίαν
2628 3383 2738 3437 τῶν
2782 3384 3149 3440 ἐνοικούντων
3197 3383 3567 3456 κατεδικάσθη
3609 3385 3711 3456 τὴν

2122 3469 2425 3539 ἀκαρπίαν.

2196 3653 2320 3718 Πῶς
2354 3655 2447 3709 οὖν
2491 3655 2797 3729 διατραφῶ,
2843 3659 3044 3729 φησίνς
3087 3658 3304 3730 Ἔχεις.
3322 3660 3537 3730 χεῖρας,
3562 3657 3713 3729 ἔχεις

2123 3745 2356 3817 τέχνηνν
2414 3749 2739 3820 μισθαρνοῦ,
2771 3751 3034 3807 διακόνει.
3081 3751 3284 3806 Πολλαὶ
3330 3752 3570 3807 ἐπίνοιαι
3616 3750 3711 3806 τοῦ

2127 3838 2267 3909 βίου,
2298 3840 2494 3895 πολλαὶ
2520 3843 2790 3913 ἀφορμαί.
2832 3844 2974 3898 Ἀλλ’
3006 3845 3287 3909 ἀδυνάτως
3315 3845 3501 3915 ἔχειςς
3539 3846 3712 3917 Προσ-

2127 3932 2268 3985 αίτει
2296 3932 2451 4004 παρά
2471 3933 2580 3987 τῶν
2603 3936 2983 4006 κεκτημένων.
3010 3936 3152 3990 Ἀλλ’
3176 3937 3404 4009 αἰσχρὸν
3430 3937 3491 3991 τὸ
3507 3939 3710 4002 αίτεῖν;

2125 4025 2495 4095 Αίσχρότερον
2536 4027 2635 4096 μὲν
2685 4027 2777 4080 τὸν
2829 4028 3221 4099 δανεισάμενον
3265 4030 3610 4100 ἀποστερεῖν.
3653 4029 3714 4085 Ὁ

2129 4116 2358 4188 μύρμηξ
2384 4116 2611 4172 δύναται
2639 4119 2779 4189 μήτε
2814 4120 3150 4190 προσαιτῶν,
3171 4122 3306 4192 μήτε
3332 4121 3716 4193 δανειζόμενος

2125 4207 2550 4280 διατρέφεσθαιο
2584 4211 2682 4264 καὶ
2719 4211 2954 4281 μέλισσα
2985 4211 3054 4281 τᾲ
3101 4211 3332 4282 λείψανα
3363 4213 3467 4283 τῆς
3503 4214 3716 4277 οἰκείας

2126 4302 2336 4372 τροφῆς
2389 4299 2676 4372 βασιλεῦσι
2721 4301 3040 4373 χαρίζεται·
3075 4297 3155 4367 οἷς
3204 4302 3327 4356 οὕτε
3377 4305 3560 4374 χεῖρα,
3590 4303 3718 4357 οὔτε

2127 4392 2322 4462 τέχνας
2350 4393 2384 4462 ή
2429 4391 2591 4461 φύσις
2626 4392 2795 4446 ἔδωκε
2817 4407 2830 4421 ο
2866 4392 2931 4445 σὺ
2957 4393 3014 4446 δὲ
3047 4393 3106 4446 τὸ
3136 4394 3450 4464 εὐμήχανον
3495 4393 3658 4458 ζῶον,
3689 4396 3718 4448 ὁ

2128 4483 2436 4555 ἄνθρωπος,
2471 4485 2603 4553 μίαν
2631 4482 2744 4536 τῶν
2771 4483 2962 4538 πασῶν
3006 4485 3272 4556 μηχανῶν
3325 4485 3424 4556 οὐχ
3459 4487 3718 4557 εὑρήσεις

443 4578 636 4650 largita
685 4587 816 4636 est:
870 4588 927 4635 tu
991 4592 1121 4635 vero
1183 4576 1349 4632 homo
1401 4574 1612 4630 animal
1653 4574 2017 4644 ingeniosum,

2130 4574 2268 4647 πρὸς
2295 4576 2395 4646 τὴν
2416 4575 2510 4628 τοῦ
2542 4574 2991 4646 βίου-διαγωγήη

442 4673 652 4727 nullam
707 4687 774 4728 ex
824 4671 1085 4726 omnibus
1140 4676 1314 4725 artem
1366 4665 1665 4737 repeteris,
1719 4664 1863 4719 unde
1925 4662 2022 4718 tibi

440 4763 648 4819 victum
681 4763 1010 4833 compares?

514 4855 660 4910 Ibid.
689 4886 761 4897 —
787 4854 832 4912 Ο
863 4863 1001 4926 quot
1034 4855 1322 4910 hominum
1376 4853 1554 4909 aliena
1592 4853 1736 4908 bona
1768 4851 2025 4924 perdide—

445 4949 609 5002 runt!
640 4947 786 5013 Quot
811 4948 964 5004 velut
987 4961 1084 5017 per
1109 4945 1390 5003 somnium
1423 4945 1784 5010 ditescentes,
1817 4945 2029 5016 gravis-

445 5039 585 5095 sima
619 5038 817 5093 damna
853 5038 1005 5110 passi
1050 5044 1211 5094 sunt!
1262 5039 1334 5092 At
1379 5037 1563 5107 multi,
1600 5037 1810 5107 inquis,
1847 5037 1918 5092 ob
1951 5052 2026 5094 aes

445 5131 690 5186 alienum
741 5133 887 5202 quod
948 5138 1370 5199 contraxerunt,
1449 5131 1772 5202 locupletati
1843 5132 2020 5186 fuere.

444 5223 651 5281 Verum
687 5225 894 5296 plures,
927 5233 986 5281 ut
1013 5233 1266 5290 autumo,
1307 5225 1508 5295 laqueo
1540 5225 1710 5279 vitam
1741 5224 2020 5279 finierunt.

444 5318 696 5372 Tu'vero
735 5332 830 5373 eos
859 5317 954 5388 qui
986 5315 1197 5372 divitiis
1233 5315 1381 5371 aucti
1415 5321 1568 5380 sunt,
1603 5314 2022 5385 contemplaris;

443 5410 571 5467 illos
605 5420 788 5465 autem
819 5410 910 5481 qui
942 5409 1156 5482 laqueis
1202 5410 1435 5480 periere,
1479 5423 1589 5464 non
1621 5423 1900 5472 numeras,
1931 5410 2026 5478 qui

444 5503 706 5559 videlicet
750 5503 999 5574 repetitae
1048 5504 1296 5574 pecuniae
1323 5502 1679 5574 ignominiam
1707 5517 1820 5557 non
1845 5501 2027 5558 feren-

446 5603 552 5661 tes,
597 5597 898 5666 suspendio
952 5597 1185 5652 interire
1236 5597 1422 5667 potius
1484 5596 1817 5661 habuerunt,
1861 5611 2026 5666 quam

449 5701 576 5742 cum
626 5689 830 5759 probro
865 5696 920 5745 et
964 5688 1190 5744 infamia
1222 5690 1428 5745 vivere.
1464 5689 1834 5744 Miscrandum
1871 5689 2029 5759 plane

451 5783 830 5851 spectaculum
860 5783 991 5850 vidi,
1027 5798 1229 5853 pueros
1261 5783 1528 5853 ingenuos
1553 5791 1907 5852 paternorum
1935 5782 2026 5837 dc-

452 5873 692 5931 bitorum
743 5889 904 5935 causa
963 5877 1190 5934 venales
1255 5876 1323 5932 ad
1389 5877 1570 5932 forum
1630 5885 1834 5945 raptos.
1889 5875 2028 5944 ()pcs

2202 4850 2271 4907 Ὠ
2304 4853 2508 4919 πόσους
2561 4855 2814 4909 ἀπώλεσε
2867 4854 2938 4909 τὰ
2984 4854 3248 4927 ἀλλότρια
3291 4853 3502 4923 ἀγαθαί
3551 4855 3720 4908 Πόσοι

2128 4947 2260 5019 ὄναρ
2325 4947 2732 5019 πλουτήσαντες
2793 4946 3251 5018 ὑπεραπέλαυσαν
3309 4947 3410 5017 τῆς
3476 4944 3716 5018 ζημίαςι

2144 5043 2311 5098 Ἀλλά
2337 5041 2552 5107 πολλοὶ,
2589 5041 2779 5113 φησὶν,
2812 5042 2909 5095 καὶ
2937 5041 3002 5094 ὲκ
3038 5039 3417 5110 δανεισμάτων
3451 5038 3722 5105 ὲπλούτη..

2132 5151 2253 5190 σαν.
2287 5134 2518 5196 Πλείους
2570 5129 2841 5202 δὲ,οἶμαι,
2873 5131 2970 5186 καὶ
3016 5130 3230 5202 βρόχων
3279 5129 3509 5201 ἥψαντο.
3549 5130 3623 5184 Σὺ
3664 5130 3721 5182 δὲ

2130 5227 2258 5290 τοὺς
2284 5227 2387 5296 μὲν
2419 5224 2837 5295 πλουτήσαντας
2862 5223 3104 5295 βλέπεις,
3141 5223 3270 5287 τοὺς
3305 5223 3361 5277 δὲ
3387 5223 3720 5292 ἀπαγξαμέο

2138 5335 2262 5382 νους
2296 5318 2397 5372 οὐκ
2431 5316 2707 5389 ἀριθμεῖς,
2737 5317 2785 5370 οἳ
2820 5316 2918 5386 τὴν
2949 5316 3043 5369 ἐπὶ
3081 5317 3204 5378 ταῖς
3231 5315 3602 5383 ἀπαιτήσεσιν
3633 5316 3718 5369 αἱ-

2135 5409 2341 5481 σχύνην
2377 5408 2452 5480 μή
2499 5409 2786 5479 φέροντες,
2835 5406 2927 5458 τὸν
2958 5405 3028 5459 δι’
3068 5406 3305 5476 ἀγχόνης
3349 5403 3587 5459 θάνατον
3623 5404 3716 5458 τοῦ

2133 5501 2520 5564 ἐπονειδίστως
2555 5500 2655 5570 ζῇν
2691 5499 3092 5572 προετίμησαν.
3132 5493 3288 5552 Εἶδον
3318 5496 3430 5567 ἐγὼ
3477 5497 3717 5552 ἐλεεινὸν

2133 5595 2338 5666 θέαμα,
2383 5593 2582 5656 παῖδας
2628 5591 2950 5662 ἐλευθέρους
3011 5590 3118 5643 ὑπὸ
3166 5590 3345 5661 χρεῶν
3421 5587 3715 5660 πατρικῶν

2135 5683 2472 5754 ἑλκομένους
2500 5683 2581 5745 είς
2613 5681 2674 5734 τὸ
2701 5681 3021 5750 πρατήριον.
3065 5678 3179 5732 Οὐκ
3209 5677 3350 5748 ἔχεις
3385 5676 3715 5731 καταλιπεῖν

2135 5779 2396 5850 Χρήματα
2427 5777 2540 5839 τοῖς
2585 5774 2814 5838 ’παισίν;
2853 5771 2942 5842 Μὴ
2979 5771 3302 5842 προσαφέλῃ
3343 5769 3438 5823 καὶ
3484 5768 3586 5840 τὴν
3621 5767 3715 5848 εὑ.-

2136 5873 2374 5940 γὲνειαν.
2435 5869 2624 5925 Οὐδεὶς
2685 5869 2874 5923 πενίαν
2944 5865 3152 5938 πατρὸς
3220 5863 3485 5936 ἐνεκλήθη
3557 5860 3710 5918 ποτέ.
