3960 6380
421 439 564 508 1375

1639 439 1701 498 S.
1741 436 2064 500 IOANNIS
2104 433 2502 495 DAMASCEN
2508 433 2537 494 Ι

3555 427 3688 492 1376

494 557 661 615 Hebr.
709 573 829 624 xm,
864 558 916 612 9.
947 586 1017 598 —
1048 574 1067 608 ‹
1106 553 1382 612 Doetrinis
1427 553 1597 610 variis
1619 561 1674 610 et
1688 553 1996 627 peregrinis

2174 571 2192 604 ι
2231 552 2486 622 Διδαχαῖς
2545 549 2824 613 ποικίλαις
2883 548 2980 604 καὶ
3031 546 3211 613 ξέναις
3253 549 3327 618 μὴ
3363 549 3682 618 παραφέρει

422 651 599 706 nolite
631 648 847 703 abduci.
884 666 904 700 ι

493 739 713 795 Basilii.
753 769 821 779 ——
851 737 1114 795 Docentis
1177 738 1488 796 auctoritas
1550 739 1710 794 ﬁdem
1759 738 1999 794 orationi

420 831 700 898 conciliat,
733 831 1174 903 attentioresque
1210 830 1509 901 discipulos
1538 830 1741 886 reddit.

492 1003 554 1060 S.
625 1003 782 1077 Greg.
851 1004 1286 1064 Naz.——Cibus
1359 1007 1510 1065 enim
1588 1019 1676 1065 est
1722 1009 1998 1076 doctrina,

430 1097 586 1154 illius
623 1100 789 1154 etiam
826 1099 922 1170 qui
963 1099 1102 1155 alios
1131 1099 1326 1155 nutrit.

493 1189 772 1262 Chrysost.
800 1221 868 1232 —
891 1191 1029 1247 Tum
1061 1193 1299 1249 maxime
1347 1193 1616 1250 bonarum
1656 1208 1838 1250 rerum
1878 1201 2001 1250 stu-

422 1283 516 1339 dio
556 1283 872 1340 excitantur
902 1284 1180 1354 discipuli,
1231 1299 1358 1341 cum
1391 1285 1786 1357 magistrorum
1818 1299 2002 1341 exem-

421 1375 511 1446 pla
541 1375 611 1429 ob
635 1373 826 1429 oculos
858 1374 1081 1430 habent.
1106 1392 1126 1426 ι
1313 1436 1316 1439 _

493 1463 965 1532 Clement.——Qui
1009 1467 1192 1532 donet,
1253 1465 1489 1536 amplius
1535 1465 1701 1522 discit
1751 1482 1766 1520 :
1817 1475 1872 1522 et
1907 1465 2002 1536 qui

421 1559 590 1615 verba
619 1558 774 1629 facit,
811 1559 930 1632 ipse
978 1575 1195 1632 quoque
1240 1561 1442 1631 saepius
1483 1576 1612 1626 cum
1657 1561 2001 1619 auditoribus

419 1652 540 1707 suis
579 1650 757 1708 audit.

492 1741 852 1798 Philonis.-—
875 1743 1156 1800 Doctrina:
1197 1744 1417 1817 insigne
1447 1746 1599 1817 virga
1636 1753 1742 1803 est.
1784 1745 1999 1800 Etenim

420 1831 530 1889 nisi
567 1834 693 1904 quis
726 1836 932 1908 pudore
979 1836 1274 1902 afﬁciatur,
1307 1844 1362 1892 et
1392 1836 1461 1893 de
1499 1837 1782 1894 nonnullis
1819 1838 2003 1908 objur-

420 1933 601 1992 getur,
638 1924 757 1982 ﬁeri
784 1941 894 1982 non
925 1935 1131 1998 potest,
1170 1937 1232 1984 ut
1267 1929 1620 1993 emendetur,
1659 1938 1711 1984 et
1741 1929 1807 1984 ad
1850 1931 2004 1985 sani-

422 2023 587 2070 tatem
617 2017 826 2073 redeat.

493 2104 776 2176 Ejusdem.
808 2136 880 2148 —
909 2106 1031 2164 Non
1057 2111 1140 2165 uti
1174 2117 1482 2182 praeceptor
1509 2110 1730 2176 docere,
1767 2112 1840 2166 ita
1869 2128 2006 2182 quo-

419 2212 530 2266 que
592 2197 808 2254 discere
859 2197 1169 2270 discipulus
1219 2209 1418 2271 potest.
1470 2201 1566 2257 Ille
1598 2202 1802 2273 quippe
1831 2202 2007 2272 perfe-

423 2295 547 2343 ctus
587 2297 695 2356 est,
744 2289 835 2345 hic
878 2300 1063 2345 autem
1105 2291 1487 2361 imperfectus.
1532 2295 1613 2348 Ae
1650 2293 1886 2363 proinde
1919 2293 2006 2348 fa-

423 2380 604 2436 cultas
623 2381 1029 2439 consideranda
1055 2395 1144 2440 est
1183 2384 1355 2453 illius,
1397 2385 1491 2456 qui
1523 2385 1799 2442 eruditur.

497 2471 777 2543 Ejusdem.
804 2505 874 2516 —
899 2475 1133 2533 Noveris
1181 2485 1238 2532 tu
1281 2478 1534 2549 quisquis
1579 2478 1767 2542 doces,
1798 2489 1850 2534 et
1881 2479 2010 2535 dili-

423 2575 620 2635 genter
649 2567 918 2637 expende,
950 2583 1190 2638 quanam
1237 2584 1372 2627 aure
1404 2585 1435 2624 a
1467 2570 1737 2638 discipulo
1787 2581 1875 2625 tua
1906 2587 2009 2627 vox

421 2659 748 2728 excipiatur.
779 2659 998 2718 Stultus
1027 2670 1110 2717 est
1141 2663 1311 2730 enim,
1347 2663 1441 2735 qui
1472 2664 1538 2719 ad
1569 2665 1805 2719 surdum
1844 2665 2008 2720 verba

422 2746 578 2816 facit,
609 2757 664 2804 et
701 2750 959 2816 stolidus,
1004 2751 1098 2822 qui
1139 2752 1375 2822 lapidem
1431 2752 1710 2811 admonet.
1748 2752 1830 2808 Tu
1869 2769 2011 2825 quo—

423 2854 532 2910 que
557 2842 771 2911 peccati
808 2843 1039 2912 perinde
1069 2858 1201 2899 reus
1232 2843 1366 2910 eris,
1407 2843 1516 2900 nisi
1540 2859 1668 2899 cum
1693 2846 1879 2900 animo
1911 2852 2010 2900 tuo

421 2931 807 3002 perpenderis,
867 2949 1110 3002 quonam
1155 2943 1342 3004 pacto,
1398 2937 1694 3007 quandove
1725 2937 2010 3008 sapientia:

327 3086 334 3096 κ
424 3037 735 3080 sermonem
776 3041 1032 3096 promere
1063 3035 1342 3097 oporteat.

500 3115 746 3173 Eusebii.
769 3149 841 3159 —
866 3118 971 3186 Qui
1003 3121 1238 3192 gratiam
1275 3133 1615 3178 consecutus
1652 3131 1757 3190 est,
1789 3123 2010 3195 copiose

2205 683 2219 696 .
2259 662 2278 694 ι

2105 643 2524 800 σῢῗἈξιοπιστία
2577 733 2672 787 τοῦ
2719 731 3066 794 διδάσκοντος
3123 729 3530 800 εὐπαράδεκτον
3587 729 3659 800 μὶ

2102 827 2194 883 τὸν
2228 828 2384 897 λόγον
2413 825 2726 897 καθίστησι,
2759 823 3226 896 προσεχεστῲους
3259 821 3316 875 δὲ
3339 822 3465 886 τοὺς
3504 822 3686 894 μαθη-

2101 919 2430 990 τευομὲνους
2459 916 2892 990 παρασκευάζει.

2179 1010 2368 1083 Τροφὴ
2398 1010 2508 1093 γάρ
2545 1012 2693 1065 ἐστιν
2720 1009 2755 1081 ἡ
2781 1007 2982 1076 δίδαξις
3015 1008 3109 1062 καὶ
3137 1007 3233 1062 τοῦ
3254 1008 3572 1079 τρέφοντος.

2176 1191 2309 1244 Τότε
2339 1189 2586 1260 μάλιστα
2648 1189 2698 1244 οί
2763 1187 3006 1259 μαθηταὶ
3069 1187 3148 1250 είς
3179 1185 3269 1240 τὸν
3325 1186 3436 1240 τῶν
3468 1187 3692 1256 ἀγαθῶν

2103 1281 2399 1350 ἀνάγονται
2431 1279 2614 1350 ζῆλον,
2680 1279 2810 1334 ὃταν
2837 1279 2991 1351 παρά
3012 1279 3124 1333 τῶν
3153 1279 3488 1334 διδασκάλων
3523 1279 3693 1350 ἔχωσι

2103 1373 2171 1428 τά
2202 1372 2642 1446 παραδείγματα.

2175 1466 2455 1520 Διδάσκων
2509 1481 2598 1528 τις
2628 1463 2897 1536 μανθάνει
2952 1463 3138 1528 πλέον,
3196 1463 3292 1518 καὶ
3335 1463 3510 1533 λέγων
3562 1483 3694 1521 συν-

2105 1561 2376 1631 ακροᾶται
2412 1557 2670 1622 πολλάκις
2705 1559 2817 1621 τοῖς
2849 1555 3216 1611 ὑπακούουσιν
3237 1557 3428 1612 αὐτοῦ.

2177 1735 2435 1800 Παιδείας
2466 1735 2739 1808 σύμϐολον
2769 1738 2802 1806 ἡ
2838 1735 3059 1805 ῥάϐδος.
3096 1737 3262 1789 ’Λνευ
3295 1737 3406 1808 γὰρ
3437 1737 3530 1790 τοῦ
3557 1738 3700 1792 δυσ-

2105 1829 2422 1900 ωπηθῆναι,
2459 1829 2556 1882 καὶ
2585 1829 2714 1900 περὶ
2743 1829 2901 1884 ἐνίων
2957 1828 3381 1899 ὲπιπληχθῆναι,
3410 1829 3712 1884 νουθεσίαν-

2107 1919 2442 1987 ὲνδείξασθαι
2478 1922 2573 1977 καὶ
2612 1921 2990 1994 σωφρονισμὸν
3018 1923 3324 1994 ἀμήχανον.

2181 2107 2293 2178 Οὐχ
2321 2106 2396 2171 ὡς
2423 2105 2647 2160 δύναται
2693 2107 2966 2161 διδάσκειν
2997 2107 3025 2160 6
3057 2104 3399 2170 διδάσκαλος,
3431 2104 3574 2159 οὕτω
3600 2106 3700 2158 καὶ

2112 2199 2406 2269 μανθάνειν
2440 2201 2468 2253 6
2496 2199 2792 2270 γνώριμος.
2841 2199 3060 2270 Ἐπειδὴ
3118 2197 3147 2250 6
3181 2198 3286 2270 μὴν
3314 2199 3542 2263 τέλειος,
3578 2201 3607 2253 6
3639 2199 3699 2252 δὲ

2108 2290 2308 2362 ἀτελής
2340 2291 2506 2345 ἐστιν.
2543 2291 2707 2344 Ὅθεν
2741 2292 3010 2363 προσήκει
3064 2289 3428 2362 στοχάζεσθαι
3454 2291 3554 2357 τῆς
3598 2290 3698 2345 τοῦ

2111 2383 2509 2454 παιδευομένου
2541 2384 2846 2455 δυνάμεως.

2193 2475 2538 2557 Ἐπίστησον,
2581 2477 2610 2529 6
2649 2476 2938 2542 διδάσκων,
2996 2478 3091 2532 καὶ
3149 2479 3404 2545 ἐξέτασον
3455 2479 3702 2560 ἀκριὸᾷις

2109 2567 2281 2640 ἀκοὴν
2317 2567 2412 2622 τοῦ
2447 2568 2830 2640 μανθάνοντος.
2865 2570 3082 2643 Εὑήθης
3132 2572 3241 2643 γὰρ
3267 2574 3295 2626 6
3324 2571 3494 2644 κωφῷ
3518 2573 3702 2626 διαλε-

2110 2661 2364 2733 γόμενος,
2397 2662 2492 2716 καὶ
2522 2663 2751 2735 μάταιος
2787 2664 2815 2717 6
2839 2664 2989 2718 λίθον
3029 2664 3321 2719 νουθετῶν.
3362 2665 3473 2719 Καὶ
3516 2667 3582 2718 σὺ
3615 2665 3702 2719 ἒν-

2111 2771 2236 2826 οχος
2283 2755 2557 2828 ἁμαρτίας
2608 2757 2821 2830 σεαυτῷ
2877 2757 3000 2830 ἔσῃ,
3037 2761 3065 2812 6
3100 2759 3175 2831 μὴ
3230 2758 3702 2828 ἐπισκεψάμενος,

2111 2849 2282 2917 ὅπως,
2319 2851 2414 2906 καὶ
2455 2851 2684 2923 πηνίκα,
2722 2851 2818 2907 καὶ
2845 2852 2979 2906 πότε
3009 2852 3089 2907 δεῖ
3122 2853 3280 2923 λόγον
3311 2853 3580 2926 προέσθαι
3610 2870 3702 2907 σο-

2112 2940 2259 3011 φίας.

2193 3117 2254 3171 Ὀ
2273 3117 2455 3174 λαϐὼν
2483 3118 2664 3191 χάριν,
2702 3120 2912 3191 ὀφείλει
2940 3120 3192 3192 ἀφθόνως
3215 3122 3569 3194 παραδιδόναι
3589 3125 3699 3186 τοῖς

425 3209 669 3279 praebere
697 3211 859 3268 debet
902 3213 970 3270 iis
1018 3214 1112 3284 qui
1139 3215 1385 3270 discendi
1417 3215 1696 3273 desiderio
1729 3225 2008 3285 tenentur,

2131 3209 2333 3264 ὶέλουσι
2366 3210 2681 3280 μανθάνειν,
2715 3211 2900 3276 καθὼς
2955 3213 3048 3268 καὶ
3081 3217 3108 3268 ὁ
3144 3216 3349 3286 Κύριος
3401 3211 3547 3279 εἷπε,
3581 3219 3700 3268 Δω-

425 3303 892 3374 quemadmodum
930 3307 1197 3362 Dominus
1236 3307 1381 3362 dixit
1413 3327 1427 3364 :
1476 3308 1658 3364 Gratis
1707 3310 2010 3381 accepistis,

420 3398 590 3468 gratis
627 3395 753 3451 date
802 3396 1043 3470 (Hatth.
1097 3417 1154 3464 ι,
1188 3401 1288 3471 8).
1319 3399 1458 3456 Nam
1516 3402 1596 3457 illi
1648 3404 1741 3474 qui
1775 3403 2010 3473 accepit,

424 3505 529 3545 nec
565 3497 753 3546 tamen
793 3491 1057 3561 impertit,
1093 3492 1150 3546 id
1179 3493 1346 3549 etiam
1386 3493 1532 3563 quod
1570 3495 2012 3560 habet,-aufere—

424 3589 516 3634 tur
555 3582 626 3637 ab
654 3596 741 3642 eo.
771 3580 885 3637 Nec
910 3598 1040 3640 vero
1061 3583 1233 3654 justis
1267 3584 1561 3652 duntaxat,
1595 3585 1692 3641 sed
1731 3594 1785 3642 et
1818 3600 2015 3656 pecca-

420 3673 640 3730 toribus
673 3676 907 3746 gratiam
957 3677 1150 3731 tribuit
1180 3676 1346 3740 Deus,
1396 3685 1460 3731 ut
1492 3677 1588 3747 qui
1628 3691 1732 3732 nec
1759 3677 2012 3734 inviden-

426 3765 500 3817 tia
541 3765 774 3839 laborat,
813 3780 919 3821 nee
975 3766 1050 3822 sit
1093 3773 1358 3836 acceptor
1387 3781 1784 3837 personarum,
1818 3782 2011 3822 verum

425 3853 564 3908 oriri
603 3853 777 3910 solem
810 3870 973 3912 suum
1027 3853 1196 3910 faciat
1232 3870 1400 3926 super
1429 3855 1607 3912 bonos
1641 3863 1696 3911 et
1725 3857 1923 3924 malos,
1958 3863 2016 3913 et

426 3946 582 4017 pluat
633 3955 803 4018 super
846 3946 1033 4018 justos
1080 3955 1134 4004 et
1186 3947 1449 4018 iniustos,
1504 3964 1607 4004 nec
1666 3956 2011 4018 peccatorem

425 4043 777 4106 aspernetur,
809 4037 906 4094 sed
951 4037 1053 4109 ipsi
1103 4053 1328 4108 quoque
1377 4037 1631 4093 nonnihil
1675 4037 1870 4108 gratiae
1901 4039 2014 4092 lar-

425 4128 626 4198 giatur.
684 4128 998 4200 Unicuique
1047 4129 1216 4202 igitur
1255 4144 1530 4203 propenso
1570 4129 1757 4185 animo
1809 4128 2014 4186 docere

427 4219 716 4277 incumbit.
1369 4267 1373 4272 ι

427 4333 595 4408 Εθϐ
641 4335 778 4394 Tl'l‘.
841 4337 1164 4394 Xll.—De
1221 4339 1542 4394 calumnia:
1610 4335 1749 4407 quod
1823 4347 2017 4393 temere

819 4426 938 4464 eam
963 4411 1202 4480 excipere
1226 4425 1330 4464 non
1362 4417 1624 4477 oporteat.

501 4499 680 4556 Exod.
741 4518 902 4570 χχιιι,
944 4503 998 4556 1.
1029 4531 1098 4542 -—-
1126 4522 1145 4555 ι
1195 4499 1316 4556 Non
1361 4501 1622 4557 admittes
1673 4500 2012 4556 auditionem

428 4607 648 4650 vanam.
691 4613 710 4647 1

500 4685 657 4741 Psat.
709 4701 762 4753 c,
800 4686 855 4742 5.
882 4715 951 4728 -—
987 4705 1006 4739 ι
1053 4685 1448 4743 Detrahentem
1498 4691 1721 4741 secreto
1761 4684 2016 4755 proximo
2069 4711 2074 4720 ι

429 4791 556 4839 suo,
588 4777 738 4832 hunc
765 4776 1160 4848 persequebar.
1204 4794 1222 4829 ι

502 4865 866 4938 S.Chrysost.
899 4867 1106 4934 --Qui
1161 4866 1229 4923 de
1281 4867 1536 4940 proximo
1590 4883 1693 4926 suo
1747 4867 2010 4934 detrahit,

431 4961 704 5016 fraternas
751 4975 955 5017 carnes
1005 4960 1155 5030 edit;
1207 4962 1340 5033 quia
1395 4961 1558 5017 fama;
1616 4962 1770 5018 illius
1817 4961 2016 5034 inﬂigit

430 5051 650 5117 vulnus,
685 5061 742 5109 et
777 5055 989 5110 inﬁnita
1021 5055 1128 5110 alia
1159 5056 1301 5110 mala
1345 5070 1442 5126 per
1467 5071 1783 5113 sermonem
1819 5072 2015 5127 perpe-

430 5153 561 5198 trat.
593 5143 781 5217 Neque
821 5148 893 5204 iis
947 5155 1158 5203 tantum
1205 5149 1298 5220 qui
1351 5149 1689 5214 obtrectant,
1727 5165 1919 5205 verum
1948 5149 2018 5205 iis

428 5237 593 5291 etiam
651 5239 764 5309 qui.
801 5240 1179 5296 obtrectantcs
1239 5240 1490 5304 audiunt,
1556 5241 1823 5296 obturare
1857 5255 2018 5296 aures

431 5344 649 5394 moneo,
683 5345 746 5384 ac
780 5329 1112 5402 Prophetam
1147 5332 1376 5397 imitari,
1429 5332 1522 5403 qui
1557 5333 1635 5386 ait
1671 5351 1684 5387 :
1721 5332 2017 5387 Detrahen-

438 5429 540 5474 tem
595 5429 793 5475 secreto
843 5422 1090 5490 proximo
1136 5439 1255 5486 suo,
1305 5422 1446 5477 hunc
1492 5426 1862 5495 persequebar.
1921 5422 2020 5480 Dic

432 5513 686 5583 proximo
716 5532 730 5568 :
763 5513 821 5570 Si
856 5515 954 5570 tibi
985 5514 1043 5570 in
1077 5515 1264 5570 animo
1290 5522 1375 5571 est
1409 5515 1652 5586 aliquem
1705 5515 1936 5573 laudare
1965 5525 2021 5571 et

434 5606 758 5676 praedicare,
787 5624 952 5664 aures
983 5609 1198 5679 aperio,
1233 5618 1291 5664 ut
1325 5616 1668 5679 unguentum
1697 5608 2013 5679 excipiam:

437 5697 524 5752 sin
552 5698 866 5768 quempiam
901 5699 1218 5757 maledictis
1254 5700 1535 5757 lacessere
1571 5715 1759 5774 paras,
1807 5700 2016 5756 aditum

438 5792 626 5847 verbis
656 5791 768 5848 tuis
802 5792 1058 5858 obstruo.

523 5882 797 5953 Ejusdem.
830 5919 895 5930 --
929 5885 1105 5942 Vitam
1137 5886 1364 5944 alterius
1400 5886 1622 5944 curiose
1656 5885 2016 5956 perscrutari.

2107 3301 2260 3370 ρεὰγ
2286 3301 2548 3368 ἐλάϐετε,
2603 3303 2830 3372 δωρεὰν
2856 3305 3015 3359 δότε.
3045 3306 3137 3377 Τῷ
3182 3307 3293 3376 γὰρ
3337 3307 3579 3371 λαϐόντι,
3608 3309 3704 3360 καὶ

2117 3397 2193 3469 μὴ
2238 3398 2596 3467 μεταδιδόντι,
2651 3399 2806 3454 καὶὸ
2857 3399 2970 3471 ἔχει
3008 3401 3309 3473 ἀρθήσεται
3378 3404 3474 3456 ἀπ’
3510 3402 3698 3456 αὐτοῦ.

2116 3489 2227 3543 Καὶ
2264 3489 2326 3542 οὐ
2357 3489 2521 3559 μόνον
2571 3490 2804 3556 δικαίοις
2830 3492 3015 3546 δίδωσι
3056 3493 3154 3563 τὴν
3200 3493 3383 3564 χάριν,
3441 3494 3580 3548 ἀλλά
3609 3495 3705 3548 καὶ

2117 3582 2484 3654 ἁμαρτωλοῖς.
2545 3583 2765 3655 Ἐπειδὴ
2845 3584 3082 3654 ἀφθονός
3140 3588 3288 3639 ἐστιν
3343 3589 3373 3641 6
3423 3587 3558 3651 Θεὸς
3610 3589 3704 3641 καὶ

2115 3675 2647 3747 ἀπροσωπόληπτος,
2677 3676 2774 3731 καὶ⁵
2803 3678 3086 3732 ἀνατέλλει
3115 3679 3206 3732 τὸν
3227 3679 3381 3750 ἥλιον
3409 3679 3576 3733 αὑτοῦ
3610 3682 3704 3734 ἐπὶ

2114 3765 2389 3834 πονηροὺς
2411 3763 2505 3817 καὶ
2532 3763 2791 3832 ἀγαθοὺς,
2836 3767 2930 3819 καὶ
2987 3766 3174 3838 βρέχει
3222 3769 3315 3820 ἐπὶ
3336 3768 3583 3832 δικαίους
3610 3770 3704 3822 καὶ

2115 3852 2361 3918 ἀδίκους”
2395 3854 2490 3908 καὶ⁵
2537 3853 2599 3907 οὐ
2642 3856 2862 3926 παρορᾷ
2891 3853 2983 3908 τὸν
3007 3855 3416 3926 ἁμαρτάνοντα,
3449 3855 3588 3909 ἀλλά
3624 3855 3703 3907 δί-

2113 3946 2248 3999 δωσι
2276 3946 2518 4018 κάκείνῳ
2561 3945 2768 4019 μικρὰν
2806 3947 2988 4021 χάριν.
3022 3948 3300 4012 Ἕκαστος
3331 3943 3427 4003 οὖν
3452 3947 3704 4017 ἀφθόνως

2113 4038 2321 4108 ὀφείλει
2349 4041 2640 4096 διδάσκειν.

2114 4329 2298 4384 TITA.
2324 4329 2412 4385 IB.
2435 4361 2508 4371 —
2537 4329 2680 4401 Περὶ
2702 4329 2989 4398 διαϐολῆς
3010 4347 3023 4360 ⁸
3058 4332 3146 4385 ὅτι
3200 4332 3273 4386 οὐ
3304 4331 3420 4401 χρὴ
3452 4331 3708 4400 ἀκρίτως

2594 4400 2876 4470 δέχεσθαι
2904 4401 3215 4467 διαϐαὶήν.

2196 4509 2214 4560 ι
2245 4490 2319 4544 Οὐ
2343 4492 2625 4564 παραδέξῃ
2655 4493 2828 4564 ἀκοὴν
2861 4493 3119 4565 ματαίαν.
3153 4512 3172 4543 ι

2196 4693 2215 4728 ι
2246 4675 2349 4729 Τὸν
2380 4675 2788 4732 καταλαλοῢντα
2807 4675 2985 4749 λάθρα
3012 4676 3107 4730 τοῦ
3126 4675 3354 4748 πλησίον
3384 4675 3572 4740 αὐτου,
3589 4674 3710 4728 τοῦ-

2115 4783 2208 4820 τον
2227 4766 2534 4834 ἐξεδίωκον.
2567 4787 2586 4820 ι

2200 4856 2259 4909 '0
2281 4857 2585 4913 διαϐάλλων
2605 4859 2700 4914 τὸν
2731 4859 2982 4930 πλησίον,
3008 4857 3275 4928 ἀδελφικά
3317 4859 3455 4930 κρέα
3475 4859 3706 4929 ἔφαγεν,

2118 4945 2389 5018 ὑπόληψιν
2439 4947 2680 5018 τρώσας,
2739 4949 2836 5003 καὶ
2895 4950 3069 5022 μυρία
3115 4949 3284 5021 ἕτερα
3325 4950 3711 5021 ἐργασάμενος

2117 5040 2206 5095 διὰ
2230 5039 2326 5094 τοῦ
2349 5040 2510 5112 λόγου
2535 5041 2704 5097 κακά.
2753 5043 2829 5096 Οὐ
2851 5045 2964 5107 τοῖς
2997 5042 3186 5108 κακῶς
3224 5043 3384 5113 μόνον
3406 5042 3708 5113 ἀγορεύου-

2121 5149 2226 5200 σιν,
2259 5132 2395 5186 ἀλλά
2421 5133 2516 5186 καὶ
2539 5135 2653 5198 τοῖς
2673 5133 2932 5188 ἀκούουσι
2964 5134 3150 5198 κακῶς
3169 5135 3430 5202 λέγοντας
3458 5133 3706 5205 ἐτέρους,

2121 5225 2373 5296 παραινῶ
2388 5225 2489 5290 τὰς
2512 5225 2684 5290 ἀκοὰς
2715 5227 3111 5298 ἀποφράττειν,
3141 5226 3238 5280 καὶ
3281 5225 3372 5280 τὸν
3406 5227 3708 5297 Προφήτην

2124 5319 2467 5390 μιμήσασθαι
2495 5317 2586 5372 τὸν
2605 5318 2836 5389 λέγοντα
2860 5337 2875 5352 ο
2899 5320 3011 5374 Τὸν
3030 5319 3494 5374 καταλαλοῦντα
3515 5318 3710 5386 λάθρα

2121 5409 2229 5464 τοῦ
2265 5411 2538 5478 πλησίον
2569 5409 2777 5475 αὐτοῦ,
2799 5410 3015 5464 τοῦτον
3038 5409 3377 5475 ἐξεδίωκον.
3415 5407 3550 5462 Εἰπὲ
3573 5408 3706 5477 πρὸς

2121 5503 2213 5556 τὸν
2241 5501 2498 5573 πλησίον·
2549 5503 2613 5558 Εἰ
2653 5502 2796 5575 ἔχεις
2823 5503 2945 5556 τινὰ
2979 5503 3266 5558 ἐπαινέσαι
3305 5504 3400 5556 καὶ
3425 5501 3707 5571 ἐγκωμιάα-

2124 5615 2236 5662 σαι,
2274 5597 2477 5665 ἁνοίγω
2501 5595 2602 5660 τὰς
2632 5594 2822 5659 ἀκοὰς,
2857 5595 2944 5649 ἵνα
2970 5594 3214 5666 δὲξωμαι
3247 5593 3316 5647 τὰ
3344 5597 3514 5664 μύραο
3544 5592 3611 5644 ἂν
3651 5592 3706 5644 δὲ

2124 5689 2311 5752 κακῶς
2367 5685 2561 5760 ἐθέλῃς
2627 5689 2824 5753 εἰπεῖν,
2851 5687 3185 5759 ἀποφράττω
3209 5685 3307 5756 τὴν
3349 5683 3556 5738 εἴσοδον
3603 5685 3706 5747 τοῖς

2128 5784 2356 5854 ῥήμασα

2194 5866 2315 5927 Βξον
2330 5871 2609 5944 ἀλλότριον
2637 5870 3116 5944 περιεργάζεσθαι,
3132 5865 3514 5940 ἀνελευθερίας
3543 5864 3703 5936 talia
