3960 6382
268 321 394 390 1381

1532 322 1770 383 SACRA
1811 322 1904 380 ΡΑ
1914 320 2276 381 RALLELA.

3387 322 3526 388 1382

236 441 442 524 ﬁdem:
472 440 690 513 ἑκάστῳ
721 441 977 514 παρεῖναι
1030 440 1105 514 μὴ
1157 438 1559 510 ὲλαττουμένην
1609 439 1702 490 ἐπὶ
1740 438 1852 499 τοῖς

1993 433 2351 494 istribuatur,
2408 438 2463 486 et
2516 432 2753 505 singulis
2801 433 3014 504 integra
3069 433 3238 499 adsit,
3287 450 3391 492 nec
3418 438 3534 496 ullo

265 532 720 603 συμμετέχουσιν.

332 711 453 780 Χρὴ
484 708 583 779 τὴν
602 709 805 781 ἀρετὴν
837 709 914 780 μὴ
938 709 1119 779 χωλὴν
1152 703 1290 762 εἶναι
1323 706 1446 762 καθ’
1472 707 1696 777 ἑτέρων,
1732 703 1849 759 ἀλλ’

264 802 408 873 ἔργῳ
435 800 532 856 καὶ
564 800 711 871 λόγῳ
742 801 914 873 ὀρθὴν
943 801 1041 855 καὶ
1066 800 1481 871 ἀπηρτισμένην
1522 801 1640 853 κατ’
1667 798 1850 869 ἀμφό-

262 909 319 944 τε
329 907 399 961 ρο.
427 886 587 943 εἶναι.

334 982 410 1034 Οὐ
444 980 666 1035 δύναται
697 982 731 1051 ἡ
758 979 1075 1053 ἀνθρωπίνη
1113 978 1275 1049 φῦσις
1302 980 1433 1034 αὐτὸ
1475 978 1731 1052 καθαρῶς
1792 978 1853 1033 τὸ

263 1071 471 1126 δίκαιον
494 1072 552 1127 ὲν
582 1071 728 1143 ψυχῇ
765 1069 1086 1137 θεάσασθαι,
1126 1071 1194 1125 τὰ
1214 1071 1386 1127 πολλά
1431 1071 1543 1125 τῶν
1574 1068 1853 1141 λογισμῶν

264 1161 718 1233 ἀμϐλυώττουσα.

339 1256 453 1326 Οὐχ
474 1256 503 1309 ό
535 1254 698 1321 τόπος
731 1253 833 1324 τὴν
855 1252 1079 1324 ἀρετὴν,
1106 1252 1221 1307 ἀλλ’
1246 1255 1278 1325 ὴ
1314 1252 1483 1324 ἀρετὴ
1516 1254 1733 1323 πέφυκε
1760 1254 1853 1308 τὸν

264 1348 430 1402 τόπον
471 1346 777 1418 σεμνύνειν.
806 1374 877 1386 —
916 1345 1130 1415 Ὠσπερ
1188 1345 1281 1398 ἐπὶ
1322 1346 1423 1415 τῆς
1475 1344 1706 1415 κιθάρας
1752 1345 1855 1400 οὑκ

265 1441 433 1510 ἀρκεῖ
488 1438 649 1509 μόνον
683 1437 793 1493 ἀπὸ
847 1438 980 1508 μιᾶς
1014 1437 1215 1508 νευρᾶς
1247 1436 1347 1507 τὴν
1396 1435 1663 1508 μελῳδίαν
1690 1436 1855 1508 ἐργά-

268 1530 490 1596 σασθαι,
541 1529 678 1583 ἀλλά
733 1528 914 1594 πάσας
962 1527 1178 1585 ἐπιέναι
1233 1528 1482 1599 δεῖμετά
1522 1528 1730 1600 ῥυθμοῦ
1758 1528 1855 1584 τοῦ

266 1626 662 1696 προσήκοντος,
690 1621 834 1678 οὕτω
866 1622 962 1677 καὶ
991 1623 1086 1676 ἐπὶ
1114 1622 1213 1693 τῆς
1244 1621 1385 1677 κατά
1433 1621 1614 1695 ψυχὴν
1651 1624 1856 1694 ἀρετῆς

266 1718 372 1769 οὐκ
398 1716 561 1786 ἀρκεῖ
581 1716 714 1784 ἡμῖν
740 1712 903 1783 νόμος
932 1712 1013 1776 εἰς
1041 1712 1337 1783 σωτηρίαν,
1372 1713 1508 1767 ἀλλὰ
1537 1714 1618 1769 δεῖ
1646 1714 1857 1779 πάντας

267 1808 472 1872 αὐτοὺς
501 1806 640 1878 μετὰ
669 1804 957 1874 ἀκριϐείας
983 1805 1292 1874 φυλάττειν.

359 1987 448 2051 Ὠς
474 1985 672 2051 ἔοικεν,
722 1987 1094 2057 ἡδικαιοσύνη
1156 1989 1505 2059 τετράγωνός
1555 1980 1692 2059 ἐστι,
1723 1992 1862 2047 πάν-

272 2079 438 2134 τοθεν
497 2080 586 2149 ίση
622 2079 718 2133 καὶ
771 2079 953 2150 ὁμοία,
991 2082 1049 2133 ὲν
1077 2080 1219 2150 λόγῳ
1248 2082 1342 2135 καὶ
1392 2081 1558 2153 ἔργῳ,
1596 2085 1655 2137 ἐν
1684 2086 1862 2155 ἀποχῇ

268 2170 485 2237 κακῶν,
519 2172 577 2224 ὲν
607 2170 847 2241 εὐποιῖᾳ,
878 2171 936 2223 ὲν
957 2170 1255 2243 τελειότητι
1298 2179 1597 2248 γνωστικῇ,
1655 2176 1863 2248 οὐδαμῆ

268 2263 532 2334 οὐδαμῶς
574 2263 923 2334 χωλεύουσα,
963 2264 1050 2318 ἴνα
1086 2266 1161 2337 μὴ
1220 2266 1407 2332 ἄδικός
1442 2286 1503 2321 τε
1538 2270 1632 2323 καὶ
1682 2269 1867 2333 ἄνισος

271 2370 420 2425 φάνῃ
433 2394 447 2409 .

353 2548 430 2618 Τῇ
462 2546 777 2618 δικαιοσύνῃ
806 2547 894 2601 ἀεὶ
925 2547 985 2601 τὸ
1017 2547 1219 2617 ἰσχύειν
1242 2545 1546 2613 ἀκολουθεῖ,
1584 2546 1773 2618 ὥσπερ
1798 2549 1864 2617 τῇ

271 2637 465 2710 ἀδικίᾳ
493 2637 555 2690 τὸ
583 2637 827 2691 ἀσθενεῖν
856 2637 1069 2691 ἕπεται.

346 2815 564 2877 Κακίας
603 2813 782 2879 ἔξοδος
834 2815 1037 2887 ἀρετῆς
1066 2814 1272 2870 εἴσοδον
1306 2816 1620 2888 ἐργάζεται,
1646 2815 1721 2879 ὡς
1774 2817 1870 2870 καὶ

268 2909 621 2974 τούναντίον,
655 2908 996 2971 ἀποστάντος
1025 2907 1234 2976 ἀγαθοῦ
1260 2949 1274 2974 ,
1329 2908 1390 2961 τὸ
1425 2907 1712 2979 ἐφεδρεῦον
1768 2927 1870 2962 κα-

270 3002 377 3058 κὸν
404 3001 808 3072 ἐπεισέρχεται.
838 3031 909 3041 —
942 3001 1009 3054 Εἴ
1036 2984 1121 3064 τις
1172 3000 1357 3064 πάσας
1404 2999 1500 3063 τὰς
1530 3001 1727 3071 ἀρετὰς
1780 3001 1869 3055 διὰ

272 3094 522 3164 σπουδῆς
547 3094 643 3148 καὶ
676 3093 890 3164 νήψεως
920 3092 1369 3162 ὲγκεκόλπισται,
1424 3086 1581 3156 οὗτος
1616 3093 1869 3163 βασιλεὺς

270 3183 633 3259 κρηματίςει,
668 3181 771 3237 κᾶν
801 3181 1013 3254 ἰδιώτης
1048 3183 1326 3251 τυγχάνοι.

274 3436 469 3493 ΤῙΤΛ.
505 3432 603 3489 1Ε’.
635 3463 704 3473 --
732 3430 869 3500 Περὶ
914 3427 1200 3500 διαφορᾶς
1238 3426 1334 3500 καὶ
1364 3427 1649 3497 ἀνομοίου
1695 3442 1872 3479 κατα-

677 3497 951 3567 στάονεως
988 3499 1103 3553 τῶν
1137 3497 1479 3566 ἀνθρώπων.

359 3663 380 3695 ι
423 3641 636 3711 ’Ὥσπερ
663 3638 764 3708 οὐχ
806 3637 969 3707 ὃμοια
1021 3634 1290 3705 πρόσωπα
1322 3631 1656 3703 προσώποις,
1700 3628 1874 3693 οὕτως

280 3735 410 3789 οὐδὲ
435 3735 490 3787 αἱ
521 3730 739 3802 καρδίαι
770 3726 880 3781 τῶν
913 3725 1217 3798 ἀνθρώπων
1241 3726 1444 3796 ὅμοιαι.
1479 3744 1495 3775 ι

367 3845 388 3878 ι
422 3826 496 3879 Οὐ
534 3824 712 3878 πάντα
748 3820 882 3874 πᾶσι
914 3817 1208 3890 συμφέρει,
1241 3818 1336 3871 καλ⁵
1360 3816 1422 3870 οὐ
1464 3818 1613 3873 πᾶσα
1640 3814 1788 3886 ψυχὴ
1819 3814 1877 3867 ὲν

285 3919 458 3977 παντὶ
480 3917 708 3970 εὐδοκεῖ.
747 3932 765 3965 ι

363 4014 440 4067 Οὐ
474 4011 543 4065 τὰ
568 4008 709 4063 αὐτὰ
737 4007 871 4061 πᾶσι
899 4001 1162 4074 ἁρμόζειν
1191 3998 1394 4055 οἵεσθε’
1425 3996 1549 4052 οὔτε
1583 3998 1681 4068 μία
1712 3999 1878 4051 πᾶσιν

284 4104 495 4180 ὁμοίως
524 4100 803 4172 ἐπιτηδεία
830 4097 1063 4168 ὑπάρχει
1108 4096 1309 4167 τροφὴ,
1351 4092 1474 4145 οὔτε
1529 4092 1878 4163 Χριστιανοίς

288 4193 378 4262 εἷς
436 4196 549 4267 βίος
601 4191 882 4265 ἁρμόδιος.
905 4219 977 4228 -
1008 4187 1220 4257 Ὥσπερ
1251 4187 1361 4248 τοῖς
1396 4182 1644 4254 σώμασιν
1690 4181 1750 4234 οὐ
1782 4181 1879 4252 τὴν

292 4291 469 4362 αὐτὴν
524 4284 872 4359 φαρμακείαν
902 4281 997 4336 καὶ
1026 4279 1233 4351 τροφὴν
1268 4273 1667 4349 προσφέρονταί
1711 4291 1879 4339 τινες,

292 4388 447 4443 ἄλλοι
501 4384 557 4437 δὲ
588 4379 777 4451 ἀλλην,
812 4379 847 4450 ἢ
885 4374 1270 4438 εὑεκτοῦντες,
1303 4371 1337 4443 ἢ
1377 4372 1698 4441 κάμνοντες,
1739 4367 1883 4421 οὕτω

1957 524 2125 579 modo
2174 531 2398 594 propter
2436 536 2531 579 eos
2583 525 2675 596 qui
2728 525 2903 597 ipsam
2955 526 3293 597 participent
3343 527 3535 585 decre-

1957 624 2098 671 scat.

2031 706 2089 764 S.
2118 706 2332 779 Cyrilli.
2371 710 2786 767 —Cavendum
2828 715 2937 775 est,
2973 725 3043 767 ne
3074 710 3347 767 alterutro
3393 710 3538 783 pede

1958 797 2137 852 virtus
2196 798 2496 865 claudicet,
2536 815 2731 855 verum
2779 808 3017 870 utraque
3075 809 3256 871 parte,
3314 800 3424 857 hoc
3447 807 3537 857 est

1958 897 2068 943 tam
2096 889 2315 945 actione
2342 906 2510 962 quam
2543 905 2823 956 sermone,
2860 900 3003 945 recta
3058 893 3414 963 perfectaque
3436 892 3532 947 sit.

2022 979 2299 1038 Methodii.
2333 1015 2400 1025 -—
2431 981 2688 1037 Humana
2742 991 2940 1037 natura
2983 981 3263 1052 justitiam
3299 998 3436 1054 pure
3472 983 3529 1038 in

1958 1071 2144 1126 anima
2172 1087 2281 1127 non
2309 1074 2456 1129 valet
2486 1074 2746 1129 contueri
2776 1088 2792 1126 ι
2823 1072 3030 1144 quippe
3060 1073 3221 1143 cujus
3242 1073 3537 1145 cogitatio-

1959 1180 2058 1220 nes
2090 1164 2420 1235 plerumque
2447 1150 2763 1222 excutiant.

2030 1254 2071 1309 S
2154 1254 2431 1325 Chrysost.
2469 1287 2537 1299 --
2575 1255 2696 1312 Non
2747 1257 2904 1313 locus
2946 1255 3241 1323 virtutem,
3289 1256 3385 1312 sed
3424 1256 3540 1310 vir-

1960 1353 2052 1402 tus
2078 1348 2265 1403 locum
2306 1348 2450 1405 solet
2485 1363 2784 1405 exornare.
2806 1377 2875 1389 -—
2893 1347 2966 1404 Ut
2993 1348 3052 1402 in
3079 1347 3294 1403 cithara
3325 1346 3396 1401 ad
3425 1361 3544 1401 mo-

1959 1442 2209 1498 dulatum
2259 1454 2486 1500 cantum
2533 1443 2809 1499 edendum
2859 1456 2973 1496 una
3010 1440 3219 1497 chorda
3249 1456 3363 1497 non
3390 1438 3544 1496 sudi-

1961 1535 2092 1599 ciet,
2135 1549 2327 1589 verum
2362 1549 2558 1590 omnes
2610 1548 2735 1588 cum
2784 1547 3019 1588 numero
3054 1546 3110 1587 et
3141 1539 3418 1589 concentu
3450 1532 3549 1587 ab-

1962 1625 2146 1680 soluto
2186 1623 2551 1695 peragranda:
2581 1630 2757 1679 sunt:
2797 1622 2994 1679 eodem
3045 1621 3207 1677 modo
3251 1621 3308 1676 in
3345 1623 3548 1677 animm

1962 1731 2187 1787 quoque
2223 1718 2428 1772 virtute
2484 1715 2631 1771 haud
2674 1715 2816 1773 satis
2868 1722 2954 1770 est
2993 1712 3063 1767 ad
3115 1714 3350 1771 salutem
3393 1714 3545 1769 obti-

1894 1803 1936 1860 Β
1966 1807 2204 1863 ncndam
2249 1808 2424 1879 legem
2473 1822 2642 1863 unam
2684 1808 3009 1872 observare,
3047 1805 3145 1862 sed
3175 1820 3372 1862 omnes
3411 1804 3542 1860 dili-

1960 1908 2152 1972 genter
2185 1909 2406 1970 oportet
2432 1900 2688 1971 exsequi.

2035 1990 2097 2046 S.
2122 1989 2383 2048 Clamant.
2435 1992 2529 2047 lib.
2574 2007 2632 2048 ιιι
2675 1990 2939 2049 Stromat.
2972 2022 3043 2037 ——
3069 1992 3329 2059 Iustitia,
3361 2000 3424 2047 ut
3457 1991 3545 2049 vi-

1965 2084 2146 2151 detur,
2200 2086 2474 2156 quadrata
2536 2095 2644 2151 est,
2701 2092 2868 2157 atque
2918 2086 3170 2157 undique
3227 2086 3433 2143 similis
3491 2096 3555 2142 et:

1965 2177 2197 2244 eadem;
2252 2177 2306 2230 in
2353 2192 2635 2243 sermone,
2690 2177 2747 2231 in
2778 2176 3022 2240 actione,
3052 2177 3111 2232 in
3142 2176 3485 2233 abstinentia
3518 2191 3550 2229 α

1967 2271 2151 2337 malis,
2194 2270 2248 2324 in
2283 2268 2677 2336 beneﬁcentia,
2700 2264 2764 2325 ἐι
2798 2268 2856 2324 in
2891 2269 3231 2340 perfectione
3273 2268 3550 2330 scientiae,

1968 2377 2073 2419 nec
2103 2377 2339 2432 usquam
2369 2363 2602 2419 omnino
2647 2363 2954 2429 claudicat,
3001 2378 3070 2419 ne
3104 2362 3310 2432 alioqui
3342 2361 3551 2432 injusta

1966 2465 2019 2510 et
2052 2455 2278 2511 minime
2309 2455 2543 2525 aequalis
2578 2463 2864 2527 appareat.
3186 2458 3189 2461 '

2036 2546 2273 2617 Didymi.
2317 2577 2385 2590 -ο
2418 2545 2703 2604 Justitiam
2754 2548 2926 2603 robur
2995 2553 3264 2617 perpetuo
3321 2543 3555 2600 comita-

1973 2647 2079 2701 tur,
2121 2636 2593 2708 quemadmodum
2630 2633 2969 2706 injustitiam
3018 2635 3273 2703 sequitur
3304 2629 3556 2687 imbecil-

1970 2729 2117 2784 litos.

2041 2819 2310 2876 Philonis.
2358 2850 2425 2861 --
2466 2818 2749 2874 Discessio
2798 2814 3122 2873 vitiositatis
3182 2800 3405 2870 virtutis
3459 2827 3555 2869 ac-

1973 2930 2195 2972 cessum
2275 2913 2451 2969 facit:
2509 2910 2979 2984 quemadmodum
3032 2917 3231 2964 contra
3294 2908 3555 2963 submoto

1970 3008 2121 3063 bono
2154 3007 2360 3061 malum
2394 3020 2455 3062 se
2482 3004 2671 3060 statim
2706 2996 2975 3058 insinuat.
2994 3032 3066 3060 -τ
3088 2999 3291 3072 Siquis
3319 3000 3557 3053 virtutes

1975 3112 2171 3153 omnes
2219 3111 2319 3166 per
2369 3095 2619 3152 studium
2674 3093 2964 3165 animique
3012 3092 3354 3164 vigilantiam
3387 3089 3558 3146 veluti

1972 3188 2185 3259 gremio
2246 3188 2494 3243 inclusas
2545 3187 2833 3252 habuerit,
2896 3187 2990 3241 hic
3040 3200 3135 3241 rex
3184 3182 3558 3243 nominandus

1972 3290 2078 3347 est,
2112 3281 2373 3350 quamvis
2415 3280 2626 3349 alioqui
2665 3279 2737 3333 sit
2768 3280 3045 3349 privatus.
3124 3314 3129 3319 -

1967 3502 1973 3507 1
2080 3430 2222 3491 ΤΙΤ.
2250 3431 2362 3488 XV.
2387 3463 2456 3473 —
2489 3431 2563 3487 De
2595 3432 2742 3556 vario
2778 3442 2827 3555 et
2867 3430 3129 3487 dissimili
3174 3429 3450 3485 hominum

2536 3532 2537 3535 η
2689 3520 2713 3556 ι
2744 3519 2775 3556 a
2804 3519 2857 3555 ιι.

2689 3519 2857 3557 ειαιιι.

2048 3637 2223 3693 Eccli.
2256 3655 2373 3703 xm,
2402 3638 2581 3692 5l.--
2611 3657 2628 3689 ι
2659 3633 3141 3703 Quemadmodum
3173 3635 3364 3691 vultus
3389 3632 3558 3689 vulti-

1980 3732 2084 3787 bus
2102 3731 2314 3787 similes
2345 3746 2453 3785 non
2488 3739 2642 3795 sunt,
2676 3731 2757 3786 sic
2790 3730 2957 3784 etiam
2993 3727 3162 3784 corda
3193 3726 3502 3782 hominum.
3533 3745 3554 3779 ι

2053 3819 2222 3876 Eccli.
2256 3835 2466 3884 xxxvu,
2497 3820 2587 3873 55.
2615 3849 2688 3863 -
2720 3835 2738 3871 ι
2776 3816 2894 3873 Νοιι
2942 3815 3129 3872 omnia
3162 3815 3427 3871 omnibus
3463 3826 3561 3867 ex-

1980 3912 2250 3983 pediunt:
2284 3926 2383 3966 nec
2417 3911 2602 3966 omnis
2645 3910 2827 3964 anima
2880 3908 3030 3963 omni
3059 3922 3119 3962 re
3156 3905 3495 3961 delectatur.
3535 3921 3559 3956 ι

2052 4004 2112 4059 S.
2147 4003 2304 4073 (ἐι-ορ.
2335 4005 2476 4058 Naz.
2506 4032 2578 4044 —-
2601 4000 2721 4057 Non
2750 4000 2942 4056 eadem
2971 3999 3232 4054 omnibus
3263 3995 3562 4053 convenire

1981 4096 2415 4154 existimandum
2451 4102 2578 4149 est:
2622 4108 2725 4147 nec
2769 4107 2877 4145 una
2914 4090 3174 4145 omnibus
3219 4087 3562 4142 conveniens

1982 4206 2112 4246 esca
2141 4198 2243 4253 est,
2305 4202 2413 4243 nec
2462 4200 2572 4241 una
2624 4183 2965 4240 Christianis
3015 4182 3125 4237 vita
3174 4180 3457 4250 congruit.
3495 4206 3562 4216 —

1983 4280 2458 4348 Quemadmodum
2500 4295 2613 4334 non
2652 4277 2907 4335 eamdem
2943 4291 3175 4346 prorsus
3224 4288 3348 4329 cum
3388 4272 3566 4327 medi—

1984 4376 2191 4439 cinam,
2249 4380 2368 4429 tum
2416 4371 2766 4433 alimoniam,
2803 4367 3077 4438 impertiri
3134 4366 3321 4425 solent
3381 4362 3564 4419 homi-

294 4480 393 4534 καὶ
424 4476 522 4541 τὰς
551 4474 728 4545 ψυχὰς
759 4470 997 4540 διαφόρῳ
1029 4462 1173 4537 λόγῳ
1221 4464 1316 4518 ml.
1362 4464 1554 4555 ἀγωγῇ
1608 4459 1869 4527 θεραπευ⁴

1990 4483 2105 4532 nes,
2167 4464 2263 4522 sed
2308 4464 2472 4518 aliam
2537 4462 2683 4527 aliis,
2726 4476 2826 4515 seu
2886 4458 3003 4514 Sani
3038 4457 3170 4519 sint,
3208 4471 3307 4511 seu
3370 4453 3565 4509 morbo

294 4574 437 4629 τέον.
468 4569 760 4639 Μάρτυρες
791 4564 849 4617 δὲ
891 4564 988 4631 τῆς
1031 4558 1326 4633 θεραπείας
1355 4552 1456 4612 ὦσι
1501 4556 1595 4609 καὶ
1620 4554 1688 4608 τά
1709 4555 1876 4622 πάθη.

294 4667 435 4728 Τοὺς
472 4664 569 4733 μὲν
597 4661 719 4729 ἄγει
767 4656 948 4725 λόγος,
991 4653 1041 4706 οί
1072 4651 1129 4705 δὲ
1170 4648 1524 4722 ῥυθμίζονται
1577 4645 1877 4716 παραδείγ-

298 4774 451 4830 patr
484 4756 534 4808 ol
571 4753 669 4825 μὲν
701 4750 913 4805 δέονται
932 4747 1196 4817 κέντρων,
1228 4744 1277 4796 οἱ
1308 4742 1365 4797 δὲ
1395 4738 1635 4813 χαλινοῦ.
1672 4741 1734 4794 Ol
1779 4738 1876 4809 μὲν

294 4849 406 4919 γάρ
428 4850 535 4901 εἰσι
562 4845 753 4907 νωθεῖς
780 4842 874 4895 καὶ
901 4837 1210 4907 δυσκίνητοι
1240 4834 1376 4905 πρὸς
1394 4835 1453 4886 τὸ
1476 4833 1661 4898 καλὸν,
1695 4831 1788 4895 οὓς
1813 4832 1877 4899 τῇ

296 4943 486 5013 πληγῇ
534 4937 629 4993 τοῦ
656 4936 816 5006 λόγου
852 4933 1175 5004 διεγερτὼν.
1224 4930 1284 4983 υἱ
1323 4927 1380 4982 δὲ
1407 4927 1659 4999 καθάπερ
1711 4924 1879 4978 πῶλοι

300 5036 540 5105 γενναῖοι
574 5032 765 5103 τεάρρω
807 5028 909 5097 τῆς
959 5026 1161 5095 νύσσης
1191 5019 1453 5084 θέοντες,
1508 5017 1602 5083 οὓς
1639 5016 1882 5088 βελτίους

303 5126 582 5195 ποιήσειεν
619 5120 804 5191 ἄγχων
854 5117 951 5173 καὶ
979 5115 1302 5172 ἀνακόπτων
1332 5113 1362 5166 ὁ
1394 5112 1552 5180 λόγος
1574 5126 1585 5139 ⁸
1621 5109 1749 5170 τοὺς
1785 5108 1881 5178 μὲν

304 5219 526 5279 ἔπαινος
580 5212 778 5282 ὢνησε,
825 5213 951 5274 τοὺς
979 5209 1037 5264 δὲ
1069 5208 1098 5262 ὁ
1138 5207 1328 5277 ψόγος.
1369 5205 1684 5274 Ἀμφότερα
1747 5201 1884 5272 μετά

303 5309 398 5363 τοῦ
457 5305 680 5378 καιροῦ,
718 5304 753 5375 ἢ
785 5301 1098 5358 τούναντίον
1144 5298 1377 5368 ἔϐλαψεν
1407 5296 1518 5364 ἔξω
1545 5295 1639 5348 τοῦ
1690 5291 1883 5365 καιροῦ

306 5402 399 5454 καί
418 5399 513 5452 τοῦ
542 5398 722 5467 λόγου.
747 5394 886 5457 Τοὺς
920 5392 1020 5465 μὲν
1054 5391 1404 5462 παράκλησις
1431 5388 1721 5459 κατορθοῖ,
1756 5389 1882 5451 τοὺς

306 5493 359 5544 δὲ
385 5491 734 5562 ἐπιτίμησις·
776 5488 873 5542 καὶ
908 5483 1064 5550 αὖθις
1095 5487 1221 5548 τοὺς
1251 5485 1350 5555 μὲν
1381 5484 1447 5537 ὲκ
1484 5480 1646 5551 κοινῷ
1676 5480 1883 5549 διελέγ-

307 5598 494 5654 χομεν,
526 5584 651 5645 τοὺς
683 5581 742 5635 δὲ
770 5579 1028 5652 κρύϐδην.

1989 4562 2274 4623 fatiscant,
2307 4559 2390 4613 sic
2413 4544 2639 4627 quoque
2673 4555 2888 4608 diversa
2919 4551 3135 4606 ratione
3170 4555 3224 4606 et
3249 4546 3414 4603 diaeta
3443 4546 3562 4599 ani-

1989 4654 2093 4707 mis
2141 4656 2360 4722 oportet
2415 4646 2648 4704 mederi.
2687 4649 2867 4715 Atque
2923 4642 3050 4697 illos
3099 4639 3326 4711 quidem
3379 4650 3565 4693 scrmo

1987 4744 2166 4810 ducit,
2200 4744 2254 4798 hi
2291 4742 2606 4801 formantur
2661 4736 2949 4806 exemplo:
3004 4734 3087 4789 illi
3135 4729 3383 4791 stimulis
3420 4743 3566 4800 opus

1991 4840 2211 4901 habent,
2258 4835 2351 4893 isti
2403 4849 2534 4891 vero
2583 4831 2761 4887 freno.
2812 4829 2922 4883 Alii
2982 4826 3131 4883 enim
3184 4812 3381 4893 segnes
3419 4820 3567 4876 desi-

1988 4935 2209 5004 desque.
2253 4939 2410 4998 sunt,
2460 4929 2663 4998 vixque
2719 4930 3012 4980 moventur
3055 4921 3121 4974 ad
3154 4919 3387 4981 bonum,
3427 4915 3569 4984 q’uos

1991 5025 2273 5083 sermonis
2345 5021 2511 5095 439
2559 5018 2889 5075 verberibus
2947 5014 3199 5071 excitare
3258 5008 3564 5064 incumbat.

1993 5117 2099 5171 Alii
2132 5129 2534 5187 generosarum
2568 5113 2846 5182 pullorum
2881 5123 3038 5163 more
3090 5104 3308 5176 longius
3354 5115 3385 5155 a
3423 5109 3570 5154 meta

1993 5216 2270 5273 currunt;
2334 5222 2476 5279 quos
2541 5205 2802 5260 meliores
2878 5214 3063 5258 sermo
3131 5196 3344 5257 fecerit,
3419 5193 3571 5261 ipsos

1992 5299 2351 5371 astringeudo
2403 5297 2844 5365 cohibendoque.
2897 5294 3116 5347 Rursus
3170 5288 3293 5342 aliis
3347 5283 3570 5354 quidem

1994 5393 2185 5449 laudes
2220 5391 2544 5462 adjumento
2576 5387 2804 5452 fuerint,
2834 5386 2963 5439 aliis
3002 5379 3360 5451 vituperium.
3408 5371 3572 5428 Utra-

1992 5502 2102 5557 que
2135 5486 2399 5540 nimirum
2434 5499 2538 5541 suo
2572 5491 2843 5553 tempore.
2868 5475 3108 5548 Alioqui
3159 5473 3308 5528 enim
3363 5478 3574 5523 nocue-

1996 5583 2129 5635 runt
2169 5578 2273 5633 ista
2300 5615 2316 5641 ,
2367 5591 2490 5647 qua:
2542 5591 2643 5630 nec
2671 5586 2942 5644 tempore,
3003 5582 3109 5623 nec
3166 5561 3335 5619 modo
3367 5573 3567 5615 conve-

309 5650 481 5730 nienti
557 5650 1027 5740 adhibitagsint.
1098 5671 1251 5726 Alios
1335 5669 1525 5725 itidem
1583 5666 1906 5728 adhortatio
1969 5670 2221 5743 corrigit,
2281 5669 2418 5724 alios
2469 5666 2835 5738 objurgatio:
2894 5664 3033 5720 istos
3089 5655 3330 5726 denique
3391 5650 3570 5722 palam

305 5772 683 5844 coarguimus,
722 5770 848 5826 illos
873 5767 1097 5825 remotis
1132 5764 1375 5821 arbitris.
