3960 6370
395 302 532 368 1383
1600 295 1662 354 S.
1695 291 1959 355 JOANNJ

2106 289 2475 352 AMASCENI
3543 283 3670 350 1384

389 417 526 472 'l'l'l‘.
563 415 703 472 Χνι.
732 445 800 457 -
835 413 908 468 De
927 411 1117 482 justis,
1153 418 1203 463 et
1222 408 1422 478 probis,
1452 417 1501 462 et
1532 406 1686 462 bonis
1718 405 1866 459 viris.

2115 406 2296 460 ΤΙΤΛ.
2333 405 2444 472 lq".
2471 433 2539 444 --
2558 403 2692 470 Περὶ
2722 400 3125 480 ῥικαι¹ων,-καὶ
3153 399 3378 465 καλῶν,
3411 397 3508 452 καί
3533 400 3673 470 ἀγα-

2674 476 2794 526 θων
2833 470 3089 539 ἀνδρων.

458 598 626 652 Num.
664 613 774 660 xvr,
813 596 864 650 5.
895 623 965 634 —
1003 613 1021 646 ι
1058 593 1222 649 Novit
1270 593 1414 650 Deus
1444 591 1537 664 qui
1575 589 1663 648 sui
1714 597 1877 656 sunt,
1935 596 1989 642 et

2168 613 2186 646 ι
2237 593 2424 661 Ἔγνω
2449 592 2478 646 ὁ
2501 590 2634 654 Θεὸς
2665 589 2790 653 τοὺς
2806 589 2969 652 ὄντας
2995 585 3186 654 αὑτοῦ,
3213 585 3309 640 καὶ
3335 587 3462 650 τοὺς
3491 586 3675 655 ἁγίους

390 701 612 746 sanctos
650 689 717 743 ad
751 703 810 742 se
835 687 1101 757 suscepit.
1144 706 1162 738 3

2091 685 2462 758 προσελάϐετο
2491 683 2629 754 πρὸς
2659 681 2846 736 αὐτόν.
2885 699 2903 731 3

461 783 623 836 Deut.
651 797 846 842 xxxm,
884 780 969 833 i2.
1017 807 1090 821 —-
1125 798 1144 831 ι
1181 777 1288 845 Qui
1323 777 1562 833 dilectus
1594 782 1680 831 est
1706 791 1736 828 a
1785 773 1978 829 Domi-

2167 799 2186 832 ι
2227 779 2285 832 Ὀ
2324 775 2682 847 ἠγαπημένος
2708 772 2814 827 ὑπὸ
2840 771 3075 843 Κυρίου,
3106 767 3528 840 κατασκηνώσει
3578 787 3678 822 πε-

390 887 482 936 ιιο,
517 870 790 926 habitabit
832 871 1175 925 conlidenter
1209 888 1224 924 :
1253 876 1308 926 et
1336 869 1484 924 Deus
1535 867 1836 924 obumbrat
1856 881 1954 921 eun

2119 866 2317 932 τοιθὼς,
2348 865 2446 919 καὶ
2474 865 2503 916 ὀ
2526 862 2660 927 Θεὸς
2689 862 2906 928 σκιάζει
2929 861 3018 915 ἐπ’
3046 860 3198 931 αὐτῷ
3228 859 3410 923 πάσας
3434 859 3534 923 τάς
3555 860 3683 930 ἠμέ-

390 963 644 1018 omuibus
670 963 884 1018 diebus.
929 983 949 1016 3
2092 978 2209 1032 ρας.
2253 979 2272 1010 ι
2670 945 2673 948 ’

441 1053 464 1105 Ι
501 1053 626 1123 Reg.
651 1070 764 1114 xw,
800 1054 888 1106 19..
928 1084 996 1093 —
1036 1073 1054 1104 ι
1083 1050 1514 1106 DixitDominus
1539 1048 1606 1103 ad
1640 1046 1984 1104 Samuelem:

2164 1072 2184 1104 ι
2220 1048 2356 1105 Εἷπε
2392 1049 2600 1122 Κύριος
2647 1047 2786 1117 πρὸς
2833 1043 3092 1116 Σαμουήλ
3122 1060 3138 1077 ο
3189 1044 3447 1110 Ἀνάστα,
3493 1043 3682 1118 χρίσον

391 1145 589 1218 Surge,
641 1163 784 1219 unge
821 1145 1018 1212 David,
1060 1146 1187 1215 quia
1215 1145 1398 1199 bonus
1425 1154 1533 1200 est.
1567 1162 1585 1194 3

1448 1154 1533 1200 ἐι.
1567 1162 1585 1194 3
2086 1144 2177 1198 τὸν
2206 1143 2394 1204 Δαϐὶδ,
2428 1143 2510 1194 ὅτι
2541 1139 2746 1208 ἀγαθός
2776 1142 2948 1193 ἐστιν.
2994 1157 3012 1189 3

465 1238 620 1293 Psal.
655 1239 1050 1304 xxxvr,25.—-
1085 1256 1104 1290 ι
1144 1235 1338 1293 Junior
1373 1235 1450 1290 fui
1485 1236 1505 1308 (
1537 1234 1740 1291 etenim
1775 1231 1934 1288 senui
1964 1230 1983 1302 )

2165 1255 2183 1288 ι
2223 1233 2504 1304 Νεὼτερος
2548 1231 2820 1302 ἐγενόμην
2847 1248 2861 1261 ·
2917 1229 3016 1283 καὶ
3054 1230 3163 1298 γὰρ
3221 1229 3476 1300 ὲγήρασα
3507 1244 3524 1262 ο
3585 1227 3683 1281 καὶ

391 1337 445 1383 et
475 1345 582 1383 non
615 1329 723 1383 vidi
753 1329 968 1396 justum
1011 1327 1363 1382 derelictum.
1411 1325 1554 1381 Justi
1581 1323 1955 1380 hmreditabuu

2119 1328 2187 1380 ὑκ
2222 1323 2363 1379 εἶδον
2383 1325 2596 1378 δίκαιον
2633 1320 3230 1390 ἐγκαταλελειμμένον.
3293 1319 3506 1372 Δίκαιοι
3557 1319 3683 1388 κλη-

393 1428 618 1474 terram.
681 1418 848 1474 Salus
897 1419 1176 1488 iustorum
1215 1435 1247 1473 a
1295 1419 1552 1486 Domino,
1595 1428 1650 1474 et
1706 1422 1954 1488 pmtecto

2120 1415 2578 1490 ονομήσουσιτὴν
2607 1415 2733 1484 γῆν.
2792 1413 3049 1483 Σωτηρία
3093 1412 3205 1465 τῶν
3245 1411 3474 1465 δικαίων
3529 1411 3684 1482 παρὰ

394 1528 587 1566 eorum
618 1521 705 1568 est
740 1552 757 1579 ,
800 1530 817 1563 3
857 1520 965 1567 etc.

2089 1507 2427 1582 Κυρίου,καὶ
2449 1504 2857 1576 ὑπερασπιστὴς
2886 1507 3068 1559 αὐτῶν
3092 1507 3261 1559 ἐστιν.
3304 1525 3322 1556 3

467 1603 622 1658 Psal.
654 1619 765 1668 xcv,
806 1605 891 1658 15.
927 1633 998 1645 -—
1022 1620 1040 1653 ι
1073 1601 1272 1658 Justus
1304 1610 1364 1658 ut
1387 1601 1570 1673 palma
1595 1600 1836 1668 ﬂorebit,
1866 1603 1983 1657 sic-

2165 1623 2184 1656 ι
2229 1602 2452 1666 Δίκαιος
2477 1602 2554 1666 ὼς
2581 1599 2761 1671 φοίνιξ
2793 1600 3044 1671 ἀνθήσει,
3074 1598 3210 1652 ὡσεὶ
3243 1598 3435 1668 κέδρος
3456 1598 3490 1668 ή
3518 1598 3576 1652 ἐν
3603 1596 3687 1666 τῷ

395 1705 455 1750 ιιι
482 1696 683 1751 cedrus
719 1710 842 1764 qua:
864 1696 916 1749 in
950 1694 1164 1751 Libano
1189 1704 1298 1760 est,
1334 1714 1352 1746 3
1385 1704 1494 1750 etc.

821 1711 842 1748 ε
864 1696 916 1749 in
950 1694 1164 1751 Libano
1189 1704 1298 1760 est,
1334 1714 1352 1746 3
1385 1704 1494 1750 etc.
2019 1759 2048 1765 _
2088 1695 2330 1765 Λιϐάνῳ.
2368 1713 2385 1748 3

466 1785 622 1841 Psal.
655 1759 802 1851 xcvi,
828 1785 916 1841 11.
951 1805 1060 1839 -ι
1093 1786 1215 1842 Lux
1241 1759 1364 1842 orta
1399 1794 1488 1844 est
1517 1786 1697 1858 justo,
1730 1796 1785 1845 et
1809 1789 1983 1846 rectis
2018 1759 2030 1813 ¹

2163 1807 2182 1840 ι
2217 1759 2336 1850 Φῶς
2400 1783 2642 1840 ἀνέτειλε
2693 1782 2772 1854 τῷ
2817 1781 3038 1852 δικαίῳ,
3090 1780 3190 1834 καὶ
3235 1781 3351 1846 τοῖς
3399 1778 3583 1834 εὺθέσι
3614 1781 3688 1850 τῇ

395 1877 565 1932 corde
594 1877 780 1932 laetitia
813 1917 828 1932 .
843 1896 861 1929 3

2087 1878 2289 1950 καρδίᾳ
2315 1877 2650 1948 εὐφροσύνη.
2694 1894 2712 1926 3

468 1965 628 2020 Psal.
649 1981 762 2032 CXI,
792 1968 848 2032 2,
878 1967 933 2029 4,
964 1966 1016 2022 7.
1041 1996 1116 2007 -
1137 1984 1157 2018 ι
1195 1965 1491 2023 Generatio
1520 1974 1798 2022 rectorum
1814 1966 1986 2023 bene-

2164 1990 2180 2020 ι
2222 1969 2390 2023 Γενεὰ
2419 1967 2621 2021 εύθέων
2643 1965 3099 2036 εύλογηθήσεται.
3129 1962 3268 2029 Δόξα
3303 1962 3400 2017 καὶ⁵
3433 1961 3690 2027 πλοῦτος.

395 2057 627 2112 (licetur.
662 2055 851 2113 Gloria
885 2066 940 2114 et
964 2059 1196 2126 divitiae,
1229 2066 1335 2114 etc.
1396 2058 1660 2113 Exortum
1689 2069 1773 2114 est
1801 2059 1854 2113 in
1888 2068 1959 2114 te.-

2125 2060 2424 2130 Ξξανέτειλε
2457 2059 2575 2129 φῶς
2613 2061 2672 2112 ὲν
2707 2057 2892 2111 σκότει
2945 2059 3060 2120 τοῖς
3124 2055 3359 2119 εὐθέσιν,
3412 2052 3689 2124 ἐλεήμων.

398 2149 582 2204 nebris
619 2150 804 2205 lumen
830 2149 1021 2218 rectis,
1056 2150 1403 2216 misericors,
1435 2157 1545 2204 etc.
1575 2150 1636 2204 ln
1715 2150 1962 2207 memori:

2123 2155 2186 2229 il;
2212 2153 2563 2226 μνημόσυνον
2589 2149 2814 2205 αἰώνιον
2839 2149 2993 2203 ἔσται
3027 2147 3262 2212 δίκαιος,
3295 2146 3406 2200 ἀπὸ
3437 2145 3638 2216 ἀκοῆς.
3669 2163 3687 2196 3

397 2251 601 2295 aeterna
635 2241 743 2296 erit
771 2242 997 2312 justus;
1030 2241 1100 2295 ab
1135 2241 1443 2306 auditione,
1477 2261 1496 2293 3
1533 2250 1648 2296 etc.

474 2328 625 2383 Psal.
652 2346 822 2396 cxvn,
852 2331 941 2384 15.
973 2358 1044 2370 -
1096 2348 1116 2382 ι
1157 2329 1276 2386 Vox
1312 2331 1704 2387 exsultatiouis
1735 2339 1789 2387 et
1841 2331 1988 2386 salu-

2165 2356 2184 2389 ι
2221 2335 2379 2407 Φωνὴ
2412 2333 2792 2404 ἀγαλλιάσεως
2842 2333 2938 2387 καὶ
2977 2332 3276 2404 σωτηρίας,
3336 2331 3396 2384 ὲν
3459 2328 3691 2398 σκηναῖς

399 2424 491 2487 tis,
525 2424 581 2476 in
618 2421 1000 2478 tabernaculis
1027 2421 1332 2490 justorum.
1378 2443 1397 2475 3

833 2421 1000 2478 Iculis
1027 2421 1332 2490 justorum.
1378 2443 1397 2475 3
2086 2429 2337 2484 δικαίων.
2379 2446 2397 2480 3

472 2514 627 2570 Psal.
656 2530 820 2582 chv,
850 2516 906 2570 8.
937 2545 1009 2556 —
1046 2535 1064 2567 ι
1107 2515 1374 2572 Dominus
1405 2515 1585 2588 diligit
1619 2515 1822 2585 justos.
1857 2533 1876 2567 3

1447 2515 1585 2588 iligit
1619 2515 1822 2585 justos.
1857 2533 1876 2567 3
2165 2539 2186 2573 ι
2225 2521 2434 2592 Κύριος
2461 2520 2656 2591 ἀγαπᾷ
2689 2517 2954 2582 δικαίους.
2989 2535 3007 2569 3

471 2606 635 2662 Prov.
667 2623 724 2674 x,
795 2607 952 2662 5.-
986 2625 1005 2660 ι
1058 2607 1184 2662 Νοιι
1237 2606 1384 2662 fame
1433 2606 1655 2664 necabit
1709 2605 1984 2662 Dominus

2167 2633 2188 2666 ι
2219 2615 2294 2668 Ού
2335 2613 2721 2684 λιμοκτονήσει
2772 2610 2979 2682 Κύριος
3033 2608 3212 2681 ψυχὴν
3257 2607 3492 2663 δικαίου.
3525 2606 3697 2677 Πηγη

400 2699 639 2754 animam
671 2697 828 2768 justi.
870 2697 1014 2755 Fons
1043 2698 1170 2753 vita)
1202 2698 1256 2752 in
1285 2699 1613 2768 manujusti
1645 2738 1660 2754 .
1689 2717 1708 2752 3

1285 2713 1456 2754 manu
1476 2699 1613 2768 justi
1645 2738 1660 2754 .
1689 2717 1708 2752 3
2089 2706 2238 2778 ζωῆς
2267 2707 2324 2759 ἐν
2358 2708 2505 2778 χειρὶ
2533 2704 2768 2759 δικαίου.
2809 2723 2827 2756 3

473 2789 636 2845 Prov.
670 2805 792 2858 χιιι,
830 2789 924 2845 25.
950 2820 1022 2831 -
1056 2809 1073 2843 ι
1107 2789 1593 2846 Thesaurizantur
1644 2789 1818 2860 iustis
1853 2805 1988 2861 opes

1899 2805 1988 2861 pes
2168 2817 2189 2851 ι
2217 2797 2625 2869 Θησαύρίξεται
2650 2794 2883 2858 δικαίοις
2916 2790 3149 2858 πλοῦτος
3174 2790 3411 2848 ἀσεϐῶν.
3443 2809 3463 2844 3

402 2883 718 2954 impiorum.
765 2901 784 2935 3
2589 2938 2601 2950 ,

478 2975 635 3030 Prov.
680 2991 754 3038 ιν,
792 2975 880 3029 18.
907 3003 979 3015 -
1015 2991 1035 3025 ι
1065 2972 1358 3030 Justorum
1391 2973 1606 3032 semitae
1673 2973 1837 3040 quasi
1896 2973 1989 3028 lux

2169 2999 2188 3032 ι
2219 2980 2285 3033 Δί
2320 2978 2433 3032 ὁδοὶ
2490 2978 2601 3031 τῶν
2652 2975 2880 3031 δικαίων
2925 2974 3130 3045 ὁμοίως
3174 2977 3318 3045 φωτὶ
3377 2977 3668 3048 λάμπουσι

402 3067 804 3138 splendescunt
838 3085 852 3121 :
891 3067 1362 3137 antegradiuntur
1411 3075 1465 3123 et
1499 3066 1834 3130 illuminant.
1857 3066 1966 3122 dun

2132 3071 2531 3143 προπορεύονται
2558 3069 2639 3134 δὲ,
2690 3069 2787 3122 καὶ
2816 3067 3147 3138 φωτίζουσιν
3201 3067 3308 3132 ἕως
3361 3067 3696 3143 κατορθώσῃ

404 3157 643 3229 perfecta
675 3160 747 3214 sit
770 3157 912 3214 dies.
950 3175 969 3210 3

866 3172 912 3214 s.
950 3175 969 3210 3
2097 3161 2367 3234 ήήμέρα.
2413 3178 2430 3211 ι

481 3251 643 3307 Prov.
672 3267 786 3317 xiv,
825 3251 909 3307 l6.
946 3268 1053 3303 -ι
1088 3249 1308 3323 Septies
1333 3253 1497 3308 cadet
1529 3250 1743 3322 justus,
1795 3260 1850 3306 et
1907 3265 1993 3307 re-

2174 3270 2194 3304 ι
2245 3253 2510 3316 Ἐπτάκις
2534 3252 2786 3305 πεσεῖται
2815 3251 2846 3302 ό
2873 3250 3107 3316 δίκαιος,
3141 3250 3236 3303 καὶ
3257 3251 3691 3321 ἀναστήσεται.»

405 3352 618 3415 Surget.
654 3363 673 3395 3
2639 3335 2642 3337 Δ

479 3437 638 3491 Prov.
673 3451 748 3503 xl,
785 3433 869 3488 ll.
900 3453 1007 3486 -ι
1047 3435 1102 3488 In
1143 3436 1305 3491 bonis
1330 3436 1613 3506 iustorum
1644 3444 1842 3491 erecta:
1859 3444 1992 3489 sunt

2176 3454 2194 3485 ι
2242 3434 2334 3488 Ἐν
2385 3433 2614 3503 ἀγαθοῖς
2679 3434 2909 3489 δικαίων
2970 3433 3420 3506 κατωρθὼθησαν
3479 3435 3694 3499 πόλεις,

405 3526 698 3593 civitates;
729 3539 828 3579 ore
862 3532 1046 3580 autem
1084 3525 1378 3596 impiorum
1405 3527 1605 3581 dirum
1637 3533 1791 3580 sunt.
1834 3543 1853 3576 3

1642 3533 1791 3580 sunt.
1834 3543 1853 3576 3
2101 3529 2334 3600 στόμασι
2366 3528 2425 3582 δὲ
2446 3527 2661 3582 ἀσεϐῶν
2691 3527 3151 3598 κατεσκάφησαν.
3189 3548 3206 3579 3

477 3619 640 3673 Prov.
673 3631 737 3683 ιι,
765 3616 861 3672 2‘2.
890 3645 962 3657 ——
993 3634 1012 3668 ι
1058 3615 1286 3686 Benigni
1318 3627 1480 3672 erunt
1509 3617 1856 3672 habitatores
1882 3623 1993 3673 ter-

2175 3636 2194 3668 ι
2230 3618 2478 3690 Χρηστοὶ
2501 3618 2715 3674 ἔσονται
2751 3619 3041 3691 οἰκήτορες
3070 3623 3194 3692 γῆς,
3231 3620 3430 3675 ἄκακοι
3456 3621 3517 3675 δὲ
3549 3620 3695 3673 ὐπο-

406 3727 483 3768 rae
511 3730 526 3766 :
557 3711 882 3764 innocentes
909 3720 1096 3768 autem
1129 3713 1514 3780 rezinquentur
1555 3709 1614 3764 in
1645 3724 1730 3765 ea.
1775 3728 1794 3760 3

1255 3721 1514 3780 “tuentur
1555 3709 1614 3764 in
1645 3724 1730 3765 ea.
1775 3728 1794 3760 3
2102 3711 2490 3782 λειφθήσονται
2515 3713 2574 3765 ὲν
2598 3712 2761 3784 αὐτῇ.
2801 3731 2819 3764 3

480 3803 645 3856 Prov.
670 3817 754 3868 ιιι,
786 3801 878 3856 52.
903 3831 978 3843 -
1041 3819 1060 3854 ι
1086 3801 1413 3857 Habitacula
1467 3800 1606 3871 justi
1656 3799 1994 3857 benedicun-

1691 3799 1994 3857 encdicun-
2175 3822 2194 3858 ι
2243 3803 2535 3869 Ἐπαύλεις
2565 3805 2778 3858 δικαίου
2809 3802 3208 3873 εὐλογοῦνται.’
3237 3824 3255 3857 3

409 3903 525 3949 tur.
573 3912 590 3945 3

480 3985 643 4040 Prov.
676 4002 731 4052 ι,
762 3986 855 4041 55.
887 4016 959 4026 --
997 4003 1015 4037 ι
1053 3985 1225 4040 Labia
1254 3986 1502 4041 virorum
1561 3987 1841 4058 iustorum
1907 3987 1991 4043 di-

1983 4017 1991 4030 -
2176 4010 2195 4042 ι
2231 3989 2403 4059 Χείλη
2433 3987 2646 4061 ἀνδρῶν
2673 3989 2899 4045 δικαίων
2921 3989 3220 4054 ἀποστάζει
3243 3989 3495 4060 χάριτας.
3529 4007 3547 4038 3

411 4081 624 4134 Stillaltl
648 4078 880 4149 gratias.
915 4096 932 4128 3

487 4172 644 4226 Prov.
686 4187 785 4236 xu,
818 4171 873 4226 3.
914 4202 982 4211 —
1017 4191 1035 4222 ι
1076 4168 1314 4227 Radices
1339 4169 1618 4243 justorum
1681 4189 1789 4228 non
1839 4175 1990 4230 evel—

1970 4205 1990 4218 -
2176 4193 2194 4224 ι
2240 4173 2308 4226 Αἱ
2346 4172 2495 4245 ῥίζαι
2522 4170 2634 4224 τῶν
2666 4171 2900 4226 δικαίων
2928 4173 3030 4226 οὐκ
3061 4172 3478 4245 ἐξαρθήσσνται.
3517 4191 3534 4221 3

407 4266 614 4320 lentur.
651 4283 670 4316 3

483 4356 647 4411 Prov.
674 4370 794 4421 xui,
831 4354 923 4410 15.
956 4382 1026 4395 -
1047 4372 1067 4406 ι
1105 4353 1312 4412 Domus
1339 4356 1614 4428 iustorum
1651 4356 1991 4415 benedicun-

1518 4370 1614 4411 um
1651 4356 1991 4415 benedicun.
2169 4376 2189 4408 ι
2227 4351 2380 4410 υῐκοι
2411 4357 2636 4410 δικαίων
2652 4357 3018 4427 εὐλογοῦνται.
3064 4375 3082 4407 3

408 4457 519 4503 tur.
563 4466 582 4500 3
2025 4460 2067 4515 [)

483 4541 646 4594 Prov.
675 4554 788 4606 xiv,
831 4537 886 4592 Ξ.
917 4567 987 4578 -
1016 4555 1036 4589 ι
1066 4537 1167 4606 Qui
1199 4544 1430 4613 respicit
1456 4546 1638 4617 plaue’,
1670 4542 1991 4599 misericor-

1624 4585 1638 4610 ,
1670 4542 1991 4599 misericor-
2173 4559 2192 4590 ι
2236 4539 2297 4593 '0
2320 4539 2539 4611 βλέπων
2569 4538 2709 4606 λεῖα,
2746 4539 3126 4611 ἐλεηθήσεται.
3165 4557 3183 4589 3

409 4633 556 4688 diam
589 4645 979 4704 consequetur.
1021 4650 1040 4683 3

478 4725 636 4781 Prov.
664 4741 754 4792 xx,
795 4726 845 4780 7.
876 4755 946 4766 —
983 4743 1002 4776 ι
1043 4723 1148 4792 Qui
1192 4736 1344 4784 recte
1367 4729 1639 4798 ambulat,
1673 4729 1832 4786 timet
1879 4729 1988 4784 Do-

2168 4740 2186 4775 ι
2235 4723 2295 4776 Ὀ
2328 4723 2696 4795 πορευόμενος
2721 4721 2919 4794 ὀρθῶς,
2949 4722 3199 4792 φοϐεῖται
3245 4721 3337 4774 τὸν
3389 4714 3615 4790 Κύριον.
3665 4739 3683 4770 3

410 4819 643 4873 miuum.
682 4837 699 4869 3
2025 4868 2030 4871 _

499 4905 520 4957 ἰ
556 4906 660 4973 Qui
689 4906 830 4961 citra
869 4908 1360 4978 reprehensionem
1412 4918 1782 4970 conversatur
1815 4913 1872 4969 iu
1898 4913 1991 4984 ju-

2170 4936 2188 4962 ι
2237 4912 2334 4974 Ὃς
2362 4909 2776 4980 ἀναστρέφεται
2823 4909 3054 4979 ἄμωμος
3093 4908 3152 4960 ὲν
3179 4905 3516 4978 δικαιοσύνῃ,
3575 4922 3685 4975 μα-

409 4997 580 5060 stitia,
617 4996 808 5052 beatos
834 4996 1043 5056 liberos
1073 4999 1372 5072 relinquet.
1404 5020 1423 5055 3

2093 5005 2318 5074 καρίους
2349 5006 2478 5066 τοὺς
2511 5001 2706 5066 παῖδας
2731 4999 3072 5070 καταλείψει.
3121 5019 3138 5052 3

343 5143 368 5162 _
475 5089 654 5144 Eccle.
691 5106 749 5156 ιι,
796 5090 982 5146 26.—
1018 5110 1037 5144 ι
1072 5094 1228 5149 Βοηο
1294 5096 1505 5151 homini
1560 5096 1618 5152 in
1679 5112 1907 5168 conspet

2163 5114 2182 5148 ι
2224 5094 2316 5166 Τῷ
2351 5094 2626 5166 ἀνθρώπῳ
2664 5093 2744 5166 τῷ
2795 5092 2986 5166 ἀγαθῷ
3033 5093 3140 5165 πρὸ
3179 5090 3474 5164 προσώπου
3513 5089 3685 5146 αὐτοῦ

403 5198 506 5237 suo
543 5181 694 5237 dedit
728 5184 1078 5253 sapientiam,
1113 5193 1169 5241 et
1221 5187 1535 5253 scientiam,
1568 5197 1625 5245 et
1656 5190 1929 5248 lmtitiam.
1963 5209 1967 5243 π

1887 5206 1929 5248 ι.
1963 5208 1983 5243 3
2092 5193 2257 5247 ἔδωκε
2287 5191 2501 5262 σοφίαν,
2529 5193 2622 5246 καὶ
2643 5191 2865 5262 γνῶσιν,
2907 5189 3003 5245 καὶ
3033 5188 3395 5261 εὐφροσύνην.
3432 5207 3451 5240 3

472 5274 602 5345 Sap.
625 5275 929 5339 ul,l-7.—t
952 5275 1235 5333 Justorum
1261 5279 1531 5336 anima’in
1546 5295 1709 5336 manu
1727 5281 1821 5338 Dei
1836 5292 1987 5350 sunt,
2167 5305 2186 5337 ι
2223 5285 2460 5339 Δικαίων
2489 5283 2661 5355 ψυχαὶ
2690 5285 2749 5336 ἐν
2780 5283 2926 5354 χειρὶ
2954 5281 3114 5345 Θεοῦ,
3152 5281 3249 5334 καὶ
3279 5279 3338 5332 ού
3363 5281 3439 5350 μὴ
3471 5278 3681 5350 ἅψηται
3742 5282 3759 5301 ’

401 5378 576 5423 etnon
601 5379 785 5441 tanget
807 5370 932 5426 illos
963 5369 1456 5427 tormentumNisi
1487 5381 1621 5428 sunt
1649 5373 1827 5430 oculis
1847 5374 1965 5429 insi-

2116 5379 2270 5432 ιύτῶν
2293 5379 2546 5448 βάσανος.
2569 5376 2797 5442 Ἔδοξαν
2818 5379 2875 5430 ὲν
2896 5375 3199 5446 ὀφθαλμοῖς
3215 5373 3470 5444 ἀφρόνων
3488 5371 3680 5424 τεθνά-

403 5463 666 5531 pieutium
687 5463 848 5526 mori,
867 5475 918 5518 et
935 5462 1210 5519 aestimata
1232 5473 1314 5518 est
1330 5463 1554 5521 alIlictio
1566 5469 1747 5524 exitus
1759 5483 1950 5523 eorum

2111 5489 2199 5532 ναι,
2236 5469 2332 5524 καὶ
2360 5469 2612 5540 ἐλογίσθη
2643 5470 2890 5531 κάκωσις
2939 5469 2974 5538 ή
3017 5467 3197 5533 ἔξοδος
3252 5462 3453 5530 αὐτῶν,
3505 5461 3599 5516 καὶ
3641 5464 3675 5531 ἡ

402 5552 568 5627 450
600 5561 653 5608 et
685 5554 830 5623 quod
861 5570 890 5608 a
916 5554 1075 5610 nobis
1101 5562 1186 5610 est
1225 5555 1350 5621 iter,
1405 5559 1671 5614 contritio
1714 5577 1728 5614 :
1765 5560 1844 5615 illi
1886 5575 1966 5614 aut

2109 5563 2182 5632 ιφ⁹
2213 5563 2371 5635 ἡμῶν
2398 5563 2593 5632 πορεία
2624 5562 2942 5632 σύντριμμα
2968 5575 2982 5590 ·
3012 5561 3062 5613 οἱ
3081 5559 3140 5613 δέ
3184 5561 3323 5611 εἰσιν
3348 5559 3407 5610 ὲν
3457 5557 3673 5627 εἰρήνῃ.

403 5655 510 5699 tem
548 5653 676 5703 sunt
718 5647 770 5700 iu
798 5662 952 5716 pace.
988 5645 1124 5701 Nam
1152 5646 1263 5702 etsi
1310 5662 1498 5704 coram
1523 5650 1840 5707 hominibus
1874 5661 1967 5706 tor-

2109 5657 2201 5708 (αὶ
2261 5656 2372 5726 γὰρ
2423 5656 2482 5708 ὲν
2516 5655 2640 5720 ὄψει
2685 5651 2990 5724 ἀνθρώπων
3044 5655 3140 5707 ἐὰν
3199 5649 3571 5708 κολασθῶσιν,
3637 5646 3673 5715 ἡ

403 5747 584 5793 menta
615 5740 763 5810 passi
794 5749 944 5809 sunt,
981 5755 1113 5811 spes
1143 5740 1372 5796 illorum
1411 5742 1831 5802 immortalitate
1867 5745 1967 5811 ple-

2119 5748 2244 5811 λπὶς
2309 5747 2491 5803 αὐτῶν
2546 5746 2850 5812 ἀθανασίας
2906 5744 3141 5815 πλήρης.
3205 5745 3317 5797 Καὶ
3360 5741 3517 5812 ὀλίγα
3545 5756 3679 5794 παι-
