3960 6400
266 368 394 434 1385

1517 358 1757 419 3ΛΕΡΛ
1801 358 2256 420 PARALLELA.

3383 359 3521 426 1386

258 472 547 536 δευθέντες,
593 467 808 542 μεγάλα
859 466 1388 538 εὖεργετηθήσονται
1421 480 1432 498 ·
1488 467 1570 519 ὅτι
1633 470 1662 520 ὀ
1699 468 1834 530 Θεὸς

1977 481 2007 522 a
2025 477 2130 524 est.
2153 461 2212 520 Et
2236 470 2290 522 in
2321 467 2516 538 paucis
2544 469 2746 534 vexati,
2765 468 2820 524 in
2846 468 3036 526 tnultis
3059 469 3197 525 bene
3219 468 3522 536 disponen-

261 567 542 637 ἐπείρασεν
569 563 790 626 αὐτοὺς,
819 559 916 613 καὶ
947 552 1108 629 εὗρεν
1140 557 1340 620 αὐτοὺς
1367 554 1556 622 ἀξίους
1612 555 1834 612 ἑαυτοῦ.

272 661 354 722 Ὠς
384 655 585 729 χρυσὸν
609 655 667 708 ἐν
700 651 1055 724 χωνευτηρίῳ
1079 649 1409 720 ἐδοκίμασεν
1462 649 1684 714 αὐτοὺς,
1741 649 1836 702 καὶ

259 753 330 814 ὡς
365 748 742 820 ὀλοκάρπωμα
762 743 952 808 θυσίας
969 741 1332 815 προσεδέξατο
1363 741 1585 810 αὐτοὺς,
1620 741 1718 798 καὶ
1775 743 1836 796 ὲν

260 840 431 912 καιρῷ
460 841 769 911 ἐπισκοπῆς
799 837 980 892 αὐτῶν
1011 835 1410 906 άναλάμψουσι.
1443 853 1462 887 ι

329 954 347 984 ι
405 934 614 987 Δίκαιοι
660 933 742 995 εἰς
801 929 895 985 τὸν
933 929 1108 985 αἰῶνα
1143 927 1303 994 ζῶσι,
1351 927 1448 981 καὶ
1500 927 1556 979 ὲν
1583 925 1775 997 Κυρίῳ
1806 925 1836 977 δ

260 1025 446 1100 μισθὸς
469 1024 673 1090 αὐτῶν,
696 1023 789 1077 καὶ
813 1023 848 1095 ή
880 1020 1105 1094 φροντὶς
1134 1019 1315 1074 αὐτῶν
1355 1017 1508 1090 παρά
1551 1017 1830 1088 Ὑψίστου.

257 1119 349 1173 Διά
379 1118 539 1172 τοῦτο
569 1116 834 1188 λήψονται
874 1115 937 1169 τὸ
995 1113 1267 1185 βασίλειον
1308 1111 1411 1182 τῆς
1473 1109 1832 1184 εὐπρεπείας,

257 1213 347 1267 καὶ
371 1215 436 1264 τὺ
461 1210 702 1280 διάδημα
739 1209 841 1278 τῆς
892 1206 1162 1276 καλλονῆς
1214 1205 1278 1259 ἐκ
1328 1201 1514 1275 χειρὸς
1573 1201 1782 1274 Κυρίου
1817 1217 1833 1235 ο

253 1304 420 1372 ὅτιτῇ
453 1301 604 1372 δεξιᾷ
625 1299 792 1354 αὑτοῦ
821 1299 1086 1352 σκεπάσει
1123 1297 1342 1362 αὐτοὺς,
1368 1295 1464 1350 καὶ
1493 1293 1570 1365 τῷ
1587 1293 1836 1365 βραχίονι

256 1396 585 1467 ὕπερασπιεῖ
614 1392 814 1447 αὐτῶν.
857 1411 874 1443 ι

322 1485 588 1547 (Δίκαιος
619 1482 716 1537 ἐὰν
772 1481 955 1553 φθάσῃ
1011 1481 1357 1551 τελευτῆσαι,
1416 1482 1474 1536 ὲν
1525 1480 1834 1536 ἀναπαύσει

1939 568 2030 616 ιιιι·
2064 577 2080 615 :
2115 558 2378 629 quoniam
2419 559 2560 614 Deus
2587 560 2819 614 tentavit
2847 560 3006 616 illos.
3050 569 3106 615 ct
3150 561 3363 616 invenit
3396 561 3522 618 illos

1937 651 2133 722 dignos
2173 666 2251 706 se.
2313 648 2600 719 Tanquam
2651 665 2844 706 aurum
2877 653 2932 707 in
2981 653 3207 710 fornace
3262 655 3522 727 probavit

1939 746 2090 812 illos,
2121 752 2176 800 et
2200 743 2360 812 quasi
2389 742 2775 798 holocaustum
2805 744 3001 800 hostia:
3029 747 3247 817 accepit
3269 748 3397 803 illos
3421 762 3438 802 :
3461 759 3520 805 et

1939 841 1994 894 in
2015 847 2263 909 tempore
2291 843 2581 907 respectus
2601 836 2687 891 sui
2709 835 3080 908 refulgebunt.
3117 857 3136 890 ι

2011 929 2190 986 Eccle.
2221 947 2275 998 v,
2311 929 2399 986 16.
2427 959 2500 969 -
2533 947 2552 982 ι
2593 925 2742 984 Justi
2791 928 2846 982 in
2884 939 3211 999 perpetuum
3234 932 3442 999 vivent,
3463 942 3522 986 et

1939 1022 2085 1094 apud
2141 1021 2435 1078 Dominum
2469 1028 2555 1077 est
2605 1033 2820 1075 merces
2879 1034 3112 1086 eorum,
3145 1030 3203 1077 et
3251 1025 3524 1095 cogitatio
3633 1052 3636 1056 ί

1936 1128 2130 1171 eorum
2187 1111 2332 1184 apud
2382 1109 2746 1166 Altissimum.
2784 1109 2908 1166 ldeo
2967 1110 3243 1180 accipient
3289 1127 3520 1183 regnum

1939 1207 2183 1272 decoris,
2219 1213 2276 1262 ct
2322 1203 2574 1260 diadema
2633 1202 2837 1273 speciei
2889 1202 2960 1258 de
2997 1217 3164 1258 manu
3218 1203 3435 1260 Domini
3506 1224 3519 1259 :

1939 1299 2201 1373 quoniam
2229 1297 2456 1354 dextera
2491 1311 2593 1352 sua
2627 1302 2774 1367 teget
2795 1309 2917 1362 eos,
2947 1302 3003 1352 et
3037 1295 3266 1352 brachio
3296 1313 3400 1353 suo
3427 1297 3524 1354 de-

1939 1392 2300 1450 fcndetjllos.
2328 1409 2346 1442 ι

2012 1485 2190 1542 Eccte.
2224 1501 2299 1550 iv,
2329 1484 2383 1551 7,
2417 1483 2506 1538 l5.
2537 1512 2608 1524 —
2639 1500 2664 1535 ι
2697 1481 2913 1547 Justus,
2966 1482 3018 1537 si
3077 1492 3256 1538 morte
3311 1497 3524 1553 pracoc-

254 1576 426 1629 ἕσται.
457 1575 633 1646 Χάρις
660 1573 758 1628 καὶ
781 1573 930 1638 ἔλεος
954 1575 1013 1627 ὲν
1044 1576 1155 1635 τοῖς
1187 1573 1464 1639 ἐκλεκτοῖς
1505 1573 1693 1638 αὐτοῦ,
1741 1576 1836 1628 καὶ

1977 1586 2182 1650 upatus
2206 1577 2396 1642 fuerit,
2431 1575 2486 1630 in
2523 1573 2818 1644 refrigerio
2846 1575 2973 1631 erit.
3025 1574 3217 1630 Gratia
3249 1585 3306 1630 et
3345 1578 3524 1632 mise-

253 1665 529 1738 ἐπισκοπὴ
565 1668 625 1719 ὲν
652 1667 765 1729 τοῖς
795 1665 965 1731 ὁσίοις
989 1664 1179 1720 αὐτοῦ.
1220 1685 1238 1717 ι

328 1871 349 1904 ι
383 1849 562 1905 θυσία
594 1849 786 1921 ἀνδρὸς
816 1848 1030 1904 δικαίου
1060 1849 1250 1922 δεκτή.
1286 1869 1306 1902 ι

326 2055 345 2088 ι
392 2037 455 2089 ’0
505 2034 708 2104 ἀγαθὸς
739 2035 1027 2107 ἄνθρωπος
1073 2035 1139 2088 ὲκ
1168 2033 1261 2088 τοῦ
1309 2033 1518 2103 ἀγαθοῦ
1564 2033 1840 2105 θησαυροῦ

251 2127 347 2199 τῆς
382 2126 614 2198 καρδίας
648 2126 994 2180 ἐκϐάλλειτά
1024 2125 1228 2195 ἀγαθά.
1267 2145 1286 2178 ι

328 2219 561 2284 Ῥάϐδος
587 2217 796 2273 δικαίου
821 2218 1092 2291 κρείσσων
1119 2218 1154 2290 ἢ
1184 2217 1321 2290 τιμὴ
1345 2217 1544 2273 κακοῦ.

315 2403 464 2457 Ἕνα
499 2399 730 2455 πλοῦτον
757 2399 1064 2470 νομίζοντα
1096 2399 1194 2471 τὴν
1229 2399 1333 2470 τῆς
1375 2399 1576 2470 ἀρετῆς
1626 2400 1842 2471 κτῆσιν,

253 2497 388 2568 μίαν
420 2494 705 2564 εὐγένειαν
735 2493 835 2564 τὴν
857 2493 996 2564 πρὸς
1028 2493 1117 2546 τὸν
1145 2492 1279 2546 Θεὺν
1327 2491 1660 2562 οἰκειότητα,
1713 2493 1846 2563 μίαν

252 2590 414 2654 ἀξίαν
446 2589 540 2642 καὶ
565 2586 889 2641 δυναστείαν
915 2585 976 2640 τὸ
1003 2586 1226 2658 κρατεῖν
1249 2583 1471 2650 ἑαυτοῦ,
1533 2583 1633 2639 καὶ
1685 2585 1846 2640 d606-

252 2679 430 2734 λωτον
456 2676 733 2741 εἶναιτοῖς
763 2675 1132 2747 ἀνθρωπίνοις
1187 2675 1509 2747 παθήμασιν
1538 2691 1554 2706 ο
1608 2674 1848 2747 ἀχθόμε-

253 2791 344 2828 νον
385 2772 488 2844 μὲν
516 2773 583 2842 τῇ
613 2769 924 2843 παρατάσει
975 2769 1076 2840 τῆς
1122 2766 1218 2821 τοῦ
1261 2766 1448 2821 ὑλικοῦ
1504 2767 1621 2839 βίου
1677 2767 1845 2837 ζωῆς,

253 2866 566 2920 σπεύδοντα
592 2863 649 2918 δὲ
671 2863 926 2934 καθάπερ
955 2861 1008 2914 oi
1036 2861 1126 2914 διὰ
1157 2859 1431 2928 πελάγους
1459 2859 1849 2913 κακοπαθοῦνιο

253 2978 343 3025 τες
383 2959 523 3031 προς
542 2957 740 3028 λιμένα
765 2956 1104 3026 καταντῆσαι
1137 2951 1238 3023 τῆς
1270 2951 1643 3016 ἀναστάσεως.

327 3227 550 3296 Ὠσπερ
581 3223 651 3277 τά
680 3219 856 3290 εὐώδη
886 3218 996 3272 τῶν
1043 3215 1352 3289 ἀρωμάτων
1408 3215 1508 3284 τῆς
1558 3209 1694 3274 ἰδίας
1762 3210 1852 3263 εὐ-

253 3319 454 3382 πνοίας
482 3319 572 3371 τὸν
601 3310 1010 3384 παρακείμενον
1041 3307 1183 3378 ἀέρα
1238 3304 1424 3376 πλήρη
1457 3302 1604 3356 ποιεῖ
1632 3317 1644 3330 ·
1678 3299 1853 3361 οὕτως

253 3409 457 3482 ἀνδρὸς
487 3403 694 3477 ἀγαθοῦ
725 3399 996 3473 παρουσία
1011 3400 1139 3463 τοὺς
1174 3397 1343 3460 πέλας
1371 3394 1632 3465 ὀνίνησιν.

558 3586 739 3640 ΤΙΤΛ.
767 3582 865 3637 IZ'.
898 3613 966 3624 —
991 3579 1134 3649 Περὶ
1167 3577 1536 3648 διγλὼσσου.

332 3702 361 3737 ε
400 3679 762 3749 Κατάγνωσις
794 3673 1008 3746 πονηρά
1042 3673 1136 3726 ἐπὶ
1162 3668 1492 3740 διγλώσσου.
1530 3686 1548 3719 ι

342 3883 368 3914 ς
406 3861 520 3923 Πᾶς
548 3852 872 3928 ἁμαρτωλὸς
917 3847 1180 3921 φθονερὸς
1236 3819 1334 3901 καὶ
1380 3847 1680 3917 δίγλωσσος
1738 3847 1859 3902 ἀτι-

261 3957 403 4028 μίαν
431 3950 561 4016 ἔξει.
597 3965 616 4000 ι

343 4089 366 4122 ι
412 4065 654 4135 Ψίθυρον
678 4060 772 4115 καὶ
797 4056 1098 4128 δίγλωσσον
1156 4049 1579 4124 καταράσασθε’
1633 4048 1864 4113 πολλοὺς

260 4160 378 4231 γὰρ
408 4153 791 4228 είρηνεύοντας
815 4147 1087 4204 ἀπώλεσε.
1141 4144 1372 4198 Γλῶσσα
1420 4141 1574 4214 διττὴ
1632 4140 1864 4204 πολλοὺς

262 4250 556 4314 ὲσάλευσε,
586 4245 681 4298 καὶ
707 4240 1003 4297 διέστειλεν
1029 4236 1229 4300 αὐτοὺς
1260 4235 1371 4292 ἀπὸ
1397 4234 1584 4298 ἔθνους
1629 4235 1710 4296 εἰς
1771 4231 1862 4286 ἐθ-

263 4362 386 4410 νος,
415 4341 513 4398 καὶ
542 4311 731 4400 πόλεις
759 4333 967 4405 ὀχυρᾶς
1011 4328 1279 4392 καθεῖλεν,
1326 4326 1424 4380 καὶ
1471 4326 1646 4388 οίκίας
1698 4339 1858 4394 μεγι-
1889 4311 1938 4372 1)

266 4437 486 4491 στάνων
555 4425 919 4498 κατέστρεψε.
956 4421 1182 4476 Γλῶσσα
1238 4419 1394 4489 διττή
1438 4419 1706 4488 γυναῖκας
1766 4417 1861 4472 άν-

264 4527 460 4599 δρείας
490 4521 713 4592 ἐξέϐαλε
745 4519 840 4574 καὶ
867 4516 1162 4588 ὲστὲρησεν
1189 4511 1361 4576 αὐτὰς
1388 4511 1496 4565 τῶν
1526 4511 1706 4564 πόνων
1763 4510 1861 4562 αὑ-

265 4622 406 4678 τῶν.
449 4619 508 4672 ’0
536 4613 820 4688 προσέχων
859 4610 1022 4681 αὐτῇ,
1092 4608 1154 4661 οὐ
1209 4605 1284 4677 μὴ
1343 4603 1482 4676 εὕρῃ
1531 4603 1858 4666 ἀνάπαυσιν,

267 4713 395 4769 οὐδὲ
432 4705 850 4776 κατασκηνώσει
883 4699 1025 4773 μετὰ
1062 4697 1312 4771 ἡσυχίας.
1361 4715 1404 4750 ι-

267 4846 461 4904 TITA.
495 4845 603 4899 iH'.
631 4871 698 4885 --
723 4839 863 4908 Περὶ
897 4834 1203 4908 δικαστῶν
1222 4831 1594 4908 ἀδεκάστων,
1637 4833 1738 4908 xui
1766 4849 1864 4908 x9-

347 4901 534 4986 θαρὰς
553 4901 820 4984 ἐχόντωῆ
848 4910 954 4986 {ac
1005 4905 1224 4977 χεῖρας,
1265 4904 1367 4958 καί
1417 4903 1598 4972 κρῖμα
1642 4901 1740 4956 καὶ
1786 4903 1864 4956 δι-

349 4979 692 5051 καίοοῖύκὴν
712 4979 1071 5034 ποιούντων.

354 5121 373 5152 ι
415 5096 620 5152 ’Λθῶον
656 5093 752 5148 καὶ
797 5091 1008 5146 δίκαιον
1066 5089 1166 5144 οὐκ
1214 5088 1558 5152 ἀποκτενεῖς,
1613 5085 1708 5141 καὶ
1767 5085 1867 5138 οὐκ

272 5190 562 5252 ἀθωώσεις
590 5187 681 5241 τὸν
713 5183 908 5253 ἀσεϐῆ.
955 5201 974 5234 ι

357 5321 376 5355 ι
413 5303 604 5356 Πᾶσαν
636 5298 812 5369 χήραν
840 5293 934 5348 καὶ
954 5293 1192 5365 ὀρφανὸν
1222 5292 1282 5346 οὐ
1317 5290 1620 5348 κακώσετε.
1655 5311 1672 5343 ι

363 5519 382 5553 ι
420 5501 496 5555 Οὐ
528 5497 860 5571 προσθήσεις
891 5497 1031 5568 μετὰ
1075 5495 1316 5568 πλήθους
1367 5493 1613 5549 ἐκκλῖναι
1663 5492 1864 5564 κρίσιν.

277 5596 443 5668 Δῶρα
458 5596 522 5650 οὐ
547 5593 716 5665 λήψῃ.
760 5591 841 5645 Τὰ
886 5589 994 5660 γὰρ
1043 5589 1196 5660 δῶρα
1244 5587 1503 5657 ὲκτυφλοῖ
1554 5584 1870 5656 ὀφθαλμοὺς

282 5687 614 5761 βλεπόντων,
654 5687 750 5740 καὶ
772 5683 1098 5756 λυμαίνεται
1118 5684 1340 5754 ῥήματα
1376 5681 1580 5736 δίκαια.
1625 5699 1643 5732 ι

611 5885 884 5945 Ρηιιοι..
915 5878 1034 5939 Gn.
1077 5877 1249 5941 XCV.

1939 1668 2182 1726 ricordia
2213 1677 2297 1725 est
2322 1667 2378 1722 in
2400 1673 2624 1722 sanctos
2654 1664 2802 1734 ejus,
2827 1672 2885 1720 et
2911 1671 3206 1734 respectus
3231 1665 3288 1720 in
3311 1666 3525 1722 electos

1939 1761 2106 1817 illius.
2155 1780 2174 1814 ι

2014 1852 2163 1907 Εεοίί
2221 1868 2390 1918 xxxv,
2411 1851 2467 1906 9.
2489 1882 2560 1894 —
2592 1869 2610 1902 ι
2644 1846 3000 1905 Sacriﬁcium
3031 1847 3139 1903 viri
3164 1847 3303 1919 justi
3363 1863 3524 1905 acce-

1941 1954 2094 2014 ptum
2128 1952 2232 2000 est.
2270 1961 2290 1994 ι
3485 1979 3495 1990 .

2012 2033 2215 2090 Hauh.
2249 2049 2350 2098 xu,
2380 2032 2473 2088 35.
2505 2062 2575 2074 α-
2606 2052 2626 2086 ι
2661 2031 2850 2088 Bonus
2878 2031 3045 2094 homo
3075 2031 3142 2088 de
3196 2031 3345 2088 bono
3403 2033 3527 2087 the-

1944 2143 2110 2185 sauro
2145 2127 2332 2183 cordis
2357 2126 2443 2182 sui
2473 2124 2682 2196 profert
2719 2125 2888 2181 bona.
2926 2142 2946 2176 ι

2019 2221 2182 2293 Virga
2210 2219 2348 2291 justi
2375 2217 2570 2275 melior
2600 2223 2686 2274 est
2723 2231 2893 2287 quam
2940 2216 3115 2270 honor
3149 2216 3217 2272 ab
3267 2214 3524 2286 improbo

1945 2316 2224 2386 praestitus

2019 2404 2296 2476 Theologi.
2331 2436 2403 2446 —
2441 2403 2640 2460 Nullas
2665 2401 2808 2457 alias
2845 2414 2979 2472 opes
3014 2414 3140 2456 esse
3167 2399 3390 2470 sapiens
3441 2412 3533 2453 ar-

1945 2497 2204 2563 bitratur,
2252 2502 2455 2567 prater
2519 2494 2748 2550 virtutis
2801 2492 3270 2564 possessionem:
3320 2490 3531 2545 nullam

1947 2589 2112 2644 aliam
2145 2588 2514 2652 nobilitatem,
2566 2593 2937 2658 praeterquam
2997 2583 3450 2653 conjunctionem
3475 2589 3531 2636 et

1948 2673 2378 2729 familiaritatem
2414 2688 2546 2728 eum
2577 2673 2726 2740 Deo;
2777 2673 2984 2727 nullam
3000 2672 3241 2741 denique
3285 2671 3532 2742 dignita-

1949 2775 2056 2820 tem
2087 2772 2143 2822 et
2175 2766 2496 2836 potentiam,
2530 2765 2636 2820 nisi
2667 2764 2773 2822 sibi
2809 2764 2913 2833 ipsi
2945 2765 3247 2834 imperare,
3273 2777 3376 2818 nec
3432 2762 3535 2816 hu-

1949 2855 2130 2912 manis
2157 2855 2673 2926 perturbationibus
2719 2854 2934 2911 servire
2971 2871 2986 2908 :
3025 2855 3100 2908 ita
3131 2861 3193 2907 ut
3244 2866 3536 2922 corporea:

1879 2957 1923 3017 (ζ
1957 2948 2190 3020 hujusce
2216 2948 2341 3003 vitae
2370 2946 2792 3004 diuturnitatem
2841 2946 3074 3001 moleste
3095 2944 3258 3010 ferat,
3284 2955 3360 3011 et,
3385 2943 3538 2998 velut

1959 3041 2052 3112 qui
2099 3055 2196 3111 per
2247 3053 2401 3094 mare
2443 3036 2856 3108 conﬂictantur,
2899 3035 2967 3092 ad
3017 3043 3242 3106 portum
3288 3049 3540 3090 resurre-

1957 3131 2161 3186 ctionis
2191 3130 2483 3201 pervenire
2513 3128 2762 3185 festinet.

2030 3219 2305 3290 Ejusdem.
2388 3247 2462 3261 —
2551 3217 3032 3285 Quemadmodum
3090 3217 3394 3289 fragrantia
3439 3234 3543 3275 un-

1957 3321 2158 3383 guenta
2200 3311 2572 3382 propinquum
2631 3325 2816 3366 aerem
2869 3311 3146 3366 suavitate
3177 3325 3277 3366 sua
3313 3309 3543 3380 perfun-

1960 3405 2099 3459 dunt
2139 3424 2152 3459 :
2191 3403 2274 3459 sic
2303 3402 2471 3458 etiam
2493 3403 2600 3457 viri
2630 3401 2788 3473 probi
2824 3401 3119 3471 praesentia
3152 3401 3224 3457 iis
3266 3403 3366 3471 qui
3413 3417 3543 3471 pro-

1883 3500 1886 3502 ⁷
1958 3498 2084 3568 pius
2115 3511 2240 3552 cum
2275 3495 2394 3566 ipso
2420 3501 2738 3560 versantur,
2762 3493 3197 3549 emolumentum
3237 3493 3424 3548 affert.

2318 3589 2454 3646 ΤΙΤ.
2493 3586 2660 3642 XVII.
2698 3619 2770 3629 —
2810 3586 2889 3642 De
2915 3586 3158 3657 bilingui.

2036 3685 2211 3740 Eccli.
2251 3699 2306 3748 v,
2338 3682 2427 3737 l7.
2478 3711 2549 3722 —
2592 3698 2611 3732 ι
2660 3678 3065 3736 Condemnatio
3093 3679 3334 3750 pessima
3377 3695 3546 3751 super

1963 3777 2288 3850 biliugucm.
2331 3795 2349 3828 ι

2035 3868 2207 3924 Eccli.
2267 3886 2342 3934 γι,
2378 3871 2529 3925 1.-
2565 3889 2585 3922 ι
2631 3870 2825 3928 Omnis
2882 3880 3148 3942 peccator
3212 3871 3434 3928 invidus
3487 3880 3544 3926 et

1963 3961 2227 4033 bilinguis
2255 3962 2648 4017 contumeliam
2685 3961 2814 4017 fert.

2035 4071 2204 4127 Eccli.
2247 4087 2444 4136 xxviii,
2480 4072 2569 4136 M,
2609 4071 2698 4126 l9.
2738 4101 2808 4112 ——
2840 4090 2859 4124 ι
2893 4071 3263 4127 Susurronem
3297 4079 3351 4127 et
3372 4071 3541 4126 bilin-

1964 4176 2125 4234 guem
2158 4162 2514 4217 maledicitc:
2549 4161 2755 4217 multos
2783 4161 2929 4218 enim
2967 4161 3212 4232 perdidit
3266 4161 3539 4218 habentes

1966 4269 2178 4326 pacem.
2208 4252 2421 4324 Lingua
2450 4251 2649 4323 duplex
2669 4253 2876 4308 multos
2899 4254 3222 4320 commovit,
3248 4263 3303 4309 et
3327 4253 3548 4323 disper-

1966 4346 2040 4401 sit
2073 4344 2201 4401 illos
2236 4344 2306 4400 de
2337 4352 2500 4418 gente
2527 4344 2583 4398 in
2601 4353 2819 4416 gentem
2860 4363 2874 4399 :
2915 4352 2971 4400 et
3001 4346 3259 4402 civitates
3289 4353 3536 4401 moratas

1961 4438 2258 4503 destruxit,
2312 4445 2368 4492 et
2407 4437 2599 4492 domos
2631 4444 3032 4507 magnatorum
3082 4436 3290 4493 eﬂ'odit.
3341 4436 3550 4506 Lingua

1963 4530 2166 4601 duplex
2232 4529 2495 4584 mulieres
2561 4529 2769 4584 viratas
2803 4527 2990 4598 ejecit,
3021 4539 3078 4585 et
3141 4529 3380 4601 privavit
3425 4529 3552 4584 illus

1963 4621 2251 4678 laboribus
2289 4620 2426 4676 suis.
2462 4619 2570 4686 Qui
2627 4621 2860 4691 respicit
2927 4621 3105 4687 illam,
3153 4637 3263 4677 non
3321 4622 3551 4677 habebit

1967 4714 2234 4786 requiem,
2270 4727 2376 4768 nec
2411 4710 2686 4766 habitabit
2723 4727 2849 4767 cum
2874 4711 3120 4767 silentio.
3160 4731 3178 4764 ι

1965 4851 2102 4906 ΤΙΤ.
2141 4833 2432 4920 χτιιιη-
2462 4848 2542 4902 De
2571 4847 2848 4920 judicibus
2873 4848 3214 4918 incorruptis.
3247 4859 3296 4903 et
3333 4851 3422 4920 qui
3443 4866 3545 4920 pu-

2145 4937 2232 4991 ras
2263 4918 2455 4975 habent
2480 4934 2692 4984 manus,
2719 4927 2771 4972 et
2791 4917 2936 4988 juste
2963 4917 3097 4988 ,ητα
3122 4917 3373 4974 reddunt.

2043 5093 2218 5151 Exod.
2247 5112 2405 5164 χχιιι,
2431 5096 2485 5150 7.
2514 5127 2586 5141 —
2619 5113 2638 5149 ι
2672 5099 2958 5153 insontem
2981 5106 3035 5154 et
3069 5101 3285 5169 justum
3326 5113 3436 5156 non
3462 5100 3547 5156 in-

1970 5189 2230 5257 tcrlicics,
2259 5204 2442 5261 neque
2481 5190 2737 5247 absolves
2772 5192 3025 5262 impium.
3077 5209 3096 5243 ›

2048 5303 2225 5358 Exod.
2263 5321 2399 5370 χχιι,
2433 5305 2525 5362 22.
2555 5336 2625 5346 —
2668 5325 2687 5358 ι
2724 5303 2957 5362 Omnem
3013 5306 3236 5362 viduam
3268 5315 3323 5362 et
3367 5308 3552 5378 pupil-
3613 5334 3623 5344 '

1971 5397 2084 5451 lum
2121 5414 2230 5453 non
2259 5399 2540 5468 allligetis.
2577 5417 2595 5451 ι

2045 5509 2223 5564 Exod.
2258 5510 2498 5576 “una,
2532 5511 2686 5565 8.—
2724 5531 2743 5564 ι
2787 5511 2906 5568 Non
2955 5512 3186 5583 adjicies
3239 5505 3364 5568 cum
3417 5515 3559 5569 mul-
3603 5495 3608 5505 ’

1980 5601 2220 5658 titudine
2241 5601 2562 5659 subvertere
2578 5602 2876 5673 judicium.
2899 5603 3122 5672 Munera
3152 5620 3261 5661 non
3293 5607 3555 5674 accipies.

1985 5695 2213 5752 Munera
2253 5696 2400 5752 enim
2451 5705 2733 5755 excazcant
2777 5698 2974 5756 oculos
2999 5697 3329 5761 videntium,
3353 5704 3406 5750 (οι
3439 5708 3561 5749 cor-

1986 5794 2253 5859 rumpunt
2277 5786 2442 5844 verba
2476 5788 2646 5860 jusla.
2685 5807 2705 5840 ι

3149 5878 3227 5940 ﬂ
