3960 6416
414 433 560 503 1387
790 440 797 441 ί
1619 435 1679 494 s.
1720 426 2043 495 JOANNIS
2078 402 2512 493 DAMASCENI
3551 441 3678 505 1333

478 548 665 605 'Earod.
704 562 863 610 χχιιι,
892 546 945 600 '5.
969 575 1035 585 -—
1072 561 1090 597 ι
1143 544 1426 616 Pauperis
1459 558 1572 601 non
1636 548 1960 604 miserebor:

2175 561 2195 594 ι
2233 544 2449 615 Πένητα
2482 545 2583 598 οὐκ
2614 545 2859 617 ἐλεήσεις
2886 547 2949 600 ἐν
2983 545 3185 617 κρίσει.
3236 545 3312 599 Οὔ
3345 544 3680 620 διαστρέψεις

410 644 467 700 in
494 644 723 715 judicio.
745 640 876 701 ,Non
899 647 1178 711 pervertes
1201 639 1476 711 judicium
1504 642 1767 713 pauperis
1811 640 1867 695 in
1898 641 1960 695 lit

2107 640 2272 709 κρῖμα
2296 638 2527 709 πένητος
2556 638 2614 691 ἐν
2647 638 2828 709 κρίσει
2846 636 3038 692 αὑτοῦ.
3065 658 3083 690 ι

593 780 607 794 .
640 758 658 790 Ι

410 758 641 886 Ιρῗὲιῗὶι.
678 845 791 894 xix,
833 830 922 885 i5.
968 860 1037 871 -—
1079 828 1239 902 αι
1284 848 1305 882 ι
1344 828 1463 886 Non
1504 829 1722 886 facietis
1763 827 1962 900 injusti

2168 829 2187 864 ι
2226 811 2302 866 Οὐ
2333 812 2588 884 ποιήσετε
2609 812 2797 867 ἄδικον
2837 812 2895 867 ἐν
2923 812 3129 884 κρίσει.
3162 814 3239 866 Οὐ
3289 812 3439 886 λήψῃ
3520 818 3683 888 πρόσο
3752 795 3764 810 ’

406 927 537 980 tiam
576 925 631 978 in
668 921 898 994 judicio.
935 920 1055 977 Non
1095 923 1340 991 accipies
1379 935 1673 992 personam
1702 920 1962 993 pauperis

2107 921 2242 960 anov
2267 905 2512 976 πτωχοῦ,
2542 905 2654 959 οὐδ’
2681 905 2743 959 ού
2775 905 2854 978 μὴ
2882 905 3173 979 θαυμάσῃς
3202 906 3502 977 πρόσωπον
3529 908 3685 965 δυνά·
3807 929 3818 940 ·

405 1032 506 1074 nec
533 1015 807 1086 suspicies
838 1012 1033 1069 faciem
1066 1012 1336 1084 potentis.
1370 1010 1429 1068 In
1462 1011 1681 1084 justitia
1708 1012 1958 1084 judicabi

2107 1011 2240 1050 ι’του.
2290 995 2379 1048 Ἐν
2401 995 2719 1070 δικαιοσύνῃ
2747 997 2956 1069 κρινεῖς
3002 996 3096 1052 τὸν
3142 996 3374 1068 πλησίον
3406 1015 3521 1054 σου.
3558 1018 3578 1052 ι

402 1112 710 1184 proximum
743 1116 921 1164 tumn.
959 1126 979 1160 ι

477 1199 641 1256 Levit.
670 1214 820 1263 xxiv,
850 1197 941 1252 22.
962 1225 1029 1239 -—
1062 1216 1080 1250 ι
1110 1196 1297 1255 Unum
1319 1196 1594 1269 judicium
1623 1196 1734 1253 erit
1764 1195 1989 1253 advenae

400 1304 454 1352 et
494 1294 783 1366 indigenae.
817 1308 839 1344 ι

475 1388 643 1441 Nam.
673 1400 840 1451 xxxv,
867 1382 955 1437 5t.
985 1411 1059 1423 —-
1097 1399 1116 1434 ι
1150 1379 1273 1438 Non
1313 1379 1606 1452 accipietis
1644 1378 1985 1450 redemptio-

394 1493 528 1535 nem
560 1477 760 1532 anima:
786 1489 888 1545 pro
922 1472 1225 1541 homicida,
1258 1470 1353 1545 qui
1383 1487 1515 1529 reus
1542 1470 1740 1527 mortis
1767 1470 1935 1527 fuerit
1970 1489 1984 1526 :

400 1571 547 1625 hunc
580 1575 757 1623 morte
790 1564 1065 1621 efﬁcietis.
1106 1582 1128 1617 ι

470 1659 626 1714 Deut.
658 1675 773 1724 xw,
802 1658 893 1714 20.
917 1685 988 1698 -—
1032 1674 1051 1707 ι
1086 1653 1248 1714 Juste
1284 1654 1433 1722 quod
1463 1653 1676 1726 justum
1716 1662 1823 1724 est,
1863 1668 1989 1726 pcr-

397 1755 667 1827 sequeris.
708 1773 727 1807 ι

466 1846 627 1902 Deut.
666 1860 706 1911 ι,
745 1844 834 1912 i7,
862 1842 951 1900 is.
985 1872 1057 1884 —
1086 1841 1258 1914 «.Non
1297 1854 1570 1914 agnosces
1600 1854 1897 1912 personam
1930 1839 1985 1895 in

394 1938 604 2010 judicio
641 1956 655 1993 :
696 1935 998 1994 secundum
1024 1949 1281 2007 parvum,
1309 1942 1364 1991 et
1391 1932 1695 1991 secundum
1728 1946 1986 2004 magnum

2166 1196 2185 1230 ι
2213 1177 2503 1241 Δικαίωσις
2533 1176 2635 1249 μία
2658 1175 2811 1231 ἔσται
2840 1175 2919 1250 τῷ
2942 1175 3269 1249 προσηλύτῳ
3291 1175 3384 1230 καὶ
3414 1175 3493 1247 τῷ
3522 1176 3685 1247 ἐγχω-

2129 1265 2210 1321 ίω.
2240 1283 2260 1319 ι

2129 1282 2142 1319 ι
2197 1307 2210 1321 .
2240 1283 2260 1319 ι

2093 1282 2291 1411 pq:00
2333 1357 2571 1430 λήψεσθε
2634 1358 2808 1431 λύτρα
2865 1357 2998 1429 περὶ
3043 1358 3146 1428 τῆς
3176 1357 3360 1430 ψυχῆς
3403 1355 3561 1429 παρὰ
3594 1358 3686 1413 τοῦ

2090 1449 2477 1518 φονεύσαντος,
2507 1450 2602 1504 τοῦ
2638 1452 2832 1524 ἐνόχου
2877 1450 3033 1515 όντος
3075 1450 3436 1524 ἀναιρεθῆναι
3466 1466 3481 1483 ·
3527 1448 3688 1505 θανά-

2090 1542 2167 1614 τῷ
2199 1543 2544 1600 θανατώσετε
2575 1545 2763 1601 αὐτόν.
2805 1564 2826 1599 ι

2167 1652 2186 1686 ι
2220 1635 2459 1700 Δικαίως
2487 1635 2549 1691 τὺ
2571 1636 2783 1693 δίκαιον
2810 1635 3049 1704 διώξεις.
3092 1656 3112 1692 ι

2169 1832 2188 1866 ι
2227 1813 2341 1869 Οὐκ
2368 1812 2649 1887 ἐπιγνώσῃ
2683 1813 2976 1886 πρόσωπον
3013 1814 3073 1869 ἐν
3121 1814 3338 1886 κρίσει’
3403 1814 3551 1870 κατὰ
3596 1815 3685 1871 τὸν
3721 1802 3725 1807 ”

2020 1891 2066 1954 Β
2097 1905 2317 1978 μικρὸν,
2351 1904 2612 1960 καὶκατὰ
2646 1905 2738 1960 τὸν
2772 1905 2949 1976 μέγαν
2989 1906 3198 1978 κρινεῖς
3225 1921 3239 1935 ⁸
3291 1905 3353 1959 ού
3417 1906 3491 1977 μὴ
3555 1907 3685 1961 ὐπο-

2094 1998 2282 2074 στείλῃ
2303 1999 2599 2072 πρόσωπον
2628 1997 2943 2070 ἀνθρώπου,
2976 2000 3058 2052 ὅτι
3100 2000 3134 2070 ἠ
3186 1997 3370 2070 κρίσις
3404 1996 3501 2053 τοῦ
3549 1998 3685 2054 Θεοῦ

391 2029 672 2100 iudicabis
706 2044 854 2086 :non
899 2029 1247 2086 revereberis
1285 2036 1584 2100 personam
1616 2025 1985 2097 cujusquam;

380 2125 524 2197 quia
552 2124 825 2195 judicium
869 2123 962 2179 Dei
998 2130 1110 2179 est.
1149 2140 1173 2176 ι

462 2214 624 2272 Deut.
651 2230 805 2278 utr,
832 2215 918 2269 17.
946 2243 1017 2257 --
1051 2231 1070 2266 ι
1096 2212 1221 2268 Νοη
1250 2211 1560 2269 deciinabis
1585 2210 1860 2283 judicium
1889 2209 1986 2264 ad.

382 2322 569 2373 mente,
626 2315 682 2363 et
733 2305 976 2377 pupilli,
1037 2313 1094 2362 et
1145 2303 1375 2360 viduae:
1414 2318 1519 2360 nec
1587 2302 1985 2375 oppignerabis

393 2402 603 2451 vestem
633 2393 837 2451 viduae.
874 2395 922 2447 i‘.

459 2487 620 2543 Deut.
647 2504 819 2554 xxvn,
850 2486 1044 2553 £9.24.
1081 2516 1155 2531 -
1195 2506 1215 2540 ι
1250 2485 1577 2543 Maledictus
1616 2485 1713 2557 qui
1752 2499 1982 2557 accepe-

387 2580 464 2635 rit
497 2594 764 2646 muncra,
803 2588 866 2634 ut
905 2580 1181 2650 percutiat
1213 2580 1452 2634 animam
1482 2578 1776 2650 sanguinis
1816 2579 1978 2635 inno-

370 2671 591 2739 centis,
621 2681 676 2727 et
715 2671 868 2728 dicet
912 2671 1098 2728 omnis
1139 2671 1401 2743 populus,
1450 2669 1594 2727 Fiat.
1649 2670 1978 2728 Maledictus

383 2762 480 2832 qui
511 2763 778 2833 pervertit
810 2761 1085 2834 judicium
1121 2762 1373 2830 advenm,
1416 2770 1471 2818 et
1522 2762 1743 2834 pupilli,
1785 2768 1842 2817 et
1887 2761 1975 2818 vi-

370 2853 506 2910 dum
532 2873 546 2909 :
577 2864 633 2911 et
663 2855 811 2911 dicet
840 2855 1026 2910 omnis
1063 2856 1327 2926 populus,
1354 2854 1497 2911 Fiat.
1540 2875 1559 2908 ι

450 2943 555 3000 Job
578 2961 654 3012 vr,
684 2946 777 3002 29.
808 2975 877 2988 -—
915 2962 935 2997 ι
969 2944 1191 3012 Sedete,
1222 2954 1280 3003 et
1317 2960 1426 3002 non
1453 2945 1530 3003 sit
1557 2944 1840 3017 injustitia
1874 2964 1886 3001 :
1918 2951 1977 3001 et

363 3052 508 3093 .cum
531 3039 688 3107 justo
716 3039 1032 3094 convenite.
1066 3057 1086 3090 ι

430 3126 553 3181 Job
588 3142 724 3193 xvn,
753 3128 809 3184 9.
831 3157 902 3169 -—
925 3146 944 3178 ι
979 3127 1088 3194 Qui
1137 3143 1311 3199 purus
1353 3137 1441 3185 est
1484 3128 1766 3195 manibus,
1812 3143 1971 3186 assu-

375 3228 493 3276 mat
524 3219 782 3276 fiduciam
812 3238 826 3275 :
861 3219 1099 3290 injustas
1133 3228 1189 3277 et
1215 3222 1438 3293 iniquos
1463 3221 1761 3279 deridebit.
1800 3240 1821 3276 ι

441 3310 548 3367 Job
589 3326 779 3378 nm,
819 3311 910 3366 2!.
958 3342 1030 3353 —
1075 3333 1095 3366 ι
1132 3311 1425 3371 Hominem
1462 3328 1572 3372 non
1611 3315 1966 3381 erubescam,

358 3417 475 3459 nec
505 3403 800 3459 mortalem
846 3405 1169 3462 reverebor.
1208 3403 1330 3461 Non
1363 3404 1512 3461 enim
1545 3406 1668 3464 scio
1697 3406 1967 3463 admirari

370 3495 672 3553 hominem.
708 3495 806 3552 Sin
837 3508 1022 3566 secus,
1055 3499 1222 3555 tinem
1250 3513 1339 3554 me
1363 3499 1651 3556 arrodant.
1694 3518 1713 3553 ι

438 3587 595 3643 Psal.
636 3604 750 3655 xw,
781 3589 838 3644 5.
869 3619 939 3631 -
971 3607 991 3642 ι
1030 3589 1261 3647 Munera
1294 3605 1463 3662 super
1488 3592 1823 3647 innocentes
1852 3606 1965 3647 non

366 3681 607 3751 accepit.
654 3679 763 3746 Qui
819 3680 954 3737 facit
986 3682 1128 3748 haec,
1169 3697 1279 3739 non
1320 3683 1639 3740 movebitur
1688 3683 1745 3738 in
1798 3693 1962 3739 aeter-

366 3785 521 3825 num.
567 3788 587 3820 1

439 3860 592 3915 Psal.
617 3875 703 3926 cr,
745 3859 800 3914 5.
841 3888 913 3900 --
946 3879 966 3913 ι
1004 3858 1155 3915 Beati
1179 3860 1273 3932 qui
1305 3860 1631 3917 custodiunt
1659 3861 1959 3933 judicium,

364 3964 419 4011 ct
449 3953 665 4009 faciunt
689 3952 967 4025 justitiam
1000 3953 1152 4009 omni
1188 3962 1466 4024 tempore.
1497 3971 1518 4006 ι

434 4045 598 4102 Prov.
627 4060 782 4112 xm,
821 4045 876 4101 9.
909 4074 984 4087 ——
1025 4063 1044 4098 ι
1081 4044 1249 4118 Aperi
1288 4060 1353 4101 os
1404 4051 1564 4101 tuum
1590 4085 1606 4113 ,
1658 4052 1714 4103 et
1768 4045 1957 4102 omnia

357 4140 510 4210 juste
544 4137 755 4208 judica.
791 4155 811 4189 ι

431 4227 593 4284 Prov.
616 4244 748 4293 xxv,
777 4226 848 4281 27
888 4242 1005 4286 sec.
1032 4226 1198 4283 LXX.
1234 4257 1304 4268 —
1334 4244 1352 4279 ι
1394 4225 1501 4294 Qui
1546 4224 1825 4283 donorum
1860 4239 1954 4283 ac-

342 4322 646 4393 ceptiones
683 4320 824 4389 odit,
869 4320 1060 4378 salvus
1086 4319 1217 4375 erit.
1253 4337 1274 4371 ι

359 4444 365 4455 ς
439 4430 457 4464 ι
496 4411 752 4469 Pretiosa
786 4425 877 4465 res
914 4422 1000 4466 est
1042 4409 1126 4466 vir
1163 4423 1360 4480 purus.
1404 4428 1424 4461 ι

429 4504 590 4560 Prov.
625 4519 784 4572 xvnt,
820 4503 875 4558 5.
919 4532 988 4543 -
1021 4520 1041 4555 ι
1075 4500 1338 4558 Revereri
1385 4500 1584 4557 faciem
1622 4501 1678 4557 in
1708 4500 1945 4573 judicio,

346 4612 463 4665 non
502 4604 588 4654 est
626 4596 856 4652 bonum.
899 4611 920 4646 ι

419 4689 620 4746 Jerem.
659 4704 738 4756 lx,
763 4689 855 4744 2i.
877 4716 946 4731 -κ
981 4706 1001 4740 ι
1044 4687 1102 4742 In
1144 4686 1252 4742 hoc
1283 4687 1558 4758 glorietur
1588 4686 1683 4758 qui
1727 4684 1939 4757 gloria-

351 4792 462 4847 tur,
489 4781 794 4851 intelligere
830 4788 884 4835 et
917 4793 1088 4835 nosse
1122 4778 1444 4843 Domimnn,
1483 4786 1541 4834 et
1574 4778 1760 4835 facere
1791 4775 1941 4848 judi-

1971 4596 2021 4657 ί)

2087 2094 2257 2148 ἐστιν.
2296 2113 2315 2147 ι

2163 2205 2183 2239 ι
2224 2186 2337 2242 Ούκ
2372 2185 2639 2251 ἐκκλινεῖς
2667 2185 2848 2259 κρίσιν
2866 2187 3233 2259 προσηλύτου,
3259 2185 3356 2241 καὶ
3414 2185 3679 2257 ὀρφανοῦ,

2088 2280 2181 2332 καὶ
2213 2279 2412 2349 χήρας,
2445 2277 2539 2332 καὶ
2568 2278 2670 2332 οὐκ
2693 2279 3070 2350 ὲνεχυριάσεις
3094 2279 3311 2349 ἱμάτιον
3339 2276 3548 2350 χήρας.
3584 2295 3604 2330 ι

2160 2389 2179 2422 ι
2222 2370 2757 2443 Ἐπικατάρατος,ὃς
2786 2371 2882 2426 ἐὰν
2912 2371 3056 2444 λάϐῃ
3086 2370 3260 2444 δῶρα,
3300 2371 3399 2425 καὶ
3457 2368 3682 2442 πατάξῃ

2081 2458 2259 2535 ψυχὴν
2291 2464 2554 2535 ἀίματος
2581 2464 2797 2519 ἀθώου·
2846 2466 2941 2519 καὶ
2988 2465 3106 2530 ἐρεῖ
3136 2465 3246 2528 πᾶς
3298 2465 3328 2517 ό
3383 2462 3536 2526 λαὸς,
3589 2461 3683 2516 Γέ-

2080 2573 2246 2612 νοιτο.
2298 2558 2734 2628 Ἐπικατάρατος
2778 2560 2889 2624 πᾶς
2954 2558 3014 2622 ὃς
3060 2556 3158 2612 ἐὰν
3216 2555 3444 2629 ἐκκλίνῃ
3492 2555 3681 2629 κρίσιν

2080 2649 2451 2722 προσηλύτου,
2476 2652 2573 2707 καὶ
2590 2652 2857 2724 ὀρφανοῦ,
2881 2652 2980 2708 καὶ
3002 2653 3180 2725 χήρας
3202 2668 3216 2682 ο
3256 2651 3355 2705 καὶ⁵
3411 2649 3538 2720 ἐρεῖ
3571 2647 3680 2711 πᾶς

2078 2741 2107 2795 ό
2135 2741 2281 2809 λαὸς,
2315 2741 2550 2799 Γένοιτο.
2591 2762 2611 2795 ι

2152 2945 2172 2979 ι
2207 2925 2505 2994 Καθίσατε,
2570 2926 2664 2980 καὶ
2717 2925 2793 2999 μὴ
2823 2925 2910 2999 εἴη
2943 2925 3151 2993 ἄδικον,
3207 2925 3304 2979 καὶ
3341 2923 3421 2997 τῷ
3474 2924 3681 2996 δικαίῳ

2076 3017 2430 3090 συνέρχεσθε.
2477 3038 2496 3073 ι
3150 3088 3167 3095 _

2149 3127 2169 3162 ι
2204 3108 2461 3183 Καθαρὸς
2495 3111 2685 3182 χερσὶν
2732 3109 2992 3167 ἀναλάϐοι
3053 3109 3286 3181 θάρσος·
3325 3108 3539 3164 ἀδίκων
3582 3107 3680 3162 καὶ

2072 3202 2291 3274 ἀνόμων
2323 3203 2713 3272 καταγελάσει.
2746 3222 2765 3256 ι

2147 3313 2168 3346 ι
2219 3295 2542 3367 Ἄνθρωπον
2594 3296 2656 3349 ού
2703 3293 3127 3367 μὴάίσχυνθῶ,
3184 3293 3325 3349 ἀλλὰ
3377 3294 3490 3366 μὴν
3553 3293 3678 3349 οὐδὲ

2072 3385 2262 3458 βροτὸν
2292 3386 2354 3441 ού
2386 3387 2463 3459 μὴ
2491 3386 2765 3457 ἐντραπῶ.
2793 3387 2929 3441 Οὐδὲ
2963 3386 3075 3458 γὰρ
3106 3386 3412 3457 ἐπίσταμαι
3453 3384 3677 3456 θαυμά-

2070 3494 2162 3533 σαι
2190 3477 2503 3548 πρόσωπον.
2534 3478 2599 3532 Εί
2629 3477 2686 3532 δὲ
2715 3479 2812 3549 μὴ,
2842 3477 2939 3532 καὶ
2963 3477 3066 3548 ἐμὲ
3089 3477 3251 3548 σῆτες
3275 3475 3514 3532 ἔδονται.
3543 3496 3563 3529 ι

2143 3588 2163 3621 ι
2206 3569 2366 3642 Δῶρα
2392 3570 2483 3624 ἐπ’
2506 3568 2706 3635 ἀθώοις
2734 3570 2834 3625 οὐκ
2868 3569 3085 3627 ἔλαϐεν.
3135 3570 3195 3625 '0
3244 3569 3418 3625 ποιῶν
3465 3569 3673 3635 ταῦτα,

2065 3660 2126 3715 ού
2162 3660 2557 3735 σαλευθήσεται
2580 3664 2663 3728 είς
2689 3663 2782 3719 τὸν
2810 3660 3007 3720 αἰῶνα.
3050 3680 3073 3718 9

2140 3876 2160 3910 ι
2194 3859 2477 3932 Μακάριοι
2498 3861 2546 3915 oi
2578 3861 2953 3932 φυλάσσοντες
2992 3860 3199 3934 κρίσιν,
3250 3860 3348 3914 καὶ
3374 3858 3672 3922 ποιοῦντες

2059 3952 2409 4025 δικαιοσύνην
2436 3956 2493 4008 ἐν
2525 3956 2693 4010 παντὶ
2722 3953 2920 4026 καιρῷ.
2959 3975 2977 4008 ι

2136 4063 2156 4096 ι
2201 4046 2421 4115 Ἂνοιγε
2453 4045 2545 4100 σδν
2570 4045 2773 4117 στόμα,
2804 4046 2898 4102 καὶ
2923 4046 3078 4118 κρίνε
3105 4046 3286 4102 πάντα
3332 4044 3595 4109 δικαίως.
3640 4063 3662 4097 ι

2129 4240 2149 4273 ι
2202 4220 2263 4278 '0
2289 4221 2466 4292 μισῶν
2496 4221 2687 4296 δώρων
2718 4223 2936 4297 λήψεις,
2967 4225 3224 4291 σώζεται.
3266 4245 3291 4280 ι

2129 4419 2150 4453 ι
2186 4400 2389 4473 κτῆμα
2423 4401 2607 4473 τίμιον
2634 4403 2774 4474 ἀνὴρ
2796 4403 3059 4477 καθαρός.
3101 4421 3121 4456 ι

2134 4511 2153 4545 ι
2178 4491 2458 4547 Δίδεῖσθαι
2489 4493 2790 4565 πρόσωπον
2816 4493 2876 4547 ἐν
2907 4493 3111 4565 κρίσει,
3144 4491 3206 4546 ού
3243 4492 3431 4549 καλόν.
3476 4511 3497 4547 ι

2126 4689 2145 4722 ι
2190 4670 2278 4723 Ἐν
2305 4670 2484 4742 τούτῳ
2513 4671 2863 4744 καυχάσθωηό
2886 4670 3268 4743 καυχώμενος,
3315 4671 3375 4725 ἐν
3399 4668 3480 4742 τῷ
3522 4688 3667 4724 συν-

2050 4762 2150 4815 ιεῖν
2170 4761 2266 4816 καὶ
2290 4760 2584 4831 γινώσκειν
2609 4763 2701 4817 τὸν
2726 4762 2955 4836 Κύριον,
2981 4763 3078 4819 καὶ
3106 4765 3286 4837 ποιεῖν
3309 4765 3487 4835 κρῖμα
3553 4763 3661 4818 καὶ

2043 4852 2395 4925 δικαιοσύνην
2433 4855 2491 4908 ἐν
2516 4853 2669 4927 μέσῳ
2688 4853 2794 4927 τῆς
2818 4854 2944 4927 γῆς.
2982 4873 3003 4906 ι

2118 4965 2138 4998 ι
2184 4942 2323 5001 Εἶπε
2347 4947 2603 5019 Σαμουὴλ
2627 4948 2766 5020 πρὸς
2798 4947 2978 5001 πάντα
2997 4944 3242 5019 Ἴσραήλο
3267 4945 3645 5023 ’Δποκρίθητε

2041 5039 2166 5095 κατ’
2187 5038 2324 5111 ἐμοῦ
2355 5040 2587 5094 ἐνώπιον
2603 5039 2815 5112 Κυρίου
2847 5056 2863 5071 ο
2899 5038 3102 5111 μόσχον
3137 5040 3284 5104 τίνος
3330 5038 3568 5113 εἴληφα,
3600 5040 3639 5113 ἢ

2038 5131 2184 5197 ὄνον,
2220 5119 2796 5204 ἢκαταδυναστεύσας
2848 5131 3015 5203 ὑμᾶς.
3082 5130 3447 5203 ’Δποκρίθητε
3502 5128 3648 5185 κατ’

2037 5224 2195 5294 ἐμοῦ.
2214 5225 2326 5278 Καὶ
2350 5218 2511 5278 εἶπαν
2531 5222 2671 5297 πρὸς
2698 5223 2955 5295 Σαμουήλ
2985 5238 3000 5253 ⁸
3023 5223 3137 5278 Οὐκ
3164 5222 3432 5295 ἠδίκησας
3451 5224 3641 5296 ἡμᾶς,

2035 5316 2156 5370 οὐδὲ
2182 5314 2417 5388 εἴληφας
2450 5316 2514 5371 ἐκ
2538 5315 2723 5389 χειρὺς
2753 5314 2914 5388 ἡμῶν
2932 5315 3110 5372 οὐδέν.
3146 5335 3166 5371 ι

338 4874 497 4929 cium
524 4880 577 4928 et
595 4870 869 4942 justitiam
901 4870 955 4925 in
990 4868 1173 4926 medio
1201 4876 1389 4926 terrae.
1423 4886 1444 4923 ι

421 4962 452 5016 Ι
481 4963 608 5034 Reg.
634 4978 733 5027 χιι,
765 4960 894 5028 5,4.
921 4988 990 5002 ——
1017 4981 1035 5014 ι
1068 4960 1217 5017 Dixit
1253 4959 1478 5018 Samuel
1512 4959 1580 5017 ad
1611 4961 1933 5018 universum

345 5055 516 5113 Israel
556 5052 916 5124 :L‘oquimini
953 5054 1021 5110 de
1058 5069 1146 5110 me
1197 5068 1385 5111 coram
1440 5052 1696 5121 Domino,
1735 5053 1932 5109 bovem

343 5145 506 5217 cujus
548 5145 797 5213 tulerim,
847 5156 945 5201 aut
989 5146 1230 5213 asinum,
1267 5156 1364 5204 aut
1389 5145 1766 5218 oppresserim
1808 5160 1927 5203 vos.

342 5237 690 5309 Respondete
720 5236 1015 5294 adversum
1047 5254 1157 5294 me.
1185 5236 1251 5292 Et
1279 5237 1539 5293 dixerunt
1567 5237 1634 5293 ad
1659 5236 1887 5293 Samuel
1914 5256 1927 5292 :

340 5330 458 5387 Non
486 5329 649 5387 nobis
675 5328 939 5399 iniuriam
973 5329 1178 5396 fecisti,
1214 5346 1318 5388 nec
1360 5329 1629 5402 accepisti
1657 5330 1726 5387 de
1759 5345 1927 5385 manu

339 5429 532 5479 nostra
559 5421 866 5493 quidpiam.
908 5441 929 5476 ι

416 5511 512 5568 III
539 5511 666 5584 Reg.
696 5527 780 5579 ιιι,
810 5511 897 5577 lt,
937 5512 1128 5568 12..-
1183 5529 1203 5566 ι
1250 5512 1404 5570 Dixit
1460 5512 1727 5571 Dominus
1764 5514 1925 5571 Salo-

328 5605 490 5661 rmoni
520 5620 537 5659 :
564 5604 707 5672 Quia
746 5604 1043 5676 postulasti
1077 5620 1108 5659 a
1145 5619 1234 5662 me
1261 5605 1490 5661 verbum
1527 5605 1658 5672 hoc,
1697 5622 1801 5664 nec
1830 5622 1926 5679 pe.

337 5694 455 5752 tisti
500 5695 600 5753 tibi
630 5695 753 5753 dies
783 5696 1021 5764 multos,
1067 5710 1172 5753 nec
1228 5696 1494 5763 divitias,
1553 5713 1659 5755 nec
1706 5700 1924 5758 animas

2107 5700 2247 5772 ,έρας
2287 5700 2521 5767 πολλὰς,
2571 5700 2695 5756 οὐδὲ
2726 5698 2982 5769 πλοῦτον,
3020 5701 3146 5757 οὐδὲ
3195 5699 3377 5772 ψυχὰς
3408 5698 3657 5771 ἐχθρῶν

338 5789 690 5846 inimicorum
729 5797 977 5855 tuorum,
1009 5789 1105 5845 sed
1136 5790 1432 5860 postulasti
1462 5791 1562 5847 tibi
1589 5793 1919 5863 sapientiam

2107 5812 2147 5860 δ,
2166 5794 2480 5868 ἀλλ’ᾑτήσω
2511 5796 2690 5868 ἐαυτῷ
2719 5795 2936 5851 σύνεσιν
2951 5795 3044 5850 τοῦ
3062 5794 3373 5850 εἰσακούειν
3407 5794 3607 5865 κρῖμα
3631 5811 3651 5830 ⁸

339 5880 409 5935 ad
432 5879 860 5945 discernendum
897 5883 1209 5952 judicium;
1248 5896 1380 5940 ecce
1408 5882 1535 5941 dedi
1569 5884 1670 5941 tibi
1708 5899 1807 5942 cor
1835 5883 1888 5939 in
1919 5916 1922 5923 ~

2107 5884 2142 5939 ιὺ
2174 5884 2384 5943 δέδωκά
2406 5902 2489 5942 σοι
2521 5887 2747 5957 καρδίαν
2795 5890 3071 5959 φρονίμην
3140 5888 3235 5944 καὶ
3295 5887 3493 5957 σοφήν.
3548 5884 3654 5950 Ὡς

2108 5531 2129 5565 ι
2173 5507 2312 5567 Eine
2350 5512 2561 5585 Κύριος
2618 5496 2758 5585 πρὸς
2813 5474 3106 5584 Σολομώνο
3142 5511 3287 5567 ‘AvO’
3314 5503 3394 5568 ὧν
3431 5510 3656 5584 ᾐτήσω

2032 5605 2167 5678 παρ’
2223 5604 2359 5677 ἐμοῦ
2414 5605 2477 5660 τὸ
2519 5608 2672 5679 ῥῆμα
2718 5608 2899 5673 τοῦτο,
2945 5608 3043 5662 καὶ
3082 5607 3185 5660 οὐκ
3225 5607 3415 5679 ᾐτήσω
3440 5605 3652 5677 ἑαυτῷ
