3960 6390
282 481 424 546 1339

1545 480 1784 541 SACRA
1824 481 2294 542 PARALLELA-

3430 491 3567 557 1390

278 593 346 645 σὺ
410 588 468 644 ού
526 570 1108 662 γέγονεν-ἔμπροσθέν
1156 601 1273 653 σου,
1320 584 1414 638 καὶ
1465 587 1607 654 μετά
1667 587 1725 639 σὲ
1777 588 1868 642 οὐκ

1995 587 2238 660 relligcns
2263 597 2318 644 et
2361 591 2607 660 sapiens,
2654 591 2708 646 in
2755 602 2993 663 tantum,
3031 604 3090 650 ut
3122 597 3314 655 nullus
3355 607 3484 657 ante
3515 612 3572 660 te

276 684 455 738 ἔσται.
499 699 519 733 1

355 795 377 829 ι
413 771 550 830 Είπε
580 776 699 838 ταῖς
719 772 970 843 γυναιξὶν
999 775 1028 828 6
1055 773 1311 844 βασιλεὺς
1357 773 1612 844 Σολομῶν
1637 791 1651 805 ·
1682 774 1758 827 Σὺ
1782 773 1871 827 λέ-

273 886 403 939 γεις
445 871 528 921 ὅτι
563 869 590 921 6
641 866 756 930 υἱός
797 883 894 919 σου
945 867 973 920 6
1027 865 1156 932 ζῶν,
1191 866 1285 920 καὶ
1313 866 1520 938 ταύτης
1546 868 1575 920 6
1605 865 1720 929 υἱὸς
1745 867 1875 919 ὁτε·

274 961 498 1032 θνηκώς
518 960 660 1027 ;Καὶ
684 955 838 1014 εἴπεν
863 961 892 1012 6
916 958 1171 1030 βασιλεύς
1192 975 1206 990 ·
1229 959 1439 1014 Λάϐετὲ
1457 975 1549 1030 μοι
1577 959 1868 1030 μάχαιραν.

273 1054 393 1108 Καὶ
407 1053 788 1125 προσήνεγκαν
805 1052 1038 1105 ἐνώπιον
1053 1051 1148 1106 τοῦ
1165 1051 1433 1123 βασιλέως
1451 1051 1747 1122 μάχαιραν.
1764 1051 1873 1104 Καὶ

271 1144 434 1202 εἶπεν
461 1148 490 1200 6
511 1144 1030 1217 βασιλεύςοΔιέλετε
1052 1143 1114 1198 τὺ
1158 1143 1372 1198 παιδίον
1418 1143 1480 1197 τὸ
1513 1142 1622 1208 ζῶν
1656 1142 1736 1204 είς
1756 1141 1871 1210 δύο,

274 1239 375 1294 καὶ
399 1238 521 1292 δότε
542 1237 602 1292 τὸ
623 1239 800 1308 ἥμισυ
833 1234 1001 1290 αὐτοῦ
1039 1234 1212 1307 ταύτῃ
1231 1278 1245 1301 ,
1276 1235 1374 1290 καὶ
1402 1234 1464 1290 τὸ
1491 1234 1670 1305 ἥμισυ
1700 1231 1866 1285 αὑτοῦ

272 1331 486 1403 ἐκείνῃ.
511 1329 625 1384 Καὶ
647 1327 926 1399 ἀπεκρίθη
951 1328 986 1399 ἠ
1003 1328 1144 1398 γυνὴ
1157 1323 1225 1400 ἦς
1255 1323 1323 1400 ἦν
1348 1328 1376 1381 6
1397 1326 1509 1392 υἱὸς
1539 1327 1568 1380 6
1593 1325 1726 1392 ζῶν,
1776 1325 1871 1378 καὶ⁵

272 1416 403 1477 εἷπε
431 1421 571 1492 πρὸς
603 1420 697 1474 τὸν
730 1420 980 1492 βασιλέα,
1022 1421 1103 1474 ὅτι
1131 1420 1404 1491 ἐταράχθη
1455 1421 1489 1490 ή
1548 1419 1736 1492 μήτρα
1761 1417 1870 1472 οὓς

272 1513 377 1584 τῆς
397 1531 415 1547 ο
445 1513 752 1583 Μηδαμῶς,
787 1511 968 1583 κύριε,
999 1511 1087 1575 δὸς
1115 1512 1251 1582 αὐτῇ
1285 1511 1347 1564 τδ
1375 1509 1607 1574 παιδίον,
1644 1509 1740 1564 καὶ
1769 1507 1871 1562 θα-

273 1605 425 1674 νάτῳ
463 1602 539 1675 μὴ
570 1602 924 1674 θανατώσητε
985 1603 1139 1657 αὑτό.
1171 1604 1284 1657 Καὶ
1324 1601 1463 1674 αὕτη
1500 1595 1624 1654 εἷπε
1653 1617 1668 1631 °
1707 1601 1868 1672 Μήτε

272 1696 435 1766 ἐμὸν,
492 1697 634 1766 μήτε
682 1695 854 1766 αὐτῆς
909 1694 1086 1748 ἔστωο
1133 1694 1338 1748 διέλετε
1399 1693 1552 1748 αὑτό.
1598 1693 1866 1748 Καὶ-ἀπ-

270 1788 478 1861 εκρίθη
509 1788 538 1841 6
571 1786 846 1858 βασιλεύς
885 1787 1013 1840 Δότε
1037 1786 1097 1842 τὸ
1119 1787 1330 1841 παιδίον
1361 1788 1428 1858 τῇ
1471 1786 1640 1858 μητρὶ
1673 1786 1740 1857 τῇ
1791 1785 1869 1838 εί-

275 1880 482 1952 πούσῃ,
511 1881 640 1934 Δότε
672 1880 812 1951 αὐτῇ
848 1879 1027 1944 τοῦτο,
1069 1880 1166 1932 καὶ
1226 1878 1444 1949 θανάτῳ
1496 1877 1573 1949 μὴ
1625 1876 1868 1931 θανατώ-

275 1989 414 2042 σητε
445 1969 596 2035 αὐτὸ,
633 1971 714 2025 ὅτι
737 1969 878 2041 αὕτη
907 1970 940 2041 ἡ
972 1969 1160 2041 μήτηρ
1183 1967 1370 2022 αὐτοῦ.
1421 1987 1439 2020 ι

349 2082 368 2115 ι
409 2063 600 2133 Κρίμα
615 2061 826 2114 δίκαιον
857 2061 1096 2133 κρίνετε.
1119 2061 1332 2132 Χήραν,
1366 2061 1460 2114 καὶ
1488 2057 1744 2129 ὀρφανὸν,
1782 2057 1875 2110 καὶ

269 2155 640 2228 προσήλυτον,
662 2152 757 2206 καὶ
794 2151 1004 2224 πένητα
1043 2151 1121 2222 μὴ
1154 2149 1677 2206 καταδυναστεύετε.
1709 2167 1727 2198 ι

350 2352 372 2382 ι
425 2331 569 2387 Τάδε
599 2331 751 2401 λέγει
787 2330 1030 2401 Κύριοςο
1071 2328 1391 2396 Φυλάξασθε
1423 2327 1628 2398 κρίσιν,
1669 2327 1874 2379 ποιεῖτε

269 2425 364 2480 καὶ
397 2423 771 2495 δικαιοσύνην.
810 2421 1098 2494 Μακάριος
1125 2423 1154 2475 6
1186 2420 1354 2475 ποιῶν
1388 2417 1580 2482 ταῦτα,
1611 2417 1705 2471 καὶ
1739 2417 1874 2470 ἀντ·

268 2517 538 2587 εχόμενος
603 2515 783 2570 αὐτῶν
843 2515 938 2568 καὶ
993 2512 1265 2586 διατηρῶν
1327 2510 1427 2574 τὰς
1478 2512 1664 2581 χεῖρας
1707 2507 1872 2562 αὐτοῦ

279 2607 360 2680 μὴ
399 2607 580 2660 ποιεῖν
617 2605 800 2660 ἄδικα.
839 2623 858 2657 1

343 2718 365 2751 ι
421 2697 792 2770 Ἐκζητήσατε
816 2697 1019 2769 κρίσιν,
1047 2695 1288 2768 ῥύσασθε
1325 2697 1703 2765 ἀδικούμενον,
1746 2696 1871 2768 κρί-

267 2805 405 2844 νατε
455 2787 719 2858 ὀρφανὸν,
751 2787 847 2840 καὶ
901 2785 1232 2841 δικαιώσατε
1287 2787 1506 2859 χήραν,
1552 2786 1647 2841 καὶ
1692 2785 1868 2854 δεῦτε,

267 2885 367 2938 καὶ
408 2879 799 2952 διαλεχθῶμεν,
837 2879 984 2948 λέγει
1017 2878 1242 2950 Κύριος.
1274 2897 1290 2929 1

345 3089 367 3122 ι
414 3065 762 3138 Ἐνεπλήσθη
817 3063 958 3118 Σιὼν
1021 3063 1259 3134 κρίσεως
1327 3061 1422 3114 καὶ
1480 3059 1867 3129 δικαιοσύνης·

268 3163 396 3218 ἐκεῖ
431 3159 594 3228 σοφία
623 3159 719 3213 καὶ
750 3156 1006 3210 εὐσέϐεια
1038 3153 1174 3225 πρὸς
1206 3151 1340 3205 Θεόν
1367 3167 1380 3182 ⁸
1429 3146 1578 3205 οὗτοί
1627 3151 1734 3204 εισι
1769 3150 1868 3221 θη-

269 3271 379 3307 σαυ
390 3252 472 3324 ροὶ
493 3247 869 3320 δικαιοσύνης.
912 3267 930 3299 ι

346 3365 371 3397 ι
412 3342 714 3412 Εὐλογὴσει
739 3355 798 3393 σε
829 3340 856 3391 6
891 3338 1019 3400 λαὸς
1051 3338 1078 3390 6
1116 3334 1352 3405 πτωχὸς,
1389 3334 1485 3388 καὶ
1532 3333 1721 3396 πόλεις
1776 3332 1870 3386 ἀν-

270 3436 516 3508 θρώπων
541 3431 913 3502 ἀδικουμένων
946 3426 1304 3499 εὐλογήσουσί
1354 3443 1435 3480 σε.
1479 3425 1702 3494 Ἐγένου
1760 3425 1870 3496 γὰρ

271 3531 431 3602 πάσῃ
472 3527 625 3582 πόλει
655 3525 887 3595 ταπεινῇ
921 3522 1138 3594 βοηθὸς,
1169 3521 1264 3576 καὶ
1292 3521 1403 3585 τοῖς
1435 3520 1754 3591 ἀθυμήσασι
1803 3517 1869 3571 δι’

279 3622 499 3677 ἔνδειαν
533 3617 714 3687 σκέπη
742 3632 756 3646 ·
782 3616 890 3669 ἀπὸ
922 3614 1228 3686 ἀνθρώπων
1272 3611 1524 3684 πονηρῶν
1575 3611 1736 3684 ῥῦσαι
1768 3609 1869 3663 αὐ-

271 3715 428 3777 τούς.
462 3712 651 3781 Σκέπη
669 3709 949 3780 διψώντων
977 3707 1073 3761 καὶ⁷
1127 3706 1346 3776 πνεῦμα
1391 3702 1700 3777 ἀνθρώπων
1753 3701 1870 3756 ἁδι-

272 3805 588 3877 κουμένων,
619 3800 978 3873 εὐλογήσουσί
1011 3817 1090 3854 σε.
1135 3817 1152 3850 ι

353 4001 376 4035 ι
424 3979 564 4035 Τάδε
588 3980 737 4049 λέγει
771 3977 977 4049 Κύριος
1004 3997 1018 4009 ο
1059 3975 1297 4050 Κρίνατε
1346 3973 1511 4046 πρωῒ,
1553 3976 1648 4028 καὶ
1708 3972 1869 4026 εὐθύ-

271 4092 432 4139 νατε,
497 4073 592 4128 καὶ
647 4071 897 4137 ὲξέλεσθε
950 4069 1362 4140 διηρπασμένον
1407 4068 1474 4121 ὲκ
1514 4065 1698 4138 χειρὸς
1755 4065 1870 4118 ἀδι-

274 4167 509 4231 κοῦντος
536 4165 696 4218 αὐτόν
723 4164 900 4226 ’ὅπως
931 4161 1005 4232 μὴ
1035 4160 1250 4230 ἀναφοῇ
1279 4159 1355 4222 ὡς
1383 4156 1495 4226 πῦρ
1515 4159 1549 4228 ἡ
1574 4157 1710 4228 ὀργή
1741 4173 1866 4225 μου,

274 4262 374 4316 καὶ
391 4259 749 4330 καυθήσεται,
775 4256 869 4308 καὶ
901 4255 1001 4308 οὐκ
1031 4253 1183 4307 ἔσται
1212 4252 1240 4304 6
1273 4250 1482 4317 σώζων.
1525 4269 1542 4301 1

358 4455 378 4489 ι
403 4432 775 4508 Προσήλυτον,
814 4434 909 4487 καὶ
937 4433 1194 4505 ὀρφανὸν,
1231 4435 1327 4488 καὶ
1361 4433 1542 4505 χήραν
1574 4431 1652 4503 μὴ
1699 4445 1868 4484 κατα-

271 4528 659 4594 δυναστεύετε,
687 4526 886 4600 καὶμὴ
929 4524 1197 4592 ἀσεϐεῖτε,
1247 4524 1342 4578 καὶ
1393 4518 1532 4594 αἷμα
1579 4520 1757 4576 ἀθῶον
1790 4519 1865 4590 μὴ

275 4622 524 4693 ἐκχέετε.
568 4639 586 4672 ι

357 4733 378 4767 ι
421 4712 659 4767 Ἀδικίαν
681 4712 777 4765 καὶ
801 4706 1184 4781 ταλαιπωρίαν
1207 4708 1496 4779 ἀφέλεσθε,
1558 4708 1735 4777 κρῖμα
1769 4706 1866 4758 καὶ

273 4806 630 4875 δικαιοσύνην
673 4806 881 4858 ποιεῖτε
919 4820 933 4834 ο
969 4801 1178 4867 ὲξέλετε
1233 4797 1699 4854 καταδυναστείαν
1756 4797 1864 4850 ἀπὸ

274 4897 376 4952 τοῦ
400 4895 532 4950 λαοῦ
560 4913 682 4967 μου,
712 4895 860 4963 λέγει
885 4893 1112 4965 Κύριος.
1149 4912 1169 4945 1

355 5008 377 5042 ι
423 4987 624 5042 Ἀθώον
659 4987 753 5042 καὶ
776 4985 987 5039 δίκαιον
1012 4985 1112 5038 οὐκ
1144 4985 1488 5048 ἀποκτενεῖς.
1512 5003 1530 5036 ι

352 5179 372 5212 ι
401 5160 516 5213 Οὐκ
555 5157 672 5213 ἐστι
700 5158 856 5232 παρὰ
887 5161 956 5231 τῇ
979 5157 1212 5230 ἀληθείᾳ
1240 5158 1693 5232 προσωποληψῐα.
1727 5178 1745 5211 ι

354 5359 374 5394 ι
408 5342 760 5412 ’Λγαπήσατε
786 5341 1137 5410 δικαιοσύνην
1176 5342 1225 5394 οἱ
1262 5340 1544 5412 κρίνοντες
1564 5341 1664 5410 τὴν
1698 5341 1856 5410 γῆν.»

352 5537 374 5574 ι
411 5521 658 5593 λήψεται
689 5519 998 5576 πανοπλίαν
1027 5519 1120 5573 τὸν
1157 5519 1320 5591 ζῆλον
1346 5518 1512 5574 αὑτοῦ
1533 5535 1548 5551 ο
1583 5518 1864 5599 ἐνδύσεται

276 5612 506 5685 θώρακα
534 5612 908 5684 δικαιοσύνην,
937 5613 1034 5668 καὶ
1065 5611 1431 5684 περιθήσεται
1475 5609 1686 5682 κόρυθα
1735 5611 1861 5680 κρί-

279 5721 364 5760 σιν
399 5704 788 5777 ἀνυπόκριτον.
859 5704 1108 5776 Λήψεται
1163 5705 1368 5759 ἀσπίδα
1424 5702 1859 5774 ἀκαταμάχητον

276 5796 550 5867 ὁσιότητα.
583 5815 604 5849 1

353 5901 374 5939 ι
415 5883 509 5954 Μὴ
545 5887 719 5955 λάδης
757 5888 1052 5959 πρόσωπον
1085 5889 1379 5966 δυνάστου.
1431 5888 1578 5950 Ἕως
1627 5885 1858 5942 θανάτου

1978 680 2178 736 similis
2217 680 2293 735 tni
2323 678 2512 746 fuerit,
2539 696 2641 737 nec
2673 693 2795 754 post
2829 693 2882 740 te
2910 685 3133 743 futurus
3169 689 3263 744 sit.
3309 708 3328 742 1

2049 769 2142 826 Il:
2183 770 2400 842 Rngn,
2430 773 2624 828 9.5-9.7.
2655 803 2726 814 --
2755 792 2774 824 ι
2811 773 2959 830 Dixit
2988 778 3314 836 mulieribus
3341 797 3436 838 rex
3459 772 3583 840 Sa-‘

1979 861 2205 918 lomon:
2241 863 2322 918 Tu
2355 863 2526 928 dicis,
2566 864 2714 934 quod
2746 865 2890 921 filius
2915 878 3042 922 tuus
3075 869 3228 936 vivit,
3259 872 3407 930 illius
3432 890 3562 930 vero

1978 951 2122 1009 filius
2150 952 2196 1008 is
2228 961 2316 1009 est
2352 955 2445 1026 qui
2477 964 2733 1013 mortuus
2763 954 2893 1013 est?
2934 955 3171 1014 Et'dixit
3204 977 3297 1018 rex
3321 980 3336 1019 :
3358 965 3569 1023 Alferte

1977 1050 2109 1104 mihi
2133 1050 2400 1121 gladium.
2423 1051 2486 1106 Et
2506 1053 2812 1108 attulerunt
2838 1053 3078 1124 gladium
3110 1071 3298 1111 coram
3325 1075 3473 1131 rege.
3500 1059 3568 1116 Et

1973 1143 2115 1197 dixit
2140 1157 2237 1198 rex
2266 1161 2280 1197 :
2318 1142 2558 1199 Dividite
2589 1143 2858 1200 infantem
2888 1144 3074 1201 vivum
3101 1147 3157 1201 in
3195 1149 3332 1204 duas
3353 1160 3564 1221 partes,

1973 1245 2028 1291 et
2050 1235 2178 1291 date
2203 1235 2492 1292 dimidiam
2526 1247 2740 1307 partem
2778 1239 2898 1304 uni,
2940 1246 2995 1294 et
3032 1239 3323 1312 dimidiam
3354 1253 3566 1312 partem

1973 1326 2155 1382 alteri.
2189 1325 2253 1382 Et
2294 1327 2581 1398 respondit
2611 1329 2830 1396 mulier,
2862 1329 3024 1401 cujus
3050 1338 3175 1387 erat
3209 1331 3355 1388 tilius
3381 1335 3565 1398 vivus,

1973 1417 2042 1472 ad
2081 1433 2267 1490 regem
2309 1420 2398 1490 (eo
2423 1421 2570 1491 quod
2606 1432 2884 1477 commota
2911 1431 3101 1478 essent
3126 1424 3348 1480 viscera
3379 1425 3523 1496 ejus)
3551 1443 3565 1479 :

1970 1508 2352 1582 Nequaquam,
2401 1511 2655 1580 domine;
2706 1513 2777 1568 da
2839 1513 2918 1568 illi
2955 1513 3224 1570 infantem
3256 1514 3467 1583 vivum,
3515 1526 3572 1572 et

1971 1601 2142 1656 nolite
2181 1601 2498 1658 interficere
2524 1617 2676 1658 eum.
2699 1601 2795 1658 Illa
2826 1619 2958 1660 vero
2988 1603 3173 1660 aiebat
3207 1621 3221 1658 :
3254 1603 3368 1662 Nec
3400 1607 3561 1671 mihi,

1972 1706 2074 1746 nec
2101 1691 2200 1746 tibi
2228 1692 2324 1757 sit,
2352 1691 2584 1750 dividite
2613 1706 2760 1749 cum.
2803 1692 2871 1748 Et
2908 1695 3196 1764 respondit
3230 1709 3326 1750 rex
3362 1713 3376 1751 :
3420 1695 3555 1752 Date

1972 1781 2235 1856 infantem
2271 1785 2438 1839 matri
2486 1800 2611 1855 quae
2644 1783 2824 1850 dixit,
2885 1785 3020 1842 Date
3058 1802 3180 1842 cum
3236 1785 3401 1859 442
3436 1789 3547 1852 illi,

1973 1890 2074 1929 nec
2108 1883 2288 1930 morte
2341 1877 2690 1933 interliciatis
2719 1892 2864 1933 eum.
2909 1877 3034 1948 Ipsa
3066 1879 3214 1933 enim
3251 1887 3338 1935 est
3375 1891 3553 1936 mater

2047 2055 2215 2112 Zach.
2258 2073 2372 2122 vn,
2414 2061 2470 2114 9.
2516 2089 2585 2100 --
2633 2079 2652 2109 ι
2689 2059 2911 2116 Justum
2963 2059 3236 2130 judicium
3294 2060 3563 2132 judicate.

1974 2146 2209 2202 Viduam
2234 2187 2249 2212 ,
2296 2158 2349 2203 ct
2381 2150 2679 2218 pupillum,
2729 2157 2786 2206 et
2822 2149 3130 2219 advenam,
3173 2159 3228 2208 ct
3267 2165 3566 2223 pauperem

1975 2257 2044 2298 ne
2073 2242 2423 2313 opprimatis.
2468 2261 2488 2296 1

2045 2331 2160 2388 ha.
2195 2348 2312 2400 LVI,
2344 2335 2394 2388 Ι.
2426 2364 2492 2375 -
2527 2355 2548 2388 ι
2586 2334 2712 2391 Haec
2740 2335 2878 2392 dicit
2907 2334 3181 2394 Dominus
3217 2355 3231 2393 :
3263 2337 3564 2395 Custodite

1969 2423 2261 2497 judicium,
2297 2433 2354 2482 et
2384 2423 2555 2483 facite
2581 2426 2882 2498 justitiam.
2906 2427 3106 2484 Beatus
3133 2429 3229 2500 qui
3267 2431 3400 2488 facit
3427 2430 3564 2490 haec.

1971 2523 2028 2570 et
2056 2515 2150 2585 qui
2181 2515 2382 2570 retinet
2409 2514 2538 2580 ista,
2573 2526 2628 2571 et
2658 2524 2848 2573 servat
2877 2531 3081 2574 manus
3105 2532 3262 2588 suas,
3297 2534 3367 2576 ne
3399 2520 3568 2576 fACiat

1972 2605 2344 2677 iniquitatem.
2379 2625 2398 2659 1
3018 2654 3033 2664 .

2045 2693 2160 2752 lsa.
2196 2713 2238 2763 1,
2283 2695 2370 2752 l7.
2405 2726 2477 2739 --
2509 2715 2530 2750 ι
2564 2697 2808 2764 Quaerite
2840 2697 3110 2768 judicium
3135 2740 3150 2766 ,
3181 2701 3388 2772 eripite
3435 2715 3562 2760 eum

1971 2788 2064 2860 qui
2097 2788 2360 2860 injuriam
2396 2790 2632 2861 patitur,
2657 2789 2899 2860 judicate
2922 2791 3218 2863 pupillum,
3256 2792 3567 2864 justincate

1974 2882 2193 2938 viduam
2229 2899 2244 2936 :
2281 2890 2337 2938 et
2369 2883 2575 2950 venite,
2605 2891 2660 2939 et
2699 2883 3113 2956 disceptemus,
3178 2885 3319 2942 dicit
3377 2888 3566 2943 00mi-

1973 2987 2099 3030 nus.
2138 2993 2156 3027 1
2551 2995 2556 2998 ·

2046 3061 2162 3118 ha.
2199 3079 2394 3132 xxxm,
2438 3064 2490 3118 5.
2520 3095 2591 3104 —
2631 3082 2648 3116 ι
2687 3063 2916 3134 Repleta
2959 3072 3045 3120 cst
3082 3065 3218 3120 Sion
3266 3066 3481 3136 judicio
3507 3079 3565 3123 et

1969 3153 2185 3224 justitia
2222 3171 2235 3206 :
2271 3155 2386 3209 illic
2422 3154 2697 3225 sapientia
2739 3162 2795 3210 et
2819 3156 2998 3225 pietas
3032 3157 3177 3227 apud
3216 3155 3408 3216 Deum.
3465 3158 3563 3217 Isti

1895 3269 1940 3328 ρ
1972 3253 2103 3301 sunt
2152 3245 2398 3301 thesauri
2426 3245 2680 3315 justitiaa.
2720 3263 2738 3296 1

2049 3334 2164 3392 11a.
2221 3353 2349 3401 xxv,
2385 3337 2441 3400 3,
2473 3337 2527 3390 4.
2561 3367 2632 3377 ——
2659 3354 2684 3389 ι
2717 3337 3021 3396 Benedicet
3053 3347 3106 3394 te
3143 3341 3388 3412 populus
3422 3355 3562 3412 pau—

1977 3443 2099 3498 per,
2143 3433 2199 3481 et
2239 3427 2489 3484 civitates
2522 3427 2810 3484 hominum
2869 3430 3218 3501 iniquitatem
3269 3433 3558 3488 sustinen-

1978 3519 2115 3575 tium
2145 3519 2567 3575 benedicentte.
2605 3519 2783 3577 Fuisti
2823 3521 2972 3578 enim
3005 3522 3157 3578 omni
3201 3523 3415 3580 civitati
3454 3525 3560 3580 hn-

1977 3610 2097 3665 mili
2130 3610 2452 3678 auxiliator,
2498 3620 2556 3666 et
2588 3612 2846 3668 tristibus
2883 3621 3112 3684 propter
3149 3614 3392 3685 inopiam
3430 3631 3562 3687 pro-

1979 3701 2147 3758 tectio
2178 3720 2194 3756 :
2226 3703 2294 3757 ab
2321 3702 2642 3758 hominibus
2677 3705 2938 3772 pessimis
2971 3705 3143 3761 libera
3171 3719 3290 3761 eos.
3325 3704 3564 3763 Umbra-

1977 3793 2164 3850 culum
2193 3792 2521 3861 sitientiunt,
2549 3801 2604 3848 et
2632 3795 2860 3865 Spiritus
2885 3795 3172 3851 hominum
3209 3797 3561 3870 iniquitatem

1979 3883 2376 3940 sustinentium
2405 3883 2736 3940 benedicent
2772 3893 2844 3940 te.
2882 3903 2903 3936 1

2045 3975 2247 4032 Jerem.
2275 3991 2391 4041 xxi,
2436 3975 2525 4030 12.
2559 4004 2626 4018 --
2659 3995 2676 4027 ι
2713 3977 2840 4032 Haec
2880 3975 3018 4031 dicit
3051 3975 3361 4032 Dominus:
3399 3977 3562 4033 Judi-

1977 4072 2098 4116 cate
2131 4075 2313 4127 mane,
2360 4069 2417 4117 et
2450 4070 2603 4118 recte
2661 4063 2863 4127 facite,
2897 4069 2952 4118 et
2983 4063 3185 4132 eripite
3229 4072 3451 4134 raptum
3491 4066 3562 4120 de

1975 4166 2144 4206 manu
2172 4151 2592 4209 calumniatoris
2625 4171 2638 4206 :
2673 4163 2735 4208 ιιι
2783 4169 2892 4208 non
2923 4154 3262 4208 accendatur
3303 4162 3362 4208 ut
3415 4157 3558 4226 ignis

1977 4241 2062 4296 ira
2094 4255 2236 4306 mea,
2269 4249 2323 4297 et
2354 4241 2629 4308 ardescat,
2687 4251 2742 4297 et
2788 4259 2897 4299 non
2947 4243 3055 4299 erit
3084 4243 3178 4315 qui
3226 4245 3440 4300 salvum
3480 4246 3558 4299 fa-

1975 4332 2102 4386 ciat.
2144 4350 2162 4383 1

2043 4423 2244 4480 larem.
2290 4441 2426 4491 χιιι,
2459 4425 2512 4479 5.
2547 4454 2615 4465 --
2657 4444 2676 4476 ι
2715 4424 3016 4491 Advenam,
3053 4437 3108 4483 et
3157 4425 3448 4497 pupillum,
3504 4437 3559 4481 et

1975 4513 2196 4568 viduam
2226 4514 2396 4568 nolite
2425 4515 2762 4584 opprimere,
2813 4530 2987 4585 neque
3046 4516 3213 4586 impie
3257 4517 3459 4587 agatis,
3504 4527 3558 4572 et

1900 4619 1944 4680 ι)
1975 4605 2296 4675 sanguinem
2339 4605 2688 4660 innocentem
2722 4619 2790 4660 ne
2821 4605 3138 4662 cti'nndatis.
3178 4625 3197 4658 1

2041 4695 2235 4752 Ezech.
2272 4713 2396 4764 ην,
2435 4695 2490 4753 9.
2523 4725 2594 4737 --
2622 4715 2640 4748 ι
2679 4696 3008 4766 lnjustitiam
3033 4708 3089 4752 et
3121 4713 3426 4753 aerumnam
3460 4715 3557 4752 au-

1968 4792 2126 4858 ferte,
2160 4793 2430 4863 judicium
2471 4800 2526 4846 et
2545 4791 2816 4862 justitiam
2843 4791 3031 4854 facite,
3064 4791 3280 4846 auiertc
3318 4807 3554 4862 Oppres-

1968 4882 2180 4938 sionem
2212 4896 2242 4936 a
2275 4881 2480 4952 populo
2510 4895 2654 4947 meo,
2678 4880 2813 4936 dicit
2843 4879 3136 4936 Dominus.
3168 4899 3189 4934 1

2041 4971 2184 5028 Dan.
2231 4987 2349 5037 xm,
2397 4971 2486 5026 55.
2509 4997 2578 5011 --
2607 4989 2624 5021 ι
2660 4972 2939 5027 lnsontctu
2976 4979 3032 5027 et
3065 4971 3278 5040 justum
3307 4988 3417 5028 non
3455 4988 3552 5030 oc-

1967 5062 2136 5116 cides.
2176 5081 2195 5113 1

2041 5148 2137 5202 II!
2165 5148 2328 5203 Esdr.
2370 5165 2443 5212 ιν,
2487 5150 2578 5205 59.
2609 5179 2675 5189 —-
2719 5169 2739 5201 ι
2769 5150 2890 5206 Non
2939 5160 3025 5207 cst
3064 5152 3212 5222 apud
3266 5155 3551 5210 veritatem

1969 5241 2218 5312 acceptio
2248 5255 2629 5311 personarum.
2659 5261 2679 5294 1

2041 5333 2172 5404 Sap.
2205 5351 2241 5399 1,
2288 5336 2335 5388 Ι.
2365 5365 2428 5375 --
2473 5354 2490 5386 ι
2523 5335 2744 5408 Diligite
2792 5335 3087 5406 justitiam,
3143 5336 3237 5405 qui
3282 5335 3551 5407 judicatis
3605 5407 3613 5416 ι

1965 5435 2191 5481 terram.
2239 5446 2260 5479 ι
2428 5481 2432 5486 _

2039 5517 2170 5587 Sap.
2225 5533 2291 5583 v,
2354 5518 2440 5572 18.
2486 5547 2556 5558 -—
2592 5519 2628 5569 ἰ
2664 5517 2913 5588 Accipiet
2973 5526 3309 5572 armaturam
3371 5519 3547 5574 zelum

1968 5626 2174 5666 suum:
2216 5609 2406 5665 induet
2455 5623 2555 5680 pro
2591 5609 2822 5664 thorace
2872 5608 3172 5679 justitiam,
3221 5616 3276 5662 et
3309 5610 3548 5679 accipiet

1965 5717 2067 5771 pro
2121 5701 2276 5772 galea
2319 5699 2593 5770 judicium
2644 5707 2881 5755 certum.
2941 5697 3137 5754 Sumet
3173 5706 3394 5753 scutum
3461 5696 3540 5748 in-

1965 5791 2333 5863 cXpugnabilc
2362 5789 2696 5859 equitatem.
2741 5808 2767 5848 .1

2041 5883 2205 5941 Eccli.
2230 5899 2303 5955 ιν,
2329 5881 2670 5953 27.-‹,Νοιί
2692 5881 2945 5949 accipere
2961 5889 3251 5948 personam
3273 5871 3531 5943 potentis.
