3960 6382
411 441 550 508 139,1
1589 439 1648 497 S.
1691 436 1935 498 JOANN
1941 435 2016 494 IS
2063 436 2498 499 DAMASCENI
3541 446 3665 509 1392

388 556 599 628 -~Usque
627 554 692 610 ad
739 559 970 608 mortem
1006 556 1157 607 certa
1206 563 1309 620 pro
1339 547 1576 620 iustitia,
1638 558 1689 603 et
1727 547 1991 602 Dominus

2142 549 2364 618 γώνισαι
2387 552 2527 622 ὑπὲρ
2557 552 2655 622 τῆς
2685 550 2964 624 ἀληθείας,
2992 550 3085 606 καὶ
3114 551 3316 626 Κύριος
3351 559 3378 612 6
3415 558 3543 626 Θεὸς
3576 585 3664 622 πο.

389 647 689 719 pugnabit
731 660 832 714 pro
865 651 940 698 te.
985 663 1002 694 ι

2142 644 2334 715 εμήσει
2362 644 2503 716 ὑπὲρ
2537 644 2653 699 σοῦ.
2695 665 2713 696 ι

485 737 651 791 Εοειὶ.
689 750 846 802 mn,
884 735 1046 790 15.—
1079 750 1096 785 ι
1130 734 1189 787 1η
1225 731 1616 800 innocentibus
1649 747 1717 786 ne
1750 731 1847 786 des
1868 745 2002 802 que-

414 831 608 886 relam.
647 846 665 879 ›
1779 889 1781 892 ρ

490 919 654 974 Ecclt'.
686 935 758 983 IV,
796 917 887 972 26.
916 946 987 960 -
1032 935 1050 969 ι
1082 915 1161 973 Ne
1205 916 1446 987 accipias
1474 929 1770 986 personam
1803 915 2002 971 adver-

414 1025 514 1067 sus
548 1009 788 1064 animam
825 1015 1000 1062 tuam.
1035 1025 1053 1058 ι

491 1099 660 1154 Eccli.
702 1111 825 1162 vm,
857 1097 948 1152 26.
985 1125 1055 1137 —
1090 1114 1108 1147 ‹
1141 1095 1219 1152 Ne
1251 1103 1366 1152 stes
1395 1103 1590 1152 contra
1631 1093 1832 1151 faciem
1873 1109 2004 1150 con-

418 1190 720 1246 tumeliosi.
762 1207 783 1242 ι

470 1281 661 1337 Ereti.
702 1298 778 1345 tv,
809 1281 862 1339 9.
893 1311 962 1322 ——
1003 1298 1020 1331 ι
1053 1278 1252 1335 Libera
1287 1295 1414 1335 eum
1448 1279 1541 1351 qui
1575 1280 1833 1349 iujuriam
1865 1279 2007 1350 pati-

390 1388 509 1430 -tur
528 1373 595 1429 de
623 1387 788 1427 manu
810 1371 1218 1427 .calumniantis
1253 1389 1266 1426 :
1301 1379 1356 1426 et
1395 1386 1462 1427 ue
1498 1370 1848 1442 despondeas
1881 1371 2007 1425 ani~

389 1481 567 1520 ~mum
603 1464 733 1519 dum
774 1463 1137 1532 iudicaveris.
1181 1481 1200 1514 ι

493 1556 661 1610 Eccli.
693 1570 767 1619 xi,
802 1553 852 1606 7.
880 1584 951 1594 —
984 1573 1002 1605 ι
1040 1552 1367 1626 Priusquam
1398 1554 1730 1624 interroges,
1758 1567 1825 1608 ne
1855 1551 2008 1608 vitu-

424 1662 603 1719 peres.
632 1644 882 1716 intelligo
916 1647 1176 1716 primum,
1215 1653 1269 1700 et
1302 1653 1433 1700 tunc
1464 1645 1709 1714 corripe.
1745 1662 1763 1694 ι
1982 1628 1983 1631 “

489 1734 658 1791 Ecrli.
702 1751 895 1804 xum,
949 1736 1038 1792 ⁵54.
1072 1767 1142 1780 -
1186 1754 1206 1788 ι
1241 1736 1374 1792 Sine
1424 1736 1681 1792 examine
1732 1735 1871 1790 nihil
1927 1735 2008 1790 fa-

421 1843 558 1886 CIGS.
597 1848 617 1881 ι

2182 753 2200 785 ι
2239 735 2330 789 Ἐν
2357 734 2557 800 ἀθώοις
2598 735 2676 806 μὴ
2709 735 2798 800 δὸς
2831 736 3043 807 μῶμον.
3075 756 3093 789 ι

2185 933 2203 966 ι
2241 915 2334 986 Μὴ
2364 915 2534 988 λάϐῃς
2560 917 2851 989 πρόσωπον
2881 918 3027 973 κατά
3047 919 3145 990 τῆς
3175 920 3356 994 ψυχῆς
3377 942 3488 982 σου,
3517 947 3532 983 ι

2185 1116 2204 1149 ι
2224 1097 2316 1169 Μὴ
2346 1098 2652 1170 ὲξαναστῇς
2680 1100 2788 1155 ἀπὸ
2826 1100 3120 1172 προσώπου
3139 1102 3420 1174 ὑϐριστοῦ.
3451 1126 3469 1159 ι

2185 1295 2202 1328 ι
2235 1276 2458 1344 Ἑξελοῦ
2481 1277 2841 1350 ἀδικούμενον
2883 1280 2950 1333 ἐκ
2974 1281 3153 1353 χειρὸς
3203 1283 3537 1352 ἀδικοῦντος,
3597 1295 3680 1346 καὶ

2113 1364 2188 1436 μὴ
2212 1365 2620 1443 όλιγοψυχήσῃς
2647 1368 2705 1422 ὲν
2732 1368 2811 1440 τῷ
2835 1370 3044 1440 κρίνειν
3069 1389 3148 1426 σε.
3191 1392 3210 1424 ι

2187 1560 2204 1594 ι
2243 1542 2381 1614 Πρὶν
2415 1543 2764 1616 ἢὲξετάσῃς,
2810 1545 2886 1617 μὴ
2929 1545 3145 1619 μέμψῃ.
3200 1547 3416 1619 Νόησον
3447 1548 3685 1622 ’πρῶτον,

2110 1631 2205 1685 καὶ
2239 1632 2363 1685 τότε
2389 1633 2651 1705 ὲπιτίμα.
2690 1653 2708 1686 ι

2185 1739 2203 1772 ι
2231 1720 2396 1775 Ἀνευ
2421 1721 2662 1794 κρίσεως
2686 1722 2763 1795 μὴ
2798 1724 3037 1798 ποιήσῃς
3058 1725 3248 1798 μηδέν.
3290 1746 3310 1779 ι

475 1918 664 1976 ἘεεΙί.
695 1938 870 1990 xxxn,
905 1923 959 1977 i.
1004 1911 1075 1961 -"—
1109 1936 1128 1973 ι
1165 1919 1478 1978 Rectorem
1545 1931 1597 1978 te
1666 1921 2012 1993 posuerunt?

2190 1921 2208 1953 ι
2257 1903 2593 1993 Ἣγούμενόν
2621 1922 2680 1958 σε
2715 1905 3099 1977 κατέστησαν;
3129 1906 3204 1978 μὴ
3237 1908 3492 1980 ὲπαίρου.
3549 1915 3690 1971 Γίνου

394 2011 536 2067 ~noli
563 2012 784 2067 extolli.
819 2011 952 2067 Esto
983 2011 1036 2066 in
1080 2012 1192 2066 illis
1223 2012 1385 2081 quasi
1415 2027 1560 2066 unus
1587 2027 1652 2067 ex
1680 2011 1838 2081 ipsis.
1883 2031 1902 2062 ι

493 2103 648 2160 Rom.
681 2105 876 2171 xtn,5.
916 2134 987 2144 —
1031 2123 1048 2154 ι
1084 2101 1180 2156 Vis
1231 2117 1339 2158 non
1400 2104 1596 2158 timere
1649 2104 2016 2174 potestatem?

429 2196 643 2251 Bonum
685 2195 793 2263 fac,
822 2202 877 2251 et
903 2193 1136 2250 habebis
1167 2194 1386 2249 laudent
1418 2210 1486 2249 ex
1528 2195 1641 2252 illa.
1685 2213 1718 2246 ι.

503 2291 530 2345 1
555 2291 720 2347 Joan.
749 2306 831 2352 Ill,
864 2291 916 2344 7.
935 2320 1006 2330 —
1034 2309 1052 2341 ι
1082 2289 1186 2356 Qui
1214 2288 1343 2344 facit
1363 2288 1672 2356 justitiam,
1703 2289 1888 2357 justus
1911 2297 2016 2354 est,

410 2381 894 2455 quemadmodum
939 2391 994 2437 et
1029 2381 1123 2436 ille
1151 2381 1338 2452 justus
1387 2390 1492 2437 est.
1546 2379 1739 2438 Omnis
1779 2382 1873 2452 qui
1909 2397 2020 2438 non

400 2475 564 2532 facit
597 2473 898 2545 justitiam,
934 2488 1048 2528 non
1085 2483 1171 2528 est
1207 2490 1272 2528 ex
1302 2471 1430 2529 Deo.
1466 2492 1482 2524 ι

480 2567 560 2622 ’8.
597 2565 770 2621 Basil.
806 2563 963 2619 Orat.
1010 2564 1074 2618 de
1111 2565 1276 2620 invict.
1304 2594 1325 2600 —
1395 2565 1452 2619 Si
1495 2563 1687 2634 gloriae
1719 2564 2022 2636 cupiditate

397 2656 880 2730 ’tlagras,-.visque
919 2670 1087 2726 supra
1125 2656 1328 2726 vulgus
1370 2655 1578 2721 lucere,
1618 2665 1672 2710 et
1724 2656 1782 2710 in
1833 2656 2022 2710 mundi

428 2747 670 2818 negotiis
704 2746 1060 2815 splendorem
1099 2746 1350 2815 assequi,
1395 2745 1589 2815 justus
1623 2752 1765 2810 esto,
1812 2754 2023 2815 tempe-

429 2853 585 2904 rans,
613 2837 880 2908 prudens,
910 2844 966 2892 et
1011 2835 1198 2901 fortis,
1229 2843 1394 2905 teque
1440 2851 1540 2905 pro
1589 2835 1790 2905 pietate
1833 2835 2023 2891 decer-

429 2930 621 2997 tando,
657 2931 983 2986 tolerantem
1006 2928 1211 2998 praebe.
1240 2927 1402 2999 443
1431 2927 1524 2982 Sic
1543 2929 1688 2983 enim
1706 2936 1760 2983 et
1783 2927 2020 2998 teipsum

431 3025 646 3080 salvum
679 3022 871 3088 facies,
896 3030 951 3077 et
977 3021 1046 3076 ob
1078 3019 1291 3090 majora
1322 3021 1469 3076 bona
1501 3019 1811 3075 claritatem
1852 3019 2027 3090 majo-

431 3131 548 3172 rem
575 3113 930 3185 adipisceris.

506 3207 703 3276 Ejusd.
733 3208 786 3259 in
814 3206 984 3273 princ.
1022 3205 1184 3258 Prov.
1219 3231 1289 3244 —-
1314 3201 1492 3258 Justae
1514 3201 1688 3256 animi
1716 3199 2024 3257 affectionis
2053 3235 2095 3294 ε

433 3299 821 3372 argumentum
845 3307 929 3353 est
960 3295 1248 3367 integritas
1279 3295 1331 3349 in
1357 3293 1757 3364 judicando.—-
1780 3291 1862 3346 Ad
1891 3292 2017 3357 hoc,

428 3401 494 3447 ut
531 3406 714 3448 veram
767 3391 1041 3461 justitiam
1075 3389 1349 3460 quispiam
1409 3389 1701 3458 intelligat,
1753 3401 2019 3458 magnum

404 3499 569 3540 sane
600 3483 907 3555 ingenium,
935 3491 987 3538 et
1020 3495 1238 3536 summa
1293 3482 1496 3536 mentis
1527 3480 1795 3550 perfectio
1833 3480 2018 3548 requi-

435 3574 597 3628 ritur.
626 3572 815 3642 Neque
838 3572 986 3627 enim
1019 3571 1135 3628 ficri
1165 3579 1344 3641 potest
1370 3582 1428 3625 ut
1480 3571 1775 3640 quisquam
1799 3571 1865 3624 de
1886 3586 2020 3625 eon-

435 3663 724 3719 troversiis
764 3672 915 3718 recte
952 3673 1006 3718 et
1044 3663 1258 3732 integre
1295 3661 1636 3732 pronuntiet,
1670 3661 1777 3716 nisi
1813 3660 2023 3715 doctri-

401 3768 565 3810 -.».nam
596 3754 742 3824 juris
775 3763 902 3809 ante
954 3753 1278 3823 perceperit.
1316 3752 1450 3806 Nam
1487 3752 1583 3822 qui
1623 3767 1807 3808 veram
1855 3750 2024 3822 justi-

435 3847 569 3901 tiam
599 3845 783 3908 callet,
820 3859 883 3898 ac
919 3859 1015 3914 per
1049 3859 1169 3899 eam
1207 3858 1370 3899 suum
1403 3844 1606 3914 cuique
1657 3843 1902 3898 tribuere
1933 3841 2023 3897 di-

435 3938 593 4005 dicit,
623 3938 670 3994 is
697 3938 919 3992 demum
949 3936 1188 4007 dirigere
1211 3937 1485 4007 judicium
1513 3943 1715 4007 potest.
1741 3935 2020 4002 Quemad-

431 4030 668 4085 modum.
685 4029 832 4085 enim
865 4029 1192 4101 sagittarius
1221 4031 1393 4086 telum
1439 4029 1511 4083 ad
1537 4028 1756 4100 signum
1789 4027 2020 4098 dirigit,

413 4122 518 4177 -sic
547 4135 770 4191 quoque
789 4119 960 4189 iudex
996 4121 1064 4176 ad
1093 4121 1146 4176 id
1177 4119 1322 4192 quod
1343 4119 1554 4190 justum
1591 4128 1676 4174 est
1738 4117 2019 4182 collineat,

410 4227 562 4266 cum
618 4212 886 4267 rationem
927 4226 1292 4282 personarum
1355 4225 1466 4265 non
1519 4209 1716 4274 habet,
1759 4223 1862 4263 nec
1921 4222 2022 4278 per

438 4302 606 4374 animi
633 4302 1060 4372 propensionem
1092 4302 1397 4372 quidquam
1450 4300 1602 4364 facit,
1644 4298 1740 4354 sed
1789 4307 1939 4354 recta
1965 4305 2023 4352 et

437 4395 650 4464 integra
675 4392 887 4464 judicia
924 4394 1272 4465 pronuntiat.
1314 4391 1483 4461 Atqui
1525 4391 1743 4447 duobus
1773 4388 1919 4460 apud
1953 4389 2021 4444 ii-

437 4485 551 4538 tum
585 4498 810 4539 causam
859 4483 1190 4550 dicentibus,
1234 4497 1474 4555 quorum
1506 4481 1645 4536 alter
1691 4482 1814 4551 plus
1839 4495 2020 4550 aequo,

440 4574 580 4629 alter
613 4575 801 4630 minus
845 4573 1073 4639 habeat,
1117 4583 1228 4630 stat
1269 4573 1438 4642 judex
1496 4586 1594 4628 eos
1644 4571 1789 4626 inter
1821 4585 1881 4626 se
1927 4585 2022 4625 ex-
2057 4587 2100 4643 υ

419 4680 687 4736 ⁴οεῳιειιιε,
723 4673 1047 4735 tantumque
1080 4665 1131 4721 ei
1161 4664 1255 4735 qui
1287 4664 1576 4728 exuberat,
1612 4662 2024 4730 adimit,quan-

443 4767 558 4813 tum
585 4759 662 4814 illi
695 4759 790 4830 qui
819 4757 1026 4829 injuria
1066 4757 1322 4818 allieitur,
1366 4754 1563 4812 deesse
1590 4754 1948 4824 compererit.

513 4849 705 4918 Ejusd.
731 4851 874 4904 hom.
917 4849 1041 4902 hab.
1077 4849 1131 4900 in
1165 4846 1409 4918 Lacyzis.
1441 4875 1512 4886 —
1545 4845 1648 4912 Qui
1684 4843 1866 4900 cernit
1906 4845 2025 4914 pla-

443 4958 534 5006 ua,
570 4940 1012 4997 misericordiam
1070 4947 1467 5010 consequetur.
1529 4936 1671 5003 Quid
1731 4936 1922 5006 igitur,
1978 4935 2024 4990 si

442 5047 602 5090 terra:
637 5040 889 5086 naturam
944 5031 1172 5085 minime
1209 5033 1429 5102 planam
1464 5039 1522 5084 et
1573 5028 1900 5098 atquabilem
1953 5025 2026 5079 vi-

2117 1996 2173 2049 ὲν
2208 1994 2394 2059 αὐτοῖς
2414 1995 2491 2060 ώς
2524 1991 2606 2060 εἷς
2636 1994 2696 2061 ἐξ
2731 1998 2933 2053 αὐτῶν.
2972 2018 2990 2050 ι

2194 2085 2438 2150 «Θέλεις
2476 2087 2550 2159 μὴ
2596 2088 2884 2157 φοϐεῖσθαι
2937 2090 3221 2159 ὲξουσίαν;
3287 2094 3510 2163 Ἀγαθὸν
3543 2099 3691 2165 ποίει,

2119 2179 2215 2231 καὶ
2244 2176 2389 2242 ἕξεις
2415 2177 2642 2232 ἔπαινον
2673 2179 2732 2247 ἐξ
2756 2181 2947 2252 αὐτῆς.
2989 2202 3008 2235 ι

2197 2287 2214 2321 ι
2257 2268 2316 2322 Ὁ
2351 2269 2522 2324 ποιῶν
2553 2270 2652 2344 τὴν
2687 2272 3059 2345 δικαιοσύνην,
3095 2276 3313 2342 δίκαιός
3349 2279 3487 2343 ἐστι,
3525 2281 3694 2346 καθὼς

2121 2362 2214 2414 καὶ
2243 2361 2449 2425 ἐκεῖνος
2478 2361 2687 2428 δίκαιός
2714 2365 2854 2420 ἐστι.
2886 2367 3002 2431 Πᾶς
3039 2370 3068 2422 6
3099 2369 3176 2440 μὴ
3210 2371 3386 2425 ποιῶν
3436 2372 3695 2428 δικαιοσύ-

2121 2469 2241 2522 νην,
2267 2452 2369 2506 οὺκ
2391 2451 2542 2507 ἐστιν
2565 2456 2628 2508 ἐκ
2661 2455 2754 2510 τοῦ
2789 2456 2948 2512 Θεοῦ.
3001 2479 3020 2511 ι

2193 2545 2255 2597 Ei
2277 2544 2436 2615 δόξης
2471 2544 2780 2617 ἐπιθυμεῖς,
2806 2550 2902 2602 καὶ
2923 2549 3106 2619 βούλει
3129 2551 3240 2606 τῶν
3285 2553 3500 2606 πολλῶν
3551 2555 3702 2626 ὑπερ-

2124 2633 2437 2703 φαίνεσθαι,
2479 2635 2574 2688 καὶ
2599 2637 2890 2708 εὐδόκιμος
2934 2641 2992 2693 ὲν
3019 2643 3134 2704 τοῖς
3188 2647 3482 2713 κοσμικοῖς
3541 2647 3702 2717 πράγ.

2127 2744 2260 2797 μασι
2283 2727 2554 2796 γίνεσθαι,
2585 2727 2678 2782 ἔσο
2703 2729 2932 2798 δίκαιος,
2966 2731 3223 2804 σώφρων,
3277 2736 3563 2807 φρόνιμος,
3615 2741 3700 2793 ἀν-

2124 2819 2324 2890 δρεῖος,
2361 2821 2765 2893 ὑπομονητικδς
2789 2826 2847 2878 ὲν
2876 2827 2991 2889 τοῖς
3033 2826 3174 2898 ὑπὲρ
3215 2828 3506 2893 εὐσεϐείας
3567 2831 3700 2898 ἀγῶ-

2131 2927 2234 2964 σιν.
2281 2911 2438 2966 Οὕτω
2469 2915 2578 2984 γὰρ
2631 2916 2856 2970 σεαυτὸν
2909 2917 3128 2982 σώσεις,
3181 2922 3276 2973 καὶ
3323 2922 3416 2975 ἐπὶ
3478 2920 3703 2993 μείζοςιν

2127 3000 2355 3070 ἀγαθοῖς
2387 3003 2612 3073 μείζονα
2632 3004 2776 3072 ἔξεις
2802 3006 2902 3077 τὴν
2925 3009 3320 3079 περιφάνειαν.

2203 3183 2468 3256 Ἔλεγχος
2491 3185 2592 3256 τῆς
2617 3185 2711 3240 τοῦ
2742 3186 2955 3241 δικαίου
2974 3187 3274 3253 διαθέσεως
3300 3191 3333 3260 ἡ
3354 3190 3483 3258 περὶ
3513 3190 3571 3244 τὸ
3598 3191 3699 3260 κρί-

2127 3293 2239 3329 νειν
2268 3275 2519 3348 ὀρθότης.
2555 3277 2716 3330 -Τὸ
2751 3277 2945 3349 νοῆσαι
2989 3278 3090 3349 τὴν
3134 3277 3318 3351 ἀληθῆ
3372 3281 3702 3351 δικαιοσύνην

2132 3365 2378 3436 μεγάλης
2403 3365 2572 3429 ὅντως
2595 3366 2858 3431 διανοίας,
2887 3368 2984 3421 καὶ
3014 3369 3212 3438 φρενὸς
3240 3369 3597 3440 τελειοτάτης
3611 3371 3702 3423 δεῖς

2129 3471 2237 3508 ται.
2281 3455 2592 3526 Ἀμήχανον
2625 3457 2732 3528 γὰρ
2757 3458 2831 3530 μὴ
2859 3459 3340 3528 προπαιδευθέντα
3375 3462 3505 3532 περὶ
3529 3461 3615 3515 τοῦ
3637 3462 3701 3514 δι-

2129 3545 2285 3600 καίου
2316 3546 2575 3602 δύνασθαι
2597 3549 3160 3622 τάςάμφισϐητήσεις
3181 3552 3362 3622 ὀρθῶς
3395 3555 3704 3624 διακρίνειν.

2141 3636 2199 3690 '0
2229 3637 2337 3708 γὰρ
2365 3639 2521 3703 εἰδὼς
2549 3639 2648 3710 τὴν
2679 3641 2853 3713 ἀληθῆ
2900 3643 3279 3716 δικαιοσύνην,
3318 3647 3413 3701 καὶ
3453 3647 3521 3700 δι’
3549 3647 3705 3716 αὐτῆς

2129 3727 2402 3799 διδαχθεὶς
2432 3731 2491 3783 τὸ
2515 3733 2716 3786 οἰκεῖον
2746 3734 3044 3806 ἀπονεῖμαι
3085 3738 3337 3809 ἑκάστῳ,
3370 3731 3529 3804 οὗτος
3567 3741 3706 3795 δύναο

2129 3836 2221 3874 ται
2275 3820 2602 3876 κατευθῦναι
2650 3826 2842 3896 κρῖμα.
2889 3826 3102 3898 Ὠσπερ
3139 3829 3422 3902 ότοξότης
3452 3829 3589 3902 πρὸς
3628 3829 3709 3881 τδν

2132 3915 2334 3969 σκοπὸν
2365 3916 2653 3972 ἐπευθύνει
2679 3920 2741 3973 τὸ
2767 3920 2942 3991 βέλος,
2982 3924 3157 3988 οὕτως
3203 3927 3230 3978 6
3260 3927 3464 3999 κριτὴς
3503 3927 3596 3981 τοῦ
3640 3927 3712 3981 δια

2131 4005 2286 4060 καίου
2341 4010 2811 4080 καταστοχάζεται
2837 4051 2852 4077 ,
2908 4013 3034 4069 οὔτε
3087 4017 3368 4087 πρόσωπα
3409 4019 3709 4090 λαμϐάνων,

2130 4097 2252 4151 οὔτε
2288 4099 2459 4155 ποιῶν
2494 4102 2638 4156 κατὰ
2665 4103 3013 4174 πρόσκλισιν,
3039 4107 3156 4161 ἀλλ’
3180 4109 3408 4174 εὐθείας
3439 4111 3536 4164 καὶ
3573 4111 3713 4164 ἀδιαο

2132 4189 2398 4260 στρόφους
2426 4190 2679 4263 ἐκφέρων
2704 4191 2805 4257 τὰς
2830 4193 3063 4265 κρίσεις.
3110 4198 3220 4251 Καὶ
3253 4198 3352 4252 δύο
3381 4200 3711 4270 κρινομένων

2131 4281 2264 4352 παρ’
2291 4281 2443 4353 αὐτῷ
2463 4325 2477 4349 ,
2510 4282 2604 4336 τοῦ
2632 4301 2691 4338 τε
2721 4285 3200 4353 πλεονεκτοῦντος,
3234 4291 3332 4345 καὶ
3367 4291 3465 4344 τοῦ
3500 4291 3712 4345 ἔλαττον

2131 4371 2344 4442 ἔχοντος
2376 4375 2608 4447 ἕστηκεν
2655 4378 2684 4430 6
2735 4378 2951 4450 κριτὴς,
2999 4381 3278 4435 ὲπανισῶν
3332 4382 3541 4447 αὐτοὺς
3586 4383 3710 4454 πρὸς

2129 4464 2409 4537 ἀλλήλους,
2447 4469 2543 4523 καὶ
2581 4469 2840 4525 τοσοῦτον
2885 4473 3138 4544 ἀφαιρῶν
3183 4475 3278 4529 τοῦ
3328 4477 3712 4550 ὑπερέχοντος,

2131 4554 2255 4611 ὅσον
2280 4557 2674 4632 ἐλαττούμενον
2697 4560 2942 4634 εὑρίσκει
2958 4562 3064 4651 ⁸,τὸν
3093 4565 3480 4637 ἀδικούμενον.

2209 4851 2266 4905 '0
2301 4851 2513 4921 βλέπων
2550 4851 2690 4916 λεῖα,
2715 4851 3103 4922 ἐλεηθήσεται·
3139 4851 3236 4906 ἐὰν
3279 4850 3375 4904 ίδω
3430 4850 3535 4921 τὴν
3559 4847 3713 4918 φύσιν

2127 4941 2223 5012 τῆς
2247 4941 2349 5012 γῆς
2380 4941 2686 5012 ἀνωμάλως
2709 4941 2940 5013 ἔχουσαν
2971 4941 3180 5014 (ἐπειδὴ
3205 4941 3316 5014 γάρ
3349 4941 3443 4994 οἶα
3468 4940 3712 5007 ἐκτίσθη,

2127 5029 2352 5102 τοιαύτη
2395 5030 2636 5100 ὁρᾶται),
2687 5030 2781 5083 ἐπὶ
2820 5029 3030 5093 τούτοις
3070 5030 3184 5098 ἐγὼ
3235 5029 3712 5100 καταδικάζομαι;

440 5125 576 5180 dero
608 5123 813 5194 (qualis
851 5122 996 5177 enim
1051 5122 1171 5190 ipsa
1205 5131 1312 5190 est,
1343 5121 1470 5176 talis
1505 5133 1729 5190 quoque
1762 5124 2016 5173 cernatur

2142 5122 2302 5176 Ἀλλὰ
2342 5122 2453 5176 νόει
2511 5137 2602 5191 μοι
2638 5119 2880 5191 ὑψηλῶς.
2921 5119 3307 5192 Παρεστήκασί
3335 5135 3433 5190 μοι
3469 5117 3775 5199 ἀδελφῶν.-

443 5231 668 5272 necesse
691 5215 818 5286 est),
860 5216 963 5270 hoc
997 5215 1220 5270 nomine
1251 5215 1706 5270 condemnabor?
1736 5212 1806 5267 At
1837 5220 1895 5266 tu
1926 5225 2025 5267 su-

441 5309 667 5366 blimius
702 5309 861 5365 velim
901 5309 1190 5379 respicias.
1251 5307 1447 5364 Astant
1494 5307 1626 5361 mihi
1661 5306 1882 5362 diversa
1920 5304 2026 5358 fra-

441 5410 586 5455 trum
610 5415 810 5472 genera
845 5420 857 5455 :
899 5417 1042 5457 unus
1087 5418 1296 5473 pauper
1326 5413 1432 5466 cst,
1483 5400 1644 5455 dives
1685 5400 1844 5461 alter,
1879 5411 2025 5451 unus

439 5493 803 5561 peregrinus,
862 5493 1004 5548 alter
1067 5493 1382 5559 familiaris,
1439 5492 1536 5563 qui
1597 5491 1680 5546 vel
1737 5499 1787 5545 te
1839 5488 2038 5558 judice

439 5583 798 5653 disceptaturi
825 5585 953 5650 sint,
981 5585 1066 5640 vel
1105 5585 1436 5642 liberalitate
1461 5593 1556 5638 tua
1589 5596 1729 5652 opus
1757 5580 2023 5635 habituri.

440 5674 497 5729 Si
542 5690 641 5745 pro
694 5676 954 5731 tribunali
1030 5675 1262 5743 sedeas,
1318 5692 1388 5731 ne
1454 5673 1806 5730 commiseris
1845 5678 1904 5725 ut
1942 5671 2026 5726 vel

442 5765 732 5834 inaequalia
772 5777 1008 5838 spectes,
1062 5768 1165 5823 hoc
1199 5777 1282 5824 est
1336 5767 1567 5822 divitem
1621 5763 1921 5826 excelsum,
1971 5770 2025 5816 et

441 5869 736 5928 pauperem
763 5861 1057 5928 abiectum.
1092 5860 1152 5916 Si
1206 5859 1420 5918 foribus
1447 5859 1556 5916 tuis
1599 5863 1742 5915 astet
1792 5853 2016 5924 aliquis,

2127 5213 2380 5287 διαφοραί
2401 5230 2414 5244 ’
2439 5215 2467 5267 6
2510 5213 2610 5284 μὲν
2642 5212 2835 5282 πένης,
2861 5215 2891 5266 6
2931 5213 2988 5266 δὲ
3019 5213 3309 5277 πλούσιοςο
3342 5214 3373 5265 6
3407 5211 3513 5283 μὲν
3548 5210 3743 5287 ξένος,ί

2127 5309 2155 5360 6
2185 5306 2242 5360 δὲ
2273 5284 2500 5368 οἰκεῖοςο
2551 5304 2584 5374 ἢ
2637 5303 2911 5367 δικάζοντί
2941 5320 3024 5356 σοι
3065 5304 3405 5373 κρινόμενοι,
3441 5302 3476 5373 ἢ
3505 5284 3739 5372 μεταδιοῗ

2127 5398 2270 5451 δόντι
2332 5413 2414 5449 σοι
2472 5395 2783 5466 χρῄζοντες.
2805 5394 2931 5448 Ἐὰν
2961 5393 3106 5466 κάθῃ
3153 5395 3379 5466 κρίνων,
3433 5394 3512 5464 μὴ
3556 5393 3714 5463 βλέπε

2129 5489 2415 5561 ἀνώμαλα,
2446 5487 2581 5558 μηδὲ
2610 5487 2701 5542 τὸν
2737 5487 2997 5540 πλούσιον
3037 5486 3264 5556 ὑψηλὸν,
3288 5487 3381 5539 τὸν
3406 5485 3469 5539 δὲ
3513 5484 3716 5549 πένητα
3744 5472 3785 5488 ”

2127 5583 2404 5639 ταπεινόν.
2443 5580 2570 5635 Ἐὰν
2593 5580 2920 5653 παρασταθῇ
2950 5582 3016 5650 τῇ
3046 5578 3191 5651 θύρᾳ
3213 5595 3308 5632 σου
3337 5579 3366 5631 6
3392 5577 3498 5648 τὴν
3530 5573 3716 5645 χρείαν

2128 5674 2296 5728 αὐτοῦ
2334 5670 2789 5743 ἐπανορθωθῆναι
2821 5669 3022 5741 ζητῶν,
3073 5669 3210 5742 μηδὲ
3249 5667 3428 5728 οὕτως
3451 5663 3712 5736 ἀνώμαλα

2130 5766 2265 5838 ἴδῃς,
2302 5765 2380 5836 μὴ
2413 5764 2575 5835 εἴπῃς
2596 5780 2610 5795 ·
2643 5756 2816 5826 Οὗτος
2847 5762 3021 5831 φίλος,
3044 5754 3201 5825 οὗτος
3237 5757 3544 5829 συγγενὴς,
3567 5748 3714 5813 οὗτος

2130 5855 2447 5922 εὐεργέτης,
2467 5855 2674 5917 ἐκεῖνος
2698 5851 2868 5919 ξένος,
2892 5852 3205 5918 ἀλλότριος,
3218 5849 3529 5916 ἄγνωστος,
3549 5839 3730 5918 ’Λνὼοε
