3960 6388
284 304 418 371 1303

1554 307 1792 368 SACRA
1827 306 2292 369 PARALLELA.

3427 294 3566 382 139;
3587 329 3590 332 ’

280 420 428 490 μαλα
461 418 680 490 βλέπων
708 418 811 472 οὐκ
840 417 1132 490 ὲλεηθήσῃ.
1165 418 1298 471 Asia
1326 417 1490 487 βλέπε
1517 436 1528 448 ·
1562 419 1725 488 φύσις
1751 420 1870 489 μία,

1979 427 2164 474 tecum
2193 434 2364 490 agens
2394 426 2452 474 ut
2482 419 2909 493 necessitatibus
2937 423 3115 494 ipsius
3143 427 3465 498 subvenias,
3494 450 3564 492 nc

277 512 461 566 ἔνδεια
489 511 549 564 ὲν
570 510 907 581 ἀμφοτέροις
933 511 963 579 ἡ
992 509 1157 580 αὐτή.
1185 510 1286 574 Δὸς
1316 509 1395 580 τῷ
1422 511 1637 582 ἀδελφῷ
1670 512 1766 566 καὶ
1794 511 1872 583 τῷ

277 604 436 674 ξένῳ,
477 603 621 675 μήτε
651 602 746 656 τὸν
777 601 1008 672 ἀδελφὸν
1037 602 1401 673 ἀποστραφῇς
1422 642 1437 668 ,
1473 604 1566 658 καὶ
1597 604 1690 659 τὸν
1723 603 1873 670 ξένον

275 699 511 768 ἀδελφὸν
535 700 742 753 οίκεῖον
766 697 1017 770 ποίησαι.
1051 695 1144 768 Μὴ
1171 697 1437 769 πρόκρινε
1463 698 1557 752 τὸν
1583 699 1737 769 φίλον
1766 700 1874 754 ἀπὸ

275 793 372 846 τοῦ
407 793 729 864 ἀλλοτρίου,
781 790 882 863 τὴν
917 791 1110 864 χρείαν
1158 791 1326 846 αὑτοῦ
1375 793 1870 864 ἐπανορθούμενος.

275 881 540 934 Βούλεταί
574 898 633 934 σε
657 881 1120 952 παραμυθητικὸν
1147 876 1290 935 εἶναι
1326 881 1436 936 τῶν
1466 883 1763 954 δεομένων,
1811 884 1870 937 ού

276 973 763 1046 προσωπολήπτην
787 1011 803 1036 ,
834 972 896 1027 ού
931 972 1011 1044 τῷ
1040 975 1300 1043 συγγενεῖ
1332 974 1577 1040 διδόντα,
1598 974 1692 1028 τὸν
1724 974 1874 1040 ξένον

274 1065 697 1136 ἀπωθούμενον.
744 1065 957 1131 Πάντες
1013 1068 1324 1136 συγγενεῖς,
1370 1067 1574 1134 πάντες
1629 1068 1872 1138 ἀδελφοὶ,

273 1158 399 1222 ἐνὸς
435 1158 647 1229 πατρὸς
678 1159 895 1228 ἔγγονοι
931 1159 1156 1223 πάντες.
1210 1160 1336 1214 Ἐὰν
1375 1161 1466 1214 τὸν
1497 1162 1872 1232 πνευματικὸν

274 1251 443 1322 εῖπῃς
468 1252 706 1324 πατέρα,
730 1254 758 1306 6
788 1253 1074 1323 οὐράνιοςο
1107 1254 1204 1308 ἐὰν
1239 1254 1308 1308 τὰ
1333 1257 1497 1325 γήϊνα
1536 1256 1729 1328 ζητῇς,
1769 1260 1874 1328 μή·-

274 1359 384 1414 τηρ
410 1344 444 1413 ἡ
483 1345 580 1414 γῆ,
617 1343 714 1396 καὶ
741 1343 855 1396 ἀπὸ
910 1341 1007 1396 τοῦ
1063 1341 1232 1397 αὐτοῦ
1275 1343 1454 1414 πηλοῦ
1503 1344 1874 1415 διηρτίσμεοα

274 1436 506 1500 πάντες.
541 1437 704 1491 Ὥστε
731 1435 938 1507 ἀδελφὴ
983 1438 1017 1508 ἡ
1053 1437 1218 1505 φύσις
1245 1437 1388 1491 κατά
1422 1437 1625 1508 σάρκας
1669 1438 1874 1512 ἀδελφὴ

274 1528 312 1596 ὴ
338 1527 556 1594 γένεσις
602 1529 636 1598 ἡ
666 1527 809 1582 κατά
857 1527 1097 1598 πνεῦμα.
1130 1529 1205 1582 Τὸ
1243 1529 1376 1582 αύτό
1408 1547 1492 1583 σοι
1535 1525 1676 1600 αἷμα
1718 1531 1878 1602 φορεῖ

274 1619 388 1672 ἀπὸ
420 1619 518 1673 τοῦ
555 1618 774 1689 πρώτου
821 1620 1150 1692 ἀνθρώπου·
1209 1622 1310 1690 τὴν
1357 1623 1530 1692 αὐτήν
1584 1639 1668 1675 σοι
1715 1622 1878 1695 χάριν

275 1712 442 1766 ἔλαϐε
471 1712 625 1784 παρά
656 1713 749 1767 τοῦ
787 1713 1084 1768 Δεσπότου.
1109 1714 1288 1768 Βλέπε
1307 1710 1403 1769 οὖν
1433 1715 1574 1780 λεῖα,
1609 1715 1699 1770 ἵνα
1721 1717 1876 1787 έλεη-

275 1806 403 1875 θῇς.
442 1806 534 1876 Μὴ
577 1807 774 1878 εἴπῃς·
814 1802 991 1871 Οὗτος
1045 1806 1306 1872 πλούσιος
1363 1811 1458 1862 καὶ
1491 1807 1662 1880 τιμῆς
1700 1808 1873 1876 ἄξιος,

274 1901 494 1962 ἐκεῖνος
522 1897 713 1970 πένης,
751 1899 850 1954 καὶ
879 1898 1160 1969 φαυλίζων
1189 1900 1283 1954 τὸν
1313 1899 1522 1973 πένητα
1541 1941 1559 1966 ,
1596 1900 1734 1972 μηδὲ
1757 1903 1878 1966 ταῖς

273 1991 587 2062 ὑπεροχαῖς
639 1991 871 2056 ταύταις
927 1992 1236 2063 ἀνωμάλως
1281 1992 1654 2063 διάνεμεετάς
1682 1993 1873 2064 τιμάς.

277 2084 446 2136 Ἔστι
486 2083 596 2154 γὰρ
616 2085 644 2136 6
683 2083 942 2150 πλούσιος
970 2085 1238 2157 ψεύστης,
1269 2087 1298 2140 6
1327 2086 1587 2150 πλούσιος
1617 2086 1825 2158 ἅρπαξ,
1848 2089 1880 2140 ὁ

271 2170 544 2234 πλούσιος
607 2172 832 2244 πόρνος,
888 2177 917 2228 6
953 2176 1125 2246 πένης
1155 2177 1387 2240 δίκαιος.
1441 2175 1534 2247 Μὴ
1580 2176 1766 2230 τοίνυν
1809 2179 1877 2250 τῇ

266 2262 484 2332 ἔξωθεν
515 2267 814 2339 ἐπιφανείᾳ
838 2267 1097 2339 πρόσεχε,
1136 2269 1252 2322 ἀλλ’
1278 2271 1357 2332 είς
1388 2269 1450 2322 τὸ
1481 2269 1729 2340 κρυπτὸν
1762 2271 1877 2323 εἰσ-

270 2360 600 2431 ερχόμενος,
649 2363 770 2417 ἐκεῖ
797 2363 896 2428 τὰς
925 2364 1187 2434 διαφοράς
1218 2363 1464 2434 διάνεμε.
1503 2362 1650 2432 Τίμα
1689 2361 1780 2415 τὸν
1809 2363 1877 2416 τὰ

271 2451 440 2520 τίμια
463 2454 826 2524 κεκτημένον.
853 2455 918 2508 Τί
946 2453 1314 2527 τιμιώτερον;
1343 2453 1515 2527 ἀρετὴ
1542 2453 1575 2524 ἢ
1605 2452 1836 2516 πλοῦτος
1861 2471 1876 2518 ;

271 2544 335 2596 τί
363 2545 429 2599 ὲκ
461 2545 572 2599 τῶν
601 2545 802 2612 ἔξωθεν
837 2546 1161 2617 δοκιμάζεις
1215 2545 1287 2600 τά
1325 2544 1537 2616 κρύφια
1585 2543 1877 2616 διερευνὼ-

274 2652 484 2704 μενοςς
529 2637 694 2710 Ὁρᾷς
747 2639 829 2692 ὅτι
885 2641 913 2694 6
951 2638 1082 2709 Βὴλ,
1125 2635 1326 2704 ἔξωθεν
1357 2637 1458 2707 μὲν
1495 2635 1610 2707 ἔχει
1654 2636 1878 2706 χαλκὸν,

270 2727 497 2784 ἔνδοθεν
529 2731 586 2784 δὲ
621 2731 817 2802 πηλὸν,
849 2731 928 2801 τῷ
971 2731 1476 2803 περιαστράπτοντι
1527 2729 1714 2800 χαλκῷ
1743 2729 1877 2782 ὑπο-

271 2822 694 2894 κρυπτόμενονς
739 2823 864 2878 Ἐὰν
895 2824 1014 2896 ἴδῃς
1039 2825 1170 2887 τοὺς
1203 2825 1261 2876 ὲν
1291 2821 1369 2894 τῷ
1402 2822 1502 2894 βίῳ
1532 2824 1876 2892 περιφανεῖς,

1977 513 2062 569 sic
2093 527 2318 585 quoque
2359 512 2652 584 inaequalia
2697 517 3031 589 prospicias,
3095 535 3160 576 ac
3208 521 3410 578 dicas:
3461 525 3562 582 Hic

1977 605 2213 670 amicus,
2248 606 2338 661 hic
2397 620 2685 680 cognatus,
2729 609 2820 666 hic
2861 611 3003 670 bene
3045 614 3116 676 de
3167 631 3255 672 me
3289 617 3562 686 meritus;

1976 699 2068 756 ille
2123 699 2488 770 peregrinus,
2550 701 2798 769 alienus,
2851 703 3096 775 ignotus.
3157 705 3216 763 Si
3269 708 3566 779 inaequalia

1979 789 2287 860 aspexeris,
2333 791 2765 864 haudquaquam
2804 795 3244 852 misericordiam
3292 814 3565 856 consecu-

1978 889 2140 940 turus
2179 897 2261 940 es.
2311 883 2481 938 Plana
2525 898 2712 941 cerne.
2771 884 2980 942 Natura
3017 903 3128 943 una
3160 900 3245 945 est
3297 909 3312 946 :
3363 903 3477 948 una
3510 902 3567 949 et

1977 971 2264 1029 eademin
2313 981 2555 1046 utroque
2595 974 2928 1047 indigentia.
2975 978 3051 1034 Da
3110 980 3267 1037 fratri
3312 993 3366 1039 et
3417 1000 3564 1055 perc-

1977 1065 2159 1136 griuo.
2196 1065 2290 1122 Sic
2322 1074 2376 1122 te
2410 1081 2700 1140 compara,
2737 1079 2796 1124 ut
2839 1086 2941 1126 nec
2991 1069 3220 1127 fratrem
3264 1077 3561 1137 averseris.

1979 1172 2082 1212 nec
2109 1166 2265 1212 tuum
2314 1157 2544 1213 fratrem
2589 1160 2944 1230 peregrinum
2988 1161 3182 1217 facias.
3214 1163 3466 1219 Amicum
3495 1167 3566 1221 ab

1979 1257 2246 1306 extraneo
2279 1265 2348 1306 ne
2389 1250 2722 1322 distinguas,
2757 1252 2889 1308 dum
2923 1254 3360 1310 necessitatibus
3391 1257 3566 1327 ipsius

1981 1342 2325 1399 subveneris.
2365 1341 2497 1398 Vult
2551 1343 2698 1400 Deus
2736 1346 3014 1416 egentium
3069 1354 3124 1402 te
3159 1348 3566 1404 consolatorem

1978 1451 2124 1502 esse,
2144 1450 2254 1491 non
2273 1451 2636 1508 personarum
2661 1448 3047 1509 acceptorem;
3081 1453 3190 1494 non
3210 1441 3303 1510 qui
3335 1449 3570 1512 cognato

1977 1528 2211 1594 tribuat,
2246 1528 2486 1583 alienum
2519 1537 2704 1585 autem
2725 1529 3068 1586 submoveat.
3094 1531 3299 1588 Omnes
3323 1532 3573 1604 cognati.

1979 1635 2175 1677 omnes
2206 1620 2406 1678 fratres
2437 1637 2650 1688 sumus,
2684 1638 2751 1677 ex
2781 1637 2890 1676 uno
2921 1631 3076 1693 patre
3106 1639 3300 1682 omnes
3321 1626 3566 1681 oriundi.

1988 1713 2045 1770 Si
2084 1715 2434 1786 spiritualem
2470 1725 2684 1787 patrem
2735 1716 2966 1783 dixeris,
3018 1719 3110 1776 ille
3163 1719 3410 1776 caelestis
3440 1728 3564 1776 est:

1979 1807 2065 1863 sin
2093 1814 2313 1863 terrena
2343 1823 2581 1878 quaeras,
2625 1818 2774 1865 terra
2806 1820 2982 1866 mater
3020 1820 3127 1876 est,
3156 1819 3322 1882 atque
3357 1827 3423 1866 ex
3460 1827 3568 1867 uno

1978 1898 2282 1970 eodemque
2311 1915 2504 1957 omnes
2560 1901 2678 1956 luto
2720 1902 2991 1972 eompacti
3040 1918 3258 1958 sumus.
3296 1901 3570 1969 Quocirca

1979 1998 2034 2048 et
2065 1999 2268 2047 natura
2299 2007 2466 2049 soror
2507 1995 2751 2049 carnalis
2779 2003 2863 2049 est
2898 2011 2912 2048 :
2941 2009 3103 2050 soror
3142 1995 3271 2050 item
3303 1996 3598 2052 nativitas.

1981 2081 2314 2152 spiritualis.
2347 2081 2616 2138 Eumdem
2651 2084 2751 2138 tibi
2789 2083 2892 2140 fert
2919 2099 2949 2138 a
2981 2085 3407 2155 primo-homine
3439 2100 3571 2142 san-

1979 2174 2238 2244 guinem;
2277 2173 2526 2230 eamdem
2559 2175 2657 2229 tibi
2692 2190 2722 2230 a
2758 2174 2995 2231 Domino
3020 2176 3255 2248 gratiam
3285 2178 3568 2233 conciliat.

1978 2262 2159 2319 Cerne
2187 2262 2356 2336 igitur
2380 2264 2565 2335 plana,
2605 2272 2666 2318 ut
2697 2265 3143 2322 misericordiam
3182 2267 3450 2323 invenias.
3490 2264 3572 2323 Ne

1979 2353 2194 2411 dixeris
2246 2368 2261 2409 :
2317 2353 2421 2410 llic
2468 2355 2623 2412 dives
2675 2363 2800 2421 est,
2861 2363 2916 2413 et
2967 2357 3176 2415 honore
3226 2359 3466 2430 dignus;
3524 2359 3572 2416 is

1981 2464 2110 2505 vero
2179 2464 2414 2519 pauper,
2481 2461 2540 2505 ut
2599 2467 2898 2522 pauperem
2974 2462 3220 2523 spretum
3298 2452 3504 2507 habeas
3554 2470 3569 2508 :

1981 2557 2051 2597 ne
2081 2541 2352 2612 ejusmodi
2409 2543 2805 2612 prmcellentiis
2863 2545 3106 2600 honores
3162 2544 3574 2614 inaequabiliter

1981 2635 2310 2692 distribuas.
2336 2633 2499 2693 Dives
2532 2638 2736 2707 quippe
2763 2637 2997 2691 mendax
3028 2646 3134 2702 est,
3163 2637 3317 2692 dives
3351 2645 3436 2692 est
3461 2636 3578 2692 for.

1982 2729 2226 2794 nicalor,
2264 2742 2434 2798 rapax
2468 2736 2586 2793 est;
2624 2737 2821 2783 contra
2853 2743 2984 2784 vero
3018 2744 3226 2799 pauper
3254 2730 3438 2799 justus
3462 2738 3570 2784 est.

1981 2819 2341 2891 Nequaquam
2371 2821 2530 2890 igitur
2555 2819 2623 2875 ad
2643 2829 2931 2877 externum
2954 2821 3304 2892 splendorem
3325 2822 3575 2876 animum

272 2911 522 2980 γίνωσκε
547 2913 629 2966 ὅτι
656 2915 685 2967 6
715 2913 918 2982 χαλκὸς
953 2915 1140 2976 αὐτοῖς
1167 2913 1532 2985 περιλάμπει,
1557 2911 1772 2966 ἔνδοθεν
1821 2912 1877 2965 δὲ

1985 2913 2244 2984 adiicias,
2287 2914 2382 2970 sed
2425 2916 2477 2967 in
2519 2914 2794 2968 occultum
2836 2913 3177 2984 ingrediens,
3220 2914 3333 2968 illic
3367 2913 3574 2970 discri-

271 3003 457 3075 πηλός
491 3006 650 3061 εἰσιν.
672 3005 870 3059 Πολλοὶ
895 3006 994 3076 μὲν
1016 3005 1220 3076 χρυσὸν
1248 3005 1464 3076 ἔχουσιν
1491 3005 1877 3078 ἔνδον,·δστρα-

1984 3005 2132 3059 mina
2187 3005 2415 3074 partire.
2477 3004 2612 3059 Eum
2655 3005 2889 3071 honora,
2922 3005 3017 3075 qui
3055 3019 3143 3060 res
3175 3005 3362 3060 eximii
3414 3005 3576 3075 pretii

269 3114 379 3151 κον
408 3098 464 3152 δὲ
491 3097 693 3164 ἔξωθεν
725 3099 1132 3170 περικείμενον.
1173 3092 1344 3163 Οὗτος
1373 3101 1666 3171 σωφρονεῖ,
1693 3099 1877 3153 κάκεῖ-

1984 3097 2258 3168 possidet.
2307 3095 2504 3152 Utrum
2543 3114 2574 3154 e
2600 3097 2822 3153 duobus
2855 3099 3234 3168 praestantius,
3265 3097 3464 3164 virtus,
3504 3111 3578 3152 an
3601 3132 3608 3150 -.

265 3206 372 3252 νος
397 3190 673 3261 πορνεύει.
711 3191 809 3255 Τίς
838 3191 1275 3262 πλουσιώτερος;
1305 3193 1335 3245 6
1368 3192 1468 3263 τὴν
1515 3192 1876 3263 σωφροσύνην

1985 3191 2157 3262 opes?
2188 3191 2331 3258 Quid
2362 3191 2431 3245 ab
2455 3190 2702 3246 externis
2735 3205 3031 3247 censuram
3065 3188 3226 3256 facis,
3262 3189 3444 3263 mg
3475 3203 3584 3245 nec

266 3281 446 3351 ἔχων,
499 3283 531 3353 ἢ
574 3284 603 3336 6
646 3283 716 3338 τὰ
760 3284 1023 3355 χρήματα
1057 3285 1117 3351 ἐξ
1175 3283 1390 3347 ἀδικίας
1445 3283 1878 3354 συνειλεγμένα;

264 3374 440 3430 ’τοῦτο
466 3377 527 3430 τὸ
553 3378 900 3448 μνημόσυνον
923 3377 1311 3449 ἀναφαίρετον,
1342 3378 1551 3442 ἐκεῖνος
1583 3379 1612 3431 6
1644 3377 1877 3442 πλοῦτος

272 3465 644 3539 πρόσκαιρος.
695 3467 900 3522 Τοῦτον
952 3468 1200 3540 κλέπτης
1235 3467 1298 3521 ού
1331 3467 1634 3538 διορύσσει,
1663 3468 1878 3532 ἐκεῖνος

277 3560 528 3630 σήμερον
584 3561 760 3627 ἀνθεῖ,
823 3560 1016 3632 αὔριον
1083 3562 1141 3616 δὲ
1188 3561 1652 3632 ἀπομαραίνεται.
1708 3560 1874 3615 Ὥστε

1979 3300 2104 3356 qua:
2133 3283 2320 3339 abdita
2355 3291 2509 3348 sunt,
2551 3282 2818 3339 excutis?
2848 3282 3048 3337 Annon
3089 3284 3246 3339 vides
3272 3282 3364 3337 Bel
3394 3283 3577 3349 illum,

1981 3386 2209 3435 exterae
2239 3377 2464 3448 quidem
2497 3391 2723 3441 aereum,
2758 3375 2976 3430 interne
2999 3382 3182 3430 autem
3222 3375 3398 3428 lutum
3428 3388 3599 3440 esse,-

1981 3472 2086 3529 sub
2107 3486 2216 3526 mre
2252 3469 2482 3540 fulgenti
2513 3467 2971 3524 delitescentem?
3005 3467 3061 3520 Si
3091 3466 3341 3522 homines
3380 3466 3435 3519 in
3469 3465 3577 3520 hac

1983 3561 2099 3617 vita
2135 3559 2458 3632 splendidos
2495 3567 2549 3614 et
2591 3558 2844 3614 illustres
2892 3557 3125 3622 videris,
3173 3557 3280 3612 hoc
3331 3555 3576 3620 noveris,

276 3649 455 3720 βλέπε
487 3650 626 3714 λεῖα,
649 3651 932 3722 ὁμοτίμως
956 3650 1100 3706 κατά
1124 3650 1186 3704 τὺ
1205 3650 1338 3704 αὑτό
1357 3667 1370 3680 ·
1407 3649 1507 3720 τὴν
1543 3650 1728 3720 μέντοι
1754 3650 1874 3705 διά-

1984 3670 2080 3711 eos
2113 3669 2222 3710 atro
2253 3653 2476 3724 quidem
2519 3652 2762 3722 undique
2802 3651 3033 3723 fulgere,
3071 3652 3222 3706 intus
3243 3665 3377 3704 vero
3401 3650 3576 3703 lutum

270 3759 469 3811 κρισιν
509 3743 620 3797 τῶν
655 3745 858 3815 τιμίων
895 3744 972 3816 μὴ
1011 3744 1306 3816 ἀφανίσῃς,
1335 3745 1422 3798 ἵνα
1453 3739 1520 3816 ᾖς
1548 3743 1866 3815 ὲλεημένος.

1981 3763 2126 3804 esse.
2171 3746 2382 3804 Contra
2411 3747 2660 3818 plerique
2702 3756 2832 3801 sunt
2896 3745 2991 3816 qui
3045 3761 3239 3800 aurum
3293 3745 3446 3799 intus
3481 3743 3578 3797 ha-

271 3837 469 3900 beant,
499 3843 658 3892 extra
692 3843 878 3892 autem
912 3844 1109 3892 testam
1144 3843 1362 3908 gerant.
1407 3833 1510 3890 Hic
1571 3835 1898 3906 pudicitiam
1932 3839 2086 3905 colit,
2121 3837 2212 3894 ille
2243 3845 2552 3894 scortatur.
2589 3836 2722 3894 Uter
2749 3837 2963 3892 ditior?
3011 3837 3133 3892 isne
3185 3835 3280 3906 qui
3321 3837 3580 3892 castitate

274 3931 550 4002 praeditus
589 3939 696 3998 est,
752 3947 822 3987 an
856 3932 951 4003 qui
998 3932 1264 4003 pecunias
1305 3930 1518 4000 iniquis
1561 3930 1875 3987 rationibus
1911 3934 2182 3990 collectas
2211 3933 2422 3988 habet?
2471 3935 2638 4004 hujus
2667 3935 2932 3990 memoria
2982 3933 3194 3990 auferri
3265 3935 3582 3988 nullatenus

274 4033 515 4090 potest:
569 4025 720 4082 illius
758 4040 891 4096 opes
929 4023 1155 4080 caducae
1206 4031 1337 4079 sunt
1389 4029 1444 4078 et
1500 4022 1874 4091 temporariae.
1919 4024 2057 4079 Illud
2099 4024 2192 4078 fur
2233 4040 2347 4100 non
2399 4032 2584 4094 potest
2623 4023 2906 4080 effodere:
2990 4023 3097 4079 hoc
3166 4023 3432 4079 hodierna
3490 4023 3597 4078 die-

273 4119 732 4185 ﬂorebcrastina
763 4118 1080 4174 marcescit.
1104 4116 1240 4184 Quae
1281 4130 1404 4171 cum
1470 4113 1545 4170 ita
1579 4114 1716 4179 sint,
1783 4115 1947 4185 plana
1975 4131 2163 4183 cerne,
2207 4117 2313 4172 hoc
2363 4124 2450 4171 est
2498 4127 2797 4186 utrumque
2826 4115 3091 4186 perinde;
3133 4123 3422 4171 ut-eorum
3456 4129 3601 4184 quae-

277 4215 471 4284 magni
522 4215 682 4284 pretii
725 4221 879 4276 sunt.
932 4213 1352 4268 distinctionem
1405 4209 1636 4266 minime
1667 4209 1877 4275 deleas,
1913 4226 2025 4283 quo
2061 4211 2506 4267 misericordiam
2551 4211 2940 4279 consequaris.

358 4305 516 4360 Οὕτω
537 4305 801 4377 δοκίμαζε
826 4305 919 4358 τὸν
951 4303 1202 4374 ἀδελφὺν,
1235 4301 1310 4366 ὡς
1341 4302 1438 4356 καὶ
1473 4301 1635 4364 αὐτὸς
1673 4301 1732 4354 ὲν
1760 4301 1875 4364 τοῖς

2062 4301 2123 4357 S.
2179 4301 2335 4372 Creg.
2368 4301 2628 4355 -Naz.—
2662 4300 2756 4354 Sic
2803 4299 3038 4370 fratrem
3087 4307 3242 4354 tuum
3297 4299 3600 4367 examina,,

282 4395 475 4460 αὐτοῖς
511 4395 733 4467 μέτροις
759 4393 1102 4466 κρινόμενος.
1132 4423 1202 4434 -
1228 4393 1503 4464 Ποιήσατε
1529 4391 1877 4462 δικαιοσύνης

1986 4393 2140 4448 velut
2175 4401 2233 4447 tu
2274 4407 2497 4464 quoque
2546 4392 2755 4447 eadem.
2781 4391 2861 4448 sis
2885 4440 2887 4442 .
2911 4406 3175 4448 mensura
3213 4391 3572 4462 iudicandus.

279 4485 472 4552 ὅπλον,
508 4485 585 4558 μὴ
624 4485 883 4552 θανάτου,
931 4485 1031 4557 τὴν
1076 4485 1382 4540 παίδευσιν.
1410 4514 1479 4524 -
1522 4483 1666 4538 Ἰσθι
1697 4483 1877 4556 κρινό-

1988 4517 2057 4527 ——
2089 4486 2226 4544 Date
2253 4501 2503 4558 operam,
2545 4493 2605 4540 ut
2638 4484 2880 4542 eruditio
2918 4485 3168 4555 iustitiae.
3200 4500 3311 4540 non
3353 4485 3604 4549 mortis,,

287 4597 457 4650 μενος
485 4579 516 4633 6
555 4580 773 4652 κριτὴς,
830 4581 926 4634 καὶ
955 4574 1122 4652 ἦττον
1164 4581 1530 4651 ἀμαρτήσεις.
1559 4561 1877 4632 -ίἜναντι

1989 4582 2151 4639 vobis
2176 4588 2462 4636 armatura
2488 4581 2582 4636 sit.
2605 4611 2674 4620 —
2702 4578 2808 4648 Qui
2833 4579 3030 4658 judex_,
3060 4593 3140 4642 es,
3169 4578 3251 4632 rei
3279 4591 3574 4648 personam

285 4673 514 4726 πάντων
543 4672 823 4741 εἰσένεγκε
855 4672 956 4743 τὴν
1002 4673 1444 4744 φιλανθρωπίαν,
1481 4665 1722 4746 ᾖχαίρει
1751 4673 1877 4737 Θεὸς

1991 4677 2240 4742 sustine;
2271 4684 2437 4746 atque
2463 4672 2676 4728 ita-fiet-
2701 4680 2764 4727 ut
2799 4672 2986 4727 minus
3022 4684 3239 4741 pecces.
3269 4699 3338 4709 —
3375 4666 3573 4723 Coram
3593 4698 3608 4724 -.-

288 4764 502 4835 μᾶλλον
543 4763 576 4835 ἦ
629 4766 765 4819 πᾶσι
811 4767 924 4830 τοῖς
981 4765 1186 4829 ἄλλοις.
1242 4763 1416 4832 Μῖξον
1476 4765 1556 4835 τῷ
1601 4766 1752 4835 φόϐῳ
1784 4766 1877 4837 τὴν

1989 4766 2252 4822 omnibus
2283 4765 2676 4836 benignitatem
2706 4761 2929 4833 praefer,
2953 4776 3060 4831 qua
3099 4759 3242 4814 Deus
3273 4758 3603 4846 impensius.

285 4855 618 4922 ἐπιείκειαν,
678 4854 915 4926 κέρασον
944 4858 1008 4926 τῇ
1056 4855 1256 4927 ἀπειλῇ
1307 4855 1408 4927 τὴν
1448 4855 1662 4910 ἐλπίδα.
1699 4855 1877 4909 Πολλὰ

1988 4854 2321 4920 delectatur,
2354 4867 2517 4924 quam
2553 4849 3138 4920 aliisiquibuscunque
3175 4846 3368 4902 rebus.
3414 4845 3579 4900 Leui-

288 4945 392 4999 καὶ
445 4946 794 5016 χρηστότητα
845 4947 1149 5017 κατορθοῦν
1200 4944 1347 5012 οἶδα,
1392 4948 1751 5002 δυσωποῦσαν
1799 4950 1876 5014 είς

1989 4956 2162 5004 tatem
2193 4948 2436 5004 admisce
2467 4945 2691 5008 terrori,
2727 4959 2827 5015 spe
2873 4943 3067 4997 minas.
3100 4949 3363 5012 tempera.
3406 4937 3573 4994 Multa

286 5035 654 5107 ὀφειλομένην
691 5036 1090 5091 ἀνταπόδοσιν⁸
1148 5039 1280 5092 ὅταν
1335 5039 1620 5109 βιάζεσοαι
1679 5040 1877 5110 παρδν,

1988 5051 2215 5108 quoque
2270 5035 2665 5106 benignitatem
2700 5034 2972 5090 coniicere
3003 5038 3347 5102 compertum
3373 5029 3573 5093 habeo,

290 5127 757 5208 συγχωρήσαντες
773 5127 1192 5200 δυσωπήσωμεν
1213 5128 1399 5202 εὐνοίᾳ
1416 5129 1508 5183 τὸν
1535 5128 1877 5199 ἐλεούμενον.

1991 5135 2048 5183 ut
2073 5143 2198 5200 quae
2227 5127 2479 5182 homines
2504 5126 2572 5182 ad
2605 5125 3030 5194 persolvendam
3072 5123 3306 5194 gratiam
3329 5122 3573 5178 debitam

291 5237 534 5286 moveat.
570 5228 709 5284 Dum
757 5228 840 5284 vis
874 5225 1179 5281 inferendae
1223 5234 1442 5296 tempus
1473 5235 1580 5293 est,
1635 5239 1904 5282 concessa
1936 5225 2120 5294 venia,
2156 5239 2283 5280 eum
2317 5224 2371 5279 in
2429 5239 2595 5294 quem
2644 5221 3041 5280 misericordes
3093 5235 3308 5287 sumus,
3339 5219 3576 5274 benevo'

291 5325 462 5384 lentia
495 5327 646 5386 velut
679 5326 882 5394 injecto
911 5323 1123 5396 pudore
1158 5322 1568 5394 pertrahamus.

2547 5414 2735 5486 Ejusd.
2782 5423 2904 5470 tetr.
2939 5413 3028 5469 56.

2103 5513 2240 5567 Aliis
2273 5509 2506 5566 nocendo
2537 5508 2698 5564 robur
2718 5507 2862 5563 haud
2895 5514 3132 5561 monstra
3166 5512 3317 5559 tuum

2103 5583 2205 5638 Sed
2239 5581 2577 5644 demerendo,
2609 5581 2656 5634 si
2683 5579 2809 5633 velis
2847 5578 2964 5646 fieri
2999 5576 3148 5630 deus.

2105 5655 2197 5710 Est
2221 5654 2336 5722 ejus
2362 5650 2526 5715 istud,
2556 5652 2644 5718 qui
2672 5666 2822 5703 suum
2852 5649 2990 5701 norit
3015 5663 3199 5716 genus.

2102 5718 2286 5782 Facile
2319 5733 2373 5779 at
2411 5723 2668 5787 necarint,
2703 5730 2750 5774 ct
2784 5728 2990 5790 frygon,
3012 5729 3061 5774 et
3101 5718 3360 5786 scorpius.

373 5530 443 5584 Τὸ
479 5529 812 5596 δραστικὸν
849 5528 1112 5588 δείκνυε,
1139 5527 1225 5596 μὴ
1255 5524 1515 5596 τῷλδρξὶν
1543 5523 1760 5591 κακῶς.

371 5599 457 5663 Τῷ
483 5592 534 5650 δ”
556 5596 626 5655 εὖ
668 5617 721 5653 τι
755 5599 970 5666 ποιεῖν,
999 5601 1050 5651 ει
1083 5592 1276 5662 θέλέις
1305 5592 1458 5650 εἶναι
1487 5597 1650 5666 Θεός.

368 5669 441 5724 T6
465 5670 519 5721 δ’
543 5670 718 5722 ἐστὶν
741 5665 962 5738 ἀνδρὸς
995 5668 1224 5732 εἰδότος
1240 5668 1306 5738 τὸ
1336 5665 1650 5738 συγγενές.

371 5741 602 5797 κτείνει
637 5740 704 5796 δὲ
720 5738 944 5811 ῥᾷστα.
973 5738 1070 5794 καί
1106 5737 1357 5808 τρυγὼν.
1385 5737 1479 5793 καί
1499 5737 1809 5840 σκορπίφιι.
1908 5804 1956 5816 δ’
