3960 6380
282 251 413 316 1397

1546 243 1791 304 SACRA
1825 242 2291 303 PARALLELA.

3422 243 3558 310 1398
3574 274 3579 289 ι

349 381 369 413 ι
410 359 603 432 Ὑμεῖς
636 356 946 426 ἐξεκλίνατε
977 354 1042 409 ἐκ
1068 355 1166 426 τῆς
1198 354 1321 409 ὁδοῦ
1342 373 1356 387 -
1382 336 1721 428 ἡσθενήσάτε
1745 355 1865 409 πολ-

2047 355 2282 409 Μαιασιι.
2316 368 2375 419 ιι,
2413 353 2464 422 8,
2482 354 2612 410 9.—
2643 374 2662 406 ι
2698 354 2809 411 Vos
2825 353 3197 412 declinastisa
3228 354 3316 411 via
3350 372 3364 410 :
3399 357 3555 414 infir-

184 456 191 467 '
260 453 419 517 λούς.
444 452 619 521 Κάγὼ
648 451 860 505 δέδωκα
891 450 1037 519 ὑμᾶς
1069 447 1553 519 ἐξουθενουμένους
1582 451 1663 513 είς
1684 449 1864 504 πάντα

267 546 342 602 τὰ
369 545 519 618 ἔθνη,
550 543 667 599 ἀνθ’
688 537 763 599 ὧν
793 541 1125 614 ἐλαμϐάνετε
1162 540 1313 612 δῶρα
1338 542 1396 594 ἐν
1423 543 1589 612 νόμῳ.
1625 560 1643 595 ι

181 715 191 724 ’
256 735 262 741 ⁷
351 762 368 785 ε
404 732 600 800 Γέγονε
634 729 840 802 κρίσις,
875 729 968 782 καὶ
995 728 1238 800 δκριτής
1257 727 1546 803 λαμϐάνει.
1580 729 1678 783 Διὰ
1706 728 1864 784 τοῦτο

271 823 653 878 διεσκέδασται
679 821 861 892 νόμος,
894 822 990 875 καὶ
1027 822 1088 874 ού
1124 820 1431 890 διεξάγεται
1455 823 1535 885 είς
1561 820 1712 885 τέλος
1742 821 1864 893 κρίι

271 932 383 983 σις,
410 914 493 968 ὅτι
518 912 724 983 ἁσεσὴς
762 911 1221 967 καταδυναστεύει
1249 911 1341 966 τὸν
1364 910 1589 966 δίκαιον.
1628 930 1645 962 ι

350 1114 373 1149 ι
406 1097 471 1150 Ol
499 1097 763 1167 ἄρχοντες
783 1094 955 1165 αὐτῆς
989 1094 1048 1149 ἐν
1072 1097 1234 1167 αὐτῇ,
1255 1092 1331 1159 ὡς
1363 1095 1578 1159 λέοντες
1609 1095 1863 1166 ὠρυόμε-

270 1206 379 1257 νοι,
411 1190 461 1242 οξ
488 1189 676 1261 κριταὶ
708 1189 775 1242 αὐ
787 1188 878 1261 τῆς
904 1188 980 1252 ὡς
1008 1188 1163 1242 λύκοι
1186 1188 1287 1259 τῆς
1310 1188 1595 1259 ’Δραϐίας.
1634 1207 1652 1239 ι

355 1392 375 1424 ι
404 1372 468 1425 ΟΞ
497 1370 757 1442 ἄρχοντές
808 1387 901 1424 σου
930 1368 1259 1437 ἀπειθοῦσι,
1302 1370 1552 1425 κοινωνοὶ
1591 1371 1861 1441 κλεπτῶν,

269 1463 602 1532 ἀγαπῶντες
622 1462 794 1532 δῶρα,
830 1461 1118 1525 διώκοντες
1170 1462 1525 1535 ἀνταπόδομα
1548 1503 1562 1527 ,
1610 1465 1865 1536 ὀρφανοῖς

269 1557 333 1607 ού
367 1555 667 1627 κρίνοντες,
700 1555 796 1609 καὶ
823 1555 1004 1625 κρίσει
1036 1553 1224 1626 χηρῶν
1248 1556 1307 1609 ού
1344 1556 1725 1628 προσέχοντες.
1769 1576 1789 1610 ι

357 1751 374 1783 ι
431 1731 747 1801 Ἐπιστήσω
771 1729 1090 1794 νεανίσκους
1108 1729 1376 1803 ἄρχοντας
1406 1731 1607 1801 αὐτῶν,
1636 1732 1733 1788 καὶ
1759 1734 1857 1806 ἐμ-

271 1824 505 1876 παῖκται
530 1821 910 1893 κυριεύσουσιν
931 1821 1131 1876 αὐτῶν.
1166 1841 1185 1873 ι

357 1933 375 1963 ι
408 1913 580 1967 ὀταν
608 1912 892 1982 ἐκτείνητε
932 1911 1035 1977 τὰς
1071 1915 1265 1985 χεῖρας
1304 1914 1490 1985 ὑμῶν,
1532 1916 1866 1990 ἀποστρέψω

268 2003 339 2056 τὸ
368 2002 659 2074 πρόσωπόν
703 2020 806 2074 μου
864 2003 957 2073 ἀφ’
986 2004 1141 2075 ὑμῶν
1223 2005 1289 2059 Al
1327 2006 1436 2079 γὰρ
1469 2009 1653 2080 χεῖρες
1712 2007 1866 2080 ὑμῶν

270 2095 518 2167 αἵματος
553 2093 805 2166 πλήρεις.
841 2114 861 2148 ι
1412 2150 1421 2163 ,

358 2207 379 2240 ι
420 2186 558 2241 Οὐαὶ
596 2189 645 2240 oi
668 2186 1009 2253 δικαιοῦντες
1040 2187 1134 2242 τὸν
1186 2189 1360 2261 ἀσεϐῆ
1407 2189 1599 2245 ἕνεκεν
1632 2192 1863 2266 δώρων,

269 2277 376 2333 καὶ
401 2279 465 2333 τὸ
484 2278 693 2334 δίκαιον
732 2279 827 2332 τοῦ
851 2279 1062 2333 δικαίου
1093 2280 1346 2351 αἴροντες
1401 2280 1495 2334 ἀπ’
1544 2280 1732 2340 αὐτοῦ.
1764 2287 1865 2339 Διὰ

269 2370 440 2425 τοῦτο
468 2371 531 2426 δν
570 2371 773 2443 τρόπον
806 2372 1147 2445 καυθήσεται
1180 2376 1406 2451 καλάμη
1454 2377 1560 2430 ὑπὸ
1591 2377 1866 2451 ἄνθρακος

269 2462 474 2533 πυρὸς,
523 2463 618 2518 καὶ
666 2462 1112 2535 συγκαυθήσεται
1145 2466 1252 2521 ὑπὸ
1293 2467 1493 2537 φλογὸς
1512 2468 1862 2542 ἀνημμένης,

269 2556 313 2624 ἡ
348 2553 475 2626 ῥίζα
500 2554 680 2610 αὐτῶν
722 2555 800 2620 ὥς
840 2557 1033 2629 χόρτος
1069 2560 1245 2626 ἔσται,
1273 2559 1367 2613 καὶ
1406 2561 1467 2613 τὸ
1493 2561 1654 2626 ἄνθος
1686 2562 1864 2617 αὐτῶν

268 2646 357 2710 ὡς
386 2649 666 2719 κονιορτὸς
687 2649 1046 2720 ἀναϐήσεται.
1073 2652 1147 2705 Οὐ
1166 2651 1273 2722 γὰρ
1293 2652 1567 2724 ἠθέλησαν
1590 2656 1682 2709 τὸν
1702 2657 1864 2729 νόμον

270 2738 491 2811 κυρίου
530 2739 760 2795 Σαϐαὼθ
816 2744 1012 2807 ποιεῖν,
1065 2742 1203 2797 ἀλλὰ
1262 2741 1324 2797 τδ
1357 2743 1537 2814 λόγιον
1564 2745 1659 2799 τοῦ
1705 2747 1864 2817 ἁγίου

269 2829 503 2901 Ἰσραὴλ
526 2849 603 2884 πα
613 2830 877 2903 ρώξυναν.
917 2852 937 2885 ι

360 2942 380 2974 ι
418 2924 557 2978 Οὐαὶ
588 2924 702 2989 τοῖς
738 2925 1011 2998 γράφουσι
1058 2929 1347 3002 πονηρίαν.
1394 2931 1706 3003 Γράφοντες
1758 2934 1865 3007 γὰρ

1968 465 2087 505 mos
2121 448 2332 504 fecistis
2359 446 2584 504 multos.
2613 447 2681 503 Et
2701 465 2803 520 ego
2832 448 2957 505 dedi
2980 463 3079 505 vos
3109 449 3557 520 contemptibiles

1967 542 2023 595 in
2054 555 2246 596 omnes
2278 546 2494 612 gentes,
2516 554 2618 611 pro
2648 554 2714 596 eo
2745 541 2891 613 quod
2917 540 3214 613 accepistis
3241 554 3475 596 munera
3500 542 3581 597 in:

1968 633 2110 705 lege.
2157 651 2175 684 ι

2038 723 2248 781 Habac.
2285 739 2323 791 ι,
2354 722 2409 778 '5.
2437 752 2510 762 —
2536 740 2554 774 ι
2593 722 2823 778 Factum
2863 732 2945 780 est
2968 723 3267 796 judicium,
3304 730 3359 780 ct
3382 723 3558 795 judex

1968 816 2192 887 accipit.
2225 814 2527 886 Propterea
2558 813 2825 888 dissipata
2846 826 2933 874 est
2964 818 3074 882 lex,
3096 828 3279 873 etnon
3305 815 3558 888 pervenit

1968 907 2035 963 ad
2066 907 2227 963 finem
2247 907 2559 978 judicium;
2592 908 2726 980 quia
2754 909 2958 981 impius
2988 910 3250 985 praevalet
3289 908 3558 965 adversus

1965 998 2193 1071 justum.
2225 1021 2244 1054 ι

2041 1093 2272 1164 Sophon.
2310 1113 2389 1161 ιιι,
2452 1098 2506 1152 5.
2540 1126 2611 1138 -
2652 1114 2670 1147 ι
2705 1093 2994 1163 Principes
3025 1093 3146 1164 ejus
3200 1093 3259 1148 in
3308 1108 3373 1148 ea
3415 1092 3559 1148 sicut

1970 1186 2160 1242 leones
2194 1188 2502 1260 rugientes,
2537 1195 2592 1243 et
2632 1186 2852 1258 judices
2892 1185 3014 1256 ejus
3061 1185 3207 1243 sicut
3253 1184 3370 1256 lupi
3421 1187 3559 1239 Ara-

1968 1278 2091 1334 biae.
2129 1298 2148 1333 ι
2612 1291 2626 1326 ι

2041 1369 2161 1426 Isa.
2208 1388 2248 1438 ι,
2282 1372 2372 1427 2'5.
2404 1402 2472 1414 —
2508 1392 2527 1425 ι
2566 1372 2854 1442 Principes
2876 1369 3225 1429 tuiinfideles
3245 1374 3397 1432 sunt,
3424 1368 3556 1424 sccii

1972 1461 2181 1527 furum,
2208 1463 2501 1533 diligentes
2534 1478 2788 1530 munera,
2823 1470 3216 1534 persequentes
3250 1459 3560 1516 retributio-

1970 1570 2118 1622 nem,
2148 1554 2374 1626 pupillis
2407 1570 2517 1617 non
2554 1554 2894 1626 judicantcs,
2940 1562 3013 1611 et-
3025 1552 3238 1623 judicio
3269 1550 3559 1607 viduarum

1972 1664 2081 1702 non
2115 1646 2484 1704 attendentes.
2526 1666 2546 1701 ι

2046 1738 2158 1795 Isa.
2192 1756 2276 1806 ιιι,
2301 1740 2356 1795 4.
2377 1772 2448 1781 -
2480 1758 2499 1792 ι
2531 1739 2778 1796 Statuam
2811 1739 3258 1797 adolescentulos
3275 1736 3565 1811 principes
3658 1776 3659 1779 η

1972 1847 2186 1900 eorum,
2220 1834 2279 1888 et
2306 1832 2559 1890 illusorcs
2586 1832 3019 1888 dominabuntur
3035 1831 3136 1888 eis.
3179 1852 3200 1885 ι

2047 1923 2230 1987 1311.1,
2268 1924 2353 1978 15.
2381 1952 2451 1964 -
2485 1946 2504 1976 ι
2543 1923 2678 1980 Cum
2713 1924 3080 1981 extenderitis
3103 1936 3299 1978 manus
3319 1929 3570 1986 vestras,

1974 2025 2220 2072 avertam
2249 2015 2444 2072 faciem
2480 2032 2657 2072 meam
2688 2032 2719 2071 a
2760 2016 2935 2072 vobis.
2970 2015 3164 2073 Manus
3190 2014 3339 2071 cnim
3362 2022 3577 2071 vestrm

1974 2108 2242 2181 sanguine
2272 2110 2444 2180 plenae
2467 2119 2614 2167 sunt.
2656 2131 2676 2164 ι

2046 2200 2162 2256 Isa.
2195 2217 2249 2267 ν,
2274 2201 2463 2260 25-26.
2499 2234 2568 2245 —-
2611 2221 2629 2253 ι
2666 2201 2761 2257 Vae
2814 2203 2907 2272 qui
2954 2200 3273 2271 justificatis
3306 2199 3559 2269 ,impium

1974 2309 2075 2366 pro
2106 2293 2448 2357 muneribus,
2482 2301 2537 2351 ct
2569 2293 2816 2365 jusjusti
2844 2293 3075 2351 aufertis
3121 2293 3191 2348 ab
3219 2307 3307 2349 eo.
3329 2292 3561 2362 Pr0pter

1975 2385 2078 2442 hoc
2134 2386 2277 2442 sicut
2325 2385 2626 2441 devoratur
2664 2386 2871 2458 stipula
2926 2402 2955 2440 a
3009 2385 3252 2441 carbone
3304 2384 3468 2455 ignis,
3503 2392 3561 2438 et

1974 2472 2332 2531 comburctur
2361 2491 2390 2530 a
2432 2474 2650 2530 flatnma
2684 2491 2942 2543 accensa,
2983 2475 3141 2532 radix
3172 2490 3365 2532 eorum
3398 2474 3565 2544 quasi

1974 2563 2162 2619 fenum
2194 2566 2324 2630 erit,
2374 2573 2426 2623 et
2471 2566 2572 2622 llos
2616 2582 2806 2622 eorum
2839 2568 2987 2623 velut
3041 2566 3223 2636 pulvis
3276 2565 3558 2623 ascendet.

1972 2654 2281 2712 Noluerunt
2311 2657 2457 2712 enim
2498 2657 2687 2713 facere
2718 2657 2890 2727 legem
2922 2657 3140 2712 Domini
3161 2657 3424 2722 Sabaoth,
3460 2657 3569 2713 sed-

1974 2749 2261 2804 oraculum
2296 2751 2474 2806 sancti
2503 2750 2672 2806 Israel
2700 2759 3182 2821 exasperavcrunt.
3222 2769 3245 2803 ι

2049 2924 2165 2982 Isa.
2196 2944 2252 2993 ιι,
2303 2926 2355 2994 l,
2388 2929 2444 2983 2'.
2480 2957 2549 2968 -—
2586 2946 2604 2979 ι
2645 2925 2737 2982 Va:
2765 2927 2860 2998 qui
2919 2927 3171 2983 scribunt
3226 2926 3554 2997 nequitiam.

269 3014 554 3086 πονηρίαν
597 3017 924 3088 γράφουσιν,
975 3018 1319 3085 ἐκκλίνοντες
1372 3023 1556 3093 κρίσιν
1610 3025 1865 3096 πτωχῶν,

1996 3017 2298 3076 Ξειῑιιοιιιθε
2329 3019 2498 3087 enim,
2535 3018 2838 3089 nequitiam
2897 3019 3168 3081 scribunt.
3211 3019 3560 3088 declinantes

269 3104 628 3175 ἁρπάζοντες
669 3108 930 3179 κτήματα
979 3111 1230 3182 πενήτων
1261 3110 1357 3165 τοῦ
1390 3111 1522 3167 λαοῦ
1568 3132 1695 3185 μου,
1726 3115 1865 3170 ὥστε

1997 3109 2241 3165 udicium
2273 3125 2600 3181 pauperum,
2634 3109 2912 3181 rapientes
2962 3109 3344 3181 possessiones
3372 3109 3565 3180 p0puli'

207 3257 210 3261 ν
268 3191 427 3250 εἶναι
481 3197 668 3264 αὐτοῖς
705 3200 882 3273 χήραν
931 3202 1013 3266 είς
1065 3203 1350 3275 ἁρπαγὴν,
1394 3205 1489 3259 καὶ
1518 3207 1757 3278 ὀρφανὸν
1791 3210 1871 3272 είς

268 3289 587 3360 επρονομήν.
620 3291 734 3345 Καὶ
765 3292 820 3346 τί
844 3293 1133 3364 ποιήσουσι
1164 3286 1449 3369 τῇτήμέρᾳ
1496 3298 1597 3370 τῆς
1643 3300 1870 3352 ἐπισκο-

270 3377 433 3448 πῆς
472 3378 539 3432 Ἡ
565 3379 676 3452 γὰρ
711 3381 891 3451 θλίψις
929 3383 1089 3454 ήμῶν
1114 3385 1401 3458 πόρρωθεν
1440 3385 1584 3458 ἥξει,
1604 3388 1698 3441 καὶ
1734 3390 1872 3461 πρὸς

270 3468 411 3524 τίνα
440 3471 848 3541 καταφεύξεσθε
879 3473 974 3528 τοῦ
1007 3475 1345 3549 βοηθηθῆναι
1370 3496 1385 3545 ;
1423 3497 1442 3530 ι

358 3580 381 3613 ι
416 3562 482 3615 Τί
504 3562 664 3633 ὑμεῖς
694 3565 930 3619 ἀδικεῖτε
954 3566 1048 3621 τὸν
1073 3567 1203 3622 λαόν
1232 3587 1356 3640 μου,
1376 3571 1470 3624 καὶ
1496 3571 1559 3625 τὸ
1580 3572 1872 3644 πρόσωπον

274 3652 396 3707 τῶν
419 3655 653 3727 πτωχῶν
680 3658 1076 3730 καταισχύνετε
1099 3677 1115 3728 ;
1154 3661 1289 3732 φησὶ
1313 3664 1538 3735 Κύριος.
1584 3684 1602 3717 ι

362 3847 385 3880 ι
419 3829 559 3883 Οὐαὶ
587 3831 635 3884 oi
661 3830 918 3901 λέγοντες
948 3833 1008 3887 τὸ
1037 3838 1276 3907 πονηρὸν
1303 3837 1493 3905 καλὸν,
1542 3840 1640 3895 καὶ
1682 3841 1745 3896 τὸ
1770 3861 1870 3899 κα-

276 3919 378 3972 λὸν
409 3920 649 3991 πονηρόν
666 3938 679 3953 ·
709 3923 759 3975 οἱ
786 3922 1032 3987 τιθέντες
1050 3924 1114 3978 τὸ
1139 3925 1254 3995 φῶς
1288 3928 1501 3993 σκότος,
1529 3933 1627 3985 καὶ
1652 3933 1715 3987 τὸ
1751 3936 1878 3989 σκό-

276 4027 379 4075 τος
411 4011 527 4080 φῶς
548 4030 565 4046 ο
596 4013 646 4066 οἱ
668 4012 912 4080 τιθέντες
935 4017 998 4070 τὸ
1030 4016 1228 4089 πικρὸν
1256 4019 1454 4089 γλυκὺ,
1487 4022 1582 4076 καὶ
1612 4024 1676 4078 τὸ
1700 4025 1873 4094 γλυκὺ

276 4104 504 4176 πικρόν.
536 4124 555 4156 ι

368 4216 387 4248 ι
429 4197 521 4250 Ἐν
547 4199 667 4263 ταῖς
716 4199 875 4272 χερσί
925 4217 1020 4256 σου
1065 4201 1375 4276 εὑρέθησαν
1433 4205 1644 4278 αἵματα
1687 4207 1874 4281 ψυχῶν

280 4282 502 4339 ἀθώοιν.
542 4304 562 4337 ι

1974 3200 2102 3265 ιιιοί,
2135 3207 2191 3254 ιιι
2219 3208 2368 3256 esset
2405 3201 2488 3256 eis
2537 3199 2696 3255 vidua
2729 3203 2784 3256 in
2832 3202 3097 3273 praedam,
3133 3210 3189 3258 et
3228 3201 3467 3272 pupillus
3502 3201 3561 3255 in

1973 3290 2364 3360 direptionem.
2398 3289 2463 3345 Et
2497 3290 2626 3361 quid
2670 3286 2883 3347 facient
2935 3291 2992 3345 in
3044 3290 3135 3347 die
3181 3289 3564 3347 visitationis?

1972 3378 2110 3436 Nam
2137 3380 2416 3436 tribulatio
2448 3392 2632 3438 vestra
2678 3381 2745 3438 de
2777 3381 2937 3454 longe
2976 3382 3182 3438 veniet.
3210 3382 3278 3437 Ει
3295 3384 3362 3437 ad
3392 3396 3556 3452 quem

1974 3470 2308 3542 confugietis
2339 3481 2399 3527 ut
2430 3470 2808 3545 adjuvemini?
2845 3491 2864 3525 ι
2958 3460 2963 3467 ³

2042 3563 2208 3636 446
2237 3563 2352 3618 Ιδα.
2387 3579 2472 3631 ιιι,
2497 3564 2584 3619 15.
2616 3591 2686 3604 -
2725 3582 2744 3616 ι
2780 3563 2964 3631 Quare
2999 3560 3206 3633 injuste
3237 3559 3402 3631 agitis
3430 3573 3575 3615 cunr

1977 3656 2180 3727 populo
2212 3671 2356 3725 meo,
2392 3664 2449 3712 et
2480 3655 2673 3712 faciem
2716 3669 3020 3727 pauperum
3069 3650 3443 3710 confunditis?
3473 3650 3559 3705 di—

1968 3747 2050 3802 cit
2081 3744 2363 3802 Dominus.
2402 3766 2421 3799 ι

2049 3837 2166 3896 ιεα.
2192 3856 2243 3906 v,
2274 3840 2367 3896 20.
2403 3870 2474 3880 --
2511 3859 2530 3892 ‹
2565 3838 2660 3894 Vae
2683 3840 2777 3910 qui
2814 3839 3001 3895 dicitis
3026 3836 3225 3893 malum
3249 3836 3477 3897 bonum,
3507 3810 3601 3888 ct‘

1976 3928 2184 3984 bonum
2219 3929 2462 3996 malum;
2492 3929 2587 3999 qui
2619 3929 2827 4000 ponitis
2872 3928 3051 3983 lucem
3088 3912 3361 3989 tenebras,
3387 3932 3441 3978 et
3474 3933 3560 3976 tc-

1976 4020 2180 4076 nebras
2210 4020 2422 4089 lucem;
2458 4022 2553 4092 qui
2588 4021 2794 4092 ponitis
2822 4033 3071 4074 amarum
3100 4017 3285 4082 dulce,
3318 4025 3371 4070 et
3401 4013 3561 4068 dulce

1976 4124 2243 4167 amarum.
2290 4130 2309 4163 ι

2047 4200 2253 4256 Jerem.
2288 4215 2347 4267 ιι,
2373 4202 2462 4257 54.
2490 4234 2561 4247 -
2596 4221 2615 4254 ι
2643 4201 2701 4258 In
2735 4193 2995 4258 manibus
3029 4199 3140 4257 tuis
3168 4198 3426 4253 inventus
3472 4203 3571 4250 est

1977 4292 2202 4363 sanguis
2238 4294 2547 4349 animarum
2581 4293 2986 4349 innocentium.
3028 4310 3046 4343 ι

365 4393 385 4427 ι
419 4377 538 4431 Οὐκ
566 4376 790 4451 ἔκριναν
825 4381 1008 4454 κρίσιν
1038 4364 1277 4457 ὸρῷανοῦ
1304 4428 1319 4454 ,
1357 4390 1455 4444 καὶ
1490 4392 1674 4464 κρίσιν
1698 4394 1865 4466 χήρας

2047 4383 2247 4441 Jerem.
2278 4404 2332 4455 γ,
2376 4386 2470 4443 28.
2500 4417 2571 4429 -—-
2605 4406 2624 4439 ι
2672 4384 2791 4442 Νοιι
2849 4385 3239 4456 iudicaverunt
3287 4381 3559 4453 judicium

280 4467 391 4521 οὐκ
436 4470 743 4541 ἐκρίνοσαν.
799 4474 891 4545 Μὴ
945 4477 1039 4530 ἐπὶ
1085 4479 1295 4545 τούτοις
1323 4483 1426 4549 ούκ
1474 4484 1871 4559 ἐπισκέψομαι,

283 4561 442 4630 λέγει
460 4562 697 4636 Κύριος;
721 4566 754 4637 ἢ
791 4568 851 4621 ἐν
883 4567 1029 4623 ἔθνει
1051 4570 1131 4642 τῷ
1155 4573 1385 4647 τοιούτῳ
1413 4576 1515 4631 οὐκ
1536 4578 1814 4652 ἐκδικήσει
1840 4582 1872 4652 ἡ

283 4652 437 4727 ψυχή
464 4671 606 4726 tm;
644 4675 665 4709 ι

591 4698 606 4724 ν

271 4880 285 4884 -
368 4853 389 4886 ι
421 4836 486 4888 Oi
514 4834 788 4910 ὀφθαλμοὶ
811 4838 992 4895 αὐτῶν
1018 4841 1081 4896 ού
1125 4844 1300 4912 καλοὶ,
1341 4847 1436 4901 καὶ
1483 4848 1517 4920 ἡ
1549 4851 1749 4922 καρδία
1776 4853 1877 4907 αύ-

286 4927 401 4982 τῶν
464 4928 669 4995 εὐθεῖα,
730 4931 849 4986 ἀλλ’
888 4935 984 4990 ἐπὶ
1032 4935 1133 5008 τὴν
1184 4938 1523 5008 πλεονεξίαν,
1575 4943 1673 4997 καὶ
1702 4945 1795 4998 ἐπὶ
1815 4945 1878 5000 τὸ

288 5010 432 5088 αἷμα
457 5018 519 5073 τὸ
553 5019 733 5077 ἀθῶον
755 5022 849 5077 τοῦ
865 5019 1096 5096 ’ἐκχέειν
1130 5028 1284 5093 αὐτὸ,
1313 5031 1411 5084 καὶ
1436 5031 1531 5085 ἐπὶ
1573 5033 1674 5107 τὴν
1717 5052 1878 5091 συκο-

291 5110 544 5179 φαντίαν,
576 5114 668 5167 καὶ
690 5114 773 5178 εις
791 5115 1061 5191 ἁδῖκημα,
1096 5120 1193 5174 καὶ¹
1223 5121 1303 5186 είς
1325 5123 1486 5193 φόνον
1516 5124 1612 5179 τοῦ
1644 5130 1872 5183 ποιεῖν.»

368 5224 389 5255 ι
418 5203 832 5273 Ἑταπείνωσας
857 5208 951 5264 τὸν
988 5210 1221 5284 ὑψηλὸν,
1266 5216 1363 5269 καὶ
1401 5215 1626 5287 {Sd/tuac;
1651 5220 1745 5274 τὸν
1784 5238 1879 5276 τα-

292 5297 502 5352 πεινόν.
549 5298 788 5357 Ἀδικίαν
824 5301 1064 5375 θήσομαι
1097 5305 1294 5378 αὐτὴν,
1327 5307 1483 5379 λέγει
1509 5309 1738 5382 Κύριος.
1781 5330 1811 5365 »ι

370 5486 389 5523 ι
426 5472 492 5526 οι
522 5473 785 5544 ἄρχοντες
817 5476 991 5548 αὐτῆς
1024 5478 1082 5533 ἐν
1106 5479 1259 5551 μέσῳ
1285 5481 1454 5551 αὐτῆς
1478 5482 1557 5545 ὡς
1596 5482 1751 5537 λύκοι
1781 5483 1879 5555 ἆρ-

299 5577 493 5631 ιιαγες,
519 5565 864 5635 ἁρπάζοντες
892 5567 1164 5640 ἅρπαγμα
1195 5573 1291 5625 τοῦ
1320 5573 1507 5643 ἐκχέαι
1529 5569 1699 5643 αἷμα,
1728 5576 1879 5639 ὅπως

296 5655 589 5723 πλεονεξίᾳ
613 5658 1000 5718 πλεονεκτῶσι.
1025 5665 1136 5719 Καὶ
1154 5667 1202 5719 οἱ
1222 5664 1495 5734 προφῆται
1530 5667 1703 5736 αὐτῆς
1730 5668 1877 5723 ἀλεί-

1975 4477 2192 4549 pupilli,
2242 4488 2298 4535 et
2329 4477 2598 4550 judicium
2647 4480 2828 4536 vidua:
2872 4493 2983 4535 non
3031 4476 3376 4550 judicarunt.
3406 4471 3583 4531 Nun»

1975 4569 2107 4642 quid
2148 4572 2431 4643 superbis
2479 4588 2584 4628 non
2628 4574 2901 4630 visitabo?
2934 4572 3068 4628 dicit
3124 4570 3418 4635 Dominus,
3461 4573 3558 4621 aut

1977 4678 2144 4735 super
2205 4671 2421 4736 gentem
2479 4664 2794 4736 hujusmodi
2844 4680 2952 4722 non
3015 4663 3316 4720 ulciscetur
3371 4659 3583 4716 anima.

1976 4758 2135 4833 mea?
2169 4776 2189 4810 ι

2010 4890 2013 4897 .
2048 4845 2248 4903 Jerem.
2274 4863 2411 4915 χχιι,
2442 4849 2530 4905 l7.
2553 4878 2624 4889 ——
2650 4868 2668 4902 ι
2707 4848 2866 4905 Oculi
2889 4861 3084 4903 eorum
3134 4860 3242 4905 non
3273 4843 3425 4908 boni,
3458 4857 3558 4899 nec

1977 4940 2148 4996 corda
2173 4956 2362 4997 eorum
2387 4951 2561 5008 recta,
2581 4942 2676 4998 sed
2704 4941 2771 4996 ad
2802 4940 3096 4997 avaritiam
3146 4947 3202 4995 et
3235 4940 3303 4993 ad
3333 4936 3559 5008 sangui-

1976 5046 2105 5086 nem
2143 5031 2518 5100 innocentem,
2547 5030 2910 5091 utcﬂ‘undant
2949 5031 3124 5095 illum,
3154 5039 3211 5087 et
3236 5030 3304 5085 ad
3347 5028 3557 5082 calum-

1977 5120 2151 5189 niam,
2183 5131 2239 5180 et
2269 5123 2335 5178 ad
2362 5122 2715 5195 injustitiam,
2742 5133 2796 5180 et
2824 5122 2894 5178 ad
2934 5123 3138 5178 caedem
3174 5121 3500 5178 faciendam.
3531 5137 3551 5171 ι

2051 5214 2247 5271 Ezech.
2280 5216 2499 5283 xx:,26.
2523 5247 2597 5262 —
2619 5234 2638 5268 ι
2672 5216 2981 5271 Humiliasti
3013 5215 3317 5279 excelsum,
3342 5221 3398 5267 et
3423 5211 3558 5266 sub-

1977 5307 2169 5362 levasti
2226 5306 2507 5363 humilem.
2553 5306 2904 5379 lniquitatem
2972 5321 3178 5378 ponam
3226 5320 3379 5372 eam,
3423 5301 3558 5357 dicit
3628 5302 3637 5327 ‘

1977 5396 2260 5453 Dominus.
2292 5416 2311 5449 ι

2280 5447 2416 5558 nixu,
2447 5490 2537 5558 27,
2565 5490 2655 5546 28.
2685 5521 2755 5530 —
2777 5509 2795 5542 ι
2828 5489 3111 5560 Principes
3139 5488 3262 5560 ejus
3290 5487 3346 5543 in
3374 5486 3558 5542 medio
3626 5447 3640 5521 ι

1978 5581 2126 5637 illius
2164 5581 2328 5653 quasi
2380 5582 2489 5653 lupi
2539 5597 2769 5653 rapaces
2813 5600 2826 5638 :
2879 5583 3154 5654 rapientes
3200 5580 3437 5652 praedam
3486 5576 3555 5630 ad

1982 5669 2369 5727 cﬂ‘undcndum
2450 5673 2812 5742 sanguinem,
2880 5672 2945 5729 ad
3025 5686 3189 5728 avare
3260 5667 3597 5749 sectandas.
