3960 6424
391 305 526 372 1399

1571 305 1632 366 S.
1665 302 1989 364 JOANNIS
2029 302 2460 372 DAMASCENI

3535 303 3678 372 1400

317 438 335 486 ι
387 430 655 492 quaestus.
697 420 982 493 Pmpbctae
1009 429 1188 478 autem
1213 420 1335 492 ejus
1369 419 1653 490 ungebam
1680 432 1799 475 eos.
1833 419 1978 474 Inter

2109 437 2280 489 ροντες
2321 417 2545 482 αὐτούς.
2615 417 2915 489 Ἀναμέσον
2964 419 3125 489 ἁγίου
3164 421 3264 475 καὶ
3321 421 3551 493 βεϐήλου
3604 427 3675 479 οὗ

387 525 639 571 sanctum
674 523 731 570 et
776 513 1070 586 profanum
1127 529 1238 568 non
1285 512 1695 579 discernebant,
1738 521 1793 568 et
1836 511 1980 567 inter

387 609 652 663 mundum
686 618 742 663 et
775 606 1122 662 immundum
1156 623 1264 661 non
1290 605 1722 677 distinguebant.
1755 625 1774 658 ι

458 694 654 750 Ezech.
683 709 804 764 χιιι,
838 694 926 759 18,
965 695 1054 750 19.
1095 725 1163 738 -
1199 714 1218 747 ι
1263 695 1472 756 Anima:
1519 695 1803 754 subversa
1849 705 1981 753 sunt

388 787 574 858 populi
606 785 734 850 mei,
757 793 813 840 et
850 785 1147 856 capiebant
1169 789 1406 855 animas,
1438 797 1494 844 et
1525 788 1980 844 contaminabant

387 892 475 932 me
504 875 571 931 ad
602 874 862 946 populum
895 891 1080 933 meum
1112 888 1342 948 propter
1383 877 1646 950 pugillum
1676 878 1892 942 hordei,
1925 886 1981 934 et

388 965 695 1037 fragmenta
728 965 888 1035 panis
926 984 940 1022 :
976 975 1038 1021 ut
1067 967 1386 1022 occiderent
1433 965 1650 1023 animas
1696 982 1837 1038 quas
1868 959 1978 1023 non

387 1057 636 1128 oportuit
678 1057 841 1123 mori,
883 1067 939 1113 et
987 1066 1046 1113 ut
1100 1058 1373 1114 salvarent
1407 1058 1626 1116 animas
1689 1075 1834 1132 quas
1866 1076 1978 1118 non

387 1146 632 1218 oportuit
661 1147 870 1205 vivere.
904 1165 924 1200 ι

458 1236 592 1307 Sap.
631 1254 702 1304 νι,
734 1237 788 1293 6.
811 1269 880 1279 —
921 1256 940 1291 ι
977 1237 1260 1296 Judicium
1283 1257 1484 1298 aurum
1516 1243 1586 1299 iis
1616 1242 1710 1314 qui
1740 1253 1981 1312 prazsunt

389 1329 482 1384 ﬁet
513 1346 525 1383 :
565 1328 893 1387 fortioribus
916 1333 1062 1387 enim
1101 1329 1297 1388 fortior
1321 1332 1491 1390 instat
1524 1336 1818 1391 cruciatio.
1857 1354 1876 1389 ι

462 1420 636 1477 Ecrli.
675 1438 766 1490 xx,
797 1421 890 1479 5!.
915 1452 988 1465 —-
1021 1441 1040 1475 ι
1068 1423 1247 1480 Xenia
1277 1433 1332 1482 et
1360 1429 1502 1483 dona
1535 1437 1816 1486 excaecant
1845 1443 1978 1487 ocu-

390 1513 472 1567 los
501 1511 778 1581 judicum.
816 1533 836 1567 ι

458 1602 614 1660 Rom.
643 1621 705 1671 ιι,
735 1606 790 1672 3,
821 1607 876 1663 4.
899 1638 970 1649 -
1005 1627 1026 1662 ‹
1061 1609 1462 1668 inexcusabilis
1493 1626 1572 1679 es,
1598 1625 1631 1667 ο
1663 1610 1849 1680 homo,
1884 1612 1977 1685 qui

382 1695 618 1766 judicas.
639 1698 697 1754 1n
726 1715 838 1772 quo
858 1701 1006 1758 enim
1042 1703 1282 1759 alterum
1312 1704 1560 1775 judicas,
1585 1704 1823 1776 teipsum
1846 1719 1980 1760 con-

387 1789 637 1848 demnas.
666 1793 874 1850 Eadem
905 1796 1054 1851 enim
1077 1797 1196 1869 agis
1221 1813 1345 1868 qua:
1367 1798 1608 1868 iudicas.
1635 1797 1857 1855 Scimus
1883 1813 1982 1854 au-

389 1891 498 1939 tem
526 1883 655 1955 quia
687 1883 958 1955 judicium
992 1885 1086 1942 Dei
1134 1897 1224 1944 est
1259 1889 1572 1946 secundum
1606 1889 1896 1949 veritatem
1924 1891 1982 1946 in

388 1990 485 2030 eos
517 1975 610 2046 qui
644 1970 776 2033 talia
805 1987 996 2050 agunt.
1049 1978 1354 2037 Existimas
1382 1981 1532 2037 enim
1570 1981 1696 2049 hoc,
1727 1996 1760 2038 ο
1789 1982 1980 2050 homo,

387 2067 480 2135 qui
510 2064 730 2137 judic’as
767 2083 863 2125 eos
909 2070 1006 2140 qui
1061 2070 1194 2126 talia
1241 2078 1438 2141 agunt,
1471 2078 1526 2127 et
1558 2069 1695 2129 facis
1726 2086 1812 2139 ea,
1851 2072 1981 2144 quia

387 2158 616 2230 cll‘ugies
643 2159 912 2230 judicium
947 2161 1066 2218 Dei.
1106 2181 1125 2216 ι

459 2251 518 2307 S.
548 2250 726 2310 Basil’.
756 2255 819 2314 in
840 2257 1014 2325 princ.
1047 2256 1209 2313 Prov.
1243 2288 1316 2328 -τ
1349 2257 1458 2326 Qui
1487 2274 1672 2332 veram
1708 2259 1979 2331 justitiam

386 2342 442 2396 in
473 2343 658 2399 animo
687 2359 794 2401 suo
831 2354 961 2402 ante
1009 2347 1338 2404 insidentem
1370 2365 1482 2404 non
1523 2349 1717 2414 habet,
1756 2349 1854 2406 sed
1887 2357 1982 2405 aut

387 2435 645 2503 pecuniis
677 2445 980 2508 corruptus
1029 2447 1138 2505 est,
1193 2449 1288 2495 aut
1322 2441 1586 2496 amicitiae
1638 2440 1852 2506 tribuit,
1884 2449 1980 2496 aut

388 2526 679 2583 inimicum
712 2529 1019 2597 ulciscitur,
1066 2544 1160 2588 aut
1218 2533 1519 2604 potentiam
1569 2540 1876 2600 reveretur,
1934 2531 1981 2590 is

387 2631 598 2674 rectum
620 2620 892 2689 judicium
924 2621 1068 2679 ferre
1085 2638 1196 2678 non
1223 2631 1420 2693 potest.
1438 2623 1517 2677 Ad
1539 2637 1704 2694 quem
1729 2621 1981 2680 Psalmus

386 2712 466 2765 ait
500 2730 514 2766 :
555 2710 614 2766 Si
646 2729 764 2769 vere
789 2715 969 2786 utique
988 2715 1265 2784 justitiam
1295 2714 1599 2784 loquimini,
1643 2724 1788 2770 recta
1826 2713 1982 2784 judi-

387 2811 524 2866 care,
555 2804 658 2873 filii
681 2806 954 2861 hominum
986 2805 1164 2879 (Psal.
1190 2823 1323 2872 Lvu,
1355 2806 1435 2879 2).

459 2893 518 2950 S.
556 2895 712 2969 Greg.
746 2897 893 2955 Naz.
929 2931 1000 2942 —
1042 2901 1160 2957 Hoc
1207 2900 1492 2972 plerisque
1543 2898 1827 2970 iudicibus
1876 2898 1980 2954 bac

387 2997 720 3058 tempestate
759 2991 1016 3048 videmus
1069 2992 1346 3060 accidere,
1382 3000 1445 3047 ut
1491 2990 1816 3048 sublimibus
1847 2990 1982 3047 viris

389 3094 588 3150 magna
624 3080 827 3153 ﬂagitia
856 3085 1168 3155 promptius
1193 3085 1534 3154 condonent,
1556 3098 1721 3156 quam
1755 3083 1981 3138 humili-

391 3176 496 3228 bus
515 3181 568 3228 et
584 3174 814 3243 abjectls
838 3178 1084 3232 minima.
1109 3177 1381 3235 Extrema!
1393 3179 1594 3250 quippe
1611 3176 1851 3235 miseriae
1867 3186 1975 3244 est,

392 3277 502 3318 non
540 3279 643 3320 suo
670 3267 878 3335 robori,
911 3270 1004 3324 sed
1031 3270 1264 3326 aliorum
1293 3271 1657 3328 imbecillitati
1676 3269 1974 3328 conlidere.

461 3353 670 3410 Justi'm'
706 3359 859 3428 Apol.
900 3359 970 3413 ad
1006 3361 1140 3418 Ant.
1175 3362 1305 3433 imp.
1328 3392 1400 3404 --
1429 3362 1794 3419 Tantumdem
1826 3362 1976 3433 prin-

391 3445 542 3515 cipes
575 3457 835 3518 possunt,
867 3453 964 3522 qui
995 3454 1214 3509 veritati
1249 3454 1570 3525 opinionem
1605 3459 1975 3526 anteponunt,

393 3545 662 3606 quantum
703 3540 988 3610 praedones
1020 3543 1076 3599 in
1109 3545 1348 3602 desertis
1379 3545 1537 3602 locis.

466 3628 528 3684 S.
563 3628 779 3700 Cyrilti.
819 3664 887 3674 —
933 3633 1248 3709 Voluptatis
1301 3637 1484 3708 polius
1541 3651 1707 3707 quam
1754 3636 1976 3693 virtutis

392 3727 670 3778 amatores
693 3723 1046 3790 exstiterunt,
1067 3726 1411 3798 segnitieque
1444 3734 1498 3781 et
1529 3725 1728 3780 inertia
1752 3731 1979 3794 torpue-

393 3816 548 3876 runt,
583 3825 683 3866 nec
720 3813 939 3900 imperii
975 3813 1142 3872 decus
1197 3831 1228 3871 a
1278 3815 1710 3886 reprehensione
1743 3813 1978 3870 liberum

391 3915 549 3956 serva
556 3917 618 3956 l‘ll
627 3910 706 3958 nt.

465 3991 528 4048 S.
559 3991 698 4049 Nili.
728 4026 799 4036 —
834 3996 1104 4057 Forensia
1144 4001 1330 4058 studia
1369 3999 1538 4054 variis
1570 3998 1815 4072 peccatis
1846 3997 1982 4054 sub-

394 4083 717 4143 ministrant
749 4107 763 4144 :
796 4089 1002 4162 quippe
1031 4107 1155 4162 qua:
1181 4093 1472 4147 innumera
1507 4089 1812 4160 patrocinia
1833 4103 1983 4144 com-

393 4175 769 4232 miniscuntur
795 4179 864 4236 iis
889 4181 986 4251 qui
1019 4182 1282 4252 injuriam
1317 4181 1444 4238 aliis
1485 4180 1750 4238 inferunt.

464 4267 630 4341 M7
663 4269 722 4326 S‘.
755 4272 1032 4345 Chrysost.
1059 4305 1128 4320 —
1155 4274 1213 4330 In
1255 4275 1531 4345 principes
1573 4281 1630 4329 et
1675 4273 1730 4328 in
1766 4273 1985 4344 judices

393 4360 751 4418 severissime
791 4361 1654 4435 inquiretur,cognosceturque
1706 4378 1836 4417 num
1889 4361 1986 4432 jus

2083 511 2453 577 διεσκέδαζον,
2476 511 2570 566 καὶ
2601 511 2875 582 άναμέσον
2906 511 3225 583 ἀκαθάρτου
3256 512 3471 569 καὶτοῦ
3501 517 3677 572 καθα-

2086 603 2180 674 ροῦ
2205 603 2266 657 οὗ
2296 601 2623 657 διέστελλον.
2663 621 2682 654 ι

2161 718 2179 751 ι
2209 697 2277 752 Αἰ
2303 685 2476 768 ψυχαὶ
2497 695 2904 768 διεστράφησαν
2925 694 3022 750 τοῦ
3048 695 3182 750 λαοῦ
3216 713 3342 770 μου,
3375 698 3474 752 καὶ
3493 697 3677 771 ψυχὰς

2085 786 2526 861 περιεποιοῦντο,
2553 786 2648 840 καὶ
2683 782 2980 855 ὲὸεὸήλουν
3011 800 3080 854 με
3119 784 3259 854 πρὸς
3285 783 3379 837 τὸν
3403 783 3531 838 λαόν
3566 802 3675 856 μου

2083 882 2271 937 ἕνεκεν
2299 878 2506 952 δρακδς
2536 875 2764 949 κριθῶν,
2796 875 2892 930 καὶ
2910 875 3097 930 ἕνεκεν
3122 875 3458 946 κλασμάτων
3480 876 3675 948 ἄρτου,

2080 975 2408 1031 ἀποκτεῖναι
2456 971 2661 1044 ψυχὰς,
2707 969 2775 1034 ἃς
2826 968 2930 1023 οὐκ
2954 968 3060 1022 ἔδει
3098 967 3416 1036 ἀποθανεῖν,
3445 968 3542 1024 καὶ
3572 967 3676 1023 τοῦ

2082 1065 2492 1139 περιποιεῖσθαι
2519 1062 2724 1135 ψυχάς,
2753 1060 2820 1126 ἃς
2850 1060 2955 1115 οὐκ
2975 1059 3084 1114 ἔδει.
3113 1059 3300 1130 ζῆσαι.
3341 1079 3362 1113 ι

2163 1268 2182 1300 ‹
2220 1245 2418 1318 Κρίσις
2457 1242 2735 1312 ἀπότομος
2787 1241 2845 1294 ἐν
2872 1241 2984 1304 τοῖς
3027 1237 3354 1309 ὑπερέχουσι
3410 1236 3663 1302 γίνεταν

2079 1343 2194 1402 τοῖς
2221 1338 2508 1410 κραταιοϊς
2544 1334 2744 1406 ἰσχυρά
2773 1333 3063 1402 ἐφίσταται
3091 1330 3308 1402 ἔρευνα.
3352 1348 3370 1380 ι

2155 1452 2173 1484 ι
2208 1431 2371 1485 Ξένια
2395 1429 2492 1484 καὶ
2517 1427 2667 1498 δῶρα
2695 1425 3000 1494 ἀποτυφλοῖ
3026 1421 3341 1492 ὀφθαλμοὺς
3372 1422 3575 1492 σοφῶν.
3619 1441 3638 1473 ι

2159 1631 2176 1665 ι
2214 1585 2671 1679 ”Αναπο).όγητος
2723 1599 2776 1659 εῐ
2799 1645 2816 1670 ,
2847 1569 3122 1675 avemus.
3163 1601 3191 1654 ό
3218 1589 3466 1670 κ’ρίνων.’
3488 1598 3580 1652 Ἐν
3629 1587 3678 1662 ᾧ

2081 1705 2189 1777 γὰρ
2219 1704 2428 1776 κρινεῖς
2455 1701 2547 1756 τὸν
2577 1699 2789 1770 ἓτερον,
2812 1695 3042 1751 σεαυτὸν
3059 1691 3432 1760 κατακρίνεις.
3459 1688 3544 1744 Τὰ
3566 1688 3677 1760 γὰρ

2015 1779 2056 1836 Β
2083 1795 2226 1852 αὐτὰ
2256 1794 2524 1865 πράσσεις
2578 1789 2608 1842 ό
2643 1789 2867 1862 κρίνων.
2931 1785 3173 1855 Οἴδαμεν
3198 1783 3256 1837 δὲ
3287 1783 3370 1836 ὅτι
3403 1781 3465 1834 τὸ
3497 1783 3676 1851 κρῖμα

2082 1889 2177 1946 τοῦ
2209 1885 2348 1942 Θεοῦ
2403 1887 2521 1940 ἐστι
2553 1882 2696 1937 κατὰ
2730 1879 2990 1950 ἀλήθειαν
3043 1877 3139 1930 ἐπὶ
3165 1875 3297 1939 τοὺς
3340 1874 3410 1928 τά
3444 1871 3676 1926 τοιαῦτα

2057 2035 2059 2037 ,
2086 1981 2458 2054 πράσσοντας.
2485 1976 2694 2050 Δογίζῃ
2723 1973 2782 2028 δὲ
2811 1971 2989 2037 τοῦτο,
3015 1963 3062 2024 ὧ
3087 1967 3345 2040 ἄνθρωπε
3366 2005 3382 2031 ,
3417 1966 3446 2020 ό
3469 1965 3678 2037 κρίνων

2081 2075 2210 2140 τοὺς
2239 2072 2310 2128 τὰ
2330 2069 2557 2126 τοιαῦτα
2581 2067 2950 2141 πράσσοντας,
2978 2063 3075 2118 καὶ
3107 2059 3281 2114 ποιῶν
3304 2058 3464 2126 αὐτὰ,
3493 2058 3582 2114 ὅτι
3611 2057 3675 2111 σὺ

2083 2164 2325 2246 ἐκφεύξῃ
2360 2163 2424 2218 τὸ
2449 2162 2626 2234 κρῖμα
2647 2157 2742 2213 τοῦ
2761 2156 2924 2211 Θεοῦ.
2955 2175 2974 2208 ι

2167 2259 2224 2312 Ὀ
2255 2240 2354 2329 την
2403 2252 2758 2321 δικαιοσύνην
2811 2248 2889 2320 μὴ
2924 2246 3065 2320 ἔχων
3120 2240 3678 2318 προεναποκειμένην

2082 2349 2248 2408 αὐτοῦ
2279 2351 2347 2420 τῇ
2367 2347 2541 2419 ψυχῇ,
2571 2343 2690 2400 ἀλλ’
2721 2343 2757 2415 ἦ
2780 2335 3030 2412 χρήμασι
3057 2337 3475 2409 διεφθαρμένος,
3516 2333 3551 2404 ἥ
3584 2349 3676 2401 φι-

2081 2445 2172 2516 λίᾳ
2201 2426 2588 2515 χαριζόμενος,
2615 2436 2649 2503 ἢ
2677 2433 2872 2506 ἐχθρὸν
2903 2429 3268 2504 ἀμυνόμενος,
3289 2427 3326 2500 ἢ
3347 2423 3678 2482 δυναστείαν

2081 2535 2522 2604 δυσωπούμενος,
2573 2529 2636 2584 τὸ
2681 2530 2858 2600 κρῖμα
2905 2523 3264 2580 κατευθύνειν
3317 2521 3380 2574 οὐ
3419 2518 3672 2573 δύναται.

2085 2630 2230 2703 Πρὸς
2265 2629 2326 2684 ὃν
2349 2628 2464 2699 ἐρεῖ
2492 2628 2521 2681 ὁ
2553 2622 2797 2696 ψαλμός·
2827 2622 2898 2676 Εἰ
2929 2615 3170 2686 άληθῶς
3213 2613 3328 2682 ἄρα
3363 2609 3676 2703 δικαιοσύ-

2081 2700 2198 2791 νήν
2212 2703 2474 2787 diuite,
2489 2717 2726 2783 εὐθείας
2749 2712 3011 2784 κρίνατε,
3035 2707 3154 2764 υἰοί
3183 2704 3302 2760 τῶν
3319 2700 3674 2772 ἀνθρώπων.

2154 2898 2330 2953 Τοῦτο
2354 2896 2585 2961 πολλοὺς
2605 2893 2825 2967 ὁρῶμεν
2846 2890 2956 2946 τῶν
2982 2887 3080 2943 νῦν
3103 2883 3307 2958 κριτῶν
3337 2882 3678 2951 πάσχοντας,

2081 2994 2132 3048 οἳ
2168 2992 2300 3064 ῥᾷον
2328 2991 2446 3054 τοῖς
2492 2986 2718 3059 ὑψηλοῖς
2767 2983 2838 3038 τά
2887 2981 3104 3055 μεγάλα
3152 2975 3602 3048 συγχωρήσειαν,
3641 2971 3686 3042 θ(

2082 3085 2198 3148 τοῖς
2235 3081 2518 3143 ταπεινοῖς
2554 3075 2624 3132 τά
2645 3075 2928 3147 ἐλάχιστα.
2967 3071 3126 3126 Ἐστι
3151 3067 3260 3139 γάρ
3292 3065 3480 3136 ,ἄκρας
3510 3077 3676 3115 κακο-

2081 3175 2410 3250 δαιμονίας,
2457 3171 2533 3245 μὴ
2579 3170 2639 3225 ὲν
2687 3170 2805 3234 τοῖς
2857 3165 3011 3230 ἰδίοις
3042 3162 3289 3236 ἰσχυροῖς
3325 3156 3387 3212 τὸ
3427 3152 3676 3224 ἀσφαλὲς

2080 3272 2248 3342 ἔχειν,
2283 3266 2400 3324 ἀλλ’
2436 3265 2496 3320 ἐν
2520 3265 2632 3328 τοῖς
2661 3263 2864 3337 ἑτέρων
2901 3257 3143 3328 σαθροῖς.
3532 3341 3541 3342 7
3599 3340 3608 3342 _
3656 3319 3661 3322 _

2148 3363 2418 3420 Τοσοῦτον
2472 3360 2729 3417 δύνανται
2781 3356 3046 3429 ἄρχοντες
3097 3350 3206 3422 πρὸ
3253 3346 3355 3418 τῆς
3407 3340 3676 3416 ἀληθείας

2077 3457 2238 3527 δόξαν
2269 3453 2560 3528 τιμῶντες,
2600 3451 2727 3506 ὅσον
2759 3449 2856 3505 καὶ
2884 3445 3086 3534 λῃσταὶ
3105 3442 3165 3497 ὲν
3189 3438 3420 3510 ἐρημία.
3519 3441 3523 3445 ’

2150 3643 2414 3714 Γεγόνασι
2443 3640 2719 3712 φιλήδονοι
2749 3635 2951 3709 μᾶλλον
2973 3633 3008 3705 ἢ
3045 3631 3354 3704 φιλάρετοι,
3379 3622 3584 3696 νωθροὶ
3615 3637 3673 3673 τε

2081 3739 2177 3796 καὶ
2205 3735 2672 3808 κατημελημένοι,
2715 3731 2813 3788 καὶ
2845 3730 2905 3785 οὐ
2939 3727 3314 3799 τετηρήκασιν
3349 3717 3674 3788 ἀδιάϐλητον

2082 3830 2144 3886 τὸ
2171 3828 2275 3899 τῆς
2297 3829 2476 3901 ἀρχῆς
2503 3825 2743 3898 ἀξίωμαο

2154 4006 2222 4058 Δί
2255 4002 2386 4075 περί
2415 4001 2486 4056 τὰ
2521 3999 2852 4070 δικαστήρια
2886 3994 3119 4051 σπουδαὶ
3161 3991 3284 4054 ταῖς
3311 3985 3676 4075 πολυτρόποις

2087 4073 2390 4165 ἁμαρτία-ις
2437 4088 2844 4163 ὑπηρετοῦσιν,
2892 4085 3097 4158 μυρίας
3147 4084 3264 4146 τοῖς
3296 4076 3554 4134 ἀδικοῦσι
3581 4073 3674 4137 τὰς

2087 4183 2420 4255 συνηγορίας
2455 4181 2837 4254 εὐρίσκουσαι.

2173 4274 2684 4346 Ἐξετασθήσονται,
2703 4271 2799 4326 καὶ
2818 4269 3107 4343 ἄρχοντες,
3125 4266 3222 4321 καὶ
3253 4260 3514 4332 δικασταὶ
3538 4257 3674 4331 μετὰ

2095 4368 2300 4440 πολλῆς
2329 4367 2430 4439 τῆς
2472 4364 2787 4438 ἀκριϐείας,
2840 4362 2937 4416 καὶ
2991 4358 3430 4430 γνωσθήσονται,
3496 4355 3550 4407 εἰ
3599 4350 3670 4422 μὴ

395 4451 786 4523 corruperint;
818 4469 952 4508 num
1001 4455 1182 4526 gratia
1215 4455 1405 4520 iilecti,
1440 4453 1523 4509 vel
1549 4453 1678 4510 odio
1699 4452 1978 4520 commoti,

2109 4459 2406 4533 ῖιέφθειραν
2433 4458 2493 4512 τὸ
2522 4457 2764 4512 δίκαιον·
2796 4456 2846 4510 εί
2875 4454 2950 4526 μὴ
2988 4451 3127 4524 πρὸς
3155 4450 3338 4522 χάριν,
3372 4446 3509 4520 μηδὲ
3539 4445 3671 4540 πρὸς

396 4541 750 4612 litigantibus
781 4546 1114 4600 sententiam
1143 4543 1421 4612 dixerint;
1455 4559 1526 4600 an
1568 4544 1978 4601 adulationibus

2109 4553 2398 4626 ἰπέχθειαν
2451 4550 2798 4622 ἐψηφίσαντο
2850 4548 2965 4610 τοῖς
3001 4542 3419 4613 δικαζομένοις’
3479 4540 3532 4594 εἰ
3598 4536 3670 4606 μὴ

396 4631 637 4700 seducti,
677 4633 1034 4692 remissiores
1093 4651 1260 4706 quam
1322 4651 1423 4706 par
1453 4643 1602 4692 esset
1633 4635 1877 4703 fuerint;
1913 4649 1983 4688 an

396 4724 670 4781 malevolo
717 4728 905 4782 animo
931 4734 1100 4798 atque
1130 4728 1362 4783 ultionis
1391 4727 1619 4799 cupido,
1664 4727 1734 4784 iis
1763 4727 1859 4798 qui
1902 4727 1987 4783 ni-

399 4815 474 4871 hil
506 4816 736 4876 sceleris
772 4817 1143 4884 admiserunt,
1174 4819 1483 4874 calumnias
1529 4818 1860 4877 struxerint.

470 4902 714 4975 Evagrii.
746 4935 818 4948 -—
847 4905 1268 4979 lniquusjudex
1301 4911 1676 4972 contaminata
1693 4908 1985 4968 conscien-

399 4997 479 5055 tia
511 5007 613 5054 est.
1619 5011 1623 5024 ι

741 5092 874 5150 Tl'l‘.
917 5094 1033 5149 XX.
1067 5123 1137 5134 —-
1164 5095 1241 5151 De
1264 5103 1439 5165 probis
1472 5098 1658 5153 servis.

475 5182 634 5238 Prov.
699 5201 833 5252 xvn,
890 5186 1047 5243 2.-—
1105 5207 1122 5239 ι
1160 5186 1365 5246 Servus
1433 5190 1682 5260 prudens
1749 5187 1988 5248 dominis

343 5321 348 5344 ς
404 5275 588 5331 stultis
619 5276 936 5348 imperabit.
973 5299 992 5331 ι

473 5366 646 5425 Prov.
702 5387 814 5437 xlv,
873 5373 963 5428 15.
1002 5405 1072 5414 -
1108 5393 1126 5426 ι
1161 5373 1318 5430 Servi
1377 5373 1649 5444 sapientis
1707 5384 1990 5444 prosperae

385 5471 566 5514 .erunt
587 5461 859 5530 actiones,
892 5474 947 5520 et
977 5465 1294 5537 dirigentur
1346 5465 1450 5520 via:
1499 5465 1658 5536 ejus.
1696 5463 1989 5536 Sapientes

401 5549 547 5603 servi
566 5548 809 5607 dominis
825 5552 944 5610 suis
985 5552 1188 5610 faenori
1220 5553 1452 5608 dabunt.
1491 5572 1510 5605 ι

479 5635 656 5694 Εεείε.
692 5656 742 5705 v,
776 5643 862 5698 11.
889 5674 954 5684 -
994 5664 1013 5698 ι
1054 5643 1243 5700 Dulcis
1278 5653 1364 5700 est
1393 5660 1624 5704 somnus
1655 5657 1836 5715 servo,
1874 5643 1989 5700 sive

404 5730 708 5806 Ρειυιυιυωι
748 5737 862 5797 sive
891 5737 1011 5808 plus
1043 5737 1362 5800 comederit.
1394 5756 1416 5792 ι

2093 4646 2524 4708 κολακευθέντες
2563 4641 2836 4697 ἐνέδωκαν
2882 4638 3022 4710 πρὸς
3050 4636 3112 4690 τὸ
3144 4636 3265 4689 δέον
3285 4651 3299 4667 ο
3332 4634 3384 4688 εἰ
3417 4631 3495 4704 μὴ
3540 4646 3672 4702 μνη-

2096 4734 2455 4800 σικακοῦντες
2476 4731 2798 4804 ἒπηρέασαν
2829 4730 2943 4792 τοῖς
2979 4726 3132 4782 οὐδὲν
3160 4721 3510 4796 ἠδικηκόσιν.

2165 4911 2386 4976 Ἄδικος
2412 4909 2694 4981 δικαστὴς,
2726 4904 3119 4981 μεμολυσμένη
3157 4903 3492 4974 συνείδησις.

2299 5095 2480 5151 ΤΙΤΛ.
2514 5094 2599 5152 Κ’.
2632 5125 2701 5137 —-
2725 5095 2864 5163 Περί
2890 5093 3129 5149 δούλων
3157 5088 3461 5162 χρηστῶν.

2163 5208 2180 5240 ι
2223 5189 2460 5261 Οἰκέτης
2487 5189 2708 5261 νοήμων
2733 5190 3003 5260 κρατήσει
3035 5185 3316 5242 δεσποτῶν
3345 5182 3618 5255 ἀφρόνων.
3644 5198 3660 5230 ι

2167 5392 2185 5424 ι
2229 5371 2457 5426 Οἱκέτου
2493 5370 2662 5441 σοφοῦ
2715 5371 2889 5426 εὖοδοι
2957 5371 3176 5425 ἔσονται
3247 5367 3512 5441 πράξεις,
3578 5362 3665 5416 καὶ

2092 5463 2628 5535 κατευθυνθήσονταηι
2678 5465 2737 5518 αί
2783 5463 2896 5517 ὁδοὶ
2976 5462 3170 5519 αὐτοῦ.
3245 5461 3471 5518 Οἰκέται
3517 5455 3665 5528 σοφοὶ

2096 5557 2247 5622 ἰδίοις
2275 5555 2566 5621 δεσπόταις
2591 5555 2954 5610 δανείσουσιν.
2996 5576 3016 5609 δ

2173 5669 2191 5700 ε
2231 5649 2442 5713 Γλυκὺς
2492 5650 2522 5701 ὁ
2578 5647 2746 5716 ὕπνος
2798 5650 2892 5708 τοῦ
2919 5650 3132 5717 δούλου,
3166 5651 3216 5705 εἰ
3265 5648 3468 5717 ὀλίγον,
3501 5640 3590 5700 καὶ
3619 5639 3666 5693 εἰ

2098 5740 2229 5796 πολὺ
2261 5741 2515 5800 «vivens.
2553 5762 2573 5796 ι
3637 5751 3647 5760 ’
