3960 6382
271 319 400 384 1401

1534 317 1772 378 SACRA
1815 315 2008 376 PARA
2018 313 2276 376 LLELA.

3399 316 3422 382 1
3437 318 3534 384 I02

341 457 361 488 ι
397 435 489 506 Μὴ
514 430 778 504 κακώσῃς
817 433 1039 505 οίκέτην
1089 412 1460 504 ἐργαζόμενον
1508 433 1564 485 ἐν
1594 432 1844 503 ἀληθείᾳ.

2027 431 2192 483 Ιςεετι.
2235 442 2330 494 vu,
2367 427 2457 481 29..
2483 457 2552 465 ——
2585 445 2602 479 ι
2633 425 2718 482 Ne
2750 427 2929 484 caedas
2957 442 3178 484 servum
3213 443 3529 499 operantem

264 529 501 596 Οἰκέτην
542 526 768 580 συνετὸν
799 525 1072 595 ἀγαπάτω
1100 542 1196 578 σου
1230 526 1265 595 ἡ
1286 524 1455 595 ψυχὴ,
1487 523 1581 578 καί
1625 525 1701 595 μὴ
1733 541 1852 578 στε-

268 621 442 692 ρήσῃς
463 616 628 670 αὑτὸν
653 615 992 686 ἐλευθερίας.
1021 634 1040 667 ι

345 729 364 761 ι
404 707 608 778 Οἰκέτῃ
637 706 843 778 συνετῷ
867 706 1147 779 ἐλεύθεροι
1171 707 1602 778 ὑπουργήσουσι.
1652 727 1669 758 ι

343 820 362 852 ι
415 802 479 853 Ol
509 799 710 864 δοῦλοι,
745 798 1054 852 ὑπακούετε
1085 799 1196 862 τοῖς
1238 797 1380 852 κατά
1421 801 1602 868 σάρκα.
1640 798 1850 869 κυρίοις

265 892 444 962 ὑμῶν,
480 891 620 962 μετά
645 890 812 959 φόϐου
848 889 946 943 καὶ
993 889 1200 961 τρόμου
1243 892 1302 944 ἐν
1328 889 1596 959 ἁπλότητι
1625 889 1852 960 καρδίας

263 983 424 1053 ὑμῶν
467 981 546 1046 ώς
592 979 838 1051 Χριστῷ,
898 979 975 1052 μὴ
1025 979 1152 1033 κατ’
1211 979 1735 1050 όφθαλμοδουλείαν,
1778 980 1852 1044 ώς

263 1075 757 1146 ἀνθρωπάρεσκοι,
786 1072 905 1128 ἀλλ’
933 1072 1008 1136 ὡς
1038 1072 1216 1128 δοῦλοι
1256 1072 1500 1144 Χριστοῦ
1520 1088 1533 1102 °
1570 1074 1852 1138 ποιοῦντες

260 1168 326 1220 τὸ
358 1167 572 1238 θέλημα
596 1165 691 1220 τοῦ
718 1164 856 1219 Θεοῦ
882 1165 948 1219 ἐκ
973 1164 1176 1235 ψυχῆς,
1204 1164 1324 1234 μετ’
1342 1163 1557 1227 εὐνοίας
1572 1162 1852 1218 δουλεύον-

260 1276 360 1320 τες
415 1258 492 1322 ὡς
541 1257 619 1329 τῷ
652 1256 867 1328 Κυρίῳ,
907 1256 1004 1311 καὶ
1032 1256 1133 1310 οὑκ
1172 1255 1484 1327 ἀνθρώπῳο
1518 1256 1720 1320 εἰδότες
1769 1256 1851 1308 ὅτι

263 1351 501 1414 ἕκαστος
531 1350 559 1404 δ
589 1349 685 1403 ἐὰν
722 1349 923 1419 ποιήσῃ
949 1346 1175 1416 ἀγαθὸν,
1206 1347 1366 1400 τοῦτο
1394 1349 1668 1418 κομιεῖται
1701 1347 1854 1420 παρά

261 1438 504 1511 Κυρίου,
536 1438 646 1492 είτε
682 1436 892 1503 δοῦλος,
922 1436 1035 1490 εἴτε
1069 1434 1380 1507 ἐλεύθερος.
1416 1454 1436 1487 ι

343 1637 364 1669 ι
410 1618 473 1670 Oi
505 1615 708 1682 δοῦλοι,
734 1615 1047 1670 ὑπακούετε
1086 1616 1201 1678 τοῖς
1230 1614 1375 1668 κατά
1397 1613 1578 1684 σάρκα
1612 1611 1850 1683 κυρίοις,

265 1710 348 1780 μὴ
379 1711 438 1762 ἐν
466 1707 961 1779 όφθαλμοδουλείᾳ,
1009 1708 1085 1770 ὡς
1131 1706 1610 1778 ἀνθρωπάρεσκοι,
1653 1704 1769 1759 ἀλλ’
1794 1706 1850 1758 ἐν

263 1777 539 1870 ἀπλότητι
599 1777 852 1872 καρδίας,
891 1777 1226 1869 φοϐούμενοι
1281 1799 1374 1853 τὸν
1401 1797 1631 1868 Κύριον.
1669 1799 1734 1849 "0
1759 1796 1855 1850 ἐάν
1885 1777 1927 1832 Β

263 1895 484 1964 ποιῆτε,
518 1895 584 1948 ἐκ
620 1893 801 1964 ψυχῆς
831 1890 1157 1963 ἐργάζεσθε,
1187 1889 1264 1954 ώς
1291 1888 1370 1960 τῷ
1391 1889 1604 1959 Κυρίῳ,
1647 1887 1742 1941 καί
1759 1887 1857 1940 οὐκ

261 1985 581 2059 ἀνθρώπῳ.
639 1984 842 2048 εἰδότες
879 1985 963 2038 ὅτι
1021 1982 1175 2053 παρά
1236 1981 1445 2053 Κυρίου
1496 1979 1733 2050 λήψεσθε
1756 1979 1858 2051 τὴν

260 2077 654 2133 ἀνταπόδοσιν.
695 2094 720 2129 ι

347 2190 366 2225 ι
400 2173 556 2225 Ὅσοι
587 2169 728 2224 εἰσὶν
757 2169 863 2223 ὑπὸ
892 2168 1056 2238 ζυγὸν
1081 2165 1284 2230 δοῦλοι,
1315 2165 1443 2228 τοὺς
1474 2163 1637 2227 ἰδίους
1674 2161 1858 2216 δεσπό-

261 2280 373 2328 τας
424 2263 606 2333 πάσης
653 2262 820 2333 τιμῆς
873 2260 1058 2325 ἀξίους
1107 2256 1480 2330 ἡγείσθωσαν,
1533 2255 1619 2309 ἵνα
1657 2253 1734 2325 μὴ
1797 2253 1858 2306 τὸ

261 2361 444 2428 ὄνομα
498 2357 596 2411 τοῦ
647 2354 808 2421 θεοῦ,
862 2355 958 2408 καὶ
1002 2355 1036 2424 ἡ
1075 2349 1398 2406 διδασκαλία
1439 2346 1857 2420 βλασφημῆται.

265 2451 340 2503 Οἱ
371 2449 430 2502 δὲ
467 2447 692 2512 πιστοὺς
719 2446 937 2517 ἔχοντες
961 2441 1253 2506 δεσπότας,
1299 2441 1374 2510 μὴ
1415 2435 1858 2507 καταφρονείτω-

144 2527 192 2558 κ
269 2560 395 2607 σαν,
428 2542 510 2595 ὅτι
535 2538 759 2608 ἀδελφοί
802 2539 943 2591 εἰσιν
963 2555 976 2567 ·
1008 2535 1145 2589 ἀλλά
1201 2532 1402 2604 μᾶλλον
1434 2528 1855 2594 δουλευέτωσαν,

265 2637 358 2688 ὅτι
389 2631 572 2687 πιστοί
616 2632 724 2684 εἰσι
779 2630 874 2685 καὶ
917 2627 1219 2698 ἀγαπητοὶ,
1257 2624 1352 2680 καὶ
1402 2622 1504 2692 τῆς
1533 2619 1859 2692 εὐεργεσίας

268 2724 825 2794 ἀντιλαμϐανόμενοι.
865 2739 884 2772 ι

352 2834 370 2866 ‹
419 2815 484 2868 Oi
517 2813 750 2878 οἰκέται,
779 2809 1218 2880 ὑποτασσόμενοι
1262 2808 1321 2860 ἐν
1351 2805 1516 2860 παντὶ
1563 2805 1716 2876 φόὸῳ
1746 2807 1858 2868 τοῖς

267 2906 574 2970 δεσπόταις
624 2904 804 2975 ὑμῶν,
835 2903 896 2956 οὑ
932 2902 1095 2974 μόνον
1127 2899 1356 2970 ἀγαθοῖς
1383 2900 1481 2954 καὶ
1536 2897 1858 2960 ἐπιεικέσιν,

268 2988 415 3052 ἀλλά
445 2997 541 3051 καὶ
570 2998 684 3059 τοῖς
719 2994 978 3057 σκολιοῖς.
1021 2991 1194 3046 Τοῦτο
1247 2990 1358 3062 γάρ
1393 2990 1556 3063 χάρις
1590 2991 1744 3060 παρά
1782 2988 1861 3060 τῷ

267 3089 416 3160 Θεῷ,
449 3090 501 3142 εἰ
527 3088 616 3143 διά
675 3086 981 3158 συνείδησιν
1035 3083 1174 3139 Θεοῦ
1219 3083 1486 3155 ὑποφέρει
1529 3099 1614 3146 τις
1660 3081 1860 3144 λύπας,
1887 3115 1930 3174 C

268 3183 506 3252 πάσχων
534 3180 757 3244 ἀδίκως.
794 3197 816 3232 ι

343 3275 410 3328 Οἰ
471 3273 678 3326 οἰκέται
727 3270 802 3342 μὴ
857 3269 1214 3340 φευγέτωσαν
1259 3267 1465 3320 εὐνοεῖν
1509 3265 1626 3328 τοῖς
1655 3259 1853 3317 δεσπό-

174 3385 176 3387 '
272 3384 423 3432 ταις.
471 3364 788 3436 Ἐλεύθερον
815 3364 910 3418 καὶ
932 3362 1119 3417 δοῦλον
1139 3363 1169 3415 ὁ
1190 3361 1392 3429 τρόπος
1414 3359 1637 3429 γράφει.

452 3602 634 3656 ΤΙΤΛ.
667 3601 801 3656 KA'.
829 3627 898 3642 --
924 3599 1063 3669 Περί
1099 3598 1339 3653 δούλων
1367 3594 1664 3663 πονηρῶν.

356 3737 388 3772 e
416 3717 608 3785 Λόγοις
637 3716 698 3770 οὐ
735 3712 1150 3784 παιδευθήσεται
1175 3711 1394 3782 οἰκέτης
1434 3710 1690 3782 σκληρός.
1733 3709 1856 3763 Ἑάν

271 3815 389 3886 γὰρ
414 3811 510 3866 καί
535 3809 725 3882 νοήσῃ,
744 3807 860 3863 ἀλλ’
883 3807 984 3877 οὑχ
1011 3804 1366 3860 ὑπακούεται.
1395 3823 1416 3858 ι

353 4014 374 4048 ι
406 3992 780 4064 Χορτάσματα
808 3988 906 4042 καὶ
939 3985 1132 4059 ῥάϐδος
1159 3984 1286 4056 ὑνῳ,
1327 3983 1494 4055 ἀρτος
1515 3982 1593 4051 δὲ,
1619 3983 1711 4035 καί
1734 3998 1859 4036 παι-

270 4086 420 4150 δεία,
479 4082 573 4136 καὶ
632 4080 794 4152 ἔργον
848 4075 1054 4148 οἰκέτῃ.
1089 4075 1365 4147 Ἔργασαι
1394 4075 1453 4127 ἐν
1489 4073 1731 4144 παιδεία,
1766 4073 1860 4125 καὶ

274 4177 536 4247 εὑρήσεις
586 4173 915 4228 ἀνάπαυσιν.
948 4169 1111 4232 ’Δνες
1170 4169 1359 4238 χεῖρας
1387 4165 1538 4234 αὐτῷ
1567 4204 1581 4229 ,
1639 4166 1736 4218 κειιί¹
1763 4162 1860 4233 ζη-

274 4273 435 4340 τήσει
489 4266 826 4338 ἐλευθερίαν.
887 4262 1062 4331 Ζυγδς
1109 4261 1202 4315 καὶ
1245 4258 1376 4329 ἱμὰς
1402 4256 1675 4327 τράχηλον
1709 4254 1858 4325 κάμ-

272 4365 466 4434 ψουσι,
489 4361 586 4414 καὶ
612 4358 802 4430 οἰκέτῃ
825 4353 1123 4424 κακούργῳ
1178 4350 1438 4421 πρέόλαι
1484 4350 1577 4402 καὶ
1608 4347 1853 4418 βάσανοι.

279 4409 1178 4524 ⁵ιξίςέργαςίίξιν,
1219 4409 1309 4498 ἵνα
1355 4441 1430 4512 μὴ
1455 4409 1620 4511 ἀργῇί
1651 4436 1859 4508 Πολλὴν
1888 4409 1939 4471 D

274 4547 390 4618 γὰρ
412 4545 613 4599 κακίαν
635 4539 877 4605 ἐδίδαξεν
906 4540 940 4608 ἡ
970 4536 1162 4606 ἀργία.
1197 4554 1216 4587 ι

356 4657 376 4690 ι
406 4637 634 4692 Οἰκέτου
689 4629 931 4702 πονηροῦ
983 4627 1058 4699 μὴ
1085 4625 1382 4697 αἰσχυνθῇς
1414 4621 1659 4694 πλευρὰν
1691 4621 1858 4692 αἱμά-

310 4748 391 4784 αι.
453 4746 474 4782 θ

275 4732 391 4803 ξαι.
453 4746 474 4782 ι

344 4822 560 4876 Δούλων
615 4819 854 4888 ὑπάρχει
901 4813 1089 4870 κακῶν
1134 4812 1349 4867 ἀθετεῖν
1377 4807 1725 4873 δεσποτείαν,
1765 4808 1859 4861 καὶ

273 4913 672 4970 ἐπανίστασθαι
696 4909 999 4979 κυριότητι,
1016 4907 1111 4962 καὶ
1142 4904 1426 4976 ὁμόδουλον
1454 4903 1664 4965 ἐαυτοῖς
1687 4902 1860 4954 ποιεῖν

268 5012 366 5066 τὸν
397 5007 703 5079 ἐλεύθερον.

345 5186 535 5251 Οὐδεὶς
564 5184 741 5250 οὑτως
773 5182 1039 5256 μέμηνεν,
1103 5181 1180 5244 ὡς
1227 5177 1416 5242 δοῦλος
1448 5175 1545 5242 ὢν,
1588 5169 1859 5227 ἐναντιοῦ-

270 5280 400 5332 σθαι
425 5276 686 5349 δεσπότῃ.

440 5437 484 5490 Τ
489 5435 626 5490 ΙΤΛ.
657 5434 788 5488 KB'.
816 5463 885 5474 ——
914 5429 1056 5500 Περί
1086 5424 1688 5498 δυσαρεστουμένων.

361 5567 380 5598 ι
421 5543 496 5600 Ὦ
522 5548 574 5602 οἰ
602 5546 1028 5618 εὐφραινόμενοι
1047 5545 1135 5598 ἐπ’
1167 5543 1344 5599 οὐδενὶ
1375 5540 1542 5610 λόγῳ.
1583 5559 1600 5590 ι

359 5659 378 5692 ι
413 5639 533 5693 Τίνι
563 5640 818 5710 ὁμοιώσω
845 5638 971 5701 τοὺς
1001 5634 1322 5707 ἀνθρώπους
1363 5635 1462 5703 τῆς
1491 5631 1687 5701 γενεᾶς
1723 5625 1856 5680 ταύ-

289 5748 426 5810 τηςς
462 5731 676 5805 Ὅμοιοι
725 5732 831 5786 εἰσι
862 5728 1122 5806 ,παιδίοις
1169 5730 1227 5784 ἐν
1279 5726 1455 5797 ἀγορᾷ
1502 5720 1856 5790 καθημένοις,

1956 521 2012 576 in
2047 523 2298 576 veritate.
2343 518 2574 574 Servum
2615 530 2899 574 sensatum
2962 519 3156 592 diligat
3196 522 3380 576 anima
3410 532 3524 579 tua.
3597 534 3600 536 ‘

1965 612 2044 668 Ne
2072 611 2366 668 defraudes
2391 610 2545 664 illum
2580 610 2855 666 libertate.
2901 630 2919 662 ι
3587 599 3596 606 “

2026 702 2195 758 Eccli.
2220 719 2274 768 κ,
2308 701 2474 756 28.——
2506 718 2524 752 ι
2547 701 2713 756 Servo
2756 709 2976 758 sensato
3009 703 3161 758 lioeri
3206 705 3482 760 servient.
3513 723 3534 755 ι

2025 793 2219 864 Ephcs.
2253 809 2331 857 vr,
2380 793 2495 849 5-7.
2527 823 2596 832 —
2631 809 2649 842 ι
2686 791 2865 858 Servi,
2896 791 3113 848 obedite
3148 793 3388 849 dominis
3439 810 3529 849 ve-

1954 887 2091 943 stris
2137 884 2479 951 carnalibus,
2544 897 2670 938 cum
2708 882 2905 938 timore
2934 892 2986 937 et
3015 891 3275 944 tremore.
3310 884 3364 938 in
3396 884 3532 939 sim-

1963 978 2213 1050 plicitate
2277 976 2465 1031 cordis
2521 974 2719 1037 vestri,
2786 974 2928 1028 sicut
2983 973 3207 1028 Christo
3242 1015 3256 1036 ,
3297 991 3404 1029 non
3464 977 3531 1030 ad

1955 1069 2178 1124 oculum
2211 1067 2538 1132 servientes,
2573 1073 2840 1132 tanquam
2870 1063 3195 1118 hominibus
3227 1064 3528 1134 placentes,

1953 1160 2051 1218 sed
2107 1168 2170 1214 ut
2206 1158 2352 1214 servi
2383 1156 2616 1221 Christi,
2668 1155 2938 1210 facientes
2977 1154 3314 1209 voluntatem
3343 1154 3435 1209 Dei
3464 1171 3532 1209 ex

1953 1253 2163 1318 animo,
2213 1266 2339 1306 cmn
2375 1250 2518 1305 bona
2561 1248 2850 1303 voluntate
2881 1246 3191 1302 servientes
3225 1245 3370 1302 sicut
3425 1245 3534 1300 Do-

1952 1345 2126 1408 mino,
2174 1350 2229 1397 et
2259 1357 2367 1397 non
2397 1339 2606 1395 homini
2643 1359 2657 1394 :
2693 1339 2936 1394 scientes
2962 1335 3110 1407 quod
3159 1336 3536 1404 unusquisque

1951 1435 2325 1505 quodcunque
2349 1431 2543 1487 fecerit
2565 1431 2798 1495 bonum,
2821 1431 2927 1484 hoc
2954 1427 3186 1498 recipiet
3219 1440 3251 1480 a
3283 1425 3536 1490 Domino,

1953 1526 2066 1582 sive
2095 1540 2312 1588 servus,
2335 1524 2454 1579 sive
2483 1523 2640 1578 liber.
2682 1541 2704 1575 ι

2023 1617 2230 1674 Coloss.
2260 1633 2342 1684 ιιι,
2363 1617 2453 1680 2‘2,
2486 1615 2576 1670 23.
2599 1644 2670 1654 ——
2697 1633 2716 1666 ι
2755 1612 2930 1678 Servi,
2968 1609 3184 1667 obedite
3219 1607 3533 1679 peremnia

1952 1711 2193 1766 dominis
2255 1707 2603 1769 carnalibus,
2647 1705 2864 1760 nonad
2927 1704 3148 1758 oculum
3199 1699 3530 1762 servientes,

1954 1803 2112 1875 quasi
2166 1801 2482 1857 hominibus
2545 1798 2851 1870 placentes,
2905 1795 3002 1851 sed
3058 1794 3124 1860 _in
3177 1790 3533 1860 simplicitate

1955 1896 2139 1952 cordis
2192 1896 2454 1951 timentes
2509 1892 2702 1948 Deum.
2762 1889 3147 1958 Quodcunque
3204 1883 3409 1946 facitis,
3462 1899 3531 1937 ex

1956 1989 2142 2044 animo
2199 1985 2526 2056 operamini,
2586 1985 2730 2038 sicut
2781 1981 3033 2045 Domino,
3063 1987 3117 2035 et
3153 1992 3263 2032 non
3287 1975 3526 2038 homini,

1957 2080 2192 2136 scientes
2220 2079 2361 2148 quod
2393 2092 2421 2130 a
2445 2076 2675 2132 Domino
2709 2071 2998 2143 accipietis
3029 2069 3469 2125 retributionem.
3507 2086 3527 2118 ι

2029 2169 2060 2224 1
2093 2171 2231 2226 Tim.
2257 2183 2332 2233 νι,
2374 2169 2425 2233 1,
2457 2168 2516 2224 “2.
2545 2197 2615 2207 -—
2646 2186 2664 2219 ι
2703 2165 3032 2234 Quicunque
3062 2171 3190 2218 sunt
3247 2161 3350 2216 sub
3396 2161 3534 2231 jugo

1958 2259 2130 2323 servi,
2156 2258 2414 2313 dominos
2437 2272 2569 2312 suos
2607 2255 2761 2309 omni
2792 2254 3004 2308 honore
3031 2250 3226 2318 dignos
3255 2249 3534 2304 arbitren-

1955 2359 2070 2416 tur,
2111 2366 2180 2405 ne
2211 2365 2411 2404 nomen
2446 2346 2668 2403 Domini
2720 2351 2776 2402 et
2806 2343 3059 2399 doctrina
3100 2341 3531 2411 blasphemetur.

1957 2443 2256 2509 Quiautem
2284 2440 2473 2496 fideles
2495 2439 2700 2494 habent
2723 2437 2998 2501 dominos,
3020 2450 3128 2491 non
3154 2439 3534 2491 contemnant,

1956 2530 2082 2601 quia
2126 2528 2328 2583 fratres
2388 2533 2556 2593 sunt;
2589 2525 2684 2581 sed
2719 2525 2894 2593 magis
2935 2522 3199 2588 serviant,
3244 2519 3373 2590 quia
3406 2517 3537 2572 iide-

1958 2624 2038 2678 les
2061 2631 2211 2688 sunt,
2244 2628 2298 2676 et
2329 2617 2518 2675 dilecti
2543 2627 2598 2673 et
2634 2614 2890 2672 beneficii
2916 2612 3237 2686 participes.
3270 2629 3290 2664 ι
3361 2689 3366 2693 ι

2030 2788 2060 2844 1
2090 2788 2235 2843 Petr.
2263 2803 2321 2852 ιι,
2373 2786 2459 2841 18.
2481 2817 2552 2827 -
2576 2804 2594 2838 ι
2627 2783 2806 2850 Servi,
2835 2782 3038 2839 subditi
3087 2787 3265 2837 estote
3297 2780 3350 2834 in
3381 2780 3533 2835 oruui

1961 2882 2159 2936 timore
2191 2878 2435 2933 dominis
2467 2877 2690 2943 vestris,
2733 2891 2844 2929 non
2870 2882 3080 2928 tantum
3109 2872 3270 2928 bouis
3300 2879 3356 2926 et
3413 2885 3533 2925 mo-

1961 2972 2156 3038 destis,
2223 2969 2320 3026 sed
2386 2969 2551 3026 etiam
2610 2967 2816 3038 pravis.
2868 2964 2992 3019 llrec
3035 2972 3120 3020 est
3146 2964 3292 3018 enim
3358 2963 3535 3033 gratia

1964 3067 2111 3136 apud
2139 3062 2332 3126 Deum,
2377 3061 2424 3118 si
2478 3067 2708 3130 propter
2747 3058 3143 3115 conscientiam
3173 3056 3264 3111 Dei
3295 3055 3538 3112 sustinet

1963 3155 2091 3227 quis
2127 3151 2459 3222 iujustitias,
2493 3151 2712 3220 patiens
2750 3149 2976 3218 injuste.
3014 3167 3033 3200 ι

2033 3245 2093 3300 S.
2153 3243 2308 3313 (ἶνες.
2353 3240 2496 3295 Naz.
2556 3249 2679 3294 tetr.
2718 3239 3081 3295 55.-—-Servi
3139 3255 3206 3294 ne
3267 3237 3539 3308 refugiant

1963 3333 2403 3392 benevolentiam
2475 3330 2716 3388 dominis
2771 3330 3054 3386 exhibere.
3118 3329 3420 3400 Ingenuum
3483 3339 3539 3384 et

1965 3443 2187 3486 servum
2213 3441 2396 3482 mores
2424 3425 2763 3496 exprimunt.

2277 3580 2417 3637 TIT.
2442 3577 2587 3635 XXI.
2622 3607 2690 3619 -
2717 3577 2794 3633 De
2823 3577 2980 3631 malis
3011 3577 3193 3632 servis.

2041 3701 2177 3756 Prov
2237 3713 2392 3759 XXIX,
2432 3696 2522 3750 19.
2556 3723 2626 3733 -—
2677 3711 2696 3743 ι
2725 3693 2932 3748 Servus
2965 3691 3140 3746 durus
3187 3687 3537 3744 sermonibus

1966 3809 2072 3849 nou
2093 3789 2372 3848 eruditur.
2409 3786 2542 3842 Nam
2560 3783 2816 3855 quamvis
2843 3781 3196 3843 intellexerit,
3229 3795 3336 3835 non
3357 3786 3538 3834 tamen

1970 3884 2211 3941 obcdiet.
2246 3900 2266 3934 ι

2037 3976 2205 4030 Eccli.
2263 3957 2486 4037 ium,
2533 3967 2721 4024 25-29.
2776 3996 2847 4010 —
2912 3985 2930 4019 ι
2982 3965 3220 4034 ζϐἰιιιινίιι
3267 3974 3322 4019 et
3389 3964 3540 4034 virga

1963 4070 2144 4133 asino,
2189 4067 2351 4139 panis
2388 4073 2596 4130 autem,
2639 4071 2695 4118 et
2732 4060 3048 4129 disciplina,
3099 4067 3153 4113 et
3181 4072 3320 4126 opus
3357 4071 3537 4111 servo.

1961 4161 2204 4233 Operare
2234 4159 2288 4213 in
2319 4170 2512 4227 puero,
2537 4162 2593 4209 et
2629 4153 2872 4207 invenies
2918 4149 3184 4220 requiem.
3234 4146 3381 4200 Lara
3426 4159 3542 4198 ma-

1961 4269 2068 4309 nus
2123 4251 2222 4316 illi,
2280 4258 2335 4304 et
2367 4252 2577 4319 quaeret.
2626 4243 2967 4299 libertatem.
3004 4239 3204 4310 Iugum
3257 4247 3311 4292 et
3359 4237 3537 4292 lorum

1963 4344 2170 4401 collum
2219 4340 2621 4402 incurvabunt,
2673 4343 2728 4391 et
2761 4348 2924 4394 servo
2961 4347 3196 4401 nequam
3234 4338 3463 4384 torturze
3484 4336 3540 4383 et

1965 4432 2284 4507 compedes.
2345 4430 2493 4484 Mitte
2536 4427 2692 4482 illum
2729 4426 2783 4479 in
2817 4425 3226 4496 operationem,
3259 4436 3328 4476 ue
3360 4426 3537 4478 vacet.

1965 4525 2190 4581 Multam
2219 4521 2365 4578 enim
2397 4517 2663 4574 malitiam
2696 4515 2884 4571 docuit
2919 4513 3195 4568 Otiositas.
3235 4529 3254 4563 ι

2035 4615 2204 4687 448
2234 4611 2403 4666 Eccli.
2435 4625 2606 4674 xtvu,
2661 4608 2715 4662 5.
2751 4636 2821 4648 ε·-
2847 4623 2866 4658 ι
2905 4604 3077 4660 Servo
3118 4602 3358 4672 pessimo
3390 4615 3458 4655 nc
3489 4609 3543 4655 te

1966 4709 2170 4777 pudeat
2205 4706 2351 4758 latus
2383 4699 2740 4771 sanguinare.
2781 4717 2798 4748 ι

2035 4796 2092 4851 S.
2141 4797 2298 4866 (ἔτερ.
2359 4792 2502 4846 Naz.
2559 4801 2703 4846 orat.
2758 4787 3196 4844 4.—Mal0rum
3249 4799 3537 4841 servorum

1965 4899 2052 4944 est
2087 4889 2382 4960 imperium
2419 4885 2675 4954 rejieere,
2717 4890 2772 4937 et
2801 4881 3071 4935 adversus
3102 4877 3538 4932 dominationem

1966 4983 2281 5054 insurgere,
2307 4993 2548 5047 eumque
2578 4975 2672 5048 qui
2696 4976 2836 5030 liber
2860 4981 2969 5040 est,
2995 4972 3048 5027 in
3073 4970 3328 5027 servilem
3351 4985 3539 5026 secum

1964 5075 2218 5144 ordinem
2261 5071 2529 5141 redigere.

2038 5164 2301 5221 Philonis.
2335 5161 2622 5217 —Nullus
2658 5161 2733 5216 ita
2767 5160 3000 5215 insanus
3051 5165 3158 5224 est,
3189 5164 3250 5210 ut
3271 5154 3389 5226 qui,
3423 5167 3541 5209 scr-

1969 5275 2070 5317 vus
2100 5270 2224 5313 cum
2250 5255 2348 5321 sit,
2373 5255 2657 5312 adversari
2692 5253 2918 5308 domino
2949 5265 3058 5306 non
3096 5261 3334 5306 veretur.

2339 5411 2475 5466 TlT.
2508 5408 2670 5465 XXII.
2705 5437 2770 5453 —-
2804 5407 2879 5463 De
2908 5407 3157 5462 morosis.

2036 5542 2197 5584 Amos
2227 5543 2303 5591 νι,
2325 5529 2410 5582 llr.
2435 5557 2501 5567 -—
2535 5544 2552 5575 ι
2579 5525 2734 5596 Oqui
2763 5523 3023 5581 lzetamini
3049 5523 3104 5577 in
3134 5522 3286 5578 nullo
3303 5521 3492 5578 verbo.
3517 5536 3540 5573 ι

2039 5608 2204 5674 Lu'
2237 5635 2335 5683 vlt,
2378 5618 2571 5673 31-54.
2610 5636 2734 5677 --_(
2762 5617 2865 5673 Cui
2894 5618 3106 5674 similes
3148 5617 3327 5673 dicam
3363 5614 3544 5669 homi-

1968 5729 2066 5771 nes
2101 5709 2472 5784 generationis
2509 5709 2720 5780 hujus?
2743 5707 2965 5767 Similes
2985 5718 3115 5767 sunt
3138 5708 3324 5781 pueris
3347 5703 3543 5763 seden-
