3960 6380
346 281 350 286 ’
450 295 586 362 1403

1632 289 1692 348 S.
1734 279 2054 347 JOANNIS
2080 277 2511 342 DAMASCENI

3531 245 3533 248 ’
3563 278 3696 345 nos

439 412 591 466 tibus
617 409 672 463 in
711 407 853 471 τοι-ο,
883 416 941 462 et
969 403 1326 475 loquentibus
1358 402 1426 457 ad
1453 402 1712 466 invicem,
1745 408 1798 455 ct
1826 400 2014 456 dicen-

2161 391 2218 443 αὶ
2248 389 2669 462 προσφωνοῦσιν
2727 387 3014 461 ἀλλήλους,
3069 389 3167 442 καὶ
3199 387 3452 457 λέγουσιν
3473 406 3485 420 ·
3515 392 3693 466 Ηύλή-

443 504 594 560 tibus
636 518 652 557 :
681 497 1043 556 Cantavintus
1074 495 1231 551 vobis
1263 493 1437 559 tibiis,
1469 501 1523 549 et
1569 509 1677 548 non
1717 491 1968 548 saltastis
1997 506 2011 543 :

445 593 889 652 lamentavimus,
944 595 1001 644 et
1033 602 1144 643 non
1205 587 1546 658 ploravistis.
1587 584 1752 641 Venit
1772 584 2016 642 Joannes

444 685 712 754 Baptista,
747 695 932 751 neque
963 681 1332 746 manducans,
1383 695 1566 750 neque
1602 679 1821 742 bibens,
1852 684 1909 733 et
1933 677 2017 732 di-

443 782 624 829 cunt:
681 771 1024 826 Datnnonium
1078 771 1262 826 habet.
1322 769 1484 826 Venit
1552 768 1725 824 Filius
1780 767 2019 824 hominis

444 863 788 916 manducans
827 871 881 916 et
918 861 1138 928 bibens,
1169 871 1220 916 et
1265 859 1462 915 dicunt
1496 876 1510 914 :
1556 859 1696 916 Ecce
1724 859 1890 915 homo
1909 873 2013 918 νον

446 962 614 1016 rator,
669 961 726 1008 et
762 953 962 1010 bibens
1011 953 1223 1020 vinum,
1274 953 1484 1008 amicus
1516 952 1938 1023 publicanorum
1963 961 2020 1014 et

446 1055 818 1118 peccatorum.

446 1201 584 1256 TI'I‘.
609 1202 799 1258 XXIII.
823 1232 895 1244 -
931 1201 1004 1258 De
1039 1203 1103 1255 iis
1128 1201 1430 1272 quiduplici
1467 1202 1646 1258 animo
1667 1211 1810 1266 sunt,
1843 1204 2022 1258 varia.

515 1290 613 1341 que
671 1272 915 1338 consilio,
952 1283 1001 1326 et
1031 1272 1358 1326 incomtantt’
1392 1284 1584 1337 mente,
1611 1289 1675 1325 ac
1709 1273 1869 1341 facile
1909 1291 2023 1327 mu-

516 1352 718 1397 tantur.

524 1477 654 1532 Osee
681 1494 789 1544 vn,
827 1478 915 1534 ll.
948 1508 1018 1517 —
1053 1497 1070 1530 ι
1112 1476 1409 1552 ngyptum
1458 1478 1809 1544 invocabant,
1858 1488 1914 1536 et
1954 1482 2024 1536 ad

446 1570 485 1622 Α
498 1569 708 1639 ssyrios
744 1569 1023 1626 abierunt.
1061 1587 1080 1621 ι

522 1659 687 1715 Εσοιὶ.
718 1677 780 1724 ιι,
837 1661 923 1716 14.
951 1692 1021 1702 -
1056 1680 1074 1713 ι
1117 1658 1211 1716 Vae
1247 1662 1457 1731 dttpllCI
1505 1662 1694 1728 corde.
1737 1671 1790 1720 et
1822 1677 2021 1734 pecca-

447 1753 556 1804 tori
583 1751 916 1822 ingredienti
949 1753 1090 1808 duas
1121 1754 1258 1808 vias.
1299 1773 1319 1806 ι

523 1840 690 1898 Eccli.
721 1855 760 1906 ι,
784 1841 876 1898 56.
904 1872 972 1883 —
1011 1862 1030 1895 ‹
1084 1841 1164 1898 Ne
1213 1842 1514 1900 accesseris
1550 1843 1616 1898 ad
1643 1860 1768 1901 eum
1814 1846 2020 1918 duplici

449 1932 630 1989 Cordo.
668 1951 688 1985 ι

522 2021 690 2079 Eccli.
716 2029 890 2089 xxvii,
926 2026 1013 2081 12.
1039 2057 1107 2069 -
1148 2045 1167 2080 ι
1211 2029 1422 2086 Stultus
1456 2030 1662 2083 utluna
1695 2036 1958 2082 mutatur.
2001 2048 2019 2079 ι

522 2113 688 2168 Eccli.
728 2131 808 2183 ιιι,
839 2117 929 2173 28.
954 2147 1022 2157 —
1057 2136 1075 2170 ι
1100 2117 1208 2174 Cor
1241 2119 1558 2192 ingrediens
1582 2120 1721 2175 duas
1750 2120 1889 2183 vias,
1917 2134 2026 2173 non

451 2204 675 2262 habebit
709 2222 1027 2264 successus.
1066 2229 1084 2263 ι

527 2295 696 2352 Eccli.
737 2315 888 2364 XXIX,
922 2300 1085 2356 '51.-
1123 2319 1140 2354 ι
1172 2300 1296 2356 Vita
1356 2317 1593 2373 nequam
1648 2292 1715 2358 de
1776 2304 1941 2360 domo
1972 2305 2028 2362 in

449 2389 676 2446 domum
713 2409 727 2445 :
759 2397 812 2447 et
846 2406 954 2450 non
987 2393 1281 2460 habitabit,
1310 2412 1485 2467 neque
1513 2397 1720 2467 operiet
1741 2413 1824 2454 os.
1866 2417 1886 2450 ι

523 2478 684 2534 ΖαεΙι.
719 2498 835 2546 vni,
875 2483 956 2538 lO.
993 2514 1065 2522 —
1093 2504 1110 2536 ι
1136 2484 1445 2556 Egredienti
1474 2498 1527 2543 et
1554 2488 1876 2559 ingredienti
1922 2505 2026 2546 non

447 2571 552 2624 erit
573 2588 674 2641 pax
703 2589 811 2643 prae
831 2576 1204 2634 tribulatione.
1233 2597 1255 2632 ι

517 2661 643 2718 Jac.
697 2681 736 2729 ι,
771 2668 825 2723 8.
861 2697 932 2710 —-
970 2688 988 2721 ι
1032 2669 1127 2725 Vir
1176 2671 1374 2744 duplex
1425 2674 1644 2742 animo,
1708 2677 2031 2733 inconstans
2137 2729 2142 2733 .

445 2765 530 2808 est
569 2756 622 2812 in
651 2757 909 2815 omnibus
937 2761 1042 2818 viis
1067 2764 1204 2819 suis.
1235 2784 1254 2816 ι

520 2845 703 2901 Galat.
747 2865 802 2915 v,
824 2850 878 2904 7.
899 2880 969 2892 -—-
1007 2871 1026 2905 ι
1067 2853 1386 2913 Currebatis
1407 2856 1546 2914 bene
1577 2876 1592 2912 :
1633 2859 1760 2928 quis
1793 2875 1898 2916 vos
1923 2860 2030 2916 im-

448 2936 659 3006 pedivit
691 2941 918 2998 veritati
952 2959 1063 3000 non
1102 2945 1374 3003 obedire?
1411 2966 1430 3003 ι

522 3027 584 3082 S.
613 3029 834 3088 Basilii.
857 3063 928 3073 —
959 3033 1206 3100 Quorum
1233 3052 1389 3095 mens
1420 3041 1486 3096 ad
1519 3044 1879 3100 mutationem
1901 3059 2026 3115 pro-
2051 3066 2094 3126 ο

451 3133 624 3186 pensa
665 3127 773 3186 est,
809 3137 918 3178 non
949 3133 1036 3180 est
1087 3141 1118 3181 a
1144 3129 1362 3184 ratione
1413 3130 1833 3188 dissentancum
1887 3133 2024 3204 quin

447 3209 560 3263 vita
587 3225 810 3282 quoque
845 3215 1090 3284 ipsorum
1125 3233 1236 3276 non
1274 3221 1346 3275 sit
1373 3222 1649 3276 ordinata.

526 3301 714 3371 Ejusd.
752 3305 1005 3376 Epithad
1039 3308 1298 3381 Patroph.
1351 3343 1422 3354 --
1454 3311 1719 3372 Homines
1774 3316 2024 3374 nubibus

447 3395 658 3452 similes
709 3408 860 3464 sunt,
894 3417 1015 3472 quae
1051 3412 1218 3473 prout
1248 3405 1619 3462 immutantur
1642 3408 1810 3476 venti,
1876 3425 2026 3466 nunc

446 3487 514 3542 ad
545 3488 707 3555 hanc,
743 3507 893 3546 nunc
932 3494 997 3548 ad
1029 3495 1178 3550 illam
1243 3501 1390 3554 aeris
1432 3499 1712 3572 regionem
1749 3501 2023 3556 feruntur.

515 3577 575 3635 S.
641 3579 799 3651 Greg.
865 3580 1008 3640 Naz.
1045 3596 1184 3641 orat.
1221 3588 1275 3653 1,
1326 3588 1404 3643 De
1473 3604 1621 3656 pace.
1655 3589 1920 3649 —Leves
1974 3601 2029 3648 et

446 3671 683 3729 stolidos
703 3688 800 3730 eos
870 3691 996 3731 esse
1030 3692 1348 3744 censemus,
1375 3681 1471 3750 qui
1516 3680 1677 3737 facile
1707 3682 1764 3737 in
1812 3691 2028 3738 utram-

446 3778 557 3830 que
585 3770 799 3832 partem
831 3763 1111 3832 feruntur,
1169 3769 1605 3842 ditabunturque
1639 3788 1653 3824 :
1687 3787 1799 3828 non
1859 3790 2024 3832 secus

447 3868 513 3908 ac
545 3854 930 3913 inconstantes
978 3861 1154 3925 venti,
1208 3869 1304 3915 aut
1343 3863 1660 3933 euriporum
1691 3869 2026 3928 mutationes

445 3951 502 3998 ct
533 3943 1028 4014 reciprocationes,
1054 3957 1149 4004 aut
1176 3950 1458 4009 instabilis
1483 3955 1658 4011 maris
1699 3954 1920 4015 ﬂuctus.

515 4035 783 4093 Philonis.
820 4069 890 4082 —-
920 4039 1138 4097 Stultus
1176 4043 1330 4099 nulla
1358 4058 1418 4099 re
1457 4045 1768 4103 consistere
1824 4055 2024 4119 potest,

445 4128 800 4200 pendulaque
831 4141 918 4189 cst
968 4134 1145 4204 ipsius
1179 4136 1366 4193 omnis
1416 4136 1552 4204 vita,
1591 4153 1693 4195 nec
1724 4139 1838 4196 ullo
1869 4143 2028 4197 lirmo

443 4220 616 4290 gradu
648 4221 748 4277 dell
758 4239 844 4279 κει.

518 4311 854 4383 Evagrii.—-
890 4315 1084 4371 Planta
1141 4333 1265 4387 quae
1315 4319 1640 4391 frequenter
1687 4335 1742 4379 et
1803 4325 2028 4383 assidue

443 4403 568 4460 loco
600 4414 870 4475 mutatur,
895 4424 1008 4464 non
1035 4409 1160 4465 edet
1191 4410 1456 4468 fructum.
1571 4410 1573 4413 ’

442 4560 608 4636 449
637 4564 782 4652 ΤΙΤ..
806 4565 1102 4652 κλινκ-
1132 4570 1401 4652 υςθιοήα
1425 4583 1475 4628 et
1509 4574 1748 4642 honore;
1782 4579 2025 4652 quodque

727 4636 957 4706 gloriam
991 4637 1126 4694 dare
1153 4636 1309 4696 alt'ert'
1332 4660 1438 4698 non
1472 4655 1727 4714 oporteat.

514 4765 727 4824 Barac-lt
787 4785 862 4837 IV,
885 4772 942 4827 5.
980 4803 1052 4814 —
1098 4793 1119 4826 ι
1184 4775 1264 4832 Ne
1329 4779 1520 4837 tradas
1579 4783 1738 4839 alteri
1789 4787 2022 4856 gloriam

445 4863 618 4922 tuam,
653 4871 846 4932 etquae
874 4864 971 4920 tibi
1012 4869 1351 4924 conveniunt
1381 4874 1532 4944 genti
1573 4876 1788 4933 alienae.
1821 4898 1840 4931 ι

516 4947 631 5001 lsa.
662 4953 865 5018 xut,8.
887 4985 954 4995 -
983 4975 1001 5008 ‹
1038 4956 1282 5014 Gloriam
1308 4976 1484 5016 meam
1510 4965 1667 5020 alteri
1687 4981 1798 5022 non
1821 4968 2015 5024 dabo.»
2041 4989 2062 5010 ι

386 5123 399 5146 Ν
517 5057 684 5114 Eccli.
710 5079 904 5131 χχχιιι,
941 5067 1032 5134 21,
1057 5068 1150 5136 24,
1182 5070 1272 5125 20.
1321 5101 1376 5110 -
1415 5091 1433 5124 ι
1467 5071 1605 5127 Dum
1639 5073 1821 5130 adhuc
1859 5077 2020 5142 vivis,

444 5159 495 5205 et
519 5151 858 5222 spiraculum
881 5165 966 5212 est
996 5159 1052 5214 in
1076 5169 1150 5226 te,
1181 5176 1251 5217 ne
1282 5171 1462 5218 mutes
1489 5164 1731 5234 teipsum
1770 5167 1827 5222 in
1871 5169 2022 5224 omni

444 5259 630 5299 carne.
662 5245 857 5304 Melius
893 5259 977 5305 est
999 5252 1146 5306 enim
1177 5261 1239 5308 ut
1263 5253 1360 5308 lilii
1417 5263 1472 5310 te
1506 5263 1724 5328 rogent,
1749 5273 1915 5327 quam
1957 5270 2018 5316 ut

446 5334 562 5403 ipse
605 5337 874 5407 respicias
909 5341 966 5394 in
1020 5358 1222 5401 manus
1274 5345 1515 5402 ﬁliorum
1581 5357 1823 5414 tuorum,
1857 5359 1913 5406 et
1966 5352 2022 5408 in

446 5436 698 5496 tempore
752 5433 950 5488 mortis
1010 5433 1284 5492 distribue
1329 5437 1727 5495 haereditatem.
1776 5439 1940 5506 Filio,
1968 5451 2023 5499 et

448 5519 689 5583 mulieri,
729 5531 786 5578 et
815 5525 1014 5591 amico,
1051 5534 1107 5581 et
1137 5527 1315 5595 fratri,
1351 5545 1416 5585 ne
1437 5531 1537 5586 des
1570 5539 1896 5601 potestatem
1925 5550 2020 5590 su-

454 5623 552 5676 per
577 5616 630 5664 te
660 5611 714 5666 in
748 5614 859 5668 vita
882 5623 998 5670 tua.
1034 5616 1112 5672 Ne
1141 5618 1236 5674 des
1265 5620 1424 5674 alteri
1453 5619 1684 5690 gloriam
1727 5615 1899 5688 tuam,
1929 5640 2020 5688 ne,

449 5702 499 5760 si
543 5714 591 5759 te
618 5708 898 5774 poeniteat,
939 5710 1254 5782 depreceris
1287 5729 1381 5782 pro
1414 5715 1538 5768 illis.
1574 5733 1591 5764 ι

2121 499 2294 554 σαμεν
2346 483 2510 553 ὑμῖν,
2587 483 2677 536 καὶ
2734 483 2836 535 οὐκ
2903 481 3261 553 ὠρχήσασθε·
3319 481 3696 555 ἐθρηνήσαμεν

2119 575 2268 644 ὑμῖν,
2300 574 2393 630 καὶ
2417 573 2517 628 οὐκ
2565 572 2890 627 ἐκλαύσατε.
2938 573 3193 643 Ἐλήλυθε
3243 572 3350 642 γὰρ
3389 573 3636 644 Ἰωάννης
3669 576 3697 629 ὁ

2118 666 2448 738 Βαπτιστὴς,
2489 667 2629 737 μήτε
2653 665 2872 729 ἐσθίων,
2911 665 3049 738 μήτε
3088 663 3280 732 πίνων,
3329 667 3424 718 καί
3445 666 3694 735 λέγουσι·

2119 761 2404 833 Δαιμόνιον
2431 760 2567 831 ἔχει.
2597 755 2804 813 τΗλθεν
2831 759 2860 811 ὁ
2905 758 3032 822 Υἱὸς
3060 757 3155 813 τοῦ
3185 758 3473 830 ἀνθρώπου
3505 760 3699 815 ἐσθίων

2119 855 2216 910 καὶ
2265 855 2438 908 πίνων
2463 893 2480 920 ,
2551 853 2647 908 καὶ
2693 852 2977 921 λέγουσιν’
3017 853 3150 906 Ἰδοὺ
3178 852 3464 923 ἄνθρωπος
3505 855 3699 923 φάγος,

2119 949 2216 1004 καλ⁸
2243 948 2547 1020 οἰνοπότης,
2589 946 2836 1001 τελωνῶν
2858 945 3010 1016 φίλος
3039 946 3134 1000 καὶ
3168 944 3532 1016 ἁμαρτωλῶν.
3571 965 3591 999 ι

2123 1191 2306 1267 TITA_.
2347 1191 2476 1267 ΚΓΖ
2509 1195 2746 1267 -ΑΠερὶ
2773 1193 3072 1267 διψύχων,
3111 1197 3209 1252 καί
3251 1199 3698 1267 πα.2ιμσού.1ων,

2194 1263 2294 1342 καί
2339 1263 2763 1318 ἀστατούντων
2809 1263 3235 1337 τὴνηυνώμην,
3295 1263 3412 1322 καί
3451 1263 3704 1340 pecuda?

2192 1349 2336 1388 των.

2201 1485 2220 1516 ι
2253 1465 2528 1534 Αἴγυπτον
2563 1467 2949 1536 ἐπεκαλοῦντο,
2982 1470 3076 1524 καὶ
3110 1472 3190 1536 είς
3231 1472 3551 1545 Ἀσσυρίους
3578 1477 3708 1530 ἐπο-

2131 1557 2423 1628 ρεύθησαν.
2455 1578 2473 1612 ι

2207 1669 2224 1700 ι
2267 1649 2404 1703 Οὐαὶ
2423 1651 2624 1722 καρδίᾳ⁸
2649 1652 2829 1724 δισσῇ,
2872 1654 2966 1708 καλ⁵
2997 1655 3308 1728 ἁμαρτωλῷ
3350 1657 3709 1732 ἐπιδεδηκότι

2058 1731 2102 1786 Β
2129 1738 2221 1792 ἐπὶ
2242 1738 2336 1795 δύο
2364 1739 2606 1812 τρίϐους.
2639 1761 2658 1793 ι

2203 1851 2220 1884 ι
2252 1833 2342 1905 Μὴ
2367 1835 2674 1909 προσέλθῃς
2699 1836 2897 1910 καρδίᾳ
2924 1838 3103 1909 δισσῇ.
3141 1859 3161 1890 ι

2205 2031 2224 2064 ι
2258 2013 2482 2082 Ἀφρων
2505 2012 2580 2077 ὡς
2620 2013 2822 2084 σελήνη
2864 2012 3196 2068 ἀλλοιοῦται.
3232 2033 3250 2065 ι

2206 2123 2222 2154 ι
2260 2105 2475 2176 Καρδία
2501 2106 2860 2159 ἐπιϐαίνουσα
2910 2105 3064 2160 δυσὶν
3101 2107 3260 2171 ὁδοῖς,
3311 2107 3412 2160 οὐκ
3439 2108 3709 2180 εὐοδωθή-

2133 2208 2304 2245 σεται.
2342 2210 2361 2244 ι

2209 2299 2228 2331 ι
2271 2281 2392 2352 Ζωὴ
2421 2283 2637 2354 πονηρὰ
2659 2283 2718 2347 ἐξ
2747 2284 2924 2348 οίκίας
2949 2286 3029 2349 είς
3055 2285 3234 2340 οἰκίαν
3256 2287 3389 2342 ’καὶ
3415 2281 3477 2343 οὗ
3510 2307 3707 2364 παροι-

2131 2371 2312 2442 κήσει,
2341 2371 2441 2425 οὐκ
2469 2373 2672 2438 ἀνοίξει
2696 2375 2894 2446 στόμα.
2920 2395 2938 2426 ι

2207 2483 2226 2515 ι
2266 2464 2355 2534 Τῷ
2384 2466 2831 2538 ἐκπορευομένῳ,
2879 2467 2974 2521 καὶ
3005 2468 3081 2540 τῷ
3109 2470 3574 2542 είσπορευομένῳ,
3611 2473 3710 2526 οὐκ

2129 2551 2198 2628 ἦν
2227 2557 2418 2628 εἰρήνη
2449 2557 2557 2610 ἀπὸ
2578 2560 2676 2628 τῆς
2704 2558 2954 2627 θλίψεως.
2985 2580 3004 2612 ι
3348 2558 3357 2562 ”

2205 2662 2224 2695 ι
2272 2643 2439 2716 Ἀνὴρ
2471 2645 2696 2716 δίψυχος
2721 2647 3095 2715 ἀκατάστατος
3120 2653 3177 2704 ἐν
3206 2653 3407 2719 πάσαις
3428 2657 3547 2720 ταῖς
3567 2657 3708 2721 ὁδοῖς

2132 2735 2319 2794 αὐτοῦ.
2364 2757 2384 2792 ι

2213 2871 2234 2905 ι
2282 2853 2562 2925 Ἐτρέχετε
2593 2854 2776 2920 καλῶς
2797 2871 2810 2884 ·
2836 2855 2918 2920 τίς
2957 2855 3099 2928 ὑμᾶς
3127 2857 3351 2928 ἐνέκοψε
3384 2863 3454 2932 τῇ
3478 2860 3712 2933 ἀληθείᾳ.

2136 2946 2210 3018 μὴ
2247 2946 2530 3001 πείθεσθαι
2557 2965 2574 3016 ;

2201 3031 2296 3100 Οἷς
2346 3035 2566 3102 εὔκολος
2612 3038 2748 3109 πρὸς
2789 3039 3098 3112 μεταϐολὴν
3129 3034 3132 3037 ’
3160 3043 3194 3113 ἡ
3239 3042 3470 3108 διάνοια,
3498 3045 3712 3111 τούτοις

2127 3127 2281 3183 οὐδὲν
2311 3129 2540 3194 ἀπεικὸς
2569 3132 2664 3185 καὶ
2696 3131 2787 3186 τὸν
2813 3132 2926 3203 βίον
2967 3129 3110 3188 εἶναι
3137 3135 3211 3207 μὴ
3241 3136 3607 3208 τετάγμενον.

2202 3289 2516 3362 ’Ἄνθρωποι
2554 3292 2677 3354 ταῖς
2722 3291 2977 3360 νεφέλαις
3006 3293 3270 3359 ἐοίκασιν,
3309 3294 3446 3365 πρὸς
3477 3294 3580 3358 τὰς
3607 3295 3714 3348 τῶν

2126 3381 2345 3452 ἀνέμων
2374 3382 2705 3453 μεταϐολὰς,
2752 3383 2940 3439 ἄλλοτε
2974 3385 3098 3438 κατ’
3127 3385 3254 3440 ἄλλο
3309 3387 3476 3458 μέρος
3499 3387 3599 3440 τοῦ
3627 3388 3714 3443 ὰέ-

2129 3491 2222 3544 ρος
2244 3475 2668 3547 ἐμφερομέναις.

2196 3565 2451 3635 Κοΰφους
2508 3568 2600 3620 καὶ
2630 3567 2916 3639 ἀνοήτους,
2950 3567 3175 3633 τούτους
3219 3569 3710 3642 ὑπολαμϐάνομεν,

2125 3657 2255 3720 τοὺς
2287 3658 2487 3730 ῥᾳδίως
2534 3659 2623 3713 ἐπ’
2655 3660 2942 3731 ἀμφότερα
2971 3661 3330 3734 φερομένους,
3382 3665 3478 3717 καὶ
3507 3667 3714 3738 μεταρ-

2131 3747 2378 3820 ρέοντας,
2414 3749 2671 3822 καθάπερ
2718 3751 2892 3824 αὔρας
2943 3755 3421 3824 μεταπιπτούσας,
3469 3757 3504 3826 ἢ
3537 3775 3711 3827 μετα-

2128 3841 2311 3908 ϐολὰς,
2368 3842 2402 3914 ἢ
2436 3843 2762 3918 παλιρροίας
2790 3844 3054 3919 εὐρίπων,
3084 3847 3118 3919 ἢ
3164 3847 3443 3921 Θαλάσσης
3470 3851 3711 3906 ἀστάτου

2128 3933 2376 4004 κύματα.

2201 4025 2454 4094 Πέφυκεν
2494 4027 2522 4084 ὁ
2561 4029 2753 4102 ἄφρων
2782 4030 2877 4085 ἐπὶ
2914 4032 3143 4102 μηδενὸς
3189 4032 3415 4087 ἐστάναι
3444 4033 3713 4104 πράγμα-

2126 4135 2239 4182 τος.
2269 4119 2382 4172 Καὶ
2414 4117 2565 4176 ἔστιν
2597 4105 2747 4193 αὐτῷ
2770 4124 2920 4178 πᾶσα
2950 4125 2984 4195 ἡ
3019 4122 3136 4196 ζωὴ
3164 4125 3512 4197 κρεμαμένη,
3550 4126 3712 4197 βάσις

2127 4210 2466 4280 ἀκράδαντον
2492 4212 2593 4266 οὐκ
2620 4213 2843 4283 ἔχουσα.

2191 4302 2362 4358 Φυτδν
2411 4304 2854 4377 μεταφερόμενον
2897 4309 3158 4380 συνεχῶς,
3184 4308 3247 4360 οὐ
3291 4310 3513 4380 ποιήσει
3571 4328 3708 4383 καρ-

2062 4392 2108 4449 D
2129 4396 2249 4452 πὸν.

2133 4553 2320 4610 ΤΙΤΛ.
2347 4555 2476 4609 KA'.
2503 4581 2571 4593 -—-
2601 4553 2741 4622 Περι
2775 4553 2981 4620 δόξης,
3013 4553 3109 4606 καὶ
3133 4551 3330 4622 τιμῆς·
3366 4555 3465 4610 καὶ
3497 4555 3591 4610 ὅτι
3636 4558 3708 4611 οὗ

2480 4623 2576 4678 δεῖ
2597 4623 2786 4689 δόξαν
2800 4623 2979 4693 ἑτέρῳ
2989 4625 3348 4694 παρασχεῖν.

2203 4781 2222 4814 ι
2255 4761 2348 4833 Μὴ
2383 4761 2469 4824 δὸς
2493 4761 2668 4832 ἐτέρῳ
2690 4761 2788 4832 τὴν
2812 4758 2968 4826 δόξαν
2998 4777 3111 4828 σου,
3135 4760 3231 4813 καὶ
3252 4760 3321 4814 τὰ
3355 4760 3709 4833 συμφέροντά

2128 4871 2210 4908 σοι
2245 4853 2390 4908 ἔθνει
2422 4853 2709 4924 ἀλλοτρίῳ.
2740 4871 2759 4905 ι

2203 4966 2220 4997 ι
2262 4946 2372 5017 Τὴν
2404 4947 2562 5012 δόξαν
2592 4963 2693 5017 μου
2727 4945 2900 5017 ἑτέρῳ
2933 4945 2994 4999 οὐ
3034 4944 3212 4999 δώσω.
3240 4965 3260 4997 ι

2206 5079 2224 5110 ι
2267 5058 2355 5121 Ὠς
2382 5057 2462 5110 ἔτι
2484 5056 2604 5128 ζῇς,
2634 5055 2729 5110 καὶ
2755 5055 2893 5126 πνοὴ
2924 5057 2982 5110 ἐν
3017 5054 3122 5122 σοὶ,
3160 5055 3236 5126 μὴ
3268 5053 3506 5128 ἀλλάξῃς
3538 5071 3705 5107 σεαυο

2124 5153 2214 5206 τὸν
2242 5152 2300 5205 ἐν
2327 5150 2479 5222 πάσῃ
2536 5149 2721 5218 σαρκί.
2777 5149 3045 5218 Κρεῖσσον
3095 5147 3206 5218 γάρ
3259 5148 3378 5200 ἐστι
3421 5147 3490 5200 τὰ
3535 5147 3708 5199 τέκνα

2123 5242 2381 5314 δεηθῆναί
2412 5259 2529 5309 σου,
2561 5242 2593 5313 ἢ
2626 5242 2685 5296 σὲ
2723 5242 3016 5312 ἐμϐλέπειν
3073 5242 3152 5304 είς
3185 5243 3375 5313 χεῖρας
3407 5239 3541 5295 υἱῶν
3573 5253 3703 5292 σουο

2127 5337 2223 5391 καὶ
2249 5337 2307 5389 ἐν
2333 5336 2513 5407 καιρῷ
2538 5336 2796 5403 τελευτῆς
2846 5333 3024 5397 διάδος
3061 5331 3427 5404 κληρονομίαν
3451 5350 3566 5385 σου.
3587 5329 3704 5400 Υίῷ

2132 5431 2227 5484 καὶ
2259 5429 2499 5498 γυναικὶ,
2530 5429 2624 5481 καὶ
2657 5428 2816 5498 φίλῳ,
2857 5426 2954 5480 καὶ
2979 5424 3215 5495 ἀδελφῷ,
3237 5423 3312 5496 μὴ
3335 5423 3422 5487 δὸς
3452 5422 3704 5488 ἐξουσίαν

2132 5523 2224 5576 ἐπὶ
2247 5524 2305 5576 σὲ
2339 5523 2395 5575 ἐν
2430 5521 2544 5592 ζωῇ
2571 5538 2685 5575 σου.
2712 5520 2802 5590 Μὴ
2829 5519 2919 5582 δὸς
2946 5519 3120 5590 ἐτέρῳ
3144 5517 3242 5590 τὴν
3277 5516 3430 5583 δόξαν
3463 5533 3577 5582 σου,
3612 5513 3702 5568 ἵνα

2135 5614 2206 5687 μὴ
2245 5613 2646 5686 μεταμεληθεὶς
2685 5612 2779 5685 δὲῃ
2805 5610 2932 5683 περὶ
2953 5610 3152 5666 αὐτῶν.
3183 5631 3202 5664 ›
