  <div class='ocr_page' id='page_1' title='image "/cluster/home/n/w/nwhite01/storage/ocr_20150623/95:no.2/coo.31924054869999/710.png"; bbox 0 0 3960 6420; ppageno 0'>
   <div class='ocr_carea' id='block_1_1' title="bbox 268 329 413 395">
    <p class='ocr_par' dir='ltr' id='par_1_1' title="bbox 268 329 413 395">
     <span class='ocr_line' id='line_1_1' title="bbox 268 329 413 395; baseline 0 0"><span class='ocrx_word' id='word_1_1' title='bbox 268 329 295 395; x_wconf 79' lang='grc'><strong>1</strong></span> <span class='ocrx_word' id='word_1_2' title='bbox 307 331 413 395; x_wconf 65' lang='grc'><strong>405</strong></span> 
     </span>
    </p>
   </div>
   <div class='ocr_carea' id='block_1_2' title="bbox 1543 338 2280 400">
    <p class='ocr_par' dir='ltr' id='par_1_2' title="bbox 1543 338 2280 400">
     <span class='ocr_line' id='line_1_2' title="bbox 1543 338 2280 400; baseline 0.003 -2"><span class='ocrx_word' id='word_1_3' title='bbox 1543 338 1778 399; x_wconf 79' lang='lat' dir='ltr'><strong>SACRA</strong></span> <span class='ocrx_word' id='word_1_4' title='bbox 1819 339 2280 400; x_wconf 83' lang='lat' dir='ltr'><strong>PARALLELA.</strong></span> 
     </span>
    </p>
   </div>
   <div class='ocr_carea' id='block_1_3' title="bbox 3395 336 3537 401">
    <p class='ocr_par' dir='ltr' id='par_1_3' title="bbox 3395 336 3537 401">
     <span class='ocr_line' id='line_1_3' title="bbox 3395 336 3537 401; baseline 0 -1"><span class='ocrx_word' id='word_1_5' title='bbox 3395 336 3537 401; x_wconf 74' lang='lat' dir='ltr'><strong>H06</strong></span> 
     </span>
    </p>
   </div>
   <div class='ocr_carea' id='block_1_4' title="bbox 259 439 1813 514">
    <p class='ocr_par' dir='ltr' id='par_1_4' title="bbox 259 439 1813 514">
     <span class='ocr_line' id='line_1_4' title="bbox 259 439 1813 514; baseline 0.004 -20"><span class='ocrx_word' id='word_1_6' title='bbox 259 442 444 495; x_wconf 76' lang='lat' dir='ltr'><strong>TITA.</strong></span> <span class='ocrx_word' id='word_1_7' title='bbox 469 439 598 494; x_wconf 80' lang='lat' dir='ltr'><strong>KE’.</strong></span> <span class='ocrx_word' id='word_1_8' title='bbox 631 469 699 481; x_wconf 90' lang='lat'><strong><em>—</em></strong></span> <span class='ocrx_word' id='word_1_9' title='bbox 727 439 867 509; x_wconf 79' lang='grc' dir='ltr'>Περὶ</span> <span class='ocrx_word' id='word_1_10' title='bbox 902 441 1220 514; x_wconf 69' lang='grc' dir='ltr'>διαϐόλου,</span> <span class='ocrx_word' id='word_1_11' title='bbox 1285 444 1416 513; x_wconf 64' lang='grc' dir='ltr'>ἤτοι</span> <span class='ocrx_word' id='word_1_12' title='bbox 1477 447 1716 503; x_wconf 77' lang='grc' dir='ltr'>Σατανᾶ</span> <span class='ocrx_word' id='word_1_13' title='bbox 1757 465 1813 501; x_wconf 80' lang='grc' dir='ltr'><strong>κι</strong></span> 
     </span>
    </p>
   </div>
   <div class='ocr_carea' id='block_1_5' title="bbox 1930 439 3531 514">
    <p class='ocr_par' dir='ltr' id='par_1_5' title="bbox 1959 447 3531 514">
     <span class='ocr_line' id='line_1_5' title="bbox 1959 447 3531 514; baseline 0.001 -13"><span class='ocrx_word' id='word_1_14' title='bbox 1959 447 2095 502; x_wconf 86' lang='grc' dir='ltr'><strong>ΤΙΤ.</strong></span> <span class='ocrx_word' id='word_1_15' title='bbox 2134 449 2303 504; x_wconf 67' lang='lat' dir='ltr'><strong>XXV.</strong></span> <span class='ocrx_word' id='word_1_16' title='bbox 2335 482 2394 500; x_wconf 70' lang='grc' dir='ltr'><strong>-ρ</strong></span> <span class='ocrx_word' id='word_1_17' title='bbox 2432 449 2510 504; x_wconf 82' lang='lat' dir='ltr'><strong>De</strong></span> <span class='ocrx_word' id='word_1_18' title='bbox 2537 449 2772 513; x_wconf 70' lang='lat' dir='ltr'><strong>diabolo,</strong></span> <span class='ocrx_word' id='word_1_19' title='bbox 2827 450 2936 506; x_wconf 77' lang='lat' dir='ltr'><strong>sive</strong></span> <span class='ocrx_word' id='word_1_20' title='bbox 2963 448 3196 514; x_wconf 71' lang='lat' dir='ltr'><strong>Salapia,</strong></span> <span class='ocrx_word' id='word_1_21' title='bbox 3236 459 3281 502; x_wconf 85' lang='lat' dir='ltr'><strong>ct</strong></span> <span class='ocrx_word' id='word_1_22' title='bbox 3330 449 3531 504; x_wconf 80' lang='lat' dir='ltr'><strong>da&#39;mo-</strong></span> 
     </span>
    </p>
   </div>
   <div class='ocr_carea' id='block_1_6' title="bbox 892 509 1212 580">
    <p class='ocr_par' dir='ltr' id='par_1_6' title="bbox 892 509 1212 580">
     <span class='ocr_line' id='line_1_6' title="bbox 892 509 1212 580; baseline 0.009 -18"><span class='ocrx_word' id='word_1_23' title='bbox 892 509 1212 580; x_wconf 76' lang='grc' dir='ltr'><strong>δαιμόνων.</strong></span> 
     </span>
    </p>
   </div>
   <div class='ocr_carea' id='block_1_7' title="bbox 333 623 1846 698">
    <p class='ocr_par' dir='ltr' id='par_1_7' title="bbox 333 623 1846 698">
     <span class='ocr_line' id='line_1_7' title="bbox 333 623 1846 698; baseline 0.006 -22"><span class='ocrx_word' id='word_1_24' title='bbox 333 644 354 676; x_wconf 73' lang='grc' dir='ltr'><strong>ι</strong></span> <span class='ocrx_word' id='word_1_25' title='bbox 373 624 644 696; x_wconf 81' lang='grc' dir='ltr'>Ἐγενήθη</span> <span class='ocrx_word' id='word_1_26' title='bbox 679 627 738 680; x_wconf 84' lang='grc' dir='ltr'><strong>ὲν</strong></span> <span class='ocrx_word' id='word_1_27' title='bbox 766 627 845 698; x_wconf 84' lang='grc' dir='ltr'>τῷ</span> <span class='ocrx_word' id='word_1_28' title='bbox 868 623 1011 682; x_wconf 80' lang='grc' dir='ltr'>εἶναι</span> <span class='ocrx_word' id='word_1_29' title='bbox 1042 627 1261 696; x_wconf 79' lang='grc' dir='ltr'>πνεῦμα</span> <span class='ocrx_word' id='word_1_30' title='bbox 1292 629 1530 698; x_wconf 77' lang='grc' dir='ltr'>πονηρὸν</span> <span class='ocrx_word' id='word_1_31' title='bbox 1544 630 1636 682; x_wconf 78' lang='grc' dir='ltr'>ἐπὶ</span> <span class='ocrx_word' id='word_1_32' title='bbox 1652 631 1846 697; x_wconf 76' lang='grc' dir='ltr'>Σαοὺλ,</span> 
     </span>
    </p>
   </div>
   <div class='ocr_carea' id='block_1_8' title="bbox 2645 521 2821 576">
    <p class='ocr_par' dir='ltr' id='par_1_8' title="bbox 2645 521 2821 576">
     <span class='ocr_line' id='line_1_8' title="bbox 2645 521 2821 576; baseline 0.011 -2"><span class='ocrx_word' id='word_1_33' title='bbox 2645 521 2821 576; x_wconf 78' lang='lat' dir='ltr'><strong>uibus.</strong></span> 
     </span>
    </p>
   </div>
   <div class='ocr_carea' id='block_1_9' title="bbox 2020 594 3534 703">
    <p class='ocr_par' dir='ltr' id='par_1_9' title="bbox 2020 594 3534 703">
     <span class='ocr_line' id='line_1_9' title="bbox 2020 594 3534 703; baseline -0.001 -17"><span class='ocrx_word' id='word_1_34' title='bbox 2020 633 2053 686; x_wconf 84' lang='grc' dir='ltr'><strong><em>Ι</em></strong></span> <span class='ocrx_word' id='word_1_35' title='bbox 2075 632 2203 703; x_wconf 83' lang='lat' dir='ltr'><strong>Reg.</strong></span> <span class='ocrx_word' id='word_1_36' title='bbox 2233 648 2348 698; x_wconf 77' lang='lat' dir='ltr'><strong>xvr,</strong></span> <span class='ocrx_word' id='word_1_37' title='bbox 2373 631 2467 686; x_wconf 75' lang='lat'><strong>25.</strong></span> <span class='ocrx_word' id='word_1_38' title='bbox 2493 661 2558 671; x_wconf 86' lang='lat'><strong>-—-</strong></span> <span class='ocrx_word' id='word_1_39' title='bbox 2590 650 2608 682; x_wconf 83' lang='grc' dir='ltr'><strong>ι</strong></span> <span class='ocrx_word' id='word_1_40' title='bbox 2647 632 2715 687; x_wconf 87' lang='lat' dir='ltr'><strong>Et</strong></span> <span class='ocrx_word' id='word_1_41' title='bbox 2784 594 2989 687; x_wconf 69' lang='lat' dir='ltr'><strong>factum</strong></span> <span class='ocrx_word' id='word_1_42' title='bbox 3042 640 3151 698; x_wconf 88' lang='lat' dir='ltr'><strong>est,</strong></span> <span class='ocrx_word' id='word_1_43' title='bbox 3208 645 3336 686; x_wconf 90' lang='lat' dir='ltr'><strong>cum</strong></span> <span class='ocrx_word' id='word_1_44' title='bbox 3387 637 3534 686; x_wconf 87' lang='lat' dir='ltr'><strong>esset</strong></span> 
     </span>
    </p>
   </div>
   <div class='ocr_carea' id='block_1_10' title="bbox 251 717 1813 795">
    <p class='ocr_par' dir='ltr' id='par_1_10' title="bbox 251 717 1813 794">
     <span class='ocr_line' id='line_1_10' title="bbox 251 717 1813 794; baseline 0.004 -24"><span class='ocrx_word' id='word_1_45' title='bbox 251 717 532 788; x_wconf 68' lang='grc' dir='ltr'>ἐλάμϐανε</span> <span class='ocrx_word' id='word_1_46' title='bbox 555 719 723 772; x_wconf 75' lang='grc' dir='ltr'>Δαϐὶδ</span> <span class='ocrx_word' id='word_1_47' title='bbox 742 720 843 791; x_wconf 75' lang='grc' dir='ltr'>τὴν</span> <span class='ocrx_word' id='word_1_48' title='bbox 871 721 992 774; x_wconf 80' lang='grc' dir='ltr'>κινύ</span> <span class='ocrx_word' id='word_1_49' title='bbox 1001 738 1124 790; x_wconf 87' lang='grc' dir='ltr'>ραν,</span> <span class='ocrx_word' id='word_1_50' title='bbox 1159 722 1254 774; x_wconf 73' lang='grc' dir='ltr'>καὶ</span> <span class='ocrx_word' id='word_1_51' title='bbox 1285 720 1512 789; x_wconf 72' lang='grc' dir='ltr'>ἔψαλλεν</span> <span class='ocrx_word' id='word_1_52' title='bbox 1535 723 1592 775; x_wconf 81' lang='grc' dir='ltr'>ὲν</span> <span class='ocrx_word' id='word_1_53' title='bbox 1613 726 1676 794; x_wconf 80' lang='grc' dir='ltr'>τῇ</span> <span class='ocrx_word' id='word_1_54' title='bbox 1703 741 1813 794; x_wconf 75' lang='grc' dir='ltr'>χει-ρ</span> 
     </span>
    </p>
   </div>
   <div class='ocr_carea' id='block_1_11' title="bbox 1930 717 3525 795">
    <p class='ocr_par' dir='ltr' id='par_1_11' title="bbox 1947 721 3525 795">
     <span class='ocr_line' id='line_1_11' title="bbox 1947 721 3525 795; baseline -0.003 -14"><span class='ocrx_word' id='word_1_55' title='bbox 1947 727 2177 795; x_wconf 73' lang='lat' dir='ltr'><strong>spiritus</strong></span> <span class='ocrx_word' id='word_1_56' title='bbox 2233 725 2410 780; x_wconf 87' lang='lat' dir='ltr'><strong>malus</strong></span> <span class='ocrx_word' id='word_1_57' title='bbox 2453 723 2507 778; x_wconf 92' lang='lat' dir='ltr'><strong>in</strong></span> <span class='ocrx_word' id='word_1_58' title='bbox 2567 721 2721 789; x_wconf 88' lang='lat' dir='ltr'><strong>Saul,</strong></span> <span class='ocrx_word' id='word_1_59' title='bbox 2759 722 2923 778; x_wconf 90' lang='lat' dir='ltr'><strong>David</strong></span> <span class='ocrx_word' id='word_1_60' title='bbox 2971 724 3196 778; x_wconf 87' lang='lat' dir='ltr'><strong>tollebat</strong></span> <span class='ocrx_word' id='word_1_61' title='bbox 3255 723 3525 794; x_wconf 79' lang='lat' dir='ltr'><strong>Cinyram,</strong></span> 
     </span>
    </p>
   </div>
   <div class='ocr_carea' id='block_1_12' title="bbox 247 809 1813 888">
    <p class='ocr_par' dir='ltr' id='par_1_12' title="bbox 247 809 1813 883">
     <span class='ocr_line' id='line_1_12' title="bbox 247 809 1813 883; baseline 0.006 -21"><span class='ocrx_word' id='word_1_62' title='bbox 247 809 447 874; x_wconf 80' lang='grc' dir='ltr'>αὐτοῦ,</span> <span class='ocrx_word' id='word_1_63' title='bbox 496 810 592 864; x_wconf 73' lang='grc' dir='ltr'><strong>καὶ</strong></span> <span class='ocrx_word' id='word_1_64' title='bbox 619 811 859 882; x_wconf 78' lang='grc' dir='ltr'>ἀνέψυχε</span> <span class='ocrx_word' id='word_1_65' title='bbox 887 813 1080 877; x_wconf 78' lang='grc' dir='ltr'>Σαοὺλ,</span> <span class='ocrx_word' id='word_1_66' title='bbox 1119 814 1212 868; x_wconf 73' lang='grc' dir='ltr'><strong>καὶ</strong></span> <span class='ocrx_word' id='word_1_67' title='bbox 1246 815 1518 883; x_wconf 79' lang='grc' dir='ltr'><strong>ἀφίστατο</strong></span> <span class='ocrx_word' id='word_1_68' title='bbox 1556 817 1652 869; x_wconf 84' lang='grc' dir='ltr'>ἀπ’</span> <span class='ocrx_word' id='word_1_69' title='bbox 1677 818 1813 871; x_wconf 79' lang='grc' dir='ltr'>αὐτο</span> 
     </span>
    </p>
   </div>
   <div class='ocr_carea' id='block_1_13' title="bbox 1930 809 3527 888">
    <p class='ocr_par' dir='ltr' id='par_1_13' title="bbox 1943 813 3527 888">
     <span class='ocr_line' id='line_1_13' title="bbox 1943 813 3527 888; baseline -0.005 -14"><span class='ocrx_word' id='word_1_70' title='bbox 1943 829 1999 874; x_wconf 92' lang='lat' dir='ltr'><strong>et</strong></span> <span class='ocrx_word' id='word_1_71' title='bbox 2028 819 2298 888; x_wconf 80' lang='lat' dir='ltr'><strong>psallebat</strong></span> <span class='ocrx_word' id='word_1_72' title='bbox 2323 833 2489 872; x_wconf 88' lang='lat' dir='ltr'><strong>manu</strong></span> <span class='ocrx_word' id='word_1_73' title='bbox 2519 831 2641 881; x_wconf 90' lang='lat' dir='ltr'><strong>sua,</strong></span> <span class='ocrx_word' id='word_1_74' title='bbox 2675 821 2730 869; x_wconf 89' lang='lat' dir='ltr'><strong>et</strong></span> <span class='ocrx_word' id='word_1_75' title='bbox 2765 816 3188 870; x_wconf 85' lang='lat' dir='ltr'><strong>refocillabatur</strong></span> <span class='ocrx_word' id='word_1_76' title='bbox 3222 813 3377 878; x_wconf 89' lang='lat' dir='ltr'><strong>Saul,</strong></span> <span class='ocrx_word' id='word_1_77' title='bbox 3436 829 3527 867; x_wconf 81' lang='lat' dir='ltr'><strong>re-</strong></span> 
     </span>
    </p>
   </div>
   <div class='ocr_carea' id='block_1_14' title="bbox 244 894 1008 969">
    <p class='ocr_par' dir='ltr' id='par_1_14' title="bbox 244 894 1008 969">
     <span class='ocr_line' id='line_1_14' title="bbox 244 894 1008 969; baseline 0.004 -21"><span class='ocrx_word' id='word_1_78' title='bbox 244 894 313 948; x_wconf 82' lang='grc' dir='ltr'>τὸ</span> <span class='ocrx_word' id='word_1_79' title='bbox 347 895 569 966; x_wconf 83' lang='grc' dir='ltr'>πνεῦμα</span> <span class='ocrx_word' id='word_1_80' title='bbox 594 897 658 950; x_wconf 81' lang='grc' dir='ltr'><strong>τὸ</strong></span> <span class='ocrx_word' id='word_1_81' title='bbox 685 899 947 969; x_wconf 87' lang='grc' dir='ltr'>πονηρόν.</span> <span class='ocrx_word' id='word_1_82' title='bbox 989 919 1008 951; x_wconf 76' lang='grc' dir='ltr'><strong>ι</strong></span> 
     </span>
    </p>
   </div>
   <div class='ocr_carea' id='block_1_15' title="bbox 324 989 1840 1066">
    <p class='ocr_par' dir='ltr' id='par_1_15' title="bbox 324 989 1840 1066">
     <span class='ocr_line' id='line_1_15' title="bbox 324 989 1840 1066; baseline 0.009 -26"><span class='ocrx_word' id='word_1_83' title='bbox 324 1006 348 1039; x_wconf 70' lang='grc' dir='ltr'><strong>ι</strong></span> <span class='ocrx_word' id='word_1_84' title='bbox 391 989 564 1060; x_wconf 84' lang='grc' dir='ltr'>Ἐστη</span> <span class='ocrx_word' id='word_1_85' title='bbox 605 990 852 1055; x_wconf 86' lang='grc' dir='ltr'>διάϐολος</span> <span class='ocrx_word' id='word_1_86' title='bbox 890 994 949 1046; x_wconf 73' lang='grc' dir='ltr'><strong>ἐν</strong></span> <span class='ocrx_word' id='word_1_87' title='bbox 970 993 1047 1062; x_wconf 82' lang='grc' dir='ltr'>τῷ</span> <span class='ocrx_word' id='word_1_88' title='bbox 1084 995 1320 1066; x_wconf 69' lang='grc' dir='ltr'>Ἰσραὴλ,</span> <span class='ocrx_word' id='word_1_89' title='bbox 1345 996 1440 1049; x_wconf 79' lang='grc' dir='ltr'><strong>καὶ</strong></span> <span class='ocrx_word' id='word_1_90' title='bbox 1470 997 1720 1052; x_wconf 84' lang='grc' dir='ltr'>ἐπέσεισε</span> <span class='ocrx_word' id='word_1_91' title='bbox 1750 999 1840 1054; x_wconf 83' lang='grc' dir='ltr'><strong>τὸν</strong></span> 
     </span>
    </p>
   </div>
   <div class='ocr_carea' id='block_1_16' title="bbox 241 1079 1237 1156">
    <p class='ocr_par' dir='ltr' id='par_1_16' title="bbox 241 1079 1237 1156">
     <span class='ocr_line' id='line_1_16' title="bbox 241 1079 1237 1156; baseline 0.008 -24"><span class='ocrx_word' id='word_1_92' title='bbox 241 1079 422 1134; x_wconf 72' lang='grc' dir='ltr'>Δαϐὶδ</span> <span class='ocrx_word' id='word_1_93' title='bbox 450 1081 760 1154; x_wconf 85' lang='grc' dir='ltr'>ἀριθμῆσαι</span> <span class='ocrx_word' id='word_1_94' title='bbox 797 1083 888 1138; x_wconf 86' lang='grc' dir='ltr'><strong>τὸν</strong></span> <span class='ocrx_word' id='word_1_95' title='bbox 936 1085 1174 1156; x_wconf 84' lang='grc' dir='ltr'>Ἰσραήλ.</span> <span class='ocrx_word' id='word_1_96' title='bbox 1215 1107 1237 1140; x_wconf 69' lang='grc' dir='ltr'><strong>ι</strong></span> 
     </span>
    </p>
   </div>
   <div class='ocr_carea' id='block_1_17' title="bbox 322 1174 1836 1252">
    <p class='ocr_par' dir='ltr' id='par_1_17' title="bbox 322 1174 1836 1252">
     <span class='ocr_line' id='line_1_17' title="bbox 322 1174 1836 1252; baseline 0.007 -26"><span class='ocrx_word' id='word_1_97' title='bbox 322 1193 343 1226; x_wconf 75' lang='grc' dir='ltr'><strong>ι</strong></span> <span class='ocrx_word' id='word_1_98' title='bbox 400 1174 464 1228; x_wconf 84' lang='grc' dir='ltr'><em>Ἦ</em></span> <span class='ocrx_word' id='word_1_99' title='bbox 489 1174 723 1245; x_wconf 77' lang='grc' dir='ltr'>δύναμις</span> <span class='ocrx_word' id='word_1_100' title='bbox 767 1175 863 1230; x_wconf 91' lang='grc' dir='ltr'><strong>τοῦ</strong></span> <span class='ocrx_word' id='word_1_101' title='bbox 909 1178 1130 1232; x_wconf 83' lang='grc' dir='ltr'><strong>Σατανᾶ</strong></span> <span class='ocrx_word' id='word_1_102' title='bbox 1171 1181 1260 1233; x_wconf 84' lang='grc' dir='ltr'>ἐπ’</span> <span class='ocrx_word' id='word_1_103' title='bbox 1293 1180 1542 1251; x_wconf 77' lang='grc' dir='ltr'><strong>ὀμφαλοῦ</strong></span> <span class='ocrx_word' id='word_1_104' title='bbox 1577 1182 1836 1252; x_wconf 65' lang='grc' dir='ltr'>γαστρός,</span> 
     </span>
    </p>
   </div>
   <div class='ocr_carea' id='block_1_18' title="bbox 242 1264 1838 1340">
    <p class='ocr_par' dir='ltr' id='par_1_18' title="bbox 242 1264 1838 1340">
     <span class='ocr_line' id='line_1_18' title="bbox 242 1264 1838 1340; baseline 0.008 -24"><span class='ocrx_word' id='word_1_105' title='bbox 242 1264 522 1336; x_wconf 83' lang='grc' dir='ltr'>Ἐστησεν</span> <span class='ocrx_word' id='word_1_106' title='bbox 575 1265 744 1336; x_wconf 77' lang='grc' dir='ltr'>οὐρὰν</span> <span class='ocrx_word' id='word_1_107' title='bbox 795 1265 966 1322; x_wconf 84' lang='grc' dir='ltr'>αὐτοῦ</span> <span class='ocrx_word' id='word_1_108' title='bbox 1011 1269 1089 1333; x_wconf 85' lang='grc' dir='ltr'><strong>ὡς</strong></span> <span class='ocrx_word' id='word_1_109' title='bbox 1127 1271 1493 1340; x_wconf 85' lang='grc' dir='ltr'>κυπαρίσσου,</span> <span class='ocrx_word' id='word_1_110' title='bbox 1516 1274 1668 1328; x_wconf 78' lang='grc' dir='ltr'>τὰδὲ</span> <span class='ocrx_word' id='word_1_111' title='bbox 1716 1273 1838 1327; x_wconf 71' lang='grc' dir='ltr'>νεῦρ</span> 
     </span>
    </p>
   </div>
   <div class='ocr_carea' id='block_1_19' title="bbox 239 1358 1532 1433">
    <p class='ocr_par' dir='ltr' id='par_1_19' title="bbox 239 1358 1532 1433">
     <span class='ocr_line' id='line_1_19' title="bbox 239 1358 1532 1433; baseline 0.005 -24"><span class='ocrx_word' id='word_1_112' title='bbox 239 1375 314 1430; x_wconf 78' lang='grc' dir='ltr'><strong>ρα</strong></span> <span class='ocrx_word' id='word_1_113' title='bbox 341 1358 514 1420; x_wconf 73' lang='grc' dir='ltr'>αὐτοῦ</span> <span class='ocrx_word' id='word_1_114' title='bbox 543 1359 970 1429; x_wconf 79' lang='grc' dir='ltr'><strong>συμπέπλεκται</strong></span> <span class='ocrx_word' id='word_1_115' title='bbox 995 1359 1190 1432; x_wconf 85' lang='grc' dir='ltr'>ῶσπερ</span> <span class='ocrx_word' id='word_1_116' title='bbox 1222 1363 1475 1433; x_wconf 71' lang='grc' dir='ltr'>σχοινίονι</span> <span class='ocrx_word' id='word_1_117' title='bbox 1514 1383 1532 1416; x_wconf 77' lang='grc' dir='ltr'><strong>ι</strong></span> 
     </span>
    </p>
   </div>
   <div class='ocr_carea' id='block_1_20' title="bbox 317 1448 1836 1527">
    <p class='ocr_par' dir='ltr' id='par_1_20' title="bbox 317 1448 1836 1527">
     <span class='ocr_line' id='line_1_20' title="bbox 317 1448 1836 1527; baseline 0.007 -26"><span class='ocrx_word' id='word_1_118' title='bbox 317 1468 340 1501; x_wconf 72' lang='grc' dir='ltr'><strong><em>ο</em></strong></span> <span class='ocrx_word' id='word_1_119' title='bbox 383 1448 446 1509; x_wconf 81' lang='grc' dir='ltr'><em>Ἦ</em></span> <span class='ocrx_word' id='word_1_120' title='bbox 497 1449 646 1521; x_wconf 79' lang='grc' dir='ltr'>ψυχὴ</span> <span class='ocrx_word' id='word_1_121' title='bbox 696 1450 865 1504; x_wconf 82' lang='grc' dir='ltr'>αὑτοῦ</span> <span class='ocrx_word' id='word_1_122' title='bbox 921 1452 1216 1523; x_wconf 75' lang='grc' dir='ltr'>ἄνθρακες,</span> <span class='ocrx_word' id='word_1_123' title='bbox 1249 1454 1282 1525; x_wconf 85' lang='grc' dir='ltr'><strong>ή</strong></span> <span class='ocrx_word' id='word_1_124' title='bbox 1317 1454 1373 1507; x_wconf 87' lang='grc' dir='ltr'>δὲ</span> <span class='ocrx_word' id='word_1_125' title='bbox 1422 1455 1618 1527; x_wconf 84' lang='grc' dir='ltr'>καρδία</span> <span class='ocrx_word' id='word_1_126' title='bbox 1669 1457 1836 1512; x_wconf 81' lang='grc' dir='ltr'>αὐτοῦ</span> 
     </span>
    </p>
   </div>
   <div class='ocr_carea' id='block_1_21' title="bbox 232 1540 1837 1619">
    <p class='ocr_par' dir='ltr' id='par_1_21' title="bbox 232 1540 1837 1619">
     <span class='ocr_line' id='line_1_21' title="bbox 232 1540 1837 1619; baseline 0.006 -27"><span class='ocrx_word' id='word_1_127' title='bbox 232 1540 496 1612; x_wconf 77' lang='grc' dir='ltr'><strong>πέπηγεν</strong></span> <span class='ocrx_word' id='word_1_128' title='bbox 520 1541 712 1612; x_wconf 85' lang='grc' dir='ltr'>ῶσπερ</span> <span class='ocrx_word' id='word_1_129' title='bbox 743 1542 984 1614; x_wconf 78' lang='grc' dir='ltr'>σίδηρος.</span> <span class='ocrx_word' id='word_1_130' title='bbox 1022 1543 1118 1608; x_wconf 84' lang='grc' dir='ltr'><strong>Τίς</strong></span> <span class='ocrx_word' id='word_1_131' title='bbox 1164 1545 1511 1616; x_wconf 76' lang='grc' dir='ltr'>ἀποκαλύψει</span> <span class='ocrx_word' id='word_1_132' title='bbox 1540 1549 1837 1619; x_wconf 85' lang='grc' dir='ltr'>πρόσωπον</span> 
     </span>
    </p>
   </div>
   <div class='ocr_carea' id='block_1_22' title="bbox 233 1631 1838 1707">
    <p class='ocr_par' dir='ltr' id='par_1_22' title="bbox 233 1631 1838 1707">
     <span class='ocr_line' id='line_1_22' title="bbox 233 1631 1838 1707; baseline 0.005 -24"><span class='ocrx_word' id='word_1_133' title='bbox 233 1631 509 1694; x_wconf 79' lang='grc' dir='ltr'>ἐνδύσεως</span> <span class='ocrx_word' id='word_1_134' title='bbox 565 1632 766 1698; x_wconf 83' lang='grc' dir='ltr'>αὐτοῦ,</span> <span class='ocrx_word' id='word_1_135' title='bbox 817 1634 898 1695; x_wconf 90' lang='grc' dir='ltr'>εἰς</span> <span class='ocrx_word' id='word_1_136' title='bbox 945 1632 1003 1686; x_wconf 83' lang='grc' dir='ltr'>δὲ</span> <span class='ocrx_word' id='word_1_137' title='bbox 1043 1634 1240 1706; x_wconf 81' lang='grc' dir='ltr'>πτῆξιν</span> <span class='ocrx_word' id='word_1_138' title='bbox 1275 1635 1523 1707; x_wconf 85' lang='grc' dir='ltr'><strong>θώρακος</strong></span> <span class='ocrx_word' id='word_1_139' title='bbox 1561 1637 1727 1691; x_wconf 82' lang='grc' dir='ltr'>αὐτοῦ</span> <span class='ocrx_word' id='word_1_140' title='bbox 1753 1638 1838 1704; x_wconf 89' lang='grc' dir='ltr'><strong>τίς</strong></span> 
     </span>
    </p>
   </div>
   <div class='ocr_carea' id='block_1_23' title="bbox 231 1725 1830 1802">
    <p class='ocr_par' dir='ltr' id='par_1_23' title="bbox 231 1725 1830 1802">
     <span class='ocr_line' id='line_1_23' title="bbox 231 1725 1830 1802; baseline 0.003 -21"><span class='ocrx_word' id='word_1_141' title='bbox 231 1725 512 1794; x_wconf 74' lang='grc' dir='ltr'>εἰσέλθοι;</span> <span class='ocrx_word' id='word_1_142' title='bbox 537 1725 719 1802; x_wconf 80' lang='grc' dir='ltr'>Πύλας</span> <span class='ocrx_word' id='word_1_143' title='bbox 743 1727 1016 1796; x_wconf 87' lang='grc' dir='ltr'>στόματος</span> <span class='ocrx_word' id='word_1_144' title='bbox 1056 1728 1164 1799; x_wconf 81' lang='grc' dir='ltr'><strong>πρὸ</strong></span> <span class='ocrx_word' id='word_1_145' title='bbox 1212 1729 1506 1800; x_wconf 82' lang='grc' dir='ltr'>προσώπου</span> <span class='ocrx_word' id='word_1_146' title='bbox 1541 1730 1706 1786; x_wconf 83' lang='grc' dir='ltr'>αὐτοῦ</span> <span class='ocrx_word' id='word_1_147' title='bbox 1745 1732 1830 1796; x_wconf 84' lang='grc' dir='ltr'><strong>τίς</strong></span> 
     </span>
    </p>
   </div>
   <div class='ocr_carea' id='block_1_24' title="bbox 229 1809 1830 1892">
    <p class='ocr_par' dir='ltr' id='par_1_24' title="bbox 229 1809 1830 1892">
     <span class='ocr_line' id='line_1_24' title="bbox 229 1809 1830 1892; baseline 0.005 -22"><span class='ocrx_word' id='word_1_148' title='bbox 229 1817 478 1884; x_wconf 84' lang='grc' dir='ltr'>ἀνοίξει;</span> <span class='ocrx_word' id='word_1_149' title='bbox 511 1809 726 1890; x_wconf 62' lang='grc' dir='ltr'>ζΚύκλφ</span> <span class='ocrx_word' id='word_1_150' title='bbox 780 1819 1008 1874; x_wconf 83' lang='grc' dir='ltr'><strong>ὀδόντων</strong></span> <span class='ocrx_word' id='word_1_151' title='bbox 1063 1821 1229 1875; x_wconf 86' lang='grc' dir='ltr'>αὐτοῦ</span> <span class='ocrx_word' id='word_1_152' title='bbox 1281 1821 1466 1892; x_wconf 80' lang='grc' dir='ltr'>φόϐος,</span> <span class='ocrx_word' id='word_1_153' title='bbox 1510 1822 1580 1878; x_wconf 85' lang='grc' dir='ltr'>τὰ</span> <span class='ocrx_word' id='word_1_154' title='bbox 1620 1821 1830 1891; x_wconf 77' lang='grc' dir='ltr'>ἔγκατα</span> 
     </span>
    </p>
   </div>
   <div class='ocr_carea' id='block_1_25' title="bbox 229 1909 1829 1986">
    <p class='ocr_par' dir='ltr' id='par_1_25' title="bbox 229 1909 1829 1986">
     <span class='ocr_line' id='line_1_25' title="bbox 229 1909 1829 1986; baseline 0.002 -20"><span class='ocrx_word' id='word_1_155' title='bbox 229 1909 402 1966; x_wconf 73' lang='grc' dir='ltr'>αὑτοῦ</span> <span class='ocrx_word' id='word_1_156' title='bbox 422 1909 646 1974; x_wconf 83' lang='grc' dir='ltr'>ἀσπίδες</span> <span class='ocrx_word' id='word_1_157' title='bbox 669 1909 886 1980; x_wconf 84' lang='grc' dir='ltr'>χαλκαῖ.</span> <span class='ocrx_word' id='word_1_158' title='bbox 912 1911 1006 1964; x_wconf 87' lang='grc' dir='ltr'><strong>Ἐκ</strong></span> <span class='ocrx_word' id='word_1_159' title='bbox 1031 1913 1298 1983; x_wconf 83' lang='grc' dir='ltr'>στόματος</span> <span class='ocrx_word' id='word_1_160' title='bbox 1319 1913 1486 1966; x_wconf 84' lang='grc' dir='ltr'>αὑτοῦ</span> <span class='ocrx_word' id='word_1_161' title='bbox 1501 1915 1829 1986; x_wconf 74' lang='grc' dir='ltr'>ἐκπορεύον-</span> 
     </span>
    </p>
   </div>
   <div class='ocr_carea' id='block_1_26' title="bbox 227 2001 1827 2078">
    <p class='ocr_par' dir='ltr' id='par_1_26' title="bbox 227 2001 1827 2078">
     <span class='ocr_line' id='line_1_26' title="bbox 227 2001 1827 2078; baseline 0.003 -22"><span class='ocrx_word' id='word_1_162' title='bbox 227 2015 319 2056; x_wconf 77' lang='grc' dir='ltr'><strong>ται</strong></span> <span class='ocrx_word' id='word_1_163' title='bbox 348 2001 631 2072; x_wconf 79' lang='grc' dir='ltr'>λαμπάδες</span> <span class='ocrx_word' id='word_1_164' title='bbox 657 2002 970 2072; x_wconf 85' lang='grc' dir='ltr'>καιόμεναι,</span> <span class='ocrx_word' id='word_1_165' title='bbox 995 2004 1091 2058; x_wconf 79' lang='grc' dir='ltr'><strong>καὶ</strong></span> <span class='ocrx_word' id='word_1_166' title='bbox 1121 2003 1571 2076; x_wconf 78' lang='grc' dir='ltr'>διαῤῥιπτοῦνται</span> <span class='ocrx_word' id='word_1_167' title='bbox 1597 2006 1827 2078; x_wconf 78' lang='grc' dir='ltr'>ἐσχάραι</span> 
     </span>
    </p>
   </div>
   <div class='ocr_carea' id='block_1_27' title="bbox 225 2093 1827 2165">
    <p class='ocr_par' dir='ltr' id='par_1_27' title="bbox 225 2093 1827 2165">
     <span class='ocr_line' id='line_1_27' title="bbox 225 2093 1827 2165; baseline 0.002 -21"><span class='ocrx_word' id='word_1_168' title='bbox 225 2095 432 2163; x_wconf 83' lang='grc' dir='ltr'>πυρός.</span> <span class='ocrx_word' id='word_1_169' title='bbox 495 2093 591 2145; x_wconf 89' lang='grc' dir='ltr'>Ἐκ</span> <span class='ocrx_word' id='word_1_170' title='bbox 641 2094 939 2163; x_wconf 84' lang='grc' dir='ltr'>μυκτήρων</span> <span class='ocrx_word' id='word_1_171' title='bbox 985 2093 1151 2146; x_wconf 78' lang='grc' dir='ltr'>αὐτοῦ</span> <span class='ocrx_word' id='word_1_172' title='bbox 1216 2093 1578 2165; x_wconf 63' lang='grc' dir='ltr'>ἐκπορεύεται</span> <span class='ocrx_word' id='word_1_173' title='bbox 1619 2095 1827 2160; x_wconf 81' lang='grc' dir='ltr'>καπνὸς</span> 
     </span>
    </p>
   </div>
   <div class='ocr_carea' id='block_1_28' title="bbox 225 2183 1823 2259">
    <p class='ocr_par' dir='ltr' id='par_1_28' title="bbox 225 2183 1823 2259">
     <span class='ocr_line' id='line_1_28' title="bbox 225 2183 1823 2259; baseline 0.003 -23"><span class='ocrx_word' id='word_1_174' title='bbox 225 2185 470 2254; x_wconf 75' lang='grc' dir='ltr'>καμίνου</span> <span class='ocrx_word' id='word_1_175' title='bbox 499 2184 800 2255; x_wconf 82' lang='grc' dir='ltr'>καιομένης</span> <span class='ocrx_word' id='word_1_176' title='bbox 836 2184 971 2256; x_wconf 73' lang='grc' dir='ltr'>πυρὶ</span> <span class='ocrx_word' id='word_1_177' title='bbox 1025 2183 1341 2257; x_wconf 81' lang='grc' dir='ltr'><strong>ἀνθράκων.</strong></span> <span class='ocrx_word' id='word_1_178' title='bbox 1383 2185 1448 2240; x_wconf 72' lang='grc' dir='ltr'><strong>ἸΙ</strong></span> <span class='ocrx_word' id='word_1_179' title='bbox 1479 2187 1629 2259; x_wconf 75' lang='grc' dir='ltr'>ψυχὴ</span> <span class='ocrx_word' id='word_1_180' title='bbox 1660 2188 1823 2242; x_wconf 82' lang='grc' dir='ltr'>αὐτοῦ</span> 
     </span>
    </p>
   </div>
   <div class='ocr_carea' id='block_1_29' title="bbox 224 2275 1822 2349">
    <p class='ocr_par' dir='ltr' id='par_1_29' title="bbox 224 2275 1822 2349">
     <span class='ocr_line' id='line_1_29' title="bbox 224 2275 1822 2349; baseline 0.003 -18"><span class='ocrx_word' id='word_1_181' title='bbox 224 2277 515 2348; x_wconf 77' lang='grc' dir='ltr'>ἄνθρακας</span> <span class='ocrx_word' id='word_1_182' title='bbox 539 2275 744 2345; x_wconf 77' lang='grc' dir='ltr'>φλέξει,</span> <span class='ocrx_word' id='word_1_183' title='bbox 800 2275 933 2346; x_wconf 76' lang='grc' dir='ltr'><strong>φλὸξ</strong></span> <span class='ocrx_word' id='word_1_184' title='bbox 955 2276 1012 2330; x_wconf 85' lang='grc' dir='ltr'>δὲ</span> <span class='ocrx_word' id='word_1_185' title='bbox 1059 2278 1124 2331; x_wconf 80' lang='grc' dir='ltr'>ἐκ</span> <span class='ocrx_word' id='word_1_186' title='bbox 1155 2279 1423 2349; x_wconf 85' lang='grc' dir='ltr'>στόματος</span> <span class='ocrx_word' id='word_1_187' title='bbox 1451 2280 1616 2334; x_wconf 80' lang='grc' dir='ltr'>αὐτοῦ</span> <span class='ocrx_word' id='word_1_188' title='bbox 1655 2283 1822 2335; x_wconf 79' lang='grc' dir='ltr'>ἐκπο-</span> 
     </span>
    </p>
   </div>
   <div class='ocr_carea' id='block_1_30' title="bbox 227 2367 1823 2442">
    <p class='ocr_par' dir='ltr' id='par_1_30' title="bbox 227 2367 1823 2442">
     <span class='ocr_line' id='line_1_30' title="bbox 227 2367 1823 2442; baseline 0.006 -22"><span class='ocrx_word' id='word_1_189' title='bbox 227 2367 476 2438; x_wconf 75' lang='grc' dir='ltr'>ρεύεται.</span> <span class='ocrx_word' id='word_1_190' title='bbox 505 2367 859 2439; x_wconf 83' lang='grc' dir='ltr'>Ἐμπροσθεν</span> <span class='ocrx_word' id='word_1_191' title='bbox 888 2369 1054 2423; x_wconf 74' lang='grc' dir='ltr'>αὐτοῦ</span> <span class='ocrx_word' id='word_1_192' title='bbox 1103 2372 1398 2442; x_wconf 77' lang='grc' dir='ltr'>προτρέχει</span> <span class='ocrx_word' id='word_1_193' title='bbox 1447 2373 1714 2428; x_wconf 78' lang='grc' dir='ltr'><strong>ἀπώλεια.</strong></span> <span class='ocrx_word' id='word_1_194' title='bbox 1757 2375 1823 2429; x_wconf 84' lang='grc' dir='ltr'><strong>Ἠ</strong></span> 
     </span>
    </p>
   </div>
   <div class='ocr_carea' id='block_1_31' title="bbox 229 2459 1821 2536">
    <p class='ocr_par' dir='ltr' id='par_1_31' title="bbox 229 2459 1821 2536">
     <span class='ocr_line' id='line_1_31' title="bbox 229 2459 1821 2536; baseline 0.004 -23"><span class='ocrx_word' id='word_1_195' title='bbox 229 2460 492 2532; x_wconf 80' lang='grc' dir='ltr'>στρωμνὴ</span> <span class='ocrx_word' id='word_1_196' title='bbox 525 2459 691 2514; x_wconf 84' lang='grc' dir='ltr'>αὑτοῦ</span> <span class='ocrx_word' id='word_1_197' title='bbox 722 2459 996 2515; x_wconf 85' lang='grc' dir='ltr'>ὀϐελίσκοι</span> <span class='ocrx_word' id='word_1_198' title='bbox 1044 2461 1210 2528; x_wconf 81' lang='grc' dir='ltr'>όξεῖς,</span> <span class='ocrx_word' id='word_1_199' title='bbox 1251 2465 1359 2528; x_wconf 84' lang='grc' dir='ltr'>πᾶς</span> <span class='ocrx_word' id='word_1_200' title='bbox 1387 2465 1445 2519; x_wconf 83' lang='grc' dir='ltr'>δὲ</span> <span class='ocrx_word' id='word_1_201' title='bbox 1492 2465 1694 2536; x_wconf 85' lang='grc' dir='ltr'>χρυσὸς</span> <span class='ocrx_word' id='word_1_202' title='bbox 1727 2465 1821 2520; x_wconf 86' lang='grc' dir='ltr'>θα-</span> 
     </span>
    </p>
   </div>
   <div class='ocr_carea' id='block_1_32' title="bbox 220 2551 1592 2626">
    <p class='ocr_par' dir='ltr' id='par_1_32' title="bbox 220 2551 1592 2626">
     <span class='ocr_line' id='line_1_32' title="bbox 220 2551 1592 2626; baseline 0.004 -23"><span class='ocrx_word' id='word_1_203' title='bbox 220 2553 441 2623; x_wconf 79' lang='grc' dir='ltr'>λάσσης</span> <span class='ocrx_word' id='word_1_204' title='bbox 488 2553 579 2605; x_wconf 83' lang='grc' dir='ltr'>ὑπ’</span> <span class='ocrx_word' id='word_1_205' title='bbox 609 2552 775 2605; x_wconf 76' lang='grc' dir='ltr'>αὑτὸν</span> <span class='ocrx_word' id='word_1_206' title='bbox 800 2551 988 2624; x_wconf 90' lang='grc' dir='ltr'>ῶσπερ</span> <span class='ocrx_word' id='word_1_207' title='bbox 1020 2555 1191 2625; x_wconf 84' lang='grc' dir='ltr'>πηλὸς</span> <span class='ocrx_word' id='word_1_208' title='bbox 1235 2555 1533 2626; x_wconf 79' lang='grc' dir='ltr'>ἀμύθητος.</span> <span class='ocrx_word' id='word_1_209' title='bbox 1573 2575 1592 2609; x_wconf 79' lang='grc' dir='ltr'><strong>ι</strong></span> 
     </span>
    </p>
   </div>
   <div class='ocr_carea' id='block_1_33' title="bbox 307 2645 1819 2721">
    <p class='ocr_par' dir='ltr' id='par_1_33' title="bbox 307 2645 1819 2721">
     <span class='ocr_line' id='line_1_33' title="bbox 307 2645 1819 2721; baseline 0.003 -24"><span class='ocrx_word' id='word_1_210' title='bbox 307 2664 330 2697; x_wconf 72' lang='grc' dir='ltr'><strong>ι</strong></span> <span class='ocrx_word' id='word_1_211' title='bbox 369 2645 576 2712; x_wconf 79' lang='grc' dir='ltr'>Ἔδειξέ</span> <span class='ocrx_word' id='word_1_212' title='bbox 609 2663 702 2714; x_wconf 87' lang='grc' dir='ltr'><strong>μοι</strong></span> <span class='ocrx_word' id='word_1_213' title='bbox 747 2645 952 2718; x_wconf 82' lang='grc' dir='ltr'>Κύριος</span> <span class='ocrx_word' id='word_1_214' title='bbox 1021 2646 1234 2717; x_wconf 79' lang='grc' dir='ltr'>Ἰησοῦν</span> <span class='ocrx_word' id='word_1_215' title='bbox 1291 2648 1384 2702; x_wconf 82' lang='grc' dir='ltr'><strong>τὸν</strong></span> <span class='ocrx_word' id='word_1_216' title='bbox 1425 2649 1578 2721; x_wconf 81' lang='grc' dir='ltr'>ἱερέα</span> <span class='ocrx_word' id='word_1_217' title='bbox 1607 2648 1819 2702; x_wconf 83' lang='grc' dir='ltr'>ἑστῶτα</span> 
     </span>
    </p>
   </div>
   <div class='ocr_carea' id='block_1_34' title="bbox 221 2736 1819 2810">
    <p class='ocr_par' dir='ltr' id='par_1_34' title="bbox 221 2736 1819 2810">
     <span class='ocr_line' id='line_1_34' title="bbox 221 2736 1819 2810; baseline 0.004 -21"><span class='ocrx_word' id='word_1_218' title='bbox 221 2736 340 2806; x_wconf 77' lang='grc' dir='ltr'>πρὸ</span> <span class='ocrx_word' id='word_1_219' title='bbox 386 2736 692 2808; x_wconf 86' lang='grc' dir='ltr'>προσώπου</span> <span class='ocrx_word' id='word_1_220' title='bbox 741 2737 980 2806; x_wconf 75' lang='grc' dir='ltr'>ἀγγέλου</span> <span class='ocrx_word' id='word_1_221' title='bbox 1034 2739 1284 2810; x_wconf 80' lang='grc' dir='ltr'>Κυρίου,</span> <span class='ocrx_word' id='word_1_222' title='bbox 1344 2740 1441 2794; x_wconf 78' lang='grc' dir='ltr'>καὶ</span> <span class='ocrx_word' id='word_1_223' title='bbox 1490 2743 1519 2796; x_wconf 91' lang='lat'><strong>6</strong></span> <span class='ocrx_word' id='word_1_224' title='bbox 1573 2740 1819 2805; x_wconf 87' lang='grc' dir='ltr'>διάϐολος</span> 
     </span>
    </p>
   </div>
   <div class='ocr_carea' id='block_1_35' title="bbox 221 2827 1819 2904">
    <p class='ocr_par' dir='ltr' id='par_1_35' title="bbox 221 2827 1819 2904">
     <span class='ocr_line' id='line_1_35' title="bbox 221 2827 1819 2904; baseline 0.003 -22"><span class='ocrx_word' id='word_1_225' title='bbox 221 2829 477 2898; x_wconf 82' lang='grc' dir='ltr'>εἱστήκει</span> <span class='ocrx_word' id='word_1_226' title='bbox 502 2830 568 2883; x_wconf 79' lang='grc' dir='ltr'>ἐκ</span> <span class='ocrx_word' id='word_1_227' title='bbox 593 2828 786 2894; x_wconf 78' lang='grc' dir='ltr'>δεξιῶν</span> <span class='ocrx_word' id='word_1_228' title='bbox 816 2829 1004 2886; x_wconf 84' lang='grc' dir='ltr'>αὑτοῦ.</span> <span class='ocrx_word' id='word_1_229' title='bbox 1034 2832 1144 2888; x_wconf 75' lang='grc' dir='ltr'><strong>Καὶ</strong></span> <span class='ocrx_word' id='word_1_230' title='bbox 1187 2827 1341 2886; x_wconf 73' lang='grc' dir='ltr'>εἶπεν</span> <span class='ocrx_word' id='word_1_231' title='bbox 1370 2834 1398 2887; x_wconf 97' lang='lat'><strong>6</strong></span> <span class='ocrx_word' id='word_1_232' title='bbox 1431 2832 1664 2902; x_wconf 80' lang='grc' dir='ltr'>ἄγγελος</span> <span class='ocrx_word' id='word_1_233' title='bbox 1684 2833 1819 2904; x_wconf 82' lang='grc' dir='ltr'>πρὸς</span> 
     </span>
    </p>
   </div>
   <div class='ocr_carea' id='block_1_36' title="bbox 217 2921 1816 2996">
    <p class='ocr_par' dir='ltr' id='par_1_36' title="bbox 217 2921 1816 2996">
     <span class='ocr_line' id='line_1_36' title="bbox 217 2921 1816 2996; baseline 0.003 -22"><span class='ocrx_word' id='word_1_234' title='bbox 217 2922 318 2974; x_wconf 77' lang='grc' dir='ltr'>τὸν</span> <span class='ocrx_word' id='word_1_235' title='bbox 347 2921 597 2976; x_wconf 85' lang='grc' dir='ltr'>διάϐολον</span> <span class='ocrx_word' id='word_1_236' title='bbox 622 2938 636 2950; x_wconf 93' lang='grc'><strong>·</strong></span> <span class='ocrx_word' id='word_1_237' title='bbox 705 2923 1060 2994; x_wconf 86' lang='grc' dir='ltr'>Ἐπιτιμήσει</span> <span class='ocrx_word' id='word_1_238' title='bbox 1089 2923 1297 2996; x_wconf 80' lang='grc' dir='ltr'>Κύριος</span> <span class='ocrx_word' id='word_1_239' title='bbox 1335 2927 1396 2980; x_wconf 76' lang='grc' dir='ltr'>ὲν</span> <span class='ocrx_word' id='word_1_240' title='bbox 1446 2927 1550 2994; x_wconf 76' lang='grc' dir='ltr'>σοὶ,</span> <span class='ocrx_word' id='word_1_241' title='bbox 1578 2925 1816 2994; x_wconf 87' lang='grc' dir='ltr'>διάϐολε,</span> 
     </span>
    </p>
   </div>
   <div class='ocr_carea' id='block_1_37' title="bbox 216 3013 1366 3088">
    <p class='ocr_par' dir='ltr' id='par_1_37' title="bbox 216 3013 1366 3088">
     <span class='ocr_line' id='line_1_37' title="bbox 216 3013 1366 3088; baseline 0.004 -22"><span class='ocrx_word' id='word_1_242' title='bbox 216 3013 322 3067; x_wconf 71' lang='grc' dir='ltr'><strong>καὶ</strong></span> <span class='ocrx_word' id='word_1_243' title='bbox 347 3013 376 3068; x_wconf 91' lang='lat'><strong>6</strong></span> <span class='ocrx_word' id='word_1_244' title='bbox 395 3013 756 3084; x_wconf 79' lang='grc' dir='ltr'>ἐκλεξάμενος</span> <span class='ocrx_word' id='word_1_245' title='bbox 787 3013 887 3085; x_wconf 84' lang='grc' dir='ltr'><strong>τὴν</strong></span> <span class='ocrx_word' id='word_1_246' title='bbox 929 3015 1312 3088; x_wconf 85' lang='grc' dir='ltr'>Ἰερουσαλήμ.</span> <span class='ocrx_word' id='word_1_247' title='bbox 1347 3037 1366 3070; x_wconf 80' lang='grc' dir='ltr'><strong>ι</strong></span> 
     </span>
    </p>
   </div>
   <div class='ocr_carea' id='block_1_38' title="bbox 1944 909 3392 985">
    <p class='ocr_par' dir='ltr' id='par_1_38' title="bbox 1944 909 3392 985">
     <span class='ocr_line' id='line_1_38' title="bbox 1944 909 3392 985; baseline -0.007 -19"><span class='ocrx_word' id='word_1_248' title='bbox 1944 911 2280 980; x_wconf 80' lang='lat' dir='ltr'><strong>cedebatque</strong></span> <span class='ocrx_word' id='word_1_249' title='bbox 2310 909 2383 966; x_wconf 88' lang='lat' dir='ltr'><strong>ab</strong></span> <span class='ocrx_word' id='word_1_250' title='bbox 2416 925 2480 964; x_wconf 89' lang='lat' dir='ltr'><strong>eo</strong></span> <span class='ocrx_word' id='word_1_251' title='bbox 2512 909 2740 979; x_wconf 73' lang='lat' dir='ltr'><strong>spiritus</strong></span> <span class='ocrx_word' id='word_1_252' title='bbox 2786 923 3042 976; x_wconf 80' lang='lat' dir='ltr'><strong>nequam.</strong></span> <span class='ocrx_word' id='word_1_253' title='bbox 3076 927 3094 958; x_wconf 76' lang='grc' dir='ltr'><strong>ι</strong></span> <span class='ocrx_word' id='word_1_254' title='bbox 3386 981 3392 985; x_wconf 79' lang='lat'><strong>_</strong></span> 
     </span>
    </p>
   </div>
   <div class='ocr_carea' id='block_1_39' title="bbox 2013 995 3523 1062">
    <p class='ocr_par' dir='ltr' id='par_1_39' title="bbox 2013 995 3523 1062">
     <span class='ocr_line' id='line_1_39' title="bbox 2013 995 3523 1062; baseline -0.003 -10"><span class='ocrx_word' id='word_1_255' title='bbox 2013 997 2043 1052; x_wconf 86' lang='grc'><em>1</em></span> <span class='ocrx_word' id='word_1_256' title='bbox 2074 997 2264 1053; x_wconf 83' lang='lat' dir='ltr'><strong>Paral.</strong></span> <span class='ocrx_word' id='word_1_257' title='bbox 2323 1014 2440 1062; x_wconf 76' lang='lat' dir='ltr'><strong>ut,</strong></span> <span class='ocrx_word' id='word_1_258' title='bbox 2486 997 2539 1052; x_wconf 80' lang='lat' dir='ltr'><strong>l.</strong></span> <span class='ocrx_word' id='word_1_259' title='bbox 2573 1027 2641 1036; x_wconf 94' lang='lat'>——</span> <span class='ocrx_word' id='word_1_260' title='bbox 2687 1016 2704 1048; x_wconf 85' lang='grc' dir='ltr'><strong>ι</strong></span> <span class='ocrx_word' id='word_1_261' title='bbox 2735 995 3093 1052; x_wconf 82' lang='lat' dir='ltr'><strong>Consurrexit</strong></span> <span class='ocrx_word' id='word_1_262' title='bbox 3152 996 3405 1051; x_wconf 82' lang='lat' dir='ltr'><strong>diabolus</strong></span> <span class='ocrx_word' id='word_1_263' title='bbox 3468 995 3523 1048; x_wconf 90' lang='lat' dir='ltr'><strong>in</strong></span> 
     </span>
    </p>
   </div>
   <div class='ocr_carea' id='block_1_40' title="bbox 1940 1088 3219 1156">
    <p class='ocr_par' dir='ltr' id='par_1_40' title="bbox 1940 1088 3219 1156">
     <span class='ocr_line' id='line_1_40' title="bbox 1940 1088 3219 1156; baseline -0.003 -13"><span class='ocrx_word' id='word_1_264' title='bbox 1940 1091 2130 1156; x_wconf 81' lang='lat' dir='ltr'><strong>Israel,</strong></span> <span class='ocrx_word' id='word_1_265' title='bbox 2163 1098 2220 1145; x_wconf 89' lang='lat' dir='ltr'><strong>et</strong></span> <span class='ocrx_word' id='word_1_266' title='bbox 2246 1089 2499 1144; x_wconf 85' lang='lat' dir='ltr'><strong>incitavit</strong></span> <span class='ocrx_word' id='word_1_267' title='bbox 2525 1097 2584 1142; x_wconf 93' lang='lat' dir='ltr'><strong>ut</strong></span> <span class='ocrx_word' id='word_1_268' title='bbox 2614 1097 2942 1145; x_wconf 77' lang='lat' dir='ltr'><strong>numeraret</strong></span> <span class='ocrx_word' id='word_1_269' title='bbox 2973 1088 3162 1143; x_wconf 91' lang='lat' dir='ltr'><strong>lsracl.</strong></span> <span class='ocrx_word' id='word_1_270' title='bbox 3201 1107 3219 1139; x_wconf 86' lang='grc'>›</span> 
     </span>
    </p>
   </div>
   <div class='ocr_carea' id='block_1_41' title="bbox 2012 1179 3523 1248">
    <p class='ocr_par' dir='ltr' id='par_1_41' title="bbox 2012 1179 3523 1248">
     <span class='ocr_line' id='line_1_41' title="bbox 2012 1179 3523 1248; baseline 0.001 -14"><span class='ocrx_word' id='word_1_271' title='bbox 2012 1179 2115 1236; x_wconf 83' lang='lat' dir='ltr'><strong>Job</strong></span> <span class='ocrx_word' id='word_1_272' title='bbox 2170 1197 2260 1248; x_wconf 69' lang='grc' dir='ltr'>χι,</span> <span class='ocrx_word' id='word_1_273' title='bbox 2292 1182 2379 1248; x_wconf 79' lang='lat' dir='ltr'><strong>ll,</strong></span> <span class='ocrx_word' id='word_1_274' title='bbox 2415 1182 2591 1236; x_wconf 68' lang='lat'><strong>12.-—</strong></span> <span class='ocrx_word' id='word_1_275' title='bbox 2615 1201 2633 1233; x_wconf 79' lang='grc' dir='ltr'><strong>ι</strong></span> <span class='ocrx_word' id='word_1_276' title='bbox 2672 1179 2968 1235; x_wconf 89' lang='lat' dir='ltr'><strong>Fortitudo</strong></span> <span class='ocrx_word' id='word_1_277' title='bbox 2996 1179 3216 1236; x_wconf 66' lang='lat' dir='ltr'><strong>Satanae</strong></span> <span class='ocrx_word' id='word_1_278' title='bbox 3251 1181 3303 1234; x_wconf 90' lang='lat' dir='ltr'><strong>in</strong></span> <span class='ocrx_word' id='word_1_279' title='bbox 3331 1181 3523 1237; x_wconf 84' lang='lat' dir='ltr'><strong>umbi-</strong></span> 
     </span>
    </p>
   </div>
   <div class='ocr_carea' id='block_1_42' title="bbox 1939 1272 3519 1343">
    <p class='ocr_par' dir='ltr' id='par_1_42' title="bbox 1939 1272 3519 1343">
     <span class='ocr_line' id='line_1_42' title="bbox 1939 1272 3519 1343; baseline -0.002 -17"><span class='ocrx_word' id='word_1_280' title='bbox 1939 1272 2054 1328; x_wconf 89' lang='lat' dir='ltr'><strong>lico</strong></span> <span class='ocrx_word' id='word_1_281' title='bbox 2113 1273 2346 1329; x_wconf 78' lang='lat' dir='ltr'><strong>ventris.</strong></span> <span class='ocrx_word' id='word_1_282' title='bbox 2391 1272 2628 1327; x_wconf 79' lang='lat' dir='ltr'><strong>Strinxit</strong></span> <span class='ocrx_word' id='word_1_283' title='bbox 2688 1273 2925 1327; x_wconf 85' lang='lat' dir='ltr'><strong>caudam</strong></span> <span class='ocrx_word' id='word_1_284' title='bbox 2976 1273 3126 1327; x_wconf 89' lang='lat' dir='ltr'><strong>velut</strong></span> <span class='ocrx_word' id='word_1_285' title='bbox 3174 1282 3519 1343; x_wconf 83' lang='lat' dir='ltr'><strong>cypressum,</strong></span> 
     </span>
    </p>
   </div>
   <div class='ocr_carea' id='block_1_43' title="bbox 1939 1363 3160 1436">
    <p class='ocr_par' dir='ltr' id='par_1_43' title="bbox 1939 1363 3160 1436">
     <span class='ocr_line' id='line_1_43' title="bbox 1939 1363 3160 1436; baseline -0.006 -13"><span class='ocrx_word' id='word_1_286' title='bbox 1939 1367 2096 1423; x_wconf 81' lang='lat' dir='ltr'><strong>nervi</strong></span> <span class='ocrx_word' id='word_1_287' title='bbox 2130 1366 2252 1436; x_wconf 88' lang='lat' dir='ltr'><strong>ejus</strong></span> <span class='ocrx_word' id='word_1_288' title='bbox 2277 1366 2546 1435; x_wconf 80' lang='lat' dir='ltr'><strong>complexi</strong></span> <span class='ocrx_word' id='word_1_289' title='bbox 2583 1376 2713 1421; x_wconf 92' lang='lat' dir='ltr'><strong>sunt</strong></span> <span class='ocrx_word' id='word_1_290' title='bbox 2742 1366 2890 1423; x_wconf 83' lang='lat' dir='ltr'><strong>velut</strong></span> <span class='ocrx_word' id='word_1_291' title='bbox 2927 1363 3094 1420; x_wconf 88' lang='lat' dir='ltr'><strong>funis.</strong></span> <span class='ocrx_word' id='word_1_292' title='bbox 3141 1383 3160 1416; x_wconf 74' lang='grc' dir='ltr'><strong>ι</strong></span> 
     </span>
    </p>
   </div>
   <div class='ocr_carea' id='block_1_44' title="bbox 2013 1454 3521 1524">
    <p class='ocr_par' dir='ltr' id='par_1_44' title="bbox 2013 1454 3521 1524">
     <span class='ocr_line' id='line_1_44' title="bbox 2013 1454 3521 1524; baseline -0.003 -11"><span class='ocrx_word' id='word_1_293' title='bbox 2013 1458 2114 1513; x_wconf 80' lang='lat' dir='ltr'><strong>Job</strong></span> <span class='ocrx_word' id='word_1_294' title='bbox 2179 1472 2301 1523; x_wconf 80' lang='lat' dir='ltr'><strong>xu,</strong></span> <span class='ocrx_word' id='word_1_295' title='bbox 2333 1459 2429 1524; x_wconf 74' lang='grc'><strong>21,</strong></span> <span class='ocrx_word' id='word_1_296' title='bbox 2485 1459 2578 1520; x_wconf 69' lang='grc'><strong>24,</strong></span> <span class='ocrx_word' id='word_1_297' title='bbox 2627 1459 2714 1521; x_wconf 71' lang='grc' dir='ltr'>Μ,</span> <span class='ocrx_word' id='word_1_298' title='bbox 2749 1457 2836 1522; x_wconf 80' lang='grc'><strong>19,</strong></span> <span class='ocrx_word' id='word_1_299' title='bbox 2868 1457 2956 1512; x_wconf 86' lang='lat'><strong>&#39;50.</strong></span> <span class='ocrx_word' id='word_1_300' title='bbox 2997 1488 3064 1498; x_wconf 91' lang='lat'><strong>—</strong></span> <span class='ocrx_word' id='word_1_301' title='bbox 3101 1475 3118 1506; x_wconf 85' lang='grc' dir='ltr'><strong>ι</strong></span> <span class='ocrx_word' id='word_1_302' title='bbox 3160 1455 3357 1509; x_wconf 86' lang='lat' dir='ltr'><strong>Anima</strong></span> <span class='ocrx_word' id='word_1_303' title='bbox 3401 1454 3521 1523; x_wconf 86' lang='lat' dir='ltr'><strong>ejus</strong></span> 
     </span>
    </p>
   </div>
   <div class='ocr_carea' id='block_1_45' title="bbox 1939 1545 3516 1619">
    <p class='ocr_par' dir='ltr' id='par_1_45' title="bbox 1939 1545 3516 1619">
     <span class='ocr_line' id='line_1_45' title="bbox 1939 1545 3516 1619; baseline -0.006 -11"><span class='ocrx_word' id='word_1_304' title='bbox 1939 1551 2209 1608; x_wconf 80' lang='lat' dir='ltr'><strong>carbones</strong></span> <span class='ocrx_word' id='word_1_305' title='bbox 2245 1569 2260 1605; x_wconf 91' lang='lat'><strong>:</strong></span> <span class='ocrx_word' id='word_1_306' title='bbox 2315 1566 2414 1606; x_wconf 91' lang='lat' dir='ltr'><strong>cor</strong></span> <span class='ocrx_word' id='word_1_307' title='bbox 2443 1559 2623 1605; x_wconf 89' lang='lat' dir='ltr'><strong>autem</strong></span> <span class='ocrx_word' id='word_1_308' title='bbox 2662 1550 2783 1619; x_wconf 85' lang='lat' dir='ltr'><strong>ejus</strong></span> <span class='ocrx_word' id='word_1_309' title='bbox 2832 1549 3032 1603; x_wconf 91' lang='lat' dir='ltr'><strong>durum</strong></span> <span class='ocrx_word' id='word_1_310' title='bbox 3057 1556 3140 1604; x_wconf 86' lang='lat' dir='ltr'><strong>est</strong></span> <span class='ocrx_word' id='word_1_311' title='bbox 3165 1555 3225 1602; x_wconf 91' lang='lat' dir='ltr'><strong>ut</strong></span> <span class='ocrx_word' id='word_1_312' title='bbox 3288 1545 3516 1600; x_wconf 86' lang='lat' dir='ltr'><strong>ferrum.</strong></span> 
     </span>
    </p>
   </div>
   <div class='ocr_carea' id='block_1_46' title="bbox 1938 1638 3519 1712">
    <p class='ocr_par' dir='ltr' id='par_1_46' title="bbox 1938 1638 3519 1712">
     <span class='ocr_line' id='line_1_46' title="bbox 1938 1638 3519 1712; baseline -0.005 -14"><span class='ocrx_word' id='word_1_313' title='bbox 1938 1645 2076 1712; x_wconf 90' lang='lat' dir='ltr'><strong>Quis</strong></span> <span class='ocrx_word' id='word_1_314' title='bbox 2133 1643 2397 1699; x_wconf 87' lang='lat' dir='ltr'><strong>revelabit</strong></span> <span class='ocrx_word' id='word_1_315' title='bbox 2418 1643 2613 1698; x_wconf 81' lang='lat' dir='ltr'><strong>faciem</strong></span> <span class='ocrx_word' id='word_1_316' title='bbox 2643 1641 2950 1696; x_wconf 85' lang='lat' dir='ltr'><strong>indumenti</strong></span> <span class='ocrx_word' id='word_1_317' title='bbox 2999 1641 3162 1710; x_wconf 83' lang='lat' dir='ltr'><strong>ejus?</strong></span> <span class='ocrx_word' id='word_1_318' title='bbox 3196 1640 3247 1693; x_wconf 89' lang='lat' dir='ltr'><strong>in</strong></span> <span class='ocrx_word' id='word_1_319' title='bbox 3285 1638 3519 1708; x_wconf 87' lang='lat' dir='ltr'><strong>compli-</strong></span> 
     </span>
    </p>
   </div>
   <div class='ocr_carea' id='block_1_47' title="bbox 1939 1728 3516 1803">
    <p class='ocr_par' dir='ltr' id='par_1_47' title="bbox 1939 1728 3516 1803">
     <span class='ocr_line' id='line_1_47' title="bbox 1939 1728 3516 1803; baseline -0.007 -12"><span class='ocrx_word' id='word_1_320' title='bbox 1939 1739 2213 1792; x_wconf 80' lang='lat' dir='ltr'><strong>cationem</strong></span> <span class='ocrx_word' id='word_1_321' title='bbox 2268 1746 2450 1791; x_wconf 79' lang='lat' dir='ltr'><strong>autem</strong></span> <span class='ocrx_word' id='word_1_322' title='bbox 2510 1734 2753 1790; x_wconf 86' lang='lat' dir='ltr'><strong>thoracis</strong></span> <span class='ocrx_word' id='word_1_323' title='bbox 2803 1733 2924 1799; x_wconf 83' lang='lat' dir='ltr'><strong>ejus</strong></span> <span class='ocrx_word' id='word_1_324' title='bbox 2953 1733 3078 1803; x_wconf 86' lang='lat' dir='ltr'><strong>quis</strong></span> <span class='ocrx_word' id='word_1_325' title='bbox 3128 1728 3516 1800; x_wconf 83' lang='lat' dir='ltr'><strong>ingredietur?</strong></span> 
     </span>
    </p>
   </div>
   <div class='ocr_carea' id='block_1_48' title="bbox 1935 1819 3514 1894">
    <p class='ocr_par' dir='ltr' id='par_1_48' title="bbox 1935 1819 3514 1894">
     <span class='ocr_line' id='line_1_48' title="bbox 1935 1819 3514 1894; baseline -0.007 -10"><span class='ocrx_word' id='word_1_326' title='bbox 1935 1828 2136 1884; x_wconf 89' lang='lat' dir='ltr'><strong>Portas</strong></span> <span class='ocrx_word' id='word_1_327' title='bbox 2163 1828 2279 1882; x_wconf 90' lang='lat' dir='ltr'><strong>oris</strong></span> <span class='ocrx_word' id='word_1_328' title='bbox 2324 1835 2454 1883; x_wconf 86' lang='lat' dir='ltr'><strong>ante</strong></span> <span class='ocrx_word' id='word_1_329' title='bbox 2505 1825 2706 1880; x_wconf 86' lang='lat' dir='ltr'><strong>faciem</strong></span> <span class='ocrx_word' id='word_1_330' title='bbox 2743 1824 2863 1894; x_wconf 82' lang='lat' dir='ltr'><strong>ejus</strong></span> <span class='ocrx_word' id='word_1_331' title='bbox 2887 1824 3015 1894; x_wconf 90' lang='lat' dir='ltr'><strong>quis</strong></span> <span class='ocrx_word' id='word_1_332' title='bbox 3039 1821 3290 1892; x_wconf 84' lang='lat' dir='ltr'><strong>aperiet?</strong></span> <span class='ocrx_word' id='word_1_333' title='bbox 3319 1819 3378 1874; x_wconf 91' lang='lat' dir='ltr'><strong>lu</strong></span> <span class='ocrx_word' id='word_1_334' title='bbox 3403 1819 3514 1874; x_wconf 84' lang='lat' dir='ltr'><strong>cir-</strong></span> 
     </span>
    </p>
   </div>
   <div class='ocr_carea' id='block_1_49' title="bbox 1930 1914 3512 1987">
    <p class='ocr_par' dir='ltr' id='par_1_49' title="bbox 1930 1914 3512 1987">
     <span class='ocr_line' id='line_1_49' title="bbox 1930 1914 3512 1987; baseline -0.007 -12"><span class='ocrx_word' id='word_1_335' title='bbox 1930 1923 2086 1975; x_wconf 90' lang='lat' dir='ltr'><strong>cuitu</strong></span> <span class='ocrx_word' id='word_1_336' title='bbox 2119 1920 2366 1977; x_wconf 87' lang='lat' dir='ltr'><strong>dentium</strong></span> <span class='ocrx_word' id='word_1_337' title='bbox 2390 1919 2517 1987; x_wconf 90' lang='lat' dir='ltr'><strong>ejus</strong></span> <span class='ocrx_word' id='word_1_338' title='bbox 2548 1919 2735 1972; x_wconf 87' lang='lat' dir='ltr'><strong>timor.</strong></span> <span class='ocrx_word' id='word_1_339' title='bbox 2765 1917 2994 1970; x_wconf 81' lang='lat' dir='ltr'><strong>Viscera</strong></span> <span class='ocrx_word' id='word_1_340' title='bbox 3014 1914 3134 1985; x_wconf 88' lang='lat' dir='ltr'><strong>ejus</strong></span> <span class='ocrx_word' id='word_1_341' title='bbox 3156 1921 3315 1968; x_wconf 90' lang='lat' dir='ltr'><strong>scuta</strong></span> <span class='ocrx_word' id='word_1_342' title='bbox 3339 1925 3512 1966; x_wconf 67' lang='lat' dir='ltr'><strong>terea.</strong></span> 
     </span>
    </p>
   </div>
   <div class='ocr_carea' id='block_1_50' title="bbox 1931 2005 3514 2080">
    <p class='ocr_par' dir='ltr' id='par_1_50' title="bbox 1931 2005 3514 2080">
     <span class='ocr_line' id='line_1_50' title="bbox 1931 2005 3514 2080; baseline -0.008 -12"><span class='ocrx_word' id='word_1_343' title='bbox 1931 2012 2012 2068; x_wconf 81' lang='lat' dir='ltr'><strong>Ex</strong></span> <span class='ocrx_word' id='word_1_344' title='bbox 2053 2026 2148 2068; x_wconf 84' lang='lat' dir='ltr'><strong>ore</strong></span> <span class='ocrx_word' id='word_1_345' title='bbox 2193 2010 2315 2080; x_wconf 87' lang='lat' dir='ltr'><strong>ejus</strong></span> <span class='ocrx_word' id='word_1_346' title='bbox 2347 2009 2710 2080; x_wconf 80' lang='lat' dir='ltr'><strong>egrediuntur</strong></span> <span class='ocrx_word' id='word_1_347' title='bbox 2773 2007 3057 2077; x_wconf 84' lang='lat' dir='ltr'><strong>lampades</strong></span> <span class='ocrx_word' id='word_1_348' title='bbox 3115 2005 3393 2071; x_wconf 83' lang='lat' dir='ltr'><strong>ardentes,</strong></span> <span class='ocrx_word' id='word_1_349' title='bbox 3457 2010 3514 2056; x_wconf 84' lang='lat' dir='ltr'><strong>et</strong></span> 
     </span>
    </p>
   </div>
   <div class='ocr_carea' id='block_1_51' title="bbox 1929 2096 3513 2174">
    <p class='ocr_par' dir='ltr' id='par_1_51' title="bbox 1929 2096 3513 2174">
     <span class='ocr_line' id='line_1_51' title="bbox 1929 2096 3513 2174; baseline -0.006 -17"><span class='ocrx_word' id='word_1_350' title='bbox 1929 2101 2302 2174; x_wconf 87' lang='lat' dir='ltr'><strong>projiciuntur</strong></span> <span class='ocrx_word' id='word_1_351' title='bbox 2373 2116 2579 2156; x_wconf 75' lang='lat' dir='ltr'><strong>acerra:</strong></span> <span class='ocrx_word' id='word_1_352' title='bbox 2641 2101 2810 2170; x_wconf 82' lang='lat' dir='ltr'><strong>ignis.</strong></span> <span class='ocrx_word' id='word_1_353' title='bbox 2846 2099 2921 2154; x_wconf 81' lang='lat' dir='ltr'><strong>Ex</strong></span> <span class='ocrx_word' id='word_1_354' title='bbox 2975 2096 3206 2152; x_wconf 84' lang='lat' dir='ltr'><strong>naribus</strong></span> <span class='ocrx_word' id='word_1_355' title='bbox 3231 2096 3354 2163; x_wconf 86' lang='lat' dir='ltr'><strong>ejus</strong></span> <span class='ocrx_word' id='word_1_356' title='bbox 3404 2096 3513 2150; x_wconf 86' lang='lat' dir='ltr'><strong>erit</strong></span> 
     </span>
    </p>
   </div>
   <div class='ocr_carea' id='block_1_52' title="bbox 1929 2187 3510 2260">
    <p class='ocr_par' dir='ltr' id='par_1_52' title="bbox 1929 2187 3510 2260">
     <span class='ocr_line' id='line_1_52' title="bbox 1929 2187 3510 2260; baseline -0.006 -11"><span class='ocrx_word' id='word_1_357' title='bbox 1929 2195 2113 2251; x_wconf 87' lang='lat' dir='ltr'><strong>fumus</strong></span> <span class='ocrx_word' id='word_1_358' title='bbox 2161 2193 2406 2250; x_wconf 80' lang='lat' dir='ltr'><strong>fornacis</strong></span> <span class='ocrx_word' id='word_1_359' title='bbox 2470 2192 2720 2247; x_wconf 86' lang='lat' dir='ltr'><strong>ardentis</strong></span> <span class='ocrx_word' id='word_1_360' title='bbox 2761 2191 2888 2260; x_wconf 79' lang='lat' dir='ltr'><strong>igne</strong></span> <span class='ocrx_word' id='word_1_361' title='bbox 2931 2190 3254 2245; x_wconf 84' lang='lat' dir='ltr'><strong>carbonum.</strong></span> <span class='ocrx_word' id='word_1_362' title='bbox 3310 2187 3510 2241; x_wconf 83' lang='lat' dir='ltr'><strong>Anima</strong></span> 
     </span>
    </p>
   </div>
   <div class='ocr_carea' id='block_1_53' title="bbox 1925 2283 3512 2357">
    <p class='ocr_par' dir='ltr' id='par_1_53' title="bbox 1925 2283 3512 2357">
     <span class='ocr_line' id='line_1_53' title="bbox 1925 2283 3512 2357; baseline -0.004 -16"><span class='ocrx_word' id='word_1_363' title='bbox 1925 2287 2049 2357; x_wconf 85' lang='lat' dir='ltr'><strong>ejus</strong></span> <span class='ocrx_word' id='word_1_364' title='bbox 2104 2286 2379 2343; x_wconf 85' lang='lat' dir='ltr'><strong>carbones</strong></span> <span class='ocrx_word' id='word_1_365' title='bbox 2434 2284 2747 2340; x_wconf 86' lang='lat' dir='ltr'><strong>accendet:</strong></span> <span class='ocrx_word' id='word_1_366' title='bbox 2796 2283 3014 2338; x_wconf 81' lang='lat' dir='ltr'><strong>ﬂamma</strong></span> <span class='ocrx_word' id='word_1_367' title='bbox 3065 2290 3245 2335; x_wconf 85' lang='lat' dir='ltr'><strong>autem</strong></span> <span class='ocrx_word' id='word_1_368' title='bbox 3290 2294 3357 2333; x_wconf 81' lang='lat' dir='ltr'><strong>ex</strong></span> <span class='ocrx_word' id='word_1_369' title='bbox 3414 2293 3512 2334; x_wconf 84' lang='lat' dir='ltr'><strong>ore</strong></span> 
     </span>
    </p>
   </div>
   <div class='ocr_carea' id='block_1_54' title="bbox 1925 2367 3509 2446">
    <p class='ocr_par' dir='ltr' id='par_1_54' title="bbox 1925 2367 3509 2446">
     <span class='ocr_line' id='line_1_54' title="bbox 1925 2367 3509 2446; baseline -0.008 -12"><span class='ocrx_word' id='word_1_370' title='bbox 1925 2377 2100 2446; x_wconf 84' lang='lat' dir='ltr'><strong>ipsius</strong></span> <span class='ocrx_word' id='word_1_371' title='bbox 2124 2374 2427 2446; x_wconf 79' lang='lat' dir='ltr'><strong>egreditur.</strong></span> <span class='ocrx_word' id='word_1_372' title='bbox 2447 2374 2785 2443; x_wconf 88' lang='lat' dir='ltr'><strong>Anteipsum</strong></span> <span class='ocrx_word' id='word_1_373' title='bbox 2812 2371 2985 2426; x_wconf 91' lang='lat' dir='ltr'><strong>currit</strong></span> <span class='ocrx_word' id='word_1_374' title='bbox 3019 2368 3276 2441; x_wconf 87' lang='lat' dir='ltr'><strong>perditio.</strong></span> <span class='ocrx_word' id='word_1_375' title='bbox 3305 2367 3509 2424; x_wconf 85' lang='lat' dir='ltr'><strong>Lectus</strong></span> 
     </span>
    </p>
   </div>
   <div class='ocr_carea' id='block_1_55' title="bbox 1922 2459 3511 2537">
    <p class='ocr_par' dir='ltr' id='par_1_55' title="bbox 1922 2459 3511 2537">
     <span class='ocr_line' id='line_1_55' title="bbox 1922 2459 3511 2537; baseline -0.008 -13"><span class='ocrx_word' id='word_1_376' title='bbox 1922 2468 2046 2537; x_wconf 90' lang='lat' dir='ltr'><strong>ejus</strong></span> <span class='ocrx_word' id='word_1_377' title='bbox 2079 2467 2220 2524; x_wconf 86' lang='lat' dir='ltr'><strong>obeli</strong></span> <span class='ocrx_word' id='word_1_378' title='bbox 2247 2466 2417 2522; x_wconf 88' lang='lat' dir='ltr'><strong>acuti.</strong></span> <span class='ocrx_word' id='word_1_379' title='bbox 2451 2464 2625 2520; x_wconf 88' lang='lat' dir='ltr'><strong>Omne</strong></span> <span class='ocrx_word' id='word_1_380' title='bbox 2659 2479 2864 2519; x_wconf 88' lang='lat' dir='ltr'><strong>aurum</strong></span> <span class='ocrx_word' id='word_1_381' title='bbox 2913 2461 3085 2518; x_wconf 88' lang='lat' dir='ltr'><strong>maris</strong></span> <span class='ocrx_word' id='word_1_382' title='bbox 3115 2460 3219 2516; x_wconf 87' lang='lat' dir='ltr'><strong>sub</strong></span> <span class='ocrx_word' id='word_1_383' title='bbox 3263 2459 3386 2527; x_wconf 87' lang='lat' dir='ltr'><strong>ipso</strong></span> <span class='ocrx_word' id='word_1_384' title='bbox 3425 2465 3511 2513; x_wconf 90' lang='lat' dir='ltr'><strong>est</strong></span> 
     </span>
    </p>
   </div>
   <div class='ocr_carea' id='block_1_56' title="bbox 1922 2557 2785 2628">
    <p class='ocr_par' dir='ltr' id='par_1_56' title="bbox 1922 2557 2785 2628">
     <span class='ocr_line' id='line_1_56' title="bbox 1922 2557 2785 2628; baseline -0.007 -14"><span class='ocrx_word' id='word_1_385' title='bbox 1922 2561 2070 2614; x_wconf 88' lang='lat' dir='ltr'><strong>velut</strong></span> <span class='ocrx_word' id='word_1_386' title='bbox 2111 2557 2720 2628; x_wconf 83' lang='lat' dir='ltr'><strong>Iutuminexplicabilc.</strong></span> <span class='ocrx_word' id='word_1_387' title='bbox 2766 2576 2785 2608; x_wconf 73' lang='grc' dir='ltr'><strong>ι</strong></span> 
     </span>
    </p>
   </div>
   <div class='ocr_carea' id='block_1_57' title="bbox 1990 2643 3502 2716">
    <p class='ocr_par' dir='ltr' id='par_1_57' title="bbox 1990 2643 3502 2716">
     <span class='ocr_line' id='line_1_57' title="bbox 1990 2643 3502 2716; baseline -0.003 -13"><span class='ocrx_word' id='word_1_388' title='bbox 1990 2648 2153 2704; x_wconf 84' lang='grc' dir='ltr'>ΖαεΙι.</span> <span class='ocrx_word' id='word_1_389' title='bbox 2203 2666 2286 2716; x_wconf 89' lang='grc' dir='ltr'>ιιι,</span> <span class='ocrx_word' id='word_1_390' title='bbox 2323 2650 2375 2716; x_wconf 84' lang='grc'>1,</span> <span class='ocrx_word' id='word_1_391' title='bbox 2406 2650 2463 2705; x_wconf 72' lang='lat'><strong>2.</strong></span> <span class='ocrx_word' id='word_1_392' title='bbox 2504 2679 2573 2690; x_wconf 90' lang='lat'><strong>——</strong></span> <span class='ocrx_word' id='word_1_393' title='bbox 2618 2669 2637 2700; x_wconf 78' lang='grc' dir='ltr'><strong>ι</strong></span> <span class='ocrx_word' id='word_1_394' title='bbox 2662 2648 2727 2702; x_wconf 87' lang='lat' dir='ltr'><strong>Et</strong></span> <span class='ocrx_word' id='word_1_395' title='bbox 2760 2647 3006 2705; x_wconf 84' lang='lat' dir='ltr'><strong>ostendit</strong></span> <span class='ocrx_word' id='word_1_396' title='bbox 3033 2646 3166 2702; x_wconf 88' lang='lat' dir='ltr'><strong>mihi</strong></span> <span class='ocrx_word' id='word_1_397' title='bbox 3225 2643 3502 2699; x_wconf 87' lang='lat' dir='ltr'><strong>Dominus</strong></span> 
     </span>
    </p>
   </div>
   <div class='ocr_carea' id='block_1_58' title="bbox 1919 2732 3504 2810">
    <p class='ocr_par' dir='ltr' id='par_1_58' title="bbox 1919 2732 3504 2810">
     <span class='ocr_line' id='line_1_58' title="bbox 1919 2732 3504 2810; baseline -0.01 -12"><span class='ocrx_word' id='word_1_398' title='bbox 1919 2739 2105 2804; x_wconf 80' lang='lat' dir='ltr'><strong>Jesum</strong></span> <span class='ocrx_word' id='word_1_399' title='bbox 2167 2740 2511 2796; x_wconf 87' lang='lat' dir='ltr'><strong>sacerdotem</strong></span> <span class='ocrx_word' id='word_1_400' title='bbox 2546 2754 2803 2810; x_wconf 84' lang='lat' dir='ltr'><strong>magnum</strong></span> <span class='ocrx_word' id='word_1_401' title='bbox 2853 2745 3093 2793; x_wconf 87' lang='lat' dir='ltr'><strong>stantem</strong></span> <span class='ocrx_word' id='word_1_402' title='bbox 3131 2745 3258 2790; x_wconf 89' lang='lat' dir='ltr'><strong>ante</strong></span> <span class='ocrx_word' id='word_1_403' title='bbox 3307 2732 3504 2786; x_wconf 82' lang='lat' dir='ltr'><strong>faciem</strong></span> 
     </span>
    </p>
   </div>
   <div class='ocr_carea' id='block_1_59' title="bbox 1920 2823 3502 2903">
    <p class='ocr_par' dir='ltr' id='par_1_59' title="bbox 1920 2823 3502 2903">
     <span class='ocr_line' id='line_1_59' title="bbox 1920 2823 3502 2903; baseline -0.007 -16"><span class='ocrx_word' id='word_1_404' title='bbox 1920 2833 2096 2903; x_wconf 82' lang='lat' dir='ltr'><strong>angeli</strong></span> <span class='ocrx_word' id='word_1_405' title='bbox 2149 2831 2392 2897; x_wconf 86' lang='lat' dir='ltr'><strong>Domini,</strong></span> <span class='ocrx_word' id='word_1_406' title='bbox 2425 2840 2480 2887; x_wconf 90' lang='lat' dir='ltr'><strong>et</strong></span> <span class='ocrx_word' id='word_1_407' title='bbox 2509 2830 2768 2887; x_wconf 89' lang='lat' dir='ltr'><strong>diabolus</strong></span> <span class='ocrx_word' id='word_1_408' title='bbox 2816 2830 2997 2885; x_wconf 88' lang='lat' dir='ltr'><strong>stabat</strong></span> <span class='ocrx_word' id='word_1_409' title='bbox 3048 2842 3077 2882; x_wconf 88' lang='lat' dir='ltr'><strong>a</strong></span> <span class='ocrx_word' id='word_1_410' title='bbox 3117 2825 3330 2882; x_wconf 77' lang='lat' dir='ltr'><strong>dextris</strong></span> <span class='ocrx_word' id='word_1_411' title='bbox 3356 2823 3502 2892; x_wconf 89' lang='lat' dir='ltr'><strong>ejus.</strong></span> 
     </span>
    </p>
   </div>
   <div class='ocr_carea' id='block_1_60' title="bbox 1919 2914 3504 2994">
    <p class='ocr_par' dir='ltr' id='par_1_60' title="bbox 1919 2914 3504 2994">
     <span class='ocr_line' id='line_1_60' title="bbox 1919 2914 3504 2994; baseline -0.008 -14"><span class='ocrx_word' id='word_1_412' title='bbox 1919 2924 1987 2986; x_wconf 85' lang='lat' dir='ltr'><strong>Et</strong></span> <span class='ocrx_word' id='word_1_413' title='bbox 2032 2925 2172 2980; x_wconf 78' lang='lat' dir='ltr'><strong>dixit</strong></span> <span class='ocrx_word' id='word_1_414' title='bbox 2211 2925 2442 2994; x_wconf 79' lang='lat' dir='ltr'><strong>angelus</strong></span> <span class='ocrx_word' id='word_1_415' title='bbox 2475 2922 2542 2977; x_wconf 89' lang='lat' dir='ltr'><strong>ad</strong></span> <span class='ocrx_word' id='word_1_416' title='bbox 2585 2921 2869 2976; x_wconf 89' lang='lat' dir='ltr'><strong>diabolum</strong></span> <span class='ocrx_word' id='word_1_417' title='bbox 2903 2919 3196 2992; x_wconf 86' lang='lat' dir='ltr'><strong>:lnercpet</strong></span> <span class='ocrx_word' id='word_1_418' title='bbox 3235 2914 3504 2970; x_wconf 89' lang='lat' dir='ltr'><strong>Dominus</strong></span> 
     </span>
    </p>
   </div>
   <div class='ocr_carea' id='block_1_61' title="bbox 1920 3010 3176 3085">
    <p class='ocr_par' dir='ltr' id='par_1_61' title="bbox 1920 3010 3176 3085">
     <span class='ocr_line' id='line_1_61' title="bbox 1920 3010 3176 3085; baseline -0.007 -14"><span class='ocrx_word' id='word_1_419' title='bbox 1920 3017 1975 3072; x_wconf 84' lang='lat' dir='ltr'><strong>in</strong></span> <span class='ocrx_word' id='word_1_420' title='bbox 2017 3024 2094 3083; x_wconf 89' lang='lat' dir='ltr'><strong>te,</strong></span> <span class='ocrx_word' id='word_1_421' title='bbox 2133 3015 2446 3082; x_wconf 84' lang='lat' dir='ltr'><strong>diabole,et</strong></span> <span class='ocrx_word' id='word_1_422' title='bbox 2467 3013 2563 3085; x_wconf 90' lang='lat' dir='ltr'><strong>qui</strong></span> <span class='ocrx_word' id='word_1_423' title='bbox 2594 3013 2757 3083; x_wconf 76' lang='lat' dir='ltr'><strong>elegit</strong></span> <span class='ocrx_word' id='word_1_424' title='bbox 2789 3010 3115 3077; x_wconf 76' lang='lat' dir='ltr'><strong>Jerusalem.</strong></span> <span class='ocrx_word' id='word_1_425' title='bbox 3157 3027 3176 3061; x_wconf 79' lang='grc' dir='ltr'><strong>ι</strong></span> 
     </span>
    </p>
   </div>
   <div class='ocr_carea' id='block_1_62' title="bbox 302 3097 1813 3196">
    <p class='ocr_par' dir='ltr' id='par_1_62' title="bbox 302 3105 1813 3196">
     <span class='ocr_line' id='line_1_62' title="bbox 302 3105 1813 3196; baseline 0.006 -38"><span class='ocrx_word' id='word_1_426' title='bbox 302 3124 323 3158; x_wconf 76' lang='grc' dir='ltr'><strong>ι</strong></span> <span class='ocrx_word' id='word_1_427' title='bbox 507 3105 703 3161; x_wconf 70' lang='grc' dir='ltr'>ἔπεσεν</span> <span class='ocrx_word' id='word_1_428' title='bbox 753 3107 818 3163; x_wconf 69' lang='grc' dir='ltr'>ἐκ</span> <span class='ocrx_word' id='word_1_429' title='bbox 875 3107 971 3163; x_wconf 85' lang='grc' dir='ltr'><strong>τοῦ</strong></span> <span class='ocrx_word' id='word_1_430' title='bbox 1008 3108 1244 3179; x_wconf 79' lang='grc' dir='ltr'>οὐρανοῦ</span> <span class='ocrx_word' id='word_1_431' title='bbox 1275 3110 1576 3181; x_wconf 79' lang='grc' dir='ltr'>ἑωσφόρος,</span> <span class='ocrx_word' id='word_1_432' title='bbox 1609 3112 1639 3166; x_wconf 91' lang='lat'><strong>6</strong></span> <span class='ocrx_word' id='word_1_433' title='bbox 1667 3112 1813 3184; x_wconf 74' lang='grc' dir='ltr'>πρωῒ</span> 
     </span>
    </p>
   </div>
   <div class='ocr_carea' id='block_1_63' title="bbox 1930 3097 3555 3196">
    <p class='ocr_par' dir='ltr' id='par_1_63' title="bbox 1991 3097 3555 3174">
     <span class='ocr_line' id='line_1_63' title="bbox 1991 3097 3555 3174; baseline -0.007 -12"><span class='ocrx_word' id='word_1_434' title='bbox 1991 3105 2106 3162; x_wconf 78' lang='lat' dir='ltr'><strong>Im.</strong></span> <span class='ocrx_word' id='word_1_435' title='bbox 2130 3105 2556 3174; x_wconf 71' lang='lat' dir='ltr'><strong>xiv,12-20.-—r</strong></span> <span class='ocrx_word' id='word_1_436' title='bbox 2575 3105 2862 3174; x_wconf 88' lang='lat' dir='ltr'><strong>Quomodo</strong></span> <span class='ocrx_word' id='word_1_437' title='bbox 2894 3101 3096 3159; x_wconf 90' lang='lat' dir='ltr'><strong>cecidit</strong></span> <span class='ocrx_word' id='word_1_438' title='bbox 3125 3101 3192 3158; x_wconf 91' lang='lat' dir='ltr'><strong>de</strong></span> <span class='ocrx_word' id='word_1_439' title='bbox 3218 3099 3358 3156; x_wconf 73' lang='lat' dir='ltr'><strong>coelo</strong></span> <span class='ocrx_word' id='word_1_440' title='bbox 3387 3097 3501 3152; x_wconf 90' lang='lat' dir='ltr'><strong>Lu-</strong></span> <span class='ocrx_word' id='word_1_441' title='bbox 3543 3123 3555 3134; x_wconf 84' lang='lat'><strong>-</strong></span> 
     </span>
    </p>
   </div>
   <div class='ocr_carea' id='block_1_64' title="bbox 214 3195 1812 3269">
    <p class='ocr_par' dir='ltr' id='par_1_64' title="bbox 214 3195 1812 3269">
     <span class='ocr_line' id='line_1_64' title="bbox 214 3195 1812 3269; baseline 0.005 -19"><span class='ocrx_word' id='word_1_442' title='bbox 214 3195 556 3261; x_wconf 80' lang='grc' dir='ltr'>ἀνατέλλων,</span> <span class='ocrx_word' id='word_1_443' title='bbox 621 3196 911 3268; x_wconf 84' lang='grc' dir='ltr'>συνετρίϐη</span> <span class='ocrx_word' id='word_1_444' title='bbox 970 3198 1052 3261; x_wconf 75' lang='grc' dir='ltr'><strong>εἰς</strong></span> <span class='ocrx_word' id='word_1_445' title='bbox 1080 3197 1177 3268; x_wconf 78' lang='grc' dir='ltr'>τὴν</span> <span class='ocrx_word' id='word_1_446' title='bbox 1220 3199 1347 3269; x_wconf 82' lang='grc' dir='ltr'>γῆν,</span> <span class='ocrx_word' id='word_1_447' title='bbox 1386 3203 1415 3256; x_wconf 90' lang='lat'><strong>6</strong></span> <span class='ocrx_word' id='word_1_448' title='bbox 1463 3202 1812 3260; x_wconf 78' lang='grc' dir='ltr'>ἀποστέλλων</span> 
     </span>
    </p>
   </div>
   <div class='ocr_carea' id='block_1_65' title="bbox 215 3287 1807 3366">
    <p class='ocr_par' dir='ltr' id='par_1_65' title="bbox 215 3287 1807 3366">
     <span class='ocr_line' id='line_1_65' title="bbox 215 3287 1807 3366; baseline 0.007 -26"><span class='ocrx_word' id='word_1_449' title='bbox 215 3287 364 3358; x_wconf 79' lang='grc' dir='ltr'>πρὸς</span> <span class='ocrx_word' id='word_1_450' title='bbox 401 3289 582 3342; x_wconf 82' lang='grc' dir='ltr'>πάντα</span> <span class='ocrx_word' id='word_1_451' title='bbox 609 3288 676 3344; x_wconf 82' lang='grc' dir='ltr'>τὰ</span> <span class='ocrx_word' id='word_1_452' title='bbox 699 3289 867 3359; x_wconf 75' lang='grc' dir='ltr'>ἐθνης</span> <span class='ocrx_word' id='word_1_453' title='bbox 895 3290 967 3343; x_wconf 82' lang='grc' dir='ltr'><strong>Σὺ</strong></span> <span class='ocrx_word' id='word_1_454' title='bbox 1000 3289 1058 3342; x_wconf 82' lang='grc' dir='ltr'>δὲ</span> <span class='ocrx_word' id='word_1_455' title='bbox 1085 3287 1246 3354; x_wconf 84' lang='grc' dir='ltr'>εἴπας</span> <span class='ocrx_word' id='word_1_456' title='bbox 1272 3291 1332 3344; x_wconf 82' lang='grc' dir='ltr'><strong>ὲν</strong></span> <span class='ocrx_word' id='word_1_457' title='bbox 1362 3295 1427 3364; x_wconf 84' lang='grc' dir='ltr'>τῇ</span> <span class='ocrx_word' id='word_1_458' title='bbox 1453 3293 1652 3366; x_wconf 84' lang='grc' dir='ltr'>καρδίᾳ</span> <span class='ocrx_word' id='word_1_459' title='bbox 1677 3312 1770 3350; x_wconf 89' lang='grc' dir='ltr'><strong>σου</strong></span> <span class='ocrx_word' id='word_1_460' title='bbox 1792 3313 1807 3327; x_wconf 89' lang='grc'><strong>·</strong></span> 
     </span>
    </p>
   </div>
   <div class='ocr_carea' id='block_1_66' title="bbox 209 3377 1810 3455">
    <p class='ocr_par' dir='ltr' id='par_1_66' title="bbox 209 3377 1810 3455">
     <span class='ocr_line' id='line_1_66' title="bbox 209 3377 1810 3455; baseline 0.006 -23"><span class='ocrx_word' id='word_1_461' title='bbox 209 3378 315 3441; x_wconf 74' lang='grc' dir='ltr'>Εἰς</span> <span class='ocrx_word' id='word_1_462' title='bbox 336 3377 429 3430; x_wconf 80' lang='grc' dir='ltr'><strong>τὸν</strong></span> <span class='ocrx_word' id='word_1_463' title='bbox 453 3377 684 3449; x_wconf 80' lang='grc' dir='ltr'>οὐρανὸν</span> <span class='ocrx_word' id='word_1_464' title='bbox 709 3379 1056 3450; x_wconf 88' lang='grc' dir='ltr'>ἀναϐήσομαι</span> <span class='ocrx_word' id='word_1_465' title='bbox 1081 3397 1095 3411; x_wconf 75' lang='grc' dir='ltr'><strong>ο</strong></span> <span class='ocrx_word' id='word_1_466' title='bbox 1125 3380 1313 3436; x_wconf 77' lang='grc' dir='ltr'>ἐπάνω</span> <span class='ocrx_word' id='word_1_467' title='bbox 1333 3383 1442 3436; x_wconf 83' lang='grc' dir='ltr'><strong>τῶν</strong></span> <span class='ocrx_word' id='word_1_468' title='bbox 1470 3384 1687 3455; x_wconf 77' lang='grc' dir='ltr'>ἄστρων</span> <span class='ocrx_word' id='word_1_469' title='bbox 1713 3386 1810 3441; x_wconf 89' lang='grc' dir='ltr'><strong>τοῦ</strong></span> 
     </span>
    </p>
   </div>
   <div class='ocr_carea' id='block_1_67' title="bbox 207 3465 1807 3545">
    <p class='ocr_par' dir='ltr' id='par_1_67' title="bbox 207 3465 1807 3545">
     <span class='ocr_line' id='line_1_67' title="bbox 207 3465 1807 3545; baseline 0.005 -26"><span class='ocrx_word' id='word_1_470' title='bbox 207 3466 451 3536; x_wconf 79' lang='grc' dir='ltr'>οὐρανοῦ</span> <span class='ocrx_word' id='word_1_471' title='bbox 482 3465 632 3536; x_wconf 91' lang='grc' dir='ltr'>θήσω</span> <span class='ocrx_word' id='word_1_472' title='bbox 648 3467 739 3520; x_wconf 79' lang='grc' dir='ltr'><strong>τὸν</strong></span> <span class='ocrx_word' id='word_1_473' title='bbox 756 3466 946 3538; x_wconf 87' lang='grc' dir='ltr'>θρόνον</span> <span class='ocrx_word' id='word_1_474' title='bbox 965 3485 1088 3538; x_wconf 89' lang='grc' dir='ltr'>μου.</span> <span class='ocrx_word' id='word_1_475' title='bbox 1114 3469 1342 3524; x_wconf 79' lang='grc' dir='ltr'>Καθίσω</span> <span class='ocrx_word' id='word_1_476' title='bbox 1368 3471 1426 3525; x_wconf 78' lang='grc' dir='ltr'>ὲν</span> <span class='ocrx_word' id='word_1_477' title='bbox 1454 3471 1568 3545; x_wconf 82' lang='grc' dir='ltr'>ὄρει</span> <span class='ocrx_word' id='word_1_478' title='bbox 1595 3473 1807 3544; x_wconf 80' lang='grc' dir='ltr'>ὑψηλῷ,</span> 
     </span>
    </p>
   </div>
   <div class='ocr_carea' id='block_1_68' title="bbox 207 3556 1808 3634">
    <p class='ocr_par' dir='ltr' id='par_1_68' title="bbox 207 3556 1808 3634">
     <span class='ocr_line' id='line_1_68' title="bbox 207 3556 1808 3634; baseline 0.008 -25"><span class='ocrx_word' id='word_1_479' title='bbox 207 3559 311 3610; x_wconf 75' lang='grc' dir='ltr'><strong>ἐπὶ</strong></span> <span class='ocrx_word' id='word_1_480' title='bbox 354 3557 425 3610; x_wconf 86' lang='grc' dir='ltr'><strong>τά</strong></span> <span class='ocrx_word' id='word_1_481' title='bbox 447 3556 546 3629; x_wconf 75' lang='grc' dir='ltr'><strong>ὅρη</strong></span> <span class='ocrx_word' id='word_1_482' title='bbox 562 3557 632 3610; x_wconf 86' lang='grc' dir='ltr'><strong>τά</strong></span> <span class='ocrx_word' id='word_1_483' title='bbox 653 3556 834 3628; x_wconf 86' lang='grc' dir='ltr'>ὑψηλά</span> <span class='ocrx_word' id='word_1_484' title='bbox 849 3559 984 3630; x_wconf 80' lang='grc' dir='ltr'>πρὸς</span> <span class='ocrx_word' id='word_1_485' title='bbox 1010 3559 1214 3633; x_wconf 73' lang='grc' dir='ltr'>βορρᾶν</span> <span class='ocrx_word' id='word_1_486' title='bbox 1238 3563 1606 3634; x_wconf 87' lang='grc' dir='ltr'>ἀναϐήσομαι,</span> <span class='ocrx_word' id='word_1_487' title='bbox 1623 3566 1808 3622; x_wconf 78' lang='grc' dir='ltr'>ἐπάνω</span> 
     </span>
    </p>
   </div>
   <div class='ocr_carea' id='block_1_69' title="bbox 206 3648 1808 3726">
    <p class='ocr_par' dir='ltr' id='par_1_69' title="bbox 206 3648 1808 3726">
     <span class='ocr_line' id='line_1_69' title="bbox 206 3648 1808 3726; baseline 0.004 -20"><span class='ocrx_word' id='word_1_488' title='bbox 206 3651 324 3706; x_wconf 79' lang='grc' dir='ltr'><strong>τῶν</strong></span> <span class='ocrx_word' id='word_1_489' title='bbox 347 3648 589 3718; x_wconf 80' lang='grc' dir='ltr'>νεφελῶν</span> <span class='ocrx_word' id='word_1_490' title='bbox 617 3667 630 3679; x_wconf 93' lang='grc'><strong>·</strong></span> <span class='ocrx_word' id='word_1_491' title='bbox 663 3650 860 3722; x_wconf 79' lang='grc' dir='ltr'>ἔσομαι</span> <span class='ocrx_word' id='word_1_492' title='bbox 895 3652 1194 3724; x_wconf 84' lang='grc' dir='ltr'>ὅμοιωςτῷ</span> <span class='ocrx_word' id='word_1_493' title='bbox 1215 3653 1475 3726; x_wconf 76' lang='grc' dir='ltr'>Ὑψίστῳ.</span> <span class='ocrx_word' id='word_1_494' title='bbox 1504 3656 1619 3711; x_wconf 88' lang='grc' dir='ltr'>Νῦν</span> <span class='ocrx_word' id='word_1_495' title='bbox 1645 3657 1701 3710; x_wconf 81' lang='grc' dir='ltr'>δὲ</span> <span class='ocrx_word' id='word_1_496' title='bbox 1729 3660 1808 3723; x_wconf 79' lang='grc' dir='ltr'><strong>εἰς</strong></span> 
     </span>
    </p>
   </div>
   <div class='ocr_carea' id='block_1_70' title="bbox 205 3741 1808 3816">
    <p class='ocr_par' dir='ltr' id='par_1_70' title="bbox 205 3741 1808 3816">
     <span class='ocr_line' id='line_1_70' title="bbox 205 3741 1808 3816; baseline 0.006 -21"><span class='ocrx_word' id='word_1_497' title='bbox 205 3741 344 3813; x_wconf 68' lang='grc' dir='ltr'>ᾅδου</span> <span class='ocrx_word' id='word_1_498' title='bbox 373 3741 681 3816; x_wconf 85' lang='grc' dir='ltr'>καταϐήσῃ,</span> <span class='ocrx_word' id='word_1_499' title='bbox 704 3743 800 3796; x_wconf 85' lang='grc' dir='ltr'>καὶ</span> <span class='ocrx_word' id='word_1_500' title='bbox 814 3744 896 3807; x_wconf 72' lang='grc' dir='ltr'>εἰς</span> <span class='ocrx_word' id='word_1_501' title='bbox 914 3744 984 3796; x_wconf 79' lang='grc' dir='ltr'><strong>τά</strong></span> <span class='ocrx_word' id='word_1_502' title='bbox 1001 3744 1229 3814; x_wconf 78' lang='grc' dir='ltr'>θεμέλια</span> <span class='ocrx_word' id='word_1_503' title='bbox 1249 3745 1348 3816; x_wconf 85' lang='grc' dir='ltr'><strong>τῆς</strong></span> <span class='ocrx_word' id='word_1_504' title='bbox 1367 3746 1492 3816; x_wconf 85' lang='grc' dir='ltr'>γῆς.</span> <span class='ocrx_word' id='word_1_505' title='bbox 1516 3749 1579 3803; x_wconf 81' lang='grc' dir='ltr'><strong>Οἱ</strong></span> <span class='ocrx_word' id='word_1_506' title='bbox 1610 3749 1808 3814; x_wconf 69' lang='grc' dir='ltr'>ἰδόντες</span> 
     </span>
    </p>
   </div>
   <div class='ocr_carea' id='block_1_71' title="bbox 209 3832 1807 3914">
    <p class='ocr_par' dir='ltr' id='par_1_71' title="bbox 209 3832 1807 3914">
     <span class='ocr_line' id='line_1_71' title="bbox 209 3832 1807 3914; baseline 0.006 -26"><span class='ocrx_word' id='word_1_507' title='bbox 209 3851 274 3888; x_wconf 86' lang='grc' dir='ltr'><strong>σε</strong></span> <span class='ocrx_word' id='word_1_508' title='bbox 295 3832 669 3904; x_wconf 87' lang='grc' dir='ltr'>θαυμάσουσιν</span> <span class='ocrx_word' id='word_1_509' title='bbox 685 3835 778 3890; x_wconf 75' lang='grc' dir='ltr'><strong>ἐπὶ</strong></span> <span class='ocrx_word' id='word_1_510' title='bbox 798 3835 903 3901; x_wconf 77' lang='grc' dir='ltr'>σοὶ,</span> <span class='ocrx_word' id='word_1_511' title='bbox 918 3836 1013 3891; x_wconf 81' lang='grc' dir='ltr'><strong>καὶ</strong></span> <span class='ocrx_word' id='word_1_512' title='bbox 1028 3837 1246 3907; x_wconf 79' lang='grc' dir='ltr'>ἐροῦσιν</span> <span class='ocrx_word' id='word_1_513' title='bbox 1261 3852 1274 3865; x_wconf 90' lang='grc'>·</span> <span class='ocrx_word' id='word_1_514' title='bbox 1293 3833 1459 3907; x_wconf 78' lang='grc' dir='ltr'>Οὗτος</span> <span class='ocrx_word' id='word_1_515' title='bbox 1475 3841 1502 3893; x_wconf 89' lang='lat'><strong>6</strong></span> <span class='ocrx_word' id='word_1_516' title='bbox 1522 3842 1618 3896; x_wconf 75' lang='grc' dir='ltr'><strong>ἀνθ</strong></span> <span class='ocrx_word' id='word_1_517' title='bbox 1627 3861 1807 3914; x_wconf 88' lang='grc' dir='ltr'>ρωπος</span> 
     </span>
    </p>
   </div>
   <div class='ocr_carea' id='block_1_72' title="bbox 205 3927 1809 4005">
    <p class='ocr_par' dir='ltr' id='par_1_72' title="bbox 205 3927 1809 4005">
     <span class='ocr_line' id='line_1_72' title="bbox 205 3927 1809 4005; baseline 0.001 -23"><span class='ocrx_word' id='word_1_518' title='bbox 205 3928 235 3982; x_wconf 88' lang='grc' dir='ltr'>ὁ</span> <span class='ocrx_word' id='word_1_519' title='bbox 266 3927 588 3998; x_wconf 82' lang='grc' dir='ltr'>παροξύνων</span> <span class='ocrx_word' id='word_1_520' title='bbox 611 3927 707 4000; x_wconf 82' lang='grc' dir='ltr'>τὴν</span> <span class='ocrx_word' id='word_1_521' title='bbox 721 3927 846 3999; x_wconf 82' lang='grc' dir='ltr'>γῆν,</span> <span class='ocrx_word' id='word_1_522' title='bbox 870 3929 1030 3982; x_wconf 87' lang='grc' dir='ltr'>σείων</span> <span class='ocrx_word' id='word_1_523' title='bbox 1060 3928 1318 3999; x_wconf 82' lang='grc' dir='ltr'>βασιλεῖς,</span> <span class='ocrx_word' id='word_1_524' title='bbox 1341 3933 1370 3985; x_wconf 92' lang='lat'><strong>6</strong></span> <span class='ocrx_word' id='word_1_525' title='bbox 1387 3932 1498 3997; x_wconf 78' lang='grc' dir='ltr'>θεὶς</span> <span class='ocrx_word' id='word_1_526' title='bbox 1517 3934 1809 4005; x_wconf 70' lang='grc' dir='ltr'>τὴνοῑκου.</span> 
     </span>
    </p>
   </div>
   <div class='ocr_carea' id='block_1_73' title="bbox 208 4019 1805 4091">
    <p class='ocr_par' dir='ltr' id='par_1_73' title="bbox 208 4019 1805 4091">
     <span class='ocr_line' id='line_1_73' title="bbox 208 4019 1805 4091; baseline 0.006 -19"><span class='ocrx_word' id='word_1_527' title='bbox 208 4019 390 4090; x_wconf 77' lang='grc' dir='ltr'>μένην</span> <span class='ocrx_word' id='word_1_528' title='bbox 415 4019 542 4089; x_wconf 86' lang='grc' dir='ltr'>ὅλην</span> <span class='ocrx_word' id='word_1_529' title='bbox 563 4019 788 4091; x_wconf 79' lang='grc' dir='ltr'>ἔρημον,</span> <span class='ocrx_word' id='word_1_530' title='bbox 805 4020 1005 4086; x_wconf 76' lang='grc' dir='ltr'>καὶτὰς</span> <span class='ocrx_word' id='word_1_531' title='bbox 1022 4022 1206 4089; x_wconf 88' lang='grc' dir='ltr'>πόλεις</span> <span class='ocrx_word' id='word_1_532' title='bbox 1227 4024 1496 4090; x_wconf 83' lang='grc' dir='ltr'>καθεῖλεν,</span> <span class='ocrx_word' id='word_1_533' title='bbox 1510 4029 1636 4089; x_wconf 79' lang='grc' dir='ltr'>τοὺς</span> <span class='ocrx_word' id='word_1_534' title='bbox 1657 4029 1714 4081; x_wconf 83' lang='grc' dir='ltr'><strong>δὲ</strong></span> <span class='ocrx_word' id='word_1_535' title='bbox 1748 4030 1805 4087; x_wconf 76' lang='grc' dir='ltr'><strong>ἐν</strong></span> 
     </span>
    </p>
   </div>
   <div class='ocr_carea' id='block_1_74' title="bbox 203 4111 1804 4188">
    <p class='ocr_par' dir='ltr' id='par_1_74' title="bbox 203 4111 1804 4188">
     <span class='ocr_line' id='line_1_74' title="bbox 203 4111 1804 4188; baseline 0.007 -26"><span class='ocrx_word' id='word_1_536' title='bbox 203 4113 490 4182; x_wconf 70' lang='grc' dir='ltr'>ἀπαγωγῇ</span> <span class='ocrx_word' id='word_1_537' title='bbox 523 4112 625 4164; x_wconf 83' lang='grc' dir='ltr'><strong>οὐκ</strong></span> <span class='ocrx_word' id='word_1_538' title='bbox 681 4111 891 4166; x_wconf 78' lang='grc' dir='ltr'>ἔλυσεν.</span> <span class='ocrx_word' id='word_1_539' title='bbox 951 4113 1161 4178; x_wconf 88' lang='grc' dir='ltr'>Πάντες</span> <span class='ocrx_word' id='word_1_540' title='bbox 1197 4116 1248 4169; x_wconf 79' lang='grc' dir='ltr'>οἱ</span> <span class='ocrx_word' id='word_1_541' title='bbox 1287 4115 1534 4186; x_wconf 86' lang='grc' dir='ltr'>βασιλεῖς</span> <span class='ocrx_word' id='word_1_542' title='bbox 1568 4119 1670 4188; x_wconf 82' lang='grc' dir='ltr'><strong>τῆς</strong></span> <span class='ocrx_word' id='word_1_543' title='bbox 1700 4120 1804 4188; x_wconf 87' lang='grc' dir='ltr'>γῆς</span> 
     </span>
    </p>
   </div>
   <div class='ocr_carea' id='block_1_75' title="bbox 205 4203 1798 4281">
    <p class='ocr_par' dir='ltr' id='par_1_75' title="bbox 205 4203 1798 4281">
     <span class='ocr_line' id='line_1_75' title="bbox 205 4203 1798 4281; baseline 0.005 -25"><span class='ocrx_word' id='word_1_544' title='bbox 205 4203 593 4275; x_wconf 80' lang='grc' dir='ltr'>ἐκοιμήθησαν</span> <span class='ocrx_word' id='word_1_545' title='bbox 631 4203 688 4256; x_wconf 83' lang='grc' dir='ltr'>ἐν</span> <span class='ocrx_word' id='word_1_546' title='bbox 717 4206 877 4275; x_wconf 83' lang='grc' dir='ltr'>τιμῇ,</span> <span class='ocrx_word' id='word_1_547' title='bbox 917 4205 1210 4276; x_wconf 80' lang='grc' dir='ltr'>ἅνθρωπος</span> <span class='ocrx_word' id='word_1_548' title='bbox 1234 4208 1293 4261; x_wconf 80' lang='grc' dir='ltr'>ὲν</span> <span class='ocrx_word' id='word_1_549' title='bbox 1333 4209 1413 4279; x_wconf 79' lang='grc' dir='ltr'><strong>τῷ</strong></span> <span class='ocrx_word' id='word_1_550' title='bbox 1443 4209 1580 4281; x_wconf 82' lang='grc' dir='ltr'>οἴκῳ</span> <span class='ocrx_word' id='word_1_551' title='bbox 1609 4209 1798 4265; x_wconf 84' lang='grc' dir='ltr'>αὐτοῦ.</span> 
     </span>
    </p>
   </div>
   <div class='ocr_carea' id='block_1_76' title="bbox 205 4294 1800 4372">
    <p class='ocr_par' dir='ltr' id='par_1_76' title="bbox 205 4294 1800 4372">
     <span class='ocr_line' id='line_1_76' title="bbox 205 4294 1800 4372; baseline 0.004 -22"><span class='ocrx_word' id='word_1_552' title='bbox 205 4294 284 4350; x_wconf 81' lang='grc' dir='ltr'><strong>Σὺ</strong></span> <span class='ocrx_word' id='word_1_553' title='bbox 313 4294 374 4348; x_wconf 79' lang='grc' dir='ltr'>δὲ</span> <span class='ocrx_word' id='word_1_554' title='bbox 405 4297 615 4367; x_wconf 70' lang='grc' dir='ltr'>ριφήσῃ</span> <span class='ocrx_word' id='word_1_555' title='bbox 640 4297 698 4351; x_wconf 81' lang='grc' dir='ltr'><strong>ὲν</strong></span> <span class='ocrx_word' id='word_1_556' title='bbox 723 4299 838 4360; x_wconf 85' lang='grc' dir='ltr'>τοῖς</span> <span class='ocrx_word' id='word_1_557' title='bbox 861 4295 1049 4368; x_wconf 76' lang='grc' dir='ltr'>ὄρεσιν</span> <span class='ocrx_word' id='word_1_558' title='bbox 1071 4298 1147 4363; x_wconf 89' lang='grc' dir='ltr'><strong>ώς</strong></span> <span class='ocrx_word' id='word_1_559' title='bbox 1163 4299 1359 4371; x_wconf 79' lang='grc' dir='ltr'>νεκρὸς</span> <span class='ocrx_word' id='word_1_560' title='bbox 1385 4301 1800 4372; x_wconf 80' lang='grc' dir='ltr'>ὲϐδελυγμένος,</span> 
     </span>
    </p>
   </div>
   <div class='ocr_carea' id='block_1_77' title="bbox 207 4386 1796 4468">
    <p class='ocr_par' dir='ltr' id='par_1_77' title="bbox 207 4386 1796 4468">
     <span class='ocr_line' id='line_1_77' title="bbox 207 4386 1796 4468; baseline 0.006 -29"><span class='ocrx_word' id='word_1_561' title='bbox 207 4387 358 4458; x_wconf 87' lang='grc' dir='ltr'><strong>μετά</strong></span> <span class='ocrx_word' id='word_1_562' title='bbox 389 4386 603 4441; x_wconf 84' lang='grc' dir='ltr'>πολλῶν</span> <span class='ocrx_word' id='word_1_563' title='bbox 645 4387 990 4458; x_wconf 83' lang='grc' dir='ltr'>τεθνηκότων</span> <span class='ocrx_word' id='word_1_564' title='bbox 1017 4392 1501 4464; x_wconf 77' lang='grc' dir='ltr'>ὲκκεκεντημὲνων</span> <span class='ocrx_word' id='word_1_565' title='bbox 1533 4395 1796 4468; x_wconf 77' lang='grc' dir='ltr'>μαχαίρᾳ,</span> 
     </span>
    </p>
   </div>
   <div class='ocr_carea' id='block_1_78' title="bbox 1928 3193 3499 3266">
    <p class='ocr_par' dir='ltr' id='par_1_78' title="bbox 1928 3193 3499 3266">
     <span class='ocr_line' id='line_1_78' title="bbox 1928 3193 3499 3266; baseline -0.006 -14"><span class='ocrx_word' id='word_1_566' title='bbox 1928 3197 2201 3266; x_wconf 86' lang='lat' dir='ltr'><strong>cifer,qui</strong></span> <span class='ocrx_word' id='word_1_567' title='bbox 2232 3212 2390 3252; x_wconf 89' lang='lat' dir='ltr'><strong>mane</strong></span> <span class='ocrx_word' id='word_1_568' title='bbox 2409 3197 2731 3264; x_wconf 87' lang='lat' dir='ltr'><strong>oriebatur;</strong></span> <span class='ocrx_word' id='word_1_569' title='bbox 2765 3195 3045 3251; x_wconf 89' lang='lat' dir='ltr'><strong>contritus</strong></span> <span class='ocrx_word' id='word_1_570' title='bbox 3074 3200 3159 3248; x_wconf 91' lang='lat' dir='ltr'><strong>est</strong></span> <span class='ocrx_word' id='word_1_571' title='bbox 3189 3193 3244 3247; x_wconf 92' lang='lat' dir='ltr'><strong>in</strong></span> <span class='ocrx_word' id='word_1_572' title='bbox 3269 3199 3499 3257; x_wconf 88' lang='lat' dir='ltr'><strong>terram,</strong></span> 
     </span>
    </p>
   </div>
   <div class='ocr_carea' id='block_1_79' title="bbox 1917 3282 3502 3358">
    <p class='ocr_par' dir='ltr' id='par_1_79' title="bbox 1917 3282 3502 3358">
     <span class='ocr_line' id='line_1_79' title="bbox 1917 3282 3502 3358; baseline -0.001 -18"><span class='ocrx_word' id='word_1_573' title='bbox 1917 3289 2008 3358; x_wconf 83' lang='lat' dir='ltr'><strong>qui</strong></span> <span class='ocrx_word' id='word_1_574' title='bbox 2047 3286 2297 3343; x_wconf 83' lang='lat' dir='ltr'><strong>mittebat</strong></span> <span class='ocrx_word' id='word_1_575' title='bbox 2329 3287 2396 3341; x_wconf 89' lang='lat' dir='ltr'><strong>ad</strong></span> <span class='ocrx_word' id='word_1_576' title='bbox 2419 3301 2611 3344; x_wconf 87' lang='lat' dir='ltr'><strong>omnes</strong></span> <span class='ocrx_word' id='word_1_577' title='bbox 2628 3287 2864 3358; x_wconf 82' lang='lat' dir='ltr'><strong>gentes?</strong></span> <span class='ocrx_word' id='word_1_578' title='bbox 2888 3287 2966 3340; x_wconf 89' lang='lat' dir='ltr'><strong>Tu</strong></span> <span class='ocrx_word' id='word_1_579' title='bbox 3005 3293 3187 3340; x_wconf 86' lang='lat' dir='ltr'><strong>autem</strong></span> <span class='ocrx_word' id='word_1_580' title='bbox 3233 3282 3418 3338; x_wconf 81' lang='lat' dir='ltr'><strong>dixisti</strong></span> <span class='ocrx_word' id='word_1_581' title='bbox 3445 3282 3502 3338; x_wconf 91' lang='lat' dir='ltr'><strong>in</strong></span> 
     </span>
    </p>
   </div>
   <div class='ocr_carea' id='block_1_80' title="bbox 1916 3371 3599 3446">
    <p class='ocr_par' dir='ltr' id='par_1_80' title="bbox 1916 3371 3599 3446">
     <span class='ocr_line' id='line_1_80' title="bbox 1916 3371 3599 3446; baseline -0.007 -10"><span class='ocrx_word' id='word_1_582' title='bbox 1916 3379 2086 3436; x_wconf 90' lang='lat' dir='ltr'><strong>corde</strong></span> <span class='ocrx_word' id='word_1_583' title='bbox 2109 3387 2204 3441; x_wconf 80' lang='lat' dir='ltr'><strong>tuo</strong></span> <span class='ocrx_word' id='word_1_584' title='bbox 2237 3377 2331 3432; x_wconf 90' lang='lat' dir='ltr'><strong>:ln</strong></span> <span class='ocrx_word' id='word_1_585' title='bbox 2355 3379 2555 3433; x_wconf 85' lang='lat' dir='ltr'><strong>coelum</strong></span> <span class='ocrx_word' id='word_1_586' title='bbox 2573 3376 2948 3433; x_wconf 89' lang='lat' dir='ltr'><strong>conscendam</strong></span> <span class='ocrx_word' id='word_1_587' title='bbox 2979 3391 2992 3427; x_wconf 93' lang='lat'><strong>:</strong></span> <span class='ocrx_word' id='word_1_588' title='bbox 3018 3390 3184 3446; x_wconf 90' lang='lat' dir='ltr'><strong>super</strong></span> <span class='ocrx_word' id='word_1_589' title='bbox 3206 3385 3356 3428; x_wconf 82' lang='lat' dir='ltr'><strong>astra</strong></span> <span class='ocrx_word' id='word_1_590' title='bbox 3370 3371 3496 3426; x_wconf 83' lang='lat' dir='ltr'><strong>coeli</strong></span> <span class='ocrx_word' id='word_1_591' title='bbox 3585 3429 3599 3442; x_wconf 30' lang='lat'><em>1</em></span> 
     </span>
    </p>
   </div>
   <div class='ocr_carea' id='block_1_81' title="bbox 1915 3463 3496 3543">
    <p class='ocr_par' dir='ltr' id='par_1_81' title="bbox 1915 3463 3496 3543">
     <span class='ocr_line' id='line_1_81' title="bbox 1915 3463 3496 3543; baseline -0.008 -16"><span class='ocrx_word' id='word_1_592' title='bbox 1915 3486 2116 3543; x_wconf 88' lang='lat' dir='ltr'><strong>ponam</strong></span> <span class='ocrx_word' id='word_1_593' title='bbox 2153 3470 2414 3526; x_wconf 87' lang='lat' dir='ltr'><strong>thronum</strong></span> <span class='ocrx_word' id='word_1_594' title='bbox 2447 3483 2652 3526; x_wconf 86' lang='lat' dir='ltr'><strong>meum.</strong></span> <span class='ocrx_word' id='word_1_595' title='bbox 2689 3467 2900 3523; x_wconf 89' lang='lat' dir='ltr'><strong>Sedebo</strong></span> <span class='ocrx_word' id='word_1_596' title='bbox 2928 3466 2984 3520; x_wconf 88' lang='lat' dir='ltr'><strong>in</strong></span> <span class='ocrx_word' id='word_1_597' title='bbox 3025 3473 3214 3520; x_wconf 88' lang='lat' dir='ltr'><strong>monte</strong></span> <span class='ocrx_word' id='word_1_598' title='bbox 3245 3463 3496 3525; x_wconf 89' lang='lat' dir='ltr'><strong>sublimi,</strong></span> 
     </span>
    </p>
   </div>
   <div class='ocr_carea' id='block_1_82' title="bbox 1917 3556 3500 3634">
    <p class='ocr_par' dir='ltr' id='par_1_82' title="bbox 1917 3556 3500 3634">
     <span class='ocr_line' id='line_1_82' title="bbox 1917 3556 3500 3634; baseline -0.007 -16"><span class='ocrx_word' id='word_1_599' title='bbox 1917 3577 2084 3634; x_wconf 89' lang='lat' dir='ltr'><strong>super</strong></span> <span class='ocrx_word' id='word_1_600' title='bbox 2100 3569 2318 3620; x_wconf 88' lang='lat' dir='ltr'><strong>montes</strong></span> <span class='ocrx_word' id='word_1_601' title='bbox 2332 3559 2578 3616; x_wconf 86' lang='lat' dir='ltr'><strong>excelsos</strong></span> <span class='ocrx_word' id='word_1_602' title='bbox 2599 3558 2666 3614; x_wconf 90' lang='lat' dir='ltr'><strong>ad</strong></span> <span class='ocrx_word' id='word_1_603' title='bbox 2683 3558 2995 3629; x_wconf 86' lang='lat' dir='ltr'><strong>aquilonem</strong></span> <span class='ocrx_word' id='word_1_604' title='bbox 3020 3556 3313 3612; x_wconf 89' lang='lat' dir='ltr'><strong>ascendam</strong></span> <span class='ocrx_word' id='word_1_605' title='bbox 3333 3568 3500 3622; x_wconf 86' lang='lat' dir='ltr'><strong>super</strong></span> 
     </span>
    </p>
   </div>
   <div class='ocr_carea' id='block_1_83' title="bbox 1914 3641 3496 3719">
    <p class='ocr_par' dir='ltr' id='par_1_83' title="bbox 1914 3641 3496 3719">
     <span class='ocr_line' id='line_1_83' title="bbox 1914 3641 3496 3719; baseline -0.009 -11"><span class='ocrx_word' id='word_1_606' title='bbox 1914 3654 2129 3719; x_wconf 85' lang='lat' dir='ltr'><strong>nubes;</strong></span> <span class='ocrx_word' id='word_1_607' title='bbox 2152 3666 2248 3708; x_wconf 88' lang='lat' dir='ltr'><strong>ero</strong></span> <span class='ocrx_word' id='word_1_608' title='bbox 2272 3648 2473 3706; x_wconf 86' lang='lat' dir='ltr'><strong>similis</strong></span> <span class='ocrx_word' id='word_1_609' title='bbox 2509 3647 2817 3704; x_wconf 87' lang='lat' dir='ltr'><strong>Altissimo.</strong></span> <span class='ocrx_word' id='word_1_610' title='bbox 2845 3645 3002 3700; x_wconf 83' lang='lat' dir='ltr'><strong>Nunc</strong></span> <span class='ocrx_word' id='word_1_611' title='bbox 3031 3653 3213 3700; x_wconf 89' lang='lat' dir='ltr'><strong>autem</strong></span> <span class='ocrx_word' id='word_1_612' title='bbox 3237 3643 3291 3696; x_wconf 92' lang='lat' dir='ltr'><strong>in</strong></span> <span class='ocrx_word' id='word_1_613' title='bbox 3326 3641 3496 3696; x_wconf 79' lang='lat' dir='ltr'><strong>infcr-</strong></span> 
     </span>
    </p>
   </div>
   <div class='ocr_carea' id='block_1_84' title="bbox 1914 3737 3500 3807">
    <p class='ocr_par' dir='ltr' id='par_1_84' title="bbox 1914 3737 3500 3807">
     <span class='ocr_line' id='line_1_84' title="bbox 1914 3737 3500 3807; baseline -0.009 -3"><span class='ocrx_word' id='word_1_614' title='bbox 1914 3760 2047 3804; x_wconf 83' lang='lat' dir='ltr'><strong>num</strong></span> <span class='ocrx_word' id='word_1_615' title='bbox 2101 3741 2429 3807; x_wconf 73' lang='lat' dir='ltr'><strong>descendas,</strong></span> <span class='ocrx_word' id='word_1_616' title='bbox 2460 3748 2514 3797; x_wconf 92' lang='lat' dir='ltr'><strong>et</strong></span> <span class='ocrx_word' id='word_1_617' title='bbox 2545 3739 2614 3795; x_wconf 88' lang='lat' dir='ltr'><strong>ad</strong></span> <span class='ocrx_word' id='word_1_618' title='bbox 2645 3738 3010 3794; x_wconf 87' lang='lat' dir='ltr'><strong>fundamenta</strong></span> <span class='ocrx_word' id='word_1_619' title='bbox 3073 3746 3250 3793; x_wconf 72' lang='lat' dir='ltr'><strong>terrm.</strong></span> <span class='ocrx_word' id='word_1_620' title='bbox 3278 3737 3381 3803; x_wconf 89' lang='lat' dir='ltr'><strong>Qui</strong></span> <span class='ocrx_word' id='word_1_621' title='bbox 3445 3744 3500 3790; x_wconf 89' lang='lat' dir='ltr'><strong>te</strong></span> 
     </span>
    </p>
   </div>
   <div class='ocr_carea' id='block_1_85' title="bbox 1912 3829 3499 3904">
    <p class='ocr_par' dir='ltr' id='par_1_85' title="bbox 1912 3829 3499 3904">
     <span class='ocr_line' id='line_1_85' title="bbox 1912 3829 3499 3904; baseline -0.006 -13"><span class='ocrx_word' id='word_1_622' title='bbox 1912 3835 2172 3901; x_wconf 87' lang='lat' dir='ltr'><strong>viderint,</strong></span> <span class='ocrx_word' id='word_1_623' title='bbox 2210 3833 2565 3890; x_wconf 86' lang='lat' dir='ltr'><strong>mirabuntur</strong></span> <span class='ocrx_word' id='word_1_624' title='bbox 2593 3848 2765 3904; x_wconf 87' lang='lat' dir='ltr'><strong>super</strong></span> <span class='ocrx_word' id='word_1_625' title='bbox 2794 3843 2868 3899; x_wconf 88' lang='lat' dir='ltr'><strong>te,</strong></span> <span class='ocrx_word' id='word_1_626' title='bbox 2912 3842 2968 3888; x_wconf 91' lang='lat' dir='ltr'><strong>et</strong></span> <span class='ocrx_word' id='word_1_627' title='bbox 3012 3831 3197 3886; x_wconf 87' lang='lat' dir='ltr'><strong>dicent</strong></span> <span class='ocrx_word' id='word_1_628' title='bbox 3233 3847 3246 3884; x_wconf 90' lang='lat'><strong>:</strong></span> <span class='ocrx_word' id='word_1_629' title='bbox 3285 3829 3387 3885; x_wconf 88' lang='lat' dir='ltr'><strong>llic</strong></span> <span class='ocrx_word' id='word_1_630' title='bbox 3414 3837 3499 3885; x_wconf 85' lang='lat' dir='ltr'><strong>est</strong></span> 
     </span>
    </p>
   </div>
   <div class='ocr_carea' id='block_1_86' title="bbox 1912 3925 3496 3998">
    <p class='ocr_par' dir='ltr' id='par_1_86' title="bbox 1912 3925 3496 3998">
     <span class='ocr_line' id='line_1_86' title="bbox 1912 3925 3496 3998; baseline -0.005 -13"><span class='ocrx_word' id='word_1_631' title='bbox 1912 3929 2077 3992; x_wconf 84' lang='lat' dir='ltr'><strong>homo</strong></span> <span class='ocrx_word' id='word_1_632' title='bbox 2108 3928 2338 3985; x_wconf 88' lang='lat' dir='ltr'><strong>irritans</strong></span> <span class='ocrx_word' id='word_1_633' title='bbox 2371 3935 2599 3994; x_wconf 89' lang='lat' dir='ltr'><strong>terram,</strong></span> <span class='ocrx_word' id='word_1_634' title='bbox 2632 3927 2727 3998; x_wconf 92' lang='lat' dir='ltr'><strong>qui</strong></span> <span class='ocrx_word' id='word_1_635' title='bbox 2757 3926 3041 3983; x_wconf 89' lang='lat' dir='ltr'><strong>concussit</strong></span> <span class='ocrx_word' id='word_1_636' title='bbox 3063 3940 3242 3996; x_wconf 77' lang='lat' dir='ltr'><strong>reges,</strong></span> <span class='ocrx_word' id='word_1_637' title='bbox 3279 3925 3370 3998; x_wconf 92' lang='lat' dir='ltr'><strong>qui</strong></span> <span class='ocrx_word' id='word_1_638' title='bbox 3399 3939 3496 3994; x_wconf 90' lang='lat' dir='ltr'><strong>po-</strong></span> 
     </span>
    </p>
   </div>
   <div class='ocr_carea' id='block_1_87' title="bbox 1912 4015 3493 4083">
    <p class='ocr_par' dir='ltr' id='par_1_87' title="bbox 1912 4015 3493 4083">
     <span class='ocr_line' id='line_1_87' title="bbox 1912 4015 3493 4083; baseline -0.006 -7"><span class='ocrx_word' id='word_1_639' title='bbox 1912 4021 2022 4078; x_wconf 86' lang='lat' dir='ltr'><strong>suit</strong></span> <span class='ocrx_word' id='word_1_640' title='bbox 2048 4027 2225 4075; x_wconf 89' lang='lat' dir='ltr'><strong>totum</strong></span> <span class='ocrx_word' id='word_1_641' title='bbox 2255 4019 2446 4074; x_wconf 88' lang='lat' dir='ltr'><strong>orbem</strong></span> <span class='ocrx_word' id='word_1_642' title='bbox 2487 4019 2542 4074; x_wconf 91' lang='lat' dir='ltr'><strong>in</strong></span> <span class='ocrx_word' id='word_1_643' title='bbox 2567 4019 2878 4083; x_wconf 88' lang='lat' dir='ltr'><strong>desertum,</strong></span> <span class='ocrx_word' id='word_1_644' title='bbox 2909 4026 2964 4072; x_wconf 91' lang='lat' dir='ltr'><strong>et</strong></span> <span class='ocrx_word' id='word_1_645' title='bbox 2994 4017 3247 4072; x_wconf 85' lang='lat' dir='ltr'><strong>civitates</strong></span> <span class='ocrx_word' id='word_1_646' title='bbox 3299 4015 3493 4077; x_wconf 89' lang='lat' dir='ltr'><strong>diruit,</strong></span> 
     </span>
    </p>
   </div>
   <div class='ocr_carea' id='block_1_88' title="bbox 1910 4105 3494 4180">
    <p class='ocr_par' dir='ltr' id='par_1_88' title="bbox 1910 4105 3494 4180">
     <span class='ocr_line' id='line_1_88' title="bbox 1910 4105 3494 4180; baseline -0.006 -12"><span class='ocrx_word' id='word_1_647' title='bbox 1910 4127 2007 4169; x_wconf 89' lang='lat' dir='ltr'><strong>eos</strong></span> <span class='ocrx_word' id='word_1_648' title='bbox 2031 4119 2214 4166; x_wconf 89' lang='lat' dir='ltr'><strong>autem</strong></span> <span class='ocrx_word' id='word_1_649' title='bbox 2245 4110 2341 4180; x_wconf 91' lang='lat' dir='ltr'><strong>qui</strong></span> <span class='ocrx_word' id='word_1_650' title='bbox 2372 4110 2724 4166; x_wconf 88' lang='lat' dir='ltr'><strong>ducebantur</strong></span> <span class='ocrx_word' id='word_1_651' title='bbox 2748 4123 2858 4162; x_wconf 88' lang='lat' dir='ltr'><strong>non</strong></span> <span class='ocrx_word' id='word_1_652' title='bbox 2881 4107 3068 4161; x_wconf 86' lang='lat' dir='ltr'><strong>solvit.</strong></span> <span class='ocrx_word' id='word_1_653' title='bbox 3105 4105 3308 4160; x_wconf 87' lang='lat' dir='ltr'><strong>Omnes</strong></span> <span class='ocrx_word' id='word_1_654' title='bbox 3336 4118 3494 4173; x_wconf 83' lang='lat' dir='ltr'><strong>reges</strong></span> 
     </span>
    </p>
   </div>
   <div class='ocr_carea' id='block_1_89' title="bbox 1910 4201 3489 4266">
    <p class='ocr_par' dir='ltr' id='par_1_89' title="bbox 1910 4201 3489 4266">
     <span class='ocr_line' id='line_1_89' title="bbox 1910 4201 3489 4266; baseline -0.004 -6"><span class='ocrx_word' id='word_1_655' title='bbox 1910 4215 2070 4260; x_wconf 85' lang='lat' dir='ltr'><strong>terrae</strong></span> <span class='ocrx_word' id='word_1_656' title='bbox 2096 4205 2448 4260; x_wconf 88' lang='lat' dir='ltr'><strong>dormierunt</strong></span> <span class='ocrx_word' id='word_1_657' title='bbox 2478 4205 2534 4258; x_wconf 90' lang='lat' dir='ltr'><strong>in</strong></span> <span class='ocrx_word' id='word_1_658' title='bbox 2577 4203 2809 4266; x_wconf 84' lang='lat' dir='ltr'><strong>honore,</strong></span> <span class='ocrx_word' id='word_1_659' title='bbox 2858 4203 3024 4256; x_wconf 85' lang='lat' dir='ltr'><strong>homo</strong></span> <span class='ocrx_word' id='word_1_660' title='bbox 3055 4202 3108 4254; x_wconf 93' lang='lat' dir='ltr'><strong>in</strong></span> <span class='ocrx_word' id='word_1_661' title='bbox 3135 4201 3302 4255; x_wconf 89' lang='lat' dir='ltr'><strong>domo</strong></span> <span class='ocrx_word' id='word_1_662' title='bbox 3364 4213 3489 4255; x_wconf 85' lang='lat' dir='ltr'><strong>sua.</strong></span> 
     </span>
    </p>
   </div>
   <div class='ocr_carea' id='block_1_90' title="bbox 1909 4292 3492 4366">
    <p class='ocr_par' dir='ltr' id='par_1_90' title="bbox 1909 4292 3492 4366">
     <span class='ocr_line' id='line_1_90' title="bbox 1909 4292 3492 4366; baseline -0.006 -12"><span class='ocrx_word' id='word_1_663' title='bbox 1909 4297 1990 4354; x_wconf 89' lang='lat' dir='ltr'><strong>Ttt</strong></span> <span class='ocrx_word' id='word_1_664' title='bbox 2048 4305 2232 4352; x_wconf 85' lang='lat' dir='ltr'><strong>autem</strong></span> <span class='ocrx_word' id='word_1_665' title='bbox 2290 4294 2602 4366; x_wconf 88' lang='lat' dir='ltr'><strong>projicieris</strong></span> <span class='ocrx_word' id='word_1_666' title='bbox 2634 4294 2690 4347; x_wconf 90' lang='lat' dir='ltr'><strong>in</strong></span> <span class='ocrx_word' id='word_1_667' title='bbox 2724 4292 3002 4348; x_wconf 86' lang='lat' dir='ltr'><strong>montibus</strong></span> <span class='ocrx_word' id='word_1_668' title='bbox 3045 4292 3194 4348; x_wconf 91' lang='lat' dir='ltr'><strong>sicut</strong></span> <span class='ocrx_word' id='word_1_669' title='bbox 3236 4299 3492 4346; x_wconf 91' lang='lat' dir='ltr'><strong>mortuus</strong></span> 
     </span>
    </p>
   </div>
   <div class='ocr_carea' id='block_1_91' title="bbox 1907 4376 3490 4455">
    <p class='ocr_par' dir='ltr' id='par_1_91' title="bbox 1907 4376 3490 4455">
     <span class='ocr_line' id='line_1_91' title="bbox 1907 4376 3490 4455; baseline -0.007 -9"><span class='ocrx_word' id='word_1_670' title='bbox 1907 4376 2322 4453; x_wconf 85' lang='lat' dir='ltr'><strong>abominabilis,</strong></span> <span class='ocrx_word' id='word_1_671' title='bbox 2348 4401 2474 4443; x_wconf 91' lang='lat' dir='ltr'><strong>cum</strong></span> <span class='ocrx_word' id='word_1_672' title='bbox 2531 4386 2720 4442; x_wconf 87' lang='lat' dir='ltr'><strong>multis</strong></span> <span class='ocrx_word' id='word_1_673' title='bbox 2747 4385 3024 4441; x_wconf 88' lang='lat' dir='ltr'><strong>confossis</strong></span> <span class='ocrx_word' id='word_1_674' title='bbox 3054 4383 3236 4455; x_wconf 82' lang='lat' dir='ltr'><strong>gladio</strong></span> <span class='ocrx_word' id='word_1_675' title='bbox 3260 4383 3490 4439; x_wconf 67' lang='lat' dir='ltr'><strong>descem</strong></span> 
     </span>
    </p>
   </div>
   <div class='ocr_carea' id='block_1_92' title="bbox 204 4478 1813 4556">
    <p class='ocr_par' dir='ltr' id='par_1_92' title="bbox 204 4479 1798 4556">
     <span class='ocr_line' id='line_1_92' title="bbox 204 4479 1798 4556; baseline 0.006 -24"><span class='ocrx_word' id='word_1_676' title='bbox 204 4479 657 4533; x_wconf 89' lang='grc' dir='ltr'>καταϐαινόντων</span> <span class='ocrx_word' id='word_1_677' title='bbox 696 4481 777 4544; x_wconf 84' lang='grc' dir='ltr'><strong>είς</strong></span> <span class='ocrx_word' id='word_1_678' title='bbox 806 4479 956 4552; x_wconf 70' lang='grc' dir='ltr'>ᾅδου.</span> <span class='ocrx_word' id='word_1_679' title='bbox 994 4484 1092 4536; x_wconf 90' lang='grc' dir='ltr'>Ὃν</span> <span class='ocrx_word' id='word_1_680' title='bbox 1128 4483 1332 4554; x_wconf 83' lang='grc' dir='ltr'>τρόπον</span> <span class='ocrx_word' id='word_1_681' title='bbox 1355 4484 1466 4555; x_wconf 83' lang='grc' dir='ltr'><strong>γὰρ</strong></span> <span class='ocrx_word' id='word_1_682' title='bbox 1500 4486 1716 4556; x_wconf 85' lang='grc' dir='ltr'>ἱμάτιον</span> <span class='ocrx_word' id='word_1_683' title='bbox 1741 4489 1798 4542; x_wconf 83' lang='grc' dir='ltr'>ὲν</span> 
     </span>
    </p>
   </div>
   <div class='ocr_carea' id='block_1_93' title="bbox 1930 4478 3490 4556">
    <p class='ocr_par' dir='ltr' id='par_1_93' title="bbox 1930 4478 3490 4545">
     <span class='ocr_line' id='line_1_93' title="bbox 1930 4478 3490 4545; baseline -0.006 -6"><span class='ocrx_word' id='word_1_684' title='bbox 1930 4483 2171 4539; x_wconf 87' lang='lat' dir='ltr'><strong>Ientibus</strong></span> <span class='ocrx_word' id='word_1_685' title='bbox 2224 4481 2279 4538; x_wconf 91' lang='lat' dir='ltr'><strong>in</strong></span> <span class='ocrx_word' id='word_1_686' title='bbox 2356 4479 2660 4536; x_wconf 87' lang='lat' dir='ltr'><strong>infernum.</strong></span> <span class='ocrx_word' id='word_1_687' title='bbox 2728 4478 3019 4545; x_wconf 88' lang='lat' dir='ltr'><strong>Quomodo</strong></span> <span class='ocrx_word' id='word_1_688' title='bbox 3091 4478 3490 4533; x_wconf 86' lang='lat' dir='ltr'><strong>vestimentum</strong></span> 
     </span>
    </p>
   </div>
   <div class='ocr_carea' id='block_1_94' title="bbox 203 4572 1802 4650">
    <p class='ocr_par' dir='ltr' id='par_1_94' title="bbox 203 4572 1802 4650">
     <span class='ocr_line' id='line_1_94' title="bbox 203 4572 1802 4650; baseline 0.004 -24"><span class='ocrx_word' id='word_1_689' title='bbox 203 4573 404 4642; x_wconf 78' lang='grc' dir='ltr'>αἵματι</span> <span class='ocrx_word' id='word_1_690' title='bbox 419 4572 768 4643; x_wconf 80' lang='grc' dir='ltr'>πεφυρμένον</span> <span class='ocrx_word' id='word_1_691' title='bbox 787 4574 889 4627; x_wconf 86' lang='grc' dir='ltr'><strong>οὐκ</strong></span> <span class='ocrx_word' id='word_1_692' title='bbox 910 4573 1063 4629; x_wconf 81' lang='grc' dir='ltr'>ἔσται</span> <span class='ocrx_word' id='word_1_693' title='bbox 1086 4574 1348 4646; x_wconf 83' lang='grc' dir='ltr'>καθαρὸν,</span> <span class='ocrx_word' id='word_1_694' title='bbox 1372 4576 1495 4630; x_wconf 74' lang='grc' dir='ltr'>οὐδὲ</span> <span class='ocrx_word' id='word_1_695' title='bbox 1512 4576 1610 4650; x_wconf 69' lang='grc' dir='ltr'><strong>ἐστι</strong></span> <span class='ocrx_word' id='word_1_696' title='bbox 1631 4580 1802 4636; x_wconf 84' lang='grc' dir='ltr'>καθα-</span> 
     </span>
    </p>
   </div>
   <div class='ocr_carea' id='block_1_95' title="bbox 204 4663 1802 4736">
    <p class='ocr_par' dir='ltr' id='par_1_95' title="bbox 204 4663 1802 4736">
     <span class='ocr_line' id='line_1_95' title="bbox 204 4663 1802 4736; baseline 0.007 -21"><span class='ocrx_word' id='word_1_697' title='bbox 204 4664 304 4736; x_wconf 81' lang='grc' dir='ltr'>ρός</span> <span class='ocrx_word' id='word_1_698' title='bbox 324 4679 339 4692; x_wconf 88' lang='grc'><strong>·</strong></span> <span class='ocrx_word' id='word_1_699' title='bbox 379 4663 574 4736; x_wconf 80' lang='grc' dir='ltr'>διόπερ</span> <span class='ocrx_word' id='word_1_700' title='bbox 605 4665 705 4736; x_wconf 81' lang='grc' dir='ltr'><strong>τὴν</strong></span> <span class='ocrx_word' id='word_1_701' title='bbox 766 4665 880 4736; x_wconf 72' lang='grc' dir='ltr'>,γῆν</span> <span class='ocrx_word' id='word_1_702' title='bbox 927 4683 1030 4736; x_wconf 89' lang='grc' dir='ltr'><strong>μου</strong></span> <span class='ocrx_word' id='word_1_703' title='bbox 1065 4665 1380 4733; x_wconf 86' lang='grc' dir='ltr'>ἀπώλεσας,</span> <span class='ocrx_word' id='word_1_704' title='bbox 1432 4669 1646 4724; x_wconf 81' lang='grc' dir='ltr'>καὶτὸν</span> <span class='ocrx_word' id='word_1_705' title='bbox 1674 4670 1802 4726; x_wconf 80' lang='grc' dir='ltr'>λαόν</span> 
     </span>
    </p>
   </div>
   <div class='ocr_carea' id='block_1_96' title="bbox 206 4755 1209 4828">
    <p class='ocr_par' dir='ltr' id='par_1_96' title="bbox 206 4755 1209 4828">
     <span class='ocr_line' id='line_1_96' title="bbox 206 4755 1209 4828; baseline 0.002 -20"><span class='ocrx_word' id='word_1_706' title='bbox 206 4773 318 4827; x_wconf 86' lang='grc' dir='ltr'><strong>μου</strong></span> <span class='ocrx_word' id='word_1_707' title='bbox 345 4755 700 4821; x_wconf 80' lang='grc' dir='ltr'>ἀπέκτεινας,</span> <span class='ocrx_word' id='word_1_708' title='bbox 739 4756 891 4826; x_wconf 78' lang='grc' dir='ltr'>λέγει</span> <span class='ocrx_word' id='word_1_709' title='bbox 928 4759 1156 4828; x_wconf 76' lang='grc' dir='ltr'>Κύριος.</span> <span class='ocrx_word' id='word_1_710' title='bbox 1189 4778 1209 4810; x_wconf 75' lang='grc' dir='ltr'><strong>ι</strong></span> 
     </span>
    </p>
   </div>
   <div class='ocr_carea' id='block_1_97' title="bbox 287 4847 1799 4932">
    <p class='ocr_par' dir='ltr' id='par_1_97' title="bbox 287 4847 1799 4932">
     <span class='ocr_line' id='line_1_97' title="bbox 287 4847 1799 4932; baseline 0.006 -32"><span class='ocrx_word' id='word_1_711' title='bbox 287 4865 308 4900; x_wconf 79' lang='grc' dir='ltr'>σ</span> <span class='ocrx_word' id='word_1_712' title='bbox 348 4847 510 4911; x_wconf 87' lang='grc' dir='ltr'>Δόλος</span> <span class='ocrx_word' id='word_1_713' title='bbox 536 4849 596 4901; x_wconf 83' lang='grc' dir='ltr'><strong>ἐν</strong></span> <span class='ocrx_word' id='word_1_714' title='bbox 629 4849 696 4919; x_wconf 81' lang='grc' dir='ltr'>τῇ</span> <span class='ocrx_word' id='word_1_715' title='bbox 726 4849 874 4920; x_wconf 77' lang='grc' dir='ltr'>χειρὶ</span> <span class='ocrx_word' id='word_1_716' title='bbox 893 4850 1082 4918; x_wconf 85' lang='grc' dir='ltr'>αὐτοῦ,</span> <span class='ocrx_word' id='word_1_717' title='bbox 1103 4851 1198 4904; x_wconf 78' lang='grc' dir='ltr'><strong>καὶ</strong></span> <span class='ocrx_word' id='word_1_718' title='bbox 1222 4851 1282 4908; x_wconf 76' lang='grc' dir='ltr'>ἐν</span> <span class='ocrx_word' id='word_1_719' title='bbox 1305 4856 1371 4932; x_wconf 81' lang='grc' dir='ltr'>τῇ</span> <span class='ocrx_word' id='word_1_720' title='bbox 1404 4852 1601 4925; x_wconf 82' lang='grc' dir='ltr'>καρδίᾳ</span> <span class='ocrx_word' id='word_1_721' title='bbox 1631 4853 1799 4909; x_wconf 83' lang='grc' dir='ltr'>αὐτοῦ</span> 
     </span>
    </p>
   </div>
   <div class='ocr_carea' id='block_1_98' title="bbox 206 4937 1800 5015">
    <p class='ocr_par' dir='ltr' id='par_1_98' title="bbox 206 4937 1800 5015">
     <span class='ocr_line' id='line_1_98' title="bbox 206 4937 1800 5015; baseline 0.008 -25"><span class='ocrx_word' id='word_1_722' title='bbox 206 4937 706 5009; x_wconf 84' lang='grc' dir='ltr'>μεγαλυνθήσεται,</span> <span class='ocrx_word' id='word_1_723' title='bbox 759 4943 856 4995; x_wconf 81' lang='grc' dir='ltr'>καὶ</span> <span class='ocrx_word' id='word_1_724' title='bbox 911 4941 1052 5012; x_wconf 86' lang='grc' dir='ltr'>δόλῳ</span> <span class='ocrx_word' id='word_1_725' title='bbox 1093 4943 1381 5015; x_wconf 80' lang='grc' dir='ltr'>διαφθερεί</span> <span class='ocrx_word' id='word_1_726' title='bbox 1421 4945 1671 5013; x_wconf 78' lang='grc' dir='ltr'>πολλοὺς,</span> <span class='ocrx_word' id='word_1_727' title='bbox 1703 4947 1800 5008; x_wconf 78' lang='grc' dir='ltr'>καὶ</span> 
     </span>
    </p>
   </div>
   <div class='ocr_carea' id='block_1_99' title="bbox 203 5029 1189 5102">
    <p class='ocr_par' dir='ltr' id='par_1_99' title="bbox 203 5029 1189 5102">
     <span class='ocr_line' id='line_1_99' title="bbox 203 5029 1189 5102; baseline 0.002 -18"><span class='ocrx_word' id='word_1_728' title='bbox 203 5029 298 5084; x_wconf 74' lang='grc' dir='ltr'><strong>ἐπ’</strong></span> <span class='ocrx_word' id='word_1_729' title='bbox 321 5029 574 5100; x_wconf 79' lang='grc' dir='ltr'>ἀπωλείᾳ</span> <span class='ocrx_word' id='word_1_730' title='bbox 595 5029 810 5085; x_wconf 86' lang='grc' dir='ltr'>πολλῶν</span> <span class='ocrx_word' id='word_1_731' title='bbox 845 5032 1124 5102; x_wconf 87' lang='grc' dir='ltr'>στήσεται.</span> <span class='ocrx_word' id='word_1_732' title='bbox 1169 5052 1189 5086; x_wconf 74' lang='grc' dir='ltr'><strong>ι</strong></span> 
     </span>
    </p>
   </div>
   <div class='ocr_carea' id='block_1_100' title="bbox 286 5121 1796 5200">
    <p class='ocr_par' dir='ltr' id='par_1_100' title="bbox 286 5121 1796 5200">
     <span class='ocr_line' id='line_1_100' title="bbox 286 5121 1796 5200; baseline 0.007 -26"><span class='ocrx_word' id='word_1_733' title='bbox 286 5141 306 5174; x_wconf 72' lang='grc' dir='ltr'><strong>ι</strong></span> <span class='ocrx_word' id='word_1_734' title='bbox 338 5121 522 5196; x_wconf 77' lang='grc' dir='ltr'>Φθόνῳ</span> <span class='ocrx_word' id='word_1_735' title='bbox 560 5122 809 5178; x_wconf 81' lang='grc' dir='ltr'>διαϐόλου</span> <span class='ocrx_word' id='word_1_736' title='bbox 862 5124 1093 5191; x_wconf 89' lang='grc' dir='ltr'>θάνατος</span> <span class='ocrx_word' id='word_1_737' title='bbox 1148 5126 1230 5190; x_wconf 77' lang='grc' dir='ltr'>εἰς</span> <span class='ocrx_word' id='word_1_738' title='bbox 1281 5127 1374 5182; x_wconf 80' lang='grc' dir='ltr'><strong>τὸν</strong></span> <span class='ocrx_word' id='word_1_739' title='bbox 1421 5129 1635 5200; x_wconf 86' lang='grc' dir='ltr'>κόσμον</span> <span class='ocrx_word' id='word_1_740' title='bbox 1680 5130 1796 5184; x_wconf 81' lang='grc' dir='ltr'>εἰσ-</span> 
     </span>
    </p>
   </div>
   <div class='ocr_carea' id='block_1_101' title="bbox 203 5213 454 5288">
    <p class='ocr_par' dir='ltr' id='par_1_101' title="bbox 203 5213 454 5288">
     <span class='ocr_line' id='line_1_101' title="bbox 203 5213 454 5288; baseline 0.008 -22"><span class='ocrx_word' id='word_1_741' title='bbox 203 5213 394 5288; x_wconf 82' lang='grc' dir='ltr'>ῆλθεν.</span> <span class='ocrx_word' id='word_1_742' title='bbox 435 5233 454 5267; x_wconf 72' lang='grc' dir='ltr'><strong>ι</strong></span> 
     </span>
    </p>
   </div>
   <div class='ocr_carea' id='block_1_102' title="bbox 283 5307 1794 5394">
    <p class='ocr_par' dir='ltr' id='par_1_102' title="bbox 283 5307 1794 5394">
     <span class='ocr_line' id='line_1_102' title="bbox 283 5307 1794 5394; baseline 0.007 -34"><span class='ocrx_word' id='word_1_743' title='bbox 283 5323 307 5359; x_wconf 75' lang='grc' dir='ltr'>α</span> <span class='ocrx_word' id='word_1_744' title='bbox 351 5307 487 5362; x_wconf 87' lang='grc' dir='ltr'>Τότε</span> <span class='ocrx_word' id='word_1_745' title='bbox 539 5307 750 5379; x_wconf 87' lang='grc' dir='ltr'>Ἰησοῦς</span> <span class='ocrx_word' id='word_1_746' title='bbox 803 5309 1016 5380; x_wconf 86' lang='grc' dir='ltr'>ἀνήχθη</span> <span class='ocrx_word' id='word_1_747' title='bbox 1065 5310 1173 5364; x_wconf 81' lang='grc' dir='ltr'>ὑπὸ</span> <span class='ocrx_word' id='word_1_748' title='bbox 1228 5312 1324 5367; x_wconf 91' lang='grc' dir='ltr'><strong>τοῦ</strong></span> <span class='ocrx_word' id='word_1_749' title='bbox 1361 5313 1682 5386; x_wconf 81' lang='grc' dir='ltr'>Πνεύματος</span> <span class='ocrx_word' id='word_1_750' title='bbox 1715 5317 1794 5394; x_wconf 65' lang='grc' dir='ltr'>εἰς</span> 
     </span>
    </p>
   </div>
   <div class='ocr_carea' id='block_1_103' title="bbox 203 5399 1797 5474">
    <p class='ocr_par' dir='ltr' id='par_1_103' title="bbox 203 5399 1797 5474">
     <span class='ocr_line' id='line_1_103' title="bbox 203 5399 1797 5474; baseline 0.004 -20"><span class='ocrx_word' id='word_1_751' title='bbox 203 5399 308 5471; x_wconf 75' lang='grc' dir='ltr'>τὴν</span> <span class='ocrx_word' id='word_1_752' title='bbox 343 5399 552 5474; x_wconf 76' lang='grc' dir='ltr'>ἔρημον</span> <span class='ocrx_word' id='word_1_753' title='bbox 621 5401 991 5474; x_wconf 83' lang='grc' dir='ltr'>πειρασθῆναι</span> <span class='ocrx_word' id='word_1_754' title='bbox 1043 5403 1150 5458; x_wconf 80' lang='grc' dir='ltr'><strong>ὑπὸ</strong></span> <span class='ocrx_word' id='word_1_755' title='bbox 1199 5405 1296 5458; x_wconf 86' lang='grc' dir='ltr'><strong>τοῦ</strong></span> <span class='ocrx_word' id='word_1_756' title='bbox 1361 5405 1646 5460; x_wconf 80' lang='grc' dir='ltr'>διαϐόλου’</span> <span class='ocrx_word' id='word_1_757' title='bbox 1700 5407 1797 5460; x_wconf 77' lang='grc' dir='ltr'>καὶ</span> 
     </span>
    </p>
   </div>
   <div class='ocr_carea' id='block_1_104' title="bbox 205 5492 1792 5567">
    <p class='ocr_par' dir='ltr' id='par_1_104' title="bbox 205 5492 1792 5567">
     <span class='ocr_line' id='line_1_104' title="bbox 205 5492 1792 5567; baseline 0.006 -23"><span class='ocrx_word' id='word_1_758' title='bbox 205 5492 514 5561; x_wconf 80' lang='grc' dir='ltr'>νηστεύσας</span> <span class='ocrx_word' id='word_1_759' title='bbox 556 5493 774 5564; x_wconf 78' lang='grc' dir='ltr'>ἡμέρας</span> <span class='ocrx_word' id='word_1_760' title='bbox 815 5495 1248 5566; x_wconf 85' lang='grc' dir='ltr'>τεσσαράκοντα,</span> <span class='ocrx_word' id='word_1_761' title='bbox 1311 5496 1408 5551; x_wconf 77' lang='grc' dir='ltr'>καὶ</span> <span class='ocrx_word' id='word_1_762' title='bbox 1464 5504 1516 5567; x_wconf 86' lang='grc' dir='ltr'>μ’</span> <span class='ocrx_word' id='word_1_763' title='bbox 1568 5499 1792 5567; x_wconf 84' lang='grc' dir='ltr'>νύκτας,</span> 
     </span>
    </p>
   </div>
   <div class='ocr_carea' id='block_1_105' title="bbox 207 5582 1792 5662">
    <p class='ocr_par' dir='ltr' id='par_1_105' title="bbox 207 5582 1792 5662">
     <span class='ocr_line' id='line_1_105' title="bbox 207 5582 1792 5662; baseline 0.006 -26"><span class='ocrx_word' id='word_1_764' title='bbox 207 5582 437 5656; x_wconf 77' lang='grc' dir='ltr'>ὕστερον</span> <span class='ocrx_word' id='word_1_765' title='bbox 479 5586 764 5648; x_wconf 70' lang='grc' dir='ltr'>ἐπείνασε,</span> <span class='ocrx_word' id='word_1_766' title='bbox 786 5587 898 5641; x_wconf 74' lang='grc' dir='ltr'>Καὶ</span> <span class='ocrx_word' id='word_1_767' title='bbox 920 5587 1235 5658; x_wconf 87' lang='grc' dir='ltr'>προσελθὼν</span> <span class='ocrx_word' id='word_1_768' title='bbox 1262 5588 1412 5659; x_wconf 85' lang='grc' dir='ltr'>αὐτῷ</span> <span class='ocrx_word' id='word_1_769' title='bbox 1437 5591 1464 5642; x_wconf 88' lang='grc' dir='ltr'><strong>ὀ</strong></span> <span class='ocrx_word' id='word_1_770' title='bbox 1493 5591 1792 5662; x_wconf 80' lang='grc' dir='ltr'>πειράζων,</span> 
     </span>
    </p>
   </div>
   <div class='ocr_carea' id='block_1_106' title="bbox 206 5669 1793 5743">
    <p class='ocr_par' dir='ltr' id='par_1_106' title="bbox 206 5669 1793 5743">
     <span class='ocr_line' id='line_1_106' title="bbox 206 5669 1793 5743; baseline 0.006 -17"><span class='ocrx_word' id='word_1_771' title='bbox 206 5669 391 5728; x_wconf 83' lang='grc' dir='ltr'>εἶπεν·</span> <span class='ocrx_word' id='word_1_772' title='bbox 424 5677 488 5729; x_wconf 86' lang='grc' dir='ltr'>Εἰ</span> <span class='ocrx_word' id='word_1_773' title='bbox 515 5676 642 5740; x_wconf 85' lang='grc' dir='ltr'>Υἱὸς</span> <span class='ocrx_word' id='word_1_774' title='bbox 675 5672 726 5730; x_wconf 82' lang='grc' dir='ltr'><strong>εἷ</strong></span> <span class='ocrx_word' id='word_1_775' title='bbox 759 5677 855 5732; x_wconf 85' lang='grc' dir='ltr'><strong>τοῦ</strong></span> <span class='ocrx_word' id='word_1_776' title='bbox 907 5677 1065 5743; x_wconf 87' lang='grc' dir='ltr'>Θεοῦ,</span> <span class='ocrx_word' id='word_1_777' title='bbox 1101 5679 1222 5732; x_wconf 79' lang='grc' dir='ltr'>εἰπὲ</span> <span class='ocrx_word' id='word_1_778' title='bbox 1261 5679 1349 5733; x_wconf 75' lang='grc' dir='ltr'>ἵνα</span> <span class='ocrx_word' id='word_1_779' title='bbox 1389 5681 1437 5732; x_wconf 88' lang='grc' dir='ltr'>οἱ</span> <span class='ocrx_word' id='word_1_780' title='bbox 1463 5679 1600 5733; x_wconf 85' lang='grc' dir='ltr'>λίθοι</span> <span class='ocrx_word' id='word_1_781' title='bbox 1646 5675 1793 5735; x_wconf 76' lang='grc' dir='ltr'>οὗτοι</span> 
     </span>
    </p>
   </div>
   <div class='ocr_carea' id='block_1_107' title="bbox 206 5765 1786 5846">
    <p class='ocr_par' dir='ltr' id='par_1_107' title="bbox 206 5765 1786 5846">
     <span class='ocr_line' id='line_1_107' title="bbox 206 5765 1786 5846; baseline 0.004 -27"><span class='ocrx_word' id='word_1_782' title='bbox 206 5765 366 5840; x_wconf 81' lang='grc' dir='ltr'>ἄρτοι</span> <span class='ocrx_word' id='word_1_783' title='bbox 389 5766 682 5840; x_wconf 56' lang='grc' dir='ltr'>γένωνταις</span> <span class='ocrx_word' id='word_1_784' title='bbox 729 5771 786 5825; x_wconf 89' lang='lat'><strong>&#39;0</strong></span> <span class='ocrx_word' id='word_1_785' title='bbox 821 5771 876 5826; x_wconf 80' lang='grc' dir='ltr'>δὲ</span> <span class='ocrx_word' id='word_1_786' title='bbox 906 5770 1224 5839; x_wconf 66' lang='grc' dir='ltr'>ἀποκριθεὶς</span> <span class='ocrx_word' id='word_1_787' title='bbox 1253 5767 1399 5826; x_wconf 78' lang='grc' dir='ltr'>εἷπε·</span> <span class='ocrx_word' id='word_1_788' title='bbox 1438 5773 1786 5846; x_wconf 75' lang='grc' dir='ltr'>Γέγραπται·</span> 
     </span>
    </p>
   </div>
   <div class='ocr_carea' id='block_1_108' title="bbox 1903 4569 3488 4644">
    <p class='ocr_par' dir='ltr' id='par_1_108' title="bbox 1903 4569 3488 4644">
     <span class='ocr_line' id='line_1_108' title="bbox 1903 4569 3488 4644; baseline -0.006 -14"><span class='ocrx_word' id='word_1_789' title='bbox 1903 4575 2258 4636; x_wconf 87' lang='lat' dir='ltr'><strong>commistum</strong></span> <span class='ocrx_word' id='word_1_790' title='bbox 2311 4573 2581 4644; x_wconf 79' lang='lat' dir='ltr'><strong>sanguine</strong></span> <span class='ocrx_word' id='word_1_791' title='bbox 2634 4570 2800 4644; x_wconf 65' lang='lat'><strong>450</strong></span> <span class='ocrx_word' id='word_1_792' title='bbox 2847 4586 2956 4625; x_wconf 90' lang='lat' dir='ltr'><strong>non</strong></span> <span class='ocrx_word' id='word_1_793' title='bbox 3009 4571 3116 4626; x_wconf 90' lang='lat' dir='ltr'><strong>crit</strong></span> <span class='ocrx_word' id='word_1_794' title='bbox 3195 4569 3488 4632; x_wconf 89' lang='lat' dir='ltr'><strong>mundum,</strong></span> 
     </span>
    </p>
   </div>
   <div class='ocr_carea' id='block_1_109' title="bbox 1903 4661 3480 4734">
    <p class='ocr_par' dir='ltr' id='par_1_109' title="bbox 1903 4661 3480 4734">
     <span class='ocr_line' id='line_1_109' title="bbox 1903 4661 3480 4734; baseline -0.006 -10"><span class='ocrx_word' id='word_1_795' title='bbox 1903 4669 1985 4724; x_wconf 80' lang='lat' dir='ltr'><strong>sic</strong></span> <span class='ocrx_word' id='word_1_796' title='bbox 2013 4683 2116 4723; x_wconf 90' lang='lat' dir='ltr'><strong>nec</strong></span> <span class='ocrx_word' id='word_1_797' title='bbox 2137 4667 2252 4722; x_wconf 89' lang='lat' dir='ltr'><strong>eris</strong></span> <span class='ocrx_word' id='word_1_798' title='bbox 2279 4664 2550 4731; x_wconf 90' lang='lat' dir='ltr'><strong>mundus,</strong></span> <span class='ocrx_word' id='word_1_799' title='bbox 2590 4665 2722 4734; x_wconf 86' lang='lat' dir='ltr'><strong>quia</strong></span> <span class='ocrx_word' id='word_1_800' title='bbox 2769 4674 2970 4719; x_wconf 87' lang='lat' dir='ltr'><strong>terram</strong></span> <span class='ocrx_word' id='word_1_801' title='bbox 3005 4677 3182 4716; x_wconf 89' lang='lat' dir='ltr'><strong>meam</strong></span> <span class='ocrx_word' id='word_1_802' title='bbox 3245 4661 3480 4732; x_wconf 87' lang='lat' dir='ltr'><strong>perdidi-</strong></span> 
     </span>
    </p>
   </div>
   <div class='ocr_carea' id='block_1_110' title="bbox 1902 4751 3482 4828">
    <p class='ocr_par' dir='ltr' id='par_1_110' title="bbox 1902 4751 3482 4828">
     <span class='ocr_line' id='line_1_110' title="bbox 1902 4751 3482 4828; baseline -0.011 -10"><span class='ocrx_word' id='word_1_803' title='bbox 1902 4759 1997 4825; x_wconf 83' lang='lat' dir='ltr'><strong>Sti,</strong></span> <span class='ocrx_word' id='word_1_804' title='bbox 2021 4765 2077 4814; x_wconf 92' lang='lat' dir='ltr'><strong>et</strong></span> <span class='ocrx_word' id='word_1_805' title='bbox 2107 4758 2370 4828; x_wconf 89' lang='lat' dir='ltr'><strong>populum</strong></span> <span class='ocrx_word' id='word_1_806' title='bbox 2404 4768 2585 4811; x_wconf 88' lang='lat' dir='ltr'><strong>meum</strong></span> <span class='ocrx_word' id='word_1_807' title='bbox 2624 4753 2980 4817; x_wconf 76' lang='lat' dir='ltr'><strong>interfecisti,</strong></span> <span class='ocrx_word' id='word_1_808' title='bbox 3007 4751 3143 4806; x_wconf 90' lang='lat' dir='ltr'><strong>dicit</strong></span> <span class='ocrx_word' id='word_1_809' title='bbox 3162 4751 3482 4805; x_wconf 64' lang='lat' dir='ltr'><strong>Dominus.»</strong></span> 
     </span>
    </p>
   </div>
   <div class='ocr_carea' id='block_1_111' title="bbox 1971 4842 3484 4916">
    <p class='ocr_par' dir='ltr' id='par_1_111' title="bbox 1971 4842 3484 4916">
     <span class='ocr_line' id='line_1_111' title="bbox 1971 4842 3484 4916; baseline -0.007 -11"><span class='ocrx_word' id='word_1_810' title='bbox 1971 4850 2115 4906; x_wconf 83' lang='lat' dir='ltr'><strong>Dan.</strong></span> <span class='ocrx_word' id='word_1_811' title='bbox 2163 4865 2283 4916; x_wconf 85' lang='lat' dir='ltr'><strong>vm,</strong></span> <span class='ocrx_word' id='word_1_812' title='bbox 2346 4848 2441 4904; x_wconf 71' lang='lat'><strong>25.</strong></span> <span class='ocrx_word' id='word_1_813' title='bbox 2475 4877 2547 4889; x_wconf 92' lang='lat'><em>—</em></span> <span class='ocrx_word' id='word_1_814' title='bbox 2579 4866 2597 4900; x_wconf 84' lang='grc' dir='ltr'><strong>ι</strong></span> <span class='ocrx_word' id='word_1_815' title='bbox 2632 4847 2802 4903; x_wconf 89' lang='lat' dir='ltr'><strong>Dolus</strong></span> <span class='ocrx_word' id='word_1_816' title='bbox 2840 4846 2896 4900; x_wconf 90' lang='lat' dir='ltr'><strong>in</strong></span> <span class='ocrx_word' id='word_1_817' title='bbox 2944 4860 3108 4898; x_wconf 87' lang='lat' dir='ltr'><strong>manu</strong></span> <span class='ocrx_word' id='word_1_818' title='bbox 3139 4844 3288 4913; x_wconf 80' lang='lat' dir='ltr'><strong>ejus.</strong></span> <span class='ocrx_word' id='word_1_819' title='bbox 3316 4850 3373 4898; x_wconf 88' lang='lat' dir='ltr'><strong>et</strong></span> <span class='ocrx_word' id='word_1_820' title='bbox 3428 4842 3484 4896; x_wconf 91' lang='lat' dir='ltr'><strong>in</strong></span> 
     </span>
    </p>
   </div>
   <div class='ocr_carea' id='block_1_112' title="bbox 1899 4934 3482 5012">
    <p class='ocr_par' dir='ltr' id='par_1_112' title="bbox 1899 4934 3482 5012">
     <span class='ocr_line' id='line_1_112' title="bbox 1899 4934 3482 5012; baseline -0.007 -14"><span class='ocrx_word' id='word_1_821' title='bbox 1899 4943 2068 4998; x_wconf 90' lang='lat' dir='ltr'><strong>corde</strong></span> <span class='ocrx_word' id='word_1_822' title='bbox 2109 4957 2213 4998; x_wconf 90' lang='lat' dir='ltr'><strong>suo</strong></span> <span class='ocrx_word' id='word_1_823' title='bbox 2247 4939 2716 5012; x_wconf 77' lang='lat' dir='ltr'><strong>magnificabitur,</strong></span> <span class='ocrx_word' id='word_1_824' title='bbox 2755 4945 2810 4994; x_wconf 88' lang='lat' dir='ltr'><strong>et</strong></span> <span class='ocrx_word' id='word_1_825' title='bbox 2858 4937 2986 4993; x_wconf 86' lang='lat' dir='ltr'><strong>dolo</strong></span> <span class='ocrx_word' id='word_1_826' title='bbox 3021 4936 3226 4990; x_wconf 86' lang='lat' dir='ltr'><strong>multos</strong></span> <span class='ocrx_word' id='word_1_827' title='bbox 3267 4934 3482 5004; x_wconf 87' lang='lat' dir='ltr'><strong>perdet,</strong></span> 
     </span>
    </p>
   </div>
   <div class='ocr_carea' id='block_1_113' title="bbox 1897 5031 2978 5106">
    <p class='ocr_par' dir='ltr' id='par_1_113' title="bbox 1897 5031 2978 5106">
     <span class='ocr_line' id='line_1_113' title="bbox 1897 5031 2978 5106; baseline -0.011 -13"><span class='ocrx_word' id='word_1_828' title='bbox 1897 5042 1953 5093; x_wconf 87' lang='lat' dir='ltr'><strong>et</strong></span> <span class='ocrx_word' id='word_1_829' title='bbox 1984 5035 2038 5089; x_wconf 90' lang='lat' dir='ltr'><strong>in</strong></span> <span class='ocrx_word' id='word_1_830' title='bbox 2073 5033 2384 5106; x_wconf 86' lang='lat' dir='ltr'><strong>perditione</strong></span> <span class='ocrx_word' id='word_1_831' title='bbox 2413 5033 2715 5086; x_wconf 86' lang='lat' dir='ltr'><strong>multorum</strong></span> <span class='ocrx_word' id='word_1_832' title='bbox 2742 5031 2932 5086; x_wconf 87' lang='lat' dir='ltr'><strong>stabit.</strong></span> <span class='ocrx_word' id='word_1_833' title='bbox 2959 5047 2978 5081; x_wconf 76' lang='grc' dir='ltr'><strong>ι</strong></span> 
     </span>
    </p>
   </div>
   <div class='ocr_carea' id='block_1_114' title="bbox 1969 5117 3481 5196">
    <p class='ocr_par' dir='ltr' id='par_1_114' title="bbox 1969 5117 3481 5196">
     <span class='ocr_line' id='line_1_114' title="bbox 1969 5117 3481 5196; baseline -0.009 -12"><span class='ocrx_word' id='word_1_834' title='bbox 1969 5126 2099 5196; x_wconf 83' lang='lat' dir='ltr'><strong>Sap.</strong></span> <span class='ocrx_word' id='word_1_835' title='bbox 2136 5143 2194 5194; x_wconf 81' lang='lat' dir='ltr'><strong>It,</strong></span> <span class='ocrx_word' id='word_1_836' title='bbox 2226 5125 2317 5184; x_wconf 71' lang='grc'><strong>24.</strong></span> <span class='ocrx_word' id='word_1_837' title='bbox 2344 5156 2416 5167; x_wconf 87' lang='grc'><strong><em>--</em></strong></span> <span class='ocrx_word' id='word_1_838' title='bbox 2453 5143 2471 5176; x_wconf 82' lang='grc' dir='ltr'><strong>ι</strong></span> <span class='ocrx_word' id='word_1_839' title='bbox 2503 5121 2715 5178; x_wconf 84' lang='lat' dir='ltr'><strong>Invidia</strong></span> <span class='ocrx_word' id='word_1_840' title='bbox 2747 5121 2956 5177; x_wconf 87' lang='lat' dir='ltr'><strong>diaboli</strong></span> <span class='ocrx_word' id='word_1_841' title='bbox 2997 5133 3146 5176; x_wconf 89' lang='lat' dir='ltr'><strong>mors</strong></span> <span class='ocrx_word' id='word_1_842' title='bbox 3172 5117 3395 5173; x_wconf 87' lang='lat' dir='ltr'><strong>intravit</strong></span> <span class='ocrx_word' id='word_1_843' title='bbox 3426 5117 3481 5171; x_wconf 89' lang='lat' dir='ltr'><strong>in</strong></span> 
     </span>
    </p>
   </div>
   <div class='ocr_carea' id='block_1_115' title="bbox 1897 5218 2240 5276">
    <p class='ocr_par' dir='ltr' id='par_1_115' title="bbox 1897 5218 2240 5276">
     <span class='ocr_line' id='line_1_115' title="bbox 1897 5218 2240 5276; baseline -0.02 0"><span class='ocrx_word' id='word_1_844' title='bbox 1897 5218 2190 5276; x_wconf 88' lang='lat' dir='ltr'><strong>mundum.</strong></span> <span class='ocrx_word' id='word_1_845' title='bbox 2221 5235 2240 5269; x_wconf 77' lang='grc' dir='ltr'><strong>ι</strong></span> 
     </span>
    </p>
   </div>
   <div class='ocr_carea' id='block_1_116' title="bbox 1973 5303 3480 5374">
    <p class='ocr_par' dir='ltr' id='par_1_116' title="bbox 1973 5303 3480 5374">
     <span class='ocr_line' id='line_1_116' title="bbox 1973 5303 3480 5374; baseline -0.009 -9"><span class='ocrx_word' id='word_1_846' title='bbox 1973 5309 2166 5365; x_wconf 76' lang='lat' dir='ltr'><strong>Matth.</strong></span> <span class='ocrx_word' id='word_1_847' title='bbox 2218 5325 2291 5373; x_wconf 84' lang='lat' dir='ltr'><strong>tv,</strong></span> <span class='ocrx_word' id='word_1_848' title='bbox 2325 5307 2478 5363; x_wconf 80' lang='lat' dir='ltr'><strong>l-lO.</strong></span> <span class='ocrx_word' id='word_1_849' title='bbox 2503 5337 2574 5356; x_wconf 66' lang='grc' dir='ltr'><strong>-ν-</strong></span> <span class='ocrx_word' id='word_1_850' title='bbox 2612 5327 2631 5359; x_wconf 76' lang='grc' dir='ltr'><strong>ι</strong></span> <span class='ocrx_word' id='word_1_851' title='bbox 2666 5305 2822 5362; x_wconf 91' lang='lat' dir='ltr'><strong>Tunc</strong></span> <span class='ocrx_word' id='word_1_852' title='bbox 2868 5305 3033 5361; x_wconf 83' lang='lat' dir='ltr'><strong>Jesus</strong></span> <span class='ocrx_word' id='word_1_853' title='bbox 3088 5303 3361 5358; x_wconf 89' lang='lat' dir='ltr'><strong>adductus</strong></span> <span class='ocrx_word' id='word_1_854' title='bbox 3391 5305 3480 5374; x_wconf 79' lang='lat' dir='ltr'><strong>est</strong></span> 
     </span>
    </p>
   </div>
   <div class='ocr_carea' id='block_1_117' title="bbox 1896 5394 3478 5472">
    <p class='ocr_par' dir='ltr' id='par_1_117' title="bbox 1896 5394 3478 5472">
     <span class='ocr_line' id='line_1_117' title="bbox 1896 5394 3478 5472; baseline -0.009 -12"><span class='ocrx_word' id='word_1_855' title='bbox 1896 5405 1951 5460; x_wconf 90' lang='lat' dir='ltr'><strong>in</strong></span> <span class='ocrx_word' id='word_1_856' title='bbox 1985 5406 2262 5460; x_wconf 87' lang='lat' dir='ltr'><strong>desertum</strong></span> <span class='ocrx_word' id='word_1_857' title='bbox 2287 5417 2318 5456; x_wconf 69' lang='grc' dir='ltr'><strong>ε</strong></span> <span class='ocrx_word' id='word_1_858' title='bbox 2349 5400 2583 5472; x_wconf 84' lang='lat' dir='ltr'><strong>Spiritu,</strong></span> <span class='ocrx_word' id='word_1_859' title='bbox 2619 5406 2679 5454; x_wconf 94' lang='lat' dir='ltr'><strong>ut</strong></span> <span class='ocrx_word' id='word_1_860' title='bbox 2725 5406 3034 5453; x_wconf 87' lang='lat' dir='ltr'><strong>tentaretur</strong></span> <span class='ocrx_word' id='word_1_861' title='bbox 3061 5411 3090 5450; x_wconf 85' lang='lat' dir='ltr'><strong>a</strong></span> <span class='ocrx_word' id='word_1_862' title='bbox 3132 5394 3380 5456; x_wconf 88' lang='lat' dir='ltr'><strong>diabolo;</strong></span> <span class='ocrx_word' id='word_1_863' title='bbox 3422 5400 3478 5447; x_wconf 89' lang='lat' dir='ltr'><strong>et</strong></span> 
     </span>
    </p>
   </div>
   <div class='ocr_carea' id='block_1_118' title="bbox 1901 5486 3476 5568">
    <p class='ocr_par' dir='ltr' id='par_1_118' title="bbox 1901 5486 3476 5568">
     <span class='ocr_line' id='line_1_118' title="bbox 1901 5486 3476 5568; baseline -0.008 -16"><span class='ocrx_word' id='word_1_864' title='bbox 1901 5513 2025 5552; x_wconf 92' lang='lat' dir='ltr'><strong>cum</strong></span> <span class='ocrx_word' id='word_1_865' title='bbox 2051 5495 2365 5568; x_wconf 87' lang='lat' dir='ltr'><strong>jejunasset</strong></span> <span class='ocrx_word' id='word_1_866' title='bbox 2395 5493 2767 5566; x_wconf 81' lang='lat' dir='ltr'><strong>quadraginta</strong></span> <span class='ocrx_word' id='word_1_867' title='bbox 2795 5492 2993 5548; x_wconf 90' lang='lat' dir='ltr'><strong>diebus</strong></span> <span class='ocrx_word' id='word_1_868' title='bbox 3024 5498 3078 5546; x_wconf 90' lang='lat' dir='ltr'><strong>et</strong></span> <span class='ocrx_word' id='word_1_869' title='bbox 3111 5486 3476 5560; x_wconf 82' lang='lat' dir='ltr'><strong>quadraginta</strong></span> 
     </span>
    </p>
   </div>
   <div class='ocr_carea' id='block_1_119' title="bbox 1897 5577 3476 5657">
    <p class='ocr_par' dir='ltr' id='par_1_119' title="bbox 1897 5577 3476 5657">
     <span class='ocr_line' id='line_1_119' title="bbox 1897 5577 3476 5657; baseline -0.007 -14"><span class='ocrx_word' id='word_1_870' title='bbox 1897 5589 2178 5653; x_wconf 89' lang='lat' dir='ltr'><strong>noctibus,</strong></span> <span class='ocrx_word' id='word_1_871' title='bbox 2209 5594 2400 5657; x_wconf 88' lang='lat' dir='ltr'><strong>postea</strong></span> <span class='ocrx_word' id='word_1_872' title='bbox 2435 5584 2652 5641; x_wconf 89' lang='lat' dir='ltr'><strong>esuriit.</strong></span> <span class='ocrx_word' id='word_1_873' title='bbox 2704 5583 2768 5638; x_wconf 85' lang='lat' dir='ltr'><strong>Et</strong></span> <span class='ocrx_word' id='word_1_874' title='bbox 2793 5582 3064 5639; x_wconf 85' lang='lat' dir='ltr'><strong>accedens</strong></span> <span class='ocrx_word' id='word_1_875' title='bbox 3099 5585 3359 5644; x_wconf 87' lang='lat' dir='ltr'><strong>tentator,</strong></span> <span class='ocrx_word' id='word_1_876' title='bbox 3393 5577 3476 5633; x_wconf 88' lang='lat' dir='ltr'><strong>di-</strong></span> 
     </span>
    </p>
   </div>
   <div class='ocr_carea' id='block_1_120' title="bbox 1895 5672 3474 5746">
    <p class='ocr_par' dir='ltr' id='par_1_120' title="bbox 1895 5672 3474 5746">
     <span class='ocr_line' id='line_1_120' title="bbox 1895 5672 3474 5746; baseline -0.006 -11"><span class='ocrx_word' id='word_1_877' title='bbox 1895 5681 1974 5735; x_wconf 74' lang='lat' dir='ltr'><strong>xit</strong></span> <span class='ocrx_word' id='word_1_878' title='bbox 2009 5679 2081 5734; x_wconf 89' lang='lat' dir='ltr'><strong>illi</strong></span> <span class='ocrx_word' id='word_1_879' title='bbox 2117 5695 2132 5734; x_wconf 88' lang='lat'><strong>:</strong></span> <span class='ocrx_word' id='word_1_880' title='bbox 2173 5678 2229 5733; x_wconf 89' lang='lat' dir='ltr'><strong>Si</strong></span> <span class='ocrx_word' id='word_1_881' title='bbox 2252 5677 2425 5735; x_wconf 89' lang='lat' dir='ltr'><strong>Filius</strong></span> <span class='ocrx_word' id='word_1_882' title='bbox 2455 5679 2549 5733; x_wconf 92' lang='lat' dir='ltr'><strong>Dei</strong></span> <span class='ocrx_word' id='word_1_883' title='bbox 2579 5693 2660 5746; x_wconf 90' lang='lat' dir='ltr'><strong>es,</strong></span> <span class='ocrx_word' id='word_1_884' title='bbox 2689 5677 2777 5732; x_wconf 89' lang='lat' dir='ltr'><strong>die</strong></span> <span class='ocrx_word' id='word_1_885' title='bbox 2810 5686 2866 5732; x_wconf 91' lang='lat' dir='ltr'><strong>ut</strong></span> <span class='ocrx_word' id='word_1_886' title='bbox 2913 5673 3118 5744; x_wconf 85' lang='lat' dir='ltr'><strong>lapides</strong></span> <span class='ocrx_word' id='word_1_887' title='bbox 3149 5672 3240 5728; x_wconf 86' lang='lat' dir='ltr'><strong>isti</strong></span> <span class='ocrx_word' id='word_1_888' title='bbox 3304 5686 3474 5740; x_wconf 82' lang='lat' dir='ltr'><strong>panes</strong></span> 
     </span>
    </p>
   </div>
   <div class='ocr_carea' id='block_1_121' title="bbox 1896 5765 3466 5842">
    <p class='ocr_par' dir='ltr' id='par_1_121' title="bbox 1896 5765 3466 5842">
     <span class='ocr_line' id='line_1_121' title="bbox 1896 5765 3466 5842; baseline -0.004 -14"><span class='ocrx_word' id='word_1_889' title='bbox 1896 5772 2047 5830; x_wconf 80' lang='lat' dir='ltr'><strong>fiant.</strong></span> <span class='ocrx_word' id='word_1_890' title='bbox 2083 5774 2147 5828; x_wconf 80' lang='lat' dir='ltr'><strong>At</strong></span> <span class='ocrx_word' id='word_1_891' title='bbox 2181 5772 2272 5829; x_wconf 92' lang='lat' dir='ltr'><strong>illc</strong></span> <span class='ocrx_word' id='word_1_892' title='bbox 2322 5769 2663 5842; x_wconf 82' lang='lat' dir='ltr'><strong>respondens</strong></span> <span class='ocrx_word' id='word_1_893' title='bbox 2697 5770 2772 5828; x_wconf 80' lang='lat' dir='ltr'><strong>ait</strong></span> <span class='ocrx_word' id='word_1_894' title='bbox 2817 5788 2827 5824; x_wconf 90' lang='lat'><strong>:</strong></span> <span class='ocrx_word' id='word_1_895' title='bbox 2861 5767 3137 5838; x_wconf 80' lang='lat' dir='ltr'><strong>Scriptum</strong></span> <span class='ocrx_word' id='word_1_896' title='bbox 3165 5779 3248 5824; x_wconf 86' lang='lat' dir='ltr'><strong>est</strong></span> <span class='ocrx_word' id='word_1_897' title='bbox 3277 5784 3290 5820; x_wconf 88' lang='lat'><strong>:</strong></span> <span class='ocrx_word' id='word_1_898' title='bbox 3342 5765 3466 5823; x_wconf 84' lang='lat' dir='ltr'><strong>Non</strong></span> 
     </span>
    </p>
   </div>
  </div>
