3960 6384
413 314 550 382 1407

1623 304 1684 364 S.
1718 300 2040 364 JOANNIS
2069 297 2468 360 DAMASCEN
2477 298 2506 357 Ι

3546 276 3682 356 uos

405 432 463 486 in
501 430 622 488 solo
656 441 799 500 pane
827 423 962 480 vivit
1001 422 1188 486 homo,
1217 416 1313 474 sed
1347 433 1413 474 ex
1445 416 1600 472 omni
1631 416 1801 472 verbo
1843 413 1991 484 quod

2130 413 2212 466 uix
2233 413 2292 466 ὲν
2314 411 2466 483 ἄρτῳ
2497 409 2645 482 μόνῳ
2673 409 2902 481 ζήσεται
2929 407 3241 480 ἄνθρωπος,
3269 407 3384 462 ἀλλ’
3419 408 3479 461 ἐν
3521 411 3686 462 παντὶ

407 522 656 596 procedit
699 520 765 575 de
791 532 891 573 ore
933 515 1051 570 Dei.
1096 511 1253 568 Tunc
1297 509 1533 567 assumit
1573 524 1698 565 eum
1731 507 1991 562 diabolus

409 622 463 672 in
498 621 749 672 sanctam
780 609 1088 672 civitatem,
1119 613 1175 662 et
1201 603 1397 662 statuit
1435 617 1561 658 eum
1592 617 1758 672 super
1794 601 1994 672 pinna-

408 710 596 762 culum
623 703 834 774 templi,
876 711 932 756 et
963 699 1103 755 dixit
1129 699 1222 754 ei:
1263 695 1322 752 Si
1351 693 1531 750 Filius
1571 695 1668 749 Dei
1697 709 1787 760 es,
1837 691 1996 747 mitte

409 809 464 854 te
492 797 776 852 deorsum.
807 791 973 850 .lesus
1022 797 1206 846 autem
1235 787 1375 843 dixit
1409 786 1456 842 ei
1498 801 1512 838 :
1545 783 1818 855 Scriptum
1849 789 1936 838 est
1976 799 1991 837 :

409 890 530 946 Non
557 887 800 944 tentabis
822 883 1115 940 Dominum
1149 881 1318 936 Demn
1372 875 1780 933 tuum.lterurn
1838 889 1998 929 assu-

411 983 511 1037 mit
534 995 658 1036 eum
707 976 966 1032 diabolus
992 975 1047 1030 in
1079 982 1324 1028 montem
1369 968 1650 1025 excelsum
1703 965 1887 1032 valde,
1944 972 1999 1021 et

411 1072 648 1130 ostendit
671 1071 721 1125 ei
753 1069 939 1123 omnia
973 1081 1139 1136 regna
1168 1061 1386 1125 mundi,
1421 1069 1478 1116 et
1517 1058 1751 1129 gloriam
1781 1071 1998 1120 eorum,

411 1175 468 1221 et
499 1164 639 1221 dixit
671 1161 722 1218 ei
753 1180 768 1217 :
802 1162 931 1214 Haec
987 1157 1175 1212 omnia
1205 1153 1304 1208 tibi
1353 1151 1518 1215 dabo,
1552 1149 1600 1206 si
1629 1148 1832 1204 cadens
1864 1146 1998 1202 ado-

415 1255 632 1313 raveris
665 1269 771 1309 me.
802 1252 962 1307 Tunc
1013 1248 1150 1302 dixit
1179 1247 1230 1302 ei
1257 1244 1460 1300 Jesus:
1495 1241 1646 1297 Vade
1676 1247 1852 1304 retro,
1895 1239 1998 1294 Sa-

419 1358 572 1402 tuna.
605 1344 886 1415 Scriptum
933 1347 1018 1396 est
1055 1340 1205 1394 enim
1243 1357 1256 1392 :
1297 1335 1590 1392 Dominum
1622 1332 1793 1390 Deum
1841 1339 2001 1387 tuum

419 1438 699 1503 adorabis,
734 1443 788 1492 et
813 1433 917 1505 ipsi
943 1431 1047 1489 soli
1067 1430 1302 1487 servies.
1340 1449 1359 1480 ι

499 1704 627 1758 Luc.
662 1716 718 1766 ς,
763 1699 853 1764 l8,
891 1698 974 1753 l9.
1004 1727 1073 1739 --
1110 1715 1127 1748 ι
1165 1695 1314 1750 Dixit
1337 1689 2006 1762 Dominusseptuaginta:

2103 505 2311 577 ῥήματι
2363 502 2786 574 ἐκπορευομένῳ
2847 501 2937 554 διά
3005 501 3274 571 στόματος
3332 498 3492 553 Θεοῦ.
3554 501 3685 554 Τότε

2103 596 2525 670 παραλαμϐάνει
2577 595 2740 650 αὑτὸν
2791 597 2821 649 6
2877 593 3125 658 διάϐολος
3176 595 3256 658 είς
3282 593 3382 664 τὴν
3404 592 3569 661 άγίαν
3598 594 3689 646 πό-

2101 689 2205 754 λιν,
2237 689 2336 743 καὶ
2360 689 2574 759 ἵστησιν
2609 685 2769 740 αὐτὸν
2791 686 2884 738 ἐπὶ
2927 685 2990 739 τὸ
3025 683 3326 755 πτερύγιον
3359 683 3456 736 τοῦ
3513 683 3688 755 ἱεροῦ,

2104 782 2200 836 καὶ
2231 780 2379 850 λέγει
2411 779 2560 850 αὐτῷ
2580 796 2593 810 ·
2631 779 2694 832 El
2725 777 2853 842 Υἱὸς
2879 772 2930 830 εἰ
2974 775 3071 830 τοῦ
3109 776 3271 840 Θεοῦ,
3300 776 3431 847 βάλε
3462 777 3693 832 σεαυτὸν

2104 873 2279 928 κάτω.
2317 868 2452 926 Εἷπε
2492 871 2550 925 δέ
2582 869 2735 938 αύτῷ
2785 870 2814 922 6
2875 868 3116 939 Ἰησοῦςο
3182 868 3537 939 Γέγραπταιο
3575 867 3693 922 υύκ

2105 964 2463 1034 ἐκπειράσεις
2493 961 2700 1034 Κύριον
2725 960 2818 1015 τὸν
2863 959 2998 1013 Θεόν
3033 976 3151 1014 σου.
3175 959 3358 1028 Ιῐιάλιν
3392 959 3693 1032 παραλαμ-

2107 1057 2260 1110 ϐάνει
2291 1055 2454 1110 αὐτὸν
2485 1057 2514 1110 ό
2539 1054 2790 1118 διάϐολος
2833 1053 2916 1117 είς
2963 1052 3091 1125 ὅρος
3137 1052 3343 1124 ὑψηλὸν
3398 1053 3544 1120 λίαν,
3598 1054 3700 1108 καὶ

2106 1145 2380 1201 δείκνυσιν
2437 1145 2590 1217 αὐτῷ
2635 1143 2820 1208 πάσας
2877 1143 2978 1209 τὰς
3037 1143 3318 1214 βασιλείας
3349 1144 3446 1198 τοῦ
3482 1144 3697 1216 κόσμου

2109 1238 2204 1293 καὶ
2233 1238 2333 1309 τὴν
2359 1236 2521 1302 δόξαν
2552 1236 2757 1300 αὐτῶν,
2775 1236 2870 1290 καὶ
2897 1235 3049 1305 λέγει
3077 1234 3226 1308 αύτῷ
3245 1251 3261 1267 ο
3295 1235 3482 1290 Ταῦτα
3515 1238 3698 1292 πάντα

2112 1347 2196 1384 σοι
2223 1329 2404 1393 δώσω,
2437 1328 2533 1382 ἐὰν
2566 1327 2752 1382 πεσὼν
2782 1329 3176 1399 προσκυνήσῃς
3222 1344 3336 1398 μοι.
3378 1327 3515 1381 Τότε
3545 1328 3701 1396 λέγει

2111 1423 2260 1495 αὑτῷ
2293 1425 2322 1476 6
2361 1421 2610 1493 Ἰησοῦςν
2644 1421 2870 1490 ’Υπαγε
2917 1420 3095 1474 ὀπίσω
3157 1436 3286 1490 μου,
3330 1419 3568 1474 Σατανᾶ.
3595 1420 3700 1473 Γέ-

2113 1534 2358 1588 γραπται
2389 1515 2532 1586 γάρ”
2566 1515 2776 1585 Κύριον
2806 1513 2898 1567 τὸν
2943 1512 3080 1568 Θεόν
3123 1529 3218 1566 σου
3267 1513 3700 1584 προσκυνήσεις,

2115 1610 2210 1663 καὶ
2237 1607 2386 1679 αὑτῷ
2414 1607 2562 1678 μόνῳ
2584 1605 2925 1676 λατρεύσεις.
2957 1625 2976 1658 ι

2194 1724 2212 1756 ι
2247 1700 2384 1758 Εἷπε
2416 1703 2475 1756 δὲ
2502 1705 2612 1766 τοῖς
2645 1702 3025 1773 ἐϐδομήκοντα
3051 1702 3081 1754 6
3111 1702 3318 1773 Κύριος
3343 1717 3356 1732 ·
3395 1701 3714 1773 Ἐθεώρουν-

427 1794 695 1850 Videbam
731 1791 994 1845 Satanam
1012 1788 1176 1857 ,sicut
1210 1787 1395 1858 fulgur
1443 1786 1510 1842 de
1536 1785 1681 1841 caelo
1703 1783 2009 1839 cadentem.

2130 1798 2208 1851 τὸν
2237 1797 2456 1851 Σατανᾶ
2485 1795 2559 1860 ὡς
2597 1794 2890 1866 ἀστραπὴν
2938 1795 3004 1848 ἐκ
3034 1794 3128 1848 τοῦ
3162 1794 3396 1867 ούρανοῦ
3440 1795 3704 1848 πεσόντα.

427 1888 570 1942 Ecce
640 1883 767 1940 dedi
803 1882 962 1936 vobis
1021 1888 1349 1952 potestatem
1379 1877 1630 1933 calcaudi
1665 1892 1835 1946 super
1891 1889 2012 1931 ser-

425 1989 618 2051 pentes
656 1989 712 2035 et
746 1978 1091 2047 scorpiones,
1122 1983 1178 2029 et
1199 1987 1370 2042 super
1406 1985 1629 2026 omnem
1681 1975 2011 2039 potestatem

424 2071 658 2129 inimici.
699 2089 718 2122 ι
941 2058 950 2064 κ

494 2161 618 2218 Jac.
640 2177 711 2228 tv,
735 2159 894 2215 7.-ι
918 2156 1185 2212 Resistite
1201 2153 1446 2218 diabolo,
1474 2161 1529 2209 et
1556 2151 1728 2221 fugiet
1753 2149 2010 2206 avobis.»

449 2301 454 2304 .
500 2252 527 2306 1
558 2252 707 2306 Petr.
741 2265 796 2316 v,
841 2249 892 2303 8.
923 2275 984 2288 —
1027 2265 1046 2298 ι
1087 2243 1268 2301 Sobrii
1314 2251 1492 2300 estote
1519 2252 1575 2297 et
1604 2241 1853 2313 vigilate,
1885 2241 2014 2310 quia

428 2343 780 2402 adversarius
811 2347 996 2396 vester
1030 2337 1288 2394 diabolus
1340 2345 1598 2406 tanquam
1639 2333 1729 2388 leo
1761 2333 2012 2406 rugiens,

2127 1889 2263 1943 Ἰδοὺ
2285 1888 2478 1960 δίδωμι
2512 1888 2644 1958 ὑμῖν
2670 1887 2769 1958 τὴν
2829 1885 3082 1952 ἐξουσίαν
3132 1887 3231 1941 τοῦ
3279 1889 3470 1940 πατεῖν
3512 1886 3713 1940 ἐπάνω

2115 1981 2292 2050 ὄφεων
2320 1981 2417 2034 καὶ
2473 1979 2774 2050 σκορπίων,
2808 1977 2904 2032 καὶ
2964 1979 3060 2032 ἐπὶ
3109 1978 3294 2032 πᾶσαν
3326 1977 3426 2048 τὴν
3468 1977 3708 2048 δύναμιν

2116 2072 2210 2126 τοῦ
2246 2071 2340 2142 ἐχο
2349 2070 2466 2144 ροῦ.
2503 2090 2523 2124 ι
3307 2132 3318 2136 _

2194 2183 2213 2216 ‹
2249 2163 2560 2234 Ἀντίστητε
2595 2161 2674 2232 τῷ
2698 2161 2950 2232 διαϐόλῳ,
2977 2161 3072 2215 καὶ
3091 2159 3348 2231 φεύξεται
3371 2162 3468 2231 ἀφ’
3487 2163 3656 2233 ὑμῶν.
3680 2182 3702 2214 ι

2195 2273 2214 2306 ι
2254 2253 2503 2324 Νήψατε,
2531 2253 2947 2323 γρηγορήσατε,
2979 2253 3061 2306 ὅτι
3093 2251 3364 2317 ἀντίδικος
3393 2253 3549 2324 ὑμῶν
3583 2253 3708 2308 διά·

2119 2345 2274 2409 ϐολος
2320 2343 2395 2409 ὡς
2448 2345 2588 2398 λέων
2627 2345 2950 2415 ὠρυόμενος
2997 2345 3319 2414 περιπατεῖ,
3367 2343 3548 2416 ζητῶν
3585 2345 3710 2400 τίνα

425 2438 630 2493 circuit
655 2449 912 2504 quaerens
941 2446 1106 2504 quem
1139 2430 1388 2486 devoret.
1420 2428 1519 2484 Cui
1560 2425 1804 2483 resistite
1845 2425 2014 2481 fortes

2130 2437 2364 2511 καταπίῃ
2382 2452 2394 2464 ·
2496 2437 2789 2509 ἀντίστητε
2816 2437 3028 2506 στερεοὶ
3056 2437 3114 2489 ἐν
3138 2436 3342 2491 πίστει.
3379 2455 3398 2488 ι

427 2530 758 2676 ...ἑῖὰιῖίιιέι
816 2617 1044 2672 Ex/iort.
1103 2615 1174 2670 ad
1215 2585 1460 2683 όαρις-
1490 2611 1777 2679 Dominus,
1828 2610 2017 2682 probi-

427 2713 564 2768 bcus
593 2727 659 2766 ne
687 2710 832 2765 mala
865 2708 1099 2765 consilia
1123 2707 1326 2762 diaboli
1370 2705 1770 2776 suscipiamus,
1823 2704 2015 2767 Hodie,

427 2801 629 2872 inquit,
671 2800 720 2854 si
751 2815 927 2854 vocem
975 2813 1150 2852 meam
1198 2795 1480 2850 audieritis
1517 2793 1710 2863 (Hebr.
1745 2809 1826 2860 ιιι,
1853 2794 1912 2858 7;
1942 2808 2016 2858 tv,

431 2896 497 2960 7;
526 2895 680 2950 Psal.
712 2910 857 2959 xcrv,
882 2891 958 2963 8).
991 2891 1087 2947 Ille
1118 2891 1270 2956 dicit,
1305 2889 1646 2944 Hodiernum
1676 2888 1826 2944 diem
1862 2889 2018 2955 mihi,

2190 2610 2299 2676 Τὰς
2327 2611 2572 2683 πονηρὰς
2603 2611 2700 2666 τοῦ
2733 2611 2986 2667 διαϐόλου
3014 2613 3348 2684 συμϐουλίας
3369 2613 3716 2668 ἀποκωλύων

2127 2705 2276 2775 ἡμᾶς
2305 2706 2334 2757 ὁ
2371 2703 2579 2774 Κύριος
2611 2702 2890 2769 δέξασθαι,
2923 2704 3212 2774 Σήμερον,
3247 2704 3434 2774 φησὶν,
3465 2704 3574 2758 ἐὰν
3597 2702 3716 2772 τῆς

2119 2793 2327 2864 φωνῆς
2334 2812 2455 2864 μου
2484 2794 2814 2865 ἀκούσητε.
2846 2795 3083 2859 Ἐκεῖνος
3115 2794 3284 2863 λέγει,
3324 2794 3436 2866 Τὴν
3468 2795 3719 2865 σήμερον

2117 2887 2262 2958 ἐμοὶ,
2298 2888 2394 2942 καὶ
2443 2888 2545 2959 τὴν
2581 2886 2770 2960 αὔριον
2799 2887 2880 2958 τῷ
2907 2887 3050 2959 Θεῷ.
3088 2889 3148 2942 Ὁ
3179 2887 3386 2959 Κύριος
3435 2887 3672 2958 ἀντιϐοᾷ
3700 2903 3714 2916 ο

427 2987 734 3042 crastinum
767 2984 898 3038 Deo.
947 2983 1154 3037 Contra
1184 2981 1455 3035 Dominus
1503 2981 1765 3035 inclamat
1799 2997 1812 3032 :
1847 2979 2014 3036 Hodie

2130 2978 2391 3048 Σήμερον
2408 2978 2519 3033 ἐὰν
2539 2978 2648 3048 τῆς
2672 2978 2882 3049 φωνῆς
2894 2997 3014 3049 μου
3034 2980 3362 3048 ἀκούσητε.
3381 2979 3496 3050 Νόη
3505 2997 3596 3032 σον
3619 2979 3724 3033 τὸν

429 3080 478 3132 si
529 3092 702 3132 vocem
761 3091 933 3128 meam
967 3072 1270 3127 audieritis.
1325 3070 1552 3126 llostem
1593 3069 2015 3127 animadverte:

2120 3070 2315 3142 ἐχθρόν
2334 3089 2346 3101 ·
2383 3071 2445 3124 ού
2478 3070 2656 3142 τολμᾷ
2687 3071 3097 3143 συμϐουλεῦσαι
3141 3071 3377 3126 καθόλου
3404 3073 3719 3143 ἀποστῆναι

432 3184 544 3224 non
582 3167 750 3222 audet
783 3164 1021 3222 suadere
1057 3163 1135 3218 uti
1175 3175 1404 3233 prorsus
1430 3159 1796 3216 abscedamus
1828 3175 1859 3215 a
1883 3159 2014 3216 Deo.

2130 3161 2218 3216 τοῦ
2245 3162 2404 3218 Θεοῦ.
2439 3157 2594 3218 Οἶδεν
2627 3165 2711 3218 δτι
2767 3165 2908 3238 βαρὺ
2963 3165 3126 3220 τοῦτο
3168 3166 3403 3221 ἀκοῦσαι
3441 3168 3720 3237 Χριστια-

432 3260 552 3314 Scit
584 3258 730 3314 enim
789 3271 954 3327 grave
987 3255 1090 3309 Itoe
1119 3267 1245 3309 esse
1293 3250 1632 3306 Christianis
1672 3249 1906 3307 auribus
1965 3261 2020 3307 et

431 3352 749 3407 molestum.
813 3347 1016 3404 Verum
1051 3345 1304 3402 subdolis
1347 3343 1563 3398 artibus
1599 3343 1884 3413 negotium
1909 3351 2022 3397 tra-

430 3454 564 3500 ctat.
597 3443 790 3498 Solers
826 3441 1032 3513 quippe
1057 3447 1112 3494 et
1153 3438 1382 3509 sapiens
1412 3444 1497 3492 est
1537 3435 1608 3490 ad
1665 3434 2023 3492 malefacien-

429 3537 585 3591 dum.
646 3533 990 3590 llodiernnm
1055 3531 1195 3585 diem
1226 3535 1407 3584 astute
1462 3526 1624 3582 nobis
1691 3524 2021 3591 sulluratur,

2118 3257 2228 3318 νοίς
2251 3271 2264 3286 ⁸
2296 3254 2435 3309 ἀλλά
2459 3255 2681 3328 τέχναις
2717 3258 3029 3328 ἀπατηλαίς
3057 3258 3340 3328 μεθοδεύει
3367 3259 3468 3330 τὴν
3499 3261 3719 3330 ἐπιχεί-

2123 3363 2302 3418 ρησιν.
2333 3349 2504 3418 Σοφός
2524 3351 2642 3402 ἐστι
2663 3349 2759 3403 τοῦ
2783 3351 3151 3420 κακοποιῆσαι
3171 3368 3184 3382 ·
3218 3352 3463 3423 σήμερον
3488 3352 3722 3406 κλέπτει

2119 3440 2268 3510 ήμᾶς
2300 3439 2391 3494 διὰ
2435 3443 2538 3513 τῆς
2593 3441 2900 3514 μεθοδείας,
2953 3444 3047 3497 καὶ
3076 3445 3177 3516 τὴν
3211 3444 3408 3516 αὔριον
3437 3447 3570 3515 ήμῖν
3612 3445 3720 3509 τὰς

2121 3533 2457 3602 ἐπαγγελίας
2512 3533 2897 3606 περιαφίησιν.
2971 3533 3104 3590 Εἶτα
3157 3536 3379 3591 ἐπειδάν
3434 3538 3467 3608 ή
3522 3537 3721 3609 αὔριον

433 3637 597 3697 atque
639 3627 705 3706 [in
742 3623 1048 3679 crastinum
1076 3621 1220 3676 diem
1256 3617 1415 3674 nobis
1452 3616 1884 3686 pollicitationes
1935 3631 2014 3672 re-

2130 3620 2282 3694 ἔλθῃ,
2314 3625 2476 3680 πάλιν
2500 3625 2718 3698 ἔρχεται
2745 3627 2932 3691 κακῶς
2948 3629 3350 3700 συμμεριστὴς,
3373 3628 3532 3700 ήμῶν
3549 3629 3724 3694 ἀξιῶν

433 3717 658 3785 linquit.
692 3714 918 3775 Deinde,
951 3727 1077 3767 eum
1107 3711 1392 3767 crastinus
1422 3707 1545 3763 dies
1578 3706 1789 3774 illuxit,
1824 3724 2014 3766 rursus

2130 3715 2228 3787 τὴν
2263 3717 2506 3790 σήμερον
2536 3719 2707 3790 αύτῷ,
2760 3721 2860 3791 τὴν
2894 3720 2953 3774 δὲ
2999 3720 3191 3792 αὔριον
3229 3721 3310 3791 τῷ
3341 3721 3531 3793 Κυρίῳ
3560 3737 3574 3754 ·
3617 3723 3726 3776 καὶ

435 3817 636 3876 [musto
673 3813 761 3859 est
787 3803 965 3856 malus
1002 3801 1111 3866 ille,
1153 3809 1211 3853 ut
1239 3808 1429 3855 nostra
1475 3797 1768 3853 nobiscum
1826 3802 2026 3869 partia-

441 3908 554 3959 tur,
613 3897 832 3966 sibique
884 3893 1063 3965 poscit
1128 3892 1460 3946 hodiernum
1514 3889 1681 3954 diem,
1713 3892 2020 3949 crastinum

438 3989 693 4044 Domino.
725 3987 1066 4057 Semperque
1097 3984 1152 4037 in
1178 3983 1326 4037 hunc
1363 3982 1584 4037 modum
1619 3987 1837 4053 tempus
1879 4001 2022 4056 pm-

2127 3808 2300 3875 οὕτως
2328 3811 2437 3877 ἀεὶ,
2465 3811 2527 3865 τὸ
2569 3810 2668 3883 μὲν
2716 3812 2892 3884 παρὸν
2935 3813 3002 3866 δι’
3045 3813 3244 3885 ἡδονῆς
3282 3815 3723 3886 ἀφαιρούμενος,

2127 3900 2188 3954 τὸ
2214 3901 2273 3954 δὲ
2304 3903 2498 3973 μέλλον
2535 3907 2658 3968 ταῖς
2685 3904 2899 3959 ἐλπίσιν
2927 3905 3088 3977 ήμῶν
3134 3907 3482 3978 προσαφιεὶς,
3515 3907 3723 3962 λανθά-

2130 4008 2211 4046 νει
2237 3994 2386 4062 sua;
2416 3994 2805 4052 ἀποϐουκολῶν
2831 3999 2931 4069 τῆς
2959 3997 3127 4069 ζωῆς.

436 4099 567 4139 scus
601 4096 697 4152 per
733 4079 1067 4151 voluptatem
1099 4075 1354 4147 rapiens,
1389 4087 1454 4128 ac
1493 4072 1739 4128 futurum
1771 4077 1888 4146 spei
1921 4087 2129 4137 nostra:
2199 4085 2544 4156 relinquens,
2601 4088 2809 4144 sensim
2884 4103 2988 4144 nos
3053 4104 3154 4145 nec
3231 4090 3528 4160 opinantes
3607 4092 3722 4148 vita

479 4175 636 4229 rival.

479 4192 636 4229 τινειι.

437 4192 472 4246 p
505 4269 780 4340 Ejusdem,
801 4268 874 4324 De
901 4264 1321 4324 invid.-—Malus
1342 4271 1426 4320 est
1457 4263 1738 4334 diabolus,
1763 4275 1817 4323 et
1839 4269 2021 4324 omni-

2199 4270 2442 4340 Πονηρὸς
2463 4271 2490 4323 6
2526 4269 2794 4334 διάϐολος,
2815 4269 2909 4324 καὶ
2941 4271 3141 4334 κακίας
3161 4271 3427 4335 παντοίας
3455 4271 3725 4344 δημιουρ-

438 4364 563 4433 geni
586 4363 712 4416 mali
731 4359 924 4415 artifex
946 4378 960 4426 ;
993 4368 1047 4413 et
1069 4355 1535 4429 quemadmodum
1561 4356 1868 4416 liberalitas
1885 4362 2014 4416 boni

2130 4361 2250 4429 γόςο
2283 4361 2380 4414 καὶ
2413 4358 2604 4431 ὥσπερ
2633 4360 2826 4414 ἕπεται
2869 4360 2948 4432 τῷ
2970 4360 3217 4432 ἀγαθῷὴ
3253 4360 3508 4431 ἀφθονία,
3542 4362 3723 4426 οὕτως

435 4454 784 4509 consectaria
800 4461 904 4516 est,
936 4453 1010 4505 ita
1041 4458 1094 4505 et
1111 4448 1395 4504 diabolum
1413 4448 1712 4504 invidentia
1732 4453 2013 4524 sequitur.

2130 4451 2412 4508 ἀκολουθεί
2431 4450 2511 4522 τῷ
2529 4450 2763 4522 διαϐόλῳ
2787 4452 2820 4522 ή
2850 4451 3145 4522 βασκανία.

502 4547 648 4602 Ibid.
685 4542 1104 4598 —lnvidentia:
1149 4541 1262 4595 telo
1301 4555 1331 4594 a
1391 4541 1676 4598 creatione
1723 4545 1912 4599 mundi
1952 4545 2022 4599 ad

439 4653 612 4709 usque
648 4635 838 4693 smeuli
864 4636 1026 4689 finem
1076 4646 1269 4686 omnes
1301 4629 1430 4686 ferit
1462 4634 1901 4706 prosternitque,
1932 4636 2025 4692 ille

442 4733 566 4785 vita:
594 4739 795 4783 nostra:
815 4727 1181 4794 interemptor
1202 4722 1476 4790 diabolus,
1508 4733 1816 4796 nostroque
1847 4728 2024 4784 exitio

437 4822 706 4893 gaudens.
733 4818 836 4884 Qui
865 4826 1090 4888 propter
1130 4815 1492 4871 invidentiam
1529 4817 1583 4872 in
1627 4827 1834 4874 terram
1894 4835 2022 4879 cor-

440 4911 571 4978 ruit,
592 4910 782 4964 eodem
816 4923 920 4962 nos
948 4906 1157 4977 disjieit
1191 4905 1321 4960 telo.

508 5003 668 5074 45],
690 5000 1093 5071 ΕῙιιδςίεηι-Ιιοηι.
1115 4998 1270 5066 Quod
1307 4999 1442 5056 Deus
1465 5016 1572 5056 non
1599 5003 1669 5056 sit
1699 5013 1886 5060 auctor
1910 5022 2027 5059 ma-

442 5095 500 5149 li.
532 5122 601 5133 --
648 5091 933 5147 Undenam
969 5091 1232 5148 diabolus
1264 5091 1444 5147 malus
1471 5091 1597 5148 est?
1627 5109 1691 5148 ex
1729 5109 1830 5149 sua
1861 5096 2026 5166 plane

443 5185 620 5254 ipsius
637 5183 940 5239 voluntate.
962 5182 1217 5238 Liberam
1237 5182 1386 5239 enim
1416 5185 1760 5241 voluntatem
1786 5185 2022 5254 habens,

442 5277 715 5345 sitamque
755 5274 808 5329 in
863 5289 924 5330 se
971 5282 1324 5345 potestatem,
1391 5275 1476 5331 vel
1527 5275 1846 5333 adhaarendi
1887 5279 2023 5346 Deo,

441 5367 590 5422 vela
625 5368 771 5420 bono
809 5364 1180 5420 desciscendi.
1225 5363 1452 5420 Gabriel
1499 5366 1729 5437 angelus
1777 5379 1920 5438 erat,
1961 5385 2028 5426 ac

445 5455 557 5512 Deo
591 5473 810 5527 semper
836 5457 1052 5521 astitit;
1085 5456 1316 5527 angelus
1345 5466 1464 5513 erat
1493 5455 1757 5528 Satanas,
1789 5470 1846 5517 et
1868 5477 1896 5516 a
1923 5477 2026 5518 suo

442 5545 642 5600 ordine
681 5560 923 5615 prorsus
975 5545 1210 5603 excidit.
1267 5546 1466 5616 Atque,
1521 5554 1582 5602 ut
1635 5547 1788 5604 illum
1825 5552 2027 5608 mentis

446 5634 698 5690 inductio
722 5636 776 5690 in
811 5635 1072 5705 supernis
1107 5635 1480 5701 conservavit,
1509 5636 1591 5691 sic
1630 5637 1777 5693 hunc
1807 5656 2028 5710 quoque

443 5727 750 5812 voluntatis
779 5729 1006 5818 libertas
1053 5728 1388 5801 praecipitem
1428 5746 1458 5786 e
1493 5730 1648 5788 cmlis
1684 5724 2022 5789 cxt‘hbavit.

2206 4544 2296 4597 Ἐν
2320 4543 2400 4614 τῷ
2420 4544 2520 4614 τῆς
2582 4544 2885 4614 βασκανίας
2925 4544 3076 4616 ὅπλῳ
3113 4545 3223 4599 ἀπὸ
3260 4546 3572 4617 καταϐολῆς
3623 4548 3721 4600 κό-

2126 4652 2289 4706 σμου,
2350 4635 2516 4706 μέχρι
2542 4635 2856 4699 συντελείας
2900 4636 3120 4700 αἰῶνος,
3161 4637 3373 4702 πάντας
3418 4639 3722 4709 τιτρώσκει

2123 4727 2218 4783 καὶ
2247 4727 2580 4781 καταϐάλλει
2605 4729 2632 4782 ὁ
2666 4728 2888 4795 λυμεὼν
2927 4729 3030 4800 τῆς
3070 4729 3222 4800 ζωῆς
3251 4730 3411 4801 ήμῶν
3440 4731 3724 4798 διάϐολος,

2125 4821 2219 4874 καὶ
2238 4821 2264 4875 6
2285 4821 2494 4892 χαίρων
2509 4824 2575 4892 τῇ
2601 4821 2870 4893 ἀπωλείᾳ.
2889 4823 2948 4875 Ὀ
2975 4823 3306 4877 καταπεσὼν
3337 4824 3428 4877 διὰ
3463 4822 3561 4876 τοῦ
3587 4825 3719 4894 φθό-

2125 4930 2237 4979 νου,
2257 4913 2349 4967 καὶ
2371 4914 2520 4985 ἡμᾶς
2545 4913 2726 4984 ἑαυτῷ
2753 4913 2842 4968 διὰ
2864 4913 2958 4968 τοῦ
2990 4914 3107 4968 ἴσου
3134 4916 3302 4970 ὅπλου
3329 4915 3718 4971 καταϐάλλων.

2195 5005 2369 5061 Πόθεν
2413 5006 2652 5077 πονηρὸς
2675 5008 2704 5060 6
2731 5007 3010 5074 διάϐολος;
3053 5009 3118 5062 ἐκ
3148 5012 3250 5080 τῆς
3284 5009 3495 5074 οἰκείας
3521 5026 3720 5081 προαιο

2128 5099 2352 5170 ρέσεως.
2409 5098 2746 5170 Αὒθαίρετον
2785 5098 2896 5171 γάρ
2923 5099 3062 5171 ἔχων
3117 5101 3218 5171 τὴν
3275 5101 3444 5172 ζωὴν,
3490 5103 3588 5156 καὶ
3628 5102 3718 5155 ἐπ’

2125 5189 2276 5262 αὐτῷ
2301 5193 2563 5264 κειμένην
2584 5193 2684 5261 τὴν
2709 5191 2982 5258 ἐξουσίαν,
3012 5193 3045 5263 ἢ
3089 5193 3436 5264 παραμένειν
3465 5193 3545 5264 τῷ
3572 5192 3713 5264 Θεῷ,

2127 5285 2159 5355 ἢ
2191 5285 2623 5357 ἀλλοτριωθῆναι
2665 5285 2760 5339 τοῦ
2797 5285 3027 5356 ἀγαθοῦ,
3070 5285 3314 5358 Γαϐριὴλ
3338 5285 3587 5355 ἄγγελος,
3623 5288 3718 5339 καὶ

2128 5377 2446 5446 παρέστηκε
2489 5375 2569 5446 τῷ
2609 5376 2729 5447 Θεῷ
2771 5377 3037 5448 διηνεκῶς
3063 5417 3078 5441 ,
3117 5377 3146 5430 6
3179 5378 3428 5441 Σατανᾶς
3454 5377 3716 5446 ἄγγελος.

2127 5468 2222 5521 καὶ
2251 5466 2477 5532 ἐξέπεσε
2534 5469 2634 5539 τῆς
2686 5469 2895 5532 οἰκείας
2946 5470 3176 5536 τάξεως.
3219 5470 3491 5523 Κάκεῖνον
3546 5469 3647 5540 μὲν
3681 5470 3717 5539 ἡ

2129 5559 2450 5629 προαίρεσις
2492 5558 2784 5628 διεφύλαξε
2839 5563 2955 5625 τοῖς
3006 5561 3141 5625 ἄνω,
3191 5560 3286 5614 καὶ
3324 5559 3517 5615 τοῦτον
3580 5577 3716 5614 κατ-

2131 5647 2324 5718 έρῤιψε
2363 5649 2460 5719 τῆς
2519 5649 2746 5720 γνώμης
2778 5651 2838 5704 τὸ
2875 5650 3247 5717 αὐτεξούσιον.
3296 5649 3560 5704 Ἢδύνατο
3606 5650 3716 5719 γὰρ

2131 5741 2379 5804 κάκεῖνος
2444 5741 2767 5812 ἀποστῆναι,
2805 5743 2898 5797 καὶ
2927 5737 3082 5808 οὗτος
3123 5742 3198 5814 μὴ
3231 5743 3486 5797 ἐκπεσεῖν
3522 5759 3534 5773 ·
3582 5741 3714 5813 ἀ).λρ
