3960 6394
247 448 383 517 1409

1503 442 1738 502 saeua
1775 443 2218 522 PARAILELA

3367 461 3502 530 1410

246 566 339 620 τὸν
378 563 475 635 μὲν
505 559 804 614 διεσώσατο
857 559 955 628 τῆς
990 555 1215 626 ἀγάπης
1249 557 1346 609 τοῦ
1374 556 1512 609 Θεοῦ
1543 556 1604 608 τὸ
1628 557 1820 626 ἀκόρε-

1933 558 2156 614 Poterat
2187 561 2334 614 enim
2369 567 2422 615 et
2450 561 2540 616 ille
2572 577 2599 616 a
2633 565 2740 620 Deo
2771 565 3106 635 desciscere,
3155 578 3211 625 et
3262 571 3351 628 hic
3395 594 3503 632 non

249 674 398 723 στον,
425 653 514 707 τὸν
541 652 598 706 δὲ
629 651 936 722 ἀπόϐλητον
979 648 1176 713 ἔδειξεν
1213 649 1246 719 ἡ
1276 649 1340 702 ἐκ
1379 647 1516 702 Θεοῦ
1539 647 1827 720 ἀναχώρη-

249 765 358 813 σις.

315 920 490 974 Πόθεν
531 914 627 973 οὖν
659 919 810 989 αὐτῷ
838 919 868 972 ὁ
897 919 1036 991 πρὸς
1081 919 1229 989 ἡμᾶς
1279 918 1516 988 πόλεμος
1543 935 1558 984 ;
1586 918 1707 972 ’Ότι
1741 918 1822 972 δο-

244 1015 392 1083 χεῖον
416 1013 476 1068 ὃν
515 1013 702 1081 πάσης
755 1011 976 1074 κακίας,
1009 1009 1230 1075 ἐδέξατο
1261 1010 1477 1082 καὶιτοῦ
1503 1004 1700 1080 φθόνου
1727 1011 1826 1082 τὴν

245 1106 424 1167 νόσον,
461 1104 558 1157 καὶ
585 1103 890 1174 ὲϐάσκηνεν
918 1105 1053 1172 ἡμῖν
1089 1103 1188 1171 τῆς
1219 1103 1403 1173 τιμῆς.
1431 1103 1506 1154 Οὐ
1536 1103 1646 1172 γάρ
1665 1103 1828 1171 ἤνεγ-

245 1214 307 1250 κε
341 1198 445 1266 τὴν
472 1196 682 1249 ἄλυπον
736 1195 893 1265 ἡμῶν
954 1194 1098 1265 ζωὴν
1130 1194 1229 1265 τὴν
1263 1196 1320 1248 ὲν
1345 1194 1421 1263 τῷ
1485 1194 1824 1265 παραδείσῳ,

241 1289 415 1350 δόλοις
431 1287 488 1338 δὲ
501 1287 594 1339 καὶ
621 1286 839 1357 μηχανή
849 1302 1012 1355 μασιν
1041 1285 1393 1355 ἐξαπατήσας
1410 1283 1498 1336 τὸν
1516 1283 1613 1337 άνθ
1623 1300 1824 1353 ρωπον,

243 1378 335 1431 καὶ
365 1376 467 1447 τὴν
499 1375 798 1446 ἐπιθυμίαν
821 1375 985 1429 αὐτοῦ
1009 1376 1076 1444 ἢν
1107 1374 1265 1444 ἔσχεν
1303 1374 1436 1445 πρὸς
1463 1374 1524 1427 τὸ
1557 1373 1827 1443 ὁμοιωθῆ-

241 1486 330 1523 ναι
359 1467 503 1538 Θεῷ,
535 1467 708 1540 ταύτῃ
752 1467 890 1538 πρὸς
946 1466 1047 1536 τὴν
1098 1466 1314 1537 ἀπάτην
1342 1464 1824 1536 ἀποχρησάμενος,

241 1559 412 1624 ἔδειξε
451 1558 512 1612 τδ
545 1557 724 1623 ξύλον,
771 1557 868 1610 καὶ
909 1556 1272 1627 ἐπηγγείλατο
1325 1557 1413 1610 διὰ
1444 1558 1542 1628 τῆς
1568 1557 1826 1629 βρώσεως

242 1651 408 1707 αὑτοῦ
441 1651 630 1722 ὅμοιον
655 1649 775 1719 Θεῷ
817 1650 1205 1720 καταστήσειν.
1263 1649 1399 1702 Ἐὰν
1423 1648 1532 1718 γὰρ
1572 1649 1821 1720 φάγητε,

193 1809 197 1812 ,
247 1745 440 1816 φησὶν,
473 1744 692 1798 ἔσεσθε
729 1742 811 1806 ὡς
843 1741 989 1805 θεοί,
1050 1741 1452 1810 γινώσκοντες
1490 1743 1684 1796 καλὸν
1725 1741 1827 1796 καὶ

245 1836 540 1906 πονηρόν.
569 1835 685 1888 Οὐκ
740 1832 932 1903 ἐχθρὸς
988 1835 1168 1886 τοίνυν
1215 1835 1348 1903 ἡμῖν
1383 1832 1821 1904 κατεσκευάσθη,

238 1928 357 1981 ἀλλ’
393 1929 463 1982 ὲκ
506 1927 840 1998 ζηλοτυπίας
881 1928 1012 1996 ἡμῖν
1047 1927 1126 1989 εἰς
1177 1925 1379 1995 ἔχθραν
1430 1924 1823 1994 ἀντικατέστη.
1859 1907 1899 1962 Β

252 2019 430 2088 Ὀρῶν
461 2019 569 2090 γὰρ
601 2018 795 2071 ἑαυτὸν
824 2018 887 2072 ὲκ
909 2018 1016 2070 τῶν
1063 2016 1313 2085 ἀγγέλων
1379 2013 1665 2084 ριφθέντα,
1720 2016 1821 2068 οὐκ

237 2112 405 2180 ἔφερε
429 2111 650 2181 βλέπειν
678 2110 768 2164 τὸν
793 2111 978 2181 γήϊνον
1018 2118 1096 2173 είς
1118 2109 1217 2178 τὴν
1250 2108 1408 2172 ἀξίαν
1436 2106 1545 2160 τῶν
1575 2107 1823 2174 ἀγγέλων

236 2204 322 2258 διὰ
381 2203 675 2274 προκοπῆς
727 2203 1124 2272 ἀνυψούμενον.
1186 2200 1406 2270 Ἐπειδὴ
1464 2194 1557 2252 οὖν
1599 2200 1821 2266 γέγονεν

239 2295 437 2367 ἐχθρὸς
471 2295 648 2365 ἡμῶν,
685 2294 953 2364 ἐφύλαξεν
980 2295 1112 2364 ἡμῖν
1134 2293 1162 2344 ὁ
1186 2291 1318 2354 Θεὸς
1353 2290 1450 2361 τὴν
1482 2289 1620 2360 πρὸς
1656 2289 1820 2343 αὑτὸν

237 2386 584 2451 ἐναντίωσιν,
606 2385 674 2438 δι’
689 2385 758 2456 ήν
782 2383 862 2454 τῷ
882 2381 1359 2452 ὑπηρετησαμένῳ
1385 2377 1534 2446 αὐτῷ
1549 2376 1819 2444 διελέγετο

238 2477 375 2547 πρὸς
407 2478 570 2530 αὐτὸν
615 2476 712 2548 τὴν
745 2475 998 2546 ἀπειλὴν,
1032 2475 1114 2526 ὅτι
1148 2474 1413 2541 Ἕχθραν
1464 2471 1631 2536 θήσω
1676 2469 1820 2523 ἀνα-

237 2563 434 2631 μέσον
449 2578 586 2630 σου,
619 2564 718 2617 καὶ
745 2564 1056 2632 ἁναμέσον
1088 2559 1194 2614 τοῦ
1231 2559 1575 2629 σπέρματος
1606 2557 1817 2625 αὐτῆς.

1929 651 2181 706 excidere
2219 670 2230 704 :
2272 659 2326 704 at
2357 652 2512 706 illum
2540 656 2757 724 quidem
2793 659 3142 730 inexplebilis
3167 679 3296 734 erga
3332 664 3504 720 Deum
3569 681 3574 712 ξ

1928 741 2176 796 charitas
2199 745 2546 798 conservavit
2578 763 2592 810 ;
2628 747 2757 802 huic
2785 763 2914 804 vero
2955 767 3150 808 rursus
3185 758 3428 812 secessio
3473 773 3506 811 a

1929 831 2040 887 Deo
2072 833 2176 888 hoc
2202 835 2409 898 attulit,
2441 843 2501 889 ut
2530 837 2850 907 cjiceretur.

1998 923 2190 994 Ejusd.
2214 928 2344 980 ibid.
2382 956 2450 967 --
2472 928 2610 995 Quid
2639 946 2824 987 causai
2855 933 3020 1004 igitur
3051 944 3134 992 est
3162 953 3261 993 cur
3281 941 3503 996 diabolu

1927 1014 2042 1068 lum
2073 1017 2364 1074 adversum
2400 1035 2502 1075 nos
2548 1023 2893 1092 susceperit?
2938 1025 3101 1091 Quia,
3147 1045 3271 1084 cum
3320 1033 3504 1089 omnis

1927 1105 2245 1164 vitiositatis
2291 1113 2750 1181 conceptaculum
2824 1125 2990 1178 esset.
3045 1119 3236 1176 liroris
3284 1137 3507 1191 quoque

1927 1198 2184 1253 morbum
2216 1205 2455 1272 excepit,
2492 1213 2546 1260 et
2591 1213 2842 1260 nostrum
2878 1208 3040 1264 nobis
3073 1209 3333 1267 honorem
3362 1213 3505 1268 inri-

1929 1287 2025 1341 dit.
2068 1287 2254 1359 Neque
2299 1293 2445 1346 enim
2486 1303 2735 1350 nostram
2778 1298 2831 1351 in
2869 1299 3130 1368 paradiso
3163 1304 3332 1357 vitam
3385 1321 3506 1360 mo-

1927 1377 2099 1435 lestiae
2133 1382 2316 1437 omnis
2348 1392 2629 1454 expertem
2677 1385 2825 1443 ferre
2871 1392 3047 1458 potuit
3089 1407 3105 1446 :
3139 1409 3334 1448 verum
3361 1396 3506 1452 dolis

1926 1479 1980 1525 et
2004 1471 2165 1526 malis
2205 1474 2419 1531 artibus
2461 1475 2738 1533 hominem
2798 1480 3108 1539 luditicatus
3141 1493 3248 1550 est,
3296 1502 3508 1558 suaque

1926 1559 2016 1614 illa
2049 1561 2377 1631 cupiditate,
2405 1582 2512 1636 qua
2545 1565 2657 1624 Deo
2685 1568 2805 1623 ﬁeri
2839 1571 3076 1627 similem
3100 1577 3508 1644 expetebat,ad

1927 1648 2174 1705 fraudem
2226 1654 2525 1723 abutendo,
2570 1657 2778 1729 lignum
2827 1665 3180 1731 monstravit,
3221 1682 3390 1736 seque
3431 1669 3506 1723 fa-

1927 1747 2145 1796 cturum
2179 1745 2462 1814 pollicitus
2497 1758 2582 1804 est
2633 1759 2712 1814 ut,
2757 1751 2803 1808 si
2845 1768 2911 1808 ex
2949 1768 3017 1808 eo
3052 1755 3264 1824 ederet,
3297 1757 3389 1814 Dei
3427 1748 3513 1816 si:

1928 1831 2296 1890 militudinem
2345 1838 2766 1908 adipisceretur.
2826 1841 2886 1897 Si
2940 1845 3085 1900 enim
3145 1850 3502 1916 comederitis,

1927 1921 2130 1993 inquit,
2183 1928 2333 1982 eritis
2365 1930 2503 1984 sicut
2555 1932 2656 1995 dii,
2691 1933 2915 1988 scientes
2952 1933 3144 1990 bonum
3202 1946 3254 1992 et
3301 1940 3505 1994 malum

1931 2013 2084 2082 (Gen.
2119 2032 2202 2081 nt,
2239 2019 2313 2091 5).
2358 2019 2631 2086 Quocirca
2679 2039 2785 2078 non
2837 2025 2999 2082 nobis
3034 2026 3212 2084 hostis
3245 2031 3506 2088 conditus

1927 2114 2035 2172 est,
2069 2108 2164 2163 sed
2209 2125 2276 2166 ex
2319 2111 2620 2169 invidentia
2666 2118 2722 2169 in
2767 2115 2954 2170 odium
3007 2120 3182 2174 nostri
3229 2123 3503 2191 prorupit.

1925 2192 2062 2248 Nam
2090 2211 2213 2250 cum
2243 2213 2303 2254 se
2325 2199 2394 2254 ab
2421 2202 2736 2270 angelorum
2767 2204 2942 2260 classe
2969 2205 3206 2274 ejectum
3242 2209 3357 2278 ipsc
3380 2225 3510 2264 cer-

1928 2295 2106 2357 neret,
2140 2304 2265 2345 eum
2297 2293 2389 2361 qui
2425 2301 2686 2350 terrenus
2711 2305 2857 2352 esset
2885 2296 2952 2351 ad
2985 2300 3302 2369 angelorum
3332 2301 3514 2372 digni-

1927 2386 2379 2438 tatem-evectum
2409 2385 2600 2442 videre
2633 2401 2741 2442 non
2767 2397 3010 2458 poterat.
3036 2391 3306 2455 Quoniam
3340 2393 3508 2463 igitur

1927 2469 2104 2528 hostis
2149 2485 2340 2532 noster
2377 2477 2609 2535 etl‘ectus
2645 2487 2754 2546 est,
2807 2477 3018 2536 idcirco
3054 2482 3199 2538 Deus
3235 2483 3341 2538 hoc
3371 2484 3514 2553 egit,

1929 2569 1990 2615 ut
2015 2562 2137 2632 ejus
2170 2565 2473 2622 adversarii
2505 2583 2794 2638 essemus;
2847 2571 2977 2626 dum
3012 2572 3248 2628 bestiam
3278 2590 3401 2645 quae
3427 2576 3507 2637 illi

237 2669 464 2725 operam
523 2663 844 2722 navaverat,
875 2651 1285 2718 connninando,
1317 2650 1398 2708 sic
1425 2648 1580 2704 illum
1606 2646 1877 2706 allocutus
1912 2659 1997 2706 est
2042 2667 2055 2703 :
2109 2653 2431 2712 Inimicitias
2499 2675 2694 2728 ponam
2750 2661 2888 2715 inter
2936 2671 3005 2727 te,
3047 2672 3097 2716 et
3149 2665 3284 2718 inter
3331 2681 3519 2755 semen,

235 2752 348 2820 ejus
384 2749 552 2821 (Ibid.
585 2751 697 2820 15).

315 2847 543 2918 Ἐπειδὴ
569 2846 791 2915 γέγονεν
821 2845 1135 2916 ἀποστάτης
1153 2845 1181 2897 ὁ
1204 2843 1472 2909 διάϐολος,
1499 2840 1692 2913 ὲχθρδς
1719 2843 1818 2912 μὲν

232 2939 373 2994 Θεοῦ
395 2981 412 3005 ,
441 2940 636 3011 ἐχθρὸς
670 2938 728 2992 δὲ
759 2938 869 2992 τῶν
912 2936 1239 3008 ἀνθρώπων,
1293 2935 1402 2989 τῶν
1456 2935 1578 2988 κατ’
1634 2932 1821 2986 εἰκόνα

233 3030 370 3083 Θεοῦ
428 3028 838 3099 γεγενημένων,
893 3027 983 3081 διὰ
1031 3027 1191 3080 τοῦτό
1250 3029 1368 3080 ἐστι
1412 3025 1818 3096 μισάνθρωπος’

1999 2837 2233 2892 Ibid.—
2255 2839 2530 2908 Quoniam
2568 2843 2822 2900 diabolus
2852 2846 3055 2902 defecit
3082 2848 3504 2920 rebellavitque,
3525 2869 3542 2892 ι

1927 2942 1990 2984 ac
2023 2944 2148 2985 cum
2175 2930 2296 2999 Dei,
2327 2943 2439 2988 tum
2466 2937 2626 2989 etiam
2653 2937 2958 3004 hominum,
2981 2939 3076 3009 qui
3109 2939 3177 2994 ad
3209 2940 3503 3012 imaginem

1933 3019 2023 3076 Dei
2049 3022 2262 3079 conditi
2295 3034 2448 3093 sunt,
2483 3027 2693 3082 hostem
2725 3043 2784 3083 se
2813 3029 3108 3098 professus
3142 3039 3246 3096 est,
3277 3032 3349 3086 ob
3383 3047 3506 3087 eam

233 3124 377 3176 διότι
405 3112 500 3174 καὶ
531 3120 823 3190 θεομάχος,
853 3119 947 3172 καὶ
975 3121 1124 3190 μισεῖ
1148 3119 1298 3189 ἡμᾶς
1325 3117 1401 3180 ὡς
1425 3116 1700 3186 κτίσματα
1724 3112 1820 3166 τοῦ

1932 3125 2150 3168 causam
2176 3114 2429 3172 homines
2455 3117 2596 3183 odit,
2632 3122 2762 3187 quia
2799 3119 2890 3176 Dei
2921 3137 3146 3193 quoque
3175 3132 3260 3178 est
3289 3124 3504 3190 hostis;

237 3209 540 3274 Δεσπότου,
584 3211 680 3262 καὶ
711 3208 786 3272 ὡς
814 3208 1069 3278 ὁμοίωμα
1113 3205 1283 3259 Θεοῦ·
1311 3205 1405 3259 καὶ
1447 3203 1820 3310 συνεχρήσατο

1932 3215 2142 3272 nosque
2167 3218 2269 3260 ceu
2301 3205 2518 3261 Domini
2556 3217 2868 3276 creaturas,
2898 3213 3062 3282 cujus
3100 3223 3154 3270 et
3181 3216 3504 3272 similitudi-

235 3298 408 3353 αὐτοῦ
443 3300 512 3368 τῇ
546 3297 779 3368 πονηρίᾳ
802 3297 879 3360 εἰς
911 3297 1214 3367 γυμνάσιον
1245 3295 1355 3348 τῶν
1403 3295 1691 3366 ἡμετέρων
1713 3294 1820 3362 ψυ-

1932 3308 2048 3348 uem
2075 3308 2356 3364 geramus,
2387 3295 2588 3354 infesto
2626 3299 2753 3354 odio
2783 3301 3110 3359 insectatur.
3149 3304 3293 3362 Deus
3316 3323 3508 3376 porro,

238 3391 354 3462 χῶν
377 3394 406 3444 ὁ
431 3390 611 3458 σοφῶς
635 3390 728 3443 καὶ
780 3387 1166 3460 προνοητικῶς,
1195 3387 1496 3458 οἰκονομῶν
1518 3386 1589 3439 τά
1610 3384 1821 3456 ἀνθρώ-

239 3502 394 3549 πινα,
422 3483 614 3553 ὥσπερ
649 3480 832 3552 ἰατρὸς
854 3481 945 3534 τὸν
971 3480 1070 3550 τῆς
1098 3479 1312 3548 ἐχίδνης
1366 3478 1444 3532 ίὸν
1504 3478 1584 3542 είς
1640 3493 1820 3548 σωτη-

242 3576 381 3646 ρίων
438 3571 753 3644 φαρμάκων
795 3570 1141 3641 κατασκευὴν
1194 3566 1822 3639 ἀποχρώμενος.ξΣάτᾶν

240 3669 338 3738 μὲν
360 3662 456 3721 οὖν
483 3666 726 3734 λέγεται,
760 3663 850 3719 διὰ
871 3662 933 3717 τὸ
953 3660 1293 3718 ἀντικεῖσθαι
1315 3660 1393 3731 τῷ
1420 3657 1632 3730 ἀγαθῷ.

304 3953 435 4008 Τῶν
495 3949 1110 4021 ἁγγέλωνὸστασιάσαι
1160 3947 1462 4017 τολμήσας,
1532 3947 1626 3998 καὶ
1679 3944 1820 4012 ὑπὲρ

235 4047 336 4118 τήν
361 4044 519 4108 ἀξίαν
549 4043 800 4114 ἀρθῆναι,
852 4040 1143 4095 κατέναντι
1183 4037 1392 4107 Κυρίου
1449 4035 1822 4104 παντοκράτο-

239 4153 332 4210 ρος
385 4136 786 4207 τραχηλιάσας,
841 4135 936 4188 καὶ
969 4131 1111 4202 ὑπὲρ
1133 4130 1202 4183 τὰ
1223 4129 1361 4198 νέφη
1397 4126 1671 4196 καθέδραν
1697 4127 1820 4177 επι-

237 4231 402 4296 νοῶν,
429 4228 504 4293 ὡς
535 4230 563 4282 ὁ
591 4227 770 4295 λόγος,
796 4226 953 4296 δίκην
1008 4224 1179 4278 ἔδωκε
1209 4221 1311 4290 τῆς
1349 4219 1606 4282 ἀπονοίας
1639 4218 1816 4284 ἀξίαν,

242 4319 437 4381 σκότος
464 4316 584 4371 ἀντὶ
609 4315 790 4384 φωτὸς
822 4309 962 4369 εἶναι
993 4309 1376 4382 κατακριθείς.

241 4652 428 4729 ΤΙΤᾼ.
451 4651 598 4729 καί.
625 4647 768 4729 napi
816 4646 1181 4729 δυσπιᾳτίας
1214 4660 1228 4674 ·
1251 4644 1386 4729 ﬁxa}.
1437 4642 1527 4696 ὅτι
1559 4644 1591 4696 ό
1614 4641 1819 4729 ἐξτξεᾷ·

317 4724 474 4791 λόγῳ
517 4716 680 4789 αἰτίᾳ
706 4716 1184 4784 δυσπιστήσας,
1245 4716 1366 4779 Θεῷ
1407 4716 1819 4784 συγγινώσκει

316 4809 430 4845 ται.

321 4947 339 4980 ι
368 4923 535 4981 Εἶπεν
562 4927 590 4979 ὁ
622 4925 754 4989 Θεὸς
786 4923 864 4995 τῷ
901 4921 1189 4994 Ἀϐραάμ*
1221 4921 1372 4993 Σάρα
1399 4921 1431 4990 ἡ
1454 4918 1592 4989 γυνὴ
1641 4935 1734 4972 σου
1757 4918 1817 4972 οὐ

244 5019 580 5090 κληθήσεται
601 5015 663 5068 τὸ
693 5014 866 5084 ὄνομα
896 5013 1065 5083 αὐτῆς
1092 5011 1263 5081 Σάρα,
1290 5008 1427 5063 ἀλλά
1451 5007 1639 5078 Σάρρα
1667 5006 1820 5060 ἔσται

243 5110 302 5162 τὸ
333 5109 504 5178 ὄνομα
530 5105 718 5175 αὐτῆς.
760 5104 1057 5175 Εὑλογήσω
1082 5102 1140 5155 δὲ
1161 5100 1354 5171 αὐτὴν,
1409 5099 1505 5152 καὶ
1539 5098 1695 5151 δώσω
1739 5115 1819 5151 σοι

244 5199 303 5264 ἐξ
323 5197 494 5267 αὐτῆς
527 5196 738 5257 τέκνον,
771 5193 865 5246 καὶ
904 5192 1185 5262 εὐλογήσω
1227 5189 1412 5254 αὐτὸν,
1447 5186 1543 5242 καὶ
1563 5185 1713 5240 ἔσται
1741 5187 1820 5248 εἰς

244 5291 421 5354 ἔθνος,
466 5289 558 5341 καὶ
606 5285 846 5357 βασιλεῖς
869 5283 927 5350 ἐξ
957 5281 1122 5338 αὐτοῦ
1179 5279 1412 5333 ἔσονται.
1462 5277 1572 5330 Καὶ
1621 5275 1818 5330 ἔπεσεν

259 5379 507 5448 Ἀϐραάμ
568 5377 662 5430 ἐπὶ
723 5376 1038 5446 πρόσωπον,
1097 5371 1190 5426 καὶ
1241 5365 1398 5424 εἷπεν
1425 5369 1483 5420 ὲν
1505 5369 1569 5437 τῇ
1613 5365 1819 5439 διανοίᾳ

246 5469 408 5522 αὐτοῦ
429 5469 603 5537 λέγων
628 5486 640 5498 ·
662 5468 724 5520 Ei
754 5466 832 5537 τῷ
857 5465 1254 5527 ἑκατονταετεῖ,
1287 5464 1382 5518 καὶ
1412 5461 1599 5532 Σάρρα
1628 5462 1820 5530 ἐνενή-

247 5577 409 5612 κοντα
451 5560 589 5613 ὲτῶν
623 5555 757 5611 οὖσα
809 5552 1224 5624 τέξεται;Εῐπε
1254 5555 1310 5608 δὲ
1364 5555 1615 5625 Ἀϐραὰμ
1681 5555 1817 5625 πρὸς

245 5649 335 5700 τὸν
365 5647 498 5702 Θεόν
525 5664 538 5677 ·
585 5647 810 5719 Ἰσμαὴλ
830 5643 989 5711 οὗτος
1011 5646 1236 5718 ζήσεται
1265 5645 1508 5699 ἐναντίον
1537 5662 1650 5699 σου.
1680 5641 1816 5700 Eine

249 5738 305 5790 δὲ
347 5741 374 5792 ὁ
404 5737 540 5803 Θεὸς
585 5721 674 5809 τῷ
718 5738 970 5810 Ἀϐραάμ
1001 5755 1014 5768 ·
1072 5737 1204 5791 Ἰδοὺ
1266 5737 1451 5808 Σάρρα
1478 5739 1512 5808 ἡ
1539 5739 1676 5810 γυνή
1721 5755 1816 5792 σου

249 5828 460 5897 τέξεταί
477 5848 558 5884 σοι
590 5831 724 5899 υἱὸν,
751 5831 847 5885 καὶ
868 5830 1117 5896 καλέσεις
1131 5829 1190 5884 τὸ
1211 5829 1382 5901 ὄνομα
1404 5831 1571 5886 αὐτοῦ
1607 5833 1816 5891 Ἰσαάκ.

1925 3385 2096 3454 utqui
2121 3386 2403 3456 sapienter
2424 3397 2478 3444 et
2501 3391 2726 3459 provide
2751 3407 2840 3448 res
2869 3393 3143 3450 humanas
3165 3396 3503 3464 moderetur,

1923 3474 1991 3529 ad
2042 3475 2361 3532 animorum
2433 3488 2750 3536 nostrorum
2805 3484 3260 3540 exercitationem
3331 3487 3506 3556 ipsius

1926 3563 2205 3635 impietate
2243 3583 2378 3623 usus
2405 3575 2513 3634 est,
2573 3570 2802 3640 perinde
2823 3581 2990 3642 atque
3031 3574 3279 3630 medicus
3299 3577 3519 3652 viperae

1923 3669 2133 3710 veneno
2161 3656 2228 3712 ad
2259 3658 2585 3714 salutarium
2639 3661 3165 3718 medicamentorum
3200 3665 3519 3733 contectiooj

1924 3757 2047 3798 nem
2077 3744 2230 3800 abuti
2265 3746 2426 3805 solet.
2471 3746 2638 3802 Satan
2685 3764 2820 3806 vero
2869 3749 3082 3808 idcirco
3126 3741 3519 3826 nuncupatur;

1923 3832 2071 3901 quod
2102 3833 2248 3890 bono
2275 3837 2594 3894 contrarius
2623 3838 2716 3896 sit.
3515 3833 3520 3838 ’

1991 3945 2050 4003 S.
2077 3945 2293 4021 Gregor.
2331 3950 2474 4007 Naz.
2501 3962 2642 4008 erat.
2671 3953 2748 4010 De
2786 3973 2937 4023 pace.
2971 3990 3037 4000 —
3068 3957 3146 4014 Ex
3179 3964 3520 4032 angelorum‘

1920 4045 2068 4092 coetu
2115 4039 2162 4094 is
2211 4041 2302 4110 qui
2333 4043 2666 4099 seditionem
2710 4061 2934 4102 movere
2964 4063 3136 4105 ausus
3173 4050 3298 4116 fuit,
3335 4069 3507 4123 seque

1920 4143 2089 4199 supra
2129 4129 2452 4201 dignitatem
2497 4148 2656 4188 suam
2715 4134 2932 4198 eﬂ‘erre,
2982 4138 3056 4192 ita
3118 4147 3179 4194 ut
3233 4143 3508 4200 adversus

1917 4220 2354 4290 omnipotentem
2404 4219 2698 4278 Dominum
2733 4225 3070 4295 superbiret,
3103 4237 3158 4284 et
3187 4245 3354 4302 supra
3400 4249 3505 4288 nu-

1919 4309 2038 4377 bes,
2072 4320 2131 4365 ut
2181 4310 2260 4366 ait
2302 4310 2610 4382 Scriptura,
2654 4327 2862 4382 ponere
2904 4315 3167 4373 thronum
3211 4322 3504 4392 cogitaret,

1920 4416 2113 4474 poenas
2160 4403 2478 4475 arrogantia
2518 4418 2619 4460 sua
2653 4405 2849 4476 dignas
2878 4407 3062 4474 dedit;
3106 4409 3208 4466 hoc
3242 4413 3502 4468 nimirum

1923 4494 2203 4566 supplicio
2235 4495 2528 4564 multatus,
2552 4505 2614 4552 ut
2645 4513 2745 4568 pro
2776 4499 2899 4555 luce
2925 4500 3104 4572 caligo
3131 4501 3304 4559 fieret.

1921 4651 2286 4728 '1'!’_l‘._X__XVI.
2318 4640 2389 4696 έ-
2425 4653 2508 4728 De_
2532 4655 2943 4722 incredulitate;
2982 4665 3032 4711 et
3089 4659 3229 4726 quod
3257 4661 3349 4728 qui
3379 4659 3516 4728 pro;

1997 4723 2162 4777 habili
2195 4740 2260 4779 ea:
2289 4740 2454 4779 causa
2478 4724 2588 4780 Deo
2620 4743 2726 4780 non
2757 4729 2939 4781 statim
2997 4723 3188 4792 credit,
3223 4723 3496 4784 ist-eniam

1992 4805 2358 4864 consequatur.

1997 4923 2126 4981 Gen.
2159 4939 2292 4990 xvn,
2341 4923 2531 4983 15-19.
2565 4955 2635 4965 —
2673 4943 2692 4978 ι
2736 4925 2884 4981 Dixit
2924 4925 3192 4985 Dominus
3224 4929 3293 4984 ad
3322 4929 3500 4984 Abra-

1921 5013 2048 5069 ham
2092 5031 2106 5068 :
2143 5014 2282 5070 Sara
2317 5031 2459 5072 uxor
2517 5025 2609 5071 tua
2643 5033 2756 5072 non
2813 5019 3107 5075 vocabitur
3153 5035 3354 5078 nomen
3379 5022 3505 5092 ejus

1922 5103 2083 5170 Sara,
2141 5105 2237 5162 sed
2270 5106 2440 5162 Sarra
2476 5107 2582 5162 erit
2633 5123 2834 5166 nomen
2898 5110 3099 5180 ipsius.
3132 5113 3288 5168 Hanc
3313 5125 3500 5170 autem

1921 5194 2263 5264 benedictum,
2297 5205 2352 5253 ct
2383 5198 2528 5255 dabo
2565 5199 2662 5256 tibi
2695 5215 2762 5256 ex
2786 5215 2850 5256 ea
2871 5199 3066 5267 tilium,
3099 5209 3153 5258 et
3183 5202 3501 5260 benedicain

1923 5286 2106 5354 illum,
2135 5296 2189 5345 et
2217 5289 2322 5345 erit
2353 5289 2408 5345 in
2449 5299 2691 5362 gentem,
2722 5302 2777 5347 et
2809 5307 2969 5362 reges
3023 5309 3089 5350 cx
3140 5293 3263 5365 ipso
3315 5307 3498 5351 erunt.

1923 5376 1989 5433 Et
2042 5380 2244 5436 cecidit
2277 5381 2554 5438 Abraham
2586 5383 2750 5455 452
2781 5385 2836 5438 in
2891 5385 3090 5442 faciem
3123 5402 3305 5454 suam,
3339 5398 3396 5444 ct
3422 5391 3504 5444 ait

1923 5469 1978 5525 in
2015 5480 2201 5528 mente
2219 5487 2323 5544 sua
2347 5473 2543 5530 dicens
2571 5493 2584 5530 :
2621 5474 2678 5529 Si
2715 5477 3058 5544 centenario,
3091 5480 3136 5534 si
3171 5479 3335 5535 Sarra
3359 5497 3500 5552 quo.

1922 5578 2030 5634 que
2059 5568 2432 5636 nonagenaria
2465 5569 2685 5638 pariet?
2722 5569 2867 5624 Dixit
2907 5584 3076 5641 porro
3121 5571 3398 5628 Abraham
3433 5575 3499 5628 ad

1924 5652 2094 5708 Deum
2127 5653 2358 5711 :lsmael
2389 5656 2494 5712 iste
2524 5658 2673 5713 vivat
2700 5674 2887 5714 coram
2920 5671 2995 5715 te.
3046 5659 3112 5713 Et
3147 5660 3222 5714 ait
3255 5659 3402 5717 Deus
3431 5663 3499 5716 ιλιι

1921 5739 2199 5800 Abraham
2234 5761 2246 5798 :
2292 5747 2433 5803 Ecce
2471 5746 2638 5804 Sarra
2670 5765 2810 5806 uxor
2838 5759 2930 5805 tua
2968 5753 3145 5822 pariet
3167 5752 3262 5807 tibi
3299 5752 3495 5812 tilium,

1923 5845 1978 5892 et
2008 5839 2231 5896 vocabis
2263 5854 2462 5923 nomen
2495 5840 2821 5916 ejus_lsaac.
2857 5841 2921 5898 Et
2969 5850 3206 5899 statuam
3271 5849 3495 5910 pactum
