3960 6382
456 438 592 506 1411
1650 423 1710 481 S.
1753 419 2072 483 JOANNIS
2109 416 2544 491 DAMASCENI
3598 415 3729 482 .1412

455 569 638 614 meum
670 551 745 607 illi
777 548 844 628 iu_
865 550 1084 616 pactum
1111 537 1534 610 sempiternum,
1568 544 1628 593 ut
1659 539 1764 594 sim
1788 538 1838 594 ci
1881 536 2048 601 Deus,

2164 533 2267 586 Καὶ
2305 531 2491 600 στήσω
2512 529 2610 628 τὴν
2643 527 2912 598 διαθήκην
2941 543 3044 596 μου
3079 525 3219 598 πρὸς
3272 523 3432 580 αὐτὸν
3451 526 3530 591 είς
3551 528 3728 602 διαθή-

452 659 513 705 et
537 643 736 704 semini
760 621 880 711 ejus
908 642 1032 708 post
1061 648 1212 690 eum.
1257 650 1276 685 ι

2164 639 2254 693 ιην
2282 620 2524 680 αίὼνιον,
2549 615 2688 673 εἶναι
2711 614 2864 686 αὐτῷ
2913 616 3067 680 Θεὸς,
3097 615 3192 669 καὶ
3229 613 3310 686 τῷ
3338 615 3609 687 σπέρματι
3633 621 3727 674 αὺ-

1733 741 1744 748 ~
2147 711 2242 766 τοῦ
2277 713 2397 782 μετ’
2430 711 2616 766 αὐτόν.
2650 728 2668 762 ι
3356 707 3363 714 ”

525 820 612 877 1V
646 817 776 888 Reg.
835 829 934 877 vn,
970 813 1021 879 Ι,
1052 811 1107 864 2.
1153 836 1222 850 -ε-
1261 827 1279 860 ι
1313 805 1461 860 Dixit
1517 802 1739 858 Eliseus
1780 820 1794 856 :
1831 798 2046 870 Duplex

2221 821 2244 855 ι
2280 799 2450 858 Εῐπεν
2496 797 2772 856 Ἑλισαιέ·
2808 799 3076 872 Δίμετρον
3130 797 3332 870 κριθῆς
3383 798 3592 867 σίκλου,
3641 804 3731 859 καὶ

457 925 716 972 mensura
781 908 920 965 siclo
949 905 1076 969 erit,
1108 910 1162 958 et
1205 911 1463 956 mensura
1495 895 1692 952 simila:
1727 892 1868 949 siclo
1933 903 2044 945 uno

2164 894 2350 968 ιέτρον
2408 894 2746 967 σεμιδάλεως
2793 893 2980 948 σίκλου
3043 892 3201 945 ἐσται
3241 891 3375 961 ὡςὴ
3421 891 3540 961 ὥρα
3599 894 3729 966 αὕτη

450 1007 564 1063 erit
592 1005 695 1059 hac
760 1002 882 1070 ipsa
918 1000 1052 1053 hora
1085 992 1329 1050 crastina
1359 989 1448 1044 die
1487 987 1543 1041 in
1574 993 1730 1056 porta
1762 982 2042 1039 Samariae.

2164 986 2340 1057 ιῠριον
2355 988 2430 1041 ἐν.
2447 986 2590 1060 πύλῃ
2610 986 2946 1057 Σαμαρείας.
2970 985 3084 1040 Καὶ
3103 983 3380 1054 άπεκρίθη
3405 985 3434 1036 6
3449 988 3731 1057 τριστάτης

457 1101 524 1156 Ει
549 1094 842 1166 respondit
867 1088 1163 1164 praefectus
1195 1083 1401 1147 Elisco,
1450 1091 1506 1136 ct
1536 1077 1675 1134 dixit
1710 1074 1899 1130 :Ecce
1936 1074 2046 1129 Do-

2164 1077 2229 1148 ιῷ
2273 1076 2535 1143 Ἐλισαιὲ,
2589 1076 2684 1131 mi
2736 1071 2891 1130 εἶπεν
2916 1093 2929 1106 ο
2976 1075 3108 1129 Ἰδοὺ
3150 1073 3360 1146 Κύριος
3407 1077 3553 1127 ποιεῖ
3575 1092 3730 1130 κατα-

456 1193 644 1247 minus
675 1185 846 1242 faciat
894 1187 1210 1238 cataractas
1233 1176 1288 1230 in
1321 1173 1487 1237 coelo,
1519 1185 1634 1225 non
1667 1168 1773 1224 erit
1808 1168 2039 1223 verbum

458 1285 584 1339 hoc.
627 1279 694 1335 Et
732 1279 870 1335 dixit
927 1268 1354 1329 EliseuszEcce
1405 1263 1623 1320 videbis
1656 1259 1838 1316 oculis
1907 1259 2044 1328 tuis,

457 1384 514 1432 et
541 1372 742 1429 exinde
782 1378 1132 1438 nequaquam
1170 1358 1448 1416 comedes.
1485 1374 1505 1408 ο

2164 1352 2244 1408 ιαὶ
2272 1351 2487 1438 ἐκεῖθεν
2503 1351 2564 1405 ού
2592 1352 2668 1422 μὴ
2703 1351 2906 1422 φάγῃς.
2933 1369 2952 1404 ι

531 1465 662 1520 Luc.
699 1473 738 1527 ι,
774 1458 1049 1515 l8-20.—-
1081 1474 1100 1508 ι
1139 1453 1290 1508 Dixit
1309 1450 1603 1506 Zacharias
1627 1449 1698 1505 ad
1735 1445 1991 1520 angelum
2027 1461 2043 1500 :

2221 1463 2246 1496 ι
2275 1437 2411 1496 Εῑπε
2460 1441 2741 1513 Ζαχαρίας
2793 1443 2932 1512 πρὸς
2986 1441 3080 1496 τὸν
3142 1440 3378 1509 ἄγγελον
3407 1454 3422 1470 ο
3479 1439 3636 1494 Κατὰ
3681 1444 3732 1496 τί

461 1554 750 1626 Quomodo
809 1553 914 1607 hoc
973 1546 1190 1606 sciam?
1245 1543 1359 1616 Ego
1411 1543 1560 1598 enim
1608 1555 1732 1598 sum
1771 1553 1962 1604 senex,
1997 1545 2053 1591 et

2164 1533 2434 1604 γνώσομαι
2472 1533 2666 1599 τοῦτο;
2708 1531 2855 1600 Ἐγὼ
2884 1531 3004 1602 γάρ
3041 1532 3156 1602 είμι
3209 1529 3548 1602 πρεσϐύτης,
3594 1532 3733 1603 καὶὴ

461 1621 601 1704 uxor
633 1658 753 1699 mea
789 1639 1061 1714 processit
1095 1636 1148 1692 in
1179 1635 1376 1691 diebus
1408 1633 1551 1689 suis.
1593 1631 1661 1685 Et
1696 1627 2048 1702 respondens

2164 1627 2290 1697 γυνή
2329 1642 2433 1697 μου
2468 1623 2854 1695 προϐεϐηκυῖα
2881 1624 2939 1676 ἐν
2961 1625 3082 1686 ταῖς
3113 1623 3352 1694 ἡμέραις
3407 1621 3601 1692 αὐτῆς.
3635 1623 3736 1678 Kal.

459 1741 689 1812 angelus
718 1709 857 1791 dixit
903 1734 953 1790 ei
990 1750 1004 1787 :
1036 1730 1153 1802 Ego
1184 1744 1308 1785 sum
1341 1725 1591 1794 Gabriel,
1623 1724 1720 1795 qui
1754 1732 1878 1780 asto
1923 1727 2053 1776 ante

2164 1716 2482 1789 ἀποκριθεὶς
2511 1715 2540 1768 6
2576 1714 2832 1785 ἄγγελος,
2885 1709 3044 1768 εἶπεν
3070 1713 3251 1784 αὐτῷ·
3303 1713 3449 1782 Ἑγὼ
3497 1715 3612 1784 είμι
3635 1715 3732 1768 Γα-

461 1805 659 1894 Deum,
691 1838 746 1885 et
800 1829 1002 1883 missus
1056 1839 1179 1880 sum
1239 1820 1390 1892 loqui
1422 1819 1491 1874 ad
1524 1830 1598 1884 te,
1666 1823 1724 1874 et
1779 1817 1900 1871 hanc
1950 1807 2049 1869 tibi

2164 1809 2344 1882 ϐριὴλ,
2363 1810 2392 1862 6
2414 1806 2784 1880 παρεστηκὼς
2807 1805 3040 1860 ἐνώπιον
3066 1805 3163 1859 τοῦ
3185 1805 3343 1871 Θεοῦ,
3379 1805 3480 1859 καὶ
3513 1807 3737 1864 ἀπεστά-

460 1923 860 1995 evange‘lizare.
895 1918 961 1973 Et
990 1913 1265 1973 ccce'eris
1296 1923 1510 1978 tacens,
1542 1919 1598 1966 et
1656 1924 1769 1964 non
1835 1905 2046 1978 poteris

2164 1902 2260 1973 λην
2287 1901 2523 1971 λαλῆσαι
2551 1899 2686 1970 πρὸς
2716 1897 2797 1987 σε,
2827 1898 2924 1953 καὶ
2945 1897 3409 1966 εὐαγγελίσασθαί
3445 1911 3528 1950 σοι
3552 1898 3732 1954 ταῦτα.

459 1988 635 2088 loqui,
668 2029 845 2085 usque
885 2013 940 2067 in
985 2011 1128 2066 diem
1165 2022 1275 2078 quo
1309 2007 1426 2061 haec
1467 2005 1640 2069 ﬁant;
1671 2016 1774 2072 pro
1807 2013 1873 2056 eo
1905 1994 2054 2068 quod

2164 1994 2275 2048 Kal.
2311 1992 2422 2088 ἰδοὺ
2454 1991 2556 2062 ἔσῃ
2614 1989 2858 2052 σιωπῶν,
2919 1991 3016 2045 καὶ
3045 1989 3122 2062 μὴ
3173 1988 3480 2060 δυνάμενος
3526 1988 3737 2061 λαλῆσαι

463 2074 574 2166 non
622 2074 914 2163 credidisti
948 2103 1133 2159 verbis
1166 2074 1326 2163 meis,
1389 2111 1517 2168 qua:
1545 2093 1955 2173 _implebuntur
2001 2090 2059 2144 in

2164 2085 2290 2157 ἄχρι
2316 2078 2386 2157 ἧς
2411 2083 2628 2155 ἡμέρας
2653 2082 2880 2152 γένηται
2903 2081 3078 2137 ταῦτα
3109 2079 3236 2136 ἀνθ’
3261 2074 3337 2136 ὧν
3356 2082 3464 2134 ούκ
3498 2081 3736 2136 ἐπίστευ-

2151 1169 2359 1241 ράκτας
2387 1169 2446 1223 ὲν
2482 1167 2561 1238 τῷ
2591 1166 2830 1239 οὐρανῷ,
2859 1167 2920 1220 οὓ
2957 1164 3034 1237 μὴ
3065 1165 3220 1219 ἐσται
3264 1164 3326 1217 τὸ
3361 1163 3518 1235 ῥῆμα
3561 1165 3728 1222 τοῦτο.

2148 1259 2263 1315 Καὶ
2286 1255 2444 1313 εἶπεν
2499 1258 2736 1313 Ἐλισαιέ
2765 1275 2780 1291 ·
2819 1258 2952 1312 Ἰδοὺ
2975 1258 3106 1328 ὕψει
3152 1258 3265 1321 τοῖς
3297 1255 3597 1326 ὀφθαλμοῖς
3621 1274 3728 1325 σου,

462 2212 712 2274 tempore
742 2213 870 2256 suo.
909 2215 928 2249 ι

535 2375 680 2432 Ibid.
711 2375 804 2438 ⁸54,
831 2371 923 2427 '55.
948 2393 1018 2409 --
1047 2385 1067 2419 ι
1092 2364 1242 2420 Dixit
1275 2354 1463 2418 autem
1497 2357 1670 2414 Maria
1706 2372 1721 2411 :
1750 2352 2042 2422 Quomodo

463 2467 557 2523 [iet
608 2462 777 2528 istud,
807 2459 1073 2532 quoniam
1132 2453 1311 2510 virum
1354 2465 1463 2506 non
1529 2445 1846 2518 cognosco?
1881 2443 1947 2498 Et
1973 2459 2060 2498 re-

461 2551 746 2628 spondens
800 2548 1050 2619 angelus,
1083 2544 1224 2599 dixit
1260 2541 1309 2597 ei
1344 2558 1359 2595 :
1393 2537 1643 2609 Spiritus
1693 2544 1925 2591 sanctus
1960 2549 2059 2588 suo

459 2625 747 2716 perveniet
774 2640 831 2694 in
859 2648 932 2704 te,
956 2643 1011 2692 et
1041 2636 1222 2690 virtus
1239 2630 1516 2688 Altissimi
1545 2625 1910 2686 obumbrabit
1933 2625 2056 2679 tibi.

457 2737 589 2793 ldeo
636 2745 690 2791 et
720 2731 868 2804 quod
912 2736 1173 2800 nascetur
1224 2732 1501 2790 sanctum,
1539 2720 1829 2807 vocabitur
1886 2718 2058 2775 Filius

462 2830 580 2887 Dei.
617 2847 638 2882 ι

531 2920 698 2976 Joan.
735 2933 830 2984 xx,
854 2914 1048 2970 24-29.
1079 2942 1150 2954 -—
1189 2930 1210 2963 ι
1246 2909 1494 2964 Thomas
1539 2914 1733 2963 autem
1793 2917 1940 2960 unus
1988 2919 2058 2959 ea
2093 2894 2098 2901 ’

460 3009 778 3074 duodecim,
813 3007 909 3077 qui
932 3003 1138 3060 dicitur
1167 2999 1464 3072 Didymus,
1523 3012 1636 3052 non
1671 3003 1942 3052 eratcum
1978 2994 2059 3051 eis

462 3100 687 3175 quando
737 3098 892 3154 venit
921 3095 1110 3152 Jesus.
1144 3091 1421 3148 Dixerunt
1454 3104 1590 3159 ergo
1623 3088 1676 3144 ei
1723 3087 1820 3142 alii
1881 3085 2058 3141 disci-

462 3194 582 3266 puli
617 3209 633 3250 :
666 3190 918 3247 Vidimus
963 3187 1282 3242 Dominum.
1341 3185 1468 3254 Ipse
1523 3188 1711 3237 autem
1745 3180 1893 3235 dixit
1923 3180 2004 3235 eis
2039 3194 2054 3231 :

2165 2195 2266 2243 σας
2321 2180 2436 2240 τοῖς
2500 2176 2678 2244 λόγοις
2746 2192 2872 2246 μου,
2920 2174 3119 2239 οἵτινες
3171 2173 3628 2246 πληρωθήσονται
3662 2166 3738 2243 είς

2158 2269 2254 2322 τὸν
2278 2266 2469 2338 καιρὸν
2488 2265 2688 2320 αὐτῶν.
2735 2282 2755 2318 ι
3365 2281 3368 2284 ί

2237 2378 2257 2411 ι
2296 2354 2433 2412 Eine
2470 2357 2708 2430 Μαριὰμ
2761 2356 2902 2428 πρὸς
2946 2354 3040 2410 τὸν
3088 2355 3321 2426 ἄγγελον
3354 2369 3371 2388 ⁸
3421 2356 3552 2420 Πῶς
3598 2356 3741 2411 ἔσται

2165 2451 2458 2524 μοιτοῦτο,
2487 2450 2612 2504 ἐπεὶ
2659 2449 2831 2521 ἄνδρα
2869 2449 2931 2502 οὐ
2959 2446 3258 2517 γινώσκω;
3293 2447 3406 2502 Καὶ
3437 2449 3741 2520 ἀποκριθεὶς

2162 2547 2191 2599 6
2221 2544 2452 2615 ἄγγελος
2506 2538 2662 2597 εἷπεν
2710 2542 2883 2612 αὐτῇ·
2915 2538 3147 2609 Πνεῦμα
3204 2538 3360 2608 ἅγιον
3394 2539 3742 2595 ἐπελεύσεται

2163 2634 2260 2690 ἐπὶ
2292 2636 2375 2702 σὲ,
2433 2634 2530 2690 καὶ
2585 2631 2815 2705 δύναμις
2854 2631 3114 2702 Ὑψίστου
3161 2633 3483 2687 ἐπισκιάσει
3518 2649 3618 2687 σοι.
3662 2631 3743 2685 Διὸ

2162 2728 2332 2784 καιτδ
2353 2725 2695 2798 γεννώμενον
2727 2726 2882 2795 ἆγιον
2906 2723 3242 2796 κληθήσεται
3275 2724 3399 2788 Υἱὸς
3421 2723 3582 2780 Θεοῦ.
3620 2743 3644 2777 ο

2225 2896 2439 2968 Θωμᾶς
2466 2896 2524 2950 δὲ
2550 2891 2633 2960 εἷς
2667 2895 2732 2951 ἐκ
2761 2895 2872 2952 τῶν
2933 2897 3144 2952 δώδεκα
3164 2937 3179 2962 ,
3208 2900 3237 2953 ὁ
3265 2897 3568 2970 λεγόμενος
3603 2901 3742 2956 Δίδυ-

2165 3005 2288 3060 μος,
2309 2989 2412 3041 οὐκ
2440 2983 2510 3058 ἦν
2537 2986 2654 3058 μετ’
2685 2986 2867 3041 αὐτῶν
2895 2988 2981 3042 ὅτε
3005 2984 3172 3060 ἦλθεν
3199 2991 3227 3043 6
3259 2989 3500 3060 Ἰησοῦς.
3537 2991 3745 3061 Ἔλεγον

2163 3076 2254 3135 οῦν
2279 3079 2428 3150 αὑτῷ
2461 3080 2511 3132 οί
2531 3079 2683 3133 ἄλλοι
2713 3079 2990 3152 μαθηταί·
3025 3080 3388 3154 Ἑωράκαμεν
3409 3081 3514 3136 τῦν
3535 3083 3742 3154 Κύριον.

2175 3172 2234 3227 '0
2255 3172 2313 3226 δὲ
2337 3168 2491 3226 εἶπεν
2527 3171 2712 3235 αὐτοῖς
2740 3187 2756 3205 ·
2808 3172 2936 3227 Ἐὰν
2977 3171 3056 3244 μὴ
3088 3172 3184 3227 ἴδω
3214 3175 3272 3227 ἐν
3293 3176 3418 3238 ταῖς
3448 3175 3634 3246 χερσὶν
3660 3177 3748 3231 αὒ-

460 3243 584 3342 i‘tlsi
630 3284 817 3340 videro
843 3282 900 3337 in
940 3277 1197 3334 manibus
1227 3243 1617 3346 ejus-signum
1657 3272 1970 3337 clavorum,
1997 3279 2054 3327 ct

2164 3264 2258 3320 τοῦ
2293 3267 2388 3319 τὸν
2444 3263 2613 3319 τύπον
2660 3263 2770 3319 τῶν
2798 3243 3100 3334 illuminat
3140 3264 3290 3335 βάλω
3341 3243 3743 3322 τὸννδάκτυλόν

461 3379 679 3434 mittam
709 3387 932 3429 manum
966 3384 1143 3427 meam
1180 3369 1238 3422 in
1276 3368 1422 3423 latus
1459 3365 1612 3436 ejus,
1654 3379 1763 3420 non
1805 3363 2055 3419 credam.

461 3465 532 3521 Et
567 3472 694 3536 post
720 3462 838 3518 dies
867 3468 1016 3527 octo,
1055 3459 1263 3514 iterum
1309 3463 1470 3513 erant
1507 3455 1772 3526 discipuli
1827 3455 1948 3526 ejus
1974 3455 2060 3508 iu-

460 3565 574 3624 tus,
605 3565 662 3613 et
715 3556 956 3610 Thomas
984 3567 1110 3608 cum
1145 3552 1246 3606 eis.
1276 3547 1442 3605 Venit
1471 3547 1638 3604 Iesus
1663 3547 1858 3618 jauuis
1889 3547 2045 3602 clau-

464 3652 569 3716 sis,
589 3657 645 3706 et
660 3648 812 3704 stetit
843 3646 900 3699 in
931 3643 1138 3708 medio,
1171 3650 1226 3698 et
1253 3640 1396 3695 dixit
1428 3654 1443 3692 :
1477 3637 1594 3693 Pax
1637 3639 1818 3694 vobis.
1849 3637 2064 3692 Deinde

466 3741 602 3798 dicit
663 3738 891 3792 Thomas
926 3751 941 3788 :
977 3730 1131 3787 Mitte
1155 3732 1390 3802 digitum
1438 3736 1596 3785 tuum
1657 3729 1788 3794 huc,
1826 3737 1882 3784 et
1935 3728 2064 3784 vide

466 3845 670 3888 manus
725 3841 899 3891 meas,
937 3822 1148 3880 etall‘er
1189 3835 1414 3876 manum
1464 3829 1621 3874 tuam
1665 3837 1680 3875 :
1718 3826 1773 3876 et
1805 3819 1965 3876 mitte
2008 3821 2062 3874 in

469 3925 619 3979 latus
648 3933 867 3986 meum;
900 3926 954 3972 et
984 3914 1096 3971 noli
1130 3929 1255 3970 esse
1291 3911 1644 3976 incredulus,
1696 3910 1794 3968 sed
1859 3911 2060 3967 ﬁdelis.

407 4076 412 4080 ,
470 4013 540 4070 Ει
566 4009 850 4083 respondit
895 4007 1166 4071 Thomas,
1203 4011 1260 4060 et
1295 4003 1433 4058 dixit
1464 4002 1515 4058 ei
1551 4018 1566 4056 :
1598 4000 1872 4060 Dominus
1903 4017 2062 4060 meus

468 4118 524 4167 et
572 4109 720 4164 Deus
778 4120 956 4162 meus.
1022 4101 1165 4157 Dicit
1192 4100 1243 4156 ci
1277 4097 1441 4155 Jcsus
1479 4097 1666 4164 :Quia
1715 4098 1903 4156 vidisti
1957 4113 2065 4165 me,

468 4200 779 4259 credidisti.
839 4199 992 4254 Beati
1048 4194 1147 4268 qui
1182 4207 1293 4250 non
1359 4191 1642 4260 viderunt,
1681 4201 1739 4249 et
1801 4191 2060 4249 credide-

468 4303 625 4351 runt.
651 4312 670 4346 ι

681 4467 820 4524 ΤΙΤ.
843 4464 1057 4520 XXVII.
1106 4493 1177 4504 —
1213 4462 1290 4516 De
1319 4476 1467 4515 caena
1492 4470 1545 4515 et
1577 4460 1841 4516 convivio.

2164 3374 2269 3428 μου
2297 3358 2376 3420 είς
2413 3355 2505 3408 τὸν
2544 3355 2717 3409 τύπον
2746 3355 2856 3413 τῶν
2883 3356 3054 3426 ἥλων,
3107 3358 3203 3410 καὶ
3261 3356 3417 3427 βάλω
3468 3358 3567 3428 τὴν
3596 3358 3746 3430 χεῖρά

2166 3467 2271 3522 μου
2305 3450 2386 3514 εἰς
2417 3448 2518 3520 τὴν
2560 3447 2804 3521 πλευρὰν
2865 3448 3057 3513 αὐτοῦ,
3081 3450 3153 3502 -οὐ
3189 3449 3271 3521 -μὴ
3303 3451 3606 3505 πιστεύσω.
3649 3452 3748 3506 Καὶ

2167 3541 2286 3612 μεθ’
2317 3540 2532 3612 ἡμέρας
2565 3539 2732 3605 ὀκτὼ,
2784 3540 2950 3595 πάλιν
2979 3536 3121 3612 ἦσαν
3143 3539 3252 3594 ἔσω
3281 3543 3334 3596 οἱ
3371 3542 3624 3614 μαθηταὶ
3658 3543 3747 3597 αὐ-

2162 3633 2281 3697 τοῦ,
2304 3633 2398 3687 καὶ
2422 3633 2626 3703 Θωμᾶς
2660 3632 2781 3704 μετ’
2814 3633 3018 3688 αὐτῶν.
3054 3634 3316 3705 Ἔρχεται
3349 3636 3378 3688 6
3415 3635 3626 3705 Ἰησοῦς
3654 3635 3749 3689 τῶν

2167 3721 2347 3793 θυρῶν
2382 3723 2814 3794 κεκλεισμένων,
2847 3724 2943 3778 καὶ
2974 3723 3108 3792 ἔστη
3149 3724 3230 3786 είς
3247 3723 3308 3776 τὸ
3332 3723 3527 3793 μέσον,
3563 3724 3652 3778 καὶ
3680 3720 3751 3778 εἴ·

2166 3833 2268 3870 πεν
2289 3834 2302 3847 ·
2335 3816 2544 3893 Είρήνη
2585 3816 2737 3883 ὑμῖν.
2766 3810 2902 3870 Εἶτα
2953 3814 3103 3884 λέγει
3133 3813 3214 3884 τῷ
3241 3813 3456 3893 Θωμᾷ]
3483 3815 3620 3886 Φέρε
3670 3814 3753 3867 τὸν

2166 3886 2433 3962 δάκτυλόν
2462 3891 2554 3959 σου
2586 3901 2711 3971 ὧδε,
2749 3907 2843 3959 καὶ
2876 3906 2952 3959 ίδε
2991 3904 3092 3968 τὰς
3113 3903 3305 3975 χεῖράς
3335 3886 3467 3975 μοιῖ,
3514 3905 3610 3961 καὶ
3631 3904 3752 3976 φέρε
3826 3937 3828 3939 -

2167 4004 2267 4073 τὴν
2295 4002 2456 4075 χεῖρά
2489 4020 2584 4057 σου
2611 4019 2626 4032 ⁸
2660 4001 2756 4057 καὶ
2783 4000 2913 4071 βάλε
2935 4003 3015 4066 είς
3070 4000 3172 4071 τὴν
3219 4000 3469 4070 πλευράν
3511 4018 3635 4072 μου,
3671 4001 3755 4054 καὶ

2171 4096 2416 4168 μὴγίνου
2465 4095 2718 4159 ἄπιστος,
2762 4092 2900 4148 ἀλλὰ
2928 4092 3142 4158 πιστός.
3178 4093 3291 4148 Καὶ
3329 4093 3614 4166 ἀπεκρίθη
3648 4096 3750 4148 Uto-

2171 4189 2304 4259 μᾶς,
2335 4187 2430 4241 καὶ
2459 4181 2616 4241 είπεν
2638 4184 2789 4256 αὑτῷ
2811 4183 2902 4238 ’⁸0
2927 4182 3132 4255 Κύριός
3161 4201 3262 4254 μου
3292 4186 3386 4238 καὶ
3414 4187 3444 4239 6
3477 4185 3610 4251 Θεός
3638 4202 3751 4256 μου.

2171 4278 2334 4347 Λέγει
2363 4276 2514 4349 αύτῷ
2540 4277 2569 4330 6
2611 4275 2819 4348 Ἰησοῦς
2851 4292 2865 4308 ·
2901 4276 3024 4330 Ὅτι
3052 4273 3306 4346 ἑώρακάς
3343 4293 3439 4346 με,
3472 4277 3755 4331 πεπίστευ-

2174 4387 2296 4434 κας.
2330 4369 2684 4441 Μακάριοιοὶ
2721 4367 2796 4440 μὴ
2825 4367 3047 4434 ἰδόντες,
3079 4367 3174 4420 καὶ
3212 4367 3635 4432 πιστεύσαντες.
3669 4387 3687 4420 ι

2173 4463 2354 4517 ΤΙΤΛ.
2377 4463 2505 4517 KZ’.
2531 4489 2597 4531 —-.
2621 4460 2764 4529 Περὶ
2797 4459 3071 4525 δείπνου,
3135 4458 3236 4513 καί
3289 4462 3752 4527 συνεστιάσεως.

544 4566 705 4620 Prov.
739 4577 895 4626 χχιιι,
920 4556 1036 4613 1-6.
1061 4587 1132 4598 —-
1166 4575 1186 4609 ι
1223 4555 1306 4610 Nc
1339 4569 1529 4610 omnes
1558 4569 1684 4609 cum
1729 4551 1954 4608 homine
1977 4552 2059 4606 in-

2249 4573 2267 4607 ι
2307 4553 2400 4626 Μὴ
2439 4552 2744 4608 συνδείπνει
2792 4552 2950 4624 ἀνδρὶ
2998 4551 3278 4622 βασκάνῳ,
3319 4553 3460 4623 μηδὲ
3489 4553 3756 4624 ὲπιθυμήυ

471 4659 620 4722 vido,
650 4670 826 4726 neque
847 4651 1132 4708 desideres
1183 4649 1336 4704 cibos
1370 4647 1542 4701 illius.
1573 4643 2059 4726 Quemadmodum

2170 4664 2269 4719 σῃς
2318 4645 2426 4700 τῶν
2471 4645 2793 4716 ἐδεσμάτων
2831 4643 3020 4699 αὐτοῦ.
3050 4643 3148 4697 Ὃν
3191 4643 3396 4716 τρόπον
3457 4644 3569 4715 γὰρ
3603 4643 3658 4698 εί
3680 4661 3756 4709 τις

472 4752 619 4808 enim
657 4749 704 4806 si
744 4747 869 4818 quis
918 4743 1144 4799 devoret
1163 4741 1406 4804 crinem,
1442 4740 1523 4794 sic
1556 4737 1862 4792 Inauducal
1897 4718 1950 4793 c't
1978 4737 2065 4792 bi-

475 4843 573 4899 bit.
607 4839 844 4907 Quando
875 4835 1084 4892 sederis
1122 4834 1190 4889 ad
1230 4830 1565 4888 coenandum
1603 4845 1770 4900 super
1802 4845 2056 4886 mensam

474 4933 737 5005 potentis,
794 4919 1104 5001 ’prudentcr
1157 4924 1379 4981 attende
1428 4937 1551 4994 quae
1608 4922 1865 4994 apposita
1928 4930 2066 4980 sunt

475 5025 600 5079 tibi.
642 5041 661 5074 ι
1137 5089 1140 5093 ι

551 5115 727 5170 Eccle.
778 5129 874 5170 vm
905 5152 921 5178 ,
961 5110 1052 5168 15.
1083 5139 1153 5152 -
1186 5129 1206 5162 ι
1243 5107 1364 5164 Non
1420 5117 1507 5166 cst
1547 5106 1755 5164 bonum
1812 5104 2061 5170 homini,

476 5207 586 5263 nisi
619 5204 750 5280 quid
777 5201 1078 5260 comederit
1114 5210 1168 5257 et
1206 5199 1435 5266 biberit,
1465 5207 1518 5254 et
1533 5196 1840 5255 ostenderit
1869 5196 2066 5252 animae

479 5314 596 5356 sua;
628 5299 854 5354 bonum.
891 5293 957 5348 Et
990 5293 1096 5349 hoc
1125 5291 1193 5348 dc
1222 5306 1390 5346 manu
1425 5289 1521 5346 Dei
1541 5299 1650 5345 est.
1683 5305 1702 5341 ι

547 5389 730 5445 Eccle.
794 5404 868 5454 ix,
899 5385 956 5440 7.
989 5415 1059 5425 -—
1092 5404 1111 5438 t
1143 5384 1286 5441 Veni
1316 5423 1331 5452 ,
1362 5391 1418 5439 et
1486 5380 1714 5438 comede
1772 5381 1830 5438 in
1871 5377 2066 5434 latitia

477 5498 676 5556 panem
704 5491 881 5543 tuum,
911 5499 930 5533 ι

551 5575 667 5631 Isa.
697 5591 814 5639 xxi,
850 5573 904 5631 5.
926 5602 999 5612 -—
1033 5589 1052 5624 ι
1087 5569 1285 5625 Parate
1338 5579 1614 5632 mensam,
1650 5563 1948 5631 comedite,
1977 5563 2065 5620 bi-

477 5669 593 5727 bite
628 5684 641 5722 :
672 5668 901 5740 surgite,
939 5663 1235 5735 principes,
1269 5671 1462 5734 parate
1490 5659 1736 5731 clypeos.
1781 5676 1800 5710 ι

550 5759 719 5816 Eccli.
751 5777 827 5825 Ix,
857 5758 948 5813 22.
978 5788 1049 5798 —
1085 5775 1103 5808 ι
1139 5755 1258 5811 Viri
1292 5753 1578 5826 justi’sint
1607 5750 1858 5806 conviva:
1897 5748 2000 5803 tui.
2041 5765 2059 5802 ι

551 5852 710 5922 {3,53
758 5853 919 5909 Eccli.
963 5866 1111 5917 xxxs,
1160 5849 1248 5917 t2,
1299 5849 1395 5914 16,
1454 5837 2063 5902 t9-‘21.—-iComede

2167 4739 2426 4794 καταπίοι
2455 4737 2640 4809 τρίχα,
2676 4735 2851 4800 οὕτως
2903 4735 3195 4790 ὲσθίεικαὶ
3240 4735 3409 4790 πίνει.
3458 4735 3589 4792 Ἐὰν
3635 4737 3760 4791 καθο

2175 4831 2292 4900 (an;
2341 4829 2582 4884 δειπνεῖν
2623 4829 2719 4882 ἐπὶ
2749 4827 3032 4899 τραπέζης
3065 4825 3355 4894 δυνάστου,
3390 4827 3603 4900 νοητῶς
3657 4827 3756 4883 νόει

2166 4921 2234 4976 τὰ
2263 4919 2686 4991 παρατιθέμενά
2712 4936 2816 4973 σοι.
2845 4937 2864 4969 ι

2245 5119 2262 5152 ι
2301 5102 2416 5156 Ούκ
2446 5101 2594 5157 ἔστιν
2639 5101 2849 5182 ἀγαθὸν
2878 5102 3186 5176 ἀνθρώπῳ,
3225 5107 3274 5158 εἱ
3323 5105 3398 5177 μὴ
3426 5103 3492 5170 ὃς
3524 5107 3754 5176 φάγεται

2168 5193 2264 5246 καὶ
2315 5193 2524 5258 πίεται,
2587 5193 2684 5247 καὶ
2703 5192 2781 5257 ὡς
2823 5193 2974 5266 δείξῃ
3036 5195 3241 5265 ἀγαθὸν
3268 5199 3332 5269 τῇ
3375 5197 3526 5269 ψυχῇ
3579 5195 3755 5253 αὑτοῦ.

2167 5283 2278 5338 Καί
2300 5301 2363 5352 γε
2393 5283 2553 5338 τοῦτο
2579 5286 2645 5338 ὲκ
2675 5284 2863 5356 χειρὸς
2891 5283 3031 5339 Θεοῦ
3061 5287 3236 5341 ἐστιν.
3279 5305 3300 5340 ι

2248 5395 2266 5427 ι
2295 5375 2486 5447 Δεῦρο,
2513 5375 2655 5448 φάγε
2686 5377 2745 5432 ὲν
2781 5377 3094 5451 εὐφροσύνῃ
3122 5377 3216 5433 τὸν
3252 5378 3416 5451 ἄρτον
3443 5398 3566 5436 σου.
3587 5400 3606 5434 ι

2249 5575 2267 5608 ι
2317 5555 2681 5627 Ἑτοιμάσατε
2745 5557 3028 5629 τράπεζαν
3056 5576 3073 5592 ο
3107 5558 3338 5631 φάγετε,
3407 5559 3568 5614 πίετε
3593 5573 3609 5592 ο
3635 5557 3766 5623 ἀνάο,

2172 5664 2360 5718 στητε,
2383 5647 2434 5701 οί
2461 5647 2745 5720 ἄρχοντες,
2785 5649 3116 5722 ἑτοιμάσατε
3149 5651 3399 5724 θυρεούς.

2251 5761 2269 5792 ι
2310 5740 2538 5811 ’Ἄνδρες
2569 5739 2771 5795 δίκαιοι
2797 5738 3046 5798 ἔστωσαν
3081 5743 3387 5800 σύνδειπνοι
3421 5761 3544 5799 σου.
3577 5761 3597 5795 ι

2250 5852 2268 5888 ι
2301 5805 2550 5902 Φάγείὠς
2580 5832 2890 5906 ἅνθρωπος,
2919 5835 3016 5894 ἐὰν
3055 5840 3147 5894 ἐπὶ
3179 5836 3463 5911 τραπέζης
3519 5805 3772 5908 μεγάλης.
