3960 6388
245 453 380 518 1413
1512 465 1745 524 SACRA
1786 465 2252 528 PARALLELA.

1925 466 2252 528 lALLELA.
3379 482 3513 548 1414

240 567 526 631 ἐκάθισας.
566 569 657 638 Μὴ
688 569 906 640 ἀνοίξῃς
933 571 1019 622 ἐπ’
1045 571 1218 642 αὐτὴν
1267 573 1528 657 φάρυγγα
1590 592 1706 637 σου,
1740 577 1831 629 καὶ
1861 585 1904 633 A
1935 579 2094 640 quasi
2126 578 2314 643 homo,

1935 579 2094 640 quasi
2126 578 2314 643 homo,
2352 579 2398 635 si
2430 579 2496 634 ad
2535 597 2782 640 mensam
2820 602 3072 657 magnam
3103 590 3342 648 sederis.
3391 596 3513 652 Non
3587 579 3613 586 ’

245 657 324 727 μὴ
379 659 570 729 εἴπῃς·
606 658 783 710 Πολλά
814 676 875 726 γε
909 659 1208 731 ὲπ⁹αὐτῆς.
1254 656 1328 716 Οὔ
1362 663 1456 716 ἐὰν
1502 665 1824 736 ἐπιϐλέψῃς,
1933 668 2151 735 aperias
2201 685 2318 738 supr

1933 668 2151 735 aperias
2201 685 2369 738 super
2422 671 2574 726 illam
2606 675 2821 730 faucem
2866 686 3013 733 tuam
3070 680 3352 750 priorzet
3399 701 3512 743 non

243 748 322 818 μὴ
347 748 602 818 ἐκτείνῃς
655 747 754 818 τὴν
804 751 966 820 χεῖρά
990 769 1108 814 σου,
1138 753 1232 804 καὶ⁵
1262 754 1339 825 μὴ
1371 755 1652 808 συνθλίὸου
1681 758 1829 828 αὐτῷ
1928 757 2084 814 dicas
2118 778 2130 814 :
2180 760 2316 815 Mult

1928 757 2130 814 dicas:
2180 760 2349 815 Multa
2407 771 2536 818 sunt
2587 780 2756 835 super
2814 769 2982 825 illam.
3016 747 3095 826 Ad
3134 775 3512 849 quodcunth

239 841 299 890 ἐν
350 838 609 909 τρυϐλίῳ.
666 837 812 906 Φάγε
863 839 940 904 ὼς
996 840 1282 912 ἄνθρωπος
1335 844 1404 898 τὰ
1443 847 1829 919 παρακείμενά
1928 853 2268 920 respexeris,
2310 870 2318 908 ι

1928 853 2268 920 respexeris,
2310 868 2379 910 ne
2405 857 2672 913 extendas
2695 874 2918 914 manum
2958 870 3115 917 tuum
3145 866 3320 936 prior,
3358 879 3508 926 etne

239 947 347 995 σοι,
384 930 479 982 καὶ⁵
522 929 598 1000 μὴ
626 929 938 1000 διαμασσῶ,
969 932 1044 1002 μὴ
1070 934 1330 1005 μισηθῇς.
1360 936 1575 990 Παῦσαι
1611 939 1829 1008 πρῶτος
1928 943 2318 1012 comprimaris

1928 943 2324 1012 comprimaris
2388 946 2443 1001 in
2508 950 2719 1006 catino.
2771 951 3012 1009 Comede
3049 965 3112 1010 ut
3158 960 3320 1016 homo
3383 979 3508 1033 quae

234 1022 401 1090 χάριν
436 1021 706 1087 παιδείας,
758 1021 956 1094 καὶμὴ
980 1024 1347 1095 ὰπληστεύου,
1389 1027 1652 1102 μή[πο]τε
1689 1049 1825 1102 προ·
1927 1045 2318 1104 apponuntnrl

1927 1037 2434 1104 apponuntnrtibi,
2485 1055 2554 1094 ne
2579 1043 2814 1097 multum
2841 1045 2995 1111 edas,
3025 1062 3096 1102 ne
3134 1051 3263 1105 odio
3299 1021 3510 1110 habea-

236 1113 471 1184 σκὸψῃς.
504 1114 614 1167 Καὶ
645 1115 693 1166 εί
736 1114 1011 1185 ἀναμέσον
1053 1116 1315 1172 πλειόνων
1355 1119 1640 1189 ὲκάθισας,
1694 1124 1827 1195 πρό-
1926 1126 2030 1182 ris.
2063 1126 2229 1183 Cessa
2269 1145 2318 1198 pl

1926 1126 2030 1182 ris.
2063 1126 2229 1183 Cessa
2269 1130 2424 1198 prior
2451 1146 2620 1188 causa
2660 1134 2974 1206 disciplinae
3011 1158 3026 1194 :
3065 1150 3121 1196 et
3158 1144 3268 1198 noli
3301 1147 3507 1204 nimius

231 1220 396 1276 τερος
425 1205 607 1260 αὐτῶν
638 1206 714 1278 μὴ
742 1207 988 1280 ὲκτείνῃς
1010 1209 1120 1278 ’τὴν
1147 1211 1309 1282 χεῖρά
1344 1225 1460 1267 σου.
1489 1232 1508 1265 ι
1924 1233 2070 1283 esse,
2113 1236 2182 1275 ne
2245 1219 2318 1276 f0:

1925 1233 2070 1283 esse,
2113 1236 2182 1275 ne
2245 1219 2385 1277 forte
2415 1223 2684 1281 offendas.
2724 1205 2843 1284 Etsi
2895 1230 2950 1284 in
2992 1233 3176 1287 medio
3208 1238 3507 1295 multorum

1925 1308 2143 1375 sedisti,
2177 1313 2331 1382 prior
2357 1314 2465 1368 illis
2503 1331 2572 1371 ne
2601 1317 2870 1374 extendas
2901 1335 3124 1376 manum
3158 1333 3334 1380 tuam.
3377 1346 3396 1379 ι
3522 1338 3533 1386 t

309 1399 329 1431 ι
362 1381 590 1450 Ἔλεγεν
626 1384 654 1436 ὁ
711 1383 918 1456 Κύριος
952 1386 1030 1458 τῷ
1074 1387 1365 1460 κεκληκότι
1425 1390 1586 1445 αὐτόν
1609 1409 1622 1423 ·
1655 1391 1823 1446 Ὅταν
1995 1397 2126 1455 Luc.
2197 1419 2308 1468 xw,

1995 1397 2126 1455 Luc.
2197 1419 2308 1468 xiv,
2348 1405 2441 1458 12-
2472 1407 2559 1461 Μ.
2589 1437 2662 1447 -
2697 1427 2717 1461 ι
2750 1408 2978 1466 Dicebat
3029 1411 3194 1471 Jesus
3241 1417 3290 1472 ei
3325 1419 3416 1487 qui
3449 1435 3510 1475 se

232 1476 403 1544 ποιῇς
426 1475 708 1547 ἄριστονῆ
735 1476 972 1545 δεῖπνον,
1007 1481 1082 1552 μὴ
1118 1480 1284 1550 φώνει
1331 1482 1458 1546 τοὺς
1487 1483 1675 1552 φίλους
1703 1501 1820 1550 σου,
1925 1490 2258 1548 invitaverat
2293 1512 2308 1548 :

1925 1490 2258 1548 invitaverat
2293 1512 2308 1548 :
2346 1496 2486 1552 Cum
2521 1497 2657 1555 facis
2683 1502 2976 1570 prandium
3006 1513 3102 1559 aut
3128 1523 3360 1576 orenam,
3394 1513 3508 1566 noli

232 1564 377 1634 μηδὲ
403 1566 652 1633 γείτονας
684 1569 1007 1638 πλουσίους,
1054 1573 1189 1644 μηδὲ
1225 1574 1353 1638 τοὺς
1385 1578 1667 1644 συγγενεῖς
1703 1594 1819 1643 σου,
1922 1600 2122 1640 vocare
2153 1587 2318 1643 amicr

1925 1600 2122 1640 vocare
2153 1587 2360 1644 amicos
2394 1598 2540 1656 tuos,
2569 1607 2750 1662 neque
2778 1595 2993 1652 vicinos
3021 1607 3168 1663 tuos,
3199 1616 3378 1671 neque
3410 1619 3509 1658 co-

228 1658 375 1728 μηδὲ
407 1661 532 1723 τοὺς
561 1659 828 1730 ἀδελφούς
883 1681 998 1732 σου,
1041 1667 1254 1737 μήποτε
1287 1669 1382 1721 καὶ
1410 1668 1564 1722 αὐτοὶ
1599 1670 1822 1723 ἀντικα-
1923 1685 2120 1745 gnatos
2156 1685 2302 1744 tuos,

1925 1685 2120 1745 gnatos
2156 1685 2302 1744 tuos,
2333 1697 2511 1752 neque
2544 1658 2748 1740 fratres
2777 1693 2922 1753 tuos,
2958 1704 3028 1743 ne
3056 1689 3200 1745 forte
3225 1658 3413 1762 et.ipsi
3451 1703 3505 1750 te

229 1748 440 1802 λέσωσί
475 1765 556 1816 σε,
600 1752 691 1805 καὶ
731 1753 958 1824 γένηταί
987 1773 1072 1809 σοι
1114 1758 1485 1831 ἀνταπόδομα.
1528 1760 1669 1813 Ἀλλ’
1692 1762 1821 1815 ὅταν
1922 1766 2246 1835 reinvitent,
2287 1786 2316 1827 e

1925 1766 2246 1835 reinvitent,
2287 1781 2341 1827 et
2396 1748 2491 1827 tiat
2540 1774 2639 1829 tibi
2675 1748 2997 1834 retributio.
3032 1780 3171 1835 Cum
3207 1748 3390 1839 autem
3421 1785 3505 1839 fa-

228 1844 400 1911 ποιῇς
433 1841 615 1913 δοχὴν,
676 1843 831 1899 κάλει
888 1849 1160 1918 πτωχοὺς,
1197 1852 1540 1924 ἀναπήρους,
1589 1853 1818 1923 χωλοὺς,
1854 1936 1892 1943 _
1924 1858 2004 1913 cis
2054 1862 2318 1929 prandiut

1925 1858 2004 1913 cis
2054 1862 2373 1931 prandium,
2430 1881 2562 1921 voca
2617 1882 2914 1940 pauperes,
2946 1870 3180 1940 debiles,
3242 1875 3499 1943 claudos,

220 1932 492 2001 τυφλούς·
515 1936 609 1988 καὶ
658 1938 930 2008 μακάριος
955 1941 1072 2011 ἔσῃ,
1108 1941 1305 1996 ὅτιούκ
1335 1943 1548 2014 ἔχουσιν
1582 1945 1821 1998 ἀνταποο
1854 1936 1895 1990 Β
1931 1961 2109 2004 caecos
2151 1966 2164 2003 :
2205 1962 2259 2006 et
2280 1951 2318 2006 bl

1931 1961 2109 2004 caecos
2151 1966 2164 2003 :
2205 1962 2259 2006 et
2280 1951 2474 2009 beatus
2503 1955 2633 2022 eris,
2663 1957 2792 2027 quia
2818 1973 2928 2012 non
2958 1960 3163 2017 habent
3194 1966 3505 2022 retribuere

222 2023 420 2078 δοῦναί
444 2043 544 2080 σοι.
564 2027 1086 2102 Ἀνταποδοθήσεται
1114 2034 1221 2105 γάρ
1244 2051 1325 2088 σοι
1346 2037 1403 2089 ἐν
1429 2038 1493 2108 τῇ
1527 2037 1820 2093 ἀναστάσει
1924 2036 2046 2092 tibi.
2082 2037 2315 2096 Retribu

1925 2036 2046 2092 tibi.
2082 2037 2448 2098 Retribuetur
2479 2044 2628 2100 enim
2660 2023 2761 2102 tibi
2801 2049 2854 2103 in
2884 2053 3297 2109 resurrectione
3317 2055 3508 2125 justo-

221 2118 343 2172 τῶν
377 2118 624 2173 δικαίων.
663 2141 682 2173 ι
1921 2144 2067 2184 rum.
2108 2151 2127 2183 ι

1925 2144 2067 2184 rum.
2108 2151 2127 2183 ι

308 2210 400 2274 Ὠς
423 2211 478 2264 δὲ
507 2214 768 2284 ἁρμόδιον
804 2219 910 2290 πρὸ
940 2223 1038 2292 τῆς
1072 2224 1279 2294 τροφῆς
1307 2223 1550 2294 εὐλογεῖν
1573 2226 1664 2280 τὸν
1684 2227 1818 2283 Θεὸν
1989 2219 2048 2275 S.
2079 2221 2317 2278 Clemens

1989 2219 2048 2275 S.
2079 2221 2338 2278 Clemens.
2381 2255 2453 2265 —
2477 2226 2548 2281 Ut
2579 2235 2764 2283 autem
2788 2241 3225 2289 consentaneum
3258 2247 3344 2291 est
3366 2246 3500 2293 ante

227 2302 349 2356 τῶν
382 2305 640 2363 ἁπάντων
671 2326 685 2339 ο
721 2311 864 2365 οὕτω
897 2314 990 2366 καὶ
1040 2316 1193 2386 παρὰ
1227 2317 1387 2372 πότον
1415 2319 1647 2390 καθήκει
1676 2320 1814 2391 simi).-
1917 2314 2110 2382 ορυιίιε
2153 2315 2318 2371 Deum

1925 2314 2110 2382 epulas
2153 2315 2325 2371 Deum
2358 2319 2745 2374 universorum
2807 2322 3175 2394 benedicere;
3210 2329 3294 2383 sic
3331 2330 3502 2385 etiam

217 2394 365 2448 λειν.
1915 2407 2178 2460 convenit
2221 2407 2366 2462 inter
2399 2411 2600 2478 pocula
2628 2411 2821 2469 laudes
2855 2413 3032 2485 ipsius
3064 2431 3286 2473 canere.

298 2486 563 2580 Tpa’tmé‘a
581 2491 669 2563 ,μὴ
700 2492 900 2565 ἔχουσα
942 2497 1166 2571 μνήμην
1185 2498 1344 2570 Θεοῦ,
1372 2502 1580 2574 φάτνης
1599 2503 1812 2575 ἀλόγων
1986 2493 2073 2547 Ex
2101 2493 2269 2550 Ραίνε
2297 2498 2315 2568 (

1986 2493 2073 2547 Ea:
2101 2493 2269 2550 Patre
2297 2497 2457 2568 (Καρ.
2490 2514 2555 2552 ea:
2585 2514 2772 2556 sancto
2795 2505 2958 2567 sene).
2990 2535 3061 2545 —
3093 2506 3280 2563 Mensa
3307 2510 3362 2564 in
3394 2525 3503 2580 qua

210 2577 385 2632 οὐδὲν
407 2579 734 2653 διενήνοχεν.
1915 2585 2068 2639 nulla
2107 2585 2202 2641 Dei
2229 2601 2313 2642 mc

1925 2585 2068 2639 nulla
2107 2585 2202 2641 Dei
2229 2589 2446 2643 mentio
2477 2588 2557 2656 llt,
2607 2605 2639 2644 a
2680 2592 2969 2649 brutorum
3043 2601 3311 2669 prmsepio
3360 2577 3502 2656 nihil

1915 2673 2200 2734 dissimilis
2241 2689 2344 2736 est.

216 2821 416 2879 ΤΙΤΛ.
437 2824 792 2897 ΚΙΙ’.-Περὶ
814 2829 1088 2910 δικ-σίων·
1115 2832 1203 2888 ὅτι
1225 2836 1509 2905 φυλάττει
1534 2837 1756 2903 αὐτοὺς
1779 2841 1813 2893 ό
1914 2831 2052 2889 ΤΙΤ.
2088 2832 2318 2888 ΧΧἪΙΙ·

1925 2831 2052 2889 l'lT.
2088 2832 2324 2888 XXVIII.
2352 2863 2423 2876 —-—
2459 2834 2540 2890 De
2589 2836 2804 2910 justis;
2836 2839 3074 2910 quodque
3103 2841 3368 2902 Dominus
3400 2863 3500 2902 ιιι-

895 2904 1132 2970 Κύριος.
1221 2904 1236 2954 έ

2543 2907 2706 2960 stodit
2735 2925 2848 2963 eos.

313 3023 334 3056 ι
360 3007 477 3060 Οὐκ
505 3008 699 3078 ἀφελεῖ
743 3012 854 3066 ἀπὸ
885 3013 1102 3068 δικαίου
1134 3015 1449 3088 ὀφθαλμοὺς
1496 3019 1688 3087 αὑτοῦ,
1719 3021 1815 3075 καὶ
1987 3017 2092 3071 Job
2170 3033 2316 3097 XXXV

1987 3017 2092 3071 Job
2170 3033 2359 3097 xxxw,
2395 3017 2447 3075 7.
2477 3049 2549 3060 —-
2591 3038 2610 3071 ι
2643 3020 2762 3075 Νοιι
2797 3020 3010 3078 auferet
3039 3024 3242 3094 ajnsto
3281 3029 3478 3085 oculos

212 3095 496 3152 καθιεῖται
535 3099 733 3166 αὐτοὺς
767 3104 848 3167 εἰς
875 3105 1045 3170 νῖκος,
1088 3106 1183 3159 καὶ
1211 3106 1613 3180 ὑψωθήσονται.
1645 3129 1665 3162 ι
1915 3125 2048 3166 suos
2071 3153 2086 3178 ,
2121 3119 2174 3167 et
2197 3095 2318 3166 Colle

1925 3125 2086 3178 suos,
2121 3119 2174 3167 et
2197 3095 2498 3167 Collocabit
2525 3127 2622 3168 eos
2661 3113 2716 3167 in
2762 3114 3022 3181 victoria,
3060 3124 3116 3171 et
3166 3119 3500 3175 exaltabun-

1917 3210 2030 3256 tur.
2058 3215 2077 3252 θ

301 3293 330 3329 ἰ
366 3278 499 3332 Ἰδοὺ
523 3281 572 3334 oi
594 3281 863 3353 ὀφθαλμοὶ
903 3285 1110 3358 Κυρίου
1147 3289 1240 3342 ἐπὶ
1283 3289 1412 3354 τοὺς
1442 3291 1811 3364 φοϐουμένους
1840 3272 1884 3332 c
1989 3292 2143 3348 Psal.
2198 3309 2318 3349 XXXI

1989 3292 2143 3348 Psal.
2198 3308 2372 3358 xxxn,
2411 3293 2498 3350 l8.
2530 3324 2601 3334 —-
2643 3314 2662 3347 ι
2701 3293 2843 3351 Ecce
2895 3296 3045 3350 oculi
3084 3295 3308 3354 Domini
3331 3316 3502 3373 super

215 3367 417 3450 αὐτόν.
442 3387 462 3422 ι
1914 3392 2230 3441 metuentes
2259 3400 2318 3440 eu

1925 3392 2230 3441 metuentes
2259 3400 2324 3440 eu
2335 3401 2406 3439 m.
2437 3403 2456 3437 ι

309 3477 330 3512 ι
369 3461 702 3534 Ἐκέκραξαν
725 3467 776 3518 οἱ
799 3465 1022 3533 δίκαιοι,
1063 3472 1158 3524 καὶ
1189 3471 1216 3524 ὁ
1253 3471 1459 3544 Κύριος
1489 3473 1812 3546 είσήκουσεν
1993 3474 2148 3530 Psal.
2179 3493 2318 3530 xxxn

1993 3474 2148 3530 Psal.
2179 3493 2370 3542 xxxut,
2401 3477 2488 3541 18,
2515 3475 2606 3539 20,
2635 3475 2726 3532 21.
2764 3509 2832 3519 —
2869 3497 2888 3530 ι
2916 3478 3310 3535 Clamaverunt
3339 3483 3494 3552 justi,

212 3553 433 3609 αὐτῶν.
477 3556 679 3611 Πολλαὶ
711 3559 768 3611 αἱ
797 3559 1008 3630 θλίψεις
1037 3562 1146 3616 τῶν
1209 3562 1454 3630 δικαίων,
1502 3566 1596 3618 καὶ
1619 3567 1682 3619 ὲκ
1708 3583 1811 3623 ποι-
1913 3577 1970 3626 et
2006 3568 2275 3624 Dominus
2307 3585 2318 3623 ι

1925 3577 1970 3626 et
2006 3568 2275 3624 Dominus
2307 3568 2591 3624 exaudivit
2624 3584 2744 3624 eos.
2771 3568 2951 3625 Multae
2981 3571 3375 3630 tribulationes
3399 3575 3496 3645 ju-

217 3645 342 3699 σῶν
367 3647 551 3702 αὐτῶν
575 3650 804 3718 ῥύσεται
845 3653 1046 3717 αὐτοὺς
1078 3655 1106 3706 ὁ
1136 3655 1359 3727 Κύριος.
1392 3657 1661 3711 Φυλάσσει
1696 3659 1811 3712 Κύ-
1915 3669 2152 3726 storum,
2188 3670 2244 3715 et
2274 3661 2318 3715 dt

1925 3669 2152 3726 storum,
2188 3670 2244 3715 et
2274 3661 2342 3716 de
2375 3661 2640 3716 omnibus
2685 3661 2751 3715 iis
2781 3660 3038 3716 liberabit
3075 3675 3173 3717 eos
3202 3661 3489 3720 Dominus.

215 3755 346 3810 ριος
399 3740 580 3795 πάντα
605 3744 674 3797 τὰ
706 3744 842 3798 ὀστᾶ
870 3746 1074 3812 αὐτῶν,
1110 3746 1170 3801 ἓν
1203 3746 1263 3812 ἐξ
1296 3749 1476 3804 αὐτῶν
1499 3751 1560 3803 οὐ
1592 3768 1812 3824 συντρι-
1913 3752 2170 3808 Custodit
2200 3752 2318 3807 Don'

1925 3752 2170 3808 L‘ustodit
2200 3752 2468 3807 Dominus
2496 3751 2680 3809 omnia
2705 3766 2831 3807 ossa
2864 3765 3082 3820 eorum,
3119 3767 3290 3808 unum
3319 3769 3383 3810 ex
3411 3755 3497 3811 his

214 3831 484 3902 ϐήσεται.
514 3851 534 3888 ι
1915 3858 2028 3900 non
2063 3849 2315 3898 conteret

1925 3858 2028 3900 non
2063 3849 2406 3898 conteretur.
2443 3861 2462 3893 ι

306 3941 327 3976 ι
370 3925 620 3995 Σωτηρία
647 3927 757 3982 τῶν
807 3929 1030 3984 δίκαιων
1071 3931 1222 4002 παρὰ
1266 3932 1498 4004 Κυρίου.
1539 3933 1812 4006 ’Υποστη-
1985 3932 2136 3987 Psal.
2173 3949 2316 3998 xxxv

1985 3932 2136 3987 Psal.
2173 3949 2360 3998 xxxw,
2395 3931 2487 3994 59,
2519 3932 2611 3986 40.
2642 3959 2712 3970 ——
2737 3949 2756 3981 ι
2801 3931 2968 3991 Salus
3009 3943 3191 3992 autem
3219 3935 3497 4005 justornm

169 4007 190 4022 ’
220 4015 376 4087 ρίζει
405 4018 533 4082 τοὺς
559 4017 802 4085 δικαίους
833 4023 860 4075 ὁ
891 4022 1117 4094 Κύριος.
1152 4043 1172 4076 ι
1916 4037 1946 4078 a
1975 4023 2228 4078 Domino.
2263 4023 2318 4078 C1

1925 4037 1946 4078 ι
1975 4023 2228 4078 Domino.
2263 4022 2568 4078 Conﬁrmat
2609 4031 2795 4076 autem
2827 4023 3010 4090 jnstos
3039 4024 3329 4081 Dominus.
3366 4044 3385 4077 ι

308 4126 332 4161 ι
357 4108 625 4181 Φυλᾴσσει
677 4112 882 4184 Κύριος
922 4115 1134 4179 πάντας
1183 4117 1312 4182 τοὺς
1364 4117 1692 4187 ἀγαπῶντας
1718 4119 1812 4172 αὖ·
1984 4114 2138 4168 Ρεαι.
2173 4129 2318 4168 chn

1984 4114 2138 4168 Psal.
2173 4129 2354 4180 cxuv,
2416 4113 2508 4167 20.
2530 4139 2598 4153 —-
2632 4131 2651 4163 ι
2687 4113 2944 4169 Custodit
2997 4114 3272 4173 Dominus
3304 4132 3497 4172 omnes

206 4202 342 4256 τόν.
373 4220 392 4254 ι
1912 4204 2213 4272 diligentes
2243 4217 2318 4257 se.

1925 4204 2213 4272 diligentes
2243 4217 2324 4257 se.
2359 4220 2378 4254 ι

302 4313 325 4348 ι
367 4297 658 4363 Ἐπαύλεις
677 4298 900 4356 δικαίων
921 4300 1292 4370 εὐλογοῦνται.
1318 4320 1338 4354 ι
1985 4294 2146 4348 Prov.
2178 4309 2258 4359 ιιι,
2299 4293 2318 4348 ῗ

1985 4294 2146 4348 Prov.
2178 4309 2258 4359 ιιι,
2299 4292 2388 4348 55.
2428 4320 2500 4330 -
2537 4288 2916 4348 ὶΠιὼίιιιοιιιιι
2943 4293 3227 4364 iustorum
3271 4293 3495 4350 benedi-

1915 4393 2140 4441 Clllillll‘.
2170 4402 2192 4436 ι
3179 4427 3189 4441 ι

303 4488 325 4524 ι
368 4465 532 4536 Οἶκος
569 4473 796 4530 δικαίων
824 4470 1150 4547 εὐλογεῖται.
1182 4494 1203 4529 ι
1990 4475 2149 4531 Prov.
2184 4491 2285 4539 ιιι,

1990 4475 2149 4531 Prov.
2184 4491 2285 4539 xn,
2345 4474 2395 4528 7.
2443 4503 2513 4515 -
2551 4493 2571 4528 ι
2605 4473 2814 4532 Domus
2877 4475 3158 4548 iustorum
3213 4477 3494 4534 benedici-

1920 4577 2030 4623 tur.
2073 4587 2091 4620 ›
2780 4619 2781 4622 η

305 4675 329 4708 ι
355 4649 930 4728 Οἷκοςδικαίωνίσχὺς
957 4657 1149 4727 πολλή.
1180 4675 1201 4710 ι
1844 4649 1890 4676 ν
1986 4660 2150 4715 Prov.
2242 4675 2318 4727 xv,

1986 4660 2150 4715 Prov.
2242 4675 2330 4727 xv,
2386 4659 2440 4715 6.
2498 4688 2572 4700 —
2622 4678 2643 4714 ι
2702 4660 2910 4728 Domus
2969 4661 3249 4731 justorum
3315 4662 3495 4720 virtus

738 4775 758 4805 ι
1913 4753 2108 4806 multa.
2149 4770 2169 4803 ι
2314 4799 2318 4801 Α

304 4848 326 4883 ι
364 4831 598 4900 Εὐλογία
643 4833 854 4903 Κυρίου
893 4834 988 4887 ἐπὶ
1028 4833 1275 4904 κεφαλὴν
1306 4832 1538 4891 δικαίου.
1586 4835 1811 4906 Ἐγχρο-
1985 4845 2149 4899 Prov.
2207 4859 2262 4908 x,
2293 4841 2318 4897 6

1985 4845 2149 4899 Prov.
2207 4859 2262 4908 x,
2293 4841 2349 4906 6,
2397 4843 2488 4898 28.
2516 4873 2588 4883 —
2615 4862 2635 4896 ι
2668 4843 2994 4900 Benedictio
3054 4844 3270 4903 Domini
3325 4864 3494 4919 super

225 4923 368 4989 νίζει
392 4925 624 4989 δικαίοις
651 4926 981 4997 εὐφροσύνη.
1012 4945 1034 4979 ι
1914 4945 2081 5006 caput
2110 4935 2266 5006 justi,
2296 4935 2318 4988 1

1925 4945 2081 5006 caput
2110 4935 2266 5006 justi.
2296 4935 2509 4988 Laetitia
2547 4949 2672 4990 cum
2703 4936 2876 5006 justis
2909 4945 3182 4991 moratur.
3220 4957 3238 4989 ι

310 5036 330 5069 ι
361 5017 482 5081 Φῶς
504 5017 736 5101 δικαίοις
767 5017 857 5071 διὰ
887 5018 1110 5081 παντός.
1143 5036 1162 5071 ι
1989 5027 2149 5083 Prov.
2173 5046 2290 5094 XIII,

1989 5027 2290 5094 Prov.xtn,
2324 5030 2379 5085 9.
2407 5059 2479 5068 —
2512 5047 2531 5080 ι
2573 5027 2690 5082 Lux
2744 5028 2918 5098 justis
2977 5029 3032 5083 in
3085 5039 3432 5101 perpetuum.
3471 5052 3490 5084 ι

308 5125 329 5157 ι
359 5109 570 5161 Δίκαιοι
595 5095 840 5161 ποιοῦσιν
871 5109 928 5162 ἐν
951 5107 1167 5178 πλούτῳ
1189 5108 1286 5181 ἕτη
1317 5108 1510 5165 πολλά.
1545 5129 1565 5162 r
1997 5136 2016 5170 ι
2051 5118 2195 5174 Justi
2230 5134 2318 5188 agt:

1997 5136 2016 5170 ι
2051 5118 2195 5174 Justi
2230 5126 2400 5188 agunt
2434 5119 2489 5172 in
2521 5095 2940 5174 divitiisvannos
2973 5095 3203 5175 multos:
3241 5139 3259 5171 ι

313 5217 332 5250 ι
371 5199 588 5264 Δίκαιος
613 5201 671 5253 ὲν
700 5201 844 5271 χαρᾷ
868 5200 961 5254 καὶ
984 5200 1296 5272 εὐφροσύνῃ
1325 5200 1505 5258 ἔσται.
1537 5219 1556 5254 ι
1911 5257 1914 5260 .
1987 5211 2151 5268 Prov.
2186 5229 2314 5266 xxix

1987 5211 2151 5268 Prov.
2186 5229 2338 5279 xxix,
2372 5213 2426 5268 6.
2457 5241 2525 5252 -
2563 5231 2581 5263 ι
2612 5211 2807 5268 Justus
2843 5211 2898 5265 in
2937 5211 3136 5282 gaudio
3168 5220 3222 5268 ct
3251 5212 3491 5268 oblecta-

1917 5303 2068 5358 tione
2106 5303 2235 5358 crit.
2275 5322 2294 5355 ι

313 5416 332 5448 ι
367 5397 586 5458 Δίκαιος
613 5398 677 5449 ὲκ
707 5395 880 5467 θήρας
910 5393 1152 5450 ὲκδὺνει’
1192 5395 1312 5449 ἀντ’
1339 5392 1508 5448 αὐτοῦ
1538 5393 1597 5448 δὲ
1626 5407 1807 5464 παρα·
1996 5392 2150 5447 Prov.
2189 5409 2265 5457 xl,
2292 5395 2318 5447 8

1996 5392 2150 5447 Prov.
2189 5409 2265 5457 xl,
2292 5395 2344 5448 8.
2381 5412 2401 5445 ι
2436 5391 2626 5447 Justus
2664 5408 2732 5448 ex
2764 5391 2964 5464 laqueo
2995 5390 3218 5448 evadit:
3257 5392 3500 5447 traditur

229 5489 436 5543 δίδοται
467 5489 496 5542 ὁ
522 5487 746 5560 ἀσεϐής.
779 5507 799 5541 ι
1207 5498 1213 5501 ’
1918 5493 2097 5539 autem
2142 5499 2242 5555 pro
2269 5499 2318 5539 et

1925 5493 2097 5539 autem
2142 5499 2242 5555 pro
2269 5499 2336 5539 eo
2390 5483 2615 5554 impius.
2666 5503 2686 5536 ι

309 5627 329 5660 ο
366 5608 460 5680 Μὴ
503 5606 692 5678 φοϐοῦ,
722 5608 804 5662 ὅτι
857 5606 1252 5679 ἐλυτρωσάμην
1275 5621 1371 5659 σε·
1403 5603 1637 5658 ἐκάλεσα
1669 5621 1729 5657 σε
1755 5603 1815 5657 τὸ
1989 5597 2126 5653 lsai.
2189 5613 2318 5654 mn

1989 5597 2126 5653 1εαὶ.
2189 5613 2345 5662 mn,
2385 5597 2440 5653 2.
2473 5625 2544 5637 --
2577 5617 2598 5651 ι
2635 5598 2755 5654 Noli
2811 5599 3044 5666 timere,
3090 5596 3354 5668 quoniam
3402 5612 3501 5650 re-

231 5701 408 5772 ὔνομά
469 5717 600 5754 σου·
637 5702 768 5772 ἐμὸς
793 5695 843 5754 εἷ
867 5702 954 5765 σὺ,
1011 5700 1105 5754 καὶ
1154 5697 1394 5768 ποταμοὶ
1442 5697 1502 5750 οὐ
1565 5695 1817 5764 συγκλεί-
1919 5688 2063 5746 demi
2099 5697 2199 5744 te:
2254 5693 2318 5744 vo

1925 5688 2063 5746 demi
2099 5697 2154 5744 te
2184 5708 2199 5744 :
2254 5691 2448 5745 vocavi
2496 5696 2550 5746 te
2582 5690 2808 5745 nomine
2868 5698 2965 5745 tuo
2991 5705 3004 5742 :
3030 5705 3186 5744 meus
3221 5703 3282 5744 cs
3313 5698 3410 5753 tu;
3442 5699 3498 5741 et

235 5793 391 5846 σουσί
422 5811 506 5860 σε,
545 5794 641 5850 καὶ
670 5793 764 5850 ἐὰν
825 5791 1040 5864 διέλθῃς
1095 5789 1182 5845 διὰ
1241 5789 1433 5861 πυρὸς,
1455 5788 1517 5842 οὐ
1543 5787 1617 5859 μὴ
1651 5802 1820 5845 κατα-
1918 5781 2144 5836 ﬂumina
2200 5797 2310 5836 non

1925 5781 2144 5836 [ltitnina
2200 5797 2310 5836 non
2371 5779 2694 5851 cooperient
2735 5793 2808 5847 te,
2877 5783 3006 5840 etsi
3048 5779 3339 5839 transieris
3395 5791 3496 5847 per
3573 5781 3582 5790 ‘

234 5885 465 5958 καυθῃς.
509 5905 527 5937 ι
1374 5916 1379 5922 ι
1922 5875 2126 5947 ignem,
2160 5891 2268 5931 non
2306 5874 2674 5933 combureris.
2710 5893 2728 5926 ›
