3960 6380
275 330 400 396 1417

1530 331 1770 392 SACRA
1810 331 2252 390 PARALLELA

3410 341 3548 407 1418

273 461 356 516 μοι
412 442 535 504 λαὸς
579 438 895 510 περιδύσιος
932 439 1043 493 ἀπὸ
1105 439 1324 493 πάντων
1349 438 1457 492 τῶν
1480 441 1673 495 ἐθνῶν.
1705 444 1829 512 ἰςμῆ

1957 460 2164 510 meum,
2200 443 2358 498 eruis
2396 443 2532 498 mihi
2567 446 2806 516 populus
2836 449 3142 519 peculiaris
3191 467 3252 506 ex
3285 455 3546 510 omnibus

265 539 368 606 γάρ
403 538 523 587 ἐστι
554 533 705 586 πᾶσα
729 532 762 602 ή
785 529 857 601 γῆ
893 546 906 559 ’
940 529 1098 600 ὑμεῖς
1128 529 1185 582 δὲ
1207 529 1400 583 ἔσεσθέ
1438 547 1529 599 μοι
1569 530 1846 600 βασίλειον

265 630 576 701 ἱεράτευμα,
612 624 706 677 καὶ
731 623 886 686 ἔθνος
922 621 1100 691 ἅγιον.
1143 640 1160 672 ι

327 737 345 770 ι
394 718 521 770 Ἐἀν
552 717 691 786 ἀκοῇ
736 713 952 786 ἀκούσῃ
978 713 1080 783 τῆς
1121 713 1308 783 φωνῆς
1340 730 1469 782 μου,
1531 714 1627 768 καὶ
1683 715 1847 784 ποιή-

262 827 356 882 σῃς
383 811 560 862 πάντα
589 807 690 860 ὅσα
717 806 783 859 ἂν
815 806 957 858 εἴπω
989 822 1073 858 σοι
1098 844 1114 870 ,
1147 804 1430 875 ἐχθρεύσω
1459 807 1574 868 τοῖς
1625 805 1844 876 ἐχθροῖς

262 918 373 968 σου,
403 900 500 953 καὶ
519 897 903 968 ἀντικείσομαι
923 899 1038 961 τοῖς
1059 897 1490 967 ἀντικειμένοις.
1536 915 1555 948 ι

329 1103 349 1136 ι
393 1084 519 1138 Ἐὰν
557 1084 614 1136 ὲν
644 1083 758 1147 τοῖς
792 1080 1188 1154 προστάγμασι
1229 1099 1336 1152 μου
1379 1080 1713 1153 πορεύησθε,
1749 1084 1843 1136 καὶ

258 1178 350 1242 τὰς
405 1177 632 1241 ἐντολάς
670 1194 776 1247 μου
831 1174 1209 1247 φυλάσσησθε,
1249 1173 1344 1228 καὶ
1377 1176 1644 1246 ποιήσητε
1677 1176 1838 1242 αὐτὰ,

258 1272 408 1326 δώσω
428 1271 523 1325 τὸν
553 1270 714 1324 ὐετόν
749 1286 855 1340 μου
885 1271 942 1322 ἐν
971 1268 1153 1341 καιρῷ
1190 1267 1356 1322 αὐτοῦ
1388 1269 1551 1338 ὑμῖν,
1586 1271 1680 1322 καὶ
1705 1269 1739 1338 ή
1767 1269 1841 1340 γῆ

255 1364 410 1416 δώσει
443 1363 512 1416 τὰ
550 1362 873 1432 γεννήματα
891 1361 1084 1430 αὐτῆς,
1124 1361 1218 1414 καὶ
1249 1360 1320 1414 τὰ
1342 1361 1477 1428 ξύλα
1508 1361 1616 1414 τῶν
1641 1361 1840 1415 πεδίων

259 1453 518 1508 ἀποδώσει
539 1454 630 1508 τὸν
648 1451 1081 1524 καρπὺκαύτῶν.
1107 1451 1217 1506 Καὶ
1241 1452 1623 1522 καταλήψεται
1658 1454 1788 1524 ὑμῖν
1813 1455 1840 1507 ὁ

255 1548 473 1616 ἀλοητὸς
502 1545 597 1600 τὸν
627 1545 855 1616 σπόρον,
886 1545 983 1599 καὶ
1010 1543 1253 1614 φάγεσθε
1277 1545 1370 1599 τὸν
1389 1545 1554 1615 ἄρτον
1577 1545 1604 1598 ὐ
1614 1545 1734 1615 μῶν
1757 1547 1840 1610 είς

255 1640 598 1710 πλησμονὴν,
661 1619 1023 1708 κατοικήσετε
1077 1637 1218 1706 μετά
1245 1636 1550 1706 ἀσφαλείας
1587 1639 1682 1690 ἐπὶ
1736 1642 1838 1710 τῆς

258 1733 355 1801 γῆς
383 1731 564 1802 ὐμῶν,
630 1729 727 1783 καὶ
771 1728 1319 1800 κοιμηθήσεσθε,καὶ
1357 1728 1458 1782 οὐκ
1486 1727 1642 1782 ἔσται
1691 1729 1836 1800 ὑμᾶς

1956 533 2242 603 gentibus.
2289 533 2406 588 Mea
2441 542 2528 589 est
2577 537 2723 592 enim
2759 539 2944 595 omnis
2973 547 3144 596 terra.
3189 541 3295 599 Vos
3357 557 3542 603 autem

1952 625 2111 680 eritis
2145 625 2280 679 mibi
2326 627 2514 697 regale
2549 629 2949 695 sacerdotium,
3002 642 3058 688 et
3087 649 3226 704 gens
3254 650 3477 693 saneta.
3521 660 3539 694 ι

2022 717 2198 772 Exod.
2270 735 2430 784 mn,
2462 719 2554 774 ‘22.
2589 752 2658 763 -—
2691 741 2705 772 ι
2739 721 2796 777 Si
2830 725 3022 780 auditu
3059 729 3304 785 audieris
3349 747 3545 788 vocem
3577 744 3585 764 ’

1950 825 2150 877 meam,
2201 820 2256 867 et
2307 810 2509 868 feceris
2549 814 2740 868 omnia
2789 831 3140 890 quaecunque
3172 823 3368 880 dixero
3415 827 3542 893 tibi,

1949 900 2211 958 inimicus
2265 917 2362 958 ero
2419 905 2664 962 inimicis
2687 906 2822 974 tuis,
2859 919 2912 965 ct
2941 911 3294 974 adversarius
3321 932 3418 975 ero
3446 921 3543 974 ad-

1950 993 2208 1048 versariis
2235 995 2361 1051 tuis.
2397 1015 2417 1048 ι

2016 1083 2182 1156 455
2213 1084 2382 1143 Leuit.
2409 1105 2566 1156 xxv't,
2590 1091 2751 1148 ωε.
2772 1127 2840 1136 -
2861 1116 2879 1149 ι
2908 1097 2967 1152 Si
3002 1099 3055 1154 in
3084 1106 3373 1174 przeceptis
3401 1109 3540 1162 meis

1948 1177 2400 1248 ambulaveritis,
2447 1192 2503 1238 et
2539 1186 2800 1242 mandata
2852 1205 2974 1246 mea
3013 1195 3430 1266 custodieritis,
3484 1213 3539 1256 et

1946 1267 2195 1326 feceritis
2229 1286 2327 1338 ea,
2361 1273 2507 1330 dabo
2541 1277 2699 1333 vobis
2731 1279 2948 1350 pluvias
2980 1298 3131 1340 meas
3170 1287 3222 1340 in
3275 1292 3538 1359 tempori-

1946 1362 2050 1418 bus
2109 1365 2260 1429 suis,
2307 1376 2360 1422 et
2405 1377 2552 1422 terra
2596 1372 2749 1426 dabit
2800 1375 3048 1444 germina
3097 1393 3199 1433 sua
3228 1418 3242 1442 ,
3289 1390 3344 1435 et
3394 1383 3538 1453 ligna

1943 1471 2202 1526 agrorum
2258 1458 2490 1515 reddent
2541 1461 2781 1519 fructum
2817 1483 3004 1522 suum.
3056 1469 3124 1523 Et
3165 1475 3540 1543 appreltendet

1943 1551 2100 1606 vobis
2133 1552 2331 1607 tritura
2361 1564 2707 1624 sentientem,
2750 1569 2806 1616 et
2847 1564 3152 1620 comedetis
3193 1583 3389 1636 panem
3445 1586 3539 1627 ve-

1943 1651 2120 1698 strum
2157 1645 2211 1700 in
2239 1649 2559 1715 saturitate,
2595 1661 2652 1706 et
2681 1651 3008 1711 habitabilis
3039 1673 3162 1712 cum
3196 1663 3498 1718 securitate
3519 1705 3532 1730 ,

1941 1752 2107 1807 super
2137 1747 2341 1795 terram
2379 1755 2619 1800 vestram
2650 1764 2664 1812 ;
2698 1755 2754 1802 et
2782 1747 3071 1808 dormietis
3097 1793 3113 1815 ,
3164 1763 3220 1808 et
3269 1771 3380 1810 non
3426 1760 3535 1812 erit

251 1822 517 1892 ἐκφοϐῶν.
567 1822 680 1876 Καὶ
731 1820 921 1875 ἀπολῶ
971 1820 1140 1891 θηρία
1195 1821 1408 1889 πονηρά
1465 1820 1531 1872 ἐκ
1586 1820 1688 1890 τῆς
1734 1821 1829 1891 γῆς

1947 1831 2033 1900 qui
2061 1839 2356 1889 exterreat.
2382 1834 2448 1889 Et
2476 1837 2702 1907 perdam
2732 1842 2906 1898 malas
2939 1846 3144 1901 bestias
3173 1850 3239 1902 de
3267 1856 3410 1903 terra
3442 1866 3536 1906 vc-

253 1914 416 1984 ὐμῶν,
449 1915 548 1967 καὶ
569 1911 867 1966 πεσοῦνται
897 1910 969 1985 [οἱ
1001 1911 1187 1983 ἐχθροὶ
1220 1909 1396 1982 ὑμῶν]
1422 1911 1655 1966 ἐνώπιον
1680 1912 1834 1981 ὐμῶν

250 2009 407 2078 φόνῳ,
463 2007 563 2060 καὶ
613 2002 896 2069 διώξονται
956 2004 1112 2075 ὐμῶν
1148 2002 1311 2058 πέντε
1337 2003 1556 2070 ἑκατὸν,
1582 2002 1678 2058 καὶ
1707 2004 1834 2057 ὲκαα

247 2102 331 2154 τὸν
374 2099 530 2170 ὑμῶν
586 2095 836 2161 διώξουσι
895 2096 1125 2168 μυρίους
1157 2111 1172 2128 ⁸
1202 2097 1298 2149 καὶ
1333 2095 1628 2150 πεσοῦνται
1664 2099 1714 2150 οἱ
1743 2097 1834 2166 ὲχ-

247 2193 358 2264 θροὶ
386 2191 544 2263 ὐμῶν
574 2191 810 2245 ἐνώπιον
858 2189 1013 2260 ὑμῶν
1087 2187 1353 2261 μαχαίρᾳ.
1391 2188 1501 2242 Καὶ
1524 2189 1834 2258 ,ἐπιῦλέιιω

249 2286 402 2355 ὑμᾶς,
457 2284 559 2338 καὶ⁸
599 2283 823 2354 αὐξήσω
863 2281 1028 2352 ὑμᾶς,
1091 2283 1187 2334 καὶ
1259 2282 1446 2350 στήσω
1483 2279 1585 2348 τὴν
1639 2281 1829 2353 διαθή-

248 2395 341 2448 κην
366 2394 467 2448 μου
529 2375 649 2448 μεθ’
689 2374 867 2447 ὐμῶν.
925 2375 1035 2429 Καὶ
1077 2372 1319 2443 φάγεσθε
1354 2373 1561 2428 παλαιά
1592 2374 1687 2427 καὶ
1727 2391 1832 2428 παι·

246 2467 362 2520 λαιὰ
399 2465 673 2534 παλαιῶν,
732 2465 826 2520 καὶ
865 2464 1075 2520 παλαιά
1114 2466 1179 2518 ἐκ
1219 2462 1514 2536 προσώπου
1564 2465 1701 2520 νέων
1739 2465 1828 2529 ἐξ-

245 2559 428 2615 οίσετε.
470 2560 586 2613 Καὶ
619 2559 772 2630 θήσω
809 2558 906 2630 τὴν
951 2557 1220 2629 διαθήκην
1277 2575 1377 2628 μου
1434 2557 1492 2610 ἐν
1525 2557 1676 2627 ύμῖν,
1733 2559 1828 2612 καὶ

244 2653 300 2705 ού
332 2651 644 2722 βδελύξεται
680 2654 714 2722 η
740 2650 884 2723 ψυχή
920 2667 1021 2722 μου
1051 2651 1218 2721 ὑμᾶς.
1254 2650 1362 2705 Καὶ
1391 2650 1828 2723 ἐμπεριπατήσω

229 2740 296 2795 ’ἐν
322 2745 466 2814 ὑμῖν,
487 2745 588 2796 καὶ
613 2744 809 2814 ἔσομαι
849 2743 1004 2814 ὑμῶν
1037 2743 1190 2807 Θεός.
1230 2761 1249 2794 ι

311 2857 330 2888 ι
365 2838 613 2908 Πρόσεχε
659 2837 895 2908 σεαυτῷ,
931 2837 1028 2891 καὶ
1058 2837 1297 2906 φύλαξον
1359 2839 1458 2908 τὴν
1513 2840 1696 2912 ψυχήν
1731 2857 1824 2894 σου

243 2931 455 3002 σφόδρα.
490 2931 588 3002 Μή
648 2929 885 3002 enimn
937 2931 1152 2994 πάντας
1194 2933 1323 2996 τοὺς
1357 2932 1574 3003 λόγους,
1605 2933 1698 2999 οὓς
1732 2935 1829 2988 ἐω-

245 3023 464 3092 ράκασιν
515 3022 789 3092 ὀφθαλμοί
849 3038 970 3088 σου,
1025 3027 1120 3078 καὶ
1152 3024 1230 3096 μὴ
1251 3025 1652 3094 ἀποστήτωσαν
1717 3027 1828 3081 ἀπὸ

239 3115 330 3185 τῆς
362 3114 598 3186 καρδίας
628 3130 745 3167 σου.
773 3132 791 3166 ι

1946 1929 2096 1985 stra,
2132 1933 2188 1978 et
2221 1925 2419 1982 cadent
2454 1944 2642 1984 coram
2690 1934 2850 1989 vobis
2893 1935 3107 1992 inimici
3164 1944 3328 1996 vestri
3379 1945 3533 1998 occi-

1945 2012 2101 2068 sione
2123 2053 2137 2078 ,
2187 2023 2243 2070 ct
2287 2030 2689 2089 persequentur
2735 2024 2980 2096 quinque
3009 2028 3077 2083 de
3110 2033 3313 2088 vestris
3343 2046 3531 2089 cente—

1945 2119 2070 2167 nos,
2091 2115 2146 2161 et
2173 2118 2394 2164 centum
2413 2125 2478 2166 ex
2498 2115 2654 2170 vobis
2681 2131 3088 2188 persequentur
3105 2123 3290 2180 decem
3321 2128 3527 2196 millia;

1943 2206 1998 2251 et
2024 2202 2217 2256 cadent
2248 2203 2462 2259 inimici
2491 2208 2661 2263 vestri
2688 2224 2874 2266 coram
2909 2213 3068 2270 vobis
3098 2217 3297 2287 gladio.
3352 2221 3415 2276 Et
3443 2239 3533 2280 re-

1943 2292 2173 2361 spiciam
2201 2311 2320 2362 vos,
2341 2305 2396 2352 et
2416 2313 2667 2358 crescere
2700 2299 2898 2360 faciam
2925 2323 2940 2372 ;
2971 2318 3024 2363 et
3045 2317 3283 2369 statuam
3307 2327 3528 2388 pactum

1942 2401 2124 2441 meum
2149 2389 2460 2478 vobiscum.
2490 2391 2557 2448 Et
2585 2396 2890 2455 comedetis
2913 2409 3156 2472 vetusta,
3184 2415 3240 2462 et
3268 2413 3530 2468 vetustis-

1941 2478 2080 2531 sima
2117 2489 2368 2537 veterum
2393 2524 2408 2550 ,
2443 2493 2497 2540 et
2529 2493 2718 2543 vetera
2742 2504 2774 2544 a
2803 2489 2943 2547 facie
2969 2508 3239 2551 novorum
3267 2498 3528 2569 eiicietis.

1941 2569 2006 2624 Et
2035 2587 2235 2642 ponam
2273 2584 2492 2646 paetum
2527 2595 2712 2636 meum
2744 2583 2799 2638 in
2837 2585 3021 2652 vobis,
3063 2599 3117 2644 et
3161 2607 3272 2646 non
3312 2595 3529 2650 abomi-

1940 2665 2161 2720 nabitur
2194 2683 2294 2723 vos
2326 2669 2514 2725 anima
2546 2687 2690 2728 mea.
2725 2673 2790 2730 Et
2825 2678 3121 2736 ambulabo
3153 2683 3207 2737 in
3243 2685 3401 2741 vobis
3423 2728 3438 2754 ,
3471 2699 3527 2742 et

1936 2772 2032 2813 ero
2059 2755 2201 2813 Deus
2231 2768 2464 2816 vester.»

2014 2850 2170 2904 Deut.
2205 2867 2282 2916 tv,
2309 2853 2448 2908 9.—
2471 2873 2489 2906 ι
2516 2856 2752 2914 Attende
2781 2859 2878 2916 tibi
2904 2901 2920 2926 ,
2954 2872 3010 2918 et
3037 2866 3255 2922 custodi
3282 2869 3524 2926 animam

1940 2951 2087 2999 tuam
2138 2945 2395 3002 sollicite.
2447 2945 2524 3002 Ne
2568 2948 2919 3007 obliviscaris
2945 2957 3189 3012 omnium
3227 2960 3524 3017 verborum

1937 3051 2058 3105 quae
2080 3033 2338 3094 viderunt
2359 3040 2506 3094 oculi
2531 3041 2643 3109 tui,
2672 3050 2727 3098 et
2755 3058 2821 3098 ne
2846 3047 3106 3103 excidant
3127 3065 3158 3106 c
3181 3051 3351 3108 corde
3371 3062 3521 3110 tuo.»

308 3227 326 3259 ι
353 3183 648 3261 Φυλάττων
671 3206 910 3275 φύλαξαι
941 3206 1039 3270 τὰς
1061 3206 1286 3272 ὲντολάς
1314 3208 1524 3280 Κυρίου
1556 3208 1652 3263 τοῦ
1681 3208 1818 3262 Θεοῦ

2004 3221 2164 3276 Deut.
2201 3238 2286 3290 vt,
2313 3224 2406 3279 l7.
2432 3253 2498 3264 -ο
2531 3242 2550 3276 ι
2584 3225 2968 3285 Custodiendo
3000 3234 3216 3288 custodi
3252 3245 3525 3309 praecepta

240 3315 356 3366 σου,
386 3300 455 3353 τὰ
497 3297 781 3370 μαρτύρια
835 3300 929 3352 καὶ
973 3297 1045 3351 τὰ
1080 3298 1430 3370 δικαιώματα
1479 3301 1580 3354 ὅσα
1625 3302 1828 3356 ἐνετεί-

239 3389 358 3444 λατό
386 3408 471 3444 σοι
574 3439 578 3444 ,

307 3503 326 3535 ι
353 3485 466 3538 Οὐκ
521 3481 795 3546 ἑκκλινεῖς
847 3482 1018 3554 δεξιᾷ,
1054 3484 1174 3537 ουὸὲ
1208 3485 1499 3556 ἀριστερᾷ,
1565 3485 1705 3540 κατὰ
1724 3487 1829 3540 πᾶ-

241 3595 332 3631 σαν
352 3577 446 3649 τὴν
467 3575 618 3643 ὁδὸν,
647 3575 715 3648 ἣν
735 3575 1045 3630 ἐνετείλατό
1080 3578 1161 3630 σοι
1188 3578 1216 3629 ὁ
1244 3575 1470 3646 Κύριος.
1499 3595 1518 3628 ι

305 3781 324 3815 ι
371 3764 505 3818 Ἐὰν
533 3762 807 3833 ἀκούσητε
828 3760 899 3817 τὰ
925 3761 1278 3833 δικαιώματά
1329 3780 1430 3834 μου
1483 3762 1679 3830 ταῦτα,
1734 3764 1830 3820 καὶ

235 3857 529 3929 φυλάξητε,
564 3857 659 3910 καὶ
693 3856 986 3928 ποιήσητε,
1047 3856 1368 3928 διαφυλάξει
1401 3858 1612 3930 Κύριος
1642 3862 1670 3913 ὁ
1693 3859 1828 3923 Θεὸς

236 3948 358 4019 ὑμῖν
411 3950 520 4020 τὴν
551 3949 838 4021 διαθήκην,
869 3950 964 4004 καὶ
995 3950 1060 4003 τὸ
1108 3950 1281 4016 ἕλεος,
1316 3950 1344 4003 ὃ
1377 3950 1547 4021 ὥρισε
1578 3955 1690 4016 τοῖς
1721 3971 1826 4006 πα-

234 4040 421 4108 τράσιν
449 4021 634 4109 ὑμῶν,
667 4044 761 4092 καὶ
811 4038 1094 4110 ἀγαπήσει
1125 4055 1186 4091 σε
1212 4038 1437 4110 Κύριος,
1470 4041 1564 4092 καὶ
1595 4040 1822 4110 εὐλογήο

237 4149 316 4186 σει
359 4133 429 4188 τὰ
482 4132 682 4200 ἔγγονα
739 4133 840 4203 τῆς
886 4130 1100 4194 κοιλίας
1142 4147 1260 4195 σου,
1293 4130 1402 4195 ,καὶ
1455 4131 1549 4184 τὸν
1606 4115 1823 4200 καρπὸν

235 4223 329 4292 τῆς
354 4225 460 4295 γῆς
490 4240 606 4290 σου,
633 4224 729 4277 καὶ
756 4222 850 4279 τὸν
894 4224 1045 4276 σῖτόν
1076 4238 1196 4286 σου,
1240 4222 1334 4275 καὶ
1390 4221 1482 4274 τὸν
1527 4220 1671 4274 οἶνόν
1703 4239 1822 4287 σου,

238 4319 326 4371 καὶ
348 4320 408 4371 τὸ
437 4318 624 4371 ἔλαιόν
649 4334 744 4370 σου
775 4333 789 4345 ’
822 4316 919 4369 καὶ
949 4315 1246 4387 εὐλογητὸς
1303 4314 1402 4386 ἔσῃ
1462 4315 1615 4386 παρὰ
1647 4315 1823 4368 πάντα

235 4413 300 4463 τὰ
337 4411 492 4482 ἔθνη.
528 4430 546 4464 ι

1934 3311 2154 3368 Domini
2181 3314 2276 3369 Dei
2309 3316 2386 3370 tui
2417 3356 2431 3381 ,
2464 3317 2784 3375 testimonia
2811 3328 2865 3374 et
2888 3321 3352 3394 iustiﬁcationes,
3378 3345 3528 3399 qua:-

1930 3417 2151 3473 cunque
2183 3406 2462 3462 mandavit
2491 3408 2612 3463 tibi.
2643 3427 2666 3461 ι

2003 3492 2159 3550 Deut.
2193 3512 2304 3551 xvn
2329 3539 2344 3566 ,
2374 3499 2546 3553 ll.—
2569 3518 2588 3552 ι
2620 3498 2738 3556 Non
2765 3500 3073 3560 declinabis
3100 3507 3166 3562 ad
3197 3510 3522 3576 dexteram,

1932 3599 2110 3656 neque
2137 3589 2207 3643 ad
2238 3589 2549 3658 sinistram,
2569 3592 2877 3648 secundum
2901 3610 3122 3652 omnem
3153 3599 3323 3665 viam,
3354 3617 3522 3672 quam

1933 3681 2182 3754 praecipit
2213 3683 2311 3740 tibi
2343 3682 2629 3742 Dominus.
2661 3705 2680 3738 ι

2002 3774 2162 3829 Deut.
2195 3791 2307 3843 vn,
2346 3776 2433 3832 M.
2465 3807 2536 3817 -—
2571 3794 2591 3830 ι
2634 3778 2694 3833 Si
2745 3778 3037 3839 audieritis
3094 3783 3523 3856 iustiﬁcationes

1932 3884 2084 3924 meas
2115 3869 2248 3938 bas,
2285 3879 2340 3926 et
2384 3870 2764 3929 custodieritis
2789 3884 2898 3942 ,.et
2928 3876 3174 3934 fet-eritis
3196 3920 3212 3946 ,
3247 3883 3522 3939 custodiet

1933 3962 2089 4017 vobis
2109 3961 2378 4019 Dominus
2398 3963 2546 4021 Deus
2567 3977 2790 4037 pactum
2814 3975 2870 4023 et
2893 3969 3333 4028 misericordiam
3356 3990 3521 4044 quam

1931 4055 2268 4127 prmscﬂpsit
2314 4058 2566 4128 patribus
2616 4060 2852 4125 vestris,
2901 4062 3175 4133 etdiliget
3225 4072 3280 4118 te
3331 4064 3516 4120 Domi-

1929 4164 2074 4212 nus,
2121 4159 2177 4204 et
2221 4148 2510 4205 benedicet
2557 4149 2705 4206 fetus
2760 4152 2974 4208 ventris
3021 4155 3145 4218 tui,
3191 4165 3248 4210 et
3303 4155 3516 4212 fructus

1930 4250 2088 4296 terra:
2121 4250 2263 4304 tuae,
2291 4251 2346 4297 et
2379 4241 2718 4298 frumentum
2761 4253 2915 4298 tuum
2940 4284 2955 4308 ,
3005 4255 3060 4301 et
3103 4247 3294 4301 vinum
3337 4256 3514 4309 tuum.

1926 4341 1980 4387 et
2025 4335 2209 4390 oleum
2263 4343 2462 4389 tuum:
2495 4344 2551 4390 et
2594 4335 2926 4393 benedictus
2957 4337 3071 4393 eris
3121 4354 3287 4410 super
3324 4355 3514 4397 omnes

1821 4455 1823 4457 ί
1927 4433 2136 4496 gentes.
2168 4445 2186 4479 ι

307 4530 326 4563 ι
351 4513 480 4566 Ἐἀν
496 4513 633 4582 ἀκοῇ
652 4509 864 4584 ἀκούσῃ
881 4510 981 4580 τῆς
1003 4507 1190 4578 φωνῆς
1205 4507 1435 4596 Κυρίου,
1459 4507 1824 4596 εὐλογημένος

2002 4515 2158 4570 Deut.
2197 4532 2388 4584 xum,
2414 4518 2544 4584 5-6,
2571 4519 2625 4586 8,
2653 4519 2749 4586 l2,
2775 4520 2985 4578 l5.——-i
3011 4521 3071 4576 Si
3101 4521 3293 4578 auditu
3324 4525 3514 4579 audie-

235 4603 297 4656 σύ
328 4605 386 4658 ἐν
405 4601 586 4673 ἀγρῷ,
640 4601 735 4655 καὶ
761 4601 1110 4672 εὐλογημένη
1133 4600 1168 4670 ἡ
1196 4594 1453 4670 ἀποθήκη
1483 4615 1602 4668 σου,
1630 4600 1726 4654 καὶ
1744 4594 1824 4654 ’τὰ

235 4695 728 4766 ὲγκαταλείμματά
769 4711 889 4751 σου.
922 4694 1300 4764 Εὐλογημένος
1325 4692 1391 4745 σὺ
1431 4693 1490 4745 ὲν
1527 4691 1606 4764 τῷ
1635 4694 1824 4746 εἰσπο-

234 4783 487 4853 ρεύεσθαι
526 4801 585 4836 σε
606 4801 619 4814 ·
665 4783 967 4854 ἀποστείλῃ
985 4782 1193 4854 Κύριος
1221 4782 1316 4836 ἐπὶ
1340 4783 1400 4836 σὲ
1422 4783 1521 4855 τὴν
1545 4783 1821 4853 εὐλογίαν,

230 4868 290 4928 οὗ
314 4875 409 4929 ἐὰν
448 4875 747 4947 ἐπιϐάλλῃς
779 4876 880 4946 τὴν
907 4875 1070 4945 χεῖρά
1100 4891 1218 4942 σου,
1251 4876 1348 4928 καὶ
1375 4875 1662 4947 εὐλογήσει
1696 4876 1826 4930 πάν-

230 4984 298 5022 τα
328 4969 396 5022 τὰ
429 4968 566 5039 ἔργα
624 4968 734 5022 τῶν
788 4968 992 5039 χειρῶν
1055 4984 1175 5032 σου,
1229 4967 1326 5021 καὶ
1372 4966 1580 5031 δανιεῖς
1641 4966 1822 5022 ἔθνεσι

231 5059 466 5126 πολλοῖς,
500 5061 565 5114 σὺ
603 5060 660 5114 δὲ
680 5060 741 5113 οὐ
767 5059 956 5131 δανιῇο
978 5058 1074 5112 καὶ
1115 5058 1304 5128 ἄρξεις
1358 5057 1532 5112 ἐθνῶν
1580 5058 1818 5113 πολλῶν.

231 5153 339 5206 Καὶ
370 5153 705 5225 καταστήσει
723 5169 784 5206 σε
813 5152 1023 5223 Κύριος
1056 5152 1138 5215 είς
1167 5151 1438 5223 κεφαλὴν,
1496 5151 1594 5206 καὶ
1625 5149 1705 5224 μὴ
1741 5153 1822 5216 εἰς

228 5245 418 5316 οὐρὰν,
461 5247 556 5301 καὶ
601 5245 764 5301 δώσει
801 5245 894 5300 τὸν
929 5245 1084 5298 ὑετὸν
1136 5243 1238 5315 τῆς
1275 5244 1378 5317 γῆς
1431 5261 1526 5299 σου
1576 5245 1682 5311 ἕως
1707 5263 1823 5300 και-

230 5338 350 5407 ροῦ.
376 5357 397 5390 ι

305 5459 324 5492 ι
358 5437 495 5496 Eius
529 5439 788 5512 Σαμουήλ
807 5455 822 5470 ο
845 5441 911 5494 El
936 5439 1164 5510 θελητδν
1195 5439 1272 5512 τῷ
1297 5441 1490 5512 Κυρίῳ
1521 5441 1820 5495 ὁλοκαυτώ-

232 5548 378 5601 ματα
427 5533 521 5586 καὶ⁵
573 5532 781 5600 θυσίαι,
817 5535 894 5599 ὡς
918 5533 982 5587 τὸ
1016 5531 1252 5587 ἀκοῦσαι
1320 5532 1506 5604 φωνῆς
1565 5534 1815 5606 Κυρίου;

241 5624 373 5678 Ἰδοὺ
405 5625 543 5698 ἀκοὴ
574 5626 715 5697 ὑπὲρ
747 5625 962 5681 θυσίαν.
1009 5645 1030 5679 ι
1611 5627 1622 5630 ’

304 5734 328 5769 ς
375 5716 440 5771 Ἦ
473 5719 690 5789 ὐπακοή
734 5735 828 5771 σου
876 5717 1148 5786 ἐπλήθυνε
1195 5735 1262 5788 με
1289 5719 1371 5783 είς
1409 5719 1750 5791 πλατυσμόν.
1789 5740 1808 5772 ι

548 5885 826 5949 Pnaor.
875 5884 994 5946 Gn.
1047 5883 1227 5944 XCV.

1928 4609 2005 4665 ris
2039 4623 2229 4666 vocem
2261 4607 2518 4679 Domini,
2548 4611 2877 4669 benedictus
2905 4621 2961 4668 tu
2996 4613 3053 4668 in
3085 4629 3242 4685 agro,
3269 4625 3324 4672 et
3353 4616 3522 4672 bene-

1927 4700 2136 4755 dictum
2169 4701 2425 4757 horreum
2459 4710 2616 4758 tuum
2638 4742 2654 4767 ,
2685 4711 2740 4758 et
2766 4704 3074 4762 benedicta:
3107 4705 3357 4776 reliquiae
3387 4714 3524 4769 tu:e.

1926 4789 2258 4847 Benedictus
2289 4801 2347 4846 tu
2379 4791 2433 4846 in
2477 4793 2854 4864 egrediendo;
2891 4795 3072 4848 mittat
3114 4793 3382 4851 Dominus
3427 4812 3518 4852 su.

1926 4897 2024 4951 per
2056 4890 2112 4938 te
2139 4883 2619 4951 benedictionem,
2656 4883 2975 4956 ubicunque
3005 4884 3265 4956 inieceris
3295 4902 3514 4943 manum

1928 4986 2076 5029 tuam
2107 4993 2121 5042 ;
2153 4986 2209 5032 et
2242 4976 2537 5033 benedicat
2567 4977 2752 5032 omnia
2787 4991 2956 5049 opera
2978 4992 3241 5033 manuum
3273 4988 3521 5034 tuarum,

1925 5078 1979 5123 et
2002 5067 2285 5126 fenerabis
2308 5071 2565 5142 gentibus
2595 5069 2785 5126 multis
2813 5114 2828 5139 ,
2872 5080 2927 5126 et
2959 5071 3077 5141 ipse
3106 5086 3137 5124 a
3170 5072 3324 5126 nullo
3357 5073 3523 5128 fenus

1926 5163 2169 5234 accipies
2197 5183 2212 5234 ;
2244 5173 2299 5220 et
2329 5164 2710 5221 dominaberis
2741 5165 3000 5237 gentibus
3025 5166 3239 5222 multis.
3287 5165 3354 5220 Et
3383 5183 3530 5224 eon~

1925 5258 2121 5315 stituet
2158 5267 2212 5314 te
2245 5259 2514 5314 Dominus
2552 5260 2608 5314 in
2645 5271 2850 5330 caput,
2899 5268 2957 5316 et
2989 5275 3100 5314 non
3152 5260 3207 5314 in
3257 5260 3525 5315 caudam»

1923 5351 1989 5408 Et
2019 5352 2174 5408 dabit
2203 5352 2436 5408 imbrem
2465 5360 2626 5409 terrae
2650 5354 2707 5408 in
2743 5363 3006 5424 tempore.
3030 5367 3156 5408 suo.
3192 5371 3212 5404 ι

1994 5444 2025 5500 1
2054 5445 2182 5517 Reg.
2213 5461 2302 5511 xv,
2329 5443 2509 5500 22.—-
2531 5465 2552 5499 ι
2583 5445 2731 5501 Dixit
2755 5447 2976 5502 Samuel
2997 5465 3010 5502 :
3035 5445 3295 5514 hunquid
3325 5445 3516 5502 Domi-

1921 5553 2032 5594 nus
2060 5538 2181 5594 vult
2215 5538 2542 5595 bolocausta
2571 5548 2628 5594 et
2657 5538 2916 5595 victimas
2937 5580 2952 5607 ,
2996 5539 3143 5593 sicut
3176 5538 3371 5594 audire
3411 5552 3508 5592 vo-

1919 5648 2041 5691 cem
2069 5634 2328 5691 Domini?
2351 5632 2483 5690 Ecce
2518 5633 2831 5692 obedientia
2858 5647 3026 5703 supra
3053 5633 3334 5688 victimam
3369 5638 3504 5686 est”

1994 5721 2058 5779 11
2092 5723 2222 5792 Reg.
2257 5740 2368 5778 xxu
2391 5762 2406 5787 ,
2437 5722 2538 5776 2ον
2569 5752 2636 5763 -
2665 5743 2683 5776 ι
2715 5722 3041 5781 Obedientia
3091 5731 3188 5777 tua
3237 5719 3507 5790 multipli.

1921 5819 2066 5876 cavit
2096 5833 2181 5874 me
2216 5819 2270 5874 in
2301 5819 2672 5875 latitudinem.
2704 5839 2722 5870 ι

3101 5887 3178 5948 45
