3960 6374
392 323 522 390 1419

1572 319 1634 380 S.
1674 317 1994 380 JOANNIS
2031 317 2463 378 DAMASCENI

3536 315 3674 384 1420

455 436 554 492 Job
593 446 730 489 mu
756 471 770 498 ,
812 431 897 486 ll.
935 459 989 472 -
1040 450 1057 482 ι
1088 429 1218 486 Vias
1270 429 1387 500 ejus
1431 431 1739 496 custodivi,
1773 437 1826 484 et
1860 444 1967 484 non

2150 447 2169 479 ι
2219 427 2404 491 Ὁδοὺς
2449 427 2616 481 αὑτοῦ
2667 427 2934 498 ἐφύλαξα,
2968 435 3062 487 καὶ
3089 433 3151 503 ού
3184 432 3258 503 μὴ
3282 433 3521 487 ἑκκλίνω
3562 434 3673 487 ἀπο

388 528 675 584 declinatio
707 539 735 578 a
769 523 1049 578 mandatis
1081 523 1239 594 ejus,
1281 537 1349 578 ne
1380 523 1608 576 moriar.
1643 541 1662 574 ι

447 618 550 673 .Iob
589 631 790 680 xxxvr,
824 614 913 668 Η.
951 644 1018 654 -
1060 632 1078 666 ι
1110 614 1168 668 Si
1206 613 1521 678 audierint,
1551 619 1606 668 ct
1639 611 1929 668 servierint
1952 651 1966 674 ,

384 707 670 777 perfici-ent
697 704 816 761 dies
848 717 980 760 suos
1009 703 1064 758 in
1092 703 1256 760 bonis
1277 744 1291 770 ,
1325 711 1380 759 et
1413 717 1591 759 annos
1624 715 1755 758 suos
1786 701 1840 755 in
1876 700 1969 756 de-

385 810 527 851 core.
563 812 583 846 ι

449 896 601 952 Psal.
637 911 771 952 xvm
795 937 809 962 ,
839 897 893 952 9.
922 923 978 934 —-
1019 912 1037 946 ι
1069 891 1407 963 Praeceptum
1441 888 1656 946 Domini
1691 888 1954 956 lucidum,

379 996 433 1043 ct
461 989 785 1044 illuminans
816 987 1030 1042 oculos.
1067 1005 1087 1038 ι

453 1080 606 1136 Psal.
636 1095 746 1146 cn,
783 1080 870 1136 1⁵1.
901 1107 971 1118 ——
1007 1097 1025 1129 ι
1055 1077 1121 1132 Et
1162 1077 1380 1148 justitta
1429 1076 1580 1130 illius
1611 1075 1666 1130 in
1701 1074 1843 1134 ﬁlios
1873 1074 1970 1129 ho-

384 1173 593 1229 minum
615 1214 630 1240 ,
661 1173 751 1227 his
781 1173 872 1242 qui
907 1181 1128 1227 servant
1158 1175 1553 1226 testamentum
1585 1167 1731 1237 ejus.
1766 1186 1786 1219 ι
1839 1208 1872 1242 ί

442 1265 594 1320 Psal.
627 1279 789 1320 cxvtu
814 1305 828 1328 ,
857 1263 913 1317 5.
933 1291 1003 1302 --
1025 1281 1044 1314 ι
1071 1261 1291 1319 Utinam
1322 1261 1633 1332 dirigantur
1664 1261 1765 1316 viae
1799 1273 1929 1314 meae
1953 1299 1967 1324 ,

381 1356 445 1412 ad
482 1355 903 1420 custodiendas,
934 1374 951 1406 ι
982 1363 1094 1410 etc.

453 1445 595 1500 Ibid.
626 1446 751 1500 142.
778 1475 847 1487 -
873 1465 889 1497 ι
922 1445 1031 1499 Lex
1070 1455 1158 1498 tua
1190 1444 1415 1499 veritas.
1449 1460 1470 1495 ι

462 1532 620 1588 Prov.
682 1548 828 1598 xxx,
891 1533 948 1586 5.
986 1561 1056 1573 -—
1095 1551 1112 1583 ι
1151 1529 1356 1586 Omnes
1405 1543 1690 1586 sermones
1748 1529 1967 1585 Domini

379 1625 561 1696 igniti.
599 1625 881 1680 Pratector
906 1631 1089 1679 autem
1119 1633 1202 1680 est
1231 1621 1478 1678 omnium
1509 1622 1820 1677 timentium
1848 1637 1962 1677 se.»

454 1714 630 1770 Eccle.
664 1729 772 1780 χιι,
803 1716 988 1770 15.-ι
1010 1712 1164 1769 Finis
1202 1713 1494 1777 sermonis,
1530 1712 1658 1768 audi
1697 1726 1964 1784 prorsus:

381 1803 550 1862 Deum
581 1806 747 1867 time,
783 1814 837 1861 et
875 1805 1134 1859 mandata
1165 1805 1290 1874 ejus
1322 1803 1565 1860 custodi.
1597 1822 1615 1855 ι

450 1895 616 1968 456
665 1896 820 1951 Prov.
880 1912 1008 1962 ιιν,
1059 1896 1148 1952 97.
1181 1925 1248 1935 —-
1287 1915 1304 1947 ι
1343 1895 1684 1967 Ριωοθριιιιιι
1744 1895 1964 1951 Domini

381 1988 504 2044 fons
545 1989 692 2045 vitae.
726 2007 746 2041 ι

457 2101 477 2133 ι
502 2079 606 2148 Qui
642 2081 884 2150 diligunt
917 2083 1126 2153 legem,
1160 2097 1316 2136 muro
1348 2097 1410 2137 se
1439 2083 1909 2153 circumcingunt.
1943 2101 1960 2132 ι

444 2269 608 2328 Zach.
645 2287 705 2326 ιιι
729 2311 743 2337 ,
783 2272 835 2325 7.
872 2297 936 2308 —-
975 2286 994 2318 ι
1023 2265 1152 2322 Haec
1181 2265 1317 2320 dicit
1346 2264 1614 2322 Dominus
1642 2284 1656 2320 :
1691 2265 1748 2320 Si
1781 2265 1837 2320 in
1865 2267 1970 2320 viis

380 2363 518 2419 meis
548 2361 957 2428 ambulaveris,
993 2369 1049 2416 et
1087 2365 1364 2430 praecepta
1423 2372 1544 2414 mea
1595 2357 1928 2415 custodieris
1952 2397 1966 2421 ,

379 2467 435 2511 ιιι
467 2454 804 2526 dijudicabis
833 2455 1059 2510 domum
1090 2467 1288 2508 meam.
1321 2469 1338 2502 ι

449 2546 563 2603 ιω.
601 2563 688 2612 ιν,
753 2547 810 2601 2.
839 2575 910 2586 ——
936 2564 956 2596 ι
983 2545 1186 2600 Audite
1218 2557 1305 2598 me
1327 2584 1341 2609 ,
1372 2551 1430 2598 et
1463 2540 1741 2598 comedite
1791 2542 1932 2598 bona
1954 2581 1967 2606 ,

377 2647 427 2694 et
460 2640 765 2694 delectetur
796 2639 849 2693 in
882 2638 1039 2693 bonis
1071 2637 1253 2692 anima
1287 2642 1492 2692 vestra.
1527 2655 1546 2688 ι

449 2727 616 2783 Εεσιὶ.
650 2744 740 2783 χιιι
765 2767 779 2793 ,
818 2727 912 2784 21.
943 2758 1011 2768 -
1051 2743 1069 2778 ι
1105 2725 1299 2782 Melior
1328 2734 1416 2782 est
1449 2726 1615 2783 homo
1641 2743 1734 2798 qtn
1769 2725 1972 2781 minui.

377 2833 468 2876 tur
493 2819 768 2892 sapientia
801 2834 927 2875 cum
957 2819 1195 2882 timore,
1235 2829 1401 2888 quam
1435 2818 1528 2888 qui
1559 2817 1807 2873 abundat
1843 2819 1999 2872 sen-'

378 2925 443 2966 su
466 2947 482 2974 ,
513 2919 569 2966 et
602 2907 1012 2979 transgreditur
1046 2907 1244 2978 legem.
1271 2924 1290 2958 ι

447 2997 616 3053 Ecrli.
654 3011 828 3064 ut",
860 2997 915 3052 ὅ.
949 3027 1020 3038 -—
1055 3015 1073 3048 ι
1111 2995 1262 3050 Nihil
1299 2995 1519 3051 dulcius
1543 3040 1558 3062 ,
1593 3012 1761 3066 quam
1795 2995 1970 3066 respi-

377 3105 504 3146 cere
535 3089 590 3144 in
624 3086 901 3143 mandatis
935 3087 1175 3142 Domini.
1206 3107 1223 3137 ι

453 3177 621 3234 Eccti.
656 3193 805 3232 xm:
831 3216 844 3241 ,
883 3176 972 3232 19.
1006 3207 1074 3216 ——
1115 3197 1131 3228 ι
1166 3176 1268 3243 Qui
1305 3177 1501 3248 qumrit
1535 3177 1711 3248 legem
1736 3217 1750 3241 ,
1789 3176 1970 3246 reple-

379 3273 532 3328 bitur
563 3286 648 3326 ea.
689 3290 708 3323 ι

448 3363 622 3419 Eccli.
654 3377 781 3416 xxix
810 3402 824 3428 ,
853 3362 944 3415 M.
977 3390 1046 3400 —
1079 3379 1098 3412 ι
1129 3358 1279 3416 Pone
1329 3359 1655 3416 thesaurum
1708 3368 1864 3414 tuum
1917 3359 1971 3412 in

379 3453 667 3527 praeceptis
706 3447 1018 3518 Altissimi',
1054 3462 1108 3507 et
1142 3451 1390 3522 proderit
1421 3452 1522 3508 tibi
1576 3451 1756 3520 magis
1804 3465 1971 3521 quant

381 3563 604 3606 aurum.
645 3566 664 3600 ι

449 3644 647 3699 Matth.
677 3659 787 3710 vn,
813 3641 1008 3697 21-24.
1029 3670 1098 3681 -
1123 3657 1141 3692 ι
1167 3638 1284 3694 Non
1313 3638 1498 3696 omnis
1527 3638 1623 3709 qui
1650 3635 1790 3691 dicit
1815 3635 1972 3702 mihi,

379 3737 612 3793 Domine
633 3775 649 3802 ,
682 3736 948 3798 Domine,
981 3733 1217 3789 intrabit
1265 3733 1319 3788 in
1373 3745 1606 3802 regnum
1655 3729 1927 3785 ccelorum
1957 3745 1972 3795 ;

377 3829 473 3885 sed
497 3827 590 3899 qui
624 3827 758 3882 facit
776 3826 1120 3883 voluntatem
1148 3823 1336 3881 Patris
1356 3823 1463 3880 mei
1489 3822 1583 3894 qui
1605 3823 1661 3876 in
1684 3820 1840 3878 ccelis
1867 3829 1972 3878 est.

377 3920 572 3978 Omnis
599 3919 695 3990 qui
721 3919 878 3975 audit
907 3917 1073 3974 verba
1105 3932 1224 3972 mea
1245 3955 1260 3982 ,
1285 3923 1340 3973 et
1369 3915 1504 3971 facit
1529 3930 1593 3972 ea
1617 3953 1634 3980 ,
1656 3914 1977 3969 assimilabo

377 4015 537 4070 illum
571 4013 694 4070 viro
728 4012 1009 4084 sapienti,
1059 4011 1153 4081 qui
1204 4007 1501 4065 aedificavit
1544 4009 1767 4063 domum
1817 4021 1976 4063 suam

378 4121 546 4176 supra
575 4114 807 4178 petram.
839 4103 902 4158 Et
927 4103 1214 4160 descendit
1237 4101 1422 4172 pluvia
1443 4140 1458 4164 .
1484 4109 1540 4156 et
1570 4106 1844 4156 venerunt
1870 4097 1975 4152 llu-

377 4200 527 4253 mina
549 4238 564 4263 ,
599 4205 653 4254 et
687 4197 959 4252 [laverunt
994 4196 1144 4252 venti
1166 4233 1180 4258 ,
1218 4203 1274 4250 et
1307 4195 1597 4248 irrucrunt
1646 4192 1703 4247 in
1740 4190 1968 4246 domum

378 4291 529 4345 illam
551 4331 567 4357 ,
594 4297 651 4345 et
679 4305 787 4344 non
819 4288 1041 4345 cecidit.
1071 4286 1323 4342 Fundata
1351 4286 1497 4342 enim
1520 4291 1641 4340 erat
1672 4297 1841 4354 supra
1859 4297 1972 4353 ,ρο-

379 4392 541 4437 tratn.
577 4400 594 4432 I

2000 1774 2040 1828 Β

2072 517 2180 571 τῶν
2207 519 2444 573 ἐντολῶν
2473 520 2664 585 αὐτοῦ,
2703 523 2789 574 ἵνα
2820 524 2895 592 μὴ
2927 498 3211 578 ἀποθοῗιω.
3245 542 3286 591 ι,

2155 633 2173 664 ι
2209 613 2336 668 Ἐὰν
2394 614 2672 668 ἀκούσωσι
2729 616 2826 668 καὶ
2880 615 3234 682 δουλεύσωσι,
3283 619 3671 673 συντελέσωσι

2071 704 2172 768 τὰς
2199 703 2413 776 ἡμέρας
2454 705 2638 760 αὐτῶν
2667 706 2727 757 ὲν
2751 704 3004 774 ἀγαθοῖς,
3035 707 3132 760 καὶ
3149 707 3218 760 τὰ
3265 705 3577 780 ἑτη·αὐτῶν
3609 711 3671 763 ὲν

2073 797 2460 866 εὐπρεπείαις.
2487 816 2506 849 ι

2155 906 2174 940 ι
2227 888 2292 941 Ἠ
2333 887 2522 960 ἐντολὴ
2577 887 2674 942 τοῦ
2726 889 2934 959 Κυρίου
2991 887 3296 960 τηλαυγὴς,
3356 888 3672 960 φωτίζουσα

2072 977 2409 1048 ὀφθαλμούς.
2441 996 2459 1029 ι

2147 1089 2166 1122 ι
2211 1069 2275 1124 Ἡ
2305 1069 2626 1141 δικαιοσύνη
2671 1070 2839 1125 αὐτοῦ
2871 1072 2964 1125 ἐπὶ
2993 1072 3146 1137 υἱοὺς
3193 1070 3330 1125 υἱῶν
3414 1071 3528 1135 τοῖς
3563 1087 3670 1138 φυ-

2073 1162 2334 1218 λάσσουσι
2362 1163 2461 1233 τὴν
2485 1163 2755 1234 διαθήκην
2775 1164 2960 1218 αὐτοῦ.
2984 1184 3002 1216 ι

2148 1271 2166 1304 ι
2193 1252 2426 1321 Ὄφελον
2461 1252 2968 1325 κατευθυνθείησαν
2999 1255 3057 1308 αἱ
3087 1254 3198 1308 ὁδοί
3260 1271 3387 1326 μου,
3439 1254 3538 1308 τοῦ
3567 1273 3672 1325 φυ-

2073 1345 2360 1412 λάξασθαι.
2389 1364 2408 1397 ι

2149 1455 2167 1487 ι
2191 1437 2257 1490 Ὃ
2289 1437 2454 1507 νόμος
2489 1453 2584 1489 σου
2613 1431 2862 1506 ἀλήθεια.
2902 1454 2922 1488 ι

2153 1543 2172 1579 ι
2219 1526 2431 1589 Πάντες
2459 1528 2510 1579 οἱ
2543 1525 2698 1594 λόγοι
2731 1527 2940 1598 Κυρίου
3005 1527 3421 1599 πεπυρωμένοι.
3469 1527 3673 1600 ’Υπερο

2075 1617 2386 1681 ασπίζειδὲ
2416 1617 2525 1671 τῶν
2557 1617 2980 1689 εὐλαϐουμένων
3008 1619 3192 1674 αὐτόν.
3219 1639 3238 1671 ›

2148 1731 2166 1762 ι
2210 1711 2378 1774 Τέλος
2407 1712 2594 1780 λόγου,
2621 1710 2682 1763 τὲ
2715 1713 2826 1765 πᾶν
2852 1712 3052 1766 hour
3084 1713 3178 1766 τὸν
3199 1711 3331 1767 Θεὸν
3351 1712 3543 1783 φοϐοῦ,
3575 1715 3674 1769 καὶ

2068 1803 2164 1868 τὰς
2193 1805 2419 1867 ἐντολὰς
2448 1802 2616 1857 αὐτοῦ
2641 1803 2905 1874 φύλασσε.
2936 1822 2957 1856 ι

2153 1913 2172 1946 ι
2210 1890 2556 1966 Πρόσταγμα
2575 1894 2789 1965 Κυρίου
2823 1894 2978 1965 πηγὴ
3003 1894 3175 1964 ζωῆς.
3207 1914 3226 1947 ›

2124 2077 2232 2130 «οί
2257 2077 2586 2146 ἀγαπῶντες
2641 2079 2733 2130 τὸν
2782 2078 2966 2150 νόμον,
3023 2077 3414 2150 περιϐαλοῦσιν
3455 2078 3669 2143 ἑαυτοῖς

2085 2174 2282 2240 τεῖχος.
2311 2189 2330 2220 t

2145 2282 2162 2313 ι
2185 2261 2324 2317 Τάδε
2375 2262 2523 2331 λέγει
2573 2261 2780 2333 Κύριος
2819 2279 2833 2292 ·
2880 2263 3006 2316 Ἐὰν
3037 2263 3095 2316 ὲν
3128 2265 3241 2327 τοῖς
3271 2263 3410 2326 ὁδοῖς
3437 2280 3542 2334 μου
3574 2280 3672 2316 πο-

2073 2356 2229 2427 ρεύῃ,
2291 2355 2388 2408 καὶ
2421 2357 2478 2407 ὲν
2514 2357 2628 2418 τοῖς
2683 2355 3079 2425 προστάγμασι
3131 2371 3234 2428 μου
3282 2355 3567 2428 φυλάσσῃ,
3598 2357 3665 2411 σὺ

2068 2448 2371 2520 διακρινεῖς
2401 2447 2492 2501 τὸν
2515 2443 2664 2500 οἶκόν
2691 2463 2814 2518 μου.
2844 2465 2862 2499 ι

2149 2559 2167 2590 ι
2209 2539 2508 2593 Ἀκούσατέ
2548 2555 2674 2610 μου,
2705 2539 2802 2592 καὶ
2828 2538 3073 2608 φάγεσθε
3115 2539 3321 2608 ἀγαθὰ,
3351 2541 3445 2595 καὶ
3474 2541 3671 2612 ἐντρυ-

2073 2628 2269 2701 φηθείη
2303 2631 2359 2683 ὲν
2384 2627 2611 2696 ἀγαθοῖς
2643 2630 2676 2699 ή
2701 2628 2848 2698 ψυχή
2873 2629 3049 2700 ὑμῶν.
3075 2649 3094 2681 ι

2144 2722 2477 2793 «Κρείττων
2539 2720 2859 2792 ἡττώμενος
2913 2721 2974 2774 ὲν
3033 2719 3250 2774 συνέσει
3311 2721 3591 2793 ἔμφοϐος,
3633 2722 3679 2795 ᾖ

2077 2812 2420 2886 περισσεύων
2462 2812 2747 2884 φρονήσει,
2779 2811 2876 2866 καὶ
2905 2813 3268 2881 παραϐαίνων
3295 2814 3480 2883 νόμον.
3507 2833 3526 2867 ι

2165 3015 2184 3046 ι
2226 2994 2396 3048 Οὐδὲν
2436 2993 2775 3064 γλυκύτερον
2808 2991 2903 3047 τοῦ
2943 2994 3234 3065 προσέχειν
3279 2995 3526 3059 ἐντολαῖς
3557 2995 3684 3050 Κυ-

2123 3107 2222 3144 ιου.
2252 3108 2268 3139 ι

2123 3107 2222 3144 sou.
2252 3108 2268 3139 ι

2084 3107 2115 3160 ρ
2150 3201 2168 3232 ι
2221 3180 2278 3233 Ὁ
2302 3178 2484 3250 ζητῶν
2513 3181 2701 3251 νόμον,
2733 3180 3194 3252 ἐμπλησθήσεται
3219 3180 3410 3238 αὑτοῦ.
3445 3199 3467 3233 θ

2154 3385 2171 3416 ι
2211 3365 2316 3429 Θὲς
2346 3368 2436 3419 τὸν
2465 3365 2740 3438 θησαυρόν
2797 3384 2894 3422 σου
2955 3370 3080 3424 κατ’
3127 3369 3352 3445 ἐντολὰς
3387 3369 3687 3443 Ὑψίστου,

2076 3458 2170 3511 καὶ
2199 3457 2532 3512 λυσιτελέσει
2558 3475 2642 3512 σοι
2675 3459 2888 3530 μᾶλλον
2919 3461 2953 3531 ἢ
2984 3461 3321 3532 τὸχρυσίον.
3345 3481 3365 3514 ι

2150 3660 2169 3692 ι
2195 3642 2270 3694 Οὐ
2299 3642 2406 3705 πᾶς
2431 3642 2460 3693 ὁ
2485 3642 2661 3710 λέγων
2691 3660 2803 3714 μοι,
2831 3641 3030 3713 Κύριε,
3067 3645 3263 3715 Κύριε,
3295 3644 3680 3701 εἰσελεύσεται

2078 3734 2157 3796 εἰς
2207 3734 2307 3803 τὴν
2361 3731 2647 3803 βασιλείαν
2693 3733 2801 3788 τῶν
2861 3733 3135 3805 οὐρανῶν,
3194 3733 3315 3788 ἀλλ’
3352 3737 3380 3788 ὁ
3412 3734 3585 3789 ποιῶν
3611 3737 3686 3790 τὸ

2078 3825 2292 3895 θέλημα
2321 3824 2415 3878 τοῦ
2447 3825 2666 3897 Πατρός
2707 3843 2810 3896 μου
2838 3825 2935 3879 τοῦ
2967 3828 3026 3880 ὲν
3048 3827 3323 3896 οὐρανοῖς.
3359 3827 3475 3892 Πᾶς
3524 3829 3678 3894 ὅστις

2078 3921 2271 3976 ἀκούει
2307 3940 2412 3993 μου
2439 3925 2568 3988 τοὺς
2605 3923 2821 3993 λόγους,
2859 3925 2954 3979 καὶ
3007 3926 3153 3978 ποιεῖ
3172 3924 3392 3991 αὐτοὺς,
3421 3923 3695 3995 ὁμοιώσω

2077 4015 2242 4069 αὐτὸν
2274 4017 2430 4088 ἀνδρὶ
2477 4017 2750 4089 φρονίμῳ,
2785 4019 2940 4082 ὅστις
2977 4017 3303 4088 ᾠκοδόμησε
3330 4003 3429 4090 τήν
3493 4018 3690 4070 οἰκίαν

2079 4107 2246 4162 αὐτοῦ
2295 4109 2390 4161 ἐπὶ
2417 4109 2520 4181 τὴν
2575 4111 2784 4182 πέτραν
2827 4126 2842 4141 ο
2891 4112 2987 4164 καὶ
3020 4111 3289 4182 κατέἦηή
3325 4109 3514 4181 βροχὴ,
3577 4112 3684 4162 καὶ

2077 4196 2242 4271 ἦλθον
2267 4203 2316 4254 σί
2347 4203 2610 4274 ποταμοὶ,
2638 4203 2734 4257 καὶ
2758 4201 3034 4256 ἔπνευσαν
3057 4203 3108 4256 οἱ
3131 4203 3352 4273 ἄνεμοι,
3373 4203 3467 4257 καὶ
3499 4219 3679 4273 προσ·

2079 4292 2282 4346 ἔπεσαν
2315 4294 2383 4363 τῇ
2413 4293 2563 4366 οἰκίᾳ
2615 4294 2825 4367 ἐκείνῃ,
2877 4295 2973 4349 καὶ
3014 4295 3116 4349 οὐκ
3167 4295 3385 4351 ἔπεσεν.
3432 4295 3679 4367 Τεθεμεο

2079 4381 2241 4435 λίωτο
2279 4381 2389 4451 γὰρ
2418 4384 2512 4435 ἐπὶ
2535 4385 2764 4455 πέτραν.
2795 4403 2814 4436 ι

449 4473 649 4529 Matth.
683 4489 798 4540 xu,
834 4472 921 4529 50.
952 4503 1023 4514 -
1060 4490 1078 4524 ι
1115 4472 1448 4542 Quicunque
1489 4467 1684 4526 fecerit
1716 4470 1967 4524 volunta-

2159 4492 2178 4526 ι
2220 4475 2317 4538 Ὃς
2345 4474 2412 4528 ἂν
2438 4476 2640 4546 ποιήσῃ
2669 4477 2730 4530 τὸ
2766 4475 2986 4548 θέλημα
3013 4477 3105 4530 τοῦ
3138 4477 3302 4542 Θεοῦ,
3329 4473 3485 4542 οὗτος
3513 4477 3675 4532 ἀδελ-

376 4580 486 4625 tem
515 4566 700 4623 Patris
727 4566 833 4623 mei
859 4565 957 4635 qui
1001 4566 1054 4621 in
1083 4564 1242 4621 caelis
1275 4572 1390 4629 est,
1428 4563 1516 4619 hic
1547 4564 1722 4620 frater
1743 4577 1928 4635 _meus
1953 4603 1972 4629 ,

376 4668 434 4718 et
459 4674 643 4726 soror,
671 4666 728 4715 et
756 4667 932 4714 mater
960 4665 1065 4714 est.
1104 4675 1125 4708 ι

443 4753 607 4809 Joan.
645 4768 739 4809 vm
762 4793 778 4820 ,
806 4751 894 4806 47.
924 4779 992 4791 -
1027 4769 1045 4802 ι
1083 4749 1188 4816 Qui
1237 4765 1304 4806 ex
1354 4749 1462 4806 Deo
1509 4757 1627 4821 est,
1663 4749 1831 4806 verba
1877 4749 1972 4806 Dei

377 4845 547 4900 audit.
583 4863 603 4896 ι

351 4950 373 5034 γ
445 4934 609 4989 Joan.
642 4951 766 5034 Ξιν,
1064 4934 1123 4991 Si
1152 4935 1382 5006 diligitis
1415 4950 1525 5002 me,
1556 4935 1815 4991 mandata
1849 4949 1969 4991 mea

375 5035 616 5085 servate.
639 5028 698 5083 Si
730 5028 857 5098 quis
884 5027 1061 5100 diligit
1081 5040 1190 5094 me,
1219 5041 1530 5084 sermonem
1558 5042 1740 5083 meum
1773 5042 1969 5084 serva-

372 5121 476 5187 bit,
500 5129 552 5175 et
579 5119 740 5176 Pater
765 5137 924 5178 meus
944 5121 1135 5192 diliget
1165 5129 1386 5184 eum,et
1408 5119 1476 5174 ad
1505 5134 1631 5175 eum
1655 5121 1970 5186 veniemus,

376 5222 429 5270 et
487 5215 834 5292 mansionem
893 5214 1035 5285 apud
1093 5228 1222 5272 eum
1254 5212 1548 5271 faciemus.
1584 5233 1603 5265 ι

451 5304 477 5358 1
503 5305 635 5386 ’Cor.
663 5322 738 5362 vn
763 5346 778 5372 ,
811 5307 900 5363 19.
922 5335 993 5346 -—
1015 5327 1034 5359 ι
1065 5305 1439 5362 Circumcisio
1464 5305 1603 5360 nihil
1635 5314 1756 5372 est,
1790 5322 1970 5377 neque

375 5400 703 5468 praeputium
725 5439 742 5465 ,
776 5397 874 5455 sed
903 5398 1225 5456 observatio
1262 5397 1654 5453 mandatorum
1682 5396 1802 5454 Dei.
1837 5417 1857 5450 ι

450 5488 478 5543 Ι
509 5488 670 5546 Joan.
701 5506 792 5556 ιιι,
821 5490 909 5546 14.
942 5522 1007 5534 -
1037 5510 1056 5543 ι
1093 5491 1197 5558 Qui
1226 5499 1412 5547 servat
1448 5490 1708 5547 mamma
1739 5489 1886 5561 ejus,
1913 5491 1968 5544 in

377 5581 472 5638 illo
503 5591 720 5649 manet,
753 5593 808 5639 et
836 5584 957 5655 ipse
993 5585 1047 5639 in
1075 5599 1165 5641 eo.
1203 5602 1222 5636 ι

449 5676 512 5733 S.
546 5674 823 5748 Cltryaost.
851 5707 920 5718 —
948 5677 1109 5746 Quod
1144 5693 1238 5736 ars
1268 5678 1324 5733 in
1353 5677 1586 5734 cithara
1617 5687 1788 5734 cantu
1813 5715 1831 5744 ,
1865 5677 1970 5732 hoc

375 5767 433 5822 in
467 5767 562 5825 Dei
600 5768 814 5842 legibus
844 5780 928 5828 est
952 5771 1352 5827 demonstratio
1382 5783 1642 5840 operum.

2076 4570 2176 4641 φός
2206 4589 2332 4644 μου,
2365 4575 2459 4627 καὶ
2480 4569 2712 4642 ἀδελφὴ,
2742 4570 2838 4626 καὶ
2869 4572 3063 4642 μήτηρ
3085 4571 3258 4626 ἐστίν.
3290 4591 3308 4623 ι

2145 4773 2166 4808 ι
2208 4755 2266 4810 '0
2299 4754 2375 4810 ὣν
2405 4757 2470 4810 ὲκ
2495 4755 2657 4822 θεοῦ,
2686 4753 2758 4808 τὰ
2779 4754 3006 4825 ῥήματα
3037 4754 3177 4809 Θεοῦ
3205 4753 3416 4810 ἀκούει.
3446 4773 3468 4807 ι

2151 4955 2172 4989 ι
2223 4937 2350 4992 Ἐάν
2381 4954 2466 5000 τις
2493 4937 2686 5008 ἀγαπᾷ
2717 4953 2807 5008 με,
2840 4936 2930 4990 τὸν
2976 4935 3137 5005 λόγον
3167 4951 3269 5006 μου
3293 4935 3550 5005 τηρήσει,
3578 4934 3682 4988 καὶ

2073 5032 2102 5084 ὁ
2129 5033 2321 5102 Πατήρ
2360 5048 2463 5102 μου
2493 5031 2772 5101 ἀγαπήσει
2796 5030 2981 5092 αὑτὸν,
3023 5031 3122 5083 καὶ
3161 5029 3299 5100 πρὸς
3332 5027 3498 5081 αὐτόν
3523 5028 3667 5080 ἐλευ-

2075 5121 2305 5192 σόμεθα,
2337 5120 2434 5175 καὶ
2463 5120 2635 5192 μονὴν
2662 5120 2796 5190 παρ’
2828 5117 2980 5190 αύτῷ
3013 5119 3342 5190 ποιήσομεν.
3369 5135 3389 5169 ι

2153 5305 2484 5375 ιΠεριτομὴ
2545 5304 2700 5358 οὐδέν
2766 5305 2906 5372 ἐστι,
2954 5304 3047 5357 καὶ
3099 5300 3465 5374 ἀκροῦυστία,
3534 5298 3678 5354 ἀλλᾶ

2074 5398 2308 5468 τήρησις
2331 5396 2564 5453 ἐντολῶν
2584 5395 2743 5451 Θεοῦ.
2770 5414 2792 5449 ι

2152 5507 2170 5540 ι
2215 5488 2273 5542 'U
2307 5486 2492 5559 τηρῶν
2525 5480 2654 5560 ’τὴν
2720 5488 2946 5559 ἐντολὴν
2989 5485 3182 5551 αὐτοῦ,
3213 5487 3272 5540 ἐν
3305 5483 3457 5555 αύτῷ
3491 5483 3675 5554 μένει,

2073 5581 2169 5634 καὶ
2196 5580 2360 5643 αὐτὸς
2387 5581 2443 5633 ὲν
2467 5581 2639 5651 αὐτῷ.
2664 5599 2683 5632 ι

2148 5674 2329 5744 Ὅπερ
2375 5673 2469 5726 ἐπὶ
2515 5673 2617 5743 τῆς
2664 5673 3003 5746 κιθαρῳδίας
3035 5675 3070 5744 ἡ
3097 5673 3300 5742 τέχνη,
3359 5669 3520 5723 τοῦτο
3573 5667 3677 5724 ἐπὶ

2074 5766 2182 5820 τῶν
2219 5764 2314 5820 τοῦ
2345 5763 2482 5819 Θεοῦ
2512 5765 2694 5836 νόμων
2719 5769 2752 5838 ἡ
2784 5765 2874 5822 διὰ
2905 5766 3012 5822 τῶν
3041 5765 3220 5833 ἔργων
3247 5759 3530 5828 ἐπίδειξις.
