3960 6382
271 357 388 427 M21

1522 374 1758 438 SACRA
1805 381 2267 453 PARALLELA.

3402 430 3543 502 1422

335 475 474 529 Ὅσα
511 474 837 547 προστάττει
887 475 1025 550 ἡμῖν
1054 477 1084 531 6
1124 487 1312 552 νόμος,
1360 483 1539 540 ταῦτα
1587 489 1670 545 δεῖ
1723 510 1802 548 καί

335 568 503 616 han
545 566 846 616 φυλάσσειν
874 585 887 600 ·
927 568 1104 616 ταῦτα
1119 570 1178 616 δὲ
1209 573 1380 616 mium.
1418 575 1577 616 Mm“.
1631 583 1794 616 amt...

3402 474 3531 502 nu

1911 528 1920 559 ι
2018 503 2352 614 ευψϋῖ-
2384 511 2740 592 Quaecunque
2766 526 2930 587 nobis
2956 531 3078 605 lege
3109 551 3531 616 praecipiuntur.

264 568 503 638 ἀνάγκην
545 566 846 638 φυλάσσειν
874 585 887 600 ⁸
927 568 1105 657 ταῦτα
1119 570 1178 624 δὲ
1209 573 1380 646 φόρου
1418 575 1577 648 λόγον
1631 583 1842 657 ἐπέχει.

263 661 397 713 Ὅσα
426 659 565 712 δὲέκ
588 666 994 731 προαιρέσεως,
1017 656 1130 716 οἷον
1151 664 1445 736 παρθενία,
1466 656 1841 745 ἀναχώρησις,

260 749 399 821 δῶρά
443 750 570 816 εἰσι,
626 750 724 803 καὶ
767 750 943 817 ξενίου
977 752 1138 820 λόγον
1180 754 1391 828 ἐπέχει.
1448 757 1639 817 Ξένιον
1684 763 1743 818 δὲ
1776 766 1840 820 οὐ

259 840 624 914 προσφέρεται
673 841 795 896 κατ’
826 843 1080 918 ἀνάγκην
1103 864 1117 880 ο
1162 849 1214 902 εί
1243 846 1303 903 δὲ
1353 847 1452 922 μὴ,
1478 851 1581 909 οὐκ
1606 850 1725 909 ἔστι
1752 854 1838 925 ξέ-

257 949 379 987 νιον.

251 1135 427 1190 ΤΙΤΛ.
451 1133 529 1190 B'.
552 1163 624 1177 --
646 1135 787 1205 Περὶ
1095 1140 1273 1218 Θεοῖς,
1290 1141 1392 1197 καί
1419 1141 1541 1201 τῶν
1558 1145 1648 1218 μὴ
1666 1153 1824 1218 φυλ-

728 1208 1051 1262 ασσόντων
1088 1210 1299 1277 αὐτάς.
1630 1208 1637 1250 Ϊ

309 1316 329 1349 ι
370 1297 663 1352 Ἑκάλεσεν
699 1300 730 1352 6
774 1298 910 1363 Θεὸς
938 1299 1030 1353 τὸν
1071 1301 1266 1373 Ἀδάμ,
1309 1306 1405 1360 καὶ
1452 1303 1610 1364 εἶπεν
1653 1311 1827 1384 αὐτῷ·

257 1390 443 1460 Ἀδὰμ,
467 1388 573 1444 ποῦ
607 1386 690 1457 εἶ;
712 1386 880 1445 Εἶπεν
927 1388 1083 1463 αὐτῷ
1111 1394 1286 1466 Ἀδάμ
1318 1413 1333 1428 °
1368 1397 1480 1471 Τῆς
1516 1402 1703 1474 φωνῆς
1730 1422 1824 1461 σου

247 1482 443 1552 ἕλκουσα
491 1482 930 1554 περιπατοῦντος
961 1485 1022 1538 ὲν
1056 1485 1136 1557 τῷ
1160 1488 1477 1563 παραδείσῳ
1497 1533 1514 1560 ,
1563 1497 1660 1550 καὶ
1699 1499 1826 1566 ἐφο-

245 1573 429 1645 ὗήθην,
464 1574 550 1628 ὅτι
587 1574 795 1645 γυμνός
838 1576 979 1648 εἰμι,
1033 1576 1129 1631 καὶ
1179 1579 1442 1654 ὲκρύϐην.
1497 1586 1612 1640 Καὶ
1666 1583 1823 1644 εἶπεν

241 1665 409 1736 αὐτῷ·
437 1666 536 1731 Τίς
601 1665 898 1736 ἀνήγγειλε
955 1685 1039 1722 σοι
1061 1668 1143 1723 ὅτι
1173 1673 1385 1742 γυμνὸς
1419 1671 1489 1741 εἴ,
1518 1677 1569 1731 εί
1604 1678 1681 1750 μὴ
1712 1679 1822 1734 ἀπὸ

239 1758 325 1810 τοῦ
378 1755 537 1822 ξύλου
574 1751 636 1812 οὗ
662 1757 1019 1830 ἐνετειλάμην
1073 1777 1156 1815 σοι
1222 1762 1297 1835 μὴ
1358 1768 1556 1835 φαγεῖν
1604 1769 1698 1824 ἀπ’
1722 1773 1822 1825 αύ-

238 1846 343 1909 τοῦ,
373 1846 579 1916 ἔφαγες
600 1864 618 1915 ;
654 1866 674 1900 ι

300 1958 319 1991 ι
356 1939 479 1994 Ἐὰν
516 1939 595 2012 μὴ
626 1939 901 2013 ἀκούσητε
930 1959 1054 2014 μου,
1083 1944 1221 2016 μηδὲ
1247 1946 1517 2019 ποιήσητε
1552 1949 1621 2005 τά
1646 1969 1818 2025 προσ-

233 2030 476 2101 τάγματα
529 2048 657 2102 μου,
687 2033 975 2105 ἐπιστήσω
1000 2035 1086 2105 ἐφ’
1120 2037 1265 2106 ὑμᾶς
1288 2039 1387 2109 τὴν
1415 2042 1686 2115 ἀπορίαν,
1714 2047 1815 2119 τήν

232 2142 285 2178 τε
305 2123 491 2196 ψώραν
516 2126 617 2180 καὶ
638 2125 730 2179 τὸν
762 2126 1000 2199 ἴκτερον,
1032 2130 1436 2199 σφακελίζοντα
1462 2136 1589 2199 τοὺς
1605 2136 1813 2206 ὀφθαλ-

235 2218 358 2286 μοὺς
388 2215 570 2287 ὑμῶν,
596 2218 693 2271 καὶ
720 2218 821 2288 τὴν
866 2218 1047 2292 ψυχὴν
1082 2221 1237 2292 ὑμῶν
1288 2226 1655 2298 ἐκτήκουσαν.
1703 2230 1814 2286 Καὶ

232 2310 467 2380 σπερεῖτε
495 2308 590 2363 διὰ
619 2309 784 2379 κενῆς
806 2310 875 2364 τὰ
906 2312 1200 2383 σπέρματα
1244 2315 1419 2388 ὑμῶν,
1463 2319 1559 2372 καὶ
1604 2319 1811 2377 ἔδονται

228 2400 273 2452 οἰ
330 2400 644 2453 ὑπεναντίοι
703 2400 878 2473 ὑμῶν,
928 2403 1024 2457 καὶ
1070 2404 1332 2460 πεσεῖσθε
1392 2407 1637 2464 ἐναντίον
1700 2412 1810 2466 τῶν

226 2491 425 2565 ἐχθρῶν
445 2491 607 2565 ὑμῶν
630 2507 646 2523 ⁸
679 2492 774 2547 καὶ
801 2493 1065 2564 φεύξεσθε
1082 2497 1299 2563 οὐδενὸς
1324 2498 1616 2566 διώκοντος
1638 2502 1804 2574 ὑμᾶς,

226 2589 313 2642 καὶ
350 2584 631 2660 συντρίψω
680 2589 780 2659 τὴν
830 2587 989 2661 ὓϐριν
1028 2591 1128 2663 τῆς
1181 2590 1563 2665 ὑπερηφανίας
1613 2597 1801 2669 ὑμῶν·

226 2679 310 2733 καὶ
341 2679 491 2751 θήσω
537 2679 630 2734 τὸν
652 2678 883 2753 οὐρανὸν
924 2680 1081 2753 ὑμῶν
1118 2682 1397 2755 σιδηροῦν,
1437 2686 1533 2739 καὶ
1567 2686 1668 2761 τὴν
1702 2689 1808 2760 γῆν

224 2768 363 2839 ὑμῶν
383 2771 459 2833 ὡς
487 2764 722 2842 χαλκῆν,
754 2771 850 2824 καὶ
881 2771 943 2824 οὐ
981 2771 1146 2825 δώσει
1178 2774 1212 2842 ἡ
1241 2775 1311 2841 γῆ
1346 2774 1438 2828 τὸν
1478 2776 1680 2843 σπόρον
1711 2780 1806 2832 αύ-

221 2858 456 2933 τῆςριαὶ
493 2858 559 2913 τὸ
586 2858 742 2926 ξύλον
775 2860 873 2914 τοῦ
934 2861 1109 2937 ἀγροῦ
1162 2864 1320 2934 ὑμῶν
1375 2865 1437 2918 οὐ
1485 2863 1650 2921 δώσει
1712 2871 1805 2924 τὸν

221 2952 418 3023 καρπὸν
446 2953 620 3007 αὐτοῦ
656 2969 670 2986 ο
701 2955 800 3008 καὶ
834 2956 1078 3026 φάγεσθε
1129 2958 1232 3023 τὰς
1272 2958 1487 3034 σάρκας
1523 2963 1633 3018 τῶν
1669 2964 1805 3019 υίῶν

220 3043 360 3109 ὑμῶν
389 3043 488 3098 καὶ
520 3043 631 3097 τῶν
659 3044 998 3115 θυγατέρων.
1027 3065 1046 3097 ι

282 3151 299 3184 ι
344 3133 784 3208 Ἐπικατάρατος
831 3138 1144 3210 ἄνθρωπος,
1197 3139 1260 3203 ὃς
1304 3141 1406 3195 ούκ
1464 3142 1697 3213 ἐμμένει
1740 3146 1799 3200 ἐν

217 3227 340 3280 πᾶσι
362 3231 478 3293 τοῖς
517 3225 698 3296 λόγοις
725 3228 818 3282 τοῦ
849 3230 1016 3301 νόμου
1045 3229 1142 3285 τοῦ
1184 3234 1410 3307 ποιῆσαι
1434 3237 1636 3302 αὐτούς
1658 3255 1674 3271 ο
1702 3242 1798 3295 καὶ

215 3319 323 3382 ἐρεῖ
355 3320 460 3381 πᾶς
486 3320 520 3374 6
542 3320 667 3383 λαός
698 3339 711 3352 ·
746 3322 983 3378 Γένοιτο.
1016 3342 1037 3376 ι

281 3430 299 3463 ι
348 3412 787 3486 Ἐπικατάρατος
812 3417 880 3470 σὺ
914 3418 973 3471 ἐν
1000 3419 1068 3489 τῇ
1103 3418 1276 3488 πόλει,
1319 3422 1413 3477 καὶ
1450 3423 1793 3498 ἑπικατάρα-

213 3518 295 3566 τος
324 3505 386 3558 σὺ
420 3505 486 3558 ἐν
516 3505 695 3578 ἀγρῷ.
747 3506 1186 3581 Ἐπικατάρατος
1233 3513 1299 3567 σὺ
1340 3516 1401 3568 ὲν
1430 3518 1554 3579 ταῖς
1582 3518 1795 3591 ἀποθή-

214 3609 326 3659 καις
372 3611 499 3659 σου,
528 3595 626 3650 καὶ
679 3595 752 3652 τὰ
801 3598 1316 3675 ὲγκαταλείμματα.
1379 3602 1794 3681 Ἐπικατάρατα

211 3682 274 3737 τὰ
298 3683 503 3755 ἔγγονα
528 3684 630 3757 τῆς
669 3688 879 3755 κοιλίας
911 3707 1033 3759 σου,
1064 3693 1160 3748 καὶ
1207 3693 1278 3748 τὰ
1323 3697 1646 3768 γεννήματα
1693 3698 1795 3772 τῆς

210 3777 302 3850 γῆς
330 3796 447 3846 σου,
482 3778 553 3833 τὰ
582 3778 843 3850 βουκόλια
863 3782 973 3837 τῶν
1011 3783 1153 3855 βοῶν
1181 3803 1298 3855 σου,
1335 3788 1431 3843 καὶ
1466 3789 1537 3844 τά
1563 3790 1794 3862 ποίμνια

208 3870 307 3924 τῶν
349 3871 649 3937 προϐάτων
697 3890 815 3929 σου.
858 3876 1291 3949 Ἐπικατάρατος
1345 3882 1411 3935 σὺ
1453 3883 1513 3936 ἐν
1544 3882 1621 3955 τῷ
1676 3886 1792 3938 είσ-

209 3964 555 4034 πορεύεσθαι,
571 3967 666 4020 καὶ
682 3967 1088 4040 ἐπικατάρατος
1110 3971 1176 4023 σὺ
1191 3972 1250 4025 ὲν
1268 3972 1344 4044 τῷ
1367 3974 1788 4048 ἐκπορεύεσθαι.

219 4054 595 4120 Ἐξαποστελεῖ
611 4075 694 4111 σοι
709 4056 912 4131 Κύριος
927 4058 1025 4130 τὴν
1044 4059 1274 4129 ἔνδειαν,
1289 4063 1383 4118 καὶ
1398 4065 1498 4137 τὴν
1513 4066 1788 4138 ὲκλιμίαν,

205 4146 294 4199 καὶ
307 4147 404 4219 τὴν
419 4148 697 4204 ἀνάλωσιν
713 4149 810 4204 ἐπὶ
839 4151 1018 4206 πάντα
1034 4146 1097 4208 οὗ
1114 4152 1210 4208 ἐὰν
1235 4154 1502 4229 ὲπιὸάλῃς
1516 4156 1614 4230 τὴν
1629 4160 1793 4232 χεῖρά

208 4253 293 4293 σου
320 4239 406 4294 διὰ
423 4239 499 4294 τὰ
527 4241 739 4314 πονηρὰ
758 4242 1168 4316 ἐπιτηδεύματά
1187 4264 1304 4303 σου.
1330 4249 1571 4318 Πατάξει
1599 4268 1658 4304 σε
1682 4252 1792 4307 Κύ-

206 4346 313 4402 ριος
338 4332 572 4404 ἀπορίᾳ,
612 4331 707 4387 καὶ
755 4335 977 4407 πυρετῷ
1011 4338 1106 4391 καὶ
1136 4339 1306 4410 ῥίγει,
1354 4341 1448 4395 καὶ
1484 4342 1788 4419 ἐρεθισμῷ,

203 4421 293 4474 καὶ
316 4423 488 4495 φόνῳ,
512 4424 608 4478 καὶ
635 4424 1033 4497 ἀνεμοφθορίᾳ.
1070 4428 1182 4482 Καὶ
1211 4428 1366 4485 ἔσται
1397 4448 1481 4486 σοι
1503 4435 1533 4487 6
1560 4435 1789 4508 οὐρανὸς

1947 607 2010 647 ea
2046 601 2274 669 exsequi
2305 617 2535 664 necesse
2566 622 2690 680 est;
2732 616 2957 692 haecque
3011 601 3209 686 tributi
3259 601 3537 697 rationem

1945 681 2168 743 habent.
2202 691 2337 757 Quas
2374 706 2557 754 autem
2604 703 2674 759 ab
2722 681 3535 799 inductione

1938 885 2006 926 ea
2035 884 2168 929 sunt
2188 914 2204 940 ,
2239 887 2296 935 et
2332 882 2482 939 xenii
2512 887 2780 946 rationem
2818 895 3043 956 habent.
3074 905 3313 967 Xenlum
3339 882 3526 985 porro

1940 972 2050 1014 non
2098 967 2430 1027 necessitate
2457 972 2735 1035 oﬁ‘ertur:
2780 984 2989 1060 alioqui
3035 998 3261 1058 xenium

1838 1084 1845 1093 κ
1935 1064 2121 1121 quam.

1934 1163 2073 1220 ΤΙΤ.
2115 1167 2181 1224 ll.
2209 1198 2276 1212 -
2307 1171 2387 1229 De
2432 1176 2702 1270 mandatis
2735 1185 2889 1270 "Dei,
2938 1200 2990 1246 et
3039 1194 3108 1250 iis
3162 1201 3256 1270 qui
3298 1220 3363 1261 ea
3410 1225 3519 1266 non

2558 1254 2888 1312 custodiunt.

1925 1434 1977 1475 et
2007 1438 2023 1475 :
2054 1422 2270 1504 Adam,
2303 1428 2394 1483 ubi
2425 1432 2525 1487 es?
2552 1432 2658 1501 Qui
2692 1437 2773 1494 ait
2805 1458 2818 1497 :
2871 1441 3073 1504 Vocem
3120 1422 3273 1508 tuam
3324 1422 3517 1516 audivi

1925 1508 2332 1573 deambulantis
2363 1519 2416 1573 in
2448 1525 2739 1590 paradiso,
2769 1536 2825 1584 et
2871 1534 3031 1617 timui
3062 1578 3077 1604 ,
3114 1556 3184 1597 eo
3212 1508 3519 1613 quod—nu:

1923 1605 2027 1661 dus
2058 1621 2258 1675 essem,
2292 1618 2345 1666 et
2376 1612 2637 1673 abscondi
2672 1635 2778 1677 me.
2812 1624 2879 1679 Et
2906 1608 3046 1684 dixit
3075 1631 3166 1690 ei:
3200 1605 3338 1703 Quis
3368 1655 3516 1696 mm-

1924 1696 2080 1752 tiavit
2124 1701 2226 1761 tibi
2273 1705 2423 1774 quod
2456 1709 2638 1767 nudus
2685 1727 2876 1785 esses,
2924 1721 3033 1777 nisi
3083 1696 3246 1792 quod
3265 1731 3512 1805 deligas

1922 1790 1990 1843 de
2018 1805 2126 1859 quo
2155 1808 2520 1867 praeceperam
2549 1801 2648 1859 tibi
2678 1820 2745 1860 ne
2774 1812 3132 1883 comederes,
3177 1835 3247 1876 ex
3293 1837 3361 1879 eo
3395 1790 3511 1882 ἱο.

1851 1857 1893 1915 ⁸
1923 1857 2186 1940 rnedisli
2215 1905 2236 1938 ιι

1988 1971 2153 2031 Lavit.
2190 1993 2318 2038 xxv:
2343 2020 2359 2047 ,
2393 1983 2562 2043 1446
2583 2028 2598 2053 ,
2642 1989 2743 2057 l9,
2778 1993 2867 2062 20,
2893 1995 2984 2052 29.
3013 2028 3086 2043 —-
3116 2021 3140 2054 ‹
3172 2003 3233 2059 Si
3264 2021 3372 2062 non
3404 2026 3509 2066 au-

1917 2062 2133 2123 dieritis
2162 2084 2250 2126 me
2269 2113 2286 2139 ,
2318 2087 2496 2145 neque
2525 2078 2767 2138 feceritis
2801 2100 3075 2160 praecepta
3107 2109 3226 2149 mea
3253 2136 3271 2161 ,
3299 2098 3507 2156 immit-

1918 2164 2027 2211 tam
2062 2159 2116 2214 in
2144 2176 2242 2217 vos
2270 2166 2600 2225 anxietatem
2620 2213 2635 2239 ,
2666 2182 2723 2230 et
2752 2159 3026 2247 scabiem,
3070 2194 3128 2238 et
3154 2159 3466 2261 anriginem
3484 2235 3503 2264 ,

1914 2264 2037 2318 qua:
2062 2254 2360 2313 conﬁciant
2395 2262 2592 2319 oculos
2624 2277 2863 2336 vestros,
2893 2280 2948 2327 et
2978 2275 3161 2331 anima
3200 2254 3386 2339 vestra
3418 2254 3504 2342 ta;

1913 2343 2095 2399 beliet.
2127 2344 2196 2401 Et
2222 2351 2420 2406 scretis
2449 2353 2502 2407 in
2530 2370 2733 2412 vanum
2764 2363 2977 2418 semina
3004 2379 3226 2437 vestra,
3256 2380 3311 2428 et
3337 2377 3505 2434 edent

1911 2433 2211 2493 adversarii
2242 2441 2449 2509 vestri,
2482 2454 2539 2501 et
2568 2448 2781 2506 cadetis
2812 2467 3000 2510 coram
3038 2457 3377 2522 adversariis
3409 2483 3504 2524 ve-

1910 2526 2064 2593 stris,
2084 2526 2442 2605 fugietisque,
2473 2540 2698 2596 nemine
2720 2557 2821 2600 vos
2852 2560 3240 2621 persequente.
3277 2557 3345 2611 Et
3365 2574 3503 2616 con-

1914 2624 2083 2671 teram
2112 2625 2487 2693 arrogantiam
2513 2631 2791 2699 superbia:
2822 2645 3054 2702 vestrae,
3088 2652 3145 2696 et
3172 2644 3371 2700 cmlum
3402 2664 3502 2702 vo-

1910 2706 1993 2763 bis
2018 2723 2219 2777 ponam
2249 2713 2490 2772 ferreum
2512 2759 2527 2784 ,
2560 2730 2616 2776 et
2648 2729 2854 2780 terram
2885 2737 3127 2786 vestram
3159 2735 3309 2791 velut
3329 2736 3496 2811 457

1906 2813 2112 2856 aeneam
2131 2844 2147 2870 ,
2171 2813 2225 2859 et
2253 2821 2366 2862 non
2402 2809 2551 2866 dabit
2576 2822 2720 2869 terra
2750 2832 2940 2875 semen
2966 2837 3132 2879 suum
3156 2866 3172 2893 ,
3200 2835 3255 2883 et
3283 2809 3494 2902 lignum

1906 2894 2023 2964 agri
2057 2897 2225 2951 vestri
2258 2913 2371 2954 non
2403 2900 2558 2958 dabit
2590 2903 2831 2964 fructum
2863 2926 3062 2981 suum,
3094 2926 3145 2972 et
3181 2894 3493 2980 comedetis

1906 2998 2103 3044 carnes
2130 2986 2370 3047 ﬁliorum
2398 3002 2711 3054 vestrorum
2755 3012 2810 3057 et
2839 3003 3104 3062 ﬁliarum.
3131 3024 3152 3061 ι

1981 3158 2136 3222 Deut.
2170 3179 2320 3220 xxvu
2344 3204 2361 3230 ,
2392 3166 2581 3224 26.—
2607 3188 2626 3223 ι
2655 3172 2990 3235 Maledictus
3032 3182 3200 3241 homo
3237 3188 3336 3259 qui
3370 3205 3497 3247 non

1902 3255 2276 3318 permanserit
2309 3256 2366 3310 in
2401 3259 2669 3318 omnibus
2708 3269 3067 3328 sermonibus
3105 3255 3277 3346 legis,
3310 3286 3366 3334 ut
3406 3279 3497 3335 fa-

1898 3339 2011 3394 ciat
2038 3357 2144 3410 ea;
2177 3355 2233 3399 et
2259 3345 2410 3402 dicet
2441 3352 2627 3409 omnis
2661 3358 2943 3424 populus:
2977 3362 3120 3420 Fiat.
3151 3339 3170 3417 ἐ

1968 3429 2125 3486 Deut.
2172 3450 2378 3500 xxvm.
2423 3438 2488 3493 i6
2538 3458 2680 3514 seqq.
2715 3472 2785 3484 -—
2820 3465 2840 3498 ι
2888 3447 3220 3513 Maledictus
3255 3460 3370 3515 eris
3430 3462 3491 3518 in

1896 3522 2159 3590 civitate,
2202 3534 2257 3581 et
2299 3530 2637 3590 maledict‘us
2675 3535 2730 3590 in
2769 3551 2924 3608 agro.
2969 3540 3293 3606 Maledictus
3333 3561 3390 3607 tu
3431 3555 3489 3610 in

1897 3613 2117 3671 horreis
2149 3619 2260 3676 tuis
2280 3658 2295 3682 ,
2327 3630 2382 3676 et
2412 3623 2668 3696 reliquis:
2699 3637 2827 3685 tum.
2861 3631 3136 3694 Maledicti
3168 3639 3318 3699 fetus
3349 3661 3490 3702 ven-

1898 3706 2000 3762 tris
2056 3710 2174 3776 tui,
2217 3720 2275 3783 et
2322 3715 2604 3785 genimina
2644 3727 2807 3778 terra:
2847 3733 2986 3794 luce,
3031 3743 3280 3790 armenta
3318 3737 3487 3796 boum

1898 3805 2158 3868 tuorum,
2202 3811 2256 3857 et
2294 3820 2492 3876 greges
2537 3810 2723 3865 ovium
2767 3820 3011 3872 tuarum.
3054 3819 3387 3883 Maledictus
3427 3837 3487 3884 tu

1895 3890 1952 3945 in
1988 3884 2383 3963 ingrediendo,
2413 3908 2470 3955 et
2504 3901 2840 3962 maledictus
2876 3908 2934 3963 in
2967 3914 3326 3980 egrediendo.
3363 3918 3489 3976 Mit-

1895 3990 1971 4037 tet
2001 3985 2100 4040 tibi
2136 3983 2410 4046 Dominus
2442 4001 2741 4062 egestatem
2764 4038 2778 4063 ,
2811 4006 2866 4053 et
2897 3999 3098 4058 famem
3136 4022 3359 4077 gravem
3381 4048 3400 4075 ,
3429 4020 3486 4067 et

1891 4080 2379 4147 consumptionem
2423 4083 2481 4136 in
2523 4087 2721 4141 omnia
2750 4090 2819 4144 ad
2853 4108 2979 4161 quae
3008 4099 3331 4156 extenderis
3362 4119 3481 4158 ma-

1892 4183 2023 4223 num
2061 4177 2251 4239 tuam,
2285 4182 2511 4245 propter
2543 4178 2969 4242 adinvcntiones
3010 4194 3136 4245 tuas
3173 4192 3477 4261 pessimae.

1891 4258 2174 4316 Percutiet
2212 4272 2266 4320 te
2308 4265 2451 4322 Deus
2490 4280 2771 4339 egestate,
2816 4285 2871 4330 et
2912 4276 3107 4348 febre,
3137 4258 3193 4340 ct
3230 4285 3476 4358 frigore.

1889 4363 1945 4406 ct
1972 4354 2330 4421 corrosione,
2357 4366 2411 4412 et
2438 4360 2590 4416 caede
2611 4404 2625 4427 ,
2655 4371 2710 4418 et
2740 4365 3039 4426 adustione
3068 4376 3215 4429 venti
3243 4395 3259 4443 ;
3291 4354 3346 4433 et
3377 4381 3484 4436 erit

1889 4445 2093 4500 «mlum
2131 4448 2279 4518 quod
2321 4465 2491 4523 supra
2533 4460 2586 4509 te
2623 4462 2739 4520 est,
2780 4472 3034 4528 aeneum,
3075 4471 3130 4519 et
3173 4475 3319 4524 terra
3360 4486 3485 4541 qua;

202 4512 383 4585 ὀῦπὲρ
417 4514 667 4586 κεφαλῆς
696 4532 791 4570 σου
822 4516 1086 4587 χαλκοῦς,
1132 4520 1229 4574 καὶ
1267 4522 1301 4593 ἡ
1348 4523 1420 4595 γῆ
1452 4524 1487 4595 ἡ
1527 4526 1787 4584 ὑποκάτω

2147 4512 2164 4518 -
2393 4512 2410 4523 ,
2725 4512 2737 4520 .
3080 4512 3130 4519 --
3174 4512 3319 4524 η...-
3361 4512 3484 4541 νη..

1911 4542 1977 4589 :st
2016 4534 2160 4591 infra
2196 4548 2284 4608 te,
2327 4540 2528 4598 ferrea.
2575 4544 2675 4602 Det
2719 4547 2985 4608 Dominus
3026 4556 3261 4614 imbrem
3321 4570 3484 4620 terra:

206 4620 294 4657 σου
332 4606 553 4679 σιδηρᾶ.
580 4606 667 4678 Δῷ
704 4606 909 4681 Κύριος
942 4609 1034 4665 τὸν
1067 4611 1222 4667 ὑετὸν
1261 4614 1362 4685 τῆς
1400 4616 1504 4689 γῆς
1549 4636 1646 4673 σου
1696 4638 1790 4676 κο·

205 4698 439 4769 νιορτόν·
474 4699 571 4754 καὶ
599 4698 701 4774 ἔσῃ
736 4701 795 4754 ὲν
841 4701 1116 4776 διασπορᾷ
1141 4706 1199 4761 ὲν
1232 4706 1437 4772 πάσαις
1466 4713 1587 4775 ταῖς
1633 4710 1790 4782 βασι-

205 4786 365 4854 λείαις
418 4792 518 4863 τῆς
565 4792 692 4863 γῆς.
747 4794 985 4860 Πατάξει
1030 4813 1091 4850 σε
1151 4797 1359 4871 Κύριος
1403 4802 1788 4877 παραπληξίᾳ,

201 4881 450 4956 ἀορασίᾳ,
477 4886 734 4941 ἐκστάσει
780 4886 1042 4955 διανοίας,
1092 4891 1187 4945 καὶ
1229 4890 1328 4964 ἔσῃ
1373 4891 1646 4965 ψηλαφῶν
1685 4914 1786 4966 με-

199 4977 495 5047 σημϐρίας,
546 4977 623 5041 ὡς
678 4978 993 5053 ψηλαφήσει
1041 4984 1070 5036 6
1110 4983 1310 5053 τυφλὸς
1356 4986 1415 5039 ἐν
1463 4984 1541 5058 τῷ
1577 4990 1782 5059 σκότει,

198 5068 288 5121 καὶ
313 5070 416 5123 οὐκ
454 5070 712 5126 suosmet
766 5073 866 5137 τὰς
902 5073 1058 5139 ὁδούς
1109 5093 1226 5133 σου.
1261 5076 1373 5133 Καὶ
1422 5078 1524 5153 ἔσῃ
1573 5080 1784 5137 ἀδικού-

199 5178 353 5228 μενος
384 5164 480 5217 καὶ
510 5164 916 5238 ἁρπαζόμενος,
956 5169 1056 5223 καὶ
1108 5169 1208 5224 οὐκ
1246 5169 1403 5226 ἔσται
1430 5189 1513 5226 σοι
1543 5172 1797 5246 panem-

196 5251 434 5309 Γυναῖκα
493 5255 661 5331 λήψῃ,
719 5260 815 5313 καὶ
857 5260 999 5332 ἀνὴρ
1048 5261 1236 5335 ἕτερος
1282 5263 1516 5336 λήψεται
1565 5267 1775 5338 αὐτήν

196 5343 368 5397 οἰκίαν
398 5346 800 5420 οἰκοδομήσεις,
839 5352 932 5406 καὶ
960 5352 1059 5406 οὐκ
1088 5354 1358 5426 οἰκήσεις.
1397 5375 1416 5407 ι

150 5494 157 5505 δ
265 5451 285 5485 ι
318 5433 457 5490 Eine
504 5440 760 5514 Σαμουὴλ
798 5443 933 5517 πρὸς
991 5445 1204 5499 Σαούλο
1239 5447 1377 5519 Οὐχὶ
1435 5450 1637 5524 μικρὸς
1686 5451 1775 5515 σὺ,

194 5527 285 5580 καὶ
314 5527 501 5601 ἐχρισέ
537 5549 598 5586 σε
631 5534 838 5607 Κύριος
869 5537 951 5600 είς
987 5536 1215 5608 βασιλέα
1246 5542 1342 5594 ἐπὶ
1384 5540 1635 5614 Ἰσραήλ;
1667 5544 1780 5598 Καὶ

146 5594 159 5618 ”
194 5594 484 5677 ἀπέστειλέ
512 5642 573 5679 σε
597 5594 807 5699 Κύριος
818 5594 1031 5701 ενόδῷ,
1057 5632 1151 5686 καὶ
1174 5628 1297 5686 εἶπέ
1323 5650 1427 5701 σοι,
1447 5594 1777 5707 Ῑῖιορεύνθητι,

190 5707 573 5786 ὲξολόθρευσον
613 5723 703 5773 τὸν
752 5721 1021 5794 Ἀμαλὴκ,
1069 5724 1165 5778 καὶ
1198 5726 1324 5790 τοὺς
1357 5725 1780 5798 ἁμαρτάνοντας

190 5802 269 5866 εἰς
318 5804 452 5877 ὲμέ·
501 5810 595 5864 καὶ
647 5811 986 5886 πολεμήσεις
1033 5815 1235 5882 αὐτοὺς
1290 5817 1396 5886 ἕως
1450 5819 1780 5897 συντελέσῃς

1896 4633 2004 4682 tua:
2043 4630 2349 4699 pulverem.
2389 4633 2456 4690 Et
2485 4638 2599 4694 eris
2634 4638 2692 4694 in
2724 4641 3076 4713 dispersione
3118 4649 3174 4704 in
3216 4654 3483 4713 omnibus

1893 4722 2078 4792 regnis
2111 4731 2294 4781 terrae.
2328 4724 2614 4786 Pcrcutiet
2654 4742 2708 4788 te
2753 4733 2899 4793 Deus
2938 4743 3218 4810 amentia,
3263 4749 3484 4804 caecita-

1892 4821 1975 4878 te,
2004 4814 2224 4870 insania
2252 4819 2456 4875 mentis
2476 4862 2492 4888 ,
2524 4830 2580 4877 et
2603 4825 2718 4880 eris
2746 4829 2979 4899 palpans
3008 4832 3061 4888 in
3091 4838 3322 4895 meridie
3342 4882 3358 4906 ,
3399 4845 3481 4898 si-

1888 4913 1987 4967 cut
2026 4907 2253 4977 palpare
2291 4910 2433 4966 solet
2470 4927 2652 4973 cmcus
2686 4917 2742 4972 in
2779 4922 3061 4990 tenebris,
3100 4936 3157 4982 et
3189 4944 3299 4984 non
3331 4933 3477 4987 diri-

1890 5005 1979 5068 get
2013 5000 2133 5055 vias
2168 5008 2312 5056 tuas.
2352 5002 2421 5058 Et
2452 5007 2566 5062 eris
2600 5009 2939 5068 calumniam
2974 5019 3297 5086 sustinens,
3331 5032 3388 5078 et
3420 5027 3478 5080 in

1888 5090 2303 5162 direptionem,
2334 5107 2391 5152 et
2422 5113 2532 5153 non
2562 5100 2669 5155 erit
2705 5105 2799 5172 qui
2842 5107 3052 5163 auxilio
3090 5110 3163 5167 sit
3192 5129 3208 5179 ;
3247 5130 3507 5172 uxorem.

1889 5180 2062 5255 duces
2084 5223 2100 5247 ,
2135 5191 2194 5240 et
2227 5186 2371 5241 alius
2405 5191 2644 5261 accipiet
2672 5209 2795 5250 eam
2828 5212 2844 5263 ;
2880 5197 3105 5255 domum
3133 5204 3481 5277 :ediﬁcabis,

1886 5279 1941 5349 et
1981 5289 2095 5329 non
2134 5275 2414 5335 habitahis
2456 5281 2510 5336 in
2540 5297 2627 5339 ea.
2668 5302 2688 5337 ι

1960 5448 1992 5507 1
2026 5436 2157 5524 Reg.
2180 5471 2273 5520 xv,
2300 5455 2501 5523 17-19,
2531 5458 2697 5515 26.—-
2722 5480 2741 5513 ι
2771 5461 2921 5518 Dixit
2944 5463 3166 5521 Samuel
3198 5466 3266 5522 ad
3297 5465 3437 5525 Saul
3461 5478 3501 5524 τι

1883 5541 2081 5600 Nonne
2106 5562 2231 5601 cum
2257 5528 2526 5619 parvulus
2548 5568 2726 5622 esses,
2750 5557 2908 5613 unxit
2933 5567 2985 5612 te
3001 5556 3270 5613 Dominus
3287 5575 3479 5632 regem

1885 5650 2052 5706 super
2078 5636 2287 5694 Israel?
2317 5639 2385 5696 Et
2413 5644 2565 5701 misit
2594 5653 2647 5702 te
2676 5645 2942 5704 Dominus
2973 5650 3026 5703 in
3054 5649 3230 5712 viam,
3263 5657 3320 5701 et
3351 5648 3426 5699 ait
3455 5662 3471 5696 :

1888 5729 2062 5795 Vade.
2090 5740 2146 5789 et
2176 5733 2298 5790 dele
2327 5736 2627 5804 Amalech,
2661 5748 2711 5794 et
2736 5741 2833 5807 qui
2863 5743 3227 5810 peccaverunt
3344 5740 3466 5826 inf;

1891 5831 1947 5880 ct
1977 5825 2254 5905 pugnabis
2286 5834 2482 5884 contra
2521 5843 2655 5896 eos,
2689 5844 2867 5898 usque
2898 5828 2964 5881 ad
2998 5820 3461 5880 interuecwnem.
