3960 6414
383 394 526 462 1423

1498 394 1561 455 S.
1604 391 1930 455 JOANNIS
1969 391 2405 452 DAMASCENI

3531 385 3660 452 1421

380 511 443 578 Et
482 527 656 584 quare
694 525 804 568 non
850 507 1056 565 audisti
1099 521 1294 563 vocem
1338 506 1600 572 Domini,
1635 507 1735 563 sed
1777 519 1974 562 versus

2103 503 2300 568 ιύτούς.
2334 501 2446 557 Kal
2475 502 2561 555 ἵνα
2595 501 2646 556 τί
2677 500 2781 556 οὐκ
2810 501 3051 574 ἤκουσας
3075 501 3257 573 φωνῆς
3281 500 3514 572 Κυρίου,
3546 502 3660 555 ἀλλ’

378 606 443 661 ad
478 605 716 676 praedam
744 618 837 664 es.
863 608 928 670 ,ει
954 598 1138 654 fecisti
1166 597 1370 653 malum
1405 596 1459 651 in
1489 597 1669 653 oculis
1707 594 1974 653 Domini?

378 698 442 750 Et
481 694 624 752 dixit
652 693 783 748 Saul
815 712 830 749 :
869 692 1010 758 Quia
1042 689 1232 746 audivi
1266 689 1552 762 populum.
1589 709 1608 741 ι

455 877 619 934 Zaclt.
657 893 731 933 vtt
754 916 769 942 ,
807 878 892 932 l5.
920 904 986 918 —
1024 893 1042 928 ε
1077 875 1197 930 Erit
1231 875 1378 931 sicut
1406 872 1550 928 dixit
1585 871 1888 939 Dominus,
1919 880 1974 927 et

384 984 490 1024 non
516 969 820 1026 audierunt
850 983 976 1024 eum
1005 983 1018 1033 ;
1055 966 1139 1022 sic
1171 965 1529 1029 clamabunt,
1567 971 1620 1019 et
1651 979 1760 1019 non
1798 978 1973 1019 exau-

384 1062 533 1118 diant
568 1077 700 1126 eos,
729 1061 866 1117 dicit
893 1059 1186 1116 Dominus.
1223 1075 1242 1110 ι

461 1175 479 1208 ί
506 1153 741 1210 Factum
774 1162 862 1210 est
901 1167 1091 1209 semen
1125 1148 1562 1206 inobedientium
1613 1148 1668 1202 in
1710 1147 1974 1220 perditio-

385 1262 536 1303 nem.
573 1266 590 1299 ι

456 1337 574 1393 Ιδιι.
625 1353 788 1393 suun
811 1378 827 1402 ,
862 1335 950 1392 l2.
976 1364 1048 1378 --
1074 1353 1093 1387 ι
1125 1333 1183 1389 Si
1211 1335 1489 1391 audiisses
1523 1333 1779 1389 mandata
1813 1347 1934 1389 mea
1958 1376 1972 1400 ,

386 1431 531 1485 facta
572 1429 769 1485 fuisset
801 1429 902 1484 tibi
936 1429 1079 1484 sicut
1111 1426 1267 1483 ﬂuvii
1322 1442 1426 1498 pax
1470 1434 1597 1493 tua,
1653 1435 1710 1482 et
1755 1425 1973 1498 justitia

387 1529 478 1576 tua
514 1522 661 1578 sicut
691 1521 896 1576 lluctus
927 1518 1122 1574 maris.
1157 1537 1177 1571 ι

465 1609 581 1666 lsa.
617 1627 780 1676 χειν,
817 1610 907 1665 16.
955 1639 1028 1650 -
1062 1628 1081 1661 ι
1116 1607 1312 1665 Dicent
1343 1626 1357 1664 :
1397 1606 1491 1664 Vae
1521 1607 1975 1679 praevaricatori-

387 1707 488 1760 bus
512 1723 526 1758 :
554 1704 648 1774 qui
680 1702 1120 1774 praevaricamini
1149 1703 1360 1776 legem;
1389 1702 1580 1768 timor,
1607 1710 1663 1759 et
1691 1702 1848 1761 fovea
1921 1711 1976 1759 et

386 1800 617 1865 laqueus
647 1811 818 1866 super
848 1808 970 1850 vos.
1005 1813 1024 1848 ι

455 1854 653 1943 Ῐόαιιιι.
685 1854 760 1942 νίι
784 1926 800 1953 ,
827 1886 1051 1952 26,27.
1073 1913 1145 1926 —-
1169 1904 1188 1939 ι
1221 1885 1416 1942 Omnis
1450 1889 1545 1957 qui
1580 1887 1736 1942 audit
1769 1887 1936 1942 verba
1963 1928 1980 1954 ,
2011 1854 2056 1915 Β

386 1985 439 2031 et
473 1991 583 2030 non
623 1975 759 2031 facit
791 1989 855 2031 ea
881 2015 898 2043 ,
935 1975 1140 2031 similis
1175 1976 1284 2030 erit
1322 1975 1443 2030 viro
1480 1977 1689 2042 stulto,
1721 1977 1817 2046 qui
1849 1977 1983 2032 aedi-

390 2069 574 2124 licavit
617 2067 840 2122 domum
875 2081 1032 2123 suam
1064 2082 1232 2136 super
1263 2083 1490 2124 arenam
1520 2086 1535 2134 ;
1590 2079 1646 2124 et
1695 2069 1984 2126 descendit

389 2162 570 2231 pluvia
597 2180 612 2228 ;
646 2170 704 2216 et
732 2171 1000 2216 venerunt
1027 2159 1256 2215 flumina
1279 2202 1294 2226 ,
1325 2169 1381 2216 et
1410 2160 1682 2216 ﬂaveruttt
1711 2168 1860 2218 venti
1886 2203 1900 2226 ,
1929 2171 1985 2217 et

389 2253 676 2306 irruerunt
725 2251 781 2306 in
833 2251 1058 2307 domum
1114 2250 1305 2320 illam,
1362 2259 1418 2307 et
1475 2252 1726 2322 cecidit;
1773 2262 1827 2310 et
1880 2253 1984 2309 fuit

390 2343 550 2396 ruina
583 2341 736 2397 illius
764 2355 990 2413 magna.
1023 2359 1042 2392 ι

460 2429 614 2484 Rom.
659 2445 734 2498 tt,
773 2430 834 2485 ll
861 2469 877 2495 ,
921 2430 1009 2484 12.
1037 2459 1108 2471 --
1141 2449 1160 2484 ι
1195 2431 1527 2505 Quicunque
1556 2435 1677 2492 sine
1706 2435 1831 2507 lege
1859 2451 1984 2508 pec-

390 2528 690 2587 caverunt,
750 2522 870 2578 sine
917 2523 1040 2594 lege
1085 2525 1390 2594 peribunt;
1443 2535 1497 2582 et
1549 2528 1872 2601 quicunque
1925 2531 1981 2586 in

390 2614 508 2684 lege
562 2622 973 2684 peccaverunt,
1009 2631 1107 2688 per
1157 2618 1333 2689 legem
1383 2618 1815 2689 iudicabuntur.
1862 2623 1983 2678 Non

387 2704 535 2759 cnim
592 2704 878 2762 auditores
929 2707 1068 2778 legis
1096 2708 1238 2779 justi
1281 2721 1415 2767 sunt
1453 2713 1598 2783 apud
1632 2713 1806 2771 Deum
1832 2754 1848 2781 ,
1885 2715 1983 2773 sed

390 2795 634 2851 factOres
665 2797 804 2867 legis
831 2797 1316 2866 iustificabuntur.
1353 2821 1373 2855 ι

459 2886 585 2940 Jac.
618 2905 665 2952 t,
691 2887 887 2945 22-24.
913 2918 986 2929 —
1013 2908 1032 2942 ι
1063 2889 1254 2948 Estote
1283 2891 1528 2951 factores
1556 2895 1710 2952 verbi
1735 2936 1750 2962 ,
1785 2904 1842 2953 et
1874 2914 1984 2954 non

390 2975 677 3032 auditores
721 2986 967 3044 tantum,
1013 2979 1271 3037 fallentes
1309 2985 1727 3056 vosmetipsos:
1766 2989 1896 3060 quia
1934 2992 1983 3046 si

389 3067 518 3138 quis
557 3070 778 3124 auditor
807 3080 895 3126 est
926 3071 1099 3142 legis,
1135 3081 1189 3128 ct
1229 3089 1340 3130 non
1380 3074 1585 3144 factor,
1639 3079 1732 3134 hic
1780 3080 1983 3138 similis

2074 594 2344 666 ὥρμησας
2388 594 2482 647 ἐπὶ
2509 593 2580 648 τὰ
2608 593 2804 660 σκύλα,
2853 594 2951 647 καὶ
3003 593 3267 666 ἐποίησας
3321 593 3384 646 τὸ
3431 592 3665 664 πονηρὸν

2075 687 2323 742 ἐναντίον
2353 687 2602 758 Κυρίου;
2638 686 2751 740 Kal
2789 682 2912 740 εἷπε
2957 685 3168 740 Σαούλο
3209 684 3312 739 Διά
3346 684 3409 738 τὸ
3433 683 3666 739 ἀκοῦσαί

2079 799 2146 852 με
2169 781 2262 834 τὸν
2288 779 2440 835 λαόν.
2485 798 2504 831 ι

2153 891 2172 925 ι
2218 873 2413 926 Ἔσται
2470 871 2530 926 ὃν
2578 869 2786 942 τρόπον
2824 864 2949 924 εἷπε
2989 869 3230 941 Κύριος,
3271 868 3368 922 καὶ
3416 869 3519 923 οὒκ
3554 872 3667 924 εισ-

2076 964 2320 1028 ἡκουσαν
2359 961 2551 1029 αὑτοῦ,
2589 961 2766 1026 οὕτως
2807 960 3191 1032 κεκράξονται,
3227 962 3324 1015 καὶ
3352 961 3413 1015 οὐ
3453 960 3529 1032 μὴ
3555 963 3667 1014 εἰσ-

2077 1056 2387 1127 ἀκούσομαι
2413 1055 2618 1118 αὐτῶν,
2647 1055 2796 1122 λέγει
2822 1053 3049 1124 Κύριος.
3081 1070 3101 1103 ι

2151 1165 2170 1199 ι
2217 1144 2487 1218 Ἐγενήθη
2511 1140 2577 1200 τδ
2608 1145 2832 1217 σπέρμα
2875 1143 2986 1199 τῶν
3024 1141 3401 1199 ἀπειθούντων
3445 1143 3526 1208 είς
3573 1143 3672 1197 ἀπ-

2075 1237 2295 1294 ώλειαν.
2333 1257 2353 1291 ι

2153 1355 2174 1390 ‹
2215 1337 2279 1390 Εἰ
2305 1335 2547 1406 ἤκουσας
2590 1333 2702 1387 τῶν
2752 1331 2986 1386 ἐντολῶν
3041 1348 3166 1403 μου,
3212 1329 3436 1397 ἐγένετο
3487 1330 3556 1384 ἂν
3599 1328 3675 1393 ὡς

2077 1427 2317 1499 ποταμοὶ
2338 1429 2373 1499 ἠ
2392 1427 2584 1498 εἰρήνη
2613 1442 2731 1482 σου.
2766 1424 2862 1479 καὶ
2880 1427 2914 1496 ὴ
2937 1421 3256 1494 δικαιοσύνη
3291 1438 3386 1475 σου
3415 1422 3491 1486 ὡς
3520 1421 3675 1492 κῦμα

2079 1518 2378 1588 θαλάσσης.
2431 1535 2449 1568 ι

2154 1629 2174 1663 ‹
2221 1609 2508 1682 Ἐροῦσιν,
2562 1606 2704 1662 Οὐαὶ
2756 1608 2870 1670 τοῖς
2944 1603 3262 1660 ἀθετοῦσιν·
3317 1604 3368 1658 oi
3413 1602 3675 1658 ἀθετοῦν-

2078 1720 2170 1767 τες
2211 1702 2305 1757 τδν
2348 1702 2546 1773 νόμον,
2604 1697 2771 1769 φόῦος
2821 1697 2916 1752 καὶ
2972 1696 3196 1769 βόθυνος
3235 1699 3330 1752 καὶ
3380 1699 3550 1766 παγὶς
3589 1698 3680 1766 ἐφ’

2081 1791 2263 1865 ὑμῶν.
2306 1811 2325 1844 ι
2379 1801 2382 1806 ’

2161 1906 2179 1940 ι
2213 1888 2330 1952 Πᾶς
2378 1887 2408 1942 ό
2450 1884 2667 1941 ἀκούων
2703 1900 2807 1954 μου
2855 1882 2984 1948 τοὺς
3029 1881 3370 1952 λόγους,“καὶ
3399 1879 3477 1952 μὴ
3507 1879 3682 1933 ποιῶν

2082 1981 2304 2046 αὐτοὺς,
2333 1979 2731 2050 ὁμοιωθήσεται
2762 1975 2918 2047 ἀνδρὶ
2951 1973 3139 2047 μωρῷ,
3175 1976 3323 2037 ὅστις
3355 1973 3679 2044 ᾠκοδόμησε

2081 2073 2183 2144 τὴν
2235 2072 2412 2126 οἰκίαν
2471 2069 2635 2124 αὐτοῦ
2685 2069 2780 2122 ἐπὶ
2830 2068 2930 2140 τὴν
2977 2067 3185 2137 ἄμμον.
3235 2066 3347 2118 Kal
3395 2064 3678 2137 κατέϐηή

2085 2161 2276 2234 βροχὴ,
2310 2162 2405 2217 καὶ
2433 2156 2596 2232 ἦλθον
2629 2161 2678 2213 οἱ
2713 2159 2982 2230 παταμοὶ,
3015 2158 3114 2212 καὶ
3144 2157 3416 2212 ἔπνευσαν
3455 2157 3506 2211 ol
3551 2160 3682 2212 ἀνε-

2087 2271 2196 2325 μοι,
2231 2253 2326 2306 καὶ
2370 2249 2721 2323 προσέκοψαν
2769 2251 2837 2320 τῇ
2887 2247 3037 2319 οίκίᾳ
3084 2247 3294 2319 ἐκείνῃ,
3329 2247 3423 2301 καὶ
3459 2247 3679 2301 ἔπεσεν·

2097 2347 2194 2399 καὶ
2213 2340 2281 2416 ἦν
2311 2347 2346 2416 ἠ
2377 2343 2586 2406 πτῶσις
2609 2342 2781 2412 αὐτῆς
2809 2340 3045 2412 μεγάλη.
3087 2359 3106 2392 ι

2162 2455 2182 2489 ι
2222 2438 2379 2490 Ὅσοι
2434 2435 2655 2506 ἀνόμως
2712 2433 2983 2504 ἥμαρτον,
3041 2431 3264 2504 ἀνόμως
3308 2431 3682 2499 ἀπολοῦνταιο

2084 2529 2180 2583 καὶ
2221 2529 2337 2583 ὅσοι
2383 2529 2442 2582 ὲν
2484 2527 2637 2598 νόμῳ
2668 2525 2944 2596 ἥμαρτον,
2976 2523 3064 2578 διὰ
3095 2525 3263 2596 νόμου
3298 2525 3683 2598 κριθήσονται.

2085 2618 2161 2670 Οὐ
2212 2617 2323 2688 γὰρ
2363 2618 2412 2670 οἱ
2464 2614 2735 2687 ἀκροαταὶ
2782 2613 2877 2668 τοῦ
2926 2614 3093 2684 νόμου
3145 2615 3348 2670 δίκαιοι
3399 2615 3551 2687 παρά
3607 2616 3689 2687 τῷ

2083 2707 2224 2780 Θεῷ,
2270 2706 2389 2763 ἀλλ’
2435 2708 2482 2761 οἱ
2533 2705 2756 2779 ποιηταὶ
2787 2704 2881 2760 τοῦ
2927 2705 3095 2778 νόμου
3137 2705 3621 2780 δικαιωθήσονται.
3662 2729 3682 2761 ι

2161 2906 2181 2942 ‹
2219 2889 2442 2943 Γίνεσθε
2471 2889 2698 2961 ποιηταὶ
2724 2872 3045 2961 νόμουξριαὶ
3091 2890 3167 2962 μὴ
3198 2889 3363 2960 μόνον
3386 2890 3688 2961 ἀκροαταὶ,

2086 2983 2584 3054 παραλογιζόμενοι
2630 2982 2891 3046 ἑαυτούς’
2929 2982 3010 3035 ὅτι
3052 2982 3230 3050 εἴῖτις
3277 2983 3560 3054 ἀκροατὴς
3599 2983 3689 3035 v6-

2088 3091 2191 3146 μου
2243 3075 2385 3139 ἐστὶ,
2419 3074 2513 3127 καὶ
2538 3075 2599 3127 ού
2628 3074 2882 3145 ποιητὴς,
2919 3068 3074 3138 οὗτος
3112 3075 3288 3127 ἔοικεν
3324 3073 3482 3146 ἀνδρὶ
3507 3091 3689 3129 κατα-

389 3167 474 3213 est
526 3160 646 3214 viro
701 3161 1083 3219 consideranti
1139 3165 1354 3220 vultum
1406 3168 1720 3226 nativitatis
1753 3171 1889 3227 ‘sutc
1924 3174 1978 3227 in

2103 3165 2295 3218 νοοῦντι
2322 3163 2384 3217 τὸ
2409 3163 2702 3236 πρόσωπον
2725 3165 2824 3236 τῆς
2845 3165 3115 3234 γενέσεως
3131 3165 3298 3220 αύτοῦ
3322 3168 3380 3221 ὲν
3404 3167 3686 3239 ἐσόπτρῳ,

391 3252 637 3318 speculo.
665 3251 1058 3312 Consideravit
1093 3256 1242 3312 enim
1276 3273 1372 3327 se,
1405 3267 1462 3316 et
1495 3261 1665 3329 abiit,
1700 3271 1756 3321 et
1790 3265 1981 3321 statim

2103 3259 2183 3312 sal
2215 3256 2418 3324 εὐθέως
2453 3256 2753 3313 ἐπελάθετο
2784 3257 2969 3323 ὁποῖός
2990 3259 3130 3313 ἐστι.
3170 3277 3190 3308 ο

389 3343 596 3401 oblitus
628 3353 711 3402 est
739 3347 925 3418 qualis
952 3349 1045 3404 sit.
1077 3365 1096 3402 ι

459 3434 520 3492 S.
551 3435 729 3493 Basil.
773 3439 913 3496 hom.
957 3443 989 3496 7
1027 3441 1082 3496 in
1128 3441 1390 3500 Hexaem.
1417 3474 1487 3486 -
1515 3446 1642 3503 Vidi
1690 3448 1808 3505 htec
1842 3467 1981 3522 ego,

387 3524 599 3599 Deique
649 3528 703 3583 in
757 3532 1020 3588 omnibus
1078 3532 1409 3604 sapientiam
1453 3533 1623 3607 458
1671 3537 1982 3594 admiratus

390 3635 536 3674 sunt.
574 3621 913 3692 Atqui,cum
950 3623 1114 3678 bruta
1142 3639 1208 3680 ea
1247 3624 1515 3682 facultate
1548 3627 1784 3697 pradita
1824 3630 1940 3686 sint
1964 3669 1979 3694 ,

391 3728 499 3780 qua
542 3713 646 3768 sibi
686 3715 1023 3782 consulant,
1077 3729 1353 3788 suamque
1400 3716 1640 3772 salutem
1692 3727 1984 3786 tueantur,

393 3817 459 3857 uc
491 3804 663 3873 piscis
695 3805 866 3860 etiam
900 3806 1149 3874 noverit,
1180 3806 1314 3878 quid
1348 3809 1692 3880 amplexari,
1722 3811 1858 3883 quid
1891 3813 1982 3870 fu-

392 3909 524 3965 gere
559 3894 793 3951 debeat:
828 3895 964 3968 quid
994 3896 1248 3956 dicemus
1283 3915 1388 3957 nos
1410 3943 1425 3968 ,
1461 3902 1557 3972 qui
1583 3942 1598 3969 ,
1631 3918 1760 3959 cum
1799 3907 1984 3963 ornati

393 3987 642 4055 ratione,
677 4002 742 4044 ac
778 3989 952 4061 legem
987 3989 1174 4048 edocti
1201 4033 1216 4059 ,
1257 3993 1589 4068 incitatique
1621 3986 1987 4069 pollicitatio-

392 4079 591 4147 nibus,
620 4087 676 4135 et
703 4095 734 4134 a
765 4079 977 4153 Spiritu
1005 4084 1212 4140 eruditi
1250 4084 1467 4156 simus,
1513 4087 1764 4159 piscibus
1794 4099 1983 4149 tamen

391 4175 624 4231 rationis
651 4178 971 4246 expertibus
997 4179 1228 4237 stultius
1255 4197 1343 4237 res
1370 4193 1595 4241 nostras
1620 4179 1984 4246 administra-

391 4267 565 4322 mus?
599 4267 833 4334 Quando
870 4269 948 4326 illi
985 4271 1208 4343 quidem
1252 4272 1429 4330 futuri
1466 4280 1764 4347 quamdam
1802 4283 1983 4338 ratio-

391 4375 514 4415 nem
544 4359 781 4426 habent,
810 4371 1128 4419 nosautem
1161 4379 1258 4436 per
1290 4366 1626 4438 voluptatem
1657 4372 1824 4427 vitam
1860 4389 1987 4446 quae

391 4452 700 4520 pecudibus
726 4462 996 4525 congruat
1025 4469 1448 4514 consumamus.
1479 4459 1658 4518 Piscis
1694 4471 1777 4519 tot
1807 4467 1984 4522 maria

2158 3439 2314 3497 Εἶδον
2354 3439 2530 3496 ταῦτα
2575 3438 2719 3511 ἐγὼ,
2781 3439 2876 3495 καὶ
2924 3438 3024 3513 τὴν
3076 3442 3169 3496 ἐπὶ
3221 3443 3360 3496 πᾶσι
3400 3441 3496 3496 τοῦ
3543 3444 3689 3499 Θεοῦ

2088 3536 2280 3605 σοφίαν
2315 3534 2626 3605 ἐθαύμασα.
2663 3534 2726 3587 Εί
2771 3533 2840 3588 τὰ
2881 3533 3056 3602 ἄλογα
3096 3535 3422 3606 ἐπινοητικά
3453 3539 3556 3590 καὶ
3589 3555 3690 3606 φυ-

2085 3625 2322 3680 λακτικά
2355 3627 2453 3696 τῆς
2509 3625 2647 3688 ίδίας
2691 3624 2874 3678 αὐτῶν
2924 3624 3203 3696 σωτηρίας
3254 3626 3392 3690 carl,
3436 3627 3535 3681 καὶ
3578 3624 3688 3681 οἵδε

2084 3713 2147 3768 τὸ
2185 3713 2407 3786 αἱρετὸν
2437 3714 2601 3768 αὐτοῦ
2640 3715 2732 3768 καὶ
2759 3713 2820 3768 τδ
2846 3715 3081 3784 φευκτὸν
3131 3715 3305 3786 ίχθὺς,
3347 3716 3402 3770 τί
3444 3717 3690 3788 ἐροῦμεν

2086 3808 2268 3879 ἡμεῖς,
2313 3808 2363 3861 οἱ
2411 3807 2556 3878 λόγῳ
2614 3808 2997 3880 τετιμημένοι,
3044 3809 3139 3862 καὶ
3181 3808 3332 3881 νόμῳ
3389 3812 3692 3866 πεπαιδευ·

2090 3901 2264 3972 μένοι,
2324 3902 2662 3972 ἐπαγγελίας
2725 3901 3164 3973 προτραπέντες,
3227 3902 3504 3975 πνεύματι
3597 3923 3690 3959 σο-

2085 3993 2392 4064 φισθέντες,
2435 3995 2484 4048 οί
2545 3993 2656 4048 τῶν
2694 3995 2906 4062 ἀλόγων
2978 3993 3181 4065 ἰχθύων
3232 3994 3585 4067 ἀλογώτερον
3629 3997 3692 4050 τὸ

2084 4087 2207 4142 κατ’
2248 4088 2478 4150 ἑαυτοὺς
2531 4087 2944 4160 διατιθέμενοι;
2988 4087 3250 4160 Ἐπείπερ
3291 4088 3339 4140 oi
3394 4089 3493 4159 μὲν
3535 4091 3689 4143 ῐσασι

2082 4179 2176 4234 τοῦ
2236 4179 2526 4250 μέλλοντός
2577 4196 2701 4234 τινα
2767 4179 3044 4234 ποιεῖσθαι
3087 4179 3371 4250 πρόνοιαν,
3421 4183 3596 4252 ἡμεῖς
3636 4182 3694 4236 δὲ

2083 4271 2149 4325 δι’
2190 4271 2387 4343 ἡδονῆς
2430 4272 2891 4343 βοσκηματώδους
2951 4272 3048 4343 τὴν
3095 4272 3240 4345 ζωὴν
3295 4273 3690 4345 ἀναλίσκομεν.

2097 4364 2270 4434 ’ἰχθὺς
2293 4363 2515 4418 τοιαῦτα
2548 4363 2818 4435 διαμείόει
2849 4364 3061 4434 πελάγη
3093 4365 3235 4436 ὑπὲρ
3269 4363 3366 4417 τοῦ
3412 4364 3695 4437 εΰρασθαί

2084 4475 2204 4511 τινα
2231 4457 2520 4526 ὠφέλειαν.
2547 4457 2610 4510 Τί
2633 4457 2779 4529 ἐρεῖς
2810 4457 2875 4510 σὺ
2907 4459 2934 4510 ό
2964 4460 3030 4528 τῇ
3066 4459 3239 4531 ἀργίᾳ
3267 4458 3483 4524 συζῶν;
3515 4459 3694 4528 ἀργία

391 4555 687 4614 peragrat,
727 4553 788 4599 ut
819 4546 1075 4602 nonnihil
1111 4548 1373 4606 utilitatis
1403 4552 1768 4610 nanciscatur
1803 4574 1816 4610 :
1850 4557 1983 4629 quid

2103 4549 2200 4621 γὰρ
2243 4550 2584 4622 κακουργίας
2635 4553 2801 4623 ἀρχή.
2857 4551 3066 4622 Μηδεὶς
3117 4552 3340 4622 ἄγνοιαν
3403 4571 3695 4624 προφασι-

391 4643 450 4689 ῑιι
480 4635 738 4693 dicturus
772 4652 865 4700 es,
899 4638 994 4709 qui
1033 4639 1207 4694 vitam
1261 4641 1378 4697 etio
1425 4644 1742 4716 transigis?
1792 4647 1982 4704 Otium

391 4725 535 4781 enim
576 4727 765 4797 llagitii
802 4727 1022 4783 initium
1053 4739 1162 4786 est.
1200 4729 1316 4788 Nec
1354 4749 1487 4789 vero
1518 4743 1606 4792 est
1639 4741 1791 4808 quod
1825 4743 1985 4812 quis-

392 4832 558 4885 quam
595 4817 893 4874 amentiam
935 4827 1219 4876 causetur.
1257 4818 1548 4881 Naturalis
1589 4828 1799 4898 quippe
1838 4831 1984 4885 ratio

375 4909 555 4993 nobis
587 4910 756 4966 insita
787 4917 905 4977 est,
936 4926 1060 4981 qum
1089 4921 1206 4968 tum
1238 4915 1697 4986 coniunctionem
1725 4935 1854 4985 cum
1883 4921 1985 4977 bo-

393 5015 498 5068 no,
532 5010 650 5056 tum
683 5003 1036 5058 aversionem
1077 5004 1147 5062 ab
1186 5006 1257 5062 iis
1295 5022 1418 5078 quae
1457 5011 1776 5079 perniciosa
1811 5022 1982 5082 sunt,

389 5093 653 5149 ostendit.
703 5091 892 5151 Pisces
943 5095 1051 5168 legi
1102 5097 1194 5153 Dei
1251 5099 1479 5155 minime
1512 5102 1888 5172 reluctantur,
1919 5120 1985 5162 ac

392 5200 494 5240 nos
527 5184 781 5241 homines
806 5184 1076 5242 salutaria
1100 5187 1435 5244 documenta
1463 5205 1578 5246 non
1607 5193 1985 5252 sustinemus.

2091 4641 2288 4706 ζέσθω.
2317 4642 2549 4706 Φυσικδς
2587 4641 2746 4711 λόγος
2775 4642 3050 4697 οίκείωσιν
3081 4646 3213 4715 ἡμῖν
3237 4644 3332 4698 τοῦ
3364 4645 3562 4710 καλοῦ,
3593 4645 3695 4700 καὶ

2090 4734 2447 4808 ἀλλοτρίωσιν
2507 4735 2616 4790 ἀπὸ
2677 4735 2786 4790 τῶν
2851 4734 3133 4807 βλαϐερῶν
3204 4737 3532 4802 ὑποδεικνὺς
3592 4739 3692 4807 ὲγ-

2092 4825 2493 4897 κατέσπαρται.
2535 4823 2754 4896 Ἰχθύεςξ
2786 4827 2889 4880 οὐκ
2931 4826 3280 4895 ἀντιλέγουσι
3329 4828 3483 4900 νόμῳ
3521 4829 3691 4891 Θεοῦ,

2091 4919 2188 4973 καὶ
2229 4917 2506 4988 ἄνθρωποι
2559 4917 2850 4989 σωτηρίων
2892 4917 3284 4989 διαταγμάτων
3323 4920 3426 4972 οὐκ
3485 4921 3694 4992 ἀνεχό-

2097 5009 2259 5083 μεθα.
2281 5009 2374 5079 Μὴ
2407 5010 2745 5081 καταφρόνει
2774 5009 2884 5063 τῶν
2917 5010 3138 5082 ἰχθύων,
3169 5011 3358 5083 ἐπειδὴ
3387 5011 3566 5080 ἄλογα
3598 5013 3696 5066 καὶ

2094 5105 2286 5175 ἄφωνα
2321 5101 2638 5166 παντελῶςο
2687 5101 2824 5156 ἀλλά
2864 5103 2960 5157 καὶ
3000 5104 3208 5157 τούτων
3241 5103 3588 5175 ἀλογώτερος
3621 5099 3696 5168 εἷ,

2095 5197 2163 5268 τῇ
2190 5193 2432 5260 διατάξει
2453 5193 2548 5247 τοῦ
2579 5193 2884 5257 Κτίσαντος
2907 5195 3324 5266 ἀνθιστάμενος.

390 5281 468 5336 Nc
501 5296 566 5336 eo
601 5282 824 5336 nomine
864 5280 1044 5352 pisces
1085 5294 1415 5341 contemnas
1439 5328 1455 5352 ,
1505 5287 1657 5358 quod
1704 5289 1970 5362 ratione,
2005 5290 2152 5359 quod
2187 5304 2326 5346 voce
2357 5294 2608 5344 careant.
2652 5285 2736 5342 Tu
2769 5287 2919 5344 enim
2977 5287 3064 5345 his
3114 5306 3334 5362 quoque
3381 5290 3691 5346 irrationa-

390 5375 557 5430 bilior
593 5388 690 5436 es,
726 5373 821 5444 qui
858 5371 1144 5432 Creatoris
1178 5375 1360 5433 edicto
1394 5377 1728 5435 adverseris.

462 5464 702 5538 lmpium
756 5473 845 5522 est
899 5466 1148 5537 profiteri
1204 5471 1578 5542 impossibilia
1635 5488 1799 5542 esse,
1859 5491 1987 5548 qua:

394 5559 642 5630 Spiritus
677 5559 952 5631 praecipit.

407 5677 412 5684 ·
462 5651 522 5707 S.
566 5649 722 5722 Grcg.
765 5650 931 5722 Ngss.
962 5681 1033 5695 —
1060 5651 1377 5710 Admistu
1407 5661 1622 5712 natura:
1657 5655 1865 5713 malum
1901 5667 1988 5716 est

395 5762 494 5818 per
522 5759 619 5800 eos
643 5745 738 5816 qui
768 5745 836 5800 ab
870 5746 1032 5802 initio
1067 5747 1264 5803 vitium
1299 5749 1686 5820 admiserunt,
1716 5752 1850 5810 dum
1887 5769 1986 5825 per

400 5835 870 5907 inobsequentiam
912 5837 1123 5894 aditum
1159 5839 1353 5897 morbo
1389 5851 1751 5913 aperuerunt.

2174 5474 2400 5535 Ἀσεϐὲς
2430 5472 2492 5526 τὸ
2516 5471 2698 5543 λέγειν
2723 5469 2960 5526 ἀδύνατα
2984 5470 3054 5526 τά
3085 5471 3180 5526 τοῦ
3201 5472 3518 5544 Πνεύματος
3545 5489 3699 5546 παρ-

2092 5571 2438 5644 ἀγγέλματα.

2175 5663 2572 5736 Ἀνακέκραται
2603 5661 2666 5715 τδ
2707 5660 2879 5716 κακὸν
2936 5661 3074 5732 πρὸς
3112 5662 3213 5736 τὴν
3255 5665 3420 5733 φύσιν
3450 5660 3542 5717 διὰ
3577 5662 3695 5715 τῶν

2092 5757 2154 5824 ἐξ
2176 5755 2354 5828 ἀρχῆς
2379 5753 2848 5826 παραδεξαμένων
2873 5753 2934 5807 τὸ
2953 5753 3149 5822 πάθος,
3169 5753 3282 5810 τῶν
3305 5754 3394 5810 διὰ
3414 5753 3505 5824 τῆς
3544 5769 3696 5821 παρ-

2095 5845 2266 5919 ακοῆς
2289 5845 2740 5918 εἰσοικισαμένων
2780 5845 2878 5917 τὴν
2900 5845 3074 5902 νόσον.
