3960 6384
257 391 398 459 1425

1527 397 1770 458 saces
1810 371 2296 463 PARALLELA.‘

3404 409 3538 475 1426

321 517 477 571 Πᾶσα
500 514 534 587 ἠ
555 514 735 580 κτίσις
746 513 824 588 τῷ
843 514 1234 588 προστάγματι
1247 514 1344 568 τοῦ
1365 513 1504 569 Θεοῦ
1528 515 1842 587 πειθαρχείε

2034 514 2144 573 Res
2179 531 2375 573 omnes
2409 519 2648 576 condita:
2679 520 2775 577 Dei
2807 535 3082 597 praecepto
3115 533 3310 596 parent
3338 545 3352 583 :
3387 531 3539 586 solus

251 613 278 665 6
308 610 368 665 δὲ
391 609 682 682 ἄνθρωπος
729 609 891 682 μόνος
925 609 1166 676 ἀπειθεῖ,
1200 608 1267 664 δι’
1295 611 1358 666 ὃν
1401 609 1496 663 καὶ
1533 608 1728 678 γέγονε
1773 608 1844 662 τὰ

251 702 448 757 πάντα.

317 793 440 847 Τῶν
471 792 565 848 τὸν
592 794 810 864 πατέρα
842 792 920 864 μὴ
951 792 1311 864 μιμουμένων
1345 791 1375 844 6
1403 791 1590 864 πατὴρ
1626 791 1842 857 πατέρα

253 883 565 939 καλούντων
585 885 689 938 ούκ
724 884 1083 939 ἐπακούεται.
1112 883 1270 938 Μετὰ
1297 883 1368 937 τὰ
1395 883 1505 936 τῶν
1529 881 1844 954 γνωρισμά-

252 993 362 1030 των
413 975 510 1031 οὖν
565 975 834 1049 πρόσελθε
893 975 974 1046 τῷ
1035 976 1308 1048 Δεσπότῃ,
1365 975 1463 1030 καὶ
1524 975 1601 1040 ὡς
1650 975 1843 1031 τέκνον

247 1069 560 1126 ἀσπάσεται
593 1087 675 1124 σε.

321 1163 450 1226 Τοῖς
507 1163 608 1234 μέν
659 1161 797 1216 Θεοῦ
844 1161 1042 1235 γνώμῃ
1071 1161 1590 1227 κατακολουθοῦσιν,
1637 1162 1732 1214 καὶ
1772 1163 1840 1241 τέ

235 1251 435 1316 ¹καλῶς
497 1251 938 1324 νομοθετηθέντα
1004 1251 1081 1323 μὴ
1145 1250 1388 1322 τολμῶσι
1453 1251 1841 1322 παραϐαίνειν,

250 1344 434 1414 mixta
473 1341 872 1415 κατορθοῦνται
924 1342 1080 1412 παρὰ
1126 1341 1384 1406 πίστεως,
1418 1342 1514 1396 καὶ
1541 1342 1714 1414 γέρας
1751 1344 1842 1396 εύ-

247 1435 540 1506 δαιμονίας
587 1437 880 1508 πρόκειται
913 1434 1069 1506 παρὰ
1107 1435 1266 1490 Θεοῦ.
1315 1435 1455 1489 Καθ’
1502 1435 1627 1490 ὅσον
1663 1435 1720 1489 δέ
1772 1435 1840 1492 αὗ

248 1528 534 1582 ἀποστῶσι
578 1529 680 1600 τῆς
719 1529 926 1586 τούτων
952 1532 1217 1605 ἀκριϐοῦς
1262 1533 1604 1606 ἐπιμελείας,
1657 1534 1843 1607 ἄπορα

254 1620 352 1686 μέν
392 1620 606 1689 γίνεται
635 1621 704 1675 τὰ
729 1622 966 1694 πόριμα,
1015 1625 1278 1697 τρέπεται
1318 1626 1374 1680 δέ
1424 1626 1506 1690 εἰς
1553 1627 1844 1698 συμφορὰς

252 1711 594 1782 ἀνηκέστους
645 1711 676 1766 ὃ
705 1730 758 1767 τι
793 1712 916 1768 ποτ’
967 1713 1036 1770 ἂν
1089 1715 1166 1780 ὡς
1198 1716 1401 1785 ἀγαθὸν
1439 1717 1577 1789 δρᾷν
1604 1716 1841 1772 σπουδάο

250 1815 447 1857 σωσιν.

1953 604 2125 661 homo
2159 607 2322 678 cujus
2354 623 2526 665 causa
2557 619 2760 667 cuncta
2792 611 2938 668 facta
2974 623 3140 678 sunt.
3173 631 3234 673 se
3269 613 3541 674 refracta-4

1951 695 2095 750 rium
2133 699 2362 768 prabet.

2027 789 2089 845 S.
2125 789 2404 862 Chrysost.
2431 822 2502 832 —
2525 792 2627 860 Qut
2663 801 2872 863 patrem
2919 812 3027 852 non
3082 795 3391 864 imitantur,
3442 817 3538 856 cos

1955 881 2048 938 ille
2081 897 2209 939 cum
2247 892 2468 954 patrem
2502 894 2737 950 vocant,
2771 887 2998 943 minime
3045 889 3288 946 exaudit.
3346 889 3537 961 Itaque

1969 973 2146 1028 certis
2176 989 2305 1029 cum
2345 975 2494 1032 notis
2523 976 2591 1031 ad
2643 975 2940 1032 Dominum
2978 981 3210 1047 accede,
3264 989 3428 1052 teque
3477 993 3537 1037 ut
3620 1040 3631 1048 ,

1949 1061 2122 1118 ﬁlium
2163 1065 2600 1136 amplexabitur;

2019 1154 2262 1226 Iosephi.
2306 1187 2380 1198 —
2422 1157 2526 1225 Qui
2566 1158 2662 1214 Dei
2694 1159 3036 1216 voluntatem
3068 1171 3401 1233 sequuntur,
3432 1178 3536 1219 nec

1949 1261 2014 1303 ea
2046 1262 2172 1318 quae
2201 1249 2468 1319 praeclare
2499 1252 2713 1307 sancita
2742 1262 2908 1322 sunt,
2939 1253 3150 1311 violare
3181 1255 3384 1310 audent
3406 1295 3420 1321 ,
3453 1256 3538 1310 his

1953 1337 2142 1394 omnia
2200 1355 2268 1395 ex
2327 1343 2610 1398 sententia
2662 1344 3006 1411 succedunt,
3060 1360 3126 1402 ac
3179 1347 3537 1404 beatitudinis

1951 1431 2246 1501 praemium
2273 1446 2304 1486 a
2332 1431 2444 1491 Dco
2474 1436 2832 1507 proponitur.
2860 1436 3141 1504 Quantum
3175 1445 3359 1496 autem
3395 1453 3425 1492 a
3455 1439 3541 1492 di-

1950 1521 2144 1593 ligenti
2183 1537 2380 1579 eorum
2415 1539 2553 1580 cura
2583 1539 2644 1582 se
2675 1536 3002 1592 removent,
3057 1536 3272 1582 tantum
3318 1543 3540 1600 quoque

1949 1615 2036 1670 eis
2071 1614 2324 1671 diliicilia
2362 1616 2541 1684 ﬁunt,
2595 1632 2720 1689 quae
2765 1619 2923 1689 prius
2972 1618 3162 1675 facilia
3219 1630 3412 1686 erant,
3469 1636 3537 1676 ac

1947 1709 2222 1781 quidquid
2249 1711 2375 1767 boni
2407 1711 2592 1770 facere
2617 1715 2881 1782 student,
2910 1715 2966 1770 in
2991 1714 3244 1773 exitiales
3274 1715 3414 1786 ipsis
3441 1730 3540 1772 ca-

1950 1802 2230 1860 lamitates
2259 1807 2516 1865 vertitur.

249 1913 434 1993 TITA_.
457 1911 551 1993 Τ.
580 1944 650 1993 —_-
675 1915 833 1993 _H_ep2
870 1917 1257 1993 εὐδαιμονίας
1297 1922 1396 1976 καὶ
1419 1921 1840 1993 μακαρισμοῦο

1974 1914 2085 1972 PIT.
2124 1915 2215 1972 111.
2245 1949 2314 1959 -
2351 1917 2426 1973 De
2467 1919 2720 1993 felicitate
2750 1939 2770 1977 :
2803 1931 2853 1976 et
2881 1922 3020 1993 quod
3053 1937 3202 1977 nemo
3234 1931 3356 1979 ante
3388 1939 3536 1980 mor-

311 1983 419 2036 καὶ
447 1983 538 2038 ὅτι
563 1987 636 2040 οὐ
663 1983 898 2056 dei—apt)
926 1983 1216 2059 τελευτῆς
1231 1983 1769 2062 μακαρίζεηῗτιιίά.

323 2091 342 2124 ι
366 2073 500 2144 Πρὸι
522 2075 780 2149 τελευτῆς
824 2079 901 2150 μὴ
936 2080 1213 2154 μακάριζε
1256 2083 1491 2154 μηδένα.
1538 2085 1631 2156 Μὴ
1664 2101 1846 2157 μακα-

246 2165 412 2236 ρίζῃς
439 2167 609 2240 ἄνδρα
627 2169 737 2242 πρὸ
757 2171 858 2242 τῆς
878 2172 1143 2245 τελευτῆς
1162 2173 1352 2231 αὑτοῦ.
1391 2195 1420 2230 ι-

326 2351 395 2407 ὀ
439 2353 544 2423 μέν
594 2353 660 2409 ἐν
698 2355 778 2429 τῷ
827 2358 927 2430 βίῳ
967 2360 1276 2432 τυγχάνων,
1319 2361 1473 2418 οὔπω
1505 2366 1846 2438 μακαριστὸς

243 2443 328 2498 διὰ
350 2444 422 2498 τὸ
449 2447 648 2519 ἄδηλον
673 2449 776 2519 τῆς
811 2452 1116 2520 ἐκϐάσεως.
1151 2455 1212 2509 '0
1239 2457 1296 2511 δὲ
1333 2459 1748 2531 συμπληρώσας
1773 2462 1844 2516 τὰ

243 2537 634 2606 ἐπιϐάλλοντα,
690 2543 784 2597 καὶ
828 2543 1211 2619 ἀναντιρῤήτῳ
1251 2548 1396 2603 τέλει
1427 2549 1528 2622 τὴν
1562 2551 1708 2624 ζωὴν
1739 2569 1842 2607 κα-

242 2627 566 2696 τακλείσας,
600 2623 757 2698 οὗτος
777 2634 877 2708 ήδη
907 2636 1168 2707 ἀσφαλῶς
1204 2640 1588 2711 μακαρίξεται.

246 2809 636 2892 ξηᾷεξνμέγιι
655 2813 836 2892 algent;
856 2815 1138 2892 εὐπλοῶν
1152 2821 1660 2892 ᾼπρὸᾲπείσματος.

245 2883 514 2964 ραξξοῖς
529 2883 679 2950 πρὸς
703 2885 890 2964 ὅρμοις
907 2883 1221 2964 εὐπλοοῦῦ
1246 2890 1354 2945 ἔδυ
1384 2883 1644 2964 σφὶάφοςῖ,

245 2951 477 3006 Πολλοὶ
497 2951 1054 3026 προσωρμίσθησαν
1082 2959 1152 3015 ἐκ
1181 2951 1519 3033 τρικυμίας.

585 3135 767 3198 ΤΙΤΛ.
796 3141 873 3198 Δ⁹.
895 3171 966 3183 -
989 3145 1128 3214 Περὶ
1171 3145 1495 3203 ἐνυπνίων.

2345 1998 2446 2044 tem
2483 1990 2668 2048 beatus
2707 1991 2905 2048 censeri
2933 1992 3142 2049 debeat.

2020 2079 2192 2138 Eccli.
2231 2098 2285 2137 xu
2308 2123 2323 2149 ,
2365 2083 2456 2138 30.
2488 2114 2558 2124 —
2593 2104 2611 2136 ι
2641 2083 2787 2141 Ante
2816 2093 3050 2143 mortem
3082 2101 3153 2142 ne
3187 2085 3410 2142 beatum
3451 2085 3538 2141 di-

1948 2173 2099 2231 xeris
2123 2189 2485 2246 quemquam.
2507 2173 2585 2232 Ne
2607 2175 2827 2233 beatum
2852 2178 3031 2234 virum
3054 2178 3211 2235 dicas
3233 2187 3361 2234 ante
3386 2192 3537 2234 mor-

1946 2272 2056 2322 tem
2086 2264 2287 2337 ipsius.
2318 2285 2339 2320 ι

2019 2355 2078 2412 8.
2122 2357 2342 2412 Basilii.
2372 2389 2445 2400 —
2471 2358 2575 2426 Qui
2623 2358 2678 2415 in
2725 2357 2867 2416 vivis
2896 2369 3172 2429 versatur,
3207 2361 3258 2416 is
3289 2359 3536 2416 nondum

1946 2443 2145 2500 beatus
2177 2446 2570 2518 praedicandus
2603 2459 2730 2517 est,
2767 2451 2898 2521 quia
2937 2449 3065 2523 quis
3099 2450 3281 2507 exitus
3310 2451 3432 2521 ejus
3462 2450 3539 2506 sit

1944 2536 2207 2604 futurus,
2259 2554 2370 2595 non
2421 2548 2512 2596 est
2564 2541 2943 2612 exploratum.
2999 2541 3108 2609 Qui
3150 2557 3279 2598 vero
3308 2557 3539 2599 munere

1943 2643 2049 2684 suo
2081 2627 2246 2700 plene
2274 2629 2606 2701 perfunctus
2638 2643 2726 2689 est
2747 2674 2763 2702 ,
2793 2641 2848 2690 et
2896 2635 3379 2706 irreprehenslbili
3427 2635 3538 2692 ﬁne

1944 2720 2115 2776 vitam
2144 2721 2386 2786 clausit,
2422 2723 2517 2778 ille
2548 2720 2772 2780 demum
2805 2731 2926 2780 tuto
2956 2725 3154 2782 beatus
3183 2725 3416 2782 dicitur.

2124 2810 2208 2886 1δέ
2237 2822 2284 2886 te
2312 2823 2436 2868 ante
2465 2813 2638 2886 jactes
2663 2853 2679 2880 ,
2707 2831 2870 2884 quam
2900 2815 3082 2886 {artem
3119 2815 3389 2886 ligaveris.

2127 2882 2339 2956 [feriere
2373 2883 2528 2937 multi
2555 2885 2674 2952 jam
2707 2882 2988 2956 propinqui
3022 2882 3191 2956 liltofi
3214 2903 3252 2942 ει

2127 2950 2348 3009 Subiere
2380 2950 2595 3022 portum
2630 2950 2835 3010 turbine
2868 2950 2974 3008 acti
3003 2955 3246 3022 plurimi.

2832 3024 2939 3097 (S.
2973 3024 3129 3095 Greg.
3169 3035 3289 3082 tetr.
3325 3025 3462 3096 27.)

2342 3137 2479 3195 TIT.
2522 3139 2612 3198 IV.
2640 3171 2708 3181 ——
2739 3140 2816 3196 De
2854 3141 3155 3197 insomniis.

317 3267 337 3300 ι
391 3249 662 3307 Ἐνύπνια
706 3253 1111 3326 ἀναπτεροῦσιν
1154 3259 1417 3331 ἄφρονας.
1476 3262 1567 3328 Ὠς
1605 3267 1633 3318 6
1670 3264 1838 3336 δρασ-

2022 3251 2192 3309 Eccli.
2227 3260 2474 3320 xxxtvﬂ
2500 3293 2516 3319 ,
2545 3257 2602 3309 2.
2626 3285 2697 3295 —
2724 3273 2744 3308 ι
2775 3254 3003 3313 Somnia
3029 3257 3303 3313 extollunt
3327 3256 3537 3328 impru-

244 3340 478 3410 σόμενος
513 3345 672 3408 σκιᾶς
717 3345 811 3400 καὶ
839 3347 1052 3404 διώκων
1089 3352 1349 3423 ἀνέμους,
1398 3354 1573 3419 οὕτως
1613 3357 1644 3410 6
1669 3375 1840 3430 προσ-

242 3430 383 3500 έχων
441 3432 754 3500 ἐνυπνίοις,
798 3437 895 3490 καὶ
939 3438 1015 3504 ώς
1068 3441 1338 3497 ὠδίνουσα
1391 3445 1727 3514 φαντάζεται
1769 3453 1836 3520 τῇ

243 3525 470 3596 καρδίᾳ.
512 3526 638 3581 Ἐὰν
687 3528 764 3600 μὴ
811 3531 968 3602 παρὰ
1007 3531 1268 3605 Ὑψίστου
1303 3538 1584 3612 ἁποσταλῇ
1617 3541 1674 3596 ἐν
1720 3543 1840 3595 ἐπι-

244 3619 452 3689 σκοπῇ,
484 3618 561 3690 μὴ
591 3619 787 3686 δώσεις
831 3624 909 3688 είς
963 3625 1106 3680 αὐτὰ
1155 3629 1386 3698 καρδίαν
1436 3649 1554 3686 σου.
1603 3633 1840 3699 Πολλοὺς

241 3707 351 3777 γὰρ
379 3708 700 3783 ἐπλάνησαν
726 3714 793 3769 τὰ
826 3715 1078 3784 ἐνύπνια,
1127 3721 1229 3776 καὶ·
1266 3723 1576 3797 ἠσθένησαν
1601 3728 1652 3780 οἱ
1687 3728 1841 3782 ἐλπί-

243 3799 441 3866 ζοντες
464 3802 545 3868 είς
569 3803 726 3861 αὑτά.
754 3807 810 3862 Μ
821 3811 1020 3866 ιντεῖαι
1049 3811 1148 3868 καὶ
1165 3815 1472 3887 οἰωνισμοὶ,
1496 3820 1589 3872 καὶ
1611 3819 1839 3874 ἐνύπνια

245 3891 500 3974 ἆμαρτία
527 3904 667 3962 ἐστί.
701 3917 724 3958 ι

314 4086 611 4155 Πεφύκασί
641 4105 758 4153 πως
799 4091 857 4142 αἱ
912 4090 1033 4144 καθ’
1081 4090 1251 4146 ὕπνον
1291 4097 1610 4162 φαντασίαι,
1658 4095 1734 4158 ὡς
1773 4097 1843 4150 τὰ

247 4177 427 4232 πολλὰ
458 4180 819 4251 ἀποιχήματα
842 4176 983 4237 εἶναι
1029 4183 1142 4237 τῶν
1188 4184 1578 4258 καθημερινῶν
1625 4189 1844 4258 φροντί-

247 4269 375 4324 δων.
420 4271 614 4326 Ὀποῖα
653 4273 762 4346 γὰρ
876 4273 948 4328 τὰ
997 4276 1139 4330 κατὰ
1186 4277 1278 4330 τὸν
1312 4277 1429 4348 βίον
1457 4279 1616 4350 ἡμῶν
1645 4279 1840 4352 ἐπιτη-

247 4361 523 4434 δεύματα,
549 4363 776 4421 τοιαῦτα
801 4366 1019 4438 ἀνάγκη
1047 4363 1191 4422 εἷναι
1221 4369 1316 4422 καὶ
1354 4369 1422 4424 τὰ
1455 4369 1705 4427 ἐνύπνια.

1946 3347 2193 3403 dentem.
2224 3345 2397 3414 Quasi
2429 3347 2526 3418 qui
2560 3347 2933 3419 apprehendit
2966 3348 3232 3412 umbras,
3266 3355 3321 3404 et
3353 3362 3537 3418 perse-

1947 3440 2139 3510 quitur
2199 3447 2435 3504 ventos,
2494 3438 2578 3494 sic
2635 3439 2731 3510 qui
2789 3437 3030 3494 attendit
3085 3438 3428 3506 insomniis;
3481 3447 3538 3494 et

1947 3529 2417 3602 quemadmodum
2460 3531 2828 3602 parturientis
2869 3547 2970 3587 cor
3017 3533 3346 3604 phantastas
3395 3543 3538 3604 pati-

1949 3629 2063 3677 tur.
2101 3621 2220 3678 Nisi
2249 3625 2320 3679 ab
2345 3623 2640 3681 Altissimo
2667 3623 2880 3680 fuerint
2911 3626 3081 3681 missa
3111 3626 3168 3681 in
3196 3627 3534 3694 visitatioue,

1949 3730 2020 3770 ne
2049 3714 2120 3770 ad
2148 3714 2246 3770 illa
2279 3715 2560 3787 adieceris
2592 3730 2691 3772 cor
2724 3715 2890 3789 559
2926 3726 3103 3773 tuum.
3133 3719 3336 3776 Multos
3385 3721 3534 3776 enim

1948 3822 2143 3865 errare
2175 3808 2433 3866 iecerunt
2459 3811 2737 3868 insomnia
2756 3852 2772 3877 ,
2801 3820 2859 3869 et
2889 3812 3217 3868 exciderunt
3251 3825 3539 3884 sperantes

1951 3899 2007 3954 in
2039 3915 2130 3978 ea.
2155 3901 2574 3970 Divinationes,
2605 3912 2658 3960 et
2686 3905 2918 3976 auguria
2943 3945 2959 3970 ,
2987 3913 3046 3961 et
3076 3907 3350 3963 insomnia
3371 3948 3388 3974 ,
3413 3923 3542 3978 pec-

1949 3976 2134 4049 catnni
2154 3995 2319 4050 sunt.
2355 4013 2375 4047 ι

2020 4083 2083 4139 8.
2109 4083 2280 4139 Basil.
2307 4088 2364 4140 in
2404 4086 2464 4142 8.
2512 4087 2766 4143 Julil.-—
2797 4088 2992 4143 Solent
3035 4090 3359 4160 plerumque
3411 4105 3536 4160 spc-

1949 4177 2066 4232 cies
2120 4177 2226 4233 illa:
2289 4180 2589 4250 quaeinter
2617 4181 3003 4236 dormiendum
3065 4183 3264 4236 animis
3326 4185 3538 4240 nostris

1949 4269 2343 4341 obversantur,
2387 4274 2714 4330 diurnarum
2778 4289 3040 4330 curarum
3077 4276 3328 4366 reliquiae
3391 4291 3535 4333 esse.

1949 4362 2086 4419 Nam
2110 4367 2299 4437 qualia
2331 4367 2458 4422 vitte
2499 4375 2707 4423 nostrae
2754 4368 2938 4425 studia
2977 4362 3208 4438 fuerint,
3237 4369 3368 4424 talia
3401 4385 3540 4440 quo-

1949 4474 2060 4528 que
2093 4474 2218 4514 esse
2237 4460 2456 4516 somnia
2497 4462 2874 4518 necessarium
2903 4472 3009 4518 est.

251 4570 438 4648 'l'l_'_l_‘A.
470 4570 544 4625 E'.
573 4573 814 4648 ς-Περί
846 4574 1126 4648 ἐλπίᾷοςξ
1164 4577 1276 4648 ὅτι,
1293 4579 1408 4648 χρὴ
1441 4580 1530 4645 είς
1573 4580 1723 4634 Θεὸν
1749 4581 1842 4635 ἐλ-

1974 4571 2094 4630 ΓῙΤ.
2161 4571 2227 4628 ν.
2258 4606 2327 4614 —
2361 4576 2435 4632 De
2465 4593 2554 4647 spe
2585 4594 2603 4633 :
2653 4578 2792 4648 quod
2845 4577 3162 4632 collocanda
3193 4580 3245 4632 in
3282 4579 3392 4635 Deo
3443 4581 3534 4641 sil,

251 4639 467 4707 πίζειν,
489 4643 589 4697 καὶ
603 4643 690 4714 μὴ
713 4639 801 4711 εἷς
818 4645 924 4712 τὰς
952 4639 1422 4716 τώγ’ἀνθρώἓῖωᾶ·
1443 4639 1845 4719 προστασίας.

328 4749 348 4782 ι
395 4729 457 4786 ’0
489 4732 766 4798 πεποιθὼς
793 4734 886 4790 ἐπὶ
907 4737 1137 4808 Κύριον,
1173 4737 1500 4810 σωθήσεται.
1538 4760 1558 4793 ι

330 4935 352 4969 ι
387 4916 869 4989 Εὑφρανθήτωσαν
902 4918 1103 4985 πάντες
1134 4922 1183 4974 oi
1223 4921 1540 4988 ἐλπίζοντες
1591 4925 1686 4980 ἐπὶ
1739 4927 1844 4992 σοὶ,

254 5009 336 5072 είς
358 5007 554 5074 αἰῶνα,
590 5027 608 5061 ι
646 5009 740 5064 καὶ
771 5009 841 5069 τὰ
868 5009 1053 5068 λοιπά.

334 5139 356 5172 ι
397 5122 855 5196 ’Υπερασπιστὴς
885 5123 982 5178 ἐπὶ
1012 5124 1235 5181 πάντων
1262 5126 1371 5182 τῶν
1397 5128 1732 5195 ἐλπιζόντων
1761 5131 1850 5188 ἐπ’

256 5214 444 5270 αὐτόν.
485 5233 506 5268 s

336 5346 357 5379 ι
396 5319 556 5384 Οὗτοι
583 5329 643 5384 ἐν
676 5329 913 5402 ἅρμασι,
939 5332 1036 5384 καὶ
1065 5324 1211 5386 οὗτοι
1252 5333 1310 5388 ἐν
1345 5332 1560 5398 ἵπποιςο
1602 5336 1766 5406 ἡμεῖς
1794 5337 1849 5391 δὲ

258 5421 318 5473 ἐν
339 5418 586 5490 ὀνόματι,
628 5439 648 5474 ι
683 5423 778 5476 καὶ
807 5422 878 5476 τὰ
901 5423 1086 5478 λοιπά.

334 5553 356 5587 ι
413 5536 536 5590 Ἐπὶ
583 5537 668 5592 σοὶ
714 5538 954 5610 ἤλπισαν
996 5540 1046 5592 οί
1087 5541 1325 5613 πατέρες
1371 5543 1550 5614 ἡμῶν,
1585 5543 1844 5615 ἤλπισαν,

259 5625 360 5680 καὶ
389 5627 624 5700 ἐρῤύσω.
667 5648 688 5682 s

329 5756 367 5793 Α
398 5744 458 5796 Oi
486 5742 762 5817 ὀφθαλμοί
791 5765 895 5818 μου
941 5748 1031 5801 διὰ
1079 5748 1282 5814 παντὸς
1315 5713 1452 5820 ἧος
1495 5751 1588 5806 τὸν
1618 5751 1839 5825 Κύριον,

256 5832 355 5911 ,ετι
384 5835 565 5906 αὑτὸς,
604 5856 619 5891 ι
653 5839 746 5893 καὶ
771 5839 841 5896 τὰ
870 5840 1052 5897 λοιπά.

2354 4665 2459 4704 non
2489 4651 2542 4702 in
2573 4648 2825 4703 Immanis
2857 4648 3148 4718 praesidiis.

2018 4744 2120 4800 Job
2161 4761 2292 4810 χχιι,
2332 4745 2385 4800 8.
2419 4773 2487 4782 —
2529 4762 2546 4794 ι
2579 4741 2685 4808 Qui
2737 4739 2962 4797 conﬁdit
3002 4742 3058 4796 in
3121 4740 3352 4798 Domino
3431 4741 3536 4798 sal-
3603 4779 3608 4783 -

1949 4852 2051 4893 vus
2087 4838 2210 4893 erit.
2245 4854 2263 4887 ι

2046 4929 2206 4986 Psal.
2249 4947 2300 4996 ν,
2337 4931 2425 4986 12.
2458 4959 2525 4971 ——
2558 4949 2576 4982 ι
2605 4930 2881 4985 Laatcntur
2933 4943 3126 4984 omnes
3182 4930 3275 5000 qui
3312 4936 3537 5000 sperant

1949 5022 2006 5077 in
2040 5030 2112 5089 te,
2143 5023 2198 5077 in
2231 5032 2518 5086 mternutn,
2561 5041 2580 5074 ι
2619 5031 2728 5077 etc.

2030 5132 2186 5188 Psal.
2229 5148 2365 5199 xvn,
2399 5133 2490 5189 51.
2517 5163 2586 5174 --
2628 5153 2646 5186 ‹
2683 5135 2975 5190 Protector
3003 5143 3087 5192 est
3126 5134 3372 5188 omnium
3415 5147 3540 5204 spe-

1949 5226 2193 5282 rantium
2223 5226 2278 5281 in
2309 5242 2388 5283 se.
2423 5245 2442 5280 ι

2027 5337 2181 5394 Psal.
2219 5354 2334 5406 xu,
2375 5339 2428 5394 5.
2457 5369 2525 5379 --
2565 5359 2583 5392 ι
2624 5339 2690 5394 Hi
2723 5339 2776 5393 in
2804 5337 3084 5404 curri‘-~us,
3107 5352 3161 5394 et
3191 5338 3243 5393 lii
3265 5339 3319 5392 in
3338 5339 3538 5409 equis;

1955 5445 2058 5485 nos
2086 5441 2268 5486 autem
2304 5433 2358 5486 in
2391 5433 2635 5499 nomine,
2675 5451 2694 5483 ι
2723 5439 2830 5486 etc.

2023 5541 2177 5600 Psal.
2211 5562 2328 5608 xxi,
2366 5547 2418 5601 5.
2451 5576 2523 5587 —
2562 5567 2579 5598 ι
2614 5545 2674 5601 1η
2728 5557 2779 5602 te
2818 5555 3181 5617 speravcrunt
3227 5556 3411 5616 patres
3437 5563 3540 5601 no-

1953 5638 2080 5705 stri,
2109 5649 2470 5710 speraverunt
2528 5649 2583 5696 et
2617 5641 2861 5696 liberasti
2896 5655 3014 5695 eos.
3057 5659 3075 5691 ›
3116 5631 3128 5644 ⁷

2039 5753 2191 5810 Psal.
2234 5771 2382 5821 xxiv,
2418 5757 2506 5814 15.
2534 5787 2602 5796 --
2630 5775 2648 5810 ι
2679 5756 2837 5813 Oculi
2875 5756 3234 5830 mei_semper
3259 5755 3536 5827 οιῌλοηιίο

1957 5864 2112 5914 num,
2133 5849 2393 5921 quoniam
2427 5849 2564 5920 ipsc,
2597 5869 2615 5903 ι
2651 5857 2757 5906 etc.
