3960 6386
416 371 559 438 .1127
1600 373 1661 433 S.
1688 371 2022 434 JOANNIS
2051 369 2491 432 DAMASCENI
3566 364 3701 428 1128

488 483 658 539 psam
694 498 851 550 ιιιιιιι,
889 484 942 538 1.
976 513 1040 525 --
1075 501 1093 534 ι
1143 481 1203 538 in
1246 481 1481 540 Domino
1512 499 1746 556 sperans
1777 483 2000 541 uonin-
2030 489 2052 546 Α

1991 513 2000 525 -
2030 489 2078 546 Α
2180 501 2200 535 ι
2246 481 2382 537 Ἐπὶ
2407 482 2488 554 τῷ
2515 482 2708 554 Κυρίῳ
2743 477 2981 548 ἐλπίζων
3005 480 3066 533 οὐ
3089 477 3168 550 μὴ
3190 476 3499 548 ἀσθενήσω.
3537 497 3555 531 ι

416 577 701 633 lirmabor.
724 595 742 630 ι

483 668 640 723 Ρεαί.
706 683 878 733 xxvii,
923 699 966 725 ι.
993 693 1066 709 --
1099 686 1118 720 ι
1142 665 1202 722 In
1237 666 1360 739 ipso
1395 667 1640 740 speravit
1669 683 1769 724 cor
1796 683 2005 736 meum,

2195 688 2214 720 ι
2262 668 2380 723 Ἐπ’
2409 667 2562 739 αὐτῷ
2590 665 2820 738 ἥλπισεν
2871 667 2905 737 ἡ
2943 663 3158 736 οιαρδία
3187 679 3312 734 μου,
3353 661 3449 716 καὶ
3474 660 3702 733 ἐσοηθή-

411 767 463 814 et
492 758 718 828 adjutus
737 773 884 813 sum.
925 775 946 810 ι
1341 789 1345 794 -

737 773 884 813 sum.
925 775 946 810 ι
1341 789 1345 794 -
2110 763 2231 832 θην.
2279 780 2298 812 ι

483 846 638 904 Puri.
669 863 804 914 nu,
839 849 892 903 1.
924 878 994 890 --
1021 867 1041 900 ι
1079 847 1138 904 ιιι
1185 856 1263 913 te,
1305 845 1559 914 Domine,
1603 846 1844 918 speravi,
1896 860 2020 909 non,
2194 853 2324 907 Ἐπὶ
2367 850 2476 918 σοὶ,
2519 849 2719 921 Κύριε,
2755 848 2982 921 ἤλπισα,
3019 846 3096 918 μὴ
3127 843 3586 916 καταισχυνϐείην
3621 845 3706 904 είς

405 941 720 998 confundar
752 944 805 999 in
838 949 1158 998 aeternum.»

2116 947 2210 1002 τὸν
2240 945 2436 1000 αἰῶνα.
2478 963 2496 997 ι
3038 1000 3041 1002 _

331 1021 340 1027 ’
533 1036 642 1088 sal.
678 1049 832 1101 xui,
866 1033 950 1088 10.
985 1064 1058 1073 —
1096 1053 1115 1086 ι
1163 1033 1492 1104 Sperantem
1523 1029 1579 1086 in
1619 1029 1854 1086 Domino

2198 1058 2216 1091 ι
2260 1037 2372 1093 Τὸν
2405 1036 2697 1101 ἐλπίζοντα
2771 1037 2865 1091 ἐπὶ
2909 1033 3116 1106 Κύριον
3157 1032 3305 1097 ἐλεος
3350 1030 3643 1086 κυκλώσει.
3679 1051 3699 1085 ι

412 1122 714 1181 sericordia
743 1124 1133 1182 circumdabit.
1174 1143 1192 1177 ι

485 1212 643 1271 Psal.
684 1231 877 1284 xxxvt,
909 1217 966 1282 5,
992 1217 1047 1273 1.
1083 1243 1154 1257 --
1185 1235 1204 1269 ι
1229 1215 1403 1287 Spera
1464 1215 1519 1270 in
1555 1213 1812 1277 Domino,
1839 1220 1896 1269 et
1928 1211 2012 1267 lac

2195 1239 2213 1273 ι
2255 1219 2521 1274 Ἐλπισον
2546 1219 2640 1272 ἐπὶ
2660 1217 2903 1290 Κύριον,
2922 1217 3018 1272 καὶ
3041 1216 3181 1271 ποίει
3207 1216 3578 1288 χρηστότητα,
3611 1214 3705 1268 καὶ

415 1307 722 1366 bonitatem
771 1319 830 1366 et
848 1309 1104 1366 inhabita
1121 1316 1350 1365 terram.
1375 1305 1843 1376 lievelaDomino
1865 1306 1979 1360 viam

2141 1313 2470 1383 ιατασκήνου
2493 1311 2596 1382 τὴν
2625 1311 2748 1381 γῆν.
2792 1309 3166 1380 ’Δποιιάλυψον
3201 1309 3337 1380 πρὸς
3368 1309 3575 1380 Κύριον
3607 1305 3705 1378 τὴν

419 1407 586 1455 tuam.
631 1420 649 1452 ι

2113 1404 2231 1460 ὀδόν
2253 1419 2373 1458 σου.
2411 1421 2429 1454 ι

486 1494 640 1549 Prol.
681 1510 872 1560 χχιιι,
911 1495 964 1550 5.
989 1523 1061 1547 τ-
1095 1513 1114 1546 ι
1149 1495 1354 1551 Beatus
1388 1493 1474 1548 vir
1507 1492 1671 1562 cujus
1701 1501 2009 1548 estnomen

2187 1514 2207 1549 ι
2241 1493 2533 1564 Μακάριος
2568 1493 2708 1565 ἀνὴρ
2739 1486 2803 1548 οὗ
2849 1495 2970 1548 ἐστι
2998 1493 3062 1548 τδ
3089 1493 3260 1563 ὄνομα
3291 1491 3502 1564 Κυρίου
3543 1489 3706 1556 ἐλπὶς

415 1588 634 1645 Domini
666 1602 797 1659 spes
826 1587 970 1655 ejus.
1000 1605 1020 1639 ι

2114 1589 2306 1645 αὐτοῦ.
2339 1609 2358 1643 ι
3445 1629 3447 1632 ,

486 1679 642 1737 Ptol.
673 1694 781 1744 uv,
833 1679 926 1734 2‘5.
955 1709 1027 1720 --
1059 1696 1078 1730 ι
1106 1677 1262 1734 Jacta
1305 1692 1472 1749 super
1499 1677 1792 1733 Dominum
1819 1691 2011 1734 curam

2193 1703 2212 1735 ι
2271 1683 2596 1756 Ἐπίρῤιψον
2635 1682 2731 1736 ἐπὶ
2761 1682 2966 1754 Κύριον
3009 1681 3110 1753 τὴν
3149 1677 3420 1753 μέριμνάν
3453 1693 3572 1743 σου,
3609 1673 3708 1728 καὶ

412 1782 588 1838 tuam,
619 1781 674 1827 ct
707 1788 827 1842 ipse
865 1779 918 1828 te
942 1772 1204 1827 enutriet.
1247 1792 1264 1824 ι

1197 1811 1204 1825 .
1247 1792 1264 1824 ι
2039 1836 2073 1845 _
2117 1775 2279 1839 αὐτός
2302 1793 2360 1829 σε
2395 1775 2696 1845 διαθρέψει.
2743 1793 2761 1826 ι

483 1865 642 1922 Psal.
675 1881 792 1932 ινι,
834 1866 886 1920 1.
912 1895 987 1905 —
1029 1886 1047 1918 ι
1079 1865 1340 1923 Miserere
1367 1866 1499 1933 mei,
1531 1866 1699 1928 Deus,
1740 1868 2005 1923 miserere
2038 1837 2047 1890 ¹

2181 1888 2204 1924 ι
2254 1836 2627 1942 Ἐλέησόν-με’,
2656 1869 2684 1923 ὁ
2711 1865 2868 1934 Θεὸς,
2895 1863 3118 1936 ἐλέησόν
3143 1882 3212 1936 με
3253 1864 3337 1918 ὄτι
3358 1862 3452 1916 ἐπὶ
3485 1859 3572 1914 σοὶ
3603 1859 3708 1914 πέ-

409 1957 554 2024 mei;
594 1956 861 2027 quoniam
893 1957 1034 2013 in~te
1057 1955 1280 2012 conlidit
1308 1956 1497 2011 anima
1531 1971 1670 2012 mea.
1702 1973 1722 2008 ι

1183 1955 1280 2010 ldit
1308 1956 1497 2011 anima
1531 1971 1670 2012 mea.
1702 1973 1722 2008 ι
2108 1963 2298 2017 ποιθεν
2326 1964 2360 2033 ἡ
2382 1962 2530 2034 ψυχή
2564 1978 2690 2033 μου.
2728 1978 2747 2012 ι

478 2049 630 2105 Psal.
670 2065 758 2117 LV,
794 2050 880 2105 11.
914 2079 986 2093 η-
1027 2067 1049 2101 (
1085 2048 1140 2105 In
1173 2047 1284 2106 Deo
1333 2048 1588 2120 speravi;
1651 2063 1762 2103 non
1798 2047 2003 2102 timebo

2185 2074 2205 2106 ι
2255 2054 2382 2108 Ἐπὶ
2407 2048 2484 2121 τῷ
2507 2053 2626 2125 Θεῷ
2649 2053 2879 2124 ήλπισα,
2910 2056 2970 2110 oo
3002 2047 3390 2121 φοόηὓήσομαι
3413 2044 3468 2098 τί
3484 2043 3702 2113 ποιήσει

405 2143 537 2215 quid
558 2142 728 2201 faciet
752 2143 884 2198 mihi
900 2144 1078 2198 homo.
1094 2161 1114 2194 ι

1041 2158 1078 2198 3.
1094 2161 1114 2194 ι
2111 2161 2201 2215 μοι
2235 2143 2334 2199 ἄνθ
2345 2159 2545 2213 ρωπος.
2588 2161 2605 2194 ι

474 2236 631 2294 Ρεαί.
668 2251 875 2302 Lxxvn,
899 2236 989 2292 55.
1015 2265 1044 2276 -
1067 2263 1088 2275 ο
1130 2254 1149 2287 ι
1179 2235 1418 2291 Deduxit
1457 2249 1554 2292 eos
1587 2234 1642 2291 in
1671 2249 1788 2305 spe.
1816 2241 1868 2289 et
1893 2249 2002 2289 non

2179 2254 2199 2288 ι
2250 2235 2550 2306 Ὤδήγησεν
2599 2232 2798 2299 αὐτοὺς
2847 2232 2937 2287 ἐπ’
2957 2231 3155 2300 ἐλπίδι,
3195 2231 3291 2286 καὶ
3332 2234 3433 2284 οὐκ
3465 2225 3700 2282 ἐδειλία-

405 2332 734 2387 timuerunt.
783 2349 804 2383 ι

660 2338 734 2386 ιιι.
783 2349 804 2383 ι
2105 2345 2224 2383 σαν.

475 2420 630 2478 Psal.
663 2435 838 2484 cxvn,
865 2420 918 2476 8.
951 2450 1023 2461 —
1057 2439 1076 2474 ι
1113 2419 1330 2475 Bonum
1362 2426 1448 2476 est
1489 2417 1774 2476 conlidere
1809 2417 1861 2472 iu
1891 2416 2002 2474 Do-

2185 2441 2206 2472 ι
2253 2421 2484 2490 Ἀγαθὸν
2531 2421 2854 2477 πεποιθέναι
2900 2418 2995 2474 ἐπὶ
3029 2417 3258 2491 Κύριον,
3303 2417 3337 2487 ἦ
3375 2416 3701 2473 πεποιθέναι

400 2513 576 2580 ιιιίιιο,
599 2529 764 2585 quam
793 2513 1072 2569 conlidere
1098 2515 1152 2568 in
1191 2511 1432 2567 homine.
1470 2530 1490 2563 ι

1027 2529 1072 2569 re
1098 2515 1152 2568 in
1191 2511 1432 2567 homine.
1470 2530 1490 2563 ι
2104 2514 2194 2568 ἐπ’
2221 2513 2532 2586 ἄνθρωπον.
2572 2532 2591 2565 ι

469 2605 624 2664 Psal.
676 2622 864 2674 cxxiv,
892 2609 946 2662 1.
978 2636 1049 2648 —
1079 2625 1099 2659 ι
1146 2605 1253 2672 Qui
1318 2604 1606 2662 conﬁdunt
1655 2607 1712 2662 in
1767 2603 2002 2660 Domino

1935 2618 2002 2660 no
2186 2625 2204 2659 ι
2247 2608 2310 2661 Οἱ
2340 2606 2662 2671 πεποιθότες
2685 2606 2778 2661 ἐπί
2801 2605 3008 2676 Κύριον
3035 2604 3114 2670 ὡς
3130 2603 3257 2672 ὅρος
3285 2601 3443 2655 Σιὼν.
3478 2620 3499 2653 ι

397 2701 543 2758 sicut
568 2715 726 2756 mons
747 2699 906 2762 Sion,
940 2719 960 2752 ι
993 2707 1103 2755 etc.

475 2793 632 2849 Psal.
674 2806 836 2859 cxu,
866 2792 986 2848 2-1.
1016 2822 1090 2834 —
1131 2809 1152 2842 ι
1187 2789 1370 2846 Nolite
1392 2789 1672 2845 conlidere
1701 2788 1756 2842 in
1791 2788 2000 2859 princi-

2178 2809 2198 2842 ι
2231 2787 2324 2860 Μὴ
2359 2787 2652 2842 πεποίθετε
2698 2789 2786 2842 ἐπ’
2824 2786 3134 2860 ἀρχόντων,
3165 2785 3262 2839 ἐπὶ
3291 2782 3444 2847 υἱοὺς
3483 2781 3702 2854 ἀνοριῖιο

395 2884 584 2953 pibus,
615 2883 668 2938 in
709 2881 839 2939 liliis
874 2881 1180 2940 hominum.
1215 2881 1273 2936 lu
1297 2881 1390 2936 illa
1429 2881 1520 2937 die
1576 2881 1837 2952 peribunt
1881 2895 1959 2934 οιι

2137 2897 2250 2934 πων·
2284 2883 2344 2936 ἐν
2391 2880 2582 2954 ἐκείνῃ
2634 2880 2820 2953 ήμέρᾳ
2873 2878 3206 2935 ἀπολοῦνται
3249 2877 3300 2930 ol
3347 2876 3701 2946 διαλογισμοὶ

401 2991 506 3032 nes
535 2975 909 3048 cogitationes
933 2987 1154 3029 eorum.
1185 2992 1204 3026 ι

809 2990 909 3030 nes
933 2987 1154 3029 eorum.
1185 2992 1204 3026 ι
2105 2973 2308 3027 αὐτῶν.
2349 2992 2366 3025 ι

469 3063 634 3121 Prov.
661 3081 742 3130 Ili,
810 3065 1006 3122 5.-ι
1047 3065 1179 3118 Esto
1225 3063 1512 3120 conlidens
1547 3063 1602 3118 in
1647 3061 1882 3118 Domino
1940 3061 1995 3115 in

2180 3083 2200 3118 ι
2239 3065 2381 3120 ’ῐσθι
2410 3066 2687 3131 πεποιθὼς
2711 3066 2807 3120 ἐπὶ
2834 3066 3042 3139 Κύριον
3076 3066 3133 3118 ἐν
3151 3065 3248 3136 ὅλῃ
3278 3062 3481 3136 καρδίᾳ
3510 3079 3636 3117 σου.
3676 3080 3693 3114 ι

399 3165 522 3214 ιοιο
551 3158 724 3214 corde
763 3166 882 3214 tuo.
919 3175 938 3210 ι
1777 3173 1780 3180 ·
2019 3179 2062 3238 c

469 3249 634 3307 Prov.
668 3263 867 3314 xxvm,
902 3249 996 3304 9.5.
1034 3277 1104 3289 -—
1137 3265 1156 3299 ι
1190 3247 1297 3314 Qui
1333 3245 1566 3303 conlidit
1614 3245 1671 3301 in
1727 3244 1988 3312 Domino,

2173 3269 2193 3304 ι
2241 3253 2341 3316 ’ος
2374 3249 2640 3307 πέποιθεν
2663 3253 2758 3308 ἐπὶ
2787 3251 3012 3325 Κύριον,
3045 3251 3105 3306 ἐν
3135 3249 3428 3322 ἐπιμελείᾳ
3453 3249 3640 3304 ἔσται.
3676 3268 3695 3302 ι

397 3345 454 3400 in
498 3356 635 3398 cura
663 3343 837 3414 ipsius
865 3341 991 3397 erit.
1033 3359 1054 3392 ι

462 3433 623 3492 Prov.
649 3450 763 3498 ιιι,
785 3434 879 3489 20.
906 3461 977 3476 --
1003 3453 1021 3486 ι
1047 3432 1151 3500 Qui
1181 3430 1410 3488 conlidit
1429 3429 1484 3486 in
1509 3427 1766 3495 Domino,
1795 3426 1990 3482 beatus

1872 3433 1990 3480 “IIS
2167 3455 2187 3492 ι
2238 3438 2298 3493 '0
2325 3437 2604 3503 πεποιθὼς
2634 3436 2728 3491 ἐπὶ
2755 3435 2985 3511 Κύριον,
3019 3436 3376 3510 μακαριστός.
3418 3455 3436 3490 ι

395 3526 667 3585 dicendus
699 3533 806 3583 est.
844 3544 864 3579 ι

460 3618 623 3676 Prov.
655 3633 784 3673 xxix
839 3616 933 3672 25.
963 3645 1033 3657 -
1066 3633 1086 3668 ι
1121 3614 1226 3682 Qui
1255 3613 1491 3670 conlidit
1523 3612 1578 3667 in
1605 3609 1859 3677 Domino,
1892 3611 1990 3666 lae-

1976 3640 1990 3652 ·
2172 3640 2192 3674 ι
2241 3621 2302 3676 '0
2324 3619 2608 3686 πεποιθὼς
2636 3619 2732 3677 ἐπὶ
2757 3621 2988 3694 Κύριον,
3017 3619 3477 3692 εὐφρανθήσεται.
3519 3637 3540 3670 ι

393 3711 628 3767 tahit'ur.
675 3727 699 3764 ι

467 3802 584 3858 Isa.
615 3815 813 3863 xxxnl,
845 3799 938 3856 2...
971 3827 1044 3839 —
1075 3815 1095 3850 ι
1130 3796 1399 3852 Dominus
1422 3794 1591 3866 iudex
1625 3803 1836 3859 noster,
1880 3792 1991 3846 Do-

2172 3827 2191 3860 ι
2235 3809 2442 3880 Κύριος
2470 3811 2670 3882 κριτὴς
2696 3807 2880 3880 ἡμῶν,
2917 3805 3126 3879 Κύριος
3157 3806 3346 3876 ἄρχων
3378 3803 3558 3876 ἡμῶν,
3585 3801 3696 3858 Κύ-

393 3891 584 3949 minus
614 3891 874 3963 princeps
916 3897 1128 3944 noster.
1180 3887 1453 3944 Dominus
1499 3899 1595 3941 rex
1635 3893 1846 3953 noster,
1880 3883 1957 3938 Do

2134 3920 2211 3965 ιος
2229 3901 2482 3973 βασιλεὺς
2503 3901 2684 3974 ἡμῶν,
2701 3900 2907 3971 Κύριος
2929 3899 3112 3977 σωτὴρ
3134 3898 3290 3971 ἡμῶν
3305 3914 3320 3928 ο
3339 3895 3504 3960 αὐτὸς
3522 3895 3696 3949 σώσει

390 3986 578 4042 minus
602 3984 850 4041 salvator
876 3989 1090 4048 noster,
1134 3979 1253 4053 ipse
1285 3978 1524 4038 salvahit
1546 3993 1670 4035 nos.
1705 3992 1726 4030 ι

773 3991 850 4038 Lor
876 3989 1090 4048 noster,
1134 3979 1253 4053 ipse
1285 3978 1524 4038 salvahit
1546 3993 1670 4035 nos.
1705 3992 1726 4030 ι
2097 3995 2260 4066 ἡμᾶς,
2318 4013 2337 4046 ,

463 4076 579 4132 Isa.
605 4091 706 4145 ιιι,
729 4074 783 4130 2.
814 4104 887 4117 α·-
923 4092 943 4126 ι
984 4073 1126 4130 Ecce
1166 4073 1312 4129 Deus
1345 4069 1589 4128 salvator
1618 4085 1817 4140 meus;
1850 4086 1987 4127 con-

2163 4103 2185 4138 ‹
2239 4085 2372 4140 Ἰδοὺ
2416 4085 2444 4140 ὁ
2475 4085 2610 4139 Θεὸς·
2639 4085 2822 4158 σωτήρ
2866 4099 2997 4156 μου,
3026 4085 3310 4147 πεποιθὼς
3354 4084 3559 4155 ἔσομαι
3606 4085 3698 4138 ἐπ’

389 4169 556 4225 lidam
590 4170 645 4224 in
679 4182 830 4233 eum,
863 4174 919 4223 et
945 4167 1135 4224 salvus
1157 4180 1275 4222 cro.
1306 4179 1326 4217 ι

2139 4178 2258 4248 itii),
2287 4178 2380 4232 καὶ
2403 4177 2743 4249 σωθήσομαι.
2783 4195 2806 4231 ι
3699 4183 3703 4188 “

459 4260 663 4315 διηθη-
718 4273 854 4334 *νην
913 4258 968 4324 Ἰν
1001 4257 1055 4312 8·
1086 4287 1158 4298 ⁵·-
1194 4275 1213 4308 ⁴
1253 4253 1591 4312 Βθηθάίθίυε
1654 4256 1823 4313 homo
1880 4255 1985 4327 (ιυὶ
2165 4287 2185 4322 ι
2233 4269 2620 4340 Εὐλογημένος
2663 4268 2954 4340 ἄνθρωπος
2983 4269 3139 4333 ὅστις
3175 4269 3434 4324 πέποιθεν
3477 4270 3574 4323 ἐπὶ
3611 4269 3708 4339 τῷ·

389 4352 622 4410 conlidit
653 4351 709 4407 in
737 4350 996 4418 Domino,
1045 4357 1100 4405 et
1129 4349 1237 4406 erit
1281 4347 1552 4405 Dominus
1585 4363 1712 4419 spes
1743 4348 1895 4418 ejus;
1927 4364 1953 4405 c

2125 4360 2282 4432 ἱυρίῳ
2301 4375 2316 4388 ⁶
2342 4359 2438 4415 καὶ
2463 4360 2621 4415 ἔσται
2643 4359 2850 4431 Κύριος
2871 4360 3028 4424 ἐλπὶς
3055 4361 3226 4415 αὐτοῦ
3246 4379 3262 4396 ο
3296 4363 3392 4417 καὶ
3424 4361 3584 4417 ἔσται
3612 4363 3689 4426 ὡς

387 4447 497 4502 erit
557 4453 823 4513 tanquam
865 4443 1075 4516 lignum
1109 4440 1465 4498 lructilerum
1507 4441 1666 4513 juxta
1699 4456 1898 4513 aquas,
1926 4457 1951 4496 e

2124 4450 2248 4505 ύλον
2289 4451 2553 4522 εὐθηνοῦν
2598 4451 2730 4523 παρ’
2769 4449 2960 4516 ὕδατα,
3004 4453 3099 4505 καὶ
3143 4453 3476 4524 ἐπὶιῑκμάδα
3529 4453 3688 4526 βαλεί

386 4539 457 4594 ad
495 4536 786 4593 humorem
827 4535 1006 4591 mittet
1031 4534 1272 4592 radicem
1311 4549 1498 4590 suum.

961 4543 1006 4591 et
1031 4534 1272 4592 radicem
1311 4549 1498 4590 suum.
2017 4523 2064 4584 ί)
2091 4544 2443 4616 ῥίζαναύτοῦ
2497 4563 2525 4594 φ

457 4628 601 4684 Dan.
629 4641 714 4694 ιιι,
739 4627 829 4682 50.
852 4655 923 4670 --
957 4645 976 4680 ι
1004 4625 1126 4682 Non
1157 4635 1244 4701 est
1272 4624 1534 4683 conlusio
1577 4624 1984 4682 conlidentibus

2165 4654 2184 4688 ι
2223 4637 2340 4690 Οὐκ
2377 4636 2528 4692 ἐστιν
2557 4634 2792 4706 αἰσχύνη
2823 4641 2939 4700 τοῖς
2965 4635 3289 4690 πεποιθόσιν
3311 4635 3404 4690 ἐπὶ
3427 4633 3507 4690 σέ.
3557 4652 3577 4688 ι

387 4726 542 4777 tute.
588 4739 609 4772 ι

459 4812 633 4868 Eccli.
669 4828 730 4878 ιι,
768 4811 966 4867 11-15.
997 4842 1069 4852 —
1102 4831 1121 4864 ι
1152 4799 1432 4884 Respicite
1459 4812 1848 4883 generationes
1880 4827 1984 4868 an-

2171 4848 2200 4881 ι·
2249 4826 2595 4899 Ἐμϐλὲψατε
2622 4829 2704 4891 είς
2741 4828 2970 4900 ἀρχαίας
3009 4827 3223 4896 γενεὰς,
3267 4825 3362 4880 καὶ
3400 4825 3569 4879 ἴδετε·
3604 4825 3687 4888 τίς

386 4904 572 4975 tiquas
627 4912 685 4958 et
730 4903 916 4959 videte
964 4903 1141 4974 :quis
1194 4903 1363 4977 460
1429 4903 1671 4961 credidit
1723 4904 1950 4962 Domino

2124 4916 2387 4972 πίστευσε
2435 4915 2516 4987 τῷ
2563 4916 2776 4989 Κυρίῳ,
2831 4919 2928 4973 καὶ
2967 4915 3354 4990 κατῃσχύνθης
3402 4916 3437 4987 ἢ
3468 4913 3553 4978 τίς
3600 4917 3686 4968 ἐν·

385 5006 443 5053 et
496 4995 770 5052 confusus
825 4996 946 5052 est?
984 5005 1080 5051 aut
1131 4998 1262 5068 quis
1299 4997 1604 5068 permansit
1679 4997 1736 5052 in
1782 4997 1949 5053 timor

2121 5026 2274 5080 μεινε
2324 5007 2404 5080 τῷ
2469 5008 2624 5080 φόϐῳ
2669 5009 2860 5074 αὑτοῦ,
2914 5009 3010 5063 καὶ
3061 5007 3560 5079 ἐγκατελείφθηςῆ
3599 5007 3685 5069 τίς

363 5089 530 5160 ⁸⁸11³³,
585 5097 643 5146 οἱ
678 5089 985 5145 άθΐθιῖοιυε
1036 5090 1162 5146 es”
1209 5097 1307 5144 ³1η
1367 5088 1646 5146 ἱητθοδνίῑ
1710 5089 1892 5155 illum.
1927 5098 1984 5145 οἱ
2086 5099 2472 5156 ἐπεκαλέσατο
2524 5099 2711 5166 αὑτὸν,
2779 5101 2876 5157 καὶ
2947 5100 3235 5172 ὑπερεῖδον
3283 5099 3481 5168 αὐτους
3533 5098 3684 5153 Διὸτι

387 5181 686 5252 despectus
741 5181 812 5237 ah
837 5196 907 5237 eo
949 5182 1074 5237 est?
1106 5181 1376 5249 Quoniam
1401 5183 1530 5254 pius
1558 5189 1614 5239 et
1656 5183 1951 5239 misericor-

2121 5193 2390 5264 ἰκτίρμων
2423 5191 2516 5246 καὶ
2535 5191 2788 5264 ἐλεήμων
2817 5196 2846 5249 ὁ
2872 5194 3100 5266 Κύριος,
3130 5192 3226 5246 καὶ
3245 5190 3472 5263 ἀφίησιν
3504 5191 3684 5262 ἀμαρ-

389 5284 475 5330 est
507 5273 799 5338 Dominus,
826 5282 881 5328 et
916 5271 1145 5328 dimittit
1179 5281 1428 5346 peccata.
1455 5293 1474 5326 ι
2081 5284 2224 5349 τίας.
2267 5303 2285 5337 ι

464 5362 618 5421 Rom.
648 5380 772 5430 vni,
804 5365 901 5421 26.
935 5396 1005 5408 —
1040 5386 1059 5420 ι
1099 5367 1206 5438 Spe
1244 5367 1382 5424 salvi
1418 5367 1547 5424 lacti
1580 5382 1798 5423 sumus.
1837 5365 1976 5438 Spes

2161 5394 2179 5428 ι
2220 5377 2299 5447 Τῇ
2332 5377 2510 5431 ἐλπίδι
2554 5377 2867 5449 ἐσώθημεν.
2915 5375 3105 5441 Ἐλπὶς
3134 5374 3193 5429 δὲ
3221 5374 3528 5446 βλεπομένη
3576 5372 3682 5426 οὐκ

384 5465 569 5512 autem
623 5473 748 5528 qua:
805 5459 1044 5523 videtur,
1072 5475 1183 5513 non
1216 5468 1302 5516 est
1333 5475 1482 5530 spes,
1519 5461 1666 5532 quod
1700 5461 1849 5515 enim
1884 5461 1948 5515 vi.

2114 5484 2230 5520 στιν
2280 5466 2454 5530 ἐλπίς.
2493 5468 2560 5520 Ὃ
2601 5467 2712 5540 γὰρ
2766 5466 2955 5537 βλέπει
2990 5484 3095 5534 τις,
3135 5465 3189 5518 τί
3217 5465 3313 5517 καὶ
3344 5463 3584 5528 ἐλπίζει;
3613 5461 3677 5514 ΕΞ

385 5551 648 5623 ictquis,
690 5552 822 5624 quid
865 5561 919 5610 ct
955 5553 1181 5624 sperat?
1211 5553 1270 5609 Si
1324 5562 1506 5610 autem
1530 5553 1678 5627 quod
1708 5569 1823 5608 non
1889 5553 1943 5608 vi

2113 5559 2136 5612 ἐ
2177 5558 2206 5612 ὃ
2248 5559 2308 5612 οὐ
2334 5557 2608 5630 βλέπομεν
2637 5557 2957 5631 ἐλπίζομεν,
2998 5558 3066 5614 δι’
3118 5558 3398 5630 ὑπομονῆς
3442 5553 3677 5610 ἀπεκδε-

379 5643 583 5701 demus
651 5659 964 5715 speramus,
999 5661 1099 5717 per
1129 5645 1451 5716 patientiam
1498 5655 1906 5716 exspectamus.
1951 5664 1970 5697 ι
2077 5650 2307 5722 χόμεθα.

452 5735 648 5802 Ephes.
703 5756 776 5804 vr,
814 5739 899 5793 11.
927 5769 998 5780 —
1035 5759 1054 5792 ι
1087 5739 1242 5796 State
1261 5756 1396 5814 ergo
1436 5741 1708 5799 succincti
1759 5740 1973 5798 lumbos

2159 5761 2178 5795 ι
2228 5742 2397 5812 Στῆτε
2427 5737 2523 5797 οὖν
2555 5743 2999 5816 περιζωσάμενοι
3029 5741 3128 5807 τὰς
3165 5743 3373 5812 ὀσφύας
3417 5741 3512 5812 τῆς
3562 5737 3675 5792 δίι-

379 5827 586 5880 mcutis
613 5831 833 5888 vestrm.
868 5827 1187 5890 vigilantes.
1225 5849 1243 5882 ι

1230 5849 1243 5881 ι
2083 5834 2233 5899 νοέας
2261 5833 2416 5906 ὑμῶν
2444 5836 2734 5906 νήφοντες.
2777 5854 2794 5887 ι
