3960 6386
251 407 376 472 1499

1504 426 1739 489 SACRA
1772 429 2238 491 PARALIELA.

3381 434 3517 502 1430

319 539 337 572 ι
369 519 599 584 Τελείως
641 521 902 579 ἐλπίσατε
953 526 1048 581 ἐπὶ
1099 529 1200 599 τὴν
1235 531 1532 605 δεδομένην
1567 536 1699 608 ὑμῖν
1738 537 1809 608 χά

2011 538 2042 592 Ι
2069 539 2221 595 Petr.
2283 554 2321 606 ι,
2355 538 2438 594 15.
2473 569 2544 579 —
2576 557 2593 592 ι
2620 537 2874 598 Perfecto
2915 550 3134 614 sperate
3158 542 3214 600 in
3252 557 3373 600 eam
3399 560 3522 614 quae

255 628 352 678 ριν.
380 631 406 660 ι

315 684 596 779 Πείσωμεν
625 711 880 777 ἑαυτοὺς,
913 691 1156 782 ἀδελφοὶ,
1190 715 1250 769 ἐν
1284 717 1464 789 καιρῷ
1497 719 1824 791 πειρασμοῦ,

251 801 319 871 μὴ
342 799 476 871 πρὸς
508 800 861 871 ἀνθρωπίνας
907 804 1132 870 ἐλπίδας
1176 809 1530 880 ἀποτρέχειν,
1574 812 1668 865 καὶ
1697 814 1828 866 ἐαυ-

1934 631 2101 686 datur
2130 631 2286 686 vobis
2314 631 2569 702 gratiam.
2613 650 2631 683 ι

2011 722 2070 778 S.
2110 724 2281 779 Basil.
2307 726 2360 778 in
2391 723 2543 780 Psal.
2573 740 2689 780 an.
2715 756 2784 767 —
2815 725 2928 783 Hoc
2989 730 3154 787 nobis
3182 732 3520 803 persuadea-

1934 830 2079 878 mus,
2117 815 2342 880 fratres,
2390 822 2450 870 ut
2491 816 2817 875 tentationis
2856 827 3103 892 tempore
3141 822 3210 877 ad
3247 823 3518 880 humanas

247 892 350 954 τοῖς
383 889 480 954 τὰς
533 889 788 961 βοηθείας
834 893 1135 964 θηρᾶσθαι,
1177 897 1292 951 ἀλλ’
1339 900 1397 952 ἐν
1456 902 1812 974 δάκρυσιίκα

1934 921 2062 978 spes
2094 907 2322 963 minime
2347 906 2763 980 confugiamus,
2793 910 3033 981 hincque
3066 913 3235 970 nobis
3265 914 3516 972 subsidia

249 983 584 1051 στεναγμοῖς,
622 983 718 1036 καὶ
753 984 1028 1058 φιλοπόνῳ
1072 993 1376 1064 προσευχῇ,
1419 993 1515 1045 καὶ
1549 994 1812 1066 ἀγρυπνίᾳ

1931 1013 2213 1067 venemur,
2245 998 2340 1055 sed
2372 1015 2501 1055 cum
2538 1001 2795 1074 lacrymis
2818 1011 2872 1059 et
2892 1005 3204 1074 gemitibus,
3240 1021 3303 1064 ac
3326 1007 3515 1062 sedula

247 1073 438 1143 εὐτόνῳ
468 1072 566 1137 τὰς
589 1074 810 1146 δεήσεις
853 1079 1147 1135 ποιεῖσθαι.
1183 1081 1373 1145 Οῦτως
1407 1083 1516 1157 γὰρ
1558 1084 1812 1156 λαμϐάνει

1930 1088 2206 1156 oratione,
2266 1090 2614 1162 intentisque
2659 1072 3054 1163 Vvigiliis'vota
3099 1094 3383 1154 faciamus.
3421 1098 3513 1153 Sic

249 1166 492 1256 βοήθειαν
543 1167 609 1221 ἐκ
657 1167 913 1239 θλίψεως,
951 1173 980 1224 ὁ
1021 1173 1121 1242 τῆς
1158 1173 1512 1249 ἀνθρωπίνης
1569 1177 1812 1250 βοηθείας

1929 1179 2078 1235 enim
2109 1180 2378 1234 auxilium
2406 1181 2474 1235 de
2505 1181 2867 1237 tribulatione
2891 1184 3118 1255 accipit,
3138 1199 3296 1256 opem
3320 1189 3513 1241 huma-

245 1255 316 1321 ὡς
355 1257 594 1326 ματαίας
623 1261 1010 1332 καταφρονῶν.

1929 1286 2080 1336 nam,
2115 1272 2196 1326 uti
2235 1286 2450 1327 cassam
2486 1282 2836 1342 aspernatur.

319 1348 623 1418 Ἀμήχανον
665 1350 784 1404 ἐστι
821 1351 916 1404 τοῦ
961 1353 1151 1418 τέλους
1177 1357 1432 1428 ἐκπεσεῖν
1461 1358 1553 1413 τὸν
1579 1359 1676 1431 ὅλῃ
1706 1360 1812 1415 δια-

2004 1360 2067 1417 S.
2099 1359 2380 1433 Cltrysost.
2407 1393 2479 1404 —-
2506 1361 2650 1420 Fieri
2687 1381 2798 1420 non
2831 1371 3014 1437 potest
3046 1373 3107 1421 ut
3133 1367 3383 1439 optatois
3415 1384 3512 1424 cx-

246 1439 354 1510 νοίᾳ
399 1439 480 1504 είς
523 1440 616 1493 τὸν
659 1440 794 1496 Θεὸν
819 1443 1130 1510 ἐλπίζοντα,
1181 1449 1277 1501 καὶ
1317 1448 1386 1502 τὰ
1442 1451 1570 1522 παρ’
1629 1453 1812 1506 ἐαυτοῐ

1928 1451 2078 1508 cidat
2109 1452 2236 1520 line,
2273 1455 2368 1525 qui
2401 1462 2513 1509 tota
2555 1465 2738 1511 mente
2767 1459 2821 1512 in
2847 1457 2957 1514 Deo
2977 1467 3185 1530 sperat,
3210 1465 3264 1514 et
3298 1474 3360 1514 ea
3393 1475 3514 1530 ane

247 1529 413 1582 πάντα
458 1529 808 1620 είσφέροντα’
861 1534 1125 1591 ἀδύνατόν
1166 1555 1290 1593 τινα
1338 1543 1541 1614 σπουδῇ
1600 1543 1812 1616 χρώμε-

1928 1559 2158 1599 suorum
2197 1555 2326 1601 sunt
2357 1549 2597 1616 partium
2621 1548 2809 1605 obeat.
2830 1549 2970 1605 Fieri
2996 1529 3105 1606 non
3131 1558 3308 1620 potest
3334 1552 3512 1622 utqui

246 1637 346 1685 νον,
368 1621 459 1706 κα)
489 1623 848 1694 μεριμνῶντα
878 1627 1020 1699 ὑπὲρ
1043 1627 1143 1698 τῆς
1171 1631 1364 1686 ἑαυτοῦ
1396 1635 1696 1707 σωτηρίοις,
1728 1637 1812 1690 καΊ

1927 1636 2170 1694 studium
2203 1645 2256 1693 et
2283 1639 2628 1709 diligentiam
2654 1639 2967 1696 adhibendo
2993 1642 3191 1697 salutis
3219 1658 3332 1698 suae
3355 1643 3511 1699 solli-

246 1710 307 1764 τά
345 1714 470 1782 παρ’
507 1713 704 1767 ἐαυτοῦ
756 1716 936 1771 πάντα
986 1720 1457 1795 ἐπιδεικνύμενον,
1500 1727 1812 1795 ἐγκαταλει-

1928 1728 2076 1783 citus
2098 1738 2204 1794 est,
2241 1743 2304 1783 ac
2341 1730 2523 1783 omnia
2556 1737 2783 1801 prmstat
2818 1747 2939 1800 qua:
2963 1731 3208 1788 muneris
3243 1733 3326 1788 sui
3353 1741 3509 1796 sunt,

247 1803 436 1895 φθῆναί
491 1822 624 1858 ποτε
684 1807 792 1860 ὑπὸ
840 1809 936 1864 τοῦ
969 1811 1128 1866 Θεοῦ.
1165 1814 1332 1870 Ὅταν
1375 1819 1687 1890 μηδαμόθεν
1731 1823 1812 1875 ἀν·

1929 1835 1958 1874 a
1995 1820 2100 1876 Deo
2132 1835 2373 1891 unquam
2408 1822 2723 1878 deseratur.
2750 1822 2850 1878 Ubi
2887 1823 3110 1880 humani
3141 1824 3337 1879 auxilii
3377 1841 3508 1895 Spes

245 1894 510 1968 θρωπίνης
547 1897 801 1969 βοηθείας
845 1901 1005 1966 ἐλπὶς
1059 1906 1194 1977 ἡμῖν
1255 1876 1634 1982 ὑπάρχη,.μὴ
1684 1914 1812 1966 ἀπο-

1929 1909 2081 1964 nulla
2131 1876 2388 1980 exparte
2420 1910 2584 1966 nobis
2640 1911 2886 1982 aﬂ‘ulget,
2917 1928 2984 1968 ue
3021 1921 3310 1984 propterea
3353 1876 3506 1982 spem

245 1990 471 2062 γνῶμεν,
528 1991 606 2064 μὴ
660 1995 1037 2067 ἀτονήσωμεν,
1078 1999 1216 2054 ἀλλά
1258 2002 1359 2074 τὴν
1423 2005 1674 2079 ἄγκυραν
1724 2007 1812 2078 τῆς

1929 2001 2280 2072 abjiciamus,
2344 2002 2659 2072 animisque
2695 2002 3014 2075 frangamur
3050 2011 3104 2058 et
3130 2002 3507 2071 debilitemur,

246 2082 466 2175 πίστεως
519 2085 957 2175 ἀναρπάσωμεν.
1005 2089 1284 2162 Ῥίψωμεν
1314 2094 1375 2148 τὸ
1411 2097 1696 2175 ἐργαλεῖον
1724 2101 1812 2168 τῆς

1927 2107 2116 2148 verum
2177 2093 2300 2148 lidei
2351 2093 2656 2148 anchoram
2709 2095 3070 2164 arripiamus.
3139 2095 3507 2166 Projiciamus

246 2171 463 2236 ἐλπίδος,
502 2173 580 2243 μὴ
611 2176 693 2239 εἰς
723 2175 1024 2244 θάλασσαν,
1056 2181 1174 2235 ἀλλ’
1202 2185 1283 2247 είς
1311 2185 1403 2238 τὸν
1442 2171 1691 2258 οὐρανὸν,
1727 2192 1812 2244 καί

1927 2187 2359 2242 instrumentum
2392 2186 2531 2256 spei,
2568 2202 2676 2243 non
2722 2190 2776 2243 in
2828 2204 3001 2254 mare,
3037 2190 3133 2246 sed
3175 2189 3232 2244 in
3267 2191 3503 2257 emtum;

245 2263 300 2317 τδ
350 2265 748 2338 Χειμαζόμενον
792 2272 1000 2342 σκάφος
1037 2273 1150 2328 τῶν
1194 2276 1456 2332 κινδύνων
1502 2280 1812 2354 ἀπαλλαγή·

1926 2294 1990 2334 ac
2053 2279 2259 2349 scapha
2291 2287 2505 2343 nostra,
2561 2294 2684 2349 qua:
2722 2287 3051 2350 tempestate
3073 2279 3337 2351 jactatur,
3360 2295 3390 2334 e
3413 2295 3508 2351 pe-

247 2373 410 2411 σεται.

1926 2371 2115 2425 riculis
2143 2378 2415 2441 emerget.

304 2447 399 2517 Μὴ
437 2452 757 2509 πεποίθετε
786 2454 882 2509 ἐπ’
907 2457 1238 2528 ἄρχοντας·
1278 2462 1353 2534 μὴ
1385 2463 1683 2536 ἐπαίρεσθε
1727 2468 1812 2524 ἐπὶ

1994 2461 2278 2531 Ejusdem.
2302 2493 2374 2502 —
2398 2461 2579 2518 Nolite
2597 2463 2864 2533 conﬁdere
2905 2463 2959 2518 in
2976 2463 3336 2534 principibus(
3355 2462 3506 2518 Psal.

244 2539 460 2596 πλούτου
495 2543 820 2616 ἀδηλᾶτητι⁶
869 2547 945 2620 μὴ
983 2553 1234 2620 φρονεῖτε
1288 2555 1382 2608 ἐπὶ
1430 2555 1661 2627 δυνάμει
1716 2559 1812 2612 σῶα

1926 2570 2080 2620 exnv,
2111 2554 2213 2624 2);
2246 2554 2416 2610 nolite
2472 2555 2542 2611 ob
2571 2555 2813 2611 incertas
2875 2571 3009 2626 opes
3038 2556 3243 2612 animis
3278 2555 3504 2622 extolli;

245 2647 425 2698 ματος’
501 2631 580 2702 μὴ
627 2634 730 2703 τῆς
778 2635 1129 2710 ἀνθρωπίνης
1180 2640 1340 2713 δόξης
1396 2644 1458 2697 τὸ
1521 2649 1812 2718 περιφανὲς

1926 2647 1990 2702 ob
2017 2646 2162 2702 vires
2201 2647 2458 2716 corporis
2516 2645 2686 2702 nolite
2715 2647 3007 2718 magnifice
3030 2649 3101 2704 de
3122 2648 3283 2705 vobis
3314 2649 3510 2705 existi-

240 2718 470 2778 διώκετε.
508 2722 684 2779 Οὐδὲν
731 2725 943 2782 τούτων
993 2730 1177 2796 σώζει.
1237 2733 1423 2788 Πάντα
1468 2736 1816 2811 πρόσκαιραο

241 2813 404 2868 πάντα
444 2816 743 2888 ἀπατηλά·
798 2820 897 2889 μία
940 2823 1234 2896 καταφυγὴ
1265 2827 1293 2879 ὁ
1324 2825 1480 2891 Θεός.
1520 2827 1817 2887 Ἐπικατά-

240 2922 408 2976 ρατος,
437 2908 500 2973 δς
521 2908 620 2980 τὴν
651 2911 842 2967 ἐλπίδα
863 2911 977 2985 ἔχει
1005 2915 1095 2968 ἐπ’
1115 2915 1429 2984 ἄνθρωπον,

299 3090 469 3147 Ὅταν
510 3092 569 3146 ἐν
601 3096 720 3158 ταῖς
747 3095 999 3166 θλίψεσιν
1041 3091 1212 3170 ὦμεν,
1258 3103 1352 3156 ἐπὶ
1385 3106 1564 3160 πάντα
1615 3109 1816 3178 μᾶλλον

1920 2753 2114 2805 mare;
2168 2738 2426 2793 humanae
2468 2738 2657 2810 gloriae
2706 2739 3055 2808 splendorem
3090 2739 3262 2795 nolite
3309 2754 3512 2795 conse-

1919 2830 2083 2885 ctari.
2126 2827 2276 2883 Nihil
2336 2829 2533 2912 horum
2575 2829 2812 2885 salutem
2846 2827 3030 2886 affert.
3063 2829 3263 2885 Omnia
3291 2831 3505 2886 caduca

1921 2927 2086 2986 sunt,
2121 2920 2338 2976 fallacia
2369 2921 2576 2976 omnia.
2606 2919 2845 2976 Unicum
2877 2921 3191 2992 perfugium
3229 2921 3372 2979 Deus
3395 2930 3507 2980 est.

1922 3012 2250 3070 Maledictus
2279 3015 2442 3070 homo
2474 3014 2569 3085 qui
2593 3030 2746 3086 spem
2775 3015 2828 3070 in
2863 3015 3090 3071 homine
3124 3016 3285 3070 lixam
3313 3016 3503 3074 habet.

1984 3105 2260 3176 Ejusdem.
2282 3137 2353 3146 —
2383 3107 2520 3162 Cum
2551 3107 2609 3162 in
2642 3107 3060 3164 calamitatibus
3092 3123 3402 3174 versamur,
3434 3109 3505 3166 ad

235 3183 517 3256 τρέχομεν,
545 3187 580 3258 ἢ
608 3187 702 3241 τὸν
736 3188 892 3244 Θεόν.
920 3190 1090 3244 Νοσεῖ
1122 3192 1181 3245 τὸ
1214 3195 1464 3261 παιδίον;
1491 3198 1588 3251 καὶ
1629 3201 1692 3254 σὺ
1725 3201 1812 3255 τὸν

1926 3198 2145 3268 quidvis
2219 3199 2406 3268 potius
2439 3215 2605 3270 quam
2633 3201 2701 3255 ad
2761 3201 2932 3256 Deum
2984 3203 3289 3260 currimus.
3331 3203 3503 3274 .Eger

235 3275 465 3348 ἐπαῳδὸν
511 3283 892 3350 περισκοπεῖς,
941 3283 973 3353 ἦ
1013 3284 1106 3338 τὸν
1155 3285 1284 3350 τοὺς
1342 3291 1674 3360 περιεργοὺς
1719 3310 1819 3364 χαη

236 3370 508 3456 ρακτῆρας
529 3372 641 3433 τοῖς
669 3373 962 3442 τραχήλοις
978 3376 1086 3428 τῶν
1112 3377 1371 3434 ἀναιτίων
1403 3382 1631 3436 παιδίων
1658 3402 1818 3456 περι-

232 3455 437 3550 τιθέντα
471 3500 489 3525 ,
531 3459 563 3530 ἢ
607 3462 670 3515 τὸ
709 3463 1018 3520 τελευταῖον
1069 3470 1162 3521 ἐπὶ
1200 3471 1290 3523 τὸν
1346 3471 1534 3544 ἰατρὸν
1560 3473 1715 3550 ἔρχῃ,
1738 3455 1818 3531 τὰ

233 3547 497 3621 φάρμακα.
532 3553 628 3606 τοῦ
673 3554 980 3626 δυναμένου
1021 3558 1218 3624 σώζειν
1249 3547 1816 3636 καταμελήσαςξΚᾶν

230 3639 469 3696 ἐνύπνιόν
527 3661 591 3697 σε
634 3646 942 3721 ἐκταράξῃ,
978 3649 1118 3722 πρὸς
1147 3652 1238 3707 τὸν
1267 3655 1648 3728 ὀνειροκρίτην
1686 3661 1816 3730 τρέ-

229 3747 354 3802 χεις.
383 3735 509 3790 Κᾶν
538 3737 784 3810 φοϐηθῇς
813 3741 1030 3813 ἐχθρὸν,
1082 3746 1398 3817 προστάτην
1428 3748 1525 3802 ἕνα
1572 3751 1679 3805 τῶν
1725 3752 1818 3804 άν-

229 3823 452 3894 θρώπων
512 3834 824 3901 περινοεῖς·
876 3835 973 3888 καὶ
1026 3833 1166 3900 ὅλως
1219 3838 1304 3908 ἐφ’
1354 3840 1595 3912 ἑκάστης
1625 3843 1817 3913 χρείας

229 3914 444 3990 ἐλέγχῃ,
491 3919 698 3990 ῥήματι
738 3922 840 3990 μὲν
873 3924 1160 3995 ὀνομάζων
1189 3927 1282 3981 τὸν
1309 3928 1442 3983 Θεὸν
1466 3933 1813 4005 καταφυγὴν,

227 4005 366 4079 ἔργῳ
391 4009 448 4062 δὲ
473 4011 575 4082 τὴν
598 4011 664 4065 ἐκ
688 4013 798 4066 τῶν
828 4014 1122 4085 ἀνωφελῶν
1150 4020 1244 4072 καὶ
1276 4022 1522 4090 ματαίων
1557 4022 1816 4094 βοήθειαν

229 4097 635 4172 ἐπισπώμενος.
673 4105 827 4159 Ἔστι
872 4107 929 4160 δὲ
961 4108 1042 4179 τῷ
1073 4109 1267 4182 δικαίῳ
1316 4113 1546 4185 ἀληθινὴ
1587 4115 1811 4187 βοήθεια

225 4189 253 4242 ὁ
293 4191 446 4258 Θεὸς,
501 4193 693 4266 ὥσπερ
743 4215 831 4262 τις
879 4202 1191 4272 στρατηγὸς
1236 4203 1517 4260 ὁπλιτικὸν
1563 4210 1810 4275 γενναῖον

228 4280 613 4358 ἐξηρτημένος,
635 4289 852 4360 ἕτοιμος
883 4292 971 4345 ἀεὶ
1002 4294 1218 4366 βοηθεῖν
1242 4297 1322 4369 τῷ
1347 4301 1811 4373 καταπονουμένῳ

229 4377 400 4447 μέρει,
420 4378 602 4445 οὕτως
621 4383 648 4435 ὁ
673 4381 807 4448 Θεὸς
835 4383 1028 4456 βοηθὸς
1054 4389 1086 4458 ἡ
1095 4387 1214 4459 μῶν
1255 4392 1426 4446 ἐστιν.

1921 3293 2222 3349 estfilius?
2274 3295 2678 3350 incantatorem
2743 3295 3199 3362 circumlustras,
3252 3305 3350 3351 aut
3378 3313 3505 3352 eum

1921 3385 2015 3456 qui
2049 3391 2224 3442 vanOs
2260 3389 2528 3458 quosdam
2561 3387 2918 3444 characteres
2951 3389 3329 3443 innocentium
3367 3405 3503 3458 pue-

1921 3493 2110 3534 rorum
2163 3479 2323 3535 collis
2375 3479 2644 3550 imponat,
2695 3487 2790 3534 aut
2814 3479 3007 3536 saltem
3037 3479 3106 3534 ad
3140 3480 3414 3535 medicum
3449 3489 3505 3536 et

1919 3571 2212 3640 pharmaca
2237 3587 2500 3644 properas
2532 3590 2546 3627 :
2584 3572 2833 3643 neglecto
2862 3573 3080 3630 interim
3137 3587 3204 3629 eo
3227 3573 3320 3644 qui
3354 3573 3505 3630 salu-

1919 3665 1989 3719 tis
2023 3664 2340 3719 asserenda:
2368 3671 2697 3734 poteslatem
2741 3663 2933 3719 habet.
2963 3663 3024 3720 Si
3082 3665 3420 3722 insomnium
3452 3675 3506 3722 te

1914 3755 2194 3826 quoddam
2219 3756 2599 3821 conturbavit,
2657 3754 2724 3809 ad
2761 3757 3108 3812 somniorum
3145 3758 3503 3828 interpretem

1916 3852 1972 3900 te
2002 3845 2247 3901 confers.
2283 3843 2338 3899 Si
2373 3845 2588 3902 hostem
2641 3845 3016 3916 pertimescis,
3051 3845 3295 3903 hominis
3331 3847 3507 3902 alicu-

1912 3936 2005 4006 jus
2034 3935 2415 4005 patrocinium
2445 3937 2679 4008 cogitas.
2711 3937 2912 4009 Atque,
2948 3945 3006 3992 ut
3038 3939 3232 4010 paucis
3263 3940 3506 4010 comple-

1916 4038 2059 4092 ctar,
2117 4028 2172 4082 in
2238 4027 2486 4097 qualibet
2535 4029 2872 4085 necessitate
2916 4030 3276 4100 compereris,
3336 4033 3507 4086 verbo

1916 4119 2142 4190 quidem
2176 4119 2682 4192 Deumperfugium
2709 4127 2862 4175 tuum
2887 4120 3188 4190 appellare,
3228 4136 3288 4177 re
3317 4128 3501 4176 autem

1917 4209 2032 4280 ipsa
2067 4226 2329 4266 vanarum
2361 4218 2416 4265 et
2447 4211 2730 4266 inutilium
2763 4226 2947 4267 rerum
2983 4211 3080 4266 tibi
3113 4211 3380 4267 auxilium
3409 4226 3503 4267 ac-

1917 4319 2154 4362 cersere.
2193 4307 2260 4359 At
2315 4322 2445 4362 vero
2491 4306 2641 4378 justo
2699 4307 2910 4362 homini
2970 4305 3246 4362 auxilium
3300 4323 3499 4363 verum

1919 4394 2065 4453 Deus
2099 4405 2206 4453 est.
2243 4397 2407 4454 Velut
2441 4399 2587 4454 enim
2623 4398 2930 4470 imperator
2962 4400 3239 4455 exercitus
3261 4399 3498 4472 egregiis

228 4472 391 4529 armis
448 4474 780 4543 instructus,
834 4493 1053 4552 semper
1081 4470 1282 4553 praesto
1321 4492 1406 4540 est
1458 4485 1722 4541 auxilium
1755 4485 1902 4544 ferre
1949 4504 2290 4561 suppresso,
2353 4489 2435 4548 sic
2497 4504 2721 4562 quoque
2771 4490 2914 4548 Deus
2967 4490 3128 4551 nobis
3181 4470 3498 4562 adju‘mento

227 4574 325 4620 (‘81.

291 4658 514 4728 Νοσεῖςς
536 4661 664 4716 εὐθύ
674 4667 907 4734 μει.“’ον
928 4668 1039 4737 γὰρ
1054 4669 1255 4739 ἁγαπᾷ
1275 4673 1508 4741 Κύριος,
1525 4675 1811 4731 παιδεύει.

1988 4675 2048 4732 S.
2102 4677 2318 4734 Basilii.
2340 4710 2410 4720 —
2439 4678 2630 4734 Morbo
2686 4678 2944 4734 laboras?
2989 4692 3150 4751 :equo
3180 4677 3366 4732 animo
3396 4677 3494 4733 sis.

226 4743 567 4823 Πτωχεύεις;
607 4757 928 4826 εὐφραίνου,
981 4761 1065 4812 ὅτι
1121 4762 1375 4834 Λαζάρου
1417 4782 1476 4817 σε
1513 4768 1582 4819 τὰ
1629 4766 1810 4835 ἀγαθά

225 4839 540 4909 διαδέξεται.
580 4847 850 4922 ’Λτιμάζῃ
894 4850 984 4904 διὰ
1019 4852 1080 4906 τὸ
1107 4855 1282 4924 ὄνομα
1321 4856 1560 4928 Χριστοῦ
1589 4875 1603 4924 ;
1636 4860 1811 4930 μακά-

227 4951 337 5024 ριος
368 4934 438 5003 εί,
467 4939 549 4992 ὅτι
577 4943 721 5012 σοιὴ
757 4943 989 5014 αἰσχύνη
1043 4947 1125 5010 είς
1173 4948 1330 5013 δόξαν
1380 4950 1614 5018 ἀγγέλου
1651 4970 1811 5024 μετα·

224 5023 575 5099 ὗληθήσεται.

292 5215 433 5282 Κᾶν,
478 5219 556 5284 ὡς
585 5223 718 5293 φὴς,
743 5224 1067 5297 τελευτήσαι
1093 5223 1247 5292 οὗτος
1285 5230 1314 5283 ὁ
1357 5230 1602 5301 πάτρων,
1649 5230 1808 5286 πάλιν

225 5303 410 5379 ἕτερον
438 5311 702 5384 πάτρωνά
721 5333 806 5371 σοι
829 5317 1180 5391 ὰγαθὼτερον
1203 5320 1421 5390 τούτου,
1453 5323 1548 5377 καὶ
1575 5325 1808 5394 μεγαλο-

223 5395 518 5490 ψυχότερον
549 5407 578 5460 ὁ
603 5406 809 5479 Κύριος
850 5410 1100 5482 παρέξει,
1149 5413 1246 5467 ἐὰν
1285 5415 1385 5485 τὴν
1440 5418 1625 5470 πίστιν
1669 5418 1806 5490 πρὸς

224 5487 386 5544 αὑτὸν
418 5492 565 5568 ἔχῃς.

304 5581 362 5634 Ὁ
404 5585 490 5637 ἐπ’
519 5587 807 5659 ἄνθρωπον
835 5591 1091 5658 ἐλπίζων,
1114 5594 1147 5667 ἢ
1175 5595 1266 5672 ἐπ’
1289 5596 1414 5650 ἄλλο
1439 5615 1490 5651 τι
1521 5597 1631 5651 τῶν
1661 5600 1802 5654 κατά

224 5670 338 5743 βὲον
381 5684 870 5750 μετεωριζόμενος,
936 5681 1048 5738 οἷον
1100 5688 1193 5739 ἐπὶ
1236 5689 1555 5743 δυναστείαν
1598 5690 1630 5761 ἢ
1667 5693 1800 5761 κρή-

1917 4768 2084 4835 Quem
2110 4772 2248 4825 enim
2283 4770 2425 4826 Deus
2457 4769 2653 4840 diligit,
2687 4770 2824 4824 hunc
2870 4770 3123 4840 castigat.
3162 4768 3361 4836 (Hebr.
3399 4785 3492 4833 stt,

1915 4861 1947 4914 6
1975 4863 2017 4930 ).
2050 4861 2311 4934 Egestate
2340 4863 2649 4932 premeris?
2673 4861 2874 4932 gaude,
2899 4863 3026 4932 quia
3059 4873 3111 4916 te
3132 4860 3326 4916 Lazari
3353 4862 3496 4917 bona

1914 4963 2217 5024 exceptura
2250 4966 2400 5010 sunt.
2438 4953 2744 5026 Ignominia
2781 4954 2852 5008 ob
2882 4954 3090 5009 Christi
3118 4945 3318 5009 nomen
3377 4955 3494 5008 alli-

1914 5047 2316 5103 cerisibeatus
2347 5061 2408 5103 es
2441 5064 2453 5099 :
2489 5047 2622 5117 quia
2654 5046 2957 5118 ignominia
2989 5053 3080 5101 tua
3109 5047 3163 5102 in
3191 5047 3493 5118 angelicam

1915 5138 2145 5208 gloriam
2173 5147 2546 5194 convertatur.

1987 5225 2044 5280 S.
2091 5225 2230 5281 Nili.
2253 5256 2318 5267 -
2351 5226 2640 5295 Quamvis,
2683 5236 2744 5283 ut
2796 5229 2902 5294 ais,
2933 5238 3203 5300 patronus
3231 5230 3334 5286 iste
3365 5238 3492 5286 tuus

1912 5328 2089 5374 morte
2149 5321 2312 5374 vitam
2369 5321 2742 5387 commutarit,
2799 5337 2997 5378 rursus
3040 5329 3226 5379 tamen
3259 5325 3493 5378 alterum

1915 5412 2010 5466 tibi
2045 5421 2339 5482 patronum
2396 5413 2490 5469 illo
2530 5415 2818 5470 meliorem
2853 5416 3498 5488 tttagttiﬁcemioretttque

1909 5503 2178 5561 Dominus
2208 5504 2490 5574 prmbebit,
2517 5507 2563 5562 si
2590 5506 2752 5562 ﬁdem
2788 5507 2840 5561 itt
2869 5509 3052 5578 ipsum
3089 5508 3320 5564 habeas.

1977 5596 2135 5670 461
2168 5597 2422 5654 S.Basil.
2463 5599 2518 5652 in
2575 5599 2731 5654 Psal.
2790 5606 2886 5654 vri.
2935 5630 3002 5642 —
3037 5599 3140 5666 Qui
3177 5601 3230 5654 in
3272 5601 3495 5657 homine

1907 5706 2058 5760 spem
2101 5692 2335 5746 collocat
2378 5707 2556 5756 suam,
2587 5693 2672 5746 vcl
2700 5692 2771 5747 ob
2809 5694 2973 5748 ullam
3015 5710 3129 5749 rem
3186 5696 3348 5749 aliam
3388 5695 3489 5748 bu-

229 5783 392 5834 ματα,
445 5772 477 5824 ἦ
527 5791 580 5826 τι
639 5776 749 5830 τῶν
798 5777 950 5838 παρὰ
1011 5779 1226 5844 πολλοῖς
1257 5782 1632 5853 νομιζομένων
1665 5791 1799 5837 εἰναι

1933 5799 2061 5839 usce
2099 5783 2225 5838 vitae
2254 5783 2508 5848 eftcrtur,
2541 5795 2670 5856 puta
2719 5787 2790 5840 ob
2835 5787 3157 5858 potentiam,
3209 5796 3299 5841 aut
3331 5802 3484 5856 opes,

223 5857 514 5934 λαμπρῶν,
569 5869 627 5921 οὐ
690 5869 917 5926 δύναται
958 5874 1166 5928 εἰπεῖν·
1235 5876 1367 5931 Ἐπὶ
1431 5876 1539 5946 σὲ,
1601 5878 1797 5947 Κύριε»

1908 5887 1998 5932 aut
2035 5878 2331 5949 quidquam
2349 5894 2538 5936 eorum
2570 5896 2688 5951 qtuc
2740 5881 2903 5950 vulgo
2951 5881 3214 5950 praeclara
3253 5896 3486 5936 censen-
