3960 6384
448 370 584 439 1431

1594 370 1657 429 s.
1697 367 2020 430 JOANNIS
2057 342 2491 431 DAMASCENI

3596 374 3726 443 1432

448 495 557 545 tur.
602 483 647 538 is
682 481 871 536 dicere
905 491 1260 548 nequaquam
1299 476 1476 545 possit
1508 494 1521 531 :
1568 473 1633 529 In
1673 484 1740 542 te,
1784 474 2030 537 Domine,

2192 479 2395 531 tmo'a.
2434 477 2812 549 Παράγγελμα
2842 477 2951 550 γάρ
3004 479 3159 544 ἐστι,
3207 477 3294 548 μὴ
3341 478 3610 547 ἐλπίζειν
3627 487 3699 541 ἐκ

451 576 654 644 speravi
706 570 880 642 (Psal.
917 587 1024 626 xxx
1048 610 1066 638 ,
1117 570 1199 643 2).
1236 569 1453 626 Domini
1492 570 1642 625 enim
1695 575 2032 639 praeceptum

447 676 534 723 est
566 686 581 722 :
620 665 802 720 Nolite
829 679 1044 735 sperare
1090 664 1145 718 in
1179 663 1508 731 principibus
1540 661 1717 732 (Paul.
1760 675 1921 727 «την,
1953 657 2031 730 2).

450 756 515 812 Et
545 772 558 808 :
593 752 916 811 Maledicta:
944 754 1100 810 homo
1130 754 1222 826 qui
1241 751 1461 825 conﬁdit
1499 754 1553 807 in
1581 752 1788 806 homine
1814 749 2031 821 (Jerem.

449 864 580 914 xv",
611 847 686 918 5).

518 939 581 996 S.
609 939 746 998 Nili.
786 941 984 1011 -—Qui
1040 941 1285 997 divinam
1340 939 1508 995 animi
1574 935 2035 1007 tranquillitatem

378 1038 386 1042 ‘
448 1033 712 1104 consequi
745 1035 951 1098 studet,
987 1033 1040 1088 id
1072 1031 1238 1088 debet
1275 1047 1458 1102 agere,
1513 1040 1575 1084 ut
1603 1036 1843 1084 mentem
1875 1042 2036 1083 suam

448 1126 518 1181 ab
577 1127 730 1182 omni
781 1127 1006 1182 turbida
1077 1124 1372 1182 allectione
1432 1123 1668 1178 liberam
1732 1118 2034 1177 custodiat.

447 1216 723 1282 Quocirca
757 1217 865 1272 hoc
901 1216 1003 1272 tibi
1038 1216 1145 1287 ipsi
1180 1214 1475 1287 persuade,
1515 1219 1577 1269 ut
1606 1221 1835 1285 propter
1853 1211 2037 1277 ,Deum

448 1308 652 1375 solum,
695 1323 762 1365 ac
784 1324 897 1364 non
927 1315 1155 1379 propter
1179 1307 1449 1363 caducam
1477 1313 1532 1362 et
1564 1304 1857 1362 confestim
1907 1317 2040 1359 exo-

449 1399 745 1456 lescentem
775 1399 1006 1472 gloriam
1042 1398 1357 1463 hominum,
1389 1396 1535 1468 quod
1568 1395 1773 1453 bonum
1806 1404 1891 1451 est
1921 1392 2039 1449 elli-

448 1505 588 1545 CIﬂS.

450 1578 589 1659 Tl'l'.
626 1604 707 1661 Vl.
736 1635 806 1647 -—-
833 1605 907 1660 De
933 1605 1180 1672 ecclesia,
1228 1614 1277 1661 et
1307 1605 1467 1660 domo
1495 1602 1614 1670 Dei,
1663 1612 1822 1675 atque
1852 1601 2037 1675 atteri,
2070 1594 2091 1604 ’

519 1692 720 1730 necnon
752 1676 817 1732 de
847 1676 1022 1730 hostia
1042 1675 1408 1741 sacerdotali;
1445 1685 1497 1729 et
1522 1676 1665 1745 quod
1700 1672 1757 1729 in
1804 1672 2040 1728 ccclesiis

519 1749 837 1802 commercia
861 1762 1108 1802 exercere
1138 1762 1242 1801 non
1281 1754 1542 1816 oporteat.

522 1854 700 1913 Exod.
738 1876 890 1926 xxix,
918 1860 1010 1915 57.
1042 1890 1111 1901 -
1145 1877 1166 1914 ι
1202 1859 1321 1923 Erit
1341 1861 1515 1915 altare
1542 1865 1796 1915 sanctum
1820 1865 2041 1939 saneto-

446 1965 605 2019 rum;
634 1959 697 2008 et
717 1948 1238 2025 omnis'qilitangit
1273 1953 1470 2020 altare,
1513 1950 1973 2009 sanetiﬁcabitur.
2017 1968 2036 2001 ι

519 2042 699 2098 Exod.
759 2060 963 2110 uxw,
1018 2043 1110 2099 26.
1194 2075 1266 2088 -
1314 2063 1334 2097 ι
1402 2043 1683 2099 Primitias
1729 2043 2039 2113 primarum

450 2133 671 2211 frugum
724 2144 887 2194 terrai
937 2145 1048 2193 tua:
1092 2136 1298 2195 infercs
1339 2137 1396 2194 in
1439 2136 1666 2193 domum
1696 2133 1914 2191 Domini
1944 2132 2039 2189 Dei

444 2228 548 2284 tui.
592 2248 614 2282 ι

521 2319 700 2376 Exod.
733 2338 830 2388 xx,
859 2322 951 2378 26.
978 2352 1048 2363 —
1082 2340 1101 2373 ι
1137 2319 1257 2377 Νοη
1304 2319 1572 2378 ascendes
1592 2333 1689 2391 per
1727 2316 1934 2390 gradus
1968 2318 2038 2372 ad

448 2414 626 2471 altare
646 2429 859 2479 meum,
887 2430 957 2470 ne
981 2414 1196 2472 reveles
1222 2411 1625 2485 turpitudinem
1649 2418 1803 2466 tuam
1835 2409 1891 2466 in
1913 2424 2033 2466 eo.»

523 2599 697 2655 Exod.
762 2617 891 2670 xxv,
950 2602 1039 2659 30.
1088 2633 1157 2644 --
1194 2620 1215 2654 ι
1267 2588 1524 2673 Impones
1558 2615 1731 2674 super
1786 2613 2038 2657 mensam

445 2707 626 2749 meam
651 2707 848 2765 panem
881 2709 1071 2750 coram
1103 2708 1192 2751 me
1210 2709 1451 2766 semper.
1486 2714 1504 2748 ι

516 2784 685 2841 Leuit.
726 2785 908 2854 “,18.
936 2819 1002 2829 —-
1033 2805 1053 2839 ι
1089 2783 1283 2843 Omnis
1314 2786 1637 2857 quicunque
1670 2793 1861 2857 tanget
1881 2785 2039 2841 victi-

442 2892 569 2933 mas
598 2877 975 2945 sacerdotum,
1000 2879 1468 2936 sanctiticabitur.
1514 2897 1533 2931 ι

516 2966 687 3035 Leuit.
710 2983 825 3032 xw,
859 2968 912 3023 ι.
943 2998 1012 3009 -
1049 2987 1068 3019 ι
1109 2967 1261 3023 Dixit
1316 2968 1587 3025 Dominus
1630 2968 1699 3024 ad
1758 2968 1985 3041 Moysen
2022 2988 2036 3025 :

444 3055 703 3128 Loquere
736 3058 808 3114 ad
842 3058 1031 3115 Aaron
1053 3058 1285 3114 fratrem
1338 3065 1523 3125 tuum,
1555 3067 1613 3116 et
1652 3075 1763 3115 non
1796 3060 2040 3116 introeat

2137 561 2607 631 ἀρχοντας.Καὶ,
2643 563 3121 633 Ἐπικατάρατος,
3153 562 3481 635 ἅνθρωπος,
3515 568 3576 632 ὃς
3608 571 3714 641 τὴν

2136 654 2357 710 ἐλπίδα
2386 657 2511 726 ἔχει
2531 655 2626 710 ἐπ’
2647 656 2979 726 ἄνθρωπον.
3701 652 3705 661 λ

2221 929 2280 985 ’0
2331 929 2431 1002 τὴν
2478 929 2635 985 θείαν
2682 928 2958 984 ἀπάθειαν
2996 929 3347 1002 κατορθῶσαι
3383 933 3713 1002 σπουδάζων,

2137 1020 2442 1076 ἀδούλωτον
2472 1021 2638 1076 παντὶ
2665 1020 2833 1076 πάθει
2881 1020 3091 1092 ὀφείλει
3127 1021 3365 1091 φυλάξαι
3402 1021 3496 1076 τὸν
3529 1024 3714 1082 ἐαυτοῦ

2137 1111 2421 1185 λογισμόν.
2452 1113 2650 1166 Πεῖσον
2708 1111 2891 1166 τοίνυν
2943 1110 3171 1167 σεαυτὸν
3202 1109 3295 1165 διά
3340 1111 3436 1166 τὸν
3463 1112 3594 1167 Θεὸν
3623 1116 3715 1182 μύ-
3790 1146 3812 1164 .

2138 1182 2381 1274 νον,’καὶ
2417 1205 2495 1277 μὴ
2514 1204 2585 1258 δι’
2610 1203 2972 1276 ἀνθρωπίνην
3003 1202 3319 1275 εὐωθαρτον
3352 1207 3451 1260 καὶ
3483 1205 3714 1271 ἐξίτηλον

2136 1297 2319 1365 δόξαν,
2347 1296 2411 1352 τὸ
2436 1295 2643 1366 ἀγαθὸν
2672 1297 2936 1354 ἐκτελεῖν.

2410 1495 2441 1525 Ι

2141 1593 2323 1650 ΤΙΤΔ.
2350 1596 2443 1662 G”.
2468 1625 2540 1636 —
2562 1594 2703 1665 Περὶ
2724 1593 3202 1665 ἐκκλησίας,κώ
3223 1592 3400 1665 οἴκου
3431 1591 3599 1665 Θεοῦ,
3626 1594 3717 1665 καί

2211 1660 2675 1734 θυσιαστηρίού,
2740 1664 2838 1719 καί
2871 1665 3092 1730 θυσίας
3131 1660 3466 1732 ἱερατικῆς·
3503 1662 3601 1734 καί
3637 1663 3719 1718 ὅτι

2213 1737 2287 1790 οὐ
2311 1735 2405 1790 δεῖ
2430 1732 2886 1805 ἐν’ἑκκληοίἀις
2914 1735 3085 1805 θήειν
3114 1732 3555 1807 [καπηλεύεινῙ.

2225 1872 2244 1906 ι
2280 1852 2480 1907 Ἔσται
2549 1852 2612 1906 τὸ
2672 1850 3063 1922 θυσιαστήριον
3089 1850 3292 1919 lano»)
3350 1848 3557 1917 ἁγίων·
3633 1848 3721 1902 καὶ

2150 1948 2259 2011 πᾶς
2283 1947 2313 2001 ὁ
2348 1945 2658 2016 ἁπτόμενος
2684 1942 3229 2014 τοῦλθυσιαστηρίου,
3254 1941 3667 2013 ἀγιασθήσεται.
3695 1958 3713 1993 ι

2224 2058 2243 2091 ι
2273 2038 2385 2103 Τὰς
2444 2035 2702 2108 ἀπαρχάς
2748 2034 2860 2089 τῶν
2915 2032 3472 2107 πρωτογεννημάτων
3500 2031 3599 2100 τῆς
3627 2033 3718 2104 γῆς

2150 2148 2244 2186 σου
2265 2127 2522 2193 εἰσοίσεις
2553 2127 2634 2191 είς
2648 2124 2741 2180 τδν
2769 2120 2921 2181 οἶκον
2947 2122 3044 2179 τοῦ
3078 2122 3217 2178 Θεοῦ
3246 2138 3367 2177 σου.
3396 2142 3417 2177 ι

2224 2336 2243 2371 ι
2281 2317 2397 2372 Οὐκ
2447 2314 2701 2386 ἀναϐήσῃ
2760 2313 2819 2366 ἐν
2869 2307 3244 2379 ἀναϐαθμίσιν
3298 2306 3399 2360 ἐπὶ
3439 2304 3501 2358 τὸ
3553 2304 3720 2359 θυσια-

2149 2408 2375 2482 στήριόν
2402 2424 2530 2474 μου,
2555 2406 2706 2470 ὅπως
2733 2403 2811 2476 pub
2831 2399 3196 2472 ἀποκαλύψῃς
3219 2398 3318 2472 τὴν
3343 2395 3717 2469 ἀσχημοσύνην

2149 2519 2243 2557 σου
2277 2501 2366 2554 ἐπ’
2396 2499 2565 2572 αὐτῷ.
2587 2518 2609 2553 ι

2224 2615 2243 2649 ι
2288 2593 2605 2665 Ἐπιθὴσεις
2639 2591 2736 2645 ἐπὶ
2773 2589 2876 2662 τὴν
2905 2583 3191 2658 τράπεζάν
3225 2599 3330 2655 μου
3382 2581 3545 2655 ἄρτον
3575 2580 3719 2635 ἐνανα

2146 2691 2260 2745 τίον
2289 2705 2394 2760 μου
2427 2686 2518 2741 διὰ
2546 2683 2771 2746 παντός.
2808 2700 2828 2734 ι

2224 2800 2244 2834 ι
2282 2757 2398 2842 lla;
2425 2777 2486 2843 ὃς
2509 2776 2576 2832 ἀν
2602 2774 2814 2846 ἅψηται
2845 2770 2945 2843 τῆς
2972 2769 3170 2834 θυσίας
3207 2766 3317 2822 τῶν
3353 2763 3546 2837 ἱερέων
3576 2757 3719 2834 ἁγία-

2149 2873 2432 2946 σθήσεται.
2463 2888 2483 2923 ι

2223 2986 2244 3019 ι
2268 2963 2405 3019 Eine
2425 2963 2632 3036 Κύριος
2651 2961 2788 3033 πρὸς
2811 2957 3024 3030 Μωσῆν
3041 2971 3056 2986 ’
3078 2955 3331 3026 Δάλησον
3365 2951 3500 3023 πρὸς
3526 2946 3721 3019 ’Δαρὼν

2146 3060 2240 3112 τὸν
2265 3055 2499 3127 ἀδελφόν
2527 3072 2645 3121 σου,
2674 3053 2772 3107 καὶ
2806 3050 2884 3123 μὴ
2904 3044 3245 3119 είσερχέσθω
3262 3043 3453 3098 πᾶσαν
3483 3039 3627 3112 ὥραν
3649 3039 3719 3102 είς

445 3151 678 3207 inomni
710 3152 851 3208 liora
879 3152 939 3208 in
988 3160 1249 3209 sanetum
1299 3152 1539 3211 interius
1589 3153 1880 3210 velaminis
1911 3161 2041 3210 ante

2192 3155 2208 3206 5
2247 3150 2405 3223 ἅγιον
2458 3148 2731 3219 ἐσώτερον
2778 3143 2876 3200 τοῦ
2906 3138 3410 3217 καταπετάσματος
3457 3133 3536 3197 είς
3570 3130 3719 3202 πρόσ-

445 3244 917 3315 propitiatorium.
958 3265 979 3299 ι

519 3335 674 3393 I’sal.
706 3354 763 3406 ν,
785 3338 945 3394 8.-ι
968 3338 1083 3411 Ego
1113 3347 1298 3396 autem
1337 3338 1392 3413 in
1426 3339 1783 3395 multitudine
1817 3340 2037 3395 miseri-

447 3427 652 3483 cordire
676 3438 785 3486 tua:
821 3430 1067 3488 introibo
1096 3432 1152 3487 in
1182 3434 1411 3488 domum
1447 3442 1597 3487 tuam
1637 3450 1651 3487 :
1684 3432 1929 3487 adorabo
1969 3432 2038 3487 ad

445 3522 712 3591 templum
746 3531 1004 3581 sanctum
1039 3535 1196 3582 tuum
1233 3525 1289 3580 in
1327 3525 1530 3581 timore
1561 3532 1680 3590 tuo,
1726 3543 1745 3577 ι
1771 3535 1882 3579 etc.

400 3605 407 3609 ’
520 3616 675 3673 Ρεαί.
707 3633 823 3686 ut,
856 3618 950 3676 25.
981 3651 1051 3661 -
1092 3639 1111 3673 ι
1151 3620 1209 3675 In
1272 3620 1461 3676 medio
1505 3620 1765 3676 ecclesiae
1800 3606 2040 3675 laudabo

446 3714 520 3762 te.
548 3704 657 3773 Qui
698 3708 906 3764 timetis
943 3709 1267 3775 Dominum,
1298 3709 1519 3766 laudate
1542 3725 1695 3765 eum.
1733 3730 1753 3763 ι

523 3793 677 3851 Ρδαί.
719 3812 848 3862 xxv,
876 3798 932 3853 8.
965 3828 1035 3840 --
1064 3819 1085 3851 ‹
1126 3799 1378 3867 Domine,
1425 3802 1596 3858 dilexi
1643 3803 1901 3860 decorem
1940 3805 2039 3860 do-

450 3902 575 3942 mus
603 3893 735 3955 tuae,
761 3896 818 3946 et
847 3890 1032 3946 locum
1062 3890 1430 3950 habitationis
1456 3893 1647 3969 gloriae
1683 3902 1811 3950 tum.
1839 3914 1858 3947 ι

521 3980 674 4060 Ρε-αί.
706 3998 858 4049 χινι,
885 3982 939 4038 ι.
973 4015 1045 4060 τ-
1077 4003 1097 4037 ι
1133 3976 1316 4042 Unum
1367 3988 1501 4060 petii
1538 4003 1569 4043 a
1602 3987 1839 4046 Domino
1860 4008 1871 4019 ·
1893 3990 2040 4046 hanc

447 4053 753 4123 requiram,
789 4072 809 4105 ι
846 4063 898 4108 et
930 4054 1157 4127 reliqua.

521 4146 673 4202 Psal.
708 4163 881 4215 xxv",
912 4149 972 4204 2.
1000 4181 1070 4192 —-
1106 4169 1127 4205 ι
1163 4150 1403 4210 Adorate
1458 4152 1755 4211 Dominum
1801 4154 1860 4211 in
1894 4156 2040 4212 atrio

447 4250 643 4297 sancto
677 4239 817 4311 ejus.
864 4259 886 4294 ι

525 4332 676 4389 Psal.
707 4309 857 4402 nxw,
891 4337 946 4392 5.
978 4367 1048 4379 —
1085 4356 1104 4392 ι
1144 4339 1505 4411 Replebimur
1541 4309 1613 4396 ini
1645 4340 1808 4398 bonis
1837 4343 2040 4399 domus

444 4435 572 4483 tum.
623 4449 644 4483 ι

2144 3263 2295 3302 ωπον
2324 3244 2419 3300 τοῦ
2449 3244 2641 3313 ίλαστη
2648 3240 2791 3313 ρίου.

2223 3359 2242 3394 ι
2286 3338 2429 3409 Ἐγὼ
2449 3337 2509 3392 δέ
2533 3337 2594 3391 ἐν
2623 3333 2704 3406 τῷ
2721 3331 2919 3406 πλήθει
2950 3331 3046 3385 τοῦ
3076 3326 3263 3392 ἐλέους
3299 3343 3403 3381 σου
3431 3321 3718 3378 εἰσελευσο-

2149 3452 2247 3507 μαι
2273 3433 2356 3497 είς
2390 3430 2483 3485 τὸν
2511 3424 2664 3483 οἶκόν
2688 3443 2785 3481 σου
2812 3441 2828 3456 ν
2859 3423 3233 3495 προσκυνήσω
3254 3419 3400 3493 πρὸς
3428 3416 3552 3473 ναὸν
3580 3413 3719 3485 ἅγιόν

2149 3546 2244 3583 σου
2268 3526 2329 3580 ἐν
2358 3524 2514 3596 φόϐῳ
2528 3539 2648 3590 σου,
2681 3539 2701 3574 ι
2720 3519 2818 3573 καὶ
2835 3517 2907 3573 τὰ
2935 3517 3121 3572 λοιπά.
3141 3533 3159 3567 ι

2224 3639 2242 3672 ι
2292 3620 2383 3672 Ἐν
2409 3616 2562 3688 μέσῳ
2583 3612 2888 3685 ἐκκλησίας
2918 3609 3149 3681 ὑμνήσω
3169 3623 3255 3660 σε.
3309 3606 3381 3659 Οί
3409 3599 3718 3675 φοϐούμενοι

2146 3714 2239 3767 τὸν
2265 3709 2494 3783 Κύριον,
2519 3708 2774 3764 αἰνέσατε
2813 3702 3000 3759 αὐτόν.
3032 3719 3054 3754 ι

2223 3824 2242 3857 ι
2285 3801 2485 3874 Κύριε,
2509 3800 2779 3873 ἠγάπησα
2803 3796 3140 3868 εὐπρέπειαν
3166 3788 3324 3848 οἴκου
3361 3807 3484 3853 σου,
3524 3784 3615 3841 καὶ
3637 3784 3716 3837 τό-

2149 3914 2250 3954 πον
2277 3894 2640 3968 σκηνὼματος
2678 3890 2839 3963 δόξης
2869 3906 2990 3944 σου.
3017 3907 3040 3941 ι

2222 4007 2242 4040 ι
2278 3987 2427 4043 Μίαν
2455 3983 2753 4057 ᾐτησάμην
2779 3979 2932 4052 παρά
2958 3977 3192 4050 Κυρίου,
3219 3973 3433 4063 ταύτην
3456 3969 3712 4041 ζητήσω,ι

2146 4078 2244 4134 καὶ
2275 4077 2342 4131 τά
2371 4076 2556 4134 λοιπά.

2222 4187 2241 4223 ι
2277 4168 2708 4240 Προσκυνήσατε
2741 4162 2819 4236 τῷ
2852 4160 3044 4235 Κυρίῳ
3080 4161 3139 4215 ἐν
3160 4158 3300 4230 αὐλῇ
3330 4157 3465 4229 ἁγίᾳ⁵
3492 4151 3672 4214 αὐτοῦ.
3694 4169 3712 4203 ι

2224 4372 2243 4405 ι
2285 4349 2722 4423 Πλησθησόμεθα
2746 4350 2806 4402 ἐν
2833 4344 2948 4412 τοῖς
2979 4342 3207 4414 ἀγαθοῖς
3240 4338 3338 4395 τοῦ
3374 4341 3528 4395 οῖκου
3556 4352 3648 4389 σου
3695 4351 3712 4385 i

522 4521 674 4577 Psal.
699 4525 871 4590 ιινὶι,
894 4522 1075 4580 21—-
1102 4542 1123 4575 ι
1164 4522 1223 4577 ln
1265 4522 1528 4579 ecclesiis
1573 4523 1890 4582 benedicite
1926 4525 2041 4582 Deo

2223 4557 2243 4590 ι
2296 4536 2386 4591 Ἐν
2440 4531 2764 4604 ἐκκλησίαις
2786 4527 3064 4598 εὐλογεῖτε
3118 4525 3212 4579 τὸν
3257 4524 3396 4577 Θεὸν
3430 4520 3630 4593 Κύριον
3659 4519 3715 4570 ἐκ

447 4615 685 4672 Domino
707 4617 773 4673 de
808 4617 1057 4673 fontibus
1091 4615 1281 4672 Israel.
1328 4633 1349 4668 ι

519 4708 677 4764 Psal.
706 4724 945 4779 Lxxxm,
975 4711 1025 4774 l,
1054 4709 1109 4764 ι.
1142 4740 1211 4750 -
1239 4729 1258 4761 ι
1290 4709 1467 4776 Quam
1514 4708 1716 4765 dilecta
1771 4710 2037 4765 taberna-

447 4803 571 4857 cula
603 4812 726 4868 tua,
763 4800 995 4857 Domine
1043 4802 1336 4858 virtutum.
1387 4800 1595 4855 Altaria
1646 4809 1765 4865 tua,
1811 4801 2041 4859 Domine

447 4897 740 4958 virtutum,
773 4895 889 4951 Rex
915 4911 1092 4951 meus.
1139 4893 1332 4950 Melior
1361 4904 1447 4949 est
1502 4896 1623 4952 dies
1662 4912 1770 4950 una
1797 4896 1854 4951 in
1878 4896 2041 4953 atriis

453 4990 562 5043 tuis
603 5003 769 5059 super
796 4988 989 5044 millia.
1033 5007 1053 5039 ι

518 5100 671 5156 Psal.
694 5118 824 5167 seu,
855 5103 910 5159 5.
930 5133 999 5143 ——
1026 5121 1048 5155 ι
1078 5102 1313 5162 Domum
1335 5113 1483 5160 tuam
1514 5105 1675 5162 decet
1702 5105 2038 5174 sanctitudo,

449 5194 705 5262 Domine,
733 5195 791 5251 in
825 5195 1220 5267 longitudinem
1254 5199 1496 5255 dierum.
1533 5218 1557 5253 ι

522 5309 677 5366 Psal.
712 5327 861 5379 ηις,
903 5312 959 5368 4.
995 5344 1064 5354 --
1093 5332 1115 5367 ι
1160 5313 1390 5371 lntroite
1421 5321 1611 5387 portas
1645 5314 1769 5386 ejus
1803 5315 1858 5370 in
1898 5329 2041 5370 con-

449 5404 717 5462 fessione.
757 5424 778 5458 ι

487 5513 680 5661 ιῗεσί.
709 5532 823 5586 cu,
893 5518 985 5573 32.
1024 5550 1093 5559 —
1126 5540 1146 5573 ι
1183 5520 1441 5578 Exaltent
1492 5535 1620 5577 eum
1680 5521 1740 5577 in
1799 5517 2041 5576 ecclesia

509 5622 538 5661 e
582 5620 648 5661 IS.
688 5625 710 5659 ι

449 5620 648 5676 plenis.
688 5625 710 5659 ι

524 5720 673 5778 Psal.
715 5739 859 5780 cun
884 5764 899 5791 ,
935 5728 1020 5783 19.
1052 5761 1119 5772 --
1152 5747 1169 5780 ι
1200 5729 1420 5803 Aperite
1463 5737 1654 5804 portas
1703 5727 1954 5801 iustitiae,
1990 5736 2044 5787 et
2114 5768 2117 5771 -

456 5815 734 5886 ingressus
769 5814 824 5873 in
859 5834 974 5884 eas,
1009 5837 1026 5871 ι
1070 5833 1175 5879 cte.

2147 4630 2344 4703 πηγῶν
2382 4625 2622 4701 Ἰσραήλ.
2659 4643 2679 4677 ι

2219 4741 2239 4776 ι
2284 4723 2372 4787 Ὠς
2421 4718 2685 4790 ἀγαπητά
2742 4714 2813 4769 τὰ
2859 4709 3197 4783 σκηνώματά
3231 4724 3350 4771 σου,
3410 4705 3583 4778 Κύριε
3617 4702 3715 4755 τῶν

2142 4814 2450 4885 δυνάμεων,
2480 4813 2511 4865 ὁ
2531 4809 2784 4881 βασιλεύς
2833 4823 2959 4878 μου.
2982 4859 2987 4864 ,
3012 4801 3303 4874 Κρείσσων
3334 4796 3519 4870 ἡμέρα
3551 4794 3643 4867 μία
3663 4793 3715 4845 ἐν

2144 4909 2267 4962 ταῖς
2286 4905 2481 4970 αὐλαῖς
2509 4920 2608 4958 σου
2640 4902 2783 4972 ὑπὲρ
2814 4896 3083 4971 χιλιάδας.
3118 4914 3138 4949 ι

2221 5131 2242 5165 ι
2278 5111 2371 5181 Τῷ
2391 5111 2530 5180 οἴκῳ
2564 5124 2661 5163 σου
2732 5105 2935 5181 πρέπει
2961 5106 3239 5178 ἅγίασμα,
3268 5102 3467 5176 Κύριε,
3514 5100 3591 5162 εἰς
3619 5110 3713 5168 μα-

2144 5209 2391 5277 κρότητα
2413 5200 2658 5275 ἡμερῶν.
2699 5218 2718 5252 ι

2220 5335 2242 5370 ι
2275 5313 2563 5371 Είσέλθετε
2609 5315 2691 5379 εἰς
2742 5311 2843 5378 τὰς
2878 5310 3055 5377 πύλας
3094 5309 3265 5366 αὐτοῦ
3305 5309 3365 5362 ἐν
3393 5298 3710 5378 ἐξομολογή·

2146 5426 2252 5463 σει.
2287 5427 2307 5459 1

2223 5541 2243 5575 ι
2298 5520 2706 5591 ’Υψωσάτωσαν
2732 5520 2895 5575 αὐτὸν
2923 5519 2982 5574 ἐν
3010 5518 3279 5590 ἐκκλησίᾳ
3302 5513 3462 5572 λαοῦ.

2226 5750 2246 5783 ι
2301 5728 2577 5797 Ἀνοίξατέ
2607 5748 2697 5802 μοι
2731 5732 2905 5797 πύλας
2956 5728 3327 5804 δικαιοσύνης,
3369 5719 3623 5781 εἰσελθὼν
3660 5715 3712 5769 ἓν
3744 5792 3750 5800 ἡ

2145 5822 2354 5887 αὑταῖς,
2393 5841 2411 5876 ι
2450 5839 2502 5877 κ.
2529 5840 2576 5877 τ.
2610 5820 2659 5878 λ.
3749 5827 3753 5833 '
