3960 6384
239 401 364 470 1433

1497 407 1737 468 SACRA
1778 407 1925 468 PAR
1935 409 2244 470 ALLELA.

3351 410 3490 478 H34

295 534 314 567 ι
348 514 679 585 Εὐφράνθην
712 516 806 569 ἐπὶ
833 517 948 580 τοῖς
967 517 1217 589 είρηκόσι
1259 537 1372 590 μοι,
1403 521 1495 584 Εἰς
1516 515 1666 575 οἷκον
1693 523 1774 575 Κυ

1985 521 2140 576 Ρεαι.
2177 537 2326 590 cur,
2378 527 2431 580 l.
2501 556 2570 569 —
2627 549 2647 582 ι
2686 529 2929 587 Lmtatus
2987 542 3112 584 sum
3166 527 3222 583 in
3255 529 3324 586 iis
3368 545 3491 600 qua:

233 607 341 674 ρίου
371 606 774 676 πορευσόμεθα.
811 627 829 660 ι

296 715 316 748 ι
349 696 550 767 Κύριος
569 697 628 750 ὲν
641 697 755 767 ναῷ
781 698 850 766 ἀγ
861 698 924 768 ίῳ
946 699 1135 766 αὐτοῦ,
1159 699 1494 756 εὐλαϐείσθω
1514 701 1622 755 ἀπὸ
1638 717 1805 771 προσ-

147 799 176 829 "-
228 791 366 844 ὠπου
396 787 564 842 αὐτοῦ
581 789 733 842 πᾶσα
761 790 794 860 ή
819 789 910 860 γῆ.
942 810 960 841 ι

296 896 316 931 ι
378 878 610 948 Μεγάλη
679 880 834 934 ἔσται
889 883 924 952 ή
989 881 1118 948 δόξα
1163 883 1356 938 τούτου
1407 882 1503 937 τοῦ
1564 886 1716 938 οἴκου
1770 885 1803 954 ή

231 970 424 1038 ἐσχάτη
483 968 623 1038 ὑπὲρ
677 967 779 1039 τὴν
812 969 1058 1043 πρώτην,
1113 971 1264 1042 λέγει
1311 972 1572 1044 Κύριοςὸ
1603 991 1803 1028 παντο·

143 1098 152 1105 .
231 1058 462 1130 κράτωρ.
496 1079 515 1110 ι

297 1169 316 1202 ι
345 1149 508 1203 Δεῦτε
537 1191 552 1215 ,
616 1153 912 1224 ἀναδῶμεν
974 1157 1058 1219 είς
1123 1155 1188 1210 τὸ
1235 1157 1363 1228 ὅρος
1415 1157 1656 1228 Κυρίου,
1704 1157 1802 1211 καὶ¹

1910 615 2174 670 dixerunt
2199 617 2330 672 mihi
2361 636 2376 672 :
2421 616 2477 673 ln
2509 619 2736 675 domum
2760 619 2978 677 Domini
3015 622 3240 678 ibimus.
3269 640 3289 674 ι

1981 712 2190 764 Habac.
2217 726 2276 775 ιι,
2307 711 2392 766 10.
2434 743 2504 752 -
2531 730 2549 764 ι
2585 711 2855 770 Dominus
2915 716 2971 769 in
3029 715 3236 785 templo
3292 723 3491 772 sancto

1908 817 2032 868 suo,
2065 802 2256 857 timeat
2284 818 2315 858 ιι
2348 803 2491 860 faeie
2523 803 2644 875 ejus
2683 805 2862 862 omnis
2897 814 3067 864 terra.
3107 825 3127 860 ι

1984 891 2147 963 aea
2175 892 2304 962 Agg.
2364 908 2426 957 ιι,
2453 894 2508 948 9.
2531 923 2602 934 —
2635 912 2654 944 ι
2689 893 2878 966 Magna
2930 904 3015 950 est
3067 896 3238 966 gloria
3288 899 3488 957 domus

1906 984 2068 1039 istius
2088 985 2396 1041 novissima
2431 1001 2599 1056 super
2627 987 2887 1058 primam,
2923 986 3061 1043 dicit
3085 987 3348 1048 Dominus
3368 1007 3488 1048 om-

1903 1075 2185 1146 nipotens.
2229 1094 2250 1128 ι

1978 1165 2114 1221 Ιιιιὶ.
2147 1167 2284 1234 ωε.
2307 1198 2377 1209 -
2403 1185 2422 1219 ι
2464 1167 2679 1233 Venite,
2728 1171 3100 1228 ascendamus
3153 1173 3207 1228 in
3239 1181 3483 1232 montem

230 1245 301 1309 είς
329 1245 418 1298 τὸν
449 1241 601 1300 οἷκον
661 1244 758 1299 τοῦ
793 1246 932 1302 Θεοῦ
984 1248 1203 1303 Ἰακώϐ.
1246 1250 1498 1318 Ἀγγελεϊ
1533 1253 1665 1322 ἡμῖν
1699 1252 1788 1323 τὴι

1914 1258 2144 1325 Domini,
2177 1271 2233 1316 et
2255 1261 2324 1316 ad
2353 1261 2578 1317 domum
2636 1260 2731 1320 Dei
2769 1262 2963 1323 Jacob.
3003 1265 3271 1322 lndieabit
3326 1269 3485 1325 nobis

228 1337 336 1391 ὁδὸν
354 1337 540 1392 αὐτοῦ.
573 1357 592 1392 ι

295 1451 315 1484 ι
359 1433 418 1485 '0
442 1426 594 1497 οἶκός
629 1451 731 1504 μου
771 1429 924 1498 οἶκος
958 1434 1270 1506 προσευχῆς
1297 1435 1636 1507 κληθήσεται
1666 1439 1798 1492 πᾶσι

227 1525 328 1586 τοῖς
353 1521 586 1578 ἔθνεσιν.
624 1543 644 1574 ι
1708 1591 1714 1596 ι

291 1631 311 1664 ι
360 1613 446 1676 Ὠς
507 1614 688 1684 μέγας
718 1616 748 1668 ὁ
779 1610 928 1681 οἶκος
959 1617 1054 1670 τοῦ
1109 1617 1272 1685 Θεοῦ,
1329 1620 1425 1673 καὶ
1469 1620 1722 1692 εὐμήκης
1766 1623 1796 1676 ό

225 1707 376 1769 τόπος
411 1705 513 1776 τῆς
549 1706 784 1772 κτίσεως
812 1709 1010 1763 αὐτοῦί
1063 1707 1277 1780 Μέγας,
1303 1711 1401 1765 καὶ
1435 1712 1537 1766 οὐκ
1559 1712 1674 1784 ἔχει
1704 1730 1795 1767 τε-

225 1798 405 1867 λευτήν
423 1814 436 1827 ο
466 1797 676 1868 ὑψηλὸς
701 1800 794 1854 καὶ
813 1799 1147 1872 ἀμέτρητος.
1184 1821 1202 1854 ι

259 1913 262 1916 ’
290 1910 310 1943 ι
344 1889 414 1943 Σύ
446 1884 499 1943 εἷ
523 1889 755 1963 Πέτρος,
807 1892 903 1946 καὶ
934 1893 1028 1946 ἐπὶ
1059 1892 1238 1967 ταύτῃ
1265 1897 1332 1966 τῇ
1376 1894 1556 1968 πέτρᾳ
1585 1896 1794 1950 οἰκοδο-

226 1982 372 2054 μήσω
403 1999 506 2052 μου
541 1982 644 2054 τήν
681 1983 1036 2054 Ἐκκλησίαν,
1089 1985 1185 2040 καὶ
1211 1985 1376 2040 πύλαι
1405 1986 1534 2058 ᾅδου
1574 1987 1638 2042 οὐ
1666 2005 1796 2042 κατ-

224 2075 526 2146 ισχῦσουσιν
554 2075 752 2144 αὐτῆς.
847 2101 857 2111 -

308 2166 601 2239 ⁴Εἰσῆλθεν
655 2170 687 2222 ὁ
747 2168 961 2241 Ἰησοῦς
1008 2170 1090 2234 είς
1142 2169 1205 2224 τὸ
1234 2169 1402 2241 ἱερὸν,
1440 2170 1538 2225 καὶ
1564 2170 1792 2236 ἐξέϐαλε

221 2259 411 2322 πάντας
426 2260 558 2323 τοὺς
577 2259 896 2324 πωλοῦντας
910 2261 1005 2316 καὶ
1033 2262 1407 2334 ἀγοράζοντας
1445 2264 1504 2317 ὲν
1527 2263 1609 2334 τῷ
1639 2263 1789 2336 ἱερῷ,

220 2355 303 2408 καὶ
333 2352 429 2416 «at;
449 2352 739 2424 τραπέζας
768 2352 880 2408 τῶν
930 2353 1300 2408 κολλυϐιστῶν
1339 2355 1659 2427 ἀνέτρεψεν,
1693 2357 1792 2410 καὶ

219 2446 304 2510 τὰς
324 2446 603 2519 καθέδρας
634 2446 746 2500 τῶν
761 2447 1086 2502 πωλούντων
1140 2447 1242 2512 τὰς
1289 2448 1644 2519 περιστεράς.
1680 2448 1791 2502 Καὶ

217 2540 347 2609 λέγει
374 2541 563 2604 αὐτοῖς
583 2559 599 2575 ο
626 2541 968 2610 Γέγραπται,
1025 2539 1085 2595 '0
1112 2536 1264 2605 οἶκός
1299 2558 1402 2611 μου
1443 2537 1594 2607 οἶκος
1621 2559 1792 2615 προσ-

217 2633 366 2703 ευχῆς
422 2630 800 2703 κληθήσεταιο
856 2631 1017 2704 ὑμεῖς
1076 2632 1135 2687 δὲ
1179 2633 1477 2705 ἐποιήσατε
1520 2635 1791 2706 σπήλαιον

215 2730 427 2803 λῃστῶν.
466 2749 487 2784 ι

278 2841 298 2876 ι
325 2825 411 2893 Μὴ
451 2823 641 2889 οἰκίας
678 2825 778 2878 οὐκ
827 2823 984 2895 ἔχετε
1015 2825 1094 2889 είς
1119 2824 1181 2880 τὸ
1226 2824 1431 2880 ἐσθίειν
1461 2825 1555 2880 καὶ
1581 2826 1788 2892 πίνειν;

212 2917 240 2988 ﬂ
266 2917 352 2986 τῆς
397 2916 732 2987 Ἐκκλησίας
744 2916 840 2970 τοῦ
856 2916 992 2971 Θεοῦ
1011 2918 1446 2989 καταφρονεῖτες
1484 2917 1791 2974 Ἐπαινέσω

213 3011 374 3079 huic;
409 3012 467 3065 ἐν
500 3009 716 3074 τούτοις
737 3010 840 3064 οὐκ
859 3011 1091 3067 ἐπαινῶ.
1132 3031 1152 3064 ι

272 3104 572 3169 Εὐσεϐείας
624 3107 874 3176 σημεῖον,
913 3105 975 3159 τὸ
1025 3107 1228 3176 συνεχῆ
1266 3108 1490 3180 μνήμην
1516 3107 1788 3163 ποιεῖσθαι

1900 1351 2046 1408 viam
2079 1366 2257 1408 suam.
2293 1371 2314 1404 ι

1972 1443 2171 1500 larem.
2204 1462 2302 1514 vn,
2337 1447 2424 1502 11.
2453 1477 2521 1489 -
2558 1467 2576 1500 ι
2609 1448 2821 1506 Domus
2861 1464 3006 1511 mca.
3053 1451 3252 1510 domus
3277 1453 3486 1509 oratio-

1906 1536 1994 1591 nis
2019 1535 2313 1592 vocabitur
2344 1537 2568 1593 cunctis
2591 1539 2873 1609 gentibus.
2907 1559 2926 1593 ι

1971 1627 2185 1682 Baruch
2218 1631 2314 1698 ιιιῖ,
2365 1629 2461 1687 24.
2494 1661 2562 1671 -
2602 1650 2622 1683 ι
2663 1630 2840 1699 Quam
2899 1648 3101 1705 magna
3159 1646 3245 1691 est
3284 1636 3484 1694 domus

1901 1722 2020 1788 Dei,
2045 1728 2102 1778 et
2137 1723 2336 1794 ingens
2393 1723 2551 1780 locus
2618 1725 2994 1796 possessionis
3024 1727 3182 1798 ejusl
3227 1728 3480 1800 Magnus,

1896 1822 1953 1870 et
1978 1828 2091 1870 non
2119 1815 2290 1872 habet
2317 1816 2506 1886 ﬁnem,
2546 1819 2808 1876 excelsus
2836 1827 2892 1876 et
2927 1821 3280 1879 immensus.»

1969 1905 2164 1962 Matth.
2213 1924 2328 1974 xvr,
2371 1909 2460 1964 l7.
2505 1939 2574 1950 —
2631 1930 2650 1964 ι
2691 1911 2772 1966 Tu
2814 1927 2874 1968 es
2929 1912 3152 1981 Petrus,
3207 1924 3263 1972 et
3312 1931 3483 1987 super

1897 1997 2043 2053 hanc
2076 2006 2291 2070 petram
2325 2001 2614 2057 aediﬁcabo
2649 2001 2954 2060 Ecclesiam
2981 2019 3194 2074 meam;
3228 2015 3281 2062 et
3309 2016 3482 2078 portae

1897 2090 2060 2147 inferi
2098 2105 2208 2146 non
2247 2093 2627 2162 praevalebunt
2659 2095 2932 2152 adversus
2957 2111 3100 2152 eam.
3145 2115 3165 2150 ›

1967 2185 2162 2241 Matth.
2182 2203 2299 2255 ιιι,
2343 2187 2606 2250 15,14.-
2631 2207 2650 2240 ι
2679 2188 2966 2260 Ingressus
2989 2199 3071 2247 εει
3087 2189 3251 2248 Jesus
3269 2191 3321 2246 in
3341 2201 3482 2248 tem-

1895 2279 2072 2351 plum,
2101 2285 2158 2332 et
2191 2277 2354 2349 ejccit
2384 2294 2580 2336 omnes
2602 2279 2903 2338 vendentes
2916 2290 2968 2339 et
2987 2290 3236 2339 ementes
3267 2283 3320 2338 in
3341 2292 3482 2339 tem-

1895 2370 1988 2441 plo
2017 2385 2032 2422 :
2061 2376 2117 2424 et
2155 2384 2378 2426 mensas
2417 2371 2921 2426 nummulariorum
2950 2372 3168 2438 evertit,
3207 2381 3263 2429 et
3292 2373 3482 2429 cathe-

1892 2463 2022 2518 dras
2053 2461 2411 2518 vendentium
2445 2461 2755 2520 columbas.
2785 2462 3009 2519 Etdixit
3041 2464 3123 2521 eis
3151 2483 3165 2521 :
3199 2463 3481 2536 Scriptum

1891 2558 2022 2608 est:
2060 2550 2268 2607 Domus
2290 2565 2435 2618 mea,
2471 2552 2673 2608 domus
2711 2554 2983 2610 orationis
3027 2553 3335 2610 vocabitur.
3370 2553 3483 2612 Vos

1891 2653 2074 2701 autem
2102 2643 2316 2701 fecistis
2338 2659 2464 2702 eam
2493 2645 2817 2716 speluncam
2841 2645 3137 2701 latronum.
3173 2665 3193 2699 ι

1964 2736 1992 2791 1
2025 2735 2149 2793 Cor.
2184 2753 2245 2802 ιι,
2271 2736 2364 2792 22.
2389 2769 2459 2780 —
2500 2755 2520 2790 ι
2554 2735 2818 2808 Nunquid
2877 2737 3072 2794 domos
3116 2751 3226 2792 non
3261 2737 3481 2794 habetis

1893 2830 1962 2886 ad
2009 2830 2456 2886 manducandum
2508 2837 2564 2885 et
2623 2829 2982 2885 bibendum?
3019 2837 3117 2885 aut
3167 2829 3480 2886 Ecclesium

1894 2923 1989 2981 Dei
2015 2922 2415 2980 contemnitis?
2440 2921 2701 2978 Laudabo
2723 2922 2860 2979 vos?
2885 2922 2941 2977 in
2973 2921 3081 2978 hoc
3113 2938 3224 2980 non
3251 2923 3474 2978 laudo.»

1965 3107 2024 3164 S.
2060 3107 2338 3179 Cltrysost.
2373 3138 2439 3149 ——
2470 3106 2702 3164 Pietatis
2726 3115 3111 3180 argumentum
3129 3114 3234 3173 est,
3259 3106 3482 3162 assidue

209 3199 307 3253 τῶν
355 3199 654 3272 θειοτέρων
711 3199 916 3264 τόπων,
965 3199 1061 3251 καὶ
1104 3197 1164 3251 τὸ
1203 3201 1440 3262 πυκναῖς
1470 3200 1780 3266 ὲντεύξεσιν

1917 3208 2077 3256 aucta
2124 3201 2245 3256 loca
2280 3200 2544 3256 memoria
2592 3214 2844 3266 versare,
2878 3208 2934 3256 et
2964 3198 3178 3256 crebris
3219 3199 3481 3270 precibus

209 3292 542 3359 ὲξιλεοῦσθαι
591 3292 682 3346 τὸν
741 3291 894 3346 Θεόν.
958 3289 1218 3344 Βούλεται
1255 3291 1365 3360 γὰρ
1399 3291 1528 3355 τοὺς
1573 3289 1786 3362 ἀνθρὼ-

1888 3293 2061 3349 Deum
2095 3292 2336 3362 placare.
2369 3289 2502 3345 Vult
2540 3291 2688 3345 enim
2745 3291 2892 3346 Deus
2939 3290 3196 3348 homines
3242 3289 3311 3346 ad
3343 3297 3482 3345 tem-

209 3402 330 3449 πους
374 3387 403 3439 ὁ
452 3383 595 3448 Θεὸς
646 3382 780 3456 περὶ
825 3383 956 3445 τοὺς
996 3381 1108 3437 τῶν
1170 3381 1341 3452 ἁγίων
1368 3381 1532 3436 οἴκων
1558 3381 1785 3451 λιμένας

1914 3387 2110 3442 ιιοιιιιιιι
2142 3391 2353 3457 .portus
2389 3384 2742 3440 continenter
2773 3383 3073 3456 appellere.

210 3476 470 3548 καθορμίζ
473 3475 658 3531 εσθαι.

270 3569 340 3622 Τὸ
371 3568 770 3641 θυσιαστήριον
799 3567 1052 3639 οὐράνιός
1088 3569 1206 3622 ἐστι
1243 3569 1518 3642 τράπεζα,
1575 3569 1645 3625 τὰ
1678 3569 1788 3625 ἀπὸ

210 3657 302 3727 γῆς
328 3658 646 3730 δεχόμενον,
708 3657 806 3712 καὶ
857 3657 1076 3730 οὐρανῷ
1121 3657 1513 3729 παραπέμπων
1538 3673 1552 3688 ⁸
1593 3655 1656 3710 τὸ
1691 3655 1786 3710 ἀπ’

207 3750 438 3822 οὐρανῶν
466 3751 786 3823 δεχόμενον,
853 3751 950 3805 καὶ
996 3753 1065 3824 τῇ
1111 3753 1180 3821 γῇ
1206 3749 1511 3823 χορηγοῦν·
1554 3749 1648 3804 ἐπὶ
1685 3749 1788 3820 γῆς

209 3843 625 3915 ὲρηρεισμένον,
658 3841 852 3913 καὶτῷ
879 3843 991 3898 ἀνω
1026 3841 1436 3914 παρακείμενον
1455 3841 1655 3914 θρόνῳ.
1679 3840 1788 3893 Θυ-

210 3935 524 4005 σιαστήριον
556 3932 668 4006 γὰρ
719 3932 907 3997 αὐτοῖς
932 3939 937 3944 ’
965 3931 1199 4004 φοϐερὸν
1231 3934 1344 3995 τοῖς
1371 3931 1650 4001 ἀγγέλοις,
1675 3931 1788 3995 τοῖς

206 4025 297 4096 τήν
320 4026 577 4100 οὐράνιον
617 4023 1090 4096 ὐπερπετομένοις
1116 4023 1300 4094 ἀψίδα.

283 4117 411 4171 ’Λπὸ
438 4116 545 4187 τῆς
570 4117 816 4187 πλευρᾶς
841 4116 953 4189 ἀρα
985 4117 1088 4186 τήν
1129 4113 1464 4184 Ἐκκλησίαν
1493 4111 1787 4184 ἐδημιούρ-

209 4225 366 4279 γησεν
398 4210 426 4262 ό
465 4209 724 4278 Χριστὸς,
777 4207 1035 4278 καθάπερ
1093 4205 1206 4260 ἀπὸ
1256 4208 1358 4276 τῆς
1413 4204 1652 4274 πλευρᾶς
1690 4202 1786 4256 τοῦ

222 4302 379 4374 Ἀδὰμ
402 4303 508 4374 τὴν
544 4297 688 4356 Εῦαν
719 4299 1002 4371 ἐποίησεν.
1023 4297 1126 4352 Διά
1153 4297 1315 4351 τοῦτο
1338 4295 1554 4359 Παῦλός
1582 4310 1749 4364 φησιν
1768 4309 1784 4324 ο

220 4394 313 4447 Ἐκ
341 4392 456 4463 τῆς
481 4392 711 4461 σαρκὸς
741 4391 950 4457 αὑτοῦ,
981 4388 1080 4443 καὶ
1105 4388 1176 4442 ἐκ
1199 4386 1318 4442 τῶν
1343 4384 1573 4440 ὀστέων
1601 4383 1788 4440 αὐτοῦ

211 4485 406 4554 ἐσμεν,
430 4485 534 4555 τὴν
561 4482 810 4554 πλευρὰν
839 4480 1234 4550 αίνιττόμενος.
1270 4479 1490 4548 ’Ὠσπερ
1523 4477 1633 4548 γὰρ
1666 4475 1788 4529 τότε

1961 3569 2242 3640 Ejusdem.
2265 3598 2335 3610 —
2367 3569 2560 3624 Altare
2607 3567 2859 3625 cmlestis
2887 3575 2974 3624 est
3027 3581 3244 3634 mensa,
3279 3567 3335 3622 in
3363 3583 3477 3639 quo

1891 3671 2111 3719 terrena
2135 3663 2278 3718 dona
2330 3661 2700 3732 recipiuntur,
2757 3647 2906 3716 et'in
2947 3659 3150 3716 etelum
3183 3659 3476 3716 transmit-

1891 3763 2087 3810 tuntur
2111 3773 2127 3824 ;
2152 3753 2406 3811 caelestia
2438 3768 2683 3826 superne
2710 3752 3049 3828 suscipiens,
3073 3759 3130 3808 et
3159 3758 3320 3808 terrm
3341 3751 3478 3808 sub-

1891 3848 2222 3904 ministrans
2257 3863 2270 3900 :
2303 3847 2357 3903 in
2400 3856 2551 3903 terra
2583 3847 2777 3913 fixum,
2807 3853 2864 3902 et
2903 3846 3118 3903 cmlcsti
3159 3846 3362 3901 throno
3385 3845 3481 3900 ad-

1886 3936 2108 4008 jacens.
2134 3938 2326 3994 Altare
2351 3937 2498 3994 enim
2554 3937 2763 4008 angelis
2802 3937 2962 4009 ipsis,
3023 3938 3116 4008 qui
3153 3952 3320 4008 supra
3353 3937 3480 3993 caeli

1890 4043 2050 4084 axem
2082 4030 2296 4096 volant,
2321 4027 2676 4085 formidabile
2709 4037 2818 4085 εει.

1962 4120 2246 4189 Ejusdem,
2273 4120 2460 4174 homil.
2493 4119 2564 4173 ad
2619 4119 2949 4191 neaphgt.—
2982 4118 3242 4174 Christus
3279 4117 3348 4173 de
3374 4131 3479 4172 suo

1891 4211 2065 4266 latere
2107 4209 2414 4265 Ecclesiam
2456 4207 2730 4273 condidit,
2785 4206 3252 4279 quemadmodum
3309 4206 3476 4261 Evam

1888 4319 1954 4360 ex
2009 4303 2184 4358 latere
2223 4300 2398 4355 Adam
2451 4299 2845 4356 fabricaverat.
2880 4298 3035 4356 Unde
3077 4299 3243 4354 etiam
3273 4297 3478 4354 Paulus

1890 4395 1968 4451 ait
2003 4412 2016 4448 :
2056 4393 2142 4448 Ea:
2175 4409 2334 4448 came
2365 4393 2502 4462 eius,
2526 4403 2576 4448 et
2599 4408 2665 4448 ea:
2686 4394 2894 4449 ossibus
2909 4393 3024 4460 eius
3045 4409 3230 4448 sumus
3259 4390 3474 4462 (Ephes.

1893 4503 1951 4553 ν,
2013 4487 2131 4558 50),
2180 4486 2326 4541 latus
2378 4485 2637 4542 videlicet
2690 4484 3081 4542 subindieans.
3135 4482 3272 4538 Nam
3330 4481 3479 4538 velut

213 4577 360 4631 ἔλαϐε
395 4578 496 4649 τὴν
520 4576 766 4648 πλευρὰν
810 4576 838 4628 ὁ
866 4573 1020 4637 Θεὸς,
1048 4573 1144 4626 καὶ
1168 4570 1372 4625 ἔπλασε
1407 4569 1507 4640 τὴν
1531 4569 1783 4636 γυναῖκα,

1918 4593 2028 4636 unc
2061 4578 2203 4636 Deus
2245 4587 2475 4654 costam
2531 4577 2789 4648 sumpsit,
2819 4591 2886 4632 ac
2929 4574 3189 4631 feminam
3226 4573 3474 4640 cllinxit;

210 4671 373 4736 οὕτως
425 4672 632 4726 ἔδωκεν
681 4670 817 4740 ήμϊν
882 4661 1026 4737 αἷμα
1070 4665 1166 4719 καὶ
1193 4663 1340 4734 ὔδωρ
1366 4665 1432 4716 ἐκ
1471 4661 1572 4731 τῆς
1616 4660 1788 4714 αὐτοῦ

211 4766 466 4837 πλευρᾶς,
508 4766 605 4819 καὶ
635 4764 915 4819 ἀνέπλασε
939 4762 1040 4834 τὴν
1086 4759 1441 4830 Ἐκκλησίαν.
1466 4757 1578 4811 Καὶ
1598 4756 1790 4827 ὥσπερ

211 4857 324 4910 τότε
359 4860 416 4911 ἐν
464 4857 726 4912 ἐκστάσει
779 4855 940 4910 ἔλαϐε
987 4853 1088 4925 τὴν
1137 4851 1380 4923 πλευρὰν
1434 4849 1788 4912 καθεύδοντος

209 4950 298 5003 τοῦ
337 4951 531 5022 Ἀδὰμ,
563 4949 708 5002 οὓτω
743 4948 837 5002 καὶ
865 4947 962 5000 νῦν
1010 4945 1150 5016 μετά
1177 4943 1406 4997 θάνατον
1433 4943 1494 4996 τὸ
1523 4936 1664 5012 αἷμα
1693 4941 1790 4993 καὶ

210 5044 265 5096 τὸ
293 5043 437 5116 ὕδωρ
474 5044 735 5108 δέδωκεν,
767 5042 862 5096 καὶ
891 5040 1032 5111 ὅπερ
1059 5038 1180 5092 τότε
1210 5037 1469 5101 ἔκστασις
1507 5031 1597 5106 ἦν,
1628 5033 1790 5088 τοῦτο

210 5137 299 5191 νῦν
319 5139 572 5202 Θάνατος.

275 5231 540 5304 Καθάπερ
570 5231 797 5303 λιμένας
848 5231 908 5285 ἐν
951 5230 1206 5298 πελάγει,
1251 5228 1394 5283 οὕτω
1441 5227 1540 5292 τὰς
1592 5227 1789 5299 ἐκκλη-

212 5324 327 5386 σίας
365 5325 423 5379 ὲν
476 5326 701 5380 πόλεσιν
749 5325 952 5396 ἔπηξεν
985 5327 1013 5378 ὁ
1039 5324 1194 5388 Θεὸς,
1226 5323 1314 5377 ἵνα
1352 5322 1462 5376 ἀπὸ
1490 5325 1590 5394 τῆς
1617 5319 1788 5391 ζάλης

118 5432 130 5438 ν
211 5416 315 5468 τῶν
345 5417 615 5487 β.ωτικῶν
645 5419 990 5489 πραγμάτων
1013 5415 1250 5472 ἐνταῦθα
1275 5416 1590 5487 φεύγοντες,
1621 5412 1790 5483 γαλή-

210 5521 303 5575 νης
327 5508 713 5579 ἀπολαύωμεν.
746 5507 883 5562 Οὐδὲ
911 5506 1023 5579 γὰρ
1057 5507 1320 5578 κυμάτων
1365 5505 1514 5560 ἔστιν
1553 5501 1790 5557 ἐνταῦθα

213 5601 615 5668 καταφυγόντες
668 5601 842 5655 δεῖσαι
887 5597 1271 5671 καταδρομὴν,
1339 5599 1400 5652 οὐ
1462 5596 1788 5668 κακουργῶν

212 5688 414 5756 ἔφοδον,
462 5694 522 5748 οὐ
576 5693 909 5764 πνευμάτων
967 5692 1109 5764 βίας,
1156 5692 1217 5745 οὐ
1258 5689 1466 5762 θηρίων
1503 5689 1786 5753 ἐπιϐολάς.

213 5783 387 5855 Λιμήν
409 5788 516 5858 γάρ
541 5789 657 5842 ἐστι
701 5787 907 5844 τούτων
949 5788 1166 5842 πάντων
1209 5785 1651 5856 ἀπηλλαγμένος.
1695 5783 1788 5836 Λι-

219 5871 320 5942 ;th
348 5876 454 5946 ἄρα
503 5881 622 5934 ἐστὶ
683 5877 872 5953 ψυχῶν
925 5883 956 5950 ἡ
1009 5878 1324 5939 Ἐκκλησία.
1353 5879 1538 5938 Πάντα
1567 5879 1674 5951 γὰρ
1702 5878 1788 5933 διὰ

1892 4675 1975 4731 sic
2001 4673 2165 4728 nobis
2199 4671 2526 4742 sanguinem
2561 4677 2618 4726 et
2648 4684 2848 4740 aquam
2866 4667 3019 4724 dedit
3049 4683 3115 4724 ex
3157 4667 3327 4722 latere
3351 4681 3475 4732 suo,

1891 4774 1946 4822 et
1997 4765 2307 4821 Ecelesiam
2361 4762 2647 4819 formavit.
2702 4761 2771 4816 Et
2815 4759 3282 4832 quemadmodum
3345 4768 3475 4814 tunc

1891 4865 2106 4915 costam
2159 4857 2218 4913 in
2273 4856 2366 4912 illo
2403 4871 2605 4928 sopore
2643 4854 2972 4910 dormientis
3003 4853 3178 4908 Adam
3205 4854 3420 4924 accepit
3459 4870 3473 4906 :

1892 4951 1968 5005 ita
1991 4965 2141 5005 nunc
2171 4964 2394 5020 quoque
2423 4957 2551 5020 post
2573 4955 2802 5003 mortem
2826 4946 3154 5017 sanguinem
3184 4953 3238 5001 et
3278 4959 3476 5016 aquam

1891 5042 2061 5099 dedit.
2112 5041 2250 5098 Nam
2293 5041 2441 5113 quod
2465 5049 2603 5097 tunc
2633 5053 2803 5111 sopor
2826 5047 2969 5105 erat,
3005 5038 3188 5095 hocin
3216 5037 3477 5108 praesenti

1893 5148 2044 5190 mors
2073 5139 2181 5190 est.

1963 5224 2244 5296 Ejusdem.
2285 5254 2356 5264 —
2385 5221 2864 5291 Quemadmodum
2904 5226 3102 5293 portus
3121 5218 3276 5292 juxta
3301 5231 3475 5284 mare,

1892 5319 2057 5376 sicin
2105 5319 2337 5375 urbibus
2387 5316 2672 5374 Ecelesias
2711 5315 2906 5373 statuit
2951 5315 3122 5377 Deus,
3154 5321 3276 5368 uta
3311 5327 3480 5383 nego-

1893 5411 2359 5484 tiorumhujusee
2411 5409 2540 5465 vitae
2589 5407 2852 5464 fluctibus
2916 5405 3026 5461 huc
3069 5404 3476 5477 confugientes,

1891 5505 2301 5578 tranquillitate
2353 5506 2728 5578 perfruamur.
2789 5504 2984 5579 Neque
3039 5503 3185 5562 enim
3250 5501 3322 5559 iis
3383 5500 3478 5572 qui

1893 5599 2029 5655 illuc
2065 5599 2450 5670 confugerint,
2493 5599 2756 5657 fluctuum
2798 5600 3041 5670 impetus
3077 5597 3477 5669 pertimescen-

1891 5692 1996 5750 dus
2053 5701 2160 5759 est,
2207 5708 2317 5748 non
2365 5693 2691 5764 praedonum
2730 5693 2999 5757 assultus,
3031 5705 3139 5745 non
3163 5690 3248 5745 vis
3283 5694 3475 5742 vento-

1892 5799 2039 5852 rum,
2063 5800 2175 5840 non
2212 5783 2550 5840 belluarum.
2573 5782 2775 5838 Portus
2807 5783 3010 5858 quippe
3040 5788 3124 5836 est
3151 5780 3220 5834 ab
3245 5778 3334 5832 his
3356 5790 3475 5828 orn-

1892 5879 2060 5936 nihus
2095 5870 2374 5936 immunis.
2434 5875 2571 5933 Nam
2620 5883 2814 5946 portus
2867 5874 3180 5932 animorum
3224 5865 3474 5927 Ecclesia
