4028 6400
456 392 600 462 143Ξ

1659 388 1718 447 S.
1756 383 2077 448 JOANNIS
2115 382 2549 445 DAMASCENI

3623 377 3770 445 M36

451 513 565 561 est.
610 503 718 559 Per
755 501 899 558 hanc
967 499 1242 572 siquidem
1295 499 1427 558 ferte
1467 513 1664 555 omnes
1720 511 2058 568 compressa:

2185 495 2365 566 ταύτης
2409 491 2724 562 κατεστάλη
2777 489 2848 545 τὰ
2899 489 3086 561 θηρία,
3134 489 3390 561 καθάπερ
3423 490 3574 556 θείας
3613 493 3770 548 τινὸς

457 604 595 651 sunt
629 614 644 651 :
684 595 834 650 velut
863 593 1127 648 nimirum
1151 592 1529 647 iucantotione
1559 589 1824 661 quadam,
1847 588 2056 643 divina-

461 703 588 742 rum
643 685 1066 756 Scripturarum
1117 683 1410 740 auditione
1459 697 1558 754 per
1618 681 2058 750 uniuscujusque

461 794 650 833 aurem
681 779 737 833 in
769 778 1017 833 animum
1053 775 1348 842 inﬂuente,
1373 788 1579 846 easque
1607 788 1641 828 α
1665 774 1880 828 ratione
1901 786 2059 828 aver-

462 885 556 924 sas
588 869 914 924 aﬂcctiones
945 867 1331 938 consopiente.
1599 935 1601 938 ι

534 959 594 1016 S.
628 959 906 1030 Clrrysost.
929 958 1119 1013 Itomil.
1141 961 1193 1012 in
1216 957 1368 1012 Psal.
1390 972 1535 1020 κων,
1565 957 1629 1010 de
1663 953 1888 1018 Eutrop.
1912 951 2060 1007 -Nc

462 1051 720 1108 discedas
742 1053 812 1106 ab
839 1050 1107 1106 Ecclesia.
1133 1048 1279 1102 Nihil
1321 1049 1563 1103 Ecclesia
1588 1048 1882 1102 valentius.
1906 1046 2063 1116 Rupe

465 1143 659 1200 fortior
685 1151 808 1210 est;
844 1143 1009 1198 latior
1034 1149 1120 1197 est
1155 1139 1319 1195 coelo.
1367 1139 1540 1206 Quem
1569 1139 1717 1194 enim
1767 1151 1868 1192 nec
1902 1151 2065 1208 supe-

464 1237 637 1301 riora,
670 1251 773 1291 nec
803 1236 1067 1291 inferiora
1120 1248 1318 1306 capere
1370 1240 1646 1302 poterant,
1689 1231 1838 1286 hunc
1872 1237 2065 1286 venter

467 1330 658 1399 cmpit,
693 1343 797 1383 nec
823 1335 1095 1398 angustus
1115 1333 1372 1397 repertus
1401 1334 1508 1382 est.
1550 1323 1849 1393 Nunquam
1879 1337 2068 1377 senes-

468 1423 545 1476 cit
574 1419 838 1484 Ecclesia,
857 1418 954 1475 sed
986 1435 1201 1487 semper
1241 1418 1408 1488 viget.
1429 1417 1540 1472 Cur
1559 1415 1722 1488 5.63
1753 1430 1872 1470 eam
1913 1413 2066 1468 Scri-

467 1519 631 1578 ptura
688 1518 926 1563 montem
965 1507 1308 1577 appellavit?
1353 1507 1543 1577 utique
1575 1507 1705 1576 quia
1754 1503 1925 1560 everti
1959 1520 2066 1557 non

468 1609 673 1670 potest.
710 1600 854 1666 Quin
883 1601 1026 1655 hanc
1057 1615 1278 1672 quoque
1334 1611 1543 1670 petram
1579 1609 1741 1654 vocat
1764 1637 1779 1663 ,
1814 1597 1944 1669 quia
1985 1598 2069 1651 la-

465 1691 732 1748 befactari
766 1692 984 1764 nequit.

468 1808 605 1866 ΤΙΤ.
640 1805 756 1866 VII.
788 1808 951 1864 ---De
981 1808 1264 1872 oratione;
1295 1817 1344 1862 et
1363 1817 1568 1878 qumtta
1595 1805 1711 1876 ejus
1739 1821 1902 1875 opera
1931 1819 2057 1873 per-

793 1949 796 1952 ,
1121 1880 1400 1948 ﬁciuntur.

539 1969 718 2028 Exod.
749 1987 822 2040 ιι,
849 1972 942 2027 55.
973 2003 1042 2012 -
1071 1991 1090 2024 ι
1117 1971 1395 2042 Egressus
1447 1969 1667 2042 Moyses
1699 1983 1729 2024 a
1766 1967 2064 2023 Pharaone

464 2079 536 2119 ex
594 2064 749 2130 urbe,
808 2064 1042 2120 tetendit
1098 2079 1294 2120 manus
1347 2077 1480 2119 suas
1527 2062 1598 2117 ad
1647 2061 1966 2128 Dominum,
2009 2069 2066 2116 et

465 2171 829 2220 cessaverunt
854 2161 1021 2219 vocés
1050 2170 1105 2218 ct
1138 2161 1371 2233 grando.

535 2253 720 2309 Judic.
745 2270 862 2319 xvr,
895 2255 1090 2310 28-30.
1119 2283 1188 2295 --
1209 2273 1226 2306 ι
1265 2251 1540 2307 Clamavit
1571 2250 1811 2306 Samson
1853 2251 1919 2304 ad
1953 2250 2063 2305 Do-

467 2345 703 2410 minum,
735 2353 790 2402 et
827 2346 967 2400 dixit
999 2365 1013 2401 :
1044 2345 1274 2400 Domine
1311 2343 1478 2410 Deus,
1513 2351 1792 2400 memento
1829 2344 1934 2399 mei
1959 2344 2066 2398 hac

469 2450 579 2490 una
602 2436 744 2501 vice,
784 2444 839 2491 et
871 2436 1178 2491 retribuam
1241 2435 1669 2490 retributionem
1733 2449 1899 2489 unam
1963 2449 2064 2504 pro

465 2523 690 2582 duobus
735 2525 918 2582 oculis
990 2527 1129 2581 meis
1197 2526 1516 2597 al|0phylis.
1584 2525 1649 2580 Et
1697 2527 2064 2597 apprehendit

470 2617 708 2673 Samson
740 2618 931 2674 ambas
957 2619 1249 2674 columnas
1273 2617 1508 2682 medias,
1542 2617 1750 2689 quibus
1783 2619 2064 2674 inniteba-

467 2719 563 2766 tur
583 2711 807 2779 domus,
830 2720 885 2768 et
907 2711 1047 2767 dixit
1084 2727 1098 2764 :
1139 2711 1409 2766 Moriatur
1441 2685 1622 2766 anima
1663 2685 1782 2766 mea
1813 2726 1942 2766 cum
1978 2711 2063 2764 al-

469 2804 744 2877 laphylis;
773 2813 829 2861 et
858 2805 1067 2861 cecidit
1095 2804 1320 2869 domus,
1357 2804 1646 2874 multoque
1669 2803 1856 2875 plures
1891 2803 2064 2857 inter-

469 2897 600 2954 fecit
630 2913 796 2968 quam
839 2897 1192 2953 interfecerat
1217 2898 1274 2952 in
1299 2897 1411 2951 vita
1454 2911 1576 2952 sua.
1623 2914 1642 2947 ι

543 2989 603 3045 11
637 2991 830 3046 Paral.
867 3007 1044 3054 xxx",
1077 2991 1169 3045 90.
1211 3021 1283 3034 -
1319 3010 1339 3042 ι
1377 2989 1566 3044 O-ravit
1616 2989 1882 3046 Ezechias
1942 3005 2062 3055 rex,

470 3089 529 3138 ct
583 3082 738 3138 misit
791 3081 1064 3136 Dominus
1123 3081 1402 3152 angelum,
1450 3081 1547 3151 qui
1592 3081 1816 3136 extrivit
1845 3096 2062 3136 omnem

2158 587 2396 658 ἐπῳδῆς,
2431 585 2534 654 τῆς
2561 583 2673 636 τῶν
2703 581 2866 636 θείων
2916 580 3154 652 Γραφῶν
3191 581 3512 652 ἀκροάσεως
3540 580 3630 634 διὰ
3665 582 3771 651 τῆς

2159 681 2331 750 ἀκοῆς
2360 679 2594 732 ἑκάστου
2627 676 2766 748 πρὸς
2822 673 2922 744 τὴν
2960 673 3143 744 ψυχὴν
3187 672 3489 744 εἰσιούσης,
3519 673 3614 726 καὶ
3647 690 3770 727 κοι-

2165 769 2438 842 μιζούσης
2465 769 2642 824 ταῦτα
2674 766 2743 821 τά
2769 766 2943 833 ἄλογα
2962 763 3138 835 πάθη.

2235 953 2328 1024 Μὴ
2372 953 2582 1024 ἀπέχου
2642 951 2752 1006 ἀπὺ
2807 939 3138 1020 Ἐκκλησίας
3167 963 3183 981 ⁴
3227 948 3384 1004 οὐδὲν
3427 949 3765 1021 Ἐκκλησίας

2169 1047 2290 1116 ἱσχυ
2301 1047 2418 1118 ρότε
2429 1063 2542 1116 ρον.
2575 1046 2688 1115 Τῆς
2713 1043 2923 1114 πέτρας
2950 1043 3289 1113 ἰσχυροτέρα
3311 1041 3452 1108 ἐστὶ,
3481 1041 3577 1094 τοῦ
3598 1041 3767 1112 ούρα-

2166 1138 2259 1192 νοῦ
2295 1121 2608 1208 ὑψηλοτέρα
2637 1136 2778 1200 ἐστὶ,
2832 1135 2935 1204 τῆς
2963 1134 3068 1202 γῆς
3102 1132 3422 1203 πλατυτέρα
3458 1131 3628 1184 ἐστίν.
3669 1133 3767 1184 Ὃν

2168 1230 2278 1299 γὰρ
2304 1212 2414 1283 οὐκ
2443 1228 2696 1300 ἐχώρησε
2745 1227 2814 1279 τὰ
2841 1227 2954 1280 ἀνω
2978 1225 3076 1278 καὶ
3105 1224 3174 1278 τά
3213 1223 3386 1289 κάτω,
3415 1224 3636 1294 γαστὴρ
3664 1223 3770 1276 οὐκ

2167 1321 2580 1392 ὲστενοχωρήθη
2601 1319 2924 1390 χωρήσασα.
2949 1317 3222 1370 Οὐδέποτε
3235 1333 3306 1386 γη
3317 1316 3405 1387 ρᾷ,
3427 1315 3567 1368 ἀλλά
3585 1316 3767 1370 πάντα

2170 1412 2434 1483 ἀκμάζει.
2468 1411 2566 1466 Διὰ
2589 1411 2640 1465 τί
2674 1411 2800 1483 ὅρος
2821 1411 2994 1481 αὐτὴν
3024 1409 3288 1464 ἐκάλεσεν
3324 1409 3357 1479 ἠ
3401 1408 3635 1477 Γραφή;
3669 1407 3771 1461 Διά

2172 1507 2232 1560 τὸ
2250 1506 2685 1576 ἀπερίτρεπτον.
2718 1505 2830 1558 Kal.
2887 1504 3098 1574 πέτραν
3147 1501 3303 1556 καλεῖ
3351 1500 3544 1572 αὐτὴν,
3579 1500 3674 1555 διὰ
3709 1501 3772 1554 τὸ

2172 1600 2431 1672 ἄφθορον.
2490 1603 2499 1614 ’

2177 1809 2358 1863 ΤΙΤΛ.
2414 1807 2492 1863 Ζ’.
2547 1840 2617 1849 -
2647 1807 2786 1877 Περὶ
2831 1805 3055 1876 εὐχῆςο
3110 1806 3222 1877 καῑ-
3263 1805 3383 1858 ὅσα
3438 1801 3513 1856 δι’
3572 1799 3771 1871 εὐχῆς

2668 1875 3100 1947 κατορθοῦνται
3119 1875 3280 1945 ὑμῖν.

2241 1990 2259 2024 ι
2303 1971 2525 2042 Ἐξῆλθε
2582 1972 2788 2042 Μωσῆς
2817 1970 2948 2026 -άπδ
3001 1967 3204 2042 Φαραὼ
3241 1967 3346 2032 ἔξω
3372 1965 3478 2036 τῆς
3519 1965 3759 2031 πόλεως,

2165 2069 2259 2122 καὶ
2292 2067 2590 2133 ἐξεπέτασε
2635 2067 2736 2131 τὰς
2793 2069 2986 2137 χεῖρας
3018 2063 3185 2119 αὐτοῦ
3211 2057 3378 2133 ’πρὸς
3408 2062 3642 2134 Κύριον,
3672 2062 3768 2117 καὶ

2165 2161 2474 2215 ἐπαύσαντο
2499 2162 2554 2214 ai
2587 2160 2767 2230 φωναὶ
2798 2159 2895 2214 καὶ
2929 2160 2962 2230 ἡ
2994 2154 3228 2229 χάλαζα.
3263 2175 3283 2208 ι

2239 2271 2259 2304 r
2307 2253 2599 2324 Ἀνεϐόησε
2657 2251 2900 2323 Σαμψὼν
2947 2251 3085 2321 πρὸς
3139 2249 3389 2321 Κύριον,
3449 2247 3546 2304 καὶ
3599 2243 3762 2302 εἶπε·

2166 2349 2362 2420 Κύριε,
2415 2347 2687 2419 μνήσθητι
2720 2347 2784 2418 δή
2821 2364 2929 2418 μου
2967 2345 3032 2400 τὸ
3091 2343 3243 2410 ἅπαξ
3269 2343 3453 2407 τοῦτο,
3493 2343 3590 2397 xal
3643 2345 3768 2397 ἀντ-

2167 2440 2436 2496 αποδώσω
2469 2440 2830 2495 ἀνταπόδοσιν
2867 2439 2999 2510 μίαν
3026 2439 3158 2510 περὶ
3188 2437 3300 2492 τῶν
3329 2437 3424 2492 δύο
3466 2434 3770 2506 ὀφθαλμῶν

2169 2550 2271 2603 μου
2303 2535 2413 2596 τοῖς
2441 2531 2791 2602 ἀλλοφύλοις.
2842 2531 2954 2587 Kal
3006 2529 3302 2603 περιέλαϐε
3351 2528 3594 2600 Σαμψὼν
3641 2529 3771 2592 τοὺς

2164 2623 2258 2678 δύο
2284 2623 2512 2686 στύλους
2533 2623 2660 2687 τοὺς
2691 2623 2917 2694 μέσους,
2933 2623 3016 2692 ἐφ’
3033 2619 3116 2686 οἷς
3149 2624 3180 2675 ὁ
3204 2615 3352 2684 οἶκος
3378 2620 3771 2691 ἑπεστήρικτο,

2166 2713 2263 2768 καὶ
2293 2710 2448 2769 εἶπεν
2471 2730 2488 2748 ⁶
2531 2713 2880 2769 Ἀποθανέτω
2910 2715 2944 2784 ὴ
2969 2712 3118 2784 ψυχή
3159 2730 3262 2782 μου
3297 2700 3437 2784 μετᾶ
3471 2710 3580 2765 τῶν
3610 2710 3769 2764 ἀλλο-

2167 2805 2372 2875 φύλων.
2407 2806 2520 2860 Kal
2544 2805 2743 2859 ἔπεσεν
2795 2807 2824 2858 ὁ
2880 2800 3052 2869 οἶκος,
3102 2803 3198 2858 καὶ
3226 2803 3574 2858 ἐθανάτωσεν
3630 2801 3772 2872 ὑπὲρ

2166 2897 2261 2962 οὒς
2295 2897 2639 2952 ἐθανάτωσεν
2666 2900 2724 2952 ὲν
2754 2900 2821 2969 τῇ
2857 2897 2971 2970 ζωῇ
3002 2896 3189 2953 αὐτοῦ.
3236 2915 3256 2949 ι

2245 3008 2264 3041 r
2295 2989 2654 3060 Προσηύξατο
2695 2989 2948 3054 Ἐζεκίας
2973 2991 3002 3042 ὁ
3029 2989 3308 3060 βασιλεὺς,
3326 2989 3423 3042 καὶ
3446 2987 3774 3042 ἀπέστειλεν

2168 3081 2197 3134 δ
2221 3080 2428 3152 Κύριος
2453 3081 2708 3150 ἄγγελον,
2750 3081 2848 3136 καὶ
2881 3080 3138 3153 ἐξέτριψεν
3172 3081 3353 3135 πάντα
3389 3081 3648 3145 δυνατὸν,
3681 3081 3774 3134 καὶ

470 3171 790 3238 robustum,
825 3179 880 3228 et
912 3172 1320 3244 principem,et
1357 3173 1556 3228 ducem
1588 3172 1644 3227 in
1680 3172 1884 3228 castris
1917 3172 2065 3244 regis

2185 3173 2529 3244 πολεμιστὴν,
2597 3173 2695 3227 καὶ
2753 3173 3028 3244 ἄρχοντα,
3088 3174 3185 3228 καὶ
3239 3172 3550 3245 στρατηγὸν
3595 3173 3664 3226 ὲν
3707 3176 3772 3244 τῇ

471 3265 670 3321 Assur.
703 3283 724 3318 ι

546 3354 611 3410 Il
644 3355 831 3410 Paral.
859 3373 1056 3423 xxxm,
1121 3357 1310 3414 10-15.
1345 3389 1412 3397 -—
1461 3376 1481 3409 ι
1511 3357 1754 3414 Locutus
1791 3365 1875 3413 est
1921 3358 2067 3412 Deus

474 3461 648 3518 super
679 3446 1006 3515 Manassen;
1055 3458 1110 3503 et
1147 3448 1694 3518 comprehenderunt
1747 3448 2063 3521 Manassen,

471 3548 529 3596 et
563 3541 810 3596 vinctura
837 3543 1051 3598 catenis
1082 3549 1136 3597 et
1173 3542 1543 3614 compedibus
1572 3541 1856 3597 duxerunt
1891 3539 2069 3610 Baby-

475 3636 680 3692 lonem.
713 3636 778 3691 Et
801 3638 984 3694 oravit
1015 3637 1088 3692 ad
1125 3637 1444 3705 Dominum,
1471 3646 1526 3694 et
1559 3637 1846 3694 exaudivit
1878 3652 2068 3691 vocem

467 3727 620 3798 ejus.
663 3747 684 3781 ι

549 3816 731 3873 Schol.
755 3819 1032 3876 Memoria:
1057 3821 1336 3892 proditum
1368 3830 1453 3878 est
1473 3822 1544 3877 ab
1576 3820 1860 3887 Africano,
1894 3821 2069 3892 quod,

478 3909 612 3966 dum
637 3913 949 3968 orationem
976 3914 1259 3970 Manasses
1313 3914 1595 3981 funderet,
1633 3914 1851 3968 vincula
1888 3915 2065 3970 ferrea

477 4003 766 4058 confracta
808 4005 943 4071 sint,
987 4014 1042 4061 et
1086 4007 1204 4076 ipse
1236 4007 1461 4076 fugerit.

548 4095 651 4153 ΙΙΙ
684 4095 813 4169 Reg.
853 4097 1232 4164 xvm,’56.—«
1262 4095 1537 4154 Clamavit
1566 4097 1715 4154 Elias
1745 4099 1810 4154 ad
1843 4099 2069 4166 cmlum,

475 4197 533 4247 et
559 4190 739 4247 dixit:
777 4191 1008 4248 Domine
1049 4190 1195 4248 Deus
1227 4191 1530 4258 Abraham,
1570 4192 1746 4258 Isaac,
1776 4201 1832 4246 et
1873 4191 2070 4258 Jacoh,

474 4283 676 4339 exaudi
697 4299 783 4340 me
811 4285 867 4340 in
890 4284 1112 4355 ignc.Et
1130 4285 1336 4340 cecidit
1357 4285 1502 4356 ignis
1522 4300 1550 4337 a
1575 4284 1810 4341 Domino
1825 4285 2072 4351 decmlo,

474 4382 534 4431 et
563 4375 854 4431 devoravit
916 4377 1326 4444 holocaustum,
1372 4389 1427 4434 et
1465 4378 1613 4447 ligna
1649 4379 1851 4444 scissa,
1893 4385 1948 4432 et
1991 4380 2074 4430 la-

480 4465 658 4537 pides,
683 4474 740 4524 et
769 4468 1052 4538 pulverem
1103 4487 1118 4524 :
1153 4471 1289 4540 quin
1335 4479 1394 4524 et
1445 4485 1646 4541 aquam
1681 4485 1810 4540 qua:
1853 4479 1972 4525 erat
2017 4469 2072 4522 in

477 4559 682 4624 canali,
713 4560 983 4616 elambuit
1018 4561 1188 4632 ignis.
1215 4581 1234 4614 ι

553 4649 637 4704 IV
671 4649 796 4722 Reg.
827 4669 902 4717 vn,
937 4652 1123 4709 15-18.
1160 4683 1232 4694 -—-
1259 4671 1280 4705 ‹
1315 4651 1681 4710 Consurrexit
1739 4667 1901 4708 mane
1963 4652 2070 4705 mi-

478 4743 654 4800 nister
711 4743 904 4812 Elisei,
953 4753 1009 4800 et
1041 4760 1170 4802 ecce
1202 4745 1486 4801 exercitus
1521 4744 1882 4800 circumdans
1931 4745 2071 4798 civi-

480 4839 671 4895 tatem.
718 4841 776 4890 et
823 4835 1066 4906 equites,
1099 4843 1156 4892 et
1197 4851 1422 4892 currus.
1459 4835 1527 4890 Et
1561 4835 1698 4889 dixit
1731 4851 1869 4906 puer
1903 4837 1968 4891 ad
2004 4837 2071 4890 il-

479 4923 595 4977 lum
633 4938 648 4974 :
680 4921 824 4990 Quid
851 4923 1142 4980 faciemus.
1169 4923 1390 4980 Etdixit
1418 4921 1769 4978 EliscuszNe
1792 4923 2068 4986 timueris,

477 5015 746 5086 quoniam
780 5017 965 5087 plures
1004 5025 1136 5073 sunt
1171 5016 1484 5073 nobiscum.
1519 5014 1586 5070 Et
1615 5016 1796 5072 oravit
1826 5015 2068 5083 Eliseus,

477 5115 537 5163 et
560 5107 698 5163 dixit
729 5122 745 5160 :
784 5107 1036 5164 Domine.
1075 5109 1226 5180 aperi
1256 5108 1449 5164 oculos
1471 5109 1652 5180 pueri,
1686 5117 1741 5164 et
1766 5109 1967 5165 videat.
2003 5108 2071 5162 Et

482 5199 702 5271 aperuit
729 5202 924 5258 oculos
943 5203 1124 5272 pueri,
1147 5212 1205 5258 et
1246 5201 1405 5267 vidit,
1429 5209 1483 5257 et
1512 5217 1640 5258 ecce
1684 5216 1843 5258 mons
1873 5202 2072 5273 plenus

479 5310 771 5366 equorum,
787 5303 844 5352 et
868 5297 1221 5368 currusignis
1249 5297 1303 5351 iu
1321 5296 1557 5352 circuitu
1587 5295 1774 5353 Elisei.
1803 5295 1868 5351 Et
1893 5297 2073 5352 oravit

481 5385 733 5454 Eliseus,
767 5395 820 5443 et
840 5386 1011 5444 dixit:
1039 5388 1274 5445 Percute
1296 5395 1513 5458 gentem
1545 5390 1689 5442 hanc
1726 5389 1993 5444 cazcitate.
2042 5407 2064 5440 ι

553 5478 640 5535 ιγ
661 5479 791 5552 Reg.
824 5497 916 5548 xx,
939 5481 1060 5536 4-6.
1094 5509 1166 5521 --
1199 5499 1217 5532 ‹
1260 5483 1392 5536 Erat
1430 5481 1604 5537 Isaias
1627 5483 1681 5537 iu
1711 5481 1892 5537 medio
1918 5481 2066 5547 atrii,

480 5579 537 5628 et
563 5588 753 5630 sermo
787 5573 1002 5630 Domini
1035 5573 1217 5629 factus
1245 5584 1329 5630 est
1365 5575 1432 5630 ad
1462 5589 1588 5630 eum
1625 5591 1641 5630 :
1668 5573 1987 5638 Revertere,
2015 5580 2071 5634 et

479 5666 635 5724 dices
673 5667 740 5722 ad
776 5665 1115 5724 Ezechiam:
1149 5665 1278 5724 llaec
1309 5669 1446 5724 dicit
1494 5666 1766 5724 Dominus
1822 5668 2070 5738 omnipo-

483 5767 608 5816 tens
642 5777 656 5814 :
692 5759 896 5816 Audivi
933 5762 1256 5818 orationem
1322 5771 1500 5828 tuam,
1530 5773 1584 5817 et
1630 5761 1744 5817 vidi
1792 5763 2069 5834 lacryuias

483 5856 637 5920 tuas,
671 5862 725 5910 et
764 5852 962 5912 addam
993 5855 1062 5912 ad
1103 5871 1279 5912 annos
1309 5865 1434 5912 tuos
1470 5853 1732 5912 scdccim.
1779 5875 1797 5909 ›
1890 5907 1895 5918 .

2169 3265 2496 3338 παρεμϐολῇ
2531 3265 2800 3337 βασιλέως
2841 3266 3098 3338 Ἀσσούρ.

2245 3380 2265 3414 ι
2301 3361 2565 3432 Ἐλάλησε
2603 3359 2812 3431 Κύριος
2848 3359 2942 3412 ἐπὶ
2973 3360 3299 3430 Μανασσῆν,
3336 3359 3433 3412 καὶ
3467 3359 3774 3414 κατέλαϐον

2167 3455 2260 3508 τὸν
2317 3455 2642 3523 Μανασσῆν,
2693 3452 2791 3507 καὶ
2858 3451 3058 3523 ἔδησαν
3112 3452 3277 3505 αὐτὸν
3327 3454 3384 3505 ἐν
3429 3452 3647 3517 πέδαις,
3681 3454 3774 3507 καὶ

2170 3549 2380 3619 ἤγαγον
2403 3548 2482 3611 είς
2509 3545 2826 3600 Βαϐυλῶνα.
2858 3545 2972 3600 Καὶ
3014 3544 3365 3618 προσηύξατο
3405 3546 3542 3616 πρὸς
3581 3545 3770 3613 αὐτὸν,

2172 3645 2267 3698 καὶ
2300 3643 2502 3713 ἢκουσε
2535 3641 2636 3714 τῆς
2675 3641 2804 3714 βοῆς
2831 3641 3021 3696 αὐτοῦ.
3063 3657 3083 3694 ι

2245 3825 2428 3894 Σχόλ.
2495 3825 2798 3898 Ἱστόρηται
2860 3824 3014 3896 παρὰ
3052 3824 3394 3895 Ἀφρικανῷ,
3433 3825 3518 3879 ὅτι
3574 3827 3638 3879 ἐν
3696 3825 3770 3895 τῷ

2173 3914 2356 3982 λέγειν
2375 3913 2520 3986 ᾠδὴν
2561 3916 2656 3969 τὸν
2699 3915 2997 3986 Μανασσῆ,
3052 3913 3128 3968 τὰ
3172 3913 3352 3985 δεσμὰ
3381 3915 3660 3986 διεῤῥάγη
3692 3931 3771 3968 σι-

2172 4007 2314 4077 δηρᾶ
2337 4007 2488 4072 ὄντα,
2523 4006 2618 4060 καὶ
2650 4005 2874 4076 ἔφυγεν.

2251 4119 2269 4150 ι
2316 4099 2636 4170 Ἀνεϐόησεν
2673 4098 2855 4153 Ἠλιοῦ
2921 4099 3005 4162 εἰς
3050 4098 3144 4152 τὸν
3187 4098 3442 4170 οὐρανὸν,
3479 4099 3578 4152 καὶ
3607 4094 3731 4153 εἷπε
3754 4117 3768 4132 ο

2173 4192 2350 4262 Κύριε
2388 4192 2578 4256 ὁΘεὸς
2635 4192 2908 4264 Ἀϐραὰμ,
2955 4191 3053 4246 καὶ
3118 4193 3328 4260 Ἰσαὰκ,
3393 4195 3488 4246 καὶ
3545 4192 3768 4258 Ἰακὼϐ,

2176 4285 2481 4339 ἐπάκουσόν
2515 4301 2618 4355 μου
2641 4289 2698 4338 ἐν
2720 4285 2880 4358 πυρί·
2913 4287 3011 4340 καὶ
3047 4283 3211 4338 ἔπεσε
3238 4287 3353 4350 πῦρ
3375 4285 3529 4356 παρὰ
3560 4287 3770 4357 Κυρίου

2176 4377 2241 4430 ἐκ
2263 4377 2358 4430 τοῦ
2391 4375 2646 4447 οὐρανοῦ,
2682 4379 2780 4431 καὶ
2844 4378 3124 4448 κατέφαγε
3168 4381 3230 4433 τὸ
3275 4378 3644 4448 ὁλοκαύτωμα
3681 4378 3773 4431 καὶ

2174 4471 2276 4532 τὰς
2312 4468 2525 4539 σχίζας,
2559 4469 2656 4524 καὶ
2703 4471 2834 4536 τοὺς
2880 4470 3085 4536 λίθους,
3121 4471 3218 4524 καὶ
3254 4471 3349 4525 τὸν
3382 4470 3535 4542 χοῦν,
3583 4469 3770 4523 καὶτὸ

2107 4554 2152 4612 D
2180 4562 2323 4634 ὕδωρ
2338 4562 2402 4616 τὸ
2430 4563 2566 4634 ὲντῇ
2602 4562 2851 4634 θαλάσσῃ
2883 4562 3121 4628 ὲξέλειξε
3151 4563 3214 4616 τὸ
3239 4561 3372 4635 πῦρ.
3417 4582 3437 4617 ι

2255 4675 2274 4707 r
2318 4654 2612 4726 ’Ὧρθρισεν
2643 4657 2674 4709 ὁ
2700 4654 3017 4726 λειτουργὸς
3066 4654 3362 4719 Ἐλισσαιὲ,
3394 4655 3491 4709 καὶ
3527 4655 3641 4709 ἰδοὺ
3675 4653 3767 4708 δύ·-

2178 4765 2343 4818 ναμις
2365 4747 2646 4801 κυκλοῦσα
2697 4747 2799 4818 τὴν
2827 4749 3008 4811 πόλιν,
3044 4748 3138 4802 καὶ
3176 4747 3356 4812 ἵπποι,
3390 4747 3486 4801 καὶ
3520 4748 3765 4818 ἅρματα.

2177 4841 2288 4893 Καὶ
2316 4837 2437 4894 εἷπε
2465 4840 2527 4894 τὸ
2555 4840 2843 4911 παιδάριον
2899 4840 3034 4912 πρὸς
3083 4841 3251 4894 αὐτόν
3270 4858 3283 4873 ο
3314 4839 3382 4894 Ti
3426 4841 3728 4911 ποιήσομεν
3754 4857 3767 4904 ;

2179 4932 2288 4987 Kal
2305 4930 2457 4986 εἶπεν
2497 4931 2811 4988 Ἐλισσαιέ’
2862 4933 2956 5005 Μὴ
2997 4933 3188 5002 φοϐοῦ,
3247 4933 3331 4986 ὅτι
3402 4931 3500 4985 τοῦ
3551 4932 3768 4994 πλείους

2177 5025 2226 5078 οἱ
2259 5024 2379 5096 μεθ’
2411 5023 2588 5094 ἡμῶν.
2625 5024 2734 5078 Kal
2775 5023 3126 5095 προσηύξατο
3170 5022 3468 5088 Ἐλισσαιὲ,
3503 5023 3600 5076 καὶ
3624 5019 3766 5076 εἶπεν

2177 5118 2372 5189 Κύριε,
2412 5116 2678 5182 διάνοιξον
2734 5119 2864 5180 τοὺς
2919 5117 3234 5187 ὀφθαλμοὺς
3290 5115 3384 5169 τοῦ
3441 5116 3764 5188 παιδαρίου·

2178 5209 2273 5262 καὶ
2299 5203 2432 5273 εἶδε,
2493 5209 2586 5262 καὶ
2619 5209 2730 5263 ἰδοὺ
2767 5209 2827 5262 τὺ
2849 5209 2983 5280 ’ὅρος
3014 5209 3224 5279 πλῆρες
3260 5209 3466 5272 ἵππων,
3492 5211 3587 5263 καὶ
3616 5210 3767 5280 ἅρμα

2181 5303 2351 5374 πυρὸς
2385 5301 2572 5372 κύκλῳ
2609 5301 2886 5356 Ἑλισσαιέ
2909 5317 2923 5330 ο
2967 5301 3064 5356 καὶ
3086 5300 3437 5372 προσηύξατο
3471 5299 3763 5364 Ἑλισσαιὲ,

2178 5394 2272 5447 καὶ
2295 5390 2417 5446 εἷπε
2441 5409 2454 5424 ο
2487 5392 2731 5456 Πάταξον
2763 5392 2824 5445 τὸ
2856 5391 3011 5454 ἔθνος
3044 5388 3204 5443 τοῦτο
3227 5387 3489 5458 ἀορασίᾳ.
3529 5408 3547 5442 ι

2254 5502 2274 5537 ι
2307 5479 2416 5538 Ἦν
2455 5484 2686 5547 Ἡσαΐας
2715 5485 2773 5538 ὲν
2796 5486 2862 5554 τῇ
2919 5483 3057 5554 αὐλῇ
3103 5483 3269 5555 μέσῃ,
3324 5483 3420 5537 καὶ
3462 5482 3614 5553 ῥῆμα
3649 5481 3759 5533 Κυ-

2179 5577 2296 5647 ρίου
2325 5577 2540 5644 ὲγένετο
2564 5578 2702 5647 πρὸς
2767 5575 2930 5632 αὐτόν
2954 5591 2970 5607 ο
3038 5573 3428 5644 Ἐπίστρεψον,
3485 5577 3582 5628 καὶ
3619 5573 3763 5644 ἐρεῖς

2179 5671 2314 5739 πρὸς
2351 5671 2634 5736 Ἐζεκίαν⁹
2679 5671 2820 5725 Τάδε
2882 5669 3033 5739 λέγει
3077 5669 3286 5741 Κύριος
3343 5668 3757 5741 παντοκράτωρ,

2183 5763 2430 5816 Ἤκουσα
2471 5762 2566 5832 τῆς
2615 5761 2928 5835 προσευχῆς
2974 5779 3092 5828 σου,
3157 5765 3251 5814 καὶ
3281 5755 3422 5814 εἶδον
3459 5761 3527 5816 τά
3556 5755 3758 5832 δάκρυά

2182 5875 2294 5925 σου,
2323 5857 2414 5911 καὶ
2449 5856 2738 5928 προσθήσω
2764 5856 2854 5909 ἐπὶ
2890 5855 2955 5910 τὰ
2979 5855 3072 5928 ἔτη
3107 5874 3199 5910 σου
3236 5856 3328 5928 ἔτη
3363 5863 3457 5923 ις’.
3493 5874 3513 5908 ι
