4028 6400
229 410 365 477 M37

1491 405 1734 469 SACRA
1761 406 2232 468 PARALLELA.

3369 405 3512 471 1-138
3590 418 3593 422 '

358 513 624 588 ὐρθριζε
656 515 795 587 πρὸς
827 515 1034 588 Κύριον
1066 515 1486 588 παντοκράτορα
1539 517 1815 580 δεόμενος.

1994 515 2094 570 Job
2154 531 2268 578 vtu,
2297 515 2349 570 5.
2381 543 2452 555 -
2481 531 2498 566 ι
2533 513 2786 570 Diluculo
2813 527 3088 585 consurge
3119 514 3185 570 ad
3217 513 3511 573 Dominum

226 610 294 666 Εἰ
315 607 559 678 καθαρὸς
585 602 639 661 εἷ
669 608 764 661 καὶ⁵
821 606 1096 673 ἀληθινὸς,
1151 608 1522 663 ἐπακούσεται
1563 608 1665 680 τῆς
1693 608 1820 675 δεήο

226 701 368 765 σεώς
401 715 520 753 σου.
567 717 589 752 ι

298 813 323 848 ι
359 792 538 849 Θύσον
584 792 668 864 τῷ
698 792 833 864 Θεῷ
857 793 1352 861 θυσίανίαὶνέσεως,
1383 793 1480 849 καὶ
1509 793 1708 859 ἀπόδος
1738 793 1819 865 τῷ

237 885 482 957 ’Υψῖστῳ
517 887 618 950 τὰς
651 887 820 957 εὐχάς
837 904 969 942 σου.
1016 906 1036 938 ι

299 998 320 1032 ι
360 978 476 1044 Τὰς
524 980 690 1050 εὐχάς
741 997 848 1050 μου
905 979 985 1051 τῷ
1033 980 1227 1051 Κυρίῳ
1269 979 1539 1036 ἀποδώσω
1573 980 1818 1036 ὲναντῖον

224 1073 430 1136 παντὸς
452 1073 548 1127 τοῦ
583 1073 716 1127 λαοῦ
744 1074 930 1128 αὐτοῦ.
959 1093 976 1126 ι

147 1155 168 1179 λ
301 1184 320 1217 ι
350 1165 740 1236 Προσεύξασθε
771 1166 912 1238 πρός
943 1185 1036 1236 με,
1067 1167 1162 1222 καὶ¹
1199 1167 1594 1238 εῖσακούσομαι
1637 1166 1812 1242 ὑμῶν,

223 1257 320 1311 καὶ
343 1257 689 1330 ὲκζητήσατέ
720 1276 788 1329 με
810 1260 869 1312 ὲν
913 1260 1011 1331 ὅλῃ
1043 1260 1244 1333 καρδίᾳ
1271 1261 1449 1331 ὑμῶν,
1485 1262 1579 1316 καὶ
1608 1261 1816 1331 ἐπιφα-

222 1348 424 1420 νοῦμαι
453 1350 603 1420 ὑμῖν.
636 1367 655 1402 ι

297 1459 322 1494 c
359 1441 536 1512 Κύριε
586 1443 971 1515 παντοκράτορ
1029 1445 1059 1498 ό
1112 1443 1246 1508 Θεὸς
1299 1443 1553 1516 Ἰσραήλ·
1581 1443 1728 1514 ψυχὴ
1759 1445 1818 1497 ὲν

222 1531 579 1601 στεναγμοῖς,
606 1533 702 1584 καὶ
728 1531 951 1603 πνεῦμα
988 1533 1231 1604 ἀκηδιῶν
1269 1531 1534 1605 ὲκέκραξε
1556 1533 1696 1605 πρὸς
1731 1533 1814 1589 σέ.

223 1620 524 1686 ’Δκουσον,
541 1620 737 1693 Κύριε,
768 1623 1013 1695 ἐλέησον,
1049 1625 1132 1678 ὅτι
1173 1625 1306 1688 Θεὸς
1337 1624 1590 1696 ὲλέημων
1618 1619 1689 1691 εἴ,
1718 1625 1816 1677 καὶ

221 1711 472 1783 ἐλέησον.
511 1731 532 1766 ι

299 1823 322 1856 ι
370 1805 458 1858 Ἐν
505 1804 654 1878 ψυχῇ
695 1804 1176 1879 συντετριμμένῃ,
1238 1807 1335 1862 καὶ
1392 1806 1670 1877 πνεύματι
1721 1825 1819 1862 τα-

1931 609 2377 679 omnipotentem
2399 621 2568 663 orans
2607 625 2619 662 :
2659 607 2708 664 si
2733 622 2912 678 purus
2938 615 2992 663 et
3019 622 3186 664 verus
3213 621 3296 674 es,
3326 607 3524 665 audiet

1933 701 2244 756 orationem
2269 707 2445 755 tuam.

1990 793 2147 848 Psat.
2183 807 2332 858 :th,
2362 792 2544 846 H.-—
2571 807 2594 843 ι
2620 789 2847 846 lmmola
2875 789 2984 846 Deo
3018 787 3352 847 sacrificium
3387 789 3513 846 lau-

1861 890 1868 901 '
1921 883 2032 949 dis,
2069 895 2125 941 et
2156 885 2326 940 redde
2355 881 2647 939 Altissimo
2674 891 2800 938 vota
2830 890 2944 947 tua,
2983 900 3002 932 ι
3043 892 3133 938 etc

2001 977 2153 1034 Psal.
2186 993 2313 1042 exv,
2354 977 2538 1032 14.-—
2575 995 2592 1027 ι
2635 973 2774 1030 Vota
2815 989 2939 1030 mea
3008 973 3234 1030 reddam
3279 973 3510 1030 Domino

1920 1084 2105 1126 coram
2133 1067 2290 1124 omni
2329 1068 2532 1139 pepulo
2572 1067 2716 1137 ejus.
2762 1085 2782 1118 ι

1990 1161 2192 1218 Jerem.
2219 1176 2372 1224 ιιιιιιι,
2410 1159 2496 1215 12.
2522 1189 2591 1201 -
2623 1177 2641 1212 ι
2678 1157 2845 1214 Orate
2895 1157 2964 1212 ad
2995 1170 3103 1226 me,
3143 1165 3196 1213 et
3220 1171 3320 1227 ego
3345 1171 3516 1213 exau-

1919 1254 2068 1310 diam
2112 1267 2232 1318 vos,
2271 1264 2325 1308 et
2370 1252 2604 1323 quaarite
2634 1265 2722 1305 me
2772 1250 2828 1304 in
2863 1258 2986 1304 toto
3034 1248 3203 1306 corde
3228 1257 3437 1316 vestro,
3463 1262 3517 1307 et

1920 1346 2196 1416 apparebo
2221 1345 2400 1400 vobis.
2443 1364 2461 1396 ι

1996 1437 2215 1492 Baruch
2275 1453 2357 1504 ιιι,
2387 1438 2441 1505 1,
2471 1437 2528 1492 2.
2550 1467 2621 1477 —
2649 1453 2667 1488 ι
2704 1433 2936 1492 Domine
2988 1433 3334 1506 omnipotens
3379 1434 3522 1491 Deus

1922 1531 2113 1594 Israel,
2151 1531 2337 1585 anima
2368 1529 2422 1584 in
2455 1528 2750 1600 angustiis,
2786 1538 2841 1586 et
2890 1529 3126 1599 spiritus
3158 1529 3359 1584 anxius
3409 1530 3520 1583 cla-

1921 1631 2034 1676 mat
2075 1621 2141 1676 ad
2190 1629 2268 1677 te.
2302 1621 2468 1687 Audi,
2524 1619 2776 1685 Domine,
2822 1618 2989 1692 464
3038 1621 3338 1688 miserere;
3390 1621 3516 1691 quia

1923 1711 2066 1768 Deus
2103 1712 2428 1768 misericors
2454 1727 2539 1775 es,
2576 1719 2629 1766 et
2658 1710 2928 1766 miserere
2958 1711 3155 1765 nostri.
3185 1729 3203 1761 ι

1995 1805 2138 1859 Dan.
2166 1820 2246 1868 ιιι,
2278 1804 2368 1861 '59.
2397 1834 2468 1845 —
2494 1823 2514 1857 ι
2550 1802 2610 1858 In
2659 1805 2851 1858 animo
2898 1803 3161 1865 contrito,
3208 1808 3264 1856 el.
3317 1801 3516 1871 spiritu

221 1865 546 1962 πεινῶσεως
576 1865 1070 1971 προσδεχθειῖημεν,
1203 1901 1262 1956 ἐν
1289 1865 1764 1973 ὁλοκαυτύιμασιν.
1799 1922 1817 1954 ι

1954 1895 2264 1951 ιυιηίιίιιιιίε
2310 1894 2711 1966 suscipi-amur,
2762 1893 2909 1949 sicut
2966 1893 3023 1947 in
3073 1893 3444 1947 holocaustis.
3493 1909 3554 1944 ι’

301 2008 325 2042 ι
361 1989 458 2060 Μὴ
481 1989 888 2062 ὀλιγοψυχήσῃς
922 1993 982 2045 ὲν
1019 1995 1087 2064 τῇ
1130 1996 1408 2065 προσευχῇ
1443 2009 1571 2048 σου⁹
1607 1994 1684 2066 μὴ
1723 1996 1824 2066 εμ-

220 2080 459 2153 ποδίσῃς
489 2082 585 2134 τοῦ
620 2081 916 2136 ἀποδοῦναι
943 2083 1110 2154 εὐχὴν
1137 2083 1196 2135 ἐν
1228 2083 1428 2156 καιρῷ.
1465 2103 1484 2136 ι

304 2190 329 2226 ε
362 2173 531 2226 Ὅταν
545 2173 848 2245 προσεύχῃ,
882 2175 983 2228 οὐκ
1015 2176 1117 2248 ἔσῃ
1145 2174 1336 2247 ὥσπερ
1368 2175 1664 2247 ὑποκριταὶ
1693 2193 1825 2230 σκυο

223 2262 468 2336 θρωποὶ,
514 2263 602 2318 δτι
653 2265 902 2334 φιλοῦσιν
958 2269 1018 2321 ὲν
1062 2269 1187 2330 ταῖς
1239 2271 1589 2337 συναγωγαῖς
1632 2271 1728 2322 καὶ
1767 2254 1826 2323 ὲν

221 2357 350 2421 ταῖς
382 2357 610 2426 γωνίαις
641 2357 753 2411 τῶν
816 2358 1094 2414 πλατειῶν
1135 2360 1374 2425 ἑστῶτες
1397 2361 1822 2432 προσεύχεσθαι,

221 2449 383 2513 ὅπως
431 2449 649 2518 φανῶσι
696 2452 814 2515 τοῖς
870 2452 1204 2524 ἀνθρώποις.
1251 2453 1424 2525 Ἀμὴν
1455 2453 1601 2522 λέγω
1651 2455 1778 2524 ύμῖν
1806 2467 1820 2483 ⁸

221 2540 500 2610 ἀπέχωσι
525 2541 620 2597 τὸν
657 2543 850 2612 μισθὸν
879 2544 1078 2598 αὐτῶν.
1121 2546 1195 2598 Σὺ
1237 2546 1296 2598 δὲ
1347 2547 1478 2599 ὃταν
1519 2546 1822 2618 προσεύχῃ,

221 2632 443 2688 εῖσελθε
496 2637 579 2698 εἰς
628 2636 690 2689 τὸ
735 2637 963 2708 ταμεῖόν
993 2655 1112 2692 σου.
1173 2639 1608 2709 Προσευχόμενοι
1639 2639 1718 2705 δὲ,
1751 2639 1825 2710 μὴ

226 2725 694 2798 βατταλογήσητε,
727 2727 919 2800 ὥσπερ
961 2732 1012 2783 οἱ
1073 2729 1314 2784 ἒθνικοι·
1357 2730 1577 2785 δοκοῦσι
1605 2730 1715 2802 γὰρ
1744 2733 1824 2786 ὅτι

221 2817 290 2871 ἐν
321 2819 388 2888 τῇ
429 2817 727 2891 πολυλογίᾳ
758 2822 941 2875 αὐτῶν
993 2822 1542 2895 εἰσακουσθήσονται.
1591 2824 1684 2896 Μὴ
1733 2818 1826 2878 οὖν

221 2907 542 2980 ὀμοιώθητε
593 2909 799 2973 αὐτοῖς.
860 2906 986 2964 Οἵδε
1028 2911 1139 2985 γὰρ
1178 2914 1208 2967 ό
1271 2913 1462 2985 Πατὴρ
1517 2912 1699 2984 ὑμῶν,
1751 2905 1826 2968 ὧν

221 3001 426 3071 χρείαν
457 3001 633 3071 ἔχετε,
688 3006 796 3078 πρὸ
827 3004 923 3059 τοῦ
970 3007 1119 3078 ὑμᾶς
1166 3007 1392 3078 αἰτῆσαι
1422 3008 1608 3062 αὐτόν.
1635 3006 1827 3074 Οὕτως

222 3086 328 3145 οὖν
387 3093 766 3166 προσεύχεσθε
817 3098 1016 3167 ὑμεῖς’
1069 3098 1253 3170 Πάτερ
1301 3098 1495 3168 ὑμῶν,
1548 3116 1568 3151 ι
1616 3098 1712 3153 καὶ
1756 3099 1827 3153 τὰ

225 3183 387 3256 ἑξῆς.

311 3292 332 3326 ι
364 3273 603 3338 Αἰτεῖτε,
637 3272 734 3328 καὶ
763 3271 1052 3345 δοθήσεται
1110 3278 1248 3346 ὑμῖν
1268 3292 1284 3310 ο
1336 3277 1572 3348 ζητεῖτε,
1606 3281 1704 3335 καὶ
1732 3280 1827 3336 εὖ·

227 3367 481 3440 ρήσετε’
516 3365 766 3438 κρούετε,
809 3369 908 3422 καὶ
968 3369 1325 3442 ἀνοιγήσεται
1370 3371 1524 3444 ὑμῖν.
1571 3372 1686 3438 Πᾶς
1717 3373 1828 3446 γὰρ

228 3459 406 3514 αἰτῶν
420 3457 712 3527 λαμϐάνει.
751 3475 770 3509 ι

311 3568 334 3603 ι
375 3547 780 3622 Προσελθόντες
805 3547 856 3600 οἱ
891 3545 1134 3618 μαθηταὶ
1179 3547 1257 3619 τῷ
1294 3548 1471 3620 Ἰησοῦ
1515 3549 1634 3603 κατ’
1668 3549 1826 3616 ἰδίαν,

231 3634 430 3696 εἷπονο
463 3639 563 3694 Διὰ
592 3639 646 3693 τί
705 3639 808 3693 οὑκ
863 3638 1210 3710 ἐδυνήθημεν
1262 3640 1517 3694 ἐκϐαλεῖν
1551 3641 1724 3705 αὑτός
1772 3643 1832 3696 '0

225 3733 296 3786 δὲ
332 3730 549 3804 Ἰησοῦς
585 3727 741 3786 εἶπεν
797 3731 984 3795 αὐτοῖς
1011 3749 1027 3764 ·
1079 3731 1179 3784 Διὰ
1228 3729 1328 3803 τὴν
1363 3732 1624 3786 ἀπιστίαν
1655 3732 1828 3802 ὑμῶν.

248 3823 430 3896 ’Δμὴν
453 3825 564 3896 γὰρ
593 3824 738 3894 λέγω
789 3824 919 3893 ὑμῖν
938 3840 951 3854 ·
995 3824 1090 3878 ἐὰν
1122 3825 1284 3895 ἔχητε
1315 3824 1500 3878 πίστιν
1530 3825 1606 3888 ὡς
1633 3825 1834 3879 κόκκον

237 3916 542 3982 σινάπεως,
571 3919 748 3986 ἐρεῖτε
775 3916 853 3988 τῷ
877 3916 996 3989 δρει
1025 3917 1202 3987 τούτῳ
1220 3935 1232 3949 ·
1260 3915 1547 3987 Μετάϐηθι
1580 3914 1833 3970 ἐντεῦθεν

235 4010 380 4074 ἐκεῖ,
411 4010 508 4064 καὶ
540 4009 937 4080 μεταϐήσεται,
979 4009 1075 4064 καὶ
1123 4009 1277 4062 οὐδὲν
1319 4009 1644 4078 ἀδυνατήσει
1679 4009 1833 4080 ὑμῖν.

235 4100 420 4155 Τοῦτο
453 4101 520 4154 δὲ’
537 4101 773 4172 τὸγένος
803 4099 906 4156 οὐκ
930 4101 1352 4174 ὲκπορεύσεται,
1385 4103 1434 4155 εἰ
1468 4102 1544 4176 μὴ
1579 4105 1636 4156 ὲν
1666 4120 1836 4170 προσ-

237 4190 379 4260 ευχῇ
397 4187 492 4242 καὶ
506 4189 751 4262 νηστείᾳ.
774 4207 792 4242 ι
1663 4188 1667 4193 ’

319 4300 341 4335 ι
376 4282 738 4355 Γρηγορεῖτε,
774 4284 873 4338 καὶ
901 4285 1300 4358 προσεύχεσθε,
1323 4286 1410 4343 ἵνα
1445 4285 1521 4360 μὴ
1550 4286 1835 4360 εἰσέλθητε

241 4374 327 4440 εἰς
351 4375 690 4449 πειρασμόν.
714 4394 734 4428 ι

322 4507 345 4543 ι
389 4489 589 4562 Ἀμὴν,
631 4489 780 4562 ἀμὴν
827 4489 974 4561 λέγω
1015 4491 1165 4561 ὑμῖν,
1197 4491 1224 4547 ὅ
1261 4508 1316 4544 τι
1362 4488 1429 4544 ἂν
1456 4489 1709 4549 αἰτήσετε
1749 4488 1838 4542 τδν

245 4581 471 4654 Πατέρα
499 4583 558 4638 ὲν
587 4583 664 4654 τῷ
689 4583 916 4649 ὀνόματί
941 4601 1067 4654 μου,
1095 4583 1257 4639 δώσει
1283 4583 1433 4656 ὑμῖν.
1470 4601 1490 4635 ι

327 4717 348 4750 ι
379 4698 578 4768 Ἔλεγε
603 4700 929 4773 παραϐολὴν
983 4701 1172 4764 αὐτοῖς
1202 4700 1342 4774 πρὸς
1371 4700 1432 4754 τὺ
1468 4699 1578 4754 δεῖν
1612 4697 1845 4754 πάντοτε

249 4789 679 4862 προσεύχεσθαι,
716 4793 812 4846 καὶ
850 4793 926 4865 μὴ
960 4792 1239 4849 ὲκκακεῖν.
1271 4795 1490 4864 Κριτής
1519 4811 1604 4858 τις
1634 4792 1693 4848 ἒν
1736 4810 1845 4846 τινι

247 4887 430 4953 πόλει,
469 4906 490 4941 ι
517 4904 572 4944 κ.
601 4905 654 4942 τ.
677 4888 726 4943 ὲ.

331 5015 352 5050 ι
403 4997 764 5070 Ἀγρυπνεῖτε
794 4998 853 5051 ὲν
880 4996 1046 5052 παντὶ
1082 4994 1260 5065 καιρῷ
1297 4991 1563 5064 δεόμενοι,
1595 4992 1682 5048 ἵνα
1715 5008 1847 5045 κατ-

250 5086 528 5160 αξιωθῆτε
553 5088 821 5158 ἐκφυγεῖν
848 5087 1028 5143 πάντα
1048 5086 1116 5142 τὰ
1152 5084 1422 5156 μέλλοντα
1443 5083 1711 5149 γίνεσθαι,
1751 5100 1771 5133 ι

333 5313 355 5349 ι
392 5294 694 5366 Γενόμενος
721 5295 818 5349 ἐπὶ
842 5295 936 5349 τοῦ
974 5295 1168 5361 τόπου,
1205 5288 1362 5348 εἶπεν
1412 5292 1632 5356 αὐτοῖς’
1682 5292 1850 5363 Προσ-

253 5387 489 5459 εύχεσθε
537 5387 612 5461 μὴ
666 5387 932 5442 εἰσελθεῖν
1007 5388 1088 5451 εἰς
1144 5385 1472 5457 πειρασμόν.
1519 5385 1631 5439 Καὶ
1687 5384 1850 5447 αὐτὸς

140 5497 164 5504 ’·
254 5479 585 5550 ἀνεσπάσθη
635 5479 729 5532 ἀπ’
784 5478 965 5534 αὐτῶν
1023 5478 1156 5532 ὡσεὶ
1206 5477 1356 5531 λίθου
1393 5475 1574 5548 βολὴν,
1615 5475 1710 5530 καὶ
1734 5474 1852 5540 θεὶς

254 5569 328 5624 τὰ
362 5570 572 5638 γόνατα
628 5568 999 5643 προσηύξατο,
1031 5567 1244 5638 λέγων’
1288 5568 1494 5638 Πάτερ,
1538 5569 1586 5620 εἰ
1645 5566 1848 5638 βούλει,

259 5660 578 5731 παρένεγκε
607 5661 670 5715 τὸ
693 5663 954 5732 ποτήριον
977 5660 1138 5715 τοῦτο
1181 5659 1276 5714 ἀπ’
1310 5657 1466 5730 ἐμοῦ.
1505 5659 1655 5728 Πλὴν
1693 5657 1852 5730 μὴτὸ

260 5751 395 5806 θέλτι
407 5770 485 5824 μα
508 5753 568 5807 τὺ
594 5753 750 5824 ὲμδν,
776 5754 913 5810 ἀλλὰ
941 5753 1002 5809 τὸ
1023 5755 1114 5808 σὺν
1134 5753 1397 5822 γενέσθω.
1426 5752 1536 5807 Καὶ
1565 5750 1735 5806 ἐλθὼν
1759 5753 1851 5805 ἐπὶ

259 5844 707 5918 τοὺς·μαθητὰς,
741 5848 899 5919 εὗρεν
928 5847 1126 5912 αὐτοὺς
1159 5844 1538 5912 καθεύδοντας,
1566 5846 1659 5901 καὶ
1699 5842 1849 5900 εἶπεν

2000 1987 2170 2042 Ecctt’.
2207 2003 2284 2052 tv,
2311 1986 2404 2042 '56.
2433 2016 2504 2028 —-
2545 2004 2564 2037 ‹
2603 1985 2682 2040 Ne
2725 1984 2932 2055 pusillo
2963 1983 3152 2038 animo
3179 1983 3257 2038 sis
3309 1983 3363 2036 in
3395 1996 3521 2037 ora-

1929 2080 2077 2135 tione
2111 2087 2224 2144 tua,
2262 2093 2364 2133 nec
2395 2078 2582 2143 tardes
2614 2077 2851 2133 reddere
2880 2084 3068 2131 votum
3095 2073 3152 2128 in
3184 2081 3458 2144 tempore.
3496 2092 3515 2125 ι

1997 2170 2197 2225 Matth.
2236 2185 2307 2232 vr,
2339 2169 2458 2224 5-9.
2483 2197 2556 2209 -
2587 2185 2603 2220 ι
2631 2168 2771 2221 Cum
2797 2166 3066 2228 oraveris,
3097 2179 3207 2219 non
3242 2163 3355 2219 eris
3377 2164 3522 2218 sicut

1930 2259 2230 2332 hypocrita:
2261 2261 2477 2316 tristes.
2524 2257 2666 2325 Quia
2700 2265 2894 2311 amant
2933 2256 2990 2310 ln
3035 2254 3335 2329 synagogis
3377 2262 3433 2308 et
3465 2255 3521 2308 in

1928 2354 2147 2426 angulis
2182 2354 2494 2424 platearum
2527 2359 2743 2407 Stantes
2781 2363 2966 2417 orare,
3010 2356 3077 2402 ut
3121 2346 3417 2402 videantur
3453 2344 3524 2399 ab

1928 2445 2276 2503 hominibus.
2331 2445 2508 2500 Amen
2557 2443 2688 2500 dico
2745 2441 2930 2507 vobis,
3001 2439 3134 2510 quia
3187 2444 3524 2508 receperunt

1929 2538 2237 2594 mercedem
2259 2552 2448 2592 suam.
2479 2536 2563 2592 Tu
2615 2541 2804 2590 autem
2833 2546 2959 2588 cum
3016 2531 3290 2595 oraveris,
3345 2530 3524 2598 ingre-

1927 2631 2056 2686 dere
2080 2630 2134 2684 in
2164 2629 2485 2684 cubiculum
2514 2634 2696 2690 tuum,
2735 2633 2844 2680 etc.
2882 2623 3120 2679 Orantes
3151 2630 3331 2699 autem
3354 2619 3524 2675 nolite

1928 2723 2160 2778 multum
2205 2721 2385 2792 loqui,
2428 2721 2576 2776 sicut
2633 2718 2840 2774 ethnici
2877 2736 2892 2773 :
2936 2723 3136 2788 putant
3193 2715 3339 2770 enim
3376 2710 3522 2782 quod

1929 2817 1984 2870 in
2012 2813 2367 2884 multiloquio
2406 2827 2513 2868 suo
2551 2809 2947 2867 exaudiantur.
2990 2805 3177 2861 Nolite
3209 2819 3342 2875 ergo
3382 2805 3515 2858 assi-

1930 2906 2112 2962 milari
2146 2906 2248 2962 eis.
2283 2904 2404 2960 Scit
2441 2903 2588 2960 enim
2641 2900 2806 2956 Pater
2868 2907 3058 2955 vester
3108 2897 3242 2968 quid
3287 2910 3432 2966 opus
3456 2895 3522 2949 sit

1928 2998 2110 3065 vobis,
2133 3005 2429 3068 antequam
2469 2994 2673 3066 petatis
2713 3008 2861 3050 eum.
2921 2990 3014 3047 Sic
3052 3004 3186 3061 ergo
3214 3002 3312 3045 vos
3339 2994 3524 3042 orate:

1938 3095 2098 3150 Pater
2127 3099 2317 3149 noster
2385 3110 2405 3145 ι
2437 3097 2546 3147 etc.

2002 3273 2330 3340 Matthvu,
2391 3273 2447 3330 7.
2495 3299 2563 3317 ~—-
2611 3292 2632 3325 ι
2674 3271 2874 3338 Potite,
2932 3277 2988 3327 et
3043 3267 3273 3323 dabitur
3330 3263 3526 3320 vobis:

1931 3370 2180 3442 quaerite,
2218 3373 2272 3425 et
2306 3366 2610 3423 invenietis
2638 3379 2652 3418 :
2689 3367 2931 3435 pulsate,
2959 3369 3013 3417 et
3037 3360 3320 3430 aperietur
3350 3357 3525 3412 vobis.

1931 3463 2125 3520 Omnis
2158 3461 2306 3518 enim
2345 3457 2440 3531 qui
2471 3459 2628 3535 petit.
2663 3455 2886 3527 accipit.
2919 3472 2940 3507 ι
2986 3462 3096 3509 etc.

2003 3555 2205 3611 Matth.
2247 3570 2378 3618 xvn,
2443 3548 2634 3608 18-20.
2668 3581 2736 3591 ——
2768 3568 2788 3602 ι
2829 3547 3206 3602 Αοοεεεετιιιιι
3260 3537 3525 3608 discipuli

1933 3649 2002 3707 ad
2030 3648 2219 3707 Jesum
2250 3652 2492 3710 secreto,
2548 3650 2605 3699 et
2651 3642 2917 3697 dixerunt
2942 3654 2956 3693 :
2981 3638 3163 3704 Quare
3194 3649 3304 3689 non
3342 3626 3528 3702 potui-

1933 3758 2060 3799 mus
2086 3742 2288 3812 ejieere
2340 3737 2545 3795 illum?
2601 3735 2751 3790 Dixit
2783 3734 2896 3789 illis
2935 3730 3100 3786 Jesus
3134 3743 3147 3780 :
3186 3725 3421 3795 Propter
3451 3722 3536 3778 in-

1935 3833 2326 3890 credulitatem
2351 3835 2622 3885 vestram.
2654 3825 2831 3880 Amen
2881 3823 3089 3893 quippe
3114 3818 3242 3875 dico
3269 3815 3448 3880 vobis,
3485 3813 3529 3870 si

1934 3925 2246 3981 habueritis
2271 3921 2431 3978 ﬁdem
2453 3920 2603 3977 sicut
2620 3932 2854 3990 granum
2885 3913 3118 3984 sinapis,
3143 3911 3343 3966 dicetis
3362 3909 3535 3965 monti

1937 4017 2068 4073 huic
2105 4036 2118 4072 :
2152 4015 2357 4070 Transi
2393 4014 2524 4069 hinc
2549 4011 2706 4076 illuc,
2738 4018 2795 4066 et
2821 4004 3125 4071 transibit;
3163 4011 3218 4057 et
3251 3999 3390 4055 nihil
3429 4000 3536 4053 im-

1938 4108 2209 4180 possibile
2229 4107 2336 4162 erit
2371 4104 2550 4161 vobis.
2587 4103 2702 4158 Hoc
2717 4107 2898 4155 autem
2927 4110 3102 4169 genus
3133 4090 3536 4149 damoniorum

1936 4214 2048 4255 non
2080 4197 2361 4268 ejicictur,
2402 4195 2514 4250 nisi
2545 4194 2601 4248 in
2634 4191 2889 4248 oratione
2924 4195 2979 4242 et
3008 4185 3251 4258 jejunio.
3292 4201 3312 4235 ι

2009 4287 2209 4344 Matth.
2238 4303 2390 4352 xxvr,
2427 4286 2522 4342 41.
2556 4313 2628 4324 --
2657 4299 2675 4334 ‹
2713 4279 2978 4352 Vigilate,
3020 4285 3076 4332 et
3121 4281 3301 4342 orate,
3336 4280 3394 4327 ut
3423 4285 3536 4326 non

1939 4383 2162 4438 intretis
2193 4381 2250 4435 in
2283 4371 2670 4436 tentationem.
2709 4393 2728 4427 ι

2010 4491 2174 4549 Joan.
2205 4509 2323 4558 va,
2352 4490 2444 4547 23.
2479 4520 2551 4531 —
2580 4508 2598 4542 ι
2634 4489 2808 4544 Amen
2845 4485 2972 4542 dico
3024 4482 3185 4541 vobis
3219 4498 3234 4534 :
3267 4478 3537 4551 quidquid

1871 4568 2216 4658 l)petieritis
2244 4583 2460 4640 Patrem
2492 4581 2550 4637 in
2604 4579 2828 4638 nomine
2879 4591 3028 4643 meo,
3087 4573 3244 4630 dabit
3294 4571 3474 4660 vobis.
3512 4587 3530 4621 ι

2023 4698 2151 4755 Luc.
2178 4714 2334 4766 xvm,
2372 4696 2428 4765 1,
2460 4696 2518 4751 2.
2555 4723 2625 4737 -
2666 4714 2684 4747 ι
2725 4692 2956 4748 Dicebat
3015 4690 3081 4744 ad
3141 4689 3267 4744 illos
3305 4685 3546 4756 parabo-

1945 4791 2080 4858 lam,
2112 4791 2375 4860 quoniam
2433 4795 2655 4858 oportet
2690 4799 2911 4854 semper
2949 4795 3132 4846 orare,
3169 4786 3362 4832 etnon
3405 4774 3548 4830 deli-

1947 4901 2095 4942 cere.
2125 4884 2300 4941 Judex
2329 4881 2560 4954 quidam
2589 4887 2717 4936 erat
2750 4877 2806 4932 in
2835 4874 3074 4946 quadam
3100 4869 3345 4933 civitate,
3379 4883 3398 4918 ι
3426 4873 3540 4926 etc.

2019 4998 2148 5054 Luc.
2185 5012 2301 5061 χιιι,
2338 4995 2429 5052 56.
2453 5025 2524 5036 -—
2551 5011 2573 5045 ι
2603 4990 2840 5061 Vigilate
2862 4987 2918 5041 in
2936 4983 3351 5051 omnitempore
3378 4992 3549 5034 oran-

1948 5101 2057 5160 tes,
2088 5101 2149 5148 ut
2178 5090 2332 5162 digni
2353 5085 2671 5146 habeamini
2708 5081 2899 5154 fugere
2931 5075 3120 5135 omnia
3152 5088 3275 5148 qua}
3309 5084 3539 5130 ventura

1949 5195 2101 5251 sunt,
2126 5203 2150 5238 ι
2181 5191 2292 5240 etc.

2022 5299 2150 5354 Luc.
2179 5315 2312 5365 χχιι,
2372 5293 2569 5352 40-42.
2601 5321 2670 5332 —
2701 5309 2720 5345 ι
2759 5289 2827 5346 Et
2891 5301 3017 5344 cum
3075 5281 3422 5355 pervenisset
3475 5282 3540 5336 ad

1946 5392 2156 5456 locum,
2191 5389 2332 5444 dixit
2368 5385 2480 5440 illis
2514 5400 2527 5438 :
2563 5380 2824 5453 Vigilate,
2883 5391 2956 5432 ne
3009 5372 3231 5428 intretis
3279 5370 3333 5423 in
3364 5373 3549 5419 tenta-

1951 5483 2179 5538 tionem.
2202 5477 2268 5534 Et
2297 5480 2416 5551 ipse
2441 5474 2672 5532 avulsus
2695 5478 2783 5528 est
2848 5469 2910 5525 ab
2941 5467 3026 5524 eis
3065 5469 3332 5534 quantum
3363 5458 3546 5530 jactus

1950 5583 2036 5631 est
2068 5550 2326 5644 lapidis,
2358 5580 2412 5627 et
2476 5567 2676 5640 positis
2739 5562 2974 5631 genibus
3017 5557 3266 5620 orabat,
3301 5553 3488 5644 dicens
3520 5571 3538 5610 :
3617 5550 3626 5558 ⁵

1953 5641 2140 5735 Pater,
2180 5668 2226 5723 si
2251 5665 2357 5731 vis,
2391 5660 2630 5718 transfer
2661 5656 2891 5714 calicem
2925 5653 3098 5708 istum
3132 5641 3541 5735 amc.\_lcrum—

1954 5732 2136 5815 tamen
2181 5773 2292 5813 non
2356 5769 2476 5811 mea
2529 5750 2811 5812 voluntas,
2857 5743 2954 5800 sed
2997 5749 3087 5797 tua
3151 5739 3265 5792 ﬁat.
3309 5732 3374 5787 Et
3419 5744 3544 5786 cum

1959 5851 2198 5926 venisset
2227 5849 2294 5904 ad
2325 5845 2651 5918 discipulos,
2679 5836 2898 5923 invenit
2938 5851 3040 5911 eos
3069 5829 3405 5908 dormientes
3435 5840 3549 5898 pra:
