4028 6426
504 393 634 461 ιι3ι

1717 403 1777 463 S.
1814 398 2141 463 JOANNIS
2181 399 2619 462 DAMASCENI

3625 391 3766 459 IMO

503 511 752 568 tristitia.
785 513 853 568 Et
885 513 961 569 ait
987 514 1096 570 illis
1137 513 1364 580 :Orate,
1421 530 1490 571 ne
1547 515 1768 572 intretis
1811 516 1866 571 in
1901 523 2079 572 tenta-

2203 515 2418 578 αὐτοῖς’
2486 511 2883 587 Προσεύχεσθε,
2939 511 3028 565 ἵνα
3076 508 3154 582 μὴ
3209 507 3489 580 εἰσέλθητε
3529 507 3613 571 είς
3645 523 3762 560 πει-

505 599 734 655 tionem.
775 619 795 652 ι

575 687 751 745 Marc.
780 707 857 758 xu,
887 692 1082 750 25-25.
1103 724 1174 736 --
1202 715 1222 746 ι
1251 695 1425 754 Amen
1452 696 1575 752 dico
1602 698 1781 762 vobis,
1806 699 1901 769 qui
1933 698 2083 754 dixe-

505 781 731 838 rithuic
761 785 936 840 monti
972 805 986 841 :
1019 785 1264 855 Tollere,
1310 797 1366 844 et
1428 789 1577 858 iacta
1627 797 1682 844 te
1719 791 1776 845 in
1817 805 1991 853 mare,
2027 797 2084 846 et

505 886 614 925 non
638 873 976 932 hasitaverit
1014 877 1067 933 in
1101 879 1268 936 corde
1315 895 1436 947 suo,
1477 880 1570 936 fiet
1601 881 1650 936 ei
1679 881 1825 951 quod
1857 880 2082 936 dixerit.

505 961 641 1017 Cum
673 966 900 1024 stabitis
923 969 994 1024 ad
1019 971 1312 1036 orandum,
1334 971 1598 1026 dimittite
1625 973 1672 1027 si
1701 971 1837 1043 quid
1867 973 2086 1029 habetis

506 1055 773 1138 adversus
801 1059 1068 1130 aliquem,
1101 1071 1161 1117 ut
1199 1072 1254 1118 et
1283 1061 1447 1119 Pater
1473 1072 1679 1128 vester,
1711 1063 1804 1134 qui
1839 1065 1895 1119 in
1927 1064 2086 1121 cmlis

507 1153 610 1208 est,
644 1147 886 1204 dimittat
915 1152 1076 1208 vobis
1100 1153 1298 1209 delicta
1332 1161 1544 1210 vestra.
1585 1173 1606 1207 ι

577 1239 697 1294 Act.
751 1256 792 1307 ι,
831 1241 918 1298 14.
949 1274 1018 1286 -
1057 1263 1076 1297 ι
1111 1244 1282 1300 Erant
1328 1245 1384 1302 lii
1426 1261 1622 1303 omnes
1669 1253 2089 1318 perseverantes

510 1333 847 1390 unanimiter
881 1336 936 1390 in
973 1338 1224 1394 oratione
1255 1344 1310 1394 et
1337 1338 1749 1394 obsecratione.
1795 1358 1814 1390 ι

581 1423 701 1478 Act.
759 1441 836 1491 Il,
877 1425 1099 1482 2-4.-—
1168 1449 1186 1481 ι
1249 1428 1317 1483 Ει
1360 1437 1733 1486 convocantes
1795 1429 2088 1486 duodecim

513 1515 924 1573 multitudinem
983 1520 1407 1590 discipulorum,
1463 1520 1724 1577 dixerunt
1769 1537 1784 1576 :
1832 1521 1953 1576 Non
2006 1530 2096 1578 est

511 1620 732 1676 aequum
791 1609 1186 1681 derelinquere
1228 1613 1458 1668 verbum
1515 1614 1635 1680 Dei,
1667 1621 1721 1670 et
1770 1615 2094 1672 ministrare

511 1698 739 1754 mensis.
766 1701 1130 1758 Considerate
1183 1719 1339 1775 ergo,
1373 1704 1602 1771 fratres,
1647 1706 1796 1762 viros
1825 1722 1894 1763 ex
1934 1707 2095 1763 vobis

512 1785 640 1841 boni
681 1788 988 1847 testimonii
1039 1802 1275 1864 septem,
1330 1796 1523 1866 plenos
1563 1794 1774 1867 Spiritu
1808 1805 2004 1852 sancto
2038 1805 2096 1856 et

2222 618 2414 664 ασμον.
2465 627 2484 658 ι

2187 629 2506 769 ραῒμξέμὶζν
2569 695 2714 762 λέγω
2761 692 2909 762 ύμῖν,
2939 691 2997 755 ὃς
3025 688 3092 744 ἂν
3132 690 3262 760 εἴπῃ
3296 688 3372 759 τῷ
3401 687 3518 759 ὄρει
3545 687 3723 757 τούτῳ
3745 703 3759 718 ο

2189 789 2446 861 Ἄρθητι,
2475 786 2568 841 καὶ
2595 783 2822 856 βλήθητι
2845 783 2927 846 είς
2955 781 3056 851 τὴν
3085 780 3385 844 Θάλασσαν,
3419 779 3516 832 καὶ
3544 778 3622 850 μὴ
3643 778 3762 854 δια-

2186 883 2353 954 κριθῇ
2378 883 2436 934 ἐν
2470 882 2536 951 τῇ
2555 877 2752 950 καρδίᾳ
2807 873 2995 938 αὐτοῦ,
3052 873 3206 928 ἔσται
3235 871 3389 942 αὐτῷ
3413 873 3447 925 δ
3476 872 3576 926 ἐάν
3609 873 3760 946 είπῃ.

2188 975 2359 1028 Ὅταν
2384 971 2620 1041 στήκητε
2672 966 3124 1039 προσευχόμενοι,
3188 965 3382 1034 ἀφίετε
3432 965 3485 1017 εί
3524 982 3580 1019 τι
3612 967 3763 1036 ἔχετε

2188 1061 2332 1117 κατά
2352 1077 2517 1126 τινος,
2541 1059 2628 1112 ἵνα
2658 1059 2755 1112 καὶ
2785 1058 2814 1111 δ
2843 1055 3034 1126 Πατὴρ
3065 1053 3220 1125 ὐμῶν
3241 1056 3270 1108 ὁ
3299 1057 3356 1108 ἐν
3384 1058 3499 1119 τοῖς
3523 1056 3768 1129 οὐρανοῖς

2189 1151 2301 1223 ἀφῇ
2328 1150 2459 1221 ύμῖν
2481 1149 2550 1202 τὰ
2576 1147 3006 1220 παραπτώματα
3039 1147 3214 1218 ὑμῶν.
3235 1164 3254 1197 ι

2266 1261 2286 1296 ι
2323 1236 2486 1297 Οὗτοι
2517 1241 2721 1303 πάντες
2742 1235 2888 1309 ἦσαν
2911 1236 3456 1310 προσκαρτεροῦντες
3491 1238 3769 1310 δμοθυμα·

2191 1337 2282 1392 δὸν
2304 1339 2369 1408 τῇ
2398 1337 2672 1406 προσευχῇ
2699 1333 2793 1387 καὶ
2814 1335 2880 1404 τῇ
2906 1332 3110 1402 δεήσει.
3161 1349 3179 1382 ι

2274 1445 2293 1478 ι
2330 1425 2444 1479 Καὶ
2466 1421 2978 1496 προσκαλεσάμενοι
3011 1421 3062 1473 οἱ
3107 1419 3316 1474 δώδεκα
3345 1420 3406 1473 τὸ
3437 1419 3650 1488 πλῆθος
3675 1419 3782 1474 τῶν

2196 1518 2456 1592 μαθητῶν
2501 1512 2686 1571 εἷπον·
2736 1516 2851 1570 Οὐκ
2909 1515 3140 1588 ἀρεστόν
3179 1516 3295 1570 ἐστι
3343 1514 3782 1575 καταλείποντας

2195 1614 2345 1685 ἡμᾶς
2367 1611 2461 1664 τὸν
2489 1611 2649 1679 λόγον
2673 1608 2768 1663 τοῦ
2785 1607 2946 1674 Θεοῦ,
2977 1609 3245 1662 διακονεῖν
3273 1607 3604 1680 τραπέζαις.
3637 1607 3772 1660 Ἐπι-

2198 1703 2474 1774 σκέψασθε
2501 1702 2616 1769 οῦν,
2650 1701 2890 1770 ἀδελφοὶ,
2940 1701 3140 1772 ἄνδρας
3172 1699 3231 1765 ἐξ
3262 1699 3416 1770 ὐμῶν
3465 1716 3648 1769 μαρτυ
3661 1717 3767 1768 ρουσ

2201 1797 2396 1868 μένους
2431 1796 2593 1860 ἑπτὰ,
2649 1794 2883 1866 πλήρεις
2930 1792 3250 1864 Ιινεύματος
3295 1793 3393 1846 καὶ
3436 1791 3663 1860 σοφίας,
3693 1792 3779 1860 οὓς

511 1878 799 1948 sapientia,
841 1897 982 1955 quos
1041 1887 1446 1944 constituamus
1494 1903 1661 1958 super
1702 1889 1808 1945 hoc
1844 1890 2090 1961 negotio.

2203 1888 2616 1959 καταστήσομεν
2664 1886 2758 1939 ἐπὶ
2806 1885 2907 1953 τῆς
2954 1884 3146 1955 χρείας
3191 1885 3422 1954 ταύτης.
3495 1885 3690 1954 Ἡμεῖς
3726 1885 3782 1938 δὲ

510 1966 620 2024 Nos
650 1979 834 2029 autem
857 1975 1101 2033 orationi
1162 1985 1218 2035 et
1250 1978 1567 2036 ministerio
1612 1979 1772 2037 verbi
1822 1980 2097 2038 instantes

2203 1980 2483 2051 προσευχῇ
2519 1978 2614 2033 καὶ
2642 1980 2710 2050 τῇ
2740 1976 2990 2048 διακονίᾳ
3014 1975 3108 2031 τοῦ
3143 1976 3304 2046 λόγου
3333 1975 3586 2047 ἐσόμεθα
3611 1992 3775 2046 προσ-

508 2060 744 2118 erimus.
760 2083 779 2116 ι
1652 2125 1658 2132 .

2203 2068 2617 2142 καρτεροῦντες.
2658 2087 2676 2120 ι

581 2150 745 2224 5.65
792 2155 912 2212 Act.
974 2173 1032 2224 ι,
1087 2159 1310 2215 1-4.-
1347 2179 1367 2214 ι
1419 2162 1518 2220 Vir
1568 2163 1800 2236 quidam
1858 2174 1982 2224 erat
2037 2167 2097 2223 in

2275 2182 2294 2216 ι
2341 2161 2509 2232 ’Δνήρ
2532 2179 2615 2226 τις
2647 2157 2716 2232 ἦν
2745 2159 2803 2214 ἐν
2835 2156 3148 2230 Καισαρείᾳ
3167 2199 3181 2223 ,
3205 2156 3434 2226 ὀνόματι
3459 2155 3777 2227 Κορνήλιος¹

511 2242 764 2302 Cassarea
818 2251 1044 2307 nomine
1087 2251 1414 2321 Cornelius,
1453 2257 1714 2313 centurio
1762 2273 1828 2314 ex
1865 2259 2096 2316 cohorte

2203 2253 2627 2325 ἑκατοντάρχης,
2649 2253 2713 2306 ἐκ
2735 2251 2968 2322 σπείρης
2996 2252 3097 2321 τῆς
3122 2247 3474 2320 καλουμένης
3501 2247 3776 2317 Ἰταλικῆς,

511 2352 638 2406 quae
695 2339 903 2395 dicitur
955 2340 1167 2412 Italica,
1218 2347 1520 2419 religiosus
1546 2363 1615 2404 ac
1662 2349 1869 2406 timens
1927 2348 2097 2406 Deum

2203 2344 2456 2417 εὐσεϐὴς,
2493 2344 2589 2398 καὶ
2629 2343 2969 2414 φοϐούμενος
3011 2341 3148 2396 Θεὸν
3181 2341 3278 2394 σὺν
3325 2341 3498 2394 παντὶ
3546 2338 3624 2411 τῷ
3655 2338 3779 2404 οίκῳ

513 2443 643 2483 cum
678 2432 1033 2506 omnihdomo
1064 2451 1185 2504 sua,
1223 2437 1437 2496 faciens
1467 2440 1856 2512 eleemosynas
1891 2443 2100 2500 multas

2203 2435 2391 2502 αὐτοῦ,
2435 2435 2608 2491 ποιῶν
2657 2433 3032 2507 ἐλεημοσύνας
3061 2432 3267 2497 πολλὰς
3311 2434 3370 2486 ἐν
3397 2431 3486 2503 τῷ
3527 2429 3662 2502 λαῷ,
3691 2432 3778 2485 καὶ

514 2520 572 2575 in
598 2521 781 2592 plebe,
835 2531 891 2581 et
951 2525 1258 2597 deprecans
1315 2529 1486 2586 Deum
1543 2546 1785 2602 semper.
1836 2530 1991 2588 Vidit
2041 2533 2097 2588 in

2203 2530 2454 2601 δεόμενος
2487 2527 2622 2582 Θεοῦ
2662 2527 2754 2581 διά
2793 2524 3020 2589 παντός.
3055 2521 3210 2579 Εἷδεν
3243 2526 3302 2578 ἐν
3339 2525 3587 2596 ὁράματι
3627 2541 3780 2592 φανε-

513 2614 637 2670 visu
672 2615 970 2674 manifeste
1007 2619 1154 2675 circa
1198 2621 1392 2677 horam
1429 2622 1538 2679 diei
1586 2639 1789 2680 nonam
1839 2626 2100 2696 angelum

2205 2622 2333 2696 ρῶς,
2372 2622 2449 2684 ὡς
2480 2621 2612 2692 περὶ
2656 2620 2808 2691 ὥραν
2854 2619 3086 2690 ἐννάτήν
3127 2618 3230 2689 τῆς
3271 2617 3518 2688 ἡμέρας,
3562 2614 3781 2684 ἄγγελον

516 2706 612 2762 Dei
650 2709 1027 2769 introeuntem
1060 2711 1127 2767 ad
1169 2729 1251 2780 se,
1282 2722 1340 2770 et
1371 2715 1650 2772 dicentem
1676 2717 1784 2774 sibi
1812 2737 1827 2772 :
1854 2717 2098 2774 Corneli.

513 2800 584 2871 At
617 2800 708 2856 ille
733 2801 957 2860 intuens
989 2804 1044 2860 in
1076 2821 1227 2870 eum,
1261 2814 1316 2861 et
1349 2807 1546 2864 timore
1577 2816 1895 2878 correptus,
1933 2809 2100 2865 dixit:

2201 2714 2296 2770 τοῦ
2324 2714 2460 2768 Θεοῦ
2487 2711 2804 2768 εἰσελθόντα
2839 2711 2979 2783 πρὸς
3006 2710 3193 2776 αὐτὸν,
3231 2710 3327 2764 καὶ
3354 2709 3589 2762 είπόντα
3616 2707 3770 2778 αὐτῷ.

2203 2805 2494 2878 Κορνήλιε.
2535 2804 2592 2859 '0
2637 2804 2695 2857 δέ
2737 2802 2994 2864 ἀτενίσας
3031 2801 3202 2873 αὐτῷ,
3233 2802 3329 2856 καὶ
3365 2800 3612 2872 ἔμφοϐος
3635 2801 3776 2869 γενό-

514 2892 656 2959 Quid
691 2903 799 2963 est,
834 2896 1104 2953 Domine?
1141 2898 1290 2953 Dixit
1321 2907 1505 2954 autem
1540 2899 1592 2955 ei
1623 2919 1636 2953 :
1670 2899 1966 2956 Orationes
1997 2909 2101 2955 tuae

2207 2915 2398 2970 μενος,
2447 2893 2604 2950 είπε·
2638 2895 2704 2949 Τί
2757 2896 2908 2962 ἐστι,
2936 2893 3127 2964 κύριες
3175 2889 3310 2947 Εἷπε
3359 2891 3418 2947 δέ
3480 2892 3662 2964 αὐτῷ’
3716 2887 3779 2946 Δί

514 2992 571 3038 et
630 2985 999 3060 eloemosyna:
1068 2998 1180 3045 tuae
1228 2991 1610 3047 ascenderunt
1675 2992 1730 3047 in
1795 3000 2100 3064 conspectu

518 3074 636 3130 Dei.
679 3094 699 3128 ι

2207 2989 2510 3061 προσευχαί
2548 3007 2643 3052 σου
2693 2990 2789 3044 καὶ
2829 2988 3194 3060 ἐλεημοσύναι
3245 3005 3341 3042 σου
3391 2985 3668 3058 ἀνέϐησαν
3700 2986 3782 3040 ἐν·

2203 3081 2377 3136 ὠπιον
2405 3082 2500 3136 τοῦ
2531 3081 2688 3139 Θεοῦ.
2721 3101 2740 3135 ι

591 3165 784 3233 Ephes.
817 3183 895 3240 vr,
945 3171 1034 3228 f8.
1087 3203 1153 3216 -ο
1200 3191 1219 3226 ι
1267 3171 1370 3228 Pe'r
1432 3151 1651 3229 omnem
1690 3175 2004 3230 orationem
2046 3183 2101 3230 et

2281 3190 2301 3224 ι
2335 3172 2436 3226 Διά
2473 3172 2654 3242 πάσης
2684 3173 2853 3244 εὐχῆς
2876 3171 2973 3227 καὶ
3009 3173 3249 3244 δεήσεως
3277 3171 3700 3243 προσευχόμενοι
3722 3171 3770 3225 ἐν

517 3261 960 3318 obsecrationem
1016 3273 1243 3322 orantes
1295 3265 1446 3322 omni
1490 3274 1741 3337 tempore
1786 3266 1844 3321 in
1877 3266 2100 3338 spiritu,

517 3361 573 3406 ct
596 3352 650 3407 in
683 3353 804 3424 ipso
839 3355 1133 3426 vigilantes
1165 3359 1219 3413 in
1260 3359 1413 3414 omni
1450 3359 1718 3416 instantia
1749 3369 1804 3416 et
1835 3359 2103 3416 obsecra-

518 3445 672 3499 tione
699 3459 798 3515 pro
831 3447 1093 3505 omnibus
1123 3449 1361 3516 sanctis,
1391 3457 1448 3506 et
1475 3464 1578 3521 pro
1611 3465 1722 3506 me.
1756 3469 1775 3504 ι

587 3535 619 3590 Ι
645 3533 784 3590 Tim.
823 3551 885 3601 ιι,
932 3538 988 3601 1,
1022 3537 1076 3594 8.
1103 3569 1173 3580 —
1199 3557 1219 3592 ι
1277 3538 1525 3597 Obsecro
1556 3542 1800 3610 primum
1854 3543 2103 3599 omnium

519 3625 638 3680 fieri
663 3626 1106 3694 obsecrationes,
1156 3630 1466 3698 orationes,
1501 3632 1934 3701 postulationes,
1973 3649 2104 3705 gra-

519 3717 721 3770 tiarum
757 3718 1010 3775 actiones
1059 3735 1158 3789 pro
1187 3721 1450 3776 omnibus
1480 3722 1840 3792 hominibus;
1877 3739 1978 3795 pro
2019 3741 2106 3780 re-

521 3809 778 3877 gibus,et
806 3810 1069 3866 omnibus
1101 3812 1195 3882 qui
1230 3813 1284 3866 in
1317 3813 1662 3870 sublimitate
1691 3825 1824 3872 sunt
1853 3825 1914 3872 ut
1944 3817 2105 3887 quie-

525 3910 636 3952 tam
667 3909 723 3954 et
751 3902 1105 3971 tranquillam
1135 3905 1306 3959 vitam
1341 3920 1572 3974 agamus
1617 3907 1670 3962 in
1703 3909 1856 3964 omni
1898 3911 2107 3982 pietate

522 3985 579 4045 et
607 3991 886 4048 castitate.
911 3993 1028 4048 Hoc
1058 3996 1204 4050 enim
1235 3996 1438 4052 bonum
1465 4007 1549 4055 est
1578 4013 1764 4055 coram
1797 4001 1928 4058 Deo.
1969 4001 2104 4058 Volo

523 4082 674 4138 viros
726 4099 890 4141 orare
946 4087 1001 4142 in
1049 4090 1198 4144 omni
1231 4090 1378 4155 loco,
1412 4089 1662 4146 levantes
1698 4107 1867 4163 puras
1901 4109 2102 4150 manus

523 4175 645 4230 sine
672 4175 754 4231 ira
782 4185 839 4233 et
867 4177 1298 4251 disceptatione.
1334 4179 1626 4250 Similiter,
1666 4191 1721 4240 et
1751 4185 2034 4252 mulieres,
2079 4206 2097 4238 ι

521 4277 629 4322 CIC.

592 4358 718 4416 Jac.
750 4377 804 4428 v,
840 4363 927 4430 ιδ,
960 4361 1048 4430 ιι,
1079 4364 1166 4420 ιε.
1195 4396 1264 4405 -
1297 4385 1316 4418 ‹
1349 4363 1868 4438 Τι’ἱειοιιιινιιιιίεἱιι
1907 4368 2106 4424 vobis?
2159 4327 2166 4334 ’

523 4465 667 4508 oret.
708 4453 895 4524 {Equo
935 4456 1121 4512 animo
1169 4459 1305 4514 est?
1345 4461 1564 4530 psallat.
1620 4460 1941 4515 Infirmatur
1980 4461 2108 4530 quis

2207 3263 2373 3318 παντὶ
2397 3262 2576 3335 καιρῷ
2605 3265 2663 3317 ἐν
2683 3263 2978 3335 πνεύματι,
3003 3265 3098 3318 καὶ
3119 3266 3200 3328 είς
3224 3263 3357 3318 αὐτὸ
3379 3263 3770 3336 ἀγρυπνοῦντες

2207 3353 2266 3407 ἐν
2311 3353 2463 3428 πάσῃ
2512 3355 3014 3427 προσκαρτερήσει,
3049 3355 3144 3408 καὶ
3175 3355 3357 3426 δεήσει
3407 3355 3546 3427 περὶ
3574 3353 3769 3408 πάντων

2208 3442 2317 3497 τῶν
2346 3443 2542 3512 ἀγίων,
2566 3445 2661 3499 καὶ
2691 3444 2833 3517 ὐπέρ
2863 3445 3023 3515 ἐμοῦ.
3055 3462 3076 3497 ι

2290 3553 2308 3585 ι
2349 3535 2662 3606 Παρακαλῶ
2717 3535 2826 3606 πρὸ
2888 3536 3108 3590 πάντων
3140 3575 3155 3602 ,
3205 3535 3488 3590 ποιεῖσθαι
3543 3536 3768 3608 δεήσεις,

2209 3625 2543 3696 προσευχὰς,
2579 3626 2873 3691 ἐντεύξεις,
2906 3627 3259 3699 εὐχαριστίας
3279 3628 3419 3699 ὑπὲρ
3448 3629 3660 3683 πάντων
3686 3630 3764 3682 ἀν-

2209 3715 2464 3787 θρώπων,
2485 3717 2626 3789 ὑπὲρ
2656 3717 2943 3788 βασιλέων,
2963 3719 3056 3772 καὶ
3080 3719 3299 3773 πάντων
3321 3720 3433 3772 τῶν
3461 3721 3522 3774 ἐν
3547 3721 3767 3792 ὑπεροχῇ

2208 3808 2400 3873 ὄντων,
2433 3809 2501 3863 ἵν’
2531 3810 2764 3881 ’ἤρεμον
2819 3811 2914 3865 καῖ⁵
2967 3811 3192 3882 ἡσύχιον
3225 3811 3342 3883 βίον
3395 3813 3670 3884 διάγωμεν
3717 3813 3772 3863 ἐν

2209 3901 2357 3972 πάσῃ
2407 3900 2661 3972 εὐσεϐείᾳ
2724 3901 2838 3955 καὶ·
2881 3902 3195 3974 σεμνότητι.
3247 3902 3422 3957 Τοῦτο
3471 3903 3580 3976 γὰρ
3621 3902 3768 3956 καλὸν

2209 3991 2442 4048 ἐνώπιον
2468 3992 2564 4046 τοῦ
2609 3993 2768 4047 Θεοῦ.
2803 3992 3078 4066 Βούλομαι
3110 3995 3519 4068 προσεύχεσθαι
3547 3996 3670 4060 τοὺς
3689 3997 3763 4050 ἄν·

2206 4084 2341 4159 δρας
2377 4087 2434 4138 ἐν
2455 4087 2623 4140 παντὶ
2646 4086 2819 4158 τόπῳ,
2851 4086 3173 4158 ἐπαίροντες
3201 4087 3357 4150 ὁσίας
3381 4089 3590 4160 χεῖρας,
3617 4088 3763 4159 χωρὶς

2207 4177 2380 4248 ὀργῆς
2410 4177 2505 4231 καὶ
2537 4176 2912 4249 διαλογισμοῦ.
2950 4177 3226 4242 Ὡσαύτως
3248 4180 3344 4233 καὶ
3374 4183 3658 4250 γυναῖκας.
3683 4198 3702 4232 ι

2287 4379 2304 4410 ι
2334 4360 2658 4416 Κακοπαθεῖ
2678 4379 2764 4426 τις
2803 4363 2862 4416 ἐν
2895 4361 3061 4434 ὐμῖν;
3096 4363 3510 4435 προσευχέσθω.
3549 4363 3768 4432 Εὐθυμιῖ

2209 4465 2327 4515 τις;
2351 4449 2622 4520 ψαλλέτω.
2661 4452 2907 4506 Ἀσθενεῖ
2931 4471 3014 4517 τις
3039 4455 3098 4508 ἐν
3131 4455 3293 4525 ὐμῖν;
3318 4452 3766 4527 προσκαλεσάσθω

524 4545 582 4599 in
613 4545 816 4602 vobis?
852 4546 1080 4603 inducat
1131 4549 1486 4620 presbyteros
1528 4551 1818 4617 Ecclesiae,
1857 4561 1912 4606 et
1942 4560 2101 4607 orent

2210 4541 2333 4603 τοὺς
2365 4541 2776 4614 πρεσϐυτέρους
2812 4544 2914 4614 τῆς
2949 4545 3312 4617 Ἐκκλησίας,
3345 4549 3441 4601 καὶ
3488 4545 3760 4619 προσευξὰ-

525 4649 694 4705 super
725 4651 875 4702 eum,
920 4645 1194 4707 ungentes
1241 4653 1367 4694 eum
1397 4641 1520 4696 oleo
1560 4649 1756 4696 sancto
1790 4641 1844 4695 in
1881 4642 2108 4698 nomine

525 4725 786 4796 Domini;
816 4734 872 4783 et
910 4729 1092 4785 oratio
1125 4729 1254 4786 fidei
1299 4732 1534 4787 salvabit
1587 4732 1890 4799 infirmum,
1940 4753 1958 4788 ι
1993 4741 2104 4792 etc.

598 4909 626 4964 1
656 4910 803 4966 Pelr.
858 4929 931 4981 iv,
960 4916 1014 4970 7.
1044 4944 1115 4955 —
1149 4934 1167 4966 ι
1208 4914 1400 4972 Estote
1432 4915 1754 4987 prudentes,
1801 4926 1856 4975 et
1886 4919 2108 4990 vigilate

528 4999 584 5055 in
609 5006 981 5064 orationibus.
1024 5027 1042 5059 ι

597 5094 657 5149 S.
692 5093 914 5167 Gregor.
949 5099 1094 5156 Naz.
1122 5129 1194 5140 —-
1241 5100 1322 5157 Ne
1382 5102 1566 5174 exigui
1598 5103 1806 5175 ingenii
1833 5113 2104 5174 taxemur,

529 5201 694 5256 parva
729 5187 986 5246 videlicet
1010 5190 1370 5260 postulando,
1405 5207 1471 5248 ac
1501 5193 1746 5251 donante
1782 5195 2032 5267 indigna.

599 5277 659 5334 S.
693 5278 919 5350 Gregor.
970 5281 1146 5355 Nysa.
1170 5315 1242 5325 —-
1272 5283 1485 5342 Sonora
1513 5295 1603 5342 est
1635 5302 1699 5344 ea
1737 5303 1845 5344 vox
1881 5305 2005 5360 quaa
2034 5291 2103 5346 ad

529 5367 748 5428 divinas
777 5384 942 5429 aures
991 5373 1243 5430 ascendit
1275 5393 1290 5430 :
1326 5390 1434 5432 non
1467 5377 1676 5432 clamor
1715 5378 1806 5433 ille
1840 5381 1935 5451 qui
1976 5394 2104 5435 cum

530 5463 713 5536 aliqua
764 5467 1122 5523 contentione
1185 5467 1388 5536 editur,
1445 5469 1544 5524 sed
1589 5469 1856 5541 cogitatio
1906 5487 2029 5542 qua:
2077 5488 2106 5526 a

531 5571 667 5626 pura
698 5557 1041 5614 conscientia
1081 5559 1385 5614 emittitur.

604 5648 798 5719 Ejusd.
833 5659 976 5705 orat.
1017 5651 1040 5704 1
1077 5652 1132 5705 in
1169 5651 1324 5706 Orat.
1382 5650 1599 5707 Domin.
1654 5684 1717 5692 —
1783 5653 2108 5724 Sejungitur

532 5757 562 5797 a
597 5742 707 5798 Deo
731 5743 824 5814 qui
855 5744 1098 5815 scipsuut
1149 5743 1200 5799 ei
1244 5759 1343 5814 per
1390 5744 1704 5804 orationem
1752 5745 1980 5804 minimc
2012 5761 2108 5802 co-

537 5837 710 5907 pulat.
758 5838 945 5910 Itaque
980 5837 1115 5895 illud
1143 5837 1379 5908 primum
1408 5853 1472 5894 ex
1511 5835 1800 5905 Scriptura
1829 5838 2107 5896 discamus

2214 4630 2433 4686 σθωσαν
2471 4634 2561 4687 ἐπ’
2602 4636 2788 4702 αὐτὸν,
2819 4636 3143 4707 ἀλείψαντες
3179 4639 3340 4693 αὐτὸν
3373 4639 3538 4710 ἐλαίῳ
3581 4640 3635 4692 ἐν
3665 4636 3755 4690 ὀνό

2213 4739 2348 4794 ματι
2390 4724 2487 4779 τοῦ
2525 4726 2768 4796 Κυρίου·
2815 4727 2909 4781 καὶ
2961 4730 2994 4798 ή
3032 4727 3166 4799 εὐχὴ
3202 4730 3302 4800 τῆς
3337 4729 3574 4791 πίστεως
3620 4725 3767 4780 σώσει

2208 4815 2299 4868 τὸν
2322 4815 2642 4886 κάμνονταν
2666 4834 2684 4866 ι

2287 4927 2305 4958 ι
2339 4907 2760 4978 Σωφρονήσατε,
2796 4910 2893 4962 καὶ
2919 4907 3128 4980 νήψατε
3152 4910 3234 4972 εἰς
3260 4905 3588 4979 προσευχάς.
3617 4925 3636 4960 ι

2285 5092 2376 5165 Μὴ
2429 5092 2790 5165 μικρολογίαν
2847 5091 3362 5164 καταγνωσθῶμεν,
3397 5095 3456 5148 ἐν
3503 5093 3580 5166 τῷ
3611 5093 3761 5164 μικρὰ

2211 5191 2388 5242 αἰτεῖν
2423 5189 2596 5260 ἡμᾶς,
2629 5187 2725 5243 καὶ
2753 5187 2849 5241 τοῦ
2881 5186 3117 5253 διδόντος
3149 5187 3365 5254 ἀνάξια.

2280 5279 2492 5350 Εὐηχός
2549 5278 2702 5332 ἐστιν
2764 5277 2948 5350 ἐκείνη
3001 5279 3036 5350 ή
3082 5279 3272 5350 φωνὴ,
3331 5278 3424 5334 καὶ
3478 5279 3630 5350 μέχρι
3675 5272 3764 5340 τῆς

2212 5373 2366 5435 θείας
2400 5370 2772 5426 ἀναϐαίνουσα
2827 5369 3020 5441 ἀκοῆς,
3050 5369 3148 5440 οὐχ
3177 5371 3210 5440 ἡ
3245 5368 3384 5440 μετά
3425 5385 3564 5431 τινος
3591 5362 3760 5418 διατάσ

2212 5482 2350 5528 σεως
2377 5463 2640 5535 γινομένη
2691 5463 2930 5534 κραυγὴ,
2958 5461 3072 5515 ἀλλ’
3103 5463 3136 5532 ή
3176 5463 3284 5516 ἀπὸ
3329 5461 3572 5532 καθαρᾶς
3605 5470 3748 5511 cavat-

2209 5558 2420 5627 δήσεως
2447 5554 2893 5626 ἀναπεμπομένη
2925 5554 3243 5624 ἐνθύμησις.

2284 5649 2601 5720 Χωρίξεται
2631 5646 2793 5711 Θεοῦ,
2816 5647 2844 5699 ὁ
2877 5645 2953 5716 μὴ
2982 5646 3271 5697 συνάπτων
3296 5643 3486 5698 ἑαυτὸν
3513 5640 3590 5694 διὰ
3616 5648 3758 5706 προσ.

2213 5739 2379 5811 ευχῆς
2409 5737 2485 5810 τῷ
2519 5733 2660 5807 Θεῷ.
2701 5733 2916 5792 Οὐκοῦν
2956 5732 3117 5788 τοῦτο
3168 5735 3295 5805 χρή
3329 5734 3586 5806 πρότερον
3629 5723 3756 5796 ἡμᾶς

2213 5829 2525 5905 διδαχθῆναί
2565 5830 2828 5904 τῷλόγῳ,
2859 5831 2939 5886 ὅτι
2985 5837 3068 5894 δεῖ
3102 5834 3332 5890 πάντοτε
3370 5818 3744 5901 προσεύχεσθαι,
