4028 6400
276 343 410 412 1441

1544 353 1786 415 SACRA
1831 356 2297 423 PARALLELA.

3399 373 3542 442 1442

274 462 365 516 καὶ
397 460 476 532 μὴ
517 460 803 516 ἐκκακεῖν.
838 460 935 514 Ἐκ
975 461 1085 531 γὰρ
1114 460 1214 515 τοῦ
1259 465 1661 535 προσεύχεσθαι
1702 488 1858 541 περι-

1969 484 2226 540 oportere
2291 491 2512 547 semper
2568 494 2762 548 orare,
2831 499 2935 541 nec
2992 501 3238 559 unquam
3306 476 3545 551 deﬁcere

275 558 483 624 γίνεται
530 554 594 608 τὸ
638 554 780 625 μετά
829 553 924 608 τοῦ
974 553 1111 639 Θεοῦ
1132 551 1320 610 εἶναι·
1356 559 1387 611 6
1415 559 1473 613 δέ
1527 561 1666 630 μετά
1714 562 1854 617 Θεοῦ

271 647 366 712 ῶν,
400 645 499 700 τοῦ
529 646 919 717 ἀντικειμένου
953 646 1314 719 κεχώρισται.

337 830 631 903 Προσευχὴ
663 829 743 901 τῷ
777 829 879 901 μὲν
911 830 1071 903 ἰωνᾷ
1101 831 1164 886 τὸ
1200 832 1369 905 κῆτος
1397 829 1548 889 οἷκον
1572 837 1852 910 ἐποίησεν,

267 926 358 977 τὸν
387 924 447 977 δέ
488 922 741 989 Ἐζεκίαν
785 925 852 977 ἐκ
896 923 1010 978 τῶν
1044 922 1232 978 πυλῶν
1291 924 1389 979 τοῦ
1432 925 1668 982 θανάτου
1716 929 1857 1001 πρὸς

265 1013 415 1087 ζωὴν
445 1015 789 1086 ἐπανήγαγε.
846 1016 963 1079 τοῖς
1015 1015 1073 1069 δὲ
1116 1016 1269 1089 τρισὶ
1321 1017 1464 1082 νέοις
1512 1019 1594 1084 είς
1635 1019 1855 1091 πνεῦμα

262 1106 541 1180 δροσῶδες
567 1107 670 1177 τήν
698 1106 874 1176 φλόγα
905 1106 1156 1178 ἔτρεψεν.

300 1184 305 1188 ’
344 1197 409 1251 '0
439 1199 500 1250 ἐν
527 1195 708 1268 καιρῷ
740 1196 1051 1268 προσευχῆς
1081 1196 1158 1268 μὴ
1193 1198 1334 1268 πρὸς
1367 1197 1436 1252 τὰ
1467 1199 1854 1257 λυσιτελοῦντα

257 1292 331 1362 τῇ
354 1289 503 1361 ψυχῇ
526 1289 842 1360 τεταμένος,
869 1287 1007 1343 ἀλλά
1031 1288 1167 1361 πρὸς
1190 1290 1291 1353 τὰς
1320 1290 1592 1360 ἐμπαθεῖς
1613 1293 1714 1363 τῆς
1739 1294 1856 1349 δια-

261 1381 416 1443 νοίας
449 1380 696 1451 κινήσεις
720 1378 1164 1433 συνδιατίθεσθαι
1183 1380 1277 1432 τὸν
1306 1379 1443 1434 Θεὸν
1470 1381 1661 1448 ἀξιῶν,
1688 1382 1855 1454 λῆρός

258 1471 351 1534 τίς
371 1472 525 1524 ἐστιν
544 1471 618 1534 ὡς
641 1468 886 1540 ἀληθῶς,
904 1469 1003 1522 καλ⁵
1033 1467 1385 1539 βαττολόγος,
1413 1469 1509 1523 καὶ
1539 1469 1853 1541 φληνάφης,

261 1564 364 1619 καὶ
392 1562 656 1634 φλυαρὸς,
682 1563 779 1615 καὶ
804 1562 860 1615 εί
883 1578 937 1614 τι
979 1559 1111 1614 ἀλλο
1136 1559 1240 1631 τῆς
1276 1560 1537 1632 τοιαύτης
1572 1563 1853 1634 σημασίας

260 1652 406 1718 ἐστί.
440 1651 602 1723 Παρά
632 1650 726 1705 σοῦ
763 1668 855 1722 μοι
887 1648 1025 1723 ζωὴ,
1060 1640 1214 1722 παρὰ
1270 1650 1365 1705 σοῦ
1397 1652 1645 1722 γενέσθω
1684 1655 1782 1709 καὶ
1817 1656 1852 1727 ή
1892 1716 1917 1737 κ

261 1743 407 1816 πρὸς
430 1742 493 1797 τὸ
518 1742 619 1814 ζῇν
643 1742 894 1813 ἀφορμή.

1957 563 2120 632 (Luc.
2159 582 2315 655 svnt,
2349 568 2441 639 1).
2476 570 2763 642 Siquidem
2795 590 2895 645 per
2923 581 3235 637 orationem
3280 583 3386 641 hoc
3415 590 3544 655 qttis

1959 647 2349 728 consequitur,
2388 668 2450 715 ut
2477 676 2608 718 cum
2640 665 2749 719 Deo
2776 667 2886 735 sit;
2923 670 3018 740 qui
3046 680 3230 728 autem
3265 690 3394 731 cum
3430 647 3544 734 beo

1954 754 2063 813 est,
2101 749 2171 802 ab
2201 750 2529 808 adversario
2559 755 2786 812 avulsus
2813 767 2922 815 est.

2029 837 2186 916 Ibid.
2210 843 2488 900 —0ratio
2516 842 2672 902 Iona:
2701 848 2924 918 quidem
2954 863 3136 910 cetum
3160 856 3386 913 domum
3414 875 3540 917 esse

1957 927 2134 999 ipsius
2183 934 2435 1002 paravit;
2499 935 2794 995 Ezecliiam
2848 957 2982 997 vero
3026 959 3091 999 ex
3131 950 3307 1016 portis
3339 955 3540 1008 mortis

1957 1020 2028 1076 ad
2062 1022 2233 1078 vitam
2265 1025 2519 1098 reduxit;
2555 1030 2738 1088 tribus
2776 1033 3232 1096 adolescentibus
3256 1036 3539 1099 ﬂammant

1958 1112 2013 1167 in
2046 1117 2324 1172 roscidam
2356 1134 2549 1175 auram
2576 1125 2878 1181 convertit.

2027 1201 2174 1259 'llvid.
2201 1237 2270 1247 —
2301 1207 2409 1274 Qui
2434 1209 2492 1264 in
2516 1220 2763 1282 tempore
2794 1216 3070 1273 orationis
3101 1234 3211 1274 non
3237 1220 3304 1276 ad
3326 1238 3389 1277 ea
3419 1239 3542 1292 quze

1957 1296 2156 1351 aninue
2202 1299 2545 1368 conducunt,
2588 1313 2827 1362 mentem
2884 1310 3148 1376 attendit,
3184 1312 3280 1367 sed
3325 1314 3542 1371 vitiosis

1954 1388 2318 1460 cogitationis
2353 1409 2470 1449 suae
2505 1396 2744 1454 motibus
2778 1398 2950 1455 Deum
2993 1402 3226 1474 obsequi
3270 1408 3542 1475 postulat,

1957 1478 2047 1535 hic
2109 1490 2351 1552 nugator
2397 1485 2557 1556 plane
2605 1497 2661 1542 et
2713 1489 3019 1547 blaterator
3060 1503 3171 1561 est,
3202 1511 3267 1551 ac
3297 1498 3544 1553 multilo-

1954 1584 2124 1639 quus,
2171 1578 2227 1627 et
2263 1573 2310 1629 si
2360 1576 2496 1645 quid
2559 1577 2709 1633 aliud
2768 1581 3019 1637 eamdem
3071 1583 3541 1656 signiﬁcationem

1956 1659 2144 1716 liabet.
2181 1662 2296 1720 Abs
2327 1671 2381 1719 te
2424 1665 2559 1722 mihi
2613 1668 2726 1724 vita
2758 1678 2887 1727 est:
2932 1672 3032 1729 abs
3061 1681 3114 1729 le
3144 1690 3370 1746 quoque
3404 1678 3541 1733 mihi

1956 1750 2030 1808 sit
2055 1752 2184 1808 vitae
2209 1755 2541 1814 subsidium.

261 1880 265 1884 .
357 1834 585 1906 Ἐπειδὴ
610 1829 710 1906 τῆς
740 1834 835 1888 τοῦ
866 1832 1079 1902 ἀγαθοῦ
1107 1833 1348 1909 κρίσεως
1373 1835 1735 1909 ἀπεπλανήθη
1763 1838 1853 1893 διά

2027 1841 2223 1913 Ejusd.
2256 1858 2399 1903 orat.
2430 1850 2485 1905 5.
2518 1880 2591 1890 —
2613 1849 2888 1919 Quoniam
2924 1872 3023 1927 per
3051 1855 3256 1914 diaboli
3290 1859 3539 1916 fraudem

260 1931 370 2001 τῆς
394 1929 669 2001 ἀπάτηςή
707 1926 1027 1999 ἀνθρωπίνη
1055 1928 1243 1998 φύσις,
1285 1929 1384 1984 καὶ
1414 1929 1553 2001 πρὸς
1581 1930 1643 1984 τὺ
1672 1933 1854 2003 χεῖρον

259 2023 300 2091 ἠ
354 2021 471 2091 ζωὴ
518 2020 630 2073 τῶν
664 2018 972 2091 ἀνθρώπων
1020 2020 1436 2093 κατεκρατήθη,
1468 2023 1649 2088 καλῶς
1697 2023 1854 2094 εὐχό-

261 2110 412 2180 μεθα
444 2109 541 2163 τοῦ
578 2107 718 2162 Θεοῦ
760 2108 860 2175 τήν
894 2107 1179 2179 βασιλείαν
1214 2111 1418 2167 ἐλθεῖν.
1459 2114 1536 2167 υύ
1568 2114 1679 2186 γὰρ
1702 2114 1854 2171 ἔστιν

258 2201 447 2266 ἄλλως
474 2200 696 2254 ἐκδῦναι
736 2198 837 2271 τὴν
865 2200 1114 2272 πονηρὰν
1136 2202 1238 2272 τῆς
1269 2203 1478 2275 φθορᾶς
1510 2205 1850 2272 δυναστείαν,

261 2294 348 2365 μὴ
377 2292 479 2362 τῆς
507 2290 774 2357 ζωοποιοῦ
812 2291 1099 2363 δυνάμεως
1138 2293 1226 2363 ἐφ’
1261 2295 1420 2366 ήμῶν
1449 2296 1854 2370 ἀπιλαόούσης

256 2382 329 2436 τὸ
365 2381 587 2454 κράτος.
635 2381 763 2435 Ἐὰν
792 2376 885 2436 οὖν
915 2382 1373 2455 προσευξώμεθα,
1403 2387 1581 2459 ταύτῃ
1608 2390 1674 2460 τῇ
1699 2387 1855 2442 δυνά-

263 2491 362 2546 μει
385 2473 479 2527 τὸν
503 2473 638 2529 Θεὸν
663 2473 1020 2546 ίκετεύωμεν·
1066 2475 1464 2548 ’Δπαλλαγείην
1494 2480 1596 2550 τῆς
1621 2480 1851 2553 φθορᾶς·

261 2564 699 2636 ἐλευθερωθείην
716 2565 814 2619 τοῦ
839 2565 1073 2621 θανάτου
1097 2582 1112 2600 ’
1149 2568 1354 2639 μηκέτι
1386 2568 1512 2622 κατ’
1541 2571 1679 2641 ἐμοῦ
1704 2572 1853 2642 βασι-

258 2657 474 2711 λευέτω
511 2658 581 2712 τά
647 2656 744 2713 νῦν
796 2657 1205 2728 ἐπικρατοῦντα
1254 2658 1436 2730 πάθη,
1479 2661 1615 2732 μηδὲ
1671 2664 1852 2733 ἀγέτω

263 2765 337 2821 με
364 2750 393 2803 6
424 2749 686 2820 πολέμιος
730 2748 817 2803 διά
848 2751 953 2820 τῆς
995 2748 1274 2822 ἁμαρτίας
1322 2751 1704 2823 αἰχμάλωτον·
1733 2755 1850 2809 ἀλλ’

261 2839 467 2893 ἐλθέτω
497 2839 585 2893 ἐπ’
616 2839 717 2911 ἐμὲ
768 2840 802 2912 ή
852 2838 1103 2911 βασιλεία
1148 2857 1267 2907 σου,
1301 2841 1391 2896 ἵνα
1435 2843 1775 2919 ἀποχωρήσῃ
1816 2848 1850 2919 ή

260 2931 362 2985 τοῦ
398 2931 641 2985 ἐναντίου
675 2931 958 3002 τυραννίς.
998 2930 1074 2985 Οὐ
1112 2932 1223 3005 γὰρ
1253 2934 1517 3006 ὑπομένει
1550 2938 1608 2990 τὸ
1658 2939 1851 3002 σκότος

260 3020 366 3094 τὴν
402 3020 500 3075 τοῦ
541 3020 719 3090 φωτὸς
757 3020 1091 3090 παρουσίαν,
1132 3022 1195 3076 οὐ
1227 3023 1383 3089 νόσος
1433 3024 1626 3093 ὑγείας
1669 3025 1854 3080 ἐπιλα-

262 3112 470 3182 ϐούσης
497 3112 738 3176 ῖσταται,
770 3111 875 3165 οὐκ
901 3112 1118 3182 ἐνεργεῖ
1144 3111 1212 3165 τὰ
1245 3111 1419 3182 πάθη,
1453 3113 1561 3184 τῆς,
1577 3114 1849 3181 ἀπαθείας

1956 1947 1986 1988 a
2016 1933 2145 1989 boni
2191 1938 2558 1997 aestimatione
2590 1936 2838 2000 Humana
2874 1956 3078 2004 natura
3110 1951 3411 2017 aberravit,
3450 1963 3542 2007 at-

1957 2038 2068 2093 que
2096 2040 2127 2079 a
2162 2026 2297 2083 vitio
2329 2029 2438 2084 vita
2472 2039 2661 2087 nostra
2706 2046 2970 2107 superata
3016 2046 3124 2102 est,
3164 2047 3319 2097 recte
3346 2057 3544 2111 preca-

1958 2131 2085 2171 mur
2119 2125 2181 2172 ut
2227 2134 2462 2192 regnum
2513 2123 2606 2178 Dei
2665 2127 2872 2183 veniat.
2907 2127 3102 2200 Neque
3130 2130 3284 2186 enim
3311 2134 3421 2189 alia
3454 2150 3544 2189 ra-

1959 2206 2111 2264 tione
2175 2224 2207 2264 a
2258 2225 2429 2281 prava
2495 2216 2878 2285 corruptionis
2931 2218 3313 2276 dominatione
3372 2224 3543 2280 eximi

1957 2311 2281 2367 possumus,
2321 2300 2428 2357 nisi
2483 2303 2701 2360 viviﬁca
2738 2308 2987 2376 potentia
3032 2309 3325 2388 imperium
3353 2313 3411 2368 in
3442 2331 3547 2371 nos

1955 2390 2280 2461 arripiente.
2320 2392 2598 2460 Quocirca
2649 2411 2775 2452 eum
2824 2399 3133 2467 orabimus,
3190 2402 3295 2459 hac
3344 2406 3548 2461 verbo-

1955 2493 2080 2534 rum
2114 2481 2169 2536 vi
2216 2480 2389 2539 Deum
2435 2500 2744 2558 rogemus:
2800 2488 3050 2559 Eximar,
3104 2508 3316 2564 quaeso,
3350 2511 3381 2550 a
3428 2511 3550 2551 cor-

1953 2572 2245 2642 ruptione;
2278 2574 2489 2632 liberer
2521 2576 2692 2650 566
2727 2594 2757 2634 a
2791 2587 3000 2649 morte;
3038 2598 3146 2638 non
3180 2585 3235 2640 in
3272 2602 3362 2642 me
3387 2588 3548 2644 dein-

1954 2677 2084 2734 ceps
2142 2673 2377 2735 regnent
2428 2666 2561 2722 vitia
2591 2684 2717 2739 quae
2768 2671 2936 2726 modo
2988 2672 3122 2729 mibi
3155 2676 3540 2745 dominantur,

1956 2771 2059 2813 nec
2085 2772 2172 2814 me
2202 2758 2384 2816 hostis
2417 2776 2510 2829 per
2546 2773 2835 2833 peccatum
2885 2765 2940 2819 in
2988 2767 3379 2837 captivitatem
3428 2780 3547 2827 tra»

1955 2846 2083 2914 hat;
2115 2863 2310 2906 verum
2358 2852 2547 2908 veniat
2598 2854 2656 2909 in
2698 2869 2785 2911 me
2818 2870 3051 2926 regnum
3099 2865 3280 2927 tuum,
3312 2875 3424 2931 quo
3457 2863 3551 2917 ad-

1955 2940 2185 2995 versarii
2237 2944 2490 3014 tyrannis
2542 2945 2827 3005 abscedat.
2868 2947 2991 3004 Non
3042 2950 3193 3005 enim
3234 2952 3379 3010 lucis
3416 2970 3551 3025 prae-

1956 3033 2195 3088 sentiam
2244 3034 2423 3107 caligo
2476 3038 2764 3105 sustinet;
2817 3055 2929 3095 non
2980 3040 3212 3098 morbus
3264 3044 3554 3103 oboriente

1955 3124 2196 3180 sanitate
2235 3128 2536 3197 consistit;
2604 3145 2716 3186 non
2765 3131 2910 3188 vires
2941 3147 3078 3189 suas
3130 3147 3396 3192 exserunt
3425 3154 3553 3208 per-

262 3203 575 3275 παρούσης.
602 3202 839 3275 Φροῦδος
862 3204 891 3256 6
924 3201 1177 3270 θάνατος,
1193 3203 1410 3276 ἀφανής
1430 3207 1464 3277 ή
1496 3205 1694 3277 φθορὰ,
1727 3209 1857 3262 ὅταν

1969 3215 2341 3284 turbationes,
2378 3194 2931 3294 dum'tranquillitas
2965 3224 3149 3281 adest.
3180 3224 3330 3283 Mors
3362 3194 3552 3288 inanis

263 3301 327 3351 ἐν
357 3299 494 3368 ἡμῖν
523 3295 785 3368 βασιλεύῃ
810 3297 844 3367 ἡ
881 3294 1019 3367 ζωὴ,
1050 3296 1147 3350 καὶ
1177 3298 1211 3368 ἡ
1241 3299 1524 3370 ἀφθαρσία
1560 3301 1623 3354 τὸ
1651 3301 1856 3373 κράτος

264 3390 394 3465 ἔχῃ.

344 3486 639 3558 Γενηθήτω
662 3487 722 3540 ἐν
750 3486 878 3560 ἐμοὶ
910 3489 973 3541 τὸ
1002 3486 1219 3560 θέλημὰ
1253 3504 1372 3552 σου,
1402 3486 1492 3542 ἵνα
1525 3485 1731 3559 σϐεσθῇ
1754 3486 1855 3541 τοῦ

263 3578 519 3634 διαϐόλου
536 3579 599 3633 τὸ
622 3579 1077 3651 θέλημα.”Ωσπερ
1095 3578 1207 3651 γάρ
1238 3579 1298 3633 ἐν
1314 3580 1429 3643 τοῖς
1459 3577 1729 3649 ζοφώδεσι
1748 3578 1858 3633 τῶν

266 3673 559 3744 σπηλαίων
597 3673 773 3743 φωτὸς
796 3671 1241 3744 εῖσκομισθέντος
1268 3672 1297 3725 6
1321 3669 1486 3742 ζόφος
1507 3671 1856 3741 ἀφανίζεται,

265 3765 415 3821 οὕτω
438 3764 536 3820 τοῦ
566 3765 663 3819 σοῦ
690 3765 999 3837 θελήματος
1030 3765 1089 3819 ἐν
1115 3763 1244 3835 ἐμοὶ
1274 3763 1596 3835 γενομένου,
1638 3766 1790 3819 πᾶσα
1824 3765 1858 3837 ή

266 3838 490 3932 πονηρά
515 3860 613 3914 καὶ
655 3860 861 3923 ἀτοπος
890 3858 990 3928 τῆς
1026 3856 1407 3930 προαιρέσεως
1434 3855 1651 3925 κίνησις
1681 3858 1764 3920 είς
1795 3855 1859 3911 τὸ

270 3953 353 4028 μὴ
373 3953 436 4008 ὃν
462 3953 836 4025 περιΐσταται.
867 3951 1095 4024 Θέλημα
1134 3952 1244 4022 γάρ
1281 3967 1377 4005 σου
1407 3951 1440 4023 ή
1474 3949 1722 4022 σωτηρία
1748 3950 1860 4005 τῶν

266 4045 584 4119 ἀνθρώπων
609 4045 783 4102 ἐστίν.

353 4142 415 4195 ‘0
440 4139 536 4195 τοῦ
561 4137 807 4211 πονηροῦ
833 4136 1100 4212 ρυσθῆναι
1129 4134 1446 4209 εὐχόμενος,
1477 4134 1584 4200 ἐξω
1605 4134 1717 4189 τῶν
1747 4150 1862 4189 πει-

272 4228 508 4302 ρασμῶν
541 4225 798 4298 γενέσθαι
832 4226 1169 4298 παρακαλεῖ.
1288 4288 1297 4301 ί

346 4319 520 4373 Ὅταν
547 4319 617 4372 δι’
657 4318 824 4389 εὐχῆς
864 4315 1225 4389 αίτησώμεθά
1255 4334 1310 4371 τι
1339 4316 1433 4371 τὸν
1455 4316 1754 4389 Δεσπότην,
1785 4317 1861 4389 μὴ

269 4408 486 4480 ταχέως
523 4408 970 4479 ἐξατονήσωμεν,
1006 4401 1148 4462 ἀλλά
1179 4407 1241 4461 τὸ
1282 4408 1509 4479 συνεχὲς
1538 4406 1639 4478 τῆς
1665 4408 1864 4462 ἀποτυ-

271 4504 398 4576 χίας
428 4506 497 4576 τῇ
530 4502 788 4574 συνεχείᾳ
815 4503 912 4574 τῆς
939 4501 1213 4573 αἰτήσεως
1245 4501 1647 4574 ἐκνικήσωμεν.
1676 4556 1677 4559 η

355 4691 448 4745 Ἐν
475 4692 597 4754 ταῖς
643 4686 936 4752 ἀναϐολαῖς
970 4686 1065 4742 καὶ
1100 4688 1222 4752 ταῖς
1252 4685 1590 4757 ὑπερθέσεσι
1629 4683 1740 4739 τῶν
1768 4685 1867 4751 δω-

277 4782 421 4855 ρεῶν
461 4781 558 4836 τοῦ
604 4780 744 4835 Θεοῦ
793 4780 870 4852 μὴ
925 4778 1331 4851 προκάμωμεν,
1372 4778 1508 4850 μηδὲ
1562 4776 1867 4849 προαναπί-

272 4892 521 4946 πτωμεν.
570 4871 841 4937 Πολλάκις
887 4871 999 4944 γὰρ
1037 4873 1066 4925 6
1108 4870 1389 4942 Δεσπότης
1413 4869 1533 4941 ,τὴν
1591 4867 1864 4924 δοκοῦσαν

272 4968 545 5041 ἀναϐολὴν
565 4971 648 5032 είς
687 4966 925 5032 πίστεως
952 4964 1261 5039 γυμνασίαν
1289 4964 1577 5036 παρέλκει.

348 5063 530 5127 Καλὸν
554 5063 790 5119 πάντοτε
817 5060 908 5115 διὰ
934 5060 1248 5134 προσευχῆς
1277 5059 1491 5130 ὁμιλεῖν
1516 5058 1596 5131 τῷ
1622 5059 1762 5131 Θεῷ.
1802 5061 1867 5115 Εἰ

275 5159 390 5230 γὰρ
415 5155 679 5228 συντυχία
720 5153 915 5227 ἀνδρὸς
937 5153 1147 5224 ἀγαθοῦ
1190 5152 1395 5224 βελτιοῖ
1422 5152 1515 5207 τὸν
1565 5154 1871 5225 συντυγχά-

276 5266 465 5315 νοντα,
508 5247 662 5319 πόσῳ
714 5247 918 5325 μᾶλλον
955 5245 1066 5317 ,καὶ
1118 5247 1179 5300 ἐν
1225 5243 1410 5317 ήμὲρᾳ
1456 5245 1553 5300 καὶ
1599 5247 1660 5301 ἐν
1710 5247 1864 5301 νυκτὶ

278 5342 641 5415 προσομιλεῖν
661 5338 742 5413 τῷ
768 5337 911 5412 Θεῷ.

344 5490 514 5599 Μέγα
541 5527 749 5599 ἀγαθὸν
781 5527 939 5601 εὐχὴ,
966 5525 1066 5582 ἐὰν
1099 5526 1240 5598 μετά
1269 5526 1511 5591 διανοίας
1547 5526 1871 5598 εὐχαρίστου

278 5619 533 5690 γένηται,
569 5618 667 5675 ἐὰν
700 5617 1090 5689 παιδεύσωμεν
1123 5617 1378 5683 ἑαυτοὺς,
1410 5616 1487 5690 μὴ
1523 5616 1685 5689 μόνον
1724 5615 1861 5687 λαμ-

1956 3316 2061 3373 οει,
2096 3309 2389 3381 corruptio
2419 3312 2602 3369 oculis
2650 3329 2766 3370 non
2808 3316 3136 3386 percipitur,
3181 3319 3406 3390 quando
3437 3323 3551 3377 vita

1959 3409 2155 3468 regnat
2183 3401 2237 3457 in
2269 3403 2459 3472 nobis,
2496 3413 2551 3460 et
2589 3406 2945 3477 incorruptio
2969 3411 3267 3480 imperium
3303 3420 3476 3479 tenet,

2031 3494 2225 3563 Ejusd.
2274 3508 2417 3552 orat.
2458 3498 2516 3554 4.
2581 3497 2767 3554 -Εἰειι
2811 3498 2866 3555 in
2910 3515 3000 3556 me
3031 3502 3293 3560 voluntas
3331 3513 3445 3571 tua,
3489 3517 3550 3562 ut

1960 3584 2164 3641 diaboli
2208 3587 2467 3646 voluntas
2497 3592 2908 3663 exstinguatur.
2942 3591 3104 3658 Nam,
3139 3595 3287 3651 sicut
3318 3598 3373 3651 in
3405 3597 3546 3653 cali-

1961 3671 2176 3742 ginosis
2231 3676 2408 3734 antris
2462 3678 2616 3733 illata
2680 3680 2805 3736 luce
2859 3682 3106 3739 tenebrae
3148 3685 3548 3756 dispelluntur,

1962 3763 2061 3832 ita,
2094 3766 2140 3821 si
2194 3769 2456 3825 voluntas
2500 3781 2595 3827 tua
2630 3773 2684 3828 in
2718 3788 2806 3830 me
2854 3773 3001 3830 I‘acta
3034 3776 3128 3843 sit,
3169 3780 3353 3835 omnis
3384 3794 3550 3850 prava

1964 3866 2021 3914 et
2049 3868 2388 3931 praepostera
2426 3864 2736 3923 voluntatis
2769 3867 3000 3937 agitatio
3030 3868 3085 3924 in
3128 3871 3365 3927 nihilum
3406 3874 3556 3929 redi-

1962 3948 2136 4019 gitur.
2197 3950 2315 4008 Tua
2376 3953 2653 4026 siquidem
2716 3957 2974 4016 voluntas
3026 3962 3343 4017 mortalium
3401 3965 3554 4023 salus

1960 4050 2069 4097 est.

2035 4130 2097 4187 S.
2130 4130 2411 4204 Cltrysost.
2443 4164 2513 4175 —
2540 4134 2645 4202 Qui
2694 4144 2960 4208 precatur
3007 4145 3068 4192 ut
3101 4152 3133 4193 a
3168 4138 3316 4195 malo
3348 4140 3556 4198 libere-

1963 4232 2074 4291 tur,
2114 4224 2220 4279 lioc
2250 4226 2529 4296 postulat,
2562 4237 2623 4283 ιιι
2649 4243 2680 4283 a
2714 4228 3117 4285 tentationibus
3144 4230 3447 4287 eximatur.

2038 4312 2322 4384 Ejusdem.
2345 4344 2420 4357 —
2444 4314 2683 4383 Quando
2722 4317 3010 4390 quidpiam
3063 4320 3277 4377 orando
3325 4323 3556 4392 petieri-

1964 4422 2090 4464 tnus
2129 4423 2161 4462 a
2228 4406 2486 4476 Domino,
2546 4424 2617 4466 ne
2673 4411 2859 4467 statim
2913 4412 3407 4483 elanguescamus;
3460 4417 3555 4471 sed

1888 4542 1937 4599 Β
1967 4500 2204 4571 repulsae
2244 4501 2654 4572 assiduitatem,
2707 4503 3039 4561 assiduitate
3072 4506 3363 4576 petitionis
3394 4522 3557 4580 supe-

1971 4611 2181 4653 remus.

2045 4688 2325 4759 Ejusdem.
2357 4720 2429 4732 —
2452 4689 2591 4748 Cum
2637 4693 2785 4749 Deus
2832 4691 3103 4749 beneﬁcia
3136 4691 3344 4759 diﬁ'ert,
3388 4700 3560 4765 atque

1971 4782 2028 4838 in
2059 4783 2280 4852 longius
2316 4785 2613 4855 protrahit,
2644 4800 2717 4842 ne
2746 4783 3076 4856 frangantur
3118 4785 3341 4851 animis,
3377 4801 3561 4856 neque

1971 4876 2352 4933 concidamus.
2385 4877 2543 4948 Saepe
2581 4879 2729 4934 enim
2782 4876 3055 4934 Dominus
3093 4877 3419 4935 dilationem
3454 4878 3563 4934 htt-

1969 4968 2215 5041 jusgnodi
2255 4968 2324 5024 ad
2358 4969 2682 5024 exercitium
2720 4969 2846 5026 ﬁdei
2881 4970 3166 5041 producit.

1966 5122 1967 5125 η
2053 5059 2331 5129 Ejusdem.
2360 5088 2435 5102 --
2468 5060 2806 5118 Praeclarum
2849 5073 2937 5119 est
2980 5079 3109 5119 cum
3165 5061 3281 5119 Deo
3341 5077 3564 5133 semper

1974 5172 2063 5228 per
2121 5154 2429 5211 orationem
2484 5154 2952 5210 consuetudinem
3017 5154 3247 5211 habere.
3311 5152 3453 5209 Nam
3517 5156 3563 5210 si

1975 5260 2319 5321 congressus
2355 5260 2485 5315 cum
2506 5246 2640 5302 ‘viro
2674 5246 2822 5302 bono
2853 5245 3138 5304 meliorem
3190 5245 3375 5304 reddit
3407 5246 3562 5302 illum

1975 5341 2234 5412 quicum
2291 5354 2358 5395 eo
2406 5338 2787 5410 congreditur,
2822 5344 3037 5406 quanto
3088 5338 3267 5408 magis
3315 5337 3461 5394 idem
3510 5338 3562 5395 ei

1976 5435 2324 5502 usuvenerit,
2379 5433 2474 5504 qui
2519 5431 2618 5489 diu
2664 5440 2941 5502 noctuque
2969 5447 3098 5488 cum
3132 5431 3245 5489 Deo
3272 5433 3561 5488 versatur!

1988 5562 1993 5569 ~
2048 5522 2694 5597 Ejusdem—Magnum
2725 5524 2937 5580 bonum
2976 5531 3064 5579 est
3098 5523 3300 5590 oratio,
3333 5524 3381 5580 si
3408 5534 3566 5597 grato

1979 5622 2168 5678 animo
2203 5621 2317 5689 ﬁat,
2359 5633 2578 5693 nosque
2622 5618 2779 5689 ipsos
2826 5618 2904 5673 ita
2948 5616 3297 5682 erudiamus,
3350 5625 3414 5672 ut
3446 5615 3566 5672 sive

280 5711 574 5779 ὃάνοντας,
603 5712 742 5767 ἀλλά
776 5712 875 5766 καὶ
903 5709 1383 5781 ἀποτυγχάνοντας
1419 5710 1767 5781 εὐχαριστεῖν
1794 5707 1858 5781 τίξ

1980 5723 2234 5771 votorum
2262 5721 2551 5787 compotes
2597 5710 2796 5777 simus,
2831 5710 2948 5766 sive
2974 5709 3258 5780 repulsam
3298 5707 3565 5772 feramus,
3624 5748 3630 5757 .

277 5807 423 5874 Θεῷ.
458 5808 571 5864 Καὶ
598 5808 705 5880 γὰρ
738 5809 872 5865 ποτὲ
918 5808 1013 5881 μὲν
1054 5806 1260 5877 δίδωσι,
1291 5805 1423 5861 ποτὲ
1445 5805 1512 5881 ,δὲ
1538 5805 1600 5861 οὐ
1631 5804 1869 5876 δίδωσιν,

1982 5807 2097 5866 Deo
2151 5808 2360 5881 gratias
2408 5803 2928 5894 agamus.Etenim
2964 5806 3303 5873 quandoque
3330 5799 3569 5876 largitur
