4028 6398
505 357 642 425 1443

501 574 630 626 que,
662 555 886 610 etiamsi
929 567 1038 608 non
1089 551 1362 622 accipias,
1419 565 1530 604 non
1568 546 1894 618 accipiendo
1933 557 2091 598 accc-

504 649 663 718 pisti;
693 647 916 702 etiamsi
944 645 1094 715 quod
1131 641 1436 712 optaveris,
1480 641 1712 696 minime
1751 644 2092 694 consecutus

501 737 603 801 sis,
635 753 746 792 non
800 735 1206 806 consequendo
1268 739 1606 789 consecutus
1663 744 1750 786 es.
1804 729 2090 782 interdum

499 833 645 885 enim
701 845 811 884 non
866 829 1126 898 accipere
1178 825 1327 897 quod
1381 823 1750 894 postulamus,
1789 819 1968 875 satius
2007 825 2093 873 est

501 939 664 992 quam
720 922 1000 990 accipere.
1063 919 1198 973 Nam
1239 919 1287 973 si
1341 916 1480 970 utile
1531 919 1682 968 esset
1726 911 2001 980 accipere,
2037 906 2092 962 id

501 1031 730 1085 prorsus
765 1014 1038 1070 dedisset.
1099 1011 1276 1065 Porro
1331 1017 1427 1062 tuo
1481 1006 1631 1060 bono
1664 1019 1779 1058 non
1820 1000 2091 1070 consequi

499 1106 644 1175 quod
682 1113 855 1174 petas,
900 1103 1004 1157 hoc
1043 1103 1206 1171 plane
1233 1096 1508 1167 consequi
1541 1103 1650 1152 est.

585 1196 866 1266 Ejusdem.
895 1224 967 1235 -—
991 1195 1191 1264 Ingens
1215 1199 1500 1246 armatura
1535 1195 1618 1244 est
1651 1185 1854 1248 oratio,
1895 1184 2092 1255 ingens

499 1297 908 1354 ornamentum,
941 1286 1261 1358 praesidium
1309 1284 1529 1355 ingens.
1573 1279 1708 1335 Nam
1741 1294 1869 1334 cum
1903 1278 2090 1333 homi-

501 1397 598 1436 nes
633 1395 884 1444 oramus,
950 1376 1269 1448 sumptibus
1331 1382 1388 1429 et
1438 1372 1690 1444 pecuniis
1728 1385 1871 1440 opus
1919 1368 2092 1423 habe-

501 1487 647 1530 mus.
703 1469 1007 1538 servilique
1061 1467 1467 1529 assentatione,
1511 1472 1568 1518 et
1603 1476 1803 1532 magno
1852 1459 2090 1514 circuitu

499 1574 563 1614 ac
618 1559 1021 1630 negotiatione.
1085 1555 1278 1626 Neque
1334 1556 1483 1610 enim
1506 1565 1904 1622 saepenumero
1964 1549 2094 1603 licet

500 1667 599 1706 eos
631 1661 780 1707 recta
827 1650 1058 1720 alloqui,
1104 1663 1272 1718 penes
1309 1663 1450 1718 quos
1482 1645 1650 1702 dandi
1689 1653 1937 1714 potestas
1966 1650 2090 1707 est;

501 1758 689 1797 verum
740 1743 899 1813 prius
938 1740 1180 1796 famulos
1218 1754 1440 1806 eorum,
1496 1743 2009 1808 procuratoresque
2037 1740 2093 1788 et

1669 347 1730 408 S.
1774 341 2019 407 JOANN
2030 341 2099 402 IS
2124 337 2559 403 DAMASCENI
3335 402 3340 404 Ἴ

503 466 835 540 quandoque
864 476 1058 518 rursus
1099 469 1306 531 negat:
1349 467 1650 529 utrumque
1697 456 1932 511 utiliter.
1967 452 2082 506 lta-

2188 453 2475 524 ἀμφότερα
2527 450 2840 522 χρησίμως.
2877 450 3043 502 Ὥστε
3079 449 3184 503 κᾶν
3216 445 3411 521 λάϐῃς,
3447 446 3551 502 κᾶν
3582 448 3654 520 μὴ
3683 449 3778 504 λά-

3630 335 3780 402 MM

2196 546 2321 616 ϐῃς,
2381 545 2574 608 ἔλαϐες
2605 544 2664 598 ὲν
2687 542 2768 614 τῷ
2793 541 2868 614 μὴ
2900 542 3203 596 ἀπολαϐεῖν
3229 560 3241 572 ·
3267 541 3372 595 κᾶν
3397 540 3473 613 μὴ
3497 541 3779 614 ἐπιτύχῃς,

2193 627 2459 710 ἐπέτυχες
2487 639 2547 691 ὲν
2585 637 2666 708 τῷ
2703 636 2781 708 μὴ
2816 637 3120 707 ἐπιτυχεῖν.
3148 636 3307 689 Ἔστι
3338 635 3452 706 γὰρ
3492 634 3581 688 ὅτε
3618 635 3684 688 τό
3707 634 3782 708 μὴ

2192 730 2380 785 λαϐεῖν
2422 732 2561 801 ὅπερ
2602 727 2901 799 αἰτοῦμεν,
2935 727 3031 782 τοῦ
3083 728 3272 782 λαϐεῖν
3314 725 3777 798 λυσιτελέστερον.

2193 823 2260 880 Εἰ
2292 823 2402 896 γάρ
2433 817 2718 895 συμφέρον
2748 824 2886 894 ἡμῖν
2926 821 3191 887 πολλάκις
3215 821 3277 875 τὸ
3324 819 3533 884 λαϐεῖν,
3564 819 3781 884 πάντως

2193 915 2395 971 ἔδωκεν
2423 915 2512 971 ἄν.
2549 913 2624 968 Τὸ
2649 913 2708 968 δὲ
2737 914 3130 986 συμφερόντως
3161 913 3483 984 ἀποτυχεῖν,
3507 913 3780 981 ἐπιτυχεῖν

2193 1007 2332 1062 ἐστι.

2264 1188 2426 1260 Μέγα
2458 1191 2628 1246 ὅπλον
2663 1190 2822 1262 εὐχὴ,
2863 1189 3038 1262 μέγας
3087 1189 3315 1261 κόσμος,
3354 1188 3567 1260 μεγάλη
3610 1188 3779 1258 ἀσφά-

2193 1285 2331 1339 λεια.
2397 1283 2732 1355 Ἀνθρώπων
2769 1283 2870 1353 μὲν
2916 1283 3026 1354 γὰρ
3058 1283 3340 1354 δεόμενοι,
3397 1282 3493 1336 καὶ
3539 1278 3780 1352 δαπάνης

2193 1378 2288 1430 καὶ
2333 1376 2635 1448 χρημάτων
2691 1374 2962 1444 δεόμεθα.
3018 1375 3112 1427 καὶ
3165 1373 3460 1437 κολακείας
3493 1372 3783 1445 δουλοπρε-

2194 1467 2355 1533 ποΰς,
2412 1469 2509 1521 καὶ
2562 1466 2766 1536 πολλῆς
2808 1465 3199 1537 περιόδου-καί
3251 1463 3664 1536 πραγματείας.
3709 1465 3781 1517 υύ

2193 1561 2307 1632 γὰρ
2337 1561 2397 1628 ἐξ
2423 1561 2645 1624 εὐθείας
2692 1561 2876 1624 αὐτοῖς
2916 1561 3030 1622 τοῖς
3063 1557 3277 1629 κύριοις
3328 1556 3426 1610 τοῦ
3472 1556 3662 1609 δοῦναι
3686 1555 3784 1628 τὴν

2137 1703 2150 1712 .
2194 1656 2358 1727 χάριν
2401 1654 2482 1708 ενι
2520 1653 2874 1724 διαλεχθῆναι
2931 1651 3218 1716 πολλάκις,
3255 1650 3374 1705 ἀλλ’
3403 1651 3623 1721 ἀνάγκη
3651 1650 3784 1721 πρό·

2195 1764 2356 1819 τερον
2393 1745 2703 1809 διακόνους,
2732 1746 2827 1799 καὶ
2847 1744 3168 1815 οἰκονόμους
3196 1744 3403 1812 αὐτῶν,
3441 1744 3537 1798 καὶ
3568 1744 3785 1816 stt-.196.

498 1834 1012 1900 administratores,
1063 1841 1180 1887 tum
1224 1831 1502 1901 pecuniis,
1554 1839 1670 1884 tum
1709 1827 2086 1894 sermonibus,

2199 1856 2355 1904 πους,
2387 1838 2637 1910 χρήμασι
2676 1838 2771 1891 καὶ
2833 1837 3067 1909 ῥήμασι,
3105 1837 3200 1891 καί⁸
3246 1837 3413 1890 παντὶ
3447 1835 3783 1908 Θεραπεύσαι

498 1936 662 1995 atque
691 1926 844 1981 omni
888 1941 1096 1997 genere
1131 1925 1295 1978 oﬂieii
1337 1923 1606 1979 dediereri
1645 1935 1937 1977 necessum
1970 1929 2089 1986 est;

497 2033 561 2072 ac
621 2026 736 2073 tum
789 2035 984 2074 eorum
1046 2033 1222 2086 opera
1294 2016 1443 2086 quod
1505 2017 1745 2085 petimus
1794 2014 2094 2082 impetrare

499 2124 682 2178 posse.
714 2111 784 2164 At
816 2111 870 2163 in
920 2109 1034 2164 Deo
1068 2125 1235 2165 secus
1270 2124 1331 2166 se
1364 2124 1454 2164 res
1497 2109 1682 2162 habet.
1719 2104 1911 2175 Neque
1943 2104 2092 2160 enim

498 2202 966 2260 intercessoribus
1011 2204 1241 2274 indiget,
1297 2219 1395 2273 per
1446 2218 1589 2272 quos
1631 2201 1738 2256 sibi
1776 2215 1969 2272 preces
2014 2199 2094 2255 fe-

500 2304 714 2358 rantur,
782 2310 886 2350 nce
941 2303 1052 2348 tam
1110 2310 1210 2363 per
1245 2296 1387 2348 alios
1440 2309 1606 2364 quam
1651 2308 1749 2362 per
1802 2307 1908 2347 nos
1944 2293 2095 2361 ipsos

498 2396 785 2449 exoratus,
819 2387 887 2441 ad
941 2387 1208 2442 beneficia
1261 2386 1443 2442 danda
1503 2385 1772 2453 proclivis
1810 2392 1915 2439 est.
1947 2383 2092 2449 Quin

499 2485 554 2530 et
583 2478 672 2530 hic
722 2477 982 2547 quidem,
1044 2479 1163 2533 sive
1219 2477 1590 2547 accipiamus,
1643 2477 1760 2531 sive
1812 2476 2092 2544 repulsam

500 2569 796 2638 patiamur,
849 2578 1118 2640 quaestum
1171 2568 1360 2625 facere
1414 2570 1568 2623 licet.
1612 2567 1776 2638 Apud
1833 2567 2094 2621 homines

499 2679 629 2719 vero
665 2663 992 2734 frequenter
1023 2664 1230 2718 accidit
1260 2675 1317 2720 ut
1371 2675 1674 2733 utrumque
1718 2663 1884 2717 nobis
1921 2662 2096 2715 detri-

497 2765 745 2810 mentum
812 2755 1027 2811 afferat.
1095 2755 1371 2823 Quoniam
1431 2757 1599 2827 igitur
1649 2755 1716 2810 iis
1764 2754 1859 2824 qui
1918 2753 2092 2808 Deum

511 2849 740 2914 adeunt,
773 2855 888 2902 tum
914 2847 1081 2920 467
1120 2850 1334 2903 lucrum
1379 2847 1558 2917 majus
1593 2855 1698 2909 est,
1755 2853 1872 2897 tum
1917 2845 2097 2913 major

509 2939 750 2995 facilitas
787 2941 1140 2994 :orationem
1177 2952 1406 3008 ergone
1449 2946 1899 3002 contemnamus.
1938 2935 2096 2991 Tunc

497 3031 646 3084 enim
699 3031 795 3085 tibi
859 3031 1168 3101 proclivius
1199 3031 1294 3084 dat
1333 3044 1457 3100 quae
1490 3029 1741 3097 postulas
1772 3067 1786 3092 ,
1843 3043 1968 3083 cum
2000 3043 2096 3099 pv-r

499 3122 739 3190 teipsum
773 3125 1056 3193 postulas;
1113 3123 1279 3176 modo
1327 3130 1510 3174 tamen
1569 3135 1680 3175 non
1715 3119 2096 3188 perfunctorie

499 3215 748 3284 postules
773 3231 791 3268 :
816 3214 868 3269 id
905 3215 1052 3286 quod
1095 3215 1346 3285 plerique
1388 3215 1629 3267 faciunt.
1669 3211 1943 3267 Nimirum
1982 3214 2094 3267 lin-

500 3319 608 3375 gua
644 3305 866 3375 quidem
929 3308 1092 3361 verba
1145 3306 1501 3377 pronuntiat;
1565 3305 1788 3360 animus
1845 3320 1977 3360 vero
2012 3305 2097 3361 vel

501 3397 725 3464 domus,
787 3398 874 3453 vel
930 3397 1034 3453 fori
1086 3399 1204 3452 vias
1279 3397 1671 3460 circumvadit.
1724 3395 1841 3451 l-loc
1911 3405 2094 3453 autem

500 3496 673 3544 totum
706 3489 913 3545 diaboli
943 3497 1320 3545 commentum
1360 3499 1465 3545 est.
1515 3488 1652 3543 Nam
1703 3489 1971 3560 quoniam
1998 3504 2094 3544 ex-

498 3581 776 3651 ploratum
809 3582 996 3648 habet,
1029 3595 1151 3648 nos,
1183 3597 1296 3652 quo
1325 3588 1575 3651 tempore
1612 3595 1740 3635 cum
1775 3581 1883 3634 Deo
1908 3580 2091 3634 collo-

499 3675 744 3744 quimur,
797 3682 1156 3743 peccatorum
1191 3673 1408 3728 veniam
1462 3673 1763 3742 impetrare
1802 3687 1990 3741 posse,
2028 3680 2090 3727 ut

501 3767 664 3822 nobis
693 3767 974 3822 orationis
1003 3775 1222 3836 portum
1263 3765 1416 3820 velut
1463 3772 1688 3835 aggesta
1728 3772 1876 3819 terra
1913 3745 2092 3819 inter-

500 3855 710 3918 cludat,
779 3865 914 3910 tunc
964 3856 1020 3910 in
1081 3857 1188 3909 hoc
1241 3854 1533 3919 incumbit,
1569 3869 1680 3925 quo
1717 3863 1958 3910 mentem
1994 3869 2093 3911 no-

2195 1930 2408 2000 τρόπῳ,
2443 1929 2539 1981 καὶ
2577 1927 2699 1981 τότε
2726 1929 2793 1981 δι’
2830 1927 3058 1980 ἐκείνων
3093 1927 3195 1996 τὴν
3236 1927 3456 1996 αἴτησιν
3495 1927 3782 1998 δυνηθῆναι

2193 2021 2406 2074 λαϐεῖν.
2440 2020 2564 2072 Ἑπὶ
2598 2020 2655 2073 δὲ
2686 2019 2824 2071 Θεοῦ
2854 2020 2954 2071 οὐκ
2980 2018 3128 2070 ἔστιν
3152 2016 3348 2081 οὕτως.
3377 2019 3453 2071 Οὐ
3479 2017 3594 2089 γάρ
3623 2018 3783 2072 δεῖται

2199 2113 2444 2184 μεσιτῶν
2464 2111 2682 2165 ἐπὶτῶν
2703 2110 3023 2178 ἀξιούντων,
3041 2111 3164 2164 οὐδὲ
3189 2109 3363 2175 οὕτως
3380 2111 3449 2164 δι’
3470 2111 3562 2163 ὲτέ
3572 2128 3679 2184 ρων
3694 2127 3784 2164 πα-

2199 2203 2439 2276 ρακαλού
2448 2221 2633 2274 μενος,
2658 2203 2734 2267 ὡς
2755 2203 2823 2257 δι’
2855 2202 3015 2273 ἡμῶν
3035 2201 3216 2256 αὐτῶν
3243 2203 3353 2256 τῶν
3380 2201 3657 2274 δεομένων
3674 2203 3782 2256 ἑπι-

2195 2296 2342 2351 νεύει
2371 2299 2439 2367 τῇ
2469 2296 2677 2366 χάριτι.
2699 2296 2813 2348 Καὶ
2839 2292 3079 2348 ἐνταῦθα
3108 2294 3232 2364 μὲν,
3255 2294 3352 2347 καὶ
3387 2293 3779 2364 λαμϐάνοντας,

2197 2388 2292 2443 καὶ
2312 2391 2386 2460 μὴ
2401 2388 2784 2459 λαμϐάνοντας
2799 2385 2913 2440 ἐστι
2931 2386 3260 2459 κερδαίνειν,
3277 2387 3370 2441 ὲπὶ
3385 2387 3440 2440 δὲ
3460 2386 3575 2440 τῶν
3593 2385 3785 2458 ἀνθρώ·

2197 2495 2318 2533 πων
2341 2481 2398 2532 ὲν
2413 2479 2575 2533 ὲκατέ
2587 2497 2664 2550 ρῳ
2683 2479 2947 2543 πολλάκις
2965 2478 3168 2550 ἐϐλάϐη
3179 2496 3299 2550 μεν.
3318 2479 3471 2533 Ἐπεὶ
3490 2475 3592 2533 οὗν
3614 2480 3785 2551 μεῖζον

2197 2571 2258 2625 τὸ
2280 2571 2494 2642 κέρδος,
2521 2572 2618 2626 καὶ
2659 2571 2866 2625 πλείων
2889 2572 2922 2641 ἡ
2954 2569 3178 2624 εὐκολία
3207 2571 3320 2634 τοῖς
3346 2559 3434 2640 τῷ
3457 2570 3587 2642 Θεῷ
3626 2587 3785 2642 προσ·

2201 2664 2362 2731 ιοῦσι,
2393 2664 2470 2735 μὴ
2500 2664 2934 2736 καταφρονῶμεν
2961 2663 3147 2734 εὐχῆς.
3175 2663 3310 2716 Τότε
3341 2664 3451 2734 γάρ
3479 2681 3568 2717 σοι
3601 2662 3787 2733 μᾶλλον

2197 2755 2418 2809 δίδωσιν
2447 2755 2480 2810 ἃ
2525 2757 2723 2820 αἰτεῖς,
2758 2755 2825 2809 ἂν
2870 2757 2933 2808 σὺ
2969 2755 3058 2810 διά
3093 2754 3325 2809 σεαυτοῦ
3371 2756 3559 2826 αἰτῇς,
3597 2755 3686 2809 ἐὰν
3719 2755 3786 2826 μὴ

2200 2845 2498 2915 παρέργως
2516 2846 2696 2914 αἰτῇς,
2727 2843 2865 2916 ὅπερ
2896 2844 3144 2898 ποιοῦσιν
3175 2847 3225 2898 οἰ
3248 2845 3453 2898 πολλοί.
3490 2843 3560 2898 Ἡ
3580 2844 3786 2913 γλῶσσα

2202 2938 2304 3008 μὲν
2325 2937 2475 3004 λέγει
2504 2938 2573 2990 τὰ
2595 2938 2838 3008 ῥήματα,
2862 2938 2895 3006 ἡ
2930 2936 2988 2988 δὲ
3014 2935 3162 3006 ψυχὴ
3191 2935 3292 3006 τῆς
3318 2936 3498 2998 οἰκίας
3526 2935 3564 3007 ἦ
3595 2935 3786 3004 ἀγορᾶς

2197 3030 2298 3093 τὰς
2343 3028 2498 3091 ὀδοὺς
2531 3027 2907 3098 περιέρχεται.
2947 3027 3122 3080 Τοῦτο
3156 3026 3213 3080 δὲ
3266 3025 3388 3080 ὅλον
3416 3024 3512 3078 τοῦ
3550 3024 3785 3078 διαϐόλου

2198 3122 2259 3174 τὸ
2309 3118 2773 3191 κατασκεύασμα.
2835 3119 3056 3191 Ἐπειδὴ
3107 3119 3218 3190 γὰρ
3282 3116 3423 3173 οἶδεν
3472 3119 3628 3189 ἡμᾶς
3675 3115 3784 3171 κατ’

2199 3215 2411 3267 ἐκεῖνον
2451 3212 2542 3268 τὸν
2585 3212 2778 3283 καιρὸν
2825 3212 3176 3284 διαλεχθῆναι
3208 3211 3346 3282 πρὸς
3389 3211 3485 3264 τὸν
3526 3210 3682 3274 Θεὸν,
3713 3209 3787 3264 ὅτι

2197 3303 2483 3374 δυνάμεθα
2530 3303 2627 3358 καὶ
2685 3304 2938 3374 ἀφέσεως
2972 3304 3394 3377 ἁμαρτημάτων
3424 3304 3638 3374 τυχεῖν,
3674 3301 3780 3372 βου-

2199 3398 2430 3467 λόμενος
2457 3398 2590 3467 ἡμῖν
2623 3396 2717 3450 τὸν
2747 3396 2851 3467 τῆς
2883 3397 3049 3467 εὐχῆς
3084 3395 3406 3466 προσχῶσαι
3437 3395 3788 3465 λιμένα,κατν

2200 3491 2368 3544 αὐτὸν
2395 3489 2679 3544 ἐνίσταται
2709 3491 2799 3542 τὸν
2825 3491 3039 3559 καιρὸν,
3064 3489 3345 3558 ἐκκρούων
3365 3487 3528 3559 ἡμῶν
3566 3488 3663 3558 τὴν
3683 3485 3786 3538 διά-

2198 3598 2356 3634 νοιαν
2381 3580 2490 3634 τῶν
2516 3579 2850 3650 λεγομένων,
2880 3578 3024 3632 ὥστε
3059 3577 3444 3649 ζημιωθέντας
3475 3578 3632 3647 ἡμᾶς
3663 3574 3787 3644 μᾶλ-

2197 3672 2290 3725 λον
2324 3671 2359 3741 ἢ
2393 3671 2800 3742 κερδαίνοντας,
2830 3668 3112 3725 ἀπελθεῖν.
3146 3667 3333 3722 Ταῦτα
3361 3663 3456 3720 οὖν
3494 3666 3674 3729 εἰδὼς,
3699 3664 3786 3717 ἂν·-

2201 3765 2412 3832 θρωπε,
2448 3765 2578 3817 ὅταν
2609 3763 2846 3835 προσίῃς
2877 3762 3022 3833 Θεῷ,
3053 3762 3310 3817 ἒννότισον
3345 3759 3455 3814 τίνι
3485 3758 3785 3831 προσέρχῃ,

2199 3858 2304 3912 καὶ
2329 3859 2494 3928 ἀρκεῖ
2528 3873 2612 3910 σοι
2644 3857 2726 3916 εἰς
2750 3855 2934 3925 νῆψιν.

500 3953 674 4001 stram
711 3948 780 4002 ab
821 3948 892 4002 iis
925 3961 1052 4018 qua
1102 3947 1554 4016 pronuntiamus,
1607 3947 1833 4012 avellat,
1870 3947 1946 4001 uti
2002 3948 2586 4018 majore'detrimento
2627 3962 2792 4016 quam
2843 3944 3135 4001 commodo
3191 3943 3373 3999 ail‘ecti
3439 3944 3784 4000 recedamus.

501 4039 627 4094 lhec
663 4039 832 4110 igitur
881 4038 1107 4110 quando
1144 4045 1430 4109 comperta
1480 4047 1614 4094 sunt
1655 4038 1779 4103 tibi,
1829 4053 1864 4093 o
1915 4039 2103 4106 homo,
2147 4041 2278 4095 dum
2313 4039 2536 4096 accedis
2583 4038 2652 4093 ad
2705 4037 2901 4106 Deum,
2953 4037 3249 4095 considera
3283 4037 3352 4092 ad
3414 4051 3584 4107 quem
3638 4051 3781 4092 acce-

497 4134 629 4189 das:
688 4133 906 4203 hocque
961 4131 1060 4186 tibi
1113 4131 1180 4185 ad
1241 4129 1590 4202 vigilantiam
1645 4130 2078 4200 comparandam
2122 4133 2381 4189 sufﬁciat.

570 4227 848 4298 Ejusdem,
904 4227 1095 4282 homil.
1130 4227 1192 4293 7,
1244 4227 1309 4282 de
1365 4228 1561 4282 divers.
1615 4228 1823 4296 spuria.
1893 4257 1951 4268 —-
1991 4227 2093 4281 Se-

497 4323 665 4376 cessit
694 4320 857 4377 Jesus
889 4321 943 4374 in
971 4329 1158 4391 partes
1188 4317 1320 4392 Tyri
1345 4318 1674 4383 et~Sidonis,
1708 4329 1762 4373 et
1800 4333 1932 4374 ecce
1974 4334 2096 4372 mu-

2286 4228 2544 4301 Ἐξῆλθεν
2567 4229 2595 4281 ὁ
2636 4226 2846 4298 Ἰησοῦς
2875 4228 2956 4292 εἰς
2995 4231 3065 4282 τά
3098 4226 3239 4298 μέρη
3277 4225 3459 4297 Τύρου
3503 4225 3603 4280 καί
3633 4225 3801 4278 Σιδῶα·

2202 4337 2314 4383 νος,
2346 4321 2440 4372 καὶ
2473 4319 2584 4372 ἰδοὺ
2615 4318 2776 4390 γυνὴ,
2806 4318 2867 4371 τὸ
2916 4317 3151 4372 παλαιὸν
3182 4317 3349 4370 ὅπλον
3390 4316 3489 4370 τοῦ
3520 4317 3784 4381 διαϐόλου,

497 4413 622 4480 lier,
673 4413 882 4469 diaboli
927 4422 1084 4469 vetus
1124 4423 1424 4474 armatura,
1475 4426 1598 4482 qua:
1646 4427 1732 4466 me
1771 4425 1801 4465 e
1837 4409 2093 4480 paradiso

2203 4411 2237 4482 ἡ
2263 4413 2359 4464 τοῦ
2379 4411 2714 4481 παραδείσου
2753 4429 2820 4483 με
2852 4411 3181 4477 ἐκϐαλοῦσα,
3207 4413 3239 4482 ἡ
3275 4412 3460 4483 μήτηρ
3483 4413 3584 4482 τῆς
3618 4427 3785 4481 παρα-

495 4505 728 4576 expulit,
762 4515 937 4560 mater
973 4503 1478 4575 prazvaricationis‘,
1510 4503 1668 4571 origo
1712 4502 1941 4571 peccati,
1985 4501 2093 4554 haec

2204 4504 2421 4574 νομίας,
2455 4507 2490 4575 ἡ
2531 4505 2674 4576 ἀρχὴ
2701 4506 2805 4573 τῆς
2838 4504 3115 4576 ἁμαρτίας
3137 4520 3155 4536 ο
3194 4503 3336 4574 αὐτὴ
3379 4504 3568 4574 ἐκείνη
3600 4505 3632 4573 1‘,
3657 4502 3783 4573 γυνὴ

497 4599 588 4653 illa
630 4599 828 4653 mulier
868 4599 1036 4652 venit.
1083 4597 1234 4652 Nova
1266 4611 1355 4651 res
1409 4603 1464 4650 et
1507 4593 1872 4649 admiranda!
1925 4591 2096 4647 Judaei

495 4691 737 4762 fugiunt,
766 4688 968 4744 mulier
992 4695 1372 4745 consectatur.
1416 4685 1656 4755 Haecque
1684 4685 1916 4756 rogabat
1944 4701 2095 4748 eum,

493 4781 688 4837 dicens
712 4801 727 4836 :
755 4781 1004 4847 Domine,
1023 4780 1136 4836 Fili
1160 4780 1351 4840 David.
1375 4779 1626 4833 miserere
1649 4778 1749 4831 mei
1769 4778 1986 4850 (Matth.
2005 4793 2096 4838 xv,

492 4873 606 4941 22).
643 4873 991 4945 Evangelista
1020 4875 1220 4929 mulier
1249 4872 1511 4936 eﬂicitur,
1548 4886 1792 4940 unaque,
1823 4881 1938 4926 tum
1979 4871 2098 4927 dei-

495 4972 690 5030 tatem,
721 4975 838 5020 tum
872 4966 1128 5021 humana:
1167 4965 1354 5020 carnis
1389 4965 1832 5034 assumptiouem
1865 4966 2098 5020 confite-

495 5064 629 5112 tur:
670 5056 908 5112 dicendo
959 5058 1244 5121 nimirum,
1299 5055 1560 5122 Domine,
1616 5055 2094 5124 dominationem;

493 5146 730 5201 dicendo
757 5161 1004 5211 rursum,
1037 5147 1152 5200 Fili
1197 5144 1389 5210 Dauid,
1439 5145 1878 5217 assumptionem
1909 5148 2096 5202 carnis

493 5232 781 5304 praedicat.
815 5233 1072 5290 Miserere
1094 5237 1215 5290 mei.
1252 5236 1502 5302 Nullum,
1537 5236 1741 5308 inquit,
1764 5239 2094 5309 praeclarum

493 5327 714 5384 facinus
735 5327 939 5396 habeo,
970 5330 1179 5384 nullam
1203 5346 1271 5386 ex
1302 5331 1476 5401 proba
1497 5331 1926 5386 conversatione
1955 5331 2095 5386 ﬁdu-

494 5417 660 5474 ciam.
697 5418 780 5476 Ad
808 5419 1250 5478 misericordiam
1279 5421 1562 5491 confugio,
1595 5423 1688 5477 ubi
1723 5423 1878 5479 salus
1907 5438 1938 5476 a
1967 5437 2097 5478 cen-

493 5525 631 5567 ειη-ιι
647 5511 819 5567 libera
843 5521 951 5569 est.
989 5512 1057 5570 Et
1086 5522 1145 5569 tu
1179 5515 1426 5584 quidem,
1457 5527 1588 5570 cum
1622 5515 1874 5585 improba
1904 5522 1959 5569 et
1999 5513 2098 5569 lla-

489 5602 694 5674 gitiosa
715 5619 892 5672 esses,
920 5619 1032 5678 qua
1068 5606 1251 5664 fronte
1273 5610 1543 5664 accedere
1577 5623 1711 5664 ausa
1740 5607 1841 5664 es?
1869 5607 1951 5662 Ac
1973 5606 2098 5661 vide

493 5697 746 5754 mulieris
783 5699 1218 5771 philosophiam.
1269 5699 1392 5757 Non
1448 5709 1609 5773 rogat
1648 5700 1944 5768 Iacobum,
1984 5715 2095 5755 non

494 5795 618 5840 orat
645 5783 934 5850 Joannem.
967 5806 1079 5851 non
1105 5790 1220 5848 adit
1252 5791 1508 5862 Petrum;
1542 5793 1638 5850 sed
1670 5793 1904 5850 chorum
1941 5791 2093 5850 illum

2201 4595 2444 4667 ἔρχεται.
2487 4597 2690 4649 Καινὸν
2745 4597 2981 4667 πρᾶγμα
3031 4596 3125 4648 καὶ
3161 4595 3504 4666 παράδοξονί
3549 4596 3783 4649 Ἰουδαῖοι

2201 4688 2502 4758 φεύγουσι,
2563 4689 2656 4742 καὶ
2703 4688 2845 4759 γυνὴ
2894 4687 3249 4742 καταδιώκει.
3313 4690 3426 4743 Καὶ
3493 4687 3782 4761 παρεκάλει

2201 4781 2365 4834 αὐτὸν
2421 4781 2692 4850 λέγουσα·
2740 4783 2950 4848 Κύριε,
2999 4782 3096 4836 Υἱὲ
3124 4781 3336 4848 Δαϐἰδ,
3387 4781 3655 4850 ἐλέησόν
3691 4797 3778 4851 με.

2201 4871 2645 4942 Εὐαγγελίστρια
2696 4873 2907 4941 γίνεται
2952 4875 2985 4944 ἡ
3042 4872 3205 4944 γυνὴ,
3256 4873 3354 4926 καὶ
3401 4869 3507 4943 τὴν
3540 4873 3778 4944 θεότητα,

2200 4965 2295 5018 καὶ
2324 4965 2426 5036 τὴν
2453 4965 2771 5032 οἰκονομίαν
2799 4965 3086 5037 ὁμολογεῖ·
3121 4967 3322 5034 Κύριε,
3348 4967 3445 5020 καὶ
3477 4966 3580 5038 τὴν
3598 4967 3778 5020 δεσπο-

2198 5055 2351 5110 τείαν
2371 5070 2385 5084 ·
2425 5055 2524 5110 ne
2550 5057 2753 5122 Δαϐὶδ,
2783 5059 2883 5128 τῆς
2903 5057 3110 5128 σαρκὸς
3134 5059 3234 5127 τὴν
3261 5059 3558 5128 ἀνάληψιν.
3598 5054 3778 5120 Ἐλέη-

2197 5151 2318 5204 σόν
2335 5165 2433 5218 με.
2465 5149 2581 5202 Οὐκ
2605 5149 2714 5219 ἔχω
2739 5150 3081 5223 κατόρθωμα
3117 5152 3235 5223 βίου
3255 5167 3270 5184 ·
3302 5151 3400 5204 οὐκ
3438 5151 3550 5222 ἔχω
3575 5150 3777 5220 παρρη-

2201 5242 2322 5294 σίαν
2371 5240 2672 5306 πολιτείας.
2710 5243 2837 5296 Ἐπὶ
2882 5243 3032 5298 ἔλεον
3078 5241 3434 5314 καταφεύγω,
3461 5242 3598 5296 ὃπου
3630 5238 3776 5307 ἁνεξ-
3813 5287 3827 5303 ,

2199 5333 2428 5397 ἐταστος
2471 5335 2739 5405 σωτηρία.
2779 5335 2890 5388 Καὶ
2933 5337 2988 5389 τί
3023 5332 3162 5400 εἶδες
3201 5335 3367 5400 οὕτω,
3403 5335 3619 5406 πονηρά
3650 5329 3773 5388 οὖσα
3801 5324 3814 5341 ⁸

2199 5425 2296 5480 καὶ
2339 5426 2697 5498 παράνομος;
2727 5427 2852 5493 Πῶς
2899 5429 3206 5501 ἐτόλμησας
3264 5427 3621 5499 προσελθεῖν;
3675 5423 3775 5478 Καὶ

2199 5518 2303 5589 ὅρα
2347 5517 2605 5585 γυναικὸς
2641 5517 2988 5587 φιλοσοφίαν.
3021 5517 3097 5572 Οὐ
3145 5517 3462 5590 παρακαλεῖ
3493 5514 3771 5572 Ἰάκωϐονο

2198 5609 2259 5662 οὐ
2291 5608 2472 5662 δέεται
2513 5610 2789 5676 Ἰωάννου,
2831 5610 2951 5664 οὐδὲ
2987 5612 3356 5682 προσέρχεται
3391 5611 3617 5681 Πέτρον,
3649 5604 3773 5662 ἀλλὰ

2197 5699 2420 5771 διέτεμε
2462 5700 2554 5755 τὸν
2605 5701 2788 5775 χορόν.
2821 5703 2938 5757 Οὐκ
2994 5703 3105 5776 ἔχω
3138 5703 3367 5775 μεσίτου
3404 5702 3617 5774 χρείαν,
3646 5697 3770 5754 ἀλλὰ

2200 5793 2443 5849 λαϐοῦσα
2477 5793 2578 5867 τὴν
2609 5795 2906 5866 μετάνοιαν
2952 5798 3292 5870 συνήγορον,
3337 5798 3476 5871 αὐτῇ
3511 5797 3581 5868 τῇ
3632 5793 3766 5865 πηγῇ
