  <div class='ocr_page' id='page_1' title='image "/cluster/home/n/w/nwhite01/storage/ocr_20150623/95:no.2/coo.31924054869999/730.png"; bbox 0 0 4028 6402; ppageno 0'>
   <div class='ocr_carea' id='block_1_1' title="bbox 278 343 415 407">
    <p class='ocr_par' dir='ltr' id='par_1_1' title="bbox 278 343 415 407">
     <span class='ocr_line' id='line_1_1' title="bbox 278 343 415 407; baseline 0 0"><span class='ocrx_word' id='word_1_1' title='bbox 278 343 415 407; x_wconf 71' lang='grc'><strong>1445</strong></span> 
     </span>
    </p>
   </div>
   <div class='ocr_carea' id='block_1_2' title="bbox 1536 351 2277 418">
    <p class='ocr_par' dir='ltr' id='par_1_2' title="bbox 1536 351 2277 418">
     <span class='ocr_line' id='line_1_2' title="bbox 1536 351 2277 418; baseline 0.008 -7"><span class='ocrx_word' id='word_1_2' title='bbox 1536 352 1775 413; x_wconf 82' lang='lat' dir='ltr'><strong>SACRA</strong></span> <span class='ocrx_word' id='word_1_3' title='bbox 1813 351 2277 418; x_wconf 78' lang='lat' dir='ltr'><strong>PARALLELA.</strong></span> 
     </span>
    </p>
   </div>
   <div class='ocr_carea' id='block_1_3' title="bbox 3425 359 3568 426">
    <p class='ocr_par' dir='ltr' id='par_1_3' title="bbox 3425 359 3568 426">
     <span class='ocr_line' id='line_1_3' title="bbox 3425 359 3568 426; baseline -0.021 0"><span class='ocrx_word' id='word_1_4' title='bbox 3425 359 3568 426; x_wconf 72' lang='grc'><strong>1446</strong></span> 
     </span>
    </p>
   </div>
   <div class='ocr_carea' id='block_1_4' title="bbox 269 459 1850 542">
    <p class='ocr_par' dir='ltr' id='par_1_4' title="bbox 269 459 1850 540">
     <span class='ocr_line' id='line_1_4' title="bbox 269 459 1850 540; baseline 0.006 -28"><span class='ocrx_word' id='word_1_5' title='bbox 269 459 676 532; x_wconf 80' lang='grc' dir='ltr'><strong>προσέρχομαι.</strong></span> <span class='ocrx_word' id='word_1_6' title='bbox 712 462 815 516; x_wconf 79' lang='grc' dir='ltr'><strong>Διὰ</strong></span> <span class='ocrx_word' id='word_1_7' title='bbox 850 462 1014 518; x_wconf 84' lang='grc' dir='ltr'><strong>τοῦτο</strong></span> <span class='ocrx_word' id='word_1_8' title='bbox 1062 465 1267 537; x_wconf 81' lang='grc' dir='ltr'><strong>κατέϐη</strong></span> <span class='ocrx_word' id='word_1_9' title='bbox 1290 506 1304 530; x_wconf 93' lang='grc'><strong>,</strong></span> <span class='ocrx_word' id='word_1_10' title='bbox 1354 466 1445 520; x_wconf 84' lang='grc' dir='ltr'><strong>διὰ</strong></span> <span class='ocrx_word' id='word_1_11' title='bbox 1478 468 1640 521; x_wconf 82' lang='grc' dir='ltr'><strong>τοῦτο</strong></span> <span class='ocrx_word' id='word_1_12' title='bbox 1683 469 1850 540; x_wconf 77' lang='grc' dir='ltr'><strong>σάρκα</strong></span> 
     </span>
    </p>
   </div>
   <div class='ocr_carea' id='block_1_5' title="bbox 1952 459 3560 542">
    <p class='ocr_par' dir='ltr' id='par_1_5' title="bbox 1969 468 3560 542">
     <span class='ocr_line' id='line_1_5' title="bbox 1969 468 3560 542; baseline 0.004 -17"><span class='ocrx_word' id='word_1_13' title='bbox 1969 471 2235 539; x_wconf 89' lang='lat' dir='ltr'><strong>pervasit.</strong></span> <span class='ocrx_word' id='word_1_14' title='bbox 2270 469 2416 537; x_wconf 90' lang='lat' dir='ltr'><strong>Non,</strong></span> <span class='ocrx_word' id='word_1_15' title='bbox 2468 470 2676 542; x_wconf 90' lang='lat' dir='ltr'><strong>inquit,</strong></span> <span class='ocrx_word' id='word_1_16' title='bbox 2721 468 2993 527; x_wconf 73' lang='lat' dir='ltr'><strong>mediator</strong></span> <span class='ocrx_word' id='word_1_17' title='bbox 3037 469 3175 526; x_wconf 89' lang='lat' dir='ltr'><strong>mihi</strong></span> <span class='ocrx_word' id='word_1_18' title='bbox 3204 478 3329 540; x_wconf 88' lang='lat' dir='ltr'><strong>est;</strong></span> <span class='ocrx_word' id='word_1_19' title='bbox 3365 487 3560 531; x_wconf 87' lang='lat' dir='ltr'><strong>verum</strong></span> 
     </span>
    </p>
   </div>
   <div class='ocr_carea' id='block_1_6' title="bbox 266 552 1868 630">
    <p class='ocr_par' dir='ltr' id='par_1_6' title="bbox 266 552 1868 630">
     <span class='ocr_line' id='line_1_6' title="bbox 266 552 1868 630; baseline 0.003 -22"><span class='ocrx_word' id='word_1_20' title='bbox 266 552 554 619; x_wconf 76' lang='grc' dir='ltr'><strong>ἀνέλαϐεν,</strong></span> <span class='ocrx_word' id='word_1_21' title='bbox 591 552 680 607; x_wconf 71' lang='grc' dir='ltr'><strong>ἵνα</strong></span> <span class='ocrx_word' id='word_1_22' title='bbox 707 552 820 622; x_wconf 69' lang='grc' dir='ltr'><strong>ἐγὼ</strong></span> <span class='ocrx_word' id='word_1_23' title='bbox 848 553 999 625; x_wconf 81' lang='grc' dir='ltr'><strong>αὐτῷ</strong></span> <span class='ocrx_word' id='word_1_24' title='bbox 1022 555 1313 628; x_wconf 80' lang='grc' dir='ltr'><strong>διαλεχθῶ.</strong></span> <span class='ocrx_word' id='word_1_25' title='bbox 1359 559 1509 612; x_wconf 79' lang='grc' dir='ltr'><strong>Ἀνω</strong></span> <span class='ocrx_word' id='word_1_26' title='bbox 1557 559 1627 612; x_wconf 85' lang='grc' dir='ltr'><strong>τὰ</strong></span> <span class='ocrx_word' id='word_1_27' title='bbox 1659 561 1868 630; x_wconf 82' lang='grc' dir='ltr'><strong>Χερου-</strong></span> 
     </span>
    </p>
   </div>
   <div class='ocr_carea' id='block_1_7' title="bbox 265 644 1868 724">
    <p class='ocr_par' dir='ltr' id='par_1_7' title="bbox 265 644 1868 724">
     <span class='ocr_line' id='line_1_7' title="bbox 265 644 1868 724; baseline 0.004 -25"><span class='ocrx_word' id='word_1_28' title='bbox 265 646 373 718; x_wconf 68' lang='lat' dir='ltr'><strong>Ely.</strong></span> <span class='ocrx_word' id='word_1_29' title='bbox 404 644 571 701; x_wconf 79' lang='grc' dir='ltr'><strong>αὐτὸν</strong></span> <span class='ocrx_word' id='word_1_30' title='bbox 601 648 899 718; x_wconf 81' lang='grc' dir='ltr'><strong>τρέμουσι,</strong></span> <span class='ocrx_word' id='word_1_31' title='bbox 925 649 1023 702; x_wconf 73' lang='grc' dir='ltr'><strong>καὶ</strong></span> <span class='ocrx_word' id='word_1_32' title='bbox 1049 649 1203 704; x_wconf 88' lang='grc' dir='ltr'><strong>κάτω</strong></span> <span class='ocrx_word' id='word_1_33' title='bbox 1225 650 1378 722; x_wconf 83' lang='grc' dir='ltr'><strong>αὐτῷ</strong></span> <span class='ocrx_word' id='word_1_34' title='bbox 1418 651 1593 724; x_wconf 81' lang='grc' dir='ltr'>πόρνη</span> <span class='ocrx_word' id='word_1_35' title='bbox 1622 652 1868 722; x_wconf 85' lang='grc' dir='ltr'><strong>διαλέγε-</strong></span> 
     </span>
    </p>
   </div>
   <div class='ocr_carea' id='block_1_8' title="bbox 158 736 1867 815">
    <p class='ocr_par' dir='ltr' id='par_1_8' title="bbox 158 736 1867 815">
     <span class='ocr_line' id='line_1_8' title="bbox 158 736 1867 815; baseline 0.006 -26"><span class='ocrx_word' id='word_1_36' title='bbox 158 755 185 760; x_wconf 79' lang='grc'><strong>·-</strong></span> <span class='ocrx_word' id='word_1_37' title='bbox 262 753 379 791; x_wconf 86' lang='grc' dir='ltr'><strong>ται.</strong></span> <span class='ocrx_word' id='word_1_38' title='bbox 418 736 711 806; x_wconf 72' lang='grc' dir='ltr'><strong>Ἐλέησόν</strong></span> <span class='ocrx_word' id='word_1_39' title='bbox 735 756 815 808; x_wconf 75' lang='grc' dir='ltr'><strong>με</strong></span> <span class='ocrx_word' id='word_1_40' title='bbox 833 754 849 771; x_wconf 76' lang='grc' dir='ltr'><strong>ο</strong></span> <span class='ocrx_word' id='word_1_41' title='bbox 878 738 1037 809; x_wconf 78' lang='grc' dir='ltr'><strong>ψιλὸν</strong></span> <span class='ocrx_word' id='word_1_42' title='bbox 1066 740 1242 811; x_wconf 77' lang='grc' dir='ltr'><strong>ῥῆμα,</strong></span> <span class='ocrx_word' id='word_1_43' title='bbox 1279 744 1376 797; x_wconf 77' lang='grc' dir='ltr'><strong>καὶ</strong></span> <span class='ocrx_word' id='word_1_44' title='bbox 1398 742 1643 812; x_wconf 80' lang='grc' dir='ltr'><strong>πέλαγος</strong></span> <span class='ocrx_word' id='word_1_45' title='bbox 1663 742 1867 815; x_wconf 77' lang='grc' dir='ltr'><strong>ἀχανὲς</strong></span> 
     </span>
    </p>
   </div>
   <div class='ocr_carea' id='block_1_9' title="bbox 266 827 1865 908">
    <p class='ocr_par' dir='ltr' id='par_1_9' title="bbox 266 827 1865 908">
     <span class='ocr_line' id='line_1_9' title="bbox 266 827 1865 908; baseline 0.008 -28"><span class='ocrx_word' id='word_1_46' title='bbox 266 829 571 900; x_wconf 83' lang='grc' dir='ltr'><strong>σωτηρίας.</strong></span> <span class='ocrx_word' id='word_1_47' title='bbox 614 828 914 898; x_wconf 71' lang='grc' dir='ltr'><strong>Ἐλέησόν</strong></span> <span class='ocrx_word' id='word_1_48' title='bbox 936 849 1014 900; x_wconf 82' lang='grc' dir='ltr'><strong>με</strong></span> <span class='ocrx_word' id='word_1_49' title='bbox 1036 848 1050 862; x_wconf 86' lang='grc'><strong>·</strong></span> <span class='ocrx_word' id='word_1_50' title='bbox 1085 827 1173 888; x_wconf 81' lang='grc' dir='ltr'><strong>διά</strong></span> <span class='ocrx_word' id='word_1_51' title='bbox 1214 832 1376 889; x_wconf 84' lang='grc' dir='ltr'><strong>τοῦτο</strong></span> <span class='ocrx_word' id='word_1_52' title='bbox 1412 836 1743 908; x_wconf 76' lang='grc' dir='ltr'><strong>παρεγένου,</strong></span> <span class='ocrx_word' id='word_1_53' title='bbox 1775 836 1865 893; x_wconf 78' lang='grc' dir='ltr'><strong>διὰ</strong></span> 
     </span>
    </p>
   </div>
   <div class='ocr_carea' id='block_1_10' title="bbox 262 919 1860 999">
    <p class='ocr_par' dir='ltr' id='par_1_10' title="bbox 262 919 1860 999">
     <span class='ocr_line' id='line_1_10' title="bbox 262 919 1860 999; baseline 0.006 -27"><span class='ocrx_word' id='word_1_54' title='bbox 262 919 429 973; x_wconf 84' lang='grc' dir='ltr'><strong>τοῦτο</strong></span> <span class='ocrx_word' id='word_1_55' title='bbox 464 922 647 993; x_wconf 87' lang='grc' dir='ltr'><strong>σάρκα</strong></span> <span class='ocrx_word' id='word_1_56' title='bbox 674 921 964 985; x_wconf 81' lang='grc' dir='ltr'><strong>ἁνέλαδες,</strong></span> <span class='ocrx_word' id='word_1_57' title='bbox 997 922 1086 987; x_wconf 71' lang='grc' dir='ltr'><strong>διὰ</strong></span> <span class='ocrx_word' id='word_1_58' title='bbox 1129 922 1290 979; x_wconf 78' lang='grc' dir='ltr'><strong>τοῦτο</strong></span> <span class='ocrx_word' id='word_1_59' title='bbox 1319 925 1511 994; x_wconf 71' lang='grc' dir='ltr'><strong>ἐγένου</strong></span> <span class='ocrx_word' id='word_1_60' title='bbox 1539 926 1681 997; x_wconf 83' lang='grc' dir='ltr'><strong>ὅπερ</strong></span> <span class='ocrx_word' id='word_1_61' title='bbox 1723 926 1860 999; x_wconf 84' lang='grc' dir='ltr'><strong>είμί.</strong></span> 
     </span>
    </p>
   </div>
   <div class='ocr_carea' id='block_1_11' title="bbox 264 1012 1858 1088">
    <p class='ocr_par' dir='ltr' id='par_1_11' title="bbox 264 1012 1858 1088">
     <span class='ocr_line' id='line_1_11' title="bbox 264 1012 1858 1088; baseline 0.006 -24"><span class='ocrx_word' id='word_1_62' title='bbox 264 1012 420 1065; x_wconf 79' lang='grc' dir='ltr'><strong>Ἀνω</strong></span> <span class='ocrx_word' id='word_1_63' title='bbox 450 1012 679 1082; x_wconf 81' lang='grc' dir='ltr'><strong>τρόμος,</strong></span> <span class='ocrx_word' id='word_1_64' title='bbox 721 1014 819 1067; x_wconf 79' lang='grc' dir='ltr'><strong>καὶ</strong></span> <span class='ocrx_word' id='word_1_65' title='bbox 866 1012 1020 1066; x_wconf 86' lang='grc' dir='ltr'><strong>κάτω</strong></span> <span class='ocrx_word' id='word_1_66' title='bbox 1068 1015 1376 1087; x_wconf 76' lang='grc' dir='ltr'><strong>παρρησία.</strong></span> <span class='ocrx_word' id='word_1_67' title='bbox 1420 1016 1716 1085; x_wconf 69' lang='grc' dir='ltr'><strong>Ἐλέησόν</strong></span> <span class='ocrx_word' id='word_1_68' title='bbox 1741 1033 1858 1088; x_wconf 81' lang='grc' dir='ltr'><strong>με’</strong></span> 
     </span>
    </p>
   </div>
   <div class='ocr_carea' id='block_1_12' title="bbox 259 1101 1859 1181">
    <p class='ocr_par' dir='ltr' id='par_1_12' title="bbox 259 1101 1859 1181">
     <span class='ocr_line' id='line_1_12' title="bbox 259 1101 1859 1181; baseline 0.006 -27"><span class='ocrx_word' id='word_1_69' title='bbox 259 1102 316 1155; x_wconf 82' lang='grc' dir='ltr'><strong>τε</strong></span> <span class='ocrx_word' id='word_1_70' title='bbox 345 1101 525 1172; x_wconf 70' lang='grc' dir='ltr'><strong>ἔχειςς</strong></span> <span class='ocrx_word' id='word_1_71' title='bbox 559 1102 753 1158; x_wconf 81' lang='grc' dir='ltr'><strong>Ἔλεον</strong></span> <span class='ocrx_word' id='word_1_72' title='bbox 776 1102 945 1176; x_wconf 82' lang='grc' dir='ltr'><strong>ζητῶ.</strong></span> <span class='ocrx_word' id='word_1_73' title='bbox 975 1104 1042 1156; x_wconf 92' lang='grc' dir='ltr'><strong>Τί</strong></span> <span class='ocrx_word' id='word_1_74' title='bbox 1062 1105 1327 1177; x_wconf 85' lang='grc' dir='ltr'><strong>πάσχεις;</strong></span> <span class='ocrx_word' id='word_1_75' title='bbox 1366 1107 1438 1163; x_wconf 85' lang='grc' dir='ltr'><em>Ἠ</em></span> <span class='ocrx_word' id='word_1_76' title='bbox 1454 1109 1718 1181; x_wconf 76' lang='grc' dir='ltr'><strong>θυγάτηρ</strong></span> <span class='ocrx_word' id='word_1_77' title='bbox 1739 1129 1859 1181; x_wconf 83' lang='grc' dir='ltr'><strong>μου</strong></span> 
     </span>
    </p>
   </div>
   <div class='ocr_carea' id='block_1_13' title="bbox 259 1191 1854 1276">
    <p class='ocr_par' dir='ltr' id='par_1_13' title="bbox 259 1191 1854 1276">
     <span class='ocr_line' id='line_1_13' title="bbox 259 1191 1854 1276; baseline 0.008 -32"><span class='ocrx_word' id='word_1_78' title='bbox 259 1191 466 1259; x_wconf 74' lang='grc' dir='ltr'><strong>κακῶς</strong></span> <span class='ocrx_word' id='word_1_79' title='bbox 494 1192 913 1262; x_wconf 74' lang='grc' dir='ltr'><strong>δαιμονίζεται.</strong></span> <span class='ocrx_word' id='word_1_80' title='bbox 972 1195 1039 1249; x_wconf 87' lang='grc' dir='ltr'><strong><em>Ἦ</em></strong></span> <span class='ocrx_word' id='word_1_81' title='bbox 1082 1195 1401 1268; x_wconf 80' lang='grc' dir='ltr'><strong>συμπάθεια</strong></span> <span class='ocrx_word' id='word_1_82' title='bbox 1430 1201 1791 1271; x_wconf 80' lang='grc' dir='ltr'><strong>γυμνάζεται,</strong></span> <span class='ocrx_word' id='word_1_83' title='bbox 1821 1206 1854 1276; x_wconf 79' lang='grc' dir='ltr'><strong>ἡ</strong></span> 
     </span>
    </p>
   </div>
   <div class='ocr_carea' id='block_1_14' title="bbox 261 1282 1856 1362">
    <p class='ocr_par' dir='ltr' id='par_1_14' title="bbox 261 1282 1856 1362">
     <span class='ocr_line' id='line_1_14' title="bbox 261 1282 1856 1362; baseline 0.007 -26"><span class='ocrx_word' id='word_1_84' title='bbox 261 1282 431 1353; x_wconf 76' lang='grc' dir='ltr'><strong>φύσις</strong></span> <span class='ocrx_word' id='word_1_85' title='bbox 482 1283 860 1354; x_wconf 80' lang='grc' dir='ltr'><strong>βασανίζεται.</strong></span> <span class='ocrx_word' id='word_1_86' title='bbox 920 1285 1144 1358; x_wconf 77' lang='grc' dir='ltr'><strong>Ἐξῆλθε</strong></span> <span class='ocrx_word' id='word_1_87' title='bbox 1195 1289 1496 1360; x_wconf 81' lang='grc' dir='ltr'><strong>συνήγορος</strong></span> <span class='ocrx_word' id='word_1_88' title='bbox 1543 1290 1640 1344; x_wconf 79' lang='grc' dir='ltr'><strong>τοῦ</strong></span> <span class='ocrx_word' id='word_1_89' title='bbox 1691 1292 1856 1362; x_wconf 65' lang='grc' dir='ltr'><strong>θυγαε</strong></span> 
     </span>
    </p>
   </div>
   <div class='ocr_carea' id='block_1_15' title="bbox 255 1372 1852 1453">
    <p class='ocr_par' dir='ltr' id='par_1_15' title="bbox 255 1372 1852 1453">
     <span class='ocr_line' id='line_1_15' title="bbox 255 1372 1852 1453; baseline 0.007 -25"><span class='ocrx_word' id='word_1_90' title='bbox 255 1376 446 1447; x_wconf 82' lang='grc' dir='ltr'><strong>τρίου·</strong></span> <span class='ocrx_word' id='word_1_91' title='bbox 467 1377 529 1431; x_wconf 79' lang='grc' dir='ltr'><strong>οὐ</strong></span> <span class='ocrx_word' id='word_1_92' title='bbox 562 1377 721 1448; x_wconf 75' lang='grc' dir='ltr'><strong>φέρει</strong></span> <span class='ocrx_word' id='word_1_93' title='bbox 747 1377 849 1448; x_wconf 75' lang='grc' dir='ltr'><strong>τὴν</strong></span> <span class='ocrx_word' id='word_1_94' title='bbox 878 1379 1165 1442; x_wconf 81' lang='grc' dir='ltr'><strong>νοσοῦσαν,</strong></span> <span class='ocrx_word' id='word_1_95' title='bbox 1186 1372 1323 1435; x_wconf 83' lang='grc' dir='ltr'><strong>ἀλλὰ</strong></span> <span class='ocrx_word' id='word_1_96' title='bbox 1349 1381 1508 1453; x_wconf 79' lang='grc' dir='ltr'><strong>φέρει</strong></span> <span class='ocrx_word' id='word_1_97' title='bbox 1523 1381 1623 1453; x_wconf 78' lang='grc' dir='ltr'><strong>τὴν</strong></span> <span class='ocrx_word' id='word_1_98' title='bbox 1649 1383 1852 1440; x_wconf 85' lang='grc' dir='ltr'><strong>πίστιν.</strong></span> 
     </span>
    </p>
   </div>
   <div class='ocr_carea' id='block_1_16' title="bbox 255 1468 1852 1547">
    <p class='ocr_par' dir='ltr' id='par_1_16' title="bbox 255 1468 1852 1547">
     <span class='ocr_line' id='line_1_16' title="bbox 255 1468 1852 1547; baseline 0.007 -26"><span class='ocrx_word' id='word_1_99' title='bbox 255 1468 399 1533; x_wconf 77' lang='grc' dir='ltr'><strong>θεός</strong></span> <span class='ocrx_word' id='word_1_100' title='bbox 432 1471 548 1522; x_wconf 76' lang='grc' dir='ltr'><strong>ἐστι</strong></span> <span class='ocrx_word' id='word_1_101' title='bbox 582 1470 676 1523; x_wconf 78' lang='grc' dir='ltr'><strong>καὶ</strong></span> <span class='ocrx_word' id='word_1_102' title='bbox 704 1470 776 1523; x_wconf 83' lang='grc' dir='ltr'><strong>τὰ</strong></span> <span class='ocrx_word' id='word_1_103' title='bbox 822 1470 1003 1524; x_wconf 85' lang='grc' dir='ltr'><strong>πάντα</strong></span> <span class='ocrx_word' id='word_1_104' title='bbox 1057 1471 1268 1542; x_wconf 84' lang='grc' dir='ltr'><strong>βλέπει.</strong></span> <span class='ocrx_word' id='word_1_105' title='bbox 1321 1472 1384 1529; x_wconf 83' lang='grc' dir='ltr'><strong><em>Ἠ</em></strong></span> <span class='ocrx_word' id='word_1_106' title='bbox 1434 1473 1702 1547; x_wconf 71' lang='grc' dir='ltr'><strong>θυγάτηρ</strong></span> <span class='ocrx_word' id='word_1_107' title='bbox 1731 1494 1852 1547; x_wconf 80' lang='grc' dir='ltr'><strong>μου</strong></span> 
     </span>
    </p>
   </div>
   <div class='ocr_carea' id='block_1_17' title="bbox 255 1559 1852 1640">
    <p class='ocr_par' dir='ltr' id='par_1_17' title="bbox 255 1559 1852 1640">
     <span class='ocr_line' id='line_1_17' title="bbox 255 1559 1852 1640; baseline 0.004 -25"><span class='ocrx_word' id='word_1_108' title='bbox 255 1561 463 1627; x_wconf 78' lang='grc' dir='ltr'><strong>κακῶς</strong></span> <span class='ocrx_word' id='word_1_109' title='bbox 489 1559 908 1631; x_wconf 78' lang='grc' dir='ltr'><strong>δαιμονίζεται.</strong></span> <span class='ocrx_word' id='word_1_110' title='bbox 946 1563 1151 1628; x_wconf 78' lang='grc' dir='ltr'><strong>Πένθος</strong></span> <span class='ocrx_word' id='word_1_111' title='bbox 1207 1564 1447 1635; x_wconf 78' lang='grc' dir='ltr'><strong>χαλεπὸν</strong></span> <span class='ocrx_word' id='word_1_112' title='bbox 1471 1607 1486 1630; x_wconf 92' lang='grc'><strong>,</strong></span> <span class='ocrx_word' id='word_1_113' title='bbox 1530 1567 1593 1621; x_wconf 83' lang='grc' dir='ltr'><strong>τὸ</strong></span> <span class='ocrx_word' id='word_1_114' title='bbox 1626 1570 1852 1640; x_wconf 83' lang='grc' dir='ltr'><strong>κέντρον</strong></span> 
     </span>
    </p>
   </div>
   <div class='ocr_carea' id='block_1_18' title="bbox 254 1653 1852 1727">
    <p class='ocr_par' dir='ltr' id='par_1_18' title="bbox 254 1653 1852 1727">
     <span class='ocr_line' id='line_1_18' title="bbox 254 1653 1852 1727; baseline 0.003 -19"><span class='ocrx_word' id='word_1_115' title='bbox 254 1653 362 1724; x_wconf 82' lang='grc' dir='ltr'><strong>τῆς</strong></span> <span class='ocrx_word' id='word_1_116' title='bbox 395 1653 636 1720; x_wconf 83' lang='grc' dir='ltr'><strong>φύσεως,</strong></span> <span class='ocrx_word' id='word_1_117' title='bbox 679 1654 780 1726; x_wconf 81' lang='grc' dir='ltr'><strong>τὴν</strong></span> <span class='ocrx_word' id='word_1_118' title='bbox 818 1656 1036 1727; x_wconf 79' lang='grc' dir='ltr'><strong>μήτραν</strong></span> <span class='ocrx_word' id='word_1_119' title='bbox 1080 1656 1368 1726; x_wconf 75' lang='grc' dir='ltr'><strong>διασχίζει,</strong></span> <span class='ocrx_word' id='word_1_120' title='bbox 1413 1655 1710 1713; x_wconf 83' lang='grc' dir='ltr'><strong>κλυδώνιον</strong></span> <span class='ocrx_word' id='word_1_121' title='bbox 1735 1662 1852 1723; x_wconf 82' lang='grc' dir='ltr'><strong>τοῖς</strong></span> 
     </span>
    </p>
   </div>
   <div class='ocr_carea' id='block_1_19' title="bbox 1967 563 3605 636">
    <p class='ocr_par' dir='ltr' id='par_1_19' title="bbox 1967 563 3605 636">
     <span class='ocr_line' id='line_1_19' title="bbox 1967 563 3605 636; baseline 0.003 -21"><span class='ocrx_word' id='word_1_122' title='bbox 1967 568 2261 631; x_wconf 80' lang='lat' dir='ltr'><strong>patronam</strong></span> <span class='ocrx_word' id='word_1_123' title='bbox 2323 564 2708 634; x_wconf 74' lang='lat' dir='ltr'><strong>paenitentiam</strong></span> <span class='ocrx_word' id='word_1_124' title='bbox 2766 575 2949 630; x_wconf 87' lang='lat' dir='ltr'><strong>nacta,</strong></span> <span class='ocrx_word' id='word_1_125' title='bbox 2989 564 3058 618; x_wconf 88' lang='lat' dir='ltr'><strong>ad</strong></span> <span class='ocrx_word' id='word_1_126' title='bbox 3108 563 3321 621; x_wconf 72' lang='lat' dir='ltr'><strong>fontem</strong></span> <span class='ocrx_word' id='word_1_127' title='bbox 3377 563 3605 636; x_wconf 70' lang='lat' dir='ltr'><strong>ipsum&quot;</strong></span> 
     </span>
    </p>
   </div>
   <div class='ocr_carea' id='block_1_20' title="bbox 1967 652 3560 726">
    <p class='ocr_par' dir='ltr' id='par_1_20' title="bbox 1967 652 3560 726">
     <span class='ocr_line' id='line_1_20' title="bbox 1967 652 3560 726; baseline 0.001 -17"><span class='ocrx_word' id='word_1_128' title='bbox 1967 655 2196 710; x_wconf 78' lang='lat' dir='ltr'><strong>accedo.</strong></span> <span class='ocrx_word' id='word_1_129' title='bbox 2255 652 2559 726; x_wconf 78' lang='lat' dir='ltr'><strong>Propterea</strong></span> <span class='ocrx_word' id='word_1_130' title='bbox 2610 653 2923 722; x_wconf 83' lang='lat' dir='ltr'><strong>descendit,</strong></span> <span class='ocrx_word' id='word_1_131' title='bbox 2978 663 3275 725; x_wconf 82' lang='lat' dir='ltr'><strong>pmptcrea</strong></span> <span class='ocrx_word' id='word_1_132' title='bbox 3331 669 3560 712; x_wconf 86' lang='lat' dir='ltr'><strong>carnem</strong></span> 
     </span>
    </p>
   </div>
   <div class='ocr_carea' id='block_1_21' title="bbox 1966 742 3561 815">
    <p class='ocr_par' dir='ltr' id='par_1_21' title="bbox 1966 742 3561 815">
     <span class='ocr_line' id='line_1_21' title="bbox 1966 742 3561 815; baseline 0.002 -19"><span class='ocrx_word' id='word_1_133' title='bbox 1966 743 2292 815; x_wconf 81' lang='lat' dir='ltr'><strong>assumpsit,</strong></span> <span class='ocrx_word' id='word_1_134' title='bbox 2324 754 2385 799; x_wconf 89' lang='lat' dir='ltr'><strong>ut</strong></span> <span class='ocrx_word' id='word_1_135' title='bbox 2420 757 2522 815; x_wconf 79' lang='lat' dir='ltr'><strong>ego</strong></span> <span class='ocrx_word' id='word_1_136' title='bbox 2560 742 2743 813; x_wconf 88' lang='lat' dir='ltr'><strong>ipsum</strong></span> <span class='ocrx_word' id='word_1_137' title='bbox 2779 743 3111 814; x_wconf 88' lang='lat' dir='ltr'><strong>alloquerer.</strong></span> <span class='ocrx_word' id='word_1_138' title='bbox 3142 743 3383 800; x_wconf 87' lang='lat' dir='ltr'><strong>Sursum</strong></span> <span class='ocrx_word' id='word_1_139' title='bbox 3411 744 3561 800; x_wconf 83' lang='lat' dir='ltr'><strong>Che-</strong></span> 
     </span>
    </p>
   </div>
   <div class='ocr_carea' id='block_1_22' title="bbox 1965 835 3558 908">
    <p class='ocr_par' dir='ltr' id='par_1_22' title="bbox 1965 835 3558 908">
     <span class='ocr_line' id='line_1_22' title="bbox 1965 835 3558 908; baseline 0.001 -18"><span class='ocrx_word' id='word_1_140' title='bbox 1965 836 2146 891; x_wconf 86' lang='lat' dir='ltr'><strong>rubim</strong></span> <span class='ocrx_word' id='word_1_141' title='bbox 2204 850 2331 893; x_wconf 88' lang='lat' dir='ltr'><strong>eum</strong></span> <span class='ocrx_word' id='word_1_142' title='bbox 2386 844 2798 908; x_wconf 78' lang='lat' dir='ltr'><strong>expavescunt;</strong></span> <span class='ocrx_word' id='word_1_143' title='bbox 2860 835 3004 891; x_wconf 74' lang='lat' dir='ltr'><strong>infra</strong></span> <span class='ocrx_word' id='word_1_144' title='bbox 3058 837 3323 894; x_wconf 80' lang='lat' dir='ltr'><strong>meretrix</strong></span> <span class='ocrx_word' id='word_1_145' title='bbox 3375 837 3558 908; x_wconf 84' lang='lat' dir='ltr'><strong>ipsum</strong></span> 
     </span>
    </p>
   </div>
   <div class='ocr_carea' id='block_1_23' title="bbox 1964 926 3560 999">
    <p class='ocr_par' dir='ltr' id='par_1_23' title="bbox 1964 926 3560 999">
     <span class='ocr_line' id='line_1_23' title="bbox 1964 926 3560 999; baseline 0.002 -19"><span class='ocrx_word' id='word_1_146' title='bbox 1964 927 2242 983; x_wconf 85' lang='lat' dir='ltr'><strong>convenit.</strong></span> <span class='ocrx_word' id='word_1_147' title='bbox 2308 926 2567 982; x_wconf 76' lang='lat' dir='ltr'><strong>Miserere</strong></span> <span class='ocrx_word' id='word_1_148' title='bbox 2617 926 2723 982; x_wconf 82' lang='lat' dir='ltr'><strong>mei</strong></span> <span class='ocrx_word' id='word_1_149' title='bbox 2765 940 2783 979; x_wconf 96' lang='lat'><strong><em>:</em></strong></span> <span class='ocrx_word' id='word_1_150' title='bbox 2822 926 3059 996; x_wconf 78' lang='lat' dir='ltr'><strong>simplex</strong></span> <span class='ocrx_word' id='word_1_151' title='bbox 3094 928 3345 994; x_wconf 81' lang='lat' dir='ltr'><strong>verbum,</strong></span> <span class='ocrx_word' id='word_1_152' title='bbox 3389 928 3560 999; x_wconf 76' lang='lat' dir='ltr'><strong>idque</strong></span> 
     </span>
    </p>
   </div>
   <div class='ocr_carea' id='block_1_24' title="bbox 1962 1017 3558 1090">
    <p class='ocr_par' dir='ltr' id='par_1_24' title="bbox 1962 1017 3558 1090">
     <span class='ocr_line' id='line_1_24' title="bbox 1962 1017 3558 1090; baseline 0.001 -17"><span class='ocrx_word' id='word_1_153' title='bbox 1962 1018 2293 1075; x_wconf 88' lang='lat' dir='ltr'><strong>immensum</strong></span> <span class='ocrx_word' id='word_1_154' title='bbox 2342 1019 2541 1074; x_wconf 87' lang='lat' dir='ltr'><strong>salutis</strong></span> <span class='ocrx_word' id='word_1_155' title='bbox 2584 1020 2836 1090; x_wconf 83' lang='lat' dir='ltr'><strong>pelagus.</strong></span> <span class='ocrx_word' id='word_1_156' title='bbox 2872 1017 3127 1074; x_wconf 77' lang='lat' dir='ltr'><strong>Miserere</strong></span> <span class='ocrx_word' id='word_1_157' title='bbox 3156 1021 3277 1074; x_wconf 84' lang='lat' dir='ltr'><strong>mei.</strong></span> <span class='ocrx_word' id='word_1_158' title='bbox 3315 1020 3447 1075; x_wconf 86' lang='lat' dir='ltr'><strong>Eam</strong></span> <span class='ocrx_word' id='word_1_159' title='bbox 3482 1018 3558 1075; x_wconf 87' lang='lat' dir='ltr'><strong>ob</strong></span> 
     </span>
    </p>
   </div>
   <div class='ocr_carea' id='block_1_25' title="bbox 1961 1110 3556 1177">
    <p class='ocr_par' dir='ltr' id='par_1_25' title="bbox 1961 1110 3556 1177">
     <span class='ocr_line' id='line_1_25' title="bbox 1961 1110 3556 1177; baseline 0.001 -11"><span class='ocrx_word' id='word_1_160' title='bbox 1961 1125 2186 1166; x_wconf 82' lang='lat' dir='ltr'><strong>causam</strong></span> <span class='ocrx_word' id='word_1_161' title='bbox 2210 1111 2524 1177; x_wconf 86' lang='lat' dir='ltr'><strong>accessisti,</strong></span> <span class='ocrx_word' id='word_1_162' title='bbox 2558 1110 2767 1166; x_wconf 88' lang='lat' dir='ltr'><strong>idcirco</strong></span> <span class='ocrx_word' id='word_1_163' title='bbox 2805 1124 3031 1166; x_wconf 86' lang='lat' dir='ltr'><strong>carnem</strong></span> <span class='ocrx_word' id='word_1_164' title='bbox 3058 1111 3311 1177; x_wconf 81' lang='lat' dir='ltr'><strong>induisti,</strong></span> <span class='ocrx_word' id='word_1_165' title='bbox 3345 1111 3556 1167; x_wconf 84' lang='lat' dir='ltr'><strong>idcirco</strong></span> 
     </span>
    </p>
   </div>
   <div class='ocr_carea' id='block_1_26' title="bbox 1960 1202 3554 1274">
    <p class='ocr_par' dir='ltr' id='par_1_26' title="bbox 1960 1202 3554 1274">
     <span class='ocr_line' id='line_1_26' title="bbox 1960 1202 3554 1274; baseline 0.001 -18"><span class='ocrx_word' id='word_1_166' title='bbox 1960 1202 2141 1259; x_wconf 84' lang='lat' dir='ltr'><strong>factus</strong></span> <span class='ocrx_word' id='word_1_167' title='bbox 2191 1218 2251 1260; x_wconf 88' lang='lat' dir='ltr'><strong>es</strong></span> <span class='ocrx_word' id='word_1_168' title='bbox 2294 1204 2347 1259; x_wconf 88' lang='lat' dir='ltr'><strong>id</strong></span> <span class='ocrx_word' id='word_1_169' title='bbox 2380 1202 2533 1274; x_wconf 83' lang='lat' dir='ltr'><strong>quod</strong></span> <span class='ocrx_word' id='word_1_170' title='bbox 2577 1216 2726 1258; x_wconf 87' lang='lat' dir='ltr'><strong>sum.</strong></span> <span class='ocrx_word' id='word_1_171' title='bbox 2787 1202 2882 1259; x_wconf 86' lang='lat' dir='ltr'><strong>Sic</strong></span> <span class='ocrx_word' id='word_1_172' title='bbox 2929 1203 3184 1258; x_wconf 76' lang='lat' dir='ltr'><strong>videlicet</strong></span> <span class='ocrx_word' id='word_1_173' title='bbox 3233 1210 3448 1259; x_wconf 88' lang='lat' dir='ltr'><strong>tremor</strong></span> <span class='ocrx_word' id='word_1_174' title='bbox 3496 1205 3554 1258; x_wconf 78' lang='lat' dir='ltr'><strong>in</strong></span> 
     </span>
    </p>
   </div>
   <div class='ocr_carea' id='block_1_27' title="bbox 1959 1292 3554 1364">
    <p class='ocr_par' dir='ltr' id='par_1_27' title="bbox 1959 1292 3554 1364">
     <span class='ocr_line' id='line_1_27' title="bbox 1959 1292 3554 1364; baseline -0.001 -13"><span class='ocrx_word' id='word_1_175' title='bbox 1959 1294 2217 1364; x_wconf 78' lang='lat' dir='ltr'><strong>supernis</strong></span> <span class='ocrx_word' id='word_1_176' title='bbox 2251 1301 2359 1359; x_wconf 88' lang='lat' dir='ltr'><strong>cst,</strong></span> <span class='ocrx_word' id='word_1_177' title='bbox 2385 1295 2443 1349; x_wconf 89' lang='lat' dir='ltr'><strong>in</strong></span> <span class='ocrx_word' id='word_1_178' title='bbox 2470 1292 2827 1350; x_wconf 83' lang='lat' dir='ltr'><strong>inferioribus</strong></span> <span class='ocrx_word' id='word_1_179' title='bbox 2867 1294 3009 1350; x_wconf 87' lang='lat' dir='ltr'><strong>locis</strong></span> <span class='ocrx_word' id='word_1_180' title='bbox 3045 1292 3267 1352; x_wconf 78' lang='lat' dir='ltr'><strong>ﬁducia.</strong></span> <span class='ocrx_word' id='word_1_181' title='bbox 3300 1293 3554 1350; x_wconf 72' lang='lat' dir='ltr'><strong>Miserere</strong></span> 
     </span>
    </p>
   </div>
   <div class='ocr_carea' id='block_1_28' title="bbox 1955 1386 3555 1458">
    <p class='ocr_par' dir='ltr' id='par_1_28' title="bbox 1955 1386 3555 1458">
     <span class='ocr_line' id='line_1_28' title="bbox 1955 1386 3555 1458; baseline 0.001 -17"><span class='ocrx_word' id='word_1_182' title='bbox 1955 1386 2077 1442; x_wconf 83' lang='lat' dir='ltr'><strong>mei.</strong></span> <span class='ocrx_word' id='word_1_183' title='bbox 2107 1387 2251 1453; x_wconf 89' lang='lat' dir='ltr'><strong>Quid</strong></span> <span class='ocrx_word' id='word_1_184' title='bbox 2281 1386 2501 1444; x_wconf 82' lang='lat' dir='ltr'><strong>babes?</strong></span> <span class='ocrx_word' id='word_1_185' title='bbox 2542 1387 2987 1443; x_wconf 85' lang='lat' dir='ltr'><strong>misericordiam</strong></span> <span class='ocrx_word' id='word_1_186' title='bbox 3019 1401 3224 1458; x_wconf 77' lang='lat' dir='ltr'><strong>quaero.</strong></span> <span class='ocrx_word' id='word_1_187' title='bbox 3258 1386 3401 1453; x_wconf 83' lang='lat' dir='ltr'><strong>Quid</strong></span> <span class='ocrx_word' id='word_1_188' title='bbox 3454 1400 3555 1458; x_wconf 56' lang='lat' dir='ltr'><strong>pa.</strong></span> 
     </span>
    </p>
   </div>
   <div class='ocr_carea' id='block_1_29' title="bbox 1955 1472 3551 1547">
    <p class='ocr_par' dir='ltr' id='par_1_29' title="bbox 1955 1472 3551 1547">
     <span class='ocr_line' id='line_1_29' title="bbox 1955 1472 3551 1547; baseline -0.001 -17"><span class='ocrx_word' id='word_1_189' title='bbox 1955 1475 2136 1531; x_wconf 82' lang='lat' dir='ltr'><strong>teris?</strong></span> <span class='ocrx_word' id='word_1_190' title='bbox 2175 1474 2330 1531; x_wconf 79' lang='lat' dir='ltr'><strong>Filia</strong></span> <span class='ocrx_word' id='word_1_191' title='bbox 2372 1491 2492 1531; x_wconf 82' lang='lat' dir='ltr'><strong>mea</strong></span> <span class='ocrx_word' id='word_1_192' title='bbox 2522 1490 2557 1530; x_wconf 78' lang='grc' dir='ltr'><strong>α</strong></span> <span class='ocrx_word' id='word_1_193' title='bbox 2601 1474 2866 1530; x_wconf 69' lang='lat' dir='ltr'><strong>dwmonio</strong></span> <span class='ocrx_word' id='word_1_194' title='bbox 2901 1475 3044 1530; x_wconf 73' lang='lat' dir='ltr'><strong>male</strong></span> <span class='ocrx_word' id='word_1_195' title='bbox 3076 1484 3300 1529; x_wconf 64' lang='lat' dir='ltr'><strong>teratur</strong></span> <span class='ocrx_word' id='word_1_196' title='bbox 3329 1472 3551 1547; x_wconf 82' lang='lat' dir='ltr'><strong>(Ibid.).</strong></span> 
     </span>
    </p>
   </div>
   <div class='ocr_carea' id='block_1_30' title="bbox 1953 1566 3556 1634">
    <p class='ocr_par' dir='ltr' id='par_1_30' title="bbox 1953 1566 3556 1634">
     <span class='ocr_line' id='line_1_30' title="bbox 1953 1566 3556 1634; baseline 0.001 -15"><span class='ocrx_word' id='word_1_197' title='bbox 1953 1566 2471 1624; x_wconf 68' lang='lat' dir='ltr'><strong>tiommiserationis</strong></span> <span class='ocrx_word' id='word_1_198' title='bbox 2498 1566 2559 1621; x_wconf 79' lang='lat' dir='ltr'><strong>iit</strong></span> <span class='ocrx_word' id='word_1_199' title='bbox 2591 1567 2953 1634; x_wconf 81' lang='lat' dir='ltr'><strong>exercitatio;</strong></span> <span class='ocrx_word' id='word_1_200' title='bbox 3005 1573 3209 1621; x_wconf 86' lang='lat' dir='ltr'><strong>natura</strong></span> <span class='ocrx_word' id='word_1_201' title='bbox 3256 1567 3556 1622; x_wconf 81' lang='lat' dir='ltr'><strong>excrucia-</strong></span> 
     </span>
    </p>
   </div>
   <div class='ocr_carea' id='block_1_31' title="bbox 1952 1655 3551 1728">
    <p class='ocr_par' dir='ltr' id='par_1_31' title="bbox 1952 1655 3551 1728">
     <span class='ocr_line' id='line_1_31' title="bbox 1952 1655 3551 1728; baseline -0.002 -17"><span class='ocrx_word' id='word_1_202' title='bbox 1952 1664 2066 1713; x_wconf 89' lang='lat' dir='ltr'><strong>tur.</strong></span> <span class='ocrx_word' id='word_1_203' title='bbox 2093 1656 2242 1713; x_wconf 81' lang='lat' dir='ltr'><strong>Exiit</strong></span> <span class='ocrx_word' id='word_1_204' title='bbox 2274 1658 2400 1714; x_wconf 71' lang='lat' dir='ltr'><strong>tiliae</strong></span> <span class='ocrx_word' id='word_1_205' title='bbox 2427 1664 2713 1728; x_wconf 86' lang='lat' dir='ltr'><strong>patrona-:</strong></span> <span class='ocrx_word' id='word_1_206' title='bbox 2758 1670 2870 1711; x_wconf 89' lang='lat' dir='ltr'><strong>non</strong></span> <span class='ocrx_word' id='word_1_207' title='bbox 2903 1655 3129 1726; x_wconf 84' lang='lat' dir='ltr'><strong>quidem</strong></span> <span class='ocrx_word' id='word_1_208' title='bbox 3186 1661 3551 1727; x_wconf 76' lang='lat' dir='ltr'><strong>aegrotantem</strong></span> 
     </span>
    </p>
   </div>
   <div class='ocr_carea' id='block_1_32' title="bbox 257 1746 1850 1822">
    <p class='ocr_par' dir='ltr' id='par_1_32' title="bbox 257 1746 1847 1821">
     <span class='ocr_line' id='line_1_32' title="bbox 257 1746 1847 1821; baseline 0.003 -21"><span class='ocrx_word' id='word_1_209' title='bbox 257 1747 599 1817; x_wconf 78' lang='grc' dir='ltr'><strong>σπλάγχνοις</strong></span> <span class='ocrx_word' id='word_1_210' title='bbox 623 1746 949 1817; x_wconf 77' lang='grc' dir='ltr'><strong>εἰργάσατο.</strong></span> <span class='ocrx_word' id='word_1_211' title='bbox 984 1747 1051 1799; x_wconf 90' lang='grc' dir='ltr'><strong>Τί</strong></span> <span class='ocrx_word' id='word_1_212' title='bbox 1072 1748 1314 1819; x_wconf 85' lang='grc' dir='ltr'><strong>ποιήσω;</strong></span> <span class='ocrx_word' id='word_1_213' title='bbox 1353 1749 1707 1821; x_wconf 85' lang='grc' dir='ltr'><strong>Ἀπόλλυμαι.</strong></span> <span class='ocrx_word' id='word_1_214' title='bbox 1737 1751 1847 1804; x_wconf 75' lang='grc' dir='ltr'><strong>Καὶ</strong></span> 
     </span>
    </p>
   </div>
   <div class='ocr_carea' id='block_1_33' title="bbox 1952 1746 3549 1822">
    <p class='ocr_par' dir='ltr' id='par_1_33' title="bbox 1955 1748 3549 1822">
     <span class='ocr_line' id='line_1_33' title="bbox 1955 1748 3549 1822; baseline -0.002 -17"><span class='ocrx_word' id='word_1_215' title='bbox 1955 1756 2163 1822; x_wconf 80' lang='lat' dir='ltr'><strong>gestat,</strong></span> <span class='ocrx_word' id='word_1_216' title='bbox 2189 1748 2286 1807; x_wconf 85' lang='lat' dir='ltr'><strong>sed</strong></span> <span class='ocrx_word' id='word_1_217' title='bbox 2316 1750 2503 1807; x_wconf 77' lang='lat' dir='ltr'><strong>iidem.</strong></span> <span class='ocrx_word' id='word_1_218' title='bbox 2530 1749 2673 1806; x_wconf 88' lang='lat' dir='ltr'><strong>Deus</strong></span> <span class='ocrx_word' id='word_1_219' title='bbox 2694 1757 2801 1817; x_wconf 86' lang='lat' dir='ltr'><strong>est,</strong></span> <span class='ocrx_word' id='word_1_220' title='bbox 2832 1756 2997 1820; x_wconf 86' lang='lat' dir='ltr'><strong>atque</strong></span> <span class='ocrx_word' id='word_1_221' title='bbox 3018 1749 3210 1804; x_wconf 80' lang='lat' dir='ltr'><strong>omnia</strong></span> <span class='ocrx_word' id='word_1_222' title='bbox 3233 1756 3549 1803; x_wconf 81' lang='lat' dir='ltr'><strong>contuetur.</strong></span> 
     </span>
    </p>
   </div>
   <div class='ocr_carea' id='block_1_34' title="bbox 251 1820 1850 1913">
    <p class='ocr_par' dir='ltr' id='par_1_34' title="bbox 251 1820 1846 1913">
     <span class='ocr_line' id='line_1_34' title="bbox 251 1820 1846 1913; baseline 0.003 -21"><span class='ocrx_word' id='word_1_223' title='bbox 251 1838 350 1892; x_wconf 81' lang='grc' dir='ltr'><strong>διὰ</strong></span> <span class='ocrx_word' id='word_1_224' title='bbox 379 1838 433 1891; x_wconf 84' lang='grc' dir='ltr'><strong>τί</strong></span> <span class='ocrx_word' id='word_1_225' title='bbox 465 1839 567 1893; x_wconf 77' lang='grc' dir='ltr'><strong>οὐκ</strong></span> <span class='ocrx_word' id='word_1_226' title='bbox 594 1834 770 1904; x_wconf 70' lang='grc' dir='ltr'><strong>εἶπεν,</strong></span> <span class='ocrx_word' id='word_1_227' title='bbox 816 1837 1069 1909; x_wconf 86' lang='grc' dir='ltr'><strong>Ἐλέησον</strong></span> <span class='ocrx_word' id='word_1_228' title='bbox 1088 1837 1188 1909; x_wconf 76' lang='grc' dir='ltr'><strong>τὴν</strong></span> <span class='ocrx_word' id='word_1_229' title='bbox 1216 1839 1496 1912; x_wconf 82' lang='grc' dir='ltr'><strong>θυγατέρα</strong></span> <span class='ocrx_word' id='word_1_230' title='bbox 1528 1820 1654 1913; x_wconf 91' lang='grc' dir='ltr'><strong>μου,</strong></span> <span class='ocrx_word' id='word_1_231' title='bbox 1683 1841 1846 1908; x_wconf 82' lang='grc' dir='ltr'><strong>ἀλλὰ,</strong></span> 
     </span>
    </p>
   </div>
   <div class='ocr_carea' id='block_1_35' title="bbox 1952 1820 3545 1913">
    <p class='ocr_par' dir='ltr' id='par_1_35' title="bbox 1957 1820 3545 1908">
     <span class='ocr_line' id='line_1_35' title="bbox 1957 1820 3545 1908; baseline -0.003 -12"><span class='ocrx_word' id='word_1_232' title='bbox 1957 1820 2106 1896; x_wconf 63' lang='lat' dir='ltr'><strong>Filia</strong></span> <span class='ocrx_word' id='word_1_233' title='bbox 2133 1857 2251 1897; x_wconf 87' lang='lat' dir='ltr'><strong>mea</strong></span> <span class='ocrx_word' id='word_1_234' title='bbox 2282 1860 2314 1896; x_wconf 91' lang='lat' dir='ltr'><strong>a</strong></span> <span class='ocrx_word' id='word_1_235' title='bbox 2338 1844 2605 1898; x_wconf 60' lang='lat' dir='ltr'><strong>demetrio</strong></span> <span class='ocrx_word' id='word_1_236' title='bbox 2632 1840 2771 1896; x_wconf 86' lang='lat' dir='ltr'><strong>male</strong></span> <span class='ocrx_word' id='word_1_237' title='bbox 2804 1847 3049 1896; x_wconf 73' lang='lat' dir='ltr'><strong>vexatur.</strong></span> <span class='ocrx_word' id='word_1_238' title='bbox 3086 1840 3298 1895; x_wconf 89' lang='lat' dir='ltr'><strong>Luctus</strong></span> <span class='ocrx_word' id='word_1_239' title='bbox 3334 1838 3545 1908; x_wconf 81' lang='lat' dir='ltr'><strong>gravis,</strong></span> 
     </span>
    </p>
   </div>
   <div class='ocr_carea' id='block_1_36' title="bbox 266 1929 1848 2003">
    <p class='ocr_par' dir='ltr' id='par_1_36' title="bbox 266 1929 1848 2003">
     <span class='ocr_line' id='line_1_36' title="bbox 266 1929 1848 2003; baseline 0.004 -20"><span class='ocrx_word' id='word_1_240' title='bbox 266 1929 579 1997; x_wconf 71' lang='grc' dir='ltr'><strong>Ἐλέησόν</strong></span> <span class='ocrx_word' id='word_1_241' title='bbox 586 1945 702 2000; x_wconf 82' lang='grc' dir='ltr'><strong>με;</strong></span> <span class='ocrx_word' id='word_1_242' title='bbox 731 1929 913 2002; x_wconf 80' lang='grc' dir='ltr'><strong>ἐκείνη</strong></span> <span class='ocrx_word' id='word_1_243' title='bbox 937 1930 1046 2002; x_wconf 82' lang='grc' dir='ltr'><strong>γὰρ</strong></span> <span class='ocrx_word' id='word_1_244' title='bbox 1064 1931 1122 1985; x_wconf 80' lang='grc' dir='ltr'><strong>ὲν</strong></span> <span class='ocrx_word' id='word_1_245' title='bbox 1146 1930 1402 2002; x_wconf 75' lang='grc' dir='ltr'><strong>ἀσθενείᾳ</strong></span> <span class='ocrx_word' id='word_1_246' title='bbox 1421 1932 1535 2003; x_wconf 78' lang='grc' dir='ltr'><strong>ἔχει</strong></span> <span class='ocrx_word' id='word_1_247' title='bbox 1562 1932 1623 1987; x_wconf 81' lang='grc' dir='ltr'><strong>τὸ</strong></span> <span class='ocrx_word' id='word_1_248' title='bbox 1654 1935 1848 2000; x_wconf 81' lang='grc' dir='ltr'><strong>πάθος.</strong></span> 
     </span>
    </p>
   </div>
   <div class='ocr_carea' id='block_1_37' title="bbox 252 2017 1849 2098">
    <p class='ocr_par' dir='ltr' id='par_1_37' title="bbox 252 2017 1849 2098">
     <span class='ocr_line' id='line_1_37' title="bbox 252 2017 1849 2098; baseline 0.004 -23"><span class='ocrx_word' id='word_1_249' title='bbox 252 2023 376 2076; x_wconf 61' lang='grc' dir='ltr'><strong>Οὐκ</strong></span> <span class='ocrx_word' id='word_1_250' title='bbox 398 2017 508 2074; x_wconf 78' lang='grc' dir='ltr'><strong>οἶδε</strong></span> <span class='ocrx_word' id='word_1_251' title='bbox 534 2020 586 2075; x_wconf 84' lang='grc' dir='ltr'><strong>τί</strong></span> <span class='ocrx_word' id='word_1_252' title='bbox 628 2020 853 2093; x_wconf 86' lang='grc' dir='ltr'><strong>πάσχει,</strong></span> <span class='ocrx_word' id='word_1_253' title='bbox 885 2023 983 2075; x_wconf 77' lang='grc' dir='ltr'><strong>καὶ</strong></span> <span class='ocrx_word' id='word_1_254' title='bbox 1013 2023 1114 2076; x_wconf 80' lang='grc' dir='ltr'><strong>οὐκ</strong></span> <span class='ocrx_word' id='word_1_255' title='bbox 1154 2022 1478 2077; x_wconf 82' lang='grc' dir='ltr'><strong>αἰσθάνεται</strong></span> <span class='ocrx_word' id='word_1_256' title='bbox 1499 2026 1601 2097; x_wconf 80' lang='grc' dir='ltr'><strong>τῆς</strong></span> <span class='ocrx_word' id='word_1_257' title='bbox 1632 2026 1849 2098; x_wconf 82' lang='grc' dir='ltr'><strong>ἡδονῆς,</strong></span> 
     </span>
    </p>
   </div>
   <div class='ocr_carea' id='block_1_38' title="bbox 250 2109 1847 2185">
    <p class='ocr_par' dir='ltr' id='par_1_38' title="bbox 250 2109 1847 2185">
     <span class='ocr_line' id='line_1_38' title="bbox 250 2109 1847 2185; baseline 0.004 -21"><span class='ocrx_word' id='word_1_258' title='bbox 250 2109 675 2182; x_wconf 77' lang='grc' dir='ltr'><strong>παραπέτασμα</strong></span> <span class='ocrx_word' id='word_1_259' title='bbox 724 2111 823 2182; x_wconf 82' lang='grc' dir='ltr'><strong>τῆς</strong></span> <span class='ocrx_word' id='word_1_260' title='bbox 880 2113 1174 2183; x_wconf 78' lang='grc' dir='ltr'><strong>συμφορᾶς</strong></span> <span class='ocrx_word' id='word_1_261' title='bbox 1228 2113 1429 2184; x_wconf 75' lang='grc' dir='ltr'><strong>ἔχουσα</strong></span> <span class='ocrx_word' id='word_1_262' title='bbox 1458 2114 1523 2168; x_wconf 82' lang='grc' dir='ltr'><strong>τὸ</strong></span> <span class='ocrx_word' id='word_1_263' title='bbox 1572 2116 1847 2185; x_wconf 81' lang='grc' dir='ltr'><strong>ἀνόδυνον,</strong></span> 
     </span>
    </p>
   </div>
   <div class='ocr_carea' id='block_1_39' title="bbox 252 2202 1851 2281">
    <p class='ocr_par' dir='ltr' id='par_1_39' title="bbox 252 2202 1851 2281">
     <span class='ocr_line' id='line_1_39' title="bbox 252 2202 1851 2281; baseline 0.006 -26"><span class='ocrx_word' id='word_1_264' title='bbox 252 2202 468 2276; x_wconf 76' lang='grc' dir='ltr'><strong>μᾶλλον</strong></span> <span class='ocrx_word' id='word_1_265' title='bbox 497 2203 557 2258; x_wconf 77' lang='grc' dir='ltr'><strong>δὲ</strong></span> <span class='ocrx_word' id='word_1_266' title='bbox 581 2203 645 2256; x_wconf 82' lang='grc' dir='ltr'><strong>τὸ</strong></span> <span class='ocrx_word' id='word_1_267' title='bbox 676 2203 1025 2276; x_wconf 83' lang='grc' dir='ltr'><strong>ἀναίσθητον.</strong></span> <span class='ocrx_word' id='word_1_268' title='bbox 1066 2205 1197 2276; x_wconf 78' lang='grc' dir='ltr'><strong>Ἐμὲ</strong></span> <span class='ocrx_word' id='word_1_269' title='bbox 1222 2205 1280 2259; x_wconf 80' lang='grc' dir='ltr'><strong>δὲ</strong></span> <span class='ocrx_word' id='word_1_270' title='bbox 1312 2206 1557 2279; x_wconf 75' lang='grc' dir='ltr'><strong>ἐλέησον,</strong></span> <span class='ocrx_word' id='word_1_271' title='bbox 1581 2209 1682 2281; x_wconf 80' lang='grc' dir='ltr'><strong>τὴν</strong></span> <span class='ocrx_word' id='word_1_272' title='bbox 1712 2209 1851 2264; x_wconf 85' lang='grc' dir='ltr'><strong>θεω-</strong></span> 
     </span>
    </p>
   </div>
   <div class='ocr_carea' id='block_1_40' title="bbox 253 2295 1850 2373">
    <p class='ocr_par' dir='ltr' id='par_1_40' title="bbox 253 2295 1850 2373">
     <span class='ocr_line' id='line_1_40' title="bbox 253 2295 1850 2373; baseline 0.003 -22"><span class='ocrx_word' id='word_1_273' title='bbox 253 2297 356 2370; x_wconf 82' lang='grc' dir='ltr'><strong>ρὸν</strong></span> <span class='ocrx_word' id='word_1_274' title='bbox 381 2295 491 2350; x_wconf 84' lang='grc' dir='ltr'><strong>τῶν</strong></span> <span class='ocrx_word' id='word_1_275' title='bbox 517 2295 906 2368; x_wconf 84' lang='grc' dir='ltr'><strong>καθημερινῶν</strong></span> <span class='ocrx_word' id='word_1_276' title='bbox 928 2297 1138 2351; x_wconf 86' lang='grc' dir='ltr'><strong>κακῶν.</strong></span> <span class='ocrx_word' id='word_1_277' title='bbox 1160 2296 1405 2370; x_wconf 85' lang='grc' dir='ltr'><strong>Θέατρον</strong></span> <span class='ocrx_word' id='word_1_278' title='bbox 1425 2300 1535 2371; x_wconf 79' lang='grc' dir='ltr'><strong>ἔχω</strong></span> <span class='ocrx_word' id='word_1_279' title='bbox 1563 2305 1850 2373; x_wconf 83' lang='grc' dir='ltr'><strong>συμφορᾶς</strong></span> 
     </span>
    </p>
   </div>
   <div class='ocr_carea' id='block_1_41' title="bbox 251 2382 1846 2462">
    <p class='ocr_par' dir='ltr' id='par_1_41' title="bbox 251 2382 1846 2462">
     <span class='ocr_line' id='line_1_41' title="bbox 251 2382 1846 2462; baseline 0.004 -23"><span class='ocrx_word' id='word_1_280' title='bbox 251 2389 320 2439; x_wconf 77' lang='grc' dir='ltr'><strong>ἐν</strong></span> <span class='ocrx_word' id='word_1_281' title='bbox 351 2388 421 2458; x_wconf 77' lang='grc' dir='ltr'><strong>τῇ</strong></span> <span class='ocrx_word' id='word_1_282' title='bbox 449 2386 620 2458; x_wconf 76' lang='grc' dir='ltr'><strong>οἰκίᾳ.</strong></span> <span class='ocrx_word' id='word_1_283' title='bbox 655 2387 767 2441; x_wconf 81' lang='grc' dir='ltr'><strong>Ποῦ</strong></span> <span class='ocrx_word' id='word_1_284' title='bbox 813 2386 1067 2455; x_wconf 60' lang='lat' dir='ltr'><strong>duremus;</strong></span> <span class='ocrx_word' id='word_1_285' title='bbox 1094 2389 1176 2454; x_wconf 83' lang='grc' dir='ltr'><strong>είς</strong></span> <span class='ocrx_word' id='word_1_286' title='bbox 1206 2390 1309 2460; x_wconf 83' lang='grc' dir='ltr'><strong>τὴν</strong></span> <span class='ocrx_word' id='word_1_287' title='bbox 1342 2382 1590 2462; x_wconf 45' lang='grc' dir='ltr'><strong>ἑρημονξ</strong></span> <span class='ocrx_word' id='word_1_288' title='bbox 1632 2392 1752 2446; x_wconf 76' lang='grc' dir='ltr'><strong>ἀλλ’</strong></span> <span class='ocrx_word' id='word_1_289' title='bbox 1784 2394 1846 2446; x_wconf 80' lang='grc' dir='ltr'><strong>οὐ</strong></span> 
     </span>
    </p>
   </div>
   <div class='ocr_carea' id='block_1_42' title="bbox 250 2478 1847 2556">
    <p class='ocr_par' dir='ltr' id='par_1_42' title="bbox 250 2478 1847 2556">
     <span class='ocr_line' id='line_1_42' title="bbox 250 2478 1847 2556; baseline 0.005 -24"><span class='ocrx_word' id='word_1_290' title='bbox 250 2478 446 2549; x_wconf 82' lang='grc' dir='ltr'><strong>τολμῶ</strong></span> <span class='ocrx_word' id='word_1_291' title='bbox 476 2479 649 2549; x_wconf 78' lang='grc' dir='ltr'><strong>αὐτὴν</strong></span> <span class='ocrx_word' id='word_1_292' title='bbox 696 2478 1021 2535; x_wconf 81' lang='grc' dir='ltr'><strong>καταλιπεῖν</strong></span> <span class='ocrx_word' id='word_1_293' title='bbox 1062 2483 1251 2552; x_wconf 85' lang='grc' dir='ltr'><strong>μόνην.</strong></span> <span class='ocrx_word' id='word_1_294' title='bbox 1308 2482 1451 2535; x_wconf 85' lang='grc' dir='ltr'><strong>Ἀλλ’</strong></span> <span class='ocrx_word' id='word_1_295' title='bbox 1489 2484 1574 2547; x_wconf 87' lang='grc' dir='ltr'><strong>είς</strong></span> <span class='ocrx_word' id='word_1_296' title='bbox 1624 2483 1724 2556; x_wconf 84' lang='grc' dir='ltr'><strong>τὴν</strong></span> <span class='ocrx_word' id='word_1_297' title='bbox 1764 2484 1847 2540; x_wconf 82' lang='lat' dir='ltr'><strong>oi-</strong></span> 
     </span>
    </p>
   </div>
   <div class='ocr_carea' id='block_1_43' title="bbox 250 2567 1849 2646">
    <p class='ocr_par' dir='ltr' id='par_1_43' title="bbox 250 2567 1849 2646">
     <span class='ocr_line' id='line_1_43' title="bbox 250 2567 1849 2646; baseline 0.006 -26"><span class='ocrx_word' id='word_1_298' title='bbox 250 2568 425 2636; x_wconf 71' lang='lat' dir='ltr'><strong>x-Iatv;</strong></span> <span class='ocrx_word' id='word_1_299' title='bbox 451 2567 568 2621; x_wconf 81' lang='grc' dir='ltr'><strong>ἀλλ’</strong></span> <span class='ocrx_word' id='word_1_300' title='bbox 594 2568 839 2639; x_wconf 80' lang='grc' dir='ltr'><strong>εὑρίσκω</strong></span> <span class='ocrx_word' id='word_1_301' title='bbox 865 2570 959 2623; x_wconf 80' lang='grc' dir='ltr'><strong>τὸν</strong></span> <span class='ocrx_word' id='word_1_302' title='bbox 979 2569 1218 2642; x_wconf 88' lang='grc' dir='ltr'><strong>πόλεμον</strong></span> <span class='ocrx_word' id='word_1_303' title='bbox 1246 2571 1418 2640; x_wconf 80' lang='grc' dir='ltr'><strong>ἔνδον,</strong></span> <span class='ocrx_word' id='word_1_304' title='bbox 1450 2574 1519 2627; x_wconf 83' lang='grc' dir='ltr'><strong>τὰ</strong></span> <span class='ocrx_word' id='word_1_305' title='bbox 1544 2573 1765 2646; x_wconf 86' lang='grc' dir='ltr'><strong>κύματα</strong></span> <span class='ocrx_word' id='word_1_306' title='bbox 1790 2576 1849 2630; x_wconf 82' lang='grc' dir='ltr'><strong>ὲν</strong></span> 
     </span>
    </p>
   </div>
   <div class='ocr_carea' id='block_1_44' title="bbox 250 2657 1846 2735">
    <p class='ocr_par' dir='ltr' id='par_1_44' title="bbox 250 2657 1846 2735">
     <span class='ocr_line' id='line_1_44' title="bbox 250 2657 1846 2735; baseline 0.006 -23"><span class='ocrx_word' id='word_1_307' title='bbox 250 2658 336 2729; x_wconf 81' lang='grc' dir='ltr'><strong>τῷ</strong></span> <span class='ocrx_word' id='word_1_308' title='bbox 360 2657 566 2728; x_wconf 75' lang='grc' dir='ltr'><strong>λιμένι.</strong></span> <span class='ocrx_word' id='word_1_309' title='bbox 583 2659 651 2713; x_wconf 93' lang='grc' dir='ltr'><strong>Τί</strong></span> <span class='ocrx_word' id='word_1_310' title='bbox 681 2660 855 2732; x_wconf 79' lang='grc' dir='ltr'><strong>αὐτὴν</strong></span> <span class='ocrx_word' id='word_1_311' title='bbox 876 2660 1130 2728; x_wconf 82' lang='grc' dir='ltr'><strong>καλέσω;</strong></span> <span class='ocrx_word' id='word_1_312' title='bbox 1160 2662 1363 2735; x_wconf 86' lang='grc' dir='ltr'><strong>νεκράν</strong></span> <span class='ocrx_word' id='word_1_313' title='bbox 1386 2678 1402 2731; x_wconf 89' lang='grc'><strong>;</strong></span> <span class='ocrx_word' id='word_1_314' title='bbox 1428 2663 1567 2718; x_wconf 80' lang='grc' dir='ltr'><strong>ἀλλὰ</strong></span> <span class='ocrx_word' id='word_1_315' title='bbox 1593 2668 1846 2722; x_wconf 78' lang='grc' dir='ltr'><strong>κινεῖται.</strong></span> 
     </span>
    </p>
   </div>
   <div class='ocr_carea' id='block_1_45' title="bbox 263 2750 1851 2826">
    <p class='ocr_par' dir='ltr' id='par_1_45' title="bbox 263 2750 1851 2826">
     <span class='ocr_line' id='line_1_45' title="bbox 263 2750 1851 2826; baseline 0.006 -22"><span class='ocrx_word' id='word_1_316' title='bbox 263 2750 433 2804; x_wconf 83' lang='grc' dir='ltr'><strong>Ἀλλὰ</strong></span> <span class='ocrx_word' id='word_1_317' title='bbox 477 2751 698 2819; x_wconf 81' lang='grc' dir='ltr'><strong>ζῶσαν;</strong></span> <span class='ocrx_word' id='word_1_318' title='bbox 750 2752 869 2806; x_wconf 81' lang='grc' dir='ltr'><strong>ἀλλ’</strong></span> <span class='ocrx_word' id='word_1_319' title='bbox 917 2754 1019 2807; x_wconf 79' lang='grc' dir='ltr'><strong>οὐκ</strong></span> <span class='ocrx_word' id='word_1_320' title='bbox 1053 2750 1166 2807; x_wconf 78' lang='grc' dir='ltr'><strong>οἶδε</strong></span> <span class='ocrx_word' id='word_1_321' title='bbox 1209 2755 1262 2807; x_wconf 85' lang='grc' dir='ltr'><strong>τί</strong></span> <span class='ocrx_word' id='word_1_322' title='bbox 1302 2755 1527 2826; x_wconf 80' lang='grc' dir='ltr'><strong>πάσχει.</strong></span> <span class='ocrx_word' id='word_1_323' title='bbox 1560 2757 1675 2812; x_wconf 83' lang='grc' dir='ltr'><strong>Οὐκ</strong></span> <span class='ocrx_word' id='word_1_324' title='bbox 1731 2754 1851 2814; x_wconf 75' lang='grc' dir='ltr'><strong>οἶδα</strong></span> 
     </span>
    </p>
   </div>
   <div class='ocr_carea' id='block_1_46' title="bbox 248 2840 1847 2918">
    <p class='ocr_par' dir='ltr' id='par_1_46' title="bbox 248 2840 1847 2918">
     <span class='ocr_line' id='line_1_46' title="bbox 248 2840 1847 2918; baseline 0.006 -23"><span class='ocrx_word' id='word_1_325' title='bbox 248 2843 440 2914; x_wconf 76' lang='grc' dir='ltr'><strong>εὑρεῖν</strong></span> <span class='ocrx_word' id='word_1_326' title='bbox 468 2844 641 2914; x_wconf 82' lang='grc' dir='ltr'><strong>δνομα</strong></span> <span class='ocrx_word' id='word_1_327' title='bbox 692 2844 1000 2915; x_wconf 78' lang='grc' dir='ltr'><strong>ἑρμηνεῦον</strong></span> <span class='ocrx_word' id='word_1_328' title='bbox 1031 2840 1094 2897; x_wconf 78' lang='grc' dir='ltr'><strong>τὸ</strong></span> <span class='ocrx_word' id='word_1_329' title='bbox 1141 2843 1336 2909; x_wconf 83' lang='grc' dir='ltr'><strong>πάθος.</strong></span> <span class='ocrx_word' id='word_1_330' title='bbox 1380 2847 1514 2916; x_wconf 75' lang='grc' dir='ltr'><strong>Ἐμὲ</strong></span> <span class='ocrx_word' id='word_1_331' title='bbox 1563 2848 1847 2918; x_wconf 73' lang='grc' dir='ltr'><strong>ἐλέησον.</strong></span> 
     </span>
    </p>
   </div>
   <div class='ocr_carea' id='block_1_47' title="bbox 250 2933 1850 3007">
    <p class='ocr_par' dir='ltr' id='par_1_47' title="bbox 250 2933 1850 3007">
     <span class='ocr_line' id='line_1_47' title="bbox 250 2933 1850 3007; baseline 0.006 -21"><span class='ocrx_word' id='word_1_332' title='bbox 250 2934 324 2987; x_wconf 81' lang='lat' dir='ltr'><strong>Ei</strong></span> <span class='ocrx_word' id='word_1_333' title='bbox 348 2933 605 3005; x_wconf 80' lang='grc' dir='ltr'><strong>τεθνήκεῐ</strong></span> <span class='ocrx_word' id='word_1_334' title='bbox 637 2935 701 2990; x_wconf 78' lang='grc' dir='ltr'><strong>τὸ</strong></span> <span class='ocrx_word' id='word_1_335' title='bbox 728 2935 1026 3007; x_wconf 87' lang='grc' dir='ltr'><strong>θυγάτριόν</strong></span> <span class='ocrx_word' id='word_1_336' title='bbox 1055 2952 1179 3007; x_wconf 88' lang='grc' dir='ltr'><strong>μου,</strong></span> <span class='ocrx_word' id='word_1_337' title='bbox 1216 2938 1318 2992; x_wconf 81' lang='grc' dir='ltr'><strong>οὐκ</strong></span> <span class='ocrx_word' id='word_1_338' title='bbox 1351 2937 1418 2994; x_wconf 81' lang='grc' dir='ltr'><strong>ἂν</strong></span> <span class='ocrx_word' id='word_1_339' title='bbox 1446 2939 1676 2995; x_wconf 81' lang='grc' dir='ltr'><strong>τοιαῦτα</strong></span> <span class='ocrx_word' id='word_1_340' title='bbox 1712 2940 1850 2995; x_wconf 76' lang='grc' dir='ltr'><strong>ἐπα-</strong></span> 
     </span>
    </p>
   </div>
   <div class='ocr_carea' id='block_1_48' title="bbox 251 3026 1848 3104">
    <p class='ocr_par' dir='ltr' id='par_1_48' title="bbox 251 3026 1848 3104">
     <span class='ocr_line' id='line_1_48' title="bbox 251 3026 1848 3104; baseline 0.007 -25"><span class='ocrx_word' id='word_1_341' title='bbox 251 3026 371 3081; x_wconf 80' lang='grc' dir='ltr'><strong>οον.</strong></span> <span class='ocrx_word' id='word_1_342' title='bbox 405 3026 707 3098; x_wconf 81' lang='grc' dir='ltr'><strong>Παρέδωκα</strong></span> <span class='ocrx_word' id='word_1_343' title='bbox 739 3026 810 3082; x_wconf 83' lang='grc' dir='ltr'><strong>ἂν</strong></span> <span class='ocrx_word' id='word_1_344' title='bbox 840 3027 905 3082; x_wconf 80' lang='grc' dir='ltr'><strong>τὸ</strong></span> <span class='ocrx_word' id='word_1_345' title='bbox 948 3027 1113 3100; x_wconf 85' lang='grc' dir='ltr'><strong>σῶμα</strong></span> <span class='ocrx_word' id='word_1_346' title='bbox 1155 3033 1272 3094; x_wconf 81' lang='grc' dir='ltr'><strong>τοῖς</strong></span> <span class='ocrx_word' id='word_1_347' title='bbox 1315 3030 1544 3097; x_wconf 82' lang='grc' dir='ltr'><strong>κόλποις</strong></span> <span class='ocrx_word' id='word_1_348' title='bbox 1590 3034 1693 3104; x_wconf 83' lang='grc' dir='ltr'><strong>τῆς</strong></span> <span class='ocrx_word' id='word_1_349' title='bbox 1723 3034 1848 3104; x_wconf 84' lang='grc' dir='ltr'><strong>γῆς,</strong></span> 
     </span>
    </p>
   </div>
   <div class='ocr_carea' id='block_1_49' title="bbox 252 3118 1917 3227">
    <p class='ocr_par' dir='ltr' id='par_1_49' title="bbox 252 3118 1917 3227">
     <span class='ocr_line' id='line_1_49' title="bbox 252 3118 1917 3227; baseline 0.007 -57"><span class='ocrx_word' id='word_1_350' title='bbox 252 3118 460 3227; x_wconf 49' lang='grc' dir='ltr'><strong>καὶτῷ</strong></span> <span class='ocrx_word' id='word_1_351' title='bbox 699 3119 798 3227; x_wconf 56' lang='grc' dir='ltr'><strong>τῂν</strong></span> <span class='ocrx_word' id='word_1_352' title='bbox 820 3119 1014 3227; x_wconf 69' lang='grc' dir='ltr'><strong>⁵λήθην</strong></span> <span class='ocrx_word' id='word_1_353' title='bbox 1053 3121 1374 3227; x_wconf 60' lang='grc' dir='ltr'><strong>εἰσήγαγον,</strong></span> <span class='ocrx_word' id='word_1_354' title='bbox 1405 3125 1503 3179; x_wconf 76' lang='grc' dir='ltr'><strong>καὶ</strong></span> <span class='ocrx_word' id='word_1_355' title='bbox 1540 3124 1845 3198; x_wconf 80' lang='grc' dir='ltr'><strong>διεφόρησα</strong></span> <span class='ocrx_word' id='word_1_356' title='bbox 1872 3168 1917 3227; x_wconf 69' lang='lat' dir='ltr'><strong><em>C</em></strong></span> 
     </span>
    </p>
   </div>
   <div class='ocr_carea' id='block_1_50' title="bbox 247 3211 1845 3292">
    <p class='ocr_par' dir='ltr' id='par_1_50' title="bbox 247 3211 1845 3292">
     <span class='ocr_line' id='line_1_50' title="bbox 247 3211 1845 3292; baseline 0.005 -27"><span class='ocrx_word' id='word_1_357' title='bbox 247 3211 318 3265; x_wconf 76' lang='grc' dir='ltr'><strong>τὸ</strong></span> <span class='ocrx_word' id='word_1_358' title='bbox 345 3211 527 3277; x_wconf 73' lang='grc' dir='ltr'><strong>ἕλκος.</strong></span> <span class='ocrx_word' id='word_1_359' title='bbox 573 3212 689 3268; x_wconf 81' lang='grc' dir='ltr'><strong>Νῦν</strong></span> <span class='ocrx_word' id='word_1_360' title='bbox 722 3212 781 3268; x_wconf 72' lang='grc' dir='ltr'><strong>δὲ</strong></span> <span class='ocrx_word' id='word_1_361' title='bbox 816 3212 1012 3286; x_wconf 82' lang='grc' dir='ltr'><strong>νεκρὸν</strong></span> <span class='ocrx_word' id='word_1_362' title='bbox 1053 3214 1167 3285; x_wconf 73' lang='grc' dir='ltr'><strong>ἔχω</strong></span> <span class='ocrx_word' id='word_1_363' title='bbox 1203 3214 1432 3286; x_wconf 82' lang='grc' dir='ltr'><strong>διηνεκῆ</strong></span> <span class='ocrx_word' id='word_1_364' title='bbox 1481 3233 1575 3288; x_wconf 90' lang='grc' dir='ltr'><strong>μοι</strong></span> <span class='ocrx_word' id='word_1_365' title='bbox 1607 3217 1845 3292; x_wconf 81' lang='grc' dir='ltr'><strong>θεωρίαν</strong></span> 
     </span>
    </p>
   </div>
   <div class='ocr_carea' id='block_1_51' title="bbox 250 3306 1845 3381">
    <p class='ocr_par' dir='ltr' id='par_1_51' title="bbox 250 3306 1845 3381">
     <span class='ocr_line' id='line_1_51' title="bbox 250 3306 1845 3381; baseline 0.003 -18"><span class='ocrx_word' id='word_1_366' title='bbox 250 3308 649 3381; x_wconf 78' lang='grc' dir='ltr'><strong>ἐργαζόμενον,</strong></span> <span class='ocrx_word' id='word_1_367' title='bbox 680 3306 982 3378; x_wconf 78' lang='grc' dir='ltr'><strong>ὑφαίνοντά</strong></span> <span class='ocrx_word' id='word_1_368' title='bbox 1011 3326 1104 3381; x_wconf 87' lang='grc' dir='ltr'><strong>μοι</strong></span> <span class='ocrx_word' id='word_1_369' title='bbox 1143 3307 1214 3363; x_wconf 79' lang='grc' dir='ltr'><strong>τὰ</strong></span> <span class='ocrx_word' id='word_1_370' title='bbox 1249 3309 1571 3380; x_wconf 83' lang='grc' dir='ltr'><strong>τραύματα,</strong></span> <span class='ocrx_word' id='word_1_371' title='bbox 1614 3311 1845 3368; x_wconf 83' lang='grc' dir='ltr'><strong>πλεονά-</strong></span> 
     </span>
    </p>
   </div>
   <div class='ocr_carea' id='block_1_52' title="bbox 251 3395 1844 3475">
    <p class='ocr_par' dir='ltr' id='par_1_52' title="bbox 251 3395 1844 3475">
     <span class='ocr_line' id='line_1_52' title="bbox 251 3395 1844 3475; baseline 0.001 -20"><span class='ocrx_word' id='word_1_372' title='bbox 251 3401 422 3467; x_wconf 78' lang='grc' dir='ltr'><strong>ξοντά</strong></span> <span class='ocrx_word' id='word_1_373' title='bbox 454 3417 549 3471; x_wconf 90' lang='grc' dir='ltr'><strong>μοι</strong></span> <span class='ocrx_word' id='word_1_374' title='bbox 593 3400 655 3454; x_wconf 77' lang='grc' dir='ltr'><strong>τὸ</strong></span> <span class='ocrx_word' id='word_1_375' title='bbox 684 3399 867 3464; x_wconf 72' lang='grc' dir='ltr'><strong>ἕλκος.</strong></span> <span class='ocrx_word' id='word_1_376' title='bbox 903 3399 1032 3464; x_wconf 84' lang='grc' dir='ltr'><strong>Πῶς</strong></span> <span class='ocrx_word' id='word_1_377' title='bbox 1061 3395 1203 3454; x_wconf 82' lang='grc' dir='ltr'><strong>εῐδον</strong></span> <span class='ocrx_word' id='word_1_378' title='bbox 1244 3400 1564 3471; x_wconf 75' lang='grc' dir='ltr'><strong>ὀφθαλμοὺς</strong></span> <span class='ocrx_word' id='word_1_379' title='bbox 1588 3401 1844 3475; x_wconf 86' lang='grc' dir='ltr'><strong>διαστρε-</strong></span> 
     </span>
    </p>
   </div>
   <div class='ocr_carea' id='block_1_53' title="bbox 251 3492 1845 3566">
    <p class='ocr_par' dir='ltr' id='par_1_53' title="bbox 251 3492 1845 3566">
     <span class='ocr_line' id='line_1_53' title="bbox 251 3492 1845 3566; baseline 0.003 -20"><span class='ocrx_word' id='word_1_380' title='bbox 251 3493 551 3564; x_wconf 75' lang='grc' dir='ltr'><strong>φομένους,</strong></span> <span class='ocrx_word' id='word_1_381' title='bbox 578 3494 766 3564; x_wconf 74' lang='grc' dir='ltr'><strong>χεῖρας</strong></span> <span class='ocrx_word' id='word_1_382' title='bbox 799 3492 1346 3564; x_wconf 76' lang='grc' dir='ltr'><strong>στραγγαλουμένας,</strong></span> <span class='ocrx_word' id='word_1_383' title='bbox 1382 3494 1699 3566; x_wconf 85' lang='grc' dir='ltr'><strong>πλοκάμους</strong></span> <span class='ocrx_word' id='word_1_384' title='bbox 1720 3496 1845 3551; x_wconf 79' lang='grc' dir='ltr'><strong>λυο-</strong></span> 
     </span>
    </p>
   </div>
   <div class='ocr_carea' id='block_1_54' title="bbox 256 3584 1845 3658">
    <p class='ocr_par' dir='ltr' id='par_1_54' title="bbox 256 3584 1845 3658">
     <span class='ocr_line' id='line_1_54' title="bbox 256 3584 1845 3658; baseline 0.004 -20"><span class='ocrx_word' id='word_1_385' title='bbox 256 3584 478 3657; x_wconf 79' lang='grc' dir='ltr'><strong>μένους,</strong></span> <span class='ocrx_word' id='word_1_386' title='bbox 515 3586 691 3658; x_wconf 75' lang='grc' dir='ltr'><strong>ἀφρὸν</strong></span> <span class='ocrx_word' id='word_1_387' title='bbox 733 3585 1094 3657; x_wconf 76' lang='grc' dir='ltr'><strong>προϊεμένην,</strong></span> <span class='ocrx_word' id='word_1_388' title='bbox 1127 3584 1219 3639; x_wconf 78' lang='grc' dir='ltr'><strong>τὸν</strong></span> <span class='ocrx_word' id='word_1_389' title='bbox 1255 3585 1449 3657; x_wconf 82' lang='grc' dir='ltr'><strong>δήμιον</strong></span> <span class='ocrx_word' id='word_1_390' title='bbox 1499 3586 1650 3642; x_wconf 78' lang='grc' dir='ltr'><strong>ἔνδον</strong></span> <span class='ocrx_word' id='word_1_391' title='bbox 1693 3587 1845 3656; x_wconf 70' lang='grc' dir='ltr'><strong>ὅντα,</strong></span> 
     </span>
    </p>
   </div>
   <div class='ocr_carea' id='block_1_55' title="bbox 251 3677 1844 3751">
    <p class='ocr_par' dir='ltr' id='par_1_55' title="bbox 251 3677 1844 3751">
     <span class='ocr_line' id='line_1_55' title="bbox 251 3677 1844 3751; baseline 0.003 -20"><span class='ocrx_word' id='word_1_392' title='bbox 251 3679 353 3732; x_wconf 73' lang='grc' dir='ltr'><strong>καὶ</strong></span> <span class='ocrx_word' id='word_1_393' title='bbox 413 3679 490 3750; x_wconf 83' lang='grc' dir='ltr'><strong>μὴ</strong></span> <span class='ocrx_word' id='word_1_394' title='bbox 551 3677 878 3749; x_wconf 84' lang='grc' dir='ltr'><strong>φαινόμενον</strong></span> <span class='ocrx_word' id='word_1_395' title='bbox 905 3714 920 3742; x_wconf 92' lang='grc'><strong>,</strong></span> <span class='ocrx_word' id='word_1_396' title='bbox 979 3677 1083 3741; x_wconf 80' lang='grc' dir='ltr'><strong>τὰς</strong></span> <span class='ocrx_word' id='word_1_397' title='bbox 1145 3678 1423 3749; x_wconf 80' lang='grc' dir='ltr'><strong>μάστιγας</strong></span> <span class='ocrx_word' id='word_1_398' title='bbox 1478 3680 1844 3751; x_wconf 64' lang='grc' dir='ltr'><strong>φαινομέναςῖ</strong></span> 
     </span>
    </p>
   </div>
   <div class='ocr_carea' id='block_1_56' title="bbox 252 3769 1847 3843">
    <p class='ocr_par' dir='ltr' id='par_1_56' title="bbox 252 3769 1847 3843">
     <span class='ocr_line' id='line_1_56' title="bbox 252 3769 1847 3843; baseline 0.025 -19"><span class='ocrx_word' id='word_1_399' title='bbox 252 3772 511 3843; x_wconf 79' lang='grc' dir='ltr'><strong>’Ἐστηκα</strong></span> <span class='ocrx_word' id='word_1_400' title='bbox 541 3771 748 3843; x_wconf 82' lang='grc' dir='ltr'><strong>θεωρὸς</strong></span> <span class='ocrx_word' id='word_1_401' title='bbox 775 3771 885 3825; x_wconf 71' lang='grc' dir='ltr'><strong>τῶν</strong></span> <span class='ocrx_word' id='word_1_402' title='bbox 912 3770 1215 3841; x_wconf 75' lang='grc' dir='ltr'><strong>ἀλλοτρίων</strong></span> <span class='ocrx_word' id='word_1_403' title='bbox 1261 3769 1474 3839; x_wconf 64' lang='grc' dir='ltr'>κακῶνν</span> <span class='ocrx_word' id='word_1_404' title='bbox 1501 3772 1604 3843; x_wconf 73' lang='grc' dir='ltr'><strong>τῆς</strong></span> <span class='ocrx_word' id='word_1_405' title='bbox 1632 3772 1847 3843; x_wconf 65' lang='grc' dir='ltr'><strong>φύσεώς</strong></span> 
     </span>
    </p>
   </div>
   <div class='ocr_carea' id='block_1_57' title="bbox 259 3858 1848 3934">
    <p class='ocr_par' dir='ltr' id='par_1_57' title="bbox 259 3858 1848 3934">
     <span class='ocr_line' id='line_1_57' title="bbox 259 3858 1848 3934; baseline 0.001 -18"><span class='ocrx_word' id='word_1_406' title='bbox 259 3879 331 3934; x_wconf 89' lang='grc' dir='ltr'><strong>με</strong></span> <span class='ocrx_word' id='word_1_407' title='bbox 380 3860 798 3932; x_wconf 82' lang='grc' dir='ltr'><strong>κεντριζούσης.</strong></span> <span class='ocrx_word' id='word_1_408' title='bbox 858 3858 1157 3929; x_wconf 71' lang='grc' dir='ltr'><strong>Ἐλέησόν</strong></span> <span class='ocrx_word' id='word_1_409' title='bbox 1182 3875 1279 3929; x_wconf 80' lang='grc' dir='ltr'><strong>με.</strong></span> <span class='ocrx_word' id='word_1_410' title='bbox 1324 3861 1578 3918; x_wconf 81' lang='grc' dir='ltr'><strong>Χαλεπὸν</strong></span> <span class='ocrx_word' id='word_1_411' title='bbox 1612 3865 1674 3916; x_wconf 83' lang='grc' dir='ltr'><strong>τὸ</strong></span> <span class='ocrx_word' id='word_1_412' title='bbox 1719 3866 1848 3918; x_wconf 83' lang='grc' dir='ltr'><strong>κλυ-</strong></span> 
     </span>
    </p>
   </div>
   <div class='ocr_carea' id='block_1_58' title="bbox 252 3948 1848 4023">
    <p class='ocr_par' dir='ltr' id='par_1_58' title="bbox 252 3948 1848 4023">
     <span class='ocr_line' id='line_1_58' title="bbox 252 3948 1848 4023; baseline -0.001 -13"><span class='ocrx_word' id='word_1_413' title='bbox 252 3954 471 4020; x_wconf 81' lang='grc' dir='ltr'><strong>δώνιον,</strong></span> <span class='ocrx_word' id='word_1_414' title='bbox 508 3953 681 4017; x_wconf 83' lang='grc' dir='ltr'><strong>πάθος</strong></span> <span class='ocrx_word' id='word_1_415' title='bbox 717 3952 812 4007; x_wconf 73' lang='grc' dir='ltr'><strong>καὶ</strong></span> <span class='ocrx_word' id='word_1_416' title='bbox 852 3949 1040 4022; x_wconf 73' lang='grc' dir='ltr'><strong>φόϐος.</strong></span> <span class='ocrx_word' id='word_1_417' title='bbox 1073 3948 1257 4016; x_wconf 67' lang='lat' dir='ltr'><strong>naso;</strong></span> <span class='ocrx_word' id='word_1_418' title='bbox 1286 3950 1525 4021; x_wconf 83' lang='grc' dir='ltr'><strong>φύσεως,</strong></span> <span class='ocrx_word' id='word_1_419' title='bbox 1557 3953 1653 4006; x_wconf 76' lang='grc' dir='ltr'><strong>καὶ</strong></span> <span class='ocrx_word' id='word_1_420' title='bbox 1684 3954 1848 4023; x_wconf 79' lang='grc' dir='ltr'><strong>φόϐος</strong></span> 
     </span>
    </p>
   </div>
   <div class='ocr_carea' id='block_1_59' title="bbox 252 4041 1843 4116">
    <p class='ocr_par' dir='ltr' id='par_1_59' title="bbox 252 4041 1843 4116">
     <span class='ocr_line' id='line_1_59' title="bbox 252 4041 1843 4116; baseline 0 -17"><span class='ocrx_word' id='word_1_421' title='bbox 252 4045 534 4116; x_wconf 80' lang='grc' dir='ltr'><strong>δαίμονος.</strong></span> <span class='ocrx_word' id='word_1_422' title='bbox 564 4043 912 4116; x_wconf 80' lang='grc' dir='ltr'><strong>Προσελθεῖν·</strong></span> <span class='ocrx_word' id='word_1_423' title='bbox 958 4042 1023 4097; x_wconf 83' lang='grc' dir='ltr'><strong>οὑ</strong></span> <span class='ocrx_word' id='word_1_424' title='bbox 1069 4041 1337 4113; x_wconf 87' lang='grc' dir='ltr'><strong>δύναμαι,</strong></span> <span class='ocrx_word' id='word_1_425' title='bbox 1374 4041 1498 4095; x_wconf 79' lang='grc' dir='ltr'><strong>οὐδὲ</strong></span> <span class='ocrx_word' id='word_1_426' title='bbox 1528 4045 1843 4114; x_wconf 85' lang='grc' dir='ltr'><strong>κατασχεῖν.</strong></span> 
     </span>
    </p>
   </div>
   <div class='ocr_carea' id='block_1_60' title="bbox 267 4130 1845 4206">
    <p class='ocr_par' dir='ltr' id='par_1_60' title="bbox 267 4130 1845 4206">
     <span class='ocr_line' id='line_1_60' title="bbox 267 4130 1845 4206; baseline -0.003 -15"><span class='ocrx_word' id='word_1_427' title='bbox 267 4136 419 4191; x_wconf 79' lang='grc' dir='ltr'><strong>Ὠθεϊ</strong></span> <span class='ocrx_word' id='word_1_428' title='bbox 476 4152 543 4206; x_wconf 82' lang='grc' dir='ltr'><strong>με</strong></span> <span class='ocrx_word' id='word_1_429' title='bbox 594 4135 656 4189; x_wconf 77' lang='grc' dir='ltr'><strong>τὸ</strong></span> <span class='ocrx_word' id='word_1_430' title='bbox 713 4134 908 4199; x_wconf 79' lang='grc' dir='ltr'><strong>πάθος,</strong></span> <span class='ocrx_word' id='word_1_431' title='bbox 954 4133 1051 4187; x_wconf 81' lang='grc' dir='ltr'><strong>καὶ</strong></span> <span class='ocrx_word' id='word_1_432' title='bbox 1095 4130 1451 4203; x_wconf 74' lang='grc' dir='ltr'><strong>διακρούεται</strong></span> <span class='ocrx_word' id='word_1_433' title='bbox 1488 4149 1556 4201; x_wconf 90' lang='grc' dir='ltr'><strong>με</strong></span> <span class='ocrx_word' id='word_1_434' title='bbox 1585 4135 1616 4187; x_wconf 88' lang='grc' dir='ltr'><strong>ό</strong></span> <span class='ocrx_word' id='word_1_435' title='bbox 1655 4133 1845 4203; x_wconf 76' lang='grc' dir='ltr'><strong>φόϐος.</strong></span> 
     </span>
    </p>
   </div>
   <div class='ocr_carea' id='block_1_61' title="bbox 267 4227 1842 4302">
    <p class='ocr_par' dir='ltr' id='par_1_61' title="bbox 267 4227 1842 4302">
     <span class='ocr_line' id='line_1_61' title="bbox 267 4227 1842 4302; baseline -0.003 -13"><span class='ocrx_word' id='word_1_436' title='bbox 267 4233 575 4302; x_wconf 70' lang='grc' dir='ltr'><strong>Ἐλέησόν</strong></span> <span class='ocrx_word' id='word_1_437' title='bbox 600 4249 695 4302; x_wconf 80' lang='grc' dir='ltr'><strong>με.</strong></span> <span class='ocrx_word' id='word_1_438' title='bbox 736 4230 882 4285; x_wconf 69' lang='grc' dir='ltr'><strong>Ἀλλ’</strong></span> <span class='ocrx_word' id='word_1_439' title='bbox 908 4230 1170 4298; x_wconf 73' lang='grc' dir='ltr'><strong>ἐννόησον</strong></span> <span class='ocrx_word' id='word_1_440' title='bbox 1208 4228 1469 4299; x_wconf 77' lang='grc' dir='ltr'><strong>γυναικὸς</strong></span> <span class='ocrx_word' id='word_1_441' title='bbox 1501 4227 1842 4299; x_wconf 76' lang='grc' dir='ltr'><strong>φιλοσοφίαν.</strong></span> 
     </span>
    </p>
   </div>
   <div class='ocr_carea' id='block_1_62' title="bbox 256 4321 1842 4397">
    <p class='ocr_par' dir='ltr' id='par_1_62' title="bbox 256 4321 1842 4397">
     <span class='ocr_line' id='line_1_62' title="bbox 256 4321 1842 4397; baseline -0.004 -16"><span class='ocrx_word' id='word_1_442' title='bbox 256 4327 376 4381; x_wconf 86' lang='grc' dir='ltr'><strong>Οὐκ</strong></span> <span class='ocrx_word' id='word_1_443' title='bbox 413 4325 625 4397; x_wconf 80' lang='grc' dir='ltr'><strong>ἀπῆλθε</strong></span> <span class='ocrx_word' id='word_1_444' title='bbox 660 4324 800 4397; x_wconf 86' lang='grc' dir='ltr'><strong>πρὸς</strong></span> <span class='ocrx_word' id='word_1_445' title='bbox 844 4324 1091 4394; x_wconf 76' lang='grc' dir='ltr'><strong>μάντειςο</strong></span> <span class='ocrx_word' id='word_1_446' title='bbox 1120 4322 1183 4375; x_wconf 81' lang='grc' dir='ltr'><strong>οὐ</strong></span> <span class='ocrx_word' id='word_1_447' title='bbox 1230 4322 1515 4393; x_wconf 75' lang='grc' dir='ltr'><strong>περίαπτα</strong></span> <span class='ocrx_word' id='word_1_448' title='bbox 1551 4321 1842 4392; x_wconf 67' lang='grc' dir='ltr'><strong>ὄποίησενο</strong></span> 
     </span>
    </p>
   </div>
   <div class='ocr_carea' id='block_1_63' title="bbox 255 4413 1847 4491">
    <p class='ocr_par' dir='ltr' id='par_1_63' title="bbox 255 4413 1847 4491">
     <span class='ocr_line' id='line_1_63' title="bbox 255 4413 1847 4491; baseline -0.007 -14"><span class='ocrx_word' id='word_1_449' title='bbox 255 4420 322 4477; x_wconf 84' lang='grc' dir='ltr'><strong>οὔ</strong></span> <span class='ocrx_word' id='word_1_450' title='bbox 360 4416 799 4491; x_wconf 80' lang='grc' dir='ltr'><strong>μαγγανιστρίας</strong></span> <span class='ocrx_word' id='word_1_451' title='bbox 830 4417 1099 4485; x_wconf 84' lang='grc' dir='ltr'><strong>γυναῖκας</strong></span> <span class='ocrx_word' id='word_1_452' title='bbox 1129 4413 1498 4485; x_wconf 79' lang='grc' dir='ltr'><strong>ἐμισθώσατο,</strong></span> <span class='ocrx_word' id='word_1_453' title='bbox 1524 4414 1725 4478; x_wconf 83' lang='grc' dir='ltr'><strong>ταύτας</strong></span> <span class='ocrx_word' id='word_1_454' title='bbox 1750 4413 1847 4477; x_wconf 83' lang='grc' dir='ltr'><strong>τὰς</strong></span> 
     </span>
    </p>
   </div>
   <div class='ocr_carea' id='block_1_64' title="bbox 1952 1927 3549 1990">
    <p class='ocr_par' dir='ltr' id='par_1_64' title="bbox 1952 1927 3549 1990">
     <span class='ocr_line' id='line_1_64' title="bbox 1952 1927 3549 1990; baseline -0.003 -5"><span class='ocrx_word' id='word_1_455' title='bbox 1952 1930 2219 1987; x_wconf 82' lang='lat' dir='ltr'><strong>stimulus</strong></span> <span class='ocrx_word' id='word_1_456' title='bbox 2261 1938 2475 1986; x_wconf 65' lang='lat' dir='ltr'><strong>natura:</strong></span> <span class='ocrx_word' id='word_1_457' title='bbox 2532 1938 2843 1986; x_wconf 88' lang='lat' dir='ltr'><strong>maternum</strong></span> <span class='ocrx_word' id='word_1_458' title='bbox 2875 1935 3096 1983; x_wconf 86' lang='lat' dir='ltr'><strong>uterum</strong></span> <span class='ocrx_word' id='word_1_459' title='bbox 3146 1927 3549 1990; x_wconf 81' lang='lat' dir='ltr'><strong>diverberavit.</strong></span> 
     </span>
    </p>
   </div>
   <div class='ocr_carea' id='block_1_65' title="bbox 1954 2018 3549 2098">
    <p class='ocr_par' dir='ltr' id='par_1_65' title="bbox 1954 2018 3549 2098">
     <span class='ocr_line' id='line_1_65' title="bbox 1954 2018 3549 2098; baseline -0.005 -16"><span class='ocrx_word' id='word_1_460' title='bbox 1954 2029 2119 2098; x_wconf 71' lang='lat' dir='ltr'><strong>inque</strong></span> <span class='ocrx_word' id='word_1_461' title='bbox 2144 2019 2464 2083; x_wconf 80' lang='lat' dir='ltr'><strong>visceribus</strong></span> <span class='ocrx_word' id='word_1_462' title='bbox 2485 2023 2662 2094; x_wconf 80' lang='lat' dir='ltr'><strong>ipsius</strong></span> <span class='ocrx_word' id='word_1_463' title='bbox 2690 2030 3072 2093; x_wconf 82' lang='lat' dir='ltr'><strong>tempestatem</strong></span> <span class='ocrx_word' id='word_1_464' title='bbox 3091 2021 3377 2077; x_wconf 81' lang='lat' dir='ltr'><strong>excitavit.</strong></span> <span class='ocrx_word' id='word_1_465' title='bbox 3404 2018 3549 2086; x_wconf 85' lang='lat' dir='ltr'><strong>Quid</strong></span> 
     </span>
    </p>
   </div>
   <div class='ocr_carea' id='block_1_66' title="bbox 1955 2112 3550 2181">
    <p class='ocr_par' dir='ltr' id='par_1_66' title="bbox 1955 2112 3550 2181">
     <span class='ocr_line' id='line_1_66' title="bbox 1955 2112 3550 2181; baseline -0.006 -4"><span class='ocrx_word' id='word_1_466' title='bbox 1955 2121 2193 2179; x_wconf 79' lang='lat' dir='ltr'><strong>faciam?</strong></span> <span class='ocrx_word' id='word_1_467' title='bbox 2227 2119 2423 2175; x_wconf 84' lang='lat' dir='ltr'><strong>Pereo.</strong></span> <span class='ocrx_word' id='word_1_468' title='bbox 2465 2119 2579 2172; x_wconf 88' lang='lat' dir='ltr'><strong>Cur</strong></span> <span class='ocrx_word' id='word_1_469' title='bbox 2626 2130 2760 2172; x_wconf 87' lang='lat' dir='ltr'><strong>vero</strong></span> <span class='ocrx_word' id='word_1_470' title='bbox 2810 2130 2922 2172; x_wconf 89' lang='lat' dir='ltr'><strong>non</strong></span> <span class='ocrx_word' id='word_1_471' title='bbox 2977 2115 3076 2181; x_wconf 89' lang='lat' dir='ltr'><strong>ait,</strong></span> <span class='ocrx_word' id='word_1_472' title='bbox 3112 2114 3379 2171; x_wconf 81' lang='lat' dir='ltr'><strong>Miserere</strong></span> <span class='ocrx_word' id='word_1_473' title='bbox 3423 2112 3550 2168; x_wconf 67' lang='lat' dir='ltr'><strong>tiliae</strong></span> 
     </span>
    </p>
   </div>
   <div class='ocr_carea' id='block_1_67' title="bbox 1954 2202 3549 2276">
    <p class='ocr_par' dir='ltr' id='par_1_67' title="bbox 1954 2202 3549 2276">
     <span class='ocr_line' id='line_1_67' title="bbox 1954 2202 3549 2276; baseline -0.006 -8"><span class='ocrx_word' id='word_1_474' title='bbox 1954 2228 2108 2268; x_wconf 82' lang='lat' dir='ltr'><strong>meae.</strong></span> <span class='ocrx_word' id='word_1_475' title='bbox 2142 2211 2266 2276; x_wconf 86' lang='lat' dir='ltr'><strong>scd,</strong></span> <span class='ocrx_word' id='word_1_476' title='bbox 2300 2208 2553 2264; x_wconf 76' lang='lat' dir='ltr'><strong>Miserere</strong></span> <span class='ocrx_word' id='word_1_477' title='bbox 2582 2208 2728 2263; x_wconf 81' lang='lat' dir='ltr'><strong>mei?</strong></span> <span class='ocrx_word' id='word_1_478' title='bbox 2757 2206 3057 2273; x_wconf 85' lang='lat' dir='ltr'><strong>Quoniam,</strong></span> <span class='ocrx_word' id='word_1_479' title='bbox 3091 2204 3293 2275; x_wconf 86' lang='lat' dir='ltr'><strong>inquit,</strong></span> <span class='ocrx_word' id='word_1_480' title='bbox 3317 2202 3549 2258; x_wconf 84' lang='lat' dir='ltr'><strong>morbus</strong></span> 
     </span>
    </p>
   </div>
   <div class='ocr_carea' id='block_1_68' title="bbox 1952 2295 3547 2375">
    <p class='ocr_par' dir='ltr' id='par_1_68' title="bbox 1952 2295 3547 2375">
     <span class='ocr_line' id='line_1_68' title="bbox 1952 2295 3547 2375; baseline -0.005 -17"><span class='ocrx_word' id='word_1_481' title='bbox 1952 2305 2126 2375; x_wconf 89' lang='lat' dir='ltr'><strong>ipsam</strong></span> <span class='ocrx_word' id='word_1_482' title='bbox 2163 2303 2220 2357; x_wconf 89' lang='lat' dir='ltr'><strong>in</strong></span> <span class='ocrx_word' id='word_1_483' title='bbox 2252 2301 2577 2357; x_wconf 79' lang='lat' dir='ltr'><strong>inﬁrmitate</strong></span> <span class='ocrx_word' id='word_1_484' title='bbox 2623 2298 2857 2354; x_wconf 86' lang='lat' dir='ltr'><strong>detinet.</strong></span> <span class='ocrx_word' id='word_1_485' title='bbox 2906 2295 3100 2353; x_wconf 83' lang='lat' dir='ltr'><strong>Nescit</strong></span> <span class='ocrx_word' id='word_1_486' title='bbox 3127 2295 3262 2367; x_wconf 88' lang='lat' dir='ltr'><strong>quid</strong></span> <span class='ocrx_word' id='word_1_487' title='bbox 3297 2296 3547 2366; x_wconf 79' lang='lat' dir='ltr'><strong>patitur;</strong></span> 
     </span>
    </p>
   </div>
   <div class='ocr_carea' id='block_1_69' title="bbox 1951 2388 3552 2464">
    <p class='ocr_par' dir='ltr' id='par_1_69' title="bbox 1951 2388 3552 2464">
     <span class='ocr_line' id='line_1_69' title="bbox 1951 2388 3552 2464; baseline -0.005 -14"><span class='ocrx_word' id='word_1_488' title='bbox 1951 2411 2062 2450; x_wconf 90' lang='lat' dir='ltr'><strong>non</strong></span> <span class='ocrx_word' id='word_1_489' title='bbox 2111 2394 2284 2450; x_wconf 80' lang='lat' dir='ltr'><strong>sentit</strong></span> <span class='ocrx_word' id='word_1_490' title='bbox 2331 2407 2445 2464; x_wconf 85' lang='lat' dir='ltr'><strong>quo</strong></span> <span class='ocrx_word' id='word_1_491' title='bbox 2494 2392 2549 2447; x_wconf 90' lang='lat' dir='ltr'><strong>in</strong></span> <span class='ocrx_word' id='word_1_492' title='bbox 2605 2390 2801 2446; x_wconf 88' lang='lat' dir='ltr'><strong>dolore</strong></span> <span class='ocrx_word' id='word_1_493' title='bbox 2834 2400 3116 2456; x_wconf 79' lang='lat' dir='ltr'><strong>versetur;</strong></span> <span class='ocrx_word' id='word_1_494' title='bbox 3151 2396 3214 2444; x_wconf 89' lang='lat' dir='ltr'><strong>ut</strong></span> <span class='ocrx_word' id='word_1_495' title='bbox 3247 2402 3372 2457; x_wconf 78' lang='lat' dir='ltr'><strong>qua:</strong></span> <span class='ocrx_word' id='word_1_496' title='bbox 3400 2388 3552 2444; x_wconf 90' lang='lat' dir='ltr'><strong>velut</strong></span> 
     </span>
    </p>
   </div>
   <div class='ocr_carea' id='block_1_70' title="bbox 1950 2480 3549 2560">
    <p class='ocr_par' dir='ltr' id='par_1_70' title="bbox 1950 2480 3549 2560">
     <span class='ocr_line' id='line_1_70' title="bbox 1950 2480 3549 2560; baseline -0.007 -17"><span class='ocrx_word' id='word_1_497' title='bbox 1950 2486 2228 2560; x_wconf 82' lang='lat' dir='ltr'><strong>quoddam</strong></span> <span class='ocrx_word' id='word_1_498' title='bbox 2287 2482 2629 2541; x_wconf 85' lang='lat' dir='ltr'><strong>calamitatis</strong></span> <span class='ocrx_word' id='word_1_499' title='bbox 2675 2484 2861 2539; x_wconf 81' lang='lat' dir='ltr'><strong>velum</strong></span> <span class='ocrx_word' id='word_1_500' title='bbox 2909 2481 3276 2537; x_wconf 84' lang='lat' dir='ltr'><strong>indolentiam</strong></span> <span class='ocrx_word' id='word_1_501' title='bbox 3329 2480 3549 2546; x_wconf 80' lang='lat' dir='ltr'><strong>habeat,</strong></span> 
     </span>
    </p>
   </div>
   <div class='ocr_carea' id='block_1_71' title="bbox 1952 2572 3548 2650">
    <p class='ocr_par' dir='ltr' id='par_1_71' title="bbox 1952 2572 3548 2650">
     <span class='ocr_line' id='line_1_71' title="bbox 1952 2572 3548 2650; baseline -0.007 -13"><span class='ocrx_word' id='word_1_502' title='bbox 1952 2581 2035 2637; x_wconf 86' lang='lat' dir='ltr'><strong>vel</strong></span> <span class='ocrx_word' id='word_1_503' title='bbox 2092 2581 2282 2650; x_wconf 89' lang='lat' dir='ltr'><strong>potius</strong></span> <span class='ocrx_word' id='word_1_504' title='bbox 2316 2586 2627 2648; x_wconf 86' lang='lat' dir='ltr'><strong>stuporem.</strong></span> <span class='ocrx_word' id='word_1_505' title='bbox 2660 2575 2740 2631; x_wconf 84' lang='lat' dir='ltr'><strong>Te</strong></span> <span class='ocrx_word' id='word_1_506' title='bbox 2777 2588 2912 2631; x_wconf 85' lang='lat' dir='ltr'><strong>vero</strong></span> <span class='ocrx_word' id='word_1_507' title='bbox 2954 2575 3058 2629; x_wconf 84' lang='lat' dir='ltr'><strong>mei</strong></span> <span class='ocrx_word' id='word_1_508' title='bbox 3089 2572 3548 2643; x_wconf 75' lang='lat' dir='ltr'><strong>quotidianarum</strong></span> 
     </span>
    </p>
   </div>
   <div class='ocr_carea' id='block_1_72' title="bbox 1952 2665 3545 2743">
    <p class='ocr_par' dir='ltr' id='par_1_72' title="bbox 1952 2665 3545 2743">
     <span class='ocr_line' id='line_1_72' title="bbox 1952 2665 3545 2743; baseline -0.006 -12"><span class='ocrx_word' id='word_1_509' title='bbox 1952 2676 2218 2731; x_wconf 90' lang='lat' dir='ltr'><strong>maiorum</strong></span> <span class='ocrx_word' id='word_1_510' title='bbox 2263 2669 2616 2743; x_wconf 79' lang='lat' dir='ltr'><strong>spectatricis</strong></span> <span class='ocrx_word' id='word_1_511' title='bbox 2643 2670 2925 2726; x_wconf 85' lang='lat' dir='ltr'><strong>misereat.</strong></span> <span class='ocrx_word' id='word_1_512' title='bbox 2957 2666 3352 2737; x_wconf 89' lang='lat' dir='ltr'><strong>Spectaculum</strong></span> <span class='ocrx_word' id='word_1_513' title='bbox 3391 2665 3545 2721; x_wconf 83' lang='lat' dir='ltr'><strong>cala-</strong></span> 
     </span>
    </p>
   </div>
   <div class='ocr_carea' id='block_1_73' title="bbox 1952 2758 3547 2831">
    <p class='ocr_par' dir='ltr' id='par_1_73' title="bbox 1952 2758 3547 2831">
     <span class='ocr_line' id='line_1_73' title="bbox 1952 2758 3547 2831; baseline -0.009 -7"><span class='ocrx_word' id='word_1_514' title='bbox 1952 2768 2162 2824; x_wconf 84' lang='lat' dir='ltr'><strong>mitatis</strong></span> <span class='ocrx_word' id='word_1_515' title='bbox 2186 2768 2336 2823; x_wconf 88' lang='lat' dir='ltr'><strong>domi</strong></span> <span class='ocrx_word' id='word_1_516' title='bbox 2367 2766 2566 2823; x_wconf 85' lang='lat' dir='ltr'><strong>habeo.</strong></span> <span class='ocrx_word' id='word_1_517' title='bbox 2594 2764 2718 2831; x_wconf 87' lang='lat' dir='ltr'><strong>Quo</strong></span> <span class='ocrx_word' id='word_1_518' title='bbox 2758 2776 2846 2819; x_wconf 90' lang='lat' dir='ltr'><strong>me</strong></span> <span class='ocrx_word' id='word_1_519' title='bbox 2895 2758 3179 2816; x_wconf 80' lang='lat' dir='ltr'><strong>conferam</strong></span> <span class='ocrx_word' id='word_1_520' title='bbox 3200 2759 3227 2813; x_wconf 79' lang='lat'><strong>?</strong></span> <span class='ocrx_word' id='word_1_521' title='bbox 3256 2758 3312 2813; x_wconf 88' lang='lat' dir='ltr'><strong>in</strong></span> <span class='ocrx_word' id='word_1_522' title='bbox 3339 2758 3547 2815; x_wconf 80' lang='lat' dir='ltr'><strong>solitu-</strong></span> 
     </span>
    </p>
   </div>
   <div class='ocr_carea' id='block_1_74' title="bbox 1951 2853 3544 2924">
    <p class='ocr_par' dir='ltr' id='par_1_74' title="bbox 1951 2853 3544 2924">
     <span class='ocr_line' id='line_1_74' title="bbox 1951 2853 3544 2924; baseline -0.005 -9"><span class='ocrx_word' id='word_1_523' title='bbox 1951 2860 2183 2916; x_wconf 86' lang='lat' dir='ltr'><strong>dinem?</strong></span> <span class='ocrx_word' id='word_1_524' title='bbox 2228 2868 2283 2915; x_wconf 88' lang='lat' dir='ltr'><strong>at</strong></span> <span class='ocrx_word' id='word_1_525' title='bbox 2313 2873 2432 2915; x_wconf 90' lang='lat' dir='ltr'><strong>eam</strong></span> <span class='ocrx_word' id='word_1_526' title='bbox 2483 2858 2663 2914; x_wconf 85' lang='lat' dir='ltr'><strong>solam</strong></span> <span class='ocrx_word' id='word_1_527' title='bbox 2722 2855 3039 2924; x_wconf 87' lang='lat' dir='ltr'><strong>relinquere</strong></span> <span class='ocrx_word' id='word_1_528' title='bbox 3094 2865 3204 2907; x_wconf 87' lang='lat' dir='ltr'><strong>non</strong></span> <span class='ocrx_word' id='word_1_529' title='bbox 3265 2853 3544 2909; x_wconf 78' lang='lat' dir='ltr'><strong>sustineo.</strong></span> 
     </span>
    </p>
   </div>
   <div class='ocr_carea' id='block_1_75' title="bbox 1953 2943 3544 3013">
    <p class='ocr_par' dir='ltr' id='par_1_75' title="bbox 1953 2943 3544 3013">
     <span class='ocr_line' id='line_1_75' title="bbox 1953 2943 3544 3013; baseline -0.004 -7"><span class='ocrx_word' id='word_1_530' title='bbox 1953 2949 2300 3007; x_wconf 75' lang='lat' dir='ltr'><strong>Domumnei</strong></span> <span class='ocrx_word' id='word_1_531' title='bbox 2345 2958 2402 3004; x_wconf 88' lang='lat' dir='ltr'><strong>at</strong></span> <span class='ocrx_word' id='word_1_532' title='bbox 2441 2950 2595 3005; x_wconf 84' lang='lat' dir='ltr'><strong>intus</strong></span> <span class='ocrx_word' id='word_1_533' title='bbox 2626 2948 2830 3004; x_wconf 90' lang='lat' dir='ltr'><strong>bellum</strong></span> <span class='ocrx_word' id='word_1_534' title='bbox 2876 2946 3129 3011; x_wconf 86' lang='lat' dir='ltr'><strong>invenio,</strong></span> <span class='ocrx_word' id='word_1_535' title='bbox 3166 2954 3221 3004; x_wconf 88' lang='lat' dir='ltr'><strong>et</strong></span> <span class='ocrx_word' id='word_1_536' title='bbox 3243 2943 3450 3013; x_wconf 75' lang='lat' dir='ltr'><strong>ﬂuctus</strong></span> <span class='ocrx_word' id='word_1_537' title='bbox 3486 2945 3544 2999; x_wconf 88' lang='lat' dir='ltr'><strong>in</strong></span> 
     </span>
    </p>
   </div>
   <div class='ocr_carea' id='block_1_76' title="bbox 1952 3035 3547 3116">
    <p class='ocr_par' dir='ltr' id='par_1_76' title="bbox 1952 3035 3547 3116">
     <span class='ocr_line' id='line_1_76' title="bbox 1952 3035 3547 3116; baseline -0.005 -16"><span class='ocrx_word' id='word_1_538' title='bbox 1952 3054 2136 3116; x_wconf 87' lang='lat' dir='ltr'><strong>portu.</strong></span> <span class='ocrx_word' id='word_1_539' title='bbox 2166 3042 2443 3110; x_wconf 88' lang='lat' dir='ltr'><strong>Quidnam</strong></span> <span class='ocrx_word' id='word_1_540' title='bbox 2483 3056 2614 3097; x_wconf 88' lang='lat' dir='ltr'><strong>vero</strong></span> <span class='ocrx_word' id='word_1_541' title='bbox 2651 3055 2773 3097; x_wconf 87' lang='lat' dir='ltr'><strong>eam</strong></span> <span class='ocrx_word' id='word_1_542' title='bbox 2830 3039 3052 3094; x_wconf 80' lang='lat' dir='ltr'><strong>dicam?</strong></span> <span class='ocrx_word' id='word_1_543' title='bbox 3108 3035 3426 3093; x_wconf 73' lang='lat' dir='ltr'><strong>mortuam?</strong></span> <span class='ocrx_word' id='word_1_544' title='bbox 3473 3036 3547 3092; x_wconf 78' lang='lat' dir='ltr'><strong>At</strong></span> 
     </span>
    </p>
   </div>
   <div class='ocr_carea' id='block_1_77' title="bbox 1952 3127 3544 3204">
    <p class='ocr_par' dir='ltr' id='par_1_77' title="bbox 1952 3127 3544 3204">
     <span class='ocr_line' id='line_1_77' title="bbox 1952 3127 3544 3204; baseline -0.006 -16"><span class='ocrx_word' id='word_1_545' title='bbox 1952 3142 2105 3188; x_wconf 88' lang='lat' dir='ltr'><strong>motu</strong></span> <span class='ocrx_word' id='word_1_546' title='bbox 2136 3132 2400 3204; x_wconf 82' lang='lat' dir='ltr'><strong>agitatur.</strong></span> <span class='ocrx_word' id='word_1_547' title='bbox 2431 3130 2666 3185; x_wconf 84' lang='lat' dir='ltr'><strong>Vivam?</strong></span> <span class='ocrx_word' id='word_1_548' title='bbox 2704 3128 2840 3200; x_wconf 84' lang='lat' dir='ltr'><strong>quid</strong></span> <span class='ocrx_word' id='word_1_549' title='bbox 2876 3127 3045 3200; x_wconf 65' lang='grc'><strong>468</strong></span> <span class='ocrx_word' id='word_1_550' title='bbox 3092 3141 3225 3183; x_wconf 92' lang='lat' dir='ltr'><strong>vero</strong></span> <span class='ocrx_word' id='word_1_551' title='bbox 3276 3127 3544 3197; x_wconf 81' lang='lat' dir='ltr'><strong>patiatur,</strong></span> 
     </span>
    </p>
   </div>
   <div class='ocr_carea' id='block_1_78' title="bbox 1953 3218 3546 3295">
    <p class='ocr_par' dir='ltr' id='par_1_78' title="bbox 1953 3218 3546 3295">
     <span class='ocr_line' id='line_1_78' title="bbox 1953 3218 3546 3295; baseline -0.006 -15"><span class='ocrx_word' id='word_1_552' title='bbox 1953 3224 2303 3295; x_wconf 80' lang='lat' dir='ltr'><strong>exploratum</strong></span> <span class='ocrx_word' id='word_1_553' title='bbox 2354 3232 2466 3276; x_wconf 90' lang='lat' dir='ltr'><strong>non</strong></span> <span class='ocrx_word' id='word_1_554' title='bbox 2512 3220 2701 3274; x_wconf 85' lang='lat' dir='ltr'><strong>habet.</strong></span> <span class='ocrx_word' id='word_1_555' title='bbox 2761 3219 2976 3275; x_wconf 81' lang='lat' dir='ltr'><strong>Nomen</strong></span> <span class='ocrx_word' id='word_1_556' title='bbox 3033 3218 3283 3274; x_wconf 83' lang='lat' dir='ltr'><strong>invenire</strong></span> <span class='ocrx_word' id='word_1_557' title='bbox 3323 3228 3546 3286; x_wconf 73' lang='lat' dir='ltr'><strong>nequeo</strong></span> 
     </span>
    </p>
   </div>
   <div class='ocr_carea' id='block_1_79' title="bbox 1949 3308 3541 3387">
    <p class='ocr_par' dir='ltr' id='par_1_79' title="bbox 1949 3308 3541 3387">
     <span class='ocr_line' id='line_1_79' title="bbox 1949 3308 3541 3387; baseline -0.005 -16"><span class='ocrx_word' id='word_1_558' title='bbox 1949 3316 2098 3387; x_wconf 89' lang='lat' dir='ltr'><strong>quod</strong></span> <span class='ocrx_word' id='word_1_559' title='bbox 2128 3311 2449 3385; x_wconf 72' lang='lat' dir='ltr'><strong>huiusmodi</strong></span> <span class='ocrx_word' id='word_1_560' title='bbox 2474 3312 2848 3367; x_wconf 85' lang='lat' dir='ltr'><strong>calamitatem</strong></span> <span class='ocrx_word' id='word_1_561' title='bbox 2864 3310 3125 3380; x_wconf 81' lang='lat' dir='ltr'><strong>explicet.</strong></span> <span class='ocrx_word' id='word_1_562' title='bbox 3144 3308 3254 3364; x_wconf 73' lang='lat' dir='ltr'><strong>Mei</strong></span> <span class='ocrx_word' id='word_1_563' title='bbox 3268 3309 3541 3364; x_wconf 79' lang='lat' dir='ltr'><strong>miserere.</strong></span> 
     </span>
    </p>
   </div>
   <div class='ocr_carea' id='block_1_80' title="bbox 1950 3397 3543 3466">
    <p class='ocr_par' dir='ltr' id='par_1_80' title="bbox 1950 3397 3543 3466">
     <span class='ocr_line' id='line_1_80' title="bbox 1950 3397 3543 3466; baseline -0.006 -3"><span class='ocrx_word' id='word_1_564' title='bbox 1950 3408 2007 3463; x_wconf 89' lang='lat' dir='ltr'><strong>Si</strong></span> <span class='ocrx_word' id='word_1_565' title='bbox 2050 3406 2161 3462; x_wconf 82' lang='lat' dir='ltr'><strong>lilia</strong></span> <span class='ocrx_word' id='word_1_566' title='bbox 2190 3419 2310 3462; x_wconf 83' lang='lat' dir='ltr'><strong>mea</strong></span> <span class='ocrx_word' id='word_1_567' title='bbox 2348 3420 2379 3460; x_wconf 80' lang='grc' dir='ltr'><strong>ο</strong></span> <span class='ocrx_word' id='word_1_568' title='bbox 2416 3404 2532 3458; x_wconf 88' lang='lat' dir='ltr'><strong>vita</strong></span> <span class='ocrx_word' id='word_1_569' title='bbox 2564 3402 2924 3466; x_wconf 78' lang='lat' dir='ltr'><strong>excessisset,</strong></span> <span class='ocrx_word' id='word_1_570' title='bbox 2958 3415 3085 3457; x_wconf 89' lang='lat' dir='ltr'><strong>cum</strong></span> <span class='ocrx_word' id='word_1_571' title='bbox 3130 3401 3301 3456; x_wconf 85' lang='lat' dir='ltr'><strong>tantis</strong></span> <span class='ocrx_word' id='word_1_572' title='bbox 3331 3397 3543 3455; x_wconf 67' lang='lat' dir='ltr'><strong>dolori.</strong></span> 
     </span>
    </p>
   </div>
   <div class='ocr_carea' id='block_1_81' title="bbox 1948 3491 3540 3565">
    <p class='ocr_par' dir='ltr' id='par_1_81' title="bbox 1948 3491 3540 3565">
     <span class='ocr_line' id='line_1_81' title="bbox 1948 3491 3540 3565; baseline -0.007 -7"><span class='ocrx_word' id='word_1_573' title='bbox 1948 3502 2053 3558; x_wconf 90' lang='lat' dir='ltr'><strong>bus</strong></span> <span class='ocrx_word' id='word_1_574' title='bbox 2086 3514 2196 3558; x_wconf 88' lang='lat' dir='ltr'><strong>non</strong></span> <span class='ocrx_word' id='word_1_575' title='bbox 2235 3496 2607 3554; x_wconf 80' lang='lat' dir='ltr'><strong>conﬂictarer.</strong></span> <span class='ocrx_word' id='word_1_576' title='bbox 2662 3494 2799 3549; x_wconf 89' lang='lat' dir='ltr'><strong>Nam</strong></span> <span class='ocrx_word' id='word_1_577' title='bbox 2847 3508 3059 3565; x_wconf 85' lang='lat' dir='ltr'><strong>corpus</strong></span> <span class='ocrx_word' id='word_1_578' title='bbox 3108 3500 3276 3548; x_wconf 70' lang='lat' dir='ltr'><strong>terras</strong></span> <span class='ocrx_word' id='word_1_579' title='bbox 3323 3491 3540 3563; x_wconf 83' lang='lat' dir='ltr'><strong>gremio</strong></span> 
     </span>
    </p>
   </div>
   <div class='ocr_carea' id='block_1_82' title="bbox 1948 3581 3540 3657">
    <p class='ocr_par' dir='ltr' id='par_1_82' title="bbox 1948 3581 3540 3657">
     <span class='ocr_line' id='line_1_82' title="bbox 1948 3581 3540 3657; baseline -0.006 -11"><span class='ocrx_word' id='word_1_580' title='bbox 1948 3590 2326 3654; x_wconf 82' lang='lat' dir='ltr'><strong>tradidissem,</strong></span> <span class='ocrx_word' id='word_1_581' title='bbox 2361 3600 2428 3643; x_wconf 85' lang='lat' dir='ltr'><strong>ac</strong></span> <span class='ocrx_word' id='word_1_582' title='bbox 2474 3602 2572 3657; x_wconf 89' lang='lat' dir='ltr'><strong>per</strong></span> <span class='ocrx_word' id='word_1_583' title='bbox 2620 3585 2884 3656; x_wconf 85' lang='lat' dir='ltr'><strong>temporis</strong></span> <span class='ocrx_word' id='word_1_584' title='bbox 2935 3584 3358 3640; x_wconf 82' lang='lat' dir='ltr'><strong>diuturnitatem</strong></span> <span class='ocrx_word' id='word_1_585' title='bbox 3395 3581 3540 3637; x_wconf 88' lang='lat' dir='ltr'><strong>obli-</strong></span> 
     </span>
    </p>
   </div>
   <div class='ocr_carea' id='block_1_83' title="bbox 1948 3672 3540 3745">
    <p class='ocr_par' dir='ltr' id='par_1_83' title="bbox 1948 3672 3540 3745">
     <span class='ocr_line' id='line_1_83' title="bbox 1948 3672 3540 3745; baseline -0.004 -9"><span class='ocrx_word' id='word_1_586' title='bbox 1948 3681 2112 3738; x_wconf 86' lang='lat' dir='ltr'><strong>vione</strong></span> <span class='ocrx_word' id='word_1_587' title='bbox 2145 3686 2458 3745; x_wconf 87' lang='lat' dir='ltr'><strong>contracta,</strong></span> <span class='ocrx_word' id='word_1_588' title='bbox 2506 3679 2675 3733; x_wconf 88' lang='lat' dir='ltr'><strong>ulcus</strong></span> <span class='ocrx_word' id='word_1_589' title='bbox 2728 3676 3146 3732; x_wconf 79' lang='lat' dir='ltr'><strong>diseussissem.</strong></span> <span class='ocrx_word' id='word_1_590' title='bbox 3203 3672 3365 3730; x_wconf 86' lang='lat' dir='ltr'><strong>Nunc</strong></span> <span class='ocrx_word' id='word_1_591' title='bbox 3402 3684 3540 3729; x_wconf 80' lang='lat' dir='ltr'><strong>vero</strong></span> 
     </span>
    </p>
   </div>
   <div class='ocr_carea' id='block_1_84' title="bbox 1949 3766 3538 3842">
    <p class='ocr_par' dir='ltr' id='par_1_84' title="bbox 1949 3766 3538 3842">
     <span class='ocr_line' id='line_1_84' title="bbox 1949 3766 3538 3842; baseline -0.006 -12"><span class='ocrx_word' id='word_1_592' title='bbox 1949 3773 2186 3830; x_wconf 86' lang='lat' dir='ltr'><strong>cadaver</strong></span> <span class='ocrx_word' id='word_1_593' title='bbox 2216 3771 2417 3837; x_wconf 88' lang='lat' dir='ltr'><strong>habeo,</strong></span> <span class='ocrx_word' id='word_1_594' title='bbox 2443 3769 2590 3841; x_wconf 89' lang='lat' dir='ltr'><strong>quod</strong></span> <span class='ocrx_word' id='word_1_595' title='bbox 2621 3777 2944 3842; x_wconf 87' lang='lat' dir='ltr'><strong>perpetuum</strong></span> <span class='ocrx_word' id='word_1_596' title='bbox 2989 3766 3126 3822; x_wconf 80' lang='lat' dir='ltr'><strong>mihi</strong></span> <span class='ocrx_word' id='word_1_597' title='bbox 3157 3766 3538 3839; x_wconf 82' lang='lat' dir='ltr'><strong>spectaculum</strong></span> 
     </span>
    </p>
   </div>
   <div class='ocr_carea' id='block_1_85' title="bbox 1947 3860 3566 3938">
    <p class='ocr_par' dir='ltr' id='par_1_85' title="bbox 1947 3860 3566 3938">
     <span class='ocr_line' id='line_1_85' title="bbox 1947 3860 3566 3938; baseline -0.004 -18"><span class='ocrx_word' id='word_1_598' title='bbox 1947 3867 2185 3938; x_wconf 61' lang='lat' dir='ltr'><strong>praebet,</strong></span> <span class='ocrx_word' id='word_1_599' title='bbox 2230 3864 2379 3937; x_wconf 87' lang='lat' dir='ltr'><strong>quod</strong></span> <span class='ocrx_word' id='word_1_600' title='bbox 2428 3865 2661 3919; x_wconf 87' lang='lat' dir='ltr'><strong>vulnera</strong></span> <span class='ocrx_word' id='word_1_601' title='bbox 2712 3862 2850 3917; x_wconf 88' lang='lat' dir='ltr'><strong>mihi</strong></span> <span class='ocrx_word' id='word_1_602' title='bbox 2906 3860 3131 3932; x_wconf 81' lang='lat' dir='ltr'><strong>inﬂigit,</strong></span> <span class='ocrx_word' id='word_1_603' title='bbox 3178 3861 3566 3932; x_wconf 72' lang='lat' dir='ltr'><strong>doloremque,</strong></span> 
     </span>
    </p>
   </div>
   <div class='ocr_carea' id='block_1_86' title="bbox 1949 3952 3543 4023">
    <p class='ocr_par' dir='ltr' id='par_1_86' title="bbox 1949 3952 3543 4023">
     <span class='ocr_line' id='line_1_86' title="bbox 1949 3952 3543 4023; baseline -0.005 -6"><span class='ocrx_word' id='word_1_604' title='bbox 1949 3958 2190 4017; x_wconf 79' lang='lat' dir='ltr'><strong>Subinde</strong></span> <span class='ocrx_word' id='word_1_605' title='bbox 2226 3972 2408 4014; x_wconf 89' lang='lat' dir='ltr'><strong>meum</strong></span> <span class='ocrx_word' id='word_1_606' title='bbox 2464 3956 2770 4013; x_wconf 74' lang='lat' dir='ltr'><strong>exulcerat.</strong></span> <span class='ocrx_word' id='word_1_607' title='bbox 2822 3953 3077 4020; x_wconf 79' lang='lat' dir='ltr'><strong>Quonam</strong></span> <span class='ocrx_word' id='word_1_608' title='bbox 3136 3961 3299 4023; x_wconf 85' lang='lat' dir='ltr'><strong>pacto</strong></span> <span class='ocrx_word' id='word_1_609' title='bbox 3353 3952 3543 4009; x_wconf 80' lang='lat' dir='ltr'><strong>videre</strong></span> 
     </span>
    </p>
   </div>
   <div class='ocr_carea' id='block_1_87' title="bbox 1948 4043 3539 4123">
    <p class='ocr_par' dir='ltr' id='par_1_87' title="bbox 1948 4043 3539 4123">
     <span class='ocr_line' id='line_1_87' title="bbox 1948 4043 3539 4123; baseline -0.004 -18"><span class='ocrx_word' id='word_1_610' title='bbox 1948 4065 2146 4123; x_wconf 87' lang='lat' dir='ltr'><strong>queam</strong></span> <span class='ocrx_word' id='word_1_611' title='bbox 2184 4059 2530 4105; x_wconf 80' lang='lat' dir='ltr'><strong>transversos</strong></span> <span class='ocrx_word' id='word_1_612' title='bbox 2563 4048 2786 4111; x_wconf 90' lang='lat' dir='ltr'><strong>oculos,</strong></span> <span class='ocrx_word' id='word_1_613' title='bbox 2834 4046 3102 4101; x_wconf 86' lang='lat' dir='ltr'><strong>distortas</strong></span> <span class='ocrx_word' id='word_1_614' title='bbox 3130 4058 3352 4105; x_wconf 87' lang='lat' dir='ltr'><strong>manus.</strong></span> <span class='ocrx_word' id='word_1_615' title='bbox 3380 4043 3539 4099; x_wconf 64' lang='lat' dir='ltr'><strong>soluo</strong></span> 
     </span>
    </p>
   </div>
   <div class='ocr_carea' id='block_1_88' title="bbox 1948 4134 3538 4212">
    <p class='ocr_par' dir='ltr' id='par_1_88' title="bbox 1948 4134 3538 4212">
     <span class='ocr_line' id='line_1_88' title="bbox 1948 4134 3538 4212; baseline -0.006 -14"><span class='ocrx_word' id='word_1_616' title='bbox 1948 4152 2038 4201; x_wconf 88' lang='lat' dir='ltr'><strong>tos</strong></span> <span class='ocrx_word' id='word_1_617' title='bbox 2096 4143 2353 4212; x_wconf 85' lang='lat' dir='ltr'><strong>capillos,</strong></span> <span class='ocrx_word' id='word_1_618' title='bbox 2412 4154 2664 4211; x_wconf 80' lang='lat' dir='ltr'><strong>spumam</strong></span> <span class='ocrx_word' id='word_1_619' title='bbox 2724 4152 2819 4192; x_wconf 87' lang='lat' dir='ltr'><strong>ore</strong></span> <span class='ocrx_word' id='word_1_620' title='bbox 2868 4137 3155 4203; x_wconf 86' lang='lat' dir='ltr'><strong>emissam,</strong></span> <span class='ocrx_word' id='word_1_621' title='bbox 3211 4134 3538 4191; x_wconf 84' lang='lat' dir='ltr'><strong>intestinum</strong></span> 
     </span>
    </p>
   </div>
   <div class='ocr_carea' id='block_1_89' title="bbox 1948 4229 3539 4301">
    <p class='ocr_par' dir='ltr' id='par_1_89' title="bbox 1948 4229 3539 4301">
     <span class='ocr_line' id='line_1_89' title="bbox 1948 4229 3539 4301; baseline -0.008 -9"><span class='ocrx_word' id='word_1_622' title='bbox 1948 4234 2288 4300; x_wconf 78' lang='lat' dir='ltr'><strong>carniﬁcem,</strong></span> <span class='ocrx_word' id='word_1_623' title='bbox 2319 4247 2419 4289; x_wconf 87' lang='lat' dir='ltr'><strong>nec</strong></span> <span class='ocrx_word' id='word_1_624' title='bbox 2442 4231 2827 4301; x_wconf 82' lang='lat' dir='ltr'><strong>conspicuum,</strong></span> <span class='ocrx_word' id='word_1_625' title='bbox 2873 4229 3164 4299; x_wconf 80' lang='lat' dir='ltr'><strong>perspicua</strong></span> <span class='ocrx_word' id='word_1_626' title='bbox 3198 4239 3381 4282; x_wconf 85' lang='lat' dir='ltr'><strong>autem</strong></span> <span class='ocrx_word' id='word_1_627' title='bbox 3412 4240 3539 4282; x_wconf 88' lang='lat' dir='ltr'><strong>ver-</strong></span> 
     </span>
    </p>
   </div>
   <div class='ocr_carea' id='block_1_90' title="bbox 1950 4317 3539 4388">
    <p class='ocr_par' dir='ltr' id='par_1_90' title="bbox 1950 4317 3539 4388">
     <span class='ocr_line' id='line_1_90' title="bbox 1950 4317 3539 4388; baseline -0.007 -5"><span class='ocrx_word' id='word_1_628' title='bbox 1950 4324 2124 4383; x_wconf 82' lang='lat' dir='ltr'><strong>bera?</strong></span> <span class='ocrx_word' id='word_1_629' title='bbox 2153 4324 2291 4379; x_wconf 82' lang='lat' dir='ltr'><strong>Asto</strong></span> <span class='ocrx_word' id='word_1_630' title='bbox 2340 4322 2613 4377; x_wconf 86' lang='lat' dir='ltr'><strong>malorum</strong></span> <span class='ocrx_word' id='word_1_631' title='bbox 2654 4320 2961 4374; x_wconf 86' lang='lat' dir='ltr'><strong>alienorum</strong></span> <span class='ocrx_word' id='word_1_632' title='bbox 2992 4317 3323 4388; x_wconf 75' lang='lat' dir='ltr'><strong>spectatrix,</strong></span> <span class='ocrx_word' id='word_1_633' title='bbox 3360 4317 3539 4372; x_wconf 82' lang='lat' dir='ltr'><strong>lanci-</strong></span> 
     </span>
    </p>
   </div>
   <div class='ocr_carea' id='block_1_91' title="bbox 1949 4407 3535 4485">
    <p class='ocr_par' dir='ltr' id='par_1_91' title="bbox 1949 4407 3535 4485">
     <span class='ocr_line' id='line_1_91' title="bbox 1949 4407 3535 4485; baseline -0.005 -13"><span class='ocrx_word' id='word_1_634' title='bbox 1949 4427 2118 4473; x_wconf 89' lang='lat' dir='ltr'><strong>naute</strong></span> <span class='ocrx_word' id='word_1_635' title='bbox 2153 4428 2242 4471; x_wconf 87' lang='lat' dir='ltr'><strong>me</strong></span> <span class='ocrx_word' id='word_1_636' title='bbox 2270 4422 2323 4471; x_wconf 87' lang='lat' dir='ltr'><strong>et</strong></span> <span class='ocrx_word' id='word_1_637' title='bbox 2358 4420 2638 4485; x_wconf 81' lang='lat' dir='ltr'><strong>pungente</strong></span> <span class='ocrx_word' id='word_1_638' title='bbox 2668 4420 2889 4466; x_wconf 87' lang='lat' dir='ltr'><strong>natura.</strong></span> <span class='ocrx_word' id='word_1_639' title='bbox 2922 4408 3179 4466; x_wconf 78' lang='lat' dir='ltr'><strong>Miserere</strong></span> <span class='ocrx_word' id='word_1_640' title='bbox 3211 4410 3334 4465; x_wconf 75' lang='lat' dir='ltr'><strong>mei.</strong></span> <span class='ocrx_word' id='word_1_641' title='bbox 3367 4407 3535 4464; x_wconf 67' lang='lat' dir='ltr'><strong>Temo</strong></span> 
     </span>
    </p>
   </div>
   <div class='ocr_carea' id='block_1_92' title="bbox 256 4501 1850 4583">
    <p class='ocr_par' dir='ltr' id='par_1_92' title="bbox 256 4505 1843 4583">
     <span class='ocr_line' id='line_1_92' title="bbox 256 4505 1843 4583; baseline -0.003 -18"><span class='ocrx_word' id='word_1_642' title='bbox 256 4510 648 4583; x_wconf 78' lang='grc' dir='ltr'><strong>γυμναζούσας</strong></span> <span class='ocrx_word' id='word_1_643' title='bbox 673 4510 800 4572; x_wconf 75' lang='grc' dir='ltr'><strong>τοὺς</strong></span> <span class='ocrx_word' id='word_1_644' title='bbox 827 4508 1111 4578; x_wconf 83' lang='grc' dir='ltr'><strong>δαίμονας,</strong></span> <span class='ocrx_word' id='word_1_645' title='bbox 1140 4508 1237 4561; x_wconf 72' lang='grc' dir='ltr'><strong>καὶ</strong></span> <span class='ocrx_word' id='word_1_646' title='bbox 1266 4505 1538 4572; x_wconf 80' lang='grc' dir='ltr'><strong>αὐξούσας</strong></span> <span class='ocrx_word' id='word_1_647' title='bbox 1565 4507 1629 4560; x_wconf 77' lang='grc' dir='ltr'><strong>τὸ</strong></span> <span class='ocrx_word' id='word_1_648' title='bbox 1664 4507 1843 4579; x_wconf 75' lang='grc' dir='ltr'><strong>ἕλκος,</strong></span> 
     </span>
    </p>
   </div>
   <div class='ocr_carea' id='block_1_93' title="bbox 1952 4501 3536 4583">
    <p class='ocr_par' dir='ltr' id='par_1_93' title="bbox 1952 4501 3536 4581">
     <span class='ocr_line' id='line_1_93' title="bbox 1952 4501 3536 4581; baseline -0.005 -16"><span class='ocrx_word' id='word_1_649' title='bbox 1952 4517 2135 4581; x_wconf 78' lang='lat' dir='ltr'><strong>pestas</strong></span> <span class='ocrx_word' id='word_1_650' title='bbox 2171 4507 2384 4578; x_wconf 78' lang='lat' dir='ltr'><strong>gravis,</strong></span> <span class='ocrx_word' id='word_1_651' title='bbox 2415 4503 2635 4560; x_wconf 82' lang='lat' dir='ltr'><strong>aﬂ‘ectio</strong></span> <span class='ocrx_word' id='word_1_652' title='bbox 2661 4512 2717 4560; x_wconf 90' lang='lat' dir='ltr'><strong>et</strong></span> <span class='ocrx_word' id='word_1_653' title='bbox 2765 4504 2951 4558; x_wconf 89' lang='lat' dir='ltr'><strong>timor.</strong></span> <span class='ocrx_word' id='word_1_654' title='bbox 2993 4501 3223 4558; x_wconf 75' lang='lat' dir='ltr'><strong>Aii‘cctio</strong></span> <span class='ocrx_word' id='word_1_655' title='bbox 3265 4501 3536 4557; x_wconf 86' lang='lat' dir='ltr'><strong>nimirum</strong></span> 
     </span>
    </p>
   </div>
   <div class='ocr_carea' id='block_1_94' title="bbox 255 4598 1846 4676">
    <p class='ocr_par' dir='ltr' id='par_1_94' title="bbox 255 4598 1846 4676">
     <span class='ocr_line' id='line_1_94' title="bbox 255 4598 1846 4676; baseline -0.006 -13"><span class='ocrx_word' id='word_1_656' title='bbox 255 4605 377 4663; x_wconf 81' lang='grc' dir='ltr'><strong>ἀλλ’</strong></span> <span class='ocrx_word' id='word_1_657' title='bbox 412 4604 595 4676; x_wconf 76' lang='grc' dir='ltr'><strong>ἀφῆκε</strong></span> <span class='ocrx_word' id='word_1_658' title='bbox 633 4601 729 4658; x_wconf 74' lang='grc' dir='ltr'><strong>τοῦ</strong></span> <span class='ocrx_word' id='word_1_659' title='bbox 756 4602 1009 4658; x_wconf 79' lang='grc' dir='ltr'><strong>διαδόλου</strong></span> <span class='ocrx_word' id='word_1_660' title='bbox 1032 4601 1094 4655; x_wconf 81' lang='grc' dir='ltr'><strong>τὸ</strong></span> <span class='ocrx_word' id='word_1_661' title='bbox 1129 4600 1517 4672; x_wconf 79' lang='grc' dir='ltr'><strong>ἐργαστήριον.</strong></span> <span class='ocrx_word' id='word_1_662' title='bbox 1554 4598 1846 4669; x_wconf 75' lang='grc' dir='ltr'><strong>Ἐλέησόν</strong></span> 
     </span>
    </p>
   </div>
   <div class='ocr_carea' id='block_1_95' title="bbox 249 4691 1846 4770">
    <p class='ocr_par' dir='ltr' id='par_1_95' title="bbox 249 4691 1846 4770">
     <span class='ocr_line' id='line_1_95' title="bbox 249 4691 1846 4770; baseline -0.005 -18"><span class='ocrx_word' id='word_1_663' title='bbox 249 4714 358 4770; x_wconf 81' lang='grc' dir='ltr'><strong>με·</strong></span> <span class='ocrx_word' id='word_1_664' title='bbox 410 4698 450 4767; x_wconf 75' lang='grc' dir='ltr'><strong><em>ἡ</em></strong></span> <span class='ocrx_word' id='word_1_665' title='bbox 497 4695 762 4767; x_wconf 78' lang='grc' dir='ltr'><strong>θυγάτηρ</strong></span> <span class='ocrx_word' id='word_1_666' title='bbox 812 4711 933 4764; x_wconf 73' lang='grc' dir='ltr'><strong>μου</strong></span> <span class='ocrx_word' id='word_1_667' title='bbox 981 4691 1182 4760; x_wconf 80' lang='grc' dir='ltr'><strong>κακῶς</strong></span> <span class='ocrx_word' id='word_1_668' title='bbox 1226 4692 1641 4762; x_wconf 74' lang='grc' dir='ltr'><strong>δαιμονίζεται.</strong></span> <span class='ocrx_word' id='word_1_669' title='bbox 1692 4693 1846 4745; x_wconf 83' lang='grc' dir='ltr'><strong>Ὅσοι</strong></span> 
     </span>
    </p>
   </div>
   <div class='ocr_carea' id='block_1_96' title="bbox 255 4778 1844 4859">
    <p class='ocr_par' dir='ltr' id='par_1_96' title="bbox 255 4778 1844 4859">
     <span class='ocr_line' id='line_1_96' title="bbox 255 4778 1844 4859; baseline -0.005 -17"><span class='ocrx_word' id='word_1_670' title='bbox 255 4788 499 4859; x_wconf 83' lang='grc' dir='ltr'><strong>πατέρες</strong></span> <span class='ocrx_word' id='word_1_671' title='bbox 542 4785 797 4856; x_wconf 69' lang='grc' dir='ltr'><strong>ἐγένεσθε</strong></span> <span class='ocrx_word' id='word_1_672' title='bbox 823 4823 837 4851; x_wconf 90' lang='grc'><strong>,</strong></span> <span class='ocrx_word' id='word_1_673' title='bbox 889 4782 1193 4855; x_wconf 80' lang='grc' dir='ltr'><strong>βοηθήσατε</strong></span> <span class='ocrx_word' id='word_1_674' title='bbox 1233 4780 1313 4853; x_wconf 77' lang='grc' dir='ltr'><strong>τῷ</strong></span> <span class='ocrx_word' id='word_1_675' title='bbox 1361 4778 1506 4853; x_wconf 80' lang='grc' dir='ltr'><strong>λόγῳ</strong></span> <span class='ocrx_word' id='word_1_676' title='bbox 1528 4819 1543 4845; x_wconf 93' lang='grc'><strong>,</strong></span> <span class='ocrx_word' id='word_1_677' title='bbox 1580 4781 1676 4835; x_wconf 77' lang='grc' dir='ltr'><strong>καὶ</strong></span> <span class='ocrx_word' id='word_1_678' title='bbox 1721 4781 1844 4835; x_wconf 79' lang='grc' dir='ltr'><strong>ὅσαι</strong></span> 
     </span>
    </p>
   </div>
   <div class='ocr_carea' id='block_1_97' title="bbox 260 4871 1843 4951">
    <p class='ocr_par' dir='ltr' id='par_1_97' title="bbox 260 4871 1843 4951">
     <span class='ocr_line' id='line_1_97' title="bbox 260 4871 1843 4951; baseline -0.004 -19"><span class='ocrx_word' id='word_1_679' title='bbox 260 4878 503 4951; x_wconf 81' lang='grc' dir='ltr'><strong>μητέρες</strong></span> <span class='ocrx_word' id='word_1_680' title='bbox 535 4875 1039 4946; x_wconf 82' lang='grc' dir='ltr'><strong>κατεσκευάσθητε.</strong></span> <span class='ocrx_word' id='word_1_681' title='bbox 1083 4874 1159 4927; x_wconf 82' lang='grc' dir='ltr'><strong>Οὐ</strong></span> <span class='ocrx_word' id='word_1_682' title='bbox 1212 4872 1453 4945; x_wconf 81' lang='grc' dir='ltr'><strong>δύναμαι</strong></span> <span class='ocrx_word' id='word_1_683' title='bbox 1499 4871 1843 4943; x_wconf 73' lang='grc' dir='ltr'><strong>ἑρμηνεῦσαι</strong></span> 
     </span>
    </p>
   </div>
   <div class='ocr_carea' id='block_1_98' title="bbox 253 4961 1845 5042">
    <p class='ocr_par' dir='ltr' id='par_1_98' title="bbox 253 4961 1845 5042">
     <span class='ocr_line' id='line_1_98' title="bbox 253 4961 1845 5042; baseline -0.005 -16"><span class='ocrx_word' id='word_1_684' title='bbox 253 4972 351 5026; x_wconf 79' lang='grc' dir='ltr'><strong>τὸν</strong></span> <span class='ocrx_word' id='word_1_685' title='bbox 370 4970 622 5042; x_wconf 80' lang='grc' dir='ltr'><strong>χειμῶνα</strong></span> <span class='ocrx_word' id='word_1_686' title='bbox 652 4968 715 5022; x_wconf 81' lang='grc' dir='ltr'><strong>ὃν</strong></span> <span class='ocrx_word' id='word_1_687' title='bbox 744 4968 1012 5039; x_wconf 70' lang='grc' dir='ltr'><strong>ὑπέμεινε</strong></span> <span class='ocrx_word' id='word_1_688' title='bbox 1041 4965 1104 5021; x_wconf 81' lang='grc' dir='ltr'><strong>τδ</strong></span> <span class='ocrx_word' id='word_1_689' title='bbox 1127 4969 1372 5035; x_wconf 82' lang='grc' dir='ltr'><strong>γυναῖον.</strong></span> <span class='ocrx_word' id='word_1_690' title='bbox 1393 4961 1548 5029; x_wconf 76' lang='grc' dir='ltr'><strong>Εἶδες</strong></span> <span class='ocrx_word' id='word_1_691' title='bbox 1571 4967 1674 5038; x_wconf 79' lang='grc' dir='ltr'><strong>τὴν</strong></span> <span class='ocrx_word' id='word_1_692' title='bbox 1708 4981 1845 5035; x_wconf 83' lang='grc' dir='ltr'><strong>καρ-</strong></span> 
     </span>
    </p>
   </div>
   <div class='ocr_carea' id='block_1_99' title="bbox 251 5055 1845 5132">
    <p class='ocr_par' dir='ltr' id='par_1_99' title="bbox 251 5055 1845 5132">
     <span class='ocr_line' id='line_1_99' title="bbox 251 5055 1845 5132; baseline -0.003 -18"><span class='ocrx_word' id='word_1_693' title='bbox 251 5060 477 5132; x_wconf 79' lang='grc' dir='ltr'><strong>τερίαν,</strong></span> <span class='ocrx_word' id='word_1_694' title='bbox 534 5060 636 5130; x_wconf 81' lang='grc' dir='ltr'><strong>τὴν</strong></span> <span class='ocrx_word' id='word_1_695' title='bbox 698 5056 990 5129; x_wconf 83' lang='grc' dir='ltr'><strong>ἀνδρείαν,</strong></span> <span class='ocrx_word' id='word_1_696' title='bbox 1024 5056 1127 5127; x_wconf 85' lang='grc' dir='ltr'><strong>τὴν</strong></span> <span class='ocrx_word' id='word_1_697' title='bbox 1175 5057 1475 5128; x_wconf 82' lang='grc' dir='ltr'><strong>ὑπομονήν.</strong></span> <span class='ocrx_word' id='word_1_698' title='bbox 1513 5056 1576 5111; x_wconf 80' lang='lat'><strong>&#39;0</strong></span> <span class='ocrx_word' id='word_1_699' title='bbox 1614 5055 1685 5109; x_wconf 78' lang='grc' dir='ltr'><strong>δὲ</strong></span> <span class='ocrx_word' id='word_1_700' title='bbox 1730 5058 1845 5110; x_wconf 80' lang='grc' dir='ltr'><strong>οὐκ</strong></span> 
     </span>
    </p>
   </div>
   <div class='ocr_carea' id='block_1_100' title="bbox 253 5143 1845 5219">
    <p class='ocr_par' dir='ltr' id='par_1_100' title="bbox 253 5143 1845 5219">
     <span class='ocr_line' id='line_1_100' title="bbox 253 5143 1845 5219; baseline -0.006 -13"><span class='ocrx_word' id='word_1_701' title='bbox 253 5151 554 5219; x_wconf 82' lang='grc' dir='ltr'><strong>ἀπεκρίθη</strong></span> <span class='ocrx_word' id='word_1_702' title='bbox 580 5147 737 5216; x_wconf 85' lang='grc' dir='ltr'><strong>αὐτῇ</strong></span> <span class='ocrx_word' id='word_1_703' title='bbox 776 5147 986 5217; x_wconf 70' lang='grc' dir='ltr'><strong>λόγον.</strong></span> <span class='ocrx_word' id='word_1_704' title='bbox 1016 5144 1198 5200; x_wconf 78' lang='grc' dir='ltr'><strong>Καινὰ</strong></span> <span class='ocrx_word' id='word_1_705' title='bbox 1237 5145 1309 5199; x_wconf 78' lang='grc' dir='ltr'><strong>τὰ</strong></span> <span class='ocrx_word' id='word_1_706' title='bbox 1349 5143 1695 5219; x_wconf 78' lang='grc' dir='ltr'><strong>πράγματαὲ</strong></span> <span class='ocrx_word' id='word_1_707' title='bbox 1730 5144 1845 5197; x_wconf 85' lang='grc' dir='ltr'><strong>Πα-</strong></span> 
     </span>
    </p>
   </div>
   <div class='ocr_carea' id='block_1_101' title="bbox 258 5235 1846 5315">
    <p class='ocr_par' dir='ltr' id='par_1_101' title="bbox 258 5235 1846 5315">
     <span class='ocr_line' id='line_1_101' title="bbox 258 5235 1846 5315; baseline -0.004 -18"><span class='ocrx_word' id='word_1_708' title='bbox 258 5241 517 5315; x_wconf 80' lang='grc' dir='ltr'><strong>ρακαλεῖ,</strong></span> <span class='ocrx_word' id='word_1_709' title='bbox 552 5239 755 5307; x_wconf 68' lang='grc' dir='ltr'><strong>δέεται,</strong></span> <span class='ocrx_word' id='word_1_710' title='bbox 805 5239 985 5293; x_wconf 83' lang='grc' dir='ltr'><strong>κλαίει</strong></span> <span class='ocrx_word' id='word_1_711' title='bbox 1027 5237 1130 5309; x_wconf 82' lang='grc' dir='ltr'><strong>τὴν</strong></span> <span class='ocrx_word' id='word_1_712' title='bbox 1171 5236 1492 5309; x_wconf 82' lang='grc' dir='ltr'><strong>συμφοράν·</strong></span> <span class='ocrx_word' id='word_1_713' title='bbox 1542 5235 1700 5305; x_wconf 76' lang='grc' dir='ltr'><strong>αὔξει</strong></span> <span class='ocrx_word' id='word_1_714' title='bbox 1746 5237 1846 5307; x_wconf 85' lang='grc' dir='ltr'><strong>τὴν</strong></span> 
     </span>
    </p>
   </div>
   <div class='ocr_carea' id='block_1_102' title="bbox 253 5328 1847 5408">
    <p class='ocr_par' dir='ltr' id='par_1_102' title="bbox 253 5328 1847 5408">
     <span class='ocr_line' id='line_1_102' title="bbox 253 5328 1847 5408; baseline -0.003 -22"><span class='ocrx_word' id='word_1_715' title='bbox 253 5332 571 5408; x_wconf 75' lang='grc' dir='ltr'><strong>τραγῳδίαν</strong></span> <span class='ocrx_word' id='word_1_716' title='bbox 592 5349 606 5363; x_wconf 86' lang='grc'><strong>·</strong></span> <span class='ocrx_word' id='word_1_717' title='bbox 643 5332 915 5402; x_wconf 84' lang='grc' dir='ltr'><strong>διηγεῖται</strong></span> <span class='ocrx_word' id='word_1_718' title='bbox 949 5330 1013 5384; x_wconf 83' lang='grc' dir='ltr'><strong>τὸ</strong></span> <span class='ocrx_word' id='word_1_719' title='bbox 1042 5328 1238 5395; x_wconf 84' lang='grc' dir='ltr'><strong>πάθος,</strong></span> <span class='ocrx_word' id='word_1_720' title='bbox 1274 5331 1369 5384; x_wconf 75' lang='grc' dir='ltr'><strong>καὶ</strong></span> <span class='ocrx_word' id='word_1_721' title='bbox 1399 5331 1427 5383; x_wconf 85' lang='grc' dir='ltr'>ὁ</span> <span class='ocrx_word' id='word_1_722' title='bbox 1464 5328 1847 5400; x_wconf 79' lang='grc' dir='ltr'><strong>φιλάνθρωπος</strong></span> 
     </span>
    </p>
   </div>
   <div class='ocr_carea' id='block_1_103' title="bbox 254 5421 1847 5496">
    <p class='ocr_par' dir='ltr' id='par_1_103' title="bbox 254 5421 1847 5496">
     <span class='ocr_line' id='line_1_103' title="bbox 254 5421 1847 5496; baseline -0.003 -17"><span class='ocrx_word' id='word_1_723' title='bbox 254 5426 363 5479; x_wconf 75' lang='grc' dir='ltr'><strong>οὐκ</strong></span> <span class='ocrx_word' id='word_1_724' title='bbox 400 5424 784 5496; x_wconf 80' lang='grc' dir='ltr'><strong>ἀποκρίνεται,</strong></span> <span class='ocrx_word' id='word_1_725' title='bbox 813 5423 843 5477; x_wconf 86' lang='grc' dir='ltr'>ὁ</span> <span class='ocrx_word' id='word_1_726' title='bbox 869 5422 1041 5491; x_wconf 86' lang='grc' dir='ltr'><strong>Λόγος</strong></span> <span class='ocrx_word' id='word_1_727' title='bbox 1091 5423 1241 5494; x_wconf 82' lang='grc' dir='ltr'><strong>σιγᾷ,</strong></span> <span class='ocrx_word' id='word_1_728' title='bbox 1289 5425 1323 5493; x_wconf 84' lang='grc' dir='ltr'>ὴ</span> <span class='ocrx_word' id='word_1_729' title='bbox 1358 5422 1511 5495; x_wconf 84' lang='grc' dir='ltr'><strong>πηγὴ</strong></span> <span class='ocrx_word' id='word_1_730' title='bbox 1554 5421 1847 5475; x_wconf 80' lang='grc' dir='ltr'><strong>ἀποκλείε-</strong></span> 
     </span>
    </p>
   </div>
   <div class='ocr_carea' id='block_1_104' title="bbox 254 5513 1845 5587">
    <p class='ocr_par' dir='ltr' id='par_1_104' title="bbox 254 5513 1845 5587">
     <span class='ocr_line' id='line_1_104' title="bbox 254 5513 1845 5587; baseline -0.003 -14"><span class='ocrx_word' id='word_1_731' title='bbox 254 5535 378 5582; x_wconf 79' lang='grc' dir='ltr'><strong>ται,</strong></span> <span class='ocrx_word' id='word_1_732' title='bbox 400 5519 431 5570; x_wconf 85' lang='grc' dir='ltr'>ὁ</span> <span class='ocrx_word' id='word_1_733' title='bbox 471 5516 657 5587; x_wconf 65' lang='grc' dir='ltr'><strong>ἰατρὸς</strong></span> <span class='ocrx_word' id='word_1_734' title='bbox 686 5516 756 5569; x_wconf 83' lang='grc' dir='ltr'><strong>τὰ</strong></span> <span class='ocrx_word' id='word_1_735' title='bbox 792 5515 1064 5587; x_wconf 80' lang='grc' dir='ltr'><strong>φάρμακα</strong></span> <span class='ocrx_word' id='word_1_736' title='bbox 1094 5515 1399 5572; x_wconf 85' lang='grc' dir='ltr'><strong>συστέλλει.</strong></span> <span class='ocrx_word' id='word_1_737' title='bbox 1437 5514 1503 5569; x_wconf 88' lang='grc' dir='ltr'><strong>Τί</strong></span> <span class='ocrx_word' id='word_1_738' title='bbox 1533 5513 1595 5569; x_wconf 81' lang='grc' dir='ltr'><strong>τὸ</strong></span> <span class='ocrx_word' id='word_1_739' title='bbox 1616 5514 1804 5568; x_wconf 85' lang='grc' dir='ltr'><strong>καινόν</strong></span> <span class='ocrx_word' id='word_1_740' title='bbox 1829 5531 1845 5580; x_wconf 89' lang='grc'><strong>;</strong></span> 
     </span>
    </p>
   </div>
   <div class='ocr_carea' id='block_1_105' title="bbox 252 5605 1848 5680">
    <p class='ocr_par' dir='ltr' id='par_1_105' title="bbox 252 5605 1848 5680">
     <span class='ocr_line' id='line_1_105' title="bbox 252 5605 1848 5680; baseline -0.001 -17"><span class='ocrx_word' id='word_1_741' title='bbox 252 5615 312 5663; x_wconf 74' lang='grc' dir='ltr'><strong>τε</strong></span> <span class='ocrx_word' id='word_1_742' title='bbox 354 5609 418 5661; x_wconf 80' lang='grc' dir='ltr'><strong>τὸ</strong></span> <span class='ocrx_word' id='word_1_743' title='bbox 470 5605 813 5680; x_wconf 80' lang='grc' dir='ltr'><strong>παράδοξον;</strong></span> <span class='ocrx_word' id='word_1_744' title='bbox 847 5607 1065 5672; x_wconf 79' lang='grc' dir='ltr'><strong>’Δλλοις</strong></span> <span class='ocrx_word' id='word_1_745' title='bbox 1115 5607 1454 5679; x_wconf 69' lang='grc' dir='ltr'><strong>ἱπιτρέχεις,</strong></span> <span class='ocrx_word' id='word_1_746' title='bbox 1498 5609 1595 5663; x_wconf 74' lang='grc' dir='ltr'><strong>καὶ</strong></span> <span class='ocrx_word' id='word_1_747' title='bbox 1641 5610 1848 5680; x_wconf 85' lang='grc' dir='ltr'><strong>ταύτην</strong></span> 
     </span>
    </p>
   </div>
   <div class='ocr_carea' id='block_1_106' title="bbox 256 5698 1847 5774">
    <p class='ocr_par' dir='ltr' id='par_1_106' title="bbox 256 5698 1847 5774">
     <span class='ocr_line' id='line_1_106' title="bbox 256 5698 1847 5774; baseline -0.001 -17"><span class='ocrx_word' id='word_1_748' title='bbox 256 5701 661 5774; x_wconf 70' lang='grc' dir='ltr'><strong>ιπιτρέχουσαν</strong></span> <span class='ocrx_word' id='word_1_749' title='bbox 698 5700 1046 5765; x_wconf 83' lang='grc' dir='ltr'><strong>ἀπελαύνεις.</strong></span> <span class='ocrx_word' id='word_1_750' title='bbox 1076 5700 1216 5755; x_wconf 77' lang='grc' dir='ltr'><strong>Ἀλλ’</strong></span> <span class='ocrx_word' id='word_1_751' title='bbox 1254 5701 1511 5772; x_wconf 72' lang='grc' dir='ltr'><strong>ἐννόησον</strong></span> <span class='ocrx_word' id='word_1_752' title='bbox 1537 5700 1629 5755; x_wconf 76' lang='grc' dir='ltr'><strong>τοῦ</strong></span> <span class='ocrx_word' id='word_1_753' title='bbox 1660 5698 1847 5774; x_wconf 78' lang='grc' dir='ltr'><strong>ίατροῦ</strong></span> 
     </span>
    </p>
   </div>
   <div class='ocr_carea' id='block_1_107' title="bbox 256 5789 1843 5872">
    <p class='ocr_par' dir='ltr' id='par_1_107' title="bbox 256 5789 1843 5872">
     <span class='ocr_line' id='line_1_107' title="bbox 256 5789 1843 5872; baseline -0.002 -18"><span class='ocrx_word' id='word_1_754' title='bbox 256 5800 363 5868; x_wconf 79' lang='grc' dir='ltr'><strong>τὴν</strong></span> <span class='ocrx_word' id='word_1_755' title='bbox 393 5796 629 5872; x_wconf 49' lang='grc' dir='ltr'><strong>σοφίαν..</strong></span> <span class='ocrx_word' id='word_1_756' title='bbox 659 5789 822 5852; x_wconf 79' lang='grc' dir='ltr'><strong>’θ’δὲ</strong></span> <span class='ocrx_word' id='word_1_757' title='bbox 856 5797 970 5852; x_wconf 82' lang='grc' dir='ltr'><strong>οὐκ</strong></span> <span class='ocrx_word' id='word_1_758' title='bbox 1006 5795 1376 5866; x_wconf 77' lang='grc' dir='ltr'><strong>ἀπεκρίνατο</strong></span> <span class='ocrx_word' id='word_1_759' title='bbox 1431 5793 1588 5866; x_wconf 80' lang='grc' dir='ltr'><strong>αὐτῇ</strong></span> <span class='ocrx_word' id='word_1_760' title='bbox 1632 5795 1843 5866; x_wconf 70' lang='grc' dir='ltr'><strong>λόγον.</strong></span> 
     </span>
    </p>
   </div>
   <div class='ocr_carea' id='block_1_108' title="bbox 1949 4594 3536 4665">
    <p class='ocr_par' dir='ltr' id='par_1_108' title="bbox 1949 4594 3536 4665">
     <span class='ocr_line' id='line_1_108' title="bbox 1949 4594 3536 4665; baseline -0.008 -7"><span class='ocrx_word' id='word_1_761' title='bbox 1949 4609 2179 4665; x_wconf 75' lang='lat' dir='ltr'><strong>naturae,</strong></span> <span class='ocrx_word' id='word_1_762' title='bbox 2207 4607 2263 4655; x_wconf 93' lang='lat' dir='ltr'><strong>et</strong></span> <span class='ocrx_word' id='word_1_763' title='bbox 2288 4600 2458 4654; x_wconf 88' lang='lat' dir='ltr'><strong>timor</strong></span> <span class='ocrx_word' id='word_1_764' title='bbox 2486 4596 2775 4654; x_wconf 63' lang='lat' dir='ltr'><strong>damonis.</strong></span> <span class='ocrx_word' id='word_1_765' title='bbox 2821 4594 3101 4650; x_wconf 84' lang='lat' dir='ltr'><strong>Accedere</strong></span> <span class='ocrx_word' id='word_1_766' title='bbox 3130 4609 3239 4648; x_wconf 90' lang='lat' dir='ltr'><strong>non</strong></span> <span class='ocrx_word' id='word_1_767' title='bbox 3280 4608 3536 4664; x_wconf 83' lang='lat' dir='ltr'><strong>possum,</strong></span> 
     </span>
    </p>
   </div>
   <div class='ocr_carea' id='block_1_109' title="bbox 1948 4685 3535 4760">
    <p class='ocr_par' dir='ltr' id='par_1_109' title="bbox 1948 4685 3535 4760">
     <span class='ocr_line' id='line_1_109' title="bbox 1948 4685 3535 4760; baseline -0.008 -10"><span class='ocrx_word' id='word_1_768' title='bbox 1948 4709 2051 4750; x_wconf 91' lang='lat' dir='ltr'><strong>nec</strong></span> <span class='ocrx_word' id='word_1_769' title='bbox 2094 4708 2181 4749; x_wconf 88' lang='lat' dir='ltr'><strong>me</strong></span> <span class='ocrx_word' id='word_1_770' title='bbox 2212 4693 2520 4748; x_wconf 88' lang='lat' dir='ltr'><strong>continere.</strong></span> <span class='ocrx_word' id='word_1_771' title='bbox 2563 4688 2728 4760; x_wconf 86' lang='lat' dir='ltr'><strong>Urget</strong></span> <span class='ocrx_word' id='word_1_772' title='bbox 2762 4702 2852 4744; x_wconf 86' lang='lat' dir='ltr'><strong>me</strong></span> <span class='ocrx_word' id='word_1_773' title='bbox 2898 4686 3153 4754; x_wconf 75' lang='lat' dir='ltr'><strong>affectio;</strong></span> <span class='ocrx_word' id='word_1_774' title='bbox 3188 4695 3245 4740; x_wconf 92' lang='lat' dir='ltr'><strong>at</strong></span> <span class='ocrx_word' id='word_1_775' title='bbox 3276 4685 3535 4756; x_wconf 83' lang='lat' dir='ltr'><strong>propellit</strong></span> 
     </span>
    </p>
   </div>
   <div class='ocr_carea' id='block_1_110' title="bbox 1947 4778 3535 4842">
    <p class='ocr_par' dir='ltr' id='par_1_110' title="bbox 1947 4778 3535 4842">
     <span class='ocr_line' id='line_1_110' title="bbox 1947 4778 3535 4842; baseline -0.006 0"><span class='ocrx_word' id='word_1_776' title='bbox 1947 4788 2135 4842; x_wconf 89' lang='lat' dir='ltr'><strong>timor.</strong></span> <span class='ocrx_word' id='word_1_777' title='bbox 2170 4784 2426 4839; x_wconf 82' lang='lat' dir='ltr'><strong>Miserere</strong></span> <span class='ocrx_word' id='word_1_778' title='bbox 2450 4782 2574 4837; x_wconf 80' lang='lat' dir='ltr'><strong>mei.</strong></span> <span class='ocrx_word' id='word_1_779' title='bbox 2609 4781 2814 4836; x_wconf 75' lang='lat' dir='ltr'><strong>Verum</strong></span> <span class='ocrx_word' id='word_1_780' title='bbox 2866 4780 2959 4834; x_wconf 80' lang='lat' dir='ltr'><strong>hic</strong></span> <span class='ocrx_word' id='word_1_781' title='bbox 2996 4778 3411 4834; x_wconf 70' lang='lat' dir='ltr'><strong>animadvertas</strong></span> <span class='ocrx_word' id='word_1_782' title='bbox 3440 4792 3535 4832; x_wconf 89' lang='lat' dir='ltr'><strong>ve-</strong></span> 
     </span>
    </p>
   </div>
   <div class='ocr_carea' id='block_1_111' title="bbox 1947 4870 3530 4948">
    <p class='ocr_par' dir='ltr' id='par_1_111' title="bbox 1947 4870 3530 4948">
     <span class='ocr_line' id='line_1_111' title="bbox 1947 4870 3530 4948; baseline -0.008 -12"><span class='ocrx_word' id='word_1_783' title='bbox 1947 4882 2042 4936; x_wconf 89' lang='lat' dir='ltr'><strong>lim</strong></span> <span class='ocrx_word' id='word_1_784' title='bbox 2062 4878 2311 4935; x_wconf 84' lang='lat' dir='ltr'><strong>mulieris</strong></span> <span class='ocrx_word' id='word_1_785' title='bbox 2339 4870 2771 4948; x_wconf 74' lang='lat' dir='ltr'><strong>philosophiam.</strong></span> <span class='ocrx_word' id='word_1_786' title='bbox 2789 4870 2907 4927; x_wconf 83' lang='lat' dir='ltr'><strong>Non</strong></span> <span class='ocrx_word' id='word_1_787' title='bbox 2922 4872 2991 4927; x_wconf 81' lang='lat' dir='ltr'><strong>ad</strong></span> <span class='ocrx_word' id='word_1_788' title='bbox 3013 4870 3239 4927; x_wconf 80' lang='lat' dir='ltr'><strong>divinos</strong></span> <span class='ocrx_word' id='word_1_789' title='bbox 3258 4870 3530 4940; x_wconf 75' lang='lat' dir='ltr'><strong>perrexit;</strong></span> 
     </span>
    </p>
   </div>
   <div class='ocr_carea' id='block_1_112' title="bbox 1947 4961 3533 5039">
    <p class='ocr_par' dir='ltr' id='par_1_112' title="bbox 1947 4961 3533 5039">
     <span class='ocr_line' id='line_1_112' title="bbox 1947 4961 3533 5039; baseline -0.004 -12"><span class='ocrx_word' id='word_1_790' title='bbox 1947 4988 2057 5028; x_wconf 90' lang='lat' dir='ltr'><strong>non</strong></span> <span class='ocrx_word' id='word_1_791' title='bbox 2102 4969 2343 5025; x_wconf 87' lang='lat' dir='ltr'><strong>amuleta</strong></span> <span class='ocrx_word' id='word_1_792' title='bbox 2393 4966 2655 5039; x_wconf 88' lang='lat' dir='ltr'><strong>appendit</strong></span> <span class='ocrx_word' id='word_1_793' title='bbox 2699 4964 2862 5028; x_wconf 64' lang='lat' dir='ltr'><strong>ﬁlias,</strong></span> <span class='ocrx_word' id='word_1_794' title='bbox 2914 4978 3026 5018; x_wconf 88' lang='lat' dir='ltr'><strong>non</strong></span> <span class='ocrx_word' id='word_1_795' title='bbox 3081 4961 3533 5034; x_wconf 64' lang='lat' dir='ltr'><strong>praestigiatrices</strong></span> 
     </span>
    </p>
   </div>
   <div class='ocr_carea' id='block_1_113' title="bbox 1946 5052 3533 5126">
    <p class='ocr_par' dir='ltr' id='par_1_113' title="bbox 1946 5052 3533 5126">
     <span class='ocr_line' id='line_1_113' title="bbox 1946 5052 3533 5126; baseline -0.007 -7"><span class='ocrx_word' id='word_1_796' title='bbox 1946 5062 2303 5119; x_wconf 85' lang='lat' dir='ltr'><strong>mulierculas</strong></span> <span class='ocrx_word' id='word_1_797' title='bbox 2348 5059 2659 5125; x_wconf 74' lang='lat' dir='ltr'><strong>conduxit;</strong></span> <span class='ocrx_word' id='word_1_798' title='bbox 2696 5070 2814 5123; x_wconf 85' lang='lat' dir='ltr'><strong>eas,</strong></span> <span class='ocrx_word' id='word_1_799' title='bbox 2860 5054 3114 5126; x_wconf 80' lang='lat' dir='ltr'><strong>inquam,</strong></span> <span class='ocrx_word' id='word_1_800' title='bbox 3170 5068 3296 5124; x_wconf 69' lang='lat' dir='ltr'><strong>quae</strong></span> <span class='ocrx_word' id='word_1_801' title='bbox 3326 5052 3533 5109; x_wconf 57' lang='lat' dir='ltr'><strong>demo.</strong></span> 
     </span>
    </p>
   </div>
   <div class='ocr_carea' id='block_1_114' title="bbox 1944 5142 3530 5218">
    <p class='ocr_par' dir='ltr' id='par_1_114' title="bbox 1944 5142 3530 5218">
     <span class='ocr_line' id='line_1_114' title="bbox 1944 5142 3530 5218; baseline -0.006 -9"><span class='ocrx_word' id='word_1_802' title='bbox 1944 5170 2045 5211; x_wconf 86' lang='lat' dir='ltr'><strong>nes</strong></span> <span class='ocrx_word' id='word_1_803' title='bbox 2074 5161 2358 5218; x_wconf 83' lang='lat' dir='ltr'><strong>exercent,</strong></span> <span class='ocrx_word' id='word_1_804' title='bbox 2415 5159 2470 5206; x_wconf 87' lang='lat' dir='ltr'><strong>et</strong></span> <span class='ocrx_word' id='word_1_805' title='bbox 2519 5150 2723 5206; x_wconf 82' lang='lat' dir='ltr'><strong>vulnus</strong></span> <span class='ocrx_word' id='word_1_806' title='bbox 2753 5146 3136 5217; x_wconf 65' lang='lat' dir='ltr'><strong>ampliﬁcata:</strong></span> <span class='ocrx_word' id='word_1_807' title='bbox 3180 5143 3280 5201; x_wconf 75' lang='lat' dir='ltr'><strong>sed</strong></span> <span class='ocrx_word' id='word_1_808' title='bbox 3318 5142 3530 5200; x_wconf 83' lang='lat' dir='ltr'><strong>diaboli</strong></span> 
     </span>
    </p>
   </div>
   <div class='ocr_carea' id='block_1_115' title="bbox 1946 5233 3531 5312">
    <p class='ocr_par' dir='ltr' id='par_1_115' title="bbox 1946 5233 3531 5312">
     <span class='ocr_line' id='line_1_115' title="bbox 1946 5233 3531 5312; baseline -0.006 -12"><span class='ocrx_word' id='word_1_809' title='bbox 1946 5243 2221 5300; x_wconf 80' lang='lat' dir='ltr'><strong>oliicinam</strong></span> <span class='ocrx_word' id='word_1_810' title='bbox 2258 5243 2443 5298; x_wconf 87' lang='lat' dir='ltr'><strong>valere</strong></span> <span class='ocrx_word' id='word_1_811' title='bbox 2470 5239 2666 5312; x_wconf 71' lang='lat' dir='ltr'><strong>jussit.</strong></span> <span class='ocrx_word' id='word_1_812' title='bbox 2717 5236 2975 5293; x_wconf 76' lang='lat' dir='ltr'><strong>Miserere</strong></span> <span class='ocrx_word' id='word_1_813' title='bbox 3021 5236 3145 5298; x_wconf 75' lang='lat' dir='ltr'><strong>mei,</strong></span> <span class='ocrx_word' id='word_1_814' title='bbox 3182 5233 3300 5304; x_wconf 62' lang='lat' dir='ltr'><strong>ﬁlia</strong></span> <span class='ocrx_word' id='word_1_815' title='bbox 3347 5250 3466 5291; x_wconf 73' lang='lat' dir='ltr'><strong>mea</strong></span> <span class='ocrx_word' id='word_1_816' title='bbox 3495 5250 3531 5290; x_wconf 81' lang='grc' dir='ltr'><strong>α</strong></span> 
     </span>
    </p>
   </div>
   <div class='ocr_carea' id='block_1_116' title="bbox 1946 5325 3530 5401">
    <p class='ocr_par' dir='ltr' id='par_1_116' title="bbox 1946 5325 3530 5401">
     <span class='ocr_line' id='line_1_116' title="bbox 1946 5325 3530 5401; baseline -0.008 -8"><span class='ocrx_word' id='word_1_817' title='bbox 1946 5338 2205 5393; x_wconf 75' lang='lat' dir='ltr'><strong>dcentonio</strong></span> <span class='ocrx_word' id='word_1_818' title='bbox 2236 5336 2377 5391; x_wconf 87' lang='lat' dir='ltr'><strong>male</strong></span> <span class='ocrx_word' id='word_1_819' title='bbox 2420 5343 2661 5389; x_wconf 61' lang='lat' dir='ltr'><strong>vexatur.</strong></span> <span class='ocrx_word' id='word_1_820' title='bbox 2692 5331 3024 5401; x_wconf 78' lang='lat' dir='ltr'><strong>Quicunque</strong></span> <span class='ocrx_word' id='word_1_821' title='bbox 3068 5335 3328 5401; x_wconf 85' lang='lat' dir='ltr'><strong>parentes</strong></span> <span class='ocrx_word' id='word_1_822' title='bbox 3352 5325 3530 5382; x_wconf 78' lang='lat' dir='ltr'><strong>exsti-</strong></span> 
     </span>
    </p>
   </div>
   <div class='ocr_carea' id='block_1_117' title="bbox 1948 5422 3533 5500">
    <p class='ocr_par' dir='ltr' id='par_1_117' title="bbox 1948 5422 3533 5500">
     <span class='ocr_line' id='line_1_117' title="bbox 1948 5422 3533 5500; baseline -0.008 -13"><span class='ocrx_word' id='word_1_823' title='bbox 1948 5432 2121 5496; x_wconf 88' lang='lat' dir='ltr'><strong>tistis,</strong></span> <span class='ocrx_word' id='word_1_824' title='bbox 2148 5444 2308 5500; x_wconf 88' lang='lat' dir='ltr'><strong>opem</strong></span> <span class='ocrx_word' id='word_1_825' title='bbox 2347 5429 2487 5485; x_wconf 87' lang='lat' dir='ltr'><strong>meis</strong></span> <span class='ocrx_word' id='word_1_826' title='bbox 2515 5425 2871 5483; x_wconf 84' lang='lat' dir='ltr'><strong>sermonibus</strong></span> <span class='ocrx_word' id='word_1_827' title='bbox 2898 5422 3091 5480; x_wconf 80' lang='lat' dir='ltr'><strong>aﬂ‘erte</strong></span> <span class='ocrx_word' id='word_1_828' title='bbox 3126 5441 3142 5478; x_wconf 91' lang='lat'><strong>:</strong></span> <span class='ocrx_word' id='word_1_829' title='bbox 3179 5432 3533 5493; x_wconf 68' lang='lat' dir='ltr'><strong>quacunque</strong></span> 
     </span>
    </p>
   </div>
   <div class='ocr_carea' id='block_1_118' title="bbox 1948 5514 3533 5589">
    <p class='ocr_par' dir='ltr' id='par_1_118' title="bbox 1948 5514 3533 5589">
     <span class='ocr_line' id='line_1_118' title="bbox 1948 5514 3533 5589; baseline -0.007 -12"><span class='ocrx_word' id='word_1_830' title='bbox 1948 5523 2077 5577; x_wconf 89' lang='lat' dir='ltr'><strong>item</strong></span> <span class='ocrx_word' id='word_1_831' title='bbox 2108 5528 2337 5577; x_wconf 87' lang='lat' dir='ltr'><strong>matres.</strong></span> <span class='ocrx_word' id='word_1_832' title='bbox 2364 5517 2555 5589; x_wconf 83' lang='lat' dir='ltr'><strong>Neque</strong></span> <span class='ocrx_word' id='word_1_833' title='bbox 2583 5518 2730 5573; x_wconf 84' lang='lat' dir='ltr'><strong>enim</strong></span> <span class='ocrx_word' id='word_1_834' title='bbox 2758 5517 2893 5572; x_wconf 84' lang='lat' dir='ltr'><strong>huic</strong></span> <span class='ocrx_word' id='word_1_835' title='bbox 2918 5514 3193 5586; x_wconf 67' lang='lat' dir='ltr'><strong>procella,</strong></span> <span class='ocrx_word' id='word_1_836' title='bbox 3221 5526 3387 5584; x_wconf 86' lang='lat' dir='ltr'><strong>quam</strong></span> <span class='ocrx_word' id='word_1_837' title='bbox 3410 5526 3533 5567; x_wconf 82' lang='lat' dir='ltr'><strong>mu-</strong></span> 
     </span>
    </p>
   </div>
   <div class='ocr_carea' id='block_1_119' title="bbox 1949 5604 3532 5684">
    <p class='ocr_par' dir='ltr' id='par_1_119' title="bbox 1949 5604 3532 5684">
     <span class='ocr_line' id='line_1_119' title="bbox 1949 5604 3532 5684; baseline -0.006 -15"><span class='ocrx_word' id='word_1_838' title='bbox 1949 5615 2050 5670; x_wconf 87' lang='lat' dir='ltr'><strong>lier</strong></span> <span class='ocrx_word' id='word_1_839' title='bbox 2076 5624 2336 5684; x_wconf 85' lang='lat' dir='ltr'><strong>perpessa</strong></span> <span class='ocrx_word' id='word_1_840' title='bbox 2373 5619 2479 5676; x_wconf 90' lang='lat' dir='ltr'><strong>est,</strong></span> <span class='ocrx_word' id='word_1_841' title='bbox 2513 5609 2857 5679; x_wconf 76' lang='lat' dir='ltr'><strong>explicandae</strong></span> <span class='ocrx_word' id='word_1_842' title='bbox 2890 5621 2990 5679; x_wconf 83' lang='lat' dir='ltr'><strong>par</strong></span> <span class='ocrx_word' id='word_1_843' title='bbox 3014 5621 3163 5664; x_wconf 79' lang='lat' dir='ltr'><strong>sum.</strong></span> <span class='ocrx_word' id='word_1_844' title='bbox 3190 5604 3357 5661; x_wconf 79' lang='lat' dir='ltr'><strong>Vides</strong></span> <span class='ocrx_word' id='word_1_845' title='bbox 3401 5615 3532 5676; x_wconf 81' lang='lat' dir='ltr'><strong>per-</strong></span> 
     </span>
    </p>
   </div>
   <div class='ocr_carea' id='block_1_120' title="bbox 1948 5694 3527 5771">
    <p class='ocr_par' dir='ltr' id='par_1_120' title="bbox 1948 5694 3527 5771">
     <span class='ocr_line' id='line_1_120' title="bbox 1948 5694 3527 5771; baseline -0.008 -12"><span class='ocrx_word' id='word_1_846' title='bbox 1948 5701 2356 5768; x_wconf 81' lang='lat' dir='ltr'><strong>severantiam,</strong></span> <span class='ocrx_word' id='word_1_847' title='bbox 2390 5697 2855 5771; x_wconf 78' lang='lat' dir='ltr'><strong>magnitudinem</strong></span> <span class='ocrx_word' id='word_1_848' title='bbox 2906 5696 3121 5761; x_wconf 86' lang='lat' dir='ltr'><strong>animi,</strong></span> <span class='ocrx_word' id='word_1_849' title='bbox 3180 5694 3527 5768; x_wconf 79' lang='lat' dir='ltr'><strong>patientiam.</strong></span> 
     </span>
    </p>
   </div>
   <div class='ocr_carea' id='block_1_121' title="bbox 1950 5781 3529 5861">
    <p class='ocr_par' dir='ltr' id='par_1_121' title="bbox 1950 5781 3529 5861">
     <span class='ocr_line' id='line_1_121' title="bbox 1950 5781 3529 5861; baseline -0.004 -13"><span class='ocrx_word' id='word_1_850' title='bbox 1950 5793 2054 5849; x_wconf 78' lang='lat' dir='ltr'><strong>Ille</strong></span> <span class='ocrx_word' id='word_1_851' title='bbox 2094 5805 2271 5850; x_wconf 81' lang='lat' dir='ltr'><strong>autem</strong></span> <span class='ocrx_word' id='word_1_852' title='bbox 2327 5807 2432 5847; x_wconf 83' lang='lat' dir='ltr'><strong>non</strong></span> <span class='ocrx_word' id='word_1_853' title='bbox 2472 5789 2743 5859; x_wconf 78' lang='lat' dir='ltr'><strong>respondit</strong></span> <span class='ocrx_word' id='word_1_854' title='bbox 2793 5790 2842 5846; x_wconf 77' lang='lat' dir='ltr'><strong>ei</strong></span> <span class='ocrx_word' id='word_1_855' title='bbox 2898 5787 3115 5845; x_wconf 65' lang='lat' dir='ltr'><strong>rerum</strong></span> <span class='ocrx_word' id='word_1_856' title='bbox 3172 5783 3353 5861; x_wconf 71' lang='lat' dir='ltr'><strong>(Ibid.</strong></span> <span class='ocrx_word' id='word_1_857' title='bbox 3397 5781 3529 5857; x_wconf 65' lang='lat'><strong>33),</strong></span> 
     </span>
    </p>
   </div>
  </div>
