4028 6408
451 330 498 413 ’1
516 348 609 413 m
1665 344 1725 404 s.
1762 339 2081 404 JOANNIS

2181 313 2554 398 massam
3616 317 3754 389 ttts

463 461 510 518 Ο
539 477 656 518 rem
702 461 926 517 novam!
964 457 1140 530 Rogat
1187 456 1302 520 illa,
1340 456 1641 520 obsecrat,
1679 452 2056 509 calamitatem

2181 448 2226 501 Γί
2258 441 2386 512 οὗν;
2419 441 2612 511 ἐπειδὴ
2651 438 2754 492 οὐκ
2801 435 3099 505 Ἐπέτυχεν
3143 432 3530 503 ἀποκρίσεως,
3565 441 3756 497 προσ-

401 626 411 633 ἡ
466 517 625 608 suam
676 548 959 619 deplorat,
1016 517 1345 616 tragmdiam
1398 517 1738 615 exaggerat,
1793 540 2052 597 morbum

2181 540 2438 602 :10drteg
2466 537 2521 589 οι
2543 530 2806 604 μαθηταὶ
2837 528 3048 593 αὐτοῦ,
3066 523 3362 595 λέγουσιν
3383 518 3567 585 αὐτῷ,
3586 517 3757 573 Ἀπό-

465 610 763 705 οάἰεέετίιξ
798 649 853 695 et
885 610 1132 695 verbum
1154 644 1324 703 tacet,
1361 637 1488 692 fons
1512 610 1881 701 occluditur;
1943 646 2057 688 me-

2181 633 2361 685 ιυσον
2406 624 2627 693 αὐτὴν,
2659 623 2749 676 ὅτι
2777 619 2975 689 κράζει
3025 618 3286 672 ὄπισθεν
3316 613 3510 684 ἡμῶν.
3564 610 3760 676 "Ana;

466 735 631 789 dicus
656 732 955 802 pharmaca
1004 745 1105 786 sua
1139 728 1443 784 contrahit.
1474 727 1622 794 Quid
1652 725 1763 782 sibi
1798 724 1917 780 vult
1940 723 2081 778 haec

2181 718 2563 792 εύαγγελιστὴς
2596 717 2772 785 λέγει,
2793 712 3144 784 ἔμπροσθεν
3174 707 3368 779 ημῶν.
3412 705 3666 760 Ἐναντία
3693 704 3763 758 τά

467 838 613 878 nova
656 797 769 891 res,
809 831 977 893 atque
1033 822 1106 878 ah
1162 821 1411 876 humano
1469 833 1638 876 sensu
1700 814 1923 871 aliena?
1975 813 2060 870 Ad

2181 814 2458 887 εἰρημένα,
2499 809 2640 867 ἀλλά
2695 808 2758 863 ού
2805 806 3004 879 ψευδῆ.
3045 802 3365 876 ’Δμφότερα
3399 799 3512 871 γάρ
3561 797 3762 852 ὲποίει.

468 917 609 972 alios
638 915 919 979 accurris,
976 915 1235 984 hancque
1288 918 1671 968 accurreutem
1721 905 2064 964 submoves‘l

2181 909 2281 981 [Ιρὸ
2325 905 2527 961 τούτου
2564 902 2795 957 ὄπισθεν
2826 896 3086 972 ἔκραζεν.
3134 897 3266 950 Ὅτε
3314 894 3418 949 οὐκ
3460 890 3763 963 ἀπεκρίθη,

2165 999 2482 1073 ἔμπροσθεν
2531 992 2722 1068 ἦλθεν,
2769 993 3029 1062 καθάπερ
3065 988 3217 1045 κύων
3265 986 3598 1058 περιλείχων
3636 985 3766 1048 τοὺς

2167 1091 2340 1154 πόδας
2381 1086 2481 1143 τοῦ
2526 1082 2814 1139 δεσπότου.
2862 1081 3207 1136 Ἀπόλυσον
3255 1074 3476 1143 αὑτήν.
3518 1074 3767 1144 Θέατρον

2169 1163 2545 1255 περιέσεισεν,
2574 1176 2751 1247 δῆμον
2785 1174 3122 1245 συνήγαγεν.
3176 1169 3521 1225 Ἀπόλυσον
3545 1165 3766 1234 αὐτὴν,

2170 1270 2259 1325 ότι
2291 1266 2487 1340 κράζει
2517 1266 2773 1322 ὄπισθεν
2801 1261 2992 1334 ἡμῶν.
3017 1262 3084 1316 Τί
3109 1256 3205 1315 οὖν
3258 1259 3461 1324 αὐτός;
3499 1258 3621 1312 Οὐκ
3650 1257 3771 1312 ἀπ-

472 1003 676 1060 Verum
717 1003 920 1059 medici
973 1002 1306 1074 sapientiam
1364 998 1683 1055 considera.
1728 995 1832 1050 Ille
1883 1004 2061 1050 autem

471 1112 577 1151 non
605 1095 881 1164 respondit
896 1096 947 1150 ei
967 1093 1202 1150 verbum.
1224 1091 1368 1159 Quid
1394 1088 1597 1162 igitur?
1612 1086 2063 1159 quandoquidem

476 1200 812 1257 responsum
854 1200 918 1242 ea
976 1200 1087 1241 non
1124 1183 1469 1255 impetravit,
1498 1180 1757 1237 accedunt
1789 1176 2064 1246 discipuli,

426 1290 429 1293 ‘
473 1289 526 1337 et
549 1282 733 1334 dicunt
770 1278 855 1332 illi
890 1294 908 1333 :
941 1277 1166 1333 Dimitte
1201 1292 1358 1343 eam,
1400 1276 1530 1346 quia
1576 1273 1779 1328 clamat
1820 1280 1940 1343 post
1971 1286 2067 1326 nos

477 1370 698 1442 (Matth.
731 1386 834 1436 xv,
866 1369 980 1441 23).
1020 1367 1104 1425 'l'u
1131 1375 1422 1425 externum
1472 1366 1773 1422 clamorem
1826 1371 2067 1435 spectas,

2181 1360 2465 1428 εστάλην,
2495 1360 2551 1413 εί
2582 1355 2670 1428 μὴ
2718 1358 2808 1421 είς
2840 1355 2913 1410 τὰ
2967 1353 3237 1422 πρόϐατα
3276 1349 3353 1404 τὰ
3401 1348 3773 1404 ἀπολωλότα

477 1479 581 1535 ego
619 1473 798 1519 autem
855 1465 1159 1519 internum.
1188 1460 1389 1532 Magna
1438 1473 1543 1515 vox
1574 1457 1692 1513 oris
1734 1474 1749 1512 :
1801 1463 1857 1511 at
1894 1454 2071 1525 major

2181 1454 2346 1508 οἵκου
2408 1446 2682 1518 Ἰσραήλ.
2728 1446 2860 1535 Ὅτε
2914 1440 3227 1512 ἀπεκρίθη,
3276 1440 3459 1509 χεῖρον
3508 1434 3774 1505 ἐποίησεν

477 1564 563 1611 est
590 1554 785 1609 animi.
818 1553 1042 1609 Dimitte
1070 1569 1212 1620 eam,
1243 1524 1371 1624 quia
1397 1552 1597 1605 clamat
1620 1557 1739 1618 post
1766 1564 1885 1604 uos.
1912 1524 2070 1604 Alius

2181 1543 2348 1614 αὐτῆς
2374 1540 2436 1594 τὸ
2459 1539 2642 1601 ἕλκος.
2669 1534 2737 1589 Τί
2759 1528 2856 1588 οὗν
2877 1550 2892 1601 ;
2915 1531 3005 1585 διά
3034 1529 3199 1584 τοῦτο
3229 1526 3520 1598 ἄνθρωπος
3551 1524 3772 1594 ἐγένου,

477 1645 816 1727 evangelista
839 1644 997 1710 dicit,
1026 1656 1150 1700 ante
1179 1619 1294 1698 uos.
1329 1642 1585 1714 Pugnant
1616 1641 1743 1699 haec.
1765 1638 1937 1704 dicta,
1972 1636 2068 1694 sed

2181 1638 2360 1708 σάρκα
2386 1624 2677 1696 Δἀνέλαϐες,
2709 1624 3029 1696 οἰκονομίας
3058 1620 3329 1684 τοσαύτας
3369 1620 3647 1690 εἰργάσω,
3681 1619 3778 1670 ἵνα

480 1709 667 1790 tamen
686 1722 839 1789 ‘l‘alsa
859 1709 1150 1790 nonisuut.
1181 1709 1493 1802 Utrumque
1520 1730 1666 1786 enim
1696 1728 1790 1783 illa
1815 1726 2068 1783 faciebat.

2181 1732 2309 1802 μίαν
2338 1727 2546 1798 γωνίαν
2589 1723 2810 1795 σώσῃςς
2855 1715 3247 1788 Ἀπειρημένοι
3296 1713 3616 1775 Χαναναῖοι,
3647 1709 3764 1781 βδε-

479 1826 622 1883 Ante
648 1826 753 1881 hoc
779 1825 929 1881 enim
960 1840 991 1880 a
1024 1833 1181 1896 tergo
1212 1822 1491 1880 clamabat
1519 1841 1532 1878 :
1569 1836 1695 1878 cum
1730 1831 1914 1876 autem
1934 1818 2073 1875 nihil

2181 1820 2362 1875 λυκτοὶ
2406 1821 2506 1889 τῆς
2535 1813 2814 1877 ἀσεϐείας,
2868 1810 3122 1879 ἐναγεῖς,
3179 1805 3390 1878 μιαροὶ,
3440 1803 3776 1874 ἀκάθαρτοι,

480 1919 531 1974 ei
580 1917 829 1989 responsi
861 1894 1135 1973 Christus
1178 1915 1357 1981 dedit,
1416 1930 1449 1970 a
1510 1912 1695 1970 fronte
1742 1912 1919 1976 venit,
1961 1926 2071 1966 non

2181 1911 2298 1966 οὔτε
2321 1909 2557 1964 ἀκοῦσαι
2589 1905 2772 1959 αὐτῶν
2793 1900 3076 1983 ἠνείχοντο
3096 1898 3147 1951 οἱ
3183 1895 3453 1962 Ἰουδαῖοι,
3481 1894 3575 1946 τὸν
3603 1895 3776 1962 νόμον

481 2024 644 2065 secus
698 2025 765 2064 ac
812 2008 968 2066 canis
1024 2008 1242 2065 domini
1290 2008 1460 2079 pedes
1511 2006 1794 2063 lambens.
1853 2004 2074 2059 Dimitte

2181 2002 2478 2067 τελοῦντες,
2499 1998 2594 2053 καὶ
2610 1980 2951 2066 πληροῦντες
2974 1989 3160 2045 αὐτόν.
3190 1986 3411 2057 Ἐπειδὴ
3437 1987 3473 2057 ἡ
3504 1983 3645 2053 γυνὴ
3660 1984 3778 2036 Χα-

479 2120 622 2157 eam.
682 2102 985 2158 Theatrum
1048 2102 1103 2156 in
1172 2100 1364 2158 orbem
1441 2098 1713 2156 excitavit
1767 2115 1782 2153 :
1853 2096 2073 2152 turbam

2181 2081 2372 2151 ναναία
2394 2088 2484 2165 ἢν,
2537 2089 2637 2144 καὶ
2665 2085 2762 2142 τοῦ
2790 2085 2946 2165 ὁρίου
2977 2080 3195 2135 ἐκείνου
3238 2079 3336 2133 τοῦ
3366 2074 3774 2149 ἀπειρημένου,

482 2194 727 2265 colli-git.
769 2193 993 2249 Dimitte
1014 2193 1189 2255 illam,
1216 2193 1345 2263 quia
1377 2191 1582 2247 clamat
1616 2198 1736 2260 post
1775 2204 1892 2244 nos.
1929 2185 2075 2253 Quid

2181 2189 2307 2243 ἔνθα
2327 2158 2431 2241 καί
2456 2184 2653 2248 λύσσα,
2681 2178 2780 2235 καὶ
2805 2158 2996 2249 μανία,
3012 2174 3107 2230 καὶ⁵
3132 2172 3360 2227 ἀσέϐεια
3378 2170 3655 2233 ἐπέκειτο,
3677 2168 3773 2222 zeal

482 2300 615 2356 ergo
638 2284 772 2341 ille?
803 2283 928 2339 Non
951 2300 1069 2338 sum
1101 2284 1323 2349 missus,
1365 2283 1470 2338 nisi
1501 2281 1572 2337 ad
1613 2297 1730 2337 ores
1760 2295 1880 2352 qua:
1903 2279 2075 2350 perie-

484 2386 609 2429 runt
641 2376 833 2432 domus
877 2374 1052 2430 Israel
1085 2374 1254 2447 (ibid.
1293 2373 1409 2444 24).
1458 2371 1751 2444 Responso
1797 2370 2076 2426 acerbita-

486 2477 596 2521 tem
647 2468 821 2539 magis
872 2466 1026 2523 auxit
1064 2465 1330 2523 vulneris.
1373 2464 1520 2532 Quid
1578 2461 1791 2535 igitur?
1845 2460 2078 2517 hoccine

488 2561 714 2617 nomina
744 2560 926 2618 factus
948 2575 1009 2617 es
1034 2560 1221 2625 homo,
1258 2573 1487 2615 carnem
1514 2555 1824 2628 sumpsisti,
1868 2562 1950 2610 tot
1985 2568 2077 2609 res

488 2658 732 2727 gessisti,
756 2667 819 2713 ut
849 2656 944 2713 uni
978 2656 1254 2712 duntaxat
1290 2653 1495 2725 angulo
1535 2652 1776 2709 salutem
1810 2645 2080 2703 all‘erresl

486 2747 761 2806 Nimirum
792 2748 1088 2822 proscripti
1139 2744 1441 2801 Chananmi
1497 2744 1679 2807 erant,
1721 2742 1793 2796 ob
1824 2738 2079 2809 impieta-

490 2850 600 2898 tem
630 2839 983 2907 exsecrandi,
1020 2837 1306 2903 scelerati,
1349 2835 1572 2901 nefarii,
1601 2832 1806 2903 impuri
1843 2848 1857 2885 :
1888 2827 2082 2898 nequi-

488 2935 612 2991 dem
648 2934 842 2990 audire
875 2947 972 2989 eos
1005 2930 1361 2988 sustinebant
1411 2926 1609 2990 Judaei,
1648 2922 1746 2995 qui
1777 2921 1951 2991 legem
1980 2919 2084 2975 ob-

490 3035 780 3083 servarent
815 3032 874 3082 et
925 3025 1241 3096 implerent.
1297 3019 1498 3076 Mulier
1550 3031 1719 3090 porro
1764 3013 2082 3070 Chananzea

490 3126 635 3184 erat,
662 3119 730 3173 de
750 3118 974 3188 regione
1005 3115 1109 3171 hac
1135 3111 1456 3177 interdicta,
1500 3111 1560 3166 in
1592 3122 1702 3180 qua
1726 3112 1781 3163 et
1811 3104 1985 3170 furor,
2028 3109 2084 3158 et

492 3209 701 3273 rabies,
755 3214 811 3264 et
857 3206 1111 3278 impietas
1162 3212 1557 3277 grassaretur;
1619 3200 1675 3254 in
1716 3212 1826 3270 qua
1878 3193 2084 3252 diaboli

493 3303 747 3374 tyrannis
774 3300 1007 3372 vigeret,
1036 3307 1091 3355 et
1114 3298 1428 3354 daemonum
1454 3293 1797 3352 bacchantes
1824 3295 2084 3362 agerent;

495 3395 550 3448 in
588 3408 700 3465 qua
746 3401 942 3448 natura
997 3391 1319 3463 proculcata
1355 3395 1527 3458 esset,
1589 3395 1755 3457 atque
1798 3385 1855 3437 in
1889 3394 2085 3436 amen-

495 3486 628 3541 tiam
659 3485 976 3549 brutorum,
1006 3484 1120 3539 itno
1146 3481 1200 3537 in
1225 3480 1531 3552 nequitiam
1565 3475 1879 3542 darmonum
1916 3471 2086 3526 devo-

494 3578 629 3633 luta.
669 3576 781 3633 Lex
818 3591 985 3647 porro
1015 3580 1401 3646 praeceperat:
1432 3569 1591 3625 Nihil
1631 3566 1802 3641 469
1841 3563 1939 3618 tibi
1963 3578 2085 3617 cum

492 3667 816 3725 Chananteis
845 3667 1149 3723 commercii
1188 3666 1259 3720 sit
1290 3680 1309 3719 :
1349 3679 1414 3719 ne
1442 3661 1568 3734 quid
1598 3661 1675 3717 eis
1711 3657 1945 3721 dederis,
1993 3667 2087 3708 nec

493 3760 561 3814 ab
610 3760 739 3827 ipsis
783 3758 1074 3829 quidquam
1108 3756 1416 3826 acceperis;
1460 3770 1569 3808 non
1629 3751 1927 3811 mulierem,
1982 3761 2087 3800 non

492 3858 797 3920 pactorum,
822 3865 926 3904 non
946 3857 1320 3904 contractuum
1349 3855 1580 3902 tesseras
1604 3842 1785 3916 (Deut.
1804 3857 1901 3904 vn,
1927 3839 1984 3905 2,
2006 3837 2082 3910 '5).

495 3941 870 4008 Quamobrem
907 3956 1095 4012 sepem
1129 3940 1433 4011 interiecit.
1464 3937 1545 3994 Ne
1573 3952 1707 4008 ergo
1729 3934 1903 3990 Judaei
1934 3932 2086 3989 dice-

496 4040 660 4089 rent:
699 4031 840 4100 Quia
873 4034 1038 4090 nobis
1059 4033 1274 4089 relictis
1306 4031 1458 4088 foras
1489 4027 1837 4094 abscessisti,
1873 4026 2086 4082 idcirco

495 4125 601 4183 tibi
644 4142 754 4182 non
803 4126 1169 4192 credidimus,
1228 4125 1412 4191 Ecce,
1457 4123 1656 4195 inquit,
1706 4136 1773 4178 ex
1826 4119 2085 4198 gentibus

494 4209 727 4273 veniunt
753 4217 819 4273 ad
854 4234 964 4283 me,
997 4227 1053 4275 et
1081 4233 1178 4274 eos
1208 4215 1439 4288 repudio
1476 4233 1490 4269 :
1519 4230 1617 4271 vos
1642 4200 1774 4270 véro
1808 4211 2085 4282 fugientes

497 4323 637 4363 voco
672 4327 687 4363 :
742 4309 919 4365 Venite
948 4309 1018 4364 ad
1050 4326 1152 4375 me,
1185 4325 1367 4364 omnes
1392 4308 1483 4379 qui
1505 4307 1768 4364 laboratis
1794 4313 1847 4358 et
1880 4308 2084 4358 onerati

495 4402 646 4467 estis,
688 4410 740 4456 et
774 4418 868 4472 ego
903 4403 1145 4473 reﬁciam
1177 4418 1266 4458 eos
1310 4400 1532 4474 (Hatth.
1568 4415 1648 4464 ιι,
1696 4396 1829 4468 ‘28);
1864 4409 1967 4450 nec
1995 4401 2082 4446 ta-

498 4506 625 4546 men
659 4494 947 4550 acceditis.
998 4493 1156 4550 lianc
1189 4501 1374 4549 autem
1413 4491 1738 4551 submoreo,
1786 4494 1843 4543 et
1894 4495 2082 4540 tamen

498 4603 769 4669 remanet.
828 4586 1013 4642 Palam
1063 4585 1297 4657 apparui
1345 4584 1432 4640 eis
1469 4582 1566 4654 qui
1603 4595 1692 4636 me
1727 4593 1837 4634 non
1868 4589 2086 4648 quaere-

499 4683 652 4738 bant.
685 4680 900 4736 Dimitte
925 4695 1070 4745 eam,
1100 4678 1229 4749 quia
1258 4677 1458 4732 clamat
1493 4681 1614 4745 post
1635 4688 1751 4727 nos.
1785 4669 2085 4726 Videamus

498 4776 689 4846 itaque
718 4772 852 4844 quid
886 4781 1121 4844 regerat.
1149 4768 1275 4825 Non
1298 4784 1416 4825 sum
1449 4766 1668 4831 missus,
1714 4762 1822 4817 nisi
1858 4761 1928 4816 ad
1968 4775 2085 4815 oves

496 4882 616 4936 quis
640 4866 911 4935 perierunt
940 4864 1130 4919 domus
1159 4860 1357 4917 Israel.
1390 4857 1488 4915 His
1527 4856 1620 4912 illa
1653 4854 1882 4919 auditis,
1923 4853 2082 4918 venit,

497 4969 546 5014 et
573 4958 842 5023 adorauit,
873 4955 1054 5012 dicens
1073 4971 1093 5011 :
1121 4953 1331 5019 Etiam,
1354 4949 1582 5006 Domine
1606 4946 1827 5020 (Matth.
1855 4961 1944 5011 xv,
1966 4944 2082 5014 25).

500 5051 609 5116 Qui
637 5050 903 5119 respondit
928 5049 1094 5105 :Nen
1124 5055 1210 5104 est
1246 5046 1439 5100 bonum
1468 5058 1676 5099 sumere
1718 5056 1904 5110 partem
1939 5039 2085 5110 ﬁlio-

498 5159 643 5208 rum,
691 5151 743 5198 et
800 5142 1006 5197 mittere
1034 5140 1256 5196 canibus
1301 5134 1472 5209 (Ibid.
1519 5133 1647 5205 26).
1687 5131 1832 5199 Quid
1880 5130 2086 5204 igitur?

502 5237 706 5305 Etiam,
748 5234 999 5301 Domine,
1053 5233 1235 5303 inquit
1267 5247 1285 5288 :
1317 5245 1406 5287 me
1437 5243 1630 5285 canem
1674 5240 1867 5292 vocas,
1898 5241 2002 5296 ego
2034 5233 2087 5280 te

498 5330 793 5386 Dominum
829 5327 1085 5400 appello;
1112 5332 1172 5381 tu
1194 5339 1283 5382 me
1309 5320 1648 5380 contumelia
1673 5319 1869 5382 adicis,
1901 5334 2005 5389 ego
2032 5326 2087 5374 te

498 5421 687 5478 laudo.
721 5419 927 5486 Etiam,
946 5417 1171 5473 Domine
1197 5432 1217 5472 :
1255 5431 1383 5472 nam
1416 5422 1468 5471 et
1507 5413 1688 5469 catelli
1720 5411 1997 5466 comedunt
2024 5411 2089 5464 de

497 5516 650 5571 micis
665 5530 783 5586 qua:
802 5512 1001 5568 cadunt
1017 5510 1085 5567 de
1101 5525 1286 5566 mensa
1310 5508 1648 5567 dominorum
1666 5519 1887 5559 suorum
1914 5501 2084 5572 (Ibid.

494 5606 614 5677 27).
644 5605 690 5660 0
729 5603 1061 5676 sapientiam
1082 5599 1377 5656 mulieris!
1410 5597 1617 5654 Canem
1645 5610 1735 5650 me
1764 5591 1974 5648 vocas?
2001 5604 2088 5645 me

496 5706 646 5760 sicut
677 5714 875 5759 canem
918 5699 1029 5756 ale.
1064 5696 1338 5753 Probrum
1382 5694 1488 5750 hoc
1538 5706 1655 5747 non
1711 5701 1929 5744 recuso.
1976 5682 2088 5741 Fac

497 5796 666 5867 igitur
693 5794 854 5851 canis
903 5790 1222 5852 alimoniam
1257 5785 1573 5862 accipiam.
1623 5781 1829 5838 Canem
1868 5793 1955 5835 mc
1986 5791 2083 5834 vo-

2174 2279 2426 2335 διαόόλου
2464 2274 2746 2346 τυραννὶς,
2771 2271 2868 2325 καὶ
2907 2268 3180 2339 δαιμόνων
3223 2264 3453 2336 βάκχαι,
3483 2261 3580 2316 καὶ
3606 2260 3774 2331 φύσις

2178 2371 2519 2443 πατουμένη,
2558 2367 2655 2423 καὶ
2701 2367 2782 2429 ei;
2827 2362 3039 2433 ἀλόγων
3082 2357 3312 2427 ἀλογίαν
3355 2353 3775 2425 κατενεχθεῖσα,

2179 2468 2260 2532 είς
2292 2462 2566 2536 δαιμόνων
2595 2458 2820 2515 κακία-ι.
2840 2453 3190 2528 Προσέτασσε
3216 2450 3274 2503 δὲ
3298 2450 3328 2504 ό
3353 2447 3536 2520 νόμος,
3564 2443 3780 2513 Μηδὲν

2177 2574 2279 2613 σοι
2301 2554 2402 2610 καὶ
2432 2550 2791 2614 Χαναναίοις
2809 2564 2824 2580 ⁸
2843 2545 2930 2617 μὴ
2962 2543 3101 2611 δῷς,
3131 2541 3220 2612 μὴ
3250 2539 3443 2609 λάϐῃς
3462 2540 3590 2609 μετ’
3619 2538 3783 2590 ἐκεί-

2177 2666 2321 2707 νων.
2348 2647 2444 2716 Μὴ
2467 2643 2729 2717 γυναῖκα
2747 2639 2963 2708 λάϐῃς,
2994 2635 3081 2708 μὴ
3121 2633 3486 2704 συμϐόλαια,
3510 2629 3599 2699 μὴ
3612 2644 3755 2691 ,συν
3771 2657 3783 2669 -

2178 2741 2560 2813 αλλάγματα.
2612 2734 2715 2789 Διά
2751 2729 2914 2786 τοῦτο
2957 2726 3217 2800 φραγμὸν
3247 2721 3607 2796 περιέθηκεν.
3658 2720 3784 2773 Ἵνα

2180 2834 2274 2892 οὖν
2309 2835 2385 2908 μὴ
2409 2833 2647 2900 λέγωσιν
2671 2829 2725 2882 oi
2773 2824 3041 2888 Ἰουδαῖοι,
3079 2822 3203 2875 Ὀτι
3229 2818 3454 2890 ἀφῆκας
3484 2817 3656 2891 ἡμᾶς,
3681 2816 3787 2869 καὶ

2183 2925 2431 2999 ἀπῆλθες
2455 2922 2586 2988 ἔξω,
2616 2918 2709 2974 διά
2733 2915 2895 2975 τοῦτο
2927 2915 3032 2970 ούκ
3058 2909 3472 2980 ἐπιστεύσαμεν
3502 2925 3609 2961 σοι.
3643 2907 3785 2961 Ἰδοὺ

2183 3020 2293 3076 ἀπὸ
2323 3017 2497 3073 ὲθνῶν
2547 3014 2829 3086 ἔρχονται,
2878 3008 2975 3063 καὶ
3011 3005 3076 3061 ού
3102 3004 3336 3077 δέχομαι
3363 3003 3588 3067 αὐτοὺς,
3631 3002 3787 3073 ὑμᾶς

2183 3114 2242 3168 δὲ
2296 3109 2602 3181 φεύγοντας
2636 3101 2821 3159 καλῶ·
2857 3098 3039 3155 Δεῦτε
3102 3097 3256 3165 πρός
3308 3111 3412 3164 με,
3463 3092 3693 3158 πάντες
3731 3095 3788 3147 oi

2185 3200 2516 3266 κοπιῶντες
2553 3185 2655 3251 καὶ
2691 3187 3190 3263 πεφορτισμένοι,
3238 3182 3403 3255 κάγὼ
3444 3182 3789 3239 ἀναπαύσω

2183 3293 2364 3367 ὑμᾶς,
2395 3292 2494 3346 καὶ
2526 3290 2629 3343 οὐκ
2661 3284 2914 3358 ἔρχεσθε.
2961 3280 3183 3352 Ταύτην
3208 3278 3268 3333 δὲ
3302 3275 3658 3349 ἀπορῤίπτω,
3687 3274 3790 3328 καὶ

2186 3389 2523 3464 παραμένει.
2569 3381 2856 3456 Ἑμφανὴς
2890 3377 3167 3449 ἐγενόμην
3195 3377 3312 3438 τοῖς
3337 3373 3443 3444 ἐμὲ
3474 3372 3554 3444 μὴ
3589 3370 3790 3442 ζητού·

2187 3460 2294 3538 σιν..
2349 3460 2697 3538 Ἆπόλυσον
2722 3473 2942 3543 αὐτὴν,
2973 3470 3066 3525 ὅτι
3088 3466 3279 3538 κράζει
3305 3467 3564 3520 ὄπισθεν
3588 3460 3786 3532 ἡμῶν.

2190 3576 2423 3647 ἰδωμεν
2452 3568 2547 3627 οὖν
2575 3570 2630 3624 τί
2668 3570 2821 3639 λέγει
2842 3584 2859 3600 ο
2894 3567 3017 3621 Οὐκ
3069 3559 3454 3628 ἀπεστάλην,
3481 3559 3535 3611 'si
3558 3556 3648 3627 μὴ
3696 3559 3789 3620 εις

2184 3667 2261 3722 τὰ
2286 3665 2551 3734 πρόϐατα
2585 3664 2660 3717 τὰ
2706 3656 3065 3715 ἀπολωλότα
3106 3653 3281 3709 οἴκου
3320 3648 3583 3718 Ἰσραήλ.
3628 3648 3699 3701 'Il
3730 3647 3788 3701 δὲ

2186 3760 2491 3825 ἀκούσασα,
2525 3754 2696 3827 ἦλθε,
2732 3750 2835 3807 καὶ
2866 3748 3298 3819 προσεκύνησε
3321 3742 3600 3812 λέγουσα
3621 3758 3635 3772 ·
3667 3741 3791 3796 Ναί

2187 3853 2386 3920 Κύριε.
2428 3851 2485 3903 Ὁ
2526 3848 2595 3904 δέ
2625 3863 2838 3918 φησιν,
2869 3844 2993 3898 οὐκ
3030 3842 3165 3896 ἐστι
3187 3838 3383 3894 καλὸν
3413 3834 3629 3893 λαϐεῖν
3670 3834 3791 3888 τὸν

2185 3945 2372 4013 ἄρτον
2394 3941 2515 3996 τῶν
2534 3941 2782 4003 τέκνων,
2807 3935 2906 3992 καὶ
2918 3933 3188 4001 ,βάλλειν
3208 3930 3336 3996 τοῖς
3361 3929 3695 3999 κυναρίοις.
3722 3926 3788 3978 Ti

2185 4036 2312 4101 οὗν;
2342 4032 2475 4099 Ναὶ,
2507 4031 2704 4101 Κύριε.
2759 4026 2914 4084 Κύνα
2959 4043 3029 4097 με
3059 4023 3266 4094 λέγεις,
3314 4019 3430 4090 ἐγώ
3460 4036 3522 4073 σε
3574 4017 3788 4090 Κύριον

2187 4124 2371 4182 καλᾶν
2406 4122 2471 4177 σύ
2505 4138 2574 4194 με
2623 4119 2891 4194 ὑϐρίζεις,
2924 4114 3037 4187 ἐγώ
3066 4133 3128 4171 σε
3160 4114 3351 4170 αἰνῶ..
3388 4111 3525 4177 Nai,
3563 4112 3783 4179 Κύριε·

2185 4220 2291 4275 καὶ
2314 4218 2426 4290 γὰρ
2466 4215 2539 4271 τὰ
2563 4213 2823 4284 κυνάρια
2847 4212 3037 4268 ἐσθίει
3070 4209 3194 4265 ἀπὸ
3235 4207 3356 4263 τῶν
3396 4205 3622 4275 grtle
3660 4201 3789 4257 τῶν

2185 4309 2529 4364 πιπτόντων
2553 4305 2672 4362 ἀπὸ
2690 4303 2800 4372 τῆς
2840 4301 3135 4374 τραπέζης
3154 4298 3273 4355 τῶν
3297 4297 3524 4368 κυρίων
3549 4295 3781 4351 αὐτῶν.

2114 4432 2160 4492 D
2186 4399 2258 4456 Ὦ
2310 4402 2477 4472 σοφία
2511 4398 2808 4471 γυναικόςί
2841 4395 3002 4451 Κύνα
3030 4411 3101 4464 με
3148 4394 3336 4462 λέγεις
3362 4409 3379 4459 ;
3410 4391 3487 4454 ὡς
3529 4388 3673 4443 κύνα
3716 4406 3784 4461 με

2192 4493 2413 4568 θρέψον.
2443 4491 2520 4546 Ού
2566 4487 2950 4561 παραιτοῦμαι
2980 4486 3044 4540 τὸ
3089 4483 3295 4545 δνειδος
3315 4500 3329 4514 ·
3357 4481 3510 4537 λάϐω
3553 4476 3648 4535 οὖν
3680 4481 3786 4552 τὴν

2186 4587 2393 4661 τροφὴν
2407 4584 2502 4639 τοῦ
2532 4582 2717 4646 κυνός.
2737 4579 2897 4635 Κύνα
2921 4595 2989 4650 με
3018 4576 3292 4639 ἐκάλεσας
3312 4593 3330 4643 ;
3350 4574 3439 4638 δό;
3465 4591 3557 4645 μοι
3573 4572 3783 4643 ψιχίον.

2186 4678 2494 4749 Συνήγορος
2522 4674 2713 4743 ἐγένου
2747 4688 2837 4744 μοι
2870 4673 2937 4743 τῇ
2967 4670 3207 4740 αἰτήσει,
3240 4669 3300 4721 ὲν
3331 4670 3399 4738 τῇ
3433 4667 3653 4737 παροχῇ
3684 4665 3787 4734 τὴν

2189 4767 2598 4840 συγκατάθεσιν
2650 4763 2946 4831 ἐπίδειξον.
2989 4761 3126 4828 Nai,
3164 4760 3373 4830 Κύριε·
3428 4757 3529 4812 καὶ
3562 4756 3675 4828 γὰρ
3712 4756 3783 4808 τὰ

2185 4861 2441 4932 κυνάρια
2481 4861 2670 4915 ἐσθίει
2702 4857 2824 4913 ἀπὸ
2850 4855 2990 4917 ,τῶν
3017 4857 3245 4924 ψιχίων
3278 4851 3398 4907 τῶν
3437 4850 3784 4906 πιπτόντων

2185 4954 2304 5011 ἀπὸ
2359 4952 2469 5021 τῆς
2509 4948 2802 5020 τραπέζης
2848 4946 2967 5001 τῶν
3010 4945 3234 5015 κυρίων
3267 4941 3493 4998 αὐτῶν.
3529 4940 3595 4994 Τί
3628 4935 3724 4994 οὖν
3754 4938 3783 4991 ὁ

2187 5042 2652 5114 παραιτούμενος,
2677 5041 2706 5093 ό
2725 5036 2961 5098 διώκων,
2982 5036 3011 5089 ό
3031 5035 3212 5103 λέγων
3238 5047 3254 5062 ο
3277 5032 3404 5085 Οὐκ
3431 5029 3566 5083 ἔστι
3586 5025 3783 5081 καλὸν

2185 5136 2397 5195 λαϐεῖν
2434 5134 2542 5188 τὸν
2572 5132 2761 5201 ἀρτον
2806 5127 2928 5183 τῶν
2984 5125 3235 5191 τέκνων,
3270 5121 3372 5177 καὶ
3401 5119 3618 5175 δοῦναι
3657 5114 3782 5180 τοῖς

2187 5225 2524 5294 κυναρίοις;
2549 5223 2580 5275 ὁ
2611 5220 2810 5290 λέγων’
2848 5220 2971 5273 Οὐκ
3008 5214 3369 5280 ἀπεστάλην
3391 5212 3445 5265 εί
3463 5207 3551 5280 μὴ
3592 5209 3680 5274 είς
3712 5206 3780 5259 τὰ

2187 5318 2455 5387 πρόϐατα
2480 5313 2553 5368 τὰ
2583 5309 2946 5367 ἀπολωλότα
2963 5307 3137 5362 οίκου
3173 5300 3422 5372 Ἰσραήλ
3444 5318 3462 5366 ;
3488 5299 3555 5353 Τί
3583 5314 3776 5369 φησιν,

2186 5404 2263 5462 Ὦ
2286 5405 2488 5479 γύναι,
2516 5400 2809 5471 ἐπαινέτης
2855 5399 3079 5468 ὲγένου;
3113 5392 3517 5465 ἀνακηρύττεις
3550 5389 3653 5460 τὴν
3684 5405 3778 5456 γυ-

2188 5500 2382 5564 ναῖκα,
2409 5495 2510 5549 οὐκ
2539 5492 2775 5565 ᾕσχυνες
2805 5490 3014 5559 αύτήν;
3048 5486 3152 5540 οὐκ
3197 5482 3462 5547 ὲδιώκεςς
3497 5479 3589 5533 διὰ
3621 5475 3777 5530 τοῦτο

2188 5592 2433 5646 ὲδζωιιον.
2468 5586 2531 5640 Ei
2562 5585 2672 5655 γὰρ
2717 5582 2778 5649 ἐξ
2812 5579 2993 5653 ἀρχῆς
3028 5579 3202 5651 αὐτὴν
3253 5574 3528 5637 ἀπέλυσα,
3573 5570 3674 5624 οὐκ
3711 5567 3774 5621 ἂν

2187 5681 2393 5755 ἔμαθες
2421 5677 2595 5749 αὐτῆς
2622 5674 2723 5747 τὴν
2749 5672 2956 5727 πίστιν.
2990 5673 3054 5726 Ei
3096 5671 3162 5724 ἐκ
3202 5665 3509 5740 προοιμίων
3561 5660 3770 5722 ἐλαϐεν.

2188 5774 2480 5849 ἀνεχώρει,
2515 5770 2613 5825 καὶ
2661 5769 2757 5824 τὸν
2791 5765 3070 5839 θησαυρὸν
3121 5762 3296 5834 αὐτῆς
3335 5760 3438 5814 ούκ
3483 5757 3752 5829 ἠπίστατο
