4028 6400
331 404 472 471 ιιιιρ

1601 408 1843 470 SACRA
1884 407 2356 468 PARALLELA.

3432 420 3612 492 libo

317 527 422 581 Διά
479 522 642 578 τοῦτο
678 522 1029 595 ἅνεϐαλόμην
1061 522 1162 594 τὴν
1210 524 1382 592 δόσιν,
1416 525 1505 581 ἶνα
1534 526 1694 593 δείξω
1723 530 1902 593 αὐτοῖς

2014 522 2433 618 υοειὶἳλιηίοοηι
2463 525 2598 581 mihi
2647 530 2854 589 tribue.
2892 533 3154 595 Petitioni
3186 554 3321 597 meae
3344 548 3463 600 tute
3492 546 3615 618 ipse

316 618 421 693 τὴν
444 616 654 671 πίστιν.
673 610 748 670 Ὠ
776 615 974 687 γύναι.
999 616 1131 680 Θεὸς
1149 616 1317 687 λέγει,
1343 612 1420 673 Ὦ
1444 619 1654 689 γύναι]
1692 621 1915 677 Ἀκουέ-

318 729 502 767 τωσαν
531 711 584 763 oi
639 708 931 782 εὐχόμενοι
980 709 1120 781 μετά
1167 709 1492 780 βαναυσίας.
1538 713 1711 767 Ὅταν
1742 715 1908 783 εἴπω,

314 805 717 878 Παρακωεεσον
775 803 871 857 τὸν
908 802 1068 867 Θεὸν,
1124 802 1347 875 δεήθητι
1388 802 1581 870 αὐτοῦ,
1627 806 1912 866 ἱκέτευσον

315 897 522 952 αὐτόν·
559 896 731 966 λέγει,
766 895 1132 967 Παρεκάλεσα
1170 894 1322 961 ἅπαξ
1350 897 1445 951 καὶ
1473 895 1751 970 δεύτερον,
1787 897 1912 970 τρί-

313 1005 434 1052 τον,
464 988 720 1056 δέκατον,
751 988 848 1042 καὶ
877 989 981 1043 οὐκ
1002 986 1217 1041 ἔλαϐον.
1243 987 1336 1060 Μὴ
1374 989 1644 1061 ἀποστῇς,
1675 991 1782 1057 ἕως
1814 993 1913 1047 ἐὰν

311 1080 516 1153 λάϐῃς.
544 1081 681 1134 Τότε
721 1078 998 1152 ἀπόστηθι
1026 1081 1156 1135 ὅταν
1188 1079 1390 1153 λάϐῃςο
1419 1080 1623 1153 μᾶλλον
1656 1083 1715 1137 δὲ
1746 1084 1871 1138 τότε
1891 1101 1906 1115 ·

310 1174 457 1228 ἀλλά
490 1174 588 1228 καὶ
616 1171 740 1227 τότε
770 1172 1081 1244 παράμενε.
1108 1172 1229 1227 Κᾶν
1261 1172 1458 1247 λάϐῃς,
1486 1174 1662 1229 αἴτει*
1692 1175 1824 1231 ὅταν
1850 1177 1913 1231 δὲ

310 1267 512 1341 λάϐῃς,
561 1267 987 1339 εὐχαρίστησον,
1020 1267 1104 1320 ὅτι
1138 1266 1354 1331 ἔλαϐες.
1386 1266 1748 1340 Εὶσέρχονται
1778 1270 1912 1324 πολ--

311 1360 403 1417 λοι
426 1362 510 1423 είς
554 1359 654 1431 τὴν
695 1358 1047 1431 Ἐκκλησίαν,
1107 1359 1207 1414 καὶ
1259 1359 1631 1431 ἀπαρτίζουσι
1678 1361 1911 1433 μυρίους

310 1453 539 1525 στίχους
594 1454 785 1524 εὐχῆς,
834 1454 931 1507 καὶ
981 1450 1322 1523 ἐξέρχονται.
1379 1451 1474 1523 Μὴ
1525 1452 1636 1524 γὰρ
1694 1452 1909 1508 πολλῶν

291 1528 508 1617 ’χρείαν
533 1543 648 1615 ἔχει
672 1546 703 1598 6
730 1543 866 1607 Θεὸς
889 1543 1102 1612 λόγων;
1129 1543 1230 1614 τῆς
1259 1543 1431 1613 εὐχῆς
1458 1560 1556 1597 σου
1592 1543 1754 1614 μόνον
1780 1545 1910 1616 χρῄ-

306 1637 421 1701 ζει.
465 1637 577 1691 Καὶ
618 1646 695 1699 τι,
732 1635 901 1708 φησί·
940 1634 1153 1701 ἐκλινα,
1191 1635 1287 1690 καὶ
1312 1633 1615 1706 ηὐξάμην;
1647 1636 1909 1701 Ἐκλινας

306 1726 384 1780 τὰ
419 1727 646 1795 γόνατα,
670 1725 786 1781 ἀλλ’
811 1727 846 1797 ἡ
866 1725 1078 1781 διάνοιά
1110 1742 1205 1779 σου
1230 1724 1337 1793 ἔξω
1366 1726 1622 1782 ὲπέτατο.
1649 1726 1723 1781 Τὸ
1746 1727 1910 1798 σῶμά

311 1837 412 1873 σου
447 1817 578 1882 low,
603 1818 753 1891 καὶὴ
782 1818 927 1890 ψυχή
961 1835 1056 1873 σου
1085 1818 1210 1884 ἔξω.
1248 1818 1324 1873 Τὸ
1354 1818 1536 1891 στόμα
1570 1830 1663 1873 σου
1696 1819 1905 1889 ἔλεγεν,

309 1909 412 1966 καὶ
447 1912 481 1982 ή
502 1909 716 1965 διάνοιά
744 1926 841 1963 σου
871 1909 1103 1981 ἠρίθμει
1143 1907 1273 1973 τοὺς
1310 1907 1534 1975 τόκους,
1570 1908 1904 1980 συμϐόλαια,
1943 1914 1983 1967 Β

310 2002 765 2072 συναλλάγματα,
796 2001 1002 2073 χωρία,
1061 2001 1341 2073 κτήματα.
1391 2001 1454 2056 '0
1511 2000 1621 2074 γὰρ
1660 2000 1909 2065 διάϐολος

308 2096 554 2168 πονηρὸς
597 2095 695 2163 ὢν,
725 2097 822 2149 καὶ
850 2094 1010 2159 εἰδὼς
1040 2094 1124 2149 ὅτι
1155 2096 1215 2147 ὲν
1261 2094 1443 2166 καιρῷ
1476 2094 1646 2166 εὐχῆς
1690 2093 1910 2164 μεγάλα

308 2188 572 2258 ἀνύομεν,
603 2188 727 2242 τότε
758 2187 1074 2259 ἐπέρχεται.
1110 2184 1382 2248 Πολλάκις
1423 2183 1662 2256 κείμεθα
1692 2184 1906 2250 ὕπτιοι,

310 2281 413 2335 καὶ
439 2280 591 2335 οὐδὲν
622 2278 977 2353 λογιζόμεθα,
1019 2278 1117 2334 καὶ
1144 2280 1173 2332 6
1214 2276 1341 2341 νοῦς
1375 2278 1594 2348 ἠρεμεῖ.
1628 2276 1908 2347 Ἤλθομεν

308 2374 595 2440 εὔξασθαι,
621 2373 716 2427 καὶ
740 2373 925 2445 μυρίοι
957 2370 1218 2442 λογισμοὶ
1241 2368 1598 2442 ἐπέρχονται,
1629 2368 1719 2423 ἵνα
1752 2371 1907 2439 ἡμᾶς

306 2464 517 2537 ἐκϐάλῃ
552 2463 769 2530 κενούς.
788 2462 978 2519 Ταῦτα
1009 2461 1170 2527 εἰδὼς
1199 2464 1259 2517 ὲν
1282 2466 1403 2525 ταῖς
1427 2462 1639 2532 εὐχαῖς,
1665 2461 1906 2530 γίνωσκε

308 2557 413 2627 τὴν
442 2555 781 2609 Χαναναίαν.
844 2553 983 2610 Ἀλλ’
1014 2553 1118 2607 οὐκ
1161 2551 1310 2623 ἔχεις
1344 2550 1623 2622 θυγατέρα
1653 2551 1904 2623 δαιμονι-

308 2648 571 2721 ζομένην.
624 2648 691 2701 Τί
722 2642 880 2701 εἶπεν
926 2647 961 2718 ἡ
991 2642 1309 2709 Χανώιαίω
1367 2642 1665 2712 Ἐλέησόν
1702 2658 1817 2713 με·
1866 2646 1904 2713 ἡ

308 2741 576 2812 θυγάτηρ
605 2758 728 2812 μου
756 2740 959 2808 κακῶς
993 2737 1415 2810 δαιμονίζεται.
1474 2737 1670 2807 Μέγας
1717 2738 1746 2791 6
1793 2736 1906 2791 δαί-

312 2852 455 2907 μων,
490 2834 777 2909 ἁμαρτίαι
803 2836 833 2887 6
887 2832 1186 2905 δαιμονιῶν
1218 2832 1472 2893 ὲλεεῖται,
1501 2831 1532 2885 ό
1570 2829 1905 2903 ἁμαρτάνων

311 2931 575 2999 μισεῖται.
613 2928 856 2991 Ἐκεῖνος
873 2926 1213 2998 συγγνώμην
1244 2926 1384 2997 ἔχει,
1415 2918 1575 2990 οὗτος
1599 2924 1906 2993 ἀπολογίας

306 3022 627 3093 ἐστέρηται.
676 3020 970 3090 Ἐλέησόν
1009 3036 1088 3089 με
1114 3036 1128 3050 ο
1156 3019 1333 3090 βραχὺ
1367 3016 1429 3072 τὸ
1473 3017 1646 3088 ῥῆμα,
1678 3016 1776 3071 καὶ
1810 3016 1905 3070 πέ-

305 3115 480 3184 λαγος
540 3113 978 3185 φιλανθρωπίας.
1018 3114 1195 3167 Ὅπου
1234 3112 1348 3182 γὰρ
1378 3110 1549 3176 ἔλεος,
1605 3111 1787 3164 πάντα
1834 3109 1905 3162 τά

305 3206 516 3277 ἀγαθά.
551 3206 674 3261 Κᾶν
705 3204 813 3271 ἔξω
848 3203 936 3280 ᾗς,
967 3205 1140 3276 κράζε
1184 3205 1280 3259 καὶ
1312 3203 1462 3272 λέγε,
1510 3200 1771 3272 Ἐλέησόν
1795 3218 1861 3271 με
1885 3218 1896 3229 ·

2021 616 2408 685 patrocinatus
2437 633 2534 688 es;
2591 619 2678 678 l‘ae
2732 624 2790 680 in
2845 626 3138 700 largiendo
3179 616 3533 693 annuentem
3561 646 3618 696 te

2021 707 2289 778 praebeas.
2318 707 2529 777 Etiam,
2570 711 2798 772 Domine
2830 733 2849 772 :
2883 735 3008 775 nam
3042 732 3094 778 et
3121 727 3305 782 catelli
3335 728 3618 786 comedunt

2019 798 2085 855 de
2117 801 2270 857 micis
2303 818 2421 873 qua:
2454 803 2655 860 cadunt
2684 806 2749 862 de
2776 825 2958 867 mensa
2993 814 3333 874 dominorum
3367 838 3613 879 suorum.

2020 892 2164 989 Quid
2203 895 2374 967 igitur
2404 896 2498 953 ille
2539 898 2639 969 qui
2700 904 3019 972 recusabat,
3061 909 3156 979 qui
3206 912 3486 986 abigebat,
3517 920 3613 989 qui

2020 987 2242 1047 dicebat
2270 1009 2287 1048 :
2325 991 2452 1048 Non
2480 1004 2559 1050 est
2586 993 2783 1053 bonum
2815 1015 3022 1056 sumere
3048 1020 3237 1073 panem
3266 987 3615 1079 ﬁliorumpet

2018 1081 2150 1172 dare
2177 1083 2398 1139 canibus
2422 1087 2449 1143 ?
2486 1088 2583 1158 qui
2623 1089 2847 1147 dicebat
2879 1111 2893 1148 :
2932 1092 3058 1151 Non
3093 1113 3212 1153 sum
3252 1102 3473 1172 missus,
3507 1107 3615 1162 nisi

2019 1171 2091 1224 ad
2138 1189 2258 1228 oves
2309 1190 2428 1244 qua:
2479 1178 2752 1246 perierunt
2789 1181 2980 1238 domus
3035 1184 3255 1245 Israel?
3303 1191 3447 1258 Quid
3482 1195 3611 1251 ait:

2021 1260 2067 1317 0
2101 1262 2292 1319 mulier
2325 1264 2493 1334 (Ibid.
2513 1266 2606 1340 28)
2631 1270 2643 1323 l
2674 1269 2817 1337 Quid
2845 1275 3090 1332 esthoc?
3111 1278 3367 1337 laudator
3386 1283 3616 1341 ell‘ectus

2017 1354 2123 1409 es?
2164 1356 2456 1415 mulierem
2484 1362 2798 1434 praedicas?
2828 1380 2901 1422 an
2949 1383 3063 1425 non
3110 1387 3232 1429 eam
3271 1377 3492 1445 probris
3524 1381 3617 1435 in-

2016 1445 2325 1503 cessebas?
2358 1464 2429 1505 an
2472 1466 2582 1509 non
2637 1453 3055 1517 insectaharis?
3106 1462 3352 1533 idcirco,
3409 1468 3614 1541 inquit,

2018 1538 2356 1632 inseetabar.
2396 1542 2530 1600 Nam
2572 1547 2619 1603 si
2660 1551 2851 1606 statim
2897 1568 3019 1608 eam
3053 1557 3284 1615 missam
3331 1538 3611 1632 fecissem,

2016 1630 2191 1703 ipsius
2251 1633 2412 1692 ﬁdem
2474 1638 2705 1697 minime
2767 1654 3118 1717 perspectam
3173 1651 3496 1714 habuisses.
3552 1630 3614 1715 Si

2015 1723 2200 1779 statim
2230 1727 2559 1797 accepisset,
2589 1730 2784 1800 pedem
2808 1736 3114 1807 retulisset,
3151 1756 3253 1799 nec
3284 1743 3610 1806 thesaurum

2015 1811 2189 1891 ipsius
2239 1818 2615 1887 cognovisses.
2648 1822 2800 1889 .ldeo
2854 1825 2989 1884 dare
3039 1829 3272 1902 distuli,
3330 1847 3391 1892 ut
3444 1840 3610 1898 ﬁdem

2012 1902 2189 1975 ipsius
2259 1917 2627 1971 ostentarem.
2679 1913 2725 1971 0
2759 1918 2986 1975 mulier!
3027 1920 3172 1981 Deus
3204 1926 3341 1984 dicit
3372 1948 3386 1984 :
3422 1931 3469 1988 0
3491 1949 3613 1988 mu-

2013 1994 2112 2050 tier
2129 1996 2150 2049 .'
2174 1998 2404 2057 audiant
2429 2004 2525 2074 qui
2564 2006 2827 2065 illiberali
2875 2012 3064 2071 animo
3109 2027 3429 2085 precantur.
3470 2024 3609 2083 Cum

2011 2087 2226 2190 dixero,
2258 2092 2430 2150 Deum
2464 2112 2620 2170 roga,
2653 2116 2750 2157 ora
2781 2117 2935 2170 eum,
2968 2111 3222 2180 supplica
3249 2113 3341 2184 ei;
3375 2131 3610 2190 respon-

2011 2181 2103 2238 det
2127 2184 2260 2275 ille:
2302 2186 2485 2244 Semel
2529 2200 2695 2262 atque
2745 2196 2970 2266 iterum,
3013 2204 3293 2275 tertioque
3325 2181 3399 2265 ac
3425 2181 3609 2270 decies

2010 2274 2227 2345 rogavi,
2278 2292 2383 2335 nec
2439 2283 2645 2353 accepi.
2683 2285 2756 2339 At
2809 2287 2971 2342 velim
3035 2305 3103 2346 ne
3138 2274 3386 2363 desinas,
3431 2299 3610 2356 donec

2009 2371 2314 2460 acceperis.
2365 2371 2526 2432 Tune
2562 2376 2784 2433 demum
2823 2380 3062 2452 absiste,
3110 2398 3238 2440 cum
3282 2391 3609 2460 acceperis;

2009 2459 2121 2552 imo
2161 2478 2231 2518 ne
2265 2471 2383 2520 tum
2440 2467 2694 2539 quidem,
2745 2471 2843 2527 sed
2890 2475 3070 2546 magis
3126 2478 3295 2534 etiam
3344 2459 3609 2552 persiste.

2009 2551 2147 2645 Sive
2167 2571 2279 2612 non
2314 2558 2579 2630 accipias,
2612 2570 2769 2632 pete;
2802 2564 2923 2621 sive
2962 2568 3236 2639 accipias,
3271 2551 3483 2642 gratias
3509 2589 3611 2645 age

2008 2643 2156 2714 quod
2184 2648 2489 2717 acceperis.
2520 2648 2789 2706 Permulti
2836 2652 3143 2711 Ecclesiam
3190 2643 3607 2731 ingrediuntur,

2006 2743 2064 2792 et
2125 2737 2453 2797 innumeros
2511 2745 2897 2812 precationum
2957 2749 3270 2807 versiculos
3321 2754 3606 2819 evolvunt,

2006 2834 2174 2897 atque
2204 2828 2281 2884 ita
2310 2831 2610 2888 excedunt.
2661 2832 2926 2907 Nunquid
2968 2836 3116 2896 Deus
3148 2842 3447 2900 verborum
3477 2860 3607 2916 pro-

2008 2921 2222 2979 lixitate
2269 2937 2413 2994 opus
2462 2925 2679 2984 habet?
2717 2931 3096 3001 precationem
3132 2943 3283 2991 tuam
3334 2936 3609 2995 duntaxat

2009 3016 2224 3082 quaerit.
2257 3017 2494 3089 Ecquid,
2523 3020 2623 3088 ait,
2667 3021 2931 3080 inclinavi
2965 3040 3073 3091 me,
3101 3034 3159 3082 et
3182 3029 3379 3084 oravi?
3416 3030 3610 3089 Genua

2006 3105 2250 3175 ﬂexisti;
2288 3124 2447 3167 mens
2470 3126 2601 3168 vero
2628 3120 2725 3169 tua
2750 3123 2909 3172 extra
2941 3118 3169 3174 volavit.
3203 3119 3421 3192 Corpus
3453 3131 3608 3178 tuum

2006 3197 2159 3254 intus
2180 3207 2322 3263 erat,
2342 3202 2562 3257 animus
2586 3200 2747 3261 foris.
2764 3203 2842 3261 Os
2870 3215 3027 3262 tuum
3064 3208 3430 3281 loquebatur;
3454 3227 3611 3267 mens

306 3268 389 3373 pi;
422 3300 593 3354 κινῶν
615 3299 684 3353 τά
708 3268 1065 3371 χείληῖάλλὰ
1198 3268 1411 3367 διανοία
1442 3294 1614 3366 βοῶν·
1645 3268 1741 3348 καὶ
1775 3268 1902 3347 σιω-

2013 3304 2145 3345 vero
2206 3290 2437 3357 fenora,
2497 3303 2862 3365 contractus,
2923 3302 3300 3368 commercia,
3377 3304 3611 3374 praedia,

304 3394 542 3450 πὼντων
564 3393 759 3463 ἀκούει
780 3395 808 3448 6
826 3393 981 3456 Θεὸς.
1009 3392 1083 3446 Οὐ
1114 3390 1366 3463 ζητεῖται
1387 3389 1573 3454 τόπος,
1598 3386 1715 3447 ἀλλ’
1741 3389 1902 3459 ἀρκεῖ

2014 3382 2281 3451 pecunias
2315 3384 2665 3440 numerabat.
2692 3384 2959 3444 Diabolus
2991 3389 3295 3460 siquidem,
3324 3393 3452 3463 quia
3488 3408 3609 3447 ma-

301 3488 532 3560 τρόπος.
573 3488 634 3542 ’0
682 3485 959 3557 Ἱερεμίας
1011 3485 1069 3538 ἐν
1131 3482 1380 3555 βορϐόρῳ
1406 3477 1497 3554 ἦν,
1533 3464 1747 3536 καὶτὸν
1772 3479 1902 3535 Θεὸν

2013 3473 2195 3544 lignus
2225 3483 2333 3547 est,
2388 3492 2608 3550 nosque
2634 3479 2781 3535 inter
2822 3480 3099 3536 orandum
3131 3482 3308 3538 multa
3341 3483 3608 3556 perﬁcere

304 3580 687 3634 ίιπεσπάσατο.
731 3578 791 3632 '0
824 3576 1027 3647 Δανιὴλ
1057 3576 1339 3649 ἐνγλάκκῳ
1382 3572 1643 3641 λεόντων,
1674 3572 1775 3627 καὶ
1813 3573 1902 3626 τὸν

2010 3567 2185 3634 novit,
2230 3574 2364 3625 tunc
2406 3570 2463 3626 in
2500 3586 2601 3628 nos
2652 3572 2888 3631 invadit.
2919 3572 3119 3644 Supini
3159 3589 3305 3647 saepe
3326 3576 3603 3648 jacemus,

302 3672 445 3727 Θεὸν
492 3670 918 3743 έξευμενίσατω
950 3670 1002 3723 oi
1049 3670 1200 3741 τρεῖς
1232 3666 1425 3730 παῖδες
1473 3666 1532 3720 ὲν
1584 3667 1652 3737 τῇ
1686 3666 1902 3737 καμίνῳ

2008 3668 2064 3723 et
2101 3661 2240 3717 nihil
2283 3664 2601 3736 cogitando,
2641 3667 2942 3738 tranquilla
2990 3677 3176 3725 mente
3215 3670 3602 3727 consistimus.

304 3767 474 3846 ἦσαν,
510 3768 608 3822 καὶ
626 3768 720 3822 τὸν
747 3768 883 3821 Θεὸν
927 3764 1317 3835 ὲδυσώπησαν.
1362 3762 1421 3816 Ὀ
1446 3761 1653 3834 λῃστὴς
1701 3763 1902 3815 ἐσταυ-

2008 3753 2365 3813 Accessimus
2393 3760 2630 3825 oraturi,
2666 3760 2969 3831 statimque
3002 3770 3279 3817 sexcentae
3309 3762 3606 3834 cogitatio—

304 3861 495 3934 ρώθη,
517 3862 612 3915 καὶ
636 3863 666 3915 6
690 3858 926 3932 σταυρὸς
952 3859 1054 3912 οὐκ
1074 3856 1377 3920 ἐκώλυσεν,
1401 3854 1539 3909 ἀλλά
1567 3851 1902 3924 παράδεισον

2008 3858 2108 3900 nes
2138 3845 2428 3918 ingruunt,
2465 3858 2526 3903 ut
2554 3863 2656 3905 nos
2680 3850 2774 3905 ille
2799 3865 3007 3906 vacuos
3033 3852 3294 3922 expellat.
3326 3851 3456 3909 llaec
3475 3868 3604 3910 cum

301 3933 542 4026 ἤνοιξεν.
603 3953 663 4007 '0
705 3951 826 4007 Ἰὼϐ
874 3953 934 4005 ὲν
985 3948 1192 4022 κοπρίᾳ
1217 3944 1307 4021 ῆν,
1348 3945 1569 4002 καὶτὸν
1592 3944 1727 3999 Θεὸν
1759 3945 1902 3999 ἵλεον

2008 3933 2119 3991 tuis
2160 3935 2216 3989 in
2244 3938 2590 3995 orationibus
2641 3940 2875 4005 sentias,
2938 3940 3159 3998 intuere
3205 3942 3602 4000 Chananaaam.

300 4049 956 4106 κατεσκεύασεν..”οπου
991 4046 1090 4100 ἐὰν
1130 4042 1225 4121 ᾖς,
1272 4042 1458 4115 εὔχου.
1512 4042 1635 4095 Κᾶν
1667 4039 1901 4111 δικαστῇ

2008 4028 2105 4083 Ast
2152 4029 2318 4084 ﬁliam
2360 4047 2389 4086 a
2440 4030 2695 4088 daemone
2747 4043 3004 4089 vexatam
3045 4048 3157 4090 non
3208 4035 3402 4092 habes.
3459 4035 3603 4103 Quid

301 4145 628 4216 παραστῇς,
685 4140 868 4213 εὔχου.
926 4140 1097 4195 Ὅταν
1139 4120 1435 4210 όργίζηταί
1486 4151 1571 4189 σοι
1608 4131 1899 4204 δικαστὴς,

2008 4120 2142 4176 dixit
2166 4122 2518 4180 Chanana’a?
2556 4124 2811 4182 Miserere
2858 4128 2960 4182 mei
3001 4142 3020 4181 :
3069 4128 3190 4196 filia
3242 4143 3360 4183 mea
3404 4129 3601 4185 malea

298 4215 490 4308 εὔχου.
523 4235 785 4303 Θάλασσα
810 4229 876 4304 ἦν
899 4230 1234 4303 ἔμπροσθεν,
1261 4226 1489 4282 ὄπισθεν
1513 4226 1564 4281 οἱ
1607 4222 1899 4294 Αἰγύπτιοι

2008 4216 2266 4272 rlwmonio
2297 4215 2464 4288 ωο
2493 4226 2787 4290 torquetur.
2810 4217 3043 4291 Magnus
3065 4220 3281 4276 daemon
3301 4227 3387 4278 est
3410 4236 3599 4292 pecea-

300 4307 551 4394 ὲδίωκον,
585 4326 750 4398 μέσος
778 4327 807 4379 6
841 4324 1070 4393 Μωσῆς.
1100 4319 1284 4392 Πολλὴ
1327 4319 1462 4392 εὐχὴ
1497 4320 1557 4373 ὲν
1603 4320 1672 4392 τῇ
1717 4335 1901 4373 στενο⁶

2008 4317 2141 4364 tum.
2176 4307 2283 4374 Qui
2332 4308 2626 4365 obsidetur
2675 4324 2706 4364 a
2755 4311 3032 4378 dmmonc,
3089 4312 3439 4371 miserationi
3489 4324 3600 4379 est,

297 4421 504 4495 χωρία·
533 4419 670 4474 ἀλλά
712 4420 859 4490 μέγα
887 4417 949 4471 τὸ
999 4415 1242 4484 πέλαγος
1277 4412 1379 4483 τῆς
1419 4412 1609 4484 εὐχῆς.
1632 4410 1898 4466 Ὀπισθεν

2008 4403 2149 4470 odio,
2185 4402 2280 4475 qui
2317 4412 2529 4474 peccat.
2571 4406 2668 4461 llle
2702 4408 2919 4462 veniam
2952 4408 3191 4472 obtinet,
3232 4405 3327 4463 hic
3370 4422 3604 4466 excusa-

296 4518 355 4571 οἱ
382 4514 677 4584 Αἰγύπτιοι
714 4512 964 4577 ἐδίωκον,
1005 4509 1103 4566 καὶ
1144 4508 1286 4581 μέση
1316 4509 1350 4579 ἡ
1383 4507 1541 4579 εὐχή.
1575 4507 1687 4561 Καὶ
1741 4506 1896 4561 οὐδὲν

2008 4497 2152 4551 tione
2199 4503 2376 4553 caret.
2430 4495 2689 4554 Miserere
2735 4499 2856 4554 mei.
2903 4498 3177 4571 Exiguum
3218 4500 3492 4567 verbum;
3541 4511 3601 4557 at

297 4610 486 4667 ἐλάλει
504 4609 742 4681 Μωσῆς·
770 4606 868 4661 καὶ
890 4604 1040 4671 λέγει
1067 4601 1220 4677 αὐτῷ
1238 4603 1269 4656 6
1297 4600 1454 4677 Θεὸς,
1485 4599 1546 4655 Τί
1563 4598 1722 4668 ,ϐοᾷς
1743 4601 1895 4670 πρός

2008 4588 2365 4660 benignitatis
2416 4599 2501 4646 est
2531 4591 2782 4662 pelagus.
2836 4590 2937 4647 Ubi
2984 4593 3132 4648 enim
3188 4592 3597 4662 misericordia,

291 4722 405 4777 pe;
439 4704 561 4758 Κᾶν
593 4678 679 4757 τὸ⁷
706 4700 891 4771 στόμα
939 4715 1037 4753 σου
1102 4697 1263 4769 σιγᾷ,
1313 4693 1430 4749 ἀλλ’
1461 4695 1496 4764 ἡ
1548 4693 1753 4765 καρδία
1797 4708 1893 4747 σου

2008 4680 2115 4735 illic
2133 4678 2320 4736 omnia
2349 4680 2496 4736 bona
2528 4688 2681 4736 sunt.
2703 4680 2819 4739 Etsi
2842 4691 2999 4738 extra
3033 4682 3300 4754 templum
3326 4683 3593 4745 versaris,

301 4773 426 4874 βοᾷ.
466 4801 581 4856 Καὶ
614 4800 683 4854 σύ
704 4799 840 4854 ὅταν
893 4796 1187 4868 παραστῇς
1215 4793 1451 4863 δικαστῇ
1487 4790 1763 4861 μεμηνότι
1799 4788 1895 4843 καὶ

2008 4773 2369 4831 nihilominus
2385 4774 2657 4842 clama,et
2678 4774 2770 4831 die
2798 4792 2813 4830 :
2845 4773 3107 4832 Miserere
3129 4775 3266 4843 mei;
3300 4789 3413 4830 non
3442 4774 3595 4830 labra

297 4868 682 4966 τυραννοῦντι,
713 4891 809 4946 καὶ
846 4889 934 4944 ὐπ’
964 4887 1146 4942 αὐτῶν
1181 4885 1295 4939 τῶν
1342 4883 1576 4955 δημίων,
1609 4880 1774 4953 εὔχου
1814 4879 1895 4952 τῷ

2008 4882 2249 4932 movens,
2286 4868 2385 4925 sed
2432 4876 2623 4925 mente
2670 4869 3019 4925 clamitans:
3057 4884 3186 4924 nam
3239 4880 3296 4924 et
3344 4876 3595 4925 tacentes

298 4985 444 5058 Θεῷ.
471 4983 784 5057 Εὐχομένου
819 4981 877 5036 δέ
909 4996 1030 5047 σου,
1065 4978 1135 5034 τὰ
1179 4976 1405 5048 κύματα
1437 4973 1891 5029 καταστέλλεται.

310 5082 374 5135 '0
395 5080 660 5150 δικαστὴς
685 5077 779 5131 ἐπὶ
807 5074 868 5130 σέ
891 5092 907 5142 ;
930 5073 1071 5145 πρὸς
1092 5073 1185 5127 τὸν
1205 5069 1343 5125 Θεὸν
1371 5067 1545 5139 φεῦγε
1564 5072 1578 5086 ’
1623 5067 1683 5121 '0
1707 5066 1894 5137 ἄρχων

296 5170 536 5242 πλησίον
574 5184 701 5239 eou;
759 5168 825 5222 σὺ
858 5167 951 5222 τὸν
996 5162 1277 5233 Δεσπότην
1331 5157 1746 5232 παρακάλεσον.
1798 5158 1892 5228 Μὴ

296 5264 413 5337 γὰρ
444 5260 734 5333 ἄνθρωπός
755 5262 945 5329 tactv;
978 5259 1069 5314 dat
1094 5253 1266 5326 ὲγγύς
1296 5254 1441 5318 ἐστι,
1472 5250 1573 5305 καὶ
1606 5248 1892 5319 πανταχοῦ

298 5359 441 5421 ἐστι,
468 5355 567 5410 καὶ
612 5354 795 5409 πάντα
840 5353 1058 5425 πληροῖ.
1107 5347 1238 5403 Ἐὰν
1290 5345 1455 5417 θέλῃς
1501 5342 1893 5416 παρακαλέσαι

295 5446 614 5520 ἄνθρωπον,
645 5447 740 5501 καλ⁵
792 5445 991 5518 μαθεῖν
1022 5441 1076 5496 τί
1106 5441 1271 5505 ποιεῖ,
1313 5433 1582 5491 διακονῶν
1611 5434 1713 5489 οὐκ
1754 5433 1891 5487 ἀπο-

296 5547 570 5614 κρίνεται.
612 5537 741 5593 Ἐπὶ
789 5539 847 5593 δὲ
877 5536 971 5591 τοῦ
1020 5534 1159 5589 Θεοῦ
1211 5530 1366 5587 οὐδὲν
1410 5526 1675 5583 τοιοῦτον.
1711 5526 1890 5580 Ὅπου

295 5636 344 5689 δ’
379 5636 447 5689 ἂν
474 5632 718 5706 ἀπέλθῃς
748 5633 846 5687 καὶ
881 5630 1077 5702 καλῇς,
1123 5624 1338 5684 ἀκούει.
1370 5622 1448 5676 Οὐ
1483 5618 1752 5692 θυρωρὸς,
1787 5617 1892 5672 οὐκ

296 5730 605 5797 οἰκονόμος,
661 5725 723 5778 οὐ
760 5724 1010 5796 μεσίτης,
1042 5721 1105 5775 οὐ
1154 5719 1428 5780 διάκονος,
1459 5712 1617 5767 οὐδὲν
1654 5711 1885 5766 τούτων.

297 5819 461 5874 Ειπέο
495 5814 796 5887 Ἐλέησόν
827 5833 918 5885 με,
966 5816 1063 5870 καὶ
1111 5814 1140 5867 6
1178 5810 1311 5875 Θεὸς
1343 5805 1733 5879 παραγίνεται.
1766 5804 1887 5857 Ἔτι

294 5909 593 5975 λαλοῦντός
643 5926 738 5963 σου
787 5909 937 5979 ἐρεῖ·
992 5904 1125 5959 ’1δοῦ
1167 5902 1421 5974 πάρειμι.
1458 5893 1528 5950 Ὦ
1570 5896 1721 5967 ῥῆμα
1751 5896 1886 5967 ἡμε-

626 6002 902 6064 ΡΑτιιοι..
951 5998 1071 6061 Gn.
1119 5994 1305 6058 XCV.

1998 4961 2154 5018 audit
2204 4960 2377 5018 Deus.
2422 4960 2545 5018 Non
2590 4961 2859 5033 quaeritur
2910 4961 3093 5028 locus,
3134 4959 3331 5017 modus
3365 4959 3591 5016 sullicit.

1995 5052 2269 5110 Jeremias
2317 5070 2378 5109 ιη
2424 5068 2588 5111 emno
2636 5064 2775 5119 erat,
2816 5065 2871 5110 et
2905 5051 3053 5110 Deus
3110 5053 3292 5124 ipsum
3328 5052 3592 5108 extraxit.

1997 5146 2191 5203 Daniel
2221 5146 2278 5203 in
2311 5147 2434 5203 lacu
2468 5147 2721 5223 leonum,
2778 5154 2832 5202 et
2891 5144 3065 5202 Deum
3115 5144 3357 5217 placavit
3411 5161 3426 5198 :
3477 5152 3595 5201 tres

1994 5238 2155 5310 pueri
2213 5239 2288 5294 in.
2331 5237 2559 5294 fornace
2615 5245 2799 5304 erant,
2849 5243 2905 5292 et
2963 5235 3135 5294 Deum
3190 5240 3589 5292 exoravcrunt.

1994 5331 2164 5387 Latro
2200 5329 2255 5385 in
2287 5344 2517 5386 erucem
2556 5336 2718 5385 actus
2769 5336 2912 5394 erat,
2945 5342 3048 5383 nec
3087 5334 3272 5382 tamen
3312 5338 3452 5380 crux
3488 5322 3594 5378 imo

1994 5423 2321 5494 pedimento
2336 5422 2461 5491 fuit,
2482 5421 2616 5493 quin
2644 5421 2828 5492 potius
2867 5418 3190 5491 paradisum
3226 5415 3470 5489 aperuit.
3489 5412 3593 5470 Job

1995 5514 2053 5571 in
2085 5512 2435 5584 sterquilinio
2477 5511 2742 5577 sedebat,
2794 5510 3081 5580 Deumque
3119 5508 3225 5565 sibi
3283 5505 3592 5578 propitium

1993 5606 2257 5666 reddidit.
2293 5605 2625 5675 Ubicunque
2652 5602 2850 5666 fueris,
2891 5616 3008 5659 ora.
3042 5599 3160 5657 Etsi
3193 5614 3381 5656 coram
3403 5598 3593 5671 judice

1991 5702 2229 5767 sisteris,
2266 5713 2386 5755 ora.
2420 5696 2541 5753 Etsi
2584 5695 2754 5767 judex
2794 5694 3078 5757 irascitur,
3129 5707 3249 5748 ora.
3306 5691 3351 5746 Δ
3409 5690 3591 5744 fronte

1992 5802 2112 5851 erat
2143 5805 2314 5854 mare,
2345 5803 2375 5842 a
2410 5796 2565 5858 tergo
2596 5782 2846 5857 Egyptii
2888 5784 3328 5856 insequebantur
3362 5800 3375 5836 :
3410 5780 3590 5835 inter-

1996 5885 2211 5944 medius
2241 5880 2459 5953 Moyses
2491 5885 2632 5939 erat.
2659 5877 2842 5935 Multae
2866 5892 3061 5951 preces
3093 5875 3147 5932 in
3180 5871 3459 5947 angustia,
3485 5864 3586 5955 sed

3186 5965 3262 6030 46
