4028 6390
447 393 583 461 1451
1629 385 1690 447 s.
1730 382 2053 446 JOANNiS
2075 380 2517 444 DAMASCENI
3599 374 3739 443 ttae

442 518 637 587 ingens
676 523 759 569 est
796 507 1173 582 precationum
1204 502 1450 576 pelagus.
1485 502 1527 557 A
1560 509 1715 575 tergo
1752 503 2033 560 instabant

2146 500 2374 573 ρότητος
2409 499 2616 571 γέμον,
2665 497 2769 553 οὐκ
2809 495 3084 569 ἅναμένον
3124 493 3350 550 τελέσαι
3406 493 3514 566 τὴν
3547 492 3736 566 εὐχήν.

441 584 710 679 Egyptii,
726 601 965 657 medium
983 598 1167 654 locum
1186 595 1435 667 precatio
1453 594 1757 651 obtinebat.
1777 592 1925 661 Quin
1947 607 2032 650 net

2261 591 2378 646 έπω
2406 590 2586 655 τελεῖς
2611 590 2713 663 τὴν
2745 590 2940 661 εὐχὴν,
2970 587 3070 643 καὶ
3094 586 3402 659 λαμϐάνεις
3437 585 3542 656 τὴν
3570 584 3741 639 δόσιν.
3848 606 3852 609 Α

439 677 669 755 verbum
703 695 878 750 ullum
911 705 1011 746 ore
1025 688 1243 761 Moyses
1264 687 1576 759 promebat,
1608 694 1664 742 et
1695 693 1883 741 tamen
1901 684 2030 742 Deus

2163 684 2464 752 Ἐλέησόν
2477 700 2554 755 με
2577 700 2589 715 ’
2626 682 2838 753 ταύτην
2870 678 3250 753 μιμησώμεθα
3268 677 3369 751 τὴν
3402 677 3743 734 Χαναναίαν.

439 787 660 844 dicebat
685 803 699 840 :
723 782 866 851 Quid
885 782 1093 837 clamas
1114 778 1188 834 ad
1211 795 1295 834 me
1321 777 1523 851 (Exod.
1549 794 1658 846 xlv,
1687 777 1775 850 i5)
1794 778 1818 832 ‘l
1838 774 1956 834 Etsi
1984 792 2030 834 οι

2163 778 2462 847 Ἐλέησόν
2475 770 2555 848 με
2573 795 2590 810 ο
2615 778 2655 848 ἡ
2673 776 2940 847 (iurat-tu:
2952 793 3075 847 μου
3096 772 3298 841 κακῶς
3325 772 3745 843 δαιμονίζεται.

439 893 597 938 tuum
608 876 1011 943 silet,attamen
1034 887 1134 931 cor
1165 879 1322 929 tuum
1345 869 1701 928 vociferatur.
1719 868 1805 925 Tu
1825 883 2030 941 quoqut

2151 874 2261 928 Kal.
2288 873 2343 929 τί
2364 874 2606 946 ἤκουσεν
2629 886 2645 938 ;
2673 866 2748 926 Ὠ
2793 870 2995 942 γύναι,
3020 866 3258 939 μεγάλη
3287 878 3408 921 σου
3435 865 3476 934 ἠ
3502 865 3742 932 πίστις·

438 971 661 1030 tametsi
684 984 875 1027 coram
892 968 1078 1040 iudice
1109 968 1326 1022 furente
1355 972 1413 1020 et
1432 963 1644 1020 crudeli
1662 964 1909 1029 sistaris,
1936 963 2029 1021 imt

2156 967 2453 1038 Γενηθήτω
2501 981 2603 1022 σοι
2639 964 2721 1032 ὡς
2747 963 2966 1029 θέλεις.
3026 959 3435 1033 Ἐξηπορήθης,
3475 957 3747 1029 ὑϐρίσθης

436 1066 648 1123 etinter
661 1062 952 1119 carniliees
970 1059 1234 1124 verseris,
1252 1056 1425 1113 Deum
1445 1070 1566 1113 ora.
1587 1054 1665 1111 Te
1679 1057 1827 1112 enim
1849 1067 2027 1113 oranti

2156 1061 2281 1133 παρ’
2309 1057 2470 1132 ὲμὸὖ.
2504 1055 2814 1123 Ἀπεδίωξά
2838 1072 2923 1120 σε,
2941 1055 3042 1111 καὶ
3067 1054 3172 1109 οὐκ
3199 1041 3582 1126 ἀνεχώρησας,
3607 1050 3747 1105 ἀλλὰ

434 1158 635 1214 ﬂuctus
661 1153 1131 1225 comprimuntur.
1153 1148 1329 1205 Judex
1357 1148 1531 1205 instat
1554 1147 1580 1203 ἲ
1601 1148 1670 1205 ad
1695 1147 1868 1204 Deum
1892 1149 2020 1222 fuge

2151 1151 2514 1226 παρέμεινας.
2562 1148 2830 1223 Ἀληθῶς,
2873 1143 2951 1204 '0
3003 1148 3205 1218 γύναι,
3251 1143 3488 1217 μεγάλη
3534 1157 3654 1199 σου
3702 1142 3742 1211 ἠ

435 1249 691 1304 imminet
707 1244 1029 1318 praefectus?
1046 1251 1105 1298 tu
1128 1241 1423 1298 Dominum
1441 1256 1595 1313 roga.
1618 1241 1878 1313 Nunquid
1895 1244 2026 1299 enin

2159 1245 2371 1312 πίστις.
2419 1243 2722 1299 Ἀπέθανεν
2754 1244 2789 1315 ἡ
2814 1239 2980 1312 γυνὴ,
3004 1239 3101 1295 καὶ
3130 1238 3194 1294 τὸ
3242 1235 3524 1308 ἐγκώμιον
3570 1233 3750 1303 αὐτῆς

436 1340 603 1394 homo
614 1337 733 1395 est?
750 1350 965 1408 sctnper
982 1348 1157 1406 prope
1172 1343 1277 1401 est,
1292 1333 1498 1404 ubique
1513 1333 1815 1402 est,omnia
1830 1333 2027 1405 implet

2153 1338 2300 1409 μένει
2319 1336 2655 1408 διαδήματος
2681 1332 3069 1406 λαμπρότερον
3106 1332 3188 1395 εἰς
3220 1329 3357 1399 ὅσην
3387 1326 3545 1400 ἥλιος
3567 1324 3744 1398 ἐφορᾷ

436 1432 497 1486 Si
529 1432 616 1487 vis
656 1430 938 1486 hominem
973 1443 1193 1502 rogare,
1220 1437 1277 1484 et
1298 1427 1431 1499 quid
1456 1442 1645 1484 rerum
1682 1434 1808 1500 agat
1843 1442 2027 1497 nosse;

2202 1436 2267 1505 iv.
2303 1431 2556 1498 ’Δκούσις
2577 1429 2674 1491 τοῦ
2709 1428 2954 1503 Χριστοῦ
2968 1426 3253 1497 ’λέγοντοςο
3285 1421 3357 1480 Ὦ
3391 1424 3595 1495 γύναι,
3624 1423 3744 1476 Ma-
3776 1418 3793 1483 ὶ

435 1525 695 1581 minister
717 1540 830 1579 non
891 1521 1212 1595 respondet.
1240 1522 1313 1576 At
1349 1523 1410 1577 in
1458 1520 1570 1579 Deo
1607 1521 1747 1576 nihil
1785 1521 1897 1577 tale
1930 1527 2026 1577 est,

2149 1524 2297 1597 rem
2334 1541 2455 1580 σου
2479 1525 2522 1595 ἡ
2551 1523 2791 1591 πίστις’
2821 1521 3131 1593 γενηθήτω
3151 1536 3253 1576 σοι
3281 1519 3363 1586 ὡς
3393 1518 3598 1584 θέλεις
3629 1514 3740 1571 σύ.

436 1618 778 1689 Quocunque
802 1616 950 1674 enim
1008 1617 1239 1683 abieris,
1291 1626 1345 1673 et
1400 1630 1529 1672 eum
1581 1616 1830 1683 invoces,
1859 1614 2027 1670 audit.

2147 1615 2252 1669 Καὶ
2279 1613 2472 1685 ἐξῆλθε
2493 1614 2556 1670 τὸ
2573 1613 2877 1685 δαιμόνιον,
2895 1613 2993 1669 καί
3016 1612 3152 1681 ἰάθη
3174 1612 3215 1682 ἡ
3237 1609 3507 1680 θυγάτηρ
3522 1603 3738 1675 αὐτῆς.

433 1708 554 1764 Non
587 1708 817 1780 ianitor,
849 1721 963 1762 non
1008 1713 1365 1778 procurator,
1412 1719 1526 1761 non
1577 1713 1890 1775 sequester,
1926 1719 2024 1761 non

2154 1704 2319 1772 [ιότες
2352 1703 2475 1761 ἀπὸ
2497 1702 2655 1775 ὧρας
2677 1704 2943 1773 ἐκείνης.
2972 1703 3088 1758 Οὐκ
3106 1699 3180 1767 te
3197 1693 3266 1773 ἦς
3294 1694 3462 1771 ἦλθεν
3493 1698 3531 1770 ἡ
3551 1697 3745 1768 μήτηρ

434 1802 680 1858 famulus
730 1800 891 1857 adest
923 1816 941 1857 :
971 1800 1111 1856 nihil
1164 1800 1420 1856 istorum.
1463 1797 1580 1867 Dic,
1618 1797 1871 1855 Miserere
1909 1801 2025 1863 mei,

2150 1797 2335 1869 αὐτῆς,
2367 1795 2488 1851 ἀλλ’
2521 1795 2583 1862 ἐξ
2611 1791 2681 1870 ἧς
2706 1796 2918 1869 ἢκουσε
2950 1794 3104 1866 παρὰ
3136 1791 3232 1847 τοῦ
3263 1790 3520 1861 Σωτῆρος
3554 1785 3741 1858 ἡμῶν,

424 1903 487 1951 et
525 1897 667 1952 Deus
695 1901 904 1966 praesto
923 1901 1032 1951 est.
1061 1893 1256 1948 Adhuc
1287 1892 1550 1963 loquente
1574 1901 1631 1948 te
1663 1892 1813 1950 dicet
1840 1912 1855 1948 :
1891 1892 2015 1949 ECCt

2152 1886 2214 1945 Ὦ
2230 1890 2431 1962 γύναι,
2458 1890 2697 1962 μεγάλη
2723 1904 2841 1945 σου
2864 1889 2909 1959 ἠ
2935 1888 3166 1955 πίστις’
3190 1883 3500 1958 γενηθήτω
3525 1897 3628 1937 σοι
3657 1881 3743 1946 ὡς

433 1987 651 2044 adsum.
717 1985 764 2043 Ο
827 2000 1021 2043 vocem
1093 1983 1546 2042 mansuetudinis
1605 1984 1859 2056 plenam!
1917 1999 2024 2041 non

2150 1984 2352 2051 βέλεις.
2377 1984 2490 2038 Καὶ
2517 1983 2708 2039 λοιπὸν
2737 1978 2906 2055 ἦλθεν
2927 1977 3312 2053 προσδοκοῦσα
3329 1977 3515 2048 εὑρεῖν
3539 1974 3741 2044 δαιμο-

421 2086 717 2149 exspectat
767 2077 898 2132 dum
941 2076 1252 2132 orationem
1306 2074 1636 2132 absolveris.
1682 2073 1927 2131 Necdum
1965 2074 2012 2130 il-

2150 2075 2450 2149 itCouévnv,
2477 2077 2575 2131 καὶ
2592 2070 2755 2150 εὗρεν
2776 2075 3151 2147 ὑγιαίνουσαν,
3172 2071 3253 2144 τῷ
3273 2069 3546 2143 θελήματι
3565 2068 3741 2139 αὐτῆς

431 2171 606 2235 niisti,
639 2178 695 2227 et
722 2169 931 2226 donum
965 2169 1200 2238 accipis.
1219 2166 1473 2224 Miserere
1497 2167 1637 2222 mei:
1657 2165 2022 2223 Chananaeam

2052 2156 2065 2167 ‘
2139 2169 2586 2242 Θεραπευθεῖσαν
2613 2169 2757 2226 κατὰ
2778 2171 2883 2241 τὴν
2906 2168 3164 2224 κέλευσιν
3196 2165 3293 2219 τοῦ
3324 2161 3629 2218 Δεσπότου.

430 2267 576 2318 hanc
610 2262 912 2318 imitemur.
939 2257 1199 2315 Miserere
1230 2259 1371 2323 mei;
1409 2258 1528 2329 ﬁlia
1556 2274 1725 2313 meaa
1754 2256 2020 2314 dwmonio
2060 2260 2200 2316 male
2240 2270 2535 2332 torquetur.
2568 2260 2638 2318 Et
2658 2261 2793 2333 quid
2837 2261 2928 2318 illa
2970 2258 3219 2317 audivit?
3272 2256 3495 2324 Mulier,
3541 2265 3747 2326 magna

423 2363 512 2407 est
541 2351 675 2422 [idea
709 2359 803 2406 tua
829 2367 848 2406 :
878 2351 976 2421 ﬁat
1010 2350 1108 2405 tibi
1155 2350 1295 2406 sicut
1327 2350 1407 2407 ais
1442 2348 1666 2421 (Matth.
1700 2365 1792 2415 xv,
1850 2350 1967 2423 28).
2028 2350 2089 2407 in
2131 2367 2351 2409 summa
2388 2353 2566 2409 animi
2605 2355 2887 2411 anxietate
2934 2351 3112 2419 fuisti,
3152 2351 3301 2407 male
3348 2365 3381 2406 a
3423 2364 3514 2406 me
3545 2348 3741 2404 habita

423 2460 524 2514 cs;
553 2444 713 2517 abegi
743 2452 818 2512 te,
845 2460 949 2501 nec
972 2444 1278 2512 recessisti,
1303 2444 1400 2501 sed
1440 2445 1823 2517 permansisti.
1857 2442 2021 2511 Vere,
2066 2444 2112 2503 0
2139 2447 2354 2513 mulier,
2392 2464 2590 2520 magna
2608 2457 2689 2505 est
2718 2447 2852 2519 ﬁdes
2883 2456 2998 2503 tua.
3016 2445 3253 2502 Mortem
3305 2443 3447 2501 obiit
3505 2440 3741 2509 mulier,

424 2548 487 2595 et
535 2539 655 2595 laus
695 2538 875 2609 ipsius
914 2545 1105 2594 manet
1139 2536 1456 2594 diademate
1499 2537 1702 2609 quovis
1734 2537 2031 2604 illustrior,
2068 2554 2522 2613 quaquaversum
2547 2542 2633 2599 sol
2662 2548 2873 2599 terram
2907 2538 3159 2610 inspicit.
3226 2535 3405 2594 Audis
3446 2534 3748 2591 Christum

430 2632 703 2688 dicentem
734 2647 748 2686 :
792 2631 840 2688 0
866 2633 1062 2688 mulier
1106 2633 1347 2705 !magna
1372 2642 1451 2688 est
1482 2632 1616 2703 ﬁdes
1657 2641 1750 2688 tua
1782 2646 1800 2686 :
1847 2634 1946 2704 ﬁat
1980 2632 2078 2689 tibi
2113 2636 2252 2690 sicut
2275 2637 2374 2692 eis.
2401 2637 2554 2692 Exiit
2598 2634 2841 2693 subinde
2890 2631 3250 2695 daemonium,
3302 2637 3605 2700 sanataqtte
3658 2636 3747 2682 est

428 2726 546 2795 [ilia
580 2726 775 2796 ipsius.
806 2724 1168 2793 Quando‘lex
1191 2725 1291 2780 illa
1309 2727 1444 2780 hora
1477 2724 1695 2797 (Ibid).
1722 2724 1844 2782 Non
1872 2741 1938 2782 ex
1971 2740 2038 2782 ea
2076 2726 2216 2783 hora
2246 2743 2357 2801 qua
2404 2735 2582 2785 mater
2607 2727 2872 2794 accessit,
2909 2723 3010 2784 sed
3039 2739 3111 2781 ex
3139 2736 3207 2780 ea
3232 2736 3344 2795 qua
3402 2735 3438 2776 ι
3501 2718 3749 2776 Domino

430 2823 721 2879 Salvatore
746 2830 942 2879 nostro
974 2822 1187 2880 audivit
1217 2840 1232 2878 :
1264 2821 1310 2879 0
1337 2822 1567 2877 mulier!
1598 2837 1795 2894 magna
1821 2830 1900 2878 est
1922 2822 2057 2891 ﬁdes
2093 2831 2188 2878 tua
2211 2840 2231 2880 :
2252 2824 2354 2895 ﬁat
2386 2823 2483 2879 tibi
2517 2825 2660 2880 sicut
2686 2824 2785 2879 vis.
2839 2823 2921 2878 Ac
2964 2823 3232 2892 deinceps
3284 2819 3517 2876 domum
3560 2816 3745 2882 venit,

426 2915 754 2972 existimans
784 2912 904 2971 fore
944 2923 1005 2970 ut
1037 2915 1206 2970 tiliam
1257 2914 1440 2970 adhuc
1473 2928 1793 2985 possessam
1870 2929 1902 2969 a
1949 2915 2203 2973 daemone
2265 2915 2609 2984 offenderet;
2665 2925 2834 2988 atque
2884 2916 3227 2974 incolumem
3302 2925 3431 2970 eam
3502 2909 3745 2981 reperit,

426 3006 730 3061 voluntatis
757 3005 1022 3060 nimirum
1059 3018 1174 3060 suae
1219 3018 1391 3075 opera
1443 3004 1746 3060 secundum
1801 3002 2022 3060 Domini
2055 3005 2276 3077 jussum
2312 3007 2539 3063 sanitati
2573 3009 2913 3064 restitutam.

504 3093 565 3153 S.
587 3094 781 3167 Cyrill.
804 3119 875 3137 -ι
898 3094 1119 3165 Oportet
1147 3109 1353 3165 semper
1381 3109 1547 3149 orare
1564 3093 1722 3167 (Luc.
1754 3108 1915 3160 mu,
1945 3094 2020 3168 ἰ),
2051 3113 2095 3173 c

2211 3097 2321 3152 Ἁεί
2361 3098 2820 3167 προσεύχεσθαι
2858 3095 2971 3164 δεῖ,
3026 3094 3126 3151 καὶ
3164 3095 3274 3170 πρὸ
3325 3094 3441 3153 τῶν
3477 3093 3746 3167 ἀγώνων,

423 3189 534 3244 hoc
558 3197 665 3257 est,
695 3195 751 3244 et
782 3194 912 3243 ante
936 3186 1262 3256 certamina,
1293 3193 1349 3243 et
1375 3186 1432 3241 in
1471 3186 1726 3259 ipsismet
1759 3186 2014 3243 certami-

2150 3189 2231 3244 tal.
2255 3191 2316 3244 ὲν
2347 3190 2537 3255 αὐτοῖς
2558 3191 2677 3255 τοίς
2721 3190 2927 3260 ἀγῶσι,
2977 3194 3076 3246 καὶ
3103 3189 3205 3264 τὴν
3245 3191 3458 3248 ἄνωθεν
3495 3193 3741 3248 ἐπικου-

422 3280 632 3346 nibus;
668 3292 735 3333 ac
773 3277 996 3334 caelitus
1027 3276 1294 3331 auxilium
1327 3290 1654 3347 exposcere.

2159 3282 2262 3337 »ίαν
2291 3283 2486 3338 αἰτεῖν.

497 3369 694 3425 Euseb.
732 3398 805 3410 -
832 3367 943 3423 Pro
988 3368 1273 3424 communi
1306 3368 1596 3425 hominum
1626 3367 1813 3424 salute
1839 3368 2023 3439 prius,

2216 3375 2394 3448 Ὑπὲρ
2422 3375 2526 3448 τῆς
2582 3377 2774 3447 κοινῆς
2801 3375 2914 3431 τῶν
2934 3375 3269 3450 ἀνθρώπων,
3309 3377 3419 3450 χρὴ
3469 3377 3742 3450 εὔχεσθαι

425 3475 543 3523 tum
581 3463 781 3522 deinde
816 3477 917 3534 pro
943 3477 1044 3519 sua
1070 3462 1312 3534 quisque
1335 3460 1500 3520 debet
1541 3476 1726 3519 orare.
1762 3462 1823 3517 In
1846 3463 2016 3520 socie

2148 3468 2404 3541 πρότερον
2450 3467 2754 3541 σωτηρίας,
2779 3464 2884 3524 εἷθ’
2916 3468 3092 3535 οὕτως
3125 3471 3270 3543 ὑπὲρ
3316 3472 3561 3528 ἑαυτῶν.
3604 3474 3739 3529 Ἐπὶ

423 3570 592 3615 tatem
622 3558 772 3614 enim
806 3555 941 3612 iacti
975 3570 1210 3623 sumus;
1242 3562 1299 3610 et
1331 3554 1427 3625 qui
1455 3568 1579 3611 eam
1609 3554 1857 3626 propriis
1904 3554 2014 3611 suis

2148 3560 2243 3633 γὰρ
2269 3560 2561 3616 κοινωνίαν
2600 3561 2938 3634 γεγόναμεν,
2974 3562 3070 3621 καὶ
3121 3564 3336 3637 ταύτην
3365 3568 3395 3620 ὀ
3436 3565 3739 3638 προτιμῶν

418 3647 733 3704 commodis
785 3645 1038 3719 praefert,
1086 3645 1180 3701 ille
1233 3644 1534 3701 admodum
1582 3653 1854 3717 acceptus
1911 3644 2009 3703 Det

2153 3652 2231 3706 ποῦ
2286 3652 2412 3708 καθ’
2457 3653 2654 3709 ἑαυτὸν
2703 3654 2859 3725 ἰδίου,
2911 3656 3153 3730 μάλιστα
3196 3659 3288 3731 εἰη
3328 3657 3453 3732 Θεῷ
3503 3675 3744 3732 κεχαρι-

423 3741 617 3796 fuerit.

2134 3744 2354 3810 σμένος.

493 3749 657 3905 2;],
697 3830 755 3888 8.
796 3827 938 3885 Nili.
962 3828 1353 3900 --imperavit
1392 3828 1686 3897 Dominus,
1727 3838 1789 3886 ut
1841 3829 2023 3902 ipsum

2145 3762 2169 3798 τ
2244 3763 2355 3810 νος.

2171 3744 2519 3909 μἑιροσέιιπαξε
2547 3839 2778 3912 Κύριος,
2813 3841 2901 3896 ῐνα
2920 3842 3233 3916 ὲπικαλέση
3262 3843 3428 3899 αὑτὸν
3458 3845 3520 3900 ἰν
3539 3845 3736 3919 ἡμέρᾳ

420 3927 652 3982 invoces
683 3926 740 3980 in
793 3924 885 3982 die
933 3923 1326 3981 tribulationis.
1376 3921 1564 3990 Quare
1608 3924 1864 3979 cunctari
1913 3939 2011 3979 non

2148 3930 2387 4003 ἰλίψεως.
2411 3933 2506 3987 Διδ
2524 3934 2589 3988 οὐ
2609 3934 2719 4007 χρὴ
2732 3941 3045 4003 κατοκνεῖν,
3073 3936 3215 3993 ἀλλὰ
3234 3938 3407 3994 παντὶ
3425 3939 3528 4011 μὲν
3547 3942 3739 4012 καιρῷ

424 4019 714 4085 debemus,
762 4019 858 4076 sed
898 4032 1025 4074 cum
1082 4032 1302 4090 semper
1350 4018 1520 4083 alias,
1555 4025 1673 4072 tum
1716 4018 2015 4088 praesertim

2151 4024 2515 4081 ιπικαλείσθαι
2549 4025 2643 4081 τὸν
2674 4027 2831 4096 Θεὸν,
2865 4029 3108 4101 μάλιστα
3146 4030 3209 4085 δὲ
3241 4032 3302 4085 ἐν
3353 4034 3471 4098 τοίς
3511 4036 3742 4106 καιροῖς

422 4111 738 4169 aiiiictionis
787 4118 1039 4183 tempore
1070 4109 1317 4166 divinam
1356 4124 1514 4180 opem
1548 4108 1878 4179 implorare;
1912 4122 2013 4179 quo

2147 4120 2239 4174 τῶν
2261 4118 2517 4191 θλίψεων,
2549 4120 2637 4175 ἵνα
2665 4119 2935 4194 δείξωμεν
2961 4126 3078 4189 τοῖς
3103 4125 3344 4197 ἐχθροῖς,
3375 4124 3458 4182 ὅτι
3483 4128 3738 4181 κατεπό-

422 4207 779 4279 perspicuum
807 4204 1060 4261 hostibus
1081 4201 1358 4259 faciamus
1380 4201 1611 4257 minime
1644 4215 1747 4258 nos
1773 4200 2013 4257 adversis

2144 4211 2311 4284 inusti
2340 4211 2449 4266 ὒπδ
2484 4212 2597 4268 τῶν
2643 4215 3053 4286 περιστάσεων,
3086 4216 3231 4274 ἀλλὰ
3265 4217 3409 4291 μετὰ
3453 4220 3735 4291 ’πεποιθή-

426 4300 593 4357 rebus
621 4301 915 4370 absorptos
942 4312 1087 4365 esse,
1112 4296 1211 4353 sed
1244 4295 1433 4352 fidenti
1480 4296 1668 4351 animo
1699 4296 1927 4382 su’rsum
1951 4290 2017 4346 ad

1598 4308 1668 4351 no
1699 4296 1927 4382 sursum
1951 4290 2026 4346 ad
2132 4319 2274 4369 σεως
2304 4305 2444 4377 πρὸς
2462 4306 2555 4362 τὸν
2585 4306 2721 4364 Θεὸν
2752 4307 2871 4367 ἄνω
2893 4308 3189 4382 βλέπομεν.

427 4395 599 4452 Deum
630 4394 825 4449 oculos
858 4389 1143 4462 coniectos
1178 4388 1403 4445 habere.
2739 4403 2745 4411 -
2806 4434 2809 4435 ν

505 4486 696 4558 Ejusd.
724 4515 798 4528 —
825 4485 962 4541 Cum
995 4495 1380 4554 saepenumero
1417 4479 1878 4550 Deumprecatus
1903 4475 2028 4533 fue—
2057 4486 2096 4544 ι]

2201 4485 2533 4552 Πλειστάκις
2555 4485 2794 4559 δεηθεὶς,
2818 4489 2918 4543 καὶ
2942 4488 3260 4560 ἀτωτυχὼν,
3294 4489 3378 4563 μὴ
3397 4489 3731 4564 ἀποκάμῃς.

426 4582 530 4650 ris,
558 4595 660 4637 nec
684 4578 1089 4651 impetraveris,
1106 4590 1178 4631 ne
1202 4583 1491 4647 propterea
1516 4571 1883 4643 desponderis
1910 4570 2017 4625 ani~

2142 4580 2272 4653 μηδὲ
2314 4582 2653 4655 ἀπελπίσῃς,
2690 4579 2833 4637 ἀλλὰ
2887 4581 3252 4649 ἀνακαινίσας
3301 4585 3430 4649 τοὺς
3465 4585 3609 4658 πρὸς
3632 4586 3733 4640 τὸν

427 4690 577 4733 mum
610 4691 626 4730 :
660 4674 796 4746 quin
835 4672 1022 4744 potius
1057 4668 1337 4741 supplices
1362 4666 1430 4723 ad
1461 4667 1645 4735 ipsum
1683 4663 1904 4721 libellos
1938 4679 2018 4721 re-

2134 4673 2260 4729 Θεὸν
2283 4674 2585 4741 λιειλλους,
2612 4674 2777 4733 πάλιν
2797 4675 3068 4753 πρόσελθε
3096 4675 3336 4742 ἀναιδῶς
3360 4675 3443 4747 τῷ
3457 4676 3725 4750 δεσπότῃ.

424 4782 659 4837 novans,
686 4767 1041 4839 impudenter
1069 4762 1290 4818 accede.
1314 4758 1453 4815 Nam
1488 4761 1545 4815 in
1574 4757 1811 4815 summis
1838 4772 2015 4815 rerum

2135 4770 2471 4843 Προτιμᾶται
2499 4770 2614 4843 γὰρ
2639 4771 2701 4826 ὲν
2715 4773 2840 4836 ταῖς
2855 4770 3135 4841 ἀνάγκαις
3156 4769 3261 4841 τῆς
3288 4766 3481 4835 αἰδοῦς
3504 4769 3540 4841 ὴ
3564 4768 3726 4822 ἀναί-

417 4858 836 4916 diﬂicuitatibus
860 4856 1075 4932 pudore
1103 4852 1449 4928 impudentia
1478 4852 1663 4923 potior
1689 4860 1796 4909 est.
1814 4850 2008 4919 Quem-

2134 4864 2264 4921 icta.
2325 4864 2431 4920 Διὰ
2452 4865 2564 4937 γὰρ
2623 4863 2742 4935 τὴν
2792 4863 3110 4922 ἀναίδειαν
3151 4861 3342 4921 αὐτοῦ
3391 4860 3725 4933 δοθήσεται

422 4950 717 5007 admodum
745 4953 893 5008 enim
929 4949 1198 5006 Dominus
1223 4946 1361 5002 dicit
1397 4961 1415 5000 :
1448 4943 1682 4999 Dabitur
1709 4945 1761 4999 ei
1802 4954 2013 5016 propter

1812 4954 2024 5016 Ρνορεεν
2121 4957 2286 5025 αὐτῷ
2308 4956 2464 5013 ὅσον
2481 4956 2668 5027 θέλει,
2705 4956 2896 5022 καθὼς
2924 4951 3089 5013 εἶπεν
3111 4956 3142 5011 ὁ
3173 4954 3403 5026 Κύριος.

418 5045 854 5102 inuerecundiam
883 5042 1144 5116 quidquid
1171 5040 1399 5125 ugluerit
1434 5039 1592 5112 (Luc.
1624 5055 1703 5107 ιιι,
1733 5039 1812 5112 8).

494 5138 688 5211 Ejusd.
719 5168 791 5179 -
817 5137 1000 5194 Veluti
1033 5136 1315 5207 respirare
1343 5146 1629 5205 nunquam
1669 5131 2020 5206 intempesti-

2191 5138 2411 5210 Ὠσπερ
2439 5136 2503 5191 τὸ
2522 5137 2787 5193 ἀναπνεῖν
2817 5135 3081 5193 οὐδέποτε
3109 5135 3369 5206 ἄκαιρον,
3400 5132 3581 5198 οὕτως
3594 5130 3717 5187 οῦδὲ

420 5250 551 5291 vum
577 5239 683 5301 est,
720 5231 803 5287 sic
835 5243 936 5285 nec
961 5228 1196 5301 mystica
1226 5242 1458 5284 munera
1491 5241 1523 5282 a
1556 5225 1795 5283 Domino
1821 5234 2011 5298 postu-

2126 5231 2181 5286 τὸ
2201 5231 2475 5288 αἰτεῖσθαι
2496 5230 2647 5303 παρὰ
2673 5229 2887 5303 Κυρίου
2902 5228 2977 5289 τὰ
3004 5229 3290 5300 αἰτήματα
3318 5226 3589 5298 μυστικὰ,
3619 5225 3717 5298 μέ-

421 5324 559 5392 iare,
586 5324 651 5380 ad
681 5331 988 5380 extremum
1009 5334 1187 5392 usque
1216 5321 1495 5392 spiritum.

1258 5321 1495 5392 piritum.
2118 5340 2242 5398 χρις
2279 5323 2520 5396 ἐσχάτης
2551 5322 2849 5392 ἀναπνοῆς.

492 5415 561 5472 1η
591 5417 699 5484 die,
735 5413 937 5485 inquit,
984 5412 1237 5480 clamavi,
1282 5421 1333 5468 et
1376 5421 1531 5467 nocte
1573 5428 1756 5485 coram
1798 5420 1868 5479 te,
1902 5411 2015 5469 Do-

2198 5417 2466 5488 Ἠμέρας,
2498 5417 2683 5489 φησὶν,
2730 5414 3057 5485 ἐκέκραξα,
3088 5413 3188 5472 και
3212 5413 3285 5469 ἐν
3308 5413 3488 5472 νυκτί
3535 5413 3712 5468 ἐναν-

417 5510 558 5564 mine
594 5506 731 5561 Deus
766 5520 913 5559 meus
953 5501 1132 5571 (Psal.
1162 5518 1408 5575 uxxvu,
1438 5503 1522 5576 2).
1553 5502 1723 5562 Vides
1747 5504 2008 5576 quemad‘

2118 5512 2250 5567 τίον
2275 5525 2415 5578 σου,
2439 5513 2620 5580 Κύριε
2659 5513 2694 5566 ὁ
2742 5510 2888 5577 aedi;
2924 5526 3073 5580 μου.
3123 5508 3289 5582 Ὁρᾷς
3315 5507 3435 5572 πῶς
3484 5504 3653 5561 Δαϐὶδ
3677 5506 3709 5559 ὁ

419 5599 645 5658 modum
668 5600 893 5657 divinus
925 5598 1019 5655 ille
1052 5596 1223 5655 David
1255 5598 1420 5656 nobis
1448 5600 1506 5654 in
1553 5599 1868 5669 exemplum
1902 5603 2010 5667 est,

2116 5604 2407 5670 θεσπέσιος
2445 5603 2802 5668 ὑποτύπωσις
2849 5602 2985 5674 ὑμῖν
3024 5602 3241 5673 γίνεται
3292 5599 3434 5672 πρὸς
3458 5599 3519 5655 τὸ
3551 5596 3704 5654 ἀδια-

420 5702 479 5751 υι
522 5695 643 5751 sine
690 5693 1108 5750 intermissione
1144 5706 1394 5762 oremus,
1430 5707 1533 5749 nec
1586 5693 1644 5749 in
1686 5692 2011 5763 languorem

2114 5698 2352 5763 λείπτως
2374 5695 2654 5770 εὔχεσθαι,
2679 5694 2777 5752 καὶ
2796 5695 2876 5768 μὴ
2899 5692 3317 5770 καταφέρεσθαι
3334 5692 3418 5758 εἰς
3450 5690 3703 5761 ἀκηδίανς

417 5801 486 5845 ac
512 5788 736 5847 taedium
772 5786 1170 5848 devolvamurl
