  <div class='ocr_page' id='page_1' title='image "/cluster/home/n/w/nwhite01/storage/ocr_20150623/95:no.2/coo.31924054869999/734.png"; bbox 0 0 4028 6418; ppageno 0'>
   <div class='ocr_carea' id='block_1_1' title="bbox 246 467 379 534">
    <p class='ocr_par' dir='ltr' id='par_1_1' title="bbox 246 467 379 534">
     <span class='ocr_line' id='line_1_1' title="bbox 246 467 379 534; baseline -0.015 0"><span class='ocrx_word' id='word_1_1' title='bbox 246 468 268 534; x_wconf 83' lang='grc'>1</span> <span class='ocrx_word' id='word_1_2' title='bbox 282 467 379 534; x_wconf 67' lang='grc'><strong>453</strong></span> 
     </span>
    </p>
   </div>
   <div class='ocr_carea' id='block_1_2' title="bbox 1501 481 2259 547">
    <p class='ocr_par' dir='ltr' id='par_1_2' title="bbox 1501 481 2259 547">
     <span class='ocr_line' id='line_1_2' title="bbox 1501 481 2259 547; baseline 0.008 -6"><span class='ocrx_word' id='word_1_3' title='bbox 1501 481 1744 543; x_wconf 80' lang='lat' dir='ltr'><strong>SACRA</strong></span> <span class='ocrx_word' id='word_1_4' title='bbox 1782 483 2259 547; x_wconf 76' lang='lat' dir='ltr'><strong>PARALLELA.</strong></span> 
     </span>
    </p>
   </div>
   <div class='ocr_carea' id='block_1_3' title="bbox 3378 487 3515 555">
    <p class='ocr_par' dir='ltr' id='par_1_3' title="bbox 3378 487 3515 555">
     <span class='ocr_line' id='line_1_3' title="bbox 3378 487 3515 555; baseline -0.015 0"><span class='ocrx_word' id='word_1_5' title='bbox 3378 487 3515 555; x_wconf 71' lang='grc'>1454</span> 
     </span>
    </p>
   </div>
   <div class='ocr_carea' id='block_1_4' title="bbox 302 584 1826 672">
    <p class='ocr_par' dir='ltr' id='par_1_4' title="bbox 302 584 1815 662">
     <span class='ocr_line' id='line_1_4' title="bbox 302 584 1815 662; baseline 0.004 -21"><span class='ocrx_word' id='word_1_6' title='bbox 302 587 367 641; x_wconf 83' lang='grc' dir='ltr'>Εί</span> <span class='ocrx_word' id='word_1_7' title='bbox 409 584 704 649; x_wconf 80' lang='grc' dir='ltr'><strong>πλεονάκις</strong></span> <span class='ocrx_word' id='word_1_8' title='bbox 758 584 1124 659; x_wconf 71' lang='grc' dir='ltr'>ὠφελήοημεν</span> <span class='ocrx_word' id='word_1_9' title='bbox 1180 589 1338 661; x_wconf 81' lang='grc' dir='ltr'>ἀνδρὶ</span> <span class='ocrx_word' id='word_1_10' title='bbox 1386 589 1580 662; x_wconf 84' lang='grc' dir='ltr'>ἀγαθῷ</span> <span class='ocrx_word' id='word_1_11' title='bbox 1610 609 1815 647; x_wconf 86' lang='grc' dir='ltr'>συντυ-</span> 
     </span>
    </p>
   </div>
   <div class='ocr_carea' id='block_1_5' title="bbox 1941 584 3514 672">
    <p class='ocr_par' dir='ltr' id='par_1_5' title="bbox 1992 594 3514 672">
     <span class='ocr_line' id='line_1_5' title="bbox 1992 594 3514 672; baseline 0.005 -22"><span class='ocrx_word' id='word_1_12' title='bbox 1992 594 2051 650; x_wconf 88' lang='lat' dir='ltr'><strong>Si</strong></span> <span class='ocrx_word' id='word_1_13' title='bbox 2091 611 2157 651; x_wconf 83' lang='lat' dir='ltr'><strong>ex</strong></span> <span class='ocrx_word' id='word_1_14' title='bbox 2199 595 2361 667; x_wconf 82' lang='lat' dir='ltr'><strong>probi</strong></span> <span class='ocrx_word' id='word_1_15' title='bbox 2405 596 2508 652; x_wconf 87' lang='lat' dir='ltr'><strong>viri</strong></span> <span class='ocrx_word' id='word_1_16' title='bbox 2551 611 2853 670; x_wconf 86' lang='lat' dir='ltr'><strong>congressu</strong></span> <span class='ocrx_word' id='word_1_17' title='bbox 2910 614 3160 672; x_wconf 66' lang='lat' dir='ltr'><strong>persaepe</strong></span> <span class='ocrx_word' id='word_1_18' title='bbox 3214 601 3514 659; x_wconf 87' lang='lat' dir='ltr'><strong>utilitatem</strong></span> 
     </span>
    </p>
   </div>
   <div class='ocr_carea' id='block_1_6' title="bbox 235 677 1818 757">
    <p class='ocr_par' dir='ltr' id='par_1_6' title="bbox 235 677 1818 757">
     <span class='ocr_line' id='line_1_6' title="bbox 235 677 1818 757; baseline 0.004 -25"><span class='ocrx_word' id='word_1_19' title='bbox 235 679 437 751; x_wconf 74' lang='grc' dir='ltr'>χόντες,</span> <span class='ocrx_word' id='word_1_20' title='bbox 461 677 671 751; x_wconf 85' lang='grc' dir='ltr'>πηλίκα</span> <span class='ocrx_word' id='word_1_21' title='bbox 688 678 1063 750; x_wconf 82' lang='grc' dir='ltr'>κερδανοῦμεν</span> <span class='ocrx_word' id='word_1_22' title='bbox 1090 680 1215 734; x_wconf 83' lang='grc' dir='ltr'>καθ’</span> <span class='ocrx_word' id='word_1_23' title='bbox 1241 681 1458 755; x_wconf 78' lang='grc' dir='ltr'><strong>ἡμέραν</strong></span> <span class='ocrx_word' id='word_1_24' title='bbox 1478 685 1575 738; x_wconf 75' lang='grc' dir='ltr'>καὶ</span> <span class='ocrx_word' id='word_1_25' title='bbox 1597 684 1818 757; x_wconf 82' lang='grc' dir='ltr'>νύκτωρ</span> 
     </span>
    </p>
   </div>
   <div class='ocr_carea' id='block_1_7' title="bbox 234 770 1814 850">
    <p class='ocr_par' dir='ltr' id='par_1_7' title="bbox 234 770 1814 850">
     <span class='ocr_line' id='line_1_7' title="bbox 234 770 1814 850; baseline 0.006 -27"><span class='ocrx_word' id='word_1_26' title='bbox 234 770 751 843; x_wconf 78' lang='grc' dir='ltr'>προσδιαλεγόμενοι</span> <span class='ocrx_word' id='word_1_27' title='bbox 782 771 850 826; x_wconf 79' lang='grc' dir='ltr'>δι’</span> <span class='ocrx_word' id='word_1_28' title='bbox 890 772 1083 844; x_wconf 80' lang='grc' dir='ltr'><strong>εὐχῆς,</strong></span> <span class='ocrx_word' id='word_1_29' title='bbox 1115 774 1214 830; x_wconf 69' lang='grc' dir='ltr'><strong>καὶ</strong></span> <span class='ocrx_word' id='word_1_30' title='bbox 1245 774 1571 849; x_wconf 82' lang='grc' dir='ltr'>ψαλμῳδίας</span> <span class='ocrx_word' id='word_1_31' title='bbox 1607 776 1688 850; x_wconf 81' lang='grc' dir='ltr'><strong>τῷ</strong></span> <span class='ocrx_word' id='word_1_32' title='bbox 1715 780 1814 832; x_wconf 87' lang='grc' dir='ltr'><strong>Δε-</strong></span> 
     </span>
    </p>
   </div>
   <div class='ocr_carea' id='block_1_8' title="bbox 234 863 1311 935">
    <p class='ocr_par' dir='ltr' id='par_1_8' title="bbox 234 863 1311 935">
     <span class='ocr_line' id='line_1_8' title="bbox 234 863 1311 935; baseline 0 -17"><span class='ocrx_word' id='word_1_33' title='bbox 234 866 404 935; x_wconf 75' lang='grc' dir='ltr'>σπότη</span> <span class='ocrx_word' id='word_1_34' title='bbox 424 863 536 927; x_wconf 86' lang='grc' dir='ltr'><strong>τῶν</strong></span> <span class='ocrx_word' id='word_1_35' title='bbox 565 864 706 919; x_wconf 85' lang='grc' dir='ltr'>ὅλων</span> <span class='ocrx_word' id='word_1_36' title='bbox 726 866 741 919; x_wconf 81' lang='grc' dir='ltr'><strong>ί</strong></span> <span class='ocrx_word' id='word_1_37' title='bbox 1058 918 1065 923; x_wconf 90' lang='lat'><em>_</em></span> <span class='ocrx_word' id='word_1_38' title='bbox 1304 910 1311 918; x_wconf 91' lang='lat'><strong>.</strong></span> 
     </span>
    </p>
   </div>
   <div class='ocr_carea' id='block_1_9' title="bbox 302 956 1814 1034">
    <p class='ocr_par' dir='ltr' id='par_1_9' title="bbox 302 956 1814 1034">
     <span class='ocr_line' id='line_1_9' title="bbox 302 956 1814 1034; baseline 0.007 -24"><span class='ocrx_word' id='word_1_39' title='bbox 302 957 376 1010; x_wconf 92' lang='grc' dir='ltr'>Οὐ</span> <span class='ocrx_word' id='word_1_40' title='bbox 406 956 469 1011; x_wconf 82' lang='grc' dir='ltr'>τὸ</span> <span class='ocrx_word' id='word_1_41' title='bbox 495 957 659 1029; x_wconf 84' lang='grc' dir='ltr'>τυχὸν</span> <span class='ocrx_word' id='word_1_42' title='bbox 688 958 916 1029; x_wconf 84' lang='grc' dir='ltr'>ἀγαθὸν,</span> <span class='ocrx_word' id='word_1_43' title='bbox 947 960 1084 1016; x_wconf 89' lang='grc' dir='ltr'><strong>ἀλλά</strong></span> <span class='ocrx_word' id='word_1_44' title='bbox 1114 962 1209 1016; x_wconf 76' lang='grc' dir='ltr'>καὶ</span> <span class='ocrx_word' id='word_1_45' title='bbox 1232 962 1375 1031; x_wconf 82' lang='grc' dir='ltr'>ἄγαν</span> <span class='ocrx_word' id='word_1_46' title='bbox 1413 963 1560 1034; x_wconf 91' lang='grc' dir='ltr'>μέγα</span> <span class='ocrx_word' id='word_1_47' title='bbox 1584 965 1647 1019; x_wconf 85' lang='grc' dir='ltr'>τὸ</span> <span class='ocrx_word' id='word_1_48' title='bbox 1675 965 1814 1020; x_wconf 81' lang='grc' dir='ltr'>πάν-</span> 
     </span>
    </p>
   </div>
   <div class='ocr_carea' id='block_1_10' title="bbox 229 1048 1817 1135">
    <p class='ocr_par' dir='ltr' id='par_1_10' title="bbox 229 1048 1817 1135">
     <span class='ocr_line' id='line_1_10' title="bbox 229 1048 1817 1135; baseline 0.009 -34"><span class='ocrx_word' id='word_1_49' title='bbox 229 1066 349 1102; x_wconf 84' lang='grc' dir='ltr'>τοτε</span> <span class='ocrx_word' id='word_1_50' title='bbox 372 1048 461 1103; x_wconf 79' lang='grc' dir='ltr'><strong>διὰ</strong></span> <span class='ocrx_word' id='word_1_51' title='bbox 488 1049 590 1121; x_wconf 81' lang='grc' dir='ltr'>τῆς</span> <span class='ocrx_word' id='word_1_52' title='bbox 617 1050 855 1117; x_wconf 69' lang='grc' dir='ltr'>ἱκετείας</span> <span class='ocrx_word' id='word_1_53' title='bbox 883 1054 1115 1119; x_wconf 80' lang='grc' dir='ltr'>ἑαυτοὺς</span> <span class='ocrx_word' id='word_1_54' title='bbox 1154 1054 1234 1127; x_wconf 83' lang='grc' dir='ltr'>τῷ</span> <span class='ocrx_word' id='word_1_55' title='bbox 1264 1056 1542 1135; x_wconf 70' lang='grc' dir='ltr'>κρείττονι</span> <span class='ocrx_word' id='word_1_56' title='bbox 1575 1061 1817 1131; x_wconf 81' lang='grc' dir='ltr'>παρατί-</span> 
     </span>
    </p>
   </div>
   <div class='ocr_carea' id='block_1_11' title="bbox 230 1140 440 1197">
    <p class='ocr_par' dir='ltr' id='par_1_11' title="bbox 230 1140 440 1197">
     <span class='ocr_line' id='line_1_11' title="bbox 230 1140 440 1197; baseline 0.01 -3"><span class='ocrx_word' id='word_1_57' title='bbox 230 1140 440 1197; x_wconf 70' lang='grc' dir='ltr'>θέσθαι.</span> 
     </span>
    </p>
   </div>
   <div class='ocr_carea' id='block_1_12' title="bbox 301 1234 1816 1318">
    <p class='ocr_par' dir='ltr' id='par_1_12' title="bbox 301 1234 1816 1318">
     <span class='ocr_line' id='line_1_12' title="bbox 301 1234 1816 1318; baseline 0.008 -30"><span class='ocrx_word' id='word_1_58' title='bbox 301 1235 375 1288; x_wconf 86' lang='grc' dir='ltr'><strong>υύ</strong></span> <span class='ocrx_word' id='word_1_59' title='bbox 408 1234 606 1308; x_wconf 77' lang='grc' dir='ltr'>μικρὸν</span> <span class='ocrx_word' id='word_1_60' title='bbox 650 1238 765 1301; x_wconf 78' lang='grc' dir='ltr'>τοϊς</span> <span class='ocrx_word' id='word_1_61' title='bbox 811 1236 1118 1309; x_wconf 77' lang='grc' dir='ltr'>ἐλαχίστοις</span> <span class='ocrx_word' id='word_1_62' title='bbox 1172 1240 1359 1295; x_wconf 77' lang='grc' dir='ltr'>καὶτὸ</span> <span class='ocrx_word' id='word_1_63' title='bbox 1405 1243 1538 1315; x_wconf 88' lang='grc' dir='ltr'>μίαν</span> <span class='ocrx_word' id='word_1_64' title='bbox 1578 1243 1816 1318; x_wconf 84' lang='grc' dir='ltr'>βαθμίδα</span> 
     </span>
    </p>
   </div>
   <div class='ocr_carea' id='block_1_13' title="bbox 228 1327 1818 1405">
    <p class='ocr_par' dir='ltr' id='par_1_13' title="bbox 228 1327 1818 1405">
     <span class='ocr_line' id='line_1_13' title="bbox 228 1327 1818 1405; baseline 0.009 -25"><span class='ocrx_word' id='word_1_65' title='bbox 228 1327 331 1399; x_wconf 84' lang='grc' dir='ltr'><strong>τῆς</strong></span> <span class='ocrx_word' id='word_1_66' title='bbox 362 1327 477 1383; x_wconf 87' lang='grc' dir='ltr'><strong>τῶν</strong></span> <span class='ocrx_word' id='word_1_67' title='bbox 504 1328 719 1399; x_wconf 77' lang='grc' dir='ltr'><strong>ἀρετῶν</strong></span> <span class='ocrx_word' id='word_1_68' title='bbox 752 1329 1026 1402; x_wconf 81' lang='grc' dir='ltr'>κλίμακος</span> <span class='ocrx_word' id='word_1_69' title='bbox 1055 1332 1345 1405; x_wconf 68' lang='grc' dir='ltr'>ἀνεθῆναι,</span> <span class='ocrx_word' id='word_1_70' title='bbox 1383 1336 1480 1390; x_wconf 83' lang='grc' dir='ltr'>καὶ</span> <span class='ocrx_word' id='word_1_71' title='bbox 1508 1337 1645 1404; x_wconf 80' lang='grc' dir='ltr'>τέως</span> <span class='ocrx_word' id='word_1_72' title='bbox 1703 1339 1818 1395; x_wconf 83' lang='grc' dir='ltr'><strong>ἀνω</strong></span> 
     </span>
    </p>
   </div>
   <div class='ocr_carea' id='block_1_14' title="bbox 228 1419 773 1493">
    <p class='ocr_par' dir='ltr' id='par_1_14' title="bbox 228 1419 773 1493">
     <span class='ocr_line' id='line_1_14' title="bbox 228 1419 773 1493; baseline 0.006 -20"><span class='ocrx_word' id='word_1_73' title='bbox 228 1419 487 1489; x_wconf 83' lang='grc' dir='ltr'>γενέσθαι</span> <span class='ocrx_word' id='word_1_74' title='bbox 519 1421 621 1491; x_wconf 82' lang='grc' dir='ltr'>τῆς</span> <span class='ocrx_word' id='word_1_75' title='bbox 648 1421 773 1493; x_wconf 84' lang='grc' dir='ltr'>γῆς.</span> 
     </span>
    </p>
   </div>
   <div class='ocr_carea' id='block_1_15' title="bbox 301 1499 1818 1603">
    <p class='ocr_par' dir='ltr' id='par_1_15' title="bbox 301 1499 1818 1603">
     <span class='ocr_line' id='line_1_15' title="bbox 301 1499 1818 1603; baseline 0.01 -38"><span class='ocrx_word' id='word_1_76' title='bbox 301 1512 584 1585; x_wconf 84' lang='grc' dir='ltr'>Τόλμησον</span> <span class='ocrx_word' id='word_1_77' title='bbox 613 1499 940 1586; x_wconf 80' lang='grc' dir='ltr'>προσελθεῖν</span> <span class='ocrx_word' id='word_1_78' title='bbox 975 1516 1121 1588; x_wconf 80' lang='grc' dir='ltr'>μετὰ</span> <span class='ocrx_word' id='word_1_79' title='bbox 1163 1518 1449 1592; x_wconf 85' lang='grc' dir='ltr'><strong>κλαυθμοῦ</strong></span> <span class='ocrx_word' id='word_1_80' title='bbox 1473 1521 1551 1594; x_wconf 82' lang='grc' dir='ltr'>τῷ</span> <span class='ocrx_word' id='word_1_81' title='bbox 1575 1522 1818 1603; x_wconf 73' lang='grc' dir='ltr'>οὐρανίῳ</span> 
     </span>
    </p>
   </div>
   <div class='ocr_carea' id='block_1_16' title="bbox 229 1604 1819 1687">
    <p class='ocr_par' dir='ltr' id='par_1_16' title="bbox 229 1604 1819 1687">
     <span class='ocr_line' id='line_1_16' title="bbox 229 1604 1819 1687; baseline 0.009 -28"><span class='ocrx_word' id='word_1_82' title='bbox 229 1605 512 1678; x_wconf 83' lang='grc' dir='ltr'>ἀρχιάτρῳ</span> <span class='ocrx_word' id='word_1_83' title='bbox 554 1604 751 1678; x_wconf 77' lang='grc' dir='ltr'>Ἰησοῦ,</span> <span class='ocrx_word' id='word_1_84' title='bbox 780 1607 877 1662; x_wconf 78' lang='grc' dir='ltr'><strong>καὶ</strong></span> <span class='ocrx_word' id='word_1_85' title='bbox 921 1609 1102 1663; x_wconf 80' lang='grc' dir='ltr'>πάντα</span> <span class='ocrx_word' id='word_1_86' title='bbox 1131 1612 1231 1683; x_wconf 86' lang='grc' dir='ltr'>τῆς</span> <span class='ocrx_word' id='word_1_87' title='bbox 1268 1611 1451 1685; x_wconf 82' lang='grc' dir='ltr'>ψυχῆς</span> <span class='ocrx_word' id='word_1_88' title='bbox 1482 1614 1819 1687; x_wconf 83' lang='grc' dir='ltr'>ἀπογυμνῶ-</span> 
     </span>
    </p>
   </div>
   <div class='ocr_carea' id='block_1_17' title="bbox 232 1695 1821 1780">
    <p class='ocr_par' dir='ltr' id='par_1_17' title="bbox 232 1695 1821 1780">
     <span class='ocr_line' id='line_1_17' title="bbox 232 1695 1821 1780; baseline 0.011 -33"><span class='ocrx_word' id='word_1_89' title='bbox 232 1711 328 1750; x_wconf 88' lang='grc' dir='ltr'><strong>σαι</strong></span> <span class='ocrx_word' id='word_1_90' title='bbox 351 1695 419 1751; x_wconf 83' lang='grc' dir='ltr'><strong>τά</strong></span> <span class='ocrx_word' id='word_1_91' title='bbox 439 1697 754 1769; x_wconf 80' lang='grc' dir='ltr'>τραύματα.</span> <span class='ocrx_word' id='word_1_92' title='bbox 784 1698 955 1754; x_wconf 82' lang='grc' dir='ltr'>Οὐδὲν</span> <span class='ocrx_word' id='word_1_93' title='bbox 983 1700 1094 1773; x_wconf 74' lang='grc' dir='ltr'>γὰρ</span> <span class='ocrx_word' id='word_1_94' title='bbox 1132 1699 1200 1755; x_wconf 74' lang='grc' dir='ltr'>ἂν</span> <span class='ocrx_word' id='word_1_95' title='bbox 1225 1704 1313 1774; x_wconf 82' lang='grc' dir='ltr'>εἴη</span> <span class='ocrx_word' id='word_1_96' title='bbox 1345 1704 1539 1772; x_wconf 81' lang='grc' dir='ltr'><strong>πάθος,</strong></span> <span class='ocrx_word' id='word_1_97' title='bbox 1565 1707 1704 1779; x_wconf 81' lang='grc' dir='ltr'>ὅπερ</span> <span class='ocrx_word' id='word_1_98' title='bbox 1739 1707 1821 1780; x_wconf 79' lang='grc' dir='ltr'>μὴ</span> 
     </span>
    </p>
   </div>
   <div class='ocr_carea' id='block_1_18' title="bbox 233 1786 1675 1865">
    <p class='ocr_par' dir='ltr' id='par_1_18' title="bbox 233 1786 1675 1865">
     <span class='ocr_line' id='line_1_18' title="bbox 233 1786 1675 1865; baseline 0.009 -26"><span class='ocrx_word' id='word_1_99' title='bbox 233 1786 408 1857; x_wconf 71' lang='grc' dir='ltr'>ἰσχύει</span> <span class='ocrx_word' id='word_1_100' title='bbox 429 1787 772 1860; x_wconf 84' lang='grc' dir='ltr'>θεραπεῦσαι</span> <span class='ocrx_word' id='word_1_101' title='bbox 796 1790 1035 1862; x_wconf 81' lang='grc' dir='ltr'>Χριστὸς</span> <span class='ocrx_word' id='word_1_102' title='bbox 1064 1792 1093 1845; x_wconf 88' lang='grc' dir='ltr'><strong>ό</strong></span> <span class='ocrx_word' id='word_1_103' title='bbox 1133 1793 1675 1865; x_wconf 82' lang='grc' dir='ltr'><strong>φιλανθρωπότατος.</strong></span> 
     </span>
    </p>
   </div>
   <div class='ocr_carea' id='block_1_19' title="bbox 1921 689 3514 766">
    <p class='ocr_par' dir='ltr' id='par_1_19' title="bbox 1921 689 3514 766">
     <span class='ocr_line' id='line_1_19' title="bbox 1921 689 3514 766; baseline 0.008 -26"><span class='ocrx_word' id='word_1_104' title='bbox 1921 689 2264 759; x_wconf 87' lang='lat' dir='ltr'><strong>accepimus,</strong></span> <span class='ocrx_word' id='word_1_105' title='bbox 2308 696 2577 761; x_wconf 83' lang='lat' dir='ltr'><strong>quantum</strong></span> <span class='ocrx_word' id='word_1_106' title='bbox 2621 691 2841 748; x_wconf 83' lang='lat' dir='ltr'><strong>tandem</strong></span> <span class='ocrx_word' id='word_1_107' title='bbox 2889 703 3167 766; x_wconf 80' lang='lat' dir='ltr'><strong>quaestum</strong></span> <span class='ocrx_word' id='word_1_108' title='bbox 3223 696 3514 763; x_wconf 79' lang='lat' dir='ltr'><strong>faciemus,</strong></span> 
     </span>
    </p>
   </div>
   <div class='ocr_carea' id='block_1_20' title="bbox 1920 781 3517 859">
    <p class='ocr_par' dir='ltr' id='par_1_20' title="bbox 1920 781 3517 859">
     <span class='ocr_line' id='line_1_20' title="bbox 1920 781 3517 859; baseline 0.006 -24"><span class='ocrx_word' id='word_1_109' title='bbox 1920 789 2089 836; x_wconf 90' lang='lat' dir='ltr'><strong>noctu</strong></span> <span class='ocrx_word' id='word_1_110' title='bbox 2124 781 2330 854; x_wconf 90' lang='lat' dir='ltr'><strong>diuque</strong></span> <span class='ocrx_word' id='word_1_111' title='bbox 2361 798 2460 855; x_wconf 90' lang='lat' dir='ltr'><strong>per</strong></span> <span class='ocrx_word' id='word_1_112' title='bbox 2493 784 2803 842; x_wconf 88' lang='lat' dir='ltr'><strong>orationem</strong></span> <span class='ocrx_word' id='word_1_113' title='bbox 2858 795 2916 843; x_wconf 81' lang='lat' dir='ltr'><strong>et</strong></span> <span class='ocrx_word' id='word_1_114' title='bbox 2976 789 3339 859; x_wconf 82' lang='lat' dir='ltr'><strong>psalmodiam</strong></span> <span class='ocrx_word' id='word_1_115' title='bbox 3387 805 3517 846; x_wconf 89' lang='lat' dir='ltr'><strong>cum</strong></span> 
     </span>
    </p>
   </div>
   <div class='ocr_carea' id='block_1_21' title="bbox 1920 870 2486 948">
    <p class='ocr_par' dir='ltr' id='par_1_21' title="bbox 1920 870 2486 948">
     <span class='ocr_line' id='line_1_21' title="bbox 1920 870 2486 948; baseline 0.009 -22"><span class='ocrx_word' id='word_1_116' title='bbox 1920 870 2034 928; x_wconf 89' lang='lat' dir='ltr'><strong>Deo</strong></span> <span class='ocrx_word' id='word_1_117' title='bbox 2072 874 2454 948; x_wconf 90' lang='lat' dir='ltr'><strong>colloquentes</strong></span> <span class='ocrx_word' id='word_1_118' title='bbox 2473 876 2486 931; x_wconf 77' lang='grc' dir='ltr'><strong>ι</strong></span> 
     </span>
    </p>
   </div>
   <div class='ocr_carea' id='block_1_22' title="bbox 1989 962 3519 1046">
    <p class='ocr_par' dir='ltr' id='par_1_22' title="bbox 1989 962 3519 1046">
     <span class='ocr_line' id='line_1_22' title="bbox 1989 962 3519 1046; baseline 0.006 -27"><span class='ocrx_word' id='word_1_119' title='bbox 1989 962 2113 1022; x_wconf 81' lang='lat' dir='ltr'><strong>Non</strong></span> <span class='ocrx_word' id='word_1_120' title='bbox 2155 966 2400 1038; x_wconf 84' lang='lat' dir='ltr'><strong>vulgare,</strong></span> <span class='ocrx_word' id='word_1_121' title='bbox 2451 966 2552 1025; x_wconf 88' lang='lat' dir='ltr'><strong>sed</strong></span> <span class='ocrx_word' id='word_1_122' title='bbox 2608 982 2969 1043; x_wconf 83' lang='lat' dir='ltr'><strong>permagnum</strong></span> <span class='ocrx_word' id='word_1_123' title='bbox 3033 971 3236 1028; x_wconf 91' lang='lat' dir='ltr'><strong>bonum</strong></span> <span class='ocrx_word' id='word_1_124' title='bbox 3290 981 3376 1031; x_wconf 91' lang='lat' dir='ltr'><strong>est</strong></span> <span class='ocrx_word' id='word_1_125' title='bbox 3423 989 3519 1046; x_wconf 82' lang='lat' dir='ltr'><strong>per</strong></span> 
     </span>
    </p>
   </div>
   <div class='ocr_carea' id='block_1_23' title="bbox 1920 1058 3154 1137">
    <p class='ocr_par' dir='ltr' id='par_1_23' title="bbox 1920 1058 3154 1137">
     <span class='ocr_line' id='line_1_23' title="bbox 1920 1058 3154 1137; baseline 0.002 -23"><span class='ocrx_word' id='word_1_126' title='bbox 1920 1058 2227 1116; x_wconf 88' lang='lat' dir='ltr'><strong>orationem</strong></span> <span class='ocrx_word' id='word_1_127' title='bbox 2256 1059 2369 1117; x_wconf 88' lang='lat' dir='ltr'><strong>Deo</strong></span> <span class='ocrx_word' id='word_1_128' title='bbox 2393 1075 2614 1137; x_wconf 83' lang='lat' dir='ltr'><strong>semper</strong></span> <span class='ocrx_word' id='word_1_129' title='bbox 2644 1066 2708 1118; x_wconf 85' lang='lat' dir='ltr'><strong>se</strong></span> <span class='ocrx_word' id='word_1_130' title='bbox 2743 1061 3154 1121; x_wconf 83' lang='lat' dir='ltr'><strong>commendare.</strong></span> 
     </span>
    </p>
   </div>
   <div class='ocr_carea' id='block_1_24' title="bbox 1993 1229 3516 1304">
    <p class='ocr_par' dir='ltr' id='par_1_24' title="bbox 1993 1229 3516 1304">
     <span class='ocr_line' id='line_1_24' title="bbox 1993 1229 3516 1304; baseline 0.007 -19"><span class='ocrx_word' id='word_1_131' title='bbox 1993 1229 2111 1286; x_wconf 87' lang='lat' dir='ltr'><strong>Non</strong></span> <span class='ocrx_word' id='word_1_132' title='bbox 2170 1248 2398 1304; x_wconf 85' lang='lat' dir='ltr'><strong>parvum</strong></span> <span class='ocrx_word' id='word_1_133' title='bbox 2453 1242 2542 1290; x_wconf 89' lang='lat' dir='ltr'><strong>est</strong></span> <span class='ocrx_word' id='word_1_134' title='bbox 2590 1232 2797 1293; x_wconf 87' lang='lat' dir='ltr'><strong>inlimis</strong></span> <span class='ocrx_word' id='word_1_135' title='bbox 2851 1234 3173 1293; x_wconf 88' lang='lat' dir='ltr'><strong>hominibus</strong></span> <span class='ocrx_word' id='word_1_136' title='bbox 3223 1237 3309 1293; x_wconf 93' lang='lat' dir='ltr'><strong>vel</strong></span> <span class='ocrx_word' id='word_1_137' title='bbox 3347 1253 3516 1295; x_wconf 88' lang='lat' dir='ltr'><strong>unum</strong></span> 
     </span>
    </p>
   </div>
   <div class='ocr_carea' id='block_1_25' title="bbox 1922 1325 3522 1404">
    <p class='ocr_par' dir='ltr' id='par_1_25' title="bbox 1922 1325 3522 1404">
     <span class='ocr_line' id='line_1_25' title="bbox 1922 1325 3522 1404; baseline 0.003 -22"><span class='ocrx_word' id='word_1_138' title='bbox 1922 1325 2116 1382; x_wconf 66' lang='lat' dir='ltr'><strong>saltem</strong></span> <span class='ocrx_word' id='word_1_139' title='bbox 2146 1328 2376 1398; x_wconf 82' lang='lat' dir='ltr'><strong>gradum</strong></span> <span class='ocrx_word' id='word_1_140' title='bbox 2432 1326 2594 1384; x_wconf 74' lang='lat' dir='ltr'><strong>scalae</strong></span> <span class='ocrx_word' id='word_1_141' title='bbox 2636 1328 2910 1385; x_wconf 86' lang='lat' dir='ltr'><strong>virtutum</strong></span> <span class='ocrx_word' id='word_1_142' title='bbox 2961 1329 3309 1397; x_wconf 86' lang='lat' dir='ltr'><strong>ascendisse,</strong></span> <span class='ocrx_word' id='word_1_143' title='bbox 3353 1339 3522 1404; x_wconf 89' lang='lat' dir='ltr'><strong>atque</strong></span> 
     </span>
    </p>
   </div>
   <div class='ocr_carea' id='block_1_26' title="bbox 1922 1419 2874 1492">
    <p class='ocr_par' dir='ltr' id='par_1_26' title="bbox 1922 1419 2874 1492">
     <span class='ocr_line' id='line_1_26' title="bbox 1922 1419 2874 1492; baseline 0.006 -20"><span class='ocrx_word' id='word_1_144' title='bbox 1922 1419 1997 1473; x_wconf 87' lang='lat' dir='ltr'><strong>ita</strong></span> <span class='ocrx_word' id='word_1_145' title='bbox 2031 1434 2199 1492; x_wconf 86' lang='lat' dir='ltr'><strong>supra</strong></span> <span class='ocrx_word' id='word_1_146' title='bbox 2230 1428 2433 1476; x_wconf 87' lang='lat' dir='ltr'><strong>terram</strong></span> <span class='ocrx_word' id='word_1_147' title='bbox 2465 1437 2525 1489; x_wconf 88' lang='lat' dir='ltr'><strong>se</strong></span> <span class='ocrx_word' id='word_1_148' title='bbox 2553 1423 2874 1485; x_wconf 84' lang='lat' dir='ltr'><strong>sustulisse.</strong></span> 
     </span>
    </p>
   </div>
   <div class='ocr_carea' id='block_1_27' title="bbox 1992 1511 3521 1588">
    <p class='ocr_par' dir='ltr' id='par_1_27' title="bbox 1992 1511 3521 1588">
     <span class='ocr_line' id='line_1_27' title="bbox 1992 1511 3521 1588; baseline 0.004 -22"><span class='ocrx_word' id='word_1_149' title='bbox 1992 1511 2133 1567; x_wconf 89' lang='lat' dir='ltr'><strong>Cum</strong></span> <span class='ocrx_word' id='word_1_150' title='bbox 2166 1514 2318 1570; x_wconf 91' lang='lat' dir='ltr'><strong>luctu</strong></span> <span class='ocrx_word' id='word_1_151' title='bbox 2366 1522 2420 1570; x_wconf 93' lang='lat' dir='ltr'><strong>et</strong></span> <span class='ocrx_word' id='word_1_152' title='bbox 2454 1515 2719 1588; x_wconf 79' lang='lat' dir='ltr'><strong>lacrymis</strong></span> <span class='ocrx_word' id='word_1_153' title='bbox 2753 1517 2820 1571; x_wconf 90' lang='lat' dir='ltr'><strong>ad</strong></span> <span class='ocrx_word' id='word_1_154' title='bbox 2860 1517 3148 1575; x_wconf 86' lang='lat' dir='ltr'><strong>caelestem</strong></span> <span class='ocrx_word' id='word_1_155' title='bbox 3186 1519 3338 1575; x_wconf 89' lang='lat' dir='ltr'><strong>illum</strong></span> <span class='ocrx_word' id='word_1_156' title='bbox 3366 1533 3521 1575; x_wconf 89' lang='lat' dir='ltr'><strong>sum-</strong></span> 
     </span>
    </p>
   </div>
   <div class='ocr_carea' id='block_1_28' title="bbox 1921 1603 3518 1674">
    <p class='ocr_par' dir='ltr' id='par_1_28' title="bbox 1921 1603 3518 1674">
     <span class='ocr_line' id='line_1_28' title="bbox 1921 1603 3518 1674; baseline 0.003 -17"><span class='ocrx_word' id='word_1_157' title='bbox 1921 1615 2185 1674; x_wconf 89' lang='lat' dir='ltr'><strong>mumque</strong></span> <span class='ocrx_word' id='word_1_158' title='bbox 2238 1606 2515 1661; x_wconf 89' lang='lat' dir='ltr'><strong>medicum</strong></span> <span class='ocrx_word' id='word_1_159' title='bbox 2579 1603 2768 1662; x_wconf 67' lang='lat' dir='ltr'><strong>Iesum</strong></span> <span class='ocrx_word' id='word_1_160' title='bbox 2824 1621 2894 1662; x_wconf 89' lang='lat' dir='ltr'><strong>ne</strong></span> <span class='ocrx_word' id='word_1_161' title='bbox 2942 1607 3160 1665; x_wconf 85' lang='lat' dir='ltr'><strong>dubites</strong></span> <span class='ocrx_word' id='word_1_162' title='bbox 3216 1609 3518 1673; x_wconf 80' lang='lat' dir='ltr'><strong>accedere,</strong></span> 
     </span>
    </p>
   </div>
   <div class='ocr_carea' id='block_1_29' title="bbox 1921 1698 3520 1776">
    <p class='ocr_par' dir='ltr' id='par_1_29' title="bbox 1921 1698 3520 1776">
     <span class='ocr_line' id='line_1_29' title="bbox 1921 1698 3520 1776; baseline 0.004 -24"><span class='ocrx_word' id='word_1_163' title='bbox 1921 1698 2219 1771; x_wconf 86' lang='lat' dir='ltr'><strong>omniaque</strong></span> <span class='ocrx_word' id='word_1_164' title='bbox 2251 1700 2359 1773; x_wconf 88' lang='lat' dir='ltr'><strong>ipsi</strong></span> <span class='ocrx_word' id='word_1_165' title='bbox 2387 1702 2590 1760; x_wconf 83' lang='lat' dir='ltr'><strong>animae</strong></span> <span class='ocrx_word' id='word_1_166' title='bbox 2619 1712 2728 1760; x_wconf 74' lang='lat' dir='ltr'><strong>tuae</strong></span> <span class='ocrx_word' id='word_1_167' title='bbox 2772 1704 3008 1760; x_wconf 89' lang='lat' dir='ltr'><strong>vulnera</strong></span> <span class='ocrx_word' id='word_1_168' title='bbox 3054 1706 3297 1776; x_wconf 87' lang='lat' dir='ltr'><strong>aperire.</strong></span> <span class='ocrx_word' id='word_1_169' title='bbox 3332 1703 3520 1776; x_wconf 86' lang='lat' dir='ltr'><strong>Neque</strong></span> 
     </span>
    </p>
   </div>
   <div class='ocr_carea' id='block_1_30' title="bbox 1921 1786 3519 1864">
    <p class='ocr_par' dir='ltr' id='par_1_30' title="bbox 1921 1786 3519 1864">
     <span class='ocr_line' id='line_1_30' title="bbox 1921 1786 3519 1864; baseline 0.004 -22"><span class='ocrx_word' id='word_1_170' title='bbox 1921 1786 2067 1842; x_wconf 86' lang='lat' dir='ltr'><strong>enim</strong></span> <span class='ocrx_word' id='word_1_171' title='bbox 2097 1788 2325 1846; x_wconf 87' lang='lat' dir='ltr'><strong>morbus</strong></span> <span class='ocrx_word' id='word_1_172' title='bbox 2357 1791 2503 1847; x_wconf 80' lang='lat' dir='ltr'><strong>ullus</strong></span> <span class='ocrx_word' id='word_1_173' title='bbox 2532 1806 2656 1849; x_wconf 89' lang='lat' dir='ltr'><strong>esse</strong></span> <span class='ocrx_word' id='word_1_174' title='bbox 2672 1800 2861 1863; x_wconf 88' lang='lat' dir='ltr'><strong>queat,</strong></span> <span class='ocrx_word' id='word_1_175' title='bbox 2886 1805 3050 1864; x_wconf 88' lang='lat' dir='ltr'><strong>quem</strong></span> <span class='ocrx_word' id='word_1_176' title='bbox 3077 1793 3519 1851; x_wconf 87' lang='lat' dir='ltr'><strong>humanissimus</strong></span> 
     </span>
    </p>
   </div>
   <div class='ocr_carea' id='block_1_31' title="bbox 1926 1878 2762 1955">
    <p class='ocr_par' dir='ltr' id='par_1_31' title="bbox 1926 1878 2762 1955">
     <span class='ocr_line' id='line_1_31' title="bbox 1926 1878 2762 1955; baseline 0.01 -24"><span class='ocrx_word' id='word_1_177' title='bbox 1926 1878 2017 1934; x_wconf 90' lang='lat' dir='ltr'><strong>ille</strong></span> <span class='ocrx_word' id='word_1_178' title='bbox 2045 1878 2300 1937; x_wconf 87' lang='lat' dir='ltr'><strong>Christus</strong></span> <span class='ocrx_word' id='word_1_179' title='bbox 2335 1897 2445 1955; x_wconf 88' lang='lat' dir='ltr'><strong>non</strong></span> <span class='ocrx_word' id='word_1_180' title='bbox 2478 1883 2762 1955; x_wconf 81' lang='lat' dir='ltr'><strong>dispellat.</strong></span> 
     </span>
    </p>
   </div>
   <div class='ocr_carea' id='block_1_32' title="bbox 304 1954 1826 2048">
    <p class='ocr_par' dir='ltr' id='par_1_32' title="bbox 304 1956 1820 2043">
     <span class='ocr_line' id='line_1_32' title="bbox 304 1956 1820 2043; baseline 0.007 -23"><span class='ocrx_word' id='word_1_181' title='bbox 304 1967 444 2033; x_wconf 82' lang='grc' dir='ltr'><strong>Τοὺς</strong></span> <span class='ocrx_word' id='word_1_182' title='bbox 469 1956 759 2039; x_wconf 82' lang='grc' dir='ltr'>σκώληκας</span> <span class='ocrx_word' id='word_1_183' title='bbox 784 1969 885 2039; x_wconf 83' lang='grc' dir='ltr'>τῆς</span> <span class='ocrx_word' id='word_1_184' title='bbox 921 1968 1163 2037; x_wconf 79' lang='grc' dir='ltr'>διανοίας</span> <span class='ocrx_word' id='word_1_185' title='bbox 1215 1972 1565 2043; x_wconf 76' lang='grc' dir='ltr'>ὲξαφανίζειν</span> <span class='ocrx_word' id='word_1_186' title='bbox 1618 1976 1820 2031; x_wconf 84' lang='grc' dir='ltr'>σπεῦδε</span> 
     </span>
    </p>
   </div>
   <div class='ocr_carea' id='block_1_33' title="bbox 1941 1954 3520 2048">
    <p class='ocr_par' dir='ltr' id='par_1_33' title="bbox 1999 1954 3520 2048">
     <span class='ocr_line' id='line_1_33' title="bbox 1999 1954 3520 2048; baseline 0.008 -25"><span class='ocrx_word' id='word_1_187' title='bbox 1999 1967 2232 2029; x_wconf 82' lang='lat' dir='ltr'><strong>Vermes</strong></span> <span class='ocrx_word' id='word_1_188' title='bbox 2263 1954 2431 2028; x_wconf 85' lang='lat' dir='ltr'><strong>animi</strong></span> <span class='ocrx_word' id='word_1_189' title='bbox 2462 1990 2563 2045; x_wconf 88' lang='lat' dir='ltr'><strong>per</strong></span> <span class='ocrx_word' id='word_1_190' title='bbox 2597 1976 2907 2032; x_wconf 85' lang='lat' dir='ltr'><strong>orationem</strong></span> <span class='ocrx_word' id='word_1_191' title='bbox 2935 1985 2991 2033; x_wconf 87' lang='lat' dir='ltr'><strong>et</strong></span> <span class='ocrx_word' id='word_1_192' title='bbox 3025 1976 3303 2048; x_wconf 86' lang='lat' dir='ltr'><strong>jejunium</strong></span> <span class='ocrx_word' id='word_1_193' title='bbox 3332 1978 3520 2035; x_wconf 88' lang='lat' dir='ltr'><strong>inten-</strong></span> 
     </span>
    </p>
   </div>
   <div class='ocr_carea' id='block_1_34' title="bbox 229 2054 1687 2133">
    <p class='ocr_par' dir='ltr' id='par_1_34' title="bbox 229 2054 1687 2133">
     <span class='ocr_line' id='line_1_34' title="bbox 229 2054 1687 2133; baseline 0.008 -23"><span class='ocrx_word' id='word_1_194' title='bbox 229 2056 303 2111; x_wconf 76' lang='grc' dir='ltr'><strong>δι’</strong></span> <span class='ocrx_word' id='word_1_195' title='bbox 330 2054 519 2128; x_wconf 79' lang='grc' dir='ltr'>εὐχῆς,</span> <span class='ocrx_word' id='word_1_196' title='bbox 547 2058 644 2112; x_wconf 74' lang='grc' dir='ltr'><strong>καὶ</strong></span> <span class='ocrx_word' id='word_1_197' title='bbox 667 2058 948 2129; x_wconf 83' lang='grc' dir='ltr'>νηστείας,</span> <span class='ocrx_word' id='word_1_198' title='bbox 974 2060 1069 2114; x_wconf 77' lang='grc' dir='ltr'>καὶ</span> <span class='ocrx_word' id='word_1_199' title='bbox 1099 2060 1417 2133; x_wconf 82' lang='grc' dir='ltr'><strong>ἀγρυπνίας</strong></span> <span class='ocrx_word' id='word_1_200' title='bbox 1445 2064 1687 2122; x_wconf 75' lang='grc' dir='ltr'><strong>εὐτόνου.</strong></span> 
     </span>
    </p>
   </div>
   <div class='ocr_carea' id='block_1_35' title="bbox 303 2148 1819 2231">
    <p class='ocr_par' dir='ltr' id='par_1_35' title="bbox 303 2148 1819 2231">
     <span class='ocr_line' id='line_1_35' title="bbox 303 2148 1819 2231; baseline 0.009 -28"><span class='ocrx_word' id='word_1_201' title='bbox 303 2148 378 2203; x_wconf 77' lang='grc' dir='ltr'>Εὐ</span> <span class='ocrx_word' id='word_1_202' title='bbox 415 2149 550 2216; x_wconf 79' lang='grc' dir='ltr'>ῐσθι,</span> <span class='ocrx_word' id='word_1_203' title='bbox 583 2149 681 2204; x_wconf 69' lang='grc' dir='ltr'>καὶ</span> <span class='ocrx_word' id='word_1_204' title='bbox 705 2153 785 2215; x_wconf 83' lang='grc' dir='ltr'><strong>είς</strong></span> <span class='ocrx_word' id='word_1_205' title='bbox 814 2150 878 2205; x_wconf 84' lang='grc' dir='ltr'>τὸ</span> <span class='ocrx_word' id='word_1_206' title='bbox 910 2154 1091 2222; x_wconf 78' lang='grc' dir='ltr'>γῆρας</span> <span class='ocrx_word' id='word_1_207' title='bbox 1121 2154 1254 2209; x_wconf 83' lang='grc' dir='ltr'>αὐτὸ</span> <span class='ocrx_word' id='word_1_208' title='bbox 1289 2154 1633 2229; x_wconf 74' lang='grc' dir='ltr'>ἐληλακότας</span> <span class='ocrx_word' id='word_1_209' title='bbox 1667 2163 1819 2231; x_wconf 82' lang='grc' dir='ltr'>τινάς</span> 
     </span>
    </p>
   </div>
   <div class='ocr_carea' id='block_1_36' title="bbox 229 2241 1821 2325">
    <p class='ocr_par' dir='ltr' id='par_1_36' title="bbox 229 2241 1821 2325">
     <span class='ocr_line' id='line_1_36' title="bbox 229 2241 1821 2325; baseline 0.009 -31"><span class='ocrx_word' id='word_1_210' title='bbox 229 2241 499 2313; x_wconf 67' lang='grc' dir='ltr'>ἔγνωμεν,</span> <span class='ocrx_word' id='word_1_211' title='bbox 529 2243 601 2296; x_wconf 80' lang='grc' dir='ltr'><strong>δι’</strong></span> <span class='ocrx_word' id='word_1_212' title='bbox 625 2242 791 2317; x_wconf 85' lang='grc' dir='ltr'><strong>εὐχῆς</strong></span> <span class='ocrx_word' id='word_1_213' title='bbox 817 2248 912 2302; x_wconf 72' lang='grc' dir='ltr'><strong>καὶ</strong></span> <span class='ocrx_word' id='word_1_214' title='bbox 944 2248 1164 2313; x_wconf 79' lang='grc' dir='ltr'>ἐλπίδος</span> <span class='ocrx_word' id='word_1_215' title='bbox 1195 2247 1459 2321; x_wconf 82' lang='grc' dir='ltr'>μέγιστον</span> <span class='ocrx_word' id='word_1_216' title='bbox 1487 2248 1821 2325; x_wconf 88' lang='grc' dir='ltr'>λελογχότας</span> 
     </span>
    </p>
   </div>
   <div class='ocr_carea' id='block_1_37' title="bbox 229 2334 1005 2410">
    <p class='ocr_par' dir='ltr' id='par_1_37' title="bbox 229 2334 1005 2410">
     <span class='ocr_line' id='line_1_37' title="bbox 229 2334 1005 2410; baseline 0.012 -24"><span class='ocrx_word' id='word_1_217' title='bbox 229 2334 560 2406; x_wconf 66' lang='grc' dir='ltr'>ἐπουρανίου</span> <span class='ocrx_word' id='word_1_218' title='bbox 591 2337 963 2410; x_wconf 83' lang='grc' dir='ltr'>χαρίσματος.</span> <span class='ocrx_word' id='word_1_219' title='bbox 1000 2342 1005 2347; x_wconf 86' lang='grc'><em>’</em></span> 
     </span>
    </p>
   </div>
   <div class='ocr_carea' id='block_1_38' title="bbox 309 2429 1819 2513">
    <p class='ocr_par' dir='ltr' id='par_1_38' title="bbox 309 2429 1819 2513">
     <span class='ocr_line' id='line_1_38' title="bbox 309 2429 1819 2513; baseline 0.01 -32"><span class='ocrx_word' id='word_1_220' title='bbox 309 2429 473 2482; x_wconf 83' lang='grc' dir='ltr'>Οὐδὲν</span> <span class='ocrx_word' id='word_1_221' title='bbox 499 2430 786 2496; x_wconf 79' lang='grc' dir='ltr'>παντελῶς</span> <span class='ocrx_word' id='word_1_222' title='bbox 816 2432 1212 2499; x_wconf 74' lang='grc' dir='ltr'>ἀντιτάξασθαι</span> <span class='ocrx_word' id='word_1_223' title='bbox 1247 2433 1473 2490; x_wconf 87' lang='grc' dir='ltr'>δύναται</span> <span class='ocrx_word' id='word_1_224' title='bbox 1499 2436 1577 2513; x_wconf 81' lang='grc' dir='ltr'><strong>τῷ</strong></span> <span class='ocrx_word' id='word_1_225' title='bbox 1604 2441 1819 2513; x_wconf 83' lang='grc' dir='ltr'>Κυρίῳ.</span> 
     </span>
    </p>
   </div>
   <div class='ocr_carea' id='block_1_39' title="bbox 230 2522 1824 2608">
    <p class='ocr_par' dir='ltr' id='par_1_39' title="bbox 230 2522 1824 2608">
     <span class='ocr_line' id='line_1_39' title="bbox 230 2522 1824 2608; baseline 0.008 -32"><span class='ocrx_word' id='word_1_226' title='bbox 230 2523 297 2576; x_wconf 80' lang='grc' dir='ltr'><strong>οὐ</strong></span> <span class='ocrx_word' id='word_1_227' title='bbox 325 2522 537 2595; x_wconf 84' lang='grc' dir='ltr'>χρόνος,</span> <span class='ocrx_word' id='word_1_228' title='bbox 568 2523 632 2578; x_wconf 87' lang='grc' dir='ltr'><strong>οὐ</strong></span> <span class='ocrx_word' id='word_1_229' title='bbox 664 2524 855 2592; x_wconf 82' lang='grc' dir='ltr'>τόπος,</span> <span class='ocrx_word' id='word_1_230' title='bbox 901 2525 961 2580; x_wconf 91' lang='grc' dir='ltr'><strong>οὐ</strong></span> <span class='ocrx_word' id='word_1_231' title='bbox 995 2528 1254 2599; x_wconf 82' lang='grc' dir='ltr'>πρᾶγμα,</span> <span class='ocrx_word' id='word_1_232' title='bbox 1303 2530 1365 2582; x_wconf 89' lang='grc' dir='ltr'><strong>οὐ</strong></span> <span class='ocrx_word' id='word_1_233' title='bbox 1408 2529 1657 2597; x_wconf 87' lang='grc' dir='ltr'>διάϐολος</span> <span class='ocrx_word' id='word_1_234' title='bbox 1694 2534 1824 2608; x_wconf 82' lang='grc' dir='ltr'>βρέ-</span> 
     </span>
    </p>
   </div>
   <div class='ocr_carea' id='block_1_40' title="bbox 233 2616 1823 2704">
    <p class='ocr_par' dir='ltr' id='par_1_40' title="bbox 233 2616 1823 2704">
     <span class='ocr_line' id='line_1_40' title="bbox 233 2616 1823 2704; baseline 0.009 -36"><span class='ocrx_word' id='word_1_235' title='bbox 233 2631 373 2687; x_wconf 87' lang='grc' dir='ltr'>μων,</span> <span class='ocrx_word' id='word_1_236' title='bbox 394 2616 464 2670; x_wconf 87' lang='grc' dir='ltr'><strong>οὐ</strong></span> <span class='ocrx_word' id='word_1_237' title='bbox 488 2616 748 2689; x_wconf 87' lang='grc' dir='ltr'>δαίμονες</span> <span class='ocrx_word' id='word_1_238' title='bbox 778 2618 1172 2690; x_wconf 80' lang='grc' dir='ltr'>πολεμοῦντες,</span> <span class='ocrx_word' id='word_1_239' title='bbox 1197 2621 1298 2675; x_wconf 87' lang='grc' dir='ltr'><strong>οὐκ</strong></span> <span class='ocrx_word' id='word_1_240' title='bbox 1336 2623 1589 2679; x_wconf 79' lang='grc' dir='ltr'>ἀσθένεια</span> <span class='ocrx_word' id='word_1_241' title='bbox 1613 2626 1823 2704; x_wconf 79' lang='grc' dir='ltr'>ψυχικὴ</span> 
     </span>
    </p>
   </div>
   <div class='ocr_carea' id='block_1_41' title="bbox 228 2711 1821 2793">
    <p class='ocr_par' dir='ltr' id='par_1_41' title="bbox 228 2711 1821 2793">
     <span class='ocr_line' id='line_1_41' title="bbox 228 2711 1821 2793; baseline 0.009 -30"><span class='ocrx_word' id='word_1_242' title='bbox 228 2711 265 2779; x_wconf 80' lang='grc' dir='ltr'>ἦ</span> <span class='ocrx_word' id='word_1_243' title='bbox 295 2711 604 2784; x_wconf 82' lang='grc' dir='ltr'>σωματικὴ,</span> <span class='ocrx_word' id='word_1_244' title='bbox 633 2713 699 2765; x_wconf 82' lang='grc' dir='ltr'><strong>οὐ</strong></span> <span class='ocrx_word' id='word_1_245' title='bbox 734 2713 1015 2784; x_wconf 78' lang='grc' dir='ltr'>λογισμῶν</span> <span class='ocrx_word' id='word_1_246' title='bbox 1039 2714 1385 2787; x_wconf 84' lang='grc' dir='ltr'>στειρὼσεις,</span> <span class='ocrx_word' id='word_1_247' title='bbox 1412 2718 1475 2772; x_wconf 85' lang='grc' dir='ltr'><strong>οὐ</strong></span> <span class='ocrx_word' id='word_1_248' title='bbox 1506 2720 1675 2792; x_wconf 88' lang='grc' dir='ltr'>νόμος</span> <span class='ocrx_word' id='word_1_249' title='bbox 1721 2741 1821 2793; x_wconf 87' lang='grc' dir='ltr'>με-</span> 
     </span>
    </p>
   </div>
   <div class='ocr_carea' id='block_1_42' title="bbox 228 2800 1825 2884">
    <p class='ocr_par' dir='ltr' id='par_1_42' title="bbox 228 2800 1825 2884">
     <span class='ocr_line' id='line_1_42' title="bbox 228 2800 1825 2884; baseline 0.009 -28"><span class='ocrx_word' id='word_1_250' title='bbox 228 2802 339 2857; x_wconf 83' lang='grc' dir='ltr'><strong>λῶν</strong></span> <span class='ocrx_word' id='word_1_251' title='bbox 368 2805 571 2875; x_wconf 87' lang='grc' dir='ltr'>σαρκός</span> <span class='ocrx_word' id='word_1_252' title='bbox 598 2823 659 2859; x_wconf 86' lang='grc' dir='ltr'><strong>τε</strong></span> <span class='ocrx_word' id='word_1_253' title='bbox 686 2807 782 2860; x_wconf 86' lang='grc' dir='ltr'>καὶ</span> <span class='ocrx_word' id='word_1_254' title='bbox 804 2807 1059 2878; x_wconf 77' lang='grc' dir='ltr'>αἵματος,</span> <span class='ocrx_word' id='word_1_255' title='bbox 1088 2800 1165 2863; x_wconf 80' lang='grc' dir='ltr'>ὧν</span> <span class='ocrx_word' id='word_1_256' title='bbox 1213 2814 1636 2884; x_wconf 78' lang='grc' dir='ltr'>κατακαυχᾶται</span> <span class='ocrx_word' id='word_1_257' title='bbox 1663 2815 1692 2869; x_wconf 83' lang='grc' dir='ltr'><strong>ό</strong></span> <span class='ocrx_word' id='word_1_258' title='bbox 1716 2817 1825 2871; x_wconf 85' lang='grc' dir='ltr'><strong>Σα-</strong></span> 
     </span>
    </p>
   </div>
   <div class='ocr_carea' id='block_1_43' title="bbox 226 2894 1820 2975">
    <p class='ocr_par' dir='ltr' id='par_1_43' title="bbox 226 2894 1820 2975">
     <span class='ocr_line' id='line_1_43' title="bbox 226 2894 1820 2975; baseline 0.007 -28"><span class='ocrx_word' id='word_1_259' title='bbox 226 2894 396 2957; x_wconf 80' lang='grc' dir='ltr'>τανᾶς</span> <span class='ocrx_word' id='word_1_260' title='bbox 418 2894 513 2947; x_wconf 79' lang='grc' dir='ltr'>καὶ</span> <span class='ocrx_word' id='word_1_261' title='bbox 546 2894 786 2966; x_wconf 86' lang='grc' dir='ltr'>δράκων,</span> <span class='ocrx_word' id='word_1_262' title='bbox 814 2895 843 2948; x_wconf 89' lang='grc' dir='ltr'>ὁ</span> <span class='ocrx_word' id='word_1_263' title='bbox 871 2896 973 2967; x_wconf 82' lang='grc' dir='ltr'>τὴν</span> <span class='ocrx_word' id='word_1_264' title='bbox 1020 2897 1178 2967; x_wconf 81' lang='grc' dir='ltr'>ίσχύν</span> <span class='ocrx_word' id='word_1_265' title='bbox 1235 2897 1325 2950; x_wconf 76' lang='grc' dir='ltr'><strong>ἐπ’</strong></span> <span class='ocrx_word' id='word_1_266' title='bbox 1376 2900 1583 2969; x_wconf 81' lang='grc' dir='ltr'>ὀσφύος</span> <span class='ocrx_word' id='word_1_267' title='bbox 1615 2919 1820 2975; x_wconf 84' lang='grc' dir='ltr'>κεκτη-</span> 
     </span>
    </p>
   </div>
   <div class='ocr_carea' id='block_1_44' title="bbox 233 2984 1821 3065">
    <p class='ocr_par' dir='ltr' id='par_1_44' title="bbox 233 2984 1821 3065">
     <span class='ocr_line' id='line_1_44' title="bbox 233 2984 1821 3065; baseline 0.009 -28"><span class='ocrx_word' id='word_1_268' title='bbox 233 2985 416 3057; x_wconf 79' lang='grc' dir='ltr'>μένος,</span> <span class='ocrx_word' id='word_1_269' title='bbox 436 2984 549 3065; x_wconf 74' lang='grc' dir='ltr'>τὴν</span> <span class='ocrx_word' id='word_1_270' title='bbox 577 2987 634 3040; x_wconf 83' lang='grc' dir='ltr'>δὲ</span> <span class='ocrx_word' id='word_1_271' title='bbox 660 2986 894 3059; x_wconf 83' lang='grc' dir='ltr'>δύναμιν</span> <span class='ocrx_word' id='word_1_272' title='bbox 919 2989 1086 3043; x_wconf 82' lang='grc' dir='ltr'>αὐτοῦ</span> <span class='ocrx_word' id='word_1_273' title='bbox 1105 2989 1205 3060; x_wconf 80' lang='grc' dir='ltr'><strong>τὴν</strong></span> <span class='ocrx_word' id='word_1_274' title='bbox 1232 2991 1439 3064; x_wconf 78' lang='grc' dir='ltr'>μεστὴν</span> <span class='ocrx_word' id='word_1_275' title='bbox 1464 2991 1821 3065; x_wconf 82' lang='grc' dir='ltr'>βδελυγμίας,</span> 
     </span>
    </p>
   </div>
   <div class='ocr_carea' id='block_1_45' title="bbox 228 3064 1834 3159">
    <p class='ocr_par' dir='ltr' id='par_1_45' title="bbox 228 3064 1834 3159">
     <span class='ocr_line' id='line_1_45' title="bbox 228 3064 1834 3159; baseline 0.007 -26"><span class='ocrx_word' id='word_1_276' title='bbox 228 3081 318 3133; x_wconf 74' lang='grc' dir='ltr'><strong>ἔπ’</strong></span> <span class='ocrx_word' id='word_1_277' title='bbox 366 3064 633 3157; x_wconf 25' lang='grc' dir='ltr'>ὀμφαλοῦ.</span> <span class='ocrx_word' id='word_1_278' title='bbox 655 3081 753 3151; x_wconf 87' lang='grc' dir='ltr'><strong>τῆς</strong></span> <span class='ocrx_word' id='word_1_279' title='bbox 784 3082 1025 3153; x_wconf 88' lang='grc' dir='ltr'>γαστρός</span> <span class='ocrx_word' id='word_1_280' title='bbox 1045 3099 1060 3115; x_wconf 77' lang='grc' dir='ltr'><strong>ο</strong></span> <span class='ocrx_word' id='word_1_281' title='bbox 1096 3083 1197 3157; x_wconf 86' lang='grc' dir='ltr'><strong>οὐχ</strong></span> <span class='ocrx_word' id='word_1_282' title='bbox 1241 3082 1358 3149; x_wconf 74' lang='grc' dir='ltr'>ἕξις</span> <span class='ocrx_word' id='word_1_283' title='bbox 1386 3087 1622 3159; x_wconf 78' lang='grc' dir='ltr'>κακίστη</span> <span class='ocrx_word' id='word_1_284' title='bbox 1644 3064 1834 3144; x_wconf 26' lang='grc' dir='ltr'>θάτολυ..</span> 
     </span>
    </p>
   </div>
   <div class='ocr_carea' id='block_1_46' title="bbox 228 3168 1641 3251">
    <p class='ocr_par' dir='ltr' id='par_1_46' title="bbox 228 3168 1641 3251">
     <span class='ocr_line' id='line_1_46' title="bbox 228 3168 1641 3251; baseline 0.008 -29"><span class='ocrx_word' id='word_1_285' title='bbox 228 3168 411 3241; x_wconf 81' lang='grc' dir='ltr'>παθής</span> <span class='ocrx_word' id='word_1_286' title='bbox 438 3186 454 3202; x_wconf 69' lang='grc' dir='ltr'><em>υ</em></span> <span class='ocrx_word' id='word_1_287' title='bbox 483 3171 545 3225; x_wconf 92' lang='grc' dir='ltr'><strong>οὐ</strong></span> <span class='ocrx_word' id='word_1_288' title='bbox 580 3173 840 3245; x_wconf 79' lang='grc' dir='ltr'>συνήθεια</span> <span class='ocrx_word' id='word_1_289' title='bbox 871 3176 1144 3248; x_wconf 76' lang='grc' dir='ltr'>πολυετὴς</span> <span class='ocrx_word' id='word_1_290' title='bbox 1179 3193 1241 3237; x_wconf 86' lang='grc' dir='ltr'><strong>τε</strong></span> <span class='ocrx_word' id='word_1_291' title='bbox 1274 3178 1369 3234; x_wconf 77' lang='grc' dir='ltr'>καὶ</span> <span class='ocrx_word' id='word_1_292' title='bbox 1400 3176 1641 3251; x_wconf 85' lang='grc' dir='ltr'>χρόνιος.</span> 
     </span>
    </p>
   </div>
   <div class='ocr_carea' id='block_1_47' title="bbox 299 3263 1896 3369">
    <p class='ocr_par' dir='ltr' id='par_1_47' title="bbox 299 3263 1896 3369">
     <span class='ocr_line' id='line_1_47' title="bbox 299 3263 1896 3369; baseline 0.008 -53"><span class='ocrx_word' id='word_1_293' title='bbox 299 3263 376 3317; x_wconf 91' lang='grc' dir='ltr'>Οὐ</span> <span class='ocrx_word' id='word_1_294' title='bbox 416 3266 804 3336; x_wconf 84' lang='grc' dir='ltr'>περιποιητὲον</span> <span class='ocrx_word' id='word_1_295' title='bbox 828 3267 961 3338; x_wconf 81' lang='grc' dir='ltr'>ἡμῖν</span> <span class='ocrx_word' id='word_1_296' title='bbox 981 3267 1105 3332; x_wconf 70' lang='grc' dir='ltr'>τοὺς</span> <span class='ocrx_word' id='word_1_297' title='bbox 1132 3267 1467 3341; x_wconf 77' lang='grc' dir='ltr'>ἀρέσκοντας</span> <span class='ocrx_word' id='word_1_298' title='bbox 1489 3269 1566 3341; x_wconf 85' lang='grc' dir='ltr'><strong>τῷ</strong></span> <span class='ocrx_word' id='word_1_299' title='bbox 1588 3270 1822 3346; x_wconf 84' lang='grc' dir='ltr'>διαϐόλῳ</span> <span class='ocrx_word' id='word_1_300' title='bbox 1852 3310 1896 3369; x_wconf 76' lang='lat' dir='ltr'>c</span> 
     </span>
    </p>
   </div>
   <div class='ocr_carea' id='block_1_48' title="bbox 224 3358 1822 3435">
    <p class='ocr_par' dir='ltr' id='par_1_48' title="bbox 224 3358 1822 3435">
     <span class='ocr_line' id='line_1_48' title="bbox 224 3358 1822 3435; baseline 0.006 -25"><span class='ocrx_word' id='word_1_301' title='bbox 224 3358 545 3429; x_wconf 79' lang='grc' dir='ltr'>λογισμοὺς,</span> <span class='ocrx_word' id='word_1_302' title='bbox 576 3358 714 3414; x_wconf 87' lang='grc' dir='ltr'><strong>ἀλλά</strong></span> <span class='ocrx_word' id='word_1_303' title='bbox 748 3359 1070 3430; x_wconf 78' lang='grc' dir='ltr'>ἀναιρετέον</span> <span class='ocrx_word' id='word_1_304' title='bbox 1103 3362 1169 3433; x_wconf 82' lang='grc' dir='ltr'>τῇ</span> <span class='ocrx_word' id='word_1_305' title='bbox 1202 3361 1297 3415; x_wconf 79' lang='grc' dir='ltr'>τοῦ</span> <span class='ocrx_word' id='word_1_306' title='bbox 1328 3362 1477 3417; x_wconf 80' lang='grc' dir='ltr'>θείου</span> <span class='ocrx_word' id='word_1_307' title='bbox 1506 3362 1671 3435; x_wconf 83' lang='grc' dir='ltr'>λόγου</span> <span class='ocrx_word' id='word_1_308' title='bbox 1714 3383 1822 3420; x_wconf 86' lang='grc' dir='ltr'>πα-</span> 
     </span>
    </p>
   </div>
   <div class='ocr_carea' id='block_1_49' title="bbox 226 3448 494 3524">
    <p class='ocr_par' dir='ltr' id='par_1_49' title="bbox 226 3448 494 3524">
     <span class='ocr_line' id='line_1_49' title="bbox 226 3448 494 3524; baseline 0.011 -21"><span class='ocrx_word' id='word_1_309' title='bbox 226 3448 494 3524; x_wconf 82' lang='grc' dir='ltr'>ραξιφίδι.</span> 
     </span>
    </p>
   </div>
   <div class='ocr_carea' id='block_1_50' title="bbox 309 3547 1823 3621">
    <p class='ocr_par' dir='ltr' id='par_1_50' title="bbox 309 3547 1823 3621">
     <span class='ocr_line' id='line_1_50' title="bbox 309 3547 1823 3621; baseline 0.003 -19"><span class='ocrx_word' id='word_1_310' title='bbox 309 3548 372 3602; x_wconf 84' lang='grc' dir='ltr'><strong><em>Ἠ</em></strong></span> <span class='ocrx_word' id='word_1_311' title='bbox 399 3547 573 3621; x_wconf 74' lang='grc' dir='ltr'>ψυχὴ</span> <span class='ocrx_word' id='word_1_312' title='bbox 615 3547 804 3617; x_wconf 77' lang='grc' dir='ltr'>ἡμῶν,</span> <span class='ocrx_word' id='word_1_313' title='bbox 852 3548 1042 3619; x_wconf 76' lang='grc' dir='ltr'>φησὶν,</span> <span class='ocrx_word' id='word_1_314' title='bbox 1071 3548 1153 3613; x_wconf 84' lang='grc' dir='ltr'>ὡς</span> <span class='ocrx_word' id='word_1_315' title='bbox 1202 3548 1530 3618; x_wconf 74' lang='grc' dir='ltr'>στρουθίον</span> <span class='ocrx_word' id='word_1_316' title='bbox 1556 3549 1823 3619; x_wconf 77' lang='grc' dir='ltr'>ἐρῤύσθη</span> 
     </span>
    </p>
   </div>
   <div class='ocr_carea' id='block_1_51' title="bbox 223 3638 1837 3719">
    <p class='ocr_par' dir='ltr' id='par_1_51' title="bbox 223 3638 1837 3719">
     <span class='ocr_line' id='line_1_51' title="bbox 223 3638 1837 3719; baseline 0.002 -24"><span class='ocrx_word' id='word_1_317' title='bbox 223 3641 295 3695; x_wconf 81' lang='grc' dir='ltr'>ἐκ</span> <span class='ocrx_word' id='word_1_318' title='bbox 318 3638 431 3710; x_wconf 84' lang='grc' dir='ltr'>τῆς</span> <span class='ocrx_word' id='word_1_319' title='bbox 465 3640 719 3713; x_wconf 72' lang='grc' dir='ltr'>παγίδος</span> <span class='ocrx_word' id='word_1_320' title='bbox 751 3640 873 3696; x_wconf 84' lang='grc' dir='ltr'>τῶν</span> <span class='ocrx_word' id='word_1_321' title='bbox 892 3641 1272 3713; x_wconf 75' lang='grc' dir='ltr'>θηρευόντων</span> <span class='ocrx_word' id='word_1_322' title='bbox 1293 3641 1586 3715; x_wconf 86' lang='grc' dir='ltr'>δαιμόνων.</span> <span class='ocrx_word' id='word_1_323' title='bbox 1616 3644 1837 3719; x_wconf 82' lang='grc' dir='ltr'>Ὥσπερ</span> 
     </span>
    </p>
   </div>
   <div class='ocr_carea' id='block_1_52' title="bbox 224 3731 1825 3809">
    <p class='ocr_par' dir='ltr' id='par_1_52' title="bbox 224 3731 1825 3809">
     <span class='ocr_line' id='line_1_52' title="bbox 224 3731 1825 3809; baseline 0.002 -22"><span class='ocrx_word' id='word_1_324' title='bbox 224 3733 338 3806; x_wconf 75' lang='grc' dir='ltr'><strong>γὰρ</strong></span> <span class='ocrx_word' id='word_1_325' title='bbox 361 3733 429 3787; x_wconf 87' lang='grc' dir='ltr'><strong>τά</strong></span> <span class='ocrx_word' id='word_1_326' title='bbox 459 3732 724 3806; x_wconf 89' lang='grc' dir='ltr'>στρουθία</span> <span class='ocrx_word' id='word_1_327' title='bbox 752 3731 843 3787; x_wconf 77' lang='grc' dir='ltr'><strong>διὰ</strong></span> <span class='ocrx_word' id='word_1_328' title='bbox 870 3733 969 3804; x_wconf 84' lang='grc' dir='ltr'>τῆς</span> <span class='ocrx_word' id='word_1_329' title='bbox 990 3732 1102 3789; x_wconf 88' lang='grc' dir='ltr'><strong>τῶν</strong></span> <span class='ocrx_word' id='word_1_330' title='bbox 1130 3733 1351 3804; x_wconf 85' lang='grc' dir='ltr'>πτερῶν</span> <span class='ocrx_word' id='word_1_331' title='bbox 1393 3735 1665 3807; x_wconf 76' lang='grc' dir='ltr'>κινήσεως</span> <span class='ocrx_word' id='word_1_332' title='bbox 1693 3754 1825 3809; x_wconf 87' lang='grc' dir='ltr'>μετ-</span> 
     </span>
    </p>
   </div>
   <div class='ocr_carea' id='block_1_53' title="bbox 224 3818 1827 3901">
    <p class='ocr_par' dir='ltr' id='par_1_53' title="bbox 224 3818 1827 3901">
     <span class='ocr_line' id='line_1_53' title="bbox 224 3818 1827 3901; baseline 0.004 -26"><span class='ocrx_word' id='word_1_333' title='bbox 224 3818 401 3897; x_wconf 83' lang='grc' dir='ltr'>άρσια</span> <span class='ocrx_word' id='word_1_334' title='bbox 432 3822 644 3894; x_wconf 88' lang='grc' dir='ltr'>γίνεται</span> <span class='ocrx_word' id='word_1_335' title='bbox 694 3823 810 3878; x_wconf 80' lang='grc' dir='ltr'><strong>ἀνω</strong></span> <span class='ocrx_word' id='word_1_336' title='bbox 844 3824 946 3898; x_wconf 80' lang='grc' dir='ltr'>τῆς</span> <span class='ocrx_word' id='word_1_337' title='bbox 998 3822 1123 3896; x_wconf 80' lang='grc' dir='ltr'>γῆς,</span> <span class='ocrx_word' id='word_1_338' title='bbox 1176 3823 1324 3880; x_wconf 76' lang='grc' dir='ltr'>οὕτω</span> <span class='ocrx_word' id='word_1_339' title='bbox 1356 3826 1452 3880; x_wconf 74' lang='grc' dir='ltr'>καὶ</span> <span class='ocrx_word' id='word_1_340' title='bbox 1491 3827 1521 3879; x_wconf 87' lang='grc' dir='ltr'>ὁ</span> <span class='ocrx_word' id='word_1_341' title='bbox 1565 3824 1827 3901; x_wconf 86' lang='grc' dir='ltr'>θεοσεϐὴς</span> 
     </span>
    </p>
   </div>
   <div class='ocr_carea' id='block_1_54' title="bbox 224 3915 1827 3992">
    <p class='ocr_par' dir='ltr' id='par_1_54' title="bbox 224 3915 1827 3992">
     <span class='ocr_line' id='line_1_54' title="bbox 224 3915 1827 3992; baseline 0.004 -21"><span class='ocrx_word' id='word_1_342' title='bbox 224 3915 524 3989; x_wconf 81' lang='grc' dir='ltr'>ἄνθρωπος</span> <span class='ocrx_word' id='word_1_343' title='bbox 567 3917 675 3973; x_wconf 78' lang='grc' dir='ltr'>ἀπὸ</span> <span class='ocrx_word' id='word_1_344' title='bbox 706 3916 816 3973; x_wconf 89' lang='grc' dir='ltr'><strong>τῶν</strong></span> <span class='ocrx_word' id='word_1_345' title='bbox 848 3916 1114 3988; x_wconf 76' lang='grc' dir='ltr'>ἐπιγείων</span> <span class='ocrx_word' id='word_1_346' title='bbox 1144 3918 1285 3991; x_wconf 81' lang='grc' dir='ltr'>πρὸς</span> <span class='ocrx_word' id='word_1_347' title='bbox 1310 3918 1381 3974; x_wconf 82' lang='grc' dir='ltr'><strong>τὰ</strong></span> <span class='ocrx_word' id='word_1_348' title='bbox 1406 3918 1708 3992; x_wconf 75' lang='grc' dir='ltr'>ἐπουράνια</span> <span class='ocrx_word' id='word_1_349' title='bbox 1739 3920 1827 3977; x_wconf 81' lang='grc' dir='ltr'><strong>διὰ</strong></span> 
     </span>
    </p>
   </div>
   <div class='ocr_carea' id='block_1_55' title="bbox 226 4010 1186 4085">
    <p class='ocr_par' dir='ltr' id='par_1_55' title="bbox 226 4010 1186 4085">
     <span class='ocr_line' id='line_1_55' title="bbox 226 4010 1186 4085; baseline 0.003 -20"><span class='ocrx_word' id='word_1_350' title='bbox 226 4010 554 4085; x_wconf 85' lang='grc' dir='ltr'>προσευχῶν</span> <span class='ocrx_word' id='word_1_351' title='bbox 581 4010 942 4085; x_wconf 85' lang='grc' dir='ltr'>μετατίθησιν</span> <span class='ocrx_word' id='word_1_352' title='bbox 972 4012 1186 4068; x_wconf 81' lang='grc' dir='ltr'>ἑαυτόν.</span> 
     </span>
    </p>
   </div>
   <div class='ocr_carea' id='block_1_56' title="bbox 250 4088 1826 4181">
    <p class='ocr_par' dir='ltr' id='par_1_56' title="bbox 250 4088 1826 4181">
     <span class='ocr_line' id='line_1_56' title="bbox 250 4088 1826 4181; baseline 0.006 -25"><span class='ocrx_word' id='word_1_353' title='bbox 250 4088 253 4093; x_wconf 51' lang='grc'><em>’</em></span> <span class='ocrx_word' id='word_1_354' title='bbox 300 4102 347 4155; x_wconf 84' lang='grc' dir='ltr'><strong>Τ</strong></span> <span class='ocrx_word' id='word_1_355' title='bbox 350 4104 416 4172; x_wconf 80' lang='grc' dir='ltr'>ὴν</span> <span class='ocrx_word' id='word_1_356' title='bbox 440 4103 677 4176; x_wconf 74' lang='grc' dir='ltr'>ἳύναμιν</span> <span class='ocrx_word' id='word_1_357' title='bbox 707 4103 982 4177; x_wconf 76' lang='grc' dir='ltr'>πληροῦτε</span> <span class='ocrx_word' id='word_1_358' title='bbox 1013 4104 1116 4176; x_wconf 85' lang='grc' dir='ltr'>τῆς</span> <span class='ocrx_word' id='word_1_359' title='bbox 1153 4107 1491 4178; x_wconf 72' lang='grc' dir='ltr'>προσευχῆς.</span> <span class='ocrx_word' id='word_1_360' title='bbox 1545 4109 1685 4164; x_wconf 81' lang='grc' dir='ltr'>Εἴτε</span> <span class='ocrx_word' id='word_1_361' title='bbox 1717 4108 1826 4181; x_wconf 86' lang='grc' dir='ltr'><strong>γὰρ</strong></span> 
     </span>
    </p>
   </div>
   <div class='ocr_carea' id='block_1_57' title="bbox 221 4190 1830 4271">
    <p class='ocr_par' dir='ltr' id='par_1_57' title="bbox 221 4190 1830 4271">
     <span class='ocr_line' id='line_1_57' title="bbox 221 4190 1830 4271; baseline 0.002 -18"><span class='ocrx_word' id='word_1_362' title='bbox 221 4197 484 4271; x_wconf 78' lang='grc' dir='ltr'>ἐσθίετε,</span> <span class='ocrx_word' id='word_1_363' title='bbox 514 4199 702 4271; x_wconf 78' lang='grc' dir='ltr'>φησὶν,</span> <span class='ocrx_word' id='word_1_364' title='bbox 728 4197 850 4253; x_wconf 79' lang='grc' dir='ltr'>εἴτε</span> <span class='ocrx_word' id='word_1_365' title='bbox 870 4199 1098 4269; x_wconf 58' lang='grc' dir='ltr'>πίνετε,</span> <span class='ocrx_word' id='word_1_366' title='bbox 1126 4198 1248 4267; x_wconf 68' lang='lat' dir='ltr'><strong>alte</strong></span> <span class='ocrx_word' id='word_1_367' title='bbox 1270 4201 1331 4267; x_wconf 71' lang='grc' dir='ltr'>τι</span> <span class='ocrx_word' id='word_1_368' title='bbox 1354 4200 1597 4268; x_wconf 81' lang='grc' dir='ltr'>ποιεῖτε,</span> <span class='ocrx_word' id='word_1_369' title='bbox 1631 4190 1830 4257; x_wconf 64' lang='grc' dir='ltr'>πάντα</span> 
     </span>
    </p>
   </div>
   <div class='ocr_carea' id='block_1_58' title="bbox 219 4286 1827 4365">
    <p class='ocr_par' dir='ltr' id='par_1_58' title="bbox 219 4286 1827 4365">
     <span class='ocr_line' id='line_1_58' title="bbox 219 4286 1827 4365; baseline -0.001 -17"><span class='ocrx_word' id='word_1_370' title='bbox 219 4286 317 4360; x_wconf 71' lang='grc' dir='ltr'>εἰς</span> <span class='ocrx_word' id='word_1_371' title='bbox 340 4288 534 4358; x_wconf 79' lang='grc' dir='ltr'>δόξαν</span> <span class='ocrx_word' id='word_1_372' title='bbox 553 4292 702 4348; x_wconf 85' lang='grc' dir='ltr'>Θεοῦ</span> <span class='ocrx_word' id='word_1_373' title='bbox 724 4292 967 4347; x_wconf 81' lang='grc' dir='ltr'>ποιεῖτε.</span> <span class='ocrx_word' id='word_1_374' title='bbox 985 4292 1376 4364; x_wconf 80' lang='grc' dir='ltr'>Καθεζόμενος</span> <span class='ocrx_word' id='word_1_375' title='bbox 1400 4292 1495 4347; x_wconf 76' lang='grc' dir='ltr'><strong>ἐπὶ</strong></span> <span class='ocrx_word' id='word_1_376' title='bbox 1517 4292 1827 4365; x_wconf 75' lang='grc' dir='ltr'>τραπέζης,</span> 
     </span>
    </p>
   </div>
   <div class='ocr_carea' id='block_1_59' title="bbox 223 4382 1826 4459">
    <p class='ocr_par' dir='ltr' id='par_1_59' title="bbox 223 4382 1826 4459">
     <span class='ocr_line' id='line_1_59' title="bbox 223 4382 1826 4459; baseline 0.001 -21"><span class='ocrx_word' id='word_1_377' title='bbox 223 4383 573 4458; x_wconf 84' lang='grc' dir='ltr'>προσεύχου·</span> <span class='ocrx_word' id='word_1_378' title='bbox 607 4385 1057 4457; x_wconf 76' lang='grc' dir='ltr'>προσφερόμενος</span> <span class='ocrx_word' id='word_1_379' title='bbox 1092 4384 1186 4440; x_wconf 82' lang='grc' dir='ltr'>τὸν</span> <span class='ocrx_word' id='word_1_380' title='bbox 1233 4382 1540 4459; x_wconf 60' lang='grc' dir='ltr'>ἄρτον,τῷ</span> <span class='ocrx_word' id='word_1_381' title='bbox 1568 4386 1826 4459; x_wconf 75' lang='grc' dir='ltr'>δεδωκότι</span> 
     </span>
    </p>
   </div>
   <div class='ocr_carea' id='block_1_60' title="bbox 220 4477 1827 4552">
    <p class='ocr_par' dir='ltr' id='par_1_60' title="bbox 220 4477 1827 4552">
     <span class='ocr_line' id='line_1_60' title="bbox 220 4477 1827 4552; baseline 0.002 -22"><span class='ocrx_word' id='word_1_382' title='bbox 220 4478 330 4549; x_wconf 81' lang='grc' dir='ltr'>τὴν</span> <span class='ocrx_word' id='word_1_383' title='bbox 358 4478 523 4550; x_wconf 78' lang='grc' dir='ltr'>χάριν</span> <span class='ocrx_word' id='word_1_384' title='bbox 549 4477 899 4550; x_wconf 69' lang='grc' dir='ltr'>ἀποκλήρου.</span> <span class='ocrx_word' id='word_1_385' title='bbox 933 4477 1222 4550; x_wconf 84' lang='grc' dir='ltr'>Παρῆλθεν</span> <span class='ocrx_word' id='word_1_386' title='bbox 1268 4478 1302 4550; x_wconf 83' lang='grc' dir='ltr'>ἠ</span> <span class='ocrx_word' id='word_1_387' title='bbox 1334 4479 1496 4551; x_wconf 86' lang='grc' dir='ltr'>χρεία</span> <span class='ocrx_word' id='word_1_388' title='bbox 1525 4479 1635 4534; x_wconf 84' lang='grc' dir='ltr'><strong>τῶν</strong></span> <span class='ocrx_word' id='word_1_389' title='bbox 1683 4479 1827 4552; x_wconf 84' lang='grc' dir='ltr'>βρω-</span> 
     </span>
    </p>
   </div>
   <div class='ocr_carea' id='block_1_61' title="bbox 225 4568 1817 4645">
    <p class='ocr_par' dir='ltr' id='par_1_61' title="bbox 225 4568 1817 4645">
     <span class='ocr_line' id='line_1_61' title="bbox 225 4568 1817 4645; baseline 0.001 -21"><span class='ocrx_word' id='word_1_390' title='bbox 225 4570 424 4643; x_wconf 80' lang='grc' dir='ltr'>μάτων</span> <span class='ocrx_word' id='word_1_391' title='bbox 455 4589 468 4636; x_wconf 91' lang='grc'><strong>;</strong></span> <span class='ocrx_word' id='word_1_392' title='bbox 504 4568 545 4640; x_wconf 80' lang='grc' dir='ltr'>η’</span> <span class='ocrx_word' id='word_1_393' title='bbox 572 4570 760 4642; x_wconf 83' lang='grc' dir='ltr'>μέντοι</span> <span class='ocrx_word' id='word_1_394' title='bbox 803 4571 1001 4643; x_wconf 81' lang='grc' dir='ltr'>μνήμη</span> <span class='ocrx_word' id='word_1_395' title='bbox 1030 4571 1124 4626; x_wconf 81' lang='grc' dir='ltr'>τοῦ</span> <span class='ocrx_word' id='word_1_396' title='bbox 1177 4573 1474 4645; x_wconf 75' lang='grc' dir='ltr'>εὐεργέτου</span> <span class='ocrx_word' id='word_1_397' title='bbox 1510 4572 1587 4645; x_wconf 87' lang='grc' dir='ltr'>μὴ</span> <span class='ocrx_word' id='word_1_398' title='bbox 1613 4590 1817 4644; x_wconf 68' lang='grc' dir='ltr'>παρερρ</span> 
     </span>
    </p>
   </div>
   <div class='ocr_carea' id='block_1_62' title="bbox 1929 2065 3269 2136">
    <p class='ocr_par' dir='ltr' id='par_1_62' title="bbox 1929 2065 3269 2136">
     <span class='ocr_line' id='line_1_62' title="bbox 1929 2065 3269 2136; baseline 0.006 -20"><span class='ocrx_word' id='word_1_399' title='bbox 1929 2068 2149 2134; x_wconf 85' lang='lat' dir='ltr'><strong>tamque</strong></span> <span class='ocrx_word' id='word_1_400' title='bbox 2182 2065 2425 2136; x_wconf 78' lang='lat' dir='ltr'><strong>vigiliam</strong></span> <span class='ocrx_word' id='word_1_401' title='bbox 2459 2067 2655 2124; x_wconf 89' lang='lat' dir='ltr'><strong>tollere</strong></span> <span class='ocrx_word' id='word_1_402' title='bbox 2683 2068 2754 2124; x_wconf 88' lang='lat' dir='ltr'><strong>de</strong></span> <span class='ocrx_word' id='word_1_403' title='bbox 2794 2069 2978 2125; x_wconf 87' lang='lat' dir='ltr'><strong>medio</strong></span> <span class='ocrx_word' id='word_1_404' title='bbox 3012 2068 3269 2127; x_wconf 80' lang='lat' dir='ltr'><strong>festines.</strong></span> 
     </span>
    </p>
   </div>
   <div class='ocr_carea' id='block_1_63' title="bbox 1998 2153 3520 2231">
    <p class='ocr_par' dir='ltr' id='par_1_63' title="bbox 1998 2153 3520 2231">
     <span class='ocr_line' id='line_1_63' title="bbox 1998 2153 3520 2231; baseline 0.005 -22"><span class='ocrx_word' id='word_1_405' title='bbox 1998 2153 2116 2212; x_wconf 85' lang='lat' dir='ltr'><strong>Hoc</strong></span> <span class='ocrx_word' id='word_1_406' title='bbox 2158 2159 2367 2215; x_wconf 88' lang='lat' dir='ltr'><strong>rescias</strong></span> <span class='ocrx_word' id='word_1_407' title='bbox 2400 2158 2587 2225; x_wconf 82' lang='lat' dir='ltr'><strong>velim,</strong></span> <span class='ocrx_word' id='word_1_408' title='bbox 2624 2174 2713 2217; x_wconf 88' lang='lat' dir='ltr'><strong>me</strong></span> <span class='ocrx_word' id='word_1_409' title='bbox 2758 2161 3029 2231; x_wconf 90' lang='lat' dir='ltr'><strong>quosdam</strong></span> <span class='ocrx_word' id='word_1_410' title='bbox 3064 2162 3133 2218; x_wconf 88' lang='lat' dir='ltr'><strong>ad</strong></span> <span class='ocrx_word' id='word_1_411' title='bbox 3175 2168 3520 2219; x_wconf 87' lang='lat' dir='ltr'><strong>senectutem</strong></span> 
     </span>
    </p>
   </div>
   <div class='ocr_carea' id='block_1_64' title="bbox 1926 2253 3522 2328">
    <p class='ocr_par' dir='ltr' id='par_1_64' title="bbox 1926 2253 3522 2328">
     <span class='ocr_line' id='line_1_64' title="bbox 1926 2253 3522 2328; baseline 0.002 -21"><span class='ocrx_word' id='word_1_412' title='bbox 1926 2264 2104 2321; x_wconf 82' lang='lat' dir='ltr'><strong>usque</strong></span> <span class='ocrx_word' id='word_1_413' title='bbox 2136 2258 2430 2322; x_wconf 85' lang='lat' dir='ltr'><strong>provectos</strong></span> <span class='ocrx_word' id='word_1_414' title='bbox 2461 2266 2650 2319; x_wconf 87' lang='lat' dir='ltr'><strong>nosse,</strong></span> <span class='ocrx_word' id='word_1_415' title='bbox 2679 2253 2773 2325; x_wconf 87' lang='lat' dir='ltr'><strong>qui</strong></span> <span class='ocrx_word' id='word_1_416' title='bbox 2810 2268 2908 2325; x_wconf 87' lang='lat' dir='ltr'><strong>per</strong></span> <span class='ocrx_word' id='word_1_417' title='bbox 2942 2255 3255 2312; x_wconf 89' lang='lat' dir='ltr'><strong>orationem</strong></span> <span class='ocrx_word' id='word_1_418' title='bbox 3288 2261 3344 2311; x_wconf 89' lang='lat' dir='ltr'><strong>et</strong></span> <span class='ocrx_word' id='word_1_419' title='bbox 3362 2269 3522 2328; x_wconf 84' lang='lat' dir='ltr'><strong>spem</strong></span> 
     </span>
    </p>
   </div>
   <div class='ocr_carea' id='block_1_65' title="bbox 1926 2343 3234 2417">
    <p class='ocr_par' dir='ltr' id='par_1_65' title="bbox 1926 2343 3234 2417">
     <span class='ocr_line' id='line_1_65' title="bbox 1926 2343 3234 2417; baseline 0.002 -19"><span class='ocrx_word' id='word_1_420' title='bbox 1926 2343 2097 2399; x_wconf 89' lang='lat' dir='ltr'><strong>robur</strong></span> <span class='ocrx_word' id='word_1_421' title='bbox 2125 2343 2424 2399; x_wconf 82' lang='lat' dir='ltr'><strong>maximum</strong></span> <span class='ocrx_word' id='word_1_422' title='bbox 2462 2345 2732 2417; x_wconf 78' lang='lat' dir='ltr'><strong>divinitus</strong></span> <span class='ocrx_word' id='word_1_423' title='bbox 2765 2348 3049 2403; x_wconf 90' lang='lat' dir='ltr'><strong>consecuti</strong></span> <span class='ocrx_word' id='word_1_424' title='bbox 3081 2357 3234 2405; x_wconf 83' lang='lat' dir='ltr'><strong>sunt.</strong></span> 
     </span>
    </p>
   </div>
   <div class='ocr_carea' id='block_1_66' title="bbox 1995 2435 3521 2511">
    <p class='ocr_par' dir='ltr' id='par_1_66' title="bbox 1995 2435 3521 2511">
     <span class='ocr_line' id='line_1_66' title="bbox 1995 2435 3521 2511; baseline 0.002 -20"><span class='ocrx_word' id='word_1_425' title='bbox 1995 2435 2143 2491; x_wconf 84' lang='lat' dir='ltr'><strong>Nihil</strong></span> <span class='ocrx_word' id='word_1_426' title='bbox 2188 2450 2420 2507; x_wconf 86' lang='lat' dir='ltr'><strong>prorsus</strong></span> <span class='ocrx_word' id='word_1_427' title='bbox 2447 2435 2561 2494; x_wconf 89' lang='lat' dir='ltr'><strong>Deo</strong></span> <span class='ocrx_word' id='word_1_428' title='bbox 2607 2437 2875 2494; x_wconf 85' lang='lat' dir='ltr'><strong>reluctari</strong></span> <span class='ocrx_word' id='word_1_429' title='bbox 2909 2446 3107 2511; x_wconf 86' lang='lat' dir='ltr'><strong>potest,</strong></span> <span class='ocrx_word' id='word_1_430' title='bbox 3137 2454 3253 2496; x_wconf 89' lang='lat' dir='ltr'><strong>non</strong></span> <span class='ocrx_word' id='word_1_431' title='bbox 3280 2447 3521 2510; x_wconf 88' lang='lat' dir='ltr'><strong>tempus,</strong></span> 
     </span>
    </p>
   </div>
   <div class='ocr_carea' id='block_1_67' title="bbox 1926 2524 3525 2598">
    <p class='ocr_par' dir='ltr' id='par_1_67' title="bbox 1926 2524 3525 2598">
     <span class='ocr_line' id='line_1_67' title="bbox 1926 2524 3525 2598; baseline 0.004 -20"><span class='ocrx_word' id='word_1_432' title='bbox 1926 2538 2037 2579; x_wconf 92' lang='lat' dir='ltr'><strong>non</strong></span> <span class='ocrx_word' id='word_1_433' title='bbox 2072 2524 2252 2589; x_wconf 87' lang='lat' dir='ltr'><strong>locus,</strong></span> <span class='ocrx_word' id='word_1_434' title='bbox 2284 2538 2397 2580; x_wconf 89' lang='lat' dir='ltr'><strong>non</strong></span> <span class='ocrx_word' id='word_1_435' title='bbox 2434 2526 2717 2598; x_wconf 79' lang='lat' dir='ltr'><strong>negotium</strong></span> <span class='ocrx_word' id='word_1_436' title='bbox 2755 2529 2957 2598; x_wconf 87' lang='lat' dir='ltr'><strong>ullum,</strong></span> <span class='ocrx_word' id='word_1_437' title='bbox 2985 2544 3097 2585; x_wconf 87' lang='lat' dir='ltr'><strong>non</strong></span> <span class='ocrx_word' id='word_1_438' title='bbox 3137 2530 3380 2587; x_wconf 86' lang='lat' dir='ltr'><strong>fremens</strong></span> <span class='ocrx_word' id='word_1_439' title='bbox 3401 2530 3525 2586; x_wconf 89' lang='lat' dir='ltr'><strong>dia-</strong></span> 
     </span>
    </p>
   </div>
   <div class='ocr_carea' id='block_1_68' title="bbox 1926 2614 3526 2691">
    <p class='ocr_par' dir='ltr' id='par_1_68' title="bbox 1926 2614 3526 2691">
     <span class='ocr_line' id='line_1_68' title="bbox 1926 2614 3526 2691; baseline 0.004 -21"><span class='ocrx_word' id='word_1_440' title='bbox 1926 2614 2106 2681; x_wconf 86' lang='lat' dir='ltr'><strong>bolus,</strong></span> <span class='ocrx_word' id='word_1_441' title='bbox 2151 2630 2261 2671; x_wconf 89' lang='lat' dir='ltr'><strong>non</strong></span> <span class='ocrx_word' id='word_1_442' title='bbox 2299 2617 2690 2691; x_wconf 71' lang='lat' dir='ltr'><strong>belligerantes</strong></span> <span class='ocrx_word' id='word_1_443' title='bbox 2732 2618 3036 2687; x_wconf 72' lang='lat' dir='ltr'><strong>daemones,</strong></span> <span class='ocrx_word' id='word_1_444' title='bbox 3073 2635 3185 2674; x_wconf 87' lang='lat' dir='ltr'><strong>non</strong></span> <span class='ocrx_word' id='word_1_445' title='bbox 3227 2620 3526 2676; x_wconf 79' lang='lat' dir='ltr'><strong>infirmitas</strong></span> 
     </span>
    </p>
   </div>
   <div class='ocr_carea' id='block_1_69' title="bbox 1929 2708 3524 2786">
    <p class='ocr_par' dir='ltr' id='par_1_69' title="bbox 1929 2708 3524 2786">
     <span class='ocr_line' id='line_1_69' title="bbox 1929 2708 3524 2786; baseline 0.001 -21"><span class='ocrx_word' id='word_1_446' title='bbox 1929 2709 2100 2765; x_wconf 88' lang='lat' dir='ltr'><strong>animi</strong></span> <span class='ocrx_word' id='word_1_447' title='bbox 2128 2708 2217 2765; x_wconf 88' lang='lat' dir='ltr'><strong>vel</strong></span> <span class='ocrx_word' id='word_1_448' title='bbox 2255 2711 2531 2782; x_wconf 89' lang='lat' dir='ltr'><strong>corporis,</strong></span> <span class='ocrx_word' id='word_1_449' title='bbox 2566 2727 2677 2769; x_wconf 91' lang='lat' dir='ltr'><strong>non</strong></span> <span class='ocrx_word' id='word_1_450' title='bbox 2712 2713 2946 2771; x_wconf 87' lang='lat' dir='ltr'><strong>rationis</strong></span> <span class='ocrx_word' id='word_1_451' title='bbox 2977 2714 3241 2786; x_wconf 84' lang='lat' dir='ltr'><strong>privatio,</strong></span> <span class='ocrx_word' id='word_1_452' title='bbox 3296 2726 3406 2769; x_wconf 90' lang='lat' dir='ltr'><strong>non</strong></span> <span class='ocrx_word' id='word_1_453' title='bbox 3439 2713 3524 2769; x_wconf 79' lang='lat' dir='ltr'><strong>lex</strong></span> 
     </span>
    </p>
   </div>
   <div class='ocr_carea' id='block_1_70' title="bbox 1895 2804 3529 2880">
    <p class='ocr_par' dir='ltr' id='par_1_70' title="bbox 1895 2804 3529 2880">
     <span class='ocr_line' id='line_1_70' title="bbox 1895 2804 3529 2880; baseline 0.002 -21"><span class='ocrx_word' id='word_1_454' title='bbox 1895 2861 1900 2867; x_wconf 65' lang='grc'><strong>,</strong></span> <span class='ocrx_word' id='word_1_455' title='bbox 1930 2804 2113 2860; x_wconf 88' lang='lat' dir='ltr'><strong>carnis</strong></span> <span class='ocrx_word' id='word_1_456' title='bbox 2142 2810 2199 2860; x_wconf 89' lang='lat' dir='ltr'><strong>et</strong></span> <span class='ocrx_word' id='word_1_457' title='bbox 2229 2804 2626 2873; x_wconf 86' lang='lat' dir='ltr'><strong>membrorum,</strong></span> <span class='ocrx_word' id='word_1_458' title='bbox 2684 2806 2885 2877; x_wconf 84' lang='lat' dir='ltr'><strong>quibus</strong></span> <span class='ocrx_word' id='word_1_459' title='bbox 2934 2807 3160 2880; x_wconf 83' lang='lat' dir='ltr'><strong>gloriari</strong></span> <span class='ocrx_word' id='word_1_460' title='bbox 3192 2807 3334 2864; x_wconf 85' lang='lat' dir='ltr'><strong>solet</strong></span> <span class='ocrx_word' id='word_1_461' title='bbox 3368 2806 3529 2864; x_wconf 87' lang='lat' dir='ltr'><strong>Sata-</strong></span> 
     </span>
    </p>
   </div>
   <div class='ocr_carea' id='block_1_71' title="bbox 1931 2896 3528 2969">
    <p class='ocr_par' dir='ltr' id='par_1_71' title="bbox 1931 2896 3528 2969">
     <span class='ocr_line' id='line_1_71' title="bbox 1931 2896 3528 2969; baseline 0.003 -20"><span class='ocrx_word' id='word_1_462' title='bbox 1931 2908 2032 2950; x_wconf 90' lang='lat' dir='ltr'><strong>nas</strong></span> <span class='ocrx_word' id='word_1_463' title='bbox 2063 2904 2117 2951; x_wconf 85' lang='lat' dir='ltr'><strong>et</strong></span> <span class='ocrx_word' id='word_1_464' title='bbox 2162 2896 2351 2965; x_wconf 89' lang='lat' dir='ltr'><strong>draco,</strong></span> <span class='ocrx_word' id='word_1_465' title='bbox 2403 2899 2562 2969; x_wconf 83' lang='lat' dir='ltr'><strong>cujus</strong></span> <span class='ocrx_word' id='word_1_466' title='bbox 2593 2898 2741 2957; x_wconf 88' lang='lat' dir='ltr'><strong>vires</strong></span> <span class='ocrx_word' id='word_1_467' title='bbox 2776 2900 2834 2955; x_wconf 90' lang='lat' dir='ltr'><strong>in</strong></span> <span class='ocrx_word' id='word_1_468' title='bbox 2881 2900 3090 2956; x_wconf 88' lang='lat' dir='ltr'><strong>lumbis</strong></span> <span class='ocrx_word' id='word_1_469' title='bbox 3135 2900 3259 2956; x_wconf 88' lang='lat' dir='ltr'><strong>sitae</strong></span> <span class='ocrx_word' id='word_1_470' title='bbox 3286 2900 3426 2967; x_wconf 90' lang='lat' dir='ltr'><strong>sint,</strong></span> <span class='ocrx_word' id='word_1_471' title='bbox 3471 2909 3528 2958; x_wconf 86' lang='lat' dir='ltr'><strong>et</strong></span> 
     </span>
    </p>
   </div>
   <div class='ocr_carea' id='block_1_72' title="bbox 1931 2990 3529 3062">
    <p class='ocr_par' dir='ltr' id='par_1_72' title="bbox 1931 2990 3529 3062">
     <span class='ocr_line' id='line_1_72' title="bbox 1931 2990 3529 3062; baseline 0.003 -18"><span class='ocrx_word' id='word_1_472' title='bbox 1931 2990 2105 3061; x_wconf 79' lang='lat' dir='ltr'><strong>robur</strong></span> <span class='ocrx_word' id='word_1_473' title='bbox 2142 2991 2554 3051; x_wconf 87' lang='lat' dir='ltr'><strong>abominatione</strong></span> <span class='ocrx_word' id='word_1_474' title='bbox 2593 2992 2823 3062; x_wconf 89' lang='lat' dir='ltr'><strong>plenum</strong></span> <span class='ocrx_word' id='word_1_475' title='bbox 2862 2993 2921 3050; x_wconf 91' lang='lat' dir='ltr'><strong>in</strong></span> <span class='ocrx_word' id='word_1_476' title='bbox 2968 2992 3234 3050; x_wconf 78' lang='lat' dir='ltr'><strong>umbilico</strong></span> <span class='ocrx_word' id='word_1_477' title='bbox 3271 2993 3529 3060; x_wconf 87' lang='lat' dir='ltr'><strong>ventris;</strong></span> 
     </span>
    </p>
   </div>
   <div class='ocr_carea' id='block_1_73' title="bbox 1932 3085 3534 3158">
    <p class='ocr_par' dir='ltr' id='par_1_73' title="bbox 1932 3085 3534 3158">
     <span class='ocr_line' id='line_1_73' title="bbox 1932 3085 3534 3158; baseline 0.003 -21"><span class='ocrx_word' id='word_1_478' title='bbox 1932 3097 2043 3139; x_wconf 90' lang='lat' dir='ltr'><strong>non</strong></span> <span class='ocrx_word' id='word_1_479' title='bbox 2078 3099 2298 3143; x_wconf 88' lang='lat' dir='ltr'><strong>rursum</strong></span> <span class='ocrx_word' id='word_1_480' title='bbox 2334 3086 2573 3141; x_wconf 87' lang='lat' dir='ltr'><strong>vitiosus</strong></span> <span class='ocrx_word' id='word_1_481' title='bbox 2615 3086 3006 3158; x_wconf 83' lang='lat' dir='ltr'><strong>multiplicium</strong></span> <span class='ocrx_word' id='word_1_482' title='bbox 3043 3085 3401 3145; x_wconf 85' lang='lat' dir='ltr'><strong>all&#39;ectionum</strong></span> <span class='ocrx_word' id='word_1_483' title='bbox 3433 3085 3534 3142; x_wconf 81' lang='lat' dir='ltr'><strong>ha-</strong></span> 
     </span>
    </p>
   </div>
   <div class='ocr_carea' id='block_1_74' title="bbox 1933 3176 3531 3249">
    <p class='ocr_par' dir='ltr' id='par_1_74' title="bbox 1933 3176 3531 3249">
     <span class='ocr_line' id='line_1_74' title="bbox 1933 3176 3531 3249; baseline -0.001 -14"><span class='ocrx_word' id='word_1_484' title='bbox 1933 3178 2103 3242; x_wconf 86' lang='lat' dir='ltr'><strong>bitus,</strong></span> <span class='ocrx_word' id='word_1_485' title='bbox 2138 3191 2246 3231; x_wconf 91' lang='lat' dir='ltr'><strong>non</strong></span> <span class='ocrx_word' id='word_1_486' title='bbox 2283 3176 2543 3232; x_wconf 87' lang='lat' dir='ltr'><strong>diuturna</strong></span> <span class='ocrx_word' id='word_1_487' title='bbox 2581 3186 2754 3249; x_wconf 90' lang='lat' dir='ltr'><strong>atque</strong></span> <span class='ocrx_word' id='word_1_488' title='bbox 2804 3177 3109 3234; x_wconf 88' lang='lat' dir='ltr'><strong>inveterata</strong></span> <span class='ocrx_word' id='word_1_489' title='bbox 3159 3177 3531 3234; x_wconf 86' lang='lat' dir='ltr'><strong>consuetudo.</strong></span> 
     </span>
    </p>
   </div>
   <div class='ocr_carea' id='block_1_75' title="bbox 2005 3266 3532 3342">
    <p class='ocr_par' dir='ltr' id='par_1_75' title="bbox 2005 3266 3532 3342">
     <span class='ocr_line' id='line_1_75' title="bbox 2005 3266 3532 3342; baseline 0.001 -20"><span class='ocrx_word' id='word_1_490' title='bbox 2005 3267 2193 3339; x_wconf 82' lang='lat' dir='ltr'><strong>Ejusd.</strong></span> <span class='ocrx_word' id='word_1_491' title='bbox 2217 3299 2274 3309; x_wconf 81' lang='lat'><strong>--</strong></span> <span class='ocrx_word' id='word_1_492' title='bbox 2318 3266 2678 3339; x_wconf 87' lang='lat' dir='ltr'><strong>Nequaquam</strong></span> <span class='ocrx_word' id='word_1_493' title='bbox 2702 3269 2864 3326; x_wconf 89' lang='lat' dir='ltr'><strong>nobis</strong></span> <span class='ocrx_word' id='word_1_494' title='bbox 2898 3268 3143 3325; x_wconf 67' lang='lat' dir='ltr'><strong>fovenda:</strong></span> <span class='ocrx_word' id='word_1_495' title='bbox 3166 3270 3532 3342; x_wconf 77' lang='lat' dir='ltr'><strong>cogitationes</strong></span> 
     </span>
    </p>
   </div>
   <div class='ocr_carea' id='block_1_76' title="bbox 1932 3359 3532 3433">
    <p class='ocr_par' dir='ltr' id='par_1_76' title="bbox 1932 3359 3532 3433">
     <span class='ocr_line' id='line_1_76' title="bbox 1932 3359 3532 3433; baseline -0.001 -16"><span class='ocrx_word' id='word_1_496' title='bbox 1932 3368 2061 3417; x_wconf 87' lang='lat' dir='ltr'><strong>sunt</strong></span> <span class='ocrx_word' id='word_1_497' title='bbox 2095 3377 2216 3432; x_wconf 75' lang='lat' dir='ltr'><strong>quae</strong></span> <span class='ocrx_word' id='word_1_498' title='bbox 2245 3359 2467 3417; x_wconf 89' lang='lat' dir='ltr'><strong>diabolo</strong></span> <span class='ocrx_word' id='word_1_499' title='bbox 2494 3360 2772 3432; x_wconf 81' lang='lat' dir='ltr'><strong>placeant,</strong></span> <span class='ocrx_word' id='word_1_500' title='bbox 2808 3361 2903 3417; x_wconf 91' lang='lat' dir='ltr'><strong>sed</strong></span> <span class='ocrx_word' id='word_1_501' title='bbox 2930 3360 3103 3416; x_wconf 85' lang='lat' dir='ltr'><strong>divini</strong></span> <span class='ocrx_word' id='word_1_502' title='bbox 3147 3362 3302 3417; x_wconf 87' lang='lat' dir='ltr'><strong>verbi</strong></span> <span class='ocrx_word' id='word_1_503' title='bbox 3344 3360 3532 3433; x_wconf 83' lang='lat' dir='ltr'><strong>gladio</strong></span> 
     </span>
    </p>
   </div>
   <div class='ocr_carea' id='block_1_77' title="bbox 1928 3450 2299 3522">
    <p class='ocr_par' dir='ltr' id='par_1_77' title="bbox 1928 3450 2299 3522">
     <span class='ocr_line' id='line_1_77' title="bbox 1928 3450 2299 3522; baseline 0 -16"><span class='ocrx_word' id='word_1_504' title='bbox 1928 3450 2299 3522; x_wconf 79' lang='lat' dir='ltr'><strong>amputandae.</strong></span> 
     </span>
    </p>
   </div>
   <div class='ocr_carea' id='block_1_78' title="bbox 2000 3542 3526 3615">
    <p class='ocr_par' dir='ltr' id='par_1_78' title="bbox 2000 3542 3526 3615">
     <span class='ocr_line' id='line_1_78' title="bbox 2000 3542 3526 3615; baseline -0.001 -18"><span class='ocrx_word' id='word_1_505' title='bbox 2000 3542 2193 3613; x_wconf 81' lang='lat' dir='ltr'><strong>Ejusd.</strong></span> <span class='ocrx_word' id='word_1_506' title='bbox 2217 3573 2288 3584; x_wconf 93' lang='lat'><strong>-—</strong></span> <span class='ocrx_word' id='word_1_507' title='bbox 2318 3543 2520 3605; x_wconf 81' lang='lat' dir='ltr'><strong>Anima</strong></span> <span class='ocrx_word' id='word_1_508' title='bbox 2550 3552 2744 3599; x_wconf 85' lang='lat' dir='ltr'><strong>nostra</strong></span> <span class='ocrx_word' id='word_1_509' title='bbox 2796 3543 2934 3601; x_wconf 76' lang='lat' dir='ltr'><strong>sicut</strong></span> <span class='ocrx_word' id='word_1_510' title='bbox 2969 3559 3158 3615; x_wconf 73' lang='lat' dir='ltr'><strong>passer</strong></span> <span class='ocrx_word' id='word_1_511' title='bbox 3202 3553 3389 3614; x_wconf 84' lang='lat' dir='ltr'><strong>erepta</strong></span> <span class='ocrx_word' id='word_1_512' title='bbox 3426 3552 3526 3608; x_wconf 78' lang='lat' dir='ltr'><strong>est,</strong></span> 
     </span>
    </p>
   </div>
   <div class='ocr_carea' id='block_1_79' title="bbox 1928 3634 3531 3709">
    <p class='ocr_par' dir='ltr' id='par_1_79' title="bbox 1928 3634 3531 3709">
     <span class='ocr_line' id='line_1_79' title="bbox 1928 3634 3531 3709; baseline -0.001 -17"><span class='ocrx_word' id='word_1_513' title='bbox 1928 3637 2128 3708; x_wconf 89' lang='lat' dir='ltr'><strong>inquit,</strong></span> <span class='ocrx_word' id='word_1_514' title='bbox 2163 3636 2227 3693; x_wconf 88' lang='lat' dir='ltr'><strong>de</strong></span> <span class='ocrx_word' id='word_1_515' title='bbox 2260 3636 2449 3709; x_wconf 80' lang='lat' dir='ltr'><strong>laqueo</strong></span> <span class='ocrx_word' id='word_1_516' title='bbox 2500 3636 2805 3693; x_wconf 75' lang='lat' dir='ltr'><strong>venantium</strong></span> <span class='ocrx_word' id='word_1_517' title='bbox 2837 3634 3015 3707; x_wconf 82' lang='lat' dir='ltr'><strong>(Psal.</strong></span> <span class='ocrx_word' id='word_1_518' title='bbox 3057 3649 3255 3703; x_wconf 74' lang='lat' dir='ltr'><strong>cum,</strong></span> <span class='ocrx_word' id='word_1_519' title='bbox 3293 3634 3346 3708; x_wconf 84' lang='lat'><strong>7)</strong></span> <span class='ocrx_word' id='word_1_520' title='bbox 3372 3676 3388 3704; x_wconf 89' lang='lat'><strong>,</strong></span> <span class='ocrx_word' id='word_1_521' title='bbox 3419 3634 3531 3690; x_wconf 63' lang='lat' dir='ltr'><strong>daa-</strong></span> 
     </span>
    </p>
   </div>
   <div class='ocr_carea' id='block_1_80' title="bbox 1927 3726 3533 3799">
    <p class='ocr_par' dir='ltr' id='par_1_80' title="bbox 1927 3726 3533 3799">
     <span class='ocr_line' id='line_1_80' title="bbox 1927 3726 3533 3799; baseline -0.001 -17"><span class='ocrx_word' id='word_1_522' title='bbox 1927 3744 2153 3785; x_wconf 89' lang='lat' dir='ltr'><strong>monum</strong></span> <span class='ocrx_word' id='word_1_523' title='bbox 2188 3729 2421 3787; x_wconf 85' lang='lat' dir='ltr'><strong>scilicet.</strong></span> <span class='ocrx_word' id='word_1_524' title='bbox 2447 3727 2609 3785; x_wconf 82' lang='lat' dir='ltr'><strong>Velut</strong></span> <span class='ocrx_word' id='word_1_525' title='bbox 2647 3727 2795 3785; x_wconf 85' lang='lat' dir='ltr'><strong>enim</strong></span> <span class='ocrx_word' id='word_1_526' title='bbox 2836 3741 3094 3798; x_wconf 85' lang='lat' dir='ltr'><strong>passeres</strong></span> <span class='ocrx_word' id='word_1_527' title='bbox 3124 3726 3243 3783; x_wconf 89' lang='lat' dir='ltr'><strong>alas</strong></span> <span class='ocrx_word' id='word_1_528' title='bbox 3271 3726 3533 3799; x_wconf 84' lang='lat' dir='ltr'><strong>agitando</strong></span> 
     </span>
    </p>
   </div>
   <div class='ocr_carea' id='block_1_81' title="bbox 1929 3817 3534 3898">
    <p class='ocr_par' dir='ltr' id='par_1_81' title="bbox 1929 3817 3534 3898">
     <span class='ocr_line' id='line_1_81' title="bbox 1929 3817 3534 3898; baseline -0.002 -20"><span class='ocrx_word' id='word_1_529' title='bbox 1929 3835 2098 3893; x_wconf 88' lang='lat' dir='ltr'><strong>supra</strong></span> <span class='ocrx_word' id='word_1_530' title='bbox 2132 3827 2342 3876; x_wconf 86' lang='lat' dir='ltr'><strong>terram</strong></span> <span class='ocrx_word' id='word_1_531' title='bbox 2376 3835 2439 3879; x_wconf 88' lang='lat' dir='ltr'><strong>se</strong></span> <span class='ocrx_word' id='word_1_532' title='bbox 2490 3819 2766 3886; x_wconf 73' lang='lat' dir='ltr'><strong>ederunt;</strong></span> <span class='ocrx_word' id='word_1_533' title='bbox 2830 3819 2914 3877; x_wconf 86' lang='lat' dir='ltr'><strong>sic</strong></span> <span class='ocrx_word' id='word_1_534' title='bbox 2971 3833 3197 3898; x_wconf 78' lang='lat' dir='ltr'><strong>quoque</strong></span> <span class='ocrx_word' id='word_1_535' title='bbox 3237 3817 3534 3890; x_wconf 81' lang='lat' dir='ltr'><strong>religiosus</strong></span> 
     </span>
    </p>
   </div>
   <div class='ocr_carea' id='block_1_82' title="bbox 1932 3911 3534 3987">
    <p class='ocr_par' dir='ltr' id='par_1_82' title="bbox 1932 3911 3534 3987">
     <span class='ocr_line' id='line_1_82' title="bbox 1932 3911 3534 3987; baseline -0.001 -20"><span class='ocrx_word' id='word_1_536' title='bbox 1932 3912 2094 3970; x_wconf 92' lang='lat' dir='ltr'><strong>homo</strong></span> <span class='ocrx_word' id='word_1_537' title='bbox 2125 3912 2220 3984; x_wconf 90' lang='lat' dir='ltr'><strong>qui</strong></span> <span class='ocrx_word' id='word_1_538' title='bbox 2257 3911 2350 3968; x_wconf 88' lang='lat' dir='ltr'><strong>Dei</strong></span> <span class='ocrx_word' id='word_1_539' title='bbox 2386 3912 2570 3969; x_wconf 91' lang='lat' dir='ltr'><strong>cultor</strong></span> <span class='ocrx_word' id='word_1_540' title='bbox 2609 3920 2714 3977; x_wconf 89' lang='lat' dir='ltr'><strong>est,</strong></span> <span class='ocrx_word' id='word_1_541' title='bbox 2751 3927 2850 3987; x_wconf 86' lang='lat' dir='ltr'><strong>per</strong></span> <span class='ocrx_word' id='word_1_542' title='bbox 2895 3911 3180 3967; x_wconf 86' lang='lat' dir='ltr'><strong>orationes</strong></span> <span class='ocrx_word' id='word_1_543' title='bbox 3215 3925 3246 3966; x_wconf 89' lang='lat' dir='ltr'><strong>a</strong></span> <span class='ocrx_word' id='word_1_544' title='bbox 3298 3911 3534 3966; x_wconf 87' lang='lat' dir='ltr'><strong>terrenis</strong></span> 
     </span>
    </p>
   </div>
   <div class='ocr_carea' id='block_1_83' title="bbox 1929 4000 2698 4062">
    <p class='ocr_par' dir='ltr' id='par_1_83' title="bbox 1929 4000 2698 4062">
     <span class='ocr_line' id='line_1_83' title="bbox 1929 4000 2698 4062; baseline -0.003 -3"><span class='ocrx_word' id='word_1_545' title='bbox 1929 4004 1997 4059; x_wconf 86' lang='lat' dir='ltr'><strong>ad</strong></span> <span class='ocrx_word' id='word_1_546' title='bbox 2029 4005 2279 4062; x_wconf 78' lang='lat' dir='ltr'><strong>coelestia</strong></span> <span class='ocrx_word' id='word_1_547' title='bbox 2311 4020 2373 4061; x_wconf 89' lang='lat' dir='ltr'><strong>se</strong></span> <span class='ocrx_word' id='word_1_548' title='bbox 2405 4000 2698 4061; x_wconf 81' lang='lat' dir='ltr'><strong>transfert.</strong></span> 
     </span>
    </p>
   </div>
   <div class='ocr_carea' id='block_1_84' title="bbox 2002 4092 3533 4156">
    <p class='ocr_par' dir='ltr' id='par_1_84' title="bbox 2002 4092 3533 4156">
     <span class='ocr_line' id='line_1_84' title="bbox 2002 4092 3533 4156; baseline -0.005 0"><span class='ocrx_word' id='word_1_549' title='bbox 2002 4098 2063 4156; x_wconf 90' lang='lat' dir='ltr'><strong>S.</strong></span> <span class='ocrx_word' id='word_1_550' title='bbox 2101 4098 2277 4154; x_wconf 80' lang='lat' dir='ltr'><strong>Basil.</strong></span> <span class='ocrx_word' id='word_1_551' title='bbox 2305 4096 2497 4154; x_wconf 80' lang='lat' dir='ltr'><strong>homil.</strong></span> <span class='ocrx_word' id='word_1_552' title='bbox 2525 4097 2583 4151; x_wconf 84' lang='lat' dir='ltr'><strong>in</strong></span> <span class='ocrx_word' id='word_1_553' title='bbox 2626 4095 2687 4152; x_wconf 90' lang='lat' dir='ltr'><strong>S.</strong></span> <span class='ocrx_word' id='word_1_554' title='bbox 2720 4094 2882 4151; x_wconf 73' lang='lat' dir='ltr'><strong>Julii.</strong></span> <span class='ocrx_word' id='word_1_555' title='bbox 2907 4093 3103 4149; x_wconf 78' lang='lat' dir='ltr'><strong>--Vim</strong></span> <span class='ocrx_word' id='word_1_556' title='bbox 3134 4092 3404 4149; x_wconf 85' lang='lat' dir='ltr'><strong>orationis</strong></span> <span class='ocrx_word' id='word_1_557' title='bbox 3431 4108 3533 4150; x_wconf 58' lang='lat' dir='ltr'><strong>ex.-</strong></span> 
     </span>
    </p>
   </div>
   <div class='ocr_carea' id='block_1_85' title="bbox 1930 4184 3535 4260">
    <p class='ocr_par' dir='ltr' id='par_1_85' title="bbox 1930 4184 3535 4260">
     <span class='ocr_line' id='line_1_85' title="bbox 1930 4184 3535 4260; baseline 0.001 -17"><span class='ocrx_word' id='word_1_558' title='bbox 1930 4189 2099 4260; x_wconf 89' lang='lat' dir='ltr'><strong>piete.</strong></span> <span class='ocrx_word' id='word_1_559' title='bbox 2134 4187 2257 4245; x_wconf 85' lang='lat' dir='ltr'><strong>Sive</strong></span> <span class='ocrx_word' id='word_1_560' title='bbox 2286 4188 2434 4245; x_wconf 91' lang='lat' dir='ltr'><strong>enim</strong></span> <span class='ocrx_word' id='word_1_561' title='bbox 2459 4187 2767 4251; x_wconf 79' lang='lat' dir='ltr'><strong>comeditis,</strong></span> <span class='ocrx_word' id='word_1_562' title='bbox 2798 4186 3001 4257; x_wconf 78' lang='lat' dir='ltr'><strong>inquit,</strong></span> <span class='ocrx_word' id='word_1_563' title='bbox 3042 4187 3149 4245; x_wconf 79' lang='lat' dir='ltr'><strong>sive</strong></span> <span class='ocrx_word' id='word_1_564' title='bbox 3174 4184 3381 4252; x_wconf 74' lang='lat' dir='ltr'><strong>bibitis,</strong></span> <span class='ocrx_word' id='word_1_565' title='bbox 3426 4186 3535 4245; x_wconf 74' lang='lat' dir='ltr'><strong>sive</strong></span> 
     </span>
    </p>
   </div>
   <div class='ocr_carea' id='block_1_86' title="bbox 1929 4276 3535 4353">
    <p class='ocr_par' dir='ltr' id='par_1_86' title="bbox 1929 4276 3535 4353">
     <span class='ocr_line' id='line_1_86' title="bbox 1929 4276 3535 4353; baseline -0.001 -19"><span class='ocrx_word' id='word_1_566' title='bbox 1929 4279 2059 4351; x_wconf 83' lang='lat' dir='ltr'><strong>quid</strong></span> <span class='ocrx_word' id='word_1_567' title='bbox 2093 4278 2250 4333; x_wconf 80' lang='lat' dir='ltr'><strong>aliud</strong></span> <span class='ocrx_word' id='word_1_568' title='bbox 2280 4280 2491 4349; x_wconf 80' lang='lat' dir='ltr'><strong>facitis,</strong></span> <span class='ocrx_word' id='word_1_569' title='bbox 2521 4280 2704 4334; x_wconf 84' lang='lat' dir='ltr'><strong>omnia</strong></span> <span class='ocrx_word' id='word_1_570' title='bbox 2730 4277 2898 4353; x_wconf 59' lang='grc'><strong>472</strong></span> <span class='ocrx_word' id='word_1_571' title='bbox 2929 4279 2986 4333; x_wconf 84' lang='lat' dir='ltr'><strong>in</strong></span> <span class='ocrx_word' id='word_1_572' title='bbox 3028 4276 3263 4349; x_wconf 87' lang='lat' dir='ltr'><strong>gloriam</strong></span> <span class='ocrx_word' id='word_1_573' title='bbox 3304 4276 3407 4333; x_wconf 82' lang='lat' dir='ltr'><strong>Dei</strong></span> <span class='ocrx_word' id='word_1_574' title='bbox 3445 4277 3535 4347; x_wconf 79' lang='lat' dir='ltr'><strong>fa-</strong></span> 
     </span>
    </p>
   </div>
   <div class='ocr_carea' id='block_1_87' title="bbox 1933 4368 3531 4443">
    <p class='ocr_par' dir='ltr' id='par_1_87' title="bbox 1933 4368 3531 4443">
     <span class='ocr_line' id='line_1_87' title="bbox 1933 4368 3531 4443; baseline 0 -19"><span class='ocrx_word' id='word_1_575' title='bbox 1933 4369 2035 4424; x_wconf 77' lang='lat' dir='ltr'><strong>cile</strong></span> <span class='ocrx_word' id='word_1_576' title='bbox 2069 4368 2124 4443; x_wconf 89' lang='grc' dir='ltr'><strong>(Ι</strong></span> <span class='ocrx_word' id='word_1_577' title='bbox 2154 4368 2356 4437; x_wconf 84' lang='lat' dir='ltr'><strong>Car.x,</strong></span> <span class='ocrx_word' id='word_1_578' title='bbox 2385 4369 2500 4441; x_wconf 77' lang='lat' dir='ltr'><strong>3i).</strong></span> <span class='ocrx_word' id='word_1_579' title='bbox 2532 4370 2669 4427; x_wconf 88' lang='lat' dir='ltr'><strong>Cum</strong></span> <span class='ocrx_word' id='word_1_580' title='bbox 2702 4371 2866 4428; x_wconf 87' lang='lat' dir='ltr'><strong>sedes</strong></span> <span class='ocrx_word' id='word_1_581' title='bbox 2895 4369 2950 4424; x_wconf 91' lang='lat' dir='ltr'><strong>in</strong></span> <span class='ocrx_word' id='word_1_582' title='bbox 2984 4384 3203 4436; x_wconf 76' lang='lat' dir='ltr'><strong>mensa,</strong></span> <span class='ocrx_word' id='word_1_583' title='bbox 3233 4383 3373 4436; x_wconf 86' lang='lat' dir='ltr'><strong>ora;</strong></span> <span class='ocrx_word' id='word_1_584' title='bbox 3402 4384 3531 4425; x_wconf 85' lang='lat' dir='ltr'><strong>cum</strong></span> 
     </span>
    </p>
   </div>
   <div class='ocr_carea' id='block_1_88' title="bbox 1932 4461 3535 4538">
    <p class='ocr_par' dir='ltr' id='par_1_88' title="bbox 1932 4461 3535 4538">
     <span class='ocr_line' id='line_1_88' title="bbox 1932 4461 3535 4538; baseline -0.002 -15"><span class='ocrx_word' id='word_1_585' title='bbox 1932 4480 2132 4535; x_wconf 86' lang='lat' dir='ltr'><strong>panem</strong></span> <span class='ocrx_word' id='word_1_586' title='bbox 2162 4463 2358 4532; x_wconf 87' lang='lat' dir='ltr'><strong>sumis,</strong></span> <span class='ocrx_word' id='word_1_587' title='bbox 2405 4464 2615 4536; x_wconf 79' lang='lat' dir='ltr'><strong>gratias</strong></span> <span class='ocrx_word' id='word_1_588' title='bbox 2645 4480 2744 4538; x_wconf 83' lang='lat' dir='ltr'><strong>age</strong></span> <span class='ocrx_word' id='word_1_589' title='bbox 2773 4465 2853 4523; x_wconf 89' lang='lat' dir='ltr'><strong>illi</strong></span> <span class='ocrx_word' id='word_1_590' title='bbox 2881 4464 2977 4534; x_wconf 87' lang='lat' dir='ltr'><strong>qui</strong></span> <span class='ocrx_word' id='word_1_591' title='bbox 3009 4463 3254 4535; x_wconf 76' lang='lat' dir='ltr'><strong>largitus</strong></span> <span class='ocrx_word' id='word_1_592' title='bbox 3285 4471 3391 4521; x_wconf 87' lang='lat' dir='ltr'><strong>est.</strong></span> <span class='ocrx_word' id='word_1_593' title='bbox 3422 4461 3535 4520; x_wconf 52' lang='lat' dir='ltr'><strong>Neu</strong></span> 
     </span>
    </p>
   </div>
   <div class='ocr_carea' id='block_1_89' title="bbox 1936 4556 3533 4620">
    <p class='ocr_par' dir='ltr' id='par_1_89' title="bbox 1936 4556 3533 4620">
     <span class='ocr_line' id='line_1_89' title="bbox 1936 4556 3533 4620; baseline -0.001 -7"><span class='ocrx_word' id='word_1_594' title='bbox 1936 4557 2169 4620; x_wconf 87' lang='lat' dir='ltr'><strong>cessitas</strong></span> <span class='ocrx_word' id='word_1_595' title='bbox 2199 4556 2452 4617; x_wconf 92' lang='lat' dir='ltr'><strong>ciborum</strong></span> <span class='ocrx_word' id='word_1_596' title='bbox 2481 4558 2752 4617; x_wconf 78' lang='lat' dir='ltr'><strong>transiit?</strong></span> <span class='ocrx_word' id='word_1_597' title='bbox 2783 4565 2838 4614; x_wconf 80' lang='lat' dir='ltr'><strong>at</strong></span> <span class='ocrx_word' id='word_1_598' title='bbox 2867 4556 3129 4614; x_wconf 82' lang='lat' dir='ltr'><strong>beneficii</strong></span> <span class='ocrx_word' id='word_1_599' title='bbox 3160 4556 3239 4613; x_wconf 89' lang='lat' dir='ltr'><strong>tui</strong></span> <span class='ocrx_word' id='word_1_600' title='bbox 3266 4557 3533 4616; x_wconf 82' lang='lat' dir='ltr'><strong>memoria</strong></span> 
     </span>
    </p>
   </div>
   <div class='ocr_carea' id='block_1_90' title="bbox 218 4651 1826 4735">
    <p class='ocr_par' dir='ltr' id='par_1_90' title="bbox 218 4660 1826 4735">
     <span class='ocr_line' id='line_1_90' title="bbox 218 4660 1826 4735; baseline 0 -19"><span class='ocrx_word' id='word_1_601' title='bbox 218 4662 431 4734; x_wconf 82' lang='grc' dir='ltr'>χέσθω.</span> <span class='ocrx_word' id='word_1_602' title='bbox 463 4660 569 4715; x_wconf 82' lang='grc' dir='ltr'><strong>Τὸν</strong></span> <span class='ocrx_word' id='word_1_603' title='bbox 606 4661 815 4735; x_wconf 87' lang='grc' dir='ltr'>χιτῶνα</span> <span class='ocrx_word' id='word_1_604' title='bbox 852 4661 1196 4733; x_wconf 76' lang='grc' dir='ltr'>ἐνδυόμενος,</span> <span class='ocrx_word' id='word_1_605' title='bbox 1262 4662 1581 4734; x_wconf 87' lang='grc' dir='ltr'>εὐχαρίστει</span> <span class='ocrx_word' id='word_1_606' title='bbox 1624 4661 1704 4735; x_wconf 79' lang='grc' dir='ltr'>τῷ</span> <span class='ocrx_word' id='word_1_607' title='bbox 1749 4662 1826 4716; x_wconf 77' lang='grc' dir='ltr'>δε-</span> 
     </span>
    </p>
   </div>
   <div class='ocr_carea' id='block_1_91' title="bbox 1941 4651 3537 4735">
    <p class='ocr_par' dir='ltr' id='par_1_91' title="bbox 1941 4651 3537 4731">
     <span class='ocr_line' id='line_1_91' title="bbox 1941 4651 3537 4731; baseline 0.001 -22"><span class='ocrx_word' id='word_1_608' title='bbox 1941 4670 2052 4711; x_wconf 92' lang='lat' dir='ltr'><strong>non</strong></span> <span class='ocrx_word' id='word_1_609' title='bbox 2079 4662 2347 4715; x_wconf 85' lang='lat' dir='ltr'><strong>transeat.</strong></span> <span class='ocrx_word' id='word_1_610' title='bbox 2372 4654 2508 4715; x_wconf 74' lang='lat' dir='ltr'><strong>Cum</strong></span> <span class='ocrx_word' id='word_1_611' title='bbox 2545 4655 2788 4717; x_wconf 86' lang='lat' dir='ltr'><strong>tunicam</strong></span> <span class='ocrx_word' id='word_1_612' title='bbox 2829 4652 3039 4731; x_wconf 84' lang='lat' dir='ltr'><strong>induis,</strong></span> <span class='ocrx_word' id='word_1_613' title='bbox 3062 4651 3318 4711; x_wconf 75' lang='lat' dir='ltr'><strong>donatori</strong></span> <span class='ocrx_word' id='word_1_614' title='bbox 3348 4663 3537 4725; x_wconf 79' lang='lat' dir='ltr'><strong>grates</strong></span> 
     </span>
    </p>
   </div>
   <div class='ocr_carea' id='block_1_92' title="bbox 214 4748 1853 4827">
    <p class='ocr_par' dir='ltr' id='par_1_92' title="bbox 214 4748 1853 4827">
     <span class='ocr_line' id='line_1_92' title="bbox 214 4748 1853 4827; baseline 0.002 -18"><span class='ocrx_word' id='word_1_615' title='bbox 214 4754 449 4809; x_wconf 83' lang='grc' dir='ltr'>δωκότι.</span> <span class='ocrx_word' id='word_1_616' title='bbox 478 4754 552 4806; x_wconf 86' lang='grc' dir='ltr'>Τὸ</span> <span class='ocrx_word' id='word_1_617' title='bbox 576 4753 793 4825; x_wconf 84' lang='grc' dir='ltr'>ἱμάτιον</span> <span class='ocrx_word' id='word_1_618' title='bbox 825 4748 1311 4827; x_wconf 84' lang='grc' dir='ltr'>περιϐαλλόμενος,</span> <span class='ocrx_word' id='word_1_619' title='bbox 1335 4753 1576 4827; x_wconf 79' lang='grc' dir='ltr'>αὐξησον</span> <span class='ocrx_word' id='word_1_620' title='bbox 1607 4756 1709 4826; x_wconf 85' lang='grc' dir='ltr'>τὴν</span> <span class='ocrx_word' id='word_1_621' title='bbox 1739 4757 1821 4821; x_wconf 85' lang='grc' dir='ltr'><strong>είς</strong></span> <span class='ocrx_word' id='word_1_622' title='bbox 1848 4812 1853 4813; x_wconf 63' lang='lat'><strong><em>,</em></strong></span> 
     </span>
    </p>
   </div>
   <div class='ocr_carea' id='block_1_93' title="bbox 214 4840 1823 4925">
    <p class='ocr_par' dir='ltr' id='par_1_93' title="bbox 214 4840 1823 4925">
     <span class='ocr_line' id='line_1_93' title="bbox 214 4840 1823 4925; baseline 0.001 -22"><span class='ocrx_word' id='word_1_623' title='bbox 214 4850 363 4903; x_wconf 81' lang='grc' dir='ltr'>Θεὸν</span> <span class='ocrx_word' id='word_1_624' title='bbox 391 4848 639 4919; x_wconf 83' lang='grc' dir='ltr'>ἀγάπην,</span> <span class='ocrx_word' id='word_1_625' title='bbox 670 4840 729 4912; x_wconf 80' lang='grc' dir='ltr'>ὃς</span> <span class='ocrx_word' id='word_1_626' title='bbox 775 4849 871 4903; x_wconf 78' lang='grc' dir='ltr'>καὶ</span> <span class='ocrx_word' id='word_1_627' title='bbox 912 4848 1165 4921; x_wconf 83' lang='grc' dir='ltr'>χειμῶνι,</span> <span class='ocrx_word' id='word_1_628' title='bbox 1201 4850 1298 4904; x_wconf 71' lang='grc' dir='ltr'>καὶ</span> <span class='ocrx_word' id='word_1_629' title='bbox 1330 4849 1483 4921; x_wconf 83' lang='grc' dir='ltr'>θέρει</span> <span class='ocrx_word' id='word_1_630' title='bbox 1534 4850 1823 4925; x_wconf 78' lang='grc' dir='ltr'>ἐπιτήδεια</span> 
     </span>
    </p>
   </div>
   <div class='ocr_carea' id='block_1_94' title="bbox 216 4938 1847 5017">
    <p class='ocr_par' dir='ltr' id='par_1_94' title="bbox 216 4938 1847 5017">
     <span class='ocr_line' id='line_1_94' title="bbox 216 4938 1847 5017; baseline -0.002 -18"><span class='ocrx_word' id='word_1_631' title='bbox 216 4938 363 5016; x_wconf 76' lang='grc' dir='ltr'>ἡμῖν</span> <span class='ocrx_word' id='word_1_632' title='bbox 411 4942 783 5014; x_wconf 75' lang='grc' dir='ltr'>σκεπάσματα</span> <span class='ocrx_word' id='word_1_633' title='bbox 829 4942 1149 5017; x_wconf 76' lang='grc' dir='ltr'>ἐχαρίσατο,</span> <span class='ocrx_word' id='word_1_634' title='bbox 1208 4943 1309 5013; x_wconf 86' lang='grc' dir='ltr'>τήν</span> <span class='ocrx_word' id='word_1_635' title='bbox 1364 4960 1424 4999; x_wconf 86' lang='grc' dir='ltr'><strong>τε</strong></span> <span class='ocrx_word' id='word_1_636' title='bbox 1459 4942 1608 5013; x_wconf 80' lang='grc' dir='ltr'>ζωὴν</span> <span class='ocrx_word' id='word_1_637' title='bbox 1665 4942 1847 5015; x_wconf 79' lang='grc' dir='ltr'>ἡμῶν</span> 
     </span>
    </p>
   </div>
   <div class='ocr_carea' id='block_1_95' title="bbox 217 5035 1826 5111">
    <p class='ocr_par' dir='ltr' id='par_1_95' title="bbox 217 5035 1826 5111">
     <span class='ocr_line' id='line_1_95' title="bbox 217 5035 1826 5111; baseline -0.001 -18"><span class='ocrx_word' id='word_1_638' title='bbox 217 5036 634 5111; x_wconf 79' lang='grc' dir='ltr'>συντηροῦντα,</span> <span class='ocrx_word' id='word_1_639' title='bbox 655 5039 751 5090; x_wconf 74' lang='grc' dir='ltr'>καὶ</span> <span class='ocrx_word' id='word_1_640' title='bbox 772 5037 843 5091; x_wconf 66' lang='grc' dir='ltr'>τὸ</span> <span class='ocrx_word' id='word_1_641' title='bbox 858 5035 1108 5108; x_wconf 76' lang='grc' dir='ltr'>ἄσχημον</span> <span class='ocrx_word' id='word_1_642' title='bbox 1127 5035 1578 5108; x_wconf 79' lang='grc' dir='ltr'>περιστέλλοντα.</span> <span class='ocrx_word' id='word_1_643' title='bbox 1624 5037 1826 5108; x_wconf 83' lang='grc' dir='ltr'>Ἐπλη-</span> 
     </span>
    </p>
   </div>
   <div class='ocr_carea' id='block_1_96' title="bbox 221 5129 1829 5207">
    <p class='ocr_par' dir='ltr' id='par_1_96' title="bbox 221 5129 1829 5207">
     <span class='ocr_line' id='line_1_96' title="bbox 221 5129 1829 5207; baseline -0.001 -20"><span class='ocrx_word' id='word_1_644' title='bbox 221 5133 384 5207; x_wconf 84' lang='grc' dir='ltr'>ρὼθη</span> <span class='ocrx_word' id='word_1_645' title='bbox 416 5135 455 5205; x_wconf 76' lang='grc' dir='ltr'><strong>ἡ</strong></span> <span class='ocrx_word' id='word_1_646' title='bbox 486 5130 706 5206; x_wconf 71' lang='grc' dir='ltr'>ἡμέρας</span> <span class='ocrx_word' id='word_1_647' title='bbox 733 5130 1052 5203; x_wconf 82' lang='grc' dir='ltr'>εὐχαρίστει</span> <span class='ocrx_word' id='word_1_648' title='bbox 1081 5130 1161 5203; x_wconf 86' lang='grc' dir='ltr'>τῷ</span> <span class='ocrx_word' id='word_1_649' title='bbox 1195 5130 1287 5186; x_wconf 85' lang='grc' dir='ltr'>τὸν</span> <span class='ocrx_word' id='word_1_650' title='bbox 1322 5129 1478 5203; x_wconf 76' lang='grc' dir='ltr'>ἥλιον</span> <span class='ocrx_word' id='word_1_651' title='bbox 1505 5130 1590 5197; x_wconf 79' lang='grc' dir='ltr'><strong>είς</strong></span> <span class='ocrx_word' id='word_1_652' title='bbox 1615 5130 1829 5206; x_wconf 77' lang='grc' dir='ltr'>ὑπηρεο</span> 
     </span>
    </p>
   </div>
   <div class='ocr_carea' id='block_1_97' title="bbox 214 5223 1828 5309">
    <p class='ocr_par' dir='ltr' id='par_1_97' title="bbox 214 5223 1828 5309">
     <span class='ocr_line' id='line_1_97' title="bbox 214 5223 1828 5309; baseline -0.002 -28"><span class='ocrx_word' id='word_1_653' title='bbox 214 5229 353 5299; x_wconf 81' lang='grc' dir='ltr'>σίαν</span> <span class='ocrx_word' id='word_1_654' title='bbox 381 5227 495 5282; x_wconf 87' lang='grc' dir='ltr'><strong>τῶν</strong></span> <span class='ocrx_word' id='word_1_655' title='bbox 514 5225 794 5309; x_wconf 81' lang='grc' dir='ltr'>ἡμερινῶν</span> <span class='ocrx_word' id='word_1_656' title='bbox 820 5224 998 5307; x_wconf 58' lang='grc' dir='ltr'>ἔργων</span> <span class='ocrx_word' id='word_1_657' title='bbox 1029 5224 1388 5298; x_wconf 82' lang='grc' dir='ltr'>χαρισαμένῳ</span> <span class='ocrx_word' id='word_1_658' title='bbox 1424 5226 1583 5297; x_wconf 78' lang='grc' dir='ltr'>ἡμῖν,</span> <span class='ocrx_word' id='word_1_659' title='bbox 1617 5223 1730 5297; x_wconf 83' lang='grc' dir='ltr'><strong>πῦρ</strong></span> <span class='ocrx_word' id='word_1_660' title='bbox 1769 5223 1828 5279; x_wconf 83' lang='grc' dir='ltr'>δὲ</span> 
     </span>
    </p>
   </div>
   <div class='ocr_carea' id='block_1_98' title="bbox 214 5315 1832 5395">
    <p class='ocr_par' dir='ltr' id='par_1_98' title="bbox 214 5315 1832 5395">
     <span class='ocr_line' id='line_1_98' title="bbox 214 5315 1832 5395; baseline -0.004 -17"><span class='ocrx_word' id='word_1_661' title='bbox 214 5320 645 5395; x_wconf 79' lang='grc' dir='ltr'>παρασχομένῳ</span> <span class='ocrx_word' id='word_1_662' title='bbox 672 5318 767 5374; x_wconf 78' lang='grc' dir='ltr'><strong>τοῦ</strong></span> <span class='ocrx_word' id='word_1_663' title='bbox 803 5317 1062 5389; x_wconf 75' lang='grc' dir='ltr'>φωτίζειν</span> <span class='ocrx_word' id='word_1_664' title='bbox 1091 5316 1191 5390; x_wconf 80' lang='grc' dir='ltr'>τὴν</span> <span class='ocrx_word' id='word_1_665' title='bbox 1222 5315 1420 5381; x_wconf 84' lang='grc' dir='ltr'>νύκτα,</span> <span class='ocrx_word' id='word_1_666' title='bbox 1444 5316 1543 5371; x_wconf 79' lang='grc' dir='ltr'>καὶ</span> <span class='ocrx_word' id='word_1_667' title='bbox 1578 5318 1701 5382; x_wconf 84' lang='grc' dir='ltr'>ταῖς</span> <span class='ocrx_word' id='word_1_668' title='bbox 1722 5315 1832 5371; x_wconf 88' lang='grc' dir='ltr'>λοι-</span> 
     </span>
    </p>
   </div>
   <div class='ocr_carea' id='block_1_99' title="bbox 210 5408 1829 5490">
    <p class='ocr_par' dir='ltr' id='par_1_99' title="bbox 210 5408 1829 5490">
     <span class='ocr_line' id='line_1_99' title="bbox 210 5408 1829 5490; baseline -0.006 -19"><span class='ocrx_word' id='word_1_669' title='bbox 210 5417 362 5480; x_wconf 78' lang='grc' dir='ltr'>παῖς</span> <span class='ocrx_word' id='word_1_670' title='bbox 397 5413 611 5485; x_wconf 87' lang='grc' dir='ltr'>χρείαις</span> <span class='ocrx_word' id='word_1_671' title='bbox 656 5415 778 5477; x_wconf 88' lang='grc' dir='ltr'>ταῖς</span> <span class='ocrx_word' id='word_1_672' title='bbox 811 5410 955 5465; x_wconf 90' lang='grc' dir='ltr'><strong>κατά</strong></span> <span class='ocrx_word' id='word_1_673' title='bbox 986 5410 1078 5465; x_wconf 81' lang='grc' dir='ltr'>τὸν</span> <span class='ocrx_word' id='word_1_674' title='bbox 1130 5409 1246 5481; x_wconf 81' lang='grc' dir='ltr'>βίον</span> <span class='ocrx_word' id='word_1_675' title='bbox 1284 5409 1620 5490; x_wconf 60' lang='grc' dir='ltr'>ὐπηρετεῖν.</span> <span class='ocrx_word' id='word_1_676' title='bbox 1657 5408 1829 5463; x_wconf 86' lang='grc' dir='ltr'>Ὅταν</span> 
     </span>
    </p>
   </div>
   <div class='ocr_carea' id='block_1_100' title="bbox 210 5496 1830 5576">
    <p class='ocr_par' dir='ltr' id='par_1_100' title="bbox 210 5496 1830 5576">
     <span class='ocr_line' id='line_1_100' title="bbox 210 5496 1830 5576; baseline -0.004 -16"><span class='ocrx_word' id='word_1_677' title='bbox 210 5496 548 5576; x_wconf 62' lang='grc' dir='ltr'>ἀναϐλέψῃς</span> <span class='ocrx_word' id='word_1_678' title='bbox 582 5504 718 5575; x_wconf 82' lang='grc' dir='ltr'>πρὸς</span> <span class='ocrx_word' id='word_1_679' title='bbox 747 5500 1000 5574; x_wconf 76' lang='grc' dir='ltr'>οὐρανὸν,</span> <span class='ocrx_word' id='word_1_680' title='bbox 1028 5500 1126 5557; x_wconf 73' lang='grc' dir='ltr'>καὶ</span> <span class='ocrx_word' id='word_1_681' title='bbox 1151 5499 1293 5574; x_wconf 80' lang='grc' dir='ltr'>πρὸς</span> <span class='ocrx_word' id='word_1_682' title='bbox 1324 5497 1399 5552; x_wconf 79' lang='grc' dir='ltr'>τὰ.</span> <span class='ocrx_word' id='word_1_683' title='bbox 1427 5497 1538 5552; x_wconf 87' lang='grc' dir='ltr'><strong>τῶν</strong></span> <span class='ocrx_word' id='word_1_684' title='bbox 1578 5497 1830 5569; x_wconf 80' lang='grc' dir='ltr'>ἀστέρων</span> 
     </span>
    </p>
   </div>
   <div class='ocr_carea' id='block_1_101' title="bbox 209 5591 1831 5669">
    <p class='ocr_par' dir='ltr' id='par_1_101' title="bbox 209 5591 1831 5669">
     <span class='ocr_line' id='line_1_101' title="bbox 209 5591 1831 5669; baseline -0.007 -13"><span class='ocrx_word' id='word_1_685' title='bbox 209 5599 555 5669; x_wconf 78' lang='grc' dir='ltr'>ὲνατενίσῃς</span> <span class='ocrx_word' id='word_1_686' title='bbox 584 5596 782 5667; x_wconf 80' lang='grc' dir='ltr'>κάλλη,</span> <span class='ocrx_word' id='word_1_687' title='bbox 814 5595 1124 5667; x_wconf 84' lang='grc' dir='ltr'>προσεύχου</span> <span class='ocrx_word' id='word_1_688' title='bbox 1161 5593 1240 5664; x_wconf 84' lang='grc' dir='ltr'>τῷ</span> <span class='ocrx_word' id='word_1_689' title='bbox 1268 5592 1520 5666; x_wconf 80' lang='grc' dir='ltr'>Δεσπότῃ</span> <span class='ocrx_word' id='word_1_690' title='bbox 1540 5591 1655 5647; x_wconf 86' lang='grc' dir='ltr'><strong>τῶν</strong></span> <span class='ocrx_word' id='word_1_691' title='bbox 1688 5593 1831 5663; x_wconf 81' lang='grc' dir='ltr'>ὁρω-</span> 
     </span>
    </p>
   </div>
   <div class='ocr_carea' id='block_1_102' title="bbox 212 5672 1828 5768">
    <p class='ocr_par' dir='ltr' id='par_1_102' title="bbox 212 5672 1828 5768">
     <span class='ocr_line' id='line_1_102' title="bbox 212 5672 1828 5768; baseline -0.008 -18"><span class='ocrx_word' id='word_1_692' title='bbox 212 5694 439 5768; x_wconf 82' lang='grc' dir='ltr'>μένων,</span> <span class='ocrx_word' id='word_1_693' title='bbox 473 5672 571 5747; x_wconf 55' lang='grc' dir='ltr'>καίι</span> <span class='ocrx_word' id='word_1_694' title='bbox 614 5688 916 5762; x_wconf 85' lang='grc' dir='ltr'>προσκύνει</span> <span class='ocrx_word' id='word_1_695' title='bbox 954 5688 1047 5744; x_wconf 79' lang='grc' dir='ltr'>τὸν</span> <span class='ocrx_word' id='word_1_696' title='bbox 1103 5685 1499 5758; x_wconf 77' lang='grc' dir='ltr'>ἀριστοτέχνην</span> <span class='ocrx_word' id='word_1_697' title='bbox 1545 5683 1656 5747; x_wconf 86' lang='grc' dir='ltr'><strong>τῶν</strong></span> <span class='ocrx_word' id='word_1_698' title='bbox 1687 5684 1828 5739; x_wconf 83' lang='grc' dir='ltr'>ὅλων</span> 
     </span>
    </p>
   </div>
   <div class='ocr_carea' id='block_1_103' title="bbox 202 5780 1363 5856">
    <p class='ocr_par' dir='ltr' id='par_1_103' title="bbox 202 5780 1363 5856">
     <span class='ocr_line' id='line_1_103' title="bbox 202 5780 1363 5856; baseline -0.008 -14"><span class='ocrx_word' id='word_1_699' title='bbox 202 5787 391 5855; x_wconf 75' lang='grc' dir='ltr'>Θεὸν,</span> <span class='ocrx_word' id='word_1_700' title='bbox 430 5785 489 5851; x_wconf 80' lang='grc' dir='ltr'>ὃς</span> <span class='ocrx_word' id='word_1_701' title='bbox 516 5786 574 5841; x_wconf 83' lang='grc' dir='ltr'><strong>έν</strong></span> <span class='ocrx_word' id='word_1_702' title='bbox 599 5783 763 5856; x_wconf 79' lang='grc' dir='ltr'>σοφίᾳ</span> <span class='ocrx_word' id='word_1_703' title='bbox 785 5782 856 5839; x_wconf 76' lang='grc' dir='ltr'><strong>τὰ</strong></span> <span class='ocrx_word' id='word_1_704' title='bbox 884 5781 1062 5838; x_wconf 84' lang='grc' dir='ltr'>πάντα</span> <span class='ocrx_word' id='word_1_705' title='bbox 1082 5780 1363 5852; x_wconf 76' lang='grc' dir='ltr'>εποίησεν.</span> 
     </span>
    </p>
   </div>
   <div class='ocr_carea' id='block_1_104' title="bbox 292 5953 1826 6045">
    <p class='ocr_par' dir='ltr' id='par_1_104' title="bbox 292 5953 1826 6045">
     <span class='ocr_line' id='line_1_104' title="bbox 292 5953 1826 6045; baseline -0.016 -12"><span class='ocrx_word' id='word_1_706' title='bbox 292 5979 480 6032; x_wconf 82' lang='grc' dir='ltr'>Ὅταν</span> <span class='ocrx_word' id='word_1_707' title='bbox 517 5974 649 6045; x_wconf 85' lang='grc' dir='ltr'>περί</span> <span class='ocrx_word' id='word_1_708' title='bbox 671 5988 816 6040; x_wconf 84' lang='grc' dir='ltr'>τινος</span> <span class='ocrx_word' id='word_1_709' title='bbox 846 5964 1056 6039; x_wconf 82' lang='grc' dir='ltr'>ἀγαθοῦ</span> <span class='ocrx_word' id='word_1_710' title='bbox 1100 5959 1495 6037; x_wconf 84' lang='grc' dir='ltr'>παρακαλέσῃς</span> <span class='ocrx_word' id='word_1_711' title='bbox 1527 5956 1619 6015; x_wconf 74' lang='grc' dir='ltr'>τὸν</span> <span class='ocrx_word' id='word_1_712' title='bbox 1665 5953 1826 6026; x_wconf 77' lang='grc' dir='ltr'>Θεὸν,</span> 
     </span>
    </p>
   </div>
   <div class='ocr_carea' id='block_1_105' title="bbox 1929 4744 3519 4819">
    <p class='ocr_par' dir='ltr' id='par_1_105' title="bbox 1929 4744 3519 4819">
     <span class='ocr_line' id='line_1_105' title="bbox 1929 4744 3519 4819; baseline -0.001 -17"><span class='ocrx_word' id='word_1_713' title='bbox 1929 4746 2092 4804; x_wconf 89' lang='lat' dir='ltr'><strong>habe.</strong></span> <span class='ocrx_word' id='word_1_714' title='bbox 2120 4746 2255 4803; x_wconf 88' lang='lat' dir='ltr'><strong>Cum</strong></span> <span class='ocrx_word' id='word_1_715' title='bbox 2288 4758 2340 4805; x_wconf 89' lang='lat' dir='ltr'><strong>te</strong></span> <span class='ocrx_word' id='word_1_716' title='bbox 2369 4756 2524 4805; x_wconf 88' lang='lat' dir='ltr'><strong>veste</strong></span> <span class='ocrx_word' id='word_1_717' title='bbox 2567 4746 2804 4819; x_wconf 81' lang='lat' dir='ltr'><strong>obtegis,</strong></span> <span class='ocrx_word' id='word_1_718' title='bbox 2855 4745 2942 4802; x_wconf 90' lang='lat' dir='ltr'><strong>fac</strong></span> <span class='ocrx_word' id='word_1_719' title='bbox 2988 4755 3117 4804; x_wconf 76' lang='lat' dir='ltr'><strong>tuus</strong></span> <span class='ocrx_word' id='word_1_720' title='bbox 3162 4760 3297 4817; x_wconf 84' lang='lat' dir='ltr'><strong>erga</strong></span> <span class='ocrx_word' id='word_1_721' title='bbox 3342 4744 3519 4801; x_wconf 85' lang='lat' dir='ltr'><strong>Deum</strong></span> 
     </span>
    </p>
   </div>
   <div class='ocr_carea' id='block_1_106' title="bbox 1929 4837 3522 4913">
    <p class='ocr_par' dir='ltr' id='par_1_106' title="bbox 1929 4837 3522 4913">
     <span class='ocr_line' id='line_1_106' title="bbox 1929 4837 3522 4913; baseline 0.002 -20"><span class='ocrx_word' id='word_1_722' title='bbox 1929 4853 2085 4897; x_wconf 86' lang='lat' dir='ltr'><strong>amor</strong></span> <span class='ocrx_word' id='word_1_723' title='bbox 2116 4850 2353 4909; x_wconf 85' lang='lat' dir='ltr'><strong>crescat,</strong></span> <span class='ocrx_word' id='word_1_724' title='bbox 2404 4841 2501 4913; x_wconf 83' lang='lat' dir='ltr'><strong>qui</strong></span> <span class='ocrx_word' id='word_1_725' title='bbox 2534 4839 2862 4897; x_wconf 84' lang='lat' dir='ltr'><strong>indumenta</strong></span> <span class='ocrx_word' id='word_1_726' title='bbox 2921 4847 2976 4896; x_wconf 86' lang='lat' dir='ltr'><strong>et</strong></span> <span class='ocrx_word' id='word_1_727' title='bbox 3004 4837 3212 4907; x_wconf 63' lang='lat' dir='ltr'><strong>aestati,</strong></span> <span class='ocrx_word' id='word_1_728' title='bbox 3254 4844 3311 4896; x_wconf 82' lang='lat' dir='ltr'><strong>et</strong></span> <span class='ocrx_word' id='word_1_729' title='bbox 3355 4838 3522 4896; x_wconf 84' lang='lat' dir='ltr'><strong>hiemi</strong></span> 
     </span>
    </p>
   </div>
   <div class='ocr_carea' id='block_1_107' title="bbox 1927 4931 3545 5006">
    <p class='ocr_par' dir='ltr' id='par_1_107' title="bbox 1927 4931 3545 5006">
     <span class='ocr_line' id='line_1_107' title="bbox 1927 4931 3545 5006; baseline -0.003 -19"><span class='ocrx_word' id='word_1_730' title='bbox 1927 4937 2346 4995; x_wconf 85' lang='lat' dir='ltr'><strong>accommodata</strong></span> <span class='ocrx_word' id='word_1_731' title='bbox 2367 4935 2530 4999; x_wconf 86' lang='lat' dir='ltr'><strong>nobis</strong></span> <span class='ocrx_word' id='word_1_732' title='bbox 2549 4933 2805 5006; x_wconf 74' lang='lat' dir='ltr'><strong>praebuit,</strong></span> <span class='ocrx_word' id='word_1_733' title='bbox 2831 4932 3037 5005; x_wconf 89' lang='lat' dir='ltr'><strong>quibus</strong></span> <span class='ocrx_word' id='word_1_734' title='bbox 3057 4946 3185 4989; x_wconf 88' lang='lat' dir='ltr'><strong>cum</strong></span> <span class='ocrx_word' id='word_1_735' title='bbox 3206 4931 3320 4987; x_wconf 90' lang='lat' dir='ltr'><strong>vita</strong></span> <span class='ocrx_word' id='word_1_736' title='bbox 3338 4938 3545 4987; x_wconf 88' lang='lat' dir='ltr'><strong>nostra.</strong></span> 
     </span>
    </p>
   </div>
   <div class='ocr_carea' id='block_1_108' title="bbox 1929 5018 3535 5103">
    <p class='ocr_par' dir='ltr' id='par_1_108' title="bbox 1929 5018 3535 5103">
     <span class='ocr_line' id='line_1_108' title="bbox 1929 5018 3535 5103; baseline -0.006 -19"><span class='ocrx_word' id='word_1_737' title='bbox 1929 5035 2309 5103; x_wconf 79' lang='lat' dir='ltr'><strong>conservatur,</strong></span> <span class='ocrx_word' id='word_1_738' title='bbox 2356 5037 2475 5103; x_wconf 79' lang='lat' dir='ltr'><strong>tum</strong></span> <span class='ocrx_word' id='word_1_739' title='bbox 2518 5025 2836 5083; x_wconf 81' lang='lat' dir='ltr'><strong>obscenitas</strong></span> <span class='ocrx_word' id='word_1_740' title='bbox 2896 5035 3091 5085; x_wconf 74' lang='lat' dir='ltr'><strong>nosua</strong></span> <span class='ocrx_word' id='word_1_741' title='bbox 3144 5023 3367 5096; x_wconf 82' lang='lat' dir='ltr'><strong>tegitur.</strong></span> <span class='ocrx_word' id='word_1_742' title='bbox 3401 5018 3535 5079; x_wconf 89' lang='lat' dir='ltr'><strong>Dies</strong></span> 
     </span>
    </p>
   </div>
   <div class='ocr_carea' id='block_1_109' title="bbox 1930 5100 3534 5194">
    <p class='ocr_par' dir='ltr' id='par_1_109' title="bbox 1930 5100 3534 5194">
     <span class='ocr_line' id='line_1_109' title="bbox 1930 5100 3534 5194; baseline -0.008 -16"><span class='ocrx_word' id='word_1_743' title='bbox 1930 5137 2071 5194; x_wconf 88' lang='lat' dir='ltr'><strong>pene</strong></span> <span class='ocrx_word' id='word_1_744' title='bbox 2114 5100 2337 5181; x_wconf 79' lang='lat' dir='ltr'><strong>illuxit?</strong></span> <span class='ocrx_word' id='word_1_745' title='bbox 2376 5100 2695 5193; x_wconf 27' lang='lat' dir='ltr'><strong>ei&#39;gratiam</strong></span> <span class='ocrx_word' id='word_1_746' title='bbox 2733 5116 2878 5173; x_wconf 84' lang='lat' dir='ltr'><strong>habe</strong></span> <span class='ocrx_word' id='word_1_747' title='bbox 2906 5116 3006 5189; x_wconf 86' lang='lat' dir='ltr'><strong>qui</strong></span> <span class='ocrx_word' id='word_1_748' title='bbox 3043 5115 3230 5182; x_wconf 86' lang='lat' dir='ltr'><strong>nobis,</strong></span> <span class='ocrx_word' id='word_1_749' title='bbox 3260 5120 3316 5170; x_wconf 89' lang='lat' dir='ltr'><strong>et</strong></span> <span class='ocrx_word' id='word_1_750' title='bbox 3363 5111 3534 5169; x_wconf 86' lang='lat' dir='ltr'><strong>solem</strong></span> 
     </span>
    </p>
   </div>
   <div class='ocr_carea' id='block_1_110' title="bbox 1931 5207 3537 5287">
    <p class='ocr_par' dir='ltr' id='par_1_110' title="bbox 1931 5207 3537 5287">
     <span class='ocr_line' id='line_1_110' title="bbox 1931 5207 3537 5287; baseline -0.006 -19"><span class='ocrx_word' id='word_1_751' title='bbox 1931 5214 1999 5269; x_wconf 89' lang='lat' dir='ltr'><strong>ad</strong></span> <span class='ocrx_word' id='word_1_752' title='bbox 2036 5211 2364 5271; x_wconf 89' lang='lat' dir='ltr'><strong>diurnorum</strong></span> <span class='ocrx_word' id='word_1_753' title='bbox 2396 5224 2626 5287; x_wconf 89' lang='lat' dir='ltr'><strong>operum</strong></span> <span class='ocrx_word' id='word_1_754' title='bbox 2651 5208 3051 5272; x_wconf 87' lang='lat' dir='ltr'><strong>ministerium,</strong></span> <span class='ocrx_word' id='word_1_755' title='bbox 3076 5213 3134 5265; x_wconf 88' lang='lat' dir='ltr'><strong>et</strong></span> <span class='ocrx_word' id='word_1_756' title='bbox 3173 5207 3378 5280; x_wconf 78' lang='lat' dir='ltr'><strong>ignem,</strong></span> <span class='ocrx_word' id='word_1_757' title='bbox 3414 5212 3537 5259; x_wconf 89' lang='lat' dir='ltr'><strong>tum</strong></span> 
     </span>
    </p>
   </div>
   <div class='ocr_carea' id='block_1_111' title="bbox 1933 5297 3537 5370">
    <p class='ocr_par' dir='ltr' id='par_1_111' title="bbox 1933 5297 3537 5370">
     <span class='ocr_line' id='line_1_111' title="bbox 1933 5297 3537 5370; baseline -0.006 -10"><span class='ocrx_word' id='word_1_758' title='bbox 1933 5305 1999 5361; x_wconf 87' lang='lat' dir='ltr'><strong>ad</strong></span> <span class='ocrx_word' id='word_1_759' title='bbox 2030 5302 2418 5361; x_wconf 87' lang='lat' dir='ltr'><strong>illustrandam</strong></span> <span class='ocrx_word' id='word_1_760' title='bbox 2453 5309 2699 5370; x_wconf 86' lang='lat' dir='ltr'><strong>noctem,</strong></span> <span class='ocrx_word' id='word_1_761' title='bbox 2727 5308 2845 5357; x_wconf 89' lang='lat' dir='ltr'><strong>tum</strong></span> <span class='ocrx_word' id='word_1_762' title='bbox 2884 5299 2955 5358; x_wconf 88' lang='lat' dir='ltr'><strong>ad</strong></span> <span class='ocrx_word' id='word_1_763' title='bbox 3001 5299 3248 5368; x_wconf 85' lang='lat' dir='ltr'><strong>reliquas</strong></span> <span class='ocrx_word' id='word_1_764' title='bbox 3280 5297 3407 5353; x_wconf 68' lang='lat' dir='ltr'><strong>vim</strong></span> <span class='ocrx_word' id='word_1_765' title='bbox 3436 5310 3537 5352; x_wconf 86' lang='lat' dir='ltr'><strong>ue-</strong></span> 
     </span>
    </p>
   </div>
   <div class='ocr_carea' id='block_1_112' title="bbox 1931 5389 3537 5469">
    <p class='ocr_par' dir='ltr' id='par_1_112' title="bbox 1931 5389 3537 5469">
     <span class='ocr_line' id='line_1_112' title="bbox 1931 5389 3537 5469; baseline -0.007 -15"><span class='ocrx_word' id='word_1_766' title='bbox 1931 5397 2223 5454; x_wconf 83' lang='lat' dir='ltr'><strong>cessitates</strong></span> <span class='ocrx_word' id='word_1_767' title='bbox 2276 5395 2584 5469; x_wconf 76' lang='lat' dir='ltr'><strong>explendas</strong></span> <span class='ocrx_word' id='word_1_768' title='bbox 2612 5393 2928 5467; x_wconf 83' lang='lat' dir='ltr'><strong>concessit.</strong></span> <span class='ocrx_word' id='word_1_769' title='bbox 2980 5390 3102 5447; x_wconf 75' lang='lat' dir='ltr'><strong>Nox</strong></span> <span class='ocrx_word' id='word_1_770' title='bbox 3140 5405 3336 5447; x_wconf 83' lang='lat' dir='ltr'><strong>rursus</strong></span> <span class='ocrx_word' id='word_1_771' title='bbox 3391 5389 3537 5444; x_wconf 79' lang='lat' dir='ltr'><strong>alias</strong></span> 
     </span>
    </p>
   </div>
   <div class='ocr_carea' id='block_1_113' title="bbox 1932 5483 3534 5561">
    <p class='ocr_par' dir='ltr' id='par_1_113' title="bbox 1932 5483 3534 5561">
     <span class='ocr_line' id='line_1_113' title="bbox 1932 5483 3534 5561; baseline -0.004 -18"><span class='ocrx_word' id='word_1_772' title='bbox 1932 5487 2194 5560; x_wconf 86' lang='lat' dir='ltr'><strong>precandi</strong></span> <span class='ocrx_word' id='word_1_773' title='bbox 2228 5487 2856 5561; x_wconf 78' lang='lat' dir='ltr'><strong>materias‘suppeditet.</strong></span> <span class='ocrx_word' id='word_1_774' title='bbox 2887 5484 3023 5543; x_wconf 88' lang='lat' dir='ltr'><strong>Cum</strong></span> <span class='ocrx_word' id='word_1_775' title='bbox 3059 5485 3115 5541; x_wconf 90' lang='lat' dir='ltr'><strong>in</strong></span> <span class='ocrx_word' id='word_1_776' title='bbox 3152 5483 3355 5540; x_wconf 74' lang='lat' dir='ltr'><strong>caelum</strong></span> <span class='ocrx_word' id='word_1_777' title='bbox 3396 5496 3534 5539; x_wconf 86' lang='lat' dir='ltr'><strong>ocu-</strong></span> 
     </span>
    </p>
   </div>
   <div class='ocr_carea' id='block_1_114' title="bbox 1935 5574 3535 5655">
    <p class='ocr_par' dir='ltr' id='par_1_114' title="bbox 1935 5574 3535 5655">
     <span class='ocr_line' id='line_1_114' title="bbox 1935 5574 3535 5655; baseline -0.006 -18"><span class='ocrx_word' id='word_1_778' title='bbox 1935 5582 2019 5640; x_wconf 81' lang='lat' dir='ltr'><strong>los</strong></span> <span class='ocrx_word' id='word_1_779' title='bbox 2049 5581 2278 5649; x_wconf 86' lang='lat' dir='ltr'><strong>attollis,</strong></span> <span class='ocrx_word' id='word_1_780' title='bbox 2323 5596 2390 5638; x_wconf 88' lang='lat' dir='ltr'><strong>ac</strong></span> <span class='ocrx_word' id='word_1_781' title='bbox 2419 5581 2665 5637; x_wconf 78' lang='lat' dir='ltr'><strong>siderum</strong></span> <span class='ocrx_word' id='word_1_782' title='bbox 2692 5577 3165 5655; x_wconf 84' lang='lat' dir='ltr'><strong>pulchritudinem</strong></span> <span class='ocrx_word' id='word_1_783' title='bbox 3199 5574 3409 5645; x_wconf 90' lang='lat' dir='ltr'><strong>cernis,</strong></span> <span class='ocrx_word' id='word_1_784' title='bbox 3433 5588 3535 5630; x_wconf 78' lang='lat' dir='ltr'><strong>ora</strong></span> 
     </span>
    </p>
   </div>
   <div class='ocr_carea' id='block_1_115' title="bbox 1933 5666 3526 5745">
    <p class='ocr_par' dir='ltr' id='par_1_115' title="bbox 1933 5666 3526 5745">
     <span class='ocr_line' id='line_1_115' title="bbox 1933 5666 3526 5745; baseline -0.004 -17"><span class='ocrx_word' id='word_1_785' title='bbox 1933 5674 2470 5733; x_wconf 63' lang='lat' dir='ltr'><strong>Dominum’eorum</strong></span> <span class='ocrx_word' id='word_1_786' title='bbox 2518 5688 2644 5745; x_wconf 69' lang='lat' dir='ltr'><strong>quae</strong></span> <span class='ocrx_word' id='word_1_787' title='bbox 2694 5671 2998 5738; x_wconf 88' lang='lat' dir='ltr'><strong>contueris,</strong></span> <span class='ocrx_word' id='word_1_788' title='bbox 3030 5677 3086 5727; x_wconf 87' lang='lat' dir='ltr'><strong>et</strong></span> <span class='ocrx_word' id='word_1_789' title='bbox 3138 5666 3526 5743; x_wconf 51' lang='lat' dir='ltr'><strong>pratuautissh</strong></span> 
     </span>
    </p>
   </div>
   <div class='ocr_carea' id='block_1_116' title="bbox 1935 5755 3531 5830">
    <p class='ocr_par' dir='ltr' id='par_1_116' title="bbox 1935 5755 3531 5830">
     <span class='ocr_line' id='line_1_116' title="bbox 1935 5755 3531 5830; baseline -0.008 -9"><span class='ocrx_word' id='word_1_790' title='bbox 1935 5781 2084 5822; x_wconf 91' lang='lat' dir='ltr'><strong>mum</strong></span> <span class='ocrx_word' id='word_1_791' title='bbox 2137 5765 2384 5825; x_wconf 91' lang='lat' dir='ltr'><strong>omnium</strong></span> <span class='ocrx_word' id='word_1_792' title='bbox 2441 5776 2623 5820; x_wconf 81' lang='lat' dir='ltr'><strong>rerum</strong></span> <span class='ocrx_word' id='word_1_793' title='bbox 2661 5763 2927 5821; x_wconf 82' lang='lat' dir='ltr'><strong>artiﬁcem</strong></span> <span class='ocrx_word' id='word_1_794' title='bbox 2964 5760 3161 5826; x_wconf 83' lang='lat' dir='ltr'><strong>Deum,</strong></span> <span class='ocrx_word' id='word_1_795' title='bbox 3214 5757 3307 5830; x_wconf 86' lang='lat' dir='ltr'><strong>qui</strong></span> <span class='ocrx_word' id='word_1_796' title='bbox 3342 5755 3531 5813; x_wconf 82' lang='lat' dir='ltr'><strong>oumia</strong></span> 
     </span>
    </p>
   </div>
   <div class='ocr_carea' id='block_1_117' title="bbox 1937 5856 3413 5931">
    <p class='ocr_par' dir='ltr' id='par_1_117' title="bbox 1937 5856 3413 5931">
     <span class='ocr_line' id='line_1_117' title="bbox 1937 5856 3413 5931; baseline -0.006 -15"><span class='ocrx_word' id='word_1_797' title='bbox 1937 5859 2215 5930; x_wconf 76' lang='lat' dir='ltr'><strong>sapienter</strong></span> <span class='ocrx_word' id='word_1_798' title='bbox 2251 5856 2516 5922; x_wconf 85' lang='lat' dir='ltr'><strong>condidit,</strong></span> <span class='ocrx_word' id='word_1_799' title='bbox 2559 5857 2769 5931; x_wconf 86' lang='lat' dir='ltr'><strong>adora._</strong></span> <span class='ocrx_word' id='word_1_800' title='bbox 3408 5918 3413 5925; x_wconf 39' lang='grc'><strong>,</strong></span> 
     </span>
    </p>
   </div>
   <div class='ocr_carea' id='block_1_118' title="bbox 2011 5942 3527 6039">
    <p class='ocr_par' dir='ltr' id='par_1_118' title="bbox 2011 5942 3527 6039">
     <span class='ocr_line' id='line_1_118' title="bbox 2011 5942 3527 6039; baseline -0.012 -31"><span class='ocrx_word' id='word_1_801' title='bbox 2011 5949 2069 6009; x_wconf 91' lang='lat' dir='ltr'><strong>S.</strong></span> <span class='ocrx_word' id='word_1_802' title='bbox 2103 5948 2244 6007; x_wconf 87' lang='lat' dir='ltr'><strong>Nili.</strong></span> <span class='ocrx_word' id='word_1_803' title='bbox 2281 5980 2350 5994; x_wconf 91' lang='lat'><strong>—-</strong></span> <span class='ocrx_word' id='word_1_804' title='bbox 2388 5949 2528 6009; x_wconf 87' lang='lat' dir='ltr'><strong>Cum</strong></span> <span class='ocrx_word' id='word_1_805' title='bbox 2575 5947 2708 6007; x_wconf 84' lang='lat' dir='ltr'><strong>boni</strong></span> <span class='ocrx_word' id='word_1_806' title='bbox 2759 5944 3070 6017; x_wconf 85' lang='lat' dir='ltr'><strong>cujuspiam</strong></span> <span class='ocrx_word' id='word_1_807' title='bbox 3130 5954 3300 5998; x_wconf 84' lang='lat' dir='ltr'><strong>causa</strong></span> <span class='ocrx_word' id='word_1_808' title='bbox 3354 5942 3527 6039; x_wconf 57' lang='lat' dir='ltr'><strong>ficum</strong></span> 
     </span>
    </p>
   </div>
  </div>
