4028 6408
533 438 672 504 1455

1728 438 1788 498 S.
1815 437 1850 501 Ι
1854 437 2059 499 ΟΑΝΝ
2067 436 2140 498 IS
2179 435 2616 500 DAMASCENI

3664 445 3782 514 1456

524 558 813 618 obsecras,
847 565 949 607 nec
983 557 1034 606 te
1088 547 1177 605 ille
1213 549 1398 606 statim
1431 544 1676 618 exaudit,
1723 567 1798 611 ne
1826 559 2114 622 propterea

2224 551 2320 606 καὶ
2351 551 2428 625 μὴ
2462 551 2764 627 εἰσακούσῃ
2793 571 2889 608 σου
2924 556 3266 627 παραυτίκα,
3315 558 3394 629 μὴ
3441 559 3781 644 ὀλι-ινιιιιρήσεηςν

527 649 770 713 fatiscas,
809 651 915 701 .aut
957 643 1160 716 pusillo
1216 643 1547 714 abjectoque
1601 643 1788 699 animo
1833 644 1933 700 sis.
1982 640 2120 699 Fre-

524 749 759 809 quenter
781 737 926 792 enim
957 735 1011 791 id
1045 735 1190 807 quod
1217 734 1486 805 postulas,
1514 734 1571 789 in
1605 749 1850 804 praesens
1876 734 1979 789 tibi
2008 749 2119 791 non

524 827 806 887 conducit.
836 827 1047 896 Omnis,
1073 826 1273 897 inquit,
1298 826 1390 896 qui
1416 825 1542 894 petit
1566 825 1757 894 accipit
1777 823 1997 897 (Matth.
2022 841 2117 894 vtt,

523 924 598 993 8).
628 923 702 978 lta
729 922 954 977 demum
989 927 1173 976 autem
1208 919 1434 988 accipit,
1463 917 1512 974 si
1543 916 1636 973 illa
1662 925 1816 988 petat
1846 933 1970 990 quae
2002 919 2122 974 ani-

523 1028 628 1068 ma:
662 1028 778 1068 suae
812 1009 1182 1067 conducibilia
1224 1008 1359 1063 sint.

596 1104 788 1177 Ejusd.
823 1135 893 1145 -—
919 1104 1069 1159 Inter
1096 1102 1389 1167 orandum,
1423 1115 1528 1160 nec
1562 1118 1717 1175 opes,
1747 1116 1851 1158 nec
1889 1115 2122 1174 prospe-

523 1214 640 1254 ram
668 1196 1061 1262 valetudinem,
1090 1211 1192 1252 nec
1221 1195 1466 1252 hostium
1499 1197 1767 1251 ultionem
1802 1204 1994 1266 petas;
2025 1193 2120 1251 sed

517 1308 588 1348 ea
628 1291 899 1347 duntaxat
947 1305 1072 1360 qua:
1131 1287 1198 1342 ad
1263 1290 1460 1344 animae
1502 1288 1739 1344 salutem
1797 1287 2122 1358 adjumento

525 1385 660 1438 sint.

597 1477 734 1531 Cum
773 1474 916 1529 male
939 1482 994 1528 et
1020 1474 1186 1528 noxie
1219 1469 1428 1542 aliquid
1453 1471 1618 1541 petis,
1657 1468 1857 1525 similis
1887 1465 2122 1524 elliceris

526 1567 736 1624 homini
769 1567 919 1621 febre
971 1565 1273 1629 laboranti,
1322 1564 1416 1634 qui
1450 1562 1613 1618 enixe
1645 1562 1849 1632 rogitet
1897 1566 1957 1616 ut
2013 1560 2121 1616 sibi

525 1665 715 1718 vinum
787 1659 1124 1732 porrigatur.
1172 1657 1318 1716 Deus
1347 1673 1499 1721 vero,
1535 1656 1630 1728 qui
1690 1657 1876 1712 futura
1907 1655 2120 1726 prospi-

525 1756 623 1822 cit,
659 1753 940 1824 cupiditati
999 1759 1106 1807 tuze
1161 1765 1372 1805 morem
1406 1765 1516 1805 non
1575 1750 1751 1822 gerit,
1808 1761 1912 1804 nec
1971 1746 2120 1818 quod

525 1846 692 1900 stulte
719 1843 990 1915 postulas,
1017 1843 1266 1914 largitur.
1552 1835 1556 1838 ’

2226 644 2362 716 μηδὲ
2394 645 2839 720 μικροψυχήσῃς.
2868 649 3138 714 Πολλάκις
3167 650 3276 723 γὰρ
3302 651 3440 722 πρὸς
3463 651 3524 706 τὸ
3542 660 3707 729 παρὸν
3727 665 3782 720 οὐ

2223 739 2497 810 συμφέρει
2527 756 2611 794 σοι
2639 739 2702 795 τὸ
2751 740 2981 813 αἴτημα.
3025 740 3154 809 Πᾶς
3188 745 3222 797 ό
3271 743 3474 799 (ἡτῶν
3497 751 3785 822 λαμϐάνει,

2221 832 2380 994 ιἷησί.
2415 830 2703 904 Λαμὸάνει
2735 832 2812 900 δὲ,
2850 833 3010 907 εἴπερ
3040 833 3230 908 ζητοίη
3255 835 3325 892 τὰ
3358 839 3697 910 συμφέροντα
3727 852 3787 922 τῇ

2267 925 2392 994 υχῇ.

2267 925 2392 996 υχῇ.

2293 1105 2387 1179 Μὴ
2419 1105 2651 1162 πλοῦτον
2685 1108 2745 1162 ὲν
2774 1111 3052 1182 προσευχῇ
3085 1108 3351 1183 ζητήσῃς,
3389 1113 3465 1186 μὴ
3497 1114 3695 1186 ὑγείαν,
3724 1123 3790 1195 μὴ

2222 1198 2331 1253 τῶν
2362 1198 2576 1271 ὲχθρῶν
2623 1199 2862 1271 ἄμυναν,
2917 1202 2994 1274 μὴ
3044 1203 3208 1272 δόξαν
3256 1205 3635 1279 ἀνθρωπίνην,
3671 1213 3792 1269 ἀλλὰ

2226 1291 2388 1363 μόνον
2417 1291 2487 1346 τὰ
2509 1291 2871 1348 συντελοῦντα
2901 1295 3041 1368 πρὸς
3094 1297 3375 1369 σωτηρίαν
3403 1298 3606 1370 ψυχῆς.

2306 1467 2436 1524 Ἐὰν
2491 1469 2679 1533 κακῶς
2713 1470 2808 1525 καὶ
2859 1471 3198 1544 ἀξυμφόρως
3247 1475 3444 1540 αίτεῖς,
3499 1471 3795 1554 καθάπερδ

2234 1561 2527 1632 πυρέττων
2579 1562 2870 1635 ἄνθρωπος
2913 1566 3228 1636 παρακαλεῖ
3292 1571 3604 1641 παρασχεῖν
3663 1575 3798 1647 αὐτῷ

2222 1647 2390 1720 οἶνον,
2421 1653 2790 1726 προσὸλέπων
2822 1657 2850 1709 6
2893 1655 3028 1722 Θεὸς
3051 1657 3120 1711 τὰ
3157 1658 3448 1729 μέλλοντα,
3477 1661 3543 1714 ού
3586 1667 3724 1718 ποιεῖ
3745 1667 3801 1720 to

2225 1746 2443 1820 θέλημά
2469 1764 2564 1803 σου
2590 1764 2604 1779 ·
2637 1749 2700 1803 οὐ
2723 1749 2955 1822 παρέχει
2991 1749 3091 1822 τὴν
3121 1751 3412 1822 ἀλόγιστον
3442 1755 3682 1827 αἴτησιν.

593 1936 657 1992 S.
690 1906 884 1991 Euseb.
912 1906 1305 1991 QProditoris
1334 1933 1488 1990 Judae
1517 1935 1895 2000 recordemur,
1919 1943 1980 1991 ut
2011 1949 2114 1990 non

2256 1929 2266 1944 '
2297 1927 2647 2001 Μνησθῶμεν
2674 1929 2770 1983 τοῦ
2807 1928 3074 2001 προδότου
3133 1930 3330 1998 Ἰούδα,
3361 1931 3457 1987 καὶ
3482 1932 3563 2005 μὴ
3593 1933 3800 2001 ἐξέλθω-

519 2043 583 2083 ex
610 2029 842 2086 ecclesia
879 2029 1074 2100 pedem
1126 2029 1458 2086 referamus.
1490 2027 1608 2084 Hoc
1657 2028 1804 2084 enim
1839 2029 1917 2084 illi
1946 2029 2122 2084 ruinas

519 2120 734 2176 initium
767 2122 892 2186 fuit,
916 2122 1062 2192 quod
1096 2122 1152 2176 in
1185 2121 1437 2177 oratione
1470 2135 1583 2199 non
1617 2119 1957 2191 perstiterit.
1982 2119 2120 2174 Nam

520 2227 647 2268 cum
678 2213 894 2284 primus
925 2215 1172 2270 omnium
1204 2228 1400 2283 panem
1449 2213 1782 2282 accepisset,
1818 2211 2120 2279 discessit;

519 2303 822 2376 statimque
852 2305 1086 2361 Satanas
1111 2305 1167 2360 in
1205 2319 1331 2359 eum
1359 2303 1607 2368 intravit,
1640 2303 1802 2374 isque
1835 2303 1902 2359 ad
1933 2302 2122 2374 prodi-

519 2397 726 2451 tionem
773 2396 1108 2468 properavit.
1167 2393 1464 2462 Quocirca,
1525 2394 1573 2450 si
1629 2395 1782 2466 quis,
1825 2402 2121 2465 antequam

519 2487 756 2545 abeundi
789 2497 1039 2561 potestas
1094 2488 1213 2553 fiat,
1259 2488 1476 2556 abierit,
1532 2489 1777 2556 easdem,
1834 2503 1900 2543 ac
1949 2487 2122 2544 Judas

519 2598 712 2654 poenas
747 2582 1046 2653 persolvet.
1099 2580 1178 2637 Ne
1217 2581 1386 2652 igitur
1423 2581 1841 2636 committamus
1880 2587 1941 2635 ut
1991 2591 2124 2651 pro-

518 2685 643 2744 pter
673 2689 837 2729 unam
881 2676 1072 2728 horam
1115 2688 1244 2727 cum
1291 2671 1432 2726 Juda
1473 2671 1934 2727 condemnemur.
1974 2671 2120 2726 Nihil

517 2761 680 2816 nobis
738 2760 1008 2816 molestiae
1052 2760 1464 2832 permansionis
1515 2775 1671 2816 mora
1725 2761 1964 2816 allatura
2011 2770 2118 2818 est.

514 2851 634 2908 Non
662 2859 964 2924 tempestas
994 2853 1144 2908 intus
1179 2862 1286 2918 est,
1333 2867 1447 2908 non
1479 2852 1649 2924 ignis,
1685 2867 1796 2907 non
1839 2853 1948 2908 alia
1984 2868 2118 2925 sup-

518 2935 677 3016 plicia
689 2985 703 3000 .

586 3033 646 3089 S.
685 3032 826 3089 Nili.
851 3031 1085 3089 -—Cutn
1129 3031 1398 3089 Dominus
1449 3033 1504 3088 in
1546 3031 1863 3106 Evangeliis
1903 3036 2118 3093 homini

515 3124 658 3180 dicat
692 3142 704 3179 :
743 3122 902 3179 Omni
951 3123 1146 3192 petenti
1182 3132 1232 3177 te
1275 3124 1348 3177 da
1397 3122 1785 3194 eleemosynam
1818 3123 1986 3194 (Luc.
2036 3141 2113 3190 VI,

2226 2041 2326 2097 μεν
2355 2023 2455 2094 τῆς
2506 2022 2832 2090 ἐκκλησίας.
2889 2023 3120 2095 Ἐκείνῳ
3171 2023 3284 2096 γάρ
3340 2026 3491 2098 ἀρχὴ
3541 2027 3800 2097 ἀπωλείας

2221 2117 2436 2186 γέγονε,
2472 2114 2534 2170 τὸ
2567 2115 2641 2186 μὴ
2673 2115 3020 2187 παραμένειν
3052 2119 3120 2190 τῇ
3162 2116 3318 2190 εὐχῇ.
3361 2117 3564 2173 Λαϐὼν
3585 2120 3690 2194 γὰρ
3717 2123 3799 2177 τὸν

2224 2208 2391 2281 ἄρτον
2426 2211 2647 2277 πρῶτος
2672 2207 2784 2261 τῶν
2818 2206 3026 2263 λοιπῶν
3061 2209 3281 2280 ἐξῆλθε,
3312 2209 3412 2265 καὶ
3440 2211 3649 2276 εὐθέως
3675 2215 3797 2285 ἐχώ-

2228 2321 2395 2374 ρησεν
2429 2305 2511 2368 είς
2540 2302 2705 2357 αὑτὸν
2738 2303 2767 2356 6
2809 2303 3080 2368 Σατανᾶς,
3128 2303 3227 2359 καὶ
3257 2306 3338 2369 είς
3386 2304 3495 2375 τὴν
3529 2307 3798 2377 προδοσίαν

2222 2396 2579 2450 ἐσπούδασεν.
2622 2395 2749 2449 Ἐὰν
2777 2393 2872 2451 οὖν
2889 2413 2973 2460 τις
2996 2393 3105 2467 πρὸ
3127 2398 3226 2469 τῆς
3253 2396 3581 2459 ἀπολύσεως
3602 2397 3798 2471 ἐξέλθῃ,

2221 2489 2321 2554 τὰς
2349 2488 2446 2543 τοῦ
2493 2487 2665 2543 Ἰούδα
2704 2487 2940 2552 εὐθύνας
2983 2487 3257 2543 ἀποτίσει.
3290 2487 3384 2559 Μὴ
3426 2482 3528 2542 οὖν
3558 2488 3645 2542 διὰ
3684 2488 3801 2558 μίαν

2220 2581 2373 2655 ὥραν
2406 2582 2692 2653 μέλλωμεν
2737 2581 2878 2653 μετά
2941 2580 3116 2634 Ἰούδα
3152 2579 3607 2653 κατακρίνεσθαι.
3648 2579 3800 2633 Οὐδὲν

2220 2678 2370 2749 ἡμᾶς
2399 2676 2634 2750 βαρήσει
2659 2677 2694 2748 ή
2727 2675 3023 2749 παραμονή
3045 2691 3060 2708 ·
3096 2674 3160 2728 οὐ
3195 2673 3479 2747 χειμῶνας
3513 2673 3656 2729 ἔνδον
3678 2672 3801 2744 ἔχει,

2219 2771 2282 2825 οὐ
2319 2769 2457 2843 πῦρ,
2490 2770 2591 2842 οὐχ
2617 2769 2785 2841 ἔτερα
2811 2767 3172 2840 κολαστήρια.

2290 3027 2353 3080 El
2373 3025 2524 3095 λέγει
2544 3024 2623 3096 τῷ
2645 3023 2923 3098 ἀνθρώπῳ
2944 3025 2973 3078 6
2988 3024 3197 3097 Κύριος
3216 3025 3275 3079 ἐν
3291 3025 3404 3090 τοῖς
3430 3023 3798 3096 Εὑαγγελίοις,

2217 3121 2322 3183 ὅτι,
2349 3118 2536 3174 Παντὶ
2559 3116 2640 3184 τῷ
2659 3116 2930 3173 αἰτοῦντί
2947 3134 3020 3172 σε
3034 3117 3208 3175 δίδου
3230 3119 3346 3188 τὴν
3363 3119 3798 3190 ἐλεημοσύνην,

514 3215 660 3286 50);
694 3223 903 3285 quanto
938 3215 1113 3286 magis
1169 3214 1441 3272 Dominus
1494 3216 1613 3286 ipse
1651 3217 1882 3273 cuilibet
1935 3216 2114 3273 oranti

2224 3211 2403 3284 πολλῷ
2459 3211 2662 3283 μᾶλλον
2719 3211 2883 3276 αὐτὸς
2939 3214 2967 3266 6
3001 3211 3209 3284 Κύριος
3245 3213 3413 3267 παντὶ
3452 3213 3537 3285 τῷ
3579 3212 3801 3284 δεομένῳ

515 3307 890 3378 amplissimas
921 3305 1361 3371 misericordias,
1388 3314 1443 3362 et
1485 3319 1841 3379 peccatorum
1873 3311 2114 3375 veniam,

515 3401 1005 3471 molestiarnmque
1051 3399 1460 3470 depulsionem,
1513 3401 1624 3456 imo
1665 3409 1932 3457 sexcenta
1968 3403 2114 3460 bona

513 3495 749 3549 daturus
777 3500 864 3548 est
892 3493 906 3546 i

581 3584 840 3640 Christus
865 3583 1112 3639 omnium
1137 3583 1256 3639 Rex
1283 3591 1338 3641 et
1363 3582 1529 3652 Deus,
1557 3584 1626 3641 iis
1651 3585 1746 3656 qui
1781 3600 1848 3641 ex
1874 3600 1979 3658 ope
2015 3601 2115 3642 sua

511 3676 772 3748 pendent,
811 3685 862 3732 et
898 3676 1092 3731 intimo
1119 3683 1348 3746 pectore
1379 3677 1777 3747 ingemiseunt,
1808 3677 2116 3749 quamlibet

513 3765 703 3821 multis
751 3773 1104 3836 peccatorum
1169 3767 1406 3822 sarcinis
1455 3768 1644 3822 onusti
1695 3769 1829 3836 sint,
1884 3768 2114 3824 minime

516 3865 702 3911 tamen
735 3855 1107 3911 adversatur:
1139 3857 1276 3928 quin
1322 3858 1508 3928 potius
1557 3859 1796 3930 benigne
1849 3869 2113 3931 acceptos

513 3956 733 4021 purgat,
759 3949 1073 4020 adoptionis
1103 3949 1310 4004 donum
1335 3951 1416 4005 eis
1445 3951 1698 4021 largitur,
1722 3959 1779 4008 et
1807 3968 2112 4026 progressu

515 4042 784 4114 temporis
806 4042 1077 4098 virtutum
1108 4043 1336 4115 opiﬁces
1376 4045 1576 4102 reddit.

509 4229 673 4307 473
711 4229 1012 4292 ΤιτΝιη.
1042 4235 1217 4320 —_De
1271 4237 1626 4311 eleemasyna,
1675 4249 1726 4296 et
1767 4240 2110 4312 beneﬁcentia

1103 4325 1156 4362 an
1189 4325 1471 4379 pauperes.

583 4391 742 4448 Deut.
782 4411 875 4462 xv,
927 4395 1024 4450 Ἡ.
1054 4426 1128 4437 -
1157 4415 1177 4448 ι
1216 4396 1339 4453 Non
1372 4399 1551 4455 deerit
1603 4416 1813 4472 pauper
1843 4402 1899 4457 in
1932 4409 2105 4458 terra.

510 4483 807 4556 PrOpterea
840 4500 944 4559 ego
1000 4488 1270 4560 pratcipio
1314 4491 1416 4546 tibi
1453 4491 1634 4547 facere
1663 4494 1894 4548 verbum
1935 4494 2107 4561 istud,

2219 3305 2380 3358 δώσει
2412 3304 2650 3358 πλούσια
2678 3302 2749 3358 τά
2796 3302 2948 3375 ὲλέη,
2982 3304 3078 3359 καὶ
3113 3305 3223 3359 τῶν
3263 3306 3686 3378 ἁμαρτημάτων
3714 3305 3801 3376 τὴν

2218 3397 2438 3467 ἄφεσιν,
2469 3394 2697 3450 καὶτῶν
2719 3394 2985 3468 λυπηρῶν
3011 3396 3112 3467 τὴν
3151 3394 3329 3464 λύσιν,
3349 3398 3420 3451 τά
3453 3397 3628 3470 μυρία
3651 3397 3799 3458 καλᾴ.

2288 3573 2528 3647 Χριστὸς
2563 3576 2594 3629 6
2649 3574 3034 3647 παμϐασιλεὺς
3065 3575 3204 3641 Θεὸς
3241 3575 3510 3648 οὐδαμῶς
3547 3575 3802 3647 ἀποστρέ-

2216 3687 2378 3740 φεται
2410 3670 2538 3733 τοὺς
2581 3669 2725 3740 πρὸς
2769 3668 2934 3724 αὐτὸν
2964 3671 3291 3742 κεχηνότας,
3322 3671 3420 3725 καὶ
3463 3671 3576 3725 ἀπὸ
3615 3669 3800 3741 βάθους

2215 3762 2448 3834 καρδίας
2478 3762 2860 3827 στενάζοντας,
2915 3761 3022 3817 κᾶν
3069 3762 3289 3827 πολλοῖς
3313 3765 3685 3835 ἁμαρτήμασι
3708 3780 3800 3816 πε-

2216 3855 2572 3926 φορτισμένοι
2615 3855 2985 3926 τυγχάνωσιν,
3033 3854 3172 3909 ἀλλὰ
3217 3854 3315 3909 καὶ
3364 3856 3683 3926 προσίεται,
3714 3852 3802 3907 καὶ

2214 3946 2505 4019 καθαρίζει
2529 3946 2778 4011 τούτους,
2804 3947 2906 4018 τῆς
2933 3946 3211 4010 υἱοθεσίας
3239 3945 3505 4018 δωρεῖται
3535 3945 3798 4017 χάρισμα,

2212 4041 2308 4094 καὶ
2381 4039 2598 4112 ἀρετῶν
2671 4039 2914 4111 ἐργάτας
2967 4039 3266 4111 ἀποφαίνει
3340 4037 3636 4110 προϊόντος
3714 4034 3800 4090 τοῦ

2212 4133 2430 4204 χρόνου.

2213 4246 2398 4304 ΤΙΤΛ.
2426 4247 2510 4302 Η’.
2542 4273 2616 4287 -
2635 4243 2777 4315 Περὶ
2803 4244 3245 4324 ἐλεημοοξύνης,
3271 4243 3371 4299 καὶ
3390 4244 3670 4312 εὐποιΐας
3695 4242 3802 4298 τῶν

2871 4329 3150 4385 πτωχων.

2290 4427 2310 4461 ι
2340 4409 2414 4463 Οὐ
2476 4409 2554 4482 μὴ
2609 4408 2840 4481 ἐκλείπῃ
2885 4409 3073 4481 ἐνδεὴς
3099 4409 3210 4464 ἀπὸ
3233 4408 3336 4483 τῆς
3365 4409 3495 4482 γῆς.
3528 4408 3631 4464 Διά
3655 4407 3804 4462 τοῦτο

2212 4500 2324 4570 ἐγώ
2359 4518 2440 4555 σοι
2458 4501 2779 4574 ἐντέλλομαι
2807 4505 2986 4558 ποιεῖν
3017 4503 3080 4556 τὸ
3135 4504 3291 4576 ῥῆμα
3344 4505 3534 4571 τοῦτο,
3589 4503 3762 4574 λέγων
3789 4515 3802 4530 °

510 4577 749 4635 dicens:
789 4580 1063 4650 Aperiens
1101 4581 1321 4651 aperies
1368 4599 1568 4640 manus
1627 4593 1751 4640 tuas
1801 4585 1961 4642 fratri
2010 4594 2107 4643 tuo

2225 4594 2487 4662 Ἀνοίγων
2539 4594 2779 4660 ἀνοίξεις
2829 4594 2929 4660 τὰς
2980 4597 3174 4668 χεῖράς
3205 4615 3299 4651 σου
3329 4596 3411 4669 τῷ
3441 4595 3666 4667 ἀδελφῷ
3695 4611 3802 4655 σου,

508 4670 738 4740 pauperi
797 4681 854 4726 et
901 4671 1196 4741 indigenti.
1244 4692 1263 4725 ι
1295 4704 1361 4713 -
1402 4672 1454 4730 7.
1489 4693 1514 4727 ·‹
1555 4672 1677 4730 Νοη
1713 4684 1934 4734 avertes
1987 4694 2108 4734 ma-

509 4777 642 4817 num
678 4771 828 4817 tuam
857 4777 888 4816 a
925 4761 1098 4820 fratre
1125 4773 1243 4819 tuo.
1283 4783 1305 4817 ι

571 4852 741 4908 -Deut.
767 4867 832 4921 ι,
867 4855 956 4910 l9.
991 4882 1061 4895 —
1093 4874 1112 4907 ι
1151 4853 1264 4926 Ego
1289 4855 1390 4911 tibi
1420 4855 1690 4927 praecipio
1720 4873 1911 4916 amare
1941 4859 2108 4919 adve-

511 4959 664 5010 nam,
690 4957 747 5001 et
777 4947 912 5002 dare
941 4948 992 5003 ei
1025 4963 1223 5019 panem
1250 4957 1307 5004 et
1336 4951 1761 5008 vestimentum.
1793 4975 1822 5002 ο

580 5035 685 5090 30b
736 5053 895 5104 xm,
929 5038 998 5094 52
1029 5048 1086 5094 et
1120 5039 1319 5108 16-20;
1357 5057 1516 5110 χιιι,
1549 5043 1636 5099 l5.
1679 5075 1748 5085 —
1773 5043 1950 5103 Janua
1981 5063 2104 5105 mea

512 5129 668 5186 omni
703 5131 955 5186 venienti
987 5137 1185 5202 aperta
1215 5142 1357 5188 erat.
1387 5134 1703 5193 Imbecillos
1730 5153 1798 5195 eo
1830 5155 1943 5211 quo
1967 5156 2107 5213 opus

515 5221 813 5287 habebant,
853 5221 1113 5278 frustrati
1165 5239 1275 5278 non
1313 5233 1442 5280 sunt
1474 5245 1487 5281 :
1537 5225 1721 5282 viduae
1752 5239 1940 5286 autem
1971 5247 2108 5288 ocu-

514 5314 627 5368 lum
662 5330 770 5370 non
803 5311 1059 5370 tabel‘e'ci.
1095 5315 1152 5370 Si
1185 5322 1239 5372 et
1273 5331 1470 5387 panem
1523 5332 1705 5374 meum
1751 5323 1969 5379 comedi
1999 5325 2108 5393 iso-

515 5404 624 5468 lus,
651 5412 706 5459 et
736 5419 848 5460 non
897 5405 1174 5477 pupillum
1207 5410 1535 5480 participem
1592 5409 1713 5482 ejus
1743 5411 1900 5469 feci?
1930 5425 2025 5472 aut
2057 5417 2104 5473 si

515 5496 742 5567 despexi
794 5498 1006 5553 nudum
1054 5511 1399 5571 pereuntem,
1441 5511 1498 5559 et
1533 5519 1644 5560 non
1688 5507 1886 5563 vestivi
1941 5511 2106 5565 eum?

506 5592 848 5680 impotentes
883 5602 1069 5649 autem
1100 5596 1148 5650 si
1192 5611 1305 5651 non
1353 5595 1768 5655 benedixerunt
1821 5601 1999 5657 mihi?
2036 5604 2105 5660 de

514 5693 745 5742 tonsura
774 5687 958 5742 ovium
994 5702 1244 5744 mearum
1279 5689 1542 5747 calefacti
1595 5700 1727 5748 sunt
1758 5694 1976 5750 humeri
2010 5711 2105 5752 eo-

512 5783 659 5831 rum.
691 5773 899 5834 Oculus
950 5793 1102 5835 eram
1156 5791 1435 5838 caecorum
1450 5784 1573 5857 ,ζει
1611 5799 1708 5856 pes
1746 5785 2097 5846 claudorum.

511 5863 675 5926 Pater
706 5883 856 5962 erant
884 5868 1312 5948 inﬁrmorum.)
1514 5862 1547 5875 "
1729 5857 1736 5860 ’
1986 5871 1988 5874 ’

2209 4685 2288 4757 τῷ
2321 4687 2516 4757 πένητι
2547 4684 2626 4757 τῷ
2659 4685 3019 4756 ἐπιδεομένῳ.
3068 4705 3088 4739 ι
3120 4716 3192 4728 --
3226 4707 3246 4739 ι
3284 4687 3402 4742 Οὐκ
3438 4684 3807 4759 ἀποστρέψεις

2205 4777 2307 4848 τὴν
2329 4778 2490 4848 χεῖρά
2523 4793 2620 4830 σου
2656 4775 2888 4831 ἐνώπιον
2916 4777 3013 4832 τοῦ
3047 4777 3304 4848 ἀδελφοῦ.
3346 4799 3366 4832 ι

2287 4889 2306 4922 ι
2343 4869 2487 4938 Ἐγὼ
2511 4886 2595 4923 σοι
2636 4869 2963 4940 ἐντέλλομαι
3013 4871 3236 4943 ἀγαπᾷν
3283 4871 3378 4926 τὸν
3437 4869 3802 4945 προσήλυτον,

2206 4962 2391 5018 δοῦναι
2421 4963 2572 5034 αὐτῷ
2596 4963 2763 5035 ἄρτον
2787 4965 2884 5018 καὶ
2914 4963 3149 5036 ίμάτιον.
3179 4983 3199 5018 ι
3484 4961 3489 4965 ’

2283 5074 2303 5109 ι
2343 5055 2409 5110 Ἦ
2445 5055 2588 5127 θύρα
2611 5073 2712 5127 μου
2756 5058 2922 5111 παντὶ
2953 5057 3165 5111 ἐλθόντι
3213 5057 3488 5130 ἡνέῳκτο.
3530 5056 3804 5112 Ἀδύνατοι

2207 5149 2399 5222 χρείαν
2427 5150 2496 5221 ἦν
2525 5166 2659 5203 ποτε
2676 5145 2845 5221 εἶχον,
2883 5151 2985 5204 οὐκ
3015 5140 3292 5222 ἀπέτυχον
3318 5166 3333 5181 ο
3373 5153 3563 5222 χήρας
3619 5151 3676 5216 δὲ
3723 5149 3804 5202 τὸν

2207 5244 2490 5316 ὀφθαλμὸν
2512 5245 2615 5298 οὐκ
2639 5243 2892 5315 ὲξέτηξα.
2914 5243 2978 5295 Εἰ
3009 5241 3069 5295 δὲ
3089 5241 3188 5296 καὶ
3214 5243 3307 5296 τὸν
3340 5242 3512 5313 ἄρτον
3545 5258 3653 5313 μου
3684 5240 3804 5309 ἔφα·

2206 5352 2306 5405 γον
2332 5335 2515 5407 μόνος,
2547 5339 2644 5390 καὶ
2674 5336 2796 5405 οὐχὶ
2811 5334 2908 5388 καὶ
2941 5333 3168 5407 ὀρφανῷ
3190 5334 3516 5406 μετέδωκα;
3555 5335 3606 5386 εί
3639 5333 3696 5386 δὲ
3719 5329 3804 5384 καὶ

2208 5428 2468 5499 παρεῖδον
2497 5429 2708 5501 γυμνὸν
2753 5427 3152 5497 ἀπολλύμενον,
3209 5420 3306 5482 καὶ
3363 5429 3468 5482 οὐκ
3517 5427 3801 5499 ὴμφίασας

2207 5520 2463 5574 ἀδύνατοι
2509 5519 2566 5573 δὲ
2627 5521 2676 5574 εί
2731 5519 2807 5592 μὴ
2862 5503 3179 5592 ηὐλόγησάν
3206 5536 3307 5590 με,
3354 5518 3466 5573 ἀπὺ
3514 5519 3574 5573 δὲ
3610 5516 3804 5586 κουρᾶς

2207 5610 2398 5682 ἀμνῶν
2430 5611 2532 5678 μού
2564 5611 2984 5683 ὲθερμάνθησαν
3035 5612 3088 5665 οἱ
3140 5604 3284 5682 ὦμοι
3319 5609 3529 5665 αὐτῶν.
3573 5605 3799 5679 Ὀφθαλι

2209 5702 2307 5773 μὸς
2329 5703 2362 5773 ἦ
2371 5719 2479 5774 μην
2498 5703 2740 5774 τυφλῶν,
2770 5703 2906 5771 ποῦς
2933 5704 2988 5759 δὲ
3011 5703 3236 5777 χωλῶν·
3273 5703 3383 5776 ἐγὼ
3425 5703 3587 5776 ἤμην
3618 5699 3800 5769 Πατὴρ

2205 5795 2502 5855 ἀδυνάτων.
2547 5816 2567 5851 ι
