4028 6412
300 375 443 442 1457

385 508 406 543 ι
460 491 517 545 '0
546 488 756 552 δίκαιος
780 485 1065 556 οἰκτείρει,
1097 481 1187 563 καὶ
1211 480 1414 536 δίδωσι.
1466 499 1486 534 ι

383 688 402 721 ι
436 666 731 738 Μακάριος
762 665 792 719 6
820 660 1024 718 συνιὼν
1068 660 1164 716 ἐπὶ
1186 659 1418 732 ξπτωχδν
1467 659 1564 714 καὶ
1598 659 1831 731 πένητα.
1877 678 1896 712 ι

385 867 406 900 ι
433 847 689 920 Χρηστδς
715 844 854 917 ἀνὴρ
885 843 914 898 6
938 843 1230 914 οἰκτείρων
1272 847 1368 899 καὶ
1409 845 1618 916 κιχρῶν
1643 861 1658 876 ο
1708 844 1904 918 ἐσκόρ-

299 957 490 1006 πισεν,
521 938 745 1002 ἔδωκεν,
787 956 806 991 ι
833 935 930 992 καὶ
953 935 1024 990 τὰ
1047 936 1234 992 λοιπά.

383 1051 404 1085 ι
439 1030 842 1104 Ἐλεημοσύναι
868 1029 961 1087 καὶ
1002 1030 1188 1093 πίστις
1229 1028 1305 1101 μὴ
1349 1027 1763 1086 ἑκλειπέτωσάν
1805 1048 1901 1084 σε·

296 1123 518 1195 ἐφαψαι
555 1122 614 1177 δὲ
631 1122 802 1186 αὑτὰς
825 1122 922 1176 ἐπὶ
944 1120 1022 1191 σῷ
1051 1122 1332 1192 τραχήλῳ,
1365 1120 1464 1175 καὶ
1494 1122 1756 1194 εὑρήσεις
1805 1124 1904 1194 χά-

301 1234 418 1288 ριν,
443 1217 538 1288 Μὴ
558 1215 778 1289 ἀπόσχῃ
799 1215 1041 1269 εὐποιεϊν
1067 1214 1259 1275 ἐνδεεῖ,
1295 1213 1460 1286 ἡνίκα
1483 1213 1550 1270 ἂν
1594 1215 1696 1289 ἔχῃ
1720 1218 1754 1288 ή
1780 1217 1904 1289 χείρ

299 1325 406 1362 σου
436 1307 673 1378 βοηθεῖν.
696 1305 789 1374 Μὴ
821 1304 983 1378 εἴπῃς
1004 1319 1020 1336 ⁵
1057 1303 1337 1359 Ἀπελθὼν
1373 1304 1644 1376 ἐπανῆκε,
1666 1308 1762 1362 καὶ
1805 1307 1903 1362 αὕ-

299 1397 634 1488 ριονῃδώσω,
650 1395 892 1488 Δδονατοῦ
927 1413 1024 1451 σου
1047 1396 1201 1462 ὄντος
1229 1397 1494 1453 εὐποιεῖν.
1515 1397 1592 1453 Οὐ
1617 1398 1728 1473 γὰρ
1755 1397 1902 1466 οἶδας

294 1486 358 1539 τί
391 1484 609 1552 τέξεται
638 1485 672 1556 ὴ
699 1484 950 1540 ἐπιοῦσα.
981 1505 1002 1540 ι

382 1685 403 1718 ι
425 1664 660 1735 Εὐλογία
690 1666 772 1730 είς
799 1667 1043 1739 κεφαλήν
1079 1669 1176 1723 τοῦ
1209 1671 1604 1742 μεταδιδόντος.
1646 1642 1900 1748 Τῇιψυχῇ

297 1757 478 1814 αὐτοῦ
503 1758 829 1829 ἅγαθοποιεῖ
852 1761 994 1834 ἀνὴρ
1026 1761 1150 1835 ὲλεή
1159 1780 1298 1834 μων.
1330 1783 1350 1818 ι

384 1956 404 1990 ι
438 1939 649 2012 Λύτρον
675 1941 855 2012 ψυχῆς
887 1942 1103 2015 ἀνδρὸς,
1134 1945 1164 2000 6
1197 1946 1334 2010 ῐδιος
1384 1945 1664 2013 πλοῦτος.“
1692 1948 1906 2004 Δίκαιοι

296 2029 640 2102 οἰκτείρουσι
680 2033 776 2089 καὶ
803 2033 1069 2093 ἐλεοῦσιν.
1096 2054 1118 2090 ι

384 2228 405 2262 ι
457 2209 518 2264 '0
535 2209 703 2266 ὲλεῶν
737 2211 978 2285 πτωχὸν,
1008 2217 1437 2298 μακαριστός.)

341 2411 418 2523 hc.
452 2393 827 2478 Ἐλεημοσύνῃ
854 2395 950 2450 καὶ
974 2397 1224 2453 πίστεσιν
1238 2398 1906 2476 ἀποκαθαίρονταιὰμαρ-

297 2501 440 2540 τεαι.
483 2506 503 2538 ι

381 2597 404 2632 ε
441 2580 500 2635 '0
525 2581 1026 2654 σπλαγχνιζόμενος
1057 2585 1434 2660 ὲλεηθήσεται.
1463 2609 1486 2643 ι

384 2782 406 2816 ι
450 2762 510 2817 ’0
567 2733 735 2818 ἐλεῶν
786 2763 1037 2836 πτωχὸν,
1093 2766 1333 2832 δανείζει
1374 2769 1533 2842 Θεῷο
1565 2771 1706 2827 κατὰ
1754 2774 1812 2828 δὲ
1845 2776 1906 2830 τὸ

302 2856 450 2926 δόμα
467 2854 635 2911 αὐτοῦ
657 2857 1030 2913 ἀνταποδώσει
1063 2859 1234 2931 αὐτῷ.
1275 2881 1295 2913 ι

383 2949 572 3004 «Ὅσοι
599 2948 804 3004 διδοῦσι
835 2951 1095 3022 πτωχοῖς,
1129 2951 1230 3007 οὐκ
1259 2953 1700 3028 ὲνδεηθήσονται.
1737 2977 1756 3011 ι

1591 367 1832 430 SACRA
1870 361 2312 427 PARALLELA
2324 349 2361 419 .¹
2882 446 2888 448 _

1927 479 1972 537 Α
2071 470 2231 528 Ρςαι.
2264 481 2456 532 xxxvi,
2493 464 2685 520 2l.—
2717 480 2735 514 ι
2780 447 2976 517 Justus
3022 454 3340 519 miseretur,
3384 460 3441 507 et
3489 447 3592 502 tri-

3458 334 3594 398 1458

2008 563 2152 621 buit.
2191 582 2213 617 ι

2077 655 2232 710 Prol.
2285 642 2374 722 ιι,
2440 638 2593 708 1.-ἐ
2624 667 2643 702 ι
2707 647 2910 704 Beatus
2962 645 3058 717 qui
3109 635 3593 713 intelligit.supcr

2007 765 2246 824 egenum
2275 755 2330 805 et
2359 758 2682 820 pauperem.
2720 760 2740 795 ι

2078 842 2232 899 Ρεαι.
2261 858 2346 910 ιιι,
2375 841 2466 896 15.
2487 868 2560 884 -
2591 856 2610 891 ι
2648 834 2937 892 Jucundus
2976 831 3144 886 homo
3173 828 3274 899 qui
3300 827 3596 882 miseretur

2008 940 2064 990 et
2096 931 2447 998 commodat;
2501 924 2788 999 dispersit,
2835 921 2989 978 dedit
3021 917 3386 990 pauperibus,
3419 933 3438 966 ι
3477 921 3588 985 et_c.

2082 1023 2242 1079 Prov.
2273 1039 2355 1089 ιιι,
2389 1023 2445 1089 5,
2478 1021 2533 1086 4,
2560 1018 2652 1084 27,
2687 1016 2780 1072 28.
2812 1045 2883 1056 —
2918 1032 2938 1066 ι
2970 1011 3347 1081 Eleemosynaa
3374 1014 3431 1062 et
3460 1003 3595 1059 ﬁdes

2005 1125 2062 1173 te
2095 1131 2206 1171 non
2233 1115 2497 1170 deserant
2529 1127 2544 1166 :
2578 1109 2744 1180 alliga
2781 1120 2881 1161 eas
2913 1104 3060 1158 collo
3101 1109 3222 1167 tuo,
3251 1107 3310 1156 et
3345 1094 3598 1152 invenies

2007 1210 2268 1280 gratiam.
2316 1205 2398 1262 Ne
2441 1204 2671 1260 desinas
2720 1197 3054 1256 benefacere
3080 1189 3372 1261 indigenti,
3412 1201 3591 1258 quan-

2008 1277 2106 1356 diu
2132 1306 2318 1372 potest
2361 1309 2560 1351 manus
2594 1299 2693 1348 tua
2745 1286 3005 1344 auxiliari
3036 1285 3110 1341 ei.
3146 1281 3228 1337 Ne
3264 1279 3456 1336 dicas:
3486 1277 3593 1330 Re-

2009 1369 2169 1448 diens
2224 1395 2532 1454 revertere,
2588 1393 2644 1440 et
2698 1397 2825 1440 cras
2879 1379 3024 1435 dabo
3074 1375 3197 1440 tibi,
3241 1387 3368 1429 cum
3402 1369 3594 1426 statim

2006 1483 2192 1555 possis
2225 1481 2578 1538 benefacere.
2611 1475 2732 1533 Non
2763 1474 2914 1532 enim
2950 1471 3065 1530 scis
3096 1467 3234 1542 quid
3287 1477 3595 1538 superven-

2011 1587 2132 1633 tura
2170 1575 2350 1646 pariet
2381 1574 2518 1630 dies.
2557 1590 2579 1626 ι

2083 1670 2244 1726 Prov.
2297 1685 2377 1735 ιι,
2420 1666 2515 1733 26,
2570 1663 2656 1718 17.
2683 1692 2755 1704 —-
2787 1679 2806 1714 ι
2864 1654 3197 1714 Benedictio
3227 1665 3392 1722 super
3428 1656 3598 1720 caput

2008 1765 2160 1820 illius
2187 1761 2281 1834 qui
2325 1756 2725 1816 communicat.
2781 1751 2996 1807 Anima:
3041 1763 3159 1804 suae
3206 1740 3484 1801 benefacit
3512 1739 3597 1793 vir

1935 1833 1978 1889 Β
2011 1855 2356 1913 misericors.
2405 1872 2426 1906 ι

2083 1948 2250 2002 Prov.
2307 1959 2429 2010 xm,
2494 1942 2642 1997 8.—
2679 1959 2698 1993 ι
2742 1932 3077 2005 Redemptio
3123 1928 3320 1985 animae
3349 1923 3476 1990 viri,
3509 1921 3594 1976 di-

2010 2039 2163 2096 vitia:
2193 2051 2335 2094 suae.
2369 2033 2517 2091 Justi
2553 2038 2918 2094 miserantur,
2960 2033 3018 2082 et
3045 2023 3452 2091 eleemosynam
3482 2022 3595 2069 tar-

2049 2132 2257 2187 iuntur.
2296 2149 2318 2183 ι

2051 2151 2257 2187 Iuntur.
2296 2151 2318 2183 ι

2012 2151 2045 2206 Β
2082 2222 2249 2278 Prov.
2314 2235 2432 2286 xlv,
2463 2220 2468 2224 ’
2495 2218 2586 2274 ii.
2618 2245 2688 2258 ——
2716 2232 2736 2268 ι
2803 2211 2908 2279 Qui
2959 2210 3255 2265 miseretur
3312 2196 3595 2272 pauperis,

2010 2317 2210 2374 beatus
2239 2311 2506 2370 dicendus
2539 2319 2645 2366 est.
2683 2327 2704 2361 ι

2083 2409 2247 2465 Prov.
2285 2423 2380 2474 xv,
2415 2404 2501 2460 l7.
2529 2432 2600 2444 -—
2630 2420 2649 2454 ι
2688 2392 3072 2455 Misericordia
3101 2400 3155 2446 et
3177 2388 3282 2445 [ide
3311 2383 3594 2441 redimun-

2008 2512 2100 2560 tur
2137 2507 2389 2572 peccata.
2421 2517 2440 2550 ι

2080 2567 2242 2648 Prov.
2290 2607 2431 2658 xvu,
2480 2588 2536 2644 5.
2570 2617 2641 2628 —
2670 2602 2689 2637 ι
2733 2580 2842 2651 Qui
2899 2578 3219 2640 miseratur,
3274 2567 3595 2626 misericor-

2007 2689 2156 2746 diam
2190 2692 2592 2756 consequetur.
2625 2700 2646 2735 ι

2078 2781 2247 2837 Prov.
2266 2795 2386 2846 ιιι,
2419 2777 2581 2833 l7.——
2605 2793 2625 2826 ι
2653 2773 2765 2829 Deo
2799 2770 3084 2826 feneratur
3128 2761 3226 2834 qui
3293 2756 3600 2812 miseretur

2009 2874 2312 2949 pauperis;
2343 2881 2399 2928 et
2431 2871 2593 2942 juxta
2623 2867 2835 2924 donum
2873 2876 3038 2921 suum
3084 2853 3362 2913 retribuet
3395 2849 3468 2904 ei.
3505 2865 3525 2898 ι

2081 2941 2242 3023 Prov.
2287 2941 2488 3029 xxvnr,
2534 2963 2626 3018 17.
2653 2992 2724 3004 ——
2757 2978 2776 3013 ι
2809 2958 3139 3026 Quicunque
3175 2950 3312 3006 dant
3339 2941 3600 3019 pauperi-

2009 3045 2137 3124 bus,
2168 3071 2284 3113 non
2319 3054 2666 3125 indigebunt.
2698 3069 2720 3105 ι

383 3145 420 3242 1
468 3125 1033 3242 '066cnftxatocdvnc
1087 3129 1184 3184 καὶ
1241 3131 1618 3207 ὲλεημοσύνης
1680 3135 1902 3210 εὑρήσει

2083 3149 2246 3205 Prov.
2277 3163 2397 3213 ιιι,
2445 3123 2539 3200 ἐι.
2570 3176 2640 3191 -
2675 3161 2695 3196 ι
2728 3140 2832 3196 Via
2863 3137 3097 3212 iustitiae
3135 3140 3189 3191 et
3207 3123 3602 3189 misericordiae

301 3216 454 3290 ζωὴν
484 3218 580 3272 καὶ
609 3217 790 3285 δόξαν.
834 3238 853 3270 ι

381 3329 402 3363 ι
434 3310 640 3382 ’Ἄνδρα
675 3311 860 3383 ἱλαρὸν
887 3314 982 3368 καὶ
1011 3314 1172 3387 δότην
1193 3313 1386 3388 ἀγαπᾷ
1416 3317 1445 3371 6
1479 3316 1634 3384 Θεός.
1674 3337 1694 3370 ι

386 3510 406 3543 ι
437 3492 556 3547 Πᾶν
587 3491 616 3546 ὃ
651 3493 750 3548 ἐὰν
783 3491 921 3566 εὕρῃ
944 3495 1067 3567 χείρ
1099 3512 1193 3550 σου
1216 3495 1312 3551 τοῦ
1365 3497 1614 3570 ποιῆσαι,
1672 3497 1773 3571 ὅση
1820 3497 1904 3553 δύ-

301 3583 474 3656 ναμίς
500 3600 595 3637 σου
617 3585 867 3656 ποίησον.
907 3605 926 3638 ι

443 3676 661 3744 Ἐγνων
710 3678 794 3732 ὅτι
850 3678 950 3731 οὐκ
987 3676 1136 3732 ἔστιν
1173 3679 1382 3749 ἀγαθὸν
1414 3681 1474 3736 ὲν
1501 3682 1709 3748 αὐτοῖς,
1741 3684 1791 3738 εί
1827 3685 1903 3759 μὴ

303 3766 957 3842 τοῦ,εὐφρανθῆναι,καὶ
994 3771 1092 3827 τοῦ
1131 3774 1357 3845 ποιῆσαι
1408 3775 1616 3845 ἀγαθὸν
1679 3778 1740 3834 ὲν
1788 3753 1952 3852 ’1

303 3861 498 3917 αὐτοῦ.
539 3880 558 3914 ι

383 3972 406 4007 ε
443 3955 519 4009 T6
539 3955 719 4028 κρῖμά
737 3973 840 4028 μου
868 3957 946 4022 ὼς
975 3957 1112 4028 φλὸξ
1155 3959 1524 4028 ἐξελεύσεται,
1572 3961 1708 4017 διότι
1753 3961 1904 4019 ἔλεον

304 4044 470 4113 Θέλω,
502 4047 599 4100 καὶ
614 4046 676 4100 οὐ
702 4046 919 4102 Θυσίαν.
951 4065 971 4100 ι

382 4248 404 4282 ι
435 4229 748 4301 Διᾶθρυπτε
795 4227 1056 4286 πεινῶντι
1102 4229 1196 4285 τὸν
1228 4231 1421 4300 ’ἄρτον
1456 4247 1578 4299 σου,
1614 4229 1712 4286 καὶ
1760 4248 1906 4286 πτω-

300 4324 437 4396 χοὺς
466 4322 738 4392 ἀστὲγους
761 4322 1030 4399 εἰσάγαγε
1055 4325 1136 4390 είς
1162 4321 1433 4380 τὸνόϊκόν
1457 4342 1576 4382 σου.
1621 4325 1754 4380 Ἐὰν
1789 4327 1906 4398 ἴδῃς

304 4419 537 4490 γυμνὸν,
564 4417 852 4490 περίϐαλε.
881 4417 1006 4473 Ἐὰν
1035 4417 1143 4489 δῷς
1167 4419 1428 4474 πεινῶντι
1472 4419 1567 4474 τὸν
1613 4419 1778 4493 ἄρτον
1809 4437 1904 4474 σου

2006 3241 2250 3298 inveniet
2279 3240 2452 3296 vitam
2483 3245 2541 3294 et
2569 3235 2826 3310 gloriam.
2868 3251 2890 3286 ι

2075 3330 2238 3385 Prov.
2288 3344 2431 3394 ιιιι,
2481 3326 2536 3382 8.
2567 3354 2642 3367 --
2677 3343 2698 3377 ι
2735 3322 2933 3379 Virum
2985 3319 3222 3375 hilarem
3260 3320 3316 3369 et
3345 3310 3594 3367 datorem

2004 3420 2191 3493 diligit
2221 3419 2393 3476 Deus.
2432 3435 2456 3470 ι

2076 3512 2257 3568 Eccle.
2286 3527 2364 3580 ιι,
2391 3511 2482 3567 10.
2515 3539 2587 3550 -
2620 3525 2644 3560 ι
2681 3505 3068 3574 Quodcunque
3093 3494 3370 3554 invenerit
3399 3503 3598 3545 manus

2005 3613 2100 3662 tua
2131 3605 2200 3661 ad
2232 3602 2576 3668 faciendum,
2608 3615 2712 3672 pro
2750 3597 2902 3653 virili
2932 3595 3121 3650 facito.
3156 3611 3182 3645 ι

2079 3697 2257 3758 Eccle.
2293 3713 2380 3764 ιιι,
2413 3696 2502 3751 ιε.
2529 3724 2600 3735 ——
2637 3711 2659 3748 ι
2698 3689 2945 3764 Cognovi
2975 3687 3126 3759 quod
3174 3698 3285 3740 non
3318 3690 3469 3740 esset
3495 3681 3596 3737 bo-

2005 3807 2137 3848 num
2165 3791 2224 3848 in
2264 3790 2397 3857 illis,
2447 3788 2556 3845 nisi
2585 3785 2790 3853 laetari,
2835 3789 2892 3840 et
2925 3781 3108 3838 facere
3147 3778 3356 3834 bonum
3389 3775 3447 3830 in
3479 3773 3599 3831 vita

2005 3899 2128 3942 sua.
2161 3902 2182 3938 Ι
3230 3930 3232 3932 τ

2081 3977 2216 4034 Osee
2263 3991 2342 4044 ιη,
2376 3973 2433 4030 6.
2467 4003 2535 4014 ——
2565 3991 2584 4025 ι
2621 3969 2904 4026 Iudicium
2938 3968 3140 4022 'meum
3186 3964 3337 4020 sicut
3380 3961 3598 4016 ﬂamma

2004 4069 2332 4144 egredietur
2362 4086 2377 4123 :
2412 4065 2685 4138 quoniam
2720 4059 3174 4118 misericordiam
3212 4056 3361 4136 volo,
3407 4061 3595 4108 etnon

2006 4160 2371 4220 sacriﬁcium.
2407 4176 2428 4212 ι

2079 4254 2198 4311 I‘sa.
2252 4267 2408 4320 LVIII,
2457 4251 2514 4317 7,
2547 4248 2604 4305 8.
2639 4261 2754 4298 -ι
2794 4243 3012 4315 Frange
3061 4238 3336 4298 esurienti
3392 4251 3607 4308 panem-

2008 4356 2186 4413 tuum,
2247 4352 2304 4400 et
2351 4355 2562 4414 egenos
2619 4337 2742 4394 sine
2785 4343 2938 4392 tecto
2983 4329 3242 4388 introduc
3279 4330 3334 4385 in
3366 4329 3597 4383 domum

2010 4450 2184 4497 tuam.
2235 4437 2296 4493 Si
2345 4434 2555 4492 videris
2578 4429 2842 4494 'nudum,
2891 4429 3048 4498 operi
3096 4439 3246 4488 eum.
3280 4423 3339 4478 Si
3369 4418 3598 4477 dederis

298 4510 368 4612 sx
395 4509 598 4612 ψυχῆς,
618 4509 922 4612 atat-dauth
949 4510 1426 4583 τεταπεινωμένην
1445 4510 1756 4584 ὲμπλήσῃς,
1784 4510 1905 4566 τότε

2038 4528 2290 4612 ιειιιῆθιιιί⁵
2332 4541 2530 4600 panem
2564 4533 2724 4580 tuum
2758 4535 2826 4577 ex
2857 4519 3071 4584 animo,
3104 4525 3161 4575 et
3202 4517 3444 4605 animam
3485 4513 3598 4567 bu-

302 4601 554 4656 ἀνατελεί
579 4603 638 4656 ἐν
673 4602 753 4672 τῷ
775 4602 960 4657 σκότει
985 4601 1049 4655 τὸ
1073 4601 1190 4672 φῶς
1212 4619 1329 4668 σου,
1359 4602 1455 4656 καὶ
1477 4603 1538 4656 τδ
1567 4602 1772 4668 σκότος’
1806 4620 1902 4658 σου

299 4693 380 4837 ei»:
439 4694 782 4768 μεσημϐρία,
813 4695 911 4751 καὶ
939 4695 1093 4750 ἔσται
1121 4695 1301 4760 ὁΘεδς
1333 4695 1472 4768 μετὰ
1500 4696 1596 4750 σοῦ
1641 4696 1733 4751 διὰ
1775 4714 1908 4752 παν-

300 4801 332 4837 τ
368 4803 416 4849 ς.
449 4804 467 4838 ι

379 4894 400 4928 ι
430 4877 690 4944 Βασιλεῦ,
731 4881 764 4952 ή
796 4879 962 4952 βουλή
997 4896 1102 4952 μου
1135 4879 1393 4952 ἀρεσὰτω
1423 4897 1507 4935 σοι
1539 4897 1556 4914 ·
1588 4881 1690 4946 τὰς
1719 4881 1904 4956 ἁμαρ-

223 4981 228 4986 ·
301 4970 432 5035 τίας
457 4987 552 5025 σου
582 4973 642 5026 ὲν
667 4973 1064 5046 ἐλεημοσύναις
1085 4975 1387 5048 λύτρωσαι,
1418 4976 1639 5041 καὶτὰς
1668 4976 1905 5049 ἀνομίας

304 5077 425 5123 σου,
461 5061 522 5114 ἐν
542 5063 851 5134 οίκτιρμοίς
883 5065 1156 5136 πενήτων.
1197 5083 1216 5118 ι

385 5171 404 5204 ι
446 5154 653 5220 Παντὸς
684 5155 1035 5229 δυνατωτέρα
1067 5157 1268 5231 ἐστὶνὴ
1293 5158 1570 5214 εὐσέϐεια.
1601 5178 1622 5211 ι

379 5374 402 5409 ι
440 5355 561 5430 Πῦρ
590 5357 991 5432 φλογιζόμενον
1013 5360 1349 5417 κατασϐέσει
1387 5361 1554 5435 ὕδωρ,
1606 5362 1702 5418 καὶ
1753 5364 1908 5436 ἐλεη-

307 5447 518 5520 μοσύνη
549 5449 826 5516 ἐξιλάσκει
856 5452 1156 5525 ἁμαρτίας.
1195 5471 1215 5506 ι

381 5559 403 5592 ι
442 5540 668 5609 Τέκνον,
695 5543 794 5616 τὴν
827 5545 972 5617 ζωὴν
1005 5545 1100 5600 τοῦ
1129 5547 1351 5618 πτωχοῦ
1385 5547 1461 5620 μὴ
1490 5550 1903 5622 ἀποστερήσῃς,

299 5628 403 5685 καὶ
439 5633 515 5704 μὴ
549 5634 909 5710 παρελκύσῃς
942 5638 1262 5709 ὀφθαλμοὺς
1292 5640 1386 5692 ἐπὶ
1422 5640 1645 5705 ἐνδεεῖς.
1707 5642 1903 5714 Ψυχὴν

304 5722 590 5780 πεινῶσαν
625 5726 702 5798 μὴ
749 5727 1025 5800 λυπήσῃς,
1067 5731 1168 5785 καὶ
1224 5731 1300 5802 μὴ
1351 5731 1708 5805 παρελκύσῃς
1755 5733 1904 5788 δόσιν

301 5813 684 5889 ὲπιδεομένου.
724 5820 817 5895 Μὴ
851 5822 1207 5897 ἁποστρέψῃς
1235 5823 1299 5880 τὸ
1327 5807 1618 5897 πρόσωπόν
1668 5843 1760 5882 σου
1795 5827 1902 5884 ἀπὸ

2009 4603 2290 4679 ιιιὶῐίιιισιιι
2332 4603 2628 4677 satiaveris
2675 4636 2690 4674 :
2752 4625 2890 4674 tunc
2941 4613 3158 4669 orietur
3222 4608 3281 4663 in
3344 4589 3595 4662 tenebris

2009 4715 2196 4770 lumen
2261 4721 2439 4780 tuum,
2475 4719 2530 4767 et
2565 4709 2811 4766 tenebrae
2855 4714 2967 4762 tuae
3015 4705 3162 4761 sicut
3205 4699 3492 4766 meridies,
3545 4704 3602 4754 et

2009 4807 2155 4864 Deus
2175 4815 2368 4862 tecum
2404 4805 2510 4862 erit
2536 4810 2826 4875 perpetuo.
2857 4819 2879 4854 ι

2079 4898 2223 4956 Dan.
2255 4915 2333 4966 1v,
2358 4897 2529 4952 26.——
2565 4915 2585 4950 ι
2623 4895 2764 4962 Rex,
2793 4891 3094 4950 consilium
3142 4902 3328 4944 meum
3357 4886 3453 4942 tibi
3482 4885 3599 4955 pla—

2008 4998 2132 5045 ceat
2152 5007 2167 5044 :
2187 4986 2554 5060 eleemosynis
2579 4992 2808 5057 peccata
2832 4991 2926 5038 tua
2950 4981 3182 5049 redime,
3201 4987 3256 5036 et
3276 4977 3602 5049 iniquitates

2008 5095 2137 5144 tuas
2172 5087 2229 5142 in
2261 5083 2728 5142 miserationibus
2764 5095 3096 5155 pauperum.
3138 5097 3158 5132 ι

2079 5179 2246 5253 474
2289 5177 2419 5250 Sap.
2481 5195 2537 5247 x,
2585 5177 2674 5232 12.
2706 5206 2779 5217 -
2828 5194 2846 5228 ι
2882 5173 3093 5242 Quavis
3141 5187 3204 5229 re
3265 5167 3464 5226 fortior
3515 5176 3604 5236 est

2005 5275 2200 5346 pietas.
2244 5289 2265 5325 ι

2081 5366 2250 5422 Eccli.
2285 5374 2369 5432 in,
2423 5363 2515 5421 50.
2543 5393 2616 5404 -
2644 5380 2664 5416 ι
2697 5361 2886 5434 Ignem
2939 5359 3226 5416 ardentem
3283 5356 3596 5428 exstinguit

2008 5477 2153 5534 aqua
2187 5479 2200 5516 :
2237 5468 2293 5517 et
2325 5459 2679 5529 eleemosyna
2713 5456 2905 5527 expiat
2939 5461 3194 5526 peccata.
3235 5470 3254 5503 ι

2082 5554 2251 5610 Eccli.
2280 5568 2358 5618 Iv,
2395 5553 2448 5619 Ι,
2476 5551 2532 5616 2,
2565 5551 2620 5614 5,
2652 5550 2783 5604 8.—-
2811 5568 2830 5602 ι
2866 5546 3000 5613 Fili,
3021 5547 3194 5602 vitam
3233 5543 3497 5617 pauperis
3530 5556 3598 5597 ne

2007 5645 2346 5710 defraudes;
2389 5651 2445 5699 et
2493 5641 2689 5698 oculos
2728 5650 2854 5697 tuos
2888 5653 2956 5694 ne
3006 5629 3355 5693 transvertas
3398 5649 3428 5688 a
3461 5648 3598 5704 pau-

2007 5753 2158 5810 pere.
2214 5735 2473 5790 Animam
2535 5733 2877 5791 esurientem
2929 5744 2999 5786 ne
3035 5729 3364 5797 contristes,
3415 5743 3604 5799 neque

2007 5829 2302 5922 abstrabas
2356 5828 2926 5906 donum‘indigenti.
2985 5828 3075 5905 Ne
3129 5835 3350 5890 avertas
3403 5823 3598 5883 oculos
