4028 6392
297 401 423 470 1161

1564 382 1805 444 SACRA
1847 376 2283 440 PARALLELA
2296 422 2308 433 .

3437 371 3574 434 1162

293 518 400 586 γάρ
419 513 572 566 ἐστιν
592 508 623 564 ὀ
647 503 922 577 θησαυρὸς
951 501 1129 574 ὐμῶν,
1147 500 1265 555 ἐκεῖ
1287 498 1381 553 καὶ
1412 498 1444 568 ἡ
1500 496 1697 567 καρδία
1733 491 1877 564 ὑμῶν

1996 487 2222 555 rumpit.
2278 481 2384 538 Ubi
2441 479 2590 537 enim
2653 479 2951 535 thesaurus
2995 484 3175 532 vester
3233 485 3339 545 est,
3397 480 3472 534 ibi
3524 492 3576 537 et

291 609 463 662 ἔσται.
501 622 522 654 ι

363 713 385 751 ι
421 693 650 760 Ἔλεγεν
693 693 722 744 ὁ
753 687 961 760 Κύριος
1007 687 1085 757 τῷ
1131 683 1424 756 κεκληκότι
1453 681 1614 736 αὐτόν
1647 697 1661 713 ·
1716 680 1886 733 Ὅταν

292 789 449 859 ποιῇς
474 782 755 853 ἀριστονῆ
783 781 1022 844 δεῖπνον,
1059 779 1134 851 μὴ
1151 777 1320 848 φώνει
1363 776 1491 839 τούς
1529 774 1716 844 φίλους
1763 790 1882 836 σου,

291 880 424 953 μηδὲ
452 877 704 947 γείτονας
749 872 1061 938 πλουσίους,
1111 871 1249 942 μηδὲ
1288 870 1415 932 τοὺς
1444 869 1726 936 συγγενεῖς
1766 883 1882 930 σου,

293 973 420 1044 μηδὲ
453 970 582 1033 τοὺς
613 965 877 1034 ἀδελφούς
907 982 1024 1028 σου,
1078 965 1289 1035 μήποτε
1331 962 1425 1016 καὶ
1453 960 1606 1014 αὐτοί
1643 977 1704 1014 σε
1732 960 1884 1014 ἀντι-

288 1061 578 1124 καλέσωσι,
611 1057 706 1113 καὶ
735 1054 1024 1128 γενήσεταί
1058 1071 1140 1111 σοι
1166 1054 1537 1122 ἀνταπόδομα.
1584 1051 1727 1105 Ἀλλ’
1754 1052 1884 1106 ὅταν

289 1154 443 1225 ποιῇς
469 1151 656 1223 δοχὴν,
690 1151 848 1205 κάλει
880 1149 1152 1220 πτωχοὺς,
1179 1149 1520 1220 ἀναπήρους,
1549 1146 1760 1218 χολούς,
1789 1163 1882 1200 τυ-

289 1244 450 1315 φλούς
475 1260 495 1276 ο
529 1243 627 1296 καὶ
648 1243 920 1314 μακάριος
940 1243 1062 1314 ἔσῃ,
1085 1242 1167 1294 ὅτι
1194 1241 1294 1294 οὐκ
1314 1239 1527 1311 ἔχουσιν
1547 1239 1882 1295 ἀνταποδοῦ-

287 1337 370 1390 ναί
397 1353 500 1391 σοι.
533 1335 1055 1408 ’Λνταποδοθήσεται
1103 1335 1213 1406 γάρ
1257 1351 1339 1389 σοι
1372 1337 1433 1390 ἐν
1460 1337 1526 1406 τῇ
1584 1334 1882 1391 ἀναστάσει

287 1430 394 1484 τῶν
415 1429 666 1484 δικαίων.
697 1447 717 1481 ι

359 1541 378 1574 ι
412 1522 580 1575 ΑὐτοὶΙ
598 1519 921 1590 γινώσκετε,
960 1520 1044 1573 ὅτι
1091 1520 1210 1583 ταῖς
1231 1518 1443 1590 χρείαις
1489 1537 1610 1591 μου,
1649 1521 1742 1574 καὶ
1769 1522 1878 1586 τοῖς

283 1612 400 1670 οὖσι
429 1614 554 1684 μετ’
605 1613 743 1684 ἐμοῦ
777 1613 1134 1684 ὑπηρέτησαν
1186 1613 1242 1665 al
1293 1613 1477 1682 χεῖρές
1531 1630 1656 1683 μου.
1695 1613 1880 1667 Πάντα

287 1705 541 1774 ὑπέδειξα
579 1707 730 1778 ὑμῖν,
762 1707 844 1760 ὅτι
881 1707 1056 1768 οὕτως
1088 1705 1395 1771 κοπιῶντας
1431 1705 1514 1759 δεῖ
1541 1706 1878 1778 ἀντιλαμϐά-

283 1801 464 1855 νεσθαι
490 1800 605 1854 τῶν
637 1799 1026 1859 ἀσθενούντων,
1081 1798 1443 1870 μνημονεύειν
1484 1799 1544 1854 δὲ
1566 1801 1675 1854 τῶν
1703 1800 1878 1869 λόγων
1917 1834 1956 1887 Β

283 1891 374 1946 τοῦ
401 1891 646 1964 Κυρίου,
696 1892 779 1945 ὅτι
811 1890 971 1955 αὐτὸς
1005 1887 1128 1945 εἷπε
1159 1909 1174 1922 ·
1206 1892 1493 1964 Μακάριόν
1521 1893 1638 1947 ἐστι
1679 1893 1880 1964 μᾶλλον

283 1986 499 2054 διδόναι,
533 1986 570 2056 ἦ
595 1985 916 2057 λαμϐάνειν.
954 2001 974 2038 ι

355 2184 374 2217 ι
414 2165 474 2219 '0
501 2163 820 2236 μεταδιδοὺς
867 2164 928 2217 ἐν
971 2164 1240 2237 ἁπλότητι
1264 2184 1277 2199 ·
1312 2168 1342 2222 6
1369 2168 1771 2241 προϊστάμενος
1820 2170 1879 2224 ὲν

287 2255 504 2327 σπουδῇ·
535 2258 566 2310 ὁ
593 2253 764 2310 ἐλεῶν
789 2257 848 2310 ἐν
877 2255 1176 2328 ίλαρότητι.
1216 2274 1235 2308 ι

355 2453 373 2487 ι
407 2435 467 2488 '0
499 2433 750 2506 σπείρων
779 2433 1136 2506 φειδομένως,
1164 2434 1499 2505 φειδομένως
1530 2436 1626 2490 καὶ
1645 2436 1873 2507 θερίσειο

283 2529 312 2580 6
343 2527 587 2598 σπείρων
614 2529 700 2580 ἐπ’
731 2526 1026 2596 εὐλογίαις,
1082 2529 1170 2581 ἐπ’
1195 2528 1476 2597 εὐλογίαις
1509 2527 1605 2582 καὶ
1644 2529 1871 2600 θερίσει.

287 2619 552 2682 Ἕκαστος
579 2618 655 2684 ὡς
687 2621 1027 2692 προαιρεῖται
1064 2623 1134 2692 τῇ
1160 2620 1377 2693 καρδίᾳ,
1415 2622 1491 2693 μὴ
1521 2624 1588 2677 ὲκ
1610 2623 1810 2694 λύπης,
1842 2624 1874 2694 ῆ

286 2711 340 2776 ἐξ
359 2712 633 2782 ἀνάγκης.
671 2712 879 2789 Ἰλαρὸν
901 2714 1012 2783 γὰρ
1038 2713 1198 2784 δότην
1228 2714 1422 2786 ἀγαπᾷ
1449 2717 1477 2768 ὁ
1507 2715 1661 2780 Θεός.
1689 2718 1876 2772 ΙΙᾶσαν

285 2801 617 2874 αὐτάρκειαν
646 2801 882 2873 ἔχοντες,
913 2804 1280 2874 περισσεύητε
1310 2807 1392 2870 είς
1419 2809 1528 2862 πᾶν
1554 2807 1713 2880 ἔργον
1742 2809 1879 2877 ἀγα-

286 2893 392 3038 Θέἒν,
453 2893 646 2960 καθὼς
701 2895 1051 2968 γέγραπται·
1101 2898 1484 2972 Ἐσκόρπισεν,
1541 2901 1711 2956 ἔδωκε
1764 2903 1878 2965 τοῖς

287 3002 326 3038 π
355 3004 506 3038 νησι.
547 3006 567 3038 ι

287 3002 506 3058 πενησι.
547 3006 567 3040 ι

354 3183 373 3215 ι
408 3163 538 3218 Τῶν
565 3165 818 3236 πτωχῶν,
851 3166 937 3221 ἵνα
967 3169 1419 3240 μνημονεύωμεν.
1457 3189 1476 3220 ι

353 3359 372 3392 ι
411 3340 544 3404 Τοῖς
569 3339 846 3407 πλουσίοις
875 3344 934 3396 ὲν
960 3343 1040 3415 τῷ
1088 3344 1187 3400 νῦν
1229 3346 1390 3401 αίῶνι
1424 3349 1746 3418 ὲπαγγέλλω
1801 3352 1877 3423 μὴ

284 3431 719 3503 ὑψηλοφρονεῖν(
751 3433 826 3504 μὴ
853 3434 1095 3501 ἐλπίζειν
1143 3438 1239 3491 ἐπὶ
1290 3437 1521 3494 πλούτου
1562 3441 1874 3514 ἀδηλότητι,

283 3522 510 3576 darent
540 3522 618 3594 τῷ
649 3525 767 3596 Θεῷ
813 3526 891 3598 τῷ
921 3529 1216 3600 παρέχοντι
1252 3530 1433 3587 πάντα
1476 3532 1746 3599 πλουσίως
1797 3539 1878 3600 είς

283 3615 604 3670 ἀπόλαυσιν·
646 3617 1024 3692 ἀγαθοεργεῖν,
1069 3622 1318 3679 πλουτεῖν
1347 3626 1405 3679 ὲν
1443 3626 1628 3697 ἔργοις
1667 3629 1876 3695 καλοῖς,

283 3709 677 3782 εὐμεταδότους
729 3710 888 3780 εἶναι,
918 3719 1300 3786 κοινωνικούς,
1333 3721 1879 3801 ἀποθησαυρίζοντας

283 3802 498 3867 ἑαυτοῖς
531 3803 777 3875 θεμέλιον
815 3807 979 3864 καλὸν
1006 3811 1086 3873 είς
1107 3811 1169 3864 τὸ
1193 3812 1406 3882 μέλλον.
1439 3835 1458 3866 ι

354 3914 372 3947 ι
410 3895 626 3966 Ὑμεῖς,
665 3896 900 3967 ἀδελφοὶ,
953 3901 1028 3972 μὴ
1069 3901 1355 3957 ὲκκακεῖτε
1385 3907 1823 3972 καλοποιοῦντες.
1853 3929 1872 3961 ι

354 4095 374 4128 ι
407 4077 526 4147 Τῆς
552 4078 802 4143 εὐποιῖας
829 4081 924 4134 καὶ
961 4081 1061 4145 τῆς
1083 4084 1365 4149 κοινωνίας
1410 4087 1484 4157 μὴ
1517 4087 1876 4142 ἐπιλανθάνε-

288 4167 395 4226 σθε.
427 4170 726 4236 Τοιαύταις
751 4173 861 4243 γὰρ
893 4173 1106 4238 θυσίαις
1128 4176 1506 4248 εὐαρεστεῖται
1535 4182 1562 4233 ὁ
1584 4180 1736 4244 Θεός.
1773 4201 1790 4232 ι

357 4367 376 4400 ι
414 4350 846 4422 Κατακαυχᾶται
876 4348 1024 4417 ἔλεος
1049 4355 1301 4424 κρίσεως.
1337 4373 1355 4407 ι

1899 3209 1946 3265 C

1990 594 2090 636 cor
2120 585 2368 634 vestrum
2406 574 2534 629 erit.
2572 590 2591 624 ι

2059 669 2226 744 475
2271 668 2404 723 Luc.
2441 682 2556 731 xw,
2583 665 2775 718 i944.
2807 693 2875 704 -
2913 683 2930 715 ι
2970 663 3194 718 Dicebat
3226 658 3502 721 Dominus
3527 662 3576 717 ei

1987 761 2080 832 qui
2117 777 2178 816 se
2216 759 2544 815 invitaverat
2574 775 2587 811 :
2634 755 2772 810 Cum
2808 754 2946 811 facis
2996 756 3289 827 prandium
3328 764 3425 810 aut
3457 769 3575 808 coe-

1988 867 2139 914 nam.
2167 851 2284 907 noli
2315 863 2518 906 vocare
2541 845 2752 902 amicos
2792 853 2944 910 tuos,
2977 861 3158 917 neque
3196 847 3413 902 vicinos
3450 854 3575 899 tuos

1987 944 2212 1006 divites,
2265 955 2444 1012 neque
2487 946 2774 1011 cognatos,
2827 952 3007 1007 neque
3050 937 3251 994 fratres
3299 947 3460 1001 tuos;
3508 952 3575 989 ne

1985 1034 2132 1091 forte
2178 1045 2233 1090 et
2265 1033 2372 1104 ipsi
2403 1039 2459 1088 te
2519 1029 2842 1092 reinvitent,
2881 1039 2939 1084 et
2975 1030 3081 1084 erit
3111 1031 3208 1084 tibi
3256 1030 3568 1086 retributio.

1986 1127 2100 1185 Sed
2137 1141 2263 1182 cum
2302 1124 2443 1181 facis
2491 1122 2814 1180 convivium
2839 1162 2854 1187 ,
2896 1137 3034 1178 voca
3074 1137 3371 1194 pauperes,
3412 1122 3566 1177 debi-

1982 1222 2090 1290 les,
2129 1219 2390 1286 claudos,
2423 1233 2638 1287 caecos;
2684 1225 2740 1272 et
2766 1217 2972 1273 beatus
2995 1217 3134 1283 eris,
3170 1217 3298 1288 quia
3328 1232 3440 1273 non
3476 1217 3574 1270 ha-

1981 1312 2118 1370 bent
2155 1311 2470 1366 retribuere
2501 1308 2623 1364 tibi.
2657 1307 3024 1364 Retribuetur
3057 1307 3210 1364 enim
3255 1308 3353 1364 tibi
3396 1309 3452 1362 iu
3481 1322 3571 1364 re-

1982 1402 2344 1460 surrectione
2376 1400 2683 1470 justorum.
2719 1418 2740 1452 ι

2054 1495 2173 1550 Act.
2223 1509 2320 1560 xx,
2372 1492 2478 1561 54,
2509 1491 2600 1547 55.
2637 1520 2708 1531 —
2743 1509 2761 1542 ι
2799 1489 2910 1560 ipsi
2954 1489 3110 1547 scitis
3181 1489 3448 1560 quoniam
3506 1487 3572 1542 ad

1981 1603 2044 1642 ea
2073 1601 2202 1657 qua:
2244 1585 2379 1640 mibi
2418 1598 2561 1652 opus
2604 1593 2785 1649 erant,
2819 1589 2876 1638 et
2919 1581 2988 1636 iis
3014 1581 3112 1652 qui
3146 1595 3362 1634 mecum
3405 1588 3569 1644 sunt,

1983 1677 2454 1734 ministraverunt
2481 1675 2841 1731 manusistaz.
2884 1671 3083 1729 Omnia
3126 1669 3347 1725 ostendi
3386 1669 3566 1734 vobis.

1982 1769 2244 1839 quoniam
2295 1767 2378 1823 sic
2423 1767 2746 1822 laborantes
2793 1770 3012 1836 oportet
3063 1761 3350 1830 suscipere
3413 1759 3569 1814 infir-

1987 1882 2153 1932 mos;
2201 1864 2520 1922 meminisse
2565 1870 2750 1918 autem
2794 1861 3093 1917 verborum
3147 1856 3366 1912 Domini
3413 1852 3565 1919 Jesu.

1982 1957 2115 2028 quia
2172 1957 2291 2026 ipse
2340 1956 2526 2011 dixit:
2583 1953 2806 2010 Beatius
2857 1959 2943 2008 est
2990 1952 3146 2018 dare,
3201 1963 3366 2020 quam
3421 1947 3569 2002 acci-

1984 2062 2133 2119 pere.
2173 2065 2192 2098 ι

2053 2139 2209 2193 Rom.
2262 2153 2336 2194 xu
2363 2179 2376 2201 ,
2413 2138 2466 2192 8.
2498 2169 2568 2179 -
2617 2157 2635 2189 ι
2673 2135 2778 2203 Qui
2824 2134 3020 2190 tribuit
3067 2135 3123 2190 in
3155 2131 3516 2204 simplicitate
3550 2151 3563 2186 :

1980 2231 2077 2301 qui
2147 2241 2344 2301 praeest
2413 2232 2469 2285 in
2526 2229 2957 2287 sollicitudine:
3015 2227 3111 2300 qui
3162 2226 3464 2282 miseretur
3511 2225 3566 2280 in

1982 2322 2284 2378 hilaritate.
2326 2341 2344 2375 ι

2053 2412 2121 2469 ΙΙ
2151 2414 2280 2469 Cor.
2317 2430 2392 2480 ιιι,
2430 2413 2548 2470 6ο9.
2575 2442 2646 2455 --
2688 2431 2706 2466 ι
2749 2411 2854 2479 Qui
2896 2427 3064 2484 parce
3094 2411 3362 2474 seminat,
3407 2423 3572 2478 parce

1978 2515 2034 2563 ct
2076 2515 2250 2564 metet
2291 2528 2304 2563 :
2338 2517 2393 2564 et
2425 2509 2520 2578 qui
2567 2507 2809 2565 seminat
2849 2508 2905 2562 in
2951 2503 3460 2566 benedictionibus,
3505 2500 3572 2556 de

1981 2599 2462 2656 benedictionibus
2542 2608 2598 2656 et
2671 2607 2858 2655 metet.
2933 2597 3324 2668 Unusquisque
3403 2601 3573 2666 prout

1979 2693 2277 2749 destinavit
2319 2693 2375 2748 in
2411 2691 2585 2748 corde
2624 2708 2746 2756 suo,
2801 2706 2912 2746 non
2955 2707 3022 2746 ex
3077 2689 3327 2755 tristitia,
3361 2693 3455 2740 aut
3501 2701 3567 2740 ex

1980 2785 2333 2841 necessitate.
2393 2781 2634 2840 Hilarem
2671 2782 2821 2839 enim
2874 2782 3126 2838 datorem
3163 2777 3346 2848 diligit
3397 2777 3566 2832 Deus.

1979 2873 2212 2932 Omnem
2244 2875 2630 2932 sufﬁcientiam
2665 2875 2957 2938 habentes,
2988 2871 3288 2929 abundetis
3316 2857 3372 2924 in
3405 2883 3571 2923 omne

1978 2984 2123 3040 opus
2151 2967 2380 3032 bonum,
2427 2967 2574 3022 sicut
2602 2967 2874 3038 scriptum
2907 2975 2992 3022 est
3029 2984 3042 3020 :
3090 2963 3384 3035 Dispersit,
3418 2961 3570 3017 dedit

1980 3059 2340 3130 pauperibus,
2387 3077 2406 3111 ι
2436 3066 2546 3114 etc.

2054 3150 2237 3206 Galat.
2285 3165 2358 3217 ιι,
2415 3150 2505 3206 to.
2543 3179 2614 3189 ——
2649 3168 2668 3202 ι
2724 3147 3038 3220 Pauperum
3077 3155 3136 3202 ut
3183 3159 3459 3202 memores
3492 3143 3572 3200 si-

1981 3257 2129 3297 mus.
2171 3261 2190 3294 ι

2078 3331 2108 3387 1
2147 3333 2284 3389 Tim.
2317 3351 2403 3399 v1,
2441 3333 2528 3401 17,
2562 3332 2649 3388 18.
2689 3363 2762 3372 --
2797 3353 2816 3385 ι
2874 3331 3141 3386 Divitibus
3171 3329 3340 3398 hujus
3385 3328 3570 3386 saeculi

1980 3427 2233 3499 praecipe,
2285 3440 2396 3481 non
2437 3426 2671 3482 sublime
2715 3439 2928 3496 sapere,
2967 3437 3069 3477 nec
3109 3436 3333 3492 sperare
3392 3421 3447 3474 in
3481 3421 3568 3474 in-

1979 3525 2134 3573 certo
2177 3516 2524 3581 divitiarum,
2573 3515 2670 3572 sed
2699 3515 2754 3569 in
2814 3513 2927 3570 Deo
2977 3512 3072 3582 qui
3129 3518 3356 3582 praestat
3407 3508 3567 3563 nobis
3609 3517 3634 3530 ‘

1979 3609 2166 3665 omnia
2197 3607 2415 3664 abunde
2464 3608 2531 3663 ad
2579 3607 2902 3672 fruendum,
2955 3605 3097 3661 bene
3142 3619 3327 3674 agere,
3369 3601 3568 3657 divites

1983 3705 2099 3760 ﬁeri
2131 3705 2186 3758 in
2228 3703 2492 3774 operibus
2545 3701 2730 3767 bonis,
2769 3700 2932 3755 facile
2988 3698 3259 3762 tribuere,
3293 3694 3569 3776 thesauri-

1981 3810 2110 3851 zare
2135 3795 2242 3852 sibi
2275 3795 2694 3852 fundamentum
2739 3794 2945 3848 bonum
2978 3791 3033 3846 in
3066 3790 3338 3846 futurum.
3386 3807 3404 3840 ι

2054 3887 2116 3941 Il
2153 3887 2337 3943 Thess.
2367 3906 2448 3951 ιιι,
2469 3889 2554 3943 15.
2575 3919 2645 3928 --
2669 3906 2687 3939 ι
2726 3885 3116 3968 Vos,,fratres,
3141 3885 3312 3946 nolite
3342 3883 3571 3940 deﬁcere

1981 3973 2410 4036 benefacientes.
2452 3999 2470 4032 ι

2054 4069 2220 4125 Hebr.
2261 4087 2356 4124 xm
2382 4114 2396 4136 ,
2443 4071 2528 4124 16.
2557 4103 2624 4112 -
2663 4090 2681 4122 ι
2722 4069 3109 4125 Benetlcentia?
3138 4076 3193 4123 et
3221 4068 3567 4121 communio-

1980 4164 2068 4219 nis
2100 4164 2275 4219 nolite
2314 4163 2590 4218 oblivisci.
2650 4161 2880 4218 Talibus
2929 4161 3076 4217 enim
3112 4161 3312 4217 hostiis
3351 4174 3571 4229 prome-

1979 4268 2134 4313 retur
2160 4258 2328 4313 Deus.
2357 4276 2375 4310 ι

2048 4349 2172 4404 Jac.
2216 4367 2291 4416 ιι,
2324 4351 2412 4406 15.
2446 4379 2515 4390 -—-
2556 4369 2572 4403 ι
2616 4349 3008 4420 Superexaltat
3038 4345 3433 4403 misericordia
3477 4344 3568 4417 ju-

1978 4441 2207 4498 dicium.
2242 4463 2261 4495 ι

359 4547 378 4579 ι
416 4527 682 4592 Πλούσιός
706 4527 854 4581 ἐστιν
896 4529 1104 4593 ἐκεῖνος
1155 4530 1184 4582 ὁ
1216 4531 1444 4597 πολλοὺς
1471 4534 1661 4602 ἐλεῶν,
1725 4539 1818 4592 καὶ
1849 4544 1875 4594 ὁ

2053 4535 2140 4590 Ea:
2191 4534 2437 4589 doctrina
2482 4533 2652 4589 Petri.
2681 4564 2750 4575 —
2781 4533 2944 4589 Dives
2985 4541 3071 4588 est
3122 4531 3215 4602 qui
3263 4529 3565 4584 multorum

284 4620 420 4674 κατὰ
452 4619 588 4674 Θεοῦ
608 4619 838 4691 μίμησιν
859 4621 1076 4686 ἐπιδοὺς
1107 4623 1167 4688 ἐξ
1187 4621 1260 4677 ὧν
1280 4623 1413 4695 ἔχει.
1437 4625 1573 4692 Θεὸς
1597 4629 1706 4701 γάρ
1735 4649 1872 4686 παν-

285 4711 521 4766 τάπασιν
550 4711 750 4766 ἔδωκεν
779 4713 844 4766 ἐκ
878 4713 988 4766 τῶν
1030 4714 1196 4769 αὐτοῦ
1220 4717 1559 4786 κτισμάτων.
1588 4721 1783 4776 Σύνετε
1806 4725 1870 4796 δὴ

287 4803 549 4871 πλούσιοι,
573 4804 656 4858 ὅτι
685 4805 954 4859 διακονεῖν
972 4806 1240 4876 ὀφείλετε,
1271 4807 1528 4876 λαϐόντες
1552 4813 1776 4870 πλείονα
1797 4809 1873 4872 ὧν

286 4895 441 4948 αὐτοὶ
469 4895 702 4967 χρῄζετε
733 4913 748 4926 ·
793 4895 997 4967 μάθετε
1027 4899 1110 4952 ὅτι
1161 4899 1373 4970 ἑτέροις
1411 4901 1592 4956 λείπει
1635 4904 1703 4959 τά
1742 4907 1874 4979 ὑμῖν

289 4983 706 5054 περισσεύοντα.
753 4987 1092 5058 Αίσχύνθητε
1148 4989 1471 5059 κατέχοντες
1499 4993 1567 5047 τὰ
1596 4994 1870 5068 ἀλλότρια·

292 5078 605 5150 μιμήσασθε
635 5079 861 5150 ἰσότητα
883 5079 1047 5145 Θεοῦ,
1079 5081 1174 5134 καὶ
1199 5081 1377 5146 οὐδεὶς
1397 5083 1552 5140 ἔσται
1575 5087 1768 5157 πένης.

292 5171 616 5228 Erubescite
680 5171 776 5243 qui
833 5187 926 5228 res
984 5172 1196 5228 alienas
1256 5173 1554 5243 retinetis,
1607 5178 1882 5251 vobisque
1930 5187 2246 5256 aequitatem
2310 5183 2406 5240 Dei
2475 5183 2801 5239 imitandam
2856 5181 3208 5253 proponite:

195 5309 205 5321 .
293 5282 500 5337 pauper
532 5266 660 5324 erit.

360 5360 614 5432 Μίμησαι
667 5358 768 5431 τὴν
795 5359 919 5430 γῆν,
979 5359 1257 5431 ἄνθρωπε,
1315 5365 1742 5436 καρποφὸρησον
1802 5367 1879 5432 ὡς

293 5452 494 5524 ἐκείνη.
519 5452 610 5524 Μὴ
641 5451 842 5522 χείρων
886 5454 1061 5523 φανῇς
1088 5453 1192 5524 τῆς
1232 5454 1464 5526 ἀψύχου.
1508 5455 1723 5528 Ἐκείνη
1776 5459 1880 5530 μὲν

295 5543 401 5616 γὰρ
421 5545 548 5609 τοὺς
574 5544 825 5616 καρποὺς
855 5545 957 5598 οὐκ
980 5545 1060 5608 είς
1085 5547 1285 5619 ἑαυτῆς
1310 5548 1634 5616 ἀπόλαυσιν,
1662 5551 1778 5604 ἀλλ’
1799 5554 1879 5618 είς

294 5636 394 5707 τὴν
423 5637 521 5707 σὴν
551 5635 859 5708 ὑπηρεσίαν
893 5637 1202 5708 ἐξέθρεψεν·
1253 5640 1325 5694 Σὺ
1353 5639 1409 5693 δὲ
1447 5641 1508 5694 ὂν
1540 5643 1606 5697 ἂν
1634 5643 1880 5718 ἐπιδείξῃ

297 5729 392 5798 τῆς
421 5730 665 5794 εὐποιῖας
694 5729 929 5801 καρπὸν,
967 5731 1180 5802 σεαυτῴ
1204 5732 1393 5786 τοῦτον
1433 5734 1705 5802 συνάγεις.
1734 5738 1878 5790 Διότι

299 5822 406 5877 τῶν
439 5823 657 5903 ἀγαθῷν
679 5823 858 5896 ἔργων
881 5824 936 5879 αἱ
966 5822 1185 5900 χάριτες
1207 5825 1310 5909 ,ἐπὶ
1342 5826 1466 5906 τοὺς
1503 5828 1742 5905 διδόντας
1784 5830 1881 5883 ἑπ-

1983 4630 2294 4694 miserctur,
2333 4635 2387 4683 et
2417 4628 2511 4699 qui
2557 4626 2727 4683 Deum
2781 4626 3070 4691 imitando,
3115 4639 3182 4679 ex
3229 4623 3444 4692 iisquae
3474 4621 3568 4675 ha—

1983 4723 2095 4789 bet,
2133 4722 2398 4792 impertit.
2435 4722 2578 4778 Deus
2624 4721 2771 4776 enim
2804 4735 2895 4775 res
2941 4733 2970 4771 a
3002 4733 3061 4773 se
3095 4716 3348 4773 conditas
3393 4713 3571 4770 omni-

1985 4819 2148 4875 mode
2200 4818 2366 4876 nobis
2414 4816 2726 4874 distribuit.
2783 4814 3060 4882 Quocirca
3113 4813 3220 4867 hoc
3269 4807 3569 4870 noveritis,

1984 4911 2081 4982 qui
2121 4911 2322 4967 divites
2370 4911 2522 4975 estis,
2573 4909 2775 4965 debere
2815 4926 2912 4965 vos
2952 4907 3264 4962 ministrare
3307 4923 3320 4959 :
3352 4911 3408 4958 et
3446 4917 3571 4957 cum

1985 5005 2144 5074 plura
2172 5019 2294 5075 qua:
2339 5020 2482 5075 opus
2537 5012 2669 5059 sunt
2725 5003 2904 5070 vobis,
2963 4999 3311 5070 acceperitis,
3371 4992 3574 5050 discite

1988 5095 2209 5150 tandem
2241 5093 2368 5151 aliis
2397 5109 2460 5149 ea
2508 5095 2704 5150 deesse
2751 5109 2874 5165 qum
2908 5091 3068 5147 vobis
3112 5087 3387 5159 superﬂua
3420 5090 3568 5140 sunt.

3271 5192 3336 5233 ac
3415 5187 3573 5229 nemo

2061 5363 2120 5420 S.
2154 5365 2326 5422 Basil.
2357 5368 2413 5422 in
2441 5363 2620 5419 illud:
2655 5382 2674 5416 ι
2717 5363 3011 5419 Destruam
3045 5361 3242 5416 horrea
3269 5374 3407 5415 mea.
3449 5377 3468 5410 ι
3505 5386 3574 5398 -υ

1989 5460 2212 5516 imitare
2260 5469 2484 5526 terram,
2536 5474 2570 5513 ο
2612 5457 2815 5526 homo;
2852 5456 2939 5512 fac
2970 5455 3159 5527 fruges
3193 5454 3340 5510 feras
3372 5462 3430 5507 ut
3462 5453 3572 5506 illa.

1989 5551 2066 5607 Ne
2101 5561 2152 5608 te
2182 5552 2514 5608 deteriorem
2551 5565 2618 5606 ea
2660 5553 2934 5620 prmbeas,
2968 5563 3093 5620 qua:
3125 5547 3324 5602 anima:
3359 5553 3448 5600 est
3477 5560 3574 5600 ex-

1989 5659 2137 5714 pers.
2186 5643 2278 5698 Illa
2325 5644 2476 5700 enim
2515 5642 2754 5708 fructus,
2809 5658 2918 5697 non
2965 5641 3168 5712 quibus
3218 5647 3425 5702 utatur,
3481 5636 3575 5691 sed

1993 5739 2058 5794 ad
2096 5737 2471 5794 ministerium
2520 5746 2674 5793 tuum
2708 5737 2846 5791 aluit
2878 5755 2890 5790 :
2930 5744 2986 5790 tu
3033 5749 3164 5790 vero
3207 5748 3372 5803 quem
3407 5732 3576 5784 benc-

1995 5834 2227 5892 ticentiae
2259 5833 2503 5891 fructum
2535 5830 2795 5901 edideris,
2847 5829 2995 5887 hunc
3027 5828 3128 5909 tibi
3160 5827 3265 5899 ipsi
3291 5824 3561 5908 cumulas.
