4028 6402
418 377 441 443 1
460 376 556 443 ἱ63

1616 378 1676 438 S.
1709 376 2031 439 JOANNIS
2071 376 2506 439 DAMASCENI

3571 374 3702 441 ιιιῖι

412 492 687 560 Quoniam
737 490 1010 547 bonorum
1059 504 1290 562 operum
1335 484 1530 562 gratias
1577 490 1647 545 ad
1704 490 2000 561 largitores

2139 488 2559 563 διαστρέφουσιν.
2585 490 2832 555 Ἔδωκας
2853 489 2932 561 τῷ
2948 486 3227 553 πεινῶντι,
3248 486 3344 543 καὶ
3374 486 3468 543 σὺν
3495 490 3705 559 γίνεται

415 585 670 642 redeunt.
703 583 910 641 Dedisti
941 582 1235 649 esurienti,
1273 579 1524 654 illudque
1554 592 1709 638 tuum
1743 582 2000 648 edicitur,

417 678 486 734 ad
537 687 591 736 te
629 693 763 734 eum
810 676 1004 733 fenore
1048 678 1292 734 rediens.
1335 675 1408 734 Ut
1457 676 1608 732 enim
1662 676 2003 732 frumentum

419 773 475 826 in
528 780 736 826 terram
776 769 991 841 lapsum
1023 769 1073 826 ei
1107 786 1138 826 a
1170 785 1281 841 quo
1327 770 1639 841 projectum
1671 777 1757 825 est
1788 768 2005 825 emolu-

415 872 663 919 mentum
711 862 890 929 atl'ert,
922 862 1116 920 eodem
1164 863 1331 919 modo
1364 862 1523 934 panis
1572 861 1626 916 in
1668 861 2002 917 esurientem

416 954 687 1025 deiectus,
725 955 948 1011 uberem
980 954 1035 1010 in
1079 963 1365 1026 posterum
1414 954 1717 1010 utilitatem
1759 960 2004 1025 praestat.

415 1050 495 1104 Ac
526 1045 760 1118 proinde
794 1046 865 1102 da
888 1061 1115 1117 cperam
1164 1056 1222 1101 ut
1252 1044 1606 1117 agricultura:
1637 1041 1801 1110 linis,
1838 1057 2008 1115 egen-

418 1142 569 1198 tibus
614 1139 1107 1204 communicando,
1155 1139 1228 1196 sit
1280 1136 1380 1193 tibi
1431 1137 1679 1196 cmlestis
1738 1135 2010 1194 sementis

417 1234 662 1291 initium.
705 1232 978 1289 Semiuate
1012 1232 1159 1287 enim
1200 1229 1368 1297 vobis,
1391 1230 1573 1302 inquit
1602 1230 1719 1295 ille,
1758 1229 1827 1284 ad
1850 1228 2013 1300 justi-

423 1328 558 1382 liam
582 1326 742 1398 (Osee
786 1343 843 1392 ιι,
874 1326 992 1397 12).
1024 1323 1139 1381 Cur
1166 1338 1300 1396 ergo
1331 1324 1518 1379 animo
1547 1322 1779 1380 deﬁcis?
1801 1337 1903 1378 cur
1931 1335 2012 1378 te-

421 1421 604 1490 ipsum
645 1419 852 1487 tundis,
884 1418 1013 1474 dum
1046 1432 1180 1489 opes
1214 1416 1332 1473 luto
1355 1424 1410 1473 et
1434 1414 1702 1472 lateribus
1731 1414 2013 1470 includere

423 1511 653 1567 studes?
699 1509 892 1565 Melius
939 1518 1019 1564 est
1072 1526 1263 1566 nomen
1321 1508 1547 1573 bonum,
1599 1522 1761 1581 quam
1807 1505 2013 1563 divitiw

422 1606 608 1658 multa:
636 1602 822 1674 (Prov.
853 1618 967 1658 χχιι
988 1643 1004 1668 ,
1032 1601 1107 1674 l).
1139 1601 1300 1668 Quod
1337 1601 1385 1659 si
1422 1600 1689 1671 pecunias
1720 1599 1791 1655 ob
1820 1613 2012 1656 earum

420 1694 662 1765 pretium
710 1692 882 1766 476
912 1694 1178 1766 suspicis,
1239 1694 1370 1751 vide
1414 1701 1624 1766 quanto
1656 1692 1726 1749 ad
1781 1693 2013 1764 gloriam

423 1784 620 1842 utilius
647 1785 723 1841 sit
763 1793 1153 1842 sexcentorum
1191 1785 1434 1842 ﬁliorum
1470 1793 1684 1858 patrem
1725 1784 2011 1857 appellari,

2108 584 2172 639 τὸ
2202 583 2359 638 δοθὲν
2396 584 2536 656 μετὰ
2573 582 2896 657 προσθήκης
2927 581 3250 638 ὲπανελθόν.
3297 582 3513 654 Ὠσπερ
3541 583 3652 654 γάρ
3676 586 3708 640 6

2111 679 2262 742 σῖτος
2289 676 2475 732 πεσὼν
2515 678 2597 742 εἰς
2630 676 2731 749 τὴν
2757 676 2884 749 γῆν,
2918 676 3113 749 κέρδος
3161 674 3242 748 τῷ
3272 676 3588 749 προιεμένῳ
3616 677 3709 747 γί-

2113 788 2284 839 νεται,
2305 770 2480 836 οὕτως
2520 773 2550 826 ὁ
2581 771 2746 843 ἄρτος
2770 771 2853 834 είς
2886 769 2979 824 τὸν
3009 768 3287 824 πεινῶντα
3317 769 3709 841 καταϐληθεὶς,

2112 862 2385 935 πολύχουν
2413 861 2515 934 τὴν
2536 861 2808 932 ὠφέλειαν
2825 862 2904 925 είς
2928 859 3156 933 ὕστερον
3175 858 3714 928 ἀναδίδωσινεἜστω

2115 954 2211 1013 οὖν
2241 974 2325 1012 σοι
2351 956 2413 1011 τδ
2439 956 2617 1029 πέρας
2634 955 2739 1026 τῆς
2764 956 3043 1027 γεωργίας
3060 953 3151 1009 διὰ
3176 954 3278 1025 τῆς
3307 950 3418 1007 τῶν
3438 952 3715 1023 δεομένων

2120 1044 2477 1120 μεταλήψεως
2508 1043 2653 1117 ἀρχὴ
2680 1045 2781 1115 τῆς
2798 1042 3124 1113 ἐπουρανίου
3157 1042 3391 1114 σπορᾶς.
3423 1041 3719 1112 Σπείρατε

2115 1138 2227 1211 γὰρ
2254 1137 2514 1205 ἑαυτοῖς,
2546 1136 2735 1209 φησὶν,
2761 1136 2852 1203 εις
2881 1134 3301 1203 δικαιοσύνην.
3366 1134 3433 1187 Τί
3459 1128 3553 1188 οῦν
3582 1133 3721 1204 ἀδη-

2122 1233 2339 1303 μονεῖς;
2370 1230 2429 1284 τί
2463 1229 2688 1294 κόπτεις
2731 1227 2980 1295 σεαυτὸν,
3007 1227 3167 1300 πηλῷ
3195 1227 3291 1281 xui.
3334 1224 3584 1289 πλίνθοις
3630 1226 3723 1279 τὸν

2119 1321 2350 1377 πλοῦτον
2379 1321 2703 1376 ἀποκλεῖσαι
2746 1319 3107 1391 φιλονεικῶν;
3169 1317 3475 1389 Κρεῖσσον
3525 1316 3725 1386 ὄνομα

2119 1416 2318 1472 καλὸν
2348 1414 2503 1485 ὑπὲρ
2527 1414 2804 1470 πλοῦτον
2849 1414 3072 1469 πολύν.
3106 1412 3170 1465 Εἰ
3213 1411 3273 1467 δὲ
3316 1410 3622 1483 θαυμάζεις
3657 1410 3728 1462 τὰ

2121 1511 2388 1584 χρήματα
2424 1508 2513 1564 διὰ
2544 1507 2644 1581 τὴν
2676 1506 2861 1562 αὐτῶν
2902 1505 3092 1578 τιμὴν,
3139 1504 3337 1560 σκόπει
3378 1505 3551 1559 πόσον
3580 1501 3729 1576 πρὸς

2120 1602 2281 1668 δόξαν
2308 1599 2748 1672 λυσιτελέστερον
2795 1598 3007 1671 μυρίων
3035 1596 3243 1651 παίδων
3273 1596 3493 1668 πατέρα
3541 1612 3721 1668 προσ-

2123 1695 2511 1769 αγορεύεσθαι,
2528 1695 2564 1768 ἢ
2598 1695 2830 1770 μυρίους
2856 1691 3134 1761 στατῆρας
3162 1689 3307 1762 ἔχειν
3332 1691 3392 1744 ἐν
3421 1690 3721 1763 βαλαντίῳ.

2124 1790 2208 1845 Τὰ
2237 1791 2337 1862 μὲν
2396 1790 2508 1863 γὰρ
2538 1791 2800 1864 χρήματα
2827 1790 3180 1861 καταλείψεις
3233 1788 3473 1845 ἐνταῦθα
3515 1790 3613 1845 καὶ
3642 1789 3722 1861 μὴ

423 1892 591 1950 quam
617 1885 911 1934 sexcentos
938 1884 1178 1936 stateres
1203 1878 1260 1935 in
1291 1892 1555 1935 crumena
1579 1876 1805 1933 habere.
1837 1874 2018 1932 Pecu-

2139 1881 2470 1954 Ξουλόμενος,
2501 1882 2602 1956 τὴν
2636 1883 2694 1939 δὲ
2724 1883 2818 1939 ἐπὶ
2863 1885 2978 1949 τοῖς
3005 1882 3235 1953 ἀγαθοῖς
3292 1881 3479 1955 ἔργοις
3511 1882 3724 1954 φιλοτι-

426 1972 551 2028 nias
579 1970 855 2044 siquidem
895 1971 1105 2030 invitus
1141 1973 1310 2029 etiam
1354 1971 1448 2027 hic
1473 1969 1776 2027 relicturus
1816 1982 1879 2025 es
1910 1985 1926 2022 :
1959 1975 2019 2022 at

425 2062 652 2120 laudem
689 2078 753 2120 ex
788 2065 955 2123 bonis
1005 2066 1269 2137 operibus
1302 2065 1591 2123 collectam
1622 2062 1690 2119 ad
1720 2060 2018 2117 Dominum

430 2156 691 2215 deferes:
735 2173 862 2214 cum
897 2159 1161 2216 nimirum
1191 2159 1402 2232 ingenti
1439 2158 1603 2215 turba
1653 2168 1844 2212 coram
1869 2167 2023 2210 com-

427 2250 586 2307 muni
626 2249 815 2321 judice
848 2250 1251 2319 circumfusus,
1301 2253 1370 2309 ab
1404 2252 1506 2321 eis,
1556 2260 1614 2307 et
1663 2250 1928 2317 nutritor,
1969 2259 2024 2307 et

430 2340 775 2411 benefactor,
800 2354 857 2403 et
889 2344 1090 2418 quovis
1120 2344 1344 2402 tandem
1373 2346 1482 2402 alio
1512 2345 1883 2404 humanitatis
1915 2362 2021 2404 no-

431 2434 585 2491 mine
618 2436 1003 2508 appeliaberis.
1042 2438 1188 2495 Deus
1227 2438 1490 2496 virtutem
1542 2447 1693 2496 tuam
1743 2441 2022 2515 probabit,

432 2524 747 2585 laudabunt
792 2530 1013 2602 angeli;
1064 2530 1319 2589 homines
1366 2547 1583 2599 omnes,
1634 2533 1728 2603 qui
1772 2537 1845 2590 ab
1895 2536 2030 2592 orbe

2130 1978 2261 2052 μίαν
2291 1978 2655 2050 ἀποκομίσεις
2703 1978 2841 2050 πρὸς
2887 1977 2982 2033 τὸν
3008 1976 3329 2050 Δεσπότην,
3373 1977 3504 2032 ὅταν
3549 1976 3727 2047 δῆμος

2126 2073 2248 2139 ὅλος
2275 2073 2369 2127 ἐπὶ
2382 2072 2476 2127 τοῦ
2504 2071 2689 2128 κοινοῦ
2714 2072 2905 2143 κριτοῦ
2928 2071 3289 2144 περιστάντες
3315 2088 3376 2125 σε
3400 2071 3609 2144 τροφέα
3628 2070 3726 2125 καὶ

2127 2165 2445 2238 εὐεργέτην,
2476 2164 2571 2220 καὶ
2599 2164 2779 2220 πάντα
2808 2163 2879 2219 τὰ
2928 2167 3029 2235 τῆς
3055 2163 3476 2237 φιλανθρωπίας
3509 2164 3726 2218 ἀποκα-

2128 2256 2296 2311 λῶσιν
2320 2256 2582 2328 ὀνόματα.
2609 2256 2743 2320 Θεός
2782 2256 2931 2311 ἐστιν
2960 2258 2989 2310 ὁ
3024 2255 3428 2327 ἀποδεχόμενος
3453 2271 3468 2287 ο
3501 2253 3727 2325 ἄγγελοι.

2127 2349 2529 2421 εὐφημοῦντες,
2560 2350 2611 2404 oi
2660 2350 2769 2415 ἀπὸ
2817 2350 3050 2414 κτίσεως
3080 2349 3362 2421 ἄνθρωποι
3391 2347 3729 2421 μακαρίζον-

2130 2459 2246 2507 τες’
2273 2442 2401 2508 δόξα
2426 2441 2679 2509 αἰώνιος,
2736 2443 2995 2512 στέφανοι
3044 2444 3422 2517 δικαιοσύνης,
3479 2443 3730 2516 βασιλεία

2135 2534 2247 2589 τῶν
2275 2533 2525 2606 οὐρανῶν
2547 2530 2688 2589 ἆθλά
2714 2551 2799 2589 σοι
2833 2534 3010 2590 ἔσται.

431 2620 665 2677 condito
723 2623 1096 2692 exstiterunt,
1163 2625 1386 2683 beatum
1459 2634 1512 2683 te
1586 2628 1978 2698 praedicabunt
2016 2628 2236 2701 :gloria
2285 2628 2648 2700 sempiterna,
2713 2643 2920 2687 corona
2996 2629 3249 2702 iustitiae,
3306 2628 3572 2686 caelorum
3638 2642 3732 2685 re-

430 2728 601 2785 gnum
625 2714 682 2770 in
717 2717 1000 2786 prtemium
1037 2719 1139 2775 tibi
1175 2734 1403 2778 cessura
1437 2729 1592 2780 sunt.

504 2802 759 2860 S.Basit.
777 2804 1144 2864 ibid.-—Putei
1188 2825 1313 2865 cum
1338 2810 1768 2881 exhauriuntur,
1794 2815 2026 2873 uberius

433 2896 651 2965 fluunt;
701 2897 831 2954 dum
867 2909 1054 2956 autem
1096 2902 1484 2974 negliguntur,
1513 2914 1867 2975 putrescunt.
1921 2909 2029 2965 Eo-

433 2990 562 3043 dem
596 2988 764 3045 modo
806 2990 1039 3048 stabiles
1078 3008 1305 3065 quoque
1343 2995 1553 3052 divitiae
1584 2999 1808 3060 inutiles
1841 3003 1979 3060 [lunt
2012 3023 2028 3061 :

437 3096 561 3155 qua:
587 3096 719 3138 vero
750 3090 1048 3140 moventur
1080 3093 1136 3142 et
1166 3087 1279 3145 alio
1323 3090 1589 3161 migrant,
1625 3094 1680 3150 in
1732 3110 2031 3156 commune

436 3170 759 3265 conducunt
813 3182 869 3231 et
912 3173 1221 3235 fructiferae
1274 3191 1430 3239 sunt.
1486 3183 1712 3265 Gratias
1779 3203 1880 3262 age
1915 3191 2049 3253 Deo.

2202 2817 2286 2872 Τὰ
2308 2818 2522 2890 φρέατα
2547 2815 2975 2889 ὲξαντλούμενα,
3024 2814 3338 2888 εὐροώτερα
3373 2815 3617 2886 γίνεταιο
3643 2817 3731 2870 έν·-

2133 2916 2408 2988 αφιέμενα
2434 2915 2491 2969 δὲ
2518 2916 2922 2988 κατασήπεται,
2957 2915 3053 2969 καὶ
3089 2913 3344 2979 πλούτου,
3376 2911 3438 2965 τὸ
3468 2909 3570 2982 μὲν
3607 2908 3734 2963 στά-

2136 3025 2297 3080 σιμον
2327 3007 2623 3080 ἄχρηστον,
2654 3008 2716 3061 τὸ
2748 3008 2804 3061 δὲ
2836 3005 3161 3079 κινούμενόν
3184 3023 3244 3061 τε
3277 3006 3376 3061 καὶ
3407 3004 3732 3076 μεταϐαῖνον

2134 3099 2465 3171 κοινωφελὲς
2506 3100 2601 3156 καὶ
2628 3098 2928 3170 εὔκαρπον.
2957 3099 3059 3164 Δὸς
3107 3098 3270 3171 χάριν
3318 3096 3399 3168 τῷ
3430 3095 3729 3168 εὐεργέτῃ,

2134 3195 2217 3249 ὅτι
2239 3193 2363 3265 οὐχὶ
2390 3192 2558 3257 αὐτὸς
2585 3191 2817 3263 διοχλεῖς
2856 3192 3028 3264 θύρας
3063 3191 3289 3263 ἐτέρων,
3334 3188 3487 3261 ἀλλά⁸
3504 3187 3605 3253 τὰς
3638 3188 3734 3250 σὰς

435 3264 589 3331 quod
622 3272 683 3318 ιιι
715 3263 860 3323 fores
885 3266 1119 3324 aliorum
1163 3286 1273 3327 non
1300 3273 1513 3344 pulses,
1545 3263 1640 3335 sed
1673 3279 1741 3336 ad
1771 3290 1895 3339 tuas
1934 3284 2027 3339 alii

2139 3288 2288 3344 ἄλλοι
2309 3263 2848 3358 καταλαμϐάνουσιν.

437 3370 500 3412 se
530 3355 842 3416 conferant.

508 3448 703 3523 Ejusd.
734 3455 920 3513 liomil.
951 3460 1022 3515 ad
1043 3460 1249 3523 divites.
1272 3494 1342 3503 —
1367 3461 1603 3538 Pauperi
1637 3466 1795 3527 dives
1823 3470 2033 3530 i‘enera.

437 3541 726 3604 Concrede
758 3547 895 3619 Deo,
944 3552 1039 3626 qui
1086 3554 1358 3613 beneiicia
1401 3558 1494 3615 illa
1547 3577 1676 3632 quae
1719 3563 1775 3618 in
1808 3580 2039 3637 oppres-

439 3651 566 3693 sum
592 3638 987 3710 conferuntur,
1011 3648 1164 3706 velut
1190 3648 1248 3705 in
1289 3650 1538 3723 seipsum
1573 3654 1774 3710 collata
1813 3658 2035 3730 accipit,

441 3736 612 3800 atque
635 3731 754 3803 ipse
782 3736 1015 3811 gratiam
1044 3740 1323 3810 rependit.
1368 3740 1647 3816 Locuples
1669 3757 1756 3805 est
1778 3763 2037 3821 sponsor,

441 3822 537 3900 qui
573 3822 782 3895 ubique
840 3834 1116 3887 terrarum
1159 3847 1225 3888 ac
1284 3835 1521 3903 marium
1583 3854 1865 3910 expansos
1917 3843 2039 3900 the-

442 3929 644 3973 sauros
677 3917 902 3977 habeat.

514 4007 659 4066 Ibid.
692 4013 1023 4085 —Divitiaa,
1067 4033 1180 4089 quo
1232 4031 1395 4092 pacto
1432 4022 1702 4083 Dominus
1749 4028 2037 4103 praecipit',

443 4100 728 4182 dispersae,
794 4122 1122 4181 permanere
1171 4115 1352 4172 solent
1405 4135 1421 4175 :
1474 4125 1706 4177 retentae
1753 4100 1937 4180 autem
1984 4134 2040 4181 et

443 4196 699 4254 coercitae
750 4200 1092 4262 alienantur.
1135 4205 1192 4262 Si
1233 4224 1329 4267 eas
1389 4212 1693 4279 custodias,
1744 4215 1862 4287 jam
1926 4233 2037 4273 non

444 4289 619 4352 babes
659 4309 674 4346 :
711 4293 759 4348 si
809 4309 1064 4371 spargas,
1112 4316 1221 4357 non
1254 4305 1501 4361 amittes.
1538 4306 1836 4378 Dispersil,
1893 4310 2038 4366 dedit

442 4381 766 4450 pauperibus
791 4400 810 4440 :
825 4384 1050 4455 justitia
1077 4390 1195 4460 ejus
1233 4403 1415 4449 manet
1462 4397 1521 4451 in
1559 4400 1816 4455 saeculum
1850 4403 2040 4460 seaculi

446 4469 625 4545 (Ρδαί.
647 4484 758 4537 ext,
773 4471 854 4543 9).

518 4484 625 4525 sat.
647 4484 854 4537 οδω).

514 4562 659 4621 Ibid.
692 4598 764 4611 —
819 4565 885 4627 In
942 4572 1209 4631 nundinis
1253 4589 1416 4635 nemo
1460 4577 1692 4636 moleste
1731 4579 1856 4649 fert,
1903 4581 2035 4639 dum

446 4672 570 4739 quae
609 4661 669 4717 in
716 4664 973 4728 manibus
1013 4673 1147 4721 sunt
1202 4666 1376 4723 veluti
1432 4669 1676 4742 projicit,
1731 4683 1788 4728 et
1839 4688 2032 4731 earum

451 4751 578 4811 loco
603 4768 669 4810 ea
710 4754 818 4812 sibi
852 4764 1141 4829 comparat
1186 4758 1392 4829 quibus
1422 4776 1562 4832 opus
1600 4761 1768 4825 habet
1801 4786 1814 4822 :
1847 4782 2039 4824 verum

455 4862 568 4919 quo
598 4849 803 4905 minori
835 4849 1014 4923 pretio
1050 4865 1117 4906 ea
1152 4866 1278 4923 quae
1302 4854 1487 4926 magni
1523 4855 1786 4926 aestimat,
1822 4861 2038 4928 emerit,

447 4951 515 4992 eo
571 4938 780 5006 majore
841 4940 1124 5011 voluptate
1171 4940 1431 5013 adicitur,
1479 4955 1744 5019 tanquam
1788 4951 2044 5009 videlicet

452 5029 719 5101 praeclara
749 5031 856 5088 sibi
891 5033 1190 5107 negotiatio
1226 5037 1532 5096 exstiterit.
1582 5040 1664 5097 Tu
1695 5057 1829 5099 vero
1866 5044 2042 5101 mole-

449 5121 613 5175 stiam
646 5122 924 5195 concipis,
963 5140 1089 5181 cum
1119 5141 1317 5183 aurum
1363 5137 1418 5185 et
1464 5142 1780 5204 argentum,
1818 5136 1926 5192 hoc
1953 5144 2038 5193 est

446 5213 731 5284 pulverem
768 5216 1002 5287 praebes,
1037 5227 1097 5273 ut
1125 5220 1342 5275 beatam
1379 5222 1549 5280 vitam
1582 5227 1879 5297 acquiras.‘
2058 5220 2062 5227 ’

518 5302 666 5359 Ibid.
697 5333 767 5346 —-
798 5304 990 5364 Funus
1024 5316 1178 5364 tuum
1212 5326 1502 5382 praevorto.
1549 5317 1826 5385 Eximium
1870 5320 2042 5378 funus

449 5399 757 5467 estpietas.
817 5399 911 5456 Sic
951 5400 1211 5470 abscede,
1256 5417 1318 5459 ut
1352 5408 1540 5463 omnia
1584 5417 1768 5466 tecum
1811 5410 2036 5471 cll‘eras.

450 5488 561 5543 Fac
593 5496 651 5542 ut
680 5505 813 5565 opes
856 5499 964 5547 tua:
1011 5494 1109 5548 tibi
1153 5507 1485 5555 ornamento
1518 5502 1648 5559 sint.
1712 5503 1820 5568 Eas
1853 5515 2037 5565 tecum

450 5580 613 5644 habe.
653 5580 804 5638 Bono
853 5586 1200 5655 consiliario,
1260 5591 1365 5647 hoc
1426 5601 1510 5650 est
1568 5594 1815 5664 Christo,
1879 5598 2039 5655 ﬁdem

450 5675 965 5750 accommoda;’qui
989 5679 1181 5736 dilexit
1221 5693 1294 5750 te,
1325 5693 1381 5740 et
1406 5694 1599 5743 nostra
1628 5705 1794 5746 causa
1835 5707 2041 5764 egenus

447 5764 748 5849 tactuscst,
779 5777 840 5824 ut
865 5770 1041 5853 ipsius
1068 5784 1311 5846 egestate
1344 5775 1747 5841 ditcsceremus
1781 5784 1870 5859 (11
1906 5787 2032 5845 Cor.

2210 3472 2471 3528 Δάνεισον
2498 3472 2527 3527 ό
2555 3470 2815 3537 πλούσιος
2835 3469 2913 3543 τῷ
2944 3470 3156 3546 ἀπόρῳ.
3193 3465 3314 3539 Θεῷ
3342 3465 3637 3521 πίστευσον
3659 3461 3736 3534 τῷ

2140 3564 2231 3619 ἀεὶ
2261 3565 2344 3630 είς
2365 3565 2662 3636 πρόσωπον
2690 3563 2821 3618 ἴδιον
2859 3562 2998 3634 ὑπὲρ
3031 3560 3132 3617 τοῦ
3172 3558 3496 3632 θλιϐομένου
3520 3555 3736 3628 λαμϐά-

2139 3674 2308 3723 νοντι,
2329 3656 2424 3712 καὶ
2452 3656 2664 3711 οἴκοθεν
2705 3655 3010 3711 ἀποδιδόντι
3043 3654 3143 3726 τὴν
3167 3653 3349 3726 χάριν.
3398 3649 3737 3717 Ἀξιόπιστος
3846 3706 3849 3709 _

2139 3747 2438 3822 ἐγγυητὴς,
2480 3747 2758 3819 πανταχοῦ
2795 3747 2902 3822 γῆς
2927 3747 3022 3802 καὶ
3059 3744 3341 3817 θαλάσσης
3378 3740 3737 3817 ηπλωμένους

2141 3843 2280 3917 ἔχων
2304 3844 2432 3910 τοὺς
2464 3841 2800 3916 θησαυρούς.

2214 4035 2652 4108 Σκορπιζόμενος
2674 4034 2703 4089 ό
2743 4033 2994 4098 πλοῦτος,
3023 4031 3147 4087 καθ’
3175 4031 3236 4086 ὃν
3266 4032 3295 4086 ὁ
3323 4028 3527 4102 Κύριος
3553 4025 3739 4085 ὐποτίο

2142 4129 2296 4184 θεται
2320 4130 2525 4201 τρόπον
2543 4170 2559 4197 ,
2593 4128 2809 4195 πέφυκε
2839 4128 3180 4198 παραμένειν
3209 4140 3225 4156 ο
3272 4122 3635 4195 συνεχόμενος
3661 4121 3737 4185 δὲ,

2141 4222 2546 4293 ἀλλοτριοῦται.
2595 4222 2722 4277 Ἐὰν
2754 4221 3057 4292 φυλάσσῃς,
3092 4219 3195 4273 οὐκ
3222 4216 3369 4290 ἔχεις
3397 4234 3412 4249 ·
3440 4216 3539 4270 ὲάν
3575 4232 3739 4287 σκορ-

2142 4317 2330 4391 πίσῃς,
2350 4317 2453 4372 οὐκ
2487 4316 2800 4381 ἀπολέσεις.
2865 4315 3316 4382 Ἐσκόρπισεν,
3372 4309 3563 4365 ἔδωκε
3615 4310 3743 4375 τοῖς

2141 4410 2428 4480 πένησιν,
2452 4410 2493 4480 ἠ
2513 4409 2875 4480 δικαιοσύνη
2910 4407 3098 4464 αὐτοῦ
3115 4406 3287 4478 μένει
3313 4407 3402 4474 είς
3426 4405 3533 4460 τὸν
3554 4403 3744 4460 αἰῶνα

2139 4501 2247 4556 τοῦ
2274 4500 2512 4569 αἰῶνος.

2226 4597 2315 4651 Ἐν
2340 4578 2658 4668 ’πανηγύρει
2685 4595 2862 4661 οὐδεὶς
2898 4595 3149 4649 λυπεῖται
3183 4593 3511 4665 προϊέμενος
3535 4589 3605 4646 τὰ
3632 4606 3740 4644 παο

2142 4687 2324 4758 ρόντα,
2350 4686 2447 4740 καὶ⁵
2477 4687 2881 4757 ἀνακτώμενος
2912 4684 2982 4738 τὰ
3012 4683 3223 4744 δέοντα,
3256 4682 3371 4737 ἀλλ’
3401 4681 3628 4751 ὅσῳπερ
3674 4678 3741 4733 ἂν

2141 4779 2428 4844 ἐλάττονος
2477 4778 2648 4851 τιμῆς
2680 4778 2750 4833 τὰ
2786 4777 3134 4849 πολυτίμητα
3182 4775 3437 4847 πρίηται,
3496 4771 3740 4843 τοσούτῳ

2139 4871 2347 4944 χαίρει,
2380 4871 2455 4936 ὡς
2481 4870 2745 4943 λαμπροῦ
2785 4869 2952 4925 αὐτοῦ
2982 4868 3079 4924 τοῦ
3108 4867 3566 4938 συναλλάγματος
3596 4881 3743 4936 γενο-

2145 4961 2333 5033 μένου.
2366 4962 2440 5015 Σὺ
2464 4960 2523 5016 δὲ
2541 4962 2693 5033 λυπῇ
2718 4961 2944 5032 χρυσίον
2960 4961 3055 5016 καλ⁵
3069 4959 3335 5032 ἀργύριον
3358 4958 3559 5024 διδοὺς,
3582 4974 3743 5011 τουτ-

2143 5052 2259 5106 έστι
2289 5051 2420 5124 χοῦν
2470 5052 2873 5126 παρεχόμενος,
2924 5052 3013 5107 ἵνα
3084 5053 3260 5124 κτήσῃ
3309 5050 3411 5122 τὴν
3461 5049 3742 5122 μακαρίαν

2144 5144 2315 5222 ζωήνο

2215 5326 2516 5399 Προλαόὼν
2542 5329 2868 5400 ἐνταφίασον
2899 5329 3147 5384 σεαυτόν.
3190 5327 3373 5387 Καλὸν
3410 5327 3670 5395 ἐντάφιον
3706 5325 3738 5396 ἡ
3796 5304 3806 5315 ’

2144 5418 2417 5480 εὐσέϐεια.
2475 5420 2662 5481 Πάντα
2705 5410 3185 5491 περιϐαλλόμενος
3237 5418 3469 5473 ἄπελθε.
3528 5420 3742 5471 υἰκείον

2149 5512 2355 5582 κόσμον
2383 5512 2473 5567 τὸν
2500 5513 2729 5567 πλοῦτον
2760 5514 3007 5584 ποίησον.
3048 5514 3179 5585 Ἔχε
3209 5512 3375 5566 αὐτὸν
3404 5512 3546 5584 μετά
3582 5528 3744 5564 σεαυ-

2148 5606 2266 5664 τοῦ.
2314 5606 2577 5679 Πείσθητι
2627 5608 2780 5679 καλῷ
2810 5607 3126 5681 συμϐούλῳ,
3154 5607 3232 5679 τῷ
3284 5605 3638 5679 ἀγαπήσαντί
3685 5622 3741 5657 σε

2147 5700 2392 5773 Χριστῷ,
2420 5701 2498 5772 τῷ
2527 5701 2595 5755 δι’
2638 5703 2789 5773 ἡμᾶς
2816 5702 3213 5775 πτωχεύσαντι,
3249 5703 3337 5759 ἵνα
3387 5701 3487 5775 τὴν
3533 5700 3738 5761 ἐκείνου

2148 5796 2420 5867 πτωχείαν
2445 5798 2865 5872 πλουτήσωμεν.
