4028 6406
301 411 433 476 1465

1590 398 1838 460 SACRA
1875 396 2342 458 PARALLELA.

3435 383 3574 450 1463

363 524 538 576 Ὅταν
571 516 770 587 πτωχῷ
807 514 1072 586 παρέχειν
1129 511 1329 584 μέλλῃς
1376 508 1468 565 διὰ
1514 508 1608 565 τὸν
1660 509 1884 581 Κύριον,

2067 507 2132 564 S.
2161 507 2337 563 Basit.
2369 506 2508 561 hom.
2543 504 2597 559 in
2640 505 2942 575 [θηρατικ-
2958 497 3097 556 Cum
3129 503 3352 568 propter
3399 496 3583 550 Domi-

295 614 449 670 τοῦτο
469 614 567 666 καὶ
597 610 768 680 δῶρόν
789 611 928 670 ἐστι,
960 607 1056 659 κα)⁸
1085 605 1353 672 δάνεισμα.
1379 619 1393 632 ·
1425 602 1599 672 δῶρον
1635 602 1756 671 μὲν,
1803 599 1894 653 διὰ

293 705 390 777 τὴν
416 700 771 757 ἀνελπιστίαν
797 700 896 768 τῆς
947 696 1304 758 ἀπολαύσεως
1338 709 1350 722 ·
1389 693 1656 762 δάνεισμα
1699 693 1755 745 δὲ
1804 690 1895 746 διὰ

291 798 388 868 τὴν
421 793 839 867 μεγαλώωρεάν
867 789 963 844 τοῦ
1002 786 1389 850 ἀποτιννύντος
1419 786 1559 857 ὑπὲρ
1591 785 1784 847 αὑτοῦ,
1833 785 1892 850 ὃς

297 892 467 964 μικρὰ
517 885 700 942 λαϐὼν
725 885 811 938 διὰ
842 884 936 937 τοῦ
967 882 1224 954 πένητος,
1284 880 1506 951 μεγάλα
1548 878 1690 949 ὑπὲρ
1723 878 1890 932 αὐτοῦ

293 981 566 1037 ἀποδώσει
593 995 610 1012 ο
650 979 709 1033 '0
733 979 850 1050 ’γὰρ
881 976 1046 1030 ἐλεῶν
1077 974 1314 1046 πτωχὸν,
1346 972 1466 1045 Θεῷ
1487 973 1744 1039 δανείζει,
1787 989 1894 1044 φη·

295 1091 396 1127 σιν.

365 1247 424 1301 '0
447 1247 712 1318 χρήματα
757 1245 954 1310 διδοὺς,
994 1245 1368 1316 ἐλεημοσύνην
1399 1246 1542 1298 αἰτεῖ
1590 1243 1740 1314 παρὰ
1793 1241 1888 1296 σοῦ

289 1340 372 1394 διὰ
414 1341 515 1409 τῆς
548 1339 735 1409 χειρὸς
754 1336 865 1389 τῶν
893 1338 1167 1408 πενήτων,
1225 1338 1332 1390 κᾶν
1362 1337 1501 1405 λάϐῃ
1557 1336 1626 1389 τὰ
1671 1333 1887 1400 ἐαυτοῦ,

289 1432 558 1503 ἀκεραίαν
585 1448 669 1484 σοι
697 1430 797 1502 τὴν
823 1431 984 1501 χάριν
1027 1429 1104 1492 ώς
1124 1430 1335 1483 οἰκείαν
1361 1430 1691 1500 ἀποπληροῖ.

357 1630 377 1664 ο
427 1611 486 1664 Ὀ
512 1611 774 1675 πλούσιος
805 1610 960 1665 οὔπω
991 1611 1234 1682 ζηλωτός
1262 1612 1378 1664 ἐστι
1409 1610 1501 1664 διὰ
1522 1610 1612 1664 τὸν
1634 1607 1884 1664 πλοῦτον·

291 1706 387 1776 οὐχ
439 1707 468 1759 6
498 1703 774 1776 δυνάστης
805 1704 892 1758 διὰ
921 1705 1014 1758 τὸν
1059 1705 1224 1774 ὄγκον
1252 1704 1346 1758 τοῦ
1382 1703 1716 1773 ἀξιώματος.
1757 1705 1888 1773 Ὄρ-

283 1813 422 1864 γανα
450 1796 563 1866 γάρ
601 1797 721 1849 ἐστι
753 1794 929 1849 ταῦτα
959 1796 1059 1866 τῆς
1085 1795 1281 1866 λοιπῆς
1313 1797 1517 1867 ἀρετῆς
1544 1799 1656 1857 τοῖς
1702 1794 1886 1857 καλῶς

281 1884 453 1959 ’κεχρη
465 1889 672 1959 μένοις,
730 1889 832 1941 οὐκ
865 1888 1006 1941 αὐτὰ
1048 1889 1106 1940 ἐν
1138 1889 1354 1950 ἑαυτοῖς
1385 1887 1576 1958 ἔχοντα
1597 1887 1657 1940 τὸ
1703 1888 1882 1957 μακά·
1916 1869 1958 1925 Β

291 1999 420 2054 ριον.
449 1982 510 2033 '0
550 1982 649 2052 μὲν
675 1979 768 2033 οῦν
802 1978 993 2043 κακῶς
1025 1979 1210 2042 αὐτοῖς
1249 1979 1595 2049 κεχρημένος
1630 1979 1880 2045 ἐλεεινὸς,

288 2075 359 2137 ὼς
386 2075 413 2126 ὁ
433 2073 512 2142 τῷ
545 2073 690 2142 ξίφει
725 2071 754 2125 ὃ
775 2071 969 2126 ἐλαϐεν
994 2071 1132 2142 πρδς
1171 2072 1271 2142 τὴν
1306 2071 1414 2123 τῶν
1437 2070 1715 2141 πολεμίων
1742 2071 1884 2142 ἄμυ-

287 2182 398 2229 ναν,
434 2164 614 2235 τούτῳ
647 2164 910 2228 ἑκουσίως
953 2163 1146 2216 ἑαυτὸν
1194 2163 1677 2232 κατατιτρώσκων.
1727 2164 1790 2216 Εἰ
1829 2163 1884 2216 δέ

289 2257 484 2320 καλῶς,
519 2255 779 2310 καὶκατὰ
803 2255 894 2308 τὸν
925 2255 1084 2324 ὀρθὸν
1113 2255 1291 2322 λόγον,
1323 2256 1414 2308 τὸν
1447 2254 1690 2325 παρόντα
1718 2272 1886 2324 μετα-

285 2348 608 2419 χειρίζεται,
639 2347 737 2400 καὶ
765 2345 1049 2416 οἰκονόμος
1078 2345 1198 2398 ἐστὶ
1221 2345 1330 2398 τῶν
1363 2343 1512 2415 παρά
1537 2344 1672 2398 Θεοῦ
1699 2344 1882 2398 δοθέν-

285 2458 406 2505 των,
437 2438 788 2492 ἐπαινείσθαι
819 2439 916 2491 καλ⁸
961 2437 1282 2506 ἀγαπᾶσθαι
1338 2439 1368 2490 6
1395 2435 1635 2500 τοιοῦτος
1672 2435 1885 2502 δίκαιός
1912 2432 1914 2435 ’

285 2535 394 2587 ἐστι
424 2533 516 2587 διὰ
545 2533 605 2587 τὺ
627 2532 954 2602 φιλάδελφον
986 2531 1080 2586 καὶ
1114 2529 1436 2586 κοινωνικὸν
1459 2528 1550 2582 τοῦ
1581 2528 1814 2602 τρόπου.

349 2710 542 2776 Γενοῦ,
578 2711 858 2781 ἄνθρωπε,
921 2713 1054 2765 ὡσεὶ
1110 2711 1268 2766 ἐλαία
1312 2710 1673 2782 κατάκαρπος
1723 2712 1780 2764 ἐν
1807 2710 1884 2782 τῷ

284 2802 408 2871 οἴκῳ
437 2803 539 2855 τοῦ
572 2801 731 2864 Θεοῦ,
768 2802 1038 2873 μηδέποτε
1073 2800 1454 2872 γυμνούμενος
1484 2803 1584 2868 τῆς
1641 2799 1880 2867 ἐλπίδος,

284 2891 392 2944 ἀλλ’
423 2892 509 2944 ἀεὶ
547 2890 850 2944 θάλλουσαν
902 2891 1044 2961 ἔχων
1094 2893 1222 2963 περί
1281 2895 1508 2946 σεαυτὸν
1541 2895 1640 2965 τὴν
1677 2894 1764 2947 διὰ
1793 2893 1885 2944 πί-

287 3000 450 3046 στεως
481 2984 784 3055 σωτηρίαν,
821 2983 964 3037 οῦτω
1002 2985 1099 3038 καὶ
1143 2984 1202 3037 τὸ
1231 2985 1517 3049 ἀειθαλλές
1547 2985 1643 3039 τοῦ
1683 2985 1883 3055 φύλλου

288 3079 524 3149 μιμὴσῃ,
585 3078 681 3130 καὶ
734 3077 796 3130 τὸ
858 3077 1214 3148 πολύκαρπον
1263 3078 1319 3131 δέ
1380 3078 1548 3138 αὑτοῦ
1594 3079 1880 3148 ζηλώσεις,

284 3165 514 3235 ἄφθονον
542 3165 642 3238 τὴν
674 3166 1046 3240 ἐλεημοσύνην
1076 3169 1238 3222 παντὶ
1278 3168 1455 3238 καιρῷ
1485 3169 1880 3240 παρεχόμενος.

343 3345 454 3399 Οὐκ
475 3337 662 3414 οἶμαι,
688 3343 766 3416 τῷ
795 3345 947 3416 πόσῳ
971 3345 1070 3415 τῆς
1093 3345 1380 3416 διδομένης
1405 3346 1536 3418 ὕλης
1561 3345 1728 3418 οῦσης
1754 3347 1885 3414 ἔξωο

286 3436 394 3504 θεν,
444 3441 575 3501 ταῖς
607 3438 665 3492 δέ
720 3439 1164 3510 προσφερούσαις
1219 3438 1468 3508 γνώμαις
1526 3440 1727 3510 μᾶλλον
1789 3441 1885 3495 καὶ

279 3532 642 3602 προαιρέσεσι
669 3529 768 3602 τὴν
802 3529 1113 3602 φιλοτιμίαν
1145 3532 1240 3586 καὶ
1269 3532 1368 3603 τὴν
1402 3533 1884 3605 μεγαλοπρέπειαν

282 3624 308 3675 6
329 3622 369 3675 ῐε
380 3623 469 3695 ρδς
510 3623 669 3693 λόγος
692 3621 1084 3693 ἐσταθμίσατο.

351 3805 545 3860 Οὑδενλ
570 3805 680 3859 τῶν
699 3806 918 3860 πάντων
949 3804 1121 3869 οὕτως
1153 3805 1229 3870 ὡς
1264 3804 1401 3874 ἐλέῳ
1427 3806 1558 3870 Θεὸς
1581 3805 1887 3877 θεραπεύε-

277 3911 387 3962 ται,
417 3901 508 3952 ὅτι
542 3899 676 3969 μηδέ
705 3898 1034 3969 οἰκειότερον
1063 3898 1192 3953 ἄλλο
1243 3897 1435 3952 τούτου
1461 3899 1601 3970 Θεῷ,
1627 3892 1689 3952 οὗ
1736 3900 1887 3964 ἔλεος

282 3990 368 4043 καὶ
401 3989 636 4060 ἀλήθεια
699 3990 1156 4060 προπορεύονται,
1217 3991 1312 4044 καὶ
1339 3985 1384 4058 ᾧ
1409 3991 1762 4060 προσοιστέον
1794 3991 1886 4044 τὸν

283 4081 423 4135 ἔλεον
455 4083 566 4153 πρὸ
591 4083 691 4152 τῆς
724 4082 977 4154 κρίσεως.
1001 4083 1137 4135 Οὐδέ
1157 4083 1267 4151 γὰρ
1292 4083 1439 4153 ἄλλῳ
1465 4084 1572 4136 τινὶ
1593 4083 1669 4146 ὼς
1693 4082 1887 4151 φιλαν-

284 4171 501 4244 θρωπίᾳ
525 4172 587 4226 τὸ
636 4173 1019 4244 φιλάνθρωπον
1079 4173 1408 4228 ἁντιδίδοται
1462 4173 1613 4243 παρὰ
1653 4172 1748 4227 τοῦ
1802 4172 1884 4226 δι-

283 4266 450 4330 καίως
511 4264 966 4338 ἀντιμετροῦντος
1028 4266 1088 4321 ἐν
1146 4264 1300 4339 ζυγῷ
1357 4265 1454 4320 καὶ
1503 4265 1728 4338 σταθμῷ
1792 4266 1886 4320 τὸν

285 4355 452 4413 ἔλεον.

1911 3219 1953 3274 C

1997 615 2129 654 num
2178 597 2412 669 pauperi
2467 596 2658 666 largiri
2689 608 2873 666 paras,
2909 594 3014 648 hoc
3047 589 3214 646 simul
3256 597 3311 644 et
3353 589 3583 654 donum,

1995 702 2049 750 et
2082 693 2244 748 fenus
2292 699 2426 747 est:
2481 688 2713 752 donum,
2770 687 3023 756 inquam,
3092 681 3225 752 quia
3283 677 3586 749 recipiendi

1996 785 2148 840 nulla
2201 798 2328 852 spes
2367 780 2621 851 affnlget;
2671 780 2842 833 fenus
2875 785 3081 842 autem,
3124 777 3196 830 ob
3238 773 3362 844 ejus
3391 773 3487 842 qui
3521 771 3586 824 il-

1995 875 2104 930 lius
2132 872 2356 928 nomine
2386 870 2690 942 persolvit,
2720 866 3192 932 muniﬁcentiam;
3221 865 3456 935 quicum
3485 877 3583 932 per

1994 978 2292 1040 pauperem
2327 962 2586 1033 exiguum
2620 958 2756 1030 quid
2791 958 3089 1028 acceperit,
3130 957 3368 1027 iugentia
3395 971 3496 1026 pro
3516 971 3584 1009 eo

1993 1057 2278 1128 rependat.
2333 1053 2468 1109 Nam
2527 1053 2624 1125 qui
2698 1053 2996 1107 miseretur
3061 1050 3340 1120 pauperis,
3408 1049 3584 1120 inquit

1993 1149 2106 1213 ille,
2148 1148 2437 1202 feneratur
2466 1145 2700 1200 Domino
2726 1142 2915 1214 (Prov.
2954 1157 3075 1205 xix,
3102 1142 3212 1210 17).

2063 1237 2350 1308 Ejusdem.
2373 1265 2443 1276 ——
2477 1235 2582 1302 Qui
2631 1234 2728 1290 tibi
2775 1249 2912 1305 opes
2947 1232 3121 1296 dedit,
3163 1231 3277 1301 ipse
3311 1246 3408 1300 per
3449 1245 3584 1299 pau-

1991 1344 2185 1401 perum
2217 1342 2417 1383 manns
2445 1327 2853 1396 eleemosynam
2894 1325 2994 1379 abs
3027 1331 3080 1377 te
3107 1323 3304 1392 poscit.
3353 1319 3509 1386 Quod
3536 1322 3582 1373 si

1991 1436 2116 1492 qua:
2147 1433 2247 1474 sua
2298 1425 2430 1473 sunt
2477 1418 2736 1488 accipiat,
2775 1416 3043 1487 integram
3096 1413 3352 1485 gratiam,
3383 1426 3448 1468 ac
3473 1411 3518 1467 si
3552 1427 3585 1466 a

1989 1523 2044 1570 te
2066 1513 2343 1571 benclicio
2377 1517 2579 1565 auctus
2605 1517 2773 1572 esset,
2806 1503 3094 1576 persolvit.

2062 1605 2257 1678 Ejusd.
2297 1583 2444 1658 liam.
2476 1602 2540 1657 de
2569 1600 2734 1655 invid.
2769 1630 2840 1640 —
2865 1598 2972 1664 Qui
3001 1597 3154 1652 dives
3184 1604 3288 1662 est,
3313 1613 3422 1654 non
3453 1612 3584 1668 pro-

1988 1703 2137 1756 tinus
2177 1700 2251 1754 ob
2282 1697 2505 1754 divitias
2533 1691 2878 1749 aemulandus
2909 1699 2994 1746 est
3024 1709 3038 1744 :
3087 1705 3199 1745 non
3243 1690 3372 1745 item
3399 1690 3470 1744 ob
3497 1691 3584 1743 di-

1987 1791 2218 1865 gnitatis
2256 1787 2677 1859 amplitudinem
2709 1783 2756 1838 is
2805 1781 2903 1851 qui
2933 1781 3181 1852 polentia
3237 1781 3413 1837 floret.
3454 1780 3582 1836 llaec

1986 1885 2136 1940 enim
2196 1881 2431 1951 reliquae
2482 1875 2705 1933 virtutis
2765 1876 3141 1929 instrumenta
3186 1883 3316 1930 sunt
3369 1873 3437 1926 iis
3483 1871 3581 1942 qui

1986 1977 2130 2033 bene
2157 1982 2416 2038 utuntur,
2449 1979 2561 2026 n0n
2595 1977 2780 2025 autem
2807 1969 2925 2038 ipsa
2957 1969 3015 2022 in
3039 1983 3099 2024 se
3126 1967 3444 2023 felicitatem
3481 1966 3580 2019 ha-

1985 2072 2142 2128 bent.
2186 2066 2377 2138 Itaque
2412 2065 2583 2120 miser
2613 2073 2698 2118 est
2748 2062 2843 2132 qui
2876 2061 2964 2116 his
2999 2060 3140 2116 male
3191 2059 3388 2120 utitur,
3432 2056 3578 2111 haud

1985 2178 2147 2220 secus
2189 2176 2271 2234 .ac
2323 2161 2416 2216 ille
2445 2161 2538 2230 qui
2592 2158 2800 2230 gladio,
2837 2170 3000 2227 quem
3053 2156 3122 2211 ad
3172 2149 3580 2225 propulsandos
3615 2192 3633 2208 .

1983 2257 2171 2313 hostes
2201 2254 2439 2324 accepit,
2483 2252 2732 2322 seipsnm
2784 2250 3166 2308 convulnerat.
3207 2247 3280 2301 At
3325 2245 3368 2301 si
3406 2253 3578 2308 recte,

1984 2359 2168 2422 atque-
2198 2358 2259 2404 ut
2313 2346 2514 2404 rationi
2565 2353 3005 2403 consentaneum
3060 2349 3188 2404 est,
3233 2337 3397 2410 477
3448 2350 3583 2406 opes

1983 2440 2358 2508 administrat,
2403 2445 2460 2496 et
2503 2453 2568 2494 ea
2596 2452 2720 2509 quae
2753 2436 2900 2492 Deus
2937 2433 3044 2490 sibi
3083 2431 3320 2497 dederit,
3353 2429 3582 2498 dispen-

1984 2540 2089 2598 sat,
2121 2532 2168 2588 is
2197 2532 2357 2602 plane
2412 2537 2639 2600 propter
2691 2527 3020 2582 charitatem
3068 2532 3123 2580 et
3158 2520 3577 2586 liberalitatem,

1983 2623 2144 2679 laude
2173 2619 2228 2676 et
2258 2620 2648 2677 benevolentia
2681 2618 2881 2688 dignus
2925 2623 3034 2672 est.

2054 2713 2329 2782 Ejusdem.
2351 2744 2420 2753 —
2446 2710 2524 2766 Da
2548 2725 2798 2782 operam,
2829 2723 2862 2763 ο
2893 2708 3080 2772 homo,
3115 2713 3173 2760 ut
3200 2705 3280 2761 sis
3311 2714 3578 2774 tanquam

1983 2805 2129 2861 oliva
2201 2802 2495 2860 fructifera
2542 2803 2598 2857 in
2642 2801 2810 2856 domo
2859 2798 2989 2864 Dei;
3023 2796 3289 2851 nimirum
3319 2804 3379 2849 ut
3423 2807 3580 2864 spem

1986 2897 2315 2968 neutiquam
2346 2895 2606 2966 abjicias,
2635 2891 2731 2948 sed
2761 2891 3023 2953 salutem,
3054 2902 3179 2958 quae
3210 2885 3318 2940 ﬁde
3349 2897 3584 2954 compa-

1984 2999 2162 3054 ratur,
2191 2989 2342 3044 circa
2383 2996 2440 3043 te
2475 3001 2696 3057 semper
2729 2983 3006 3040 virentem
3041 2979 3270 3034 habeas.
3305 2975 3398 3030 Sic
3423 2991 3584 3030 nem-

1985 3099 2052 3154 pe
2080 3091 2136 3138 et
2170 3089 2436 3153 perpetuo
2473 3082 2713 3136 virorem
2745 3077 2914 3132 olivae
2978 3069 3330 3137 imitaberis;
3360 3069 3493 3138 quin
3527 3075 3584 3124 et

1985 3177 2333 3232 feracitatem
2393 3173 2770 3239 aamulaberis,
2824 3175 3050 3227 uberem
3122 3165 3276 3224 omni
3342 3172 3589 3232 tempore

1989 3269 2239 3340 praebens
2268 3267 2700 3336 eleemosynam.

2058 3358 2119 3414 S.
2173 3356 2333 3428 Greg.
2391 3357 2622 3411 Tltaum.
2673 3354 2752 3410 De
2795 3352 3001 3408 Iaudib.
3055 3351 3376 3421 0rigen.—
3412 3347 3584 3403 Sacra

1987 3451 2266 3516 doctrina,
2292 3455 2352 3505 ut
2391 3450 2528 3504 mihi
2573 3447 2798 3519 quidem
2837 3445 3080 3509 videtur,
3123 3458 3236 3499 non
3265 3449 3378 3496 tam
3407 3447 3586 3495 mate-

1987 3545 2087 3599 ria:
2109 3543 2252 3599 data:
2282 3543 2618 3614 quantitate,
2649 3546 2713 3595 ut
2735 3555 2858 3609 quae
2891 3545 3118 3593 externa
3147 3535 3241 3600 sit,
3261 3545 3429 3603 quam
3451 3529 3583 3586 olfe-

1988 3635 2236 3688 rentium
2299 3633 2587 3688 voluntate
2609 3637 2667 3685 et
2730 3629 3023 3693 instituto,
3070 3623 3466 3682 liberalitatem
3525 3626 3582 3677 et

1987 3725 2430 3779 munificentiam
2466 3721 2812 3793 ponderavit.

2059 3815 2118 3872 S.
2150 3813 2369 3886 Cregor.
2389 3814 2659 3868 Nazianz.
2691 3821 2834 3868 orat.
2862 3811 2952 3867 15.
2987 3841 3056 3854 —-
3081 3809 3245 3866 Nulla
3274 3824 3336 3865 re
3353 3806 3583 3864 omnino

1986 3906 2215 3977 perinde
2247 3920 2310 3961 ac
2339 3904 2728 3960 misericordia
2761 3903 2908 3959 Deus
2935 3903 3294 3967 conciliatur,
3329 3899 3586 3972 quando-

1986 4000 2210 4071 quidem
2244 4013 2346 4054 nec
2381 3999 2533 4053 aliud
2582 3999 2886 4069 quidquam
2941 3996 3055 4053 Deo
3080 3998 3256 4067 magis
3291 3997 3580 4066 proprium

1986 4099 2074 4146 est
2117 4110 2131 4146 :
2165 4093 2378 4162 quippe
2441 4107 2608 4162 quem
2658 4089 3047 4146 misericordia
3089 4097 3147 4144 et
3187 4089 3397 4144 veritas
3438 4103 3583 4157 pra:-

1985 4183 2222 4249 cedunt,
2249 4194 2304 4239 et
2331 4185 2421 4239 cui
2465 4182 2859 4239 misericordia
2900 4190 3030 4237 ante
3094 4179 3372 4252 judicium
3417 4179 3582 4234 debet

1984 4273 2194 4332 offerri.
2224 4275 2414 4347 Neque
2440 4276 2588 4333 enim
2621 4276 2732 4331 ulla
2770 4290 2834 4331 re
2859 4275 2987 4340 alia,
3020 4273 3131 4330 nisi
3167 4271 3578 4337 misericordia,
3629 4305 3640 4310 -

1997 4367 2393 4424 misericordia
2451 4370 2519 4424 ab
2554 4383 2620 4424 eo
2655 4367 3008 4440 rependitur,
3069 4366 3164 4438 qui
3227 4365 3405 4436 juste,
3435 4373 3493 4421 et
3523 4364 3582 4420 in

1987 4460 2254 4531 pondere,
2281 4470 2336 4517 et
2355 4476 2622 4518 mensura
2682 4459 3132 4517 misericordiam
3158 4459 3474 4514 remetitur.

315 4577 318 4581 ~
349 4551 446 4614 Δός
472 4568 526 4604 τι
556 4549 677 4622 Θεῷ
728 4551 1108 4623 χαριστήριον,
1133 4552 1214 4606 ὅτι
1245 4550 1355 4605 τών
1378 4551 1625 4606 εύποιεῖν
1652 4550 1883 4623 δυναμέ-

2069 4551 2214 4606 Ibid.
2253 4583 2326 4593 -—
2353 4551 2523 4608 Grato
2552 4551 2744 4608 animo
2780 4551 3008 4628 aliquid.
3048 4551 3163 4608 Deo
3196 4551 3404 4618 tribue,
3449 4551 3582 4624 quia

286 4660 387 4697 νων
418 4645 631 4713 ἐγένου,
676 4643 792 4698 ἀλλ’
827 4645 888 4699 οὺ
917 4643 1026 4698 τῶν
1056 4646 1316 4700 εὐπαθεῖν
1356 4645 1648 4714 δεομένων,
1679 4646 1760 4698 ὅτι
1815 4643 1890 4717 μὴ

289 4735 506 4804 βλέπεις
532 4738 612 4800 εἰς
642 4735 931 4808 ἀλλοτρίας
959 4740 1169 4810 χεῖρας,
1194 4738 1309 4792 ἀλλ’
1332 4740 1413 4801 είς
1442 4737 1539 4801 τὰς
1560 4737 1659 4801 σὰς
1688 4738 1887 4809 ἕτεροι.

287 4828 596 4900 Πλούτησον
617 4831 690 4902 μὴ
722 4831 1042 4902 περιουσίαν
1076 4833 1260 4903 μόνον,
1297 4831 1548 4887 ἀλλὰκαὶ
1578 4832 1887 4886 εὐσέϐειαν·

290 4921 360 4992 μὴ
399 4924 558 4994 μόνον
588 4924 650 4976 τὸ
695 4923 940 4993 χρυσίον,
986 4925 1124 4979 ἀλλὰ
1179 4927 1274 4979 καὶ
1319 4927 1419 4999 τὴν
1451 4929 1674 5001 ἀρετήν.
1723 4929 1887 4984 Γενοῦ

286 5013 377 5067 τοῦ
412 5015 642 5086 πλησίον
670 5014 1020 5088 τιμιώτερος,
1050 5017 1203 5089 ἐντῷ
1235 5019 1469 5088 φανῆναι
1494 5021 1884 5093 χρηστότερος.

287 5103 452 5158 Γενοῦ
473 5105 552 5176 τῷ
583 5105 875 5177 ἀτυχοῦντι
915 5107 1070 5173 Θεὸς,
1103 5108 1195 5161 τὸν
1243 5108 1393 5163 ἔλεον
1443 5110 1580 5164 Θεοῦ
1612 5112 1890 5183 μιμούμε-

290 5213 396 5259 νος.
431 5197 598 5253 Οὐδὲν
632 5200 741 5270 γὰρ
775 5197 948 5264 οῦτως
976 5198 1052 5264 ὡς
1087 5199 1146 5254 τὸ
1167 5201 1411 5257 εύποιεῖν
1457 5203 1748 5276 ἄνθρωπος
1775 5204 1888 5276 ἔχει

289 5289 443 5346 Θεοῦ.

355 5550 474 5608 Οῐει
503 5551 577 5625 μὴ
602 5551 851 5625 ἀνάγκην
899 5549 1040 5610 εἷναί
1069 5573 1154 5611 σοι
1181 5557 1283 5630 τῆς
1341 5560 1688 5632 εὐεργεσίας,
1749 5565 1886 5622 ἀλλὰ

293 5644 648 5715 προαίρεσιν;
686 5646 899 5717 Σφόδρα
927 5648 1023 5702 καὶ
1083 5649 1248 5711 αὐτὸς
1281 5652 1606 5724 ἐϐουλόμην,
1653 5659 1747 5711 καὶ
1781 5661 1884 5713 ὑπ-

293 5735 597 5805 ελάμϐανον
670 5738 806 5792 ἀλλὰ
839 5741 1000 5809 φοϐεῖ
1052 5759 1119 5811 με
1150 5745 1183 5813 ἡ
1243 5747 1511 5818 ἀριστερὰ
1554 5749 1676 5820 χεὶρ
1710 5753 1803 5806 καὶ
1835 5757 1882 5807 οἱ

294 5826 488 5901 ἔριφοι,
521 5831 985 5922 καὶδιπαρόιητοῦ
1015 5836 1314 5908 στήσαντος
1367 5841 1739 5913 ὀνειδίζονται,
1787 5846 1882 5918 οὐχ

1993 4655 2052 4702 ιιι
2088 4663 2152 4701 ex
2185 4661 2380 4702 eorum
2445 4660 2684 4702 numero
2717 4661 2780 4702 es
2811 4645 2908 4716 qui
2936 4645 3079 4701 bene
3103 4645 3170 4702 de
3200 4646 3326 4702 aliis
3377 4645 3581 4701 mereri

1995 4740 2234 4811 possint,
2271 4754 2382 4794 non
2433 4739 2529 4809 qui
2561 4737 2846 4793 beneficiis
2873 4736 3110 4809 aliorum
3137 4751 3280 4808 opus
3311 4737 3579 4793 habeant:

1991 4848 2118 4888 cum
2146 4833 2200 4886 in
2241 4833 2452 4887 alienas
2487 4847 2689 4887 manus
2741 4845 2850 4885 non
2902 4830 3198 4894 intuearis,
3228 4829 3326 4885 sed
3353 4829 3410 4884 in
3457 4837 3584 4886 tuas

1993 4926 2105 4980 alii.
2139 4924 2230 4981 Sis
2279 4941 2392 4980 non
2427 4924 2627 4996 opibus
2649 4930 2704 4979 et
2737 4921 3098 4978 facultatibus
3138 4922 3328 4988 modo,
3391 4937 3583 4978 verum

1992 5027 2050 5072 et
2091 5017 2294 5087 pietate
2324 5015 2481 5071 dives
2515 5030 2667 5070 :non
2710 5023 2922 5070 tantum
2965 5028 3128 5078 auro,
3155 5013 3254 5068 sed
3273 5014 3439 5069 etiam
3471 5015 3586 5068 vir-

1993 5117 2133 5164 tute.
2191 5107 2284 5164 Sis
2335 5109 2588 5179 proximo
2639 5115 2736 5163 tuo
2784 5107 2892 5162 hoc
2926 5106 3153 5162 nomine
3202 5110 3583 5176 praestantior,

1991 5202 2136 5274 quod
2169 5200 2438 5271 majorem
2460 5200 2857 5271 benignitatem
2890 5198 3174 5269 praferas.
3209 5199 3299 5254 Sis
3350 5199 3585 5254 calami-

1989 5302 2111 5348 toso
2141 5290 2310 5358 Deus,
2336 5290 2434 5347 Dei
2467 5291 2906 5346 misericordiam
2944 5289 3233 5346 imitando.
3263 5290 3410 5346 Nihil
3432 5291 3579 5346 enim

1991 5393 2102 5439 tam
2141 5384 2393 5440 divinum
2436 5383 2606 5439 habet
2638 5384 2824 5455 homo,
2853 5400 3022 5457 quam
3056 5386 3198 5443 bene
3221 5385 3290 5441 de
3313 5384 3444 5440 aliis
3462 5397 3582 5439 me-

1987 5477 2150 5533 rendi
2191 5475 2540 5533 facultatem.

2062 5569 2345 5640 Ejusdem.
2407 5598 2477 5609 —
2535 5568 2622 5625 An
2658 5577 2716 5624 tu
2753 5569 3190 5626 beneficentiam
3242 5568 3462 5624 arbitrii
3501 5568 3583 5623 tui

1989 5677 2114 5718 esse
2145 5671 2334 5732 putas,
2367 5676 2482 5716 non
2514 5662 2881 5719 necessitatis
2913 5662 2936 5714 ?
2976 5662 3156 5728 Quam
3187 5663 3306 5732 ipse
3361 5675 3584 5732 quoque

1990 5757 2184 5812 vellem
2224 5755 2303 5810 ita
2355 5763 2529 5823 esset,
2574 5764 2742 5827 atque
2801 5755 2970 5812 etiam
3027 5757 3431 5812 existimarem.
3473 5751 3579 5808 Sed

1987 5851 2122 5908 mihi
2153 5858 2358 5908 metum
2395 5849 2628 5909 sinistra
2665 5849 2758 5906 illa
2794 5849 3028 5919 incutit,
3060 5857 3112 5906 ct
3138 5848 3310 5917 inedi,
3354 5855 3410 5906 ct
3445 5860 3580 5918 pro-
