4028 6394
463 367 600 432 1467

1654 370 1714 432 5.
1756 369 2080 432 JOANNIS
2118 369 2554 431 DAMASCENI

3620 367 3752 434 1468

465 490 568 545 bra
600 502 722 560 quae
750 503 779 541 a
815 486 1007 558 judice
1041 487 1094 541 in
1126 498 1222 541 eos
1250 485 1640 556 conjiciuntur
1671 507 1686 544 :
1713 503 1830 543 non
1891 486 2041 559 quod

2153 489 2232 542 ’ὁτι
2259 487 2660 558 διηρπάκασιν,
2693 484 2805 540 οὐδ’
2853 485 2937 540 ὅτι
2968 484 3360 556 σεσυλήκασιν,
3393 485 3427 556 ή
3462 485 3754 556 μιμοιχεύ-

462 581 775 652 rapuerint,
807 586 904 632 aut
935 576 1215 648 sacrilegii
1243 577 1337 631 vel
1388 576 1658 634 adulterii
1705 578 1950 634 crimine
1983 593 2045 635 se

460 673 836 738 devinxerim,
876 679 972 725 aut
997 667 1148 724 aliud
1183 669 1470 741 quidpiam
1513 671 1664 742 quod
1704 672 2044 742 prohibitum

461 767 536 822 sit
572 764 976 836 perpetrarint,
1035 761 1213 832 hujus
1272 761 1489 819 ordinis
1550 762 2045 831 damnantur;sed

461 858 590 927 quia
621 856 905 911 Christum
936 872 1034 926 per
1056 871 1334 927 pauperes
1360 855 1592 910 minime
1622 855 1943 911 coluerunt.
1973 885 2044 896 —

459 945 747 1001 Neminem
776 960 1021 1015 unquam
1057 942 1168 1000 Deo
1193 943 1405 1015 aliquid
1435 958 1702 1014 erogasse
1757 945 2044 1016 pcenituit.

457 1037 664 1092 Multus
689 1037 838 1093 enim
863 1046 950 1093 est
980 1036 1048 1092 ad
1078 1036 1313 1108 gratiam
1343 1036 1782 1106 rependentlam.
1832 1067 1904 1078 —
1961 1035 2050 1094 Sit

457 1131 829 1188 beneﬁcentia
855 1138 1052 1185 nostra
1081 1145 1149 1184 ex
1174 1141 1242 1184 eo
1287 1128 1436 1197 quod
1461 1129 1625 1186 nobis
1659 1130 2046 1187 necessarium

459 1229 569 1290 est,
595 1237 708 1276 non
742 1235 808 1274 ex
846 1234 914 1273 eo
945 1217 1092 1289 quod
1117 1216 1421 1273 redundat.
1452 1215 1570 1273 Hac
1597 1217 1880 1275 oblatione
1901 1217 2047 1276 Deus

462 1315 645 1386 magis
668 1313 978 1370 delectatur
1026 1325 1194 1381 quam
1242 1324 1539 1364 munerum
1583 1310 1750 1381 copia
1780 1317 1836 1366 et
1878 1311 2050 1376 largi-

461 1407 635 1463 tionis
667 1405 1073 1476 magnitudine.
1109 1432 1181 1443 —
1206 1402 1454 1457 Mutuam
1480 1416 1612 1472 erga
1642 1416 1748 1459 nos
1787 1402 2050 1459 humani-

461 1510 632 1556 tatem
700 1499 848 1554 Deus
899 1511 930 1552 a
964 1495 1130 1552 nobis
1188 1494 1468 1566 exposcit,
1527 1493 1753 1551 etiamsi
1812 1495 1884 1550 ab
1925 1495 2049 1568 ipso

458 1594 794 1664 plectamur.
823 1621 895 1632 --
928 1588 1047 1644 Hoc
1071 1589 1235 1660 longe
1258 1587 1703 1658 pulcherrimum
1736 1595 1908 1658 atque
1945 1589 2051 1644 hu-

460 1686 849 1743 manissimum
884 1692 992 1750 est,
1023 1682 1173 1754 quod
1229 1681 1381 1738 Deus
1407 1697 1522 1737 non
1580 1681 1830 1738 muneris
1870 1682 2051 1752 pretio

459 1789 514 1836 et
542 1779 835 1852 dignitate,
877 1777 974 1835 sed
1003 1777 1266 1833 donantis
1296 1775 1485 1831 animo
1507 1774 1863 1848 largitionem
1888 1776 2052 1832 meti-

2149 597 2331 646 κασιν,
2366 579 2401 651 ἢ
2434 577 2566 634 ἄλλο
2610 594 2668 631 τι
2689 576 2800 631 τῶν
2841 576 3318 648 ἀπηγορευμένων
3362 576 3748 647 πεποιήκασιν.

2147 672 2354 744 ταύτην
2371 671 2473 745 τὴν
2500 670 2658 736 τάξιν
2679 669 3212 741 καταψηφισθέντες,
3233 669 3352 724 ἀλλ’
3376 670 3461 724 δτι
3495 669 3571 742 μὴ
3616 671 3754 741 Χριο

2151 765 2275 820 στὸν
2301 764 2394 819 διὰ
2428 763 2539 817 τῶν
2581 761 2854 834 δεομένων
2891 761 3394 831 τεθεραπεύκασιν.
3445 792 3517 804 --
3562 761 3754 827 Οὐδεὶς

2152 857 2401 928 μετέγνω
2455 855 2562 910 τῶν
2587 853 2708 926 Θεῷ
2739 872 2794 909 τι
2829 855 3342 926 προσενεγκάντων.
3408 852 3585 918 Πολύς
3607 854 3752 910 ἐστιν

2148 951 2230 1014 εἰς
2257 946 2636 1004 ἀνταπόδοσιν.
2669 976 2742 989 ——
2771 948 2957 1001 Ἔστω
3001 946 3066 1001 τὸ
3113 946 3329 1015 ἀγαθὸν
3373 945 3530 1019 ὑμῶν
3558 946 3626 1000 ἐκ
3656 947 3756 1017 τῆς

2149 1039 2359 1113 χρείας,
2405 1040 2480 1112 μὴ
2518 1039 2612 1093 τού
2648 1038 3111 1110 περισσεύματος·
3234 1037 3438 1110 μᾶλλον
3466 1053 3754 1110 καρποφο-

2152 1136 2245 1207 ρίᾳ
2265 1133 2399 1196 Θεὸς
2432 1130 2809 1204 εὐφραίνεται,
2833 1129 2868 1202 ἢ
2892 1129 3088 1201 πλήθει
3112 1131 3210 1200 τῆς
3236 1129 3519 1200 εἰσφορᾶς,
3545 1128 3642 1182 καὶ
3668 1145 3758 1199 με-

2149 1226 2302 1295 γέθει
2329 1225 2432 1294 τῆς
2457 1223 2773 1286 ἐπιδόσεως.
2807 1251 2876 1262 -
2909 1220 3335 1293 Φιλανθρωπίαν
3363 1220 3514 1291 ἡμᾶς
3532 1218 3634 1290 τὴν
3674 1220 3754 1284 εἰς

2150 1317 2416 1388 ἀλλήλους
2440 1315 2664 1370 ἀπαιτεῖ
2685 1314 2715 1366 6
2734 1313 2890 1380 Θεὸς,
2913 1311 3018 1368 κᾶν
3044 1311 3138 1367 ὐπ’
3169 1310 3338 1366 αὐτοῦ
3367 1309 3751 1381 κολαζώμεθα.

2150 1411 2314 1464 -Τὸ
2346 1409 2635 1464 κάλλιστον
2667 1407 2761 1461 καὶ
2813 1404 3362 1477 φιλανθρωπότατον,
3414 1405 3500 1459 ὅτι
3551 1401 3629 1474 μὴ
3685 1405 3754 1474 τῇ

2152 1507 2282 1579 ἀξίᾳ
2313 1506 2408 1561 τοῦ
2431 1503 2730 1576 διδομένου,
2789 1501 2936 1573 τῇδέ
2980 1501 3214 1573 δυνάμει
3269 1500 3364 1555 καὶ
3394 1502 3463 1572 τῇ
3513 1499 3756 1553 διαθέσει

2151 1601 2246 1654 τοῦ
2287 1595 2768 1670 καρποφοροῦντος
2793 1595 2984 1668 μετρεῖ
3012 1593 3146 1657 Θεδς
3165 1593 3267 1664 τὴν
3287 1592 3550 1646 ἐπίδοσιν.
3567 1621 3643 1632 —
3666 1587 3759 1663 Μὴ

2153 1693 2451 1765 ἀναμείνῃς
2481 1689 2735 1760 γενέσθαι
2777 1687 3051 1760 χρηστὸς,
3091 1685 3211 1741 ἀλλ’
3262 1685 3366 1758 ήδη
3398 1682 3580 1754 γενοῦ·
3617 1683 3759 1756 μηδέ

2155 1780 2237 1834 ὅτι
2275 1779 2374 1850 τῆς
2405 1777 2564 1843 ἀξίας
2601 1776 2804 1840 λείπει,
2833 1775 2896 1829 τὸ
2933 1775 3046 1829 πᾶν
3065 1773 3347 1847 ἐλλείπῃς,
3381 1773 3519 1828 ἀλλά
3546 1773 3609 1827 τδ
3659 1774 3759 1843 μὲν

461 1883 588 1926 tur.
627 1901 700 1913 --
741 1870 821 1927 Ne
880 1868 1214 1940 benignitati
1281 1875 1389 1922 tuae
1423 1882 1612 1924 moras
1670 1878 1883 1933 nectas,
1947 1867 2041 1924 sed

2154 1871 2453 1941 είσένεγκε,
2485 1869 2548 1924 τὸ
2575 1869 2634 1924 δὲ
2664 1867 3074 1940 προθυμήθητι.
3123 1897 3195 1910 --
3229 1867 3398 1922 οὐδὲν
3421 1866 3598 1930 οὕτως
3648 1865 3759 1920 τῶν

461 1979 615 2020 nunc
664 1963 942 2034 benignus

1024 1959 1245 2017 ellicere
1280 1978 1294 2016 :
1328 1975 1434 2016 nec
1469 1961 1600 2032 quia
1632 1961 1772 2017 satis
1821 1959 2041 2032 dignum

2153 1963 2559 2036 εἰσφερομένων
2599 1961 2742 2033 Θεῷ,
2792 1961 2899 2016 κᾶν
2927 1961 3232 2032 ἐλάχιστον,
3293 1960 3326 2031 ἧ
3357 1959 3462 2014 κᾶν
3488 1959 3624 2014 πολὺ
3660 1960 3758 2030 τῆς

459 2073 667 2112 munus
698 2054 902 2112 oﬂerre
941 2054 1166 2125 nequis,
1190 2053 1410 2109 idcirco
1435 2068 1640 2110 omnes
1662 2053 1824 2110 cilicii
1863 2064 2041 2126 partes

2153 2055 2308 2124 ἀξίας
2337 2056 2684 2126 λειπόμενον,
2725 2054 2755 2108 δ
2791 2053 2869 2126 μὴ
2899 2055 3188 2126 προσίεται
3225 2053 3443 2118 πάντως
3489 2053 3584 2107 καὶ
3614 2054 3755 2108 ἁπο-

459 2151 884 2222 ρτωιεηηὶιῑαε.
944 2145 1151 2204 Verum
1205 2149 1282 2204 ita
1313 2155 1370 2204 te
1424 2162 1579 2219 gere,
1616 2158 1676 2203 ut
1701 2147 1852 2204 aliud
1901 2162 2041 2204 nunt

2153 2153 2391 2224 δέχεται,
2421 2152 2471 2206 εί
2495 2148 2934 2220 καὶσταθμίζειν
2959 2143 3103 2205 οῒδεν
3134 2151 3203 2222 τῇ
3231 2147 3418 2220 δικαίᾳ
3449 2147 3633 2220 κρίσει
3669 2147 3755 2202 τὸν

456 2241 684 2309 oderas,
717 2248 774 2298 et
797 2243 868 2298 ad
909 2241 1056 2297 aliud
1085 2249 1138 2296 te
1167 2255 1394 2296 rursum
1433 2255 1736 2312 prepares.
1762 2269 1834 2281 -
1862 2239 1943 2294 Ex
1977 2241 2048 2298 iis

2157 2244 2328 2300 ἔλεον.

457 2351 582 2406 quae
613 2337 724 2393 Deo
753 2335 1086 2400 offeruntur,
1109 2335 1254 2390 nihil
1299 2351 1476 2407 usque
1507 2333 1648 2390 adeo
1674 2349 1908 2405 parvum
1936 2346 2044 2404 est,
2071 2338 2362 2411 ipsiusque
2426 2337 2702 2411 dignitate
2748 2331 3008 2402 inferius,
3053 2336 3192 2408 quin
3251 2334 3310 2391 id
3366 2333 3597 2391 omnino
3654 2334 3753 2390 ad-

459 2433 642 2487 mittat
679 2440 735 2488 et
795 2433 1104 2503 approbet:
1147 2430 1371 2487 etiamsi
1423 2429 1582 2500 justo
1600 2428 1817 2499 judicio
1843 2433 2157 2502 ponderare
2181 2435 2632 2498 misericordiam
2657 2437 2822 2495 sciat.

647 2545 817 2618 478
851 2545 909 2601 S.
943 2545 1095 2617 Greg.
1131 2544 1276 2600 Naz.
1305 2561 1374 2601 ea:
1403 2553 1524 2600 tetr.
1558 2545 1631 2602 '50
1659 2555 1709 2600 et
1732 2545 1824 2602 60.

562 2635 746 2690 Livori
779 2646 832 2690 et
868 2637 1027 2691 tinea:
1059 2634 1255 2691 bonum
1285 2646 1363 2690 est
1385 2636 1512 2705 quid
1547 2635 1782 2702 demere,

561 2707 630 2778 Et
660 2706 952 2761 debitorem
979 2708 1235 2778 pra’ferre
1259 2707 1504 2761 omnibus
1544 2705 1732 2773 Deum,

563 2776 768 2832 Frusto
798 2779 1040 2846 rependit
1077 2776 1288 2847 sceptra
1321 2779 1415 2846 qui
1437 2777 1696 2831 caelestia.

560 2849 678 2903 Alis
711 2849 943 2920 tegisque
979 2848 1254 2904 Christum
1287 2864 1514 2918 pascens
1540 2863 1824 2918 pauperes.

567 2981 746 3036 Parnm
775 2983 821 3036 si
851 2982 988 3035 nihil
1017 2982 1218 3036 vindici
1250 2981 1407 3038 debes
1451 2982 1585 3047 Deo,

566 3051 680 3122 Nec
708 3052 942 3106 debitori
980 3052 1116 3107 lenis
1139 3054 1252 3122 ipse
1279 3054 1355 3109 sis
1385 3065 1501 3120 tuo,

560 3121 764 3195 erers
785 3124 867 3177 sin
904 3131 954 3176 te
987 3140 1094 3195 non
1134 3121 1314 3195 negas,
1341 3126 1627 3195 ignoscito.

572 3192 800 3248 Veniam
832 3193 1072 3264 rependit
1095 3192 1220 3249 nant
1245 3192 1386 3250 Deus
1414 3197 1730 3253 clementiw.

529 3303 812 3376 Ejusdem.
845 3336 914 3348 -
944 3306 1091 3374 Quid
1143 3309 1504 3380 praedonibus
1548 3319 1605 3368 et
1647 3310 1869 3368 furibus
1919 3309 2043 3366 the-

454 3397 743 3455 saurizare
762 3399 945 3472 juvat,
981 3408 1413 3474 temporumque
1443 3401 1879 3469 mutationibus,
1913 3417 2041 3474 quae

448 3491 519 3547 ad
541 3491 682 3548 alios
701 3492 841 3550 alias
857 3502 1206 3563 convertant,
1223 3495 1542 3567 iactentque
1561 3496 1851 3554 instabiles
1868 3502 1923 3552 et
1945 3495 2047 3550 ﬂu-

449 3600 551 3642 xas
581 3599 719 3656 opes
751 3603 768 3641 :
805 3599 872 3642 ac
909 3601 1025 3642 non
1059 3587 1245 3658 potius
1275 3604 1372 3643 eas
1395 3590 1451 3643 in
1485 3596 1604 3644 tuta
1637 3590 1836 3644 horrea
1871 3595 2041 3658 atque

451 3677 730 3741 tirmiora,
776 3693 942 3749 quam
1024 3687 1086 3733 ut
1136 3679 1370 3738 insidias
1429 3681 1573 3736 ullas
1621 3687 1895 3746 metuant,
1950 3694 2042 3734 re-

447 3769 688 3824 condere
713 3769 738 3824 Ί

522 3859 582 3916 S.
621 3859 781 3933 Greg.
813 3861 984 3934 Nysa.
1016 3873 1158 3919 orat.
1191 3865 1215 3919 l
1269 3863 1348 3920 De
1378 3863 1568 3920 beatit.
1599 3895 1670 3907 -—-
1721 3865 1918 3923 Gravis
1951 3882 2043 3924 res

448 3955 704 4025 quasdam
732 3965 818 4013 est
850 3973 1047 4012 aurum
1087 3976 1101 4012 :
1138 3958 1282 4013 levis
1333 3969 1522 4014 autem
1550 3967 1607 4015 et
1633 3974 1856 4016 sursum
1917 3971 2042 4016 ten-

445 4049 590 4107 dens
620 4051 821 4108 virtus.
853 4051 1113 4109 Gravitas
1147 4067 1324 4120 porro
1346 4069 1412 4109 ac
1449 4054 1646 4111 levitas
1679 4055 1823 4110 inter
1846 4071 1905 4110 se
1936 4072 2043 4126 pu-

447 4144 927 4214 gnant.Quocirca
950 4146 1174 4216 quando
1196 4146 1264 4200 ad
1286 4163 1527 4218 superna
1549 4149 2040 4205 conscendendum

448 4244 558 4304 est,
587 4237 786 4296 demus
831 4253 1060 4311 operam
1112 4248 1172 4296 ut
1223 4241 1295 4296 iis
1331 4241 1502 4297 rebus
1557 4257 1683 4312 qua
1729 4257 1833 4299 nos
1883 4243 2040 4297 humi

447 4332 813 4403 detorquent,
865 4333 1027 4388 vacui
1063 4341 1120 4390 et
1181 4333 1377 4404 inopes
1419 4335 1622 4392 simus.
1677 4333 1771 4390 Sic
1833 4334 2044 4405 quippe

447 4427 545 4483 {iet
575 4433 637 4482 ut
662 4441 888 4482 sursum
913 4427 1220 4496 erigamur.
1251 4425 1446 4498 Neque
1489 4427 1639 4482 enim
1694 4425 1814 4482 ﬁeri
1855 4431 2042 4496 potest

447 4515 528 4570 uti
559 4516 698 4574 levis
728 4515 1003 4587 quispiam
1022 4515 1312 4582 eiliciatur,
1341 4517 1438 4587 qui
1471 4532 1532 4573 se
1563 4531 1749 4572 rerum
1799 4515 2039 4570 materia

2215 2639 2432 2694 Καλόν
2464 2657 2519 2694 τι
2548 2637 2754 2707 θητῶν
2774 2639 3062 2708 ἁρπάσαι,
3088 2639 3187 2693 καὶ
3212 2637 3319 2694 τοῦ
3341 2638 3590 2708 φθόνου,

2227 2711 2491 2777 Χριστὸν
2519 2709 2835 2780 χρεώστην
2848 2709 3111 2780 μᾶλλον,
3139 2710 3179 2778 ἢ
3205 2709 3276 2764 τὰ
3296 2709 3494 2764 πάντα
3511 2709 3704 2777 ἐχειν,

2227 2783 2334 2845 ’ος
2351 2779 2679 2846 βασιλείαν
2701 2779 3056 2851 πλάσματος
3077 2780 3394 2849 χαρίζεται.

2220 2852 2482 2920 Χριστὸν
2517 2851 2790 2918 σκέπεις,
2836 2849 3071 2922 τρέφεις
3123 2869 3208 2917 τε,
3229 2854 3335 2906 τὸν
3361 2849 3607 2922 πτωχὸν
3631 2850 3758 2920 τρέ-

2218 2996 2284 3048 Εί
2303 2990 2500 3063 μηδὲν
2541 2992 2748 3063 ὅφιιεις
2765 2991 2860 3063 τῷν
2882 2989 3003 3058 Θεῷ
3032 2993 3330 3062 τιμωρίας,
3509 2919 3691 2994 [φωῆ

2219 3062 2372 3132 Mm)"
2396 3062 2586 3133 αὐτὸς
2615 3064 2743 3117 ισθι
2776 3062 2903 3129 τοῖς
2922 3063 3186 3132 ὅςρλουσι
3214 3063 3566 3133 συμπαθής.

2213 3137 2284 3190 Ei
2305 3130 2375 3187 ’δ’
2411 3130 2829 3204 abduc-659.1017,
2855 3130 3424 3204 κναϊπρόχρησοῆτὸ
3459 3130 3687 3204 πρᾶον.

2219 3206 2410 3274 θτκτφ
2434 3199 2768 3275 τὰρίοῖθὶτος
2803 3203 2906 3259 καὶ
2937 3199 3060 3271 Θεῷ
3092 3199 3488 3275 σταθμίζεται.

2221 3320 2288 3375 Τί
2312 3321 2395 3375 δεῖ
2424 3319 2783 3392 θησαυρίζειν
2810 3321 3039 3393 λῃσταῖς
3068 3321 3163 3376 καὶ
3191 3320 3479 3388 κλέπταις,
3504 3321 3607 3377 καὶ
3641 3340 3757 3377 και-

2150 3412 2261 3486 ρῶν
2282 3411 2633 3483 μεταϐολαῖς,
2662 3411 2854 3466 ἄλλοτε
2877 3413 2957 3477 εἰς
2976 3412 3170 3476 ἄλλους
3201 3411 3633 3484 μετατιθέντων,
3665 3414 3756 3468 καὶ

2150 3501 2478 3572 ριπιζόντων
2506 3501 2606 3574 τὴν
2631 3501 2868 3558 ἄστατον
2895 3503 3180 3575 εὐπορίαν,
3203 3504 3342 3558 ἀλλὰ
3365 3503 3560 3569 εἰςτὰς
3583 3505 3757 3574 ἀσφασ

2147 3593 2260 3658 λεῖς
2287 3595 2576 3668 ἀποθήκας
2589 3596 2954 3654 ἀποτίθεσθαι
2975 3597 3084 3652 τῶν
3109 3597 3578 3654 ἐπιϐουλευόντων
3605 3599 3754 3670 ἰσχυ-

2149 3686 2271 3759 ροτέ
2281 3704 2403 3758 ρας.

2210 3865 2358 3938 Βαρύ
2389 3884 2442 3920 τι
2470 3866 2663 3938 χρῆμα
2693 3867 2757 3922 τὸ
2807 3867 3034 3940 χρυσίον
3068 3867 3186 3921 ἐστί
3210 3885 3223 3897 ο
3261 3867 3464 3939 κοῦφον
3492 3869 3550 3923 δέ
3573 3889 3632 3924 τι
3668 3872 3758 3925 καὶ

2145 3959 2429 4031 ἀνωφερὲς
2487 3960 2723 4029 πρᾶγμα
2775 3959 3035 4031 ἡάρετή.
3073 3957 3239 4013 Ἀλλά
3290 3960 3400 4031 μὴν
3448 3960 3758 4016 ἀντίκειται

2143 4052 2319 4107 ταῦτα
2348 4051 2606 4122 ἀλλήλοις
2632 4052 2694 4105 τδ
2717 4051 2885 4124 βάρος
2920 4053 3074 4122 καὶὴ
3115 4052 3410 4124 κουφότης.
3440 4052 3504 4108 Et
3527 4050 3627 4108 οὖν
3654 4055 3757 4126 χρὴ

2143 4147 2256 4208 τοῖς
2286 4144 2400 4198 ἄνω
2429 4145 2808 4216 προσϐαίνειν,
2842 4145 2953 4198 τῶν
2993 4145 3378 4200 καθελκόντων
3413 4148 3745 4218 πτωχεύσω-

2148 4253 2269 4307 μεν,
2293 4236 2381 4290 ῖνα
2419 4239 2479 4290 ἐν
2505 4238 2621 4301 τοῖς
2651 4237 2766 4291 ἄνω
2788 4236 3102 4308 γενώμεθα.
3146 4239 3459 4310 Ἀμήχανον
3485 4241 3600 4313 γὰρ
3633 4241 3755 4295 κοῦ-

2145 4328 2245 4398 φόν
2297 4345 2418 4382 τινα
2450 4329 2708 4398 γενέσθαι
2754 4330 2848 4383 τὸν
2906 4329 2985 4400 τῷ
3029 4329 3187 4403 βάρει
3226 4329 3328 4400 τῆς
3377 4331 3512 4402 ὕλης
3562 4333 3755 4387 ἐαυτιὶν

2145 4416 2554 4489 συνηλὼσαντα.
2591 4419 2686 4482 Τίς
2711 4419 2769 4473 δὲ
2791 4421 2821 4471 6
2847 4419 3048 4490 τρόπος
3097 4421 3389 4494 ὑφηγεῖται
3445 4425 3480 4494 ή
3525 4423 3749 4496 ψαλμῳ-

2143 4509 2251 4564 δία’
2295 4510 2700 4578 Ἐσκόρπισεν
2720 4551 2737 4580 ,
2777 4510 2964 4566 ἔδωκε
2994 4513 3120 4580 τοῖς
3144 4513 3427 4581 ,πένησιν⁸
3457 4515 3496 4584 ἠ
3539 4516 3752 4572 dueum.

446 4608 826 4664 constantium
863 4607 1094 4678 ponderi
1124 4608 1386 4666 alliserit.
1419 4608 1676 4675 Quonam
1706 4623 1876 4679 porro
1911 4622 2033 4661 mo-

2153 4603 2306 4672 σύνη
2327 4604 2516 4659 αὐτοῦ
2533 4603 2708 4674 μένει
2735 4607 2822 4671 εὶς
2846 4605 2955 4658 τὸν
2975 4603 3163 4659 αἰῶνα
3183 4606 3293 4662 τοῦ
3320 4607 3564 4677 αἰῶνος.
3599 4610 3660 4666 '0
3681 4610 3753 4678 τῷ

444 4699 518 4755 do
549 4700 602 4756 id
633 4699 902 4770 consequi
932 4700 1238 4770 possimus,
1269 4700 1358 4756 his
1381 4699 1568 4756 verbis
1625 4699 1788 4755 docet
1809 4697 2044 4754 Psalmi-

443 4797 528 4844 sta
555 4788 865 4858 :Dispersit,
897 4789 1044 4844 dedit
1066 4791 1392 4860 pauperibus
1415 4805 1435 4856 ;
1460 4789 1683 4860 justitia
1712 4789 1830 4860 ejus
1857 4799 2037 4844 manet

2157 4695 2362 4767 πτωχῷ
2406 4695 2588 4750 τοίνυν
2644 4697 3016 4769 κοινωνήσας,
3070 4699 3154 4762 είς
3197 4699 3298 4771 τὴν
3334 4700 3532 4774 μερίδα
3565 4703 3662 4758 τοῦ
3689 4702 3753 4760 δι’

2150 4788 2298 4858 ἡμᾶς
2318 4786 2739 4858 πτωχεύσαντος
2771 4788 2965 4843 ἑαυτὸν
2985 4791 3344 4863 καταστήσει.

442 4883 497 4937 in
525 4887 780 4940 secutum
811 4886 998 4941 σιτευιὶ
1032 4884 1232 4958 (Psat.
1263 4899 1375 4951 cxt,
1405 4887 1502 4954 9).
1534 4883 1725 4956 Itaque
1760 4885 1854 4958 qui
1886 4884 2116 4957 pauperi
2151 4882 2453 4940 facultates
2485 4897 2620 4941 suas
2678 4882 2950 4955 impertit,
3011 4883 3080 4939 ad
3131 4884 3253 4955 ejus
3299 4900 3359 4942 se
3407 4896 3600 4957 partes
3659 4888 3750 4942 ad-

436 4978 646 5050 jungit,
678 4982 773 5051 qui
811 4991 1000 5038 nostra
1062 4997 1232 5039 causa
1259 4982 1318 5038 in
1377 4989 1702 5054 paupertate
1757 4990 2017 5040 versatus
2045 4991 2150 5039 est.

514 5073 575 5130 S.
607 5073 890 5145 Chrysost.
925 5109 995 5120 --
1020 5076 1246 5134 Nullum
1267 5079 1638 5151 eleemosyna:
1661 5079 2034 5152 impedimen-

440 5177 559 5223 tum
607 5180 911 5240 paupertas
935 5170 1118 5228 aﬂ‘ert.
1156 5171 1344 5228 Testis
1377 5181 1466 5229 est
1520 5173 1710 5242 vidua,
1736 5190 1862 5246 quae
1915 5174 2031 5229 duo

438 5261 655 5316 minuta
681 5261 843 5331 jecit,
877 5271 932 5319 et
953 5279 1050 5319 eos
1091 5265 1190 5336 qui
1226 5266 1404 5322 multa
1435 5267 1825 5334 contulerant,
1862 5281 2031 5338 supe-

437 5352 584 5407 ravit
615 5349 769 5424 (Luc.
804 5369 923 5422 ni,
953 5354 1111 5427 2).—
1142 5355 1340 5414 Caecus
1369 5360 1463 5415 eui
1507 5359 2030 5416 misericordiam-

439 5449 708 5518 pertitur,
764 5448 970 5506 ducere
995 5451 1063 5506 ad
1106 5453 1310 5508 uelum
1368 5455 1528 5511 novit
1561 5472 1576 5509 :
1621 5461 1677 5510 et
1701 5455 1797 5526 qui
1829 5454 1898 5509 ad
1929 5467 2031 5522 pa-

439 5539 611 5596 rietes
642 5541 919 5613 impingit,
948 5552 1120 5614 atque
1147 5545 1206 5601 in
1231 5545 1421 5604 foveas
1450 5546 1703 5607 offendit.
1738 5547 1808 5602 ad
1850 5546 2031 5602 caelos

437 5632 788 5692 scandendos
817 5635 1034 5693 itineris
1061 5654 1121 5695 se
1146 5639 1434 5696 ductorem
1463 5641 1693 5713 praebet.
1725 5639 1904 5695 Iudex
1928 5653 2034 5692 no-

439 5735 556 5786 ster
610 5742 710 5800 per
765 5745 1038 5802 pauperes
1090 5734 1500 5805 corrumpitur.
1555 5732 1664 5788 Fac
1714 5732 1890 5804 igitur
1931 5745 2034 5802 per

438 5832 664 5876 manum
702 5824 966 5895 pauperis
993 5823 1200 5897 judicis
1235 5826 1515 5898 posticum
1560 5827 1768 5898 pulses.
1807 5822 2030 5884 Etenim

2213 5077 2330 5132 Οὐκ
2381 5075 2504 5131 ἐστι
2532 5077 2767 5149 κώλυμα
2808 5078 2949 5152 πρὸς
2978 5076 3357 5150 ἐλεημοσύνην
3395 5078 3579 5133 πενία.
3635 5080 3744 5134 Καὶ

2143 5171 2357 5244 μάρτυς
2380 5172 2414 5242 ἡ
2455 5171 2622 5243 χήρα,
2655 5173 2690 5244 ή
2735 5171 2806 5226 τὰ
2829 5171 2924 5225 δύο
2951 5171 3126 5226 λεπτὰ
3168 5169 3430 5241 βαλοῦσα,
3483 5172 3582 5226 καὶ
3618 5173 3741 5236 τοὺς

2139 5264 2312 5319 πολλά
2350 5265 2692 5329 καταθέντας
2722 5265 3226 5335 ὐπερακοντίσασα.
3256 5293 3322 5303 -
3357 5263 3574 5334 Τυφλὺς
3600 5259 3741 5318 οἶδεν

2137 5355 2456 5428 ἐλεούμενος
2500 5359 2580 5422 είς
2613 5357 2864 5431 οὐρανῶν
2895 5357 3178 5429 βασιλείαν
3213 5359 3603 5428 χειραγωγεῖν,
3645 5357 3739 5410 καὶ

2132 5451 2160 5505 6
2185 5449 2387 5522 τοίχοις
2416 5451 2800 5524 προσκρούων,
2825 5454 2921 5506 καὶ
2953 5451 3172 5524 βόθροις
3207 5450 3611 5516 ἐνολισθαίνων,
3653 5445 3738 5504 οὐ·

2129 5562 2224 5608 τος
2253 5544 2498 5610 ὀδοποιὺς
2549 5546 2763 5614 γίνεται
2805 5546 2907 5616 τῆς
2938 5547 3020 5609 είς
3058 5543 3331 5617 οὐρανοὺς
3384 5543 3731 5605 ἀναϐάσεως.

2135 5637 2234 5692 Διά
2269 5638 2522 5708 πενήτων
2551 5640 2581 5692 ό
2614 5639 2884 5711 ἡμέτερος
2911 5638 3174 5710 δικαστὴς
3205 5636 3587 5712 δωροδοκεῖται
3605 5653 3619 5665 ·
3645 5632 3732 5687 διὰ

2131 5731 2234 5800 τῆς
2266 5730 2452 5802 χειρὸς
2483 5730 2575 5786 τοῦ
2599 5733 2832 5804 πένητος
2855 5731 2951 5787 τοῦ
2979 5732 3242 5787 δικαστοῦ
3274 5731 3376 5801 τὴν
3415 5727 3731 5802 παράθυρον

2142 5823 2394 5896 κροῦσον.
2417 5825 2644 5898 Δέχεται
2675 5827 2783 5892 γάρ
2816 5845 2911 5883 σου
2938 5827 3005 5884 τὰ
3028 5827 3094 5882 δι’
3124 5825 3292 5882 αὐτοῦ
3314 5825 3486 5898 δῶρα,
3511 5821 3602 5878 καὶ
3635 5833 3729 5875 πα-
