4028 6398
311 378 448 443 1469

1588 375 1833 438 SACRA
1868 372 1960 433 PA
1968 371 2070 432 ΒΑ
2079 373 2342 436 LLELA.

2823 330 2834 342 ι
3067 321 3109 356 χι,
3140 328 3173 352 "vi

2951 353 2966 358 ,λ
2994 353 3143 386 ,ηᾏῂ

3457 373 3480 440 1
3492 375 3595 440 470

311 485 647 561 ραχαράττει
671 486 799 549 τοὺς
837 485 1061 554 νόμους.
1105 485 1358 558 Δέχεται,
1408 488 1504 542 καὶ
1525 488 1652 542 ἀντὶ
1697 485 1879 541 δικαίοη

1985 534 1986 540 η
2015 483 2109 540 ille
2139 500 2375 542 munera
2409 490 2502 540 tua
2535 499 2633 557 per
2662 499 2787 542 eum
2820 483 3046 556 accipit,
3080 492 3138 542 et
3176 485 3327 557 leges
3382 489 3596 544 adulte-

305 579 691 650 φιλάνθρωπος
721 580 952 649 γίνεται.
981 579 1230 650 Δέχεται,
1261 584 1358 636 καὶ
1376 581 1476 652 τῆς
1494 580 1756 648 ἀληθείας
1775 598 1909 652 προ-

303 671 490 724 τάττει
517 669 609 724 τὶν
641 669 811 734 ἔλεον,
842 669 940 723 καὶ
969 671 1035 738 τῇ
1088 669 1390 738 πλάστιγγι
1413 671 1522 724 τῶν
1565 671 1906 742 ἁμαρτημά-

301 778 411 814 των
433 752 744 832 ἀντικρεμᾷ
781 760 881 832 τὴν
901 763 1062 832 χεῖρα
1093 761 1187 814 τοῦ
1220 763 1470 833 πένητος.
1495 793 1565 803 —-
1594 765 1764 816 Ὅταν
1792 763 1907 818 δια-

301 852 509 925 θρέψῃς
524 853 616 906 τὸν
633 853 864 924 πένητα,
885 855 1082 908 σαυτὸν
1108 855 1300 927 νόμιζε
1327 857 1903 930 διατρέφειν.Τοιαύτη

299 944 411 1015 γὰρ
445 946 480 1015 ἡ
511 944 608 999 τοῦ
661 947 993 1017 πράγματος
1046 947 1230 1016 φύσις.
1299 948 1390 1015 Ἐξ
1433 950 1593 1022 ἡμῶν
1625 952 1708 1014 είς
1757 953 1906 1022 ἡμᾶς

301 1035 719 1108 μεταχωρείτά
758 1037 1036 1108 διδόμενα.
1074 1041 1136 1092 ὐ
1175 1039 1286 1112 γὰρ
1315 1040 1700 1113 φιλάνθρωπος
1742 1042 1903 1113 ἡμῶν

297 1127 569 1199 δεσπότης
592 1129 654 1182 τὸ
687 1129 962 1201 ἡμέτερον
1001 1131 1204 1186 ἐπιδὼν
1236 1132 1596 1204 μικρόψυχον,
1621 1135 1701 1198 εἰς
1724 1135 1898 1207 ὑπερ-

296 1219 466 1292 ϐολήν
484 1222 724 1293 ἄμετρον
752 1222 1074 1291 ἀναπέμπει
1093 1224 1160 1278 τὸ
1186 1225 1370 1296 ἔργον,
1399 1227 1494 1280 καὶ
1520 1228 1714 1282 ἑαυτὸν
1732 1229 1902 1300 χρεώ-

298 1329 436 1383 στην
467 1313 567 1383 τῆς
587 1314 965 1388 ὲλεημοσύνης
993 1316 1170 1371 καλεῖ·
1199 1318 1336 1372 Θεοῦ
1361 1319 1630 1390 δάνεισμα
1661 1319 1762 1392 τὴν
1807 1322 1900 1375 εὐ-

297 1403 484 1456 ποιΐαν
524 1406 951 1477 προσαγορεύει.
1002 1402 1074 1462 Ὦ
1103 1407 1247 1479 πόση
1299 1409 1404 1479 τῆς
1449 1410 1822 1484 ὲλεημοσύνης
1859 1415 1893 1483 ἡ

292 1494 563 1566 δύναμιςί
615 1499 749 1570 μόνη
781 1499 842 1552 τὸ
898 1499 1042 1554 θεῖον
1098 1502 1486 1573 ὑπεισέρχεται
1517 1503 1894 1576 δικαστήριον.

292 1591 386 1661 Μὴ
423 1590 752 1664 φοϐηθῶμεν
789 1591 1055 1664 δικαστὴν
1111 1594 1216 1664 πρὸ
1267 1594 1360 1649 τοῦ
1406 1596 1761 1669 δικαστηρίου
1791 1600 1894 1672 τὴν

288 1685 452 1754 χεῖρα
514 1684 892 1753 προτείνοντα.
941 1685 1032 1755 Μὴ
1076 1687 1412 1757 φοϐηθῶμεν
1461 1689 1730 1762 δικαστὴν
1791 1693 1893 1746 οὐκ

286 1775 627 1847 ἀρνούμενον
650 1777 746 1829 τοῦ
770 1776 1060 1833 ).α6εῖν.-
1077 1777 1328 1841 Καθίσας
1353 1781 1381 1833 ό
1409 1781 1616 1850 Ἰησοῦς
1632 1781 1892 1837 ἀπέναντι

283 1869 380 1922 τοῦ
412 1867 836 1938 γαζοφυλακίου,
895 1869 1123 1943 ἐθεώρει
1161 1871 1279 1935 πῶς
1306 1874 1356 1926 oi
1445 1875 1591 1947 ὄχλοι
1631 1874 1892 1944 βάλλουσι

283 1961 541 2032 χαλκόν..
585 1963 974 2035 Παραδραμὼν
1002 1964 1064 2018 τὸ
1097 1965 1488 2036 θυσιαστήριον
1539 1965 1619 2037 τῷ
1651 1969 1895 2039 γαζοφυ-

281 2050 462 2124 λακίῳ
493 2053 844 2125 προστρέχει.
883 2054 1272 2126 Παραδραμὼν
1299 2059 1432 2120 τοὺς
1460 2054 1689 2120 θύοντας
1710 2058 1804 2112 ἐπὶ
1831 2059 1893 2112 τὸ

280 2147 387 2216 τῆς
401 2147 652 2212 εὐποιῖας
682 2147 988 2216 ἐπιγίνεται
1014 2148 1242 2220 θέατρον
1270 2165 1284 2179 ·
1309 2149 1530 2213 δεικνὺς
1549 2149 1638 2204 διὰ
1666 2149 1775 2204 τῶν
1797 2151 1890 2223 ἔρ-

280 2252 401 2303 γων
448 2235 632 2290 αὐτῶν
692 2237 776 2290 ὅτι
809 2237 956 2309 μόνῳ
1007 2237 1140 2303 Θεὸς
1189 2237 1368 2310 τούτῳ
1408 2240 1767 2312 ἐπιτέρπεται
1812 2241 1891 2314 τῷ

282 2322 527 2395 θεάματι
557 2343 572 2358 ’
597 2327 817 2391 δεικνὺς
841 2329 924 2382 δτι
952 2328 1044 2383 τὸν
1069 2328 1217 2383 θετον
1247 2328 1532 2401 ὀφθαλμὸν
1564 2331 1755 2386 τούτου
1790 2333 1890 2404 μό-

277 2434 378 2471 νου
407 2418 633 2472 δυνατὸν
666 2421 1069 2491 ἀφομοιοῦσθαι
1100 2421 1181 2494 τῷ
1227 2422 1519 2478 πλάσαντυ
1541 2425 1758 2492 δεικνὺς
1805 2428 1888 2481 ὅτι

275 2509 444 2564 τοῦτο
499 2512 662 2582 μόνον
695 2513 989 2584 ἄνθρωπον
1039 2513 1302 2568 συνάπτει
1345 2514 1468 2586 Θεῷ
1495 2532 1508 2546 ο
1544 2516 1760 2583 δεικνὺς
1803 2520 1886 2573 ὅτι

274 2604 442 2659 τοῦτο
497 2606 659 2676 μόνον
702 2605 795 2660 τὸν
862 2607 1032 2678 πηλὸν
1083 2607 1456 2679 προσπελάζει
1512 2609 1589 2681 τῷ
1647 2610 1881 2684 πλάστῃ.

274 2699 540 2752 Γίνεσθε
566 2700 695 2772 γὰρ,
729 2699 887 2770 φησὶ,
919 2701 1314 2769 οἰκτίρμονες,
1331 2701 1416 2768 ὡς
1440 2705 1473 2757 ό
1489 2703 1693 2772 Πατὴρ
1717 2705 1886 2774 ὑμῶν

275 2793 308 2844 ὁ
333 2790 622 2858 οὐράνιος
659 2793 978 2861 οἰκτίρμων
1013 2792 1210 2847 ἐστίν.
1274 2793 1390 2848 Μία
1448 2794 1560 2866 γάρ
1616 2797 1733 2849 ἐστι
1785 2797 1886 2866 τῆς

275 2883 432 2946 θείας
458 2884 780 2952 συγγενείας
807 2885 1012 2948 εἴσοδος
1037 2887 1070 2956 ή
1102 2886 1342 2943 εὐποιῖα.
1375 2915 1436 2925 --
1467 2888 1535 2940 Ὢ
1564 2887 1665 2958 τῆς
1700 2887 1885 2958 φιλαν-

273 2972 499 3046 θρώπου
519 2974 701 3046 ψυχῆς
728 2976 742 3030 l
769 2975 815 3028 ὣ
835 2977 936 3046 τῆς
968 2977 1262 3047 ὲλεήμονος
1287 2975 1547 3049 γνὼμηςί
1587 2981 1686 3034 οὐκ
1711 2980 1884 3046 ἑξέτε-

274 3085 374 3137 μεν
417 3067 452 3139 ἡ
482 3069 727 3140 πτωχεία
757 3070 820 3122 τὸ
851 3069 956 3140 τῆς
987 3073 1371 3142 προαιρέσεως
1399 3072 1709 3141 συμπαθές.
1763 3075 1878 3127 Οὐκ

2012 585 2102 632 rat
2128 593 2285 635 suas.
2331 579 2576 651 Accipit,
2623 580 2870 650 inquam,
2925 587 3092 650 atque
3121 594 3189 636 ex
3237 580 3390 650 justo
3433 581 3598 636 beni-

2011 686 2156 742 gnus
2196 671 2454 729 efﬁcitur.
2516 673 2752 742 Accipit,
2791 681 2847 726 et
2876 671 3098 730 veritati
3149 672 3595 728 misericordiam

2010 765 2324 835 anteponit,
2355 774 2412 821 et
2445 781 2573 821 cum
2608 771 2972 836 peccatorum
3000 763 3160 820 lance
3183 765 3451 836 pauperis
3483 780 3591 819 ma'

2008 869 2141 908 num
2179 864 2376 910 contra
2406 856 2727 928 perpendit.
2749 883 2822 897 —-
2849 853 2988 910 Cum
3021 869 3323 926 pauperem
3365 855 3597 921 alis,sie

2007 948 2274 1004 existima
2309 949 2550 1019 teipsum
2581 949 2677 1004 ali.
2715 947 2793 1002 Ea
2819 948 2966 1003 enim
3004 954 3090 1004 est
3127 948 3363 1018 hujusce
3391 949 3468 1005 rei
3495 965 3596 1004 na-

2008 1048 2154 1104 tura,
2200 1047 2259 1095 ut
2295 1055 2422 1110 quae
2457 1040 2682 1105 damus,
2717 1056 2748 1095 a
2781 1039 2944 1096 nobis
2975 1039 3043 1093 ad
3074 1054 3181 1094 nos
3205 1042 3454 1098 redeant.
3499 1040 3591 1098 Si-

2004 1131 2228 1202 quidem
2261 1133 2541 1190 humanus
2566 1143 2620 1189 et
2658 1132 2839 1191 facilis
2885 1141 3084 1191 noster
3139 1134 3432 1202 Dominus,
3461 1149 3593 1190 cum

2009 1223 2201 1279 animi
2231 1224 2411 1280 nostri
2465 1235 2822 1296 perspectam
2876 1227 3317 1283 imbecillitatem
3366 1227 3588 1292 habeat,

2001 1314 2070 1370 ad
2095 1314 2428 1372 immensam
2458 1316 2882 1388 amplitudinem
2913 1332 3034 1373 rem
3068 1317 3212 1373 hanc
3261 1317 3502 1382 extollit,
3533 1325 3592 1372 et

2000 1407 2248 1478 seipsum
2286 1409 2656 1481 eleemosynte
2691 1409 2998 1466 debitorem
3047 1421 3209 1466 vocat
3244 1430 3260 1466 :
3302 1408 3400 1465 Dei
3428 1408 3591 1466 fenus

1997 1498 2421 1556 beneﬁcentiam
2451 1501 2716 1571 appellat.
2747 1502 2794 1557 0
2840 1501 3184 1572 singularem
3216 1502 3330 1556 vim
3361 1501 3592 1557 eleemo-

1998 1603 2149 1664 synze
2183 1594 2196 1646 ι
2225 1593 2346 1649 sola
2378 1593 2449 1648 ad
2478 1593 2738 1648 divinum
2770 1593 3022 1650 tribunal
3054 1593 3280 1664 irrepit.
3306 1593 3386 1650 Ne
3433 1594 3590 1664 judi-

1996 1699 2117 1740 cem
2153 1691 2488 1747 metuamus,
2518 1685 2614 1754 qui
2655 1691 2787 1740 ante
2830 1684 3117 1755 protendit
3151 1699 3375 1750 manus,
3417 1699 3588 1755 quam

1993 1777 2162 1849 judex
2186 1779 2391 1835 sedeat.
2435 1776 2514 1834 Ne
2550 1777 2795 1848 judieem
2841 1789 3158 1842 vereamur,
3199 1778 3295 1847 qui
3343 1792 3404 1832 se
3425 1791 3586 1832 acce-

1999 1873 2150 1943 pisse
2185 1872 2419 1927 minime
2447 1870 2750 1926 inficiatur.
2783 1903 2854 1913 —
2872 1869 2943 1924 Et
2967 1869 3169 1926 sedens
3196 1868 3360 1926 Jesus
3386 1878 3596 1925 contra-

1997 1961 2481 2032 gazophylacium,
2513 1959 2824 2032 aspiciebat
2869 1960 3152 2029 quomodo
3204 1959 3382 2016 turbae
3410 1958 3588 2030 jacie-

1995 2055 2131 2110 bant
2158 2070 2254 2110 aes.
2283 2051 2576 2108 Praeterito
2608 2051 2771 2107 altari
2803 2051 2872 2107 ad
2901 2051 3370 2124 gazophylacium
3387 2065 3588 2107 accur-

1993 2144 2088 2199 rit.
2147 2142 2458 2200 Praeteritis
2542 2141 3000 2198 sacrificantibus
3060 2141 3129 2196 ad
3200 2141 3583 2198 beneficentia

1993 2238 2271 2294 theatrum
2344 2233 2556 2307 pergit,
2609 2235 2781 2304 gestis
2847 2235 2966 2292 suis
3031 2234 3330 2290 ostendens
3407 2232 3581 2290 Deum

1990 2331 2100 2388 hoc
2175 2331 2298 2387 solo
2359 2328 2680 2401 spectaculo
2732 2326 2994 2384 delectari
3044 2345 3059 2382 :
3105 2327 3404 2384 ostendens
3432 2368 3449 2394 ,
3498 2327 3586 2383 in-

1989 2437 2179 2496 quam,
2207 2422 2458 2478 divinum
2519 2420 2746 2475 oculum
2782 2419 2888 2474 hac
2938 2419 3218 2474 duntaxat
3264 2420 3489 2476 ratione
3514 2419 3586 2474 ad

1989 2518 2202 2575 lictoris
2232 2517 2321 2575 sui
2347 2513 2778 2572 similitudinem
2846 2525 3015 2583 posse
3041 2512 3312 2568 accedere
3345 2527 3360 2567 :
3387 2523 3582 2568 osten-

1988 2612 2128 2668 dens
2167 2608 2335 2666 etiam
2369 2620 2542 2661 unum
2603 2603 2711 2658 hoc
2751 2617 2878 2658 esse
2919 2601 3069 2672 quod
3127 2601 3408 2656 hominem
3451 2617 3580 2658 cum

1988 2703 2102 2760 Deo
2141 2699 2415 2771 copulet:
2467 2694 2774 2754 ostendens
2829 2695 3075 2765 denique
3107 2694 3165 2750 id
3219 2697 3401 2750 solum
3449 2710 3578 2753 esse

1985 2795 2136 2868 quod
2181 2794 2409 2866 figulum
2463 2791 2581 2846 luto
2625 2788 2853 2860 propius
2897 2788 3113 2859 jungat.
3175 2787 3345 2860 479
3389 2789 3579 2845 Euan

1985 2891 2135 2946 enim
2175 2883 2571 2950 misericordes,
2608 2882 2811 2952 inquit,
2841 2881 2979 2935 sicut
3011 2891 3061 2935 et
3095 2880 3258 2939 Pater
3274 2889 3445 2936 vester
3470 2898 3577 2936 σω.

1999 2983 2148 3038 testis
2172 2979 2476 3034 misericors
2531 2979 2678 3044 cst.(
2712 2972 2844 3032 Luc.
2885 2989 2962 3038 γι,
2996 2972 3126 3046 56).
3185 2973 3316 3029 Sola
3365 2976 3570 3046 quippe

1983 3074 2376 3138 beneficentia,
2405 3070 2593 3126 aditus
2619 3067 2688 3122 ad
2713 3067 2960 3122 divinam
2986 3066 3377 3138 cognationem
3408 3081 3577 3138 para-

270 3160 567 3232 ὲξήλεγξεν
595 3163 629 3231 ἡ
656 3162 901 3232 πτωχεία
941 3162 1004 3215 τὸ
1045 3164 1146 3231 τῆς
1179 3163 1424 3233 γνώμης.
1452 3165 1755 3236 φιλότιμον.
1798 3167 1872 3219 Οὐ

1985 3178 2094 3225 tur.
2127 3197 2198 3210 --
2243 3165 2290 3222 Ο
2326 3164 2626 3233 benignam
2653 3160 2895 3215 animam
2928 3160 2943 3214 ί
2977 3174 3014 3216 o
3037 3167 3278 3215 mentem
3311 3159 3378 3216 ad
3412 3161 3584 3216 mise-

269 3254 616 3308 συνέστειλεν
638 3258 670 3326 ἡ
701 3255 880 3309 ἔνδεια
904 3255 966 3310 τὸ
986 3257 1084 3327 τῆς
1106 3256 1288 3328 ψυχῆς
1321 3257 1564 3328 δαψιλές.

1986 3257 2289 3316 ricordiam
2353 3254 2660 3325 proclivem
2718 3252 2733 3304 ι
2791 3251 2968 3306 animi
3033 3252 3582 3308 commiserationem

266 3360 568 3422 paupertas
603 3367 713 3407 non
742 3351 970 3408 excidit.
1033 3352 1349 3409 Muniﬁcam
1383 3356 1720 3412 voluntatem
1751 3369 1973 3430 egestas
1999 3373 2112 3415 non
2140 3350 2489 3424 compressit.
2565 3345 2756 3401 Animi
2778 3344 3164 3402 liberalitatem
3191 3345 3424 3417 penuria
3455 3361 3568 3402 non

265 3444 584 3501 restrinxit.

335 3542 424 3611 (1)
460 3539 534 3594 Τὸ
563 3542 665 3612 τῆς
692 3541 1074 3615 ὲλεημοσύνης
1113 3545 1306 3617 χρῆμα
1339 3547 1636 3620 διασμήχει
1679 3532 1864 3623 ἀμαρ-

262 3625 412 3697 τίας,
441 3637 866 3706 κατακαυχᾶται
896 3637 1156 3708 κρίσεως,
1195 3641 1400 3712 ἡμεροῖ
1434 3641 1534 3712 τὴν
1560 3642 1661 3713 τῆς
1703 3643 1870 3697 κολά-

267 3743 414 3788 σεως
435 3726 636 3796 φλόγα,
660 3727 908 3784 δυσωπεῖ
932 3729 1026 3783 τὸν
1068 3730 1386 3798 δικάζοντα,
1429 3734 1630 3803 μᾶλλον
1655 3735 1709 3788 δὲ
1743 3753 1870 3789 συν-

263 3816 432 3871 άπτει
464 3818 606 3890 Θεῷ,
633 3823 747 3884 τοῖς
781 3821 891 3876 τῶν
926 3821 1100 3892 ἁγίων
1127 3827 1312 3895 χοροῖς
1343 3827 1668 3899 ἐναρίθμιον
1696 3830 1870 3902 ἁπερ-

261 3907 501 3978 γάζεται
524 3927 538 3941 ·
574 3911 844 3983 ἀποφέρει
888 3913 945 3967 δὲ
988 3916 1082 3968 καὶ
1113 3919 1192 3980 είς
1220 3917 1324 3989 τὴν
1352 3917 1468 3973 ἄνω
1499 3921 1677 3985 πόλιν,
1721 3923 1873 3992 βασι-

259 4002 424 4057 λείαν
459 4004 712 4076 οὐρανῶν
749 4006 1030 4078 προξενεῖ,
1079 4009 1237 4075 δόξαν
1281 4012 1622 4084 ἀμάραντον,
1676 4014 1868 4068 ἐλπίδα

261 4094 498 4165 βεϐαίαν
552 4098 651 4151 καὶ
705 4094 1075 4172 ἐρηρειμένην
1106 4120 1119 4133 ·
1162 4104 1256 4156 καὶ
1297 4105 1350 4157 τί
1404 4107 1544 4176 γάρ;
1587 4105 1708 4177 οὐχὶ
1754 4107 1865 4160 τῶν

258 4187 622 4244 τελειούντων
662 4193 744 4254 είς
793 4191 1093 4264 ἀκλόνητον
1124 4196 1423 4266 εὐθυμίαν;
1453 4225 1524 4241 -ο
1567 4198 1625 4252 '-O
1657 4201 1766 4264 τοῖς
1802 4203 1861 4254 ἐν

259 4283 446 4355 ἐνδείᾳ
479 4285 575 4338 καὶ
614 4288 1055 4357 πτωχευομένοις
1085 4288 1176 4341 τὸν
1220 4287 1352 4342 rem
1381 4288 1652 4359 διανέμων
1689 4288 1856 4343 πλοῦ-

226 4393 376 4443 ,τον,
409 4376 472 4430 οὐ
519 4377 792 4448 πτωχεύει
825 4380 980 4436 ποτέ.
1025 4380 1084 4433 '0
1131 4380 1244 4452 γὰρ
1278 4381 1447 4434 ἐλεῶν
1493 4382 1711 4454 πτωχὸν
1740 4382 1859 4454 Θεῷ

259 4468 524 4536 δανείζει,
554 4471 743 4542 φησίν.
795 4471 1128 4544 Ἀξιόχρεως
1156 4475 1183 4526 ὁ
1229 4474 1631 4545 δανειζόμενος,
1666 4475 1858 4540 πιστὸς

257 4563 284 4614 ὁ
318 4561 638 4632 δεχόμενος.
666 4558 824 4618 Οἶδεν
849 4565 1072 4621 ἐκτίσαι
1104 4567 1200 4619 σὺν
1231 4566 1379 4636 τόκῳ
1401 4565 1463 4620 τὸ
1483 4567 1656 4623 δοθέν.
1684 4567 1857 4622 Πλού-

259 4668 378 4717 σιος
415 4653 509 4707 καὶ
545 4654 850 4726 φιλότιμος,
883 4658 910 4710 ὁ
935 4657 1034 4728 τὴν
1068 4655 1161 4712 τοῦ
1191 4655 1637 4730 φιλοικτίρμονος
1669 4675 1852 4731 παρα-

257 4743 588 4818 καταθήκην
623 4746 826 4802 λαϐὼν.

324 5004 420 5078 Μὴ
451 5007 754 5082 ἀναμείνῃς
782 5009 1038 5078 γενέσθαι
1071 5012 1328 5083 χρηστὸς,
1359 5011 1480 5067 ἀλλ’
1519 5013 1621 5085 ἤδη
1665 5013 1850 5081 γενοῦ.

250 5099 376 5153 Οὐκ
409 5099 676 5170 ὀφθήσῃ,
726 5103 886 5174 φησὶ,
931 5105 1110 5170 κενὸς
1152 5103 1416 5159 ἐνώπιόν·
1453 5120 1596 5175 μου.
1642 5105 1851 5176 Μηδεὶς

255 5185 402 5240 ἔστω
429 5188 610 5253 κενὸς,
640 5191 778 5261 μηδὲ
802 5193 830 5244 ό
861 5191 1138 5265 ἄκαρπος,
1169 5195 1308 5266 μηδέ
1359 5213 1444 5260 τις
1477 5200 1668 5271 στεῖρα
1703 5197 1850 5268 ψυχὴ

255 5277 354 5329 καὶ
395 5278 612 5346 ἄγονος.
647 5281 924 5346 Ἕκαστος
953 5284 1018 5336 ἐκ
1049 5283 1157 5338 τῶν
1187 5285 1475 5357 παρόντων
1505 5291 1853 5359 καρποφορεῖ

253 5362 335 5433 τῷ
381 5364 522 5440 Θεῷ,
557 5369 652 5421 καὶ
698 5371 809 5424 τῶν
858 5372 1094 5427 οἰκείων.
1121 5405 1194 5414 -
1233 5375 1710 5448 Μεταποιηθῶμεν
1749 5378 1851 5449 τῆς

255 5450 470 5507 ἐκεῖθεν
495 5456 916 5531 λαμπρότητοςο
944 5463 1004 5516 ὲν
1045 5463 1270 5529 κόλποις
1305 5465 1560 5537 Ἀϐραὰμ
1594 5468 1716 5521 ἀντὶ
1748 5469 1847 5540 τῆς

254 5542 512 5603 ἐντεῦθεν
545 5551 955 5625 εὐσπλαγχνίας
1001 5556 1454 5630 ἁναπαυσώμεθα
1475 5576 1489 5590 ο
1537 5561 1729 5631 Κρϊμα
1762 5561 1846 5614 δί⁴

2042 3546 2102 3602 S.
2140 3541 2358 3615 Cyriui.
2392 3567 2463 3578 —
2487 3534 2868 3603 Eleemosynae
2927 3541 3125 3588 natura
3155 3542 3248 3590 est
3272 3540 3332 3588 ut
3379 3545 3583 3602 expur-

1969 3649 2078 3710 get-
2126 3642 2358 3709 peccata
2438 3650 2452 3686 :
2510 3628 2892 3700 superexaltat
2956 3625 3260 3697 judicium,
3316 3625 3578 3696 supplicii

1980 3731 2261 3786 ﬂammam
2327 3725 2566 3794 mitigat,
2595 3720 2839 3793 judicem
2885 3719 3096 3786 flectit;
3138 3719 3252 3784 vel,
3278 3727 3339 3774 ut
3363 3720 3578 3774 rectius

1977 3823 2203 3894 loquar,
2267 3833 2399 3875 cum
2435 3815 2548 3871 Deo
2583 3813 2834 3882 copulat,
2871 3814 2927 3868 in
2965 3819 3287 3870 sanctorum
3347 3811 3579 3867 ascribit

1977 3915 2210 3978 choros,
2244 3914 2302 3966 in
2360 3920 2665 3976 supernam
2703 3908 2988 3962 civitatem
3046 3905 3273 3970 attollit,
3306 3904 3578 3960 cmlorum

1972 4021 2214 4078 regnum
2251 4005 2536 4069 conciliat,
2566 4003 2801 4075 gloriam
2837 3998 3385 4060 immarcescibilem,
3416 4010 3574 4066 spem

1968 4100 2184 4154 ﬁrmam
2225 4106 2280 4154 et
2319 4097 2585 4152 stabilem
2624 4111 2638 4148 :
2673 4109 2739 4149 ac
2766 4093 2900 4163 quid
2928 4107 3039 4147 non
3065 4090 3328 4145 demum?
3355 4103 3423 4141 an
3467 4105 3575 4143 non

1961 4205 2026 4246 ea
2068 4205 2192 4260 quae
2224 4194 2572 4244 constantem
2603 4184 2938 4240 hilaritatem
2970 4180 3274 4254 praestent?
3305 4206 3374 4220 -ο
3410 4177 3576 4244 Quis-

1960 4283 2087 4354 quis
2168 4289 2495 4352 paupertate
2533 4286 2589 4335 et
2645 4277 2835 4348 inepia
2886 4275 3274 4331 laborantibus
3303 4287 3434 4342 opes
3466 4272 3573 4325 im-

1958 4376 2130 4445 pertit
2173 4390 2330 4442 suas,
2399 4385 2688 4442 nunquam
2760 4382 2972 4441 pauper
3027 4369 3159 4423 erit.
3213 4365 3431 4420 Etenim
3473 4363 3571 4433 qui

1954 4457 2262 4540 pauperum
2326 4468 2660 4533 miseretur,
2722 4463 2938 4520 fenerat
2983 4461 3131 4526 Deo,
3179 4459 3361 4530 inquit
3410 4457 3571 4513 Scri-

1951 4560 2476 4632 ptura(Prov.xrx,
2509 4558 2632 4626 l7).
2688 4557 2965 4612 Solvendo
3031 4562 3118 4610 est
3175 4553 3266 4609 hic
3318 4553 3564 4608 debitor.

1950 4653 2158 4709 Fidelis
2178 4658 2265 4708 est
2308 4651 2404 4721 qui
2432 4649 2660 4719 accipit.
2687 4648 2851 4705 Novit
2914 4645 3063 4703 enim
3106 4645 3161 4700 id
3195 4641 3345 4714 quod
3375 4642 3566 4696 datum

1887 4752 2050 4819 Dest
2103 4760 2232 4801 cum
2302 4742 2502 4798 fenore
2559 4741 2890 4798 dissolvere.
2967 4738 3135 4793 Dives
3195 4735 3568 4803 liberalisque

1965 4836 2182 4907 est,qui
2207 4835 2456 4890 hominis
2487 4835 2558 4889 ad
2600 4830 3051 4890 misericordiam
3081 4827 3347 4901 propensi
3379 4827 3558 4895 depo-

1964 4925 2137 4981 situm
2177 4923 2416 4992 accepit.

2034 5016 2092 5071 S.
2113 5014 2268 5086 Greg.
2299 5013 2446 5070 Naz.
2477 5021 2624 5068 orat.
2649 5011 2709 5067 9.
2732 5041 2804 5052 —
2829 5010 2908 5065 Ne
2939 5010 3128 5066 bonus
3162 5023 3289 5065 esse
3312 5007 3574 5074 differas,

1961 5105 2054 5161 sed
2081 5107 2195 5177 jam
2217 5105 2454 5162 edicere.
2496 5104 2624 5161 Non
2647 5103 2947 5174 apparebis,
2967 5103 3174 5173 inquit,
3197 5101 3252 5156 in
3277 5109 3562 5168 conspectu

1953 5215 2070 5255 meo
2121 5215 2321 5255 vacuus
2357 5197 2580 5268 (Exod.
2603 5213 2766 5264 χχιιι,
2801 5197 2868 5252 15
2890 5195 2932 5266 ).
2958 5194 3158 5251 Nullus
3181 5209 3316 5265 ergo
3348 5207 3561 5248 vacuus

1951 5293 2024 5349 sit
2075 5303 2129 5350 et
2183 5291 2592 5349 infructuosus.
2649 5289 2814 5346 Nulla
2866 5289 3053 5344 anima
3102 5287 3313 5343 sterilis
3381 5281 3474 5351 sit,
3504 5291 3560 5341 et

1953 5388 2113 5457 prole
2148 5394 2357 5442 careat.
2411 5385 2814 5457 Unusquisque
2843 5400 2910 5440 ex
2945 5382 3310 5454 praesentibus
3369 5377 3573 5444 bonis,

1948 5488 2003 5534 et
2034 5495 2157 5550 quae
2179 5479 2286 5534 sibi
2330 5480 2553 5550 propria
2593 5485 2746 5541 sunt,
2789 5475 2904 5533 Deo
2935 5473 3152 5531 offerat.
3180 5503 3253 5514 -—
3283 5470 3556 5542 Splendo-

1955 5583 2074 5625 rem
2141 5567 2426 5626 cmlestem
2479 5567 2832 5634 ambiamus;
2877 5568 2938 5623 in
2989 5567 3115 5624 sinu
3159 5563 3399 5621 Abrahae
3449 5578 3570 5633 pro.

1779 5673 2016 5735 ΝΟΤᾸΕ.

1779 5677 1824 5728 Ν

319 5751 1494 5846 ρχίιιβιιρ.ἐγιιιιιοιειηίιωξοηῐηεοτίὺὶῑιιιῖ,
1527 5766 1620 5820 τοῦ
1654 5677 1879 5839 deria-1%

1985 5773 2140 5844 ῗλλου,
2177 5775 2240 5830 ἐκ
2291 5776 2386 5831 τοῦ
2443 5773 2484 5830 ε’
2539 5776 2701 5846 λογου
2744 5771 2850 5831 τῶν
2887 5771 3026 5829 κατά
3063 5768 3378 5828 Ἰουλιανοῢ.
3433 5765 3558 5824 Sed.

255 5837 366 5881 non
388 5830 640 5885 occurrit
677 5830 921 5890 inlibris
943 5833 1137 5906 Cyrilli
1168 5846 1361 5894 contra
1390 5837 1689 5896 lulianum.
