4028 6404
373 366 505 433 1471

1537 365 1602 426 S.
1643 363 1970 433 JOANNIS
2004 362 2439 425 DAMASCENI

3527 346 3666 416 1412

375 481 761 540 misericordia
816 481 943 537 istic
967 479 1221 537 exhibita
1253 476 1717 549 requiescamus;
1751 477 1966 548 justum

2109 495 2230 532 αιον
2277 477 2594 549 κρίνωμενο
2631 473 2949 546 ὲξελώμεθα
2999 470 3213 544 πένητα
3259 467 3358 525 καὶ
3409 471 3663 540 πτωχόν·

371 570 644 648 judicium
681 574 1041 646 iudicemus;
1096 572 1406 641 eripiamus
1445 579 1818 642 pauperemet
1834 584 1966 642 ege-

376 684 532 737 num;
561 667 807 723 viduaeet
829 666 1026 737 pupilli
1050 681 1154 722 nos
1177 665 1478 731 misereat;
1507 662 1851 720 redimamus
1873 677 1970 719 eos

376 763 470 828 qui
494 759 653 816 morti
673 759 1008 825 traduntur;
1042 774 1111 815 ne
1134 757 1483 830 negligamus
1499 771 1600 814 eos
1625 755 1719 826 qui
1737 770 1844 826 ope
1874 769 1975 810 no-

378 861 496 910 stra
529 852 805 925 indigent;
835 868 906 910 ne
961 860 1357 923 praetereamus
1393 865 1521 906 eum
1553 850 1650 921 qui
1688 847 1977 904 ulceribus

379 954 591 1013 scatet;
614 959 682 1001 ne
697 944 922 1002 deliciis
941 944 1354 1016 indulgeamus,
1373 940 1506 998 aliis
1527 943 1583 999 in
1600 954 1849 997 aerumna
1864 953 1981 995 ver-

381 1039 667 1107 santibus;
686 1054 754 1094 ne
769 1052 1041 1094 conservu
1051 1052 1100 1090 m
1118 1043 1367 1092 nostrum
1380 1031 1980 1103 exsecremur.Nequa-

381 1145 583 1200 quam,
612 1146 647 1186 ο
684 1131 849 1185 amici
883 1136 940 1185 et
965 1127 1190 1193 fratres,
1213 1141 1245 1182 a
1279 1127 1470 1182 divitis
1493 1125 1748 1197 partibus
1773 1118 1976 1191 simus,

386 1239 457 1279 ne
525 1224 583 1279 in
642 1223 876 1279 flammis
931 1221 1344 1288 excruciemur,
1397 1229 1672 1290 vastoque
1724 1218 1885 1272 hiatu
1945 1231 1978 1271 a

388 1316 601 1372 sanctis
633 1316 986 1372 dirimamur.
1043 1315 1238 1386 Neque
1288 1314 1515 1370 tandem
1564 1312 1839 1369 Lazarum
1881 1326 1980 1368 ex-

389 1421 553 1461 orare
569 1422 856 1477 cogamur,
883 1413 944 1461 ut
965 1406 1220 1462 adustam
1247 1406 1491 1474 linguam
1521 1412 1771 1460 extremo
1806 1403 1983 1474 digito

389 1498 702 1570 refrigeret.
748 1499 1047 1570 Benignos,
1086 1497 1277 1554 faciles
1331 1507 1388 1553 et
1417 1495 1808 1552 misericordes
1879 1509 1984 1551 nos

392 1591 763 1659 praebeamus.
838 1589 1062 1644 Domini
1093 1588 1492 1658 benignitatem
1542 1587 1852 1653 imitemur,
1881 1580 1979 1658 qui

393 1680 527 1735 oriri
593 1679 768 1734 solem
835 1695 998 1736 suum
1055 1678 1191 1735 facit
1247 1693 1414 1750 super
1466 1678 1644 1737 bonos
1692 1686 1750 1736 et
1807 1677 1984 1734 malos

397 1769 630 1843 (Matth.
717 1787 772 1838 ν,
825 1770 949 1844 45),
997 1786 1296 1844 omnesque
1347 1771 1532 1844 pluvia
1593 1787 1692 1829 sua
1757 1771 1986 1845 perinde

396 1865 517 1921 alit.

471 1955 531 2012 S.
557 1955 710 2027 Greg.
729 1955 874 2012 Naz.
896 1966 1040 2012 orat.
1064 1955 1536 2013 l6.—Coelestem
1558 1955 1708 2012 illam
1741 1955 1992 2027 requiem

402 2065 753 2120 quaeramus;
791 2049 962 2120 hujus
993 2050 1120 2105 vitae
1153 2049 1457 2106 facultates
1478 2057 1533 2106 et
1559 2065 1696 2121 opes
1727 2048 1991 2121 projicia-

403 2157 564 2209 mus;
591 2141 741 2213 quod
773 2143 828 2197 in
853 2142 924 2199 iis
952 2143 1156 2198 bonum
1179 2151 1286 2207 est,
1319 2143 1486 2213 hujus
1534 2143 1806 2198 duntaxat
1847 2156 1996 2212 quee-

407 2245 558 2291 stum
597 2234 902 2304 faciamus;
928 2236 1145 2292 animas
1173 2245 1394 2293 nostras
1410 2235 1776 2307 eleemosynis
1798 2234 1998 2306 acqui-

406 2340 604 2380 ramus
636 2332 694 2382 et
718 2339 1005 2392 emamus;
1029 2326 1174 2381 bona
1203 2333 1399 2382 nostra
1424 2326 1770 2396 pauperibus
1792 2325 1998 2395 imper-

405 2419 640 2482 tiamur,
666 2426 728 2472 ut
755 2421 1020 2488 supernis
1048 2417 1165 2476 illis
1196 2419 1400 2490 opibus
1445 2417 1758 2474 aﬂluamus.
1779 2417 1998 2473 Animae

406 2509 599 2575 etiam,
626 2524 739 2565 non
765 2511 868 2566 soli
891 2510 1154 2576 carni,da
1180 2519 1425 2581 partem;
1446 2512 1516 2564 da
1544 2517 1756 2581 partem
1781 2517 1838 2565 et
1860 2508 1996 2578 Deo,

410 2615 513 2655 nec
543 2602 648 2656 soli
707 2601 952 2670 n‘mndo;
988 2602 1170 2659 ventri
1223 2601 1486 2673 quiddam
1529 2601 1818 2666 subtrahe,
1851 2603 2001 2673 quod

413 2691 652 2764 Spiritui
711 2708 1050 2760 consecres;
1093 2709 1161 2751 ex
1209 2695 1337 2766 igne
1399 2694 1685 2766 quidpiam
1722 2695 1901 2765 eripe,
1946 2702 2004 2750 et

411 2786 687 2858 tantisper
716 2801 746 2842 a
779 2787 1116 2859 depascente
1149 2787 1370 2843 ﬂamma
1429 2803 1698 2856 remove;
1732 2797 2005 2858 extorque

411 2893 444 2934 a
485 2887 748 2951 tyranno,
803 2887 864 2936 et
907 2879 1148 2935 Domino
1199 2879 1511 2935 committe.
1553 2878 1632 2934 Da
1660 2895 1857 2950 parum
1889 2880 1938 2936 ei
1972 2896 2003 2936 a

411 2986 528 3040 quo
592 2971 836 3042 amplius
891 2971 1177 3042 acceperis
1215 2989 1228 3027 :
1261 2971 1374 3027 imo
1408 2971 1580 3028 etiam
1613 2971 1662 3028 ei
1691 2973 1788 3043 qui
1819 2973 2006 3029 omnia

413 3064 685 3135 elargitus
713 3073 819 3127 est.
856 3065 1150 3120 universas
1183 3079 1320 3135 opes
1348 3064 1504 3119 dato.
1535 3063 1842 3135 Nunquam
1875 3065 2006 3120 vin-

413 3169 511 3210 ces
574 3154 1016 3210 munificentiam
1057 3153 1190 3221 Dei;
1232 3155 1600 3226 quantumvis
1653 3156 2000 3227 erogaveris,

2070 571 2251 642 χήραν
2280 570 2375 624 καὶ
2401 568 2641 641 ὀρφανὸν
2669 568 2987 639 ἐλεήσωμεν
3005 582 3021 598 ο
3052 561 3419 638 έκπριώμεθα
3452 578 3670 616 κτεινο-

2079 661 2278 733 μένους
2299 678 2314 694 ·
2355 662 2431 733 μὴ
2456 660 2778 733 παρίδωμεν
2811 659 2904 714 τὸν
2929 658 3188 731 δεόμενον
3220 655 3378 728 ἡμῶν
3400 671 3418 690 ο
3454 653 3530 726 μὴ
3564 671 3673 710 πα·

2085 749 2462 820 ραδράμωμεν
2483 747 2576 803 τὸν
2603 747 2926 820 ἡλκωμένον
2942 762 2958 778 ο
2993 746 3070 819 μὴ
3094 735 3469 817 τρυφῆσωμεν
3492 744 3673 800 ἄλλων

2081 839 2578 896 κακοπαθούντων·
2606 840 2682 913 μὴ
2713 838 3100 911 βδελυξώμεθα
3125 842 3220 894 τὸν
3243 837 3566 910 ὁμόδουλον·
3594 837 3674 910 μὴ

2083 935 2230 1004 φίλοι
2258 934 2354 990 καὶ
2387 933 2612 1006 ἀδελφοὶ
2640 933 2931 1007 γενώμεθα
2961 933 3065 1004 τῆς
3087 931 3183 988 τοῦ
3217 931 3475 987 πλουσίου
3514 929 3676 1002 μερί-

2081 1027 2194 1094 δος,
2228 1027 2366 1099 μηδὲ
2390 1025 2745 1098 όδυνηθῶμεν
2768 1029 2827 1082 ὲν
2856 1029 2924 1100 τῇ
2955 1027 3150 1098 φλογίο
3189 1024 3328 1097 μηδὲ
3383 1024 3465 1095 τῷ
3511 1023 3678 1094 χαρί-

2087 1136 2260 1190 σματι
2289 1118 2604 1190 διαστῶμεν
2655 1118 2768 1174 άπὺ
2817 1118 2932 1173 τῶν
2959 1118 3160 1173 ὁσίων·
3206 1115 3345 1189 μηδὲ
3390 1115 3680 1188 δεηθῶμεν

2085 1213 2343 1284 Λαζάρου
2370 1211 2467 1266 τοῦ
2499 1211 2733 1283 πένητος
2754 1210 2914 1283 ἄκρῳ
2942 1209 3198 1282 δακτύλῳ
3231 1206 3546 1278 καταψύξαι
3579 1207 3681 1276 τὴν

2085 1306 2341 1377 γλῶσσαν
2370 1304 2532 1377 ἡμῶν
2561 1303 2930 1375 φλεγομένην.
2964 1301 3262 1374 Γενώμεθα
3290 1301 3545 1374 χρηστοὶ,
3585 1298 3681 1352 εὕ-

2089 1397 2415 1469 σπλαγχνοι,
2451 1398 2782 1469 συμπαθεῖς.
2825 1396 3221 1469 Μιμησώμεθα
3261 1395 3358 1450 τοῦ
3399 1394 3678 1449 Δεσπότου

2089 1491 2189 1564 τὴν
2217 1491 2554 1562 ἀγαθότητα,
2591 1491 2654 1555 ὃς
2687 1489 2972 1546 ἀνατέλλει
3002 1489 3096 1544 τὸν
3126 1489 3281 1560 ἥλιον
3311 1487 3543 1558 ἀγαθοῖς
3583 1485 3683 1540 καὶΙ

2087 1585 2372 1658 πονηροῖς,
2407 1583 2504 1640 καὶ
2534 1584 2726 1657 τρέφει
2753 1585 2822 1657 τῇ
2856 1583 3027 1656 βροχῇ
3059 1582 3270 1648 πάντας
3296 1580 3527 1654 ὁμοίως.

2175 1942 2514 2014 Ζητήσωμεν
2541 1936 2641 2009 τὴν
2672 1935 2884 1990 ἐκεῖθεν
2923 1935 3234 1989 ἀνάπαυσιν
3254 1949 3270 1965 ο
3307 1931 3557 2002 ῥίψωμεν
3595 1929 3697 2002 τὴν

2103 2034 2354 2092 ἐντεῦθεν
2399 2030 2722 2104 περιουσίαν
2747 2045 2761 2060 ·
2804 2027 2834 2082 ὃ
2882 2025 3048 2083 καλόν
3097 2026 3215 2078 ἔστι
3261 2023 3489 2092 ταύτης,
3537 2021 3699 2075 τοῦτο

2109 2131 2268 2204 μόνον
2303 2126 2693 2198 κερδάνωμεν·
2735 2118 3072 2192 κτησώμεθα
3095 2116 3208 2183 ,τὰς
3253 2115 3468 2172 ἑαυτῶν
3517 2112 3698 2184 ψυχὰς

2105 2225 2165 2277 ὲν
2196 2217 2594 2293 έλεημοσύναις
2617 2233 2631 2252 ·
2671 2213 2994 2287 μεταδῶμεν
3027 2208 3141 2279 ζτῶν
3172 2209 3346 2264 ὄντων
3381 2209 3494 2271 τοῖς
3532 2207 3700 2277 πένη-

2108 2334 2214 2384 σιν,
2259 2315 2347 2369 ἵνα
2373 2313 2444 2367 τὰ
2504 2307 2721 2364 ἐκεῖθεν
2769 2305 3207 2375 πλουτήσωμεν’
3241 2299 3333 2364 δὺς
3374 2297 3571 2370 μερίδα
3603 2297 3700 2351 καὶ

2106 2411 2174 2482 τῇ
2204 2407 2375 2479 ψυχῇ,
2421 2403 2499 2476 μὴ
2539 2404 2608 2475 τῇ
2661 2399 2832 2471 σαρκὶ
2877 2395 3074 2468 μόνον’
3105 2394 3194 2458 δδς
3253 2391 3453 2465 μερίδα
3495 2388 3700 2460 καὶτῷ

2107 2501 2252 2574 Θεῷ,
2283 2501 2361 2572 μὴ
2403 2497 2484 2569 τῷ
2525 2495 2721 2567 κόσμῳ
2771 2491 2934 2564 μόνον
2957 2507 2970 2522 ·
3004 2487 3172 2560 ὕφελέ
3203 2504 3259 2540 τι
3305 2485 3408 2557 τῆς
3435 2483 3698 2554 γαστρὸς,

2109 2595 2187 2668 τῷ
2217 2591 2495 2663 πνεύματι
2539 2586 2918 2658 καθιέρωσον·
2969 2579 3218 2654 ἆρπασόν
3265 2595 3319 2634 τι
3346 2576 3442 2633 τοῦ
3483 2575 3697 2648 πυρός’

2111 2686 2318 2744 ἀπόθου
2356 2681 2556 2756 μικρὸν
2595 2678 2705 2736 ἀπὸ
2727 2680 2828 2750 τῆς
2851 2672 3165 2748 νεμομένης
3194 2670 3397 2750 φλογός
3413 2687 3427 2703 ο
3450 2670 3705 2756 ἅρπασον

2110 2776 2207 2833 τοῦ
2230 2755 2532 2848 τυράννου,
2555 2769 2652 2825 καὶ
2677 2761 3078 2833 πίστευσον,τῷ
3102 2760 3373 2833 Δεσπότῃ.
3403 2756 3503 2820 Δὸς
3524 2755 3706 2848 ὀλίγον

2115 2869 2250 2942 παρ’
2276 2846 2337 2922 οὗ
2360 2865 2426 2920 τδ
2476 2862 2643 2917 πλέον
2693 2859 2840 2931 ἔχεις
2860 2873 2878 2891 ο
2908 2855 2998 2920 δὺς
3042 2853 3139 2908 καὶ
3175 2851 3238 2906 τδ
3269 2851 3384 2904 πᾶν
3411 2848 3492 2920 τῷ

2115 2937 2506 3034 χαρισαμένῳ.
2525 2953 2803 3008 Οὐδέποτε
2833 2949 3085 3021 νικήσεις
3108 2942 3530 3034 μεγαλοδωρεὰν
3546 2937 3707 3034 Θεοῦ,

2115 3030 2242 3108 δσον
2277 3050 2374 3103 ἐὰν
2406 3045 2748 3117 εἰσενέγκῃς,
2787 3040 2974 3095 πλεῖον
3003 3038 3094 3093 ἀεὶ
3130 3035 3194 3090 τὸ
3225 3033 3551 3105 λειπόμενον
3569 3047 3584 3062 ·
3617 3030 3711 3085 καὶ

2119 3147 2278 3203 οὐδὲν
2323 3144 2520 3208 δώσεις
2570 3141 2724 3206 ίδιον,
2775 3139 2860 3192 ὅτι
2891 3136 2962 3191 τὰ
3003 3134 3186 3189 πάντα
3213 3130 3367 3200 παρὰ
3397 3127 3562 3183 Θεοῦ.
3601 3125 3713 3180 Καὶ

414 3259 638 3317 semper
681 3247 751 3303 ab
789 3262 854 3303 ea
885 3247 1084 3318 procul
1137 3217 1340 3304 aberis.
1373 3246 1522 3314 Quin
1573 3263 1677 3304 nec
1704 3217 1998 3320 quidquan

2120 3239 2315 3310 ὥσπερ
2343 3237 2447 3291 οὐκ
2479 3234 2632 3288 ἔστιν
2672 3228 2984 3302 ὑπερϐῆναι
3009 3225 3110 3297 τὴν
3141 3222 3342 3278 ἑαυτοῦ
3381 3217 3712 3320 cautim-066s

417 3337 568 3405 quod
601 3346 758 3392 tuum
809 3337 908 3403 sit,
948 3336 1186 3394 daturus
1237 3353 1300 3395 es
1335 3353 1350 3391 :
1381 3337 1837 3410 quandoquidem
1868 3354 2012 3395 cun-

415 3437 506 3487 cta
529 3445 598 3487 ex
626 3430 742 3488 Deo
768 3439 922 3487 sunt.
955 3430 1024 3485 Et
1057 3430 1532 3502 quemadmodum
1565 3431 1685 3489 fieri
1721 3432 1916 3503 nequit
1951 3439 2014 3486 ut

418 3526 677 3581 umbram
699 3524 869 3598 5.80
894 3533 1146 3584 nostram
1174 3525 1722 3598 praetergrediamur,
1764 3535 1860 3582 aut
1891 3541 2015 3582 mo-

416 3615 500 3670 les
534 3615 794 3684 corporis
830 3629 1001 3684 supra
1038 3622 1212 3685 caput
1251 3625 1531 3686 assurgat,
1571 3614 1656 3671 sic
1683 3630 1788 3671 nec
1817 3630 2018 3671 mune-

419 3707 576 3762 ribus
606 3705 821 3762 nostris
875 3704 1023 3761 Deus
1053 3705 1208 3762 vinci
1273 3712 1477 3776 potest.
1507 3704 1699 3776 Neque
1750 3707 1900 3762 enim
1963 3705 2017 3762 ei

422 3794 730 3866 quidquam
761 3793 961 3852 damus
990 3795 1142 3866 quod
1170 3803 1325 3852 extra
1349 3796 1495 3850 bona
1528 3795 1710 3867 ipsius
1737 3795 1832 3853 sit.
1857 3795 2020 3854 Unde

424 3891 524 3946 tibi
556 3889 751 3947 isthmc
779 3891 986 3956 omnia,
1009 3901 1063 3947 et
1086 3905 1115 3944 a
1148 3891 1426 3962 quonam?
1453 3891 1591 3958 Quis
1613 3891 1780 3948 donis
1795 3891 2020 3948 vincere

423 3983 599 4038 Deum
635 3983 1007 4052 queatiQuis
1049 3983 1149 4040 tibi
1193 3983 1301 4039 hoc
1333 3983 1509 4050 dedit,
1553 3985 1701 4056 quod
1728 3985 1856 4042 caeli
1889 3985 2021 4056 pul—

425 4073 802 4130 chritudinem
831 4075 1070 4130 cernas?
1091 4075 1241 4147 quod
1272 4075 1413 4133 solis
1434 4091 1689 4143 cursum,
1725 4077 1875 4148 quod
1908 4077 2022 4133 cir-

428 4165 644 4221 cuitum
696 4166 865 4235 lunae,
906 4166 1060 4239 quod
1117 4167 1364 4223 siderum
1402 4168 1840 4234 multitudinem,
1867 4183 2024 4225 eam-

427 4269 560 4326 que,
618 4272 743 4328 quae
806 4258 864 4313 in
905 4257 998 4314 his
1041 4258 1304 4315 omnibus
1355 4259 1511 4316 velut
1569 4261 1624 4316 in
1657 4261 1784 4332 lyra
1815 4260 2021 4328 elucet,

429 4350 890 4418 concinnitatem,
945 4359 1112 4422 atque
1143 4351 1399 4409 ordinem
1456 4367 1678 4423 semper
1709 4368 1772 4409 se
1827 4352 2026 4409 eodem

2121 3331 2266 3403 ὑπὲρ
2286 3308 2396 3402 τὴν
2420 3325 2670 3398 κεφαλὴν
2691 3321 2954 3394 γενέσθαι
2976 3317 3232 3390 σώματος
3261 3311 3519 3388 μέγεθος,
3541 3308 3715 3403 οὕτως

2121 3402 2246 3482 οὐδέ
2295 3417 2378 3488 οἷς
2405 3421 2624 3492 δίδομεν
2657 3417 2884 3488 νικῆσαι
2911 3412 3068 3468 Θεόν.
3102 3411 3180 3466 Οὐ
3231 3409 3343 3480 γὰρ
3370 3406 3479 3472 ἔξω
3518 3421 3577 3460 τι
3604 3402 3717 3456 τῶν

2123 3513 2291 3571 αὑτοῦ
2322 3513 2580 3583 δίδωμεν.
2629 3505 2806 3562 Πόθεν
2842 3521 2930 3559 σοι
2968 3501 3146 3557 ταῦτα
3175 3499 3379 3565 πάντα,
3411 3495 3510 3552 καὶ
3561 3492 3717 3566 παρά

2123 3625 2311 3674 τινος;
2342 3605 2441 3669 Τίς
2473 3601 2700 3658 δύναται
2728 3597 2957 3668 νικῆσαι
3000 3594 3137 3650 Θεδν
3165 3595 3283 3657 τοῖς
3335 3588 3716 3663 χαρίσμασιν;

2126 3703 2224 3768 Τίς
2254 3699 2455 3756 ἔδωκέν
2491 3715 2575 3752 σοι
2622 3692 2822 3758 κάλλος
2859 3688 3094 3764 οὐρανοῦ
3128 3687 3372 3760 βλέπειν,
3404 3681 3559 3755 ἡλίου
3592 3679 3720 3750 δρό-

2132 3811 2254 3867 μον,
2289 3790 2523 3861 σελήνης
2557 3784 2780 3851 κύκλον,
2815 3781 3065 3853 ἀστέρων
3105 3776 3337 3849 πλῆθος,
3369 3772 3468 3830 καὶ
3501 3773 3560 3867 έν
3592 3769 3722 3867 τού-

2127 3861 2246 3950 τοις
2278 3884 2469 3948 πᾶσιν,
2497 3878 2694 3950 ὥσπερ
2732 3877 2792 3930 ὲν
2819 3873 2987 3946 λύρᾳ,
3030 3868 3406 3944 εὐαρμοστίαν
3436 3865 3534 3920 καὶ
3565 3861 3724 3931 τάξιν

2128 3975 2394 4041 ὡσαύτως
2433 3973 2691 4045 ἔχουσαν,
2731 3967 2894 4041 ώρῶν
2938 3964 3214 4035 ἀλλαγὰς,
3246 3958 3558 4034 μεταϐολὰς
3599 3975 3726 4012 και-

2132 4069 2266 4143 ρῶν,
2301 4065 2572 4122 ἐνιαυτῶν
2602 4061 2924 4135 περιόδους,
2964 4059 3183 4132 ήμέρας
3225 4057 3321 4110 καὶ
3350 4051 3576 4143 νυκτὸς
3606 4051 3727 4104 ico-

2133 4142 2377 4234 μοιρίαν,
2406 4158 2512 4230 γῆς
2535 4155 2820 4227 ἐκφύσεις,
2842 4153 3006 4226 ἀέρος
3037 4151 3219 4223 χύσιν,
3242 4147 3423 4218 πλάτη
3446 4142 3728 4212 θαλάσσης

2130 4254 2438 4326 λελυμένης
2467 4251 2565 4307 καὶ
2613 4247 2940 4320 ἱσταμένης,
2983 4243 3125 4318 βάθη
3152 4239 3452 4312 ποταμῶν,
3505 4235 3730 4308 ἀνέμων

2134 4345 2420 4418 ρεύματα;
2477 4340 2575 4406 Τίς
2623 4339 2838 4403 ὑετοὺς,
2873 4335 3178 4408 γεωργίαν,
3227 4328 3467 4405 τροφὰς,
3499 4327 3729 4399 τέχνας,

431 4442 597 4499 modo
635 4443 953 4510 habentem,
983 4419 1384 4516 tempestatum
1415 4419 1865 4510 vicissitudines,
1886 4452 1998 4501 tem

2132 4439 2416 4510 οἰκήσεις,
2455 4434 2624 4489 πόθεν
2655 4450 2738 4488 σοι
2784 4431 2896 4486 τῶν
2943 4428 3121 4496 ζώων,
3177 4425 3246 4480 τὰ
3281 4423 3381 4496 μὲν
3437 4419 3732 4516 ἡμέρωται

431 4549 632 4606 porum
699 4537 1065 4601 mutationes,
1122 4537 1526 4594 conversiones
1575 4551 1879 4602 annorum,
1914 4536 1998 4592 die

2134 4535 2231 4588 atati.
2269 4530 2632 4596 ὑπέζευκται,
2663 4527 2734 4583 τὰ
2787 4525 2845 4580 δὲ
2892 4523 3073 4596 τροφὴ
3103 4512 3732 4617 παραδίδοται;-Τίς.σε

433 4629 730 4704 noctisque
763 4630 1008 4701 aequales
1025 4631 1390 4702 partitiones,
1413 4636 1580 4685 terra:
1599 4627 1998 4700 productiones

2131 4627 2340 4699 Κύριον
2359 4625 2454 4681 καὶ
2483 4622 2712 4695 βασιλέα
2739 4620 2958 4676 πάντων
2977 4615 3318 4686 κατέστησεν
3342 4611 3438 4664 ἐπὶ
3465 4606 3696 4704 τῆςῌγῆς

433 4695 846 4792 expansionem
897 4695 1068 4789 aeris,
1105 4722 1512 4794 amplitudines
1567 4695 1746 4777 maris
1771 4719 1904 4776 fluxi
1944 4719 1994 4776 si

2135 4695 2257 4774 εἶτα
2287 4718 2393 4772 οὐκ
2446 4713 2825 4786 αἰσχυνόμεθα
2873 4713 2923 4765 εί
2959 4706 3206 4765 τοσαῦτα
3245 4704 3380 4776 παρ’
3423 4697 3618 4794 αὑτοῦ,
3651 4695 3735 4794 ’τὰ

435 4790 551 4869 mul
581 4823 637 4872 et
658 4816 902 4882 stabilis,
934 4790 1252 4886 profundos
1281 4815 1574 4869 fluminum
1601 4813 1870 4886 gurgites,
1895 4828 1998 4870 ven

2138 4809 2238 4883 μὲν
2265 4809 2550 4872 λαϐόντες,
2577 4807 2649 4860 τὰ
2677 4805 2736 4859 δὲ
2762 4801 3103 4870 ἐλπίζοντες,
3137 4797 3277 4872 μηδὲ
3316 4796 3377 4851 ἓν
3415 4791 3581 4847 τοῦτο
3615 4790 3734 4844 είσ-

435 4913 555 4961 tum
586 4909 847 4980 impetus.
891 4907 1033 4977 Quis
1063 4907 1285 4979 pluvias
1337 4906 1585 4978 praebet?
1614 4921 1875 4978 agrorum
1900 4906 1995 4964 cul

2130 4902 2356 4969 οίσομεν
2381 4899 2461 4972 τῷ
2493 4897 2768 4971 Δεσπότῃ,
2798 4893 2862 4950 τὸ
2886 4892 3274 4964 φιλάνθρωπον
3297 4905 3314 4958 ;

435 5007 641 5069 turam,
698 5016 880 5069 escas,
941 5009 1114 5068 artes,
1166 4999 1408 5056 domos?
1442 4999 1587 5056 unde
1645 5001 1818 5057 habes
1879 4999 2029 5073 quod
2070 4996 2379 5054 animantia
2413 4993 2618 5066 partim
2671 4991 2774 5047 tibi
2845 4988 3117 5052 cicurata,
3158 4985 3530 5055 subiectaque
3579 4982 3736 5044 sunt,

437 5095 638 5163 partim
664 5097 718 5150 in
743 5097 1069 5152 alimentum
1105 5097 1349 5153 cedunt?
1376 5095 1515 5164 Quis
1546 5105 1601 5154 te
1630 5097 1918 5155 dominum
1972 5105 2030 5154 et
2093 5109 2277 5166 regem
2329 5090 2582 5147 omnium
2641 5088 2700 5144 in
2753 5094 2906 5143 terra
2953 5080 3290 5140 constituit?
3324 5079 3407 5132 An
3441 5091 3553 5132 non
3603 5087 3737 5129 vero

439 5203 542 5242 nos
569 5189 819 5259 pudebit,
849 5204 974 5244 cum
1013 5197 1094 5245 tot
1144 5204 1211 5247 ac
1267 5199 1417 5248 tanta
1474 5191 1546 5249 ab
1610 5209 1676 5250 eo
1731 5195 1937 5266 partim
1995 5185 2665 5270 acceperimusupartim
2728 5194 3062 5254 speremus,
3115 5178 3186 5249 si_
3225 5190 3294 5234 ne
3327 5173 3457 5248 ,ho_c
3490 5171 3737 5249 __q_uidem

442 5299 616 5339 unum
705 5282 819 5339 Deo
876 5283 1116 5340 Domino
1182 5285 1562 5355 conferamus,
1627 5289 2031 5345 humanitatem
2062 5283 2317 5344 scilicet?

515 5437 660 5498 Ibid.
690 5471 762 5484 -—
789 5440 946 5509 Quod
985 5443 1029 5498 si
1066 5443 1114 5499 is
1132 5459 1431 5516 pauperem
1455 5445 1662 5517 probro
1689 5445 1877 5513 allicit,
1903 5460 1994 5501 cur

2212 5442 2279 5498 Εί
2308 5442 2337 5497 ό
2373 5439 2662 5513 ἀτιμάζων
2708 5426 2940 5510 πένητα,
2973 5417 3395 5507 παροξύνειτδν
3427 5423 3738 5498 ποιήσαντα

443 5533 536 5603 qui
597 5533 752 5588 illum
805 5533 1054 5591 condidit
1087 5536 1157 5591 ad
1212 5537 1565 5593 iracundiam
1613 5545 1902 5610 provocat,
1942 5537 1998 5591 ill

2141 5535 2329 5601 αὐτὸν,
2363 5536 2504 5606 τιμᾷ
2533 5532 2628 5588 τὸν
2655 5531 2888 5602 ποιητὴν
2923 5530 2952 5583 ό
2976 5527 3258 5598 περιέπων
3287 5524 3350 5578 τδ
3375 5523 3628 5593 ποίημα⁶
3675 5520 3738 5573 '0

447 5623 695 5694 profecto
728 5625 998 5683 factorem
1029 5629 1296 5698 honorat,
1341 5630 1435 5701 qui
1474 5645 1614 5701 opus
1639 5629 1823 5702 ipsius
1858 5629 1998 5685 fovet

2141 5627 2334 5683 ἐλεῶν
2359 5626 2626 5696 πτωχόν,
2662 5623 2786 5689 Θεῷ
2823 5618 3099 5685 δανείζει,
3139 5615 3327 5690 φησίν.
3368 5614 3465 5678 Τίς
3491 5613 3556 5667 οὐ
3585 5612 3740 5682 δέχεο

451 5713 680 5772 Fenerat
743 5716 972 5774 Domino
1023 5721 1116 5790 qui
1173 5721 1456 5775 miseretur
1517 5721 1809 5790 pauperis,
1855 5719 1998 5792 inqui

2143 5739 2234 5777 ται
2271 5720 2560 5792 χρεώστην
2601 5716 2958 5772 ἀποδώσοντα
2991 5715 3050 5767 έν
3081 5710 3264 5783 καιρῷ
3298 5709 3441 5782 μετὰ
3477 5707 3586 5776 Δτῆς
3618 5707 3740 5758 ἐπι-

449 5804 739 5876 Scriptura
778 5805 984 5878 (Prov.
1047 5825 1158 5876 nx,
1219 5809 1284 5867 17
1311 5809 1349 5879 ).
1381 5809 1520 5878 Quis
1579 5809 1886 5869 debitorem
1950 5827 1998 5869 rc

2151 5810 2398 5880 καρπίας
2451 5809 2512 5866 τὸ
2558 5809 2787 5867 δάνειον.
2845 5801 3278 5878 Ἐλεημοσύναις
3331 5798 3429 5856 καὶ
3485 5795 3748 5853 πίστεσιν
