4028 6400
355 436 493 504 1473

1625 431 1868 496 SACRA
1899 429 2378 495 PARALLELA.‘

3502 445 3524 510 1
3537 446 3640 512 474

350 546 826 622 ἀποκαθαίρονται
874 543 1168 618 ἁμαρτίαι.
1214 541 1603 616 Καθαρθῶμεν
1645 541 1739 601 οὖν
1789 545 1948 617 ἐλεή-

2063 541 2269 611 pudiet,
2325 543 2594 601 creditam
2628 534 2938 618 'pe‘etiiiiam
2987 566 3092 608 suo
3120 559 3373 626 tempore
3399 557 3645 615 redditu-

354 659 574 707 σαντες.

426 915 665 980 Δυνατὺς
705 909 775 986 ἦν
825 915 856 970 6
911 914 1104 988 Πατὴρ
1154 913 1383 986 ποιῆσαι
1443 913 1651 985 μηδένα
1693 912 1944 982 πένητα·

350 1011 472 1067 ἀλλ’
502 1012 639 1065 είτδ
674 1009 919 1064 εὐποιεῖν
963 1010 1310 1080 περιῃρεῖτο,
1357 1011 1707 1078 συμπάσχειν
1764 1006 1944 1070 οὐδεὶς

351 1105 512 1174 ⁴ἦξίου
547 1103 644 1158 νῦν
671 1103 922 1173 ἀλλήλων
945 1101 1133 1156 ἕνεκα.
1168 1101 1281 1156 Καὶ
1301 1099 1670 1172 εὐποροῦμεν,
1701 1100 1795 1154 καὶ
1819 1101 1948 1154 ἀπο-

351 1194 585 1266 ροῦμεν,
624 1194 712 1248 ῖνα
735 1193 904 1258 τόπος
929 1191 1223 1265 γενώμεθα
1250 1195 1320 1264 τῇ
1349 1191 1592 1264 εὐποιτᾳ.

426 1465 532 1520 Τδν
562 1462 808 1519 ἐναντίον
835 1462 951 1525 τοῖς
975 1459 1160 1524 ἄλλοις
1180 1457 1493 1532 ἀνθρώποις
1527 1457 1739 1530 σεαυτῷ
1769 1457 1947 1512 κατά-

351 1556 512 1623 λεξον
541 1553 796 1628 στρατὸν,
831 1554 1053 1620 ἀοπλον,
1085 1552 1389 1622 ἀπόλεμον,
1419 1550 1783 1621 ἀναίμακτον,
1813 1550 1944 1620 ἀόρ-

353 1667 552 1721 γητον,
577 1647 842 1718 ἀμίαντον
860 1663 874 1677 ο
904 1647 1172 1718 γέροντας
1205 1644 1502 1709 θεοσεϐεῖς,
1528 1644 1802 1715 ὀρφανοὺς
1829 1642 1946 1696 θεο-

355 1741 560 1814 φιλεῖς,
591 1741 773 1812 χήρας
801 1737 1077 1812 πραότητι
1111 1736 1490 1808 ὡπλισμένας,
1523 1737 1726 1808 ἀνδρας
1753 1735 1946 1810 ἀγάπῃ

353 1833 834 1905 κεκοσμημένους.
887 1829 1177 1894 Τοιούτους
1218 1831 1420 1901 κτῆσαι
1473 1829 1552 1902 τῷ
1584 1828 1662 1900 σῷ
1705 1828 1943 1898 πλούτῳ,

351 1927 456 1982 καὶ
482 1926 560 1998 τῷ
600 1925 841 1997 σώματι,
872 1924 968 1980 καὶ
999 1926 1066 1997 τῇ
1096 1923 1244 1996 ψυχῇ
1273 1922 1633 1994 δορυφόρους,
1665 1913 1741 1979 ὧν
1776 1938 1946 1994 στρα-

347 2020 518 2092 τηγεῖ
542 2018 571 2072 6
603 2016 762 2082 Θεός.

439 2221 778 2294 Ἐλεήμονας
815 2214 960 2276 εῖναι
1006 2218 1283 2292 βούλεται,
1325 2220 1388 2274 οὐ
1434 2218 1597 2292 μόνον
1641 2220 1770 2285 τοὺς
1801 2219 1950 2275 έλεον

351 2313 675 2382 ποιοῦντας,
703 2313 844 2368 ἀλλά
876 2312 974 2367 καὶ
1001 2313 1132 2377 τοὺς
1159 2312 1417 2376 Θέλοντας
1446 2313 1710 2378 εὐποιεῖν,
1736 2313 1841 2367 κᾶν
1873 2311 1949 2384 μὴ

349 2408 646 2472 δύνωνται,
672 2401 755 2472 οἷς
795 2407 940 2462 κατὰ
970 2406 1294 2479 προαίρεσιν
1324 2404 1386 2459 τὸ
1416 2407 1662 2477 ἐνεργεῖν
1690 2405 1948 2475 πάρεστι.

348 2503 473 2574 Τῆς
514 2501 688 2573 αὐτῆς
729 2496 824 2554 οῦν
875 2500 1160 2572 μεθέξουσι
1205 2500 1375 2571 τιμῆς
1401 2503 1517 2563 τοῖς
1558 2499 1868 2570 δυνηθεῖσιν
1895 2500 1948 2552 οἱ

351 2595 702 2667 βουλόμενοι,
733 2590 809 2650 ὧν
843 2597 878 2666 ἡ
912 2594 1238 2667 προαίρεσις
1267 2594 1380 2664 ἴση,
1412 2593 1518 2648 κᾶν
1548 2593 1950 2649 πλεονεκτῶσιν

346 2689 537 2761 ἕτεροι
568 2691 636 2760 τῇ
678 2687 992 2760 περιουσία.
1023 2719 1096 2728 —
1136 2686 1548 2758 Ἐλεημοσύνας
1577 2687 1660 2741 δεῖ
1691 2688 1888 2750 ποιεῖν,
1919 2687 1948 2739 6

349 2779 518 2848 λόγος
551 2781 742 2851 φησὶν,
779 2779 920 2834 ἀλλά
960 2779 1102 2850 μετά
1147 2778 1410 2851 κρίσεως,
1452 2779 1550 2833 καὶ
1585 2781 1701 2842 τοῖς
1747 2777 1946 2843 ἀξίοις.

349 2871 470 2926 Καὶ
499 2871 693 2943 ὥσπερ
725 2871 755 2925 6
799 2871 1047 2944 γεωργὸς
1094 2871 1313 2944 σπείρει
1361 2871 1466 2926 οὐκ
1509 2873 1590 2935 είς
1618 2871 1809 2935 ἁπλῶς
1847 2871 1950 2943 τὴν

2051 635 2218 687 rum?
2250 632 2637 708 Eleemosynis
2690 648 2747 694 et
2777 641 2883 697 fide
2909 654 3222 716 purgantur
3251 657 3506 718 peccata.
3541 651 3644 709 De-

2050 738 2177 781 mus
2228 725 2402 797 igitur
2477 744 2704 800 operam
2763 741 2826 787 ut
2881 736 3267 795 misericordia
3324 752 3645 804 contractas

2048 813 2207 872 labes
2253 819 2533 877 eluamus.

2118 909 2180 965 S.
2210 910 2381 970 Clem.
2415 914 2574 970 Alex.
2610 947 2681 958 —
2703 917 2928 974 Poterat
2971 922 3197 993 quidem
3248 943 3505 986 summus
3548 929 3643 987 ille

2048 999 2262 1059 Parens
2294 1005 2482 1064 facere
2516 1017 2579 1062 ut
2603 1026 2770 1066 nemo
2794 1027 3008 1084 pauper
3036 1027 3186 1074 esset
3215 1036 3228 1074 :
3257 1030 3312 1076 at
3341 1023 3388 1076 si
3409 1025 3644 1094 praecisa

2046 1104 2199 1150 esset
2251 1097 2564 1166 Opitulandi
2631 1101 2898 1170 facultas,
2962 1109 3159 1166 nullus
3207 1127 3357 1168 nunc
3405 1115 3640 1170 alterius

2048 1189 2368 1247 calamitate
2403 1199 2748 1265 tangeretur.
2803 1197 3081 1264 Quocirca
3125 1204 3328 1273 partim
3363 1205 3642 1263 allluimus

2047 1281 2273 1351 opibus,
2327 1285 2533 1354 partim
2565 1286 2882 1361 indigentes
2911 1307 3130 1367 sumus,
3175 1303 3236 1350 ut
3267 1296 3644 1358 beneﬁcentiae

2047 1374 2205 1432 locus
2242 1376 2340 1432 sit.

2118 1465 2288 1537 Ejud.
2343 1468 2477 1536 Qui:
2509 1469 2656 1526 dives
2709 1475 2845 1528 salv.
2872 1505 2945 1514 —
2974 1473 3085 1531 Fac
3108 1485 3308 1534 contra
3341 1488 3510 1552 atque
3547 1483 3642 1538 alii

2047 1562 2285 1632 soleant,
2344 1566 2657 1621 exercitum
2700 1569 2799 1622 tibi
2841 1567 2961 1639 ipse
2989 1573 3316 1638 contrahas,
3368 1575 3641 1631 inermem

2047 1656 2297 1724 scilicet,
2360 1658 2663 1725 imbellem,
2717 1661 3100 1732 incruentum,
3158 1665 3227 1720 ab
3266 1666 3348 1721 ira
3381 1667 3645 1733 alienum,

2046 1758 2328 1819 expertem
2396 1751 2691 1820 sordium;
2761 1769 2928 1811 senes
2991 1756 3139 1826 pios,
3201 1759 3486 1830 orphanos
3547 1761 3646 1816 Dei

2051 1850 2328 1908 amantes,
2385 1843 2584 1901 viduas
2612 1845 2860 1903 lenitatis
2893 1849 3068 1904 armis
3120 1851 3453 1918 instructas,
3491 1852 3645 1910 viros

2051 1935 2324 1992 charitate
2364 1937 2686 1996 adornatos.
2750 1940 2887 2007 llos,
2927 1942 3186 2013 inquam,
3247 1945 3451 2016 opibus
3504 1946 3620 2002 tuis

2055 2036 2172 2084 tum
2239 2031 2513 2100 corporis,
2547 2040 2662 2087 tum
2697 2033 2865 2089 animi
2907 2036 3178 2094 satellites
3224 2040 3473 2111 acquire,
3502 2055 3645 2112 quo-

2051 2132 2176 2171 rum
2211 2116 2321 2172 dux
2355 2127 2409 2174 et
2448 2119 2754 2192 imperator
2792 2122 2940 2182 Deus
2975 2134 3084 2182 est.

2116 2231 2316 2302 Ejusd.
2375 2233 2470 2290 lib.
2534 2249 2592 2292 ιν
2647 2223 3009 2296 Str-amat;
3052 2237 3447 2302 Misericordes
3511 2261 3644 2305 esse

2049 2322 2196 2380 Deus
2236 2325 2379 2393 vult,
2413 2342 2524 2383 non
2558 2343 2659 2385 eos
2698 2337 2916 2387 tantum
2963 2334 3060 2405 qui
3093 2336 3494 2394 misericordiae
3525 2356 3648 2395 mu-

2051 2415 2280 2472 neribus
2340 2415 2677 2488 fungantur,
2716 2421 2812 2478 sed
2869 2438 2966 2480 eos
3017 2425 3186 2481 etiam
3235 2427 3329 2496 qui
3371 2428 3516 2484 bene
3579 2431 3648 2486 de

2049 2507 2174 2562 aliis
2235 2510 2440 2564 mereri
2504 2512 2788 2580 studeant,
2842 2517 3063 2573 tametsi
3124 2518 3180 2573 id
3229 2528 3496 2589 praestare
3549 2537 3648 2578 ne-

2048 2608 2286 2670 queant;
2317 2604 2409 2673 qui
2434 2604 2655 2672 saltem,
2685 2615 2953 2678 quantum
2979 2610 3046 2664 ad
3069 2611 3445 2668 inductionem
3475 2615 3648 2670 animi

2032 2695 2268 2761 attinet,
2306 2697 2487 2767 ipsum
2528 2713 2673 2769 opus
2705 2711 3102 2773 exsequantur.
3150 2705 3414 2775 Ejusdem
3451 2706 3645 2778 itaque

2049 2788 2279 2844 honoris
2335 2790 2434 2860 qui
2469 2791 2750 2847 voluerint
2796 2795 3100 2865 participes
3153 2806 3339 2863 erunt,
3376 2814 3485 2870 quo
3551 2800 3648 2870 qui

2049 2882 2331 2950 potuerint
2359 2898 2372 2949 ;
2410 2882 2512 2949 illi,
2544 2883 2798 2955 inquam,
2832 2901 3072 2955 quorum
3107 2902 3208 2960 par
3241 2891 3500 2946 voluntas
3525 2890 3651 2947 fue-

193 3183 200 3190 -
259 3194 265 3197 .
349 3149 502 3211 νοὺς,
558 3149 641 3212 είς
692 3148 821 3212 τοὺς
873 3149 1300 3220 ἀπεριστάτους,
1340 3149 1431 3202 ἵνα
1479 3148 1582 3218 τῆς
1626 3149 1723 3203 ἀπ’
1762 3148 1949 3203 αὐτῶν

349 2965 482 3033 γῆν,
515 2963 636 3018 ἀλλ’
684 2966 767 3028 είς
807 2963 1046 3035 ἀγαθὴν,
1085 2964 1174 3019 ἵνα
1213 2962 1365 3036 αὑτῷ
1412 2965 1667 3036 καρποὺς
1717 2964 1947 3036 “Nam

2050 2973 2147 3039 rit,
2178 2974 2282 3029 etsi
2319 2973 2524 3044 opibus
2551 2975 2646 3030 alii
2697 2977 3017 3049 superiores
3052 2989 3204 3033 sunt.
3235 3009 3306 3019 —
3326 2979 3649 3053 Eleemosy-

349 3052 502 3108 οὕτω
523 3054 607 3108 δεῖ
629 3055 878 3127 σπείρειν
904 3056 1006 3126 τὴν
1045 3055 1300 3109 εὐποιΐαν
1326 3055 1408 3118 είς
1436 3055 1638 3126 χήρας,
1672 3056 1755 3119 είς
1779 3056 1950 3126 ὀρφα-

2051 3079 2152 3120 nas
2212 3064 2434 3135 quidem
2487 3064 2771 3122 faciendas
2810 3083 2936 3124 esse
2989 3067 3279 3141 Scriptura
3314 3073 3498 3139 docet,
3549 3072 3649 3130 sed

2050 3170 2176 3211 cum
2221 3155 2454 3224 judicio,
2489 3164 2658 3227 atque
2696 3158 2764 3212 iis
2796 3158 2892 3229 qui
2926 3160 3079 3231 digni
3105 3161 3330 3217 fuerint.
3363 3162 3430 3218 Et
3457 3180 3652 3233 quem-

351 3239 668 3310 εὐκαρπίας
696 3237 789 3292 διὰ
819 3239 931 3293 τῶν
961 3239 1136 3310 εὐχῶν
1169 3239 1476 3318 ἐπιτύχῃς..

2063 3245 2359 3302 admodum
2417 3248 2666 3318 agricola
2715 3263 2831 3303 non
2863 3265 3084 3308 omnem
3108 3255 3432 3323 promiscue
3458 3270 3650 3326 agrum

351 3322 556 3397 serit,"
580 3331 678 3388 sed
731 3331 938 3388 bonum
984 3342 1040 3388 et
1079 3331 1338 3400 feracem,
1382 3339 1443 3386 ut
1493 3347 1562 3388 ex
1601 3347 1668 3388 eo
1722 3331 1944 3392 fructus
1975 3337 2248 3408 percipiat
2279 3355 2292 3391 :
2322 3335 2516 3392 eodem
2583 3337 2747 3392 modo
2805 3322 3118 3395 serendum
3170 3322 3519 3398 beneﬁcium—
3568 3353 3655 3400 est

353 3426 412 3479 in
445 3423 666 3488 viduas,
701 3424 754 3479 in
792 3425 1056 3496 pupillos,
1086 3425 1144 3480 in
1184 3425 1580 3494 calamitosos;
1620 3434 1682 3481 ut
1703 3443 1801 3497 per
1828 3443 2022 3485 eorum
2049 3431 2336 3486 orationes
2376 3429 2620 3485 fructum
2671 3430 2900 3488 uberem
2945 3448 3012 3489 ex
3048 3433 3187 3504 ipsis
3219 3451 3649 3507 consequamur.

440 3540 534 3597 Ἐν
562 3535 607 3612 ᾧ
635 3541 701 3597 ἄν
729 3558 815 3608 τις
848 3542 1072 3596 δύναται
1111 3543 1355 3596 εὐποιεῖν
1377 3542 1456 3614 τῷ
1485 3543 1738 3615 πλησίον,
1771 3545 1840 3616 ἢν
1871 3545 1948 3618 μὴ

356 3636 514 3707 ποιῇ,
550 3634 838 3705 ἀλλότριος
870 3636 970 3706 τῆς
1019 3635 1245 3708 ἀγάπης
1295 3636 1392 3690 τοῦ
1431 3636 1642 3707 Κυρίου
1688 3637 1954 3709 νομισθή-

357 3744 542 3783 σεται.
2055 3739 2302 3802 praestet,
2340 3729 2556 3785 alienus
2589 3744 2618 3784 a
2646 3729 2740 3786 Dei
2766 3730 3062 3787 dilectione
3090 3734 3433 3788 censebitur.

428 3819 538 3874 Τοῦ
588 3820 762 3876 ἐλεεῖν
809 3820 906 3876 καὶ
949 3821 1282 3894 εὐεργετεῖν,
1322 3822 1450 3876 οὔτε
1505 3821 1946 3896 προτιμώτερον,

2129 3821 2190 3878 S.
2246 3821 2477 3892 Dionys.
2512 3822 2665 3877 Alex.
2697 3853 2770 3864 ——
2792 3821 2940 3879 Nihil
2967 3827 3327 3896 praestantius
3378 3836 3488 3895 est,
3515 3827 3655 3883 nihil

355 3911 486 3967 οὔτε
542 3913 1058 3986 φιλανθρωπότερόν
1093 3915 1244 3969 ἐστιν
1281 3916 1416 3987 ἡμῖν
1465 3932 1520 3969 τι
1579 3917 1789 3988 ἓτερον,
1823 3917 1950 3970 ἐπεὶ

2063 3901 2380 3982 humanius,
2415 3931 2581 3985 quam
2617 3915 2871 3972 misereri
2903 3924 2956 3972 et
2992 3917 3322 3975 benefacere
3355 3937 3370 3973 :
3400 3922 3657 3991 quando-

359 4006 502 4078 μηδὲ
527 4006 606 4078 τῷ
635 4006 776 4078 Θεῷ.

2063 4007 2274 4078 quidem
2308 4021 2409 4061 nec
2437 4007 2742 4077 quidquam
2782 4007 2891 4063 Deo
2909 4023 2973 4063 ea
3011 4024 3073 4064 re
3111 4012 3295 4081 potius
3330 4020 3436 4066 est.

432 4099 722 4172 Μακάριόν
779 4103 929 4154 ἐστιν
959 4099 1200 4172 άληθῶς,
1249 4102 1331 4165 είς
1378 4101 1560 4156 πάντα
1602 4101 1819 4174 πτωχὸν
1855 4101 1950 4157 καὶ

2115 4098 2279 4170 48],
2313 4098 2555 4168 Didymi.
2587 4129 2659 4138 —
2681 4099 2908 4154 Beatum
2947 4116 3082 4156 sane
3110 4113 3196 4157 εει
3225 4119 3392 4174 super
3428 4118 3654 4160 omnem

2133 3545 2193 3601 S.
2228 3543 2448 3611 Irenwi,
2485 3560 2551 3600 ex
2609 3543 2858 3615 Epistola
2887 3547 2959 3601 ad
2995 3546 3132 3604 Vict.
3156 3581 3222 3592 —-
3251 3548 3311 3604 ln
3346 3567 3459 3622 quo
3491 3553 3651 3621 quis-

2056 3640 2204 3709 piam
2261 3639 2402 3693 bene
2461 3637 2529 3693 de
2553 3639 2811 3708 proximo
2866 3641 3122 3696 misereri
3169 3637 3386 3712 potest,
3442 3643 3553 3699 nisi
3597 3645 3654 3700 id

358 4192 572 4264 πένητα
600 4194 862 4256 συνιέναι,
896 4194 985 4247 ἵνα
1017 4211 1104 4258 τις
1133 4195 1277 4248 κατὰ
1327 4193 1546 4249 σύνεσιν
1583 4194 1653 4249 τά
1688 4197 1790 4266 τῆς
1834 4212 1950 4249 κοι-

2063 4186 2279 4262 ξεεηυιι]
2309 4197 2362 4245 et
2393 4205 2691 4261 pauperem
2722 4192 3034 4264 intelligere
3056 4232 3070 4258 ,
3103 4209 3214 4263 quo
3247 4196 3376 4264 quis
3403 4195 3654 4266 pruden-

357 4285 561 4350 νωνίας
593 4287 797 4358 πτωχῷ
827 4287 925 4341 καὶ
967 4288 1163 4359 πένητι
1211 4289 1534 4360 ποιήσηται,
1588 4287 1813 4358 μείζονα
1855 4289 1950 4343 καὶ

2063 4295 2133 4342 Ler
2168 4299 2344 4356 egeno
2374 4293 2430 4341 et
2472 4283 2686 4355 pupillo
2727 4285 2965 4350 tribuat,
3019 4287 3235 4357 majore
3288 4286 3549 4343 videlicet
3601 4298 3658 4344 et

361 4379 786 4450 σπουδαιότερον
829 4379 934 4451 τὴν
983 4381 1306 4451 ἐπιμέλειαν
1343 4379 1675 4452 ποιούμενος
1710 4382 1792 4446 είς
1821 4381 1950 4445 τούς

2063 4377 2391 4449 iiligentiori
2425 4392 2565 4432 cura
2606 4377 2717 4433 illis
2758 4378 3110 4448 prOSpiciens
3173 4380 3268 4450 qui
3302 4380 3525 4437 virtutis
3562 4391 3660 4436 aut

356 4470 433 4524 δι’
483 4470 686 4542 ἀρετὴν
729 4471 762 4543 ἢ
805 4470 1122 4528 θεοσέϐειαν
1155 4472 1584 4544 πτωχεύσαντας
1633 4473 1667 4546 ἢ
1716 4473 1950 4546 πενομέ-

2063 4470 2350 4540 religionis
2388 4484 2559 4526 causa
2585 4469 2642 4524 in
2679 4478 3070 4541 paupertatem
3105 4473 3469 4543 penuriamve
3518 4473 3659 4528 inci-

358 4579 490 4627 νους
509 4580 524 4595 ·
555 4563 734 4628 ἄλλως
753 4565 836 4628 είς
858 4565 985 4629 τούς
1015 4567 1080 4618 ἐκ
1105 4565 1276 4620 νόσων
1301 4565 1334 4637 ἢ
1361 4566 1790 4637 συμπτωμάτων
1816 4567 1956 4620 ἀπο-

362 4654 620 4728 ροῦντας,
642 4656 797 4728 παρά
823 4656 950 4722 τοὺς
977 4657 1042 4710 ἐκ
1069 4657 1510 4730 κακοπραγίαςῆ
1542 4658 1782 4723 ἀσωτίας
1812 4675 1956 4712 πτω-

360 4765 692 4822 χευσαντας.

439 4841 601 4907 Ξένος
635 4841 733 4896 καὶ
770 4841 940 4914 πένης
985 4840 1122 4896 Θεοῦ
1168 4841 1494 4915 κωλλύριον.
1536 4841 1596 4896 '0
1656 4841 1957 4915 δεξάμενος

363 4933 591 5002 αὐτοὺς,
623 4934 842 5006 ταχέως
890 4934 1210 5006 ἀναϐλέψει.
1238 4967 1310 4978 -—
1347 4937 1482 4990 Λεία
1511 4935 1631 5001 ὁδὸς
1661 4937 1768 4992 ὐπὸ
1798 4937 1959 5008 ἐλεη-

368 5029 617 5114 μοσύνηης
639 5027 878 5114 γίνεται.

437 5193 565 5262 Ὁῖδε
595 5207 899 5280 τρέφεσθαι
926 5211 954 5264 6
981 5195 1259 5282 Δεσπότης
1285 5205 1410 5265 τῶν
1437 5200 1575 5266 ὅλων
1606 5204 1695 5267 διὰ
1730 5199 1960 5282 μεταδόξ-

372 5319 516 5366 σεως
542 5303 644 5373 τῆς
673 5303 812 5374 πρὸς
831 5304 959 5367 τούς
990 5303 1756 5376 εὐποιουμένους.-’Ἢνπερ
1786 5307 1960 5369 ποιεῖς

371 5393 697 5464 εὐεργεσίαν
724 5396 851 5465 ὲλεη
861 5395 1105 5466 μοσύνης
1134 5397 1215 5459 είς
1257 5396 1465 5460 πάντας
1488 5397 1616 5461 τοὺς
1646 5396 1956 5467 δεομένους,

371 5487 401 5539 6
427 5485 668 5556 Χριστὸς
698 5487 1101 5558 σφετερίζεται.
1132 5487 1474 5542 Πεπείνακα
1500 5488 1630 5559 γὰρ,
1663 5489 1820 5559 φησὶ,
1857 5490 1958 5544 καὶ

371 5577 674 5633 δεδώκατέ
694 5595 798 5650 μοι
849 5579 1097 5650 φαγεῒνο
1128 5578 1420 5650 ἐδίψησα,
1456 5579 1559 5634 καὶ
1597 5580 1961 5636 πεποτικατέ

366 5688 467 5742 με.

448 5764 692 5820 Πλούτου
721 5764 784 5820 τὸ
817 5765 1018 5831 κάλλος
1056 5765 1159 5821 οὐκ
1192 5765 1252 5822 ὲν
1278 5763 1608 5839 βαλαντίοις,
1650 5765 1767 5822 ἀλλ’
1806 5767 1864 5824 ἐν
1890 5768 1958 5841 τῇ

370 5877 486 5917 των
525 5859 842 5934 χρῃζόντων
879 5862 1192 5936 ἐπικουρίᾳ.
1283 5843 1288 5850 ’

2061 4561 2302 4626 derunt,
2341 4560 2633 4615 autetiam
2667 4559 2727 4614 in
2778 4575 2874 4616 eos
2931 4575 3074 4630 quos
3134 4562 3314 4617 morbi
3359 4561 3448 4617 vel
3493 4577 3660 4618 casus

2063 4653 2236 4724 aliqui
2280 4653 2335 4707 in
2368 4661 2672 4724 egestatem
2709 4651 3105 4722 coniecerunt,
3145 4669 3308 4724 quam
3344 4654 3398 4707 in
3433 4669 3532 4710 eos
3563 4656 3659 4725 qui

2065 4747 2135 4802 ob
2172 4745 2380 4817 ﬂagitia
2406 4746 2494 4801 vel
2531 4743 2796 4815 profusos
2829 4753 3083 4816 sumptus
3113 4747 3269 4817 egeni
3303 4745 3432 4800 facti
3467 4755 3621 4802 sunt.

2063 4833 2066 4835 Α
2136 4837 2468 4910 Euagrii.—-
2488 4836 2700 4908 llospes
2730 4846 2785 4893 et
2815 4849 3024 4907 egenus
3055 4839 3346 4910 collyrium
3379 4836 3473 4893 Dei
3504 4845 3656 4894 sunt.

2065 4927 2169 4996 Qui
2201 4944 2298 4985 eos
2335 4929 2653 5000 exceperit,
2686 4929 2978 4983 oculorum
3018 4929 3314 4984 confestim
3359 4945 3522 4985 usum
3574 4947 3660 4984 re-

2065 5021 2380 5094 cuperabit.
2413 5052 2486 5064 —-
2511 5019 2740 5078 Planam
2771 5028 2826 5076 et
2860 5019 3081 5076 facilem
3116 5019 3264 5076 viam
3299 5024 3482 5076 munit
3511 5021 3660 5077 elee-

2059 5112 2321 5190 'mosyna.

2079 5217 2086 5224 ’
2139 5209 2200 5266 S.
2240 5206 2695 5264 Nili.——Rerum
2729 5204 2978 5264 omnium
3013 5204 3285 5262 Dominus
3317 5205 3393 5260 ita
3435 5203 3655 5260 demum

2068 5315 2097 5355 a
2131 5309 2183 5356 te
2215 5301 2406 5366 alitur,
2433 5315 2559 5357 cum
2590 5299 2804 5370 aliquid
2839 5297 2896 5352 in
2932 5311 3205 5368 pauperes
3236 5294 3460 5353 confers
3491 5295 3656 5351 bene-

2068 5394 2203 5449 ficii.
2227 5393 2594 5464 —Quidquid
2626 5391 2881 5448 beneﬁcii
2915 5398 2970 5446 et
2999 5391 3368 5462 eleemosynae
3397 5388 3659 5460 pauperi-

2065 5485 2172 5542 bus
2223 5485 2512 5557 impertis,
2550 5483 2604 5540 id
2659 5483 2923 5541 Christus
2969 5483 3075 5538 sibi
3131 5483 3398 5538 vindicat.
3443 5479 3660 5535 Esuriei

2068 5579 2217 5634 enim
2248 5619 2264 5642 ,
2304 5578 2518 5648 inquit,
2556 5587 2605 5632 et
2642 5577 2866 5633 dedistis
2900 5577 3032 5632 mihi
3066 5576 3392 5630 manducare
3428 5589 3448 5630 :
3476 5573 3656 5638 sitivi,

2067 5681 2117 5726 et
2153 5670 2378 5727 dedistis
2413 5671 2544 5726 mihi
2577 5671 2751 5727 bibere
2783 5668 3024 5740 (Matth.
3066 5684 3199 5736 xxv,
3235 5668 3306 5725 55
3329 5669 3372 5739 ).

2145 5759 2420 5818 Philonis.
2465 5789 2537 5804 οι-
2594 5763 2920 5818 Divitiarum
2978 5760 3374 5833 pulchritudo,
3435 5772 3544 5812 non
3600 5755 3657 5812 in

2070 5852 2393 5922 crumenis,
2443 5853 2538 5911 sed
2589 5853 2644 5910 in
2673 5851 3014 5910 sublevanda
3058 5864 3367 5924 pauperum
3414 5856 3661 5919 egestate

2072 5945 2178 6005 sita
2214 5955 2321 6006 εει.
