4028 6392
451 422 591 489 1475

1643 423 1707 484 S.
1743 419 2068 486 JOANNIS
2126 421 2564 486 DAMASCENI

3593 419 3724 486 1476

448 540 588 596 TlT.
634 538 726 593 IX.
752 567 819 580 —-
842 536 920 592 De
944 537 1013 592 iis
1039 538 1132 607 qui
1156 537 1524 610 eleemosynas
1555 540 1771 595 minime
1796 542 2032 609 faciunt,

2148 543 2334 597 ΤΙΤΛ.
2377 542 2454 596 Θ.
2490 571 2556 581 -—
2585 540 2725 609 Περὶ
2756 539 2873 594 τῶν
2905 537 3334 610 ἐλεημοσύνην
3369 537 3455 606 μὴ
3488 541 3725 594 ποιούν-

521 610 613 665 sed
660 611 946 681 tenacitate
967 647 982 671 ,
1033 618 1091 681 et
1124 611 1358 664 avaritia
1384 651 1400 679 ,
1444 621 1495 666 et
1537 613 1776 681 pecuniae
1806 628 1869 667 ac
1901 612 2042 666 divi-

523 684 724 735 tiarum
755 679 1051 748 cupiditate
1075 679 1349 736 laborant.

515 818 616 874 Job
648 834 743 882 ιιι,
778 817 867 873 16.
892 848 963 858 -
991 836 1009 868 ι
1042 817 1242 888 lnjusti
1278 835 1342 875 os
1377 821 1737 875 obstructum
1764 832 1872 877 est.
1905 821 2040 888 Quae

443 914 522 969 illi
556 920 950 976 messuerunt,
999 910 1138 981 justi
1196 913 1529 969 comedent:
1587 913 1698 984 ipsi
1743 920 1926 970 autem
1974 930 2038 970 ex

440 1003 605 1059 malis
635 1019 745 1058 non
775 1002 1106 1073 eripientur.
1133 1020 1154 1055 ι

509 1095 612 1151 Job
641 1112 793 1160 xxw,
824 1097 860 1149 2
881 1137 895 1162 ,
933 1097 990 1150 5.
1020 1125 1091 1137 -ο
1121 1115 1139 1148 ι
1170 1095 1327 1166 lmpii
1358 1095 1658 1151 terminum
1696 1097 2041 1168 transgressi

441 1196 598 1241 sunt.
640 1186 878 1259 Gregem
921 1201 1048 1242 cum
1091 1193 1317 1258 pastore
1347 1187 1681 1258 ‘diripientes
1722 1188 1989 1244 abierunt
2023 1206 2036 1242 :

437 1281 751 1351 jumentum
794 1281 1137 1350 pupillorum
1181 1279 1493 1351 abegerunt
1515 1321 1529 1345 ,
1557 1289 1613 1336 et
1643 1282 1837 1336 bovem
1863 1281 2043 1336 viduae

441 1372 991 1441 oppigneraveruut.
1021 1372 1366 1433 Averterunt
1397 1372 1732 1442 impotentes
1765 1387 1795 1425 a
1829 1373 1918 1428 via
1948 1373 2041 1444 ju-

439 1472 549 1518 sta.
578 1461 924 1518 Uuanimiter
947 1463 1441 1520 circumdederunt
1463 1476 1792 1522 mansuetos
1816 1473 2035 1522 terrae.»

512 1554 618 1610 Job
655 1571 731 1622 tv,
761 1555 816 1610 8.
847 1585 920 1596 -—
952 1575 971 1608 ι
1001 1555 1108 1623 Qui
1146 1572 1272 1612 cum
1314 1557 1561 1628 pessima
1602 1557 2036 1625 seminaverint,

440 1646 663 1704 dolores
714 1656 920 1703 metent
971 1648 1118 1716 sibi,
1167 1650 1435 1706 mandato
1485 1651 1584 1706 Dei
1639 1651 1946 1721 peribunt,
1985 1657 2041 1708 et

441 1739 650 1808 Spiritu
687 1739 783 1795 ira:
813 1739 940 1809 ejus
969 1741 1516 1797 exterminabuntur.
1550 1761 1570 1794 ι

503 1830 606 1886 Job
640 1849 730 1899 ιι,
765 1833 854 1889 ll.
879 1863 950 1874 —
982 1851 1001 1886 ι
1037 1834 1159 1903 Ipse
1211 1835 1363 1889 novit
1413 1850 1582 1905 Opera
1614 1835 1913 1907 impiorum
1935 1875 1950 1900 ,
1985 1844 2041 1891 et

438 1921 632 1980 videns
668 1924 982 1984 indecentia
1009 1965 1024 1990 ,
1056 1941 1168 1981 non
1205 1925 1603 1982 dissimulabit.
1645 1946 1666 1979 ι

504 2015 610 2072 Job
645 2033 836 2084 xxxiv,
871 2019 964 2073 22.
990 2049 1059 2059 —
1088 2038 1108 2072 ι
1134 2018 1258 2074 Non
1289 2029 1374 2077 est
1405 2008 1559 2078 locus
1592 2028 1653 2076 ut
1684 2021 2039 2080 abscondan-

438 2117 533 2163 tur
571 2107 840 2163 facientes
872 2108 1086 2180 iniqua.
1127 2129 1148 2161 ι

504 2200 607 2256 Job
640 2217 746 2266 xx,
782 2201 972 2258 18-20.
1006 2230 1070 2241 -—
1101 2221 1120 2255 ι
1155 2203 1214 2257 in
1249 2219 1389 2259 vana
1433 2213 1490 2258 et
1526 2204 1716 2260 inania
1755 2205 2032 2266 laboravit

436 2291 700 2359 divitias,
733 2293 802 2349 de
827 2294 1033 2363 quibus
1064 2309 1174 2349 non
1212 2295 1480 2367 gustabit.
1515 2296 1816 2352 Multorum
1856 2298 2036 2369 impo-

437 2393 651 2440 tentum
687 2385 886 2441 domos
917 2387 1214 2459 confregit.
1259 2387 1653 2444 llabitaculum
1695 2391 2037 2461 pupillorum

436 2479 659 2549 rapuit,
694 2494 796 2534 nec
831 2480 1190 2538 instauravit.
1219 2480 1338 2536 Non
1371 2491 1456 2537 est
1490 2483 1646 2540 salus
1680 2483 2038 2542 facultatibus

431 2571 599 2640 ejus:
639 2571 694 2626 in
728 2572 1013 2628 desiderio
1050 2589 1154 2629 suo
1190 2590 1304 2630 non
1343 2575 1676 2633 salvabitur.
1707 2575 1834 2633 Non
1868 2575 2035 2635 ﬂore-

435 2662 570 2717 bunt
608 2665 731 2733 ejus
766 2664 931 2718 bona.
970 2665 1110 2720 Gum
1145 2668 1429 2737 putaverit
1464 2681 1524 2724 se
1557 2668 1831 2739 repletum
1873 2685 2034 2736 esse.

434 2759 858 2830 exstinguetur.
887 2757 1084 2815 Omnis
1110 2769 1293 2816 autem
1319 2762 1628 2818 necessitas
1659 2778 1826 2833 super
1850 2763 2032 2835 ipsum

431 2850 638 2905 veniet.
670 2869 690 2904 ι
724 2880 797 2891 -—
834 2869 853 2902 ι
886 2849 1032 2906 Cave
1063 2867 1131 2908 ne
1160 2851 1334 2910 facias
1366 2853 1592 2924 injusta.
1625 2873 1644 2906 ι

502 2940 606 2997 Job
638 2958 794 3008 xx",
830 2942 900 3008 6,
935 2942 991 2998 ’1.
1017 2973 1088 2983 -
1117 2963 1136 2995 ι
1174 2943 1384 3016 Pignus
1422 2947 1600 3001 tulisti
1637 2945 1875 3003 fratrum
1913 2956 2036 3004 tuo-

428 3049 556 3088 rum
606 3034 729 3090 sine
780 3049 1000 3089 causa:
1049 3036 1444 3092 vestimentum
1499 3046 1688 3094 autem
1748 3039 2032 3102 nudorum

426 3126 734 3182 abstulisti.
771 3127 966 3195 Neque
999 3141 1143 3194 aqua
1175 3129 1437 3188 sitientes
1471 3133 1684 3202 potasti
1718 3150 1732 3187 :
1771 3133 1867 3189 sed
1901 3149 2033 3190 esuv

441 3219 710 3274 rientium
749 3220 1083 3276 subtraxisti
1125 3221 1365 3277 frustum
1407 3225 1586 3292 panis.
1621 3223 1831 3282 Viduas
1872 3226 2033 3281 dimi-

427 3310 554 3368 sisti
602 3325 810 3378 vanas,
864 3313 1108 3382 pupillos
1163 3323 1350 3368 autem
1391 3315 1666 3374 amixisti.
1704 3315 1881 3387 Igitur
1915 3318 2029 3373 cir-

427 3405 834 3460 cumdederunt
863 3412 917 3460 te
941 3405 1162 3476 laquei,
1197 3414 1254 3462 et
1284 3408 1425 3464 ursit
1456 3415 1510 3464 te
1537 3408 1744 3464 bellum
1773 3409 2024 3481 ingens.»

499 3495 602 3550 Job
651 3511 808 3562 xxxv,
853 3495 920 3563 9,
971 3496 1161 3551 lO.——
1194 3515 1211 3547 ι
1246 3494 1576 3568 Rapuerunt
1634 3499 1910 3569 pupillum
1961 3499 2030 3556 ab

430 3588 604 3644 ubere
635 3607 648 3642 :
681 3604 806 3644 eum
845 3598 1028 3644 autem
1064 3589 1160 3660 qui
1198 3589 1524 3656 ceciderat,
1566 3591 2026 3647 ltumiliaverunt.

427 3683 498 3736 Et
529 3683 708 3738 nudos
763 3682 1054 3751 ejccerunt
1097 3681 1311 3753 injuste
1352 3700 1366 3736 :
1419 3683 1791 3740 esurientium
1843 3692 2027 3738 autem

431 3775 670 3830 frustum
702 3775 866 3844 panis
897 3775 1278 3830 abstulerunt.
1311 3771 1468 3848 Viam
1499 3775 1742 3846 justitiae
1769 3791 1880 3831 non
1913 3790 2032 3830 am-

431 3867 805 3934 bulaverunt,
839 3881 943 3924 nec
999 3867 1056 3922 in
1097 3868 1317 3925 seruilis
1366 3867 1490 3939 ejus
1537 3867 1820 3940 progressi
1875 3878 2026 3926 sunt.

429 3958 568 4013 Cum
621 3959 884 4032 cognovit
938 3975 1107 4032 opera
1165 3976 1395 4028 eorum,
1450 3961 1680 4018 tradidit
1723 3977 1821 4020 eos
1853 3961 1907 4018 in
1945 3970 2030 4018 te-

429 4051 654 4106 nebras.
695 4069 714 4105 ι

494 4141 598 4198 Job
633 4160 792 4210 XXXI,
830 4145 884 4200 5.
913 4175 984 4186 -
1020 4165 1038 4199 ι
1076 4144 1171 4201 Vae
1203 4153 1259 4202 et
1290 4144 1529 4216 perditio
1565 4144 1799 4215 injuste.
1841 4163 1859 4197 ι

493 4233 598 4290 Job
655 4253 803 4302 xxiv,
861 4236 952 4292 20.
985 4267 1062 4282 —
1097 4256 1115 4290 ι
1150 4236 1490 4292 Cohteratur
1548 4237 1734 4293 omnis
1787 4235 2046 4308 iniquus,

424 4338 689 4399 tanquam
717 4329 930 4402 lignum
968 4330 1304 4388 insanabile.
1341 4348 1361 4382 ι

493 4422 658 4496 [.32
695 4421 798 4477 Job
833 4439 900 4478 xx
923 4464 938 4490 ,
968 4422 1023 4478 5.
1052 4453 1124 4464 --
1153 4441 1172 4476 ι
1207 4421 1422 4477 Divitiae
1455 4421 1646 4494 inique
1673 4428 2029 4492 congregatae

418 4526 770 4584 evomentur.
805 4534 826 4570 ι

489 4607 593 4663 Job
636 4625 823 4674 xxvn,
866 4607 969 4676 16,
1011 4608 1098 4666 17.
1132 4637 1204 4649 -
1243 4625 1262 4659 ι
1301 4605 1360 4661 Si
1403 4601 1828 4698 congregaverit
1869 4603 2022 4658 sicut
2063 4642 2108 4698 Β

423 4703 652 4762 humum
705 4715 1032 4775 argentum,
1093 4719 1158 4761 ac
1208 4705 1355 4760 sicut
1402 4690 1580 4758 lutum
1621 4714 1822 4756 aurum
1885 4714 2028 4771 pra:-

417 4793 714 4862 paraverit.
750 4792 877 4850 Haec
906 4795 1093 4851 omnia
1127 4795 1269 4866 justi
1309 4790 1720 4857 vindicabunt;
1763 4797 1819 4844 at
1857 4806 2024 4862 pecu-

417 4887 542 4940 nias
573 4885 695 4956 cjus
728 4901 964 4943 veraces
999 4865 1310 4942 habebunt.
1354 4883 1525 4939 Facta
1566 4890 1653 4938 est
1694 4891 1878 4937 autem
1923 4883 2026 4939 do—

2223 631 2364 678 των,
2396 610 2562 667 ἀλλὰ
2602 607 3168 682 πλεονεκτούντων,
3212 607 3313 661 καὶ
3349 610 3480 682 περὶ
3522 611 3724 682 φειδώ-

2219 688 2346 738 λων
2373 683 2956 753 φιλοπλουτούντων
2990 678 3086 734 καὶ
3113 679 3516 748 φιλαργύρων.

2224 838 2246 872 ι
2292 819 2506 873 ’Λδίκου
2554 817 2733 889 στόμα
2763 815 3038 887 ἐφράχθη.
3091 815 3160 866 Ἀ
3213 813 3412 866 ἐκεῖνοι
3457 813 3722 884 ἐθέρισαν,

2147 913 2374 969 δίκαιοι·
2398 913 2640 966 ἐδονταν
2674 911 2830 964 αὐτοὶ
2869 909 2927 963 δὲ
2979 911 3044 963 ἐκ
3085 902 3273 961 κακῶν
3301 905 3401 960 οὐκ
3447 903 3727 979 ἐξαιρεθή-

2151 1023 2357 1061 σονται,
2401 1024 2420 1057 ι

2227 1117 2247 1150 ι
2289 1095 2540 1158 Ἀσεϐεῖς
2574 1095 2723 1165 ὅριον
2769 1090 3146 1163 ὑπερέϐησαν,
3183 1091 3437 1162 ποίμνιον
3473 1092 3569 1144 σὺν
3614 1109 3726 1145 ποι-

2153 1191 2278 1262 μένι
2309 1189 2662 1262 ἁρπάσαντες
2681 1186 2948 1257 ἀπῆλθον,
2987 1183 3288 1253 ὑποζύγιον
3338 1183 3595 1254 ὀρφανῶν
3623 1185 3725 1238 ἀπο

2150 1284 2384 1353 ήγαγυν,
2421 1279 2550 1351 βοῦν
2569 1280 2744 1350 χήρας
2773 1275 3154 1348 ἐνεχυρίασαν.
3185 1275 3499 1342 Ἑξέκλιναν
3526 1276 3582 1329 δὲ
3606 1277 3726 1331 ἀδυ-

2149 1375 2344 1438 νάτους
2386 1374 2445 1440 ἐξ
2492 1372 2614 1428 ὁδοῦ
2643 1371 2885 1437 δικαίας,
2929 1369 3279 1442 ὁμοθυμαδὸν
3323 1368 3382 1422 δὲ
3415 1369 3724 1425 ἐκύκλωσαν

2150 1469 2350 1541 πραεῖς
2388 1466 2513 1536 γῆς.
2551 1485 2569 1517 ι

2226 1573 2244 1607 ι
2276 1556 2338 1608 Οί
2377 1554 2699 1626 σπείροντες
2727 1553 2798 1606 τὰ
2830 1553 3029 1614 ἄτοπα,
3064 1550 3260 1615 ὀδύνας
3302 1551 3582 1622 θεριοῦσιν
3607 1553 3726 1604 ἑαυ-

2146 1650 2282 1715 τοῖς,
2319 1647 2430 1702 ἀπὸ
2462 1647 2892 1718 προστάγματος
2923 1645 3129 1716 Κυρίου
3163 1643 3523 1711 ἀπολοῦνται,
3548 1646 3651 1699 ἀπὸ
3678 1645 3729 1701 δὲ

2149 1741 2465 1813 πνεύματος
2495 1741 2668 1815 ὀργῆς
2702 1739 2869 1794 αὑτοῦ
2903 1737 3402 1810 ἀφανισθήσονται.
3434 1756 3454 1790 ι

2225 1854 2246 1888 ι
2283 1835 2457 1898 Αὐτὸς
2507 1829 2651 1887 οἵδεν
2696 1832 2836 1906 ἔργα
2888 1833 3143 1902 ἀνόμων⁸
3179 1829 3304 1883 ἰδὼν
3356 1829 3420 1883 δὲ
3463 1828 3637 1885 ἄτοπα
3671 1830 3727 1883 ού

2076 1919 2118 1976 Β
2146 1925 2479 1998 παρόψεται.
2516 1943 2534 1976 ι

2224 2040 2242 2072 ι
2277 2019 2392 2072 Οὐκ
2415 2017 2534 2072 ἔστι
2560 2017 2730 2083 τόπος
2755 2015 2853 2070 τοῦ
2881 2014 3157 2087 κρυϐῆναι
3192 2014 3324 2079 τοὺς
3351 2012 3647 2078 ποιοῦντας
3665 2014 3727 2068 τὰ

2143 2115 2239 2170 ἆνο
2247 2132 2344 2185 μα.
3581 2104 3583 2106 ’

2219 2229 2238 2261 ι
2275 2209 2370 2271 Εἰς
2403 2205 2539 2261 κενὰ
2569 2204 2665 2258 καὶ
2694 2203 2903 2271 μάταια
2921 2200 3185 2257 ἐκοπίασε
3209 2201 3469 2266 πλοῦτον,
3503 2199 3564 2266 ἐξ
3585 2190 3644 2254 οὗ
3667 2200 3719 2254 οὐ

2143 2303 2427 2373 γεύσεται.
2456 2297 2677 2354 Πολλῶν
2715 2295 2827 2366 γὰρ
2863 2295 3150 2350 ἀδυνάτων
3177 2296 3366 2358 οἴκους
3405 2293 3615 2348 ἔθλασε.
3646 2293 3724 2346 Δί-

2139 2411 2300 2448 αιταν
2326 2392 2384 2446 δὲ
2440 2388 2696 2463 ὀρφανῶν
2731 2387 2977 2458 ἥρπασε,
3031 2386 3128 2442 καὶ
3169 2387 3274 2442 οὐκ
3319 2386 3574 2457 ἔστησεν.
3619 2387 3723 2440 Οὐκ

2140 2487 2292 2540 ἐστιν
2317 2483 2485 2538 αὐτοῦ
2526 2485 2774 2554 σωτηρία
2809 2487 2926 2547 τοῖς
2955 2482 3334 2552 ὑπάρχουσιν·
3371 2481 3432 2533 ἐν
3471 2478 3723 2550 ἐπιθυμίᾳ

2139 2579 2309 2634 αὑτοῦ
2339 2580 2401 2632 οὐ
2432 2577 2767 2648 σωθήσεται.
2804 2577 2923 2630 Οὐκ
2951 2575 3179 2647 ἀνθήσει
3203 2573 3377 2628 αὑτοῦ
3414 2571 3485 2627 τὰ
3531 2570 3721 2641 ἀγαθά.

2139 2674 2314 2728 ’Ὅταν
2345 2673 2480 2743 δοκῇ
2524 2671 2627 2742 ἤδη
2686 2668 3114 2742 πεπληρῶσθαι,
3151 2665 3552 2737 σϐεσθήσεται,
3586 2666 3724 2719 πᾶσα

2137 2766 2196 2820 δὲ
2237 2765 2454 2836 ἀνάγκη
2487 2764 2575 2819 ἐπ’
2608 2764 2776 2820 αὑτὸν
2809 2761 3191 2817 ἐπελεύσεται.
3233 2779 3252 2814 ι
3282 2791 3357 2802 ——
3411 2777 3431 2812 ε
3464 2757 3722 2814 Φυλάττου

2143 2859 2219 2930 μὴ
2251 2859 2462 2930 πρᾶξαι
2491 2858 2676 2914 ἄδικα.
2716 2876 2734 2909 ι

2215 2971 2235 3004 ι
2271 2950 2656 3024 Ἐνεχυρίαζες
2683 2951 2812 3014 τοὺς
2855 2949 3126 3019 ἀδελφούς
3175 2965 3270 3001 σου
3308 2947 3592 3017 διακενῆς.
3621 2947 3722 3016 ἀμ-

2137 3046 2326 3115 φίασιν
2355 3047 2412 3100 δὲ
2442 3046 2674 3115 γυμνῶν
2709 3046 2936 3115 ἀφέλου.
2972 3043 3110 3098 Οὐδὲ
3141 3043 3288 3114 ὕδωρ
3312 3043 3594 3111 διψῶντας
3619 3040 3725 3095 ἐπό·

2137 3155 2317 3204 τισας,
2360 3138 2501 3192 ἀλλὰ
2537 3137 2856 3194 πεινώντων
2888 3135 3196 3207 ἐστέρησας
3215 3135 3437 3205 ψωμόν.
3470 3131 3722 3204 Χήραςδὲ

2139 3231 2526 3299 ἐξαπέστειλας
2556 3231 2740 3295 κενὰς,
2783 3229 3058 3303 ὀρφανοὺς
3076 3230 3132 3282 δὲ
3155 3229 3475 3291 ἐκάκωσας.
3503 3228 3722 3294 Τοιγαρο

2135 3325 2234 3379 οῦν
2270 3325 2599 3379 ἐκύκλωσαν
2639 3341 2700 3378 σε
2748 3323 3001 3393 παγίδες,
3035 3324 3131 3377 καὶ
3181 3320 3499 3375 ἐσπούδασε
3529 3337 3587 3374 σε
3633 3318 3722 3372 πό-

2139 3420 2308 3491 λεμος
2341 3420 2604 3486 ἐξαίσιος.
2642 3437 2661 3470 ι
2979 3415 2984 3420 ’
3520 3401 3532 3415 ’

2195 3533 2236 3567 .ι
2272 3513 2580 3586 Ἥρπασαν
2617 3513 2856 3585 ὀρφανὸν
2877 3511 2986 3567 ἀπὸ
3027 3510 3263 3583 μαστοῦ,
3300 3511 3637 3564 πεπτωκότα
3669 3507 3721 3561 δὲ

2138 3607 2550 3671 ἐταπείνωσαν,
2585 3608 2680 3662 καὶ
2717 3605 2966 3675 γυμνοὺς
3000 3602 3255 3670 ἐξέϐαλον
3302 3602 3549 3666 ἀδίκως,
3607 3617 3719 3654 πεια

2137 3700 2356 3752 νώντων
2388 3698 2446 3750 δὲ
2474 3698 2566 3751 τὸν
2611 3696 2808 3768 ψωμὸν
2838 3695 3151 3765 ἀφείλαντο.
3191 3694 3340 3748 Ὀδὸν
3384 3691 3719 3762 δικαιοσύνης

2137 3793 2236 3862 οὐχ
2279 3791 2556 3854 ὥδευσαν,
2589 3790 2712 3845 οὐδὲ
2761 3790 3048 3862 ἀτραποὺς
3101 3788 3274 3858 αὐτῆς
3319 3785 3717 3859 ἐπορεύθησαν.

2137 3886 2307 3954 Γνοὺς
2358 3885 2417 3940 δὲ
2472 3884 2657 3940 αὐτῶν
2705 3883 2779 3938 τὰ
2823 3883 2986 3955 ἔργα,
3036 3881 3361 3953 παρέδωκεν
3409 3880 3605 3946 αὐτοὺς
3650 3878 3722 3942 εἰς

2141 3978 2355 4041 σκότος.
2393 3997 2411 4029 ι
2593 3981 2610 3990 "

2213 4177 2236 4212 ι
2262 4157 2400 4212 Οὐαὶ
2427 4155 2522 4211 καὶ
2547 4153 2800 4209 ἀπώλεια
2831 4151 2910 4222 τῷ
2935 4152 3125 4222 ἀδίκῳ.
3157 4171 3178 4204 ι

2216 4265 2235 4297 ι
2274 4245 2602 4316 Συντριϐείη
2641 4245 2751 4309 πᾶς
2783 4243 2969 4308 ἄδικος
3001 4242 3094 4297 ἴσα
3121 4239 3264 4313 ξύλῳ
3302 4239 3535 4310 ἀνιάτῳ.
3570 4257 3588 4289 ι

2215 4442 2233 4476 ι
2273 4423 2511 4489 Πλοῦτος
2533 4421 2734 4487 ἀδίκως
2765 4421 3139 4493 συναγόμενος
3188 4417 3613 4492 ἐξεμεθήσεται.
3636 4435 3652 4466 ι

2214 4623 2233 4656 ι
2281 4603 2410 4659 Ἐὰν
2465 4589 2750 4676 συναγάγῂ
2799 4603 2990 4674 ὥσπερ
3035 4603 3141 4673 γῆν
3179 4599 3472 4675 ἀργύριον,
3531 4598 3618 4653 ῐσα
3674 4595 3724 4648 δὲ

2137 4697 2297 4770 πηλῷ
2332 4698 2557 4769 χρυσίον
2593 4697 2858 4768 ἐτοιμάσῃ
2880 4738 2894 4764 ,
2928 4694 3104 4750 ταῦτα
3136 4695 3318 4748 πάντα
3368 4689 3722 4765 περιποιηθήο

2135 4805 2349 4853 σονται,
2377 4788 2448 4840 τὰ
2476 4786 2536 4841 δὲ
2562 4788 2825 4860 χρήματα
2871 4783 3040 4840 αὐτοῦ
3097 4784 3347 4857 ἀληθινοὶ
3381 4782 3717 4846 καθέξουσιν.

2143 4881 2350 4953 Ἀπέϐη
2399 4879 2459 4934 δὲ
2503 4881 2532 4934 ὁ
2589 4874 2744 4943 οἶκος
2798 4878 2968 4933 αὑτοῦ
3029 4879 3221 4949 ὥσπερ
3257 4876 3447 4948 σῆτες,
3503 4877 3596 4930 καὶ
3653 4872 3721 4935 ὼς

416 4993 543 5033 mus
569 4976 692 5047 ejus
714 4979 860 5035 sicut
883 4979 1056 5046 tinea,
1079 4987 1135 5035 et
1164 4979 1311 5036 sicut
1337 4991 1544 5032 aranea
1569 4974 1781 5030 divitiae
1805 4975 1980 5032 illius.
1998 4993 2017 5026 ι

2143 4975 2344 5046 ἱράχνη
2375 4975 2403 5028 ό
2437 4971 2671 5037 πλοῦτος
2701 4971 2892 5039 αὐτοῦ,
2924 4991 2942 5024 ι

497 5067 655 5125 Ριαι.
695 5085 865 5124 xxxm
891 5109 906 5133 ,
940 5070 1028 5123 17.
1062 5098 1134 5110 --
1167 5088 1187 5121 ι
1220 5067 1424 5124 Vultus
1459 5073 1645 5122 autem
1679 5061 1894 5123 Domini
1929 5082 2025 5123 su-

416 5181 515 5238 per
549 5163 818 5220 facieutes
850 5163 994 5218 mala
1017 5204 1033 5230 ,
1065 5169 1127 5217 ut
1158 5161 1378 5233 perdat,
1414 5179 1432 5212 ι
1469 5170 1580 5215 etc.

492 5253 646 5310 Psal.
684 5270 850 5309 xum
873 5292 889 5318 ,
930 5253 1018 5307 l7.
1047 5283 1116 5292 —
1143 5271 1164 5304 ι
1193 5250 1273 5308 Ne
1301 5251 1561 5307 timueris
1587 5266 1714 5306 cum
1754 5250 1908 5309 dives
1940 5251 2022 5307 fa-

415 5356 540 5404 ctus
564 5345 731 5402 fuerit
755 5346 944 5412 homo,
970 5352 1218 5400 autcum
1249 5344 1616 5416 multiplicata
1642 5345 1836 5410 fuerit,
1866 5365 1885 5398 ι
1904 5355 2016 5401 etc.

488 5439 641 5494 Psat.
674 5455 877 5494 cxxxrx
900 5483 915 5507 ,
955 5439 1046 5494 l2.
1071 5469 1144 5480 --
1173 5457 1191 5491 ι
1221 5437 1416 5494 Virum
1447 5437 1717 5509 injustam
1750 5439 1894 5493 mala
1926 5454 2020 5493 ca-

416 5532 568 5602 pient
601 5531 656 5591 in
685 5531 939 5589 interitu.
967 5551 986 5584 ι

486 5621 572 5679 ιν
613 5621 741 5693 Reg.
775 5640 828 5691 v,
864 5624 1058 5681 25-27.
1084 5653 1154 5664 --
1188 5644 1208 5678 ι
1243 5623 1396 5680 Dixit
1446 5623 1666 5680 Eliseus
1707 5621 1776 5678 ad
1816 5621 1969 5680 Giezi
1999 5641 2014 5679 :

417 5715 574 5774 Unde
605 5717 756 5774 Giezi
782 5718 804 5772 ?
833 5716 901 5772 Et
931 5719 1012 5772 ait
1041 5716 1231 5774 Giezi:
1264 5717 1388 5773 Non
1431 5717 1531 5771 ivit
1565 5730 1852 5792 quoquam
1893 5731 2016 5772 scr-

413 5825 516 5864 vus
560 5818 716 5868 tuus.
748 5813 816 5867 Et
846 5813 989 5869 dixit
1022 5812 1241 5869 Eliseus
1290 5811 1358 5868 ad
1412 5811 1566 5866 illum
1609 5827 1625 5866 :
1674 5809 1872 5867 Nonne
1919 5825 2018 5865 cor

421 5918 607 5959 meum
661 5905 760 5961 ivit
810 5907 1033 5976 tecum,
1083 5905 1333 5982 quando_
1362 5918 1626 5964 reversus
1671 5911 1760 5962 est
1789 5903 1921 5980 _vir-
1941 5905 2010 5962 de

2205 5087 2224 5120 ι
2254 5068 2563 5139 Πρόσωπον
2591 5065 2801 5137 Κυρίου
2835 5066 2930 5119 ἐπὶ
2961 5061 3258 5127 ποιοῦντας
3283 5062 3454 5126 κακὰ,
3490 5059 3585 5114 τοῦ
3613 5058 3720 5124 ἐξο-

2126 5159 2421 5232 λοθρεῦσαι
2455 5177 2477 5211 ι
2507 5158 2605 5212 καὶ
2629 5158 2699 5213 τὰ
2729 5157 2930 5211 λοιπά-

2205 5272 2223 5304 ι
2251 5252 2345 5323 Μὴ
2371 5249 2545 5321 φοϐοῦ
2569 5251 2698 5305 ὅταν
2727 5249 3012 5320 πλουτήσῃ
3043 5248 3349 5321 ἄνθρωπος,
3373 5245 3408 5319 ἦ
3442 5245 3572 5299 ὅταν
3599 5239 3714 5311 πλη·

2128 5343 2486 5416 θυνθήσεται.
2519 5363 2537 5396 ι

2203 5459 2220 5491 ι
2257 5437 2465 5510 Ἀνδρα
2489 5437 2679 5494 ἄδικον
2711 5435 2860 5490 κακὰ
2881 5433 3144 5507 θηρεύσει
3174 5435 3256 5498 είς
3284 5429 3605 5503 διαφθοράν.
3627 5447 3646 5480 ι

2201 5633 2219 5665 ι
2251 5613 2421 5670 Εἶπεν
2459 5615 2735 5670 Ἐλισσαιὲ
2765 5614 2903 5688 πρὸς
2944 5615 3140 5681 Γιεξέο
3180 5614 3350 5670 Πόθεν
3393 5612 3580 5677 Γιεζέ;
3611 5608 3711 5663 Καὶ

2123 5703 2281 5766 εἶπεν
2316 5708 2500 5772 Γιεζέο
2535 5709 2610 5762 Ού
2634 5706 2976 5778 πεπόρευται
3003 5711 3031 5762 ὸ
3060 5707 3249 5772 δοῦλός
3291 5724 3406 5760 σου.
3434 5705 3546 5759 Καὶ
3567 5699 3712 5757 εἶπεν

2140 5800 2418 5854 Ἐλισσαιὲ
2449 5800 2587 5872 πρὸς
2616 5800 2780 5854 αὐτόν
2803 5816 2817 5830 ο
2845 5801 2957 5872 Οὐχ
2987 5801 3019 5872 ἡ
3073 5799 3272 5872 καρδία
3306 5815 3409 5870 μου
3451 5795 3588 5868 μετὰ
3622 5791 3707 5846 σοῦ

2126 5891 2424 5964 ἐπορεύθη,
2453 5894 2543 5948 ὅτε
2591 5892 2931 5966 ἐπέστρεψεν
2960 5894 2987 5948 ὁ
3015 5894 3158 5966 ἀνὴρ
3195 5893 3304 5948 ἀπὸ
3344 5890 3442 5946 τοῦ
3473 5889 3708 5960 ἅρματος
