4028 6404
271 405 296 474 1
306 408 406 472 477

1535 408 1775 470 SACRA
1807 405 2275 468 PARALLELA.

3415 403 3552 471 1478

268 527 350 589 εἰς
383 519 710 591 συνάντησιν
745 537 840 574 σου
863 537 880 589 ;
909 519 1018 574 Καὶ
1038 518 1137 575 νῦν
1156 518 1346 584 ἔλαϐες
1379 519 1438 574 τὸ
1461 520 1726 594 ἀργύριον
1751 519 1845 585 καὶ

1959 532 2124 573 curru
2157 531 2262 574 suo
2301 517 2358 573 in
2395 529 2692 574 occursum
2735 524 2891 572 tuum
2923 517 2948 573 ἵ
2985 524 3043 573 et
3084 530 3239 572 nunc
3281 517 3551 588 accepisti

265 619 334 670 τά
370 612 582 686 ἱμάτια,
613 614 710 668 καὶ
738 612 838 668 νῦν
864 612 1016 685 λήψῃ
1049 611 1231 684 ἑαυτῷ
1265 613 1496 684 κήπους,
1528 615 1623 666 καὶ
1657 612 1851 667 ἐλαιῶ-

264 725 380 772 νας,
408 707 506 762 καὶ
540 705 900 779 ἀμπελῶνας,
933 705 1030 759 καὶ
1063 704 1338 777 πρόσατα,
1372 705 1471 759 xui.
1503 704 1722 769 παῖδας,
1755 707 1851 760 καὶ

263 799 577 864 παιδίσκας.
613 799 724 853 Καὶ
765 799 800 869 ἡ
839 797 1019 871 λέπρα
1059 797 1279 866 Νεεμάν
1305 797 1702 868 κολληθήσεταί
1737 815 1848 866 σοι,

265 894 359 946 καὶ
382 891 460 956 τῷ
490 891 772 962 σπέρματί
799 908 894 944 σου
927 891 1008 953 είς
1035 891 1163 953 τοὺς
1196 889 1422 952 αἰῶνας.
1460 908 1478 942 ι
1589 959 1604 970 ς

338 1004 358 1036 ι
385 984 592 1055 Δώρων
615 985 646 1036 ό
671 983 1016 1054 φειδόμενος,
1041 982 1214 1051 θυμὸν
1235 982 1439 1054 ἐγείρει
1473 982 1712 1054 ἰσχυρόν.
1735 1001 1754 1036 ι
1781 1011 1851 1022 --

264 1096 283 1130 ι
324 1077 562 1140 Πλοῦτος
592 1075 926 1147 προστίθησι
961 1075 1157 1146 φίλους
1186 1075 1440 1138 πολλούς.
1475 1093 1494 1126 ι
1521 1107 1591 1116 —-
1627 1095 1646 1127 ι
1680 1075 1850 1128 Πλού-

259 1185 364 1222 σιοι
392 1167 626 1239 πτωχῶν
651 1167 904 1238 ἄρξουσι.
934 1186 954 1219 ι
976 1198 1047 1210 —
1073 1186 1090 1218 ι
1111 1167 1279 1235 Σοφὸς
1311 1166 1442 1238 παρ’
1469 1166 1650 1238 ἑαυτῷ
1681 1167 1850 1220 πλού-

257 1278 398 1324 σιος.
431 1279 450 1312 ι
492 1291 564 1302 -
597 1280 617 1313 ι
643 1260 930 1332 ’Υπαρξις
978 1260 1498 1332 ὲπισπουδαζομένη
1545 1261 1683 1330 μετά
1723 1261 1850 1314 ἀνο-

257 1353 410 1425 μίας,
444 1353 696 1408 ἐλάσσων
733 1352 967 1422 γίνεται,
1002 1371 1021 1404 ι
1055 1384 1127 1394 —
1161 1373 1180 1406 ι
1218 1354 1333 1406 Οὐκ
1373 1354 1716 1425 ὠφελήσουσι
1751 1353 1850 1424 θη-

255 1446 454 1517 σαυροὶ
482 1444 741 1517 ἀνόμους.
771 1464 791 1496 ι
817 1474 888 1484 -
916 1463 935 1496 ι
971 1446 1069 1508 Ὃς
1097 1444 1435 1516 ἀποστρέψει
1452 1446 1516 1498 τὸ
1551 1445 1848 1517 πρόσωπον

254 1535 430 1592 αὑτοῦ
476 1537 587 1591 ἀπὸ
636 1536 897 1608 πτωχοῦ,
947 1539 1006 1591 ὲν
1039 1537 1210 1609 πολλῇ
1262 1537 1472 1609 ἀπορίᾳ
1521 1537 1697 1592 ἔσται.
1732 1557 1752 1590 ι
1779 1571 1849 1580 -

259 1649 278 1683 ι
315 1629 592 1698 Ἐξολλύει
624 1631 686 1684 τὸ
716 1628 911 1683 ἑαυτοῦ
946 1628 1110 1700 σῶμα
1134 1631 1164 1683 ό
1195 1629 1536 1701 άνελεήμων.
1564 1649 1584 1682 ι
1616 1659 1684 1670 --
1713 1648 1732 1682 ι
1764 1631 1848 1685 Τὰ

251 1722 548 1794 σπλάγχνα
573 1721 684 1776 τῶν
716 1722 934 1777 ἀσεϐῶν
963 1721 1330 1793 ἀνελεήμονα.
1364 1741 1386 1774 ι

321 2012 343 2046 ι
397 1995 459 2048 Ὀ
502 1993 740 2063 ἀγαπῶν
785 1992 1076 2066 ἀργύριον,
1128 1993 1189 2048 ού
1244 1992 1623 2067 πλησθήσεται
1669 1993 1846 2065 ἀργυ-

250 2087 398 2159 ρίου.
432 2105 453 2139 ι

321 2195 343 2228 ι
386 2174 497 2230 Τοῦ
535 2175 806 2248 ἀργυρίου
853 2176 1232 2232 ὑπακούσεται
1263 2177 1332 2233 τά
1359 2177 1684 2251 σύμπαντα.
1725 2197 1744 2230 ι
1774 2211 1843 2220 --

251 2289 270 2322 ι
301 2269 468 2322 Ἔστι
523 2269 763 2341 πονηρία
793 2270 861 2340 ἣν
901 2264 1042 2324 εῖδον
1072 2270 1180 2324 ὑπὸ
1222 2270 1317 2325 τὸν
1365 2271 1520 2343 ἥλιον
1546 2289 1561 2305 ⁸
1613 2271 1753 2344 ἀνὴρ
1799 2266 1846 2342 ᾧ

242 2359 417 2414 δώσει
451 2360 602 2432 αὐτῷ
655 2363 684 2414 ὁ
721 2360 856 2426 Θεὸς
913 2361 1182 2428 πλοῦτον,
1217 2362 1313 2417 καὶ
1358 2363 1693 2436 ὑπάρχοντα,
1748 2365 1842 2420 καὶ

242 2453 432 2518 δόξαν,
469 2454 566 2507 καὶ
618 2455 722 2507 οὑκ
763 2452 912 2508 ἔστιν
942 2453 1188 2524 ὑστερῶν
1215 2455 1283 2526 τῇ
1331 2454 1477 2527 ψυχῇ
1519 2454 1688 2509 αὑτοῦ
1732 2454 1844 2508 ἀπὸ

241 2546 472 2600 πάντων
499 2537 576 2600 ὧν
613 2545 905 2616 ὲπιθυμεϊ’
950 2545 1048 2601 καὶ
1088 2546 1174 2601 ὅτι
1224 2547 1368 2618 ἀνήρ
1393 2546 1548 2614 ξένος
1603 2547 1843 2618 φάγεται

241 2638 342 2692 αύτ
355 2636 438 2693 όν.
483 2657 504 2691 ι

313 2745 333 2780 ι
366 2728 622 2796 Χαναὰν,
656 2731 716 2784 ὲν
744 2730 936 2803 χερσὶν
973 2730 1142 2788 αὑτοῦ
1178 2731 1344 2802 ζυγὸς
1375 2732 1595 2797 ἀδικίας
1618 2749 1633 2764 ο
1669 2749 1844 2788 κατα-

241 2817 596 2875 δυναστεύειν
619 2822 931 2894 ἠγάπησεν.
969 2842 988 2876 ι

315 2931 334 2964 ι
375 2912 523 2966 Οὐαὶ
570 2915 600 2967 ό
630 2914 926 2987 πληθύνων
973 2917 1159 2989 ἑαυτῷ
1183 2917 1256 2971 τά
1294 2917 1398 2971 οὑκ
1451 2917 1587 2970 ὄντα
1621 2917 1842 2984 ἑαυτοῦ,

242 3004 338 3058 καὶ
375 3003 631 3076 βαρύνων
653 3005 746 3060 τὸν
791 3005 972 3062 κλοιὸν
1013 3007 1182 3062 αὑτοῦ
1234 3007 1536 3080 στιϐαρῶς,
1577 3010 1662 3063 ὅτι
1689 3009 1845 3074 ἑξαε-

240 3114 380 3168 φνης
400 3098 808 3167 ἀναστήσονται
837 3100 1130 3164 δάκνοντες
1148 3100 1338 3166 αὐτὸν,
1359 3101 1460 3153 καὶ
1488 3099 1843 3171 ἐκνήψουσιν.

252 3183 308 3238 Ὀ
329 3185 681 3240 πλεονεκτῶν
704 3187 1024 3254 πλεονεξίαν
1053 3187 1235 3261 κακήν
1258 3189 1336 3262 τῷ
1366 3188 1502 3260 οἴκῳ
1531 3188 1723 3256 αὐτοῦ,
1749 3191 1842 3245 καὶ

235 3275 332 3330 τοῦ
365 3275 531 3344 τάξαι
557 3277 778 3332 νοσσιὰν
809 3279 994 3335 αὑτοῦ.
1035 3298 1054 3332 ι

314 3387 333 3418 ι
371 3367 513 3422 Ούαὶ
546 3368 597 3421 οἱ
655 3369 1024 3435 συνάπτοντες
1073 3371 1258 3426 οίκίαν
1312 3371 1453 3444 πρὸς
1486 3372 1702 3439 οἰκίαν,
1745 3373 1841 3428 καὶ

236 3460 412 3532 ἀγρὸν
443 3460 580 3531 πρὸς
610 3461 782 3533 άγρδν
811 3462 1144 3533 ἐγγίζοντες,
1177 3465 1267 3518 ἴνα
1313 3463 1408 3518 τοῦ
1446 3465 1676 3536 πλησίον
1728 3465 1835 3533 ὰφ-

237 3552 473 3608 έλωνταί
496 3569 570 3609 τι.
602 3571 623 3604 ι

310 3685 332 3718 ι
382 3666 453 3720 Ἥ
479 3666 708 3740 ἁρπαγὴ
735 3666 832 3722 τοῦ
867 3667 1091 3741 πτωχοῦ
1123 3669 1182 3722 ἐν
1214 3669 1330 3733 τοῖς
1355 3667 1530 3734 οἴκοις
1559 3669 1738 3742 ὑμῶν.
1773 3669 1841 3724 Τί

238 3757 406 3829 ὑμεῖς
443 3759 690 3814 ἀδικεῖτε
719 3759 814 3815 τὸν
847 3761 978 3815 λαόν
1016 3779 1142 3833 μου,
1185 3761 1370 3816 καὶτὸ
1402 3762 1701 3835 πρόσωπον
1729 3763 1843 3818 τῶν

237 3850 482 3922 πτωχῶν
529 3854 954 3926 καταισχύνετε,
997 3854 1137 3928 φησὶ
1187 3855 1434 3927 Κύριοςς
1466 3875 1486 3908 ι
1523 3887 1596 3899 --
1641 3875 1660 3910 ι
1700 3855 1843 3927 Ἐγὼ

236 3941 534 4010 ιδωκαείς
565 3945 666 4016 τὴν
694 3947 854 4020 χεῖρά
902 3961 1034 4001 σου*
1070 3949 1137 4002 σὺ
1171 3948 1230 4002 δὲ
1258 3949 1319 4002 οὐ
1361 3948 1606 4013 δέδωκας
1651 3951 1842 4016 αὐτοῖς

236 4036 416 4101 ἔλεος.
441 4055 460 4088 ι
494 4069 566 4079 —
589 4057 608 4090 ι
639 4040 810 4094 Ὅταν
836 4040 1121 4112 ὲκτείνητε
1155 4041 1258 4105 τὰς
1279 4045 1475 4114 χεῖρας
1499 4042 1676 4113 ὑμῶν,
1707 4045 1843 4098 ἀπο-

237 4128 466 4202 στρέψω
491 4131 623 4195 τοὺς
645 4131 964 4204 ὀφθαλμούς
1001 4150 1106 4214 μου
1137 4133 1233 4204 ἀφ’
1265 4133 1444 4204 ὑμῶν.
1477 4134 1544 4187 Δί
1577 4133 1689 4205 γὰρ
1736 4135 1845 4205 χετ-

241 4239 332 4293 ρες
367 4221 526 4293 ὑμῶν
556 4222 789 4294 αἵματος
817 4224 1070 4296 πλήρεις.
1101 4243 1121 4277 ι
1148 4255 1218 4265 -
1253 4244 1273 4277 ι
1303 4225 1386 4280 Δι’
1414 4226 1560 4296 ὑμᾶς
1581 4227 1644 4278 τὸ
1666 4225 1843 4298 ὄνομά

241 4332 347 4386 μου
385 4313 798 4386 βλασφημεῖται
829 4317 888 4370 ὲν
919 4319 1034 4380 τοῖς
1068 4316 1303 4372 ἔθνεσιν.
1341 4336 1361 4370 ι
1405 4350 1476 4359 -
1516 4338 1536 4371 ι
1565 4320 1630 4372 Οἱ
1662 4319 1844 4374 ἄδικοι

236 4409 316 4472 ὡς
369 4405 622 4461 Θάλασσα
665 4407 1154 4480 ἀναϐρασσομένη,
1181 4408 1354 4474 οὕτως
1384 4409 1845 4478 κλυδωνισθήσοντ

235 4517 354 4569 ται,
392 4500 490 4554 καὶ
516 4501 938 4556 ἀναπαύσασθαι
967 4502 1026 4555 ού
1053 4501 1128 4576 μὴ
1149 4502 1432 4559 δύνανται.
1466 4523 1485 4556 ι
1516 4533 1588 4544 -—
1625 4524 1645 4558 ι
1708 4505 1842 4558 Ἀπ-

1953 617 2242 681 argentum
2295 619 2351 666 et
2405 611 2783 667 vestimenta:
2830 620 2886 667 et
2933 611 3101 668 modo
3153 611 3400 681 accipies
3453 610 3553 666 tibi

1954 703 2170 770 hortos,
2201 709 2257 758 et
2285 703 2508 767 oliveta,
2541 710 2598 758 et
2630 703 2842 771 vineas,
2878 714 2931 760 et
2956 721 3113 771 oves,
3145 713 3201 760 et
3231 719 3427 762 servos
3447 745 3466 774 ,
3494 712 3554 758 et

1952 793 2210 849 ancillas.
2248 794 2316 850 Et
2357 796 2509 867 lepra
2542 795 2794 851 Naaman
2833 797 3137 854 adhmrebit
3177 797 3310 866 tibi,
3350 805 3408 854 et
3454 813 3550 856 se-

1951 887 2087 942 mini
2125 896 2222 944 tuo
2253 888 2306 942 in
2340 897 2636 945 aeternum.
2671 908 2691 942 ι

1951 1005 1960 1012 ·
2024 976 2184 1032 Prov.
2220 994 2350 1044 xxI,
2382 979 2473 1034 24.
2506 1010 2578 1020 —
2612 998 2634 1032 ι
2669 978 2775 1046 Qui
2827 995 3032 1051 parcus
3091 991 3176 1038 est
3234 982 3288 1037 in
3346 982 3548 1047 donis,

1951 1067 2088 1122 iram
2123 1071 2350 1124 multam
2382 1070 2607 1127 excitat.
2644 1091 2663 1124 ι
2693 1103 2766 1114 -—
2790 1074 2916 1143 xtxj,
2952 1073 3007 1127 4.
3037 1091 3055 1124 ι
3087 1071 3300 1128 Divitiae
3333 1073 3548 1129 addunt

1950 1159 2163 1214 amicos
2215 1161 2438 1217 multos.
2474 1181 2493 1214 ι
2526 1179 2733 1218 —xxu
2755 1203 2770 1229 ,
2803 1163 2858 1217 7.
2903 1183 2922 1215 ι
2955 1163 3162 1219 Divites
3212 1166 3552 1234 pauperibus-

1951 1250 2322 1320 imperabuut.
2355 1270 2376 1304 ι
2410 1283 2478 1292 -
2500 1270 2672 1309 xxvm
2701 1296 2717 1322 ,
2757 1255 2842 1308 Η.
2876 1275 2896 1307 ι
2933 1253 3170 1325 Sapiens
3195 1257 3300 1312 sibi
3331 1257 3549 1312 videtur

1949 1341 2035 1396 vir
2064 1342 2241 1400 dives.
2273 1364 2294 1398 ι
2317 1361 2509 1400 -—xtu
2533 1385 2548 1410 ,
2580 1347 2670 1406 11.
2705 1365 2724 1398 ι
2757 1346 3088 1403 Substantia
3121 1347 3380 1404 festinata
3418 1365 3548 1404 cum

1949 1435 2244 1506 iniquitate
2292 1439 2582 1494 minuitur.
2623 1458 2642 1492 ι
2687 1469 2760 1481 -
2797 1457 2867 1510 x,
2914 1441 2969 1496 2.
3023 1461 3043 1494 ι
3079 1441 3199 1498 Non
3242 1444 3551 1514 proderunt

1950 1527 2198 1585 thesauri
2248 1529 2480 1601 iniquis.
2515 1549 2533 1582 ι
2578 1561 2652 1572 —-
2689 1547 2862 1589 xxvlu
2886 1574 2900 1600 ,
2939 1536 3032 1589 97.
3094 1554 3114 1586 ι
3146 1536 3250 1601 Qui
3283 1539 3550 1593 averterit

1950 1621 2149 1677 faciem
2180 1637 2336 1678 suam
2370 1639 2400 1677 a
2433 1639 2713 1695 paupere,
2745 1625 2800 1680 in
2832 1627 3070 1696 penuria
3103 1643 3304 1700 magna
3352 1631 3484 1684 erit.
3520 1648 3542 1684 ι

1948 1747 2018 1759 -
2043 1734 2096 1772 xl
2121 1758 2136 1783 ,
2165 1719 2252 1774 i7.
2287 1737 2305 1771 ι
2343 1719 2586 1774 Exitium
2634 1719 2795 1776 aﬂert
2835 1725 3061 1792 corpori
3105 1737 3206 1778 suo
3233 1723 3328 1793 qui
3363 1724 3547 1778 immi-

1951 1811 2192 1866 sericors
2221 1820 2326 1866 est.
2357 1828 2376 1862 ι
2404 1839 2475 1851 —-
2502 1826 2620 1878 xu,
2655 1811 2742 1866 10.
2775 1829 2794 1862 ι
2824 1811 3053 1868 Viscera
3083 1813 3384 1884 impiorum
3415 1829 3545 1869 (ιι-ιι⁴

1879 1877 1924 1933 Β
1952 1903 2120 1959 delia.
2156 1921 2176 1956 ι

2017 1993 2192 2049 Eccle.
2225 2009 2279 2058 v,
2314 1994 2367 2051 9.
2391 2025 2462 2034 —
2489 2013 2510 2048 ι
2539 1995 2757 2052 Avarus
2785 2010 2897 2052 non
2925 1996 3194 2068 impletur
3223 1997 3482 2068 pecunia.
3517 2015 3538 2048 ι

1947 2199 2016 2210 -—
2040 2185 2073 2223 κ
2097 2207 2112 2234 ,
2141 2169 2230 2226 19.
2263 2189 2282 2222 ι
2311 2170 2567 2227 Pecunia;
2595 2172 2861 2228 obedieut
2898 2175 3110 2229 omnia.
3147 2193 3165 2226 ι
3201 2205 3269 2216 —-
3293 2190 3342 2230 VI
3363 2215 3379 2240 ,
3408 2175 3464 2240 i,
3485 2173 3541 2228 Ξ.

1953 2281 1973 2314 ι
2012 2261 2107 2316 Est
2138 2262 2344 2318 malum
2377 2264 2529 2334 quod
2563 2265 2675 2319 vidi
2711 2264 2818 2319 sub
2847 2266 2964 2323 sole
2997 2283 3012 2321 :
3052 2266 3140 2321 vir
3188 2267 3278 2321 cui
3331 2265 3546 2322 dederit

1949 2353 2094 2410 Deus
2121 2353 2350 2411 divitias
2370 2398 2386 2422 ,
2420 2365 2475 2412 et
2503 2357 2872 2413 substantiam
2894 2399 2907 2424 ,
2937 2368 2992 2413 et
3019 2359 3251 2431 gloriam
3275 2401 3288 2424 ,
3323 2371 3378 2415 et
3405 2359 3545 2414 nihil

1946 2445 2107 2504 deest
2143 2448 2344 2502 anima:
2395 2448 2520 2519 ejus
2558 2465 2626 2505 ex
2665 2450 2926 2506 omnibus
2964 2467 3091 2523 quae
3129 2451 3454 2509 desiderat:
3491 2460 3547 2508 et

1945 2540 2034 2596 vir
2065 2540 2286 2597 alienus
2313 2540 2554 2598 comedit
2586 2557 2738 2599 eum.
2770 2561 2792 2597 ι

2018 2721 2150 2778 Osee
2180 2737 2292 2788 xu,
2325 2723 2377 2778 7.
2405 2753 2478 2765 —
2509 2743 2529 2776 ι
2569 2723 2834 2781 Chanaan
2855 2765 2870 2792 ,
2905 2725 2960 2780 in
2987 2740 3153 2781 manu
3182 2725 3305 2798 ejus
3333 2732 3542 2784 statera

1945 2815 2260 2886 iniquitatis
2289 2835 2303 2872 :
2338 2817 2658 2889 opprimere
2689 2819 2905 2875 dilexit.
2942 2837 2962 2872 ι

2019 2908 2227 2964 Hahae.
2259 2905 2300 2964 ιι
2319 2951 2334 2978 ,
2361 2910 2394 2966 6
2415 2949 2432 2976 ,
2462 2911 2516 2965 7.
2535 2942 2608 2955 -
2630 2930 2651 2964 ι
2680 2911 2774 2968 Vae
2799 2912 2898 2983 qui
2924 2911 3262 2983 multiplicat
3284 2928 3408 2984 quae
3430 2928 3542 2969 non

1947 3015 2047 3056 sua
2080 3010 2234 3067 sunt,
2260 3010 2316 3058 et
2340 3012 2608 3074 aggravat
2635 3012 2886 3075 torquem
2917 3019 3080 3059 suum
3107 3004 3381 3075 graviter:
3410 3005 3544 3076 quia

1945 3093 2137 3149 subito
2185 3103 2530 3167 consurgent
2568 3096 2891 3153 mordentes
2921 3112 3048 3153 eum
3071 3138 3087 3164 ,
3123 3106 3180 3152 et
3210 3098 3543 3169 vigilabunt.

1945 3184 2050 3251 Qui
2085 3185 2416 3257 multiplicat
2464 3189 2756 3244 avaritiam
2809 3190 3012 3244 malam
3058 3190 3246 3245 domui
3298 3205 3451 3258 suae,
3484 3198 3546 3245 ut

1946 3286 2116 3349 ponat
2146 3278 2342 3334 nidum
2373 3295 2570 3344 suum,
2593 3298 2611 3331 ι
2643 3289 2754 3334 etc.

2015 3369 2134 3426 Isa.
2183 3386 2239 3439 v,
2293 3370 2486 3430 8.-ι
2533 3372 2626 3427 Vae
2675 3371 2768 3442 qui
2801 3371 3158 3442 'coujungitis
3201 3372 3422 3427 domum
3471 3372 3543 3426 ad

1949 3462 2174 3518 domum
2199 3503 2216 3530 ,
2254 3472 2309 3520 et
2344 3479 2538 3535 agrum
2590 3464 2659 3519 ad
2697 3479 2888 3537 agrum
2919 3463 3298 3535 copulatis,ut
3331 3463 3544 3534 aliquid

1943 3539 2200 3628 proximo
2232 3557 2526 3615 auferatis.
2559 3575 2579 3610 ι

2016 3667 2133 3726 Isa.
2164 3685 2251 3733 ιιι,
2285 3671 2375 3736 M,
2407 3671 2496 3726 15.
2519 3702 2593 3712 —
2623 3689 2642 3723 ι
2667 3669 2880 3742 Rapina
2930 3670 3192 3742 pauperis
3220 3678 3306 3727 est
3347 3670 3404 3725 in
3434 3669 3539 3725 do-

1955 3763 2142 3820 mibus
2171 3764 2386 3820 vestris.
2418 3763 2560 3832 Quid
2587 3779 2687 3820 vos
2716 3764 2919 3835 injuria
2945 3762 3160 3819 aﬂieitis
3183 3764 3466 3835 populum,
3487 3771 3544 3821 et

1945 3855 2144 3913 faciem
2173 3873 2477 3929 pauperum
2510 3858 2896 3914 confunditis?
2928 3857 3064 3914 dicit
3089 3857 3378 3914 Dominus.
3428 3876 3450 3910 ι
3471 3886 3547 3898 —-

1944 3963 2130 4014 xnvu,
2164 3949 2219 4004 6.
2258 3967 2276 4001 ι
2308 3949 2425 4020 Ego
2452 3950 2580 4006 dedi
2610 3966 2706 4006 eos
2736 3951 2796 4006 in
2823 3965 3050 4005 manum
3081 3958 3234 4005 tuam
3271 3968 3284 4005 :
3317 3958 3376 4005 tu
3409 3966 3542 4006 vero

1945 4054 2062 4101 non
2115 4041 2319 4096 dedisti
2368 4041 2454 4101 eis
2501 4041 2972 4097 misericordiam.
3009 4060 3030 4094 ι
3054 4057 3202 4106 —-l,
3237 4041 3323 4096 15.
3354 4059 3375 4092 ι
3401 4039 3543 4095 Cum

1944 4132 2314 4188 extenderitis
2343 4147 2544 4189 manus
2567 4141 2804 4196 vestras,
2837 4143 3086 4188 avertam
3112 4133 3308 4188 oculos
3332 4146 3483 4187 meos
3510 4147 3543 4187 a

1944 4223 2126 4280 vobis.
2166 4222 2305 4278 Nam
2341 4239 2540 4281 manus
2572 4232 2772 4280 vestrae
2806 4225 3078 4295 sanguine
3111 4223 3288 4294 plena:
3319 4230 3473 4279 sunt.
3518 4240 3540 4274 ι

1943 4345 2015 4358 --
2042 4331 2116 4372 ιιι
2139 4355 2153 4382 ,
2186 4317 2244 4372 5.
2281 4335 2300 4368 ι
2335 4315 2573 4389 Propter
2605 4332 2704 4372 vos
2735 4332 2936 4372 nomen
2972 4332 3155 4373 meum
3191 4315 3544 4387 blasphemas

1946 4415 2041 4463 tur
2074 4410 2130 4464 in
2167 4409 2447 4481 gentibus.
2482 4427 2503 4461 ι
2529 4439 2600 4450 —
2623 4424 2766 4474 Lvu,
2805 4408 2900 4464 20.
2932 4427 2952 4460 ι
2990 4408 3150 4479 Impii
3191 4408 3352 4479 quasi
3392 4422 3545 4464 mare

1948 4502 2203 4568 fervens,
2237 4503 2319 4558 sic
2349 4502 2742 4571 ﬂuctuabunt,
2773 4509 2829 4558 et
2859 4502 3215 4572 requiescere
3247 4515 3355 4556 non
3387 4505 3546 4570 pote-

237 4595 372 4664 έχου
415 4594 526 4648 ἀπὸ
562 4593 777 4663 ἀδίκου,
813 4596 910 4649 καὶ
956 4595 1018 4649 ού
1053 4595 1130 4668 μὴ
1173 4596 1488 4670 φοόηθήσῃ,
1525 4598 1624 4654 καὶ
1643 4599 1843 4672 τρόμος

1959 4604 2100 4651 runt.
2125 4613 2144 4648 ι
2169 4593 2338 4668 483
2359 4627 2432 4637 -
2453 4610 2565 4663 LIV,
2593 4595 2684 4651 14.
2721 4614 2740 4648 ι
2764 4593 2982 4651 Recede
3012 4594 3081 4650 ab
3109 4593 3320 4665 iniquo,
3347 4599 3402 4648 et
3430 4607 3544 4646 non

238 4689 345 4742 οὑκ
386 4689 570 4758 ὲγγιεῖ
596 4705 703 4744 σοι.
741 4708 761 4742 ι

320 4820 341 4854 ι
384 4799 558 4855 Τοῦτο
578 4801 640 4855 τὸ
673 4801 938 4875 ἀνόμημα
970 4803 1340 4876 Σοδόμων,ὅτι
1377 4806 1437 4860 ἓν
1469 4806 1849 4879 ὑπερηφανίᾳ,

242 4897 343 4949 καὶ
378 4894 668 4968 πλησμονῇ
687 4895 892 4968 ἀρτων,
913 4898 1010 4951 καὶ
1030 4897 1089 4951 ὲν
1117 4897 1349 4970 εύθηνίᾳ
1365 4899 1512 4953 οῐνου
1540 4899 1848 4968 ἐσπατάλα,

242 4985 388 5056 αὕτη
416 4987 510 5040 καὶ
533 4986 832 5058 θυγατέρες
854 4987 1046 5059 αὐτῆς,
1077 4987 1173 5043 καὶ
1195 4991 1354 5062 χεῖρα
1379 4989 1599 5061 πτωχοῦ
1621 4991 1718 5045 καὶ
1745 4990 1846 5044 πέ-

243 5093 410 5146 νητος
466 5076 570 5130 οὐκ
621 5077 987 5131 ἀντελάϐοντο
1009 5119 1026 5146 ,
1082 5079 1180 5133 καὶ
1235 5077 1654 5152 ὲμεγαλαύχουν
1676 5119 1697 5149 ,
1749 5079 1848 5136 καὶ

245 5168 515 5240 ἐποίησαν
536 5168 799 5242 ἀνόμημα
823 5169 1055 5226 ἐνώπιόν
1092 5188 1217 5244 μου.
1248 5189 1269 5225 ι

329 5387 351 5423 ι
387 5368 529 5433 Δαδς
562 5367 915 5435 ὲκπιέζοντες
943 5369 1187 5436 ἀδικίαν,
1231 5369 1328 5426 καὶ
1369 5367 1710 5442 ἁρπάζοντες
1741 5369 1843 5442 εἱιρ⁸

249 5478 472 5534 παγμα,
504 5461 726 5534 πτωχὸν
752 5462 850 5517 καὶ
879 5461 1088 5534 πένητα
1112 5461 1684 5524 καταδυναστεύοντες
1703 5501 1716 5526 ,
1750 5459 1848 5516 καὶ

247 5556 391 5628 πρὸς
415 5557 508 5611 τδν
537 5555 879 5628 προσήλυτον
907 5557 1010 5610 οὑκ
1039 5547 1510 5629 ἀναστρεφόμενοι
1548 5553 1689 5626 μετά
1719 5553 1845 5625 κρί-

249 5662 446 5718 ματος.
487 5665 508 5700 ι

327 5779 350 5813 ι
395 5761 460 5815 Ἦ
489 5762 678 5835 μήτηρ
693 5779 786 5816 σου
805 5761 1046 5833 σκύμνος
1069 5760 1324 5829 λεόντων,
1353 5760 1590 5832 ἐγενήθη
1613 5761 1675 5815 ὲν
1691 5759 1846 5832 μέσῳ

247 5852 515 5914 λεόντων
554 5855 828 5930 ἐπλήθυνε
861 5854 1138 5928 σκύμνους
1169 5854 1362 5928 αὐτῆς,
1383 5855 1478 5912 καὶ
1500 5854 1847 5928 ἀνεπήδησεν

1949 4687 2168 4744 timebis
2190 4729 2206 4754 ,
2238 4695 2294 4743 et
2325 4695 2536 4744 tremor
2565 4703 2676 4744 non
2715 4686 3184 4759 appropinquabit
3216 4685 3337 4741 tibi.
3373 4703 3394 4736 ι

1963 4863 1966 4870 ι
2019 4798 2214 4854 Ezech.
2253 4815 2368 4868 xvn,
2395 4799 2490 4867 49,
2529 4799 2618 4855 50.
2647 4828 2722 4840 —
2764 4818 2784 4852 ι
2824 4797 2952 4855 Haec
2984 4797 3093 4854 fuit
3133 4795 3404 4869 iniquitas
3446 4795 3544 4848 So-

1947 4889 2126 4951 domae
2155 4893 2368 4948 sororis
2397 4899 2505 4948 tuae
2536 4909 2549 4945 :
2585 4890 2718 4963 quia
2754 4891 2810 4946 in
2840 4891 3122 4963 superbia,
3165 4897 3219 4945 et
3245 4891 3544 4945 saturitate

1947 4998 2175 5054 panum,
2202 4991 2258 5039 et
2294 4983 2351 5039 in
2381 4983 2744 5052 abundantia,
2774 4981 2988 5039 deliciis
3035 4981 3294 5037 aﬂluebat
3338 4981 3452 5050 ipsa
3485 4987 3542 5035 et

1950 5077 2077 5132 ﬁliae
2103 5077 2249 5147 ejus,
2285 5085 2343 5133 et
2372 5092 2594 5133 manum
2640 5077 2904 5148 pauperis
2932 5084 2988 5132 et
3025 5073 3182 5146 egeni
3219 5087 3332 5129 non
3359 5073 3542 5128 susei-

1947 5169 2192 5240 piebant,
2223 5176 2278 5224 et
2303 5169 2687 5240 gloriabantur
2707 5166 3032 5240 magniﬁce;
3059 5172 3115 5223 et
3142 5164 3398 5221 fecerunt
3429 5163 3542 5218 ini-

1945 5261 2187 5332 quitates
2215 5275 2402 5316 coram
2433 5275 2539 5316 me.
2585 5279 2605 5312 ι

2017 5371 2214 5430 Ezech.
2246 5388 2385 5441 χιιι,
2418 5373 2510 5428 9.7.
2555 5402 2625 5414 —-
2669 5389 2689 5424 ι
2729 5370 2973 5442 Populus
3017 5368 3394 5441 exprimentes
3430 5365 3543 5421 ini-

1947 5465 2239 5535 quitatem,
2274 5472 2331 5522 et
2361 5466 2641 5538 rapientes
2671 5463 2902 5536 rapinas
2931 5477 2946 5517 :
2983 5476 3286 5534 pauperem
3319 5466 3374 5516 et
3411 5474 3542 5530 ege-

1946 5569 2080 5634 unm
2111 5553 2437 5627 aﬂligentes,
2470 5563 2525 5610 et
2563 5568 2688 5609 cum
2741 5554 2955 5610 advena
2997 5566 3108 5606 non
3146 5556 3371 5621 agentes
3410 5563 3540 5606 cum

1942 5645 2174 5717 judicio.
2208 5666 2226 5699 ι

2019 5759 2215 5816 Ezech.
2269 5778 2385 5830 XIX,
2433 5762 2490 5820 2.
2518 5793 2589 5805 —
2625 5782 2646 5817 ι
2677 5762 2851 5818 Mater
2881 5769 2975 5817 tua
3015 5759 3238 5816 catulus
3291 5758 3534 5820 leonum,

1949 5853 2094 5912 facta
2132 5863 2216 5913 est
2255 5855 2312 5913 in
2346 5858 2530 5915 medio
2584 5859 2806 5916 leonum
2836 5875 2849 5912 :
2887 5852 3274 5926 multiplicavit
3324 5848 3548 5924 catulus-
