4028 6388
483 374 623 441 14⁷19

1683 368 1747 431 S.
1784 365 2110 430 JOANNIS
2147 360 2580 428 DAMASCENI

3652 361 3780 430 1480

482 502 633 545 suos.
663 488 730 542 Et
759 485 1005 542 exsilivit
1041 498 1186 540 unus
1216 483 1285 540 de
1317 481 1524 540 catulis
1552 496 1676 552 ejus
1709 503 1723 537 :
1760 490 1846 539 leo
1901 481 2075 537 factus

2197 478 2387 562 εἰςχιὺν
2413 479 2660 546 σκύμνον
2680 476 2873 549 αὐτῆς,
2901 477 3036 532 λέων
3064 476 3288 548 ἐγένετο
3311 492 3321 505 ·
3360 475 3566 547 ἔμαθεν
3596 476 3659 528 τὸ
3687 479 3781 547 ἀρ-

481 586 591 646 est,
629 585 685 633 et
722 576 1146 645 didicitrapere
1171 573 1418 644 rapinas.
1457 590 1478 624 ι

555 671 751 728 Ezech.
787 685 925 733 xxu,
951 668 1044 724 24.
1079 698 1152 709 -
1185 687 1204 720 ι
1246 666 1372 722 Haec
1401 666 1536 722 dicit
1567 664 1870 721 Dommus':
1909 662 1991 717 Tu
2021 677 2083 719 es

480 774 631 821 terra
662 777 785 832 qua:
816 777 928 816 non
951 760 1180 830 irrigata
1205 774 1287 825 es,
1313 772 1415 814 nec
1441 756 1628 829 pluvia
1657 757 1806 812 venit
1832 769 2000 825 super
2028 761 2083 810 te

481 857 540 911 in
579 853 671 909 die
698 852 925 908 furoris.
958 851 1228 907 Ductores
1258 851 1315 904 in
1351 849 1536 905 medio
1558 848 1682 917 ejus
1714 848 1866 903 velut
1895 845 2083 901 leones

481 948 790 1021 rugientes,
826 945 1155 1016 diripientcs
1187 943 1428 1015 praedas,
1481 942 1702 998 animas
1748 939 2082 995 devorantes

483 1042 539 1097 in
573 1039 843 1112 potentia.
892 1056 913 1092 ι

556 1133 730 1188 Ecch'.
786 1148 902 1200 xiv,
939 1131 996 1188 9.
1042 1161 1116 1173 —
1157 1149 1176 1184 ι
1215 1129 1382 1186 Avari
1423 1129 1619 1184 oculus
1661 1141 1771 1191 non
1823 1125 2083 1196 impletur

479 1235 664 1298 parte.
699 1244 718 1278 ι
758 1254 827 1265 -
853 1238 1023 1290 xxxv,
1063 1222 1154 1277 16.
1212 1241 1231 1275 ι
1271 1221 1532 1277 Conteret
1563 1218 1830 1274 Dominus
1863 1216 2083 1272 lumbos

481 1316 1034 1376 immisericordium.
1078 1332 1099 1368 ι
1144 1345 1215 1356 -
1249 1331 1305 1378 v,
1363 1315 1446 1377 1.,
1478 1331 1497 1365 ι
1546 1311 1668 1366 Noli
1715 1309 1961 1383 gaudere
2007 1307 2082 1364 ob

484 1411 752 1483 pecunias
782 1410 1028 1480 iniquas.
1074 1405 1194 1462 Non
1234 1406 1380 1461 enim
1418 1404 1725 1474 proderunt
1765 1401 1965 1484 tibijn
1993 1400 2083 1456 die

485 1501 848 1558 inductionis.
887 1519 907 1553 ι
939 1530 1010 1542 -
1036 1514 1152 1564 va,
1185 1498 1272 1554 15.
1314 1517 1332 1550 ι
1368 1496 1491 1552 Non
1526 1495 1757 1566 ell'ugiet
1801 1496 1856 1549 in
1890 1494 2082 1564 rapina

483 1601 767 1666 peccator.
803 1611 822 1644 ι
849 1621 917 1634 —-
953 1606 1070 1654 χιιι,
1111 1590 1167 1646 9.
1206 1609 1225 1642 ι
1267 1589 1373 1655 Qui
1399 1587 1889 1643 acditicatdomnm
1922 1600 2080 1642 suam

482 1687 542 1742 in
581 1684 833 1758 pecuniis
861 1683 1060 1739 alienis
1090 1682 1249 1753 quasi
1279 1681 1376 1752 qui
1435 1679 1650 1750 colligit
1702 1677 1913 1748 lapides
1947 1692 2082 1734 suos

482 1780 542 1836 in
573 1787 840 1835 torrente.
877 1796 896 1831 ι
927 1805 999 1817 -
1025 1790 1199 1840 xxvn,
1236 1774 1324 1831 l0.
1353 1791 1373 1826 ι
1403 1771 1516 1828 Leo
1542 1772 1822 1827 venationi
1855 1770 2083 1828 insidia-

2179 571 2382 636 πάξειν
2417 572 2718 643 ἅρπαγμα.
2750 589 2768 622 ι

2255 684 2274 717 ι
2310 663 2452 719 Τάδε
2483 665 2631 734 λέγει
2666 665 2874 735 Κύριος
2898 680 2910 692 ·
2946 664 3018 718 Σὺ
3051 657 3104 716 εἴ
3135 665 3170 734 ή
3211 662 3282 734 γῆ
3307 662 3341 732 ή
3364 661 3424 714 οὐ
3457 660 3781 733 βρεχομένη,

2180 761 2304 815 οὐδὲ
2336 760 2489 824 ὑετὸς
2513 760 2732 829 ἐγένετο
2781 758 2874 812 ἐπὶ
2906 758 2968 812 σὲ
2999 760 3058 812 ἐν
3092 758 3278 830 ήμέρᾳ
3311 756 3510 828 ὀργῆς.
3551 757 3617 810 Oi.
3645 757 3783 827 ἀφη-

2180 851 2444 922 γούμενοι
2475 854 2532 905 ἐν
2566 851 2718 922 μέσῳ
2743 850 2919 920 αὐτῆς
2937 850 3014 914 ὼς
3041 849 3260 913 λέοντες
3294 849 3605 920 ὠρυόμενοι
3631 889 3646 915 ,
3692 850 3786 920 ἁρ-

2182 934 2452 1011 πάζοντες
2478 947 2841 1016 ἁρπάγματα,
2879 943 3061 1016 ψυχάς
3102 943 3491 1008 κατεσθίοντες
3528 944 3588 996 ἐν
3630 942 3784 1008 δυνα-

2186 1039 2362 1109 στείᾳ.
2407 1058 2424 1089 ι
3109 1101 3112 1103 Δ

2260 1151 2279 1182 ι
2322 1130 2659 1184 Πλεονέκτου
2682 1128 2965 1200 ὀφθαλμὸς
3000 1128 3100 1183 οὐκ
3133 1127 3484 1200 ἐμπίπλαται
3520 1127 3724 1198 μερίδι.
3761 1148 3777 1180 ι

2182 1255 2254 1265 -
2288 1243 2306 1276 ι
2346 1223 2636 1295 Συντρξψει
2659 1223 2864 1295 Κύριος
2889 1223 3063 1292 ὀσφὺν
3082 1222 3487 1293 άνελεημόνων.
3515 1240 3534 1273 ι
3563 1252 3631 1260 -
3661 1241 3680 1273 ι
3698 1224 3784 1294 Μὴ

2184 1315 2440 1388 ἐπίχαιρε
2471 1318 2565 1369 ἐπὶ
2595 1317 2874 1386 χρήμασιν
2930 1315 3162 1379 ἀδίκοις.
3206 1316 3376 1369 Οὐδὲν
3427 1314 3539 1386 γάρ
3577 1315 3786 1388 ὠφελή-

2185 1427 2371 1464 σουσιν
2394 1411 2452 1464 ἐν
2487 1409 2677 1480 ἡμέρᾳ
2707 1409 3030 1481 ἐπαγωγῆς.
3073 1428 3092 1462 ι
3113 1428 3208 1460 -ι
3230 1408 3343 1464 οὐκ
3375 1407 3705 1478 ἐκφεύξεται
3734 1410 3786 1462 ἐν

2182 1502 2514 1574 ἀρπάγματι
2568 1501 2916 1572 ἁμαρτωλός.
2961 1520 2983 1554 ι
3026 1531 3097 1542 —
3131 1517 3152 1552 ι
3219 1501 3280 1554 Ὀ
3332 1500 3643 1571 οἰκοδομῶν
3695 1499 3788 1571 τὴν

2183 1593 2366 1647 οίκίαν
2399 1589 2565 1646 αὐτοῦ
2602 1592 2660 1645 ἐν
2699 1593 2984 1663 χρήμασιν
3009 1591 3321 1664 ἀλλοτρίου,
3365 1591 3443 1656 ὡς
3482 1593 3510 1645 ὁ
3541 1592 3788 1661 συνάγων

2183 1684 2312 1747 τοὺς
2342 1682 2526 1746 λίθους
2548 1683 2714 1737 αὑτοῦ
2757 1684 2841 1748 είς
2881 1684 2976 1738 τὸν
3023 1685 3389 1758 χειμάρρουν.
3431 1704 3450 1737 ι
3477 1715 3548 1725 --
3578 1705 3598 1739 ι
3641 1687 3791 1743 Λέων

2187 1775 2361 1848 θήραν
2395 1775 2690 1846 ἐνεδρεύει,
2715 1776 2891 1839 οὔτως
2917 1777 3169 1847 ἁμαρτία
3212 1777 3342 1840 τοὺς
3383 1777 3787 1850 ἐργαζομένους

483 1879 596 1937 tur,
644 1870 726 1925 sic
783 1860 1080 1940 peccatum'
1130 1864 1494 1936 operantibus
1561 1862 1912 1933 iniquitates.
1949 1882 1969 1916 ›
2016 1893 2075 1905 -

2197 1869 2374 1922 ἄδικα..
2412 1887 2430 1919 ι
2457 1897 2524 1909 --
2563 1887 2580 1918 ι
2610 1865 2899 1932 Θυσιάζων
2923 1867 2982 1934 ἐξ
3009 1867 3236 1932 ἀδίκων,
3270 1866 3436 1923 θυσία
3473 1870 3788 1940 μεμιασμέ-

481 1977 675 2030 xxxiv,
701 1961 794 2017 20.
825 1979 844 2013 ι
879 1959 1179 2015 lmmolans
1209 1974 1277 2014 ex
1327 1956 1644 2027 iniquitate,
1678 1953 1860 2010 hostia
1891 1967 2075 2008 macu-

2197 1978 2275 2029 νη.
2313 1978 2332 2011 ›
2364 1989 2432 1999 —
2469 1979 2487 2012 ι
2535 1960 2816 2030 Χρήματα
2846 1958 3072 2023 ἀδίκων,
3126 1959 3205 2024 ὡς
3244 1960 3484 2032 ποταμοὶ
3511 1960 3786 2034 ξηρανθή-

483 2055 618 2110 lata.
657 2071 677 2106 ›
711 2082 782 2094 -
808 2067 900 2120 χι,
937 2051 1028 2107 15.
1074 2069 1094 2104 ι
1133 2048 1388 2106 Pecuniae
1420 2047 1756 2119 injustorum
1794 2045 1938 2101 sicut
1967 2054 2075 2099 tor-

2197 2069 2363 2118 serat,
2395 2054 2491 2108 καὶ
2519 2054 2596 2117 ὡς
2637 2052 2838 2124 βροντὴ
2871 2054 3082 2124 μεγάλη
3113 2053 3174 2107 ἐν
3208 2053 3352 2124 ὑετῷ
3377 2053 3668 2126 ἐξηχήσει.
3697 2075 3768 2108 »-

481 2154 670 2202 rentes
706 2145 1167 2210 siccabuntur,et
1195 2143 1344 2199 sicut
1382 2143 1687 2198 tonitruum
1729 2154 1989 2210 magnum
2021 2138 2075 2192 in

2197 2164 2212 2198 ι
2235 2144 2392 2200 Θύων
2413 2145 2531 2198 υίὺν
2557 2144 2738 2200 ἔναντι
2767 2145 2980 2218 πατρὸς
2997 2144 3189 2213 αὐτοῦ,
3219 2149 3247 2201 ὁ
3269 2147 3570 2218 προσάγων
3597 2146 3783 2200 θυσίαν

481 2238 668 2310 pluvia
700 2239 1096 2309 personabunt.
1142 2256 1162 2291 ι
1201 2265 1274 2276 --
1301 2251 1491 2300 xxxiv,
1533 2233 1626 2288 Ἠ.
1663 2252 1682 2285 ‹
1719 2232 1826 2300 Qui
1869 2240 2075 2288 mactat

2197 2239 2248 2292 ὲκ
2284 2239 2588 2310 χρημάτων
2625 2239 2904 2310 πενήτων.
2942 2255 2963 2290 ι
2990 2270 3060 2280 -
3085 2258 3104 2290 ι
3138 2239 3252 2293 Οὐκ
3291 2239 3452 2293 ἔσται
3501 2240 3690 2308 ἀγαθά
3715 2240 3785 2312 τῷ

483 2326 655 2386 ﬁlium
682 2332 736 2386 in
761 2340 1063 2402 conspectu
1097 2330 1270 2401 patris
1292 2328 1400 2394 sui,
1425 2327 1519 2398 qui
1552 2325 1712 2383 oﬁ'ert
1739 2324 2075 2382 sacriﬁcium

2197 2330 2572 2400 ινδελεχίζοντι
2607 2331 2687 2396 εἰς
2719 2329 2890 2400 κακὰ,
2926 2331 3128 2403 καιτῷ
3162 2331 3546 2404 ἐλεημοσύνην
3580 2331 3663 2405 μὴ
3693 2349 3786 2402 χα-

482 2441 553 2482 ex
592 2427 843 2498 pecuniis
899 2439 1228 2495 pauperum.
1262 2440 1284 2476 ι
1322 2453 1393 2464 -
1431 2436 1532 2485 xu,
1568 2420 1624 2475 '5.
1665 2437 1684 2471 ι
1724 2417 1844 2473 Non
1881 2418 1990 2473 erit
2024 2416 2075 2472 ei

2197 2422 2479 2494 κζομένῳ.
2521 2441 2540 2474 ι
2580 2455 2651 2465 -
2679 2443 2698 2476 ι
2741 2425 2943 2495 Ἀρτος
2969 2424 3345 2495 ἐπιδεομένων
3382 2425 3496 2497 ζωὴ
3529 2423 3785 2494 πτωχῶν·

482 2521 645 2590 bene,
673 2519 766 2591 qui
787 2518 1051 2575 assiduus
1083 2524 1170 2572 est
1203 2515 1257 2571 in
1288 2515 1471 2580 malis,
1503 2527 1607 2569 nec
1629 2513 1680 2568 ei
1710 2512 1804 2583 qui
1840 2511 2075 2567 eleemo-

2197 2514 2553 2587 idmoareptiw
2578 2516 2772 2588 αὐτὴν,
2810 2515 3100 2588 ἄνθρωπος
3133 2517 3413 2588 αἱμάτων.
3465 2533 3484 2570 ι
3517 2547 3590 2559 --
3631 2517 3790 2587 ’Δγαο

481 2627 680 2685 synam
710 2628 818 2668 non
843 2612 1098 2682 largitur.
1137 2629 1159 2663 ι
1192 2639 1262 2650 -
1290 2623 1479 2673 xxxrv,
1519 2605 1610 2661 25.
1649 2625 1669 2658 ι
1707 2603 1874 2660 Panis
1906 2619 2075 2676 egen-

2197 2607 2269 2671 lo;
2296 2607 2528 2672 πλοῦτος
2551 2603 2596 2679 ᾧ
2632 2609 2709 2681 μὴ
2738 2609 2887 2663 ἐστιν
2919 2609 3188 2684 ἁμαρτία.
3226 2630 3245 2664 ι

482 2708 624 2762 tium
664 2706 776 2760 vita
808 2717 1116 2776 pauperum
1151 2710 1240 2758 est
1270 2718 1285 2755 :
1313 2701 1407 2771 qui
1429 2696 1725 2756 defraudat
1747 2711 1892 2761 eam,
1925 2694 2093 2752 homo
2121 2701 2452 2770 sanguinum
2482 2708 2588 2758 est.
2623 2719 2643 2752 ι
2670 2730 2742 2742 -
2770 2717 2912 2772 xm,
2953 2702 3046 2760 '50.
3110 2722 3129 2756 ι
3171 2702 3338 2759 Bonae
3395 2703 3609 2761 divitiae
3667 2713 3792 2761 sunt

481 2801 540 2856 in
567 2797 776 2868 quibus
805 2812 916 2851 non
948 2805 1036 2851 est
1072 2803 1386 2866 peccatum.
1420 2810 1440 2844 ι

554 2887 730 2943 Eccli.
764 2903 917 2953 xxxx,
951 2885 1064 2940 1-6.
1089 2914 1161 2926 -—
1189 2903 1208 2935 ι
1244 2882 1441 2954 Vigilia
1468 2880 1790 2936 divitiarum
1818 2877 2075 2936 tabefecit

2255 2899 2275 2932 ι
2309 2879 2618 2951 Ἀγρυπνία
2651 2881 2885 2936 πλούτου
2919 2882 3146 2954 ἐκτήκει
3183 2883 3415 2955 σάρκας,
3444 2884 3540 2938 καὶ
3566 2887 3603 2957 ἡ
3635 2885 3784 2957 μέρι-

482 2994 707 3044 carnes,
745 2985 801 3033 et
851 2977 1131 3048 cogitatus
1183 2974 1334 3028 illius
1393 2970 1578 3026 aufert
1627 2984 1910 3026 somnum.
1971 2966 2075 3035 Qui

2197 2991 2296 3044 μνα
2317 2973 2481 3026 αὐτοῦ
2505 2975 2713 3046 άφιστᾷ
2744 2974 2939 3031 ὕπνον.
2985 2975 3043 3028 '0
3065 2975 3297 3044 ἀγαπῶν
3326 2977 3572 3048 χρυσίον,
3613 2978 3680 3030 ού
3711 2979 3787 3032 διο

483 3079 634 3126 amat
661 3085 880 3136 aurum,
915 3084 1026 3124 non
1064 3064 1482 3138 iustiﬁcabitur.
1518 3062 1678 3117 Multi
1702 3061 1816 3117 dati
1859 3069 1989 3116 sunt
2021 3061 2075 3115 in

2197 3070 2580 3140 ιαιωθήσεται.
2613 3069 2806 3125 Πολλοὶ
2841 3070 3108 3140 ἐδόθησαν
3158 3072 3240 3133 εἰς
3293 3071 3500 3143 πτῶμα
3531 3073 3786 3145 χρυσίου,

483 3178 678 3220 casum
716 3162 861 3226 auri,
897 3169 950 3216 et
983 3161 1125 3214 facta
1163 3168 1249 3214 est
1289 3156 1526 3228 perditio
1567 3170 1760 3212 eorum
1792 3155 1849 3210 in
1880 3153 2075 3210 faciem

2197 3161 2281 3214 καὶ
2320 3161 2556 3232 ἐγενήθη
2606 3164 2640 3232 ή
2672 3161 2924 3216 ἀπώλεια
2957 3161 3141 3216 αὐτῶν
3167 3164 3325 3233 ,κατὰ
3364 3165 3671 3236 πρόσωπον
3697 3166 3789 3218 αὺ-

485 3259 756 3328 ipsorum.
789 3255 1021 3326 Lignum
1063 3251 1392 3308 olfensionis
1431 3258 1519 3306 est
1566 3264 1766 3304 aurum
1815 3248 1927 3304 illis
1985 3248 2075 3318 qui

2197 3252 2317 3307 τῶν.
2349 3251 2520 3306 Ξύλον
2545 3254 2980 3326 προσκόμματός
3013 3257 3131 3308 ἐστι
3162 3258 3276 3319 τοῖς
3306 3255 3668 3323 θυσιάζουσιν
3693 3259 3789 3312 αύ-

483 3351 802 3406 sacriiicant
833 3349 883 3406 ei
917 3365 933 3404 :
971 3354 1026 3404 ct
1055 3346 1241 3403 omnis
1280 3343 1605 3417 imprudens
1637 3338 2075 3412 deprehendetur

2197 3344 2282 3416 τῷ,
2321 3345 2418 3399 καὶ
2449 3348 2558 3411 πᾶς
2589 3346 2780 3419 ἄφρων
2809 3346 3084 3404 ἁλώσεται
3111 3349 3171 3402 ἐν
3200 3347 3370 3418 αὐτῷ.
3403 3369 3423 3401 ›

481 3461 538 3501 In
577 3461 664 3500 eo.
705 3465 725 3496 ι

553 3535 724 3590 Eccli.
770 3551 892 3602 xm,
916 3534 1109 3592 23-26.
1137 3564 1212 3577 -—
1265 3553 1284 3586 ι
1321 3531 1564 3588 Venator
1595 3529 1841 3595 leonum,
1889 3526 2075 3598 onagri

2255 3548 2274 3582 ι
2309 3530 2568 3602 κυνηγὸς
2586 3531 2842 3599 λεόντων,
2876 3532 3104 3606 ὅναγροι
3134 3537 3191 3589 ἐν
3220 3535 3439 3608 ἐρήμῳ,
3473 3537 3657 3601 οὕτως
3704 3554 3790 3592 νο⁴

479 3626 539 3681 in
571 3626 812 3691 deserto,
850 3628 932 3680 sic
982 3631 1038 3681 et
1082 3635 1290 3694 pascua
1317 3620 1548 3676 divitum
1605 3624 1736 3674 sunt
1787 3627 2075 3685 pauperes.

2197 3621 2288 3692 μαὶ
2327 3623 2602 3678 πλουσίων
2634 3627 2683 3678 οἱ
2717 3625 2948 3695 πτωχοί.
2991 3627 3258 3682 Πλουσίου
3307 3628 3616 3699 σφαλέντος
3657 3631 3789 3684 πολ-

481 3717 684 3774 Divitis
734 3717 985 3772 cadentis
1044 3716 1204 3770 multi
1240 3720 1369 3769 sunt
1415 3717 1879 3781 recuperatores:
1912 3706 2075 3761 locuti

2197 3715 2270 3768 tot
2298 3714 2697 3788 άντιλήπτορες
2718 3731 2732 3746 ⁸
2773 3716 3044 3791 ἐλάλησαν
3065 3719 3381 3792 ἀπόρρητα,
3406 3723 3502 3775 καὶ
3529 3721 3787 3775 ἐδικαίω-

481 3817 611 3863 sunt
641 3821 866 3872 arcana,
892 3815 947 3862 et
967 3806 1417 3875 justiﬁeaverunt
1451 3802 1630 3855 illum.
1661 3797 1826 3854 Dives
1859 3797 2075 3852 locutus

2197 3822 2288 3859 raw
2315 3805 2499 3860 αὐτόν.
2528 3806 2792 3884 Πλούσιος
2817 3801 3052 3881 ἐλάλησε
3073 3852 3088 3878 ,
3133 3811 3229 3865 καὶ
3254 3813 3456 3876 πάντες
3489 3813 3785 3884 ἐσίγησαν,

481 3909 587 3968 est,
614 3909 670 3956 et
706 3915 900 3956 omnes
929 3907 1245 3964 tacuerunt,
1268 3906 1322 3953 et
1350 3894 1580 3952 verbum
1615 3891 1766 3948 illius
1796 3904 1977 3961 usque
2011 3886 2075 3943 ad

2197 3898 2278 3952 ιαὶ
2299 3898 2392 3952 τὸν
2421 3898 2579 3968 λόγον
2602 3900 2770 3954 αὑτοῦ
2804 3902 3104 3972 άνύψωσαν
3127 3904 3231 3967 ἕως
3271 3904 3382 3960 τῶν
3412 3905 3682 3974 νεφελῶν.
3727 3925 3746 3956 ι

481 3996 655 4051 nubes
685 3993 1026 4050 extulerunt.
1064 4009 1088 4044 ι

2258 4009 2277 4043 ι
2316 3991 2475 4045 Κατὰ
2507 3993 2607 4065 τὴν
2649 3993 2804 4064 ἰσχὺν
2825 3995 2922 4048 τοῦ
2954 3995 3272 4068 ἀνθρώπου,
3298 3996 3471 4061 οὓτως
3500 3999 3598 4053 καὶ
3633 4001 3662 4051 ὁ
3693 3999 3780 4052 θυ-

553 4088 725 4143 Eccli.
755 4103 950 4154 xxvm,
989 4086 1076 4141 11.
1107 4115 1177 4126 --
1238 4103 1257 4136 ι
1299 4080 1616 4139 Secundum
1675 4077 1936 4134 virtutem
1978 4073 2075 4130 ho-

2197 4082 2284 4148 ιὸς
2311 4083 2503 4150 αὑτοῦ,
2557 4086 2653 4140 καὶ
2687 4085 2832 4141 κατὰ
2868 4086 2962 4140 τὸν
2995 4085 3225 4142 πλοῦτον
3272 4087 3550 4157 ἀνυψώσει
3612 4088 3784 4160 ὀργὴν

479 4184 648 4240 minis
687 4181 972 4237 iracundia
1026 4179 1178 4236 illius
1208 4178 1336 4244 erit,
1381 4185 1438 4232 et
1469 4172 1777 4231 secundum
1814 4171 2078 4227 substan-
2176 4175 2369 4232 αὐτοῦ.
2408 4193 2428 4228 ι

482 4275 613 4331 tiam
639 4290 794 4330 suam
825 4273 1091 4328 exaltabit
1119 4273 1262 4327 iram
1299 4284 1478 4324 suam.
1519 4286 1538 4319 ι

553 4368 723 4423 Eccli.
757 4383 911 4433 xxxi,
934 4367 1088 4422 8—10.
1116 4395 1190 4405 --
1221 4384 1239 4416 ι
1270 4362 1474 4419 Beatus
1499 4360 1653 4415 dives
1685 4357 1778 4428 qui
1815 4356 2075 4412 inventus

2254 4379 2272 4412 ι
2307 4359 2600 4430 Μακάριος
2634 4360 2916 4428 πλούσιος,
2940 4361 3002 4425 ὃς
3049 4361 3256 4434 εὑρέθη
3298 4361 3557 4433 ἄμωμος,
3593 4363 3694 4416 καὶ
3727 4361 3784 4426 ὃς

479 4471 566 4520 est
600 4463 724 4518 sine
751 4461 989 4525 macula,
1023 4469 1077 4515 et
1098 4458 1192 4530 qui
1222 4466 1348 4528 post
1387 4469 1587 4510 aurum
1616 4467 1727 4508 non
1753 4449 1908 4505 abiit.
1938 4447 2075 4516 Quis

2197 4447 2356 4504 iniam
2384 4452 2612 4522 χρυσίου
2650 4453 2752 4506 οὐκ
2791 4452 3092 4525 ἐπορεύθη.
3150 4451 3247 4516 Τίς
3274 4451 3430 4516 ἐστι;
3467 4450 3563 4504 καὶ
3594 4469 3783 4522 μακα-

478 4563 567 4614 cst
593 4555 719 4611 hic?
747 4555 813 4609 Et
847 4552 1199 4608 laudabimus
1229 4565 1377 4604 eum.
1408 4545 1564 4602 Fecit
1609 4545 1760 4600 enim
1793 4540 2074 4597 mirabilia

2197 4541 2407 4614 »ιοῦμεν
2438 4543 2624 4599 αὐτόν.
2668 4544 2926 4617 Ἐποίησε
2967 4545 3077 4614 γάρ
3110 4543 3398 4614 θαυμάσια
3437 4545 3496 4597 ἐν
3536 4543 3659 4614 λαῷ
3688 4544 3780 4596 αύ-

481 4648 538 4702 ἱη
577 4645 780 4718 populo
810 4658 934 4701 suo.
982 4641 1119 4709 Quis
1159 4639 1428 4711 probatus
1452 4645 1538 4693 est
1578 4633 1637 4689 in
1688 4633 1804 4698 illo,
1860 4638 1915 4687 et
1945 4644 2073 4700 per-

2197 4633 2294 4687 τοῦ.
2343 4634 2442 4700 Τίς
2479 4635 2818 4707 ἐδοκιμάσθη
2851 4637 2910 4690 ἐν
2945 4635 3129 4706 αύτῷ,
3171 4636 3268 4689 καὶ¹
3321 4633 3653 4706 ἐτελειὼθης
3689 4635 3784 4688 καὶ

479 4742 657 4797 fectus
699 4739 823 4796 est?
873 4745 930 4794 et
976 4735 1048 4792 sit
1079 4735 1136 4790 in
1170 4733 1554 4806 gloriationem
1600 4735 1889 4784 aeternam.
1931 4723 2070 4791 Quis

2197 4725 2317 4780 ἱστω
2345 4728 2427 4792 εἰς
2457 4727 2748 4799 καύχησιν.
2787 4729 2884 4792 Τίς
2910 4727 3146 4798 ἠδύνατο
3175 4728 3516 4801 παραϐῆναι,
3574 4728 3674 4781 καὶ
3720 4727 3780 4780 ού

477 4835 656 4899 potuit
689 4829 1026 4903 transgredi,
1055 4838 1111 4884 et
1161 4843 1272 4882 non
1307 4833 1391 4882 est
1423 4833 1832 4893 transgressus,
1886 4817 2071 4872 facere

2197 4817 2416 4890 ταρέϐη,
2446 4820 2674 4890 ποιῆσαι
2707 4816 3000 4888 κακὰ,’καὶ
3029 4820 3132 4873 οὐκ
3155 4820 3415 4891 ἐποίησε;
3454 4818 3781 4890 Στερεωθή-

477 4928 641 4992 mala,
691 4934 747 4982 et
781 4941 893 4981 non
952 4922 1114 4979 fecit?
1163 4919 1536 4975 Stabilientnr
1593 4916 1739 4971 bona
1795 4912 1968 4980 illius,
2017 4917 2072 4967 et

2197 4927 2327 4965 remt
2349 4912 2420 4967 τὰ
2449 4913 2632 4983 ἀγαθὰ
2655 4914 2846 4982 αὐτοῦ,
2887 4915 2982 4969 καὶ
3013 4912 3389 4985 ἐλεημοσύνας
3419 4911 3587 4966 αὑτοῦ
3626 4911 3778 4966 ἐκδι-

475 5019 853 5090 eleemosynas
881 5017 1028 5072 illius
1059 5012 1342 5070 enarrabit
1381 5008 1652 5065 Ecclesia.
1681 5027 1702 5059 ι

2197 5007 2440 5077 ιγήσεται
2471 5010 2502 5079 ή
2550 5008 2872 5080 Ἐκκλησία.
2911 5027 2929 5060 ι

497 5138 505 5146 .
550 5111 718 5184 484
747 5110 920 5166 Ecca.
945 5126 1025 5175 χι,
1069 5107 1158 5163 17.
1195 5136 1265 5148 -
1289 5122 1308 5156 ι
1342 5102 1441 5159 Est
1470 5102 1564 5173 qui
1596 5101 1965 5173 locupletalur
1997 5117 2067 5158 ex

477 5205 781 5260 attentione
809 5210 864 5258 et
905 5196 1324 5271 compressione
1371 5209 1470 5251 sua
1513 5211 1527 5248 :
1570 5200 1627 5250 et
1682 5195 1958 5267 relinquet
2002 5206 2067 5250 ea

475 5299 620 5358 aliis,
653 5305 706 5351 et
738 5295 1026 5349 morietur.
1059 5309 1078 5343 ι

547 5388 714 5443 Eccli.
748 5403 861 5449 xxv.
895 5385 1052 5442 4-H.
1076 5401 1187 5435 -ι
1223 5381 1327 5450 Qui
1361 5387 1583 5437 acervat
1629 5395 1692 5436 ex
1738 5379 1926 5435 animo
1965 5394 2066 5435 suo

474 5481 700 5550 injuSte,
733 5480 859 5536 aliis
887 5484 1206 5551 congregat,
1239 5487 1292 5532 et
1338 5475 1394 5529 in
1437 5473 1600 5530 bonis
1648 5472 1769 5543 ejus
1813 5472 2068 5526 luxuria-

474 5571 680 5627 buntur
709 5571 824 5626 alii.
868 5570 974 5638 Qui
1025 5569 1131 5626 sibi
1174 5581 1411 5638 nequam
1453 5575 1558 5630 est,
1591 5565 1682 5619 cui
1720 5565 1900 5620 bonus
1931 5564 2063 5619 erit.

472 5665 598 5730 Fili,
628 5672 894 5738 quantum
927 5664 1121 5728 babes,
1157 5659 1392 5717 benefac
1423 5657 1545 5715 tibi.
1573 5676 1594 5710 ›

541 5755 738 5813 Matth.
792 5774 905 5823 xu,
962 5754 1252 5813 25-26.—
1289 5773 1308 5805 ι
1343 5752 1492 5806 Dixit
1545 5749 1712 5808 Jesus
1764 5749 2058 5821 discipulis

471 5850 586 5906 suis
613 5867 632 5908 :
663 5852 836 5910 Amen
865 5852 992 5908 dico
1013 5849 1191 5918 vobis,
1224 5847 1356 5920 quia
1380 5844 1601 5902 ditlicilc
1629 5843 1786 5900 dives
1825 5843 2058 5900 intrabit

2247 5118 2267 5151 ι
2315 5099 2472 5154 ’Ἔστι
2499 5099 2750 5155 πλουτῶν
2786 5103 2895 5155 ἀπὸ
2930 5099 3210 5172 προσοχῆς
3234 5099 3328 5155 καὶ
3373 5098 3644 5168 σφιγγῖας
3677 5096 3780 5152 αὒ-

2169 5190 2288 5257 τοῦ,
2336 5193 2434 5265 καὶ
2472 5193 2798 5264 καταλείψει
2851 5193 2994 5247 αὐτὰ
3049 5193 3294 5264 ἑτέροις,
3347 5191 3443 5245 καὶ
3477 5190 3777 5246 ἀποθανεῖ-

2167 5301 2280 5340 ται.
2321 5305 2340 5338 1

2245 5397 2267 5430 ‹
2325 5377 2384 5432 '0
2416 5379 2666 5449 συνάγων
2698 5379 2807 5434 ἀπὸ
2829 5379 2932 5450 τῆς
2955 5377 3138 5451 ψυχῆς
3173 5376 3340 5432 αὐτοῦ
3364 5420 3378 5444 ,
3411 5376 3640 5445 συνάγει
3671 5375 3774 5430 ἄλ-

2165 5469 2302 5536 λοις,
2334 5471 2430 5524 καὶ
2455 5472 2514 5523 ἐν
2544 5473 2658 5535 τοῖς
2678 5469 2845 5524 αὑτοῦ
2870 5472 3242 5542 τρυφήσουσιν
3267 5469 3356 5522 ἒτε
3367 5485 3470 5539 ροι.
3517 5470 3572 5521 '0
3595 5483 3771 5535 πονη-

2168 5561 2264 5631 ρὺς
2286 5559 2488 5633 ἑαυτῷ,
2518 5561 2624 5616 τίνι
2649 5560 2889 5631 ἀγαθόςς
2929 5561 3141 5624 τέκνον,
3183 5557 3442 5613 καθόσον
3469 5557 3638 5628 ἔχεις,
3672 5556 3770 5607 εύ-

2166 5653 2311 5707 ποίει
2341 5652 2573 5724 σεαυτῷ.
2605 5673 2623 5706 ι
3527 5661 3530 5666 ’

2242 5765 2261 5797 ι
2294 5741 2462 5800 Εἶπεν
2515 5746 2544 5798 ὁ
2605 5745 2814 5817 Ἰησοῦς
2871 5745 2985 5808 τοῖς
3013 5742 3292 5814 μαθηταῖς
3340 5738 3542 5794 αὐτοῦ·
3584 5735 3770 5808 Ἀμὴν

2165 5840 2309 5910 λέγω
2339 5839 2487 5910 ὑμῖν,
2515 5840 2598 5895 ὅτι
2627 5840 2902 5906 δυσκόλως
2957 5838 3217 5902 πλούσιος
3263 5835 3639 5892 εἰσελεύσεται
3686 5830 3774 5892 εἷς
