4028 6402
307 408 440 477 1481

1569 413 1808 475 SACer
1849 414 2315 477 PARALLELA.

3460 423 3596 491 1482

304 533 404 602 τὴν
433 529 712 598 βασιλείαν
763 534 874 583 τῶν
934 529 1202 602 οὐρανῶν,
1259 526 1426 580 Πάλιν
1447 527 1502 580 δὲ
1540 527 1684 594 λέγω
1727 527 1856 595 ὑμῖν

2001 539 2057 580 ιιι
2092 540 2323 596 mgnum.
2373 525 2666 586 caelorum.
2719 528 2784 586 Et
2836 529 3040 588 iterum
3083 531 3213 592 dico
3242 535 3402 594 vobis
3437 555 3452 592 :
3487 540 3596 594 Fa-

303 621 699 692 Εὺκοπώτερόν
725 623 843 676 ἐστι
865 623 1116 694 κάμηλον
1161 622 1250 675 διά
1282 621 1639 691 τρυπήματος
1671 619 1892 688 ῥαφίδος

299 714 549 779 διελθεῖν,
586 715 621 785 ἢ
647 714 903 768 πλούσιον
925 717 1009 779 εἰς
1042 715 1144 785 τὴν
1172 713 1450 784 βασιλείαν
1478 711 1572 766 τοῦ
1599 708 1738 764 Θεοῦ
1776 713 1893 764 εἰσ-

300 806 498 866 ελθεῖν.
539 808 901 872 Ἀκούσαντες
947 809 1006 862 δὲ
1041 809 1091 861 οί
1137 807 1378 877 μαθηταὶ
1402 804 1594 866 αὐτοῦ,
1626 803 1894 874 ἐξεπλήσ-

300 916 458 953 σοντο
489 901 722 972 σφόδρα,
751 901 1036 968 λέγοντες·
1071 901 1167 963 Τίς
1207 899 1316 971 ἄρα
1347 900 1571 954 δύναται
1613 896 1888 966 σωθῆναι;

297 993 582 1064 ἐμϐλέψας
604 994 662 1047 δὲ
689 996 720 1048 ὁ
759 993 992 1064 Ἰησοῦς,
1034 988 1193 1046 εἶπεν
1215 994 1404 1056 αὐτοῖς
1431 1009 1444 1025 ·
1481 990 1642 1063 Παρὰ
1682 986 1892 1058 ἀνθρώ-

295 1102 423 1149 ποις
452 1087 612 1140 τοῦτο
634 1085 900 1140 ἀδύνατόν
938 1087 1086 1151 ἐστι,
1136 1084 1288 1155 παρὰ
1313 1084 1370 1138 δὲ
1406 1081 1528 1154 Θεῷ
1575 1082 1756 1136 πάντα
1798 1081 1891 1135 δυ-

296 1179 454 1232 νατά.
497 1197 516 1229 ι

374 1287 394 1320 ι
451 1268 771 1340 Ἀνθρώπου
807 1268 957 1333 τινὸς
979 1268 1238 1325 πλουσίου
1261 1269 1566 1341 εὐφόρησεν
1597 1270 1630 1324 ἡ
1663 1270 1837 1338 χώρα.
1864 1285 1882 1316 ο

293 1365 392 1418 καὶ
423 1363 490 1417 τὰ
514 1363 700 1422 λοιπά.

370 1475 392 1510 ι
427 1457 568 1510 οὐαὶ
594 1457 724 1528 ὑμῖν
751 1459 865 1520 τοῖς
889 1458 1190 1522 πλουσίοις,
1222 1458 1304 1512 ὅτι
1335 1459 1567 1526 ἀπέχετε
1593 1455 1692 1527 τὴν
1713 1457 1890 1527 παρά-

291 1547 494 1619 κλησιν
518 1547 692 1618 ὑμῶν.
723 1549 862 1604 Οὐαὶ
889 1550 1018 1620 ὑμῖν
1041 1551 1091 1602 οἱ
1124 1549 1606 1620 ἐμπεπλησμένοι,
1657 1550 1738 1602 ὅτι
1767 1565 1888 1604 πει-

289 1640 510 1695 νάσετε.
553 1639 690 1692 Οὐαὶ
720 1641 848 1710 ὑμῖν
888 1642 938 1694 οι
986 1639 1276 1708 γελῶντες,
1322 1641 1407 1693 ὅτι
1453 1638 1755 1710 πενθήσετε
1790 1638 1887 1692 καὶ

289 1731 580 1784 κλαύσετε.

366 1843 391 1877 ε
429 1825 731 1896 ’Λπόστητε
763 1828 858 1880 ἀπ’
888 1825 1046 1897 ἐμοῦ,
1079 1828 1281 1892 πάντες
1301 1828 1350 1880 oi
1384 1827 1617 1900 ἐργάται
1640 1829 1739 1898 τῆς
1767 1827 1884 1882 ἁδι-

1996 618 2162 673 cilius
2179 627 2265 673 est
2287 620 2559 675 camelum
2586 636 2682 691 per
2708 621 2956 681 foramen
2994 641 3130 684 acus
3161 629 3398 697 intrare,
3424 647 3593 702 quam

1995 707 2222 764 divitem
2255 709 2465 765 intrare
2501 711 2555 765 in
2591 728 2820 782 regnum
2847 717 3138 773 calorum.
3168 719 3473 779 Audientes
3496 740 3595 779 au-

1995 805 2107 853 tem
2134 797 2397 869 discipuli
2419 797 2545 869 ejus
2576 801 2922 860 mirabantur
2946 807 3124 873 valde,
3143 797 3430 868 dicentes:
3455 813 3594 878 Quis

1996 890 2203 960 poterit
2231 891 2422 948 salvus
2451 893 2614 948 fieri?
2660 893 2950 965 Aspiciens
2996 907 3184 957 autem
3211 901 3398 970 Jesns,
3451 905 3592 962 dixit

1995 981 2112 1041 illis
2146 1000 2162 1040 :
2202 984 2360 1054 Apud
2411 985 2670 1044 homines
2714 988 2818 1044 hoc
2868 990 3216 1062 impossibile
3251 1009 3340 1054 est
3379 1016 3394 1053 :
3441 1000 3590 1070 apud

1997 1071 2170 1132 Deum
2203 1086 2392 1132 autem
2427 1078 2613 1132 omnia
2657 1081 2951 1151 possibilia
2983 1093 3134 1140 sunt.
3173 1103 3193 1140 ι

2065 1260 2198 1317 Luc.
2261 1279 2359 1328 χιι,
2411 1265 2498 1320 l6.
2552 1297 2620 1308 —
2660 1287 2678 1319 ι
2730 1269 2985 1328 Hominis
3047 1273 3342 1346 cujusdam
3397 1276 3588 1334 divitis

1995 1355 2194 1412 uberes
2225 1355 2444 1414 fructus
2473 1373 2604 1431 ager
2639 1363 2850 1430 attulit,
2885 1382 2904 1416 ι
2942 1373 3053 1420 etc.

2060 1445 2193 1502 Luc.
2239 1465 2316 1514 vt,
2378 1450 2470 1506 25.
2506 1480 2576 1492 —
2609 1472 2628 1505 ς
2668 1451 2763 1510 Vae
2797 1457 2955 1513 vobis
2989 1457 3282 1526 divitibus,
3325 1464 3588 1533 quoniam

1991 1537 2212 1597 habetis
2247 1542 2681 1601 consolationem
2730 1556 2997 1603 vestram.
3045 1549 3140 1606 Va:
3171 1554 3332 1610 vobis
3363 1556 3458 1624 qui
3498 1572 3588 1612 sa-

1990 1629 2160 1684 turati
2213 1633 2369 1700 estis,
2411 1633 2542 1703 quia
2593 1638 2876 1693 esurietis.
2926 1638 3022 1696 Vae
3072 1644 3228 1700 vobis
3256 1646 3354 1716 qui
3391 1647 3586 1706 ridetis

1991 1733 2158 1786 nunc,
2189 1722 2324 1793 quia
2355 1723 2615 1795 lugebitis
2647 1735 2702 1784 et
2733 1727 2955 1787 ﬂebitis.
2991 1750 3011 1796 ι

2059 1812 2192 1870 Luc.
2223 1832 2344 1882 xm,
2373 1816 2548 1872 9.1-—
2570 1837 2592 1872 ι
2617 1819 2888 1878 Discedite
2919 1841 2948 1877 a
2971 1839 3086 1891 me,
3118 1841 3314 1892 omnes
3341 1829 3583 1901 operarii

290 1918 444 1981 κίας.
482 1918 628 1971 Ἐκεῖ
657 1918 810 1972 ἔσται
851 1921 881 1973 ὀ
926 1921 1207 1996 κλαυθμὸς
1251 1922 1349 1975 καὶ
1389 1899 1425 1975 ὀ
1459 1921 1708 1993 βρυγμὸς
1737 1922 1877 1975 ὀδόν-

2008 1903 2315 1976 uiquitatis.
2348 1905 2426 1963 lbi
2453 1909 2560 1965 erit
2588 1909 2750 1970 fletus
2777 1922 2832 1969 et
2867 1915 3076 1972 stridor
3106 1899 3431 1978 dentium.)

285 2024 420 2062 των.
453 2025 473 2060 ι

369 2121 394 2152 σ
419 2100 528 2155 -Διὰ
554 2101 612 2154 τί
641 2102 767 2172 οὐχὶ
805 2102 1012 2172 μᾶλλον
1031 2102 1310 2160 ἀδικεῖσθε
1335 2120 1349 2169 ;
1381 2100 1480 2155 Διὰ
1513 2100 1568 2154 τί
1599 2100 1724 2172 οὐχὶ
1749 2102 1887 2172 μᾶλ-

282 2195 382 2248 λον
415 2196 842 2268 ἀποστερεῖσθε;
885 2197 1003 2251 ἀλλ’
1041 2199 1202 2268 ὑμεῖς
1235 2195 1477 2250 ἀδικεῖτε
1511 2193 1612 2247 καὶ
1650 2194 1888 2248 ἀποστε-

284 2289 459 2356 ρεῖτε,
489 2288 586 2341 καὶ
616 2286 796 2347 ταῦτα
822 2286 1110 2356 ἀδελφούς.
1137 2286 1209 2338 Ἣ
1241 2285 1342 2338 οὐκ
1361 2281 1568 2347 οἴδατε,
1597 2281 1682 2336 ὅτι
1709 2279 1886 2336 ἄδικοι

283 2376 571 2445 βασιλείαν
590 2379 726 2438 Θεοῦ
757 2381 818 2434 οὐ
843 2380 1390 2452 κληρονομήσουσιν;
1424 2398 1443 2430 ι

357 2575 384 2611 σ
428 2560 490 2611 '0
519 2559 730 2615 ἀδικῶν
779 2561 1061 2630 κομιεῖται
1109 2559 1138 2613 ὅ
1166 2559 1417 2631 ἠδίκησε.
1474 2556 1586 2612 Καὶ
1638 2552 1740 2608 οὐκ
1766 2553 1882 2608 ἐστι

278 2649 724 2724 προσωποληψία
750 2649 904 2719 παρὰ
936 2648 1015 2720 τῷ
1047 2648 1190 2721 Θεῷ.
1237 2669 1254 2700 ι

357 2863 379 2894 ¢
410 2841 508 2913 Μὴ
532 2839 886 2912 ὑπερϐαίνειν
910 2839 1003 2894 καὶ
1029 2839 1373 2894 πλεονεκτεῖν
1395 2839 1453 2892 ἐν
1479 2836 1767 2910 πράγματι
1788 2836 1882 2891 τὸν

279 2935 516 3003 ἀδελφὸν
545 2932 714 2988 αὑτοῦ
741 2948 758 2965 ·
809 2933 950 2986 διότι
1003 2932 1219 2995 ἔκδικος
1263 2934 1292 2984 ὀ
1320 2931 1453 2995 Θεὸς
1504 2932 1633 3000 περὶ
1660 2931 1881 2986 πάντων

276 3028 513 3081 τούτων.
549 3045 570 3080 ι
627 3012 640 3025 ⁸

354 3137 376 3170 ε
411 3118 740 3188 Ἀποστήτω
763 3118 876 3172 ἀπὺ
900 3115 1116 3177 ἀδικίας
1151 3116 1259 3179 πᾶς
1293 3117 1321 3169 ὁ
1343 3113 1630 3185 ὀνομάζων
1659 3113 1722 3166 τὸ
1755 3113 1876 3166 ὀνο-

279 3225 356 3277 μα
386 3209 489 3262 τοῦ
522 3209 684 3266 Θεοῦ.
730 3230 749 3263 ι

351 3325 372 3358 ε
410 3307 477 3359 οε
501 3305 822 3376 βουλόμενοι
849 3304 1127 3366 πλουτεῖν,
1155 3300 1530 3371 ἐμπίπτουσιν
1560 3299 1645 3362 είς
1677 3314 1874 3368 πειρα-

277 3399 442 3468 σμὸν,
461 3398 558 3452 καὶ
579 3399 660 3461 είς
686 3395 913 3465 παγίδα,
938 3394 1034 3448 καὶ
1059 3395 1139 3456 είς
1161 3391 1462 3461 ἐπιθυμίας
1491 3389 1693 3452 πολλὰς
1715 3389 1876 3458 ἀνοή-

271 3506 407 3554 τους
464 3490 560 3543 καὶ
601 3489 898 3559 βλαϐερὰς,
935 3488 1142 3549 αἵτινες
1177 3483 1462 3555 βυθίζουσι
1499 3483 1630 3546 τοὺς
1658 3479 1870 3551 ἀνθρώ-

274 3604 419 3651 πους
451 3587 532 3649 είς
554 3584 778 3658 ὀλεθρον
823 3585 920 3638 καὶ
951 3581 1253 3637 ἀπώλειαν.
1315 3577 1469 3644 Ῥίζα
1510 3577 1620 3648 γὰρ
1657 3577 1876 3631 πάντων

2063 2085 2095 2140 1
2128 2086 2252 2144 Cor.
2282 2106 2362 2155 νι,
2393 2091 2446 2159 7,
2481 2093 2625 2160 8,-
2659 2116 2679 2150 ι
2718 2096 2902 2164 Quare
2931 2115 3038 2156 non
3080 2103 3265 2172 potius
3317 2105 3582 2176 iniuriam

1992 2177 2286 2248 accipitis?
2316 2181 2500 2248 Quare
2529 2202 2641 2242 non
2677 2190 2854 2260 magis
2890 2191 3138 2250 fraudein
3173 2197 3460 2264 patimini?
3483 2203 3580 2257 sed

1991 2284 2088 2326 vos
2113 2268 2296 2327 facitis
2328 2273 2620 2344 injuriam,‘
2639 2289 2693 2334 et
2724 2279 2994 2340 fraudatis
3021 2302 3034 2351 ;
3067 2294 3122 2340 et
3145 2286 3262 2343 bmc
3280 2288 3579 2348 fratribus:
3650 2340 3652 2343 .

1988 2359 2070 2416 An
2102 2365 2332 2422 nescitis
2362 2368 2495 2438 quia
2529 2369 2708 2442 iniqui
2751 2388 2983 2445 regnum
3036 2375 3133 2433 Dei
3185 2394 3293 2436 non
3328 2384 3585 2452 posside-

1989 2452 2172 2510 bunt?
2202 2475 2222 2510 ι

2059 2544 2270 2605 Colon.
2305 2565 2389 2616 ιιι,
2419 2550 2510 2608 25.
2537 2583 2606 2594 —
2639 2573 2659 2609 ι
2698 2555 2802 2624 Qui
2833 2557 3096 2628 iniuriam
3146 2559 3304 2628 facit,
3346 2564 3583 2636 recipiet

1986 2638 2041 2694 id
2064 2641 2209 2712 quod
2251 2643 2440 2715 inique
2465 2647 2601 2719 egit.
2647 2648 2766 2706 Non
2797 2659 2884 2708 est
2923 2668 3294 2723 personarum
3333 2659 3582 2730 acceptio

1987 2733 2132 2803 apud
2169 2733 2362 2793 Deum.
2392 2755 2413 2790 ι

2057 2844 2088 2899 1
2123 2847 2307 2903 Thess.
2343 2865 2418 2917 tv,
2459 2849 2514 2906 ϐ.
2564 2881 2634 2892 -
2683 2852 2802 2908 Non
2853 2857 3214 2928 supergredi,
3255 2873 3434 2930 neque
3470 2864 3578 2918 cir-

1986 2939 2304 2996 cumvenire
2336 2941 2391 2995 in
2427 2944 2649 3013 negotio
2699 2943 2926 3002 fratrem
2968 2964 3169 3003 suum:
3217 2951 3348 3022 quia
3376 2953 3580 3012 vindex

1983 3040 2068 3086 est
2100 3032 2245 3089 Deus
2268 3033 2340 3088 de
2360 3036 2618 3092 omnibus
2649 3036 2758 3092 his.
2801 3057 2820 3089 ι

2057 3120 2122 3176 II
2151 3122 2371 3188 Tim",
2406 3125 2495 3179 19.
2525 3154 2596 3166 --
2625 3146 2645 3178 ‹
2683 3125 2942 3185 Discedat
2976 3129 3046 3186 ab
3076 3131 3372 3204 iniquitate
3395 3137 3579 3193 omnis

1904 3244 1952 3308 ο
1981 3213 2082 3308 qui
2107 3213 2358 3308 nominat
2385 3231 2587 3308 nomen
2620 3217 2732 3275 Dei.

2053 3302 2082 3357 I
2107 3303 2245 3358 Tim.
2281 3321 2355 3371 vt,
2391 3309 2446 3373 9,
2483 3306 2570 3361 l0.
2603 3337 2672 3352 -ν-
2723 3328 2745 3362 ι
2780 3311 2886 3377 Qui
2935 3313 3131 3370 volunt
3175 3315 3377 3375 divites
3431 3319 3571 3388 ficri,

1979 3395 2232 3451 incidunt
2256 3398 2310 3452 in
2335 3399 2724 3464 tentationem,
2757 3410 2812 3456 et
2847 3404 2902 3458 in
2944 3404 3230 3476 laqueum,
3260 3418 3316 3463 et
3341 3409 3396 3464 in
3428 3410 3573 3466 desi-

1973 3490 2130 3545 deria
2163 3491 2335 3545 multa
2359 3491 2557 3547 insana
2573 3502 2631 3548 et
2655 3494 2879 3562 nociva,
2902 3511 3027 3566 qua:
3045 3511 3300 3570 mergunt
3317 3500 3572 3560 homines

1977 3580 2033 3634 in
2067 3579 2348 3635 interitum
2373 3591 2432 3636 et
2464 3582 2858 3652 perditionem.
2914 3585 3093 3643 Radix
3138 3590 3288 3644 enim
3321 3592 3569 3648 οιιιιιίιιι

273 3681 387 3733 τῶν
413 3680 598 3732 κακῶν
635 3679 787 3734 ἐστιν
815 3679 850 3745 ὴ
876 3675 1218 3746 φιλαργυρία
1239 3710 1254 3735 ,
1282 3666 1351 3743 ἦς
1376 3687 1526 3734 τινες
1552 3669 1875 3740 ὀρεγόμενοι

2001 3672 2249 3727 nalorum
2265 3681 2351 3729 est
2371 3675 2668 3745 cupiditas,
2687 3691 2849 3746 quam
2864 3678 3090 3749 quidam
3115 3690 3460 3753 appetentes,
3483 3701 3572 3742 er-

273 3771 716 3842 ἀπεπλανήθησα
779 3768 888 3823 ἀπὸ
920 3768 1022 3836 τῆς
1049 3765 1311 3832 πίστεως,
1343 3764 1437 3818 καὶ
1461 3764 1688 3826 ἑαυτοὺς
1716 3778 1874 3832 περι-

273 3863 509 3932 έπειραν
535 3859 750 3924 ὀδύναις
776 3858 1022 3920 πολλαῖς.
1068 3875 1086 3906 ι
1142 3863 1144 3866 ’

351 3973 376 4006 ε
413 3954 477 4006 Oi.
509 3953 780 4016 πλούσιοι,
815 3949 1094 4005 κλαύσατε
1121 3946 1473 4012 ὀλολύζοντες
1505 3945 1601 3999 ἐπὶ
1629 3947 1748 4008 ταῖς
1772 3961 1876 3997 τα-

280 4049 611 4120 ιαιπωρίαις
645 4046 801 4118 ὑμῶν
854 4048 977 4108 ταῖς
1042 4043 1466 4114 ἐπερχομέναις.
1525 4041 1586 4093 '0
1640 4037 1873 4103 πλοῦτος

277 4143 435 4214 ,τιμῶν
467 4143 697 4212 σέσηπε,
744 4140 838 4192 καὶ⁵
863 4138 932 4192 τὰ
960 4137 1153 4208 ἱμάτια
1199 4135 1354 4206 ὑμῶν
1395 4131 1716 4212 σητόὸρωτα
1748 4132 1872 4200 ἐγέ-

277 4253 417 4289 νετο.
467 4235 526 4289 '0
549 4233 750 4305 χρυσὸς
774 4233 952 4304 ὑμῶν,
977 4231 1074 4285 καὶ
1097 4231 1127 4283 ὀ
1161 4230 1404 4300 ἄργυρος
1435 4226 1723 4290 κατίωται,
1778 4225 1872 4277 καὶ

267 4299 304 4380 ⁸ὁ
329 4329 409 4391 ίὸς
429 4299 611 4382 αὐτων
639 4328 719 4390 είς
747 4299 1052 4397 μαρτύριον
1086 4299 1218 4393 ὑμῖν
1257 4320 1415 4375 ἔσται
1437 4359 1451 4385 ,
1498 4319 1596 4373 καὶ
1636 4317 1871 4387 φάγεται

269 4402 374 4483 τὰς
427 4418 642 4491 σάρκας
691 4417 848 4489 ὑμῶν
899 4419 930 4470 ὁ
963 4417 1058 4479 ἰός.
1102 4416 1190 4478 Ὠς
1220 4412 1334 4484 πῦρ
1385 4411 1785 4484 ἐθησαυρίσατε
1813 4412 1871 4464 ἐν

275 4513 483 4582 ἐσχάτῃ
513 4513 721 4582 ἡμέρᾳ·
763 4530 781 4562 ι

1977 3775 2241 3823 raverunt
2266 3783 2297 3822 a
2317 3767 2444 3837 ﬁde,
2457 3779 2512 3825 et
2535 3769 2893 3827 inseruerunt
2908 3789 2969 3830 se
2985 3771 3279 3832 doloribus
3300 3778 3510 3836 multis.
3547 3800 3565 3830 ι

2047 3948 2172 4005 Jac.
2201 3965 2256 4015 v,
2290 3949 2341 4015 Ι,
2369 3951 2526 4005 5.-ι
2554 3950 2783 4018 Divites,
2813 3953 3030 4024 plorato
3064 3956 3350 4014 ululantes
3385 3959 3440 4012 in
3467 3961 3572 4012 mi-

1974 4042 2144 4098 seriis
2162 4057 2286 4112 quae
2307 4045 2565 4099 accident
2585 4045 2765 4101 vobis.
2788 4045 3008 4102 Divitim
3034 4057 3230 4104 vestrae
3250 4051 3572 4120 putrefacta:

1975 4140 2130 4198 sunt,
2158 4143 2214 4188 et
2260 4134 2592 4190 vestimenta
2622 4144 2807 4190 vestra
2858 4151 2890 4190 a
2920 4138 3094 4195 tineis
3135 4150 3386 4196 comesta
3419 4154 3566 4197 sunt.

1973 4224 2182 4278 Aurum
2205 4233 2452 4281 vestrum
2481 4235 2538 4280 et
2584 4235 2884 4298 argentum
2917 4231 3264 4300 aerugina‘vit,
3295 4240 3352 4286 et
3383 4247 3571 4303 aerugo

1973 4329 2165 4370 eorum
2203 4317 2258 4370 in
2301 4316 2684 4372 tesnmonium
2717 4319 2878 4374 vobis
2921 4319 3029 4374 erit
3057 4338 3082 4388 Δε
3113 4330 3169 4375 et
3213 4323 3569 4378 mandueabit

1975 4422 2172 4464 carnes
2205 4417 2424 4464 vestras
2455 4424 2668 4481 aerugo.
2731 4408 2891 4467 Sicut
2919 4412 3104 4482 ignem
3141 4413 3568 4471 tbesauriaastis

1975 4501 2028 4555 in
2069 4501 2376 4557 novissimo
2409 4501 2526 4557 die.
2557 4520 2576 4553 ι

351 4623 370 4656 ι
414 4603 480 4656 Ἦ
515 4603 698 4674 κρίσις
720 4603 940 4667 ἀνέλεος
967 4602 1044 4671 τῷ
1070 4600 1146 4672 μὴ
1177 4601 1465 4676 ποιήσαντι
1486 4598 1655 4662 ἔλεος.
1695 4598 1818 4651 Ἐὰν
1840 4597 1867 4648 ὁ

2043 4591 2165 4648 Jac.
2202 4609 2262 4659 ιι,
2319 4595 2407 4660 15,
2445 4595 2533 4650 16.
2564 4625 2632 4635 —-
2671 4614 2689 4647 ι
2722 4593 2996 4652 Judicium
3045 4598 3166 4655 sine
3191 4599 3566 4655 misericordia

273 4697 506 4765 ἀδελφὸς
527 4737 542 4762 ,
571 4697 604 4767 ἦ
636 4695 842 4766 ἀδελφὴ
867 4695 1070 4766 γυμνοὶ
1106 4695 1441 4764 ὑπάρχουσι,
1475 4691 1572 4743 καὶ
1604 4689 1866 4759 λειπόμε-

275 4807 361 4842 νοι
409 4789 510 4859 τῆς
560 4789 843 4859 ἐφημέρου
891 4787 1123 4858 τροφῆς,
1183 4786 1315 4856 εἴπῃ
1358 4783 1420 4836 δέ
1463 4799 1548 4844 τις
1595 4781 1656 4845 ἐξ
1686 4779 1863 4850 ὑμῶν,
1898 4851 1902 4858 Ι
1944 4845 1949 4852 ,

287 4882 565 4949 Ὑπάγετε
609 4883 667 4934 ἐν
723 4882 913 4951 εἰρήνῃ
941 4921 956 4945 ,
1020 4878 1419 4950 θερμαίνεσθε,
1461 4875 1558 4928 καλ¹
1599 4874 1866 4945 χορτάζε-

279 4973 374 5025 σθε
399 4990 411 5002 ·
462 4973 538 5043 μὴ
569 4971 704 5025 δῶτε
729 4973 786 5025 δὲ
817 4974 1000 5034 αὐτοῖς
1026 4971 1096 5024 τὰ
1123 4969 1408 5039 ἐπιτήδεια
1450 4967 1547 5021 τοῦ
1587 4966 1863 5036 σώματος,

275 5066 330 5117 τί
359 5065 587 5134 δφελος;
627 5083 646 5116 ι

352 5175 370 5208 ι
405 5152 534 5209 Uide
552 5157 755 5226 Κύριος
781 5156 1026 5219 εὐσεϐεῖς
1049 5156 1114 5207 ἐκ
1130 5153 1240 5206 τῶν
1261 5153 1590 5224 πειρασμῶν
1615 5151 1862 5223 ῥύεσθαι,

272 5246 494 5310 ἀδίκους
523 5248 582 5301 δέ
637 5251 717 5311 εἰς
761 5247 976 5318 ἡμέραν
1032 5245 1270 5315 κρίσεως
1328 5243 1730 5314 κολαζομένους
1774 5258 1866 5314 τη-

277 5338 415 5406 ρεῖν.
459 5357 476 5384 ι

353 5447 372 5478 ι
403 5429 536 5481 Ὄστ
546 5444 593 5490 ις
616 5425 729 5496 ἔχει
757 5429 850 5480 τὸν
878 5428 994 5498 βίον
1013 5427 1109 5482 τοῦ
1137 5428 1346 5498 κόσμου
1367 5427 1582 5492 τούτου,
1605 5428 1702 5481 καὶ
1725 5427 1864 5483 θεω-

277 5521 366 5588 ρεῖ
397 5519 489 5572 τὸν
509 5517 742 5586 mle)?»
761 5517 929 5571 αὑτοῦ
962 5519 1156 5588 χρείαν
1184 5519 1401 5589 ἔχοντα,
1425 5519 1518 5572 καὶ
1553 5519 1761 5572 κλείσει
1791 5520 1866 5574 τὰ

278 5610 583 5679 σπλάγχνα,
606 5611 726 5674 πῶς
749 5613 784 5679 ἡ
811 5611 1000 5681 ἀγάπη
1029 5611 1125 5664 τοῦ
1157 5611 1294 5664 Θεοῦ
1326 5612 1480 5679 μένει
1509 5615 1568 5666 ἐν
1601 5612 1788 5678 «Orib;
1836 5632 1857 5665 ι

349 5794 612 5846 ’Ᾱκουσαι
691 5793 989 5864 ἄνθρωπε,
1046 5795 1428 5866 Σολομῶντος·
1483 5795 1580 5862 Μὴ
1645 5795 1858 5864 εἴπῃς,

265 5902 269 5906 ”
305 5885 668 5941 Επανελθὼν
693 5886 1106 5954 ἐπάνηκε,καὶ
1139 5888 1348 5958 αὔριον
1396 5887 1590 5943 δώσω.
1629 5891 1713 5942 οὺ
1745 5887 1858 5956 τὰρ

503 5981 786 6059 ΡΑΤιιοι..
832 5983 950 6044 Gn.
1003 5982 1178 6044 XCV.

680 6261 707 6291 9

1969 4685 2050 4740 illi
2078 4686 2172 4755 qui
2198 4700 2308 4740 non
2339 4685 2467 4741 feeit
2499 4687 2963 4744 misericordiam.
2999 4688 3058 4744 Si
3091 4689 3261 4745 frater
3289 4700 3386 4745 aut
3406 4705 3568 4745 soror

1970 4780 2106 4836 nudi
2131 4780 2264 4845 sint,
2298 4789 2354 4835 et
2386 4781 2671 4853 indigeant
2707 4783 2859 4838 victu
2893 4783 3251 4853 quotidiano,
3291 4784 3437 4838 dicat
3467 4799 3566 4838 au-

1969 4882 2080 4928 tem
2119 4875 2322 4944 aliquis
2346 4891 2416 4930 ex
2446 4875 2604 4931 vobis
2632 4893 2648 4930 :
2686 4875 2761 4930 Ite
2793 4876 2852 4930 in
2892 4892 3047 4946 pace,
3081 4876 3480 4941 calefacimini,
3514 4888 3568 4932 et

1968 4965 2299 5020 saturamini
2325 4983 2338 5018 :
2370 4979 2480 5020 non
2505 4965 2770 5021 dederitis
2793 4974 2979 5021 autem
3001 4966 3085 5022 eis
3102 4981 3227 5036 quae
3254 4971 3566 5024 necessaria

1969 5067 2098 5114 sunt
2130 5059 2372 5128 corpori,
2405 5059 2540 5129 quid
2573 5058 2862 5128 proderit?
2895 5079 2914 5112 ι

2040 5149 2104 5205 II
2134 5149 2280 5206 Patr.
2326 5167 2388 5216 ιι,
2412 5153 2466 5205 9.
2488 5179 2558 5191 -—
2581 5168 2600 5203 ι
2640 5149 2804 5206 Novit
2838 5150 2982 5206 Deus
3005 5151 3127 5220 pios
3145 5168 3213 5206 ex
3244 5152 3564 5208 tentationi-

1967 5242 2072 5298 bus
2097 5245 2312 5315 eripere
2343 5261 2360 5298 :
2393 5243 2636 5314 iniustos
2665 5253 2848 5301 autem
2878 5245 2934 5299 in
2967 5245 3112 5300 diem
3135 5245 3330 5316 iudicii
3359 5261 3565 5302 excru-

1965 5336 2198 5392 ciandos
2232 5351 2539 5392 reservare.

2039 5425 2069 5480 Ι
2102 5425 2268 5482 Joan.
2321 5443 2403 5494 ιιι,
2441 5428 2530 5484 l7.
2563 5459 2634 5470 --
2666 5447 2688 5484 ι
2722 5428 2825 5496 Qui
2879 5430 3142 5487 habuerit
3191 5431 3562 5488 substantiam

1967 5519 2134 5590 hujus
2160 5521 2376 5585 mundi,
2403 5530 2458 5576 et
2489 5521 2685 5578 viderit
2722 5522 2952 5579 fratrem
2975 5539 3138 5580 suum
3175 5525 3560 5580 necessitatem

1969 5612 2194 5678 habere,
2226 5621 2281 5669 et
2309 5614 2573 5669 clauserit
2609 5614 2826 5670 viscera
2873 5629 2980 5672 sua
3022 5615 3095 5670 ab
3137 5628 3226 5681 eo,
3283 5615 3562 5687 quomodo

1965 5704 2211 5760 charitas
2235 5705 2334 5759 Dei
2373 5712 2559 5760 manet
2593 5705 2648 5760 in
2675 5707 2781 5762 eo?
2814 5725 2834 5759 ι

2035 5795 2096 5851 S.
2126 5796 2300 5852 Basil.
2334 5798 2476 5852 hom.
2514 5798 2570 5852 in
2601 5798 2736 5852 illud
2765 5814 2785 5853 :
2818 5817 2836 5850 ι
2872 5797 3159 5852 Dem-unm
3193 5797 3406 5852 horrea.
3438 5814 3458 5849 ι
3489 5820 3562 5842 ~—

1963 5886 2318 5971 bBSﬂ'Audi.
2374 5904 2574 5960 quaeso.
2623 5887 2974 5946 Salomonem
3017 5907 3028 5942 :
3068 5887 3151 5941 Ne
3199 5888 3376 5951 diras,
3421 5886 3561 5952 l’ade
