4028 6404
453 406 589 473 1433

1629 405 1690 463 S.
1731 401 2055 465 JOANNIS
2096 401 2531 465 DAMASCENI

3605 403 3758 469 ΠΜ

447 534 496 580 et
525 531 803 583 revertere,
825 531 874 575 et
903 533 1022 574 cras
1051 519 1187 574 doto
1220 520 1318 574 tibi
1345 520 1528 593 (Prov.
1574 535 1660 582 tu,
1703 519 1817 590 28).
1853 517 2046 574 Nescis

2166 512 2340 584 >ῖδας,
2371 517 2428 571 τί
2459 516 2689 582 τέξεται
2712 516 2750 585 ἡ
2783 515 3226 574 ἐπιοῦσα.οἴων
3260 518 3759 591 παραγγελμάτων

439 617 596 670 enim
624 615 750 686 quid
785 623 1164 683 superuentura
1193 613 1364 682 pariet
1390 613 1504 668 dies
1533 612 1720 684 (Prov.
1772 627 1941 675 xxv",
1967 611 2044 682 1).

449 714 490 762 υ
529 723 652 778 qua:
681 717 950 778 prmoepta
977 707 1327 762 contemnis!
1362 705 1563 764 Tristis
1592 721 1675 775 es,
1701 713 1870 777 atque
1893 706 2046 776 ejus-

381 809 386 813 '
449 801 600 855 modi
644 814 808 870 quem
845 800 934 854 vix
989 800 1288 855 convenire
1341 800 1637 871 quisquam
1687 799 1900 869 possit;
1951 797 2047 869 qui

440 907 746 949 occursum
782 887 1068 946 hominum
1103 891 1306 962 fugias,
1351 907 1422 946 ne
1452 891 1536 946 vel
1574 890 1852 946 tantulum
1883 889 2047 963 quid-

438 985 592 1055 piam
617 997 647 1039 e
672 984 926 1040 uiauibus
947 984 1199 1040 emittere
1224 983 1464 1054 cogaris.
1489 982 1664 1039 Unam
1689 983 1834 1038 hanc
1858 997 2048 1038 vocem

453 1077 596 1133 nosti
631 1095 644 1132 :
678 1075 794 1131 Non
830 1077 1031 1141 habeo,
1081 1091 1184 1132 nec
1229 1078 1374 1133 dabo
1407 1095 1423 1132 :
1461 1092 1675 1150 pauper
1719 1077 1867 1132 enim
1900 1091 2046 1132 sum.

463 1173 525 1225 te
574 1186 708 1227 sane
759 1184 967 1242 pauper
1000 1184 1082 1236 es,
1115 1171 1409 1241 omnisque
1436 1184 1635 1242 expers
1675 1170 1807 1226 boni
1843 1188 1856 1225 :
1891 1170 2051 1240 inops

450 1269 743 1335 churitate,
785 1268 949 1338 inops
983 1267 1350 1331 immanitate,
1386 1265 1546 1334 inops
1592 1264 1698 1319 fide
1745 1263 1801 1318 In
1855 1263 2048 1330 Deum,

454 1363 614 1433 inops
643 1378 740 1434 spe
772 1369 1002 1417 aeterna.
1048 1359 1156 1413 Fac
1193 1358 1414 1422 saltem,
1453 1357 1655 1413 fratres
1689 1357 1768 1411 tui
1822 1356 1876 1410 in
1924 1369 2047 1427 par-

441 1463 564 1511 item
592 1467 716 1510 cum
749 1453 913 1510 tineis
946 1454 1192 1508 veniant.
1239 1451 1396 1519 Quod
1447 1449 1721 1522 postridie
1750 1448 2054 1504 laboratla-

457 1547 624 1610 hitur,
670 1545 960 1616 egentibus
1013 1543 1176 1599 hodie
1227 1543 1428 1598 tribue.
1488 1541 1760 1597 Extrema:
1807 1539 2054 1596 avaritia:

451 1643 558 1702 est,
593 1649 664 1691 ne
686 1649 749 1691 ea
776 1633 999 1706 quidem
1027 1649 1151 1706 qum
1177 1640 1643 1705 corrumpuntur,
1681 1646 1808 1687 cum
1838 1631 2053 1702 egenti-

455 1729 560 1784 bus
586 1727 1022 1782 communicare.
1061 1726 1235 1794 Quem
1266 1725 1515 1791 tandem,
1546 1725 1726 1796 inquit
1754 1724 1866 1791 ille,
1907 1725 2055 1794 inju-

455 1822 539 1876 ria
573 1819 772 1888 adicio,
793 1819 925 1876 dum
947 1835 1074 1891 quae
1107 1834 1224 1876 mea
1255 1827 1408 1888 sunt,
1439 1819 1743 1875 contineo?
1787 1819 2054 1886 Quasnam

456 1924 662 1981 tamen,
695 1928 907 1986 quaeso,
943 1921 1036 1968 tua
1069 1913 1241 1969 sunt?
1278 1914 1364 1968 An
1416 1927 1526 1968 non
1574 1911 1757 1968 nudus
1797 1911 2056 1968 excidisti
2089 1891 2132 1952 Β

455 2021 525 2059 ex
558 2014 812 2060 materno
844 2003 1042 2074 utero?
1080 2019 1150 2058 an
1188 2018 1297 2058 non
1335 2003 1522 2059 nudus
1571 2017 1793 2058 rursum
1840 2001 1894 2056 iu
1947 2010 2060 2056 ter-

459 2107 575 2147 ram
621 2091 954 2147 reverteris?
1001 2090 1136 2157 Qua:
1164 2105 1297 2147 vero
1337 2105 1486 2146 nunc
1542 2089 1733 2157 habes,
1775 2087 1921 2146 unde
1958 2089 2058 2144 tibi

457 2184 848 2256 contigerunt?
880 2183 940 2238 Si
983 2199 1014 2238 a
1051 2183 1272 2239 fortuna
1319 2182 1554 2249 dixeris,
1611 2182 1818 2254 impius
1851 2198 1932 2245 es,
1962 2181 2057 2253 qui

457 2292 560 2334 nec
582 2277 904 2334 Creatorem
941 2290 1237 2348 agnoscas,
1285 2289 1386 2331 nec
1423 2276 1592 2330 ullam
1624 2279 1672 2332 ei
1697 2277 1792 2348 qui
1826 2277 2060 2348 largitos

451 2377 564 2432 cst,
594 2368 829 2440 gratiam
859 2367 1088 2422 habeas.
1116 2363 1216 2421 Sin
1250 2379 1279 2419 a
1318 2365 1430 2422 Deo
1453 2381 1482 2420 ιι
1514 2373 1567 2421 te
1601 2367 1806 2422 habere
1833 2365 2062 2424 confite-

458 2463 559 2526 ris,
607 2461 742 2517 ail‘er
791 2476 1019 2517 causam
1065 2476 1167 2516 cur
1192 2459 1493 2530 acceperis.
1546 2457 1687 2514 Num
1719 2459 1947 2531 iniquus
1977 2469 2061 2516 est

457 2557 625 2619 Deus,
660 2553 757 2627 qui
789 2554 933 2608 haud
968 2567 1124 2624 aeque
1159 2551 1320 2608 nobis
1340 2551 1900 2624 distribuit?Ecquid
1924 2553 2060 2609 illud

433 2655 545 2704 rest
574 2661 676 2703 cur
708 2653 767 2700 tu
820 2646 1022 2716 opibus
1057 2644 1330 2710 abundes,
1368 2643 1462 2698 ille
1515 2652 1711 2701 contra
1744 2647 1943 2716 egeat?
1989 2661 2059 2702 an

459 2754 568 2794 non
602 2738 852 2804 omnino,
885 2746 945 2793 ut
978 2744 1034 2793 et
1070 2744 1128 2793 tu
1159 2735 1524 2808 benignitatis
1559 2736 1850 2809 fidelisque
1883 2739 2062 2796 admi-

452 2833 813 2889 nistrationis
850 2830 1160 2887 mercede
1209 2829 1445 2894 referas,
1496 2836 1553 2885 et
1605 2829 1696 2885 ille
1735 2830 2060 2902 ingentibus

455 2926 737 2994 patientiae
770 2924 1015 2997 praemiis
1063 2923 1336 2979 ornetur?
1401 2921 1630 2979 Siccine
1663 2938 1817 2987 vero,
1859 2926 2062 2982 vastis-

460 3020 602 3074 simo
639 3025 696 3074 ct
743 3017 1062 3088 inexplebili
1110 3015 1360 3072 avaritiae
1396 3016 1522 3072 sinu
1553 3016 1742 3072 omnia
1772 3031 2056 3085 coercens,

459 3109 669 3166 nemini
710 3118 765 3166 te
795 3107 1004 3165 inferre
1041 3106 1302 3178 injuriam
1334 3114 1519 3178 putas,
1547 3121 1677 3162 cum
1698 3115 1780 3163 tot
1807 3108 2061 3165 homines

459 3214 651 3254 eorum
690 3215 794 3256 usu
853 3199 1104 3271 spolias?
1140 3198 1279 3267 Quis
1313 3201 1556 3256 avarus?
1601 3215 1678 3255 an
1720 3216 1832 3257 non
1879 3201 1928 3258 is
1961 3200 2057 3273 qui

461 3305 530 3346 eo
554 3291 702 3362 quod
732 3292 872 3348 satis
903 3291 1000 3358 sit,
1027 3299 1328 3348 contentus
1360 3307 1474 3348 non
1504 3291 1633 3348 est?
1661 3291 1800 3359 Quis
1851 3295 2060 3364 spolia-

463 3384 585 3440 tor?
615 3385 666 3439 is
697 3383 795 3455 qui
819 3398 922 3440 sua
941 3384 1148 3456 cuique
1177 3383 1368 3455 eripit.
1404 3381 1486 3438 Tu
1510 3382 1684 3456 igitur
1705 3399 1912 3442 avarus
1941 3385 2055 3450 ille,

453 3485 520 3532 ιιι
557 3474 850 3546 spoliator,
886 3473 982 3545 qui
1013 3487 1078 3530 ea
1131 3489 1257 3545 qua:
1291 3472 1654 3545 dispensandi
1684 3489 1856 3531 caiisa
1899 3490 2060 3532 acce-

465 3566 622 3637 pisti,
650 3567 750 3622 tibi
774 3565 880 3638 ipsi
915 3566 1190 3623 vindicas.
1227 3565 1287 3622 Si
1326 3565 1424 3636 qui
1475 3564 1692 3621 homini
1722 3576 1928 3622 restem
1964 3565 2061 3623 de—

455 3648 654 3726 trahit,
679 3661 823 3715 citra
863 3657 1305 3716 controversiam
1327 3657 1420 3714 fur
1450 3666 1570 3726 est,
1604 3657 1698 3714 ille
1725 3658 1820 3730 qui
1847 3659 2058 3715 nudum

461 3765 574 3804 non
597 3749 797 3813 induit,
829 3763 957 3806 cum
982 3748 1040 3804 id
1077 3747 1260 3805 facere
1299 3746 1496 3817 possit,
1535 3747 1786 3819 nunquid
1817 3746 1929 3805 alio
1962 3762 2063 3805 no-

469 3843 618 3897 mine
641 3841 801 3897 debet
826 3839 1132 3912 appellari?
1163 3838 1426 3895 Famelici
1463 3847 1550 3895 est
1578 3840 1670 3894 ille
1701 3840 1862 3911 panis
1893 3856 2060 3912 quem

2151 610 2456 682 ύπερορᾷςί
2491 611 2600 664 Καὶ
2629 611 2881 684 κατηφὴς
2905 607 2975 678 εἴ,
3005 614 3104 668 καὶ
3128 611 3542 675 δυσέντευκτος,
3561 610 3754 664 ἐκκλί-

2147 722 2256 758 νων
2282 706 2380 768 τὰς
2419 705 2780 775 ἀπαντήσεις,
2826 705 3010 776 μήπου
3034 722 3110 770 τι,
3147 704 3242 758 καὶ
3271 701 3468 776 μικρὸν
3498 703 3722 770 ἁναγκα
3743 728 3755 739 ο

2152 803 2288 875 σθῇς
2319 803 2432 856 τῶν
2460 801 2662 874 χειρῶν
2692 801 2966 857 ἐκϐαλεῖν.
3007 802 3156 856 Μίαν
3199 798 3352 864 οἶδας
3382 798 3570 870 φωνήν
3589 813 3603 826 ·
3636 797 3757 849 οὐκ

2153 895 2282 967 ἔχω,
2313 895 2439 948 οὐδὲ
2469 894 2654 948 δώσωσ
2688 894 2854 963 πένης
2883 893 2994 965 γάρ
3039 895 3178 965 εἰμι.
3211 893 3389 963 Πένης
3423 888 3476 946 εἴ
3504 892 3584 962 τῷ
3611 893 3755 952 butt,

2151 989 2252 1043 καὶ
2303 988 2490 1060 ἐνδεὴς
2539 987 2745 1051 παντὸς
2789 986 3034 1055 ἀγαθοῦο
3071 988 3244 1058 πένης
3287 985 3534 1055 ἀγάπης,
3580 984 3756 1052 πένης

2155 1077 2595 1150 φιλανθρωπίας,
2627 1076 2800 1147 πένης
2831 1076 3074 1140 πίστεως
3099 1077 3180 1140 είς
3205 1075 3363 1141 Θεὸν,
3399 1075 3572 1146 πένης
3601 1072 3758 1128 ἐλπί-

2151 1170 2241 1234 δος
2278 1172 2378 1240 τῆς
2425 1169 2670 1224 αἰωνίου.
2728 1167 3120 1241 Συμμεριστάς
3165 1168 3394 1238 ποίησον
3430 1166 3540 1220 τῶν
3571 1165 3757 1236 σητῶν

2149 1259 2282 1324 τοὺς
2309 1257 2575 1328 ἀδελφούς
2614 1275 2732 1312 σου.
2766 1258 2840 1311 Τὸ
2876 1256 3071 1329 αὔριον
3102 1257 3420 1328 σηπόμενον
3443 1295 3460 1320 ,
3506 1255 3754 1326 σήμερον

2160 1353 2388 1427 μετάδος
2413 1355 2524 1418 τοῖς
2549 1351 2849 1422 δεομένοις.
2884 1349 3207 1417 Πλεονεξίας
3235 1344 3376 1412 εἶδος
3399 1348 3466 1401 τὸ
3495 1345 3753 1418 χαλεπώ·

2151 1463 2339 1514 τατον,
2375 1445 2545 1518 μηδὲν
2572 1444 2682 1499 τῶν
2713 1443 3097 1515 φθειρομένων
3119 1445 3235 1506 τοῖς
3269 1441 3478 1496 ἐνδεέσι
3514 1455 3758 1509 καταμεο

2157 1539 2328 1611 ρίσαι.
2363 1537 2522 1602 Τίνα,
2573 1537 2764 1610 φησιν,
2811 1535 3006 1598 ἀδικῶ,
3059 1535 3302 1606 συνέχων
3353 1533 3427 1588 τὰ
3471 1530 3761 1603 ἐμαυτοῦς

2155 1632 2309 1694 ποῖα,
2343 1626 2466 1682 εἰπέ
2505 1645 2620 1699 μοι,
2647 1626 2881 1693 causai);
2918 1627 3054 1697 Οὐχὶ
3093 1625 3304 1697 γυμνὸς
3341 1623 3610 1690 ἐξὲπεσας
3657 1624 3762 1693 τῆς

2157 1722 2437 1793 γαστρός;
2485 1721 2609 1794 οὐχὶ
2641 1721 2850 1794 γυμνὸς
2897 1719 3063 1780 πάλιν
3096 1721 3178 1781 εἰς
3217 1718 3316 1791 τὴν
3340 1719 3445 1790 γῆν
3486 1717 3766 1788 ἀπωτρέ·

2156 1834 2278 1890 φεις
2306 1833 2322 1884 ;
2351 1816 2422 1870 τὰ
2459 1815 2519 1870 δέ
2558 1817 2809 1888 παρόντα
2836 1831 2920 1870 σοι
2940 1813 3142 1882 πόθενς
3176 1813 3243 1868 Εἰ
3287 1811 3391 1883 μὲν
3417 1811 3530 1866 ἀπὸ
3559 1827 3766 1864 ταυτοο

2164 1909 2337 1982 μάτου
2362 1908 2566 1978 λέγεις,
2599 1908 2757 1972 ἄθεος
2787 1903 2860 1975 εί,
2887 1907 2968 1988 μὴ
2987 1905 3282 1977 γνωρίζων
3323 1904 3421 1960 τὸν
3452 1903 3761 1968 κτίσαντα,

2166 1999 2301 2076 μηδὲ
2328 2000 2491 2072 χάριν
2531 1999 2672 2070 ἔχων
2693 1998 2770 2070 τῷ
2796 1998 3076 2053 δεδωκότι.
3098 1999 3163 2052 Εἰ
3201 1997 3260 2052 δέ
3293 1996 3580 2069 ὁμολογεῖς
3617 1992 3764 2050 εἶναι

2162 2093 2314 2165 παρά
2337 2091 2500 2158 Θεοῦ,
2549 2093 2672 2147 εἰπὲ
2698 2092 2790 2147 τὸν
2822 2091 2984 2162 λόγον
3009 2091 3076 2146 δι’
3119 2090 3181 2146 δν
3207 2090 3420 2155 ἔλαϐες.
3447 2089 3544 2162 Μὴ
3573 2089 3764 2152 ἄδικος

2161 2188 2191 2241 6
2216 2186 2374 2253 Θεὸς,
2404 2189 2434 2241 6
2453 2186 2658 2251 ἀνίσως
2677 2188 2810 2258 ἡμίν
2837 2184 3062 2258 διαιρῶν
3093 2186 3162 2241 τὰ
3179 2185 3278 2241 τοῦ
3311 2184 3467 2256 βίους
3491 2184 3590 2240 διὰ.
3610 2182 3663 2237 τί
3693 2183 3759 2236 σὺ

2167 2280 2270 2352 μέν
2289 2281 2565 2346 πλουτεῖς,
2602 2279 2815 2344 ἐκεῖνος
2835 2279 2895 2334 δέ
2921 2279 3172 2344 πένεται,
3193 2278 3229 2351 ἦ
3264 2279 3486 2342 πάντως
3524 2277 3616 2332 ινα
3663 2276 3762 2330 καὶ

2165 2373 2230 2425 σὺ
2256 2372 2632 2443 χρηστότητος
2670 2371 2770 2425 καὶ
2797 2372 2998 2444 πιστῆς
3029 2370 3348 2442 οἰκονομίας
3391 2368 3588 2442 μισθὸν
3625 2370 3758 2423 ὁποι

2162 2463 2313 2536 δέξῃ,
2363 2465 2620 2527 κάκεῖνος
2656 2465 2774 2527 τοῖς
2827 2463 3087 2536 μεγάλοις
3126 2462 3313 2527 ἄθλοις
3352 2463 3454 2534 τῆς
3477 2459 3764 2531 ὑπομονῆς

2162 2555 2402 2627 τιμηθῇ;
2435 2553 2508 2610 Σὺ
2557 2554 2617 2610 δέ
2648 2556 2832 2610 πάντα
2879 2557 2996 2620 τοῖς
3040 2553 3392 2627 ἀπληρώτοις
3436 2553 3540 2624 τῆς
3565 2551 3767 2605 πλεον-

2164 2648 2317 2713 εξίας
2367 2647 2595 2712 κόλποις
2647 2646 3098 2721 περιλαμϐάνων,
3149 2645 3346 2701 οὐδένα
3392 2643 3500 2700 οἴει
3551 2644 3769 2700 ἁδικεῖν

2164 2739 2442 2805 τοσούτοις
2489 2741 2855 2814 ἀποστερῶνς
2914 2739 3000 2805 τίς
3033 2742 3184 2794 ἐστιν
3233 2741 3264 2793 6
3293 2737 3671 2808 πλεονέκτηςς
3707 2735 3768 2788 Ὁ

2168 2832 2245 2903 μὴ
2273 2831 2534 2903 ἐμμένων
2561 2833 2629 2904 τῇ
2655 2831 2984 2906 αὐταρκείᾳ.
3009 2832 3110 2896 Τίς
3136 2831 3196 2885 δὲ
3223 2834 3254 2886 6
3280 2830 3707 2902 ἀποστερητήςς
3738 2830 3769 2883 6

2164 2925 2574 2996 ἀφαιρούμενος
2626 2925 2696 2980 τὰ
2742 2927 3014 2981 ἑκάστων.
3043 2926 3116 2980 Σὺ
3159 2925 3218 2979 δέ
3249 2926 3279 2979 6
3309 2923 3670 2992 πλεονέκτης,
3701 2922 3768 2975 σὺ

2163 3018 2220 3072 δὲ
2263 3019 2668 3092 ἀποστερητὴς,
2725 3019 2762 3074 ἀ
2809 3019 2946 3091 πρὸς
2989 3018 3303 3090 οἰκονομίαν
3350 3009 3540 3082 ἐδέξω,
3589 3013 3772 3070 ταῦτα

2165 3111 2274 3167 ma
2305 3110 2536 3167 σεαυτοῦ
2561 3112 2912 3184 ποιούμενος.
2947 3112 3010 3167 Εἰ
3040 3114 3069 3167 6
3111 3111 3210 3184 μὲν
3241 3107 3599 3180 ἐνδεδυμένον
3625 3106 3772 3161 ἀπο·

2087 3247 2130 3306 c
2165 3204 2414 3275 γυμνῶν,
2442 3204 2763 3278 λωποδύτης
2788 3203 3280 3278 ὀμολογηθήσεται,
3310 3203 3340 3256 6
3367 3200 3428 3255 δέ
3448 3199 3664 3272 γυμνὸν
3689 3198 3772 3306 μὴ

2162 3297 2384 3363 ἐνδύων,
2410 3298 2715 3369 δυνάμενος
2749 3297 2911 3354 τοῦτο
2939 3299 3137 3365 ποιεῖν,
3181 3295 3351 3367 ἄλλης
3385 3291 3772 3366 προσηγορίας

2164 3391 2284 3445 ἐστὶ
2303 3390 2488 3459 ᾶξιοςς
2520 3390 2630 3446 Τοῦ
2664 3391 2962 3456 πεινῶντος
2991 3391 3144 3446 ἐστιν
3169 3391 3200 3444 6
3222 3389 3412 3462 ἄρτος,
3446 3386 3508 3442 δν
3546 3387 3614 3441 σὺ
3641 3401 3773 3440 κατ-

2164 3483 2348 3555 ίχειςο
2383 3483 2478 3537 τοῦ
2501 3484 2965 3556 γυμνητεύοντος,
3005 3482 3069 3537 τδ
3115 3482 3357 3553 ἱμάτιον,
3399 3480 3430 3534 δ
3459 3480 3526 3534 σὺ
3560 3477 3773 3548 φυλάτ-

2163 3589 2282 3637 τεις
2314 3574 2375 3628 ἐν
2412 3574 2728 3648 ἀποθήκαις
2748 3591 2763 3606 ο
2798 3575 2896 3630 τοῦ
2929 3574 3294 3645 ἀνυποδήτου,
3326 3572 3390 3627 τὸ
3430 3571 3715 3641 ὑπόδημα,
3742 3568 3775 3622 ὃ

2165 3666 2320 3737 παρά
2346 3668 2432 3722 σοὶ
2460 3669 2866 3741 κατασήπεται.
2895 3667 3006 3723 Τοῦ
3044 3667 3343 3741 χρῄζοντος
3368 3665 3431 3720 τὸ
3474 3663 3770 3736 ἀργύριον,

2165 3757 2194 3812 δ
2239 3760 2563 3833 κατώρυξας
2589 3762 2763 3834 -εχεις
2802 3779 2818 3794 ·

2169 3855 2436 3926 παρέχειν
2464 3855 2720 3926 ἡδύνασο.

2855 3761 3000 3818 ὥστε
3044 3761 3325 3825 τοσούτοις
3374 3759 3607 3824 ἀδικεῖς,
3642 3757 3774 3813 ὅσον

469 3936 713 3994 retines:
741 3935 878 3992 nudi
903 3944 991 3994 est
1017 3934 1404 3993 vestimentum
1421 3933 1645 4006 quodin
1670 3949 1800 3992 arca
1825 3950 2054 4010 servas;
2086 3949 2393 4006 excalceati
2425 3958 2558 4007 sunt
2593 3950 2672 4006 illi
2703 3949 2876 4006 calcei
2924 3948 3020 4021 qui
3089 3947 3233 4020 apud
3285 3956 3342 4004 te
3401 3957 3775 4014 corrumpun—

463 4041 590 4098 llll';
625 4031 844 4102 caelis
881 4030 1118 4101 denique
1160 4043 1362 4084 aurum
1410 4029 1552 4085 illud
1606 4028 1758 4101 quod
1794 4029 1950 4088 humi
2007 4034 2305 4098 defossum
2367 4044 2561 4101 habes.
2649 4044 2731 4099 Ac
2810 4041 3046 4114 proinde
3105 4048 3186 4097 tot
3249 4038 3506 4096 homines
3563 4033 3774 4107 injuria

463 4123 657 4190 silicis,
687 4135 824 4195 quot
856 4129 988 4180 sunt
1015 4123 1221 4194 quibus
1243 4122 1362 4178 haec
1379 4122 1630 4194 praebere
1664 4133 1912 4195 poteras.

537 4217 680 4274 Ibid.
707 4248 781 4259 —
829 4218 975 4284 Quid
1005 4219 1230 4274 tandem
1275 4224 1384 4283 est,
1415 4231 1450 4272 ο
1485 4216 1653 4284 bone,
1685 4221 1836 4289 quod
1871 4222 2064 4292 prohi-

2246 4227 2312 4280 Τί
2337 4227 2400 4281 τὸ
2431 4225 2664 4293 κωλύον,
2694 4219 2742 4282 ὦ
2769 4226 3050 4300 ἄνθρωπε,
3085 4224 3227 4299 πρὸς
3263 4225 3366 4295 τὴν
3393 4224 3723 4298 μετάδοσιν;
3748 4227 3777 4281 6

463 4313 909 4385 beatquominus
941 4311 1046 4383 piae
1073 4309 1357 4381 largitioni
1389 4309 1659 4367 studeas?
1692 4310 1910 4383 Egerius
1939 4315 2056 4372 tabe

2173 4317 2377 4374 πεινῶν
2416 4321 2676 4392 τήκεται·
2725 4321 2755 4374 6
2803 4319 3165 4393 γυμνητεύων
3199 4321 3498 4394 πήγνυται,
3535 4321 3570 4374 6
3597 4321 3776 4376 ἀπαιο

461 4406 839 4472 consumitur,
870 4404 1053 4460 nudus
1085 4401 1291 4475 frigore
1333 4402 1585 4474 rigescit,
1624 4405 1918 4460 mendicus
1948 4404 2066 4459 suf-

2171 4409 2436 4481 τούμενος
2465 4411 2719 4482 ἀγχεται,
2755 4413 2941 4468 καὶσὺ
2987 4413 3087 4482 τὴν
3121 4413 3501 4485 ἐλεημοσύνην
3550 4411 3636 4478 εἰς
3674 4412 3776 4482 τὴν

467 4500 716 4563 (ocatur;
780 4504 836 4552 et
889 4504 950 4552 tu
1002 4496 1416 4566 eleemosynam
1471 4496 1529 4550 in
1589 4503 1875 4565 posteram
1915 4496 2056 4552 diem

2171 4501 2362 4574 αὔριον
2394 4504 2721 4571 ἀναϐάλλεις
2741 4523 2758 4573 ;

462 4590 652 4661 rejieis
669 4590 694 4645 ?

536 4681 730 4747 Eiusd.
759 4681 901 4736 liam.
932 4679 1014 4736 Ad
1046 4681 1199 4736 divit.
1231 4709 1303 4722 -
1325 4679 1528 4738 Omnia
1561 4679 1620 4735 in
1657 4681 1777 4734 auri
1805 4687 2059 4737 naturam

463 4773 667 4828 mutari
693 4784 878 4844 Optas.
917 4772 1059 4840 Quid
1086 4773 1238 4830 enim
1281 4779 1370 4828 est
1409 4771 1561 4841 quod
1595 4770 1719 4825 auri
1750 4785 1920 4829 causa
1951 4788 2059 4828 non

467 4865 718 4922 moveas?
750 4864 1094 4921 frumentum
1125 4865 1224 4920 tibi
1259 4864 1316 4918 in
1353 4877 1554 4918 aurum
1582 4862 1837 4928 elicitur,
1867 4865 2058 4920 vinum

468 4956 524 5009 in
574 4971 773 5012 aurum
833 4958 1167 5023 concrescit,
1226 4957 1369 5012 lana
1416 4956 1473 5011 in
1509 4971 1708 5012 aurum
1741 4966 2056 5014 veniretur.

467 5045 748 5116 Quidquid
813 5047 1293 5111 comminiscaris,
1354 5061 1555 5102 aurum
1619 5047 1717 5104 tibi
1769 5051 2054 5106 conciliat.

464 5138 764 5208 lpsummet
799 5153 999 5195 aurum
1027 5139 1274 5210 seipsum
1306 5151 1553 5209 generat,
1617 5139 1905 5200 fenoribus
1946 5147 2059 5200 sci-

461 5232 594 5286 licet
636 5232 789 5287 varie
825 5233 1278 5304 multiplicatum.
1323 5232 1487 5289 Nlla
1544 5235 1777 5292 satietas
1830 5237 2055 5306 accidit,

463 5325 612 5378 nulla
652 5325 930 5396 reperitur
959 5334 1105 5381 meta
1141 5326 1486 5397 cupiditatis.

533 5413 682 5472 Ibid.
709 5445 782 5457 —-
811 5417 1033 5484 Quanto
1087 5419 1284 5489 opibus
1315 5418 1561 5490 ουτοι-ῖς,
1609 5435 1680 5477 eo
1713 5422 1896 5494 magis
1922 5421 2058 5477 eba-

465 5509 630 5564 ritate
649 5509 938 5567 minueris.
975 5508 1120 5578 Quid
1149 5525 1374 5578 mares,
1406 5528 1441 5568 ο
1472 5512 1661 5581 bomo,
1685 5514 1897 5570 caduca
1931 5528 2060 5585 pro-

454 5600 678 5670 ﬁciens,
709 5611 766 5658 et
791 5603 1064 5658 calorum
1093 5618 1325 5676 regnum
1356 5604 1676 5676 recipiens?
1699 5605 1816 5660 Cur
1845 5604 2057 5676 petenti

459 5703 650 5765 negas,
689 5702 745 5749 et
791 5695 926 5750 dare
965 5711 1212 5761 recusas,
1271 5711 1400 5752 cum
1450 5697 1672 5752 interim
1728 5697 2056 5754 innumeros

457 5794 776 5854 sumptuum
847 5787 1174 5843 occasiones
1255 5787 1588 5844 meditaris?
1651 5787 1797 5854 Quid
1879 5786 2055 5859 iudici

393 5878 410 5896 ‘
459 5879 843 5947 respomiebis,
881 5881 975 5952 qui
1008 5883 1246 5952 parietes
1270 5881 1468 5946 vestis,
1498 5895 1608 5940 nec,
1636 5878 1916 5938 hominem
1965 5879 2053 5942 iu-

2091 4570 2144 4630 D

2239 4680 2388 4758 Εύχῃ
2416 4680 2487 4736 τὰ
2521 4681 2706 4738 πάντα
2733 4680 2872 4755 πρὸς
2900 4681 3002 4753 τὴν
3031 4681 3125 4737 τοῦ
3149 4680 3361 4754 χρυσοῦ
3397 4682 3568 4752 φύσιν
3602 4695 3777 4750 μετα-

2170 4773 2461 4846 ϐληθῆναι.
2496 4774 2666 4829 Ποίαν
2697 4775 2757 4829 δὲ
2797 4774 3046 4852 μηχανὴν
3075 4773 3167 4829 διά
3190 4772 3284 4827 τὸν
3317 4771 3523 4846 χρυσὸν
3557 4771 3662 4825 οὐκ
3691 4773 3769 4823 ἐνο

2169 4869 2344 4934 νοεῖς;
2374 4870 2404 4924 6
2431 4869 2580 4931 σῖτος
2615 4866 2818 4939 χρυσός
2840 4883 2925 4920 σοι
2947 4866 3184 4935 γίνεται,
3221 4867 3253 4920 6
3279 4860 3424 4929 οἶνος
3443 4865 3528 4929 εἰς
3563 4861 3770 4935 χρυσὸν

2171 4959 2613 5031 μεταπήγνυται,
2636 4959 2706 5014 τά
2725 4958 2850 5030 εριά
2875 4975 2960 5014 σοι
2984 4955 3400 5030 ἀποχρυσοῦται
3419 4973 3437 4990 ·
3459 4958 3614 5010 πᾶσα
3639 4954 3765 5009 ἐπί-

2168 5067 2290 5106 νοια
2340 5051 2544 5122 χρυσόν
2587 5068 2670 5105 σοι
2715 5050 3006 5123 προσάγει.
3063 5050 3238 5114 Αὐτὸς
3281 5048 3478 5103 ἑαυτὸν
3506 5047 3537 5101 6
3566 5046 3774 5120 χρυσὸς

2168 5143 2447 5215 ἀπογεννᾷ
2503 5143 3093 5214 πολυπλασιαζύμενον
3143 5144 3203 5196 ἐν
3255 5141 3611 5212 δανείσμασι,
3675 5139 3773 5194 καὶ

2167 5235 2330 5306 κόρος
2365 5236 2470 5291 οὐκ
2517 5235 2656 5300 ἔστι,
2701 5236 2798 5290 καὶ
2851 5235 2915 5300 τὸ
2951 5234 3107 5299 τέλος
3151 5234 3252 5307 τῆς
3306 5231 3616 5304 ἐπιθυμίας
3669 5231 3771 5287 οὐκ

2167 5329 2567 5401 ἐξευρίσκεται.
3057 5375 3060 5380 .

2241 5423 2396 5494 Ὅσῳ
2429 5420 2754 5487 πλεονάζεις
2785 5420 2866 5492 τῷ
2896 5420 3122 5489 πλούτῳ
3143 5460 3160 5486 ,
3203 5414 3462 5470 Ιτοσοῦτον
3493 5411 3770 5475 ἐλλείπεις

2165 5519 2232 5588 τῇ
2281 5517 2499 5589 ἀγάπῃ.
2542 5515 2644 5570 Διά
2697 5515 2750 5569 τί
2800 5514 3056 5584 ἀθυμεῖς,
3114 5503 3163 5564 ὧ
3214 5506 3500 5578 ἄνθρωπε,
3545 5504 3769 5577 φθαρτά

2166 5607 2516 5680 προϊέμενος,
2539 5607 2639 5660 καὶ
2686 5605 2972 5677 βασιλειαν
3003 5598 3256 5672 οὐρανῶν
3299 5596 3768 5666 ἀντιλαμϐάνων;

2167 5699 2266 5752 Διά
2288 5699 2340 5752 τί
2365 5700 2506 5771 ἀρνῇ
2535 5699 2629 5752 τὸν
2665 5696 2925 5751 αἰτοῦντα
2948 5738 2962 5762 ,
3011 5693 3108 5748 καὶ
3147 5688 3426 5761 ἀπαναίνῃ
3459 5687 3561 5760 τὴν
3593 5686 3767 5752 δόσιν,

2169 5791 2373 5862 μυρίας
2408 5789 2714 5862 προφάσεις
2735 5787 3114 5858 ἀναλωμάτων
3132 5782 3405 5848 ἐπινοῶν;
3437 5779 3507 5835 Τί
3528 5780 3767 5850 ἀποκριο

2165 5882 2308 5952 θήσῃ
2341 5880 2421 5951 τῷ
2450 5883 2636 5952 κριτῇ,
2667 5883 2696 5935 6
2725 5881 2852 5944 τοὺς
2882 5879 3100 5949 τοίχους
3127 5871 3504 5949 ἀμφιεννύων,
3539 5871 3764 5942 ἀνθρω-
