4028 6396
363 420 500 489 H35

1635 412 1873 476 saeua
1909 399 2378 478 PARALLELA.’

3483 416 3641 480 ’1486

361 558 464 594 πον
483 539 585 592 οὐκ
611 533 816 597 ὲνδύεις
843 550 857 598 ;
881 533 910 584 ὁ
936 530 1061 593 τοὺς
1089 527 1287 592 ἵππους
1323 524 1566 598 κοσμῶν,
1602 528 1692 580 τὸν
1719 525 1941 595 ιειδελτνδκ¹

2053 520 2222 577 duis?
2247 521 2340 591 qui
2373 536 2548 592 equos
2597 539 2784 590 ornas,
2836 531 2889 580 et
2914 521 3143 580 fratrem
3181 523 3441 580 indecere
3471 531 3640 584 vesti-

243 619 260 630 .
359 627 783 703 ἀσχημονοῦντα
839 623 1138 696 περιορᾷς;
1195 623 1224 676 ὁ
1268 622 1603 692 κατασήπων
1643 620 1734 672 τὸν
1780 621 1946 684 σῖτον,

358 728 489 788 τοὺς
513 721 817 783 πεινῶντας
849 719 910 771 οὐ
943 716 1198 788 τρέφεις-ς
1232 717 1260 768 ό
1294 716 1386 768 τὸν
1435 709 1636 786 χρυσὸν
1684 713 1951 783 κατορύσ-

359 833 495 882 σων,
525 813 622 867 τοῦ
653 809 958 881 ἀγχομένου
989 805 1384 876 καταφρονεές

436 991 648 1060 ’Ὠσπερ
678 989 728 1042 οἱ
757 988 854 1050 τὰς
892 986 1172 1056 κλίμακας
1213 983 1600 1048 ἀναϐαίνοντες
1627 1022 1642 1048 ,
1684 984 1774 1037 ἀεὶ
1813 984 1950 1055 πρὸς

353 1086 459 1157 τὴν
489 1082 902 1154 ὑπερκειμένην
950 1078 1187 1151 βαθμίδα
1240 1078 1302 1132 τὸ
1352 1079 1502 1148 ἴχνος
1554 1076 1828 1150 αἴροντες,
1887 1078 1947 1130 οὐ

355 1173 630 1245 πρότερον
676 1171 946 1235 ἵστανται,
997 1169 1130 1241 πρὶν
1169 1168 1238 1223 ἂν
1270 1169 1372 1240 τῆς
1420 1169 1598 1240 ἀρχῆς
1619 1168 1945 1238 ἐφίκωνται,

353 1265 504 1320 οὕτω
524 1265 648 1320 οὐδὲ
675 1266 724 1318 οἱ
754 1264 1002 1318 πλούσιοι
1037 1261 1340 1324 παύονται,
1365 1262 1468 1326 ἕως
1516 1261 1584 1316 ἂν
1615 1261 1945 1331 ὑψωθέντες,

354 1357 470 1413 ἀπὺ
491 1358 586 1412 τοῦ
617 1355 915 1427 πτώματος
946 1355 1172 1420 ἑαυτοὺς
1206 1354 1650 1426 καταρρήξωσιν.

425 1617 576 1678 Ὀσα
635 1622 827 1694 βλέπει
876 1624 906 1676 ό
964 1622 1266 1694 ὀφθαλμὸς,
1326 1621 1567 1680 τοσαῦτα
1619 1622 1883 1695 ἐπιθυμεῖ
1918 1623 1946 1675 ό

354 1716 712 1785 πλεονέκτης.
743 1715 822 1770 Οὐ
871 1715 1250 1787 πλησθήσεται
1282 1717 1311 1772 ὀ
1347 1714 1629 1786 ὀφθαλμὸς
1662 1715 1760 1772 τοῦ
1791 1717 1943 1788 ὀρᾷν,

355 1813 454 1874 καὶ
503 1812 564 1864 οὐ
597 1810 995 1881 κορεσθήσεται
1029 1809 1371 1880 φιλάργυρος
1405 1809 1502 1864 τοῦ
1525 1808 1849 1878 λαμϐάνειν.
1887 1809 1944 1865 ’0

2054 625 2172 670 tum
2205 614 2476 686 negligis?
2529 621 2624 688 qui
2680 619 3017 674 frumentum
3065 620 3354 691 corrumpi
3391 620 3554 685 sinis,
3585 633 3638 676 ot

2051 706 2198 762 fame
2231 706 2546 765 laborantes
2586 709 2756 782 486
2792 726 2900 768 non
2951 712 3104 767 alis?
3131 713 3249 783 qui,
3279 728 3405 769 cum
3441 730 3638 770 aurum

2053 810 2216 856 terrm
2268 797 2528 868 infodias,
2566 818 2693 858 eum
2745 803 2841 874 qui
2900 805 3044 861 fame
3074 804 3407 875 praefocatur
3447 820 3645 878 asper;

2051 893 2203 950 naris
2219 894 2243 947 ἲ

2124 987 2266 1044 Ibid.
2298 1019 2369 1032 σ-
2398 987 2876 1056 Quemadmodum
2922 990 3020 1058 qui
3069 989 3265 1046 scalas
3301 991 3634 1055 ascendunt,

2049 1091 2269 1148 seraper
2303 1078 2372 1133 ad
2407 1077 2792 1134 sublimiorem
2837 1079 3070 1150 gradum
3103 1079 3294 1147 pedem
3319 1081 3637 1148 elicrcntes,

2051 1184 2162 1225 non
2195 1171 2350 1242 prius
2375 1172 2690 1228 consistunt
2719 1187 2888 1242 quam
2936 1171 3004 1230 ad
3061 1187 3378 1243 supremum
3409 1175 3640 1244 gradum

2051 1266 2420 1335 pervenerint,
2449 1264 2642 1321 eodem
2673 1265 2840 1322 modo
2887 1280 2990 1322 nec
3029 1265 3232 1322 divites
3263 1265 3643 1336 congerenda-

2050 1371 2174 1410 rum
2203 1370 2367 1425 opum
2391 1356 2551 1410 tinem
2577 1354 2808 1418 faciunt,
2827 1368 3120 1430 quousque
3144 1356 3204 1412 in
3216 1355 3484 1413 altissima
3517 1371 3643 1427 pro-

2048 1445 2187 1500 vecti
2221 1460 2348 1500 cum
2386 1445 2612 1512 iuerint,
2639 1461 2671 1502 e
2705 1445 2928 1503 sublimi
2959 1453 3214 1516 ruentes,
3257 1447 3470 1518 seipsos
3493 1462 3645 1506 com-

2048 1537 2320 1592 minuant.

2121 1627 2263 1683 Ibid.
2297 1657 2370 1668 —-
2393 1623 2676 1691 Quantum
2701 1629 2896 1684 oculus
2939 1631 3225 1702 prospicit,
3251 1639 3472 1688 tantum
3501 1649 3632 1705 quo-

2047 1737 2155 1793 que
2185 1735 2392 1777 avarus
2412 1722 2782 1792 concupiscit.
2815 1721 2932 1778 Non
2959 1725 3256 1780 satiabitur
3279 1727 3476 1784 oculus
3496 1728 3640 1792 visu,

2045 1828 2150 1870 nec
2181 1813 2678 1885 pecuniiccupidus
2702 1814 3030 1884 accipiendo
3053 1816 3371 1872 satiabitur.
3395 1816 3643 1887 infernus

353 1903 510 1970 ᾅδης
532 1904 644 1958 οὐκ
663 1899 852 1956 εἶπεν
892 1901 1094 1970 Ἀρκεῖ,
1117 1901 1237 1956 οὐδὲ
1261 1901 1292 1954 ὁ
1311 1901 1648 1972 πλεονέκτης
1669 1897 1792 1956 εἶπέ
1815 1919 1941 1956 ποτε

2048 1920 2320 1975 nuriun
2342 1904 2517 1968 dixit;
2551 1901 2755 1974 Suﬁicit
2778 1902 2963 1976 (Prov.
2991 1921 3121 1972 nx,
3157 1904 3286 1975 16);
3324 1921 3423 1964 nec
3441 1923 3646 1964 avarus

351 1997 438 2055 τὺ,
482 1995 685 2066 Ἀρκεῖ.
721 1994 858 2047 Πότε
885 1993 1065 2066 χρήσῃ
1094 1987 1204 2056 τοῖς
1232 1993 1532 2065 napo-36w;
1565 1994 1700 2048 πότε
1725 1993 1783 2048 δὲ
1811 1994 1946 2048 ἀιστο-

2047 1996 2189 2052 dixit
2218 2011 2464 2068 unquam
2499 2015 2510 2050 :
2537 1997 2686 2053 Satis
2720 2005 2826 2053 est.
2870 1996 3103 2064 Quando
3132 2000 3503 2069 praesentibus
3526 2012 3648 2057 tan-

352 2088 568 2160 λαύσῃς
594 2087 804 2152 αὐτῶν,
833 2087 920 2142 ἀεὶ
949 2088 1060 2150 τοῖς
1093 2086 1282 2149 πόνοις
1307 2086 1409 2155 τῆς
1439 2085 1672 2149 κτίσεως
1721 2086 1941 2156 συνεχό-

2048 2087 2174 2144 dem
2212 2088 2429 2144 uteris?
2466 2089 2692 2158 quando
2749 2088 2864 2144 illis
2931 2087 3161 2154 frueris,
3197 2090 3292 2160 qui
3325 2105 3546 2163 semper
3587 2091 3645 2148 in

357 2197 524 2252 μενος
558 2197 572 2246 ;
607 2179 745 2234 Οὐαὶ
778 2181 889 2243 τοῖς
943 2179 1308 2234 συνάπτουσιν
1341 2177 1520 2234 οἰκίαν
1562 2178 1702 2249 πρὸς
1741 2179 1943 2244 οἰκίαν,

356 2273 452 2326 καὶ
483 2272 656 2344 ἀγρὸν
682 2271 820 2344 πρὸς
848 2270 1018 2340 ἀγρὸν
1068 2268 1405 2338 ἐγγίζουσιν,
1457 2270 1545 2325 ἵνα
1573 2270 1667 2328 τοῦ
1713 2271 1944 2342 πλησίον

355 2364 664 2435 ἀφέλωνται
696 2382 768 2418 τι.
794 2363 866 2417 Σὺ
893 2363 949 2416 δὲ
979 2363 1030 2417 τί
1060 2364 1363 2429 ποιέἶςςοῦ
1395 2361 1715 2436 προφασίζῃ
1747 2365 1942 2434 μυρία,

356 2457 443 2510 ἵνα
469 2455 641 2527 λάϐῃς
668 2454 739 2507 τὰ
759 2454 854 2508 τοῦ
881 2453 1144 2524 πλησίονς
1183 2454 1494 2508 Ἐπισκοτεῑ
1526 2471 1639 2523 μοι,
1663 2454 1819 2523 φησι,
1848 2453 1943 2508 τοῦ

355 2551 601 2619 γείτονος
633 2550 666 2619 ή
695 2546 846 2604 οἰκία
867 2588 883 2611 ,
925 2545 1188 2619 θορύϐους
1234 2545 1464 2617 ἐνίησιν,
1504 2545 1540 2616 ἢ
1573 2545 1632 2599 τὸ
1664 2547 1946 2617 πεπλανη-

358 2642 522 2713 μένον
571 2641 933 2711 ὑποδέχεται·
987 2640 1023 2708 ἢ
1071 2639 1162 2699 ,ὅτι
1211 2638 1278 2694 ἂν
1328 2637 1482 2708 τύχοι
1529 2639 1940 2711 αἰτιασάμενος,

355 2734 754 2807 περιελαύνων,
795 2733 890 2790 καὶ
918 2731 1138 2798 ὲξωθῶν
1157 2769 1174 2796 ,
1203 2733 1299 2786 καὶ
1325 2731 1498 2787 ἕλκων
1523 2731 1633 2797 ἀεὶ,
1673 2732 1768 2786 καὶ
1801 2749 1943 2786 σπα-

357 2829 598 2901 ράσσων,
654 2827 718 2882 οὐ
761 2827 1029 2896 πρότερον
1079 2823 1372 2889 παύσεται,
1406 2823 1537 2896 πρὶν
1584 2822 1650 2878 ἂν
1683 2823 1943 2895 ἐπαγάγῃ

353 2921 543 2982 αὐτοῖς
571 2918 823 2989 ἀνάγκην
856 2916 1302 2979 ἐπαναστάσεως.
1355 2915 1420 2969 Τί
1473 2913 1652 2970 τοίνυν
1698 2915 1945 2968 Ναϐουθὲ

354 3012 445 3068 τὸν
487 3011 836 3084 ἰσραηλίτην
873 3007 1388 3078 ἀπέκτεινεν;οὑχί
1421 3006 1516 3060 τοῦ
1575 3006 1782 3077 ’Δχαάϐ
1822 3007 1946 3060 ἐπι-

353 3104 528 3176 θυμία
569 3103 665 3160 τοῦ
714 3101 1069 3172 ἀμπελῶνος,;
1118 3099 1360 3171 Πονηρὸς
1404 3099 1464 3153 ἐν
1487 3098 1640 3154 πόλει
1672 3098 1941 3163 σύνοικος,

354 3196 588 3269 πονηρὸς
618 3198 674 3250 ὲν
708 3197 902 3267 ἀγροῖς
925 3195 954 3248 ὁ
978 3192 1333 3262 πλεονέκτης,
1375 3191 1439 3244 Ἠ
1462 3191 1707 3246 Θάλασσα
1734 3187 1844 3245 οἶδε
1876 3190 1944 3247 τὰ

353 3292 481 3362 ὅρια
512 3289 746 3360 ἑαυτῆς,
795 3289 828 3360 ή
874 3286 979 3357 ⁸νξιξ
1011 3287 1111 3356 ούχ
1148 3284 1469 3356 ὑπερϐαίνει
1512 3282 1796 3355 ὁροθεσίας
1838 3285 1940 3354 ἀρ-

353 3384 517 3454 χαίας
539 3401 550 3415 ·
589 3384 618 3437 ὁ
645 3381 978 3450 πλεονέκτης
1009 3380 1111 3432 οὑκ
1139 3377 1366 3431 αἰδεῖται
1390 3378 1605 3448 χρόνον,
1638 3377 1700 3430 οὐ
1734 3377 1940 3452 γνωρί-

351 3477 437 3541 ζει
466 3477 617 3547 ὅρον,
653 3475 716 3527 οὒ
749 3474 1026 3544 συγχωρεῖ
1053 3468 1353 3541 ἀκολουθίᾳ
1375 3469 1652 3540 διαδοχῆς,
1679 3468 1818 3525 ἀλλά
1847 3487 1940 3540 μι-

353 3570 540 3638 μεῖται
571 3567 664 3620 τοῦ
700 3565 872 3636 πυρὸς
916 3564 1017 3635 τήν
1063 3563 1187 3633 βίαν
1209 3578 1222 3593 ·
1255 3563 1434 3616 πάντα
1482 3561 1940 3632 ἐπιλαμϐάνεται,

352 3661 537 3716 πάντα
568 3659 916 3728 ἐπινέμεται.
935 3657 1050 3712 Καὶ
1075 3657 1269 3727 ὥσπερ
1291 3656 1342 3710 oi
1374 3656 1614 3726 ποταμοὶ
1644 3657 1708 3708 ὲκ
1736 3656 1943 3727 μικρᾶς

350 3755 452 3826 τῆς
476 3751 704 3825 πρώτης
732 3753 909 3823 ἀρχῆς
935 3749 1290 3822 ὁρμηθέντες,
1319 3743 1441 3802 εἶτα
1469 3750 1591 3812 ταῖς
1619 3750 1738 3802 κατ’
1763 3747 1944 3817 ὀλίγον

351 3845 698 3917 προσθήκαις
729 3843 1105 3898 ἀνυπόστατον
1131 3840 1390 3903 λαϐόντες
1429 3839 1529 3911 τὴν
1575 3837 1829 3911 αὔξησιν,
1865 3839 1945 3912 τῷ

350 3940 514 4010 βιαίῳ
545 3937 644 4007 τῆς
673 3937 844 4008 φορᾶς
875 3935 935 3989 τὸ
954 3934 1306 4006 ἐνιστάμενον
1335 3930 1738 4004 παρασύρουσι.

418 4206 484 4259 Τί
501 4199 594 4258 οὖν
616 4203 755 4276 μετά
774 4202 948 4258 ταῦτα
972 4201 1138 4273 ;Οὐχί
1160 4201 1308 4272 τρεῖς
1327 4217 1385 4254 σε
1413 4199 1609 4273 πήχεις
1639 4197 1946 4269 ἀναμένου-

350 4315 435 4352 σιν
453 4299 502 4351 οί
525 4299 760 4364 πάντες.;
779 4297 902 4367 οὐχὶ
933 4293 1101 4349 λίθων
1128 4293 1324 4362 ὀλίγων
1350 4292 1515 4365 βάρος
1538 4291 1764 4364 ἀρκέσει
1806 4289 1945 4362 πρὸς

348 4391 600 4461 φυλακὴν
617 4392 681 4461 τῇ
702 4389 951 4461 δυστήνῳ
974 4387 1167 4459 caput;
1187 4387 1328 4458 ὑπὲρ
1346 4386 1490 4448 τίνος
1520 4384 1742 4456 μοχθεῖς
1764 4402 1781 4452 ;
1801 4384 1943 4456 ὑπὲρ

345 4484 491 4546 τίνος
517 4483 888 4553 παρανομεῖςς
910 4479 962 4533 τί
985 4479 1236 4547 συνάγεις
1285 4476 1472 4550 χερσὶν
1503 4477 1807 4548 ἁκαρπίαν;
1831 4469 1943 4527 εἴθε

2039 2181 2378 2252 acquirendi
2407 2180 2598 2236 labore
2623 2180 3000 2237 distraheris?
3030 2181 3123 2237 Vae
3152 2184 3251 2253 qui
3296 2182 3648 2255 coniungunt

2047 2274 2276 2330 domum
2297 2275 2510 2342 domui,
2535 2285 2588 2332 et
2607 2291 2804 2346 agrum
2829 2290 2964 2346 agro
2994 2276 3279 2347 copulant,
3304 2289 3362 2332 ut
3392 2279 3647 2348 proximo

2047 2366 2333 2438 quidpiam
2365 2368 2680 2424 detrahant.
2716 2367 2799 2423 Tu
2831 2377 3014 2427 autem
3040 2368 3174 2440 quid
3215 2369 3388 2428 iacis?
3418 2372 3502 2426 An
3536 2387 3646 2428 non

2046 2466 2341 2516 sescentas
2364 2460 2697 2518 occasiones
2733 2461 3011 2531 praeteris,
3042 2469 3102 2516 ut
3128 2462 3367 2534 proximi
3411 2461 3646 2519 faculta-

2047 2559 2130 2606 tes
2156 2551 2438 2621 accipias?
2463 2550 2648 2608 Vicini
2673 2553 2896 2617 domus,
2929 2553 3140 2623 inquis,
3176 2553 3485 2610 luminibus
3508 2554 3646 2611 meis

2047 2640 2234 2708 oilicit,
2265 2643 2538 2701 tumultus
2581 2643 2692 2699 ciet
2724 2661 2740 2710 ;
2772 2643 2825 2699 id
2880 2645 3026 2715 quod
3061 2645 3228 2701 domo
3253 2659 3372 2700 mea
3405 2645 3643 2713 aberrat,
3755 2655 3764 2661 ‘

2047 2737 2254 2808 excipit
2293 2755 2308 2804 ;
2337 2743 2433 2792 aut
2478 2737 2684 2808 aliquid
2728 2737 2879 2793 aliud
2903 2746 3184 2800 causatus,
3218 2753 3329 2793 non
3359 2753 3483 2792 eum
3515 2745 3646 2792 ante

2045 2829 2349 2898 exagitare,
2383 2841 2606 2894 vexare,
2637 2828 2877 2892 trahere,
2931 2836 3029 2882 aut
3081 2828 3359 2884 lacessere
3404 2825 3644 2894 desinis,

2047 2935 2213 2991 quam
2269 2920 2326 2974 in
2383 2922 2774 2984 necessitatem
2810 2919 3133 2987 adduxeris,
3173 2926 3238 2976 ut
3275 2933 3339 2974 ex
3367 2918 3488 2976 suis
3511 2918 3646 2974 tedi-

2039 3013 2153 3069 bus
2205 3012 2316 3068 alio
2370 3012 2592 3083 migret.
2635 3011 2779 3080 Quid
2828 3013 3003 3076 enim,
3060 3026 3274 3084 quaeso,
3337 2997 3675 3088 lsraelitami.

2049 3106 2204 3160 illum
2243 3103 2556 3161 Nabuthem
2609 3104 2931 3162 interemit?
2978 3120 3051 3161 an
3104 3121 3217 3161 non
3253 3104 3430 3163 vineae
3467 3097 3664 3176 ipsius

2048 3197 2349 3268 cupiditas,
2395 3213 2506 3268 qua
2557 3197 2749 3254 Achab
2813 3196 3081 3254 ardebat?
3131 3196 3309 3253 Malus
3378 3197 3433 3252 in
3488 3185 3663 3260 urbe,

2048 3289 2226 3346 malus
2276 3290 2392 3344 ruri
2443 3289 2868 3346 contubernalis
2917 3299 3003 3346 est
3049 3304 3274 3346 avarus.
3309 3287 3461 3344 Marc
3510 3289 3646 3343 lines

2045 3382 2298 3452 agnoscit
2329 3395 2486 3446 suos,
2525 3395 2633 3436 nox
2676 3389 2891 3438 veteres
2928 3380 3196 3438 terminos
3243 3395 3355 3436 non
3390 3378 3644 3446 excedit;

2046 3488 2102 3528 at
2126 3489 2325 3531 avarus
2353 3484 2466 3528 non
2501 3480 2776 3529 vetustate
2798 3481 3081 3540 movetur,
3117 3486 3229 3527 non
3269 3470 3475 3526 limites
3502 3470 3644 3536 ullos

2045 3568 2320 3640 agnoscit,
2353 3581 2467 3622 non
2492 3565 2872 3624 successionis
2903 3564 3065 3621 seriei
3095 3563 3350 3632 decedit;
3384 3563 3479 3619 sed
3504 3563 3647 3634 ignis

2045 3659 2315 3730 impetum
2371 3658 2645 3726 imitatur,
2694 3659 2883 3713 omnia
2937 3655 3170 3721 invadit,
3222 3657 3412 3712 omnia
3469 3669 3650 3726 popu-

2039 3754 2228 3818 latur,
2282 3760 2337 3808 et
2387 3751 2851 3823 quemadmodum
2910 3750 3098 3815 iluvii,
3158 3765 3284 3806 cum
3350 3765 3417 3805 ex
3476 3763 3647 3822 parvo

2046 3847 2152 3901 orti
2213 3844 2490 3916 principio
2518 3845 2653 3909 sint,
2707 3853 2822 3898 tum
2866 3841 3068 3898 deinde
3108 3857 3207 3912 per
3257 3839 3421 3896 tacita
3463 3840 3648 3895 incre-

2048 3949 2234 3993 menta
2259 3978 2275 4003 ,
2333 3934 2684 3992 intolerabile
2713 3933 2996 4006 quoddam
3043 3940 3404 4004 augmentum
3438 3931 3646 4001 adepti,

2047 4042 2247 4084 cursus
2304 4027 2390 4096 sui
2449 4027 2780 4097 rapiditate,
2836 4024 3132 4096 quidquid'
3160 4024 3397 4080 obsistat
3456 4039 3645 4079 secum

2045 4117 2299 4172 tralmnt.

2122 4208 2264 4264 Ibid.
2289 4238 2358 4248 —
2394 4207 2536 4277 Quid
2591 4222 2721 4279 ergo
2755 4205 3029 4278 posthac?
3059 4204 3320 4276 Nunquid
3367 4220 3480 4260 non
3536 4214 3646 4261 trcs

2045 4301 2320 4358 duntaxat
2357 4311 2518 4358 terrm
2557 4301 2734 4357 cubiti
2771 4309 2822 4354 te
2866 4298 3226 4370 exsiiectant?
3267 4315 3336 4354 an
3370 4313 3480 4354 non
3509 4313 3644 4370 pau-

2046 4411 2240 4450 corum
2291 4395 2537 4466 lapidum
2595 4393 2772 4449 moles
2808 4392 3186 4450 custodienda:
3226 4393 3442 4448 misera:
3487 4391 3639 4446 carni

2047 4486 2360 4542 suﬂicicnt?
2391 4487 2682 4557 cujusnam
2723 4488 2899 4557 gratia
2930 4484 3199 4540 laboras?
3249 4483 3410 4554 cujus
3464 4484 3639 4556 gratia

347 4575 770 4647 ἀκαρπίαν,καὶ
802 4573 878 4645 μὴ
911 4571 1044 4644 ὓλην
1065 4572 1267 4643 αἰωνίῳ
1294 4569 1540 4642 πυρί.ού
1580 4569 1771 4641 νήφεις
1812 4567 1941 4622 ποτὲ

2051 4576 2107 4630 in
2155 4576 2366 4632 scelera
2411 4575 2772 4647 prorumpis?
2825 4591 2929 4631 cur
2988 4575 3244 4631 manibus
3285 4574 3637 4630 sterilitatem

346 4671 456 4725 ἀπὸ
468 4670 570 4742 τῆς
592 4669 766 4742 μέθης
793 4669 1034 4738 ταύτης;
1061 4667 1162 4738 οὐχ
1178 4666 1423 4734 ὑγιανεῖς
1451 4665 1580 4728 τοὺς
1610 4663 1940 4735 λογισμούς;

343 4766 408 4820 οὐ
427 4764 655 4818 σεαυτοῦ
677 4765 881 4834 γενήσῃ
899 4779 912 4828 ;
927 4763 988 4816 οὐ
1007 4763 1114 4834 πρὸ
1133 4759 1431 4832 ὀφθαλμῶν
1445 4758 1593 4830 λήψῃ
1621 4758 1678 4812 τὸ
1697 4757 1790 4811 τοῦ
1806 4759 1849 4810 Χ
1861 4775 1944 4827 ρι-

347 4859 477 4914 στοῦ
499 4859 887 4929 δικαστήριον;
919 4857 985 4910 Τί
1032 4856 1372 4927 ἀπολογήσῃ,
1403 4853 1624 4908 ἐπειδάν
1660 4870 1720 4906 σε
1757 4850 1942 4922 κύκλῳ

345 4952 704 5022 περιστάντες
730 4951 783 5005 οἱ
802 4947 1126 5020 ἠδικημένοι
1147 4945 1460 5001 καταὸοῶσι
1491 4945 1593 5012 ἐπὶ,
1609 4943 1707 4998 ,τοῦ
1729 4943 1939 4998 δικαίου

343 5042 534 5116 κριτοῦ
563 5060 578 5109 ;
611 5043 676 5096 Τί
705 5037 798 5098 οὖν
828 5043 1114 5113 ποιήσεις;
1144 5039 1330 5100 ποίους
1363 5037 1700 5108 συνηγόρους
1735 5032 1941 5108 μισθώ-

343 5154 496 5204 σεις;
525 5137 714 5200 ποίους
745 5133 1482 5208 μάρτυραςπαραστήσεις,
1516 5131 1634 5196 πῶς
1665 5128 1944 5202 παραπεί-

341 5235 466 5294 σεις
505 5230 598 5285 τὸν
635 5229 1080 5302 ἀπαραλόγιστον
1126 5227 1424 5297 δικαστήν;
1476 5225 1578 5278 οὐκ
1638 5223 1719 5278 ἔνι
1753 5224 1940 5296 ῥήτωρ

339 5323 676 5384 sanctius“
736 5322 1032 5392 πιθανότης
1087 5321 1350 5391 ῥημάτων
1410 5317 1610 5388 κλέψαι
1660 5316 1937 5388 δυναμένη

339 5412 438 5467 τοῦ
461 5413 718 5468 δικαστοῦ
738 5414 838 5485 τὴν
854 5414 1140 5485 ἀλήθειαν.
1163 5413 1278 5466 Uine
1300 5409 1656 5466 ἀκολουθοῦσι
1682 5409 1934 5472 κόλακες,

337 5509 402 5562 οὐ
427 5507 497 5562 τὰ
521 5508 802 5578 χρήματα,
831 5507 942 5562 οὐδ’
979 5507 1144 5576 ὄγκος
1180 5505 1516 5576 ἀξιώματος.
1566 5503 1814 5575 Ἐρημος
1845 5502 1936 5570 φί-

338 5601 470 5663 λων,
507 5601 713 5672 ἕρημος
747 5600 981 5672 βοηθῶν,
1010 5601 1454 5672 άσυνηγόρητος,
1503 5595 1932 5667 ἀναπολόγητος,

338 5693 797 5763 κατῃσχυμμένος
823 5693 1238 5765 ἀπολειφθήσῃ,
1277 5689 1624 5762 σκυθρωπὸς,
1658 5689 1933 5760 κατηφὴς,

341 5787 752 5854 μεμονωμένος,
789 5787 1266 5859 ἀπαρρησίαστος.
1313 5786 1488 5840 Ὅπου
1520 5784 1630 5855 γὰρ
1680 5783 1746 5838 ἂν
1779 5800 1931 5854 περι-

337 5877 556 5951 «rem;
592 5879 684 5934 τὸν
719 5880 1025 5952 ὀφθαλμὸν,
1055 5883 1306 5952 ἐναργεῖς
1326 5880 1446 5936 ὕψει
1476 5880 1585 5937 τῶν
1613 5879 1803 5936 κακῶν
1833 5880 1929 5944 τὰς

2050 4668 2306 4739 colligis?
2330 4678 2498 4740 atque
2535 4668 2745 4722 utinam
2779 4667 3154 4732 sterilitatem,
3196 4673 3250 4721 et
3296 4682 3408 4722 non
3461 4665 3644 4736 potius

2049 4762 2339 4819 materiam
2392 4761 2505 4832 igni
2553 4759 2933 4831 sempiterno!
2961 4759 3044 4813 An
3082 4773 3198 4816 non
3248 4757 3545 4830 aliquando
3575 4773 3643 4813 ex

2047 4854 2153 4910 hac
2183 4853 2509 4910 temulentia
2535 4853 2829 4923 emerges?
2857 4867 2927 4907 an
2964 4866 3072 4906 non
3112 4851 3316 4907 mentis
3349 4850 3644 4910 sanitatem

2045 4944 2328 5016 recipies?
2375 4960 2446 5000 an
2479 4960 2590 5000 non
2625 4942 2694 4997 ad
2729 4943 2970 5013 teipsum
3000 4938 3249 4996 redibis?
3281 4956 3351 4994 an
3402 4955 3512 4993 non
3545 4937 3645 4991 tibi

2046 5047 2178 5095 ante
2202 5037 2398 5096 oculos
2430 5035 2640 5094 Christi
2689 5036 2936 5090 tribunal
2985 5033 3301 5104 proponcs?
3336 5032 3477 5099 Quid
3513 5047 3647 5086 cau-

2043 5141 2272 5190 saturus
2312 5143 2375 5184 es
2405 5143 2530 5184 cum
2565 5135 2616 5183 te
2656 5126 2901 5198 undique
2931 5128 3177 5197 cingent,
3208 5125 3304 5196 qui
3341 5125 3439 5180 abs
3478 5133 3532 5177 te
3563 5123 3646 5177 in-

2039 5225 2219 5297 jurias
2271 5229 2626 5292 acceperunt,
2677 5229 2732 5274 et
2784 5234 2973 5276 coram
3025 5218 3218 5289 judice
3266 5217 3558 5274 adversum
3596 5225 3648 5270 te

2043 5316 2536 5374 vociferabuntur?
2565 5312 2710 5381 Quid
2742 5328 2875 5385 ergo
2906 5311 3122 5368 facies?
3150 5313 3344 5382 quales
3378 5320 3648 5382 patronos

2042 5409 2362 5476 conduccs?
2391 5408 2586 5480 quales
2632 5415 2806 5464 testes
2839 5404 3170 5463 adhibebis?
3195 5419 3437 5475 quonam
3485 5411 3650 5476 pacto

2035 5503 2278 5574 judicem
2325 5501 2510 5564 illum,
2554 5500 2646 5556 cui
2698 5498 2907 5572 imponi
2961 5513 3071 5553 non
3113 5503 3320 5568 potest,
3355 5493 3647 5550 innectes?

2040 5593 2156 5651 Illic
2182 5594 2371 5650 nullus
2403 5600 2593 5648 orator
2628 5590 2830 5658 aderit,
2866 5590 3082 5646 nullum
3111 5588 3407 5645 verborum
3443 5587 3650 5642 lenoci-

2039 5689 2220 5753 nium,
2244 5688 2390 5758 quod
2418 5685 2595 5755 judici
2624 5688 2918 5742 veritatem
2960 5692 3128 5756 queat
3169 5681 3477 5751 subripere.
3527 5678 3650 5734 Non

2039 5783 2376 5838 comitantur
2401 5787 2801 5844 assentatores,
2827 5793 2938 5832 non
2977 5791 3131 5848 opes,
3167 5790 3275 5830 non
3309 5770 3646 5843 dignitatum

2041 5875 2238 5935 fastus.
2270 5873 2498 5932 Vacuus
2541 5872 2759 5934 amicis.
2789 5886 3006 5930 vacuus
3030 5864 3438 5948 ‘adjutoribus,
3490 5862 3646 5920 nullo
