4028 6402
419 405 560 474 148Ἰ

1637 400 1697 460 S.
1737 397 1772 460 J
1776 396 1978 460 OANN
1986 395 2059 458 IS
2097 397 2530 460 DAMASCENI

3573 403 3713 472 1488

418 519 736 595 patrocinio
767 516 1065 580 subnixus,
1090 512 1240 569 omni
1269 518 1632 590 escusatione
1657 525 1880 576 carens,
1915 525 2014 580 pu-

2121 507 2338 574 είκόνας
2359 526 2374 548 ο
2406 509 2563 566 ἐνθεν
2596 507 2692 564 τοῦ
2716 510 2952 583 οὐρανοῦ
2977 523 3048 567 τα
3079 504 3317 586 δάκρυα,
3346 517 3562 574 ἐκεῖθεν
3609 523 3712 592 τῆς

425 619 558 671 dore
586 613 832 671 suﬂ‘usus
855 609 1212 681 relinqueris,
1248 608 1450 674 tristis,
1481 613 1742 671 maestus,
1762 604 2018 660 desertus

419 712 494 766 ab
519 708 800 772 omnibus,
833 713 981 760 metu
1020 701 1360 774 proﬂigatus.
1383 691 1617 770 Quoquo
1656 697 1805 754 enim
1829 696 2019 752 oculo-

395 816 548 858 ‘rum
580 801 756 856 aciem
793 799 1162 865 converteris,
1215 796 1536 868 perspicuas
1573 792 1842 848 malorum
1873 789 2016 844 ima-

424 897 580 969 gines
612 910 850 952 cernes:
885 893 1016 948 hinc
1049 891 1248 963 pupilli
1291 890 1588 960 lacrymas,
1635 885 1788 939 illinc
1835 881 2018 938 vidua:

421 992 693 1062 gemitus;
738 987 966 1044 aliunde
993 999 1268 1058 pauperes
1299 998 1444 1055 quos
1470 979 1670 1052 pugnis
1708 975 2018 1034 contunde-

422 1085 547 1149 bas,
581 1081 814 1138 l'anmlos
833 1094 975 1154 quos
1003 1078 1194 1149 ﬂagris
1224 1074 1534 1139 lacerabas,
1571 1071 1784 1126 vicinos
1815 1068 2016 1141 quibus

423 1175 774 1232 stomachum
805 1172 1086 1229 movebas.
1120 1170 1284 1242 487
1303 1166 1501 1224 Omnia
1533 1165 1588 1220 in
1617 1172 1668 1219 te
1687 1164 2012 1232 insurgent:

414 1270 604 1326 malus
632 1278 687 1325 te
721 1268 1060 1340 ﬂagitiorum
1094 1275 1317 1320 tuorum
1343 1261 1548 1317 chorus
1568 1253 2014 1313 circumsidebit.

427 1361 586 1417 Velut
631 1362 782 1417 enim
833 1358 1026 1415 umbra
1083 1369 1322 1428 corpus,
1381 1354 1466 1409 sic
1523 1350 1740 1406 animas
1792 1354 2016 1420 peccata

411 1453 779 1520 comitantur,
811 1452 1016 1524 quibus
1044 1465 1134 1506 res
1169 1457 1339 1521 gestae
1371 1444 1670 1517 perspicue
1714 1454 2018 1512 repraesen-

422 1557 631 1602 tantur.
671 1545 1039 1613 Quamobrem
1069 1542 1259 1598 nullus
1307 1540 1421 1595 illic
1456 1533 1788 1593 inliciationi
1835 1533 2012 1598 locus,

416 1641 518 1696 sed
565 1655 628 1695 os
676 1638 971 1709 impudens
1004 1635 1317 1692 obturatur.
1376 1631 1514 1702 Ipsae
1565 1628 1715 1685 enim
1767 1625 2016 1681 actiones

419 1731 686 1787 adversus
715 1741 1169 1800 unumquemque
1207 1722 1586 1782 testimonium
1638 1718 1874 1774 dicunt:
1905 1730 2013 1771 non

419 1833 496 1877 ιιι·
512 1835 706 1877 vocem
731 1819 1009 1881 emlttant,
1052 1816 1150 1872 sed
1181 1821 1244 1871 ut
1292 1814 1431 1869 tales
1470 1817 1794 1883 appareant,
1822 1806 2015 1878 quales

2118 601 2296 672 χήρας
2342 601 2438 656 τὸν
2485 603 2829 674 στεναγμὸν,
2877 605 3150 678 ἑτέρωθεν
3181 610 3314 673 τοὺς
3369 613 3708 669 κατακονδυ-

2117 692 2404 758 λισθέντας
2452 693 2562 750 ἀπὸ
2609 694 2706 748 σοῦ
2742 695 3020 769 πένητας,
3052 699 3182 763 τοὺς
3211 701 3430 766 οἰκέτας
3452 702 3549 769 οὓς
3577 723 3714 760 κατ-

2118 782 2350 852 έξαινες,
2382 786 2634 856 γείτονας
2663 786 2756 852 οὓς
2790 789 3171 862 παρὼργιζες,
3193 793 3372 848 πάντα
3399 812 3484 849 σοι
3510 798 3714 854 ἐπανα-

2118 879 2404 950 στήσεται·
2455 878 2696 953 πονηρὸς
2730 881 2892 953 χορὸς
2935 882 3048 936 τῶν
3101 885 3293 940 κακῶν
3327 903 3423 941 σου
3453 890 3715 962 πράξεων

2119 971 2604 1043 περιστοιχήσεταί
2652 989 2755 1027 σοι.
2800 973 3013 1048 Ὥσπερ
3057 975 3167 1049 γὰρ
3225 979 3260 1051 ἠ
3314 981 3447 1034 σκιά
3484 981 3566 1052 τῷ
3603 983 3714 1038 σὼ-

2121 1079 2277 1134 ματι,
2308 1063 2455 1118 οὕτω
2483 1066 2606 1130 ταῖς
2633 1065 2836 1137 ψυχαῖς
2875 1067 3149 1139 ἁμαρτίαι
3170 1073 3538 1142 παρέπονται,
3562 1076 3718 1147 ἐναρ-

2117 1151 2232 1222 γῶς
2263 1153 2364 1218 τάς
2396 1153 2628 1226 πράξεις
2660 1155 3048 1223 είκονίζουσαι.
3095 1160 3199 1215 Διά
3226 1161 3390 1216 τοῦτο
3430 1165 3534 1218 οὐκ
3567 1165 3718 1222 ἐστιν

2116 1246 2350 1319 ἄρνησις
2402 1249 2541 1314 ἐκεῖ,
2581 1247 2719 1303 ἀλλὰ
2764 1251 3072 1322 φράσσεται
3123 1254 3302 1325 στόμα
3330 1255 3714 1328 ἀναίσχυντον.

2116 1339 2266 1392 Αύτά
2302 1338 2412 1413 γὰρ
2438 1341 2674 1396 ἑκάστου
2701 1349 3124 1418 καταμαρτυρεῖ
3166 1347 3240 1402 τά
3278 1349 3614 1422 πράγματα,
3653 1352 3718 1405 ού

2117 1431 2302 1503 φωνὴν
2355 1433 2608 1503 ἀφιέντα,
2661 1434 2800 1490 ἀλλά
2844 1437 3074 1493 τοιαῦτα
3127 1443 3455 1509 φαινόμενα,
3490 1436 3580 1496 οἷα
3623 1441 3718 1513 ὑφ’

2115 1525 2277 1597 ἡμῶν
2323 1528 2789 1585 κατεσκεύασται.
2847 1530 2976 1596 Πῶς
3027 1548 3113 1585 σοι
3166 1531 3384 1604 δυνηθῶ
3441 1534 3534 1587 ὑπ’
3589 1535 3720 1604 ὄψιν

2115 1617 2349 1686 ἀγαγεῖν
2381 1618 2450 1673 τά
2502 1621 2744 1692 φρικτάς
2803 1621 2931 1677 Ἐἀν
2976 1622 3088 1694 ἀρα
3135 1623 3404 1697 ἀκούσῃς,
3457 1624 3556 1680 ἐὰν
3604 1627 3721 1697 ἀρα

2116 1710 2305 1782 ἐνδῷς,
2341 1712 2613 1793 μνήσθητι
2657 1715 2760 1786 τῆς
2799 1714 3018 1788 ἡμέρας
3052 1715 3294 1789 ἐκείνης,
3329 1719 3390 1772 ἐν
3501 1719 3722 1774 ἀποκα-

2114 1803 2382 1858 λύπτεται
2413 1804 2626 1879 ἐνδοξος
2666 1806 2761 1861 τοῦ
2792 1808 3034 1880 Χριστοῦ
3078 1811 3376 1882 παρουσία.
3408 1811 3542 1865 Τότε
3576 1812 3719 1866 ἀνα-

417 1927 452 1967 a
484 1911 649 1968 nobis
681 1877 1008 1982 perpetratae
1033 1913 1186 1965 sunt.
1216 1905 1472 1974 Quonam
1507 1877 1697 1972 porro
1729 1877 1894 1953 modo
1922 1911 2012 1952 ns

2121 1895 2428 1967 στήσονται,
2460 1895 2512 1950 οἱ
2547 1877 2649 1968 μὶν
2693 1896 2766 1953 τὰ
2807 1877 2992 1967 ἀγαθά
3020 1877 3332 1972 πράξαντες
3363 1902 3446 1966 είς
3476 1904 3723 1958 ἀνάστα-

421 2021 599 2078 usque
620 2005 758 2060 adeo
791 2002 1100 2059 horrendas
1137 2000 1213 2055 ob
1237 1998 1433 2054 oculos
1459 2008 1660 2067 queam
1699 1989 2015 2062 subjicere?

421 2100 482 2156 Si
505 2113 640 2170 ergo
666 2097 929 2162 audieris,
971 2096 1018 2153 si
1051 2103 1292 2151 mentem
1332 2089 1690 2154 submiseris,
1715 2084 1822 2142 diei
1863 2083 2015 2140 illius

418 2201 723 2258 memento,
757 2191 811 2246 in
864 2204 973 2263 qua
1029 2187 1270 2245 illustris
1310 2193 1368 2242 et
1404 2183 1685 2257 gloriosus
1741 2177 2014 2234 adventus

416 2285 630 2342 Christi
687 2283 1044 2341 revelabitur.
1104 2279 1263 2337 Tunc
1303 2273 1679 2335 resurrecturi
1729 2277 1885 2337 sunt,
1934 2267 2015 2324 illi

418 2379 644 2448 quidem
682 2377 776 2448 qui
808 2373 954 2432 bona
987 2379 1247 2446 egerunt,
1278 2370 1332 2426 in
1359 2365 1822 2425 resurrectionem
1855 2360 2012 2427 vita;

419 2474 513 2544 qui
562 2486 695 2528 vero
747 2470 912 2536 mala,
975 2468 1030 2524 in
1081 2463 1541 2524 resurrectionem
1595 2456 1816 2530 iudicii.
1857 2453 2014 2509 Tunc

419 2568 762 2638 sempiterna
843 2561 1234 2636 peccatoribus
1328 2553 1632 2630 ignominia
1707 2551 1862 2617 erit,
1959 2555 2015 2604 et

424 2659 568 2731 ignis
595 2657 876 2714 aemulatio
911 2670 1033 2726 quae
1063 2658 1356 2709 consumat
1399 2645 1773 2703 adversarios.
1806 2643 1905 2697 Illa
1960 2649 2016 2697 te

418 2763 660 2808 interere
693 2749 948 2815 afficiant,
968 2760 1078 2803 non
1104 2753 1288 2801 autem
1326 2743 1508 2815 ipsum
1542 2738 1638 2796 Dei
1667 2735 2011 2794 mandatum.

404 2845 670 2912 Quanam
725 2853 778 2900 te
837 2843 1050 2898 ratione
1109 2835 1531 2896 commovebo?
1595 2833 1729 2904 quid
1785 2829 2016 2903 loquar?

401 2938 592 3011 'chni
630 2947 683 2994 te
719 2935 870 2992 nulla
917 2932 1198 3005 cupiditas
1256 2939 1406 2988 tenet
1451 2945 1466 2984 :
1518 2928 1706 2983 nullus
1747 2927 2018 2998 gehennae

417 3043 622 3090 metus.
681 3029 974 3086 Undenam
1030 3027 1228 3082 animae
1284 3033 1392 3080 tuae
1450 3021 1685 3094 reperiri
1739 3019 2016 3076 medicina

407 3122 787 3198 queat?Nam
821 3121 891 3186 si,
933 3133 1038 3176 nec
1069 3133 1133 3174 ea
1165 3131 1288 3189 «gnte
1323 3116 1616 3171 horrorem
1655 3113 1883 3178 habent,
1916 3111 2015 3167 tibi

405 3230 686 3275 'terrorcm
714 3214 1014 3279 incutiunt,
1048 3227 1152 3268 nec
1183 3221 1234 3268 te
1255 3225 1379 3282 quae
1411 3209 1531 3264 laeta
1569 3213 1703 3263 sunt
1759 3205 2014 3268 incitant,
2045 3245 2089 3305 ο

403 3311 488 3366 τιά
519 3324 745 3367 saxeum
773 3313 965 3378 pectus
991 3303 1149 3360 nobis
1175 3311 1262 3358 est
1287 3299 1490 3356 oratio.
1513 3296 1742 3365 Oculos,
1765 3310 1800 3351 ο
1823 3295 2016 3359 homo,

406 3405 487 3460 «ad
519 3417 683 3474 apum
731 3405 988 3455 naturam
1020 3395 1260 3466 conjice.
1308 3391 1450 3460 Quid
1501 3403 1698 3444 aurum
1760 3386 1900 3442 adeo
1947 3383 2016 3439 ad

417 3509 701 3570 stuporem
755 3507 930 3566 usque
963 3487 1299 3546 admiraris!
1336 3485 1503 3556 Lapis
1532 3489 1620 3540 est
1671 3495 1894 3546 aurum,
1925 3495 2018 3534 ar-

402 3599 640 3663 gentum
697 3589 874 3660 lapis,
937 3583 1238 3657 margarita
1299 3581 1461 3650 lapis.
1517 3576 1713 3644 Quivis
1770 3573 2015 3646 lapidum

417 3684 558 3755 lapis
588 3691 672 3740 es‘l
698 3700 718 3736 τ
757 3677 1159 3752 chrysolithos,
1184 3672 1462 3744 beryllus,
1501 3670 1754 3733 achates,
1788 3665 2022 3738 hyacin-

413 3775 571 3841 thus,
598 3767 1230 3842 amethystusetjaspis.
1259 3763 1428 3833 Atqui
1455 3763 1510 3818 hi
1540 3771 1671 3816 sunt
1697 3760 2018 3816 divitiarum

417 3867 607 3930 ﬂores,
640 3878 782 3936 quos
816 3871 872 3916 tu
899 3860 1100 3932 partim
1128 3856 1451 3913 reconditos
1486 3853 1683 3916 habes,
1713 3854 1786 3908 ita
1813 3858 1874 3907 ut
1903 3851 2020 3921 pel-

420 3958 634 4015 Iucidos
657 3957 870 4029 lapides
903 3953 1149 4010 tenebris
1190 3949 1464 4017 mandes;
1501 3949 1706 4020 partim
1760 3946 1882 4017 ipse
1905 3943 2020 3999 cir-

417 4051 678 4118 cumfers,
717 4047 954 4105 eximios
995 4044 1213 4100 scilicet
1264 4036 1390 4097 ilics
1433 4053 1672 4112 quorum
1720 4034 2020 4107 splendore

417 4143 700 4219 gloriaris.
761 4139 942 4196 Velim
999 4137 1156 4194 dicas
1207 4134 1345 4207 quid
1395 4133 1492 4190 tibi
1560 4130 1783 4186 tandem
1816 4126 2020 4200 prosit

411 4244 804 4294 coruscantem
830 4231 1037 4303 lapillis
1068 4243 1296 4284 manum
1331 4225 1576 4296 undique
1607 4219 2020 4292 contorquere?

409 4329 540 4387 Non
569 4339 620 4386 te
648 4328 826 4400 pudet
853 4340 966 4396 prae
1002 4323 1229 4380 fastidio
1260 4320 1473 4392 lapides
1513 4323 1797 4388 appetere,
1837 4310 2021 4385 gravi-

419 4422 615 4476 darum
645 4419 983 4476 feminarum
1019 4429 1192 4470 more.
1221 4410 1473 4466 Ut'enim
1517 4408 1626 4462 illa:
1673 4404 1888 4476 lapides
1922 4415 2020 4456 ro-

415 4513 580 4580 dunt,
617 4512 700 4568 sic
736 4518 795 4566 tu
819 4521 1041 4580 quoque
1067 4502 1304 4561 eximios
1344 4512 1596 4571 quosque
1646 4495 1859 4566 lapides
1897 4504 2019 4546 ma-

2118 2005 2203 2044 σιν
2243 1989 2412 2057 ζωῆς,
2458 1990 2509 2045 οἱ
2551 1990 2609 2044 δὲ
2654 1991 2726 2045 τά
2763 1990 2964 2062 φαῦλα,
3003 1993 3086 2058 είς
3112 1994 3414 2050 ἀνάστασιν
3450 1997 3715 2068 κρίσεως.

2117 2082 2253 2137 Τότε
2301 2083 2532 2156 αἰσχύνη
2579 2083 2801 2148 αἰώνιος
2834 2085 2950 2149 τοῖς
2987 2085 3363 2158 ἁμαρτωλοῖς,
3397 2088 3496 2142 καὶ
3539 2090 3720 2162 πυρὸς

2115 2174 2281 2246 ζῆλος
2313 2173 2520 2230 ἐσθίειν
2548 2174 2762 2246 μέλλων
2788 2176 2919 2241 τοὺς
2948 2175 3327 2244 ὑπεναντίους.
3368 2179 3590 2235 Ἐκεῖνα
3618 2180 3719 2234 λυ-

2117 2269 2289 2324 πείτω
2313 2286 2397 2336 σε,
2425 2269 2522 2324 καὶ
2559 2269 2634 2342 μὴ
2665 2268 2906 2324 λυπείτω
2949 2285 3010 2324 σε
3041 2271 3076 2343 ἡ
3100 2270 3314 2345 ἐντολή.
3354 2271 3483 2338 Πῶς
3517 2290 3580 2327 σε
3617 2273 3717 2328 δυ-

2118 2363 2395 2434 σωπήσω;
2429 2361 2482 2417 τι
2515 2361 2862 2433 φθέγξομαι;
2903 2363 3198 2429 Βασιλείας
3239 2365 3341 2420 οὐκ
3385 2366 3715 2438 ἐπιθυμεῖς·

2115 2455 2346 2523 γέενναν
2370 2455 2433 2508 οὐ
2465 2452 2631 2526 φοϐῇ.
2661 2453 2838 2510 Πόθεν
2871 2453 3075 2525 εὑρεθῇ
3115 2455 3262 2519 ῖασις
3289 2458 3360 2528 τῇ
3388 2455 3536 2528 ψυχῇ
3579 2473 3716 2522 σονς

2115 2550 2179 2603 El
2207 2547 2279 2602 τά
2313 2547 2520 2620 φρικτὰ
2553 2547 2616 2602 οὐ
2651 2549 2829 2614 πτοεῖ,
2861 2547 2931 2602 τά
2959 2547 3164 2620 φαιδρά
3215 2548 3277 2602 οὗ
3318 2550 3716 2622 προτρέπεται,

2115 2638 2293 2712 λιθίνη
2343 2639 2545 2711 καρδίᾳ
2598 2638 2983 2710 διαλεγόμεθα.
3039 2637 3363 2709 Διάϐλεψον,
3434 2640 3718 2713 ἄνθρωπε,

2116 2733 2255 2806 πρὸς
2295 2732 2397 2806 τὴν
2431 2731 2595 2804 φύσιν
2621 2731 2719 2787 τοῦ
2759 2731 3014 2787 πλούτου.
3050 2732 3117 2786 Τί
3153 2731 3411 2788 τοσοῦτον
3446 2734 3721 2806 ἐπτόησαι

2116 2827 2376 2899 περὶ-τὸν
2404 2827 2645 2899 χρυσόν;
2677 2825 2828 2890 λίθος
2857 2824 3009 2880 ἐστὶν
3037 2827 3067 2880 6
3099 2825 3306 2898 χρυσός
3325 2843 3342 2860 ·
3372 2825 3525 2891 λίθος
3557 2827 3589 2881 6
3615 2825 3720 2898 ἀρ-

2117 2935 2320 2993 γυρος⁹
2369 2919 2518 2984 λίθος
2544 2921 2572 2974 ὁ
2607 2917 2997 2992 μαργαρ-ίτηςο
3030 2916 3182 2982 λίθος
3219 2915 3331 2972 τῶν
3370 2916 3538 2972 λίθων
3581 2916 3724 2972 lxa-

2120 3031 2268 3080 στος,
2314 3013 2656 3086 χρυσόλιθον,
2707 3012 2804 3068 καὶ
2857 3011 3170 3086 βηρύλλιον,
3205 3011 3303 3067 καὶ
3340 3011 3574 3084 ἀχάτης,
3623 3012 3724 3066 καὶ

2118 3105 2398 3171 ὑάκινθος,
2448 3104 2546 3159 καὶ
2577 3103 2877 3176 ἀμέθυσος,
2916 3103 3016 3158 καὶ
3046 3103 3254 3167 ῐασπις.
3284 3101 3478 3157 Ταῦτα
3525 3103 3594 3174 δὴ
3619 3101 3723 3157 τοῦ

2118 3197 2358 3252 πλούτου
2401 3197 2471 3252 τὰ
2519 3196 2680 3269 ἄνθη,
2712 3190 2790 3253 ὧν
2822 3198 2909 3263 σὺ,
2945 3197 3014 3252 τά
3046 3197 3147 3269 μὲν
3176 3194 3412 3269 ἀπο-τιθῇ
3441 3196 3727 3268 κατακρύ-

2119 3311 2294 3360 πτων,
2332 3293 2430 3350 καὶ
2473 3294 2598 3358 τοὺς
2631 3295 2918 3363 διαφανεῖς
2955 3293 3064 3348 τῶν
3103 3291 3270 3347 λίθων
3303 3291 3384 3364 τῷ
3413 3293 3600 3347 σκότει
3625 3311 3727 3348 κα-

2118 3387 2492 3460 τακρύπτεις·
2547 3385 2678 3450 τοὺς
2733 3385 2792 3439 δέ
2844 3385 3171 3458 περιφέρεις
3210 3382 3324 3437 τῶν
3365 3379 3723 3455 βαρυτίμων,

2120 3480 2558 3554 ἐναδρυνόμενος
2605 3478 2789 3533 αὐτῶν
2816 3480 2886 3550 τῇ
2911 3479 3080 3548 αὐγῇ.
3122 3476 3284 3543 Εἰπὲ,
3315 3476 3370 3532 τί
3413 3494 3499 3531 σοι
3527 3477 3727 3548 δφελος

2120 3575 2290 3640 λίθοις
2338 3573 2706 3647 λαμπομένην
2749 3572 3142 3644 περιστρέφειν
3198 3569 3300 3644 τὴν
3355 3571 3550 3643 χεῖρας
3606 3571 3726 3626 Οὐκ

2121 3670 2385 3744 ἐρυθριᾷς
2427 3667 2669 3722 λιθιδίων
2702 3665 2932 3730 κισσῶν,
2970 3665 3049 3730 ὡς
3103 3666 3366 3735 γυναῖκες
3407 3665 3538 3719 ὅταν
3580 3665 3729 3718 κύω-

2124 3780 2245 3831 σιν;
2271 3764 2366 3818 καὶ
2397 3762 2508 3834 γὰρ
2538 3762 2748 3816 ἐκεῖναι
2792 3758 2994 3814 λιθίδια
3033 3756 3497 3830 περιτρώγουσιν,
3529 3758 3629 3812 καὶ
3659 3758 3726 3813 σὺ

2121 3857 2321 3929 λίχνως
2355 3855 2505 3927 ἔχεις
2541 3853 2674 3924 περ)⁸
2710 3853 2780 3908 τά
2816 3851 2956 3923 ἀνθη
2987 3850 3100 3906 τῶν
3125 3849 3316 3916 λίθων,
3363 3850 3726 3922 σαρδόνυχας,

2127 3951 2406 4014 ξάσπιδας,
2455 3947 2552 4002 καὶ
2597 3945 2916 4019 ἀμεθύσους
2953 3943 3255 4015 ἐπιζητῶν.
3293 3943 3393 4007 Τίς
3438 3942 3726 3997 καλλωπι-

2125 4043 2298 4108 σθεὶς,
2319 4043 2448 4114 μίαν
2465 4039 2679 4113 ἡμέραν
2702 4036 2943 4110 ἠδυνήθη
2967 4035 3046 4108 τῷ
3068 4035 3170 4107 βίῳ
3199 4033 3553 4107 προσθεῖναι;
3575 4032 3729 4098 τίνος

2123 4137 2385 4209 ἐφείσατο
2433 4135 2667 4198 θάνατος
2716 4131 2806 4186 διὰ
2839 4130 2933 4184 τὸν
2963 4127 3225 4196 πλοῦτον;
3266 4127 3413 4193 τίνος
3446 4125 3729 4197 ἀπέσχετο

2123 4229 2278 4293 νόσος
2313 4227 2402 4282 διὰ
2447 4225 2518 4280 τά
2548 4224 2812 4298 χρήματα
2841 4239 2856 4289 ;
2890 4221 3037 4283 Ἕως
3065 4217 3196 4272 πότε
3236 4217 3460 4289 χρυσὸς,
3482 4215 3596 4270 τῶν
3622 4216 3730 4286 ψυ-

2122 4320 2236 4392 χῶν
2277 4322 2311 4393 ὴ
2346 4319 2579 4390 ἀγχόνη,
2614 4315 2711 4370 τοῦ
2747 4313 2984 4370 θανάτου
3035 4311 3096 4366 τὸ
3142 4309 3462 4382 ἄγκιστρον,
3512 4307 3576 4361 τδ
3625 4308 3732 4380 τῆς

2124 4411 2404 4482 ἁμαρτίας
2451 4409 2684 4480 δέλεαρ;
2713 4405 2821 4470 ἕως
2873 4404 3006 4458 πότε
3060 4401 3315 4466 πλοῦτος,
3343 4403 3380 4472 ἠ
3413 4399 3524 4454 τῶν
3560 4397 3731 4453 πολέ-

2129 4523 2244 4576 μων
2281 4503 2561 4569 ὑπόθεσις,
2599 4500 2667 4554 δι’
2708 4492 2784 4554 ὧν
2841 4495 3173 4570 χαλκεύεται
3205 4493 3384 4560 δπλα;
3411 4491 3492 4547 διδ
3521 4492 3732 4547 ἀκονᾶ-

418 4609 595 4676 jorem
632 4605 690 4659 in
750 4601 977 4658 modum
1029 4593 1263 4669 appetis,
1309 4589 1715 4661 sardonyches,
1739 4584 2016 4657 ‘jaspidcs,

2122 4614 2212 4650 ται
2248 4595 2413 4666 Elui};
2446 4593 2538 4648 διὰ
2566 4590 2726 4647 τοῦτο
2773 4592 3059 4660 συγγενεῖς
3099 4586 3358 4657 ἀγνοοῦσι
3398 4585 3501 4656 τὴν
3534 4585 3728 4654 φύσιν,

424 4711 477 4756 et
510 4697 851 4768 amethystos
891 4688 1280 4764 perquirendo.
1310 4683 1518 4755 Ecquis
1554 4687 1758 4736 ornatu
1797 4677 2019 4733 adhibi-

423 4805 503 4861 to,
544 4793 630 4849 vel
669 4805 780 4846 uno
815 4788 904 4844 die
943 4795 1241 4857 prorogare
1275 4778 1384 4834 sibi
1428 4777 1600 4830 vitam
1636 4771 1868 4844 potuit?
1896 4770 2017 4826 cui-

422 4902 550 4940 nam
585 4899 736 4940 mors
765 4883 838 4938 ob
856 4879 1080 4935 divitias
1111 4884 1168 4930 et
1201 4886 1336 4943 opes
1358 4866 1642 4940 pepercit?
1665 4881 1696 4920 a
1727 4878 1840 4936 quo
1867 4877 2019 4918 mor-

423 4981 527 5034 bus
541 4984 769 5049 propter
785 4971 1148 5044 pecuniarum
1177 4965 1371 5034 “copias
1394 4958 1703 5016 abstinuit?
1718 4955 2020 5026 Quousque

423 5071 646 5125 tandem
693 5081 898 5123 aurum
964 5064 1280 5119 animarum
1341 5058 1574 5128 laqueus
1625 5053 1763 5119 erit,
1821 5052 2020 5106 hamus

427 5163 640 5228 mortis,
691 5158 900 5230 peccati
951 5151 1246 5211 illecebra?
1303 5161 1597 5221 quousque
1630 5144 1860 5210 divitiae,
1897 5154 2021 5212 quae

419 5255 693 5311 bellorum
725 5259 987 5325 parentes
1015 5253 1173 5314 sunt,
1215 5244 1285 5302 ob
1323 5257 1463 5316 quas
1513 5239 1790 5296 cudentu-r
1839 5248 2018 5300 arma,

424 5363 588 5404 enses
636 5343 950 5403 acuuntur?
1003 5341 1075 5397 ob
1139 5352 1237 5395 eas
1303 5334 1523 5408 cognati
1588 5339 1845 5388 naturam
1904 5341 2018 5384 non

422 5447 760 5511 agnoscunt,
793 5435 994 5491 fratres
1025 5429 1387 5503 sanguinario
1413 5440 1539 5486 sese
1568 5425 1730 5481 oculo
1747 5428 2022 5480 contuen-

426 5545 536 5589 tur.
582 5529 813 5602 Propter
862 5542 998 5600 opes
1054 5525 1273 5581 deserta
1330 5521 1451 5578 loca
1483 5518 1790 5592 .prmdones
1843 5515 2022 5578 alunt,

427 5641 580 5682 mare
624 5626 856 5696 piratas,
892 5621 1058 5676 urbes
1121 5615 1522 5690 sycophantas.
1574 5611 1712 5679 Quis
1747 5604 2022 5665 mendacii

423 5727 586 5791 pater
609 5716 726 5773 est?
761 5715 887 5785 quis
929 5712 1080 5768 falsa
1120 5706 1554 5778 conscriptionis
1593 5701 1845 5759 artifex?
1893 5698 2024 5772 quis

427 5813 662 5884 periurii
697 5807 1059 5882 procreator?
1087 5807 1175 5859 A‘n
1221 5819 1331 5858 non
1365 5798 1537 5874 opes?
1561 5813 1630 5852 an
1662 5812 1772 5852 non
1802 5807 2024 5852 earum-

431 5905 557 5960 dem
615 5898 1058 5970 studium?quid
1111 5895 1295 5962 vobis,
1356 5911 1388 5950 0
1439 5892 1731 5960 mortales,
1785 5885 2026 5946 accidit?

2124 4689 2349 4759 ἀδελφοὶ
2401 4686 2524 4742 κατ’
2571 4685 2822 4757 ἀλλήλων
2869 4681 3095 4754 φονικὸν
3150 4679 3469 4752 βλέπουσιν.
3500 4676 3604 4730 Διά
3633 4676 3733 4731 τὸν

2126 4779 2358 4833 πλοῦτον
2389 4779 2444 4832 αῑ
2471 4777 2702 4850 ἐρημίαι
2724 4775 2853 4839 τοὺς
2876 4771 3146 4845 φονευτάς
3165 4771 3452 4843 τρέφουσι,
3477 4769 3731 4824 θάλασσα

2123 4874 2253 4937 τοὺς
2299 4870 2764 4934 καταποντιστὰς,
2815 4869 2872 4922 αί
2927 4866 3118 4930 πόλεις
3165 4866 3294 4929 τοὺς
3355 4861 3727 4932 συκοφάντας.

2127 4965 2224 5028 Τίς
2261 4964 2412 5017 ἐστιν
2459 4963 2490 5016 6
2529 4960 2765 5032 ψεύδους
2799 4959 3026 5029 πατήρ;
3079 4955 3165 5019 τίς
3207 4957 3237 5009 6
3269 4953 3730 5024 πλαστογραφίας

2126 5051 2496 5124 δημιουργός;
2527 5051 2612 5116 τίς
2664 5051 2693 5103 6
2739 5049 2840 5122 τὴν
2889 5047 3184 5121 ἐπιορκίαν
3216 5045 3518 5118 γεννήσαςς
3555 5044 3675 5114 Οὐχ
3702 5044 3734 5096 6

2129 5145 2391 5214 πλούτοςς
2425 5146 2525 5216 οὐχ
2570 5146 2604 5215 ὴ
2637 5144 2770 5217 περὶ
2823 5141 3016 5197 τοῦτον
3069 5139 3317 5210 σπουδῆς
3353 5138 3408 5193 τί
3455 5137 3728 5207 πάσχετε,

2128 5238 2445 5310 ἄνθρωποι;
2478 5237 2563 5301 τίς
2591 5237 2722 5307 ὑμῖν
2757 5236 2829 5290 τά
2886 5234 3132 5308 ὑμέτερα
3161 5234 3246 5298 εἰς
3283 5230 3384 5302 τὴν
3417 5229 3542 5285 καθ’
3574 5227 3732 5298 ὑμῶν

2127 5330 2426 5402 ἐπιϐουλὴν
2460 5327 2812 5402 περιέτρεψε,
2844 5326 3091 5398 συνεργὰ
3134 5324 3277 5397 πρὸς
3327 5323 3392 5378 τὸ
3439 5321 3575 5394 ζῇνς
3636 5318 3730 5389 Μὴ

2127 5425 2238 5498 γὰρ
2285 5423 2513 5496 ἀφορμὴ
2559 5423 2861 5489 ἀπωλείας,
2915 5421 3033 5478 ἀλλ’
3067 5419 3371 5489 ἀναγκαῖος
3415 5418 3446 5470 6
3493 5413 3732 5478 πλοῦτος

2128 5518 2218 5572 διὰ
2275 5517 2404 5582 τοῦς
2439 5516 2657 5582 παῖδας.
2699 5515 3075 5587 Εὑπρόσωπος
3130 5508 3359 5582 ἀφορμὴ
3408 5508 3732 5574 πλεονεξίας

2129 5609 2306 5682 αὕτη·
2334 5609 2592 5682 τοὺςγάρ
2625 5603 2822 5672 παῖδας
2844 5603 3240 5680 προδάλλεσθε,
3275 5601 3376 5673 τὴν
3409 5600 3466 5655 δέ
3497 5600 3731 5672 καρδίαν

2131 5703 2556 5776 πληροφορεῖτε.
2603 5703 2696 5775 Μὴ
2748 5700 2914 5756 αἰτιῶ
2959 5698 3054 5754 τὸν
3099 5695 3380 5752 ἀναίτιον
3429 5691 3566 5746 ἴδιον
3615 5690 3729 5763 ἔχει

2131 5797 2422 5868 δεσπότην,
2471 5796 2604 5850 ῐδιον
2659 5794 2968 5865 οἰκονόμον.
3019 5787 3161 5862 Παρ’
3209 5785 3374 5842 ἄλλου
3430 5783 3532 5854 τὴν
3581 5782 3731 5855 ζωὴν

2133 5887 2372 5956 ἐδέξατο,
2409 5887 2501 5944 καὶ
2534 5888 2664 5959 παρ’
2695 5885 2862 5942 αὑτοῦ
2891 5883 2993 5950 τὰς
3018 5880 3275 5953 ἀφορμὰς
3318 5876 3588 5951 ἀναμένει
3631 5873 3728 5930 τοῦ
