4028 6404
313 351 450 416 1489

1609 346 1850 406 saeua
1891 326 2363 406 PARALLELA.

3463 339 3604 403 I490

309 465 445 530 βίον.
474 464 569 535 Μὴ
601 463 717 526 τοῖς
761 461 1138 532 γεγαμηκόσιν
1171 461 1272 515 οὐκ
1313 461 1530 533 ἐγράφη
1559 461 1628 515 τά
1656 460 1902 530 Εὐαγγέ-

2034 459 2130 528 mis
2158 458 2315 513 vobis
2343 472 2407 514 ea
2452 470 2577 528 quae
2607 469 2790 512 vestra
2825 461 2977 520 sunt,
3033 454 3088 508 in
3125 461 3363 510 vestram
3421 459 3604 525 periti-

306 558 428 623 λια;
477 557 545 611 Et
603 555 800 622 θέλεις
842 551 999 610 εἶναι
1045 553 1294 622 τέλειος,
1328 551 1624 623 πώλησόν
1672 569 1792 610 σου
1827 554 1900 609 τὰ

307 650 680 721 ὑπάρχοντα,
728 649 826 704 καί
861 647 968 716 δὸς
1007 647 1290 717 πτωχοῖς.
1353 648 1483 702 Ὅτε
1539 648 1694 719 ῇτεις
1743 647 1899 720 παρὰ

308 745 513 817 Κυρίου
550 743 651 814 τὴν
687 742 995 809 εὐπαιδίαν,
1024 742 1153 796 ὅταν
1183 740 1371 812 ἠξίους
1400 741 1661 809 γενέσθαι
1691 741 1900 796 τέκνων

307 837 513 908 πατὴρ,
556 831 671 907 ἆρα
714 834 1069 906 προσέθηκας
1106 833 1296 886 τοῦτο·
1338 833 1438 897 Δός
1467 850 1556 904 μοι
1591 833 1778 896 τέκνα,
1811 835 1900 889 ἵνα

307 925 640 995 πλεονέκτης
693 924 990 994 γενόμενος
1023 925 1091 993 τῇ
1125 920 1400 992 προφάσει
1442 919 1553 973 τῶν
1583 918 1794 973 παίδων
1829 921 1898 991 τῇ

307 1021 504 1093 γεέννῃ
535 1017 829 1090 παραδοθῶ
848 1032 864 1048 ⁸
902 1017 992 1082 δός
1028 1033 1119 1088 μοι
1163 1015 1382 1081 παῖδας,
1414 1013 1503 1068 ἵνα
1525 1011 1620 1067 τοῦ
1651 1013 1898 1082 Εὐάγγε-

305 1113 422 1166 λίου
457 1112 859 1183 καταφρονήσω
893 1127 908 1177 ;

2002 552 2146 608 ciem
2173 549 2467 616 convertit,
2495 563 2583 614 ea,
2613 547 2862 620 inquam,
2893 563 3018 618 qua:
3041 547 3107 601 ad
3138 547 3262 602 vita:
3288 547 3598 602 subsidium

2006 643 2134 701 data
2169 644 2342 700 sunt?
2374 641 2564 713 Neque
2604 641 2754 697 enim
2787 655 2920 711 opes
2951 649 3010 696 ut
3058 640 3208 696 vitiis
3265 640 3606 696 inservirent

2007 754 2292 796 concessa:
2327 739 2571 806 fuerunt,
2600 739 2804 811 quibus
2835 737 3123 794 redimitur
3155 736 3360 790 anima.
3383 733 3605 804 Nequa-

2007 849 2174 905 quam
2205 835 2362 890 exitii
2396 834 2620 890 occasio
2669 847 2793 888 esse
2829 833 3050 899 debent,
3077 848 3199 906 qum
3244 830 3436 886 liberis
3466 827 3604 882 edu-

2017 924 2212 981 candis
2242 926 2568 982 necessarize
2607 935 2759 981 sunt.
2789 926 2954 995 Atqui
2999 923 3286 995 speciosus
3327 921 3418 976 hic
3451 921 3608 976 color

2009 1015 2257 1070 avaritiae
2295 1023 2400 1071 est.
2455 1015 2691 1071 Liberos
2746 1016 2893 1070 enim
2929 1014 3270 1085 praetexitis;
3307 1011 3439 1088 quid
3473 1029 3603 1068 vero

2007 1108 2159 1164 intus
2204 1108 2261 1164 in
2309 1108 2477 1166 corde
2504 1109 2599 1171 sit,
2626 1109 2977 1179 apertissime
3014 1107 3267 1179 proditis.
3298 1105 3376 1161 Ne
3408 1105 3601 1160 inson-

307 1221 420 1269 tem
452 1207 684 1278 culpes:
719 1202 1004 1259 dominum
1046 1215 1210 1258 suum
1239 1200 1427 1267 habet,
1465 1199 1906 1270 dispensatorem
1956 1217 2142 1258 suum.
2175 1202 2260 1257 Ab
2299 1203 2408 1257 alio
2452 1203 2619 1257 vitam
2653 1203 2887 1271 accepit,
2920 1208 2975 1257 et
3017 1200 3085 1255 ab
3108 1199 3228 1269 ipso
3280 1199 3405 1254 vitze
3462 1199 3601 1255 sub—

309 1302 450 1360 sidia
480 1298 853 1372 prastolatur.
885 1299 967 1352 An
1005 1311 1115 1350 non
1167 1296 1235 1350 iis
1265 1295 1358 1366 qui
1392 1295 1752 1350 matrimonio
1777 1311 1900 1352 sese
1951 1297 2361 1368 manciparunt,
2395 1297 2691 1370 Evangelia
2720 1298 2927 1368 scripta
2950 1296 3120 1370 488
3157 1295 3329 1351 sunt?
3395 1293 3453 1350 Si
3517 1298 3593 1350 vis

307 1396 578 1466 perfectus
603 1408 741 1455 esse,
769 1389 929 1446 unde
957 1389 1143 1443 omnia
1169 1403 1287 1458 qua:
1316 1385 1500 1450 habet,
1530 1395 1581 1441 et
1615 1385 1686 1440 da
1715 1388 2038 1458 pauperibus
2073 1387 2301 1460 (Matth.
2382 1406 2474 1446 xtx
2496 1385 2522 1457 ,’
2568 1392 2682 1462 21).
2766 1388 2904 1446 Cum
2960 1390 3208 1445 sobolem
3277 1404 3308 1443 a
3373 1387 3608 1443 Domino

307 1488 675 1560 postulabas,
709 1499 836 1540 cum
859 1483 930 1538 ab
961 1497 1028 1539 eo
1063 1482 1291 1554 petebas
1315 1482 1394 1537 uti
1429 1489 1588 1552 pater
1626 1479 1808 1549 lieres,
1839 1497 1908 1536 an
1959 1483 2092 1538 illud
2123 1500 2345 1556 quoque
2376 1484 2683 1556 adiunxisti
2720 1501 2738 1540 :
2772 1481 2854 1536 Da
2887 1483 3022 1537 mihi
3066 1482 3296 1547 liberos,
3363 1493 3422 1536 ut
3485 1497 3609 1536 ava-

308 1583 458 1641 ritiae
511 1579 800 1650 studeam,
852 1585 914 1632 ut
966 1590 1159 1633 eorum
1192 1590 1361 1631 causa
1402 1584 1460 1632 et
1520 1585 1791 1647 praetextu
1850 1578 1904 1632 in
1963 1577 2271 1650 gehennam
2309 1577 2620 1650 conjiciar?
2663 1577 2740 1632 Da
2791 1577 2926 1634 mihi
2966 1575 3195 1642 liberos,
3253 1583 3313 1630 ut
3366 1575 3612 1647 Evange-

308 1678 448 1734 lium
475 1677 825 1728 contemnam
843 1668 870 1722 ?

387 1764 573 1830 Δεῖξον
613 1765 682 1818 τά
710 1761 869 1832 ἔργα,
902 1759 1000 1813 καὶ
1043 1760 1268 1814 ἀπαίτει
1301 1758 1400 1823 τὰς
1442 1761 1762 1824 ἀντιδόσεις.
1798 1761 1905 1814 Οὐ-

2080 1756 2222 1812 lbid.
2250 1756 2587 1814 —Ostende
2623 1771 2816 1827 opera,
2869 1762 2923 1812 et
2953 1769 3119 1826 posce
3159 1754 3403 1824 praemia.
3439 1751 3609 1808 Nemo

309 1859 425 1923 δεὶς
459 1856 599 1930 μετὰ
624 1855 685 1910 τὺ
714 1853 948 1925 λυθῆναι
973 1853 1075 1925 τὴν
1097 1854 1407 1924 πανήγυριν
1431 1853 1909 1926 πραγματεύεται,

309 1951 436 2006 οὐδὲ
477 1948 620 2022 μετά
667 1948 796 2012 τοὺς
837 1945 1058 2015 ἀγῶνας
1094 1945 1340 2000 ἐπελθὼν
1381 1949 1765 2017 στεφανοῦται,
1792 1948 1914 2003 οὐδὲ

315 2043 460 2115 μετὰ
481 2041 608 2105 τοὺς
633 2039 907 2109 πολέμους
939 2038 1273 2110 άνδραγαθεῖ
1295 2054 1310 2068 ·
1342 2038 1405 2092 οὗ
1430 2039 1610 2094 τοίνυν
1647 2038 1789 2112 μετὰ
1815 2040 1916 2112 τὴν

311 2133 464 2206 ζωὴν
529 2130 746 2186 εὐσεϐεῖ
783 2128 1050 2202 δηλονότι.
1094 2127 1186 2184 Ἐν
1236 2129 1428 2200 μέλανι
1470 2130 1567 2185 καὶ
1615 2131 1914 2202 γράμμασι

314 2223 741 2295 κατεπαγγέλλῃ
772 2223 872 2287 τὰς
911 2222 1183 2286 εὐποιίας.
1211 2222 1310 2286 Τίς
1354 2217 1451 2277 οὖν
1505 2224 1804 2293 ἀναγγελεῖ
1834 2241 1916 2279 σοι

311 2321 410 2374 τὸν
433 2317 624 2388 καιρὸν
647 2318 750 2388 τῆς
776 2315 982 2382 ἰξόδου,
1001 2314 1089 2380 τίς
1113 2314 1390 2386 ἐγγυητὴς
1413 2314 1566 2369 ἔσται
1589 2315 1685 2370 τοῦ
1709 2316 1914 2388 τρόπου

312 2411 417 2483 τῆς
445 2409 739 2480 τελευτῆςς
771 2408 938 2463 Πόσοι
991 2406 1103 2464 ἀπὸ
1145 2406 1341 2477 βιαίων
1368 2408 1738 2479 ἡρπάσθησαν
1769 2427 1914 2480 συμ-

314 2500 651 2573 πτωμάτων,
689 2497 813 2551 οὺδὲ
865 2495 1053 2567 φωνὴν
1093 2496 1254 2568 ῥῆξαι
1303 2497 1752 2568 συγχωρηθέντες
1808 2499 1914 2552 ὑπὸ

315 2593 418 2648 τοῦ
448 2591 691 2656 πάθους;
724 2589 928 2652 πόσους
949 2589 1187 2662 πυρετὸς
1224 2589 1483 2660 ἐποίησεν
1510 2589 1816 2662 ἔκφρονας
1849 2592 1914 2646 Τί

320 2676 421 2737 οὖν
466 2681 760 2752 ἀναμένεις
809 2679 1025 2752 καιρὸν,
1086 2679 1146 2733 ἰν
1201 2671 1247 2746 ᾧ
1302 2677 1566 2743 πολλάκις
1631 2679 1756 2732 οὐδὲ
1805 2681 1916 2736 τῶν

321 2773 555 2830 (εαυτοῦ
585 2771 867 2843 λογισμῶν
897 2771 1030 2844 Ean;
1067 2771 1186 2836 Νὺξ
1237 2771 1452 2842 βαθεῖα,
1490 2771 1588 2824 καὶ
1625 2773 1782 2837 νόσος
1817 2774 1916 2845 βα-

321 2867 470 2938 ρεῖα,
501 2865 598 2918 καὶ
637 2866 667 2920 ὀ
715 2862 930 2935 βοηθῶν
958 2863 1222 2934 οὐδαμοῦ,
1269 2865 1367 2920 καὶ
1419 2864 1449 2916 ὁ
1485 2865 1795 2937 ἐφεδρεύων
1839 2867 1918 2940 τῷ

321 2958 512 3030 κλήρῳ
535 2957 776 3028 ετοιμος.
808 2956 996 3011 Πάντα
1015 2955 1156 3028 πρὸς
1189 2955 1252 3010 τὸ
1289 2955 1486 3012 ἑαυτοῦ
1521 2958 1746 3030 δόκιμον
1777 2979 1914 3032 χρη-

2015 1850 2212 1905 solutis
2241 1849 2508 1906 nundinis
2536 1849 2867 1920 negotiatur,
2900 1863 2999 1903 nec
3029 1846 3123 1917 qui
3149 1855 3271 1917 post
3304 1845 3606 1901 certamina

2015 1940 2276 2006 advenit,
2335 1937 2543 1996 corona
2600 1941 2873 2004 donatur,
2931 1953 3110 2009 neque
3163 1946 3381 2009 patrato
3428 1936 3604 1999 bello,

2015 2031 2300 2102 egregium
2335 2031 2462 2101 quis
2495 2029 2711 2086 facinus
2750 2031 2900 2095 edit;
2945 2046 3051 2086 nec
3081 2031 3313 2101 proinde
3354 2029 3610 2084 confecto

2015 2124 2143 2178 vitae
2171 2123 2478 2190 curriculo,
2515 2122 2706 2192 pietati
2731 2121 2823 2177 dat
2863 2137 3113 2190 operam.
3139 2121 3195 2174 ln
3228 2127 3537 2175 atramento
3560 2131 3613 2174 et

2016 2216 2209 2271 charta
2241 2215 2509 2272 beneficia
2538 2215 2845 2293 polliceris.
2881 2213 3017 2282 Quis
3051 2223 3106 2272 te
3146 2213 3214 2270 de
3258 2215 3444 2269 exitus
3484 2221 3618 2269 tem-

2015 2326 2154 2381 pore
2205 2311 2504 2366 certiorem
2540 2309 2736 2365 faciet?
2781 2310 2909 2380 quis
2941 2309 3140 2364 mortis
3191 2309 3288 2363 tibi
3328 2307 3620 2379 spondebit

2015 2403 2288 2459 modum?
2315 2403 2461 2471 Quot
2495 2405 2748 2461 homines
2773 2403 3034 2460 violentis
3071 2402 3298 2459 casibus
3333 2402 3400 2457 de
3435 2403 3616 2459 medio

2016 2499 2228 2569 abrepti
2278 2511 2429 2566 sunt,
2482 2507 2542 2555 ut
2596 2515 2710 2571 pra:
2759 2501 2938 2556 morbi
2974 2499 3280 2555 acerbitate
3310 2513 3380 2553 ne
3422 2511 3614 2551 vocem

2015 2589 2240 2661 quidem
2272 2590 2410 2661 ipsis
2437 2591 2656 2648 mittere
2682 2592 2945 2648 licuerit?
2973 2591 3118 2660 Quot
3152 2589 3408 2645 homines
3444 2587 3614 2642 febris

2016 2690 2265 2740 amentes
2323 2682 2503 2740 fecit?
2549 2686 2685 2756 quid
2737 2696 2958 2755 tempus
3011 2682 3151 2740 illud
3202 2687 3519 2752 exspectas,
3558 2679 3614 2732 in

2017 2789 2129 2844 quo
2159 2790 2305 2846 saepe
2337 2791 2407 2833 ne
2450 2777 2685 2834 rationis
2725 2778 2951 2850 quidem
2986 2791 3218 2847 compos
3272 2773 3493 2829 futurus
3519 2785 3625 2839 es?

2018 2868 2139 2923 Nox
2169 2868 2466 2940 profunda,
2529 2870 2764 2925 morbus
2802 2869 3008 2941 gravis,
3061 2877 3116 2923 et
3152 2867 3246 2938 qui
3297 2865 3396 2920 tibi
3459 2879 3620 2934 opem

2020 2957 2187 3023 ferat,
2239 2974 2519 3030 nusquam
2546 2967 2670 3027 est;
2711 2961 2807 3030 qui
2838 2966 3024 3013 autem
3075 2955 3383 3013 haereditati
3438 2953 3624 3008 immi-

325 3051 560 3120 σάμενος
605 3050 871 3122 ἄπρακτα
913 3066 1006 3103 σου
1051 3049 1124 3103 τὰ
1165 3048 1512 3120 βουλεύματα
1548 3050 1739 3106 ποιῶν.
1782 3049 1917 3108 Εἶτα

2034 3060 2148 3106 neat
2176 3061 2382 3121 praesto
2410 3061 2517 3121 est,
2552 3054 2764 3124 quique
2807 3053 2993 3109 omnia
3025 3051 3094 3107 ad
3128 3051 3424 3107 utilitatem
3468 3063 3624 3104 suam

327 3140 800 3213 περιϐλεψάμενος
822 3135 924 3195 ὧδε
955 3132 1198 3206 καὶπῶδε,
1225 3143 1323 3197 καὶ
1348 3140 1473 3196 ἰδὼν
1492 3142 1591 3211 τὴν
1618 3145 1920 3215 περιεστῶ-

2034 3143 2402 3213 administrat,
2435 3153 2492 3201 et
2542 3146 2704 3201 irrita
2742 3146 2982 3202 consilia
3016 3154 3112 3201 tua
3145 3143 3358 3200 reddat.
3395 3145 3476 3196 Ac
3511 3149 3627 3196 tum

329 3232 430 3287 σάν
460 3247 522 3286 σε
561 3232 822 3303 ἐρημίαν,
853 3233 976 3286 τότε
1013 3231 1250 3303 αίσθήσῃ
1302 3231 1405 3302 τῆς
1466 3231 1751 3297 ἀϐουλίας,
1793 3235 1917 3290 τότε

2034 3233 2134 3288 huc
2166 3233 2414 3304 illucque
2444 3237 2929 3308 circumspiciens,
2959 3253 3183 3309 quaque
3215 3238 3272 3291 in
3325 3232 3628 3290 solitudine

329 3318 612 3386 στενάξεις
639 3320 741 3392 τὴν
775 3320 984 3384 ἄνοιαν,
1013 3321 1096 3384 είς
1124 3317 1238 3374 οἷον
1267 3320 1461 3394 καιρὸν
1489 3321 1787 3392 έταμιεύου
1821 3324 1924 3395 τὴν

2034 3326 2272 3382 verseris
2297 3325 2545 3392 intuens,
2588 3343 2754 3398 quam
2791 3328 2934 3383 male
2969 3327 3066 3383 tibi
3122 3325 3473 3382 consulueris
3502 3339 3629 3381 seu-

329 3409 587 3481 ιντολήνσ
631 3410 722 3465 ὅτε
767 3413 802 3482 η
849 3410 950 3482 μὲν
996 3409 1222 3480 γλῶσσα
1287 3414 1570 3482 παρεῖται,
1604 3414 1638 3482 ή
1685 3413 1744 3468 δὲ
1799 3415 1925 3486 χεὶρ

2034 3414 2157 3482 lies,
2185 3423 2349 3486 atque
2382 3417 2684 3471 amentiam
2717 3425 2866 3471 tuam
2901 3417 3247 3488 deplorabis,
3274 3414 3367 3484 qui
3415 3413 3469 3469 in
3522 3414 3629 3468 tale

330 3497 643 3570 ὑπότρομος
676 3500 780 3572 ήδη
815 3500 1151 3574 κλονουμένη
1178 3504 1302 3567 ταῖς
1333 3504 1646 3570 συνολκαϊς,
1670 3505 1750 3569 ὡς
1783 3507 1926 3580 μήτε

2034 3514 2250 3576 tempus
2277 3505 2529 3561 divinum
2556 3506 2880 3562 mandatum
2917 3507 3292 3564 reservaveris
3317 3525 3332 3575 ;
3359 3520 3485 3561 cum
3510 3504 3626 3575 jam

331 3593 509 3662 φωνῇ,
529 3592 670 3664 μήτε
685 3592 980 3664 γράμμασι
995 3593 1334 3666 διασημᾶναι
1349 3594 1450 3666 τὴν
1465 3595 1713 3667 γνώμην.
1735 3598 1928 3652 Καίτοι

2034 3603 2085 3652 et
2105 3596 2294 3668 lingua
2313 3596 2514 3664 fracta,
2539 3605 2595 3653 et
2617 3597 2899 3670 languida,
2916 3606 2970 3654 et
2993 3614 3190 3655 manus
3213 3596 3450 3654 tremula
3483 3595 3588 3652 erit
3613 3613 3626 3649 ε

331 3682 385 3735 ει
424 3681 520 3736 καὶ
544 3684 725 3739 πάντα
759 3684 1014 3756 φανερῶς
1035 3685 1406 3757 ⁵εγέγραπτο,
1446 3686 1544 3740 καὶ
1580 3688 1736 3742 πᾶσα
1775 3689 1928 3760 φωνὴ

2035 3697 2228 3760 utpote
2263 3690 2474 3746 crebris
2512 3691 3000 3748 contractionibus
3048 3691 3278 3764 agitata,
3312 3689 3390 3743 ita
3433 3697 3495 3744 ut
3526 3701 3632 3742 nec

330 3773 635 3846 διαρρήδην
668 3777 1006 3852 κεκήρυκτο,
1051 3775 1111 3832 ἓν
1155 3778 1395 3851 γράμμα
1439 3779 1772 3852 παρεντεθὲν
1815 3781 1933 3835 ίκα-

331 3865 430 3922 νδν
452 3863 521 3940 ἦν
555 3869 739 3925 πᾶσαν
771 3871 1141 3942 μεταποιῆσαι
1166 3871 1276 3955 τὴν,
1291 3870 1539 3943 γνώμην.

2033 3795 2194 3847 voce,
2229 3795 2335 3836 nec
2359 3781 2570 3852 scripto
2605 3781 2950 3839 voluntatem
2987 3795 3141 3838 tuam
3193 3779 3391 3838 efferre
3435 3795 3631 3852 queas.

2035 3873 2367 3946 Quanquam
2397 3873 2620 3931 etiamsi
2649 3874 2839 3930 omnia
2868 3877 3164 3948 perspicue
3187 3875 3394 3946 scripta
3424 3880 3635 3935 essent,

331 3971 405 4012 ac
443 3973 606 4017 voces
645 3976 842 4018 omnes
893 3969 1085 4034 aperte
1129 3962 1523 4034 pronuntiata,
1564 3970 1808 4020 attamen
1845 3965 1932 4022 vel
1979 3965 2148 4024 unius
2182 3967 2383 4023 litterae
2415 3967 2737 4040 interiectio
2757 3969 2862 4024 toti
2913 3969 3209 4027 sententia:
3275 3976 3383 4024 tuae
3435 3970 3638 4025 immu-

333 4049 519 4105 tanda:
548 4047 830 4108 sufﬁciens
848 4050 1011 4108 foret.

410 4139 544 4200 Οἶδα
586 4144 818 4210 πολλοὺς
846 4146 1229 4219 νηστεύοντας,
1261 4149 1760 4222 προσευχομένους,
1801 4167 1928 4204 στε-
1968 4126 2048 4145 ω

330 4239 629 4304 νάζοντας,
654 4239 836 4294 πᾶσαν
855 4239 958 4311 τὴν
988 4240 1266 4296 ἀδάπανον
1299 4241 1590 4298 εὐλάϐειαν
1619 4243 1929 4298 επιδεικνυ-

335 4331 558 4402 μένους.
583 4329 781 4400 ζόσολὺν
807 4329 866 4384 δὲ
893 4329 990 4385 ενα
1020 4333 1097 4403 μὴ
1134 4333 1498 4404 προϊεμένους
1517 4336 1631 4398 τοῖς
1674 4333 1931 4405 θλιϐομέ-

339 4439 470 4486 ιοις.
521 4422 588 4476 Τί
625 4420 819 4491 ὄφελος
847 4424 1060 4489 τούτοις
1092 4424 1195 4497 τῆς
1237 4426 1432 4496 λοιπῆς
1469 4427 1672 4498 ἀρετῆς
1684 4442 1704 4492 ;
1733 4427 1796 4481 οὐ
1822 4425 1933 4499 γὰρ

337 4513 716 4587 παραδέχεται
747 4514 948 4581 αὐτοὺς
977 4517 1012 4587 ή
1047 4517 1303 4588 βασιλεία
1331 4519 1442 4573 τῶν
1473 4520 1747 4591 οὐρανῶν.

415 4687 675 4758 Πώλησόν
707 4707 800 4744 σου
829 4689 899 4745 τὰ
930 4691 1265 4765 ὑπάρχοντα,
1297 4692 1392 4748 καὶ
1417 4692 1506 4757 δὸς
1550 4694 1812 4764 πτωχοῖς,
1850 4692 1941 4747 ἵνα

343 4779 477 4854 ἔχῃς
507 4782 720 4851 ἑφόδιον
773 4783 913 4855 πρὸς
941 4785 1171 4840 αἰωνίαν
1207 4786 1530 4842 ἀπόλαυσιν.
1569 4787 1814 4859 ’Λπέρχῃ
1847 4787 1942 4841 λυ-

348 4871 660 4944 πούμενος;
717 4875 844 4930 Ἐὰν
888 4876 946 4930 δὲ
986 4875 1250 4950 ἀκούσῃς,
1279 4878 1380 4942 Δὸς
1416 4878 1681 4950 χρήματα
1725 4879 1944 4948 γυναιξὶ⁵

347 4963 660 5036 χλιδώσαις,
706 4965 796 5030 δὸς
832 4965 1121 5033 λιθοξόοις,
1159 4968 1401 5034 τέκτοσι,
1439 4967 1805 5040 ψηφοθέταις,
1837 4970 1944 5036 ζω-

347 5058 602 5129 γράφοις,
631 5058 842 5130 χαίρεις
871 5059 949 5124 ὡς
975 5059 1040 5131 δή
1071 5077 1124 5115 τι
1151 5061 1456 5132 χρημάτων
1486 5060 1814 5135 τιμιώτερον
1847 5080 1945 5116 κα·-

345 5146 718 5220 τακτὼμενος.
744 5149 858 5221 Οὐχ
872 5151 1006 5221 ὁρᾷς
1032 5149 1160 5214 τοὺς
1182 5150 1396 5222 τοίχους
1423 5149 1668 5218 τούτους,
1683 5153 1813 5216 τοὺς
1840 5151 1946 5206 ὑπὸ

348 5238 447 5292 τοῦ
503 5239 699 5310 χρόνου
731 5240 1171 5314 καταρρυέντας,
1228 5234 1306 5296 ὧν
1354 5243 1425 5296 τὰ
1470 5242 1700 5312 λείψανα
1750 5241 1946 5313 ὥσπερ

353 5329 613 5385 σκόπελοί
637 5347 785 5397 τινες
815 5333 1021 5407 διὰτῆς
1052 5333 1264 5398 πόλεως
1290 5333 1474 5404 πάσης
1500 5335 1798 5407 άνέχουσι;
1839 5333 1946 5388 Πό-

353 5440 442 5478 σοι
469 5421 616 5495 ἧσαν
643 5426 790 5481 κατὰ
827 5427 929 5498 τὴν
981 5428 1138 5484 πόλιν
1191 5429 1425 5501 πένητες
1475 5429 1687 5484 τούτων
1735 5429 1948 5500 ἐγειρο-

358 5515 561 5588 μένων,
592 5517 645 5572 οἱ
679 5518 768 5574 διά
797 5519 900 5592 τὴν
919 5521 1050 5588 περὶ
1074 5521 1249 5576 ταῦτα
1275 5521 1532 5594 σπουδὴν,
1563 5521 1672 5576 ὑπὸ
1689 5520 1800 5575 τῶν
1826 5523 1948 5576 τότε

355 5608 635 5664 πλουσίων
669 5613 1074 5685 παρεωρῶντος
1120 5615 1230 5668 Ποῦ
1276 5613 1458 5667 τοίνυν
1489 5615 1523 5685 ἡ
1568 5612 1803 5686 λαμπρά
1838 5614 1948 5668 τῶν

358 5705 540 5778 ἔργων
564 5710 883 5782 κατασκευή
904 5727 920 5777 ;
948 5709 1052 5764 ποῦ
1077 5709 1136 5765 δὲ
1167 5711 1196 5764 ὁ
1219 5708 1314 5764 ἐπὶ
1333 5709 1540 5764 τούτων
1573 5707 1949 5780 μεγαλουργίᾳ

359 5799 730 5875 ζηλούμενος;
773 5804 962 5870 Οὐ,τὰ
1008 5806 1110 5877 μὲν
1137 5805 1472 5877 συγκέχυται
1503 5805 1597 5861 καὶ
1632 5805 1948 5888 ἠφάνισται.

2108 4145 2252 4202 Ibid.
2272 4179 2339 4190 -—-
2373 4147 2576 4206 Multos
2605 4149 2734 4205 novi
2763 4147 3104 4220 jejunantes,
3131 4156 3377 4215 orantes,
3409 4165 3636 4219 gemen-

2037 4243 2144 4302 tes,
2173 4252 2340 4293 omne
2371 4237 2612 4310 denique
2662 4246 2890 4310 sumptu
2923 4253 3156 4295 vacuum
3190 4254 3366 4312 genus
3409 4241 3638 4310 pietatis

2039 4343 2153 4400 pre
2183 4343 2244 4385 se
2272 4328 2557 4395 ferentes;
2586 4332 2682 4402 qui
2713 4346 2784 4387 ne
2813 4346 2984 4388 unum
3017 4330 3242 4404 quidem
3279 4331 3504 4387 obolum
3535 4348 3637 4403 op-

2041 4422 2252 4491 pressis
2283 4423 2642 4500 proﬁcerent.
2668 4423 2765 4481 His
2789 4439 2956 4497 porro
2979 4425 3111 4498 quid
3134 4425 3355 4480 tandem
3380 4426 3640 4482 utilitatis

2045 4510 2246 4569 afferre
2295 4513 2526 4585 reliquae
2571 4515 2810 4572 virtutes
2859 4524 3092 4586 queant,
3121 4529 3248 4570 cum
3278 4530 3374 4571 eos
3405 4531 3638 4588 regnum

2045 4603 2313 4660 calorum
2354 4605 2782 4678 haudquaquam
2822 4605 3112 4663 admittat?

2120 4695 2266 4752 Ibid.
2296 4727 2370 4740 -—
2399 4699 2590 4756 Vende
2624 4715 2750 4771 qua:
2783 4698 3061 4782 babes..et
3093 4698 3161 4754 da
3191 4698 3551 4772 pauperibus,
3581 4707 3642 4754 ιιι

2051 4787 2119 4842 ad
2146 4795 2411 4844 aternam
2441 4789 2782 4860 voluptatem
2819 4787 3084 4844 viaticum
3122 4799 3503 4862 comparatum
3542 4789 3642 4843 ba-

2049 4883 2204 4939 beas.
2240 4879 2472 4938 Mmstus
2509 4881 2802 4938 abseedis?
2835 4879 2894 4937 Si
2929 4890 3113 4937 autem
3144 4881 3412 4948 audieris,
3439 4881 3509 4937 da
3547 4898 3642 4952 pe-

2049 4974 2252 5031 cunias
2313 4972 2642 5030 mulieribus
2696 4972 2752 5028 in
2807 4972 2999 5028 luxum
3031 4971 3249 5039 elfusis,
3278 4972 3348 5028 da
3395 4973 3658 5038 latomis,

2051 5063 2248 5132 fabris,
2282 5063 2623 5130 calculariis,
2651 5063 2998 5135 pictoribus;
3048 5063 3283 5136 gaudes,
3317 5062 3547 5136 perinde
3578 5078 3642 5116 ar.

2053 5155 2101 5212 si
2155 5154 2510 5228 praestantius
2565 5156 2820 5226 pecuniis
2868 5155 3168 5227 quidquam
3228 5155 3510 5228 acquiras.
3542 5153 3642 5209 Vi-

2053 5247 2224 5305 desne
2284 5247 2524 5320 parietes
2566 5248 2706 5306 istos
2743 5257 3020 5305 vetustate
3062 5249 3366 5320 collapsos,
3403 5264 3643 5320 quorum

2055 5341 2325 5413 reliquiae,
2363 5349 2630 5412 tanquam
2689 5341 2906 5411 scopuli
2952 5342 3216 5413 quidam,
3269 5343 3477 5413 passim
3533 5349 3645 5396 tota

2054 5433 2196 5490 urbe
2229 5432 2584 5504 prominent?
2619 5430 2899 5499 Quotnam
2939 5433 2998 5488 in
3033 5431 3194 5500 urbe,
3242 5447 3368 5488 cum
3389 5430 3439 5486 "ii
3470 5433 3648 5502 erige-

2055 5524 2283 5591 bantur,
2337 5539 2610 5595 paupercs
2643 5533 2826 5592 erant,
2888 5541 3033 5596 quos
3085 5526 3436 5596 tempestatis
3498 5525 3649 5578 illius

2057 5617 2257 5672 divites
2289 5615 2362 5672 ob
2402 5615 2724 5686 hujusmodi
2759 5631 2946 5672 rerum
2990 5615 3238 5672 studium
3273 5614 3650 5688 aspernaban-

2057 5710 2186 5765 tur?
2213 5709 2452 5764 Ubinam
2495 5709 2667 5780 igitur
2703 5717 2790 5765 est
2820 5708 3085 5781 praeclara
3113 5709 3206 5764 illa
3239 5721 3468 5779 operum
3499 5717 3650 5762 Stru—

2061 5803 2256 5860 etura?
2291 5803 2386 5860 ubi
2417 5803 2530 5864 illc.
2570 5803 2664 5876 qui
2713 5812 2937 5874 propter
2968 5817 3090 5864 eam
3120 5815 3346 5884 operum
3391 5799 3647 5872 magnifi-
