4028 6408
305 341 444 410 1493

1582 333 1818 396 SACRA
1858 331 2324 394 PARALLELA.

3455 334 3586 408 Mill

301 458 370 514 sit
425 453 523 509 τοῦ
583 448 813 520 πλησίον
903 447 1065 510 ἄλλος
1121 445 1372 518 ἀνεφάνη
1409 446 1631 516 γείτων,
1670 445 1768 498 καὶ
1825 443 1894 497 τὰ

2008 441 2143 500 bona
2185 437 2424 497 invasit:
2464 440 2686 498 Vicinus
2715 442 2856 498 alter
2888 443 3123 511 exstitit,
3157 446 3250 516 qui
3294 448 3448 503 illius
3471 465 3594 504 rur-

302 551 517 604 ἐκείνου
575 540 1030 612 ἐξιδιοποιήσατο.
1064 537 1139 592 Οὐ
1186 539 1301 603 τοῖς
1335 537 1567 592 κατόπιν
1607 536 1890 608 προσέχει,

304 639 440 694 ἀλλὰ
461 637 623 691 λυπεῖ
646 635 715 690 τὰ
740 633 1062 704 λειπόμενα.
1091 630 1168 685 Οὐ
1199 633 1264 702 τῇ
1299 630 1598 685 ἀπολαύσει
1626 631 1735 683 τῶν
1765 648 1892 684 συνο

304 730 588 803 αχθέντων
639 725 928 798 προσέχει,
971 724 1089 780 ἀλλ’
1124 724 1318 778 ἑαυτὸν
1351 725 1633 795 ἐκδαπανᾷ
1670 725 1738 796 τῇ
1767 724 1894 776 ἐπισ-

305 822 480 894 θυμία
513 820 612 891 τῆς
649 819 745 872 τοῦ
774 815 1022 881 πλείονος
1067 816 1336 886 κτήσεως.
1387 811 1521 868 Εἶτα
1570 814 1893 886 άγρυπνίαι,

308 912 559 967 ἐντεῦθεν
585 912 643 966 αἱ
675 910 962 982 μέριμναι,
985 907 1083 963 καὶ
1111 909 1168 962 αἱ
1232 907 1514 979 φροντίδες
1532 925 1544 938 ·
1573 907 1699 961 ὅσον
1739 905 1896 973 assa

305 1009 335 1061 ὁ
365 1003 619 1072 πλοῦτος,
647 1002 904 1058 τοσοῦτον
937 1000 1095 1074 φέρει
1115 999 1208 1055 τοῦ
1236 999 1351 1071 βίου
1384 999 1447 1052 τὸ
1478 1000 1893 1071 μεριμνητικόν.
1930 988 1935 993 ’

305 1095 582 1167 Δικαστὴς
633 1095 1028 1167 προσδοκᾶται,
1061 1091 1155 1148 καὶ
1193 1092 1222 1145 ὁ
1253 1091 1584 1164 πλεονέκτης
1634 1108 1896 1163 περισκο-

306 1191 399 1242 πεῖ
453 1187 533 1258 μὴ
591 1186 670 1250 είς
721 1185 1052 1256 δικαστήρια
1101 1185 1410 1255 καταωρῇ,
1449 1181 1526 1256 μὴ
1569 1181 1895 1254 ὀρφανὸςτὸ

304 1281 544 1353 δάκρυον
586 1278 756 1334 αὐτοῦ
809 1279 905 1333 ἐπὶ
957 1278 1316 1350 δικαστηρίου
1367 1277 1730 1349 δημοσιεύσῃ.
1762 1277 1896 1330 Βου-

305 1373 523 1428 λιύεται
561 1375 618 1427 ὲν
647 1371 827 1437 νυκτὶ,
857 1371 1007 1436 τίνας
1042 1371 1152 1425 τῶν
1202 1371 1416 1442 πικρῶν
1450 1369 1766 1441 συνηγόρων
1790 1386 1894 1423 πα-

309 1467 592 1540 ραστήσει,
625 1468 713 1520 ἴνα
740 1465 958 1537 ψευδεῖς
991 1465 1298 1537 μαρτυρίας
1332 1461 1896 1536 ὲκμισθὼσηται,πῶς

306 1557 732 1628 ὲκπολιορκήσει
772 1556 866 1610 τὸν
913 1557 972 1609 ἐν
1023 1556 1256 1627 ἐρημίᾳ,
1293 1552 1796 1608 καταδυναστεύσει
1837 1553 1894 1606 δὲ

306 1649 522 1713 τούτου,
574 1649 671 1702 καὶ
720 1650 779 1703 ιν
825 1647 1165 1719 δικαστηρίῳ
1205 1645 1303 1718 τὴν
1343 1644 1604 1717 ἀλήθειαν
1663 1643 1893 1714 κλέψας,

307 1740 657 1814 ἀμφοτέρους
684 1740 742 1795 δὲ
792 1740 1086 1807 ἀναλώσει,
1137 1739 1233 1792 καὶ
1285 1738 1375 1792 τὸν
1411 1736 1673 1809 δικαστὴν
1722 1754 1897 1807 παρα-

1995 549 2121 590 sum
2155 534 2259 590 sibi
2291 535 2435 590 bona
2472 535 2737 591 vindieat.
2771 535 2890 592 Non
2922 553 2984 594 ea
3015 554 3138 609 quae
3185 555 3216 593 a
3265 551 3425 612 tergo
3464 552 3595 597 sunt

1998 626 2292 698 prospicit,
2331 627 2429 683 sed
2480 627 2550 682 ob
2590 642 2654 683 ea
2699 645 2822 700 quae
2867 630 3047 686 adhuc
3081 639 3295 688 restant
3351 635 3592 705 angitur.

1995 714 2118 772 Non
2147 718 2412 774 collectas
2449 718 2745 775 facultates
2776 721 2980 792 quibus
3012 722 3216 778 fruitur
3253 726 3592 790 considerat,

1998 810 2096 868 sed
2147 811 2478 881 ampliorum
2546 813 2851 883 cupiditate
2901 815 3147 887 seipsum
3196 818 3400 874 exedit.
3453 817 3596 872 Hinc

1998 911 2194 959 noctes
2237 903 2548 971 insomnes,
2592 904 2726 960 hinc
2757 922 2941 974 curse,
2990 909 3119 964 hinc
3163 910 3588 966 sollicitudines.

1999 995 2279 1062 Quantum
2305 996 2513 1052 divitiae
2539 1005 2836 1070 augentur,
2857 1007 3071 1058 tantum
3100 1010 3155 1058 et
3174 1004 3358 1060 victus
3383 1005 3592 1063 crescit

2000 1103 2153 1143 cura.
2185 1087 2360 1146 Judex
2391 1092 2785 1162 exspectatur?
2827 1093 3042 1152 Avarus
3078 1093 3210 1150 hinc
3239 1097 3370 1154 inde
3407 1106 3593 1153 versat

2000 1181 2215 1248 oculos,
2265 1189 2516 1240 metuens
2564 1199 2634 1240 ne
2675 1185 2732 1240 in
2776 1185 2867 1256 jus
2913 1187 3188 1250 trahatur,
3235 1204 3300 1245 ac
3351 1191 3592 1262 pupillus

1999 1273 2276 1346 lacrymas
2307 1275 2485 1346 palam
2515 1291 2708 1332 coram
2750 1279 3017 1333 tribunali
3061 1281 3382 1351 profundat.
3417 1283 3591 1336 Noctu

1999 1369 2210 1438 cogitat
2230 1384 2370 1440 quos
2397 1371 2702 1428 crudelitas
2742 1381 3007 1443 patronos
3049 1374 3332 1442 adhibeat,
3363 1385 3422 1430 ut
3457 1376 3594 1432 falsa

2001 1462 2320 1518 testimonia
2351 1465 2530 1533 pretio
2560 1465 2858 1533 conducat,
2890 1482 3002 1536 qtto
3041 1466 3210 1540 490
3249 1477 3410 1538 pacto
3439 1469 3592 1524 illum

2000 1553 2094 1623 qui
2129 1553 2415 1613 desolatus
2465 1565 2553 1614 est
2600 1566 2911 1630 expugnet,
2968 1559 3229 1631 huncque
3280 1562 3335 1616 in
3383 1561 3596 1632 judicio

2001 1643 2265 1716 subrepta
2296 1645 2531 1704 veritate
2558 1649 2855 1719 opprimat,
2892 1663 2956 1704 ac
2999 1649 3167 1705 simul
3199 1650 3392 1706 ambus
3419 1653 3593 1708 absu-

2001 1747 2137 1803 mat,
2163 1735 2354 1806 judice
2381 1737 2644 1793 nimirum
2677 1739 2932 1809 decepto,
2969 1748 3022 1794 et
3062 1754 3235 1812 puero
3266 1741 3428 1797 bonis
3461 1757 3592 1812 spn-

309 1801 711 1909 κρουσάμενος,
741 1833 838 1889 καὶ
885 1833 946 1887 τὸ
995 1801 1194 1904 νήπιον
1250 1801 1676 1902 πλεονεκτήσας.
1728 1801 1900 1884 ⁴Δῖίται

2008 1827 2163 1884 liato.
2197 1827 2295 1884 llis
2320 1829 2470 1884 curis
2506 1830 2658 1885 avari
2697 1830 2917 1888 animus
2953 1832 3270 1889 coniicitur.
3304 1833 3474 1898 Canis
3515 1834 3594 1890 la-

307 1931 363 1983 αί
391 1928 660 1999 μέριμναι
691 1925 977 1982 δαπανῶσι
1022 1925 1119 1980 τοῦ
1172 1923 1500 1979 πλεονέκτου
1545 1927 1647 1996 τὴν
1695 1923 1897 1993 ψυχήν.

311 2021 473 2075 Κύων
501 2021 756 2086 ὐλακτεῖ;
785 2021 882 2074 καὶ
900 2021 930 2072 ὁ
956 2018 1213 2082 πλούσιος
1239 2016 1456 2090 νομίζει
1480 2017 1721 2089 κλέπτην
1737 2012 1898 2072 εἶναι.

307 2113 456 2176 Mue;
483 2111 686 2183 ψόφος,
718 2111 813 2166 καὶ
833 2110 928 2165 τοῦ
956 2111 1212 2165 πλουσίου
1243 2109 1496 2183 ἡκαρδία
1521 2110 1688 2183 πηδᾷ.
1715 2111 1902 2165 Πάντα

306 2206 372 2261 δι’
403 2206 645 2276 ὑποψίας
664 2205 800 2276 ἔχει.
825 2204 989 2269 Υἰούς
1017 2204 1422 2276 αὐξανομένους
1459 2203 1651 2276 ὥσπερ
1677 2205 1901 2260 ἐπιϐού-

311 2303 432 2366 λους
465 2301 614 2374 ὁρᾷ,
662 2300 746 2355 ὃτι
781 2301 816 2370 ἡ
857 2298 1048 2370 ἡλικία
1094 2298 1278 2353 αὐτῶν
1323 2297 1417 2369 τὴν
1457 2299 1708 2369 διαδοχὴν
1768 2316 1900 2354 κατ-

314 2394 556 2463 επείγει.

389 2483 739 2554 Ἀνθρώπου
772 2485 903 2554 γὰρ,
943 2483 1099 2554 φησὶ,
1133 2483 1438 2539 πλουσίου
1464 2484 1822 2554 ηὐφόρησεν
1858 2484 1897 2552 ἡ

311 2579 492 2648 χώρα,
533 2577 634 2632 καί
661 2575 1023 2647 διελογίζετο
1055 2576 1185 2630 καθ’
1219 2576 1440 2631 ἑαυτόν
1460 2594 1474 2608 ·
1528 2578 1590 2632 Τί
1627 2578 1900 2648 ποιήσω;

309 2669 558 2726 Καθελῶ
574 2687 696 2740 μου
731 2669 838 2736 τὰς
865 2669 1200 2738 ἀποθήκας,
1225 2670 1325 2724 καὶ
1365 2669 1637 2737 μείζονας
1669 2671 1901 2726 obroda-

303 2760 507 2831 μήσω.
540 2761 730 2838 Διὰ-τί
765 2757 859 2817 οὖν
893 2762 1210 2834 ηύφόρησεν
1236 2764 1270 2836 ἡ
1294 2760 1448 2835 χώρα
1471 2762 1764 2835 ἀνθρώπου
1793 2782 1902 2835 μη-

307 2851 393 2905 δὲν
423 2849 638 2918 ἀγαθὸν
663 2853 730 2904 ὲκ
751 2849 853 2921 τῆς
884 2851 1148 2923 εὐφορίας
1186 2855 1434 2924 ποιήσειν
1465 2850 1750 2923 μέλλοντος
1775 2869 1790 2919 ;
1817 2853 1904 2908 ἵνα

313 2943 518 3012 μᾶλλον
557 2943 592 3013 ή
619 2942 715 2996 τοῦ
752 2942 890 2996 Θεοῦ
923 2943 1284 3016 μακροθυμία
1310 2943 1572 3017 διαφανῇ,
1602 2945 1699 2998 καὶ
1733 2943 1904 3017 μέχρι

310 3035 415 3090 τῶν
460 3035 728 3092 τοιούτων
765 3037 1152 3110 ὲκτεινομένης
1183 3035 1350 3092 αὐτοῦ
1377 3036 1479 3108 τῆς
1511 3037 1902 3110 χρηστότητος.

311 3128 526 3198 Βρέχει
564 3130 674 3201 γὰρ
695 3129 797 3184 ἐπὶ
821 3129 1096 3198 δικαίους
1119 3130 1216 3185 καί
1245 3130 1515 3198 ἀδίκους,
1535 3131 1634 3186 καί
1663 3132 1902 3186 άνατέλ-
1929 3149 1974 3210 C

311 3222 401 3275 ιιει
429 3221 545 3276 τὸν
572 3221 754 3290 ἣλιον
789 3222 889 3276 ἐπὶ
933 3222 1240 3292 πονηροὺς
1273 3221 1372 3279 καὶ
1413 3222 1698 3294 ἀγαθούς.
1754 3225 1820 3278 Ἡ
1848 3224 1906 3278 δὲ

311 3315 540 3385 τοιαύτη
570 3315 847 3387 άγαθότης
883 3316 1107 3388 μείζονα
1138 3319 1364 3388 συνάγει
1387 3321 1502 3384 τοῖς
1531 3320 1908 3392 πονηρευομέ-

313 3425 422 3472 νοις
467 3409 568 3480 τὴν
605 3409 852 3465 κόλασιν.
904 3411 1144 3482 ’Πνεγκε
1199 3413 1315 3476 τοῖς
1368 3403 1600 3484 ὄμϐροις
1657 3415 1752 3467 ἐπὶ
1799 3415 1907 3468 τῶν

314 3499 719 3554 πλεονεκτικῶν
747 3501 950 3573 χειρῶν
975 3503 1402 3576 γεωργουμένην
1427 3505 1552 3574 γῆν.
1585 3505 1793 3560 Ἔδωκε
1816 3505 1908 3560 τὸν

312 3591 471 3662 ἥλιον
503 3591 799 3647 ὲκθὰλπειν
829 3593 898 3648 τά
937 3595 1260 3667 σπέρματα,
1310 3595 1408 3650 καὶ
1443 3596 1908 3663 πολυπλασιάζειν

313 3685 443 3747 τοὺς
469 3685 718 3754 καρποὺς
749 3685 838 3740 διὰ
865 3687 966 3757 τῆς
999 3687 1282 3759 εὐφορίας.
1335 3689 1448 3744 Καὶ
1495 3689 1565 3744 τὰ
1615 3689 1716 3760 μὲν
1761 3690 1910 3763 παρὰ

315 3777 405 3830 τοῦ
427 3777 566 3832 Θεοῦ
589 3778 817 3832 τοιαῦτα
835 3796 849 3812 ο
882 3778 988 3850 γῆς
1013 3781 1415 3852 ἐπιτηδειότης,
1440 3779 1622 3854 ἀέρων
1651 3781 1910 3855 εὐκρατοι

317 3869 708 3936 καταστάσεις,
752 3871 1088 3944 σπερμάτων
1127 3873 1382 3943 ἀφθονία,
1419 3874 1561 3945 βοῶν
1601 3876 1907 3948 συνεργίαι,

315 3957 494 4016 τᾶλλα
543 3957 626 4026 οἷς
682 3965 932 4035 γεωργία
1000 3965 1249 4036 πέφυκεν
1298 3967 1668 4038 εὐθηνεῖσθαι.
1722 3969 1803 4023 Τὰ
1851 3969 1912 4024 δὲ

317 4055 473 4125 παρὰ
493 4055 588 4109 τοῦ
611 4055 900 4128 ἀνθρώπου
923 4051 1013 4111 οἷα
1033 4075 1047 4123 ;
1071 4057 1132 4111 τὸ
1162 4057 1359 4130 πικρὸν
1391 4056 1486 4112 τοῦ
1517 4057 1684 4130 ἤθους
1718 4059 1752 4128 ἡ
1783 4075 1911 4128 μισ-

317 4147 612 4220 ανθρωπία
646 4187 664 4212 ,
712 4148 774 4202 τὸ
820 4149 1245 4220 δυσμετάδοτον,
1291 4149 1466 4204 ταῦτα
1511 4149 1588 4222 τῷ
1641 4147 1910 4221 εὐεργέτῃ

314 4238 789 4294 ἀντεπεδείκνυτο.
819 4238 936 4293 Οὐκ
979 4238 1232 4312 ἐμνήσθη
1273 4239 1376 4311 τῆς
1420 4239 1606 4312 κοινῆς
1671 4238 1908 4309 φύσεως.

313 4333 432 4403 Οὐχ
450 4334 700 4404 ἡγήσατο
727 4333 927 4405 χρῆναι
941 4333 1004 4388 τὸ
1025 4333 1346 4407 περιττεῦον
1366 4336 1480 4398 τοῖς
1509 4332 1714 4388 ὲνδεέσι
1743 4347 1912 4388 κατα-

320 4425 570 4498 μερίσαι.
631 4425 747 4481 Οὐκ
789 4425 919 4497 ἔσχε
953 4427 1080 4482 τινὰ
1137 4427 1295 4497 λόγον
1343 4427 1447 4498 τῆς
1493 4426 1718 4498 ἐντολῆς
1745 4440 1762 4457 ⁸
1810 4428 1910 4497 Μὴ

2007 1920 2152 1974 trat?
2178 1919 2334 1978 dives
2355 1919 2554 1977 adesse
2579 1922 2756 1978 furem
2781 1923 3114 1979 arbitratur.
3148 1925 3276 1980 Mus
3301 1926 3595 1996 strepitum

2004 2011 2212 2069 edidit?
2261 2027 2360 2068 cor
2399 2012 2591 2068 divitis
2636 2013 2859 2070 subsilit
2920 2024 3096 2069 metu.
3143 2013 3339 2070 Omnia
3377 2016 3594 2078 metuit,

2006 2104 2192 2158 omnia
2217 2104 2558 2174 suspicatur.
2590 2102 2765 2162 Filios
2803 2113 3122 2162 crescentes
3170 2113 3434 2176 tanquam
3459 2105 3598 2160 insi-

2005 2193 2250 2250 diatores
2277 2195 2496 2266 aspicit,
2515 2197 2936 2268 azlateipsorum
2964 2212 3062 2254 eos
3089 2197 3158 2254 ad
3188 2197 3596 2254 succedendum

2004 2296 2255 2362 urgente.

2081 2471 2271 2541 Ejusd.
2308 2473 2494 2528 homil.
2530 2473 2608 2530 De
2651 2492 2801 2532 avar.
2835 2509 2900 2517 ——
2935 2477 3185 2533 Hominis
3233 2479 3410 2535 divitis
3453 2497 3596 2552 ager,

2005 2565 2207 2636 inquit,
2263 2565 2445 2620 uberrs
2482 2567 2693 2636 [ructus
2736 2569 2895 2635 tulit;
2939 2580 2989 2624 et
3049 2572 3322 2640 cogitabat
3371 2589 3547 2628 secum
3576 2590 3597 2628 :

2006 2658 2150 2726 Quid
2191 2659 2429 2730 faciam?
2479 2659 2766 2714 Destruaut
2797 2663 2985 2717 [terrea
3041 2680 3178 2728 mea,
3233 2673 3282 2718 et
3330 2667 3597 2734 anzpliom

2004 2751 2280 2822 wdiﬁcabo
2308 2751 2461 2822 (Luc.
2500 2769 2598 2820 xu,
2632 2753 2840 2824 16-18).
2884 2753 3101 2825 Ecquid
3125 2756 3292 2826 igitur
3317 2758 3597 2814 fructibus

2006 2844 2308 2900 abundavit
2337 2859 2468 2917 ager
2501 2845 2652 2904 illius
2684 2847 2949 2912 hominis,
3003 2848 3100 2920 qui
3156 2849 3294 2904 nihil
3343 2851 3472 2905 boui
3526 2865 3594 2906 ex

2009 2939 2112 2996 hac
2154 2938 2316 3009 ecpia
2366 2948 2423 2994 et
2471 2940 2724 2996 ubertate
2780 2939 3033 2997 facturus
3086 2944 3249 3000 erat?
3297 2943 3485 3016 utique
3536 2953 3598 2998 ut

2006 3031 2274 3088 diuturna
2317 3031 2410 3089 Det
2455 3034 2720 3105 patientia
2754 3037 2964 3091 clarius
3001 3043 3241 3102 eluceat,
3292 3037 3388 3107 qui
3424 3052 3602 3107 usque

2008 3125 2077 3179 ad
2125 3125 2402 3195 ejusmodi
2437 3126 2692 3186 homines
2725 3127 3118 3201 benignitatem
3151 3145 3308 3186 suam
3347 3129 3600 3201 porrigit.

2004 3217 2158 3272 Pluit
2197 3218 2341 3274 enim
2376 3235 2536 3288 super
2570 3221 2752 3290 justo:
2781 3230 2832 3277 et
2866 3223 3122 3292 injustas,
3158 3232 3209 3278 et
3247 3223 3415 3278 solem
3446 3239 3602 3284 suum

2007 3312 2142 3366 oriri
2174 3311 2308 3381 facit
2337 3329 2492 3382 super
2520 3315 2684 3370 bonos
2728 3325 2780 3370 et
2822 3317 2993 3371 malos
3031 3315 3254 3386 (Hau/1.
3293 3334 3346 3383 ν,
3386 3318 3502 3388 45).
3536 3319 3606 3374 At

2007 3403 2281 3474 ejusmodi
2343 3406 2563 3463 bonitas
2629 3409 2892 3475 majorem
2955 3409 3227 3479 improbis
3291 3411 3603 3464 crueiatum

2007 3498 2266 3558 accersit.
2302 3499 2513 3556 Imbres
2551 3501 2607 3555 in
2637 3501 2820 3556 solum
2855 3501 2987 3557 illud
3018 3502 3230 3565 emisit,
3273 3501 3421 3571 quod
3449 3503 3606 3556 avari

2010 3606 2176 3645 manu
2207 3591 2512 3646 colebatur.
2545 3593 2711 3648 Dedit
2758 3593 2960 3659 solem,
2995 3593 3088 3664 qui
3113 3597 3334 3649 semina
3369 3593 3600 3657 foveret,

2009 3694 2064 3739 et.
2105 3700 2204 3754 per
2246 3685 2585 3742 fertilitatem
2621 3686 2840 3744 fructus
2889 3686 3306 3758 multiplicaret.
3341 3687 3421 3742 Ac
3471 3687 3604 3742 talia

2010 3779 2232 3849 quidem
2261 3777 2364 3834 Dei
2403 3778 2672 3848 beneficio
2718 3779 3097 3850 contigerunt,
3139 3786 3301 3836 terrae
3339 3779 3604 3836 nimirum

2012 3870 2286 3942 aptitudo,
2314 3870 2464 3927 aeris
2523 3872 2844 3942 temperies,
2886 3873 3162 3929 seminum
3201 3871 3386 3943 copia,
3435 3873 3603 3930 bourn

2011 3977 2213 4033 operte,
2263 3971 2577 4034 caeteraque
2603 3979 2676 4019 ex
2703 3963 2912 4036 quibus
2961 3965 3084 4036 agri
3131 3965 3350 4020 cultura
3381 3963 3604 4034 frugum

2012 4052 2408 4108 abundantiam
2439 4055 2733 4125 concipere
2767 4055 2928 4111 solet.
2965 4055 3175 4123 Qualia.
3209 4065 3396 4111 autem
3441 4062 3605 4110 erant

2011 4157 2135 4211 quae
2160 4143 2228 4196 ab
2247 4143 2469 4199 homine
2498 4143 3038 4214 proﬁciscebantur?
3061 4145 3339 4200 acerbitas
3361 4159 3602 4209 morum,

2012 4234 2410 4300 inhumanitas,
2441 4235 2811 4293 illiberalitas.
2854 4235 2982 4292 llzec
3010 4237 3101 4292 ille
3137 4237 3246 4293 Deo
3275 4253 3378 4309 pro
3429 4237 3604 4308 ipsius

2013 4341 2143 4399 erga
2193 4343 2254 4384 se
2286 4329 2500 4384 meritis
2538 4327 2830 4386 referebat.
2872 4331 3200 4386 Communis
3246 4339 3464 4386 natura:
3491 4348 3603 4386 non
3685 4377 3700 4388 .

2015 4419 2381 4488 meminerat;
2420 4436 2532 4492 non
2577 4421 2685 4476 sibi
2723 4421 3036 4478 faciendum
3073 4439 3200 4492 esse
3244 4424 3505 4486 ducebat,
3546 4436 3605 4479 ut

315 4517 569 4590 ἀπόσχῃ
629 4519 898 4576 εὐποιεῖν
953 4518 1132 4601 ἐνδεῆ
1154 4534 1168 4549 ⁸
1217 4520 1334 4590 καὶ,
1379 4520 1745 4591 ἐλεημοσύναι
1815 4523 1905 4575 καὶ

2015 4511 2164 4582 quod
2197 4509 2560 4578 redundaret,
2587 4515 2778 4584 egenis
2814 4515 3138 4587 impertiret.
3180 4515 3399 4572 Nullam
3433 4519 3602 4574 ratio-

321 4609 537 4674 πίστεις
579 4610 656 4682 μὴ
699 4611 1109 4668 ἐκλειπέτωσάν
1135 4629 1224 4666 σε·
1264 4612 1360 4667 καὶ
1398 4613 1729 4681 Διάθρυπτε
1788 4631 1911 4668 rte:-

321 4699 502 4756 νῶν-τι
569 4703 680 4757 τὸν
739 4703 928 4772 ἄρτον
983 4719 1125 4760 σου.
1183 4705 1295 4759 Καὶ
1346 4705 1550 4769 πάντες
1605 4706 1907 4778 προφῆται,

325 4795 422 4848 καὶ
442 4795 646 4859 πάντες
685 4796 1000 4852 διδάσκαλοι
1047 4797 1352 4862 ἐκϐοῶντες
1395 4799 1498 4851 οὐκ
1534 4797 1908 4867 είσηκούοντο,

323 4884 440 4938 ἀλλ’
468 4885 526 4938 αί
556 4887 659 4956 μὲν
687 4886 967 4958 ἀποθῆκαι
1003 4887 1399 4960 διερρήγνυντο
1431 4887 1510 4960 τῷ
1551 4877 1751 4960 πλήθει
1800 4889 1911 4948 τῶν

325 4975 706 5047 ἀποκειμένων
784 4979 1314 5052 στενοχωρούμεναι.
1386 4981 1452 5035 Ἠ
1519 4981 1781 5052 φειδωλὸς
1853 4981 1912 5036 δὲ

327 5063 525 5134 καρδία
559 5065 662 5120 οὐκ
692 5066 1089 5139 ἐνεπίμπλατο.
1140 5069 1252 5123 ’Διὶ
1289 5069 1398 5142 γὰρ
1425 5070 1494 5126 τὰ
1528 5071 1627 5126 νὲα
1662 5073 1772 5135 τοῖς
1805 5089 1912 5128 πα·

326 5154 499 5220 λαιοῖς
520 5159 856 5228 προστιθεὶς,
888 5162 982 5216 κα)⁵
1000 5164 1121 5228 ταῖς
1144 5164 1266 5217 κατ’
1291 5163 1410 5228 ἔτος
1439 5165 1782 5237 προσθήκαις
1813 5164 1911 5240 τὴν

327 5249 591 5323 εὐπορίαν
633 5255 983 5324 προσαύξων,
1036 5259 1117 5322 είς
1145 5259 1245 5330 τὴν
1289 5259 1656 5326 ἀδιεξόδευτον
1705 5260 1912 5332 ταύτην

327 5339 642 5412 ἀμηχανίαν
682 5346 959 5403 ἐνέπεσεν.
1001 5349 1342 5422 Ὑποχωρεῖν
1376 5351 1478 5422 μὲν
1512 5354 1624 5418 τοῖς
1658 5353 1910 5419 παλαιοῖς

330 5429 416 5486 διὰ
452 5434 552 5507 τὴν
584 5438 898 5504 πλεονεξίαν
951 5443 1026 5514 μὴ
1070 5445 1394 5515 συγχωρῶν,
1453 5445 1813 5518 ὑποδέχεσθαι
1855 5446 1913 5501 δὲ

327 5522 396 5577 τὰ
422 5525 518 5580 νέα
542 5527 634 5583 διὰ
663 5530 725 5583 τὸ
759 5532 963 5604 πλῆθος
996 5535 1072 5607 μὴ
1103 5536 1376 5608 ἐξαρκῶν.
1431 5536 1530 5591 Διὰ
1588 5537 1748 5592 τοῦτο
1779 5539 1911 5611 ἀνή-

329 5630 460 5670 νυτα
502 5618 603 5689 μὲν
628 5622 809 5676 αὐτῶν
847 5624 916 5678 τὰ
940 5624 1304 5699 βουλεύματα,
1334 5629 1534 5700 ἄποροι
1567 5631 1628 5685 δὲ
1668 5632 1725 5686 αἱ
1749 5649 1912 5704 φρον-

329 5707 489 5772 τίδες.
511 5711 577 5764 Τί
607 5716 854 5788 ποιήσω;
887 5719 969 5783 τίς
999 5719 1100 5776 οὐκ
1130 5720 1198 5774 ἂν
1232 5721 1475 5794 ἐλεήσειε
1506 5725 1596 5778 τὸν
1623 5725 1791 5788 ὅντως
1817 5743 1912 5780 πο-

337 5797 760 5874 λιορκούμενοη
795 5807 1028 5870 δείλαιος
1057 5811 1155 5883 τῆς
1209 5812 1484 5884 εὐφορίας.
1522 5815 1752 5881 ἐλεεινὸς
1802 5816 1908 5871 τῶν

2013 4618 2140 4659 nem
2171 4602 2416 4662 mandati
2457 4605 2610 4662 illius
2656 4605 2898 4662 habebat
2927 4626 2943 4666 ς
2985 4606 3068 4662 Ne
3099 4607 3312 4664 desinas
3346 4611 3602 4679 indigenti

2014 4694 2318 4768 benefacere
2347 4697 2550 4770 (Galat.
2578 4716 2654 4765 vt,
2684 4701 2752 4766 9;
2788 4700 2853 4755 ΙΙ
2886 4699 3126 4772 Tlieual.
3155 4719 3239 4770 in,
3266 4703 3380 4773 15),
3417 4719 3516 4759 nec
3549 4712 3605 4758 te

2013 4791 2380 4864 eleemosynac
2413 4803 2466 4850 et
2490 4793 2623 4850 ﬁdes
2657 4794 2960 4865 deserant;
2988 4811 3053 4852 ac
3091 4812 3311 4852 rursum
3343 4816 3355 4850 :
3393 4795 3604 4868 Frange

2011 4883 2267 4938 esurienti
2285 4899 2481 4954 panem
2526 4895 2678 4940 tuum
2714 4884 2856 4957 (Isa.
2892 4901 3045 4953 Lvut,
3086 4886 3164 4956 7).
3217 4885 3465 4956 Denique
3497 4904 3597 4943 nec

2011 4975 2297 5046 propheta:
2327 4975 2446 5041 ulli,
2493 4991 2596 5032 nec
2633 4977 2894 5034 doctores
2925 4978 3294 5034 ineiamantcs
3335 4979 3598 5038 exandie-

2014 5065 2237 5123 bantur.
2263 5066 2470 5124 Verum
2507 5068 2708 5126 horrea
2761 5070 2986 5141 quidem
3027 5083 3250 5144 propter
3284 5075 3598 5136 recondita—

2014 5173 2136 5212 rum
2166 5157 2383 5232 frugum
2408 5161 2621 5233 copiam
2653 5163 2978 5233 angustiora
3012 5168 3411 5237 rumpebantur
3442 5166 3592 5237 (Luc.

2014 5267 2070 5316 ν,
2104 5253 2160 5324 (5)
2208 5271 2221 5309 :
2264 5269 2366 5311 nec
2399 5265 2586 5310 tamen
2625 5271 2723 5310 eor
2760 5265 2926 5312 tenax
2957 5263 3016 5313 et
3047 5273 3391 5330 praparcum
3421 5263 3600 5330 Lillius

2015 5343 2367 5416 implebatur.
2395 5345 2533 5402 Nam
2565 5361 2706 5403 nova
2730 5362 2948 5420 semper
2973 5351 3255 5408 veteribus
3269 5351 3600 5424 adjungens.

2012 5445 2069 5494 et
2101 5425 2300 5494 annuis
2325 5439 2684 5496 incrementis
2704 5456 2837 5512 opes
2861 5457 2995 5499 suas
3019 5444 3332 5510 cumulatis,
3359 5445 3412 5500 in
3436 5446 3599 5510 hanc,

2015 5533 2166 5590 unde
2202 5533 2355 5589 exire
2402 5549 2510 5588 non
2554 5534 2771 5599 liceret,
2801 5535 2971 5590 animi
3021 5537 3354 5593 anxietatem
3382 5539 3599 5605 incidit,

2017 5634 2076 5680 ut
2111 5642 2212 5681 nec
2243 5634 2424 5680 vetera
2471 5624 2641 5697 (quod
2688 5625 2863 5697 ipsius
2903 5628 3137 5683 avaritia
3183 5631 3322 5699 erat)
3365 5630 3597 5688 subduci

2017 5727 2315 5790 pateretur,
2352 5735 2451 5773 nec
2485 5735 2644 5783 nova,
2677 5721 2748 5775 οι)
2803 5721 3080 5791 ingentem
3121 5739 3310 5778 eorum
3358 5725 3595 5794 copiam,

2017 5797 2296 5885 suscipere
2336 5821 2542 5884 posset.
2573 5814 2942 5883 Quamobrem
2975 5833 3115 5876 vana
3150 5827 3206 5874 et
3231 5817 3387 5874 irrita
3425 5818 3599 5892 ipsius
