  <div class='ocr_page' id='page_1' title='image "/cluster/home/n/w/nwhite01/storage/ocr_20150623/95:no.2/coo.31924054869999/755.png"; bbox 0 0 4028 6398; ppageno 0'>
   <div class='ocr_carea' id='block_1_1' title="bbox 1635 323 3716 399">
    <p class='ocr_par' dir='ltr' id='par_1_1' title="bbox 1635 323 3716 399">
     <span class='ocr_line' id='line_1_1' title="bbox 1635 323 3716 399; baseline 0.008 -17"><span class='ocrx_word' id='word_1_1' title='bbox 1635 324 1695 383; x_wconf 92' lang='lat' dir='ltr'><strong>S.</strong></span> <span class='ocrx_word' id='word_1_2' title='bbox 1714 323 1746 384; x_wconf 89' lang='lat' dir='ltr'><strong>J</strong></span> <span class='ocrx_word' id='word_1_3' title='bbox 1753 323 1958 386; x_wconf 86' lang='lat' dir='ltr'><strong>OANN</strong></span> <span class='ocrx_word' id='word_1_4' title='bbox 1966 323 2038 385; x_wconf 87' lang='lat' dir='ltr'><strong>IS</strong></span> <span class='ocrx_word' id='word_1_5' title='bbox 2077 323 2513 388; x_wconf 70' lang='lat' dir='ltr'><strong>DAMASCENI</strong></span> <span class='ocrx_word' id='word_1_6' title='bbox 3579 333 3716 399; x_wconf 73' lang='lat' dir='ltr'><strong>H96</strong></span> 
     </span>
    </p>
   </div>
   <div class='ocr_carea' id='block_1_2' title="bbox 440 315 577 384">
    <p class='ocr_par' dir='ltr' id='par_1_2' title="bbox 440 315 577 384">
     <span class='ocr_line' id='line_1_2' title="bbox 440 315 577 384; baseline 0.029 -4"><span class='ocrx_word' id='word_1_7' title='bbox 440 315 577 384; x_wconf 71' lang='lat'><strong>1435</strong></span> 
     </span>
    </p>
   </div>
   <div class='ocr_carea' id='block_1_3' title="bbox 437 426 2003 516">
    <p class='ocr_par' dir='ltr' id='par_1_3' title="bbox 437 426 2003 499">
     <span class='ocr_line' id='line_1_3' title="bbox 437 426 2003 499; baseline 0.003 -14"><span class='ocrx_word' id='word_1_8' title='bbox 437 429 668 486; x_wconf 89' lang='lat' dir='ltr'><strong>consilia</strong></span> <span class='ocrx_word' id='word_1_9' title='bbox 687 436 867 496; x_wconf 87' lang='lat' dir='ltr'><strong>erant,</strong></span> <span class='ocrx_word' id='word_1_10' title='bbox 888 437 941 484; x_wconf 90' lang='lat' dir='ltr'><strong>et</strong></span> <span class='ocrx_word' id='word_1_11' title='bbox 973 426 1244 499; x_wconf 81' lang='lat' dir='ltr'><strong>ejusmodi</strong></span> <span class='ocrx_word' id='word_1_12' title='bbox 1278 444 1446 495; x_wconf 66' lang='lat' dir='ltr'><strong>curae,</strong></span> <span class='ocrx_word' id='word_1_13' title='bbox 1484 433 1718 488; x_wconf 84' lang='lat' dir='ltr'><strong>utnulla</strong></span> <span class='ocrx_word' id='word_1_14' title='bbox 1745 449 1805 491; x_wconf 88' lang='lat' dir='ltr'><strong>se</strong></span> <span class='ocrx_word' id='word_1_15' title='bbox 1834 450 1902 490; x_wconf 78' lang='lat' dir='ltr'><strong>ex</strong></span> <span class='ocrx_word' id='word_1_16' title='bbox 1932 434 2003 490; x_wconf 73' lang='lat' dir='ltr'><strong>bis</strong></span> 
     </span>
    </p>
   </div>
   <div class='ocr_carea' id='block_1_4' title="bbox 2105 426 3718 516">
    <p class='ocr_par' dir='ltr' id='par_1_4' title="bbox 2125 436 3718 516">
     <span class='ocr_line' id='line_1_4' title="bbox 2125 436 3718 516; baseline 0.008 -28"><span class='ocrx_word' id='word_1_17' title='bbox 2125 436 2412 509; x_wconf 84' lang='grc' dir='ltr'><strong>παρόντων</strong></span> <span class='ocrx_word' id='word_1_18' title='bbox 2461 439 2707 508; x_wconf 81' lang='grc' dir='ltr'><strong>ἀγαθῶν,</strong></span> <span class='ocrx_word' id='word_1_19' title='bbox 2755 439 3119 512; x_wconf 75' lang='grc' dir='ltr'>ἐλεεινότερος</span> <span class='ocrx_word' id='word_1_20' title='bbox 3158 441 3267 494; x_wconf 87' lang='grc' dir='ltr'><strong>τῶν</strong></span> <span class='ocrx_word' id='word_1_21' title='bbox 3319 443 3718 516; x_wconf 81' lang='grc' dir='ltr'>προσδοκωμέ-</span> 
     </span>
    </p>
   </div>
   <div class='ocr_carea' id='block_1_5' title="bbox 435 519 2003 608">
    <p class='ocr_par' dir='ltr' id='par_1_5' title="bbox 435 519 2003 607">
     <span class='ocr_line' id='line_1_5' title="bbox 435 519 2003 607; baseline 0.004 -31"><span class='ocrx_word' id='word_1_22' title='bbox 435 521 752 592; x_wconf 79' lang='lat' dir='ltr'><strong>explicandi</strong></span> <span class='ocrx_word' id='word_1_23' title='bbox 782 520 1016 576; x_wconf 73' lang='lat' dir='ltr'><strong>facultas</strong></span> <span class='ocrx_word' id='word_1_24' title='bbox 1042 527 1210 577; x_wconf 85' lang='lat' dir='ltr'><strong>esset.</strong></span> <span class='ocrx_word' id='word_1_25' title='bbox 1253 519 1398 589; x_wconf 83' lang='lat' dir='ltr'><strong>Quid</strong></span> <span class='ocrx_word' id='word_1_26' title='bbox 1441 522 1687 607; x_wconf 45' lang='lat' dir='ltr'><strong>faciam:</strong></span> <span class='ocrx_word' id='word_1_27' title='bbox 1709 541 1871 598; x_wconf 83' lang='lat' dir='ltr'><strong>quem</strong></span> <span class='ocrx_word' id='word_1_28' title='bbox 1909 541 2003 582; x_wconf 81' lang='lat' dir='ltr'><strong>nor</strong></span> 
     </span>
    </p>
   </div>
   <div class='ocr_carea' id='block_1_6' title="bbox 2105 519 3717 608">
    <p class='ocr_par' dir='ltr' id='par_1_6' title="bbox 2123 532 3717 608">
     <span class='ocr_line' id='line_1_6' title="bbox 2123 532 3717 608; baseline 0.005 -22"><span class='ocrx_word' id='word_1_29' title='bbox 2123 549 2251 587; x_wconf 89' lang='grc' dir='ltr'>νων.</span> <span class='ocrx_word' id='word_1_30' title='bbox 2275 532 2368 605; x_wconf 82' lang='grc' dir='ltr'><strong>Μὴ</strong></span> <span class='ocrx_word' id='word_1_31' title='bbox 2392 533 2499 603; x_wconf 78' lang='grc' dir='ltr'><strong>γὰρ</strong></span> <span class='ocrx_word' id='word_1_32' title='bbox 2525 533 2820 604; x_wconf 84' lang='grc' dir='ltr'><strong>προσόδους</strong></span> <span class='ocrx_word' id='word_1_33' title='bbox 2841 534 2989 606; x_wconf 79' lang='grc' dir='ltr'>αὐτῷ</span> <span class='ocrx_word' id='word_1_34' title='bbox 3011 534 3170 606; x_wconf 80' lang='grc' dir='ltr'>φέρει</span> <span class='ocrx_word' id='word_1_35' title='bbox 3197 537 3230 606; x_wconf 84' lang='grc' dir='ltr'><strong>ἡ</strong></span> <span class='ocrx_word' id='word_1_36' title='bbox 3257 537 3351 607; x_wconf 76' lang='grc' dir='ltr'>γῆς</span> <span class='ocrx_word' id='word_1_37' title='bbox 3371 541 3717 608; x_wconf 76' lang='grc' dir='ltr'>στεναγμοὺς</span> 
     </span>
    </p>
   </div>
   <div class='ocr_carea' id='block_1_7' title="bbox 433 613 2003 698">
    <p class='ocr_par' dir='ltr' id='par_1_7' title="bbox 433 613 2003 677">
     <span class='ocr_line' id='line_1_7' title="bbox 433 613 2003 677; baseline 0.006 -10"><span class='ocrx_word' id='word_1_38' title='bbox 433 613 695 670; x_wconf 77' lang='lat' dir='ltr'><strong>misereat.</strong></span> <span class='ocrx_word' id='word_1_39' title='bbox 724 613 968 668; x_wconf 82' lang='lat' dir='ltr'><strong>hominis</strong></span> <span class='ocrx_word' id='word_1_40' title='bbox 999 628 1130 668; x_wconf 90' lang='lat' dir='ltr'><strong>vere</strong></span> <span class='ocrx_word' id='word_1_41' title='bbox 1177 613 1400 670; x_wconf 87' lang='lat' dir='ltr'><strong>miseria</strong></span> <span class='ocrx_word' id='word_1_42' title='bbox 1431 616 1826 675; x_wconf 81' lang='lat' dir='ltr'><strong>circumsessi?</strong></span> <span class='ocrx_word' id='word_1_43' title='bbox 1856 619 2003 677; x_wconf 80' lang='lat' dir='ltr'><strong>Miset</strong></span> 
     </span>
    </p>
   </div>
   <div class='ocr_carea' id='block_1_8' title="bbox 2105 613 3714 698">
    <p class='ocr_par' dir='ltr' id='par_1_8' title="bbox 2125 623 3714 698">
     <span class='ocr_line' id='line_1_8' title="bbox 2125 623 3714 698; baseline 0.001 -21"><span class='ocrx_word' id='word_1_44' title='bbox 2125 624 2275 694; x_wconf 79' lang='grc' dir='ltr'>αὐτῷ</span> <span class='ocrx_word' id='word_1_45' title='bbox 2305 623 2452 694; x_wconf 90' lang='grc' dir='ltr'>φύει.</span> <span class='ocrx_word' id='word_1_46' title='bbox 2475 625 2567 695; x_wconf 85' lang='grc' dir='ltr'><strong>Μὴ</strong></span> <span class='ocrx_word' id='word_1_47' title='bbox 2584 625 2696 696; x_wconf 80' lang='grc' dir='ltr'>γὰρ</span> <span class='ocrx_word' id='word_1_48' title='bbox 2719 624 2952 695; x_wconf 77' lang='grc' dir='ltr'>καρπῶν</span> <span class='ocrx_word' id='word_1_49' title='bbox 2971 625 3233 696; x_wconf 73' lang='grc' dir='ltr'>εὐφορίαν</span> <span class='ocrx_word' id='word_1_50' title='bbox 3256 627 3516 696; x_wconf 75' lang='grc' dir='ltr'>συνάγει;</span> <span class='ocrx_word' id='word_1_51' title='bbox 3545 646 3714 698; x_wconf 83' lang='grc' dir='ltr'>φρον-</span> 
     </span>
    </p>
   </div>
   <div class='ocr_carea' id='block_1_9' title="bbox 431 703 2022 786">
    <p class='ocr_par' dir='ltr' id='par_1_9' title="bbox 431 703 2022 786">
     <span class='ocr_line' id='line_1_9' title="bbox 431 703 2022 786; baseline 0.005 -26"><span class='ocrx_word' id='word_1_52' title='bbox 431 712 518 760; x_wconf 91' lang='lat' dir='ltr'><strong>est</strong></span> <span class='ocrx_word' id='word_1_53' title='bbox 552 705 699 761; x_wconf 83' lang='lat' dir='ltr'><strong>enim</strong></span> <span class='ocrx_word' id='word_1_54' title='bbox 731 703 960 760; x_wconf 87' lang='lat' dir='ltr'><strong>nomine</strong></span> <span class='ocrx_word' id='word_1_55' title='bbox 1012 704 1358 776; x_wconf 70' lang='lat' dir='ltr'><strong>fertilitatis;</strong></span> <span class='ocrx_word' id='word_1_56' title='bbox 1423 709 1758 768; x_wconf 80' lang='lat' dir='ltr'><strong>miserabilis</strong></span> <span class='ocrx_word' id='word_1_57' title='bbox 1794 723 2022 786; x_wconf 81' lang='lat' dir='ltr'><strong>propter</strong></span> 
     </span>
    </p>
   </div>
   <div class='ocr_carea' id='block_1_10' title="bbox 432 797 2014 877">
    <p class='ocr_par' dir='ltr' id='par_1_10' title="bbox 432 797 2014 877">
     <span class='ocr_line' id='line_1_10' title="bbox 432 797 2014 877; baseline 0.006 -25"><span class='ocrx_word' id='word_1_58' title='bbox 432 797 762 868; x_wconf 65' lang='lat' dir='ltr'><strong>prmsentia,</strong></span> <span class='ocrx_word' id='word_1_59' title='bbox 824 798 924 855; x_wconf 86' lang='lat' dir='ltr'><strong>scd</strong></span> <span class='ocrx_word' id='word_1_60' title='bbox 977 799 1349 856; x_wconf 81' lang='lat' dir='ltr'><strong>miserabilior</strong></span> <span class='ocrx_word' id='word_1_61' title='bbox 1399 814 1625 874; x_wconf 85' lang='lat' dir='ltr'><strong>propter</strong></span> <span class='ocrx_word' id='word_1_62' title='bbox 1677 815 2014 877; x_wconf 79' lang='lat' dir='ltr'><strong>exspectata.</strong></span> 
     </span>
    </p>
   </div>
   <div class='ocr_carea' id='block_1_11' title="bbox 430 890 2072 970">
    <p class='ocr_par' dir='ltr' id='par_1_11' title="bbox 430 890 2072 970">
     <span class='ocr_line' id='line_1_11' title="bbox 430 890 2072 970; baseline 0.008 -26"><span class='ocrx_word' id='word_1_63' title='bbox 430 890 622 947; x_wconf 86' lang='lat' dir='ltr'><strong>Nullos</strong></span> <span class='ocrx_word' id='word_1_64' title='bbox 651 891 798 947; x_wconf 91' lang='lat' dir='ltr'><strong>enim</strong></span> <span class='ocrx_word' id='word_1_65' title='bbox 825 892 874 947; x_wconf 92' lang='lat' dir='ltr'><strong>ei</strong></span> <span class='ocrx_word' id='word_1_66' title='bbox 910 893 1075 950; x_wconf 88' lang='lat' dir='ltr'><strong>tellus</strong></span> <span class='ocrx_word' id='word_1_67' title='bbox 1098 894 1314 951; x_wconf 88' lang='lat' dir='ltr'><strong>reditus</strong></span> <span class='ocrx_word' id='word_1_68' title='bbox 1341 911 1474 952; x_wconf 90' lang='lat' dir='ltr'><strong>suos</strong></span> <span class='ocrx_word' id='word_1_69' title='bbox 1505 896 1732 970; x_wconf 79' lang='lat' dir='ltr'><strong>profert,</strong></span> <span class='ocrx_word' id='word_1_70' title='bbox 1766 907 1821 954; x_wconf 89' lang='lat' dir='ltr'><strong>at</strong></span> <span class='ocrx_word' id='word_1_71' title='bbox 1846 901 2020 970; x_wconf 89' lang='lat' dir='ltr'><strong>gemi-</strong></span> <span class='ocrx_word' id='word_1_72' title='bbox 2068 959 2072 964; x_wconf 69' lang='grc'><strong>,</strong></span> 
     </span>
    </p>
   </div>
   <div class='ocr_carea' id='block_1_12' title="bbox 427 983 2016 1059">
    <p class='ocr_par' dir='ltr' id='par_1_12' title="bbox 427 983 2016 1059">
     <span class='ocr_line' id='line_1_12' title="bbox 427 983 2016 1059; baseline 0.009 -23"><span class='ocrx_word' id='word_1_73' title='bbox 427 991 519 1038; x_wconf 87' lang='lat' dir='ltr'><strong>tus</strong></span> <span class='ocrx_word' id='word_1_74' title='bbox 582 983 818 1054; x_wconf 89' lang='lat' dir='ltr'><strong>proinde</strong></span> <span class='ocrx_word' id='word_1_75' title='bbox 875 984 1055 1040; x_wconf 89' lang='lat' dir='ltr'><strong>eidem</strong></span> <span class='ocrx_word' id='word_1_76' title='bbox 1113 986 1421 1059; x_wconf 78' lang='lat' dir='ltr'><strong>ingenerat.</strong></span> <span class='ocrx_word' id='word_1_77' title='bbox 1497 990 1618 1046; x_wconf 86' lang='lat' dir='ltr'><strong>Non</strong></span> <span class='ocrx_word' id='word_1_78' title='bbox 1677 992 2016 1050; x_wconf 85' lang='lat' dir='ltr'><strong>uberrimam</strong></span> 
     </span>
    </p>
   </div>
   <div class='ocr_carea' id='block_1_13' title="bbox 427 1073 2015 1152">
    <p class='ocr_par' dir='ltr' id='par_1_13' title="bbox 427 1073 2015 1152">
     <span class='ocr_line' id='line_1_13' title="bbox 427 1073 2015 1152; baseline 0.009 -26"><span class='ocrx_word' id='word_1_79' title='bbox 427 1073 650 1143; x_wconf 82' lang='lat' dir='ltr'><strong>frugum</strong></span> <span class='ocrx_word' id='word_1_80' title='bbox 696 1073 913 1145; x_wconf 87' lang='lat' dir='ltr'><strong>copiam</strong></span> <span class='ocrx_word' id='word_1_81' title='bbox 965 1075 1198 1147; x_wconf 76' lang='lat' dir='ltr'><strong>colligit,</strong></span> <span class='ocrx_word' id='word_1_82' title='bbox 1252 1087 1308 1132; x_wconf 89' lang='lat' dir='ltr'><strong>at</strong></span> <span class='ocrx_word' id='word_1_83' title='bbox 1339 1080 1503 1149; x_wconf 88' lang='lat' dir='ltr'><strong>plano</strong></span> <span class='ocrx_word' id='word_1_84' title='bbox 1547 1082 1769 1152; x_wconf 88' lang='lat' dir='ltr'><strong>quidem</strong></span> <span class='ocrx_word' id='word_1_85' title='bbox 1825 1099 2015 1151; x_wconf 89' lang='lat' dir='ltr'><strong>curas,</strong></span> 
     </span>
    </p>
   </div>
   <div class='ocr_carea' id='block_1_14' title="bbox 425 1167 2016 1239">
    <p class='ocr_par' dir='ltr' id='par_1_14' title="bbox 425 1167 2016 1239">
     <span class='ocr_line' id='line_1_14' title="bbox 425 1167 2016 1239; baseline 0.009 -19"><span class='ocrx_word' id='word_1_86' title='bbox 425 1167 736 1232; x_wconf 82' lang='lat' dir='ltr'><strong>molestias,</strong></span> <span class='ocrx_word' id='word_1_87' title='bbox 772 1184 1107 1239; x_wconf 76' lang='lat' dir='ltr'><strong>gravemque</strong></span> <span class='ocrx_word' id='word_1_88' title='bbox 1160 1170 1331 1226; x_wconf 88' lang='lat' dir='ltr'><strong>animi</strong></span> <span class='ocrx_word' id='word_1_89' title='bbox 1399 1175 1753 1232; x_wconf 83' lang='lat' dir='ltr'><strong>anxietatem.</strong></span> <span class='ocrx_word' id='word_1_90' title='bbox 1808 1175 2016 1234; x_wconf 87' lang='lat' dir='ltr'><strong>Eodem</strong></span> 
     </span>
    </p>
   </div>
   <div class='ocr_carea' id='block_1_15' title="bbox 425 1263 2016 1332">
    <p class='ocr_par' dir='ltr' id='par_1_15' title="bbox 425 1263 2016 1332">
     <span class='ocr_line' id='line_1_15' title="bbox 425 1263 2016 1332; baseline 0.008 -19"><span class='ocrx_word' id='word_1_91' title='bbox 425 1275 537 1331; x_wconf 88' lang='lat' dir='ltr'><strong>quo</strong></span> <span class='ocrx_word' id='word_1_92' title='bbox 599 1275 872 1332; x_wconf 88' lang='lat' dir='ltr'><strong>pauperes</strong></span> <span class='ocrx_word' id='word_1_93' title='bbox 929 1263 1096 1318; x_wconf 89' lang='lat' dir='ltr'><strong>modo</strong></span> <span class='ocrx_word' id='word_1_94' title='bbox 1159 1263 1514 1323; x_wconf 85' lang='lat' dir='ltr'><strong>lamentatur.</strong></span> <span class='ocrx_word' id='word_1_95' title='bbox 1577 1269 1663 1324; x_wconf 82' lang='lat' dir='ltr'><strong>An</strong></span> <span class='ocrx_word' id='word_1_96' title='bbox 1710 1285 1820 1326; x_wconf 91' lang='lat' dir='ltr'><strong>non</strong></span> <span class='ocrx_word' id='word_1_97' title='bbox 1869 1271 2016 1327; x_wconf 89' lang='lat' dir='ltr'><strong>enim</strong></span> 
     </span>
    </p>
   </div>
   <div class='ocr_carea' id='block_1_16' title="bbox 424 1353 2017 1435">
    <p class='ocr_par' dir='ltr' id='par_1_16' title="bbox 424 1353 2017 1435">
     <span class='ocr_line' id='line_1_16' title="bbox 424 1353 2017 1435; baseline 0.007 -26"><span class='ocrx_word' id='word_1_98' title='bbox 424 1353 676 1410; x_wconf 83' lang='lat' dir='ltr'><strong>eamdem</strong></span> <span class='ocrx_word' id='word_1_99' title='bbox 729 1369 954 1427; x_wconf 89' lang='lat' dir='ltr'><strong>quoque</strong></span> <span class='ocrx_word' id='word_1_100' title='bbox 993 1356 1085 1413; x_wconf 89' lang='lat' dir='ltr'><strong>ille</strong></span> <span class='ocrx_word' id='word_1_101' title='bbox 1116 1372 1305 1414; x_wconf 78' lang='lat' dir='ltr'><strong>vocem</strong></span> <span class='ocrx_word' id='word_1_102' title='bbox 1365 1361 1588 1427; x_wconf 90' lang='lat' dir='ltr'><strong>emittit,</strong></span> <span class='ocrx_word' id='word_1_103' title='bbox 1625 1363 1721 1433; x_wconf 87' lang='lat' dir='ltr'><strong>qui</strong></span> <span class='ocrx_word' id='word_1_104' title='bbox 1775 1372 2017 1435; x_wconf 83' lang='lat' dir='ltr'><strong>egestate</strong></span> 
     </span>
    </p>
   </div>
   <div class='ocr_carea' id='block_1_17' title="bbox 424 1446 2015 1523">
    <p class='ocr_par' dir='ltr' id='par_1_17' title="bbox 424 1446 2015 1523">
     <span class='ocr_line' id='line_1_17' title="bbox 424 1446 2015 1523; baseline 0.008 -22"><span class='ocrx_word' id='word_1_105' title='bbox 424 1446 734 1516; x_wconf 77' lang='lat' dir='ltr'><strong>premitur?</strong></span> <span class='ocrx_word' id='word_1_106' title='bbox 761 1447 901 1514; x_wconf 86' lang='lat' dir='ltr'><strong>Quid</strong></span> <span class='ocrx_word' id='word_1_107' title='bbox 937 1448 1179 1506; x_wconf 85' lang='lat' dir='ltr'><strong>faciam?</strong></span> <span class='ocrx_word' id='word_1_108' title='bbox 1209 1451 1358 1509; x_wconf 89' lang='lat' dir='ltr'><strong>unde</strong></span> <span class='ocrx_word' id='word_1_109' title='bbox 1407 1455 1690 1523; x_wconf 88' lang='lat' dir='ltr'><strong>alimenta,</strong></span> <span class='ocrx_word' id='word_1_110' title='bbox 1727 1458 1874 1514; x_wconf 89' lang='lat' dir='ltr'><strong>unde</strong></span> <span class='ocrx_word' id='word_1_111' title='bbox 1927 1458 2015 1514; x_wconf 84' lang='lat' dir='ltr'><strong>in-</strong></span> 
     </span>
    </p>
   </div>
   <div class='ocr_carea' id='block_1_18' title="bbox 423 1539 2015 1618">
    <p class='ocr_par' dir='ltr' id='par_1_18' title="bbox 423 1539 2015 1618">
     <span class='ocr_line' id='line_1_18' title="bbox 423 1539 2015 1618; baseline 0.012 -30"><span class='ocrx_word' id='word_1_112' title='bbox 423 1539 686 1594; x_wconf 80' lang='lat' dir='ltr'><strong>dumenta</strong></span> <span class='ocrx_word' id='word_1_113' title='bbox 734 1543 1068 1610; x_wconf 84' lang='lat' dir='ltr'><strong>suppetent!</strong></span> <span class='ocrx_word' id='word_1_114' title='bbox 1126 1539 1329 1601; x_wconf 91' lang='lat' dir='ltr'><strong>Iisdem</strong></span> <span class='ocrx_word' id='word_1_115' title='bbox 1376 1561 1602 1618; x_wconf 88' lang='lat' dir='ltr'><strong>quoque</strong></span> <span class='ocrx_word' id='word_1_116' title='bbox 1639 1547 1793 1604; x_wconf 82' lang='lat' dir='ltr'><strong>dives</strong></span> <span class='ocrx_word' id='word_1_117' title='bbox 1829 1549 2015 1607; x_wconf 78' lang='lat' dir='ltr'><strong>verbis</strong></span> 
     </span>
    </p>
   </div>
   <div class='ocr_carea' id='block_1_19' title="bbox 421 1628 2017 1700">
    <p class='ocr_par' dir='ltr' id='par_1_19' title="bbox 421 1628 2017 1700">
     <span class='ocr_line' id='line_1_19' title="bbox 421 1628 2017 1700; baseline 0.011 -21"><span class='ocrx_word' id='word_1_118' title='bbox 421 1628 617 1696; x_wconf 80' lang='lat' dir='ltr'><strong>utitur,</strong></span> <span class='ocrx_word' id='word_1_119' title='bbox 645 1630 813 1686; x_wconf 88' lang='lat' dir='ltr'><strong>corde</strong></span> <span class='ocrx_word' id='word_1_120' title='bbox 853 1632 1250 1700; x_wconf 88' lang='lat' dir='ltr'><strong>discruciatur,</strong></span> <span class='ocrx_word' id='word_1_121' title='bbox 1285 1651 1488 1694; x_wconf 82' lang='lat' dir='ltr'><strong>exesus</strong></span> <span class='ocrx_word' id='word_1_122' title='bbox 1521 1653 1550 1692; x_wconf 91' lang='lat' dir='ltr'><strong>a</strong></span> <span class='ocrx_word' id='word_1_123' title='bbox 1589 1654 1720 1695; x_wconf 90' lang='lat' dir='ltr'><strong>cura</strong></span> <span class='ocrx_word' id='word_1_124' title='bbox 1763 1649 1818 1696; x_wconf 88' lang='lat' dir='ltr'><strong>et</strong></span> <span class='ocrx_word' id='word_1_125' title='bbox 1863 1643 2017 1698; x_wconf 82' lang='lat' dir='ltr'><strong>solli-</strong></span> 
     </span>
    </p>
   </div>
   <div class='ocr_carea' id='block_1_20' title="bbox 2124 714 3716 790">
    <p class='ocr_par' dir='ltr' id='par_1_20' title="bbox 2124 714 3716 790">
     <span class='ocr_line' id='line_1_20' title="bbox 2124 714 3716 790; baseline 0.003 -21"><span class='ocrx_word' id='word_1_126' title='bbox 2124 715 2298 782; x_wconf 88' lang='grc' dir='ltr'>τίδας,</span> <span class='ocrx_word' id='word_1_127' title='bbox 2330 718 2426 768; x_wconf 57' lang='grc' dir='ltr'><strong>καὶ⁸</strong></span> <span class='ocrx_word' id='word_1_128' title='bbox 2475 714 2676 780; x_wconf 80' lang='grc' dir='ltr'>λύπας,</span> <span class='ocrx_word' id='word_1_129' title='bbox 2726 715 2824 768; x_wconf 69' lang='grc' dir='ltr'>καὶ</span> <span class='ocrx_word' id='word_1_130' title='bbox 2873 716 3188 786; x_wconf 72' lang='grc' dir='ltr'><strong>ἀμηχανίαν</strong></span> <span class='ocrx_word' id='word_1_131' title='bbox 3242 717 3445 789; x_wconf 56' lang='grc' dir='ltr'>δεινήν»</span> <span class='ocrx_word' id='word_1_132' title='bbox 3507 719 3716 790; x_wconf 84' lang='grc' dir='ltr'>Ὅμοια</span> 
     </span>
    </p>
   </div>
   <div class='ocr_carea' id='block_1_21' title="bbox 2116 805 3714 880">
    <p class='ocr_par' dir='ltr' id='par_1_21' title="bbox 2116 805 3714 880">
     <span class='ocr_line' id='line_1_21' title="bbox 2116 805 3714 880; baseline 0.002 -20"><span class='ocrx_word' id='word_1_133' title='bbox 2116 807 2236 871; x_wconf 49' lang='grc' dir='ltr'>’τοῖς</span> <span class='ocrx_word' id='word_1_134' title='bbox 2271 807 2592 878; x_wconf 75' lang='grc' dir='ltr'><strong>πενομένοις</strong></span> <span class='ocrx_word' id='word_1_135' title='bbox 2638 805 2913 878; x_wconf 77' lang='grc' dir='ltr'><strong>ὀδύρεται.</strong></span> <span class='ocrx_word' id='word_1_136' title='bbox 2948 809 3019 860; x_wconf 87' lang='grc' dir='ltr'><em>Ἢ</em></span> <span class='ocrx_word' id='word_1_137' title='bbox 3073 807 3197 880; x_wconf 74' lang='grc' dir='ltr'>οὐχὶ</span> <span class='ocrx_word' id='word_1_138' title='bbox 3251 809 3461 874; x_wconf 82' lang='grc' dir='ltr'>ταύτην</span> <span class='ocrx_word' id='word_1_139' title='bbox 3511 811 3714 880; x_wconf 84' lang='grc' dir='ltr'>ἀφίησι</span> 
     </span>
    </p>
   </div>
   <div class='ocr_carea' id='block_1_22' title="bbox 2117 900 3714 974">
    <p class='ocr_par' dir='ltr' id='par_1_22' title="bbox 2117 900 3714 974">
     <span class='ocr_line' id='line_1_22' title="bbox 2117 900 3714 974; baseline 0.001 -20"><span class='ocrx_word' id='word_1_140' title='bbox 2117 900 2222 972; x_wconf 80' lang='grc' dir='ltr'><strong>τὴν</strong></span> <span class='ocrx_word' id='word_1_141' title='bbox 2275 901 2459 971; x_wconf 87' lang='grc' dir='ltr'>φωνὴν</span> <span class='ocrx_word' id='word_1_142' title='bbox 2486 901 2581 954; x_wconf 70' lang='grc' dir='ltr'>καὶ</span> <span class='ocrx_word' id='word_1_143' title='bbox 2625 901 2655 953; x_wconf 85' lang='grc' dir='ltr'><strong>ὁ</strong></span> <span class='ocrx_word' id='word_1_144' title='bbox 2706 900 2797 953; x_wconf 79' lang='grc' dir='ltr'>διὰ</span> <span class='ocrx_word' id='word_1_145' title='bbox 2828 902 3023 954; x_wconf 80' lang='grc' dir='ltr'>πενίαν</span> <span class='ocrx_word' id='word_1_146' title='bbox 3065 902 3574 974; x_wconf 80' lang='grc' dir='ltr'>στενοχωρούμενος</span> <span class='ocrx_word' id='word_1_147' title='bbox 3603 922 3619 971; x_wconf 87' lang='grc'><strong>;</strong></span> <span class='ocrx_word' id='word_1_148' title='bbox 3645 905 3714 956; x_wconf 82' lang='grc' dir='ltr'>Τί</span> 
     </span>
    </p>
   </div>
   <div class='ocr_carea' id='block_1_23' title="bbox 2119 990 3712 1063">
    <p class='ocr_par' dir='ltr' id='par_1_23' title="bbox 2119 990 3712 1063">
     <span class='ocr_line' id='line_1_23' title="bbox 2119 990 3712 1063; baseline 0 -17"><span class='ocrx_word' id='word_1_149' title='bbox 2119 993 2369 1063; x_wconf 73' lang='grc' dir='ltr'>ποιήσιος</span> <span class='ocrx_word' id='word_1_150' title='bbox 2397 991 2564 1046; x_wconf 81' lang='grc' dir='ltr'>πόθεν</span> <span class='ocrx_word' id='word_1_151' title='bbox 2587 992 2820 1062; x_wconf 84' lang='grc' dir='ltr'>τροφαί;</span> <span class='ocrx_word' id='word_1_152' title='bbox 2853 990 3021 1045; x_wconf 84' lang='grc' dir='ltr'>πόθεν</span> <span class='ocrx_word' id='word_1_153' title='bbox 3049 991 3324 1062; x_wconf 74' lang='grc' dir='ltr'><strong>ἐνδύματα</strong></span> <span class='ocrx_word' id='word_1_154' title='bbox 3349 1010 3364 1059; x_wconf 91' lang='grc'>;</span> <span class='ocrx_word' id='word_1_155' title='bbox 3400 993 3590 1048; x_wconf 75' lang='grc' dir='ltr'>Ταῦτα</span> <span class='ocrx_word' id='word_1_156' title='bbox 3617 995 3712 1046; x_wconf 72' lang='grc' dir='ltr'>καὶ</span> 
     </span>
    </p>
   </div>
   <div class='ocr_carea' id='block_1_24' title="bbox 2120 1081 3711 1157">
    <p class='ocr_par' dir='ltr' id='par_1_24' title="bbox 2120 1081 3711 1157">
     <span class='ocr_line' id='line_1_24' title="bbox 2120 1081 3711 1157; baseline 0.001 -17"><span class='ocrx_word' id='word_1_157' title='bbox 2120 1087 2148 1140; x_wconf 75' lang='grc' dir='ltr'><strong>ὁ</strong></span> <span class='ocrx_word' id='word_1_158' title='bbox 2186 1083 2444 1148; x_wconf 81' lang='grc' dir='ltr'>πλούσιος</span> <span class='ocrx_word' id='word_1_159' title='bbox 2474 1083 2793 1153; x_wconf 76' lang='grc' dir='ltr'><strong>φθέγγεται.</strong></span> <span class='ocrx_word' id='word_1_160' title='bbox 2857 1081 3144 1138; x_wconf 78' lang='grc' dir='ltr'>Ὀδυνᾶται</span> <span class='ocrx_word' id='word_1_161' title='bbox 3190 1086 3295 1156; x_wconf 81' lang='grc' dir='ltr'>τὴν</span> <span class='ocrx_word' id='word_1_162' title='bbox 3337 1086 3570 1157; x_wconf 70' lang='grc' dir='ltr'>καρδίαν</span> <span class='ocrx_word' id='word_1_163' title='bbox 3605 1087 3711 1141; x_wconf 55' lang='lat' dir='ltr'><strong>iii-tio</strong></span> 
     </span>
    </p>
   </div>
   <div class='ocr_carea' id='block_1_25' title="bbox 2117 1174 3708 1248">
    <p class='ocr_par' dir='ltr' id='par_1_25' title="bbox 2117 1174 3708 1248">
     <span class='ocr_line' id='line_1_25' title="bbox 2117 1174 3708 1248; baseline 0.001 -18"><span class='ocrx_word' id='word_1_164' title='bbox 2117 1175 2220 1246; x_wconf 76' lang='grc' dir='ltr'><strong>τῆς</strong></span> <span class='ocrx_word' id='word_1_165' title='bbox 2274 1177 2550 1248; x_wconf 78' lang='grc' dir='ltr'><strong>μερίμνης</strong></span> <span class='ocrx_word' id='word_1_166' title='bbox 2595 1175 2991 1247; x_wconf 81' lang='grc' dir='ltr'>διεσθιόμενος.</span> <span class='ocrx_word' id='word_1_167' title='bbox 3037 1174 3106 1232; x_wconf 89' lang='grc' dir='ltr'><em>Ὃ</em></span> <span class='ocrx_word' id='word_1_168' title='bbox 3166 1177 3277 1248; x_wconf 84' lang='grc' dir='ltr'><strong>γὰρ</strong></span> <span class='ocrx_word' id='word_1_169' title='bbox 3326 1178 3456 1241; x_wconf 82' lang='grc' dir='ltr'>τοὺς</span> <span class='ocrx_word' id='word_1_170' title='bbox 3513 1178 3708 1243; x_wconf 79' lang='grc' dir='ltr'>ἄλλους</span> 
     </span>
    </p>
   </div>
   <div class='ocr_carea' id='block_1_26' title="bbox 2120 1265 3714 1340">
    <p class='ocr_par' dir='ltr' id='par_1_26' title="bbox 2120 1265 3714 1340">
     <span class='ocr_line' id='line_1_26' title="bbox 2120 1265 3714 1340; baseline 0.002 -20"><span class='ocrx_word' id='word_1_171' title='bbox 2120 1267 2424 1338; x_wconf 75' lang='grc' dir='ltr'>εὐφραίνει,</span> <span class='ocrx_word' id='word_1_172' title='bbox 2447 1265 2606 1321; x_wconf 81' lang='grc' dir='ltr'>τοῦτο</span> <span class='ocrx_word' id='word_1_173' title='bbox 2623 1268 2780 1338; x_wconf 84' lang='grc' dir='ltr'><strong>τήκει</strong></span> <span class='ocrx_word' id='word_1_174' title='bbox 2795 1266 2886 1322; x_wconf 86' lang='grc' dir='ltr'>τὸν</span> <span class='ocrx_word' id='word_1_175' title='bbox 2917 1266 3266 1337; x_wconf 74' lang='grc' dir='ltr'><strong>πλεονέκτην.</strong></span> <span class='ocrx_word' id='word_1_176' title='bbox 3293 1268 3370 1320; x_wconf 86' lang='grc' dir='ltr'><strong>Οὐ</strong></span> <span class='ocrx_word' id='word_1_177' title='bbox 3396 1267 3509 1339; x_wconf 80' lang='grc' dir='ltr'>γὰρ</span> <span class='ocrx_word' id='word_1_178' title='bbox 3529 1269 3714 1340; x_wconf 86' lang='grc' dir='ltr'>χαίρει</span> 
     </span>
    </p>
   </div>
   <div class='ocr_carea' id='block_1_27' title="bbox 2120 1358 3710 1432">
    <p class='ocr_par' dir='ltr' id='par_1_27' title="bbox 2120 1358 3710 1432">
     <span class='ocr_line' id='line_1_27' title="bbox 2120 1358 3710 1432; baseline 0.001 -18"><span class='ocrx_word' id='word_1_179' title='bbox 2120 1360 2340 1415; x_wconf 82' lang='grc' dir='ltr'>πάντων</span> <span class='ocrx_word' id='word_1_180' title='bbox 2401 1359 2551 1432; x_wconf 80' lang='grc' dir='ltr'>αὐτῷ</span> <span class='ocrx_word' id='word_1_181' title='bbox 2624 1361 3079 1432; x_wconf 80' lang='grc' dir='ltr'><strong>πεπληρωμένων</strong></span> <span class='ocrx_word' id='word_1_182' title='bbox 3149 1358 3264 1413; x_wconf 87' lang='grc' dir='ltr'><strong>τῶν</strong></span> <span class='ocrx_word' id='word_1_183' title='bbox 3335 1359 3507 1425; x_wconf 74' lang='grc' dir='ltr'>ἔνδον,</span> <span class='ocrx_word' id='word_1_184' title='bbox 3570 1361 3710 1415; x_wconf 79' lang='grc' dir='ltr'>ἀλλὰ</span> 
     </span>
    </p>
   </div>
   <div class='ocr_carea' id='block_1_28' title="bbox 2115 1452 3709 1525">
    <p class='ocr_par' dir='ltr' id='par_1_28' title="bbox 2115 1452 3709 1525">
     <span class='ocr_line' id='line_1_28' title="bbox 2115 1452 3709 1525; baseline -0.001 -17"><span class='ocrx_word' id='word_1_185' title='bbox 2115 1455 2308 1508; x_wconf 89' lang='grc' dir='ltr'>νύσσει</span> <span class='ocrx_word' id='word_1_186' title='bbox 2360 1454 2459 1525; x_wconf 82' lang='grc' dir='ltr'>τὴν</span> <span class='ocrx_word' id='word_1_187' title='bbox 2510 1452 2690 1524; x_wconf 79' lang='grc' dir='ltr'>ψυχὴν</span> <span class='ocrx_word' id='word_1_188' title='bbox 2751 1452 2919 1507; x_wconf 81' lang='grc' dir='ltr'>αὐτοῦ</span> <span class='ocrx_word' id='word_1_189' title='bbox 2989 1452 3301 1525; x_wconf 76' lang='grc' dir='ltr'>περιρρέων</span> <span class='ocrx_word' id='word_1_190' title='bbox 3357 1455 3387 1507; x_wconf 82' lang='grc' dir='ltr'>ὁ</span> <span class='ocrx_word' id='word_1_191' title='bbox 3455 1452 3709 1516; x_wconf 78' lang='grc' dir='ltr'>πλοῦτος,</span> 
     </span>
    </p>
   </div>
   <div class='ocr_carea' id='block_1_29' title="bbox 2118 1545 3712 1618">
    <p class='ocr_par' dir='ltr' id='par_1_29' title="bbox 2118 1545 3712 1618">
     <span class='ocr_line' id='line_1_29' title="bbox 2118 1545 3712 1618; baseline -0.001 -17"><span class='ocrx_word' id='word_1_192' title='bbox 2118 1547 2216 1601; x_wconf 76' lang='grc' dir='ltr'>καὶ</span> <span class='ocrx_word' id='word_1_193' title='bbox 2271 1546 2384 1600; x_wconf 86' lang='grc' dir='ltr'><strong>τῶν</strong></span> <span class='ocrx_word' id='word_1_194' title='bbox 2421 1547 2691 1617; x_wconf 87' lang='grc' dir='ltr'>ταμιείων</span> <span class='ocrx_word' id='word_1_195' title='bbox 2737 1545 3165 1618; x_wconf 80' lang='grc' dir='ltr'>ὑπερχεόμενος,</span> <span class='ocrx_word' id='word_1_196' title='bbox 3201 1546 3384 1616; x_wconf 86' lang='grc' dir='ltr'>μήπου</span> <span class='ocrx_word' id='word_1_197' title='bbox 3430 1547 3526 1600; x_wconf 82' lang='grc' dir='ltr'>καὶ</span> <span class='ocrx_word' id='word_1_198' title='bbox 3570 1547 3712 1615; x_wconf 81' lang='grc' dir='ltr'>πρὸς</span> 
     </span>
    </p>
   </div>
   <div class='ocr_carea' id='block_1_30' title="bbox 2113 1637 3713 1711">
    <p class='ocr_par' dir='ltr' id='par_1_30' title="bbox 2113 1637 3713 1711">
     <span class='ocr_line' id='line_1_30' title="bbox 2113 1637 3713 1711; baseline -0.001 -19"><span class='ocrx_word' id='word_1_199' title='bbox 2113 1640 2245 1696; x_wconf 75' lang='grc' dir='ltr'>τοὺς</span> <span class='ocrx_word' id='word_1_200' title='bbox 2277 1638 2476 1704; x_wconf 75' lang='grc' dir='ltr'>ἔξωθεν</span> <span class='ocrx_word' id='word_1_201' title='bbox 2511 1638 2850 1711; x_wconf 74' lang='grc' dir='ltr'>παρακύψας</span> <span class='ocrx_word' id='word_1_202' title='bbox 2907 1637 3116 1702; x_wconf 77' lang='grc' dir='ltr'>ἀγαθοῦ</span> <span class='ocrx_word' id='word_1_203' title='bbox 3167 1653 3315 1698; x_wconf 85' lang='grc' dir='ltr'>τινος</span> <span class='ocrx_word' id='word_1_204' title='bbox 3341 1638 3567 1710; x_wconf 78' lang='grc' dir='ltr'>ἀφορμὴ</span> <span class='ocrx_word' id='word_1_205' title='bbox 3593 1641 3713 1700; x_wconf 81' lang='grc' dir='ltr'>τοῖς</span> 
     </span>
    </p>
   </div>
   <div class='ocr_carea' id='block_1_31' title="bbox 425 1718 2003 1812">
    <p class='ocr_par' dir='ltr' id='par_1_31' title="bbox 425 1718 2003 1800">
     <span class='ocr_line' id='line_1_31' title="bbox 425 1718 2003 1800; baseline 0.01 -26"><span class='ocrx_word' id='word_1_206' title='bbox 425 1718 859 1778; x_wconf 83' lang='lat' dir='ltr'><strong>citudine.Na&#39;m</strong></span> <span class='ocrx_word' id='word_1_207' title='bbox 914 1725 1063 1795; x_wconf 87' lang='lat' dir='ltr'><strong>quod</strong></span> <span class='ocrx_word' id='word_1_208' title='bbox 1117 1726 1242 1782; x_wconf 86' lang='lat' dir='ltr'><strong>aliis</strong></span> <span class='ocrx_word' id='word_1_209' title='bbox 1272 1728 1613 1800; x_wconf 89' lang='lat' dir='ltr'><strong>voluptatem</strong></span> <span class='ocrx_word' id='word_1_210' title='bbox 1669 1728 1849 1796; x_wconf 82' lang='lat' dir='ltr'><strong>affert,</strong></span> <span class='ocrx_word' id='word_1_211' title='bbox 1909 1732 2003 1789; x_wconf 83' lang='grc' dir='ltr'>Ιιο(</span> 
     </span>
    </p>
   </div>
   <div class='ocr_carea' id='block_1_32' title="bbox 2105 1718 3716 1812">
    <p class='ocr_par' dir='ltr' id='par_1_32' title="bbox 2117 1730 3716 1812">
     <span class='ocr_line' id='line_1_32' title="bbox 2117 1730 3716 1812; baseline -0.001 -26"><span class='ocrx_word' id='word_1_212' title='bbox 2117 1732 2325 1788; x_wconf 78' lang='grc' dir='ltr'>ἐνδεέσι</span> <span class='ocrx_word' id='word_1_213' title='bbox 2376 1733 2628 1804; x_wconf 84' lang='grc' dir='ltr'>γένηται.</span> <span class='ocrx_word' id='word_1_214' title='bbox 2670 1734 2780 1787; x_wconf 85' lang='grc' dir='ltr'>Και</span> <span class='ocrx_word' id='word_1_215' title='bbox 2817 1749 2909 1803; x_wconf 85' lang='grc' dir='ltr'><strong>μοι</strong></span> <span class='ocrx_word' id='word_1_216' title='bbox 2939 1733 3093 1786; x_wconf 85' lang='grc' dir='ltr'><strong>δοκεῖ</strong></span> <span class='ocrx_word' id='word_1_217' title='bbox 3219 1731 3395 1796; x_wconf 80' lang='grc' dir='ltr'><strong>πάθος</strong></span> <span class='ocrx_word' id='word_1_218' title='bbox 3415 1731 3583 1786; x_wconf 83' lang='grc' dir='ltr'>αὐτοῦ</span> <span class='ocrx_word' id='word_1_219' title='bbox 3609 1732 3716 1801; x_wconf 76' lang='grc' dir='ltr'>τῆς</span> 
     </span>
    </p>
   </div>
   <div class='ocr_carea' id='block_1_33' title="bbox 420 1798 2003 1900">
    <p class='ocr_par' dir='ltr' id='par_1_33' title="bbox 420 1798 2003 1891">
     <span class='ocr_line' id='line_1_33' title="bbox 420 1798 2003 1891; baseline 0.011 -28"><span class='ocrx_word' id='word_1_220' title='bbox 420 1826 651 1868; x_wconf 85' lang='lat' dir='ltr'><strong>avarum</strong></span> <span class='ocrx_word' id='word_1_221' title='bbox 699 1815 945 1871; x_wconf 84' lang='lat' dir='ltr'><strong>coniicit.</strong></span> <span class='ocrx_word' id='word_1_222' title='bbox 997 1815 1118 1872; x_wconf 82' lang='lat' dir='ltr'><strong>Non</strong></span> <span class='ocrx_word' id='word_1_223' title='bbox 1185 1818 1332 1874; x_wconf 92' lang='lat' dir='ltr'><strong>enim</strong></span> <span class='ocrx_word' id='word_1_224' title='bbox 1394 1798 1483 1876; x_wconf 79' lang='lat' dir='ltr'><strong>hic</strong></span> <span class='ocrx_word' id='word_1_225' title='bbox 1525 1821 1712 1879; x_wconf 67' lang='lat' dir='ltr'><strong>laetitia</strong></span> <span class='ocrx_word' id='word_1_226' title='bbox 1757 1825 2003 1891; x_wconf 75' lang='lat' dir='ltr'><strong>afﬁcitur,</strong></span> 
     </span>
    </p>
   </div>
   <div class='ocr_carea' id='block_1_34' title="bbox 2105 1798 3712 1900">
    <p class='ocr_par' dir='ltr' id='par_1_34' title="bbox 2115 1798 3712 1900">
     <span class='ocr_line' id='line_1_34' title="bbox 2115 1798 3712 1900; baseline -0.001 -19"><span class='ocrx_word' id='word_1_227' title='bbox 2115 1827 2298 1900; x_wconf 80' lang='grc' dir='ltr'>ψυχῆς</span> <span class='ocrx_word' id='word_1_228' title='bbox 2325 1798 2404 1899; x_wconf 68' lang='grc' dir='ltr'><strong>τῶ</strong></span> <span class='ocrx_word' id='word_1_229' title='bbox 2434 1798 2543 1881; x_wconf 77' lang='grc' dir='ltr'><strong>τῶν</strong></span> <span class='ocrx_word' id='word_1_230' title='bbox 2577 1798 3011 1900; x_wconf 75' lang='grc' dir='ltr'>γαστριμάργων</span> <span class='ocrx_word' id='word_1_231' title='bbox 3042 1807 3448 1899; x_wconf 77' lang='grc' dir='ltr'>προσεοικέναι,</span> <span class='ocrx_word' id='word_1_232' title='bbox 3479 1828 3530 1880; x_wconf 81' lang='grc' dir='ltr'>οἳ</span> <span class='ocrx_word' id='word_1_233' title='bbox 3550 1798 3712 1900; x_wconf 66' lang='grc' dir='ltr'>διαρ-</span> 
     </span>
    </p>
   </div>
   <div class='ocr_carea' id='block_1_35' title="bbox 419 1905 2014 1988">
    <p class='ocr_par' dir='ltr' id='par_1_35' title="bbox 419 1905 2014 1988">
     <span class='ocr_line' id='line_1_35' title="bbox 419 1905 2014 1988; baseline 0.011 -31"><span class='ocrx_word' id='word_1_234' title='bbox 419 1905 570 1974; x_wconf 86' lang='lat' dir='ltr'><strong>quod</strong></span> <span class='ocrx_word' id='word_1_235' title='bbox 595 1906 746 1962; x_wconf 88' lang='lat' dir='ltr'><strong>intus</strong></span> <span class='ocrx_word' id='word_1_236' title='bbox 782 1906 980 1966; x_wconf 91' lang='lat' dir='ltr'><strong>domus</strong></span> <span class='ocrx_word' id='word_1_237' title='bbox 1007 1916 1123 1964; x_wconf 89' lang='lat' dir='ltr'><strong>tota</strong></span> <span class='ocrx_word' id='word_1_238' title='bbox 1152 1911 1314 1982; x_wconf 90' lang='lat' dir='ltr'><strong>plena</strong></span> <span class='ocrx_word' id='word_1_239' title='bbox 1356 1913 1458 1977; x_wconf 85' lang='lat' dir='ltr'><strong>sit;</strong></span> <span class='ocrx_word' id='word_1_240' title='bbox 1489 1914 1586 1971; x_wconf 88' lang='lat' dir='ltr'><strong>sed</strong></span> <span class='ocrx_word' id='word_1_241' title='bbox 1635 1925 1864 1988; x_wconf 90' lang='lat' dir='ltr'><strong>propter</strong></span> <span class='ocrx_word' id='word_1_242' title='bbox 1899 1919 2014 1974; x_wconf 92' lang='lat' dir='ltr'><strong>cir-</strong></span> 
     </span>
    </p>
   </div>
   <div class='ocr_carea' id='block_1_36' title="bbox 421 1995 2011 2076">
    <p class='ocr_par' dir='ltr' id='par_1_36' title="bbox 421 1995 2011 2076">
     <span class='ocr_line' id='line_1_36' title="bbox 421 1995 2011 2076; baseline 0.011 -27"><span class='ocrx_word' id='word_1_243' title='bbox 421 1995 859 2064; x_wconf 81' lang='lat' dir='ltr'><strong>cumeﬂiuentes,</strong></span> <span class='ocrx_word' id='word_1_244' title='bbox 913 2009 967 2055; x_wconf 89' lang='lat' dir='ltr'><strong>ct</strong></span> <span class='ocrx_word' id='word_1_245' title='bbox 1016 2001 1158 2056; x_wconf 89' lang='lat' dir='ltr'><strong>ultra</strong></span> <span class='ocrx_word' id='word_1_246' title='bbox 1207 2017 1371 2075; x_wconf 86' lang='lat' dir='ltr'><strong>quam</strong></span> <span class='ocrx_word' id='word_1_247' title='bbox 1413 2005 1611 2063; x_wconf 85' lang='lat' dir='ltr'><strong>horrea</strong></span> <span class='ocrx_word' id='word_1_248' title='bbox 1677 2009 1880 2076; x_wconf 91' lang='lat' dir='ltr'><strong>ferant,</strong></span> <span class='ocrx_word' id='word_1_249' title='bbox 1923 2022 2011 2066; x_wconf 89' lang='lat' dir='ltr'><strong>re-</strong></span> 
     </span>
    </p>
   </div>
   <div class='ocr_carea' id='block_1_37' title="bbox 421 2093 2014 2173">
    <p class='ocr_par' dir='ltr' id='par_1_37' title="bbox 421 2093 2014 2173">
     <span class='ocr_line' id='line_1_37' title="bbox 421 2093 2014 2173; baseline 0.01 -27"><span class='ocrx_word' id='word_1_250' title='bbox 421 2093 765 2161; x_wconf 84' lang='lat' dir='ltr'><strong>gurgitantes</strong></span> <span class='ocrx_word' id='word_1_251' title='bbox 796 2109 929 2167; x_wconf 87' lang='lat' dir='ltr'><strong>opes</strong></span> <span class='ocrx_word' id='word_1_252' title='bbox 955 2097 1175 2155; x_wconf 89' lang='lat' dir='ltr'><strong>animus</strong></span> <span class='ocrx_word' id='word_1_253' title='bbox 1206 2099 1384 2171; x_wconf 91' lang='lat' dir='ltr'><strong>ipsius</strong></span> <span class='ocrx_word' id='word_1_254' title='bbox 1413 2102 1691 2173; x_wconf 83' lang='lat' dir='ltr'><strong>laniatur;</strong></span> <span class='ocrx_word' id='word_1_255' title='bbox 1717 2105 1770 2161; x_wconf 91' lang='lat' dir='ltr'><strong>id</strong></span> <span class='ocrx_word' id='word_1_256' title='bbox 1801 2106 2014 2163; x_wconf 81' lang='lat' dir='ltr'><strong>scilicet</strong></span> 
     </span>
    </p>
   </div>
   <div class='ocr_carea' id='block_1_38' title="bbox 417 2181 2009 2255">
    <p class='ocr_par' dir='ltr' id='par_1_38' title="bbox 417 2181 2009 2255">
     <span class='ocr_line' id='line_1_38' title="bbox 417 2181 2009 2255; baseline 0.009 -16"><span class='ocrx_word' id='word_1_257' title='bbox 417 2181 580 2255; x_wconf 61' lang='lat'><strong>491</strong></span> <span class='ocrx_word' id='word_1_258' title='bbox 627 2194 906 2254; x_wconf 85' lang='lat' dir='ltr'><strong>metuens,</strong></span> <span class='ocrx_word' id='word_1_259' title='bbox 961 2204 1029 2246; x_wconf 86' lang='lat' dir='ltr'><strong>ne</strong></span> <span class='ocrx_word' id='word_1_260' title='bbox 1088 2189 1157 2245; x_wconf 80' lang='lat' dir='ltr'><strong>ad</strong></span> <span class='ocrx_word' id='word_1_261' title='bbox 1219 2201 1481 2250; x_wconf 84' lang='lat' dir='ltr'><strong>externos</strong></span> <span class='ocrx_word' id='word_1_262' title='bbox 1522 2193 1803 2251; x_wconf 87' lang='lat' dir='ltr'><strong>interdum</strong></span> <span class='ocrx_word' id='word_1_263' title='bbox 1853 2213 2009 2253; x_wconf 88' lang='lat' dir='ltr'><strong>ema-</strong></span> 
     </span>
    </p>
   </div>
   <div class='ocr_carea' id='block_1_39' title="bbox 419 2279 2007 2358">
    <p class='ocr_par' dir='ltr' id='par_1_39' title="bbox 419 2279 2007 2358">
     <span class='ocr_line' id='line_1_39' title="bbox 419 2279 2007 2358; baseline 0.013 -29"><span class='ocrx_word' id='word_1_264' title='bbox 419 2286 642 2345; x_wconf 87' lang='lat' dir='ltr'><strong>nantes,</strong></span> <span class='ocrx_word' id='word_1_265' title='bbox 696 2279 1001 2337; x_wconf 89' lang='lat' dir='ltr'><strong>utilitatem</strong></span> <span class='ocrx_word' id='word_1_266' title='bbox 1039 2283 1334 2354; x_wconf 79' lang='lat' dir='ltr'><strong>egentibus</strong></span> <span class='ocrx_word' id='word_1_267' title='bbox 1382 2286 1628 2358; x_wconf 90' lang='lat' dir='ltr'><strong>aliquam</strong></span> <span class='ocrx_word' id='word_1_268' title='bbox 1675 2288 2007 2349; x_wconf 88' lang='lat' dir='ltr'><strong>concilient.</strong></span> 
     </span>
    </p>
   </div>
   <div class='ocr_carea' id='block_1_40' title="bbox 415 2371 2006 2446">
    <p class='ocr_par' dir='ltr' id='par_1_40' title="bbox 415 2371 2006 2446">
     <span class='ocr_line' id='line_1_40' title="bbox 415 2371 2006 2446; baseline 0.009 -23"><span class='ocrx_word' id='word_1_269' title='bbox 415 2372 498 2424; x_wconf 83' lang='lat' dir='ltr'><strong>Ac</strong></span> <span class='ocrx_word' id='word_1_270' title='bbox 530 2371 668 2426; x_wconf 88' lang='lat' dir='ltr'><strong>mihi</strong></span> <span class='ocrx_word' id='word_1_271' title='bbox 707 2373 910 2428; x_wconf 68' lang='lat' dir='ltr'><strong>animae</strong></span> <span class='ocrx_word' id='word_1_272' title='bbox 943 2375 1067 2446; x_wconf 90' lang='lat' dir='ltr'><strong>ejus</strong></span> <span class='ocrx_word' id='word_1_273' title='bbox 1113 2375 1372 2443; x_wconf 85' lang='lat' dir='ltr'><strong>aﬂ‘ectus,</strong></span> <span class='ocrx_word' id='word_1_274' title='bbox 1428 2379 1746 2436; x_wconf 79' lang='lat' dir='ltr'><strong>lielluonum</strong></span> <span class='ocrx_word' id='word_1_275' title='bbox 1785 2382 2006 2438; x_wconf 90' lang='lat' dir='ltr'><strong>illorum</strong></span> 
     </span>
    </p>
   </div>
   <div class='ocr_carea' id='block_1_41' title="bbox 418 2461 2008 2546">
    <p class='ocr_par' dir='ltr' id='par_1_41' title="bbox 418 2461 2008 2546">
     <span class='ocr_line' id='line_1_41' title="bbox 418 2461 2008 2546; baseline 0.009 -30"><span class='ocrx_word' id='word_1_276' title='bbox 418 2461 642 2518; x_wconf 82' lang='lat' dir='ltr'><strong>affectui</strong></span> <span class='ocrx_word' id='word_1_277' title='bbox 693 2464 970 2523; x_wconf 89' lang='lat' dir='ltr'><strong>absimilis</strong></span> <span class='ocrx_word' id='word_1_278' title='bbox 1015 2482 1143 2525; x_wconf 90' lang='lat' dir='ltr'><strong>esse</strong></span> <span class='ocrx_word' id='word_1_279' title='bbox 1189 2485 1300 2526; x_wconf 92' lang='lat' dir='ltr'><strong>non</strong></span> <span class='ocrx_word' id='word_1_280' title='bbox 1352 2471 1599 2540; x_wconf 88' lang='lat' dir='ltr'><strong>videtur,</strong></span> <span class='ocrx_word' id='word_1_281' title='bbox 1631 2474 1724 2544; x_wconf 92' lang='lat' dir='ltr'><strong>qui</strong></span> <span class='ocrx_word' id='word_1_282' title='bbox 1762 2474 2008 2546; x_wconf 82' lang='lat' dir='ltr'><strong>ingluvie</strong></span> 
     </span>
    </p>
   </div>
   <div class='ocr_carea' id='block_1_42' title="bbox 415 2552 2008 2639">
    <p class='ocr_par' dir='ltr' id='par_1_42' title="bbox 415 2552 2008 2639">
     <span class='ocr_line' id='line_1_42' title="bbox 415 2552 2008 2639; baseline 0.011 -33"><span class='ocrx_word' id='word_1_283' title='bbox 415 2552 691 2625; x_wconf 85' lang='lat' dir='ltr'><strong>disrumpi</strong></span> <span class='ocrx_word' id='word_1_284' title='bbox 727 2557 966 2627; x_wconf 88' lang='lat' dir='ltr'><strong>malunt,</strong></span> <span class='ocrx_word' id='word_1_285' title='bbox 1000 2576 1166 2632; x_wconf 88' lang='lat' dir='ltr'><strong>quam</strong></span> <span class='ocrx_word' id='word_1_286' title='bbox 1203 2563 1570 2636; x_wconf 87' lang='lat' dir='ltr'><strong>reliquiarum</strong></span> <span class='ocrx_word' id='word_1_287' title='bbox 1602 2567 1814 2638; x_wconf 87' lang='lat' dir='ltr'><strong>aliquid</strong></span> <span class='ocrx_word' id='word_1_288' title='bbox 1844 2583 2008 2639; x_wconf 86' lang='lat' dir='ltr'><strong>egen-</strong></span> 
     </span>
    </p>
   </div>
   <div class='ocr_carea' id='block_1_43' title="bbox 413 2645 2005 2728">
    <p class='ocr_par' dir='ltr' id='par_1_43' title="bbox 413 2645 2005 2728">
     <span class='ocr_line' id='line_1_43' title="bbox 413 2645 2005 2728; baseline 0.01 -30"><span class='ocrx_word' id='word_1_289' title='bbox 413 2645 562 2702; x_wconf 86' lang='lat' dir='ltr'><strong>tibus</strong></span> <span class='ocrx_word' id='word_1_290' title='bbox 595 2661 848 2718; x_wconf 83' lang='lat' dir='ltr'><strong>erogare.</strong></span> <span class='ocrx_word' id='word_1_291' title='bbox 885 2648 1028 2706; x_wconf 88' lang='lat' dir='ltr'><strong>Eum</strong></span> <span class='ocrx_word' id='word_1_292' title='bbox 1081 2654 1290 2725; x_wconf 85' lang='lat' dir='ltr'><strong>cogita,</strong></span> <span class='ocrx_word' id='word_1_293' title='bbox 1340 2671 1374 2710; x_wconf 89' lang='lat' dir='ltr'><strong>o</strong></span> <span class='ocrx_word' id='word_1_294' title='bbox 1426 2656 1616 2721; x_wconf 86' lang='lat' dir='ltr'><strong>homo,</strong></span> <span class='ocrx_word' id='word_1_295' title='bbox 1653 2659 1747 2728; x_wconf 91' lang='lat' dir='ltr'><strong>qui</strong></span> <span class='ocrx_word' id='word_1_296' title='bbox 1806 2673 1868 2713; x_wconf 91' lang='lat' dir='ltr'><strong>ea</strong></span> <span class='ocrx_word' id='word_1_297' title='bbox 1903 2660 2005 2715; x_wconf 85' lang='lat' dir='ltr'><strong>tibi</strong></span> 
     </span>
    </p>
   </div>
   <div class='ocr_carea' id='block_1_44' title="bbox 409 2736 2007 2819">
    <p class='ocr_par' dir='ltr' id='par_1_44' title="bbox 409 2736 2007 2819">
     <span class='ocr_line' id='line_1_44' title="bbox 409 2736 2007 2819; baseline 0.009 -28"><span class='ocrx_word' id='word_1_298' title='bbox 409 2736 611 2806; x_wconf 86' lang='lat' dir='ltr'><strong>dedit;</strong></span> <span class='ocrx_word' id='word_1_299' title='bbox 652 2739 960 2798; x_wconf 88' lang='lat' dir='ltr'><strong>recordare</strong></span> <span class='ocrx_word' id='word_1_300' title='bbox 1013 2744 1275 2813; x_wconf 88' lang='lat' dir='ltr'><strong>quisnam</strong></span> <span class='ocrx_word' id='word_1_301' title='bbox 1309 2746 1430 2818; x_wconf 89' lang='lat' dir='ltr'><strong>ipse</strong></span> <span class='ocrx_word' id='word_1_302' title='bbox 1465 2748 1568 2816; x_wconf 89' lang='lat' dir='ltr'><strong>sis,</strong></span> <span class='ocrx_word' id='word_1_303' title='bbox 1600 2748 1734 2819; x_wconf 79' lang='lat' dir='ltr'><strong>quid</strong></span> <span class='ocrx_word' id='word_1_304' title='bbox 1767 2749 2007 2805; x_wconf 87' lang='lat' dir='ltr'><strong>admini-</strong></span> 
     </span>
    </p>
   </div>
   <div class='ocr_carea' id='block_1_45' title="bbox 409 2837 2006 2909">
    <p class='ocr_par' dir='ltr' id='par_1_45' title="bbox 409 2837 2006 2909">
     <span class='ocr_line' id='line_1_45' title="bbox 409 2837 2006 2909; baseline 0.006 -23"><span class='ocrx_word' id='word_1_305' title='bbox 409 2839 575 2898; x_wconf 89' lang='lat' dir='ltr'><strong>stres,</strong></span> <span class='ocrx_word' id='word_1_306' title='bbox 603 2843 901 2903; x_wconf 89' lang='lat' dir='ltr'><strong>aquonam</strong></span> <span class='ocrx_word' id='word_1_307' title='bbox 947 2837 1254 2906; x_wconf 82' lang='lat' dir='ltr'><strong>acceperis,</strong></span> <span class='ocrx_word' id='word_1_308' title='bbox 1292 2854 1456 2909; x_wconf 89' lang='lat' dir='ltr'><strong>quam</strong></span> <span class='ocrx_word' id='word_1_309' title='bbox 1492 2840 1562 2896; x_wconf 88' lang='lat' dir='ltr'><strong>ob</strong></span> <span class='ocrx_word' id='word_1_310' title='bbox 1592 2855 1820 2896; x_wconf 84' lang='lat' dir='ltr'><strong>causam</strong></span> <span class='ocrx_word' id='word_1_311' title='bbox 1860 2842 2006 2896; x_wconf 90' lang='lat' dir='ltr'><strong>mul-</strong></span> 
     </span>
    </p>
   </div>
   <div class='ocr_carea' id='block_1_46' title="bbox 409 2921 2001 3000">
    <p class='ocr_par' dir='ltr' id='par_1_46' title="bbox 409 2921 2001 3000">
     <span class='ocr_line' id='line_1_46' title="bbox 409 2921 2001 3000; baseline 0.009 -26"><span class='ocrx_word' id='word_1_312' title='bbox 409 2921 485 2977; x_wconf 86' lang='lat' dir='ltr'><strong>tis</strong></span> <span class='ocrx_word' id='word_1_313' title='bbox 508 2921 589 2978; x_wconf 88' lang='lat' dir='ltr'><strong>sis</strong></span> <span class='ocrx_word' id='word_1_314' title='bbox 621 2923 905 2994; x_wconf 69' lang='lat' dir='ltr'><strong>praelatus.</strong></span> <span class='ocrx_word' id='word_1_315' title='bbox 945 2925 1042 2982; x_wconf 86' lang='lat' dir='ltr'><strong>Dei</strong></span> <span class='ocrx_word' id='word_1_316' title='bbox 1079 2928 1339 2985; x_wconf 89' lang='lat' dir='ltr'><strong>minister</strong></span> <span class='ocrx_word' id='word_1_317' title='bbox 1370 2929 1601 2986; x_wconf 70' lang='lat' dir='ltr'><strong>effectus</strong></span> <span class='ocrx_word' id='word_1_318' title='bbox 1648 2947 1730 3000; x_wconf 89' lang='lat' dir='ltr'><strong>es,</strong></span> <span class='ocrx_word' id='word_1_319' title='bbox 1769 2948 2001 2990; x_wconf 88' lang='lat' dir='ltr'><strong>conser-</strong></span> 
     </span>
    </p>
   </div>
   <div class='ocr_carea' id='block_1_47' title="bbox 382 3013 2002 3090">
    <p class='ocr_par' dir='ltr' id='par_1_47' title="bbox 382 3013 2002 3090">
     <span class='ocr_line' id='line_1_47' title="bbox 382 3013 2002 3090; baseline 0.011 -26"><span class='ocrx_word' id='word_1_320' title='bbox 382 3017 608 3068; x_wconf 85' lang='lat' dir='ltr'><strong>&#39;vorum</strong></span> <span class='ocrx_word' id='word_1_321' title='bbox 647 3013 1004 3072; x_wconf 82' lang='lat' dir='ltr'><strong>administer.</strong></span> <span class='ocrx_word' id='word_1_322' title='bbox 1037 3018 1162 3074; x_wconf 90' lang='lat' dir='ltr'><strong>Noli</strong></span> <span class='ocrx_word' id='word_1_323' title='bbox 1204 3027 1410 3090; x_wconf 89' lang='lat' dir='ltr'><strong>putare</strong></span> <span class='ocrx_word' id='word_1_324' title='bbox 1457 3023 1644 3077; x_wconf 90' lang='lat' dir='ltr'><strong>omnia</strong></span> <span class='ocrx_word' id='word_1_325' title='bbox 1684 3026 1866 3080; x_wconf 80' lang='lat' dir='ltr'><strong>ventri</strong></span> <span class='ocrx_word' id='word_1_326' title='bbox 1905 3035 2002 3082; x_wconf 84' lang='lat' dir='ltr'><strong>tuo</strong></span> 
     </span>
    </p>
   </div>
   <div class='ocr_carea' id='block_1_48' title="bbox 2101 1917 3714 1998">
    <p class='ocr_par' dir='ltr' id='par_1_48' title="bbox 2101 1917 3714 1998">
     <span class='ocr_line' id='line_1_48' title="bbox 2101 1917 3714 1998; baseline -0.001 -25"><span class='ocrx_word' id='word_1_327' title='bbox 2101 1920 2357 1991; x_wconf 58' lang='grc' dir='ltr'>ῥαγῆναι</span> <span class='ocrx_word' id='word_1_328' title='bbox 2392 1919 2596 1991; x_wconf 86' lang='grc' dir='ltr'>μᾶλλον</span> <span class='ocrx_word' id='word_1_329' title='bbox 2639 1919 2745 1973; x_wconf 77' lang='grc' dir='ltr'><strong>ὑπὸ</strong></span> <span class='ocrx_word' id='word_1_330' title='bbox 2795 1919 3133 1998; x_wconf 47' lang='grc' dir='ltr'>λαιμαργίας</span> <span class='ocrx_word' id='word_1_331' title='bbox 3195 1917 3504 1989; x_wconf 76' lang='grc' dir='ltr'>αἱροῦνται,</span> <span class='ocrx_word' id='word_1_332' title='bbox 3534 1920 3568 1991; x_wconf 82' lang='grc' dir='ltr'>ἢ</span> <span class='ocrx_word' id='word_1_333' title='bbox 3600 1918 3714 1972; x_wconf 82' lang='grc' dir='ltr'><strong>τῶν</strong></span> 
     </span>
    </p>
   </div>
   <div class='ocr_carea' id='block_1_49' title="bbox 2116 2011 3707 2084">
    <p class='ocr_par' dir='ltr' id='par_1_49' title="bbox 2116 2011 3707 2084">
     <span class='ocr_line' id='line_1_49' title="bbox 2116 2011 3707 2084; baseline -0.002 -17"><span class='ocrx_word' id='word_1_334' title='bbox 2116 2013 2388 2084; x_wconf 75' lang='grc' dir='ltr'>λειψάνων</span> <span class='ocrx_word' id='word_1_335' title='bbox 2423 2011 2750 2083; x_wconf 78' lang='grc' dir='ltr'>μεταδοῦναι</span> <span class='ocrx_word' id='word_1_336' title='bbox 2781 2015 2895 2077; x_wconf 81' lang='grc' dir='ltr'>τοῖς</span> <span class='ocrx_word' id='word_1_337' title='bbox 2922 2011 3153 2066; x_wconf 79' lang='grc' dir='ltr'>ὲνδεέσι.</span> <span class='ocrx_word' id='word_1_338' title='bbox 3196 2011 3387 2077; x_wconf 87' lang='grc' dir='ltr'>Σύνες,</span> <span class='ocrx_word' id='word_1_339' title='bbox 3421 2011 3707 2082; x_wconf 62' lang='grc' dir='ltr'>ἄνθρωππ,</span> 
     </span>
    </p>
   </div>
   <div class='ocr_carea' id='block_1_50' title="bbox 2111 2101 3710 2178">
    <p class='ocr_par' dir='ltr' id='par_1_50' title="bbox 2111 2101 3710 2178">
     <span class='ocr_line' id='line_1_50' title="bbox 2111 2101 3710 2178; baseline 0 -18"><span class='ocrx_word' id='word_1_340' title='bbox 2111 2106 2210 2161; x_wconf 84' lang='grc' dir='ltr'>τοῦ</span> <span class='ocrx_word' id='word_1_341' title='bbox 2256 2106 2553 2171; x_wconf 81' lang='grc' dir='ltr'>δεδωκότος</span> <span class='ocrx_word' id='word_1_342' title='bbox 2583 2122 2598 2140; x_wconf 82' lang='grc'><em>’</em></span> <span class='ocrx_word' id='word_1_343' title='bbox 2637 2107 2912 2178; x_wconf 88' lang='grc' dir='ltr'>μνήσθητι</span> <span class='ocrx_word' id='word_1_344' title='bbox 2961 2105 3193 2161; x_wconf 78' lang='grc' dir='ltr'>σεαυτοῦ</span> <span class='ocrx_word' id='word_1_345' title='bbox 3242 2107 3327 2171; x_wconf 90' lang='grc' dir='ltr'><strong>τίς</strong></span> <span class='ocrx_word' id='word_1_346' title='bbox 3353 2101 3405 2160; x_wconf 77' lang='grc' dir='ltr'><strong>εί</strong></span> <span class='ocrx_word' id='word_1_347' title='bbox 3431 2121 3446 2136; x_wconf 91' lang='grc'><strong>·</strong></span> <span class='ocrx_word' id='word_1_348' title='bbox 3479 2106 3534 2160; x_wconf 87' lang='grc' dir='ltr'><strong>τί</strong></span> <span class='ocrx_word' id='word_1_349' title='bbox 3562 2109 3710 2160; x_wconf 81' lang='grc' dir='ltr'>οἰκο-</span> 
     </span>
    </p>
   </div>
   <div class='ocr_carea' id='block_1_51' title="bbox 2113 2198 3709 2280">
    <p class='ocr_par' dir='ltr' id='par_1_51' title="bbox 2113 2198 3709 2280">
     <span class='ocr_line' id='line_1_51' title="bbox 2113 2198 3709 2280; baseline -0.001 -27"><span class='ocrx_word' id='word_1_350' title='bbox 2113 2201 2300 2270; x_wconf 83' lang='grc' dir='ltr'>νομεῖς</span> <span class='ocrx_word' id='word_1_351' title='bbox 2324 2217 2338 2230; x_wconf 90' lang='grc'><strong>·</strong></span> <span class='ocrx_word' id='word_1_352' title='bbox 2399 2199 2552 2270; x_wconf 83' lang='grc' dir='ltr'><strong>παρά</strong></span> <span class='ocrx_word' id='word_1_353' title='bbox 2611 2200 2762 2263; x_wconf 88' lang='grc' dir='ltr'>τίνος</span> <span class='ocrx_word' id='word_1_354' title='bbox 2813 2198 3007 2264; x_wconf 74' lang='grc' dir='ltr'>ἔλαϐες</span> <span class='ocrx_word' id='word_1_355' title='bbox 3031 2217 3046 2232; x_wconf 77' lang='grc'><em>’</em></span> <span class='ocrx_word' id='word_1_356' title='bbox 3085 2198 3179 2280; x_wconf 19' lang='grc' dir='ltr'>διάτ</span> <span class='ocrx_word' id='word_1_357' title='bbox 3205 2200 3286 2253; x_wconf 87' lang='grc' dir='ltr'>τί·</span> <span class='ocrx_word' id='word_1_358' title='bbox 3319 2200 3432 2253; x_wconf 86' lang='grc' dir='ltr'><strong>τῶν</strong></span> <span class='ocrx_word' id='word_1_359' title='bbox 3491 2198 3709 2253; x_wconf 85' lang='grc' dir='ltr'>πολλῶν</span> 
     </span>
    </p>
   </div>
   <div class='ocr_carea' id='block_1_52' title="bbox 2114 2291 3719 2368">
    <p class='ocr_par' dir='ltr' id='par_1_52' title="bbox 2114 2291 3719 2368">
     <span class='ocr_line' id='line_1_52' title="bbox 2114 2291 3719 2368; baseline -0.002 -20"><span class='ocrx_word' id='word_1_360' title='bbox 2114 2294 2477 2368; x_wconf 83' lang='grc' dir='ltr'>προεκρίθης.</span> <span class='ocrx_word' id='word_1_361' title='bbox 2516 2293 2756 2364; x_wconf 81' lang='grc' dir='ltr'>Ἀγαθοῦ</span> <span class='ocrx_word' id='word_1_362' title='bbox 2803 2292 2944 2347; x_wconf 82' lang='grc' dir='ltr'>Θεοῦ</span> <span class='ocrx_word' id='word_1_363' title='bbox 2987 2292 3224 2362; x_wconf 80' lang='grc' dir='ltr'>γέγονας</span> <span class='ocrx_word' id='word_1_364' title='bbox 3281 2291 3589 2364; x_wconf 77' lang='grc' dir='ltr'>ὑπηρέτης,</span> <span class='ocrx_word' id='word_1_365' title='bbox 3625 2294 3719 2346; x_wconf 50' lang='grc' dir='ltr'><strong>οἱον</strong></span> 
     </span>
    </p>
   </div>
   <div class='ocr_carea' id='block_1_53' title="bbox 2111 2385 3707 2459">
    <p class='ocr_par' dir='ltr' id='par_1_53' title="bbox 2111 2385 3707 2459">
     <span class='ocr_line' id='line_1_53' title="bbox 2111 2385 3707 2459; baseline -0.003 -17"><span class='ocrx_word' id='word_1_366' title='bbox 2111 2389 2343 2459; x_wconf 87' lang='grc' dir='ltr'>κονόμος</span> <span class='ocrx_word' id='word_1_367' title='bbox 2372 2387 2481 2442; x_wconf 89' lang='grc' dir='ltr'><strong>τῶν</strong></span> <span class='ocrx_word' id='word_1_368' title='bbox 2512 2387 2844 2458; x_wconf 82' lang='grc' dir='ltr'>ὁμοδούλων.</span> <span class='ocrx_word' id='word_1_369' title='bbox 2887 2387 2981 2457; x_wconf 81' lang='grc' dir='ltr'><strong>Μὴ</strong></span> <span class='ocrx_word' id='word_1_370' title='bbox 3012 2387 3191 2441; x_wconf 85' lang='grc' dir='ltr'>πάντα</span> <span class='ocrx_word' id='word_1_371' title='bbox 3251 2385 3365 2440; x_wconf 80' lang='grc' dir='ltr'>οίου</span> <span class='ocrx_word' id='word_1_372' title='bbox 3403 2388 3469 2457; x_wconf 78' lang='grc' dir='ltr'><strong>τῇ</strong></span> <span class='ocrx_word' id='word_1_373' title='bbox 3499 2386 3707 2456; x_wconf 77' lang='grc' dir='ltr'>γαστρὶ</span> 
     </span>
    </p>
   </div>
   <div class='ocr_carea' id='block_1_54' title="bbox 2108 2479 3705 2554">
    <p class='ocr_par' dir='ltr' id='par_1_54' title="bbox 2108 2479 3705 2554">
     <span class='ocr_line' id='line_1_54' title="bbox 2108 2479 3705 2554; baseline -0.001 -18"><span class='ocrx_word' id='word_1_374' title='bbox 2108 2483 2175 2553; x_wconf 88' lang='grc' dir='ltr'><strong>τῇ</strong></span> <span class='ocrx_word' id='word_1_375' title='bbox 2218 2485 2283 2554; x_wconf 83' lang='grc' dir='ltr'><strong>σῇ</strong></span> <span class='ocrx_word' id='word_1_376' title='bbox 2321 2481 2797 2554; x_wconf 82' lang='grc' dir='ltr'>παρεσκευάσθαι.</span> <span class='ocrx_word' id='word_1_377' title='bbox 2837 2481 3055 2552; x_wconf 77' lang='grc' dir='ltr'>’Ὠσπερ</span> <span class='ocrx_word' id='word_1_378' title='bbox 3097 2480 3397 2551; x_wconf 80' lang='grc' dir='ltr'>ἀλλοτρίων</span> <span class='ocrx_word' id='word_1_379' title='bbox 3443 2479 3705 2552; x_wconf 85' lang='grc' dir='ltr'>βουλεύου</span> 
     </span>
    </p>
   </div>
   <div class='ocr_carea' id='block_1_55' title="bbox 2106 2569 3706 2647">
    <p class='ocr_par' dir='ltr' id='par_1_55' title="bbox 2106 2569 3706 2647">
     <span class='ocr_line' id='line_1_55' title="bbox 2106 2569 3706 2647; baseline -0.001 -19"><span class='ocrx_word' id='word_1_380' title='bbox 2106 2576 2218 2629; x_wconf 87' lang='grc' dir='ltr'><strong>τῶν</strong></span> <span class='ocrx_word' id='word_1_381' title='bbox 2259 2577 2316 2630; x_wconf 81' lang='grc' dir='ltr'><strong>ὲν</strong></span> <span class='ocrx_word' id='word_1_382' title='bbox 2361 2575 2542 2647; x_wconf 86' lang='grc' dir='ltr'>χερσί.</span> <span class='ocrx_word' id='word_1_383' title='bbox 2599 2575 2819 2645; x_wconf 82' lang='grc' dir='ltr'>Μικρὸν</span> <span class='ocrx_word' id='word_1_384' title='bbox 2877 2573 3162 2645; x_wconf 73' lang='grc' dir='ltr'>εὐφραίνει</span> <span class='ocrx_word' id='word_1_385' title='bbox 3208 2590 3270 2628; x_wconf 88' lang='grc' dir='ltr'><strong>σε</strong></span> <span class='ocrx_word' id='word_1_386' title='bbox 3309 2573 3528 2645; x_wconf 84' lang='grc' dir='ltr'>χρόνον,</span> <span class='ocrx_word' id='word_1_387' title='bbox 3581 2569 3706 2627; x_wconf 79' lang='grc' dir='ltr'>εἶτα</span> 
     </span>
    </p>
   </div>
   <div class='ocr_carea' id='block_1_56' title="bbox 2107 2665 3705 2740">
    <p class='ocr_par' dir='ltr' id='par_1_56' title="bbox 2107 2665 3705 2740">
     <span class='ocr_line' id='line_1_56' title="bbox 2107 2665 3705 2740; baseline -0.003 -18"><span class='ocrx_word' id='word_1_388' title='bbox 2107 2668 2442 2740; x_wconf 76' lang='grc' dir='ltr'>διαῤῥυέντα</span> <span class='ocrx_word' id='word_1_389' title='bbox 2508 2669 2797 2739; x_wconf 76' lang='grc' dir='ltr'>οἰχήσεται</span> <span class='ocrx_word' id='word_1_390' title='bbox 2825 2709 2844 2735; x_wconf 86' lang='grc'><strong>,</strong></span> <span class='ocrx_word' id='word_1_391' title='bbox 2905 2667 3000 2722; x_wconf 75' lang='grc' dir='ltr'>τὸν</span> <span class='ocrx_word' id='word_1_392' title='bbox 3051 2666 3110 2720; x_wconf 79' lang='grc' dir='ltr'>δὲ</span> <span class='ocrx_word' id='word_1_393' title='bbox 3157 2666 3250 2720; x_wconf 70' lang='grc' dir='ltr'><strong>ἐπ’</strong></span> <span class='ocrx_word' id='word_1_394' title='bbox 3298 2667 3488 2728; x_wconf 67' lang='grc' dir='ltr'>αὐτοῖς</span> <span class='ocrx_word' id='word_1_395' title='bbox 3539 2665 3705 2734; x_wconf 75' lang='grc' dir='ltr'>λόγον</span> 
     </span>
    </p>
   </div>
   <div class='ocr_carea' id='block_1_57' title="bbox 2107 2755 3703 2830">
    <p class='ocr_par' dir='ltr' id='par_1_57' title="bbox 2107 2755 3703 2830">
     <span class='ocr_line' id='line_1_57' title="bbox 2107 2755 3703 2830; baseline -0.003 -18"><span class='ocrx_word' id='word_1_396' title='bbox 2107 2757 2466 2830; x_wconf 80' lang='grc' dir='ltr'>ἀπαιτηθήσῃ</span> <span class='ocrx_word' id='word_1_397' title='bbox 2499 2757 2643 2828; x_wconf 87' lang='grc' dir='ltr'><strong>μετά</strong></span> <span class='ocrx_word' id='word_1_398' title='bbox 2693 2757 3010 2828; x_wconf 73' lang='grc' dir='ltr'>ἀκριϐείας.</span> <span class='ocrx_word' id='word_1_399' title='bbox 3047 2758 3121 2812; x_wconf 80' lang='grc' dir='ltr'><strong>Σὺ</strong></span> <span class='ocrx_word' id='word_1_400' title='bbox 3149 2757 3208 2811; x_wconf 84' lang='grc' dir='ltr'>δὲ</span> <span class='ocrx_word' id='word_1_401' title='bbox 3239 2757 3418 2811; x_wconf 85' lang='grc' dir='ltr'>πάντα</span> <span class='ocrx_word' id='word_1_402' title='bbox 3438 2755 3580 2827; x_wconf 79' lang='grc' dir='ltr'>ὁμοῦ</span> <span class='ocrx_word' id='word_1_403' title='bbox 3601 2755 3703 2808; x_wconf 88' lang='grc' dir='ltr'>θύ-</span> 
     </span>
    </p>
   </div>
   <div class='ocr_carea' id='block_1_58' title="bbox 2108 2849 3703 2923">
    <p class='ocr_par' dir='ltr' id='par_1_58' title="bbox 2108 2849 3703 2923">
     <span class='ocr_line' id='line_1_58' title="bbox 2108 2849 3703 2923; baseline -0.003 -18"><span class='ocrx_word' id='word_1_404' title='bbox 2108 2869 2235 2923; x_wconf 89' lang='grc' dir='ltr'>ραις</span> <span class='ocrx_word' id='word_1_405' title='bbox 2267 2852 2362 2905; x_wconf 73' lang='grc' dir='ltr'>καὶ</span> <span class='ocrx_word' id='word_1_406' title='bbox 2391 2849 2614 2922; x_wconf 84' lang='grc' dir='ltr'>μοχλοῖς</span> <span class='ocrx_word' id='word_1_407' title='bbox 2643 2851 3044 2916; x_wconf 77' lang='grc' dir='ltr'>ὲναποκλείσας</span> <span class='ocrx_word' id='word_1_408' title='bbox 3073 2851 3241 2921; x_wconf 77' lang='grc' dir='ltr'>ἔχεις,</span> <span class='ocrx_word' id='word_1_409' title='bbox 3264 2852 3358 2904; x_wconf 76' lang='grc' dir='ltr'>καὶ</span> <span class='ocrx_word' id='word_1_410' title='bbox 3383 2849 3703 2920; x_wconf 84' lang='grc' dir='ltr'>καταδήσας</span> 
     </span>
    </p>
   </div>
   <div class='ocr_carea' id='block_1_59' title="bbox 2107 2941 3702 3017">
    <p class='ocr_par' dir='ltr' id='par_1_59' title="bbox 2107 2941 3702 3017">
     <span class='ocr_line' id='line_1_59' title="bbox 2107 2941 3702 3017; baseline -0.003 -19"><span class='ocrx_word' id='word_1_411' title='bbox 2107 2948 2406 3017; x_wconf 78' lang='grc' dir='ltr'>σφραγῖσιν</span> <span class='ocrx_word' id='word_1_412' title='bbox 2440 2945 2812 3015; x_wconf 82' lang='grc' dir='ltr'>ὲναγρυπνεῖς</span> <span class='ocrx_word' id='word_1_413' title='bbox 2838 2946 2961 3008; x_wconf 82' lang='grc' dir='ltr'>ταῖς</span> <span class='ocrx_word' id='word_1_414' title='bbox 2997 2943 3310 3016; x_wconf 77' lang='grc' dir='ltr'>μερίμναις,</span> <span class='ocrx_word' id='word_1_415' title='bbox 3344 2944 3441 2998; x_wconf 73' lang='grc' dir='ltr'>καὶ</span> <span class='ocrx_word' id='word_1_416' title='bbox 3465 2941 3702 3013; x_wconf 81' lang='grc' dir='ltr'>βουλεύῃ</span> 
     </span>
    </p>
   </div>
   <div class='ocr_carea' id='block_1_60' title="bbox 2107 3036 3700 3110">
    <p class='ocr_par' dir='ltr' id='par_1_60' title="bbox 2107 3036 3700 3110">
     <span class='ocr_line' id='line_1_60' title="bbox 2107 3036 3700 3110; baseline -0.003 -17"><span class='ocrx_word' id='word_1_417' title='bbox 2107 3037 2254 3093; x_wconf 83' lang='grc' dir='ltr'><strong>κατά</strong></span> <span class='ocrx_word' id='word_1_418' title='bbox 2285 3037 2504 3104; x_wconf 78' lang='grc' dir='ltr'>σαυτὸν,</span> <span class='ocrx_word' id='word_1_419' title='bbox 2525 3038 2721 3110; x_wconf 75' lang='grc' dir='ltr'>ἄφρονι</span> <span class='ocrx_word' id='word_1_420' title='bbox 2758 3037 3054 3110; x_wconf 74' lang='grc' dir='ltr'>συμϐούλῳ</span> <span class='ocrx_word' id='word_1_421' title='bbox 3087 3036 3300 3107; x_wconf 85' lang='grc' dir='ltr'>σεαυτῷ</span> <span class='ocrx_word' id='word_1_422' title='bbox 3329 3037 3700 3108; x_wconf 82' lang='grc' dir='ltr'>κεχρημένος.</span> 
     </span>
    </p>
   </div>
   <div class='ocr_carea' id='block_1_61' title="bbox 385 3108 2003 3205">
    <p class='ocr_par' dir='ltr' id='par_1_61' title="bbox 385 3108 1999 3186">
     <span class='ocr_line' id='line_1_61' title="bbox 385 3108 1999 3186; baseline 0.009 -28"><span class='ocrx_word' id='word_1_423' title='bbox 385 3114 604 3175; x_wconf 80' lang='lat' dir='ltr'><strong>parata</strong></span> <span class='ocrx_word' id='word_1_424' title='bbox 664 3121 814 3164; x_wconf 88' lang='lat' dir='ltr'><strong>esse.</strong></span> <span class='ocrx_word' id='word_1_425' title='bbox 867 3108 945 3166; x_wconf 88' lang='lat' dir='ltr'><strong>De</strong></span> <span class='ocrx_word' id='word_1_426' title='bbox 995 3110 1067 3167; x_wconf 90' lang='lat' dir='ltr'><strong>iis</strong></span> <span class='ocrx_word' id='word_1_427' title='bbox 1115 3127 1239 3182; x_wconf 68' lang='lat' dir='ltr'><strong>qua:</strong></span> <span class='ocrx_word' id='word_1_428' title='bbox 1293 3113 1349 3168; x_wconf 89' lang='lat' dir='ltr'><strong>in</strong></span> <span class='ocrx_word' id='word_1_429' title='bbox 1393 3115 1654 3173; x_wconf 89' lang='lat' dir='ltr'><strong>manibus</strong></span> <span class='ocrx_word' id='word_1_430' title='bbox 1690 3117 1800 3173; x_wconf 87' lang='lat' dir='ltr'><strong>tuis</strong></span> <span class='ocrx_word' id='word_1_431' title='bbox 1840 3127 1999 3186; x_wconf 91' lang='lat' dir='ltr'><strong>sunt,</strong></span> 
     </span>
    </p>
   </div>
   <div class='ocr_carea' id='block_1_62' title="bbox 2105 3108 3705 3205">
    <p class='ocr_par' dir='ltr' id='par_1_62' title="bbox 2105 3108 3705 3203">
     <span class='ocr_line' id='line_1_62' title="bbox 2105 3108 3705 3203; baseline -0.003 -18"><span class='ocrx_word' id='word_1_432' title='bbox 2105 3131 2170 3185; x_wconf 88' lang='grc' dir='ltr'>Τί</span> <span class='ocrx_word' id='word_1_433' title='bbox 2200 3131 2440 3202; x_wconf 78' lang='grc' dir='ltr'>ποιήσως</span> <span class='ocrx_word' id='word_1_434' title='bbox 2503 3108 2729 3203; x_wconf 74' lang='grc' dir='ltr'>ἕτοιμον</span> <span class='ocrx_word' id='word_1_435' title='bbox 2869 3108 3066 3196; x_wconf 78' lang='grc' dir='ltr'>εἰπεῖν,</span> <span class='ocrx_word' id='word_1_436' title='bbox 3125 3130 3208 3184; x_wconf 77' lang='grc' dir='ltr'>ὅτι</span> <span class='ocrx_word' id='word_1_437' title='bbox 3244 3128 3548 3201; x_wconf 83' lang='grc' dir='ltr'>Ἐμπλήσω</span> <span class='ocrx_word' id='word_1_438' title='bbox 3599 3126 3705 3191; x_wconf 82' lang='grc' dir='ltr'>τὰς</span> 
     </span>
    </p>
   </div>
   <div class='ocr_carea' id='block_1_63' title="bbox 403 3199 1997 3281">
    <p class='ocr_par' dir='ltr' id='par_1_63' title="bbox 403 3199 1997 3281">
     <span class='ocr_line' id='line_1_63' title="bbox 403 3199 1997 3281; baseline 0.011 -32"><span class='ocrx_word' id='word_1_439' title='bbox 403 3205 672 3267; x_wconf 83' lang='lat' dir='ltr'><strong>tanquam</strong></span> <span class='ocrx_word' id='word_1_440' title='bbox 729 3199 799 3256; x_wconf 90' lang='lat' dir='ltr'><strong>de</strong></span> <span class='ocrx_word' id='word_1_441' title='bbox 846 3201 1046 3259; x_wconf 91' lang='lat' dir='ltr'><strong>alienis</strong></span> <span class='ocrx_word' id='word_1_442' title='bbox 1095 3206 1400 3262; x_wconf 90' lang='lat' dir='ltr'><strong>consilium</strong></span> <span class='ocrx_word' id='word_1_443' title='bbox 1439 3207 1601 3264; x_wconf 90' lang='lat' dir='ltr'><strong>habe.</strong></span> <span class='ocrx_word' id='word_1_444' title='bbox 1635 3208 1997 3281; x_wconf 84' lang='lat' dir='ltr'><strong>Aliquantum</strong></span> 
     </span>
    </p>
   </div>
   <div class='ocr_carea' id='block_1_64' title="bbox 407 3290 2000 3368">
    <p class='ocr_par' dir='ltr' id='par_1_64' title="bbox 407 3290 2000 3368">
     <span class='ocr_line' id='line_1_64' title="bbox 407 3290 2000 3368; baseline 0.011 -26"><span class='ocrx_word' id='word_1_445' title='bbox 407 3290 679 3360; x_wconf 88' lang='lat' dir='ltr'><strong>temporis</strong></span> <span class='ocrx_word' id='word_1_446' title='bbox 733 3299 788 3348; x_wconf 93' lang='lat' dir='ltr'><strong>te</strong></span> <span class='ocrx_word' id='word_1_447' title='bbox 846 3293 1155 3360; x_wconf 88' lang='lat' dir='ltr'><strong>oblectant,</strong></span> <span class='ocrx_word' id='word_1_448' title='bbox 1205 3305 1262 3352; x_wconf 90' lang='lat' dir='ltr'><strong>et</strong></span> <span class='ocrx_word' id='word_1_449' title='bbox 1303 3298 1535 3368; x_wconf 80' lang='lat' dir='ltr'><strong>posthac</strong></span> <span class='ocrx_word' id='word_1_450' title='bbox 1577 3300 1900 3357; x_wconf 89' lang='lat' dir='ltr'><strong>dilabentur</strong></span> <span class='ocrx_word' id='word_1_451' title='bbox 1944 3311 2000 3359; x_wconf 90' lang='lat' dir='ltr'><strong>et</strong></span> 
     </span>
    </p>
   </div>
   <div class='ocr_carea' id='block_1_65' title="bbox 404 3383 1998 3469">
    <p class='ocr_par' dir='ltr' id='par_1_65' title="bbox 404 3383 1998 3469">
     <span class='ocr_line' id='line_1_65' title="bbox 404 3383 1998 3469; baseline 0.013 -33"><span class='ocrx_word' id='word_1_452' title='bbox 404 3383 718 3441; x_wconf 87' lang='lat' dir='ltr'><strong>interibunt</strong></span> <span class='ocrx_word' id='word_1_453' title='bbox 753 3405 767 3441; x_wconf 90' lang='lat'>:</span> <span class='ocrx_word' id='word_1_454' title='bbox 816 3402 1011 3445; x_wconf 88' lang='lat' dir='ltr'><strong>eorum</strong></span> <span class='ocrx_word' id='word_1_455' title='bbox 1054 3401 1239 3448; x_wconf 90' lang='lat' dir='ltr'><strong>autem</strong></span> <span class='ocrx_word' id='word_1_456' title='bbox 1274 3393 1421 3448; x_wconf 89' lang='lat' dir='ltr'><strong>ratio</strong></span> <span class='ocrx_word' id='word_1_457' title='bbox 1461 3394 1562 3451; x_wconf 90' lang='lat' dir='ltr'><strong>abs</strong></span> <span class='ocrx_word' id='word_1_458' title='bbox 1603 3402 1655 3450; x_wconf 91' lang='lat' dir='ltr'><strong>te</strong></span> <span class='ocrx_word' id='word_1_459' title='bbox 1700 3396 1998 3469; x_wconf 77' lang='lat' dir='ltr'><strong>diligenter</strong></span> 
     </span>
    </p>
   </div>
   <div class='ocr_carea' id='block_1_66' title="bbox 404 3477 1996 3560">
    <p class='ocr_par' dir='ltr' id='par_1_66' title="bbox 404 3477 1996 3560">
     <span class='ocr_line' id='line_1_66' title="bbox 404 3477 1996 3560; baseline 0.01 -27"><span class='ocrx_word' id='word_1_460' title='bbox 404 3477 681 3550; x_wconf 75' lang='lat' dir='ltr'><strong>exigetur.</strong></span> <span class='ocrx_word' id='word_1_461' title='bbox 716 3481 786 3537; x_wconf 80' lang='lat' dir='ltr'><strong>At</strong></span> <span class='ocrx_word' id='word_1_462' title='bbox 813 3489 872 3538; x_wconf 91' lang='lat' dir='ltr'><strong>tu</strong></span> <span class='ocrx_word' id='word_1_463' title='bbox 903 3483 1092 3539; x_wconf 80' lang='lat' dir='ltr'><strong>omnia</strong></span> <span class='ocrx_word' id='word_1_464' title='bbox 1121 3484 1309 3556; x_wconf 79' lang='lat' dir='ltr'><strong>ianuis</strong></span> <span class='ocrx_word' id='word_1_465' title='bbox 1363 3496 1418 3543; x_wconf 89' lang='lat' dir='ltr'><strong>et</strong></span> <span class='ocrx_word' id='word_1_466' title='bbox 1457 3491 1743 3560; x_wconf 79' lang='lat' dir='ltr'><strong>repagulis</strong></span> <span class='ocrx_word' id='word_1_467' title='bbox 1777 3491 1996 3550; x_wconf 90' lang='lat' dir='ltr'><strong>inclusa</strong></span> 
     </span>
    </p>
   </div>
   <div class='ocr_carea' id='block_1_67' title="bbox 401 3573 2000 3655">
    <p class='ocr_par' dir='ltr' id='par_1_67' title="bbox 401 3573 2000 3655">
     <span class='ocr_line' id='line_1_67' title="bbox 401 3573 2000 3655; baseline 0.01 -29"><span class='ocrx_word' id='word_1_468' title='bbox 401 3577 583 3640; x_wconf 87' lang='lat' dir='ltr'><strong>tenes,</strong></span> <span class='ocrx_word' id='word_1_469' title='bbox 634 3573 816 3646; x_wconf 88' lang='lat' dir='ltr'><strong>iisque</strong></span> <span class='ocrx_word' id='word_1_470' title='bbox 849 3577 1036 3648; x_wconf 86' lang='lat' dir='ltr'><strong>sigillo</strong></span> <span class='ocrx_word' id='word_1_471' title='bbox 1063 3593 1162 3635; x_wconf 86' lang='lat' dir='ltr'><strong>seu</strong></span> <span class='ocrx_word' id='word_1_472' title='bbox 1208 3581 1438 3638; x_wconf 84' lang='lat' dir='ltr'><strong>vinculo</strong></span> <span class='ocrx_word' id='word_1_473' title='bbox 1475 3585 1719 3655; x_wconf 89' lang='lat' dir='ltr'><strong>quodam</strong></span> <span class='ocrx_word' id='word_1_474' title='bbox 1747 3588 2000 3644; x_wconf 79' lang='lat' dir='ltr'><strong>constri-</strong></span> 
     </span>
    </p>
   </div>
   <div class='ocr_carea' id='block_1_68' title="bbox 403 3658 1994 3752">
    <p class='ocr_par' dir='ltr' id='par_1_68' title="bbox 403 3658 1994 3752">
     <span class='ocr_line' id='line_1_68' title="bbox 403 3658 1994 3752; baseline 0.01 -31"><span class='ocrx_word' id='word_1_475' title='bbox 403 3667 534 3734; x_wconf 87' lang='lat' dir='ltr'><strong>ctis,</strong></span> <span class='ocrx_word' id='word_1_476' title='bbox 587 3658 743 3725; x_wconf 87' lang='lat' dir='ltr'><strong>curis</strong></span> <span class='ocrx_word' id='word_1_477' title='bbox 793 3670 1078 3742; x_wconf 79' lang='lat' dir='ltr'><strong>invigilas,</strong></span> <span class='ocrx_word' id='word_1_478' title='bbox 1130 3687 1196 3730; x_wconf 91' lang='lat' dir='ltr'><strong>ac</strong></span> <span class='ocrx_word' id='word_1_479' title='bbox 1269 3682 1456 3732; x_wconf 88' lang='lat' dir='ltr'><strong>tecum</strong></span> <span class='ocrx_word' id='word_1_480' title='bbox 1506 3678 1630 3748; x_wconf 87' lang='lat' dir='ltr'><strong>ipse</strong></span> <span class='ocrx_word' id='word_1_481' title='bbox 1684 3678 1994 3752; x_wconf 85' lang='lat' dir='ltr'><strong>deliberas,</strong></span> 
     </span>
    </p>
   </div>
   <div class='ocr_carea' id='block_1_69' title="bbox 401 3759 1994 3836">
    <p class='ocr_par' dir='ltr' id='par_1_69' title="bbox 401 3759 1994 3836">
     <span class='ocr_line' id='line_1_69' title="bbox 401 3759 1994 3836; baseline 0.011 -22"><span class='ocrx_word' id='word_1_482' title='bbox 401 3759 638 3814; x_wconf 87' lang='lat' dir='ltr'><strong>stultum</strong></span> <span class='ocrx_word' id='word_1_483' title='bbox 684 3761 1075 3819; x_wconf 85' lang='lat' dir='ltr'><strong>consiliarium</strong></span> <span class='ocrx_word' id='word_1_484' title='bbox 1130 3765 1373 3836; x_wconf 90' lang='lat' dir='ltr'><strong>teipsum</strong></span> <span class='ocrx_word' id='word_1_485' title='bbox 1425 3769 1642 3826; x_wconf 84' lang='lat' dir='ltr'><strong>scilicet</strong></span> <span class='ocrx_word' id='word_1_486' title='bbox 1696 3771 1994 3832; x_wconf 83' lang='lat' dir='ltr'><strong>adhibens.</strong></span> 
     </span>
    </p>
   </div>
   <div class='ocr_carea' id='block_1_70' title="bbox 399 3846 1996 3926">
    <p class='ocr_par' dir='ltr' id='par_1_70' title="bbox 399 3846 1996 3926">
     <span class='ocr_line' id='line_1_70' title="bbox 399 3846 1996 3926; baseline 0.013 -24"><span class='ocrx_word' id='word_1_487' title='bbox 399 3846 546 3915; x_wconf 89' lang='lat' dir='ltr'><strong>Quid</strong></span> <span class='ocrx_word' id='word_1_488' title='bbox 574 3847 820 3904; x_wconf 79' lang='lat' dir='ltr'><strong>faciam?</strong></span> <span class='ocrx_word' id='word_1_489' title='bbox 851 3862 1168 3926; x_wconf 90' lang='lat' dir='ltr'><strong>promptum</strong></span> <span class='ocrx_word' id='word_1_490' title='bbox 1208 3866 1330 3913; x_wconf 89' lang='lat' dir='ltr'><strong>erat</strong></span> <span class='ocrx_word' id='word_1_491' title='bbox 1361 3859 1587 3917; x_wconf 80' lang='lat' dir='ltr'><strong>dicere:</strong></span> <span class='ocrx_word' id='word_1_492' title='bbox 1614 3861 1843 3920; x_wconf 77' lang='lat' dir='ltr'><strong>Animas</strong></span> <span class='ocrx_word' id='word_1_493' title='bbox 1869 3879 1996 3922; x_wconf 87' lang='lat' dir='ltr'><strong>esu-</strong></span> 
     </span>
    </p>
   </div>
   <div class='ocr_carea' id='block_1_71' title="bbox 398 3941 1996 4025">
    <p class='ocr_par' dir='ltr' id='par_1_71' title="bbox 398 3941 1996 4025">
     <span class='ocr_line' id='line_1_71' title="bbox 398 3941 1996 4025; baseline 0.013 -31"><span class='ocrx_word' id='word_1_494' title='bbox 398 3941 668 3998; x_wconf 87' lang='lat' dir='ltr'><strong>rientium</strong></span> <span class='ocrx_word' id='word_1_495' title='bbox 703 3942 970 4015; x_wconf 89' lang='lat' dir='ltr'><strong>implebo,</strong></span> <span class='ocrx_word' id='word_1_496' title='bbox 1007 3947 1211 4006; x_wconf 88' lang='lat' dir='ltr'><strong>horrea</strong></span> <span class='ocrx_word' id='word_1_497' title='bbox 1239 3952 1571 4022; x_wconf 89' lang='lat' dir='ltr'><strong>patefaciam</strong></span> <span class='ocrx_word' id='word_1_498' title='bbox 1607 3969 1750 4025; x_wconf 91' lang='lat' dir='ltr'><strong>mea,</strong></span> <span class='ocrx_word' id='word_1_499' title='bbox 1793 3965 1848 4014; x_wconf 90' lang='lat' dir='ltr'><strong>et</strong></span> <span class='ocrx_word' id='word_1_500' title='bbox 1873 3973 1996 4014; x_wconf 90' lang='lat' dir='ltr'><strong>om-</strong></span> 
     </span>
    </p>
   </div>
   <div class='ocr_carea' id='block_1_72' title="bbox 398 4035 1995 4118">
    <p class='ocr_par' dir='ltr' id='par_1_72' title="bbox 398 4035 1995 4118">
     <span class='ocr_line' id='line_1_72' title="bbox 398 4035 1995 4118; baseline 0.011 -29"><span class='ocrx_word' id='word_1_501' title='bbox 398 4049 500 4091; x_wconf 85' lang='lat' dir='ltr'><strong>nes</strong></span> <span class='ocrx_word' id='word_1_502' title='bbox 534 4035 720 4107; x_wconf 87' lang='lat' dir='ltr'><strong>inopia</strong></span> <span class='ocrx_word' id='word_1_503' title='bbox 755 4037 1094 4096; x_wconf 89' lang='lat' dir='ltr'><strong>laborantes</strong></span> <span class='ocrx_word' id='word_1_504' title='bbox 1138 4057 1456 4113; x_wconf 83' lang='lat' dir='ltr'><strong>accersam;</strong></span> <span class='ocrx_word' id='word_1_505' title='bbox 1491 4045 1796 4118; x_wconf 85' lang='lat' dir='ltr'><strong>Josephum</strong></span> <span class='ocrx_word' id='word_1_506' title='bbox 1830 4049 1995 4107; x_wconf 88' lang='lat' dir='ltr'><strong>beni-</strong></span> 
     </span>
    </p>
   </div>
   <div class='ocr_carea' id='block_1_73' title="bbox 395 4127 1991 4216">
    <p class='ocr_par' dir='ltr' id='par_1_73' title="bbox 395 4127 1991 4216">
     <span class='ocr_line' id='line_1_73' title="bbox 395 4127 1991 4216; baseline 0.012 -34"><span class='ocrx_word' id='word_1_507' title='bbox 395 4127 628 4199; x_wconf 82' lang='lat' dir='ltr'><strong>gnitatis</strong></span> <span class='ocrx_word' id='word_1_508' title='bbox 674 4131 958 4201; x_wconf 62' lang='lat' dir='ltr'><strong>praeconio</strong></span> <span class='ocrx_word' id='word_1_509' title='bbox 1009 4133 1294 4192; x_wconf 90' lang='lat' dir='ltr'><strong>imitabor.</strong></span> <span class='ocrx_word' id='word_1_510' title='bbox 1359 4136 1570 4196; x_wconf 79' lang='lat' dir='ltr'><strong>Vocem</strong></span> <span class='ocrx_word' id='word_1_511' title='bbox 1635 4143 1991 4216; x_wconf 83' lang='lat' dir='ltr'><strong>magnificam</strong></span> 
     </span>
    </p>
   </div>
   <div class='ocr_carea' id='block_1_74' title="bbox 397 4221 1993 4308">
    <p class='ocr_par' dir='ltr' id='par_1_74' title="bbox 397 4221 1993 4308">
     <span class='ocr_line' id='line_1_74' title="bbox 397 4221 1993 4308; baseline 0.013 -33"><span class='ocrx_word' id='word_1_512' title='bbox 397 4221 752 4294; x_wconf 86' lang='lat' dir='ltr'><strong>proloquar:</strong></span> <span class='ocrx_word' id='word_1_513' title='bbox 823 4223 1033 4284; x_wconf 72' lang='lat' dir='ltr'><strong>Venite</strong></span> <span class='ocrx_word' id='word_1_514' title='bbox 1083 4229 1153 4284; x_wconf 90' lang='lat' dir='ltr'><strong>ad</strong></span> <span class='ocrx_word' id='word_1_515' title='bbox 1205 4243 1297 4286; x_wconf 91' lang='lat' dir='ltr'><strong>me</strong></span> <span class='ocrx_word' id='word_1_516' title='bbox 1347 4245 1542 4291; x_wconf 84' lang='lat' dir='ltr'><strong>omnes</strong></span> <span class='ocrx_word' id='word_1_517' title='bbox 1595 4237 1689 4307; x_wconf 90' lang='lat' dir='ltr'><strong>qui</strong></span> <span class='ocrx_word' id='word_1_518' title='bbox 1747 4239 1993 4308; x_wconf 89' lang='lat' dir='ltr'><strong>panibus</strong></span> 
     </span>
    </p>
   </div>
   <div class='ocr_carea' id='block_1_75' title="bbox 275 4315 1991 4392">
    <p class='ocr_par' dir='ltr' id='par_1_75' title="bbox 275 4315 1991 4392">
     <span class='ocr_line' id='line_1_75' title="bbox 275 4315 1991 4392; baseline 0.013 -28"><span class='ocrx_word' id='word_1_519' title='bbox 275 4345 282 4352; x_wconf 64' lang='grc' dir='ltr'><strong>ι</strong></span> <span class='ocrx_word' id='word_1_520' title='bbox 396 4315 684 4386; x_wconf 83' lang='lat' dir='ltr'><strong>indigetis,</strong></span> <span class='ocrx_word' id='word_1_521' title='bbox 720 4317 975 4374; x_wconf 85' lang='lat' dir='ltr'><strong>beneficii</strong></span> <span class='ocrx_word' id='word_1_522' title='bbox 1009 4321 1159 4392; x_wconf 89' lang='lat' dir='ltr'><strong>quod</strong></span> <span class='ocrx_word' id='word_1_523' title='bbox 1190 4321 1462 4382; x_wconf 86' lang='lat' dir='ltr'><strong>divinitus</strong></span> <span class='ocrx_word' id='word_1_524' title='bbox 1485 4327 1621 4382; x_wconf 90' lang='lat' dir='ltr'><strong>mihi</strong></span> <span class='ocrx_word' id='word_1_525' title='bbox 1655 4344 1991 4388; x_wconf 87' lang='lat' dir='ltr'><strong>concessum</strong></span> 
     </span>
    </p>
   </div>
   <div class='ocr_carea' id='block_1_76' title="bbox 2105 3219 3703 3294">
    <p class='ocr_par' dir='ltr' id='par_1_76' title="bbox 2105 3219 3703 3294">
     <span class='ocr_line' id='line_1_76' title="bbox 2105 3219 3703 3294; baseline -0.004 -17"><span class='ocrx_word' id='word_1_526' title='bbox 2105 3223 2288 3294; x_wconf 73' lang='grc' dir='ltr'>ψυχὰς</span> <span class='ocrx_word' id='word_1_527' title='bbox 2308 3223 2421 3278; x_wconf 86' lang='grc' dir='ltr'><strong>τῶν</strong></span> <span class='ocrx_word' id='word_1_528' title='bbox 2451 3222 2768 3278; x_wconf 88' lang='grc' dir='ltr'>πεινώντων</span> <span class='ocrx_word' id='word_1_529' title='bbox 2797 3235 2811 3252; x_wconf 77' lang='grc'><strong><em>⁸</em></strong></span> <span class='ocrx_word' id='word_1_530' title='bbox 2853 3221 3053 3288; x_wconf 81' lang='grc' dir='ltr'>ἀνοίξω</span> <span class='ocrx_word' id='word_1_531' title='bbox 3093 3221 3194 3286; x_wconf 82' lang='grc' dir='ltr'><strong>τὰς</strong></span> <span class='ocrx_word' id='word_1_532' title='bbox 3243 3220 3554 3292; x_wconf 81' lang='grc' dir='ltr'>ἀποθήκας,</span> <span class='ocrx_word' id='word_1_533' title='bbox 3602 3219 3703 3272; x_wconf 76' lang='grc' dir='ltr'>καὶ</span> 
     </span>
    </p>
   </div>
   <div class='ocr_carea' id='block_1_77' title="bbox 2104 3312 3701 3386">
    <p class='ocr_par' dir='ltr' id='par_1_77' title="bbox 2104 3312 3701 3386">
     <span class='ocr_line' id='line_1_77' title="bbox 2104 3312 3701 3386; baseline -0.004 -16"><span class='ocrx_word' id='word_1_534' title='bbox 2104 3316 2320 3378; x_wconf 81' lang='grc' dir='ltr'>πάντας</span> <span class='ocrx_word' id='word_1_535' title='bbox 2381 3315 2600 3370; x_wconf 89' lang='grc' dir='ltr'>καλέσω</span> <span class='ocrx_word' id='word_1_536' title='bbox 2659 3317 2790 3380; x_wconf 78' lang='grc' dir='ltr'>τοὺς</span> <span class='ocrx_word' id='word_1_537' title='bbox 2835 3315 3058 3379; x_wconf 77' lang='grc' dir='ltr'>ἐνδεεῖς.</span> <span class='ocrx_word' id='word_1_538' title='bbox 3083 3315 3419 3386; x_wconf 79' lang='grc' dir='ltr'>Μιμήσομαι</span> <span class='ocrx_word' id='word_1_539' title='bbox 3451 3314 3546 3366; x_wconf 80' lang='grc' dir='ltr'>τὸν</span> <span class='ocrx_word' id='word_1_540' title='bbox 3585 3312 3701 3364; x_wconf 85' lang='grc' dir='ltr'>Ἰω-</span> 
     </span>
    </p>
   </div>
   <div class='ocr_carea' id='block_1_78' title="bbox 2105 3404 3700 3481">
    <p class='ocr_par' dir='ltr' id='par_1_78' title="bbox 2105 3404 3700 3481">
     <span class='ocr_line' id='line_1_78' title="bbox 2105 3404 3700 3481; baseline -0.008 -12"><span class='ocrx_word' id='word_1_541' title='bbox 2105 3409 2217 3481; x_wconf 78' lang='grc' dir='ltr'><strong>σὴφ</strong></span> <span class='ocrx_word' id='word_1_542' title='bbox 2253 3408 2333 3481; x_wconf 79' lang='grc' dir='ltr'><strong>τῷ</strong></span> <span class='ocrx_word' id='word_1_543' title='bbox 2361 3409 2464 3479; x_wconf 78' lang='grc' dir='ltr'>τῆς</span> <span class='ocrx_word' id='word_1_544' title='bbox 2506 3409 2922 3480; x_wconf 84' lang='grc' dir='ltr'>φιλανθρωπίας</span> <span class='ocrx_word' id='word_1_545' title='bbox 2980 3407 3327 3480; x_wconf 84' lang='grc' dir='ltr'>κηρύγματι.</span> <span class='ocrx_word' id='word_1_546' title='bbox 3383 3404 3700 3476; x_wconf 75' lang='grc' dir='ltr'>Φθέγξομαι</span> 
     </span>
    </p>
   </div>
   <div class='ocr_carea' id='block_1_79' title="bbox 2102 3495 3699 3572">
    <p class='ocr_par' dir='ltr' id='par_1_79' title="bbox 2102 3495 3699 3572">
     <span class='ocr_line' id='line_1_79' title="bbox 2102 3495 3699 3572; baseline -0.006 -17"><span class='ocrx_word' id='word_1_547' title='bbox 2102 3499 2293 3572; x_wconf 73' lang='grc' dir='ltr'>φωνὴν</span> <span class='ocrx_word' id='word_1_548' title='bbox 2319 3499 2696 3572; x_wconf 74' lang='grc' dir='ltr'>μεγαλόψυχον</span> <span class='ocrx_word' id='word_1_549' title='bbox 2714 3515 2728 3531; x_wconf 80' lang='grc'><em>”</em></span> <span class='ocrx_word' id='word_1_550' title='bbox 2757 3499 2916 3553; x_wconf 85' lang='grc' dir='ltr'>Ὅσοι</span> <span class='ocrx_word' id='word_1_551' title='bbox 2943 3499 3262 3570; x_wconf 80' lang='grc' dir='ltr'>ὑστερεῖσθε</span> <span class='ocrx_word' id='word_1_552' title='bbox 3286 3497 3490 3569; x_wconf 77' lang='grc' dir='ltr'>ἀρτων,</span> <span class='ocrx_word' id='word_1_553' title='bbox 3510 3495 3699 3548; x_wconf 77' lang='grc' dir='ltr'>ἔλθετε</span> 
     </span>
    </p>
   </div>
   <div class='ocr_carea' id='block_1_80' title="bbox 2102 3587 3700 3666">
    <p class='ocr_par' dir='ltr' id='par_1_80' title="bbox 2102 3587 3700 3666">
     <span class='ocr_line' id='line_1_80' title="bbox 2102 3587 3700 3666; baseline -0.006 -17"><span class='ocrx_word' id='word_1_554' title='bbox 2102 3595 2244 3666; x_wconf 84' lang='grc' dir='ltr'>πρός</span> <span class='ocrx_word' id='word_1_555' title='bbox 2277 3611 2368 3666; x_wconf 91' lang='grc' dir='ltr'><strong>με,</strong></span> <span class='ocrx_word' id='word_1_556' title='bbox 2401 3593 2503 3664; x_wconf 83' lang='grc' dir='ltr'>τῆς</span> <span class='ocrx_word' id='word_1_557' title='bbox 2533 3593 2689 3663; x_wconf 86' lang='grc' dir='ltr'>παρὰ</span> <span class='ocrx_word' id='word_1_558' title='bbox 2735 3590 2874 3646; x_wconf 75' lang='grc' dir='ltr'>Θεοῦ</span> <span class='ocrx_word' id='word_1_559' title='bbox 2914 3591 3208 3662; x_wconf 77' lang='grc' dir='ltr'>δεδομένης</span> <span class='ocrx_word' id='word_1_560' title='bbox 3255 3591 3482 3661; x_wconf 86' lang='grc' dir='ltr'>χάριτος</span> <span class='ocrx_word' id='word_1_561' title='bbox 3502 3587 3566 3641; x_wconf 86' lang='grc' dir='ltr'><strong>τδ</strong></span> <span class='ocrx_word' id='word_1_562' title='bbox 3592 3587 3700 3658; x_wconf 68' lang='grc' dir='ltr'>ἀρα</span> 
     </span>
    </p>
   </div>
   <div class='ocr_carea' id='block_1_81' title="bbox 2103 3679 3696 3756">
    <p class='ocr_par' dir='ltr' id='par_1_81' title="bbox 2103 3679 3696 3756">
     <span class='ocr_line' id='line_1_81' title="bbox 2103 3679 3696 3756; baseline -0.004 -15"><span class='ocrx_word' id='word_1_563' title='bbox 2103 3687 2235 3742; x_wconf 80' lang='grc' dir='ltr'>κοῦν</span> <span class='ocrx_word' id='word_1_564' title='bbox 2263 3687 2520 3750; x_wconf 70' lang='grc' dir='ltr'>ἕκαστος,</span> <span class='ocrx_word' id='word_1_565' title='bbox 2545 3681 2660 3739; x_wconf 68' lang='grc' dir='ltr'>οἷον</span> <span class='ocrx_word' id='word_1_566' title='bbox 2689 3688 2755 3740; x_wconf 77' lang='grc' dir='ltr'>ὲκ</span> <span class='ocrx_word' id='word_1_567' title='bbox 2775 3685 2975 3740; x_wconf 86' lang='grc' dir='ltr'>κοινῶν</span> <span class='ocrx_word' id='word_1_568' title='bbox 2996 3683 3212 3756; x_wconf 86' lang='grc' dir='ltr'>πηγῶν,</span> <span class='ocrx_word' id='word_1_569' title='bbox 3233 3699 3298 3736; x_wconf 90' lang='grc' dir='ltr'><strong>συ</strong></span> <span class='ocrx_word' id='word_1_570' title='bbox 3307 3701 3338 3753; x_wconf 75' lang='grc' dir='ltr'><strong>μ</strong></span> <span class='ocrx_word' id='word_1_571' title='bbox 3353 3679 3696 3754; x_wconf 84' lang='grc' dir='ltr'>μεθέξοντες.</span> 
     </span>
    </p>
   </div>
   <div class='ocr_carea' id='block_1_82' title="bbox 2113 3771 3701 3845">
    <p class='ocr_par' dir='ltr' id='par_1_82' title="bbox 2113 3771 3701 3845">
     <span class='ocr_line' id='line_1_82' title="bbox 2113 3771 3701 3845; baseline -0.005 -15"><span class='ocrx_word' id='word_1_572' title='bbox 2113 3777 2255 3830; x_wconf 84' lang='grc' dir='ltr'>Ἀλλ’</span> <span class='ocrx_word' id='word_1_573' title='bbox 2287 3778 2349 3832; x_wconf 80' lang='grc' dir='ltr'>οὐ</span> <span class='ocrx_word' id='word_1_574' title='bbox 2381 3775 2626 3840; x_wconf 83' lang='grc' dir='ltr'>τοιοῦτος</span> <span class='ocrx_word' id='word_1_575' title='bbox 2650 3776 2715 3830; x_wconf 88' lang='grc' dir='ltr'><strong>σύ</strong></span> <span class='ocrx_word' id='word_1_576' title='bbox 2739 3794 2754 3809; x_wconf 78' lang='grc' dir='ltr'><strong>ο</strong></span> <span class='ocrx_word' id='word_1_577' title='bbox 2791 3776 2958 3830; x_wconf 79' lang='grc' dir='ltr'>πόθεν</span> <span class='ocrx_word' id='word_1_578' title='bbox 3002 3775 3082 3839; x_wconf 85' lang='grc' dir='ltr'>ὥς</span> <span class='ocrx_word' id='word_1_579' title='bbox 3125 3790 3190 3844; x_wconf 87' lang='grc' dir='ltr'><strong>γε</strong></span> <span class='ocrx_word' id='word_1_580' title='bbox 3215 3771 3534 3845; x_wconf 85' lang='grc' dir='ltr'>βασκαίνεις</span> <span class='ocrx_word' id='word_1_581' title='bbox 3581 3773 3701 3834; x_wconf 81' lang='grc' dir='ltr'>τοῖς</span> 
     </span>
    </p>
   </div>
   <div class='ocr_carea' id='block_1_83' title="bbox 2100 3864 3702 3946">
    <p class='ocr_par' dir='ltr' id='par_1_83' title="bbox 2100 3864 3702 3946">
     <span class='ocr_line' id='line_1_83' title="bbox 2100 3864 3702 3946; baseline -0.009 -17"><span class='ocrx_word' id='word_1_582' title='bbox 2100 3873 2418 3946; x_wconf 85' lang='grc' dir='ltr'>ἀνθρώποις</span> <span class='ocrx_word' id='word_1_583' title='bbox 2468 3872 2568 3943; x_wconf 80' lang='grc' dir='ltr'>τῆς</span> <span class='ocrx_word' id='word_1_584' title='bbox 2611 3871 2994 3937; x_wconf 86' lang='grc' dir='ltr'>ἀπολαύσεως,</span> <span class='ocrx_word' id='word_1_585' title='bbox 3047 3866 3289 3941; x_wconf 81' lang='grc' dir='ltr'>πονηρὸν</span> <span class='ocrx_word' id='word_1_586' title='bbox 3315 3865 3373 3920; x_wconf 76' lang='grc' dir='ltr'>δὲ</span> <span class='ocrx_word' id='word_1_587' title='bbox 3405 3864 3702 3936; x_wconf 82' lang='grc' dir='ltr'>βουλευτή-</span> 
     </span>
    </p>
   </div>
   <div class='ocr_carea' id='block_1_84' title="bbox 2104 3956 3699 4039">
    <p class='ocr_par' dir='ltr' id='par_1_84' title="bbox 2104 3956 3699 4039">
     <span class='ocr_line' id='line_1_84' title="bbox 2104 3956 3699 4039; baseline -0.009 -18"><span class='ocrx_word' id='word_1_588' title='bbox 2104 3984 2222 4038; x_wconf 87' lang='grc' dir='ltr'>ριον</span> <span class='ocrx_word' id='word_1_589' title='bbox 2253 3967 2316 4020; x_wconf 85' lang='grc' dir='ltr'>ὲν</span> <span class='ocrx_word' id='word_1_590' title='bbox 2343 3967 2412 4039; x_wconf 79' lang='grc' dir='ltr'>τῇ</span> <span class='ocrx_word' id='word_1_591' title='bbox 2440 3965 2588 4037; x_wconf 75' lang='grc' dir='ltr'>ψυχῇ</span> <span class='ocrx_word' id='word_1_592' title='bbox 2629 3965 3037 4036; x_wconf 84' lang='grc' dir='ltr'>συγκροτήσας,</span> <span class='ocrx_word' id='word_1_593' title='bbox 3073 3957 3386 4032; x_wconf 73' lang='grc' dir='ltr'>φροντίζεις</span> <span class='ocrx_word' id='word_1_594' title='bbox 3415 3958 3515 4028; x_wconf 82' lang='grc' dir='ltr'><strong>οὐχ</strong></span> <span class='ocrx_word' id='word_1_595' title='bbox 3543 3956 3699 4020; x_wconf 80' lang='grc' dir='ltr'>ὅπως</span> 
     </span>
    </p>
   </div>
   <div class='ocr_carea' id='block_1_85' title="bbox 2103 4049 3699 4131">
    <p class='ocr_par' dir='ltr' id='par_1_85' title="bbox 2103 4049 3699 4131">
     <span class='ocr_line' id='line_1_85' title="bbox 2103 4049 3699 4131; baseline -0.008 -17"><span class='ocrx_word' id='word_1_596' title='bbox 2103 4059 2354 4131; x_wconf 82' lang='grc' dir='ltr'>μεταδῷς</span> <span class='ocrx_word' id='word_1_597' title='bbox 2389 4060 2609 4130; x_wconf 80' lang='grc' dir='ltr'>ἑκάστῳ</span> <span class='ocrx_word' id='word_1_598' title='bbox 2639 4057 2712 4113; x_wconf 75' lang='grc' dir='ltr'>τὰ</span> <span class='ocrx_word' id='word_1_599' title='bbox 2762 4057 2902 4130; x_wconf 81' lang='grc' dir='ltr'>πρὸς</span> <span class='ocrx_word' id='word_1_600' title='bbox 2951 4055 3052 4128; x_wconf 78' lang='grc' dir='ltr'>τὴν</span> <span class='ocrx_word' id='word_1_601' title='bbox 3107 4052 3322 4125; x_wconf 86' lang='grc' dir='ltr'>χρείαν,</span> <span class='ocrx_word' id='word_1_602' title='bbox 3378 4050 3495 4104; x_wconf 82' lang='grc' dir='ltr'>ἀλλ’</span> <span class='ocrx_word' id='word_1_603' title='bbox 3543 4049 3699 4112; x_wconf 81' lang='grc' dir='ltr'>ὅπως</span> 
     </span>
    </p>
   </div>
   <div class='ocr_carea' id='block_1_86' title="bbox 2097 4142 3698 4222">
    <p class='ocr_par' dir='ltr' id='par_1_86' title="bbox 2097 4142 3698 4222">
     <span class='ocr_line' id='line_1_86' title="bbox 2097 4142 3698 4222; baseline -0.009 -14"><span class='ocrx_word' id='word_1_604' title='bbox 2097 4153 2284 4208; x_wconf 82' lang='grc' dir='ltr'>πάντα</span> <span class='ocrx_word' id='word_1_605' title='bbox 2318 4151 2746 4222; x_wconf 80' lang='grc' dir='ltr'>ὑποδεξάμενος,</span> <span class='ocrx_word' id='word_1_606' title='bbox 2793 4151 3005 4214; x_wconf 84' lang='grc' dir='ltr'>πάντας</span> <span class='ocrx_word' id='word_1_607' title='bbox 3058 4148 3160 4219; x_wconf 83' lang='grc' dir='ltr'>τῆς</span> <span class='ocrx_word' id='word_1_608' title='bbox 3189 4147 3284 4202; x_wconf 87' lang='grc' dir='ltr'><strong>ἀπ’</strong></span> <span class='ocrx_word' id='word_1_609' title='bbox 3309 4143 3491 4200; x_wconf 84' lang='grc' dir='ltr'>αὐτῶν</span> <span class='ocrx_word' id='word_1_610' title='bbox 3545 4142 3698 4213; x_wconf 80' lang='grc' dir='ltr'>ὠφε-</span> 
     </span>
    </p>
   </div>
   <div class='ocr_carea' id='block_1_87' title="bbox 2096 4235 3700 4315">
    <p class='ocr_par' dir='ltr' id='par_1_87' title="bbox 2096 4235 3700 4315">
     <span class='ocr_line' id='line_1_87' title="bbox 2096 4235 3700 4315; baseline -0.007 -16"><span class='ocrx_word' id='word_1_611' title='bbox 2096 4245 2251 4309; x_wconf 86' lang='grc' dir='ltr'>λείας</span> <span class='ocrx_word' id='word_1_612' title='bbox 2272 4245 2659 4315; x_wconf 81' lang='grc' dir='ltr'>ἀποστερήσῃς</span> <span class='ocrx_word' id='word_1_613' title='bbox 2680 4260 2698 4310; x_wconf 87' lang='lat'><strong>;</strong></span> <span class='ocrx_word' id='word_1_614' title='bbox 2723 4241 3077 4314; x_wconf 84' lang='grc' dir='ltr'>παρέστησαν</span> <span class='ocrx_word' id='word_1_615' title='bbox 3110 4239 3159 4293; x_wconf 79' lang='lat' dir='ltr'><strong>oi</strong></span> <span class='ocrx_word' id='word_1_616' title='bbox 3186 4239 3287 4308; x_wconf 77' lang='grc' dir='ltr'>τὴν</span> <span class='ocrx_word' id='word_1_617' title='bbox 3312 4235 3494 4308; x_wconf 79' lang='grc' dir='ltr'>ψυχὴν</span> <span class='ocrx_word' id='word_1_618' title='bbox 3525 4237 3700 4289; x_wconf 69' lang='grc' dir='ltr'>ἀπαισ</span> 
     </span>
    </p>
   </div>
   <div class='ocr_carea' id='block_1_88' title="bbox 2097 4328 3693 4407">
    <p class='ocr_par' dir='ltr' id='par_1_88' title="bbox 2097 4328 3693 4407">
     <span class='ocr_line' id='line_1_88' title="bbox 2097 4328 3693 4407; baseline -0.008 -14"><span class='ocrx_word' id='word_1_619' title='bbox 2097 4339 2349 4405; x_wconf 83' lang='grc' dir='ltr'>τοῦντες,</span> <span class='ocrx_word' id='word_1_620' title='bbox 2380 4338 2636 4400; x_wconf 82' lang='grc' dir='ltr'>κάκεῖνος</span> <span class='ocrx_word' id='word_1_621' title='bbox 2664 4335 2797 4407; x_wconf 74' lang='grc' dir='ltr'>περὶ</span> <span class='ocrx_word' id='word_1_622' title='bbox 2826 4333 3136 4406; x_wconf 84' lang='grc' dir='ltr'>βρωμάτων</span> <span class='ocrx_word' id='word_1_623' title='bbox 3175 4334 3248 4403; x_wconf 74' lang='grc' dir='ltr'><strong>τῇ</strong></span> <span class='ocrx_word' id='word_1_624' title='bbox 3272 4332 3421 4402; x_wconf 78' lang='grc' dir='ltr'>ψυχῇ</span> <span class='ocrx_word' id='word_1_625' title='bbox 3445 4328 3693 4394; x_wconf 73' lang='grc' dir='ltr'>ἐλέγετο.</span> 
     </span>
    </p>
   </div>
   <div class='ocr_carea' id='block_1_89' title="bbox 395 4411 2003 4503">
    <p class='ocr_par' dir='ltr' id='par_1_89' title="bbox 395 4411 1990 4484">
     <span class='ocr_line' id='line_1_89' title="bbox 395 4411 1990 4484; baseline 0.011 -21"><span class='ocrx_word' id='word_1_626' title='bbox 395 4416 504 4474; x_wconf 90' lang='lat' dir='ltr'><strong>est,</strong></span> <span class='ocrx_word' id='word_1_627' title='bbox 535 4417 810 4482; x_wconf 88' lang='lat' dir='ltr'><strong>quantum</strong></span> <span class='ocrx_word' id='word_1_628' title='bbox 861 4411 1069 4484; x_wconf 90' lang='lat' dir='ltr'><strong>cuique</strong></span> <span class='ocrx_word' id='word_1_629' title='bbox 1102 4415 1242 4472; x_wconf 89' lang='lat' dir='ltr'><strong>satis</strong></span> <span class='ocrx_word' id='word_1_630' title='bbox 1277 4417 1371 4483; x_wconf 90' lang='lat' dir='ltr'><strong>sit,</strong></span> <span class='ocrx_word' id='word_1_631' title='bbox 1403 4419 1552 4475; x_wconf 81' lang='lat' dir='ltr'><strong>velut</strong></span> <span class='ocrx_word' id='word_1_632' title='bbox 1587 4435 1654 4476; x_wconf 78' lang='lat' dir='ltr'><strong>ex</strong></span> <span class='ocrx_word' id='word_1_633' title='bbox 1699 4427 1990 4482; x_wconf 89' lang='lat' dir='ltr'><strong>communi</strong></span> 
     </span>
    </p>
   </div>
   <div class='ocr_carea' id='block_1_90' title="bbox 2105 4411 3698 4503">
    <p class='ocr_par' dir='ltr' id='par_1_90' title="bbox 2105 4417 3698 4503">
     <span class='ocr_line' id='line_1_90' title="bbox 2105 4417 3698 4503; baseline -0.006 -18"><span class='ocrx_word' id='word_1_634' title='bbox 2105 4429 2285 4502; x_wconf 81' lang='grc' dir='ltr'>Ταύτῃ</span> <span class='ocrx_word' id='word_1_635' title='bbox 2315 4433 2382 4503; x_wconf 78' lang='grc' dir='ltr'><strong>τῇ</strong></span> <span class='ocrx_word' id='word_1_636' title='bbox 2409 4428 2572 4484; x_wconf 73' lang='grc' dir='ltr'>νυκτὶ</span> <span class='ocrx_word' id='word_1_637' title='bbox 2602 4427 3084 4500; x_wconf 80' lang='grc' dir='ltr'>παρελαμϐἀνετο,</span> <span class='ocrx_word' id='word_1_638' title='bbox 3122 4426 3219 4479; x_wconf 69' lang='grc' dir='ltr'>καὶ</span> <span class='ocrx_word' id='word_1_639' title='bbox 3259 4417 3342 4488; x_wconf 87' lang='grc' dir='ltr'><strong>είς</strong></span> <span class='ocrx_word' id='word_1_640' title='bbox 3371 4423 3467 4494; x_wconf 76' lang='grc' dir='ltr'><strong>ἐτη</strong></span> <span class='ocrx_word' id='word_1_641' title='bbox 3514 4421 3698 4476; x_wconf 85' lang='grc' dir='ltr'>πολλὰ</span> 
     </span>
    </p>
   </div>
   <div class='ocr_carea' id='block_1_91' title="bbox 397 4495 2003 4597">
    <p class='ocr_par' dir='ltr' id='par_1_91' title="bbox 397 4500 1990 4575">
     <span class='ocr_line' id='line_1_91' title="bbox 397 4500 1990 4575; baseline 0.013 -21"><span class='ocrx_word' id='word_1_642' title='bbox 397 4500 550 4557; x_wconf 91' lang='lat' dir='ltr'><strong>fonte</strong></span> <span class='ocrx_word' id='word_1_643' title='bbox 603 4504 912 4575; x_wconf 85' lang='lat' dir='ltr'><strong>participes</strong></span> <span class='ocrx_word' id='word_1_644' title='bbox 965 4505 1166 4563; x_wconf 88' lang='lat' dir='ltr'><strong>futuri.</strong></span> <span class='ocrx_word' id='word_1_645' title='bbox 1219 4508 1292 4563; x_wconf 85' lang='lat' dir='ltr'><strong>At</strong></span> <span class='ocrx_word' id='word_1_646' title='bbox 1324 4518 1380 4564; x_wconf 91' lang='lat' dir='ltr'><strong>tu</strong></span> <span class='ocrx_word' id='word_1_647' title='bbox 1412 4526 1522 4567; x_wconf 90' lang='lat' dir='ltr'><strong>non</strong></span> <span class='ocrx_word' id='word_1_648' title='bbox 1562 4511 1668 4568; x_wconf 92' lang='lat' dir='ltr'><strong>hoc</strong></span> <span class='ocrx_word' id='word_1_649' title='bbox 1707 4529 1768 4570; x_wconf 88' lang='lat' dir='ltr'><strong>es</strong></span> <span class='ocrx_word' id='word_1_650' title='bbox 1799 4517 1990 4574; x_wconf 88' lang='lat' dir='ltr'><strong>animo</strong></span> 
     </span>
    </p>
   </div>
   <div class='ocr_carea' id='block_1_92' title="bbox 2105 4495 3698 4597">
    <p class='ocr_par' dir='ltr' id='par_1_92' title="bbox 2105 4495 3698 4597">
     <span class='ocr_line' id='line_1_92' title="bbox 2105 4495 3698 4597; baseline -0.005 -21"><span class='ocrx_word' id='word_1_651' title='bbox 2105 4525 2199 4597; x_wconf 76' lang='grc' dir='ltr'><strong>τὴν</strong></span> <span class='ocrx_word' id='word_1_652' title='bbox 2221 4495 2527 4578; x_wconf 67' lang='grc' dir='ltr'>ἀπόλαυσιν</span> <span class='ocrx_word' id='word_1_653' title='bbox 2558 4495 2914 4593; x_wconf 37' lang='grc' dir='ltr'>ἐφαντάζε-το.</span> <span class='ocrx_word' id='word_1_654' title='bbox 2945 4519 3312 4591; x_wconf 79' lang='grc' dir='ltr'>Συνεχωρήθη</span> <span class='ocrx_word' id='word_1_655' title='bbox 3349 4517 3537 4572; x_wconf 84' lang='grc' dir='ltr'>πάντα</span> <span class='ocrx_word' id='word_1_656' title='bbox 3565 4515 3698 4586; x_wconf 75' lang='grc' dir='ltr'>βου-</span> 
     </span>
    </p>
   </div>
   <div class='ocr_carea' id='block_1_93' title="bbox 393 4590 1990 4663">
    <p class='ocr_par' dir='ltr' id='par_1_93' title="bbox 393 4590 1990 4663">
     <span class='ocr_line' id='line_1_93' title="bbox 393 4590 1990 4663; baseline 0.013 -19"><span class='ocrx_word' id='word_1_657' title='bbox 393 4590 680 4660; x_wconf 72' lang='lat' dir='ltr'><strong>praeditus.</strong></span> <span class='ocrx_word' id='word_1_658' title='bbox 723 4591 828 4659; x_wconf 85' lang='lat' dir='ltr'><strong>Qui</strong></span> <span class='ocrx_word' id='word_1_659' title='bbox 861 4594 1046 4650; x_wconf 76' lang='lat' dir='ltr'><strong>enim?</strong></span> <span class='ocrx_word' id='word_1_660' title='bbox 1081 4611 1208 4651; x_wconf 90' lang='lat' dir='ltr'><strong>cum</strong></span> <span class='ocrx_word' id='word_1_661' title='bbox 1268 4612 1463 4654; x_wconf 88' lang='lat' dir='ltr'><strong>eorum</strong></span> <span class='ocrx_word' id='word_1_662' title='bbox 1521 4599 1767 4659; x_wconf 87' lang='lat' dir='ltr'><strong>fructum</strong></span> <span class='ocrx_word' id='word_1_663' title='bbox 1805 4606 1990 4663; x_wconf 84' lang='lat' dir='ltr'><strong>homi-</strong></span> 
     </span>
    </p>
   </div>
   <div class='ocr_carea' id='block_1_94' title="bbox 393 4685 1990 4762">
    <p class='ocr_par' dir='ltr' id='par_1_94' title="bbox 393 4685 1990 4762">
     <span class='ocr_line' id='line_1_94' title="bbox 393 4685 1990 4762; baseline 0.014 -25"><span class='ocrx_word' id='word_1_664' title='bbox 393 4685 564 4742; x_wconf 85' lang='lat' dir='ltr'><strong>nibus</strong></span> <span class='ocrx_word' id='word_1_665' title='bbox 594 4686 886 4745; x_wconf 86' lang='lat' dir='ltr'><strong>invideas:</strong></span> <span class='ocrx_word' id='word_1_666' title='bbox 919 4703 1111 4745; x_wconf 88' lang='lat' dir='ltr'><strong>verum</strong></span> <span class='ocrx_word' id='word_1_667' title='bbox 1149 4691 1470 4762; x_wconf 89' lang='lat' dir='ltr'><strong>improbum</strong></span> <span class='ocrx_word' id='word_1_668' title='bbox 1503 4695 1692 4753; x_wconf 91' lang='lat' dir='ltr'><strong>animo</strong></span> <span class='ocrx_word' id='word_1_669' title='bbox 1725 4707 1823 4755; x_wconf 91' lang='lat' dir='ltr'><strong>tuo</strong></span> <span class='ocrx_word' id='word_1_670' title='bbox 1850 4715 1990 4757; x_wconf 89' lang='lat' dir='ltr'><strong>con-</strong></span> 
     </span>
    </p>
   </div>
   <div class='ocr_carea' id='block_1_95' title="bbox 391 4779 1990 4864">
    <p class='ocr_par' dir='ltr' id='par_1_95' title="bbox 391 4779 1990 4864">
     <span class='ocr_line' id='line_1_95' title="bbox 391 4779 1990 4864; baseline 0.013 -32"><span class='ocrx_word' id='word_1_671' title='bbox 391 4779 582 4834; x_wconf 88' lang='lat' dir='ltr'><strong>cilium</strong></span> <span class='ocrx_word' id='word_1_672' title='bbox 616 4780 862 4852; x_wconf 87' lang='lat' dir='ltr'><strong>agitans,</strong></span> <span class='ocrx_word' id='word_1_673' title='bbox 894 4782 948 4838; x_wconf 90' lang='lat' dir='ltr'><strong>id</strong></span> <span class='ocrx_word' id='word_1_674' title='bbox 978 4798 1167 4851; x_wconf 90' lang='lat' dir='ltr'><strong>curas,</strong></span> <span class='ocrx_word' id='word_1_675' title='bbox 1190 4779 1318 4840; x_wconf 62' lang='lat' dir='ltr'><strong>&#39;non</strong></span> <span class='ocrx_word' id='word_1_676' title='bbox 1355 4797 1416 4843; x_wconf 90' lang='lat' dir='ltr'><strong>ut</strong></span> <span class='ocrx_word' id='word_1_677' title='bbox 1445 4787 1650 4860; x_wconf 88' lang='lat' dir='ltr'><strong>cuique</strong></span> <span class='ocrx_word' id='word_1_678' title='bbox 1688 4808 1752 4848; x_wconf 89' lang='lat' dir='ltr'><strong>ea</strong></span> <span class='ocrx_word' id='word_1_679' title='bbox 1787 4795 1990 4864; x_wconf 87' lang='lat' dir='ltr'><strong>quibus</strong></span> 
     </span>
    </p>
   </div>
   <div class='ocr_carea' id='block_1_96' title="bbox 391 4868 1988 4956">
    <p class='ocr_par' dir='ltr' id='par_1_96' title="bbox 391 4868 1988 4956">
     <span class='ocr_line' id='line_1_96' title="bbox 391 4868 1988 4956; baseline 0.014 -35"><span class='ocrx_word' id='word_1_680' title='bbox 391 4868 606 4940; x_wconf 82' lang='lat' dir='ltr'><strong>indiget</strong></span> <span class='ocrx_word' id='word_1_681' title='bbox 661 4871 900 4940; x_wconf 84' lang='lat' dir='ltr'><strong>tribuas,</strong></span> <span class='ocrx_word' id='word_1_682' title='bbox 951 4873 1050 4930; x_wconf 89' lang='lat' dir='ltr'><strong>sed</strong></span> <span class='ocrx_word' id='word_1_683' title='bbox 1110 4883 1172 4930; x_wconf 93' lang='lat' dir='ltr'><strong>ut</strong></span> <span class='ocrx_word' id='word_1_684' title='bbox 1213 4875 1377 4934; x_wconf 88' lang='lat' dir='ltr'><strong>bonis</strong></span> <span class='ocrx_word' id='word_1_685' title='bbox 1425 4880 1687 4939; x_wconf 84' lang='lat' dir='ltr'><strong>omnibus</strong></span> <span class='ocrx_word' id='word_1_686' title='bbox 1736 4885 1887 4956; x_wconf 88' lang='lat' dir='ltr'><strong>apud</strong></span> <span class='ocrx_word' id='word_1_687' title='bbox 1929 4895 1988 4944; x_wconf 92' lang='lat' dir='ltr'><strong>te</strong></span> 
     </span>
    </p>
   </div>
   <div class='ocr_carea' id='block_1_97' title="bbox 389 4962 1984 5036">
    <p class='ocr_par' dir='ltr' id='par_1_97' title="bbox 389 4962 1984 5036">
     <span class='ocr_line' id='line_1_97' title="bbox 389 4962 1984 5036; baseline 0.013 -22"><span class='ocrx_word' id='word_1_688' title='bbox 389 4962 700 5032; x_wconf 86' lang='lat' dir='ltr'><strong>congestis,</strong></span> <span class='ocrx_word' id='word_1_689' title='bbox 755 4978 953 5023; x_wconf 80' lang='lat' dir='ltr'><strong>omnes</strong></span> <span class='ocrx_word' id='word_1_690' title='bbox 999 4981 1193 5023; x_wconf 90' lang='lat' dir='ltr'><strong>eorum</strong></span> <span class='ocrx_word' id='word_1_691' title='bbox 1235 4969 1479 5028; x_wconf 88' lang='lat' dir='ltr'><strong>utilitate</strong></span> <span class='ocrx_word' id='word_1_692' title='bbox 1517 4979 1573 5030; x_wconf 91' lang='lat' dir='ltr'><strong>et</strong></span> <span class='ocrx_word' id='word_1_693' title='bbox 1600 4978 1984 5036; x_wconf 83' lang='lat' dir='ltr'><strong>emolumento</strong></span> 
     </span>
    </p>
   </div>
   <div class='ocr_carea' id='block_1_98' title="bbox 388 5055 1982 5144">
    <p class='ocr_par' dir='ltr' id='par_1_98' title="bbox 388 5055 1982 5144">
     <span class='ocr_line' id='line_1_98' title="bbox 388 5055 1982 5144; baseline 0.016 -38"><span class='ocrx_word' id='word_1_694' title='bbox 388 5055 605 5125; x_wconf 76' lang='lat' dir='ltr'><strong>prires.</strong></span> <span class='ocrx_word' id='word_1_695' title='bbox 635 5055 843 5116; x_wconf 76' lang='lat' dir='ltr'><strong>Praesto</strong></span> <span class='ocrx_word' id='word_1_696' title='bbox 872 5059 1107 5117; x_wconf 88' lang='lat' dir='ltr'><strong>aderant</strong></span> <span class='ocrx_word' id='word_1_697' title='bbox 1136 5064 1232 5134; x_wconf 92' lang='lat' dir='ltr'><strong>qui</strong></span> <span class='ocrx_word' id='word_1_698' title='bbox 1262 5065 1504 5122; x_wconf 85' lang='lat' dir='ltr'><strong>animam</strong></span> <span class='ocrx_word' id='word_1_699' title='bbox 1537 5068 1690 5128; x_wconf 89' lang='lat' dir='ltr'><strong>illius</strong></span> <span class='ocrx_word' id='word_1_700' title='bbox 1717 5087 1982 5144; x_wconf 84' lang='lat' dir='ltr'><strong>reposce-</strong></span> 
     </span>
    </p>
   </div>
   <div class='ocr_carea' id='block_1_99' title="bbox 389 5149 1983 5225">
    <p class='ocr_par' dir='ltr' id='par_1_99' title="bbox 389 5149 1983 5225">
     <span class='ocr_line' id='line_1_99' title="bbox 389 5149 1983 5225; baseline 0.015 -24"><span class='ocrx_word' id='word_1_701' title='bbox 389 5157 560 5216; x_wconf 84' lang='lat' dir='ltr'><strong>rent;</strong></span> <span class='ocrx_word' id='word_1_702' title='bbox 603 5149 691 5206; x_wconf 84' lang='lat' dir='ltr'><strong>illi</strong></span> <span class='ocrx_word' id='word_1_703' title='bbox 726 5160 910 5209; x_wconf 87' lang='lat' dir='ltr'><strong>autem</strong></span> <span class='ocrx_word' id='word_1_704' title='bbox 963 5154 1032 5212; x_wconf 88' lang='lat' dir='ltr'><strong>de</strong></span> <span class='ocrx_word' id='word_1_705' title='bbox 1065 5157 1211 5214; x_wconf 89' lang='lat' dir='ltr'><strong>cibis</strong></span> <span class='ocrx_word' id='word_1_706' title='bbox 1252 5173 1379 5215; x_wconf 89' lang='lat' dir='ltr'><strong>cum</strong></span> <span class='ocrx_word' id='word_1_707' title='bbox 1412 5161 1598 5218; x_wconf 86' lang='lat' dir='ltr'><strong>anima</strong></span> <span class='ocrx_word' id='word_1_708' title='bbox 1639 5179 1741 5222; x_wconf 85' lang='lat' dir='ltr'><strong>sua</strong></span> <span class='ocrx_word' id='word_1_709' title='bbox 1795 5183 1983 5225; x_wconf 88' lang='lat' dir='ltr'><strong>sermo</strong></span> 
     </span>
    </p>
   </div>
   <div class='ocr_carea' id='block_1_100' title="bbox 383 5241 1983 5326">
    <p class='ocr_par' dir='ltr' id='par_1_100' title="bbox 383 5241 1983 5326">
     <span class='ocr_line' id='line_1_100' title="bbox 383 5241 1983 5326; baseline 0.016 -33"><span class='ocrx_word' id='word_1_710' title='bbox 383 5251 526 5296; x_wconf 89' lang='lat' dir='ltr'><strong>erat.</strong></span> <span class='ocrx_word' id='word_1_711' title='bbox 551 5241 667 5298; x_wconf 87' lang='lat' dir='ltr'><strong>Hac</strong></span> <span class='ocrx_word' id='word_1_712' title='bbox 696 5253 860 5301; x_wconf 90' lang='lat' dir='ltr'><strong>nocte</strong></span> <span class='ocrx_word' id='word_1_713' title='bbox 889 5250 1304 5317; x_wconf 86' lang='lat' dir='ltr'><strong>assumebatur,</strong></span> <span class='ocrx_word' id='word_1_714' title='bbox 1334 5262 1504 5326; x_wconf 90' lang='lat' dir='ltr'><strong>atque</strong></span> <span class='ocrx_word' id='word_1_715' title='bbox 1533 5255 1588 5310; x_wconf 91' lang='lat' dir='ltr'><strong>in</strong></span> <span class='ocrx_word' id='word_1_716' title='bbox 1623 5267 1800 5316; x_wconf 85' lang='lat' dir='ltr'><strong>annos</strong></span> <span class='ocrx_word' id='word_1_717' title='bbox 1835 5261 1983 5318; x_wconf 87' lang='lat' dir='ltr'><strong>mul-</strong></span> 
     </span>
    </p>
   </div>
   <div class='ocr_carea' id='block_1_101' title="bbox 386 5333 2007 5419">
    <p class='ocr_par' dir='ltr' id='par_1_101' title="bbox 386 5333 2007 5419">
     <span class='ocr_line' id='line_1_101' title="bbox 386 5333 2007 5419; baseline 0.015 -33"><span class='ocrx_word' id='word_1_718' title='bbox 386 5339 478 5387; x_wconf 90' lang='lat' dir='ltr'><strong>tos</strong></span> <span class='ocrx_word' id='word_1_719' title='bbox 509 5333 747 5394; x_wconf 84' lang='lat' dir='ltr'><strong>delicias</strong></span> <span class='ocrx_word' id='word_1_720' title='bbox 786 5337 892 5394; x_wconf 86' lang='lat' dir='ltr'><strong>sibi</strong></span> <span class='ocrx_word' id='word_1_721' title='bbox 927 5343 1112 5398; x_wconf 85' lang='lat' dir='ltr'><strong>animo</strong></span> <span class='ocrx_word' id='word_1_722' title='bbox 1159 5344 1421 5418; x_wconf 83' lang='lat' dir='ltr'><strong>ﬁngebat.</strong></span> <span class='ocrx_word' id='word_1_723' title='bbox 1460 5349 1571 5419; x_wconf 84' lang='lat' dir='ltr'><strong>ipsi</strong></span> <span class='ocrx_word' id='word_1_724' title='bbox 1620 5353 1852 5408; x_wconf 91' lang='lat' dir='ltr'><strong>omnino</strong></span> <span class='ocrx_word' id='word_1_725' title='bbox 1882 5355 2007 5410; x_wconf 87' lang='lat' dir='ltr'><strong>de-&#39;</strong></span> 
     </span>
    </p>
   </div>
   <div class='ocr_carea' id='block_1_102' title="bbox 387 5426 1976 5512">
    <p class='ocr_par' dir='ltr' id='par_1_102' title="bbox 387 5426 1976 5512">
     <span class='ocr_line' id='line_1_102' title="bbox 387 5426 1976 5512; baseline 0.014 -33"><span class='ocrx_word' id='word_1_726' title='bbox 387 5426 684 5496; x_wconf 89' lang='lat' dir='ltr'><strong>liberandi,</strong></span> <span class='ocrx_word' id='word_1_727' title='bbox 743 5440 800 5487; x_wconf 91' lang='lat' dir='ltr'><strong>et</strong></span> <span class='ocrx_word' id='word_1_728' title='bbox 854 5436 1187 5492; x_wconf 85' lang='lat' dir='ltr'><strong>sententiam</strong></span> <span class='ocrx_word' id='word_1_729' title='bbox 1257 5453 1414 5495; x_wconf 86' lang='lat' dir='ltr'><strong>suam</strong></span> <span class='ocrx_word' id='word_1_730' title='bbox 1481 5445 1776 5512; x_wconf 90' lang='lat' dir='ltr'><strong>promendi</strong></span> <span class='ocrx_word' id='word_1_731' title='bbox 1829 5445 1976 5503; x_wconf 84' lang='lat' dir='ltr'><strong>facta</strong></span> 
     </span>
    </p>
   </div>
   <div class='ocr_carea' id='block_1_103' title="bbox 2095 4605 3692 4684">
    <p class='ocr_par' dir='ltr' id='par_1_103' title="bbox 2095 4605 3692 4684">
     <span class='ocr_line' id='line_1_103' title="bbox 2095 4605 3692 4684; baseline -0.004 -18"><span class='ocrx_word' id='word_1_732' title='bbox 2095 4613 2415 4679; x_wconf 89' lang='grc' dir='ltr'>λεύσασθαι,</span> <span class='ocrx_word' id='word_1_733' title='bbox 2439 4614 2533 4667; x_wconf 69' lang='grc' dir='ltr'>καὶ</span> <span class='ocrx_word' id='word_1_734' title='bbox 2553 4611 2802 4684; x_wconf 78' lang='grc' dir='ltr'>φανερὰν</span> <span class='ocrx_word' id='word_1_735' title='bbox 2827 4611 3023 4666; x_wconf 80' lang='grc' dir='ltr'>ἑαυτοῦ</span> <span class='ocrx_word' id='word_1_736' title='bbox 3052 4611 3282 4680; x_wconf 77' lang='grc' dir='ltr'>ποιῆσαι</span> <span class='ocrx_word' id='word_1_737' title='bbox 3305 4607 3405 4680; x_wconf 80' lang='grc' dir='ltr'><strong>τὴν</strong></span> <span class='ocrx_word' id='word_1_738' title='bbox 3434 4605 3692 4678; x_wconf 83' lang='grc' dir='ltr'>γνώμην,</span> 
     </span>
    </p>
   </div>
   <div class='ocr_carea' id='block_1_104' title="bbox 2093 4701 3690 4778">
    <p class='ocr_par' dir='ltr' id='par_1_104' title="bbox 2093 4701 3690 4778">
     <span class='ocr_line' id='line_1_104' title="bbox 2093 4701 3690 4778; baseline -0.006 -17"><span class='ocrx_word' id='word_1_739' title='bbox 2093 4707 2185 4762; x_wconf 78' lang='grc' dir='ltr'>ἵνα</span> <span class='ocrx_word' id='word_1_740' title='bbox 2214 4706 2373 4773; x_wconf 82' lang='grc' dir='ltr'>ἀξίαν</span> <span class='ocrx_word' id='word_1_741' title='bbox 2405 4707 2506 4778; x_wconf 84' lang='grc' dir='ltr'>τῆς</span> <span class='ocrx_word' id='word_1_742' title='bbox 2557 4705 2939 4778; x_wconf 85' lang='grc' dir='ltr'>προαιρέσεως</span> <span class='ocrx_word' id='word_1_743' title='bbox 2974 4703 3197 4774; x_wconf 80' lang='grc' dir='ltr'>δέξηται</span> <span class='ocrx_word' id='word_1_744' title='bbox 3223 4703 3327 4773; x_wconf 77' lang='grc' dir='ltr'>τὴν</span> <span class='ocrx_word' id='word_1_745' title='bbox 3383 4701 3690 4766; x_wconf 82' lang='grc' dir='ltr'>ἀπόφασιν.</span> 
     </span>
    </p>
   </div>
   <div class='ocr_carea' id='block_1_105' title="bbox 2095 4791 3687 4872">
    <p class='ocr_par' dir='ltr' id='par_1_105' title="bbox 2095 4791 3687 4872">
     <span class='ocr_line' id='line_1_105' title="bbox 2095 4791 3687 4872; baseline -0.006 -17"><span class='ocrx_word' id='word_1_746' title='bbox 2095 4797 2266 4867; x_wconf 81' lang='grc' dir='ltr'>Ἀξια</span> <span class='ocrx_word' id='word_1_747' title='bbox 2319 4800 2430 4872; x_wconf 76' lang='grc' dir='ltr'><strong>γὰρ</strong></span> <span class='ocrx_word' id='word_1_748' title='bbox 2474 4799 2854 4870; x_wconf 83' lang='grc' dir='ltr'>καθαιρέσεως</span> <span class='ocrx_word' id='word_1_749' title='bbox 2891 4797 2962 4851; x_wconf 77' lang='grc' dir='ltr'><strong>τὰ</strong></span> <span class='ocrx_word' id='word_1_750' title='bbox 3007 4798 3238 4866; x_wconf 80' lang='grc' dir='ltr'>ταμιεῖα</span> <span class='ocrx_word' id='word_1_751' title='bbox 3298 4794 3399 4865; x_wconf 77' lang='grc' dir='ltr'><strong>τῆς</strong></span> <span class='ocrx_word' id='word_1_752' title='bbox 3447 4791 3687 4853; x_wconf 78' lang='grc' dir='ltr'>ἀδικίας.</span> 
     </span>
    </p>
   </div>
   <div class='ocr_carea' id='block_1_106' title="bbox 2091 4882 3691 4959">
    <p class='ocr_par' dir='ltr' id='par_1_106' title="bbox 2091 4882 3691 4959">
     <span class='ocr_line' id='line_1_106' title="bbox 2091 4882 3691 4959; baseline -0.006 -14"><span class='ocrx_word' id='word_1_753' title='bbox 2091 4891 2472 4945; x_wconf 78' lang='grc' dir='ltr'>Κατάσκαπτε</span> <span class='ocrx_word' id='word_1_754' title='bbox 2497 4892 2620 4955; x_wconf 78' lang='grc' dir='ltr'>ταῖς</span> <span class='ocrx_word' id='word_1_755' title='bbox 2671 4887 2870 4944; x_wconf 74' lang='grc' dir='ltr'>ἑαυτοῦ</span> <span class='ocrx_word' id='word_1_756' title='bbox 2903 4888 3095 4959; x_wconf 74' lang='grc' dir='ltr'>χερσὶν</span> <span class='ocrx_word' id='word_1_757' title='bbox 3121 4886 3158 4940; x_wconf 73' lang='grc' dir='ltr'>ἂ</span> <span class='ocrx_word' id='word_1_758' title='bbox 3187 4885 3378 4948; x_wconf 83' lang='grc' dir='ltr'>κακῶς</span> <span class='ocrx_word' id='word_1_759' title='bbox 3397 4882 3691 4954; x_wconf 78' lang='grc' dir='ltr'>ᾠκοδόμη-</span> 
     </span>
    </p>
   </div>
   <div class='ocr_carea' id='block_1_107' title="bbox 2093 4967 3689 5054">
    <p class='ocr_par' dir='ltr' id='par_1_107' title="bbox 2093 4967 3689 5054">
     <span class='ocr_line' id='line_1_107' title="bbox 2093 4967 3689 5054; baseline -0.007 -18"><span class='ocrx_word' id='word_1_760' title='bbox 2093 4999 2216 5047; x_wconf 90' lang='grc' dir='ltr'>σας.</span> <span class='ocrx_word' id='word_1_761' title='bbox 2248 4983 2359 5036; x_wconf 85' lang='grc' dir='ltr'>Λύε</span> <span class='ocrx_word' id='word_1_762' title='bbox 2382 4981 2450 5037; x_wconf 77' lang='grc' dir='ltr'><strong>τὰ</strong></span> <span class='ocrx_word' id='word_1_763' title='bbox 2480 4967 2806 5054; x_wconf 66' lang='grc' dir='ltr'>σιτοδοχεῖα,</span> <span class='ocrx_word' id='word_1_764' title='bbox 2872 4981 2997 5034; x_wconf 78' lang='grc' dir='ltr'>ὅθεν</span> <span class='ocrx_word' id='word_1_765' title='bbox 3049 4979 3230 5042; x_wconf 68' lang='grc' dir='ltr'>οὐδεὶς</span> <span class='ocrx_word' id='word_1_766' title='bbox 3275 4974 3494 5047; x_wconf 81' lang='grc' dir='ltr'>ἀπῆλθέ</span> <span class='ocrx_word' id='word_1_767' title='bbox 3555 4988 3689 5027; x_wconf 83' lang='grc' dir='ltr'>ποτε</span> 
     </span>
    </p>
   </div>
   <div class='ocr_carea' id='block_1_108' title="bbox 2088 5056 3689 5147">
    <p class='ocr_par' dir='ltr' id='par_1_108' title="bbox 2088 5056 3689 5147">
     <span class='ocr_line' id='line_1_108' title="bbox 2088 5056 3689 5147; baseline -0.009 -18"><span class='ocrx_word' id='word_1_768' title='bbox 2088 5075 2453 5147; x_wconf 84' lang='grc' dir='ltr'>παραμυθίας</span> <span class='ocrx_word' id='word_1_769' title='bbox 2497 5073 2698 5146; x_wconf 83' lang='grc' dir='ltr'>τυχών.</span> <span class='ocrx_word' id='word_1_770' title='bbox 2741 5056 3038 5144; x_wconf 82' lang='grc' dir='ltr'>Ἀφάνισον</span> <span class='ocrx_word' id='word_1_771' title='bbox 3087 5070 3267 5125; x_wconf 83' lang='grc' dir='ltr'>πάντα</span> <span class='ocrx_word' id='word_1_772' title='bbox 3310 5063 3464 5121; x_wconf 79' lang='grc' dir='ltr'>οἷκον</span> <span class='ocrx_word' id='word_1_773' title='bbox 3490 5064 3689 5118; x_wconf 77' lang='grc' dir='ltr'>πλεονο</span> 
     </span>
    </p>
   </div>
   <div class='ocr_carea' id='block_1_109' title="bbox 2087 5155 3692 5238">
    <p class='ocr_par' dir='ltr' id='par_1_109' title="bbox 2087 5155 3692 5238">
     <span class='ocr_line' id='line_1_109' title="bbox 2087 5155 3692 5238; baseline -0.011 -13"><span class='ocrx_word' id='word_1_774' title='bbox 2087 5165 2244 5235; x_wconf 83' lang='grc' dir='ltr'>εξίας</span> <span class='ocrx_word' id='word_1_775' title='bbox 2292 5167 2532 5238; x_wconf 87' lang='grc' dir='ltr'>φύλακα.</span> <span class='ocrx_word' id='word_1_776' title='bbox 2557 5165 2970 5222; x_wconf 84' lang='grc' dir='ltr'>Ἀποσκεύασον</span> <span class='ocrx_word' id='word_1_777' title='bbox 3009 5164 3266 5234; x_wconf 83' lang='grc' dir='ltr'>ὀρόφους,</span> <span class='ocrx_word' id='word_1_778' title='bbox 3304 5157 3530 5230; x_wconf 81' lang='grc' dir='ltr'>περίελε</span> <span class='ocrx_word' id='word_1_779' title='bbox 3577 5155 3692 5209; x_wconf 80' lang='grc' dir='ltr'>τοί-</span> 
     </span>
    </p>
   </div>
   <div class='ocr_carea' id='block_1_110' title="bbox 2087 5249 3689 5342">
    <p class='ocr_par' dir='ltr' id='par_1_110' title="bbox 2087 5249 3689 5342">
     <span class='ocr_line' id='line_1_110' title="bbox 2087 5249 3689 5342; baseline -0.007 -28"><span class='ocrx_word' id='word_1_780' title='bbox 2087 5277 2242 5334; x_wconf 77' lang='grc' dir='ltr'>χους,</span> <span class='ocrx_word' id='word_1_781' title='bbox 2264 5261 2436 5329; x_wconf 77' lang='grc' dir='ltr'>δεῖξον</span> <span class='ocrx_word' id='word_1_782' title='bbox 2467 5260 2607 5332; x_wconf 79' lang='grc' dir='ltr'>ἡλίῳ</span> <span class='ocrx_word' id='word_1_783' title='bbox 2634 5259 2728 5313; x_wconf 78' lang='grc' dir='ltr'>τὸν</span> <span class='ocrx_word' id='word_1_784' title='bbox 2785 5257 3140 5330; x_wconf 80' lang='grc' dir='ltr'>εὐρωτιῶντα</span> <span class='ocrx_word' id='word_1_785' title='bbox 3197 5257 3365 5342; x_wconf 78' lang='grc' dir='ltr'>σῖτον.</span> <span class='ocrx_word' id='word_1_786' title='bbox 3417 5249 3689 5317; x_wconf 81' lang='grc' dir='ltr'>Ἐξάγαγε</span> 
     </span>
    </p>
   </div>
   <div class='ocr_carea' id='block_1_111' title="bbox 2085 5343 3687 5427">
    <p class='ocr_par' dir='ltr' id='par_1_111' title="bbox 2085 5343 3687 5427">
     <span class='ocr_line' id='line_1_111' title="bbox 2085 5343 3687 5427; baseline -0.009 -18"><span class='ocrx_word' id='word_1_787' title='bbox 2085 5357 2153 5409; x_wconf 75' lang='grc' dir='ltr'>ὲκ</span> <span class='ocrx_word' id='word_1_788' title='bbox 2189 5354 2439 5427; x_wconf 84' lang='grc' dir='ltr'>φυλακῆς</span> <span class='ocrx_word' id='word_1_789' title='bbox 2490 5353 2584 5408; x_wconf 77' lang='grc' dir='ltr'>τὸν</span> <span class='ocrx_word' id='word_1_790' title='bbox 2622 5353 2845 5424; x_wconf 84' lang='grc' dir='ltr'>δέσμιον</span> <span class='ocrx_word' id='word_1_791' title='bbox 2898 5350 3156 5414; x_wconf 81' lang='grc' dir='ltr'>πλοῦτον,</span> <span class='ocrx_word' id='word_1_792' title='bbox 3199 5343 3579 5418; x_wconf 78' lang='grc' dir='ltr'>θριάμσευσον</span> <span class='ocrx_word' id='word_1_793' title='bbox 3616 5343 3687 5396; x_wconf 74' lang='grc' dir='ltr'>τὰ</span> 
     </span>
    </p>
   </div>
   <div class='ocr_carea' id='block_1_112' title="bbox 2088 5442 3108 5519">
    <p class='ocr_par' dir='ltr' id='par_1_112' title="bbox 2088 5442 3108 5519">
     <span class='ocr_line' id='line_1_112' title="bbox 2088 5442 3108 5519; baseline -0.005 -18"><span class='ocrx_word' id='word_1_794' title='bbox 2088 5447 2344 5502; x_wconf 88' lang='grc' dir='ltr'>σκοτεινά</span> <span class='ocrx_word' id='word_1_795' title='bbox 2370 5446 2465 5501; x_wconf 82' lang='grc' dir='ltr'><strong>τοῦ</strong></span> <span class='ocrx_word' id='word_1_796' title='bbox 2500 5447 2741 5519; x_wconf 81' lang='grc' dir='ltr'>μαμωνᾶ</span> <span class='ocrx_word' id='word_1_797' title='bbox 2761 5442 3108 5514; x_wconf 82' lang='grc' dir='ltr'>καταγώγια.</span> 
     </span>
    </p>
   </div>
   <div class='ocr_carea' id='block_1_113' title="bbox 384 5521 3685 5613">
    <p class='ocr_par' dir='ltr' id='par_1_113' title="bbox 384 5521 3685 5613">
     <span class='ocr_line' id='line_1_113' title="bbox 384 5521 3685 5613; baseline 0.005 -42"><span class='ocrx_word' id='word_1_798' title='bbox 384 5527 633 5588; x_wconf 83' lang='lat' dir='ltr'><strong>potestas</strong></span> <span class='ocrx_word' id='word_1_799' title='bbox 661 5521 787 5590; x_wconf 91' lang='lat' dir='ltr'><strong>fuit,</strong></span> <span class='ocrx_word' id='word_1_800' title='bbox 819 5535 884 5582; x_wconf 89' lang='lat' dir='ltr'><strong>ut</strong></span> <span class='ocrx_word' id='word_1_801' title='bbox 911 5526 1137 5601; x_wconf 87' lang='lat' dir='ltr'><strong>dignam</strong></span> <span class='ocrx_word' id='word_1_802' title='bbox 1165 5535 1450 5604; x_wconf 79' lang='lat' dir='ltr'><strong>prop05ito</strong></span> <span class='ocrx_word' id='word_1_803' title='bbox 1487 5551 1590 5592; x_wconf 85' lang='lat' dir='ltr'><strong>suo</strong></span> <span class='ocrx_word' id='word_1_804' title='bbox 1632 5540 1967 5595; x_wconf 88' lang='lat' dir='ltr'><strong>sententiam</strong></span> <span class='ocrx_word' id='word_1_805' title='bbox 2009 5542 2308 5612; x_wconf 87' lang='lat' dir='ltr'><strong>acciperet.</strong></span> <span class='ocrx_word' id='word_1_806' title='bbox 2349 5542 2522 5613; x_wconf 89' lang='lat' dir='ltr'><strong>Digna</strong></span> <span class='ocrx_word' id='word_1_807' title='bbox 2583 5543 2793 5613; x_wconf 87' lang='lat' dir='ltr'><strong>quippe</strong></span> <span class='ocrx_word' id='word_1_808' title='bbox 2847 5539 3142 5595; x_wconf 84' lang='lat' dir='ltr'><strong>eversione</strong></span> <span class='ocrx_word' id='word_1_809' title='bbox 3207 5543 3338 5591; x_wconf 86' lang='lat' dir='ltr'><strong>sunt</strong></span> <span class='ocrx_word' id='word_1_810' title='bbox 3391 5530 3685 5603; x_wconf 67' lang='lat' dir='ltr'><strong>iniustitia:</strong></span> 
     </span>
    </p>
   </div>
   <div class='ocr_carea' id='block_1_114' title="bbox 385 5615 3679 5702">
    <p class='ocr_par' dir='ltr' id='par_1_114' title="bbox 385 5615 3679 5702">
     <span class='ocr_line' id='line_1_114' title="bbox 385 5615 3679 5702; baseline 0.005 -41"><span class='ocrx_word' id='word_1_811' title='bbox 385 5615 790 5682; x_wconf 86' lang='lat' dir='ltr'><strong>promptuaria.</strong></span> <span class='ocrx_word' id='word_1_812' title='bbox 828 5615 1107 5676; x_wconf 90' lang='lat' dir='ltr'><strong>Demolire</strong></span> <span class='ocrx_word' id='word_1_813' title='bbox 1137 5623 1399 5680; x_wconf 90' lang='lat' dir='ltr'><strong>manibus</strong></span> <span class='ocrx_word' id='word_1_814' title='bbox 1430 5627 1668 5697; x_wconf 89' lang='lat' dir='ltr'><strong>ipsemet</strong></span> <span class='ocrx_word' id='word_1_815' title='bbox 1698 5633 1810 5688; x_wconf 91' lang='lat' dir='ltr'><strong>tuis</strong></span> <span class='ocrx_word' id='word_1_816' title='bbox 1845 5647 1970 5702; x_wconf 72' lang='lat' dir='ltr'><strong>qua:</strong></span> <span class='ocrx_word' id='word_1_817' title='bbox 2005 5633 2148 5688; x_wconf 90' lang='lat' dir='ltr'><strong>male</strong></span> <span class='ocrx_word' id='word_1_818' title='bbox 2175 5633 2563 5691; x_wconf 81' lang='lat' dir='ltr'><strong>constrttx&#39;isti.</strong></span> <span class='ocrx_word' id='word_1_819' title='bbox 2596 5633 2724 5690; x_wconf 91' lang='lat' dir='ltr'><strong>Dele</strong></span> <span class='ocrx_word' id='word_1_820' title='bbox 2749 5634 2949 5688; x_wconf 83' lang='lat' dir='ltr'><strong>horrea</strong></span> <span class='ocrx_word' id='word_1_821' title='bbox 3001 5628 3148 5684; x_wconf 70' lang='lat' dir='ltr'><strong>unde</strong></span> <span class='ocrx_word' id='word_1_822' title='bbox 3205 5641 3369 5682; x_wconf 82' lang='lat' dir='ltr'><strong>nemo</strong></span> <span class='ocrx_word' id='word_1_823' title='bbox 3433 5638 3679 5694; x_wconf 89' lang='lat' dir='ltr'><strong>unquam</strong></span> 
     </span>
    </p>
   </div>
   <div class='ocr_carea' id='block_1_115' title="bbox 387 5702 3676 5783">
    <p class='ocr_par' dir='ltr' id='par_1_115' title="bbox 387 5702 3676 5783">
     <span class='ocr_line' id='line_1_115' title="bbox 387 5702 3676 5783; baseline 0.005 -29"><span class='ocrx_word' id='word_1_824' title='bbox 387 5702 691 5763; x_wconf 85' lang='lat' dir='ltr'><strong>solatninis</strong></span> <span class='ocrx_word' id='word_1_825' title='bbox 729 5709 1015 5782; x_wconf 82' lang='lat' dir='ltr'><strong>quidpiam</strong></span> <span class='ocrx_word' id='word_1_826' title='bbox 1047 5724 1250 5772; x_wconf 86' lang='lat' dir='ltr'><strong>nactus</strong></span> <span class='ocrx_word' id='word_1_827' title='bbox 1281 5719 1577 5776; x_wconf 87' lang='lat' dir='ltr'><strong>abscessit.</strong></span> <span class='ocrx_word' id='word_1_828' title='bbox 1621 5721 1853 5778; x_wconf 89' lang='lat' dir='ltr'><strong>Domum</strong></span> <span class='ocrx_word' id='word_1_829' title='bbox 1886 5738 2108 5781; x_wconf 83' lang='lat' dir='ltr'><strong>omnem</strong></span> <span class='ocrx_word' id='word_1_830' title='bbox 2143 5729 2391 5782; x_wconf 69' lang='lat' dir='ltr'><strong>avaritia:</strong></span> <span class='ocrx_word' id='word_1_831' title='bbox 2423 5726 2714 5783; x_wconf 88' lang='lat' dir='ltr'><strong>custodem</strong></span> <span class='ocrx_word' id='word_1_832' title='bbox 2757 5725 2892 5780; x_wconf 85' lang='lat' dir='ltr'><strong>tolle</strong></span> <span class='ocrx_word' id='word_1_833' title='bbox 2919 5739 2949 5779; x_wconf 89' lang='lat' dir='ltr'><strong>e</strong></span> <span class='ocrx_word' id='word_1_834' title='bbox 2977 5723 3180 5777; x_wconf 87' lang='lat' dir='ltr'><strong>medio.</strong></span> <span class='ocrx_word' id='word_1_835' title='bbox 3213 5718 3479 5776; x_wconf 87' lang='lat' dir='ltr'><strong>Disturba</strong></span> <span class='ocrx_word' id='word_1_836' title='bbox 3512 5726 3676 5780; x_wconf 80' lang='lat' dir='ltr'><strong>tecta,</strong></span> 
     </span>
    </p>
   </div>
   <div class='ocr_carea' id='block_1_116' title="bbox 387 5793 3700 5893">
    <p class='ocr_par' dir='ltr' id='par_1_116' title="bbox 387 5793 3700 5893">
     <span class='ocr_line' id='line_1_116' title="bbox 387 5793 3700 5893; baseline 0.004 -42"><span class='ocrx_word' id='word_1_837' title='bbox 387 5793 570 5864; x_wconf 77' lang='lat' dir='ltr'><strong>dejice</strong></span> <span class='ocrx_word' id='word_1_838' title='bbox 611 5801 880 5870; x_wconf 87' lang='lat' dir='ltr'><strong>parietes.</strong></span> <span class='ocrx_word' id='word_1_839' title='bbox 912 5803 1278 5863; x_wconf 82' lang='lat' dir='ltr'><strong>Frumentum</strong></span> <span class='ocrx_word' id='word_1_840' title='bbox 1314 5812 1430 5867; x_wconf 84' lang='lat' dir='ltr'><strong>situ</strong></span> <span class='ocrx_word' id='word_1_841' title='bbox 1460 5814 1746 5870; x_wconf 89' lang='lat' dir='ltr'><strong>cariosum</strong></span> <span class='ocrx_word' id='word_1_842' title='bbox 1776 5817 1882 5874; x_wconf 83' lang='lat' dir='ltr'><strong>soli</strong></span> <span class='ocrx_word' id='word_1_843' title='bbox 1907 5820 2159 5878; x_wconf 86' lang='lat' dir='ltr'><strong>ostende.</strong></span> <span class='ocrx_word' id='word_1_844' title='bbox 2206 5819 2431 5878; x_wconf 73' lang='lat' dir='ltr'><strong>Vinctas</strong></span> <span class='ocrx_word' id='word_1_845' title='bbox 2459 5835 2594 5893; x_wconf 86' lang='lat' dir='ltr'><strong>opes</strong></span> <span class='ocrx_word' id='word_1_846' title='bbox 2621 5836 2651 5875; x_wconf 84' lang='grc' dir='ltr'><strong>ε</strong></span> <span class='ocrx_word' id='word_1_847' title='bbox 2688 5832 2911 5874; x_wconf 82' lang='lat' dir='ltr'><strong>carcere</strong></span> <span class='ocrx_word' id='word_1_848' title='bbox 2947 5814 3206 5884; x_wconf 77' lang='lat' dir='ltr'><strong>extrahe;</strong></span> <span class='ocrx_word' id='word_1_849' title='bbox 3239 5812 3535 5870; x_wconf 79' lang='lat' dir='ltr'><strong>tenebrosa</strong></span> <span class='ocrx_word' id='word_1_850' title='bbox 3586 5809 3700 5868; x_wconf 82' lang='lat' dir='ltr'><strong>illa.</strong></span> 
     </span>
    </p>
   </div>
   <div class='ocr_carea' id='block_1_117' title="bbox 393 5897 2000 5978">
    <p class='ocr_par' dir='ltr' id='par_1_117' title="bbox 393 5897 2000 5978">
     <span class='ocr_line' id='line_1_117' title="bbox 393 5897 2000 5978; baseline 0.017 -40"><span class='ocrx_word' id='word_1_851' title='bbox 393 5901 729 5950; x_wconf 72' lang='lat' dir='ltr'><strong>mammona:</strong></span> <span class='ocrx_word' id='word_1_852' title='bbox 767 5897 1081 5956; x_wconf 81' lang='lat' dir='ltr'><strong>diversoria</strong></span> <span class='ocrx_word' id='word_1_853' title='bbox 1115 5903 1264 5958; x_wconf 71' lang='lat' dir='ltr'><strong>velut</strong></span> <span class='ocrx_word' id='word_1_854' title='bbox 1301 5905 1356 5960; x_wconf 87' lang='lat' dir='ltr'><strong>in</strong></span> <span class='ocrx_word' id='word_1_855' title='bbox 1393 5907 1728 5978; x_wconf 83' lang='lat' dir='ltr'><strong>triumphum</strong></span> <span class='ocrx_word' id='word_1_856' title='bbox 1764 5927 2000 5977; x_wconf 71' lang='lat' dir='ltr'><strong>expone.</strong></span> 
     </span>
    </p>
   </div>
  </div>
