4028 6398
263 453 268 457 .
287 388 422 456 1497

1575 379 1817 439 SACRA
1851 380 2317 443 PARALLELA.

3436 371 3459 434 1
3475 370 3571 435 £98

351 501 454 556 Διὰ
479 501 539 553 σὲ
575 499 671 553 καὶ
699 491 800 564 τὴν
849 491 1138 565 συμφορὰν
1194 488 1570 551 κατεδίκασεν,
1603 489 1686 542 ὅτι
1731 489 1868 558 ἔχων

2051 487 2240 558 Ejusd.
2298 488 2486 542 Ιιοικὲι.
2521 489 2575 544 in
2611 477 2885 559 temporis
2942 488 3214 543 siccitate.
3237 513 3307 525 --π
3340 483 3560 554 Propter

283 598 381 651 οὐκ
433 593 618 655 ἑδίδως
651 607 666 623 ο
713 588 906 658 ἐπειδὴ
953 583 1300 656 παρέτρεχες
1345 581 1472 643 τοὺς
1532 579 1870 644 πεινῶντας·

282 684 468 757 ἐπειδὴ
532 683 675 754 πρδς
725 680 856 744 τοὺς
913 677 1280 748 ὀδυρομένους
1343 675 1446 728 οὐκ
1488 673 1869 745 ἑπεστρέφου·

281 778 468 850 ἐπειδή
513 774 1000 846 προσκυνούμενος
1031 771 1130 823 οὐκ
1152 768 1356 839 ἠλέεις.
1385 767 1651 838 Ἔρχεται
1679 767 1775 820 καὶ
1803 765 1874 819 δι’

277 869 496 937 ὀλίγους
527 859 828 934 έπιδῆμον
870 862 1042 927 κακὰ,
1074 860 1170 914 καὶ
1207 857 1514 929 μοχθηρίας
1545 857 1665 920 ἑνὸς
1726 873 1869 928 τιαρ-

278 961 571 1032 απήλαυσε
593 957 659 1028 δῆ
669 973 790 1028 μος.
808 955 943 1027 Ἀχὰ
950 972 983 1026 ρ
1008 952 1380 1024 ἱεροσύλησεν,
1397 951 1494 1004 καὶ
1515 949 1614 1020 ὅλη
1629 952 1669 1032 ζὴ
1695 949 1875 1019 παρά-

276 1024 434 1113 ταξις
461 1024 818 1118 ὲμαστίζετο.
951 1024 1172 1114 Ζαμὸρὶ
1221 1040 1388 1094 πάλιν
1423 1041 1504 1103 είς
1536 1024 1871 1100 τὰξΜαδια-

275 1140 484 1203 νίτιδας
553 1138 920 1210 ὲξεπόρνευσι
959 1177 973 1200 ,
1030 1135 1124 1189 καὶ
1167 1137 1198 1188 ό
1245 1133 1466 1206 Ἰσραὴλ
1511 1132 1742 1186 ἔπιπτεν
1791 1133 1875 1196 είς

273 1232 458 1302 δίκην.
489 1231 704 1294 Πάντες
730 1230 934 1294 τοίνυν,
970 1229 1064 1283 καὶ
1097 1227 1228 1298 ἰδίᾳ,
1248 1227 1342 1282 καὶ
1370 1228 1529 1296 κοινῇ
1559 1225 1686 1288 τοὺς
1721 1225 1874 1295 βίους

273 1322 492 1376 ἑαυτῶν
521 1321 892 1392 ἐξετάσωμεν.

270 1430 418 1484 erat,
474 1427 529 1472 et
587 1417 756 1472 Israel
793 1424 1087 1486 propterea
1149 1417 1206 1473 in
1255 1419 1596 1491 supplicium
1649 1413 1820 1473 incidi

269 1512 446 1564 vitam
483 1516 732 1565 nostram
760 1509 1137 1565 excutiamus.

342 1599 485 1656 Λαοὶ
512 1599 789 1654 ἀκούσατε
820 1614 836 1630 ·
861 1602 1188 1672 Χριστιανοὶ
1217 1603 1552 1658 ἐνωτίσασθε
1571 1645 1588 1671 ,
1622 1604 1706 1657 ὃτι
1736 1601 1864 1656 τάδε

269 1693 426 1763 λέγει
454 1691 682 1763 Κύριος,
713 1692 773 1745 οὐ
804 1692 1140 1764 δημηγορῶν
1169 1695 1522 1764 αὑτοφώνως,
1545 1699 1658 1760 τοῖς
1679 1696 1735 1748 δὲ
1755 1696 1866 1748 τῶν

1975 593 2031 638 te
2067 583 2170 636 hac
2208 596 2428 651 quoque
2455 597 2556 638 nos
2584 580 2730 637 Deus
2761 581 3081 634 calamitate
3115 577 3405 632 multavit:
3435 578 3567 646 quia

1975 689 2102 730 cum
2139 673 2398 739 haberes,
2434 687 2544 728 non
2595 672 2806 736 dabas;
2853 670 2986 741 quia
3029 685 3126 725 eos
3162 669 3258 740 qui
3307 667 3452 722 fame
3493 669 3569 721 Ia-

1976 766 2264 830 borabaut,
2305 764 2668 836 praeteribas;
2724 764 2858 835 quia
2906 762 2976 818 ad
3019 769 3307 834 gementes
3343 759 3572 814 minime

1976 867 2032 914 te
2083 858 2496 924 convertebas;
2549 858 2682 927 quia
2731 868 3084 926 nequaquam
3149 863 3204 908 te
3266 851 3572 908 miserebat

1974 965 2168 1006 eorum
2207 965 2240 1003 a
2278 951 2488 1021 quitus
2525 948 2883 1005 adorabaris.
2932 945 3240 1000 Paucorum
3291 943 3455 1013 culpa
3511 940 3571 995 fit

1976 1052 2035 1096 ut
2063 1042 2224 1109 plebs
2256 1043 2517 1097 universa
2570 1041 2996 1096 calamitatibus
3031 1037 3348 1107 aﬂligatur;
3404 1046 3571 1104 atque
3653 1065 3666 1085 ο

1978 1132 2142 1187 unius
2173 1131 2590 1202 improbitatem
2633 1139 2750 1186 tota
2783 1129 2942 1199 plebs
2989 1127 3113 1182 luit.
3162 1126 3355 1180 Achan
3397 1125 3569 1179 sacri-

1977 1223 2178 1293 legium
2212 1230 2584 1293 perpetrarat,
2617 1232 2673 1277 et
2725 1229 2878 1278 totus
2925 1219 3206 1276 exercitus
3246 1232 3441 1288 poenas
3470 1216 3570 1271 de-

1976 1311 2081 1366 dit.
2127 1312 2350 1369 Zambri
2382 1330 2508 1368 cum
2548 1314 2880 1369 mulieribus
2931 1311 3252 1366 Madianitis
3284 1315 3568 1366 scortatu:

1902 1409 2036 1476 Quae
2094 1427 2225 1468 cum
2279 1412 2358 1467 ita
2395 1413 2528 1477 sint,
2580 1419 2864 1466 omneset
2915 1408 3175 1479 privatim
3233 1413 3292 1462 et
3350 1403 3568 1474 publice

2049 1594 2192 1650 Ibid.
2222 1625 2292 1634 —
2330 1592 2552 1658 Audite,
2591 1593 2779 1665 populi
2808 1610 2822 1658 ;
2857 1590 3190 1656 auscultate,
3216 1587 3522 1644 Christiani
3554 1607 3568 1654 ;

1972 1691 2237 1760 quoniam
2303 1689 2419 1744 haec
2470 1686 2606 1741 dicit
2665 1685 2958 1750 Dominus,
3011 1698 3122 1739 non
3172 1682 3292 1752 ipse
3340 1680 3566 1751 quidem

271 1787 485 1840 δούλων
519 1785 789 1856 στόμασιν
820 1785 1036 1855 ἑνηχῶν
1067 1787 1144 1851 ῶς
1167 1789 1420 1856 ὀργάνοις
1440 1803 1454 1816 ·
1489 1789 1566 1860 μὴ
1603 1788 1866 1857 φανῶμεν

1974 1787 2194 1831 suamet
2229 1790 2368 1830 voce
2404 1776 2773 1841 concionans,
2834 1772 2932 1828 sed
2988 1786 3278 1828 servorum
3334 1783 3566 1825 suorum

268 1880 321 1932 oi
349 1877 562 1946 λογικοὶ
595 1876 706 1929 τῶν
745 1876 959 1946 ἀλόγων
1015 1878 1312 1950 ὠμότεροι.
1359 1879 1577 1934 Ἐκεῖνα
1621 1880 1731 1952 γὰρ
1761 1881 1872 1943 τοῖς

269 1973 338 2025 ἐκ
362 1972 464 2042 τῆς
486 1971 588 2040 γῆς
653 1970 951 2040 φυομένοις
1009 1969 1158 2042 παρὰ
1213 1972 1314 2042 τῆς
1361 1972 1582 2040 φύσεως
1608 1971 1683 2035 ὡς
1713 1973 1868 2041 κοινῇ

269 2065 577 2136 κέχρηται,
632 2063 730 2116 καὶ
779 2063 1077 2133 προϐάτων
1132 2063 1330 2133 ἀγέλαι
1387 2064 1448 2118 ἔν
1493 2065 1590 2119 καὶ
1637 2064 1701 2118 τὸ
1741 2064 1874 2117 αὐτὸ

265 2161 711 2218 καταϐόσκονται
744 2159 895 2230 ὄρος.
923 2160 1116 2214 Ἵπποι
1142 2161 1199 2214 δὲ
1230 2161 1589 2232 παμπληθεῖς
1619 2161 1747 2232 μίαν
1776 2161 1874 2215 καὶ

265 2254 376 2325 τὴν
398 2253 571 2323 αὐτὴν
597 2253 1006 2323 κατανέμονται
1031 2253 1280 2322 πεδιάδα,
1327 2255 1424 2308 καὶ
1454 2255 1636 2308 πάντα
1654 2255 1726 2307 τὰ
1747 2253 1872 2308 καθ’

269 2347 514 2400 ἕκαστον
544 2345 722 2409 οὕτως
769 2345 1028 2415 ἀλλήλοις
1057 2347 1514 2418 ἀντιπαραχωρεί
1543 2347 1646 2418 τῆς
1701 2347 1872 2415 ἀναγ-

272 2439 448 2501 καίας
470 2440 582 2492 τῶν
613 2439 818 2508 χρειῶν
850 2437 1228 2502 ἀπολαύσεως.
1274 2439 1465 2509 Ἡμεῖς
1494 2438 1552 2493 δὲ
1579 2439 1872 2507 ὲγκολτιια-

269 2529 488 2602 ζόμεθα
514 2529 583 2585 τὰ
610 2529 785 2584 κοινά·
807 2529 874 2584 τὰ
903 2528 1012 2583 τῶν
1039 2529 1252 2584 πολλῶν
1277 2532 1428 2602 μόνοι
1463 2531 1682 2603 ἔχομεν.
1713 2532 1880 2587 Aida—

273 2623 501 2695 σθῶμεν
541 2623 816 2695 Ἐλλήνων
875 2623 1242 2695 φιλάνθρωπα
1304 2623 1642 2696 διηγήματα.
1710 2625 1877 2695 Παρά’

269 2733 426 2771 τισιν
453 2715 686 2769 ἐκείνων
745 2715 914 2786 νόμος
968 2715 1378 2786 φιλάνθρωπος,
1439 2717 1541 2788 μία
1597 2716 1866 2788 τράπεζα,

269 2807 376 2861 καὶ
400 2807 556 2861 κοινά
588 2807 659 2861 τὰ
690 2808 858 2872 σιτία,
890 2806 988 2878 μία
1038 2808 1196 2861 ἑστία
1241 2808 1430 2878 σχεδὸν
1481 2808 1575 2862 τὸν
1633 2809 1868 2864 πολυάν-

269 2901 502 2973 θρωπον
551 2900 724 2970 δῆμον
795 2899 1198 2970 ἀπεργάζεται.
1252 2901 1692 2972 Καταλείψωμεν
1743 2901 1871 2964 τοὺς

268 2991 502 3056 ἔξωθεν,
541 2991 638 3045 καὶ
666 2990 994 3062 ἀπέλθωμεν
1022 2993 1104 3056 εἰς
1128 2990 1192 3046 τό
1211 2991 1322 3046 τῶν
1367 2993 1688 3064 τρισχιλίων
1736 2992 1868 3046 ὑπό-

265 3085 507 3154 δειγμα·
532 3084 595 3138 τὺ
623 3083 842 3154 πρῶτον
865 3084 976 3138 τῶν
1005 3085 1356 3156 Χριστιανῶν
1371 3083 1711 3156 ζηλὼσωμεν
1743 3084 1868 3138 σύν-

1975 1867 2170 1922 oribus
2206 1875 2471 1936 tauquam
2507 1865 2737 1937 organis
2774 1863 3108 1934 quibusdam
3140 1861 3449 1918 insonans:
3487 1857 3567 1913 Ne

1975 1973 2078 2012 nos
2120 1955 2410 2027 ipsos,qui
2447 1955 2664 2010 ratione
2708 1952 2926 2024 pratditi
2970 1966 3184 2018 sumus,
3216 1949 3566 2006 crudeliores

1974 2050 2155 2107 brutis
2193 2049 2558 2120 praebeamus.
2587 2045 2682 2102 illa
2715 2047 2990 2113 siquidem
3018 2045 3105 2100 his
3137 2058 3260 2114 quze
3293 2059 3362 2097 ex
3392 2041 3567 2096 humo

1974 2151 2171 2198 natura
2224 2141 2510 2212 producit,
2564 2141 2623 2196 in
2675 2154 2977 2196 commune
3031 2145 3288 2192 utuntur.
3342 2134 3478 2188 Nam
3510 2142 3563 2187 et

1972 2236 2157 2292 ovium
2220 2250 2418 2306 greges
2457 2249 2632 2290 unum
2679 2232 3046 2301 eamdemque
3095 2236 3346 2284 montem
3391 2225 3563 2295 depa-

1973 2340 2159 2398 scuut,
2213 2329 2380 2402 492
2425 2338 2482 2386 et
2533 2326 2818 2384 numerosi
2850 2326 2991 2397 'equi
3026 2325 3081 2379 in
3113 2338 3226 2378 uno
3257 2331 3312 2377 et
3366 2319 3562 2376 eodem

1972 2440 2168 2496 campo
2203 2424 2545 2496 pabulantur
2575 2440 2592 2491 ;
2633 2437 2698 2477 ac
2738 2421 2983 2492 denique
3010 2416 3342 2488 singulatim
3375 2414 3566 2470 omnia

1971 2518 2359 2575 necessarium
2393 2529 2588 2571 eorum
2625 2513 2832 2584 quibus
2866 2510 3136 2579 indi-gent,
3176 2521 3342 2563 usum
3373 2515 3564 2558 mutuo

1971 2609 2078 2667 sibi
2118 2609 2236 2680 ipsa
2275 2605 2616 2662 concedunt.
2666 2604 2736 2657 At
2784 2617 2887 2658 nos
2921 2615 3048 2670 quae
3082 2596 3397 2652 communia
3434 2601 3566 2648 sunt

1972 2704 2098 2759 sinu
2155 2710 2351 2757 nostro
2402 2711 2756 2760 coercemus,
2791 2701 2848 2750 et
2879 2707 3004 2762 qua:
3054 2690 3397 2752 multorum,
3447 2685 3564 2739 haec

1972 2794 2077 2850 soli
2110 2803 2392 2850 tenemus.
2425 2789 2644 2845 Pudore
2692 2802 2797 2844 nos
2853 2783 3094 2840 alliciant
3127 2796 3251 2853 quae
3280 2781 3350 2836 de
3383 2779 3566 2850 genti-

1972 2887 2108 2942 lium
2170 2883 2520 2940 humanitate
2571 2885 2977 2936 memorantur.
3015 2876 3151 2932 Nam
3199 2873 3344 2944 apud
3391 2886 3563 2942 quos-

1971 2979 2100 3036 dam
2133 2993 2326 3034 eorum
2362 2978 2449 3031 lex
2477 2971 2843 3030 humanitatis
2868 2971 3034 3042 plena
3061 2977 3168 3032 est,
3204 2958 3565 3023 uua‘eadcm-

1975 3087 2083 3143 que
2136 3084 2349 3133 mensa,
2397 3081 2730 3124 communes
2778 3065 2914 3126 cibi,
2979 3061 3126 3119 idem
3177 3060 3294 3116 fere
3365 3059 3565 3123 focus,

265 3193 488 3247 ταγμα,
520 3176 669 3240 ὅπως
697 3171 778 3246 ἦν
805 3177 1011 3243 αὐτοῖς
1072 3177 1311 3232 ἅπαντα
1371 3176 1545 3231 κοινά
1565 3193 1577 3206 ’
1613 3180 1640 3230 ὁ
1667 3176 1802 3248 βίος,
1832 3177 1866 3249 ἡ

1973 3163 2495 3220 numerosissimum
2535 3160 2742 3231 alioqui
2787 3159 3054 3230 populum
3108 3168 3283 3211 unum
3328 3167 3454 3208 esse
3487 3149 3568 3204 fa-

262 3268 460 3341 ψυχὴ,
494 3270 529 3340 η
586 3269 917 3340 συμφωνία,
967 3270 1001 3339 ἡ
1036 3269 1290 3341 τράπεζα
1341 3269 1535 3340 κοινή*
1561 3269 1868 3340 ἀδιαίρετος

264 3359 600 3431 ἀδελφότης,
641 3360 837 3430 ἀγάπη
903 3362 1292 3432 ἀνυπόκριτος,
1314 3362 1384 3416 τὰ
1411 3360 1585 3415 πολλὰ
1636 3360 1870 3431 σώματα

265 3449 336 3503 ἓν
360 3450 732 3520 ἐργαζόμενα,
763 3450 865 3514 τὰς
910 3451 1205 3520 διαφόρους
1252 3449 1434 3522 ψυχὰς
1461 3453 1543 3514 εἰς
1575 3450 1706 3521 μίαν
1733 3452 1867 3521 ὁμό-

264 3556 431 3593 νοιαν
461 3539 842 3611 συναρμοῢσα.
881 3540 1062 3594 Πολλὰ
1089 3541 1192 3609 τῆς
1228 3539 1587 3609 φιλαδελφίας
1635 3539 1783 3610 έχεις
1804 3541 1870 3594 ὲκ

265 3631 529 3696 Παλαιᾶς
555 3633 836 3705 Διαθήκης
867 3634 966 3687 καὶ
991 3635 1057 3686 ὲκ
1084 3637 1186 3704 τῆς
1214 3633 1364 3696 Νέας
1384 3632 1454 3686 τὰ
1470 3631 1865 3703 ὑποδείγματα.

265 3723 602 3795 Πρεσϐύτην
615 3724 710 3778 ἐὰν
725 3724 841 3796 ἴδῃς
863 3723 1221 3795 λιμώττοντα,
1249 3724 1601 3794 μεταστειλαι
1629 3725 1724 3778 καὶ¹
1744 3723 1871 3796 θρέ-

261 3818 462 3887 eme;
477 3816 675 3887 Ἰωσὴφ
698 3817 790 3870 τὸν
805 3815 1023 3872 Ἰακώϐ.
1040 3816 1264 3888 Ἐχθρὸν
1283 3816 1377 3870 ἐὰν
1393 3816 1562 3889 εὕρῃς
1582 3816 1768 3871 στενοῦ
1777 3834 1871 3888 με·

263 3927 389 3973 νον,
413 3911 488 3981 μὴ
505 3911 807 3981 ἐπιϐάλλῃς
822 3913 889 3981 τῇ
911 3909 1048 3982 ὀργῇ
1067 3912 1134 3981 τῇ
1157 3909 1466 3982 κατεχούσῃ
1483 3908 1581 3979 τὴν
1631 3909 1866 3978 ἄμυναν,

265 4002 417 4057 ἀλλὰ
438 4002 640 4073 θρέψον
691 4002 858 4056 αὑτὸν
875 4003 952 4065 ῶς
984 4003 1195 4065 ἐκεῖνος
1245 4003 1374 4065 τοὺς
1435 4001 1697 4069 ἀδελφοὺς
1742 4002 1871 4065 τοὺς

269 4096 666 4167 πωλήσαντας.
702 4096 830 4149 Ἐὰν
853 4094 1086 4166 ἐντύχῃς
1105 4094 1362 4165 νεωτέρῳ
1379 4093 1869 4162 καταπονουμένῳ,

238 4188 454 4270 ⁵οὕτως
499 4187 774 4258 δάκρυσον
802 4188 880 4250 ὡς
913 4188 1121 4251 ἐκεῖνος
1184 4185 1276 4239 τδν
1335 4185 1598 4254 Βενιαμὶν
1651 4184 1744 4238 τὸν
1771 4183 1869 4237 τοῦ

240 4277 462 4357 ξγήρως
490 4280 640 4332 υἱόν·
666 4279 927 4350 πειράζει
959 4278 1056 4332 καὶ
1089 4278 1150 4332 σὲ
1184 4278 1347 4349 τυχὸν
1373 4279 1406 4334 ἡ
1442 4276 1755 4341 πλεονεξίας
1791 4276 1868 4340 ὼς

265 4375 366 4424 τὸν
409 4369 608 4439 Ἰωσὴφ
641 4371 675 4439 ἡ
704 4370 969 4424 δέσποινα
1010 4370 1231 4424 εἵλκυσε
1277 4370 1388 4423 τῶν
1457 4370 1712 4440 ἱματίων,
1778 4370 1865 4424 ἵνα

265 4463 373 4529 τῆς
427 4461 648 4530 ἐντολῆς
695 4463 1160 4533 καταφρονήσῃςς
1193 4461 1499 4533 πρόσριώον
1527 4462 1596 4515 τὰ
1647 4462 1863 4530 ἱμάτια·

1970 3257 2146 3312 ciunt.
2206 3253 2315 3310 Sed
2370 3262 2633 3308 externos
2696 3253 3006 3315 mittamus,
3058 3257 3226 3318 atque
3259 3245 3328 3301 ad
3390 3243 3564 3299 trium

1970 3351 2191 3405 illorum
2215 3339 2370 3401 mille
2396 3345 2682 3400 hominum
2714 3340 3031 3413 exemplum
3055 3355 3158 3396 nos
3184 3336 3561 3394 conferamus:

1968 3443 2208 3514 primum
2269 3439 2398 3493 istic
2448 3437 2899 3492 Christianorum
2960 3446 3161 3501 agmen
3228 3429 3561 3484 imitemur:

1968 3528 2444 3604 quemadmodum
2487 3526 2670 3581 omnia
2705 3523 2818 3577 illis
2875 3519 3181 3576 communia
3211 3524 3367 3571 erant
3403 3514 3558 3586 (Act.

1970 3641 2031 3690 ιι,
2062 3623 2169 3690 M;
2220 3638 2294 3688 Iv,
2327 3620 2442 3689 δὲ),
2485 3619 2620 3681 vita,
2658 3618 2902 3682 animus,
2947 3611 3270 3678 concordia,
3310 3622 3565 3663 commu-

1971 3719 2058 3774 nis
2087 3730 2303 3781 mensa,
2338 3710 2620 3768 indivulsa
2654 3708 3001 3774 fraternitas,
3045 3704 3299 3761 charitas
3350 3716 3462 3757 non
3499 3701 3563 3754 fi-

1969 3822 2082 3878 cta,
2117 3825 2241 3881 quae
2271 3825 2339 3864 ex
2371 3805 2563 3863 multis
2619 3803 2952 3874 corporibus
2987 3815 3161 3855 ttnum
3203 3796 3466 3858 eiliceret,
3504 3801 3560 3849 et

1970 3905 2222 3959 diversas
2253 3900 2474 3955 animas
2500 3896 2817 3953 concordiae
2852 3910 3002 3950 nexu
3045 3898 3354 3962 coeptaret.
3389 3888 3560 3942 Multa

1973 3995 2068 4050 tibi
2106 4001 2308 4066 prasto
2339 4000 2473 4046 sunt
2511 3988 2765 4059 exempla
2809 3985 3132 4048 cbaritatis,
3195 3991 3306 4038 tum
3341 3997 3408 4036 ex
3453 3979 3563 4035 Vc-

1975 4088 2099 4152 teri,
2139 4094 2255 4138 tum
2315 4099 2380 4139 ex
2436 4081 2590 4137 Novo
2643 4079 3025 4136 Testamento.
3075 4075 3132 4130 Si
3186 4089 3373 4129 senem
3416 4070 3563 4124 fame

1971 4178 2286 4235 confectum
2333 4176 2568 4242 videris,
2605 4175 2754 4228 hunc
2805 4184 3031 4226 accerse
3059 4176 3113 4222 et
3149 4168 3257 4230 ale,
3294 4163 3564 4237 quemad-

1971 4271 2196 4326 modum
2247 4267 2455 4339 Josepb
2502 4266 2698 4322 Jacob.
2756 4264 2814 4318 Si
2852 4263 3140 4317 inimicum
3181 4261 3239 4314 in
3269 4258 3562 4329 angustias

1972 4367 2260 4424 redactum
2311 4364 2618 4430 inveneris,
2680 4377 2750 4418 ne
2803 4358 3110 4415 iracundiae
3147 4372 3258 4429 qua
3317 4354 3562 4426 percitus

1973 4471 2080 4526 est,
2137 4460 2404 4515 ultionem
2443 4456 2755 4527 adiungas;
2815 4452 2915 4509 sed
2968 4451 3146 4522 ipsum
3201 4449 3307 4514 ale,
3372 4457 3432 4502 ut
3473 4445 3565 4502 ille

267 4550 516 4619 φύλαξον
546 4551 626 4622 τῷ
655 4553 850 4623 Κυρίῳ
879 4552 978 4624 τὴν
1034 4553 1242 4620 πίστιν,
1275 4557 1354 4614 ὼς
1403 4552 1615 4615 ἐκεῖνος
1645 4550 1721 4620 τῷ
1752 4555 1858 4605 Πε-

1972 4521 2172 4605 fratres
2234 4565 2264 4604 a
2293 4521 2806 4620 quibus-venditus
2862 4521 3063 4596 fuerat.
3115 4539 3174 4592 Si
3211 4538 3266 4591 in
3301 4537 3561 4606 juvenem

267 4643 473 4714 τεφρή.
517 4643 607 4697 Ἐν
635 4643 871 4715 ἐνιαυτῷ
932 4645 1032 4716 τὴν
1068 4644 1280 4698 ἔνδειαν
1335 4645 1722 4716 οίκονόμησον,
1784 4646 1862 4710 ὡς

1972 4659 2220 4699 aerumna
2263 4650 2319 4698 et
2374 4641 2563 4696 labore
2604 4651 2863 4710 pressum
2914 4631 3210 4693 incideris,
3256 4629 3340 4684 sic
3388 4628 3563 4681 colla-

269 4737 485 4799 ἐκεῖνος
513 4737 572 4790 ὲν
594 4739 708 4802 τοῖς
737 4737 896 4793 ἑπτά.
939 4801 942 4804 _

1972 4753 2185 4810 cryma,
2224 4746 2284 4792 ut
2313 4735 2406 4790 ille
2431 4735 2502 4790 ob
2533 4731 2820 4806 Benjamin
2852 4744 3015 4801 quem
3058 4741 3228 4782 senex
3254 4729 3414 4795 pater
3443 4722 3564 4775 edi-

271 4827 456 4884 derat.
493 4829 640 4896 Qnin
694 4840 750 4888 te
794 4831 1058 4890 fortassis
1100 4848 1324 4904 quoque
1375 4842 1550 4890 tentat
1583 4834 1858 4888 avaritia?
1889 4835 1968 4888 uti
2010 4834 2319 4905 Josephum
2353 4832 2486 4888 hera
2529 4837 2586 4888 te
2635 4827 2884 4885 vestibus
2946 4822 3138 4888 trahit,
3193 4829 3255 4874 ut
3327 4817 3563 4873 manda~

273 4933 398 4979 tum
432 4924 524 4981 Dei
558 4943 660 4996 pro
697 4929 888 5014 nihilo
929 4929 1143 4986 ducas?
1189 4930 1402 5002 projice
1433 4937 1653 4994 vestes,
1679 4931 1856 4987 iratus
1909 4929 2190 4998 abscede,
2247 4928 2408 4983 ﬁdem
2442 4941 2602 4983 serva
2641 4923 2916 4988 Domino,
2959 4929 3020 4976 ut
3058 4918 3151 4972 ille
3224 4913 3560 4986 Putipbari;

265 5021 336 5076 in
366 5038 482 5078 uno
511 5039 659 5079 anno
685 5033 1038 5097 grassantem
1083 5035 1387 5097 egestatem
1419 5027 1773 5092 administra,
1802 5035 1864 5082 ut
1906 5026 2000 5082 ille
2036 5034 2248 5096 septem
2282 5025 2472 5080 annis.
3550 5065 3558 5074 .

348 5118 416 5172 Τί
448 5117 683 5190 ὕποτίθῃ
707 5119 963 5190 ἀφορμὴν
1022 5119 1384 5190 εὐπρόσωπον
1417 5122 1499 5184 είς
1543 5122 1643 5192 τὴν
1675 5123 1863 5192 ἁμαρ-

2041 5117 2321 5188 Ejusdem.
2352 5147 2424 5158 ——
2453 5114 2600 5183 Quid
2639 5111 2995 5186 plausibilem
3046 5121 3276 5163 causam
3328 5104 3398 5160 ad
3433 5117 3562 5174 pec-

275 5212 436 5278 τίαν;
463 5213 493 5265 ὁ
517 5211 608 5264 τὸν
641 5211 806 5264 παῖδα
835 5211 1092 5283 ποιήσας,
1147 5213 1242 5266 καὶ
1277 5213 1336 5266 σὲ
1364 5213 1644 5284 ἐποίησεν.
1680 5215 1749 5266 ’Ὀ
1782 5229 1866 5266 σοι

1972 5211 2216 5266 tandum
2248 5210 2451 5280 fingis?
2477 5208 2582 5275 Qui
2615 5217 2670 5263 te
2695 5205 2930 5268 creavit,
2959 5202 3104 5257 idem
3135 5199 3307 5254 lilium
3337 5210 3563 5268 quoque

273 5306 379 5369 τὰς
409 5304 667 5376 ἀφορμὰς
692 5304 1092 5375 παρεχόμενος,
1113 5305 1306 5376 καὶτῷ
1336 5306 1490 5360 παιδὶ
1511 5305 1742 5379 παρέξει
1766 5307 1867 5371 τὰς

1973 5308 2132 5354 tuum
2190 5298 2422 5354 creavit.
2467 5295 2574 5363 Qui
2633 5296 2759 5350 vitae
2815 5290 3085 5362 degendae
3147 5288 3399 5377 subsidia
3458 5285 3558 5341 tibi

274 5398 376 5454 τοῦ
409 5397 528 5470 βίου
557 5395 925 5467 διεξαγωγάς.

1975 5391 2233 5464 praebuit,
2271 5390 2418 5446 idem
2449 5402 2678 5460 quoque
2707 5388 3095 5444 instrumenta
3121 5384 3236 5438 tilio
3271 5380 3559 5446 prabebit,

1971 5485 2180 5556 quibus
2212 5483 2385 5537 vitam
2413 5481 2686 5553 transigat
2857 5553 2864 5558 I
3197 5521 3208 5546 ,

2048 5575 2248 5652 Ejusd.
2280 5605 2352 5617 ——
2380 5574 2460 5630 Ne
2496 5575 2712 5630 liberos
2753 5585 3030 5634 causeris.
3057 5585 3093 5624 ο
3143 5583 3331 5624 avare.
3369 5563 3558 5642 Liberi

1971 5667 2070 5722 tibi
2115 5668 2294 5722 sunt?
2334 5663 2739 5738 sempiternum
2787 5666 2927 5735 ipsis
2974 5664 3300 5719 thesaurum
3324 5660 3558 5730 ’a‘ggere.

1969 5759 2290 5815 .Thesaurus
2325 5767 2511 5816 autem
2547 5758 2912 5830 pectmiarum
2956 5757 3153 5826 plenus
3184 5762 3240 5809 et
3269 5767 3434 5824 opum
3468 5757 3557 5809 est

1972 5853 2165 5924 pietas.
2227 5851 2384 5911 Filiis
2443 5854 2557 5912 tuis
2609 5854 2815 5910 bonum
2850 5849 3042 5922 potius
3107 5861 3330 5914 nomen,
3389 5857 3554 5917 quam

349 5575 448 5646 Μὴ
483 5576 826 5647 προφασίζου
872 5577 1002 5641 τοὺς
1033 5578 1248 5642 παῖδας,
1269 5581 1299 5635 δ
1328 5578 1680 5652 πλεονέκτης.
1730 5583 1867 5636 Παῖ-

279 5669 374 5733 δές
427 5671 617 5737 slew;
673 5670 978 5742 θησαύριζε
1035 5673 1234 5743 αὐτοῖςι
1286 5671 1565 5744 θησαυρὸν
1622 5672 1862 5729 αἰώνιον.

280 5759 572 5833 Θησωρὸς
599 5761 658 5816 δέ
705 5766 856 5816 ἐστιν
881 5763 1138 5840 εὐσέϐεια
1196 5765 1517 5834 χρημάτων.
1553 5767 1868 5822 Κατάλειπε

289 5851 477 5906 παισὶν
505 5851 719 5924 ἀγαθὴν
755 5854 1012 5925 μνήμην,
1043 5853 1076 5925 ἢ
1106 5854 1338 5910 πλοῦτον
1401 5855 1591 5913 πολύν.
1653 5857 1870 5921 Πάντας
