4028 6404
221 381 356 449 1501
1510 388 1749 450 SACRA
1787 389 1801 449 1

1915 388 2250 450 [Δῐιιὲιε.
3375 381 3512 448 1502

218 504 316 558 λον
344 502 568 576 μακρὰν
601 501 889 575 ὑπάρχων,
933 506 1032 561 καὶ
1053 504 1251 575 ψεῦδος
1280 504 1466 576 ἑαυτῷ
1514 520 1801 576 προσμαρε

1917 504 2178 561 andiens.
2207 503 2354 561 Cum
2385 513 2570 562 autem
2621 520 2860 578 magnus
2891 504 2986 562 ille
3007 502 3268 560 medicus
3294 502 3507 556 anima-

217 598 488 669 τυρήσας,
531 598 614 652 δτι
681 598 982 668 ἠγάπησας
1037 598 1132 650 τὸν
1174 597 1406 669 πλησίον
1436 596 1510 660 ὡς
1557 595 1801 662 σεαυτὸν1

1915 611 2038 651 rum
2071 605 2128 654 te
2160 599 2458 669 prmipuis
2491 599 2746 671 partibus
2781 608 3062 657 carentem
3096 595 3329 652 reddere
3367 595 3507 649 inte-

219 690 317 744 καὶ
345 690 430 743 ὅτι
457 690 737 760 ἑφύλαξας
761 692 827 744 ix
857 689 1118 760 νεότητος
1139 690 1242 761 τὴν
1285 688 1510 758 ἐντολὴν
1541 689 1642 760 τῆς
1670 688 1801 757 ἁγά-

1915 688 2108 756 striati
2137 689 2318 760 cupit,
2351 689 2691 746 beneﬁcium
2722 689 2874 746 istud
2905 704 3018 746 non
3050 687 3285 758 accipis,
3315 685 3410 748 sed
3449 683 3504 738 in

219 797 352 852 πης,
377 783 478 836 καὶ
501 782 763 837 τοσοῦτον
820 782 1116 847 ἀπέδωκας
1177 782 1418 853 ἑκάστῳ.
1450 780 1626 836 Πόθεν
1661 796 1748 836 σοι
1775 782 1801 852 ἡ

1915 778 2061 833 luet-
2119 787 2182 835 et
2235 795 2484 838 marore
2545 781 2820 848 versaris,
2877 791 3045 850 atque
3102 779 3239 835 adeo
3290 777 3361 832 ab
3408 775 3505 829 illo

217 872 334 926 τῶν
381 875 684 945 χρημάτων
711 875 853 946 αὓτη
917 874 1207 946 περιουσία
1236 892 1252 941 ;
1282 873 1652 945 δαπανητικδν
1697 872 1801 944 γὰρ

1915 871 2182 928 mandato
2232 873 2407 930 dubio
2458 874 2655 945 procul
2715 882 2964 930 remotus
3001 888 3099 935 es,
3145 870 3398 940 falsoque
3431 867 3506 922 de

219 963 482 1030 πλούτου,
511 968 548 1038 ἠ
585 965 859 1039 θεραπεία
880 965 994 1020 τῶν
1028 966 1328 1037 δεομένων.

1915 963 2098 1034 teipse
2154 971 2398 1021 testatas
2451 965 2605 1036 quod
2656 965 2971 1035 proximum
3017 973 3174 1018 tuum
3223 962 3371 1018 sicut
3422 967 3502 1013 te-

216 1056 405 1128 ipsum
439 1059 700 1116 dilexeris
721 1099 736 1125 ,
769 1059 1034 1130 quodque
1076 1069 1411 1131 praceplum
1441 1057 1734 1114 charitatis
1757 1056 1873 1127 jam
1913 1056 1986 1110 ab
2011 1056 2392 1113 adolescentia
2419 1058 2732 1114 servaveris
2752 1098 2770 1126 ,
2806 1071 2872 1112 ac
2903 1054 3248 1135 tantumdem
3285 1049 3504 1107 unicui-

215 1167 329 1221 que
359 1159 633 1222 quantum
653 1151 754 1206 tibi
780 1151 1112 1208 reddideris.
1155 1151 1314 1210 Unde
1344 1153 1445 1209 tibi
1479 1154 1606 1209 haec
1632 1149 1998 1223 pecuniarum
2047 1151 2255 1223 copia?
2311 1152 2562 1210 studium
2611 1152 2761 1209 enim
2839 1161 2969 1222 erga
3031 1159 3300 1220 pauperes
3357 1143 3499 1202 hanc

213 1252 328 1306 vim
363 1250 562 1316 habet,
595 1257 655 1304 ut
683 1249 908 1305 divitias
937 1249 1252 1306 exhauriat.

291 1344 357 1396 Τί
381 1343 645 1412 πάσχετε,
683 1343 1002 1416 ἄνθρωπος
1032 1344 1118 1409 τίς
1181 1346 1315 1414 ὑμῖν
1343 1345 1416 1400 τὰ
1448 1345 1704 1417 ὑμέτερα
1731 1343 1801 1407 είς

2001 1337 2554 1405 Ibid.-—Quiduam
2605 1338 2804 1404 vobis,
2853 1351 2889 1391 ο
2927 1333 3218 1399 mortales,
3269 1330 3505 1388 accidit?

215 1436 317 1506 τὴν
367 1434 492 1488 καθ’
541 1434 702 1505 ἡμῶν
762 1434 1064 1506 ἐπιϐουλὴν
1118 1435 1499 1507 περιέτρεψεν,
1568 1433 1801 1505 συνεργὰ

1915 1431 2038 1500 quis
2092 1430 2255 1486 vobis
2297 1445 2363 1486 ea
2424 1446 2550 1501 quae
2604 1429 2672 1484 ad
2723 1426 3044 1485 subsidium
3088 1425 3216 1480 vitae
3243 1423 3410 1486 data,
3445 1421 3506 1476 in

218 1526 361 1597 πρὸς
389 1526 453 1580 τὸ
489 1523 630 1596 Cipi;
670 1526 748 1596 μὴ
785 1525 898 1596 γὰρ
934 1526 1127 1596 ἐφόδια
1157 1527 1348 1581 κακῶν
1370 1526 1530 1596 ἐδόθη
1571 1527 1642 1580 τὰ
1670 1525 1801 1596 χρή-

1915 1530 2155 1577 vestra
2205 1521 2511 1592 perniciem
2566 1519 2898 1577 convertit?
2946 1517 3302 1588 Nequaquam
3357 1512 3504 1568 enim

218 1633 394 1686 ματα,
442 1614 640 1686 λύτρον
668 1616 851 1688 ψυχῆς
879 1635 894 1683 ;
938 1618 1012 1689 μὴ
1045 1617 1156 1688 γὰρ
1221 1618 1447 1690 ἀφορμὴ
1478 1618 1758 1680 ἀπωλείας
1787 1633 1801 1683 ;

1916 1613 1984 1668 ad
2017 1613 2278 1670 vitiorum
2316 1613 2719 1668 adminiculum
2755 1626 2892 1682 opes
2937 1623 3222 1688 concessa:
3254 1605 3502 1667 fuerunt,

215 1709 322 1777 ὅρα
353 1707 428 1778 μὴ
455 1707 594 1778 μετὰ
625 1707 838 1780 μυρίων
868 1710 1047 1763 πόνων
1077 1709 1311 1764 πλοῦτον
1349 1709 1635 1782 ἁθροίσας,
1673 1708 1801 1780 ὓλην

1916 1703 2126 1773 quibus
2176 1704 2364 1759 anima
2417 1704 2752 1760 redimitur?
2786 1715 3140 1774 nequaquam
3186 1697 3294 1754 illac
3327 1696 3506 1780 perdi-

215 1798 639 1869 ἁμαρτημάτων
671 1800 884 1870 ἑτέροις
938 1803 1395 1875 παρασκευάσῃς,
1426 1799 1546 1856 εἶτα
1577 1802 1801 1874 εὑρεθῇς

1917 1796 2089 1852 tionis
2139 1812 2328 1853 causa:
2381 1797 2550 1854 sunt?
2608 1796 2744 1851 Vide
2783 1811 2888 1863 ne,
2929 1810 3057 1851 cum
3104 1791 3333 1848 divitias
3368 1804 3504 1843 sex-

213 1891 386 1945 διπλᾶ
404 1890 846 1963 τιμωρούμενος.

253 2147 479 2213 ,Πάντα
527 2148 728 2220 χρυσὸν
769 2148 992 2220 βλέπεις
1023 2166 1037 2181 ⁸
1073 2151 1254 2208 πάντα
1294 2153 1498 2225 χρυσὸν
1537 2155 1807 2227 φαντάζῃ.

209 2239 388 2294 Τοῦτό
406 2258 488 2294 σοι
517 2241 832 2296 καθεύδοντι
861 2242 1136 2311 ἐνύπνιον,
1166 2245 1262 2300 καὶ
1299 2247 1629 2318 ἐγρηγορότι
1649 2247 1810 2301 ἐνθύ-

210 2352 360 2404 μιον.
388 2335 606 2405 Ὠσπερ
649 2333 760 2406 γὰρ
787 2337 838 2388 οί
870 2335 979 2388 ἀπὸ
1014 2336 1213 2407 μανίας
1268 2338 1616 2408 παράφοροι,
1649 2341 1710 2394 ού
1739 2339 1811 2394 τὰ

207 2427 530 2497 πράγματα
565 2425 886 2498 βλέπουσιν,
911 2427 1050 2482 ἀλλὰ
1075 2429 1147 2483 τὰ
1182 2431 1247 2484 ὲκ
1277 2430 1370 2484 τοῦ
1404 2431 1614 2496 πάθους
1671 2449 1809 2501 φαν-

203 2519 490 2586 τάζονται,
524 2518 702 2581 οὕτως
735 2537 832 2574 σου
861 2521 896 2591 ἡ
919 2519 1066 2592 ψυχὴ
1101 2524 1160 2593 τῇ
1191 2522 1606 2596 φιλοχρηματίᾳ
1635 2541 1808 2579 κατα-

205 2613 504 2683 meum,
559 2611 742 2667 πάντα
797 2614 1030 2684 χρυσὸν,
1066 2616 1248 2669 πάντα
1300 2617 1544 2688 ἄργυρον
1591 2617 1806 2688 βλέπει.

205 2705 404 2760 Ἥδιον
429 2703 496 2761 ἂν
531 2705 664 2771 ἴδοις
681 2704 774 2760 τὸν
794 2705 1020 2778 χρυσὸν,
1055 2706 1090 2778 ἢ
1120 2709 1212 2762 τὸν
1239 2708 1418 2780 ἥλιον.

278 2874 684 2950 Ἀλληλοφάγοι
709 2879 819 2936 τῶν
867 2880 1070 2952 ἰχθύων
1107 2882 1160 2935 οἱ
1201 2884 1474 2949 πλεῖστοι,
1526 2885 1621 2938 καὶ
1655 2887 1684 2939 ὁ
1720 2903 1807 2956 μι-

202 2970 478 3044 κρότερος
531 2973 662 3043 παρ’
701 2971 935 3037 ἐκείνοις
977 2971 1178 3044 βρῶμά
1232 2975 1350 3028 ἐστι
1396 2973 1491 3027 τοῦ
1535 2974 1806 3047 μείζονος.

201 3064 328 3119 Κᾶν
356 3081 488 3117 ποτε
517 3059 702 3136 συμϐῇ
719 3065 810 3118 τὸν
834 3064 930 3118 τοῦ
974 3065 1262 3129 ἐλάττονος
1295 3067 1654 3137 κρατήσαντα
1685 3068 1805 3120 ἐτέ-

1913 1885 2098 1942 centis
2132 1885 2426 1944 laboribus
2457 1885 2834 1942 cumulaveris
2857 1924 2872 1948 ,
2912 1881 3180 1955 peccandi
3211 1880 3502 1936 materiam

1912 1975 2039 2030 aliis
2086 1989 2429 2046 compares,
2501 1984 2732 2047 tumque
2797 1973 3055 2046 duplices
3122 1987 3318 2044 pmnas
3377 1986 3506 2041 per.

1914 2067 2126 2126 solvas.

1980 2157 2179 2228 Ejusd.
2227 2159 2416 2215 Itomil.
2469 2159 2549 2215 De
2598 2160 2801 2215 ararit.
2833 2190 2902 2201 —
2935 2156 3086 2214 Nihil
3140 2171 3253 2212 non
3303 2169 3508 2210 aurum.

1910 2266 2040 2310 esse
2067 2251 2260 2318 vides;
2311 2253 2454 2308 nihil
2488 2267 2600 2308 non
2636 2268 2830 2307 aurum
2876 2266 3006 2308 esse
3050 2249 3149 2306 tibi
3183 2250 3368 2304 animo
3399 2248 3508 2301 lin-

1911 2344 2020 2413 gis.
2055 2342 2173 2400 Hoc
2202 2345 2492 2401 dormiens
2539 2345 2824 2409 somnias,
2861 2354 2917 2400 et
2949 2343 3228 2414 vigilando
3259 2341 3502 2411 cogitas.

1909 2435 2072 2492 Velut
2093 2438 2242 2494 enim
2275 2439 2314 2494 ii
2334 2440 2430 2509 qui
2455 2437 2648 2494 furore
2675 2437 2874 2509 perciti
2905 2447 3058 2502 sunt,
3089 2450 3202 2492 non
3235 2449 3326 2490 ros
3353 2434 3506 2503 ipsas

1909 2538 2152 2586 cernunt
2173 2569 2189 2595 ,
2218 2532 2320 2588 sed
2349 2547 2412 2587 ea
2445 2548 2570 2602 quae
2602 2531 2833 2588 morbus
2859 2530 3056 2600 objicit
3085 2527 3504 2599 imaginantur:

1910 2624 1991 2688 sic
2025 2623 2254 2680 animus
2290 2631 2422 2680 tuus
2461 2625 2698 2681 avaritia
2738 2632 3058 2694 correptus,
3111 2621 3373 2676 universa
3398 2635 3508 2674 au-

1910 2731 2073 2781 rum,
2134 2716 2396 2772 universa
2451 2724 2746 2788 argentum
2797 2716 2980 2772 videt.
3019 2713 3167 2780 Quin
3219 2712 3512 2768 lubentius

1911 2820 2106 2860 aurum
2130 2821 2295 2876 quam
2325 2806 2494 2862 solem
2526 2805 2921 2876 conspexeris.

1981 2897 2179 2970 Ejusd.
2211 2899 2402 2956 homil.
2435 2900 2470 2954 6
2499 2901 2557 2955 in
2590 2901 2855 2958 licuerit.
2877 2929 2949 2940 —-
2976 2898 3166 2954 Pisces
3205 2911 3410 2968 magna
3432 2911 3508 2952 ex

1910 2999 2069 3062 parte
2096 3007 2222 3049 sese
2257 2992 2506 3049 invicem
2537 3001 2744 3048 vorant
2763 3033 2779 3056 ,
2808 2999 2865 3048 et
2889 2991 2988 3062 qui
3018 2987 3168 3060 apud
3192 3004 3291 3044 eos
3321 2988 3514 3043 minor.

1910 3089 2028 3150 est,
2061 3082 2291 3154 majoris
2337 3083 2524 3154 prada
2573 3092 2629 3140 et
2666 3084 2930 3155 pabulum
2985 3089 3094 3138 est.
3127 3080 3287 3147 Quod
3315 3080 3363 3135 si
3404 3093 3504 3134 ea-

201 3175 304 3228 ρου
336 3156 592 3226 γενέσθαι
621 3159 870 3230 θήραμα,
901 3158 1007 3212 ὑπὸ
1031 3157 1132 3231 τὴν
1163 3158 1294 3228 μίαν
1315 3159 1540 3228 ἄγονται
1562 3161 1801 3231 γαστέρα

1915 3190 2010 3231 sus
2037 3175 2114 3229 ita
2163 3176 2356 3232 tulerit
2391 3186 2450 3231 ut
2502 3176 2598 3246 qui
2633 3177 2909 3232 minorem
2953 3174 3126 3247 494
3165 3173 3502 3244 arripuerit.

198 3250 298 3305 τοῦ
334 3251 675 3307 τελευταίου.
700 3253 766 3306 Τί
801 3249 897 3308 οὖν
953 3255 1119 3325 ἡμεῖς
1143 3255 1193 3308 oi
1227 3253 1532 3327 ἄνθρωποι,
1586 3256 1716 3312 ἄλλο
1750 3276 1802 3312 τι

198 3345 472 3416 ποιοῦμεν
495 3349 562 3418 τῇ
607 3346 1050 3420 καταδυναστείᾳ
1096 3347 1210 3402 τῶν
1258 3349 1674 3422 ὑποδεεστέρων
1706 3367 1721 3417 ;
1750 3353 1804 3406 τί

197 3437 460 3509 διαφέρει
478 3438 574 3492 τοῦ
599 3439 911 3494 τελευταίου
953 3439 1138 3510 ίχθύος
1159 3442 1188 3494 ὁ
1209 3443 1278 3512 τῇ
1311 3440 1618 3514 λαιμάργῳ
1651 3444 1804 3513 φιλο-

197 3531 442 3602 πλουτίᾳ
503 3534 618 3594 τοῖς
685 3531 1041 3604 ἀπληρώτοις
1099 3532 1204 3603 τῆς
1263 3533 1586 3602 πλεονεξίας
1635 3535 1804 3590 αὑτοῦ

197 3623 434 3686 κόλποις
465 3622 902 3696 ὲναποκρύπτων
963 3627 1093 3690 τοὺς
1120 3625 1374 3690 ἀσθενεῖς
1389 3644 1412 3692 .;
1450 3628 1661 3692 ὲηίνος
1685 3625 1804 3700 εἶχε

195 3716 268 3770 τὰ
302 3714 401 3770 τοῦ
430 3715 688 3784 πένητος,
711 3717 776 3771 σὺ
801 3716 1018 3771 τούτων
1038 3717 1221 3773 λαϐὼν
1253 3717 1423 3790 μέρος
1441 3721 1690 3792 ἐποιήσω
1705 3721 1803 3792 τῆς

198 3807 552 3879 περιουσίας,
596 3809 802 3865 ἀδίκων
846 3807 1206 3882 ἀδικώτερος,
1242 3810 1578 3865 πλεονέκτου
1609 3812 1804 3867 πλεον-

197 3901 599 3974 εκτικὼτερος.
633 3903 778 3975 Ὅρα
829 3904 904 3975 μή
955 3921 1016 3957 σε
1062 3903 1125 3958 τὸ
1155 3904 1289 3958 αὐτὸ
1342 3906 1522 3976 πέρας
1567 3906 1798 3978 ἑκδέξη-

194 4012 321 4060 ται,
354 3994 654 4066 ἄγκιστρόν
712 4009 841 4059 που,
869 3995 902 4067 ἢ
938 3996 1174 4067 κύρτος,
1207 3995 1241 4067 ἢ
1276 3996 1514 4052 δίκτυον.
1571 3998 1800 4062 Πάντως

194 4085 317 4156 γὰρ
346 4086 445 4140 καὶ
467 4088 632 4157 ἡμεῖς
681 4086 855 4140 πολλὰ
903 4086 1014 4141 τῶν
1041 4087 1249 4142 ἀδίκων
1276 4087 1659 4156 διεξελθόντες,
1697 4088 1800 4160 τὴν

193 4177 543 4238 τελευταίων
571 4177 847 4250 τιμωρίαν
867 4177 970 4236 οὐκ
989 4177 1437 4249 ἀποδρασόμεθα.

1906 3267 2140 3321 alterius
2200 3268 2384 3337 praeda
2417 3269 2530 3331 sit,
2593 3268 2649 3322 in
2709 3283 2881 3322 unum
2927 3277 2983 3322 et
3033 3268 3326 3332 eumdem,
3399 3279 3516 3334 po-.

1909 3358 2098 3414 stremi
2121 3358 2346 3429 utique,
2379 3368 2632 3414 ventrem
2669 3366 2906 3429 uterque
2935 3357 3185 3412 ducitur.
3220 3355 3504 3425 Quid‘igio

1907 3458 2002 3504 tur
2043 3465 2149 3506 nos
2179 3449 2336 3505 aliud
2393 3450 2649 3506 homines
2707 3450 2966 3521 agimus,
3023 3461 3150 3502 cum
3203 3445 3503 3501 inferiores

1909 3541 2322 3613 opprimimus?
2349 3543 2484 3613 quid
2510 3544 2654 3598 inter
2693 3543 2843 3598 hunc
2885 3549 3230 3612 postremum
3260 3539 3501 3609 piscem,

1913 3644 2117 3690 etcum
2181 3635 2464 3692 hominem
2519 3635 2786 3702 interest,
2837 3634 2932 3706 qui
2969 3631 3278 3689 insatiabili
3333 3639 3508 3699 opum

1910 3725 2230 3796 cupiditate
2260 3727 2408 3782 intra
2451 3727 2840 3782 vastissimum
2876 3724 3132 3780 avaritia:
3177 3723 3361 3780 sinum
3397 3721 3512 3775 inv

1907 3815 2136 3874 booilles
2198 3820 2477 3876 includit?
2530 3818 2625 3876 llle
2669 3820 2932 3891 pauperis
2988 3817 3283 3874 facultates
3331 3827 3506 3870 oceu-

1904 3911 2100 3978 pabat,
2134 3922 2193 3967 tu
2222 3928 2292 3968 ex
2325 3913 2738 3984 eis-accipiens
2786 3911 3120 3968 substantiae
3148 3917 3257 3965 tum
3288 3916 3514 3980 partem-

1902 3999 2126 4070 l‘ecisti,
2167 4013 2336 4075 teque
2381 4005 2603 4076 'injusto
2655 4004 3046 4074 injustiorem;
3072 4009 3127 4057 et
3179 4015 3348 4055 avaro
3378 4007 3507 4053 ava-

1903 4091 2110 4148 riorem
2141 4094 2449 4163 praebuisti.
2488 4093 2712 4150 Videsis
2741 4107 2812 4150 ne
2843 4100 2898 4148 te
2926 4093 3051 4149 ﬁnis
3077 4093 3222 4148 idem
3257 4077 3508 4152 manent,

1910 4183 2020 4240 hoc
2047 4194 2172 4252 est,
2215 4186 2481 4243 fortassis
2539 4188 2773 4254 hamus,
2801 4187 2896 4244 vel
2947 4201 3047 4243 vas
3101 4184 3500 4257 piscatorium,

193 4269 291 4334 νγι
324 4275 460 4324 rete.
495 4267 741 4326 Prorsus
773 4269 926 4326 enim
979 4284 1122 4338 nos,
1184 4286 1312 4327 cum
1347 4286 1445 4340 per
1500 4270 1676 4326 muita
1757 4270 2056 4343 iniustitia
2083 4293 2287 4350 genera
2345 4281 2588 4352 grassati
2660 4281 2899 4346 erimus,
2953 4278 3206 4333 ultimam
3277 4287 3497 4346 paruam

193 4381 318 4422 non
347 4364 706 4435 effugiemus.

181 4475 187 4498 ι
289 4461 344 4516 '0
376 4460 472 4514 τὸν
501 4461 562 4528 ἐξ
595 4461 814 4525 ἀδικίας
859 4461 1226 4534 ἠθροισμένον
1273 4463 1546 4530 πλοῦτον,
1611 4465 1804 4536 ἱκανὴν

1985 4459 2268 4532 Ejusdem.
2296 4489 2368 4504 --
2392 4459 2500 4526 Qui
2548 4473 2682 4530 opes
2723 4458 2942 4530 iniquis
2986 4455 3302 4512 rationibus
3329 4454 3500 4510 colle.

197 4554 387 4624 ἑαυτῷ
401 4552 542 4625 πρὸς
567 4553 630 4607 τὸ
649 4551 860 4624 ίσχύειν
888 4553 984 4608 καὶ
1001 4557 1227 4626 κρατεῖν
1247 4555 1506 4626 ἀφορμὴν
1520 4550 1662 4611 εἶναι
1679 4556 1799 4628 κρίο

1915 4565 2030 4612 etas
2061 4553 2284 4608 ﬁrmum
2321 4551 2431 4607 sibi
2469 4551 2539 4606 ad
2573 4552 2746 4607 robur
2789 4560 2846 4607 et
2882 4551 3181 4622 potentiam
3211 4561 3337 4603 esse
3367 4545 3499 4600 sub-

196 4665 334 4710 νων,
359 4645 547 4716 ὅμοιός
595 4647 750 4699 ἐστιν
797 4646 1070 4718 ἀρρώστῳ
1095 4647 1164 4704 ὲν,
1185 4650 1254 4719 τῇ
1286 4648 1558 4720 περουσίᾳ
1586 4649 1689 4721 τῆς
1715 4650 1802 4703 νό-

200 4757 302 4794 σου
343 4739 446 4810 τὴν
479 4738 699 4806 εὐεξίαν
719 4738 1017 4811 τιθεμένῳ.

286 4832 417 4886 Ἐὰν
460 4831 581 4902 ἴδῃς
605 4830 730 4886 τινὰ
763 4830 879 4885 τῶν
921 4831 1468 4904 ύττερπλουτούντων,
1503 4833 1579 4905 μὴ
1615 4851 1802 4904 μακα-

201 4925 372 4998 ρίσῃς
423 4923 524 4994 τὴν
579 4924 754 4994 ζωήν.
795 4923 923 4978 Ἐὰν
961 4924 1302 4996 πολλαχόθεν
1334 4925 1394 4992 εξ
1414 4925 1667 4994 ἀφθόνων
1695 4943 1802 4996 πη-

197 5015 321 5085 γῶν
350 5015 720 5087 περιρεκηται
771 5016 1052 5087 χρήματα,
1087 5015 1163 5088 μὴ
1199 5017 1472 5091 προσδέξῃ
1493 5018 1664 5073 αὐτοῦ
1699 5021 1800 5090 τὴν

198 5108 556 5178 περιουσίαν.
596 5108 829 5178 Ἥευστὴ
853 5110 886 5178 ἡ
921 5110 1088 5178 φύσις
1119 5108 1218 5163 τοῦ
1272 5109 1529 5177 πλούτου,
1563 5113 1799 5186 χειμάρ-

201 5203 309 5272 ρου
338 5199 598 5270 ὀξύτερον
619 5200 752 5265 τοὺς
769 5201 993 5271 ἔχοντας
1015 5203 1356 5276 παρατρεχει
1373 5221 1388 5233 '
1425 5205 1617 5260 ἄλλοτε
1637 5206 1797 5261 ἄλλον

197 5291 428 5362 πέφυκε
441 5291 912 5363 παραμείεεσθαι.
938 5294 1154 5366 Ὥσπερ
1179 5295 1431 5366 ποταμὸς
1459 5297 1552 5367 ἀφ’
1587 5295 1796 5369 ὑψηλοῦ

198 5383 540 5454 φερόμενος,
597 5383 808 5452 ἐγγίζει
849 5385 951 5457 μὲν
1002 5389 1117 5452 τοῖς
1179 5389 1500 5460 παρεστῶσι
1529 5394 1602 5462 τῇ
1635 5391 1797 5462 ὄχθῃ,

195 5471 340 5543 ὁμοῦ
359 5473 418 5528 δὲ
441 5473 642 5542 ἥψατο,
696 5478 789 5530 καὶ
809 5477 978 5540 εὐθὺς
1022 5479 1412 5552 ἀπεχώρησεν,
1445 5481 1591 5540 οὕτω
1637 5485 1732 5538 καὶ
1762 5485 1796 5554 ὴ

195 5563 304 5620 τοῦ
337 5563 576 5620 πλούτου
606 5566 852 5632 εὐκολία,
889 5569 1160 5640 ὀξυτάτην
1188 5570 1306 5642 ἔχει
1347 5573 1443 5626 καὶ
1495 5574 1796 5646 ὀλισθηρὰν

193 5654 306 5726 τὴν
328 5657 660 5727 παρουσίαν,
683 5658 880 5723 ἄλλους
909 5661 968 5727 ἑξ
999 5661 1180 5716 ἄλλων
1209 5665 1656 5735 παραμείσεσθαι
1695 5683 1796 5720 πε-

197 5749 434 5816 φυκυῖα.
478 5748 731 5820 Σήμερον
763 5751 914 5805 τοῦδε
949 5753 979 5805 ὁ
1005 5754 1200 5825 ἀγρὸς,
1232 5757 1326 5809 καὶ
1359 5755 1550 5827 αὔριον
1581 5757 1794 5828 ἐτέρου,

199 5837 305 5914 καὶ
343 5839 459 5906 μετ’
495 5839 676 5907 ὀλίγον
700 5841 914 5914 ἐτέρου.
963 5843 1300 5916 ’Δπὸὅλεψον
1327 5846 1461 5918 πρὸς
1519 5849 1618 5913 τὰς
1647 5852 1704 5906 ἐν
1726 5855 1790 5923 τῇ

1891 4639 2118 4705 sidiam
2152 4651 2342 4716 putat,
2375 4644 2470 4700 hic
2501 4644 2706 4700 similis
2748 4651 2836 4700 est
2866 4648 3074 4714 aegroto
3097 4639 3194 4712 qui
3230 4639 3286 4694 in
3319 4635 3496 4692 morbi

1908 4739 2184 4814 gravitate
2218 4737 2516 4793 sanitatem
2551 4736 2864 4792 constituit.

1979 4829 2178 4900 Ejusd.
2243 4829 2434 4885 haurit.
2487 4830 2542 4882 in
2598 4827 2754 4884 Psal.
2806 4841 3014 4885 ul.--
3058 4824 3116 4880 Si
3162 4835 3514 4895 quemquam

1908 4909 2255 4995 priedivitum
2289 4923 2510 4977 illorum
2546 4921 2786 4987 videris,
2817 4937 2888 4978 ne
2916 4922 3084 4976 vitam
3117 4918 3293 4988 ipsius
3325 4916 3478 4969 bea--~

1906 5024 2022 5071 tam
2051 5015 2231 5071 dicas.
2271 5012 2332 5070 Si
2372 5015 2742 5085 undecunque
2773 5021 3036 5084 tanquam
3077 5027 3146 5067 ex
3181 5007 3500 5065 uberrimis-

1908 5108 2153 5174 l‘entibus
2197 5109 2448 5178 pecuniae
2477 5109 2808 5164 .scaturiant
2860 5123 2930 5162 ne
2977 5106 3238 5177 copiosas
3286 5101 3466 5172 ipsius

1906 5219 2040 5274 opes
2089 5203 2462 5273 amplecteris.
2533 5202 2708 5258 Fluxa
2759 5202 3080 5258 divitiarum
3123 5207 3323 5254 natura
3389 5199 3521 5256 est...

1907 5304 2154 5350 torrente
2197 5295 2452 5366 rapidius
2505 5295 2765 5352 dominos
2821 5307 2957 5350 suos
3013 5293 3299 5364 praeterit;
3353 5288 3518 5342 alios.

1906 5395 2078 5457 atque
2103 5387 2245 5443 alios
2276 5389 2518 5444 subinde
2569 5396 2890 5458 permutare
2920 5387 3084 5444 solet.
3120 5385 3498 5452 Quemadmo-

1904 5479 2037 5535 dum
2070 5480 2223 5536 enim
2261 5480 2467 5537 ﬂumen
2503 5495 2536 5536 e
2565 5481 2793 5538 sublimi
2829 5497 2964 5537 cum
3017 5481 3224 5550 impetu
3289 5491 3457 5532 ruens
3480 5520 3498 5542 ,

1905 5575 1972 5630 ad
2027 5590 2126 5630 eos
2181 5575 2412 5642 quidem
2469 5575 2658 5647 quiin
2705 5577 2834 5646 ripa
2874 5585 3004 5632 sunt
3043 5573 3498 5646 appropinquat,

1905 5667 2072 5723 simul
2113 5677 2304 5722 autem
2355 5677 2528 5742 atque
2573 5685 2672 5727 eos
2721 5669 3058 5740 contigerit,
3107 5667 3359 5724 abscedit
3387 5676 3502 5721 sta-

1905 5763 2052 5826 tim_:
2089 5762 2173 5817 sic
2205 5763 2376 5818 etiam
2415 5779 2584 5834 optnn
2648 5763 2805 5835 copia
2853 5761 3277 5819 celerrimamct
3321 5758 3495 5813 lubri-

1906 5870 2036 5910 cam
2093 5857 2458 5926 prasentiam
2503 5857 2709 5924 habet;
2766 5856 2975 5928 quippe
3028 5871 3148 5926 qum
3180 5862 3372 5909 natura
3420 5851 3514 5906 ita»
