4028 6408
485 387 622 456 1593

1687 380 1750 440 S.
1779 373 2020 440 ΙΟΑΝΝ
2028 375 2102 436 IS
2133 373 2567 438 DAMASCENI

3631 369 3774 435 1504

483 505 806 571 comparata
836 503 946 558 est,
977 501 1046 549 ut
1083 493 1224 549 alios
1257 499 1429 564 atque
1467 491 1612 547 alios
1641 488 1879 546 subinde
1913 502 2062 542 cetu-

2178 488 2329 542 πόλει
2359 489 2560 556 οἰκίας,
2586 489 2729 544 πόσα
2784 490 2890 563 ήδη
2919 488 3014 560 ἀφ’
3043 482 3108 543 οῦ
3179 485 3474 558 γεγόνασιν
3517 485 3769 555 ὀνόματα

485 597 684 644 mutet.
708 585 886 641 Hodie
917 584 1010 639 hic
1041 598 1174 655 ager
1209 583 1380 652 hujus
1410 588 1537 645 est;
1568 580 1818 635 crastino
1856 577 1948 632 die
1981 576 2068 631 sl-

2175 578 2594 650 μετειλήφασιν,
2664 579 2856 634 ἄλλοτε
2896 580 2984 633 tu‘
3014 579 3178 634 ἄλλου
3237 576 3350 631 τῶν
3401 592 3576 646 κεκτη
3585 574 3773 646 μένων

485 681 683 740 terius,
733 686 789 733 et
843 677 1016 749 paulo
1062 683 1191 747 post
1245 675 1440 730 itidem
1493 672 1660 727 alius.
1707 669 1876 726 Urbis
1919 668 2068 726 edes

2178 671 2604 745 ὑνομαζόμεναι,
2661 674 2759 728 καὶ
2781 674 2986 746 χρυσὸς
3023 672 3115 728 ἀεὶ
3138 673 3240 736 τὰς
3271 671 3370 727 τοῦ
3401 670 3625 741 ἔχοντος
3653 670 3768 738 χεί-

485 769 764 838 conspice.
793 769 941 836 Quot
965 770 1083 840 jam
1119 768 1370 832 nomina,
1403 779 1468 821 ex
1491 778 1606 834 quo
1639 770 1889 833 tempore
1918 769 2070 818 stru-

485 873 582 918 ctae
618 869 794 928 sunt,
827 862 1226 926 immutavere,
1269 866 1462 930 utpote
1505 857 1646 912 alias
1698 856 1768 912 ab
1809 856 1938 913 aliis
1967 856 2070 912 do-

486 955 650 1010 minis
707 954 1082 1024 nuncupatael
1140 951 1345 1008 Eodem
1395 948 1558 1006 modo
1605 963 1809 1004 aurum
1846 963 2074 1019 quoque

486 1059 582 1114 per
640 1043 854 1099 domini
901 1058 1102 1098 manus
1162 1055 1380 1112 semper
1435 1039 1654 1104 ﬂuens,
1711 1037 1778 1094 ad
1837 1037 2075 1093 alterum

486 1140 725 1205 transit,
751 1149 919 1210 atque
955 1139 1024 1194 ab
1051 1138 1149 1193 illo
1181 1152 1378 1193 rursus
1433 1134 1504 1191 ad
1552 1134 1819 1190 alterum.
1880 1132 2126 1194 Facilius
2161 1151 2327 1192 manu
2395 1135 2863 1209 comprehensam
2899 1135 3172 1192 retinere

486 1251 647 1303 quam
675 1234 899 1289 divitias
935 1242 1204 1304 perpetuo
1237 1232 1336 1288 tibi
1370 1246 1736 1288 conservare.

555 1325 615 1381 S.
669 1323 829 1397 (ἶνες.
879 1324 1475 1382 Nazianz.-—0mnis
1539 1325 1636 1397 qui
1691 1325 1884 1396 inique
1924 1325 2038 1398 agit

487 1424 692 1486 prarsto
723 1424 809 1472 est
839 1415 908 1471 ad
943 1431 1004 1472 se
1033 1415 1469 1472 defendendum.

625 1509 862 1578 Accessit
896 1507 966 1561 ad
995 1525 1075 1563 me
1099 1525 1303 1578 pauper
1333 1528 1347 1563 :
1387 1519 1443 1563 at
1475 1509 1686 1578 frustra
1717 1518 1914 1563 tamen.

627 1577 860 1644 Christe,
883 1577 1172 1633 extimesco
1205 1596 1268 1633 ne
1312 1577 1737 1649 tuam'quarrens
1772 1595 1946 1646 opem,

626 1650 850 1719 Abeant,
879 1649 1113 1702 vicissim
1141 1665 1363 1719 prorsus
1395 1648 1576 1704 abs'te
1606 1649 1682 1703 nil
1709 1650 1904 1719 ferens.

629 1716 776 1772 Nam
806 1719 947 1789 quod
971 1716 1277 1790 negat'quis
1318 1719 1496 1790 alteri,
1534 1720 1589 1772 id
1621 1716 1830 1790 frustra
1860 1720 2010 1788 petit.

1084 1787 1180 1860 (S.
1207 1787 1363 1859 (ἔνθα.
1409 1788 1552 1844 Naz.
1587 1787 1656 1844 tr.
1687 1789 1817 1859 5i.)

2175 782 2274 838 ρας
2296 765 2564 837 διαρρέων
2593 767 2680 835 ἐφ’
2712 765 2904 838 ἕτερον
2941 763 3246 823 ⁵διαϐαίνει.
3292 763 3392 818 καὶ
3413 762 3514 816 ἀπ’
3544 761 3768 816 ὲκείνου

2173 857 2312 929 πρὸς
2365 857 2549 912 ἄλλον.
2610 857 2832 911 Μᾶλλον
2871 856 3105 912 δύνασαι
3159 856 3306 928 ὕδωρ
3337 859 3404 926 τῇ
3428 855 3578 926 χειρὶ
3602 870 3768 922 περι-

2177 949 2360 1004 ϐαλὼν
2383 952 2705 1021 κατασχεῖν,
2741 949 2776 1020 ἢ
2806 948 3040 1004 πλοῦτον
3089 948 3305 1020 σεαυτῷ
3351 946 3598 1020 διαρκῶς
3631 961 3766 1000 συν-

2173 1041 2445 1114 τηρῆσαι.

3251 1149 3453 1206 aquam
3524 1133 3716 1205 possis
3741 1174 3760 1200 ,

3789 1255 3796 1305 ἰ

2245 1323 2361 1388 Πᾶς
2383 1324 2412 1377 ὁ
2437 1323 2664 1389 ἀδικῶν,
2695 1325 2779 1388 είς
2807 1322 3110 1394 ἀπολογίαν
3142 1322 3385 1394 ἕτοιμος.

2279 1507 2475 1576 Πένης
2495 1509 2867 1578 προσῆλθεν,
2900 1506 3007 1565 εἶτ’
3037 1507 3276 1576 ἀπῆλθε
3299 1509 3386 1578 μὴ
3415 1509 3636 1579 τυχών.

2283 1580 2553 1650 Δέδοικαν
2580 1580 2810 1650 Χριστὲς
2828 1579 2914 1648 μὴ
2938 1579 3101 1650 κάγὼ
3127 1579 3390 1650 nimie
3419 1581 3622 1650 χερὸς.

2279 1647 2516 1718 Χρῄζων
2547 1647 2859 1718 ἀπέλθοιμ’
2887 1647 3106 1716 ἐνδεὴς
3131 1649 3297 1718 ἐμοῖς
3321 1647 3526 1716 νόμως

2283 1721 2343 1770 ’Ὀ
2368 1719 2478 1789 γάρ
2499 1723 2676 1784 τιςσύ
2705 1717 2946 1786 δέδωκε,
2971 1719 3112 1789 μηδ’
3141 1717 3440 1782 ἐλπιζέτω.

559 1879 752 1954 Ejusd.
797 1891 939 1938 orat.
1002 1882 1090 1937 15.
1122 1882 1372 1937 —Alias
1431 1881 1658 1938 divitias
1715 1896 1827 1938 non
1880 1897 2067 1950 ames,

2235 1879 2340 1950 Μή
2369 1880 2668 1952 ἀγαπήσῃς
2722 1881 2814 1934 τὸν
2871 1881 3128 1946 πλοῦτον,
3181 1881 3233 1934 εἰ
3279 1880 3356 1953 μὴ
3395 1880 3616 1953 βοηθεῖν

483 1970 594 2026 nisi
621 1972 888 2042 pauperis
920 1972 1208 2042 opitulari.

559 2061 753 2133 Ejusd.
787 2097 855 2105 —
880 2061 961 2119 Ne
995 2064 1222 2120 divitias
1279 2072 1504 2120 nostras
1546 2065 1752 2122 alienis
1809 2065 2072 2138 lacrymis

484 2156 934 2223 admisceamus,
992 2172 1022 2211 a
1057 2157 1264 2226 quibus
1320 2166 1586 2228 tanquam
1628 2171 1659 2212 a
1708 2159 1968 2230 rubigine
2016 2168 2074 2216 et

485 2248 648 2304 tineis
715 2256 1137 2312 consumentur,
1191 2248 1316 2315 vel,
1375 2259 1438 2304 ut
1502 2249 1812 2320 Scriptum
1877 2267 2070 2308 vocem

485 2353 775 2408 usurpem,
803 2349 1160 2395 evomentur.
1425 2355 1430 2362 ‘

555 2428 749 2498 Ejusd.
808 2441 954 2485 orat.
1010 2431 1100 2490 15.
1127 2462 1198 2474 --
1223 2431 1331 2499 Qui
1381 2434 1557 2489 multa
1595 2433 1744 2491 forte
1772 2443 1828 2491 et
1868 2445 2072 2508 praeter

486 2535 642 2591 spem
701 2531 1042 2579 consecutus
1097 2532 1186 2580 est
1239 2525 1378 2596 (hoc
1435 2527 1588 2582 enim
1654 2529 2069 2599 iniquissimum

487 2610 633 2679 est),
677 2619 734 2666 et
809 2611 972 2681 cujus
1043 2615 1332 2684 apothecae
1399 2617 1660 2687 plurimas
1717 2622 2072 2691 angustiores

486 2712 651 2766 sunt,
686 2703 762 2758 ita
813 2712 875 2760 ut
911 2705 1014 2761 bas
1067 2706 1298 2777 quidem
1343 2711 1598 2780 repleat,
1647 2711 1774 2769 illas
1809 2727 1942 2768 vero
1970 2714 2069 2769 de-

485 2803 710 2861 struat,
768 2804 831 2852 ut
883 2797 1212 2855 obventuris
1297 2801 1404 2857 sibi
1458 2800 1709 2873 frugibus
1765 2805 2072 2864 condendis

487 2888 792 2956 ampiiores
829 2889 1102 2957 adiacet,
1137 2891 1361 2963 ignorat
1399 2894 1518 2950 fore
1558 2901 1620 2949 ut
1657 2904 1788 2952 ante
1818 2899 2072 2970 rapiatur

487 2992 654 3046 quam
692 2989 1039 3049 speratarum
1078 2984 1280 3039 evadat
1327 2998 1595 3057 compos;
1637 2988 1908 3045 rationem
1939 3007 2074 3048 vero

488 3069 846 3128 abundantiae
891 3073 1048 3130 illius
1096 3074 1334 3141 reddet,
1383 3085 1441 3133 et
1485 3079 1924 3149 ostentationis,
1974 3084 2072 3152 qui

486 3161 797 3219 alienorum
851 3165 1126 3221 bonorum
1173 3167 1454 3239 pessimus
1491 3170 1848 3242 dispensator
1894 3175 2071 3230 exsti-

729 3323 798 3367 -—'-
822 3325 949 3382 Mali
995 3328 1232 3400 hujusce
1264 3346 1491 3388 causam
1526 3349 1897 3406 agnoscamus
1929 3352 1944 3389 :
1971 3351 2078 3393 cur

487 3424 706 3487 segetes
731 3419 1057 3477 exarueriut
1077 3462 1095 3489 ,
1116 3438 1220 3478 cur
1246 3423 1452 3480 horrea
1480 3425 1716 3484 confusa
1743 3467 1759 3493 ,
1788 3435 1845 3485 et
1869 3444 2074 3500 pascua

488 3507 676 3564 ovium
711 3510 1042 3577 defecerint,
1085 3529 1188 3570 cur
1221 3525 1522 3573 extenuata
1574 3521 1825 3589 speciosa
1883 3529 2072 3589 terrae,

487 3603 668 3672 campi
698 3617 808 3658 non
849 3603 1212 3676 pinguedine,
1239 3608 1340 3663 sed
1383 3625 1626 3668 moerere
1676 3613 1888 3683 perfusi
1919 3616 2073 3683 sint;

487 3708 585 3748 cur
606 3694 779 3750 valles
805 3696 1347 3755 norrabundaverint
1366 3702 1670 3770 frumento,
1701 3705 1802 3761 sed
1831 3707 2076 3775 complo-

487 3790 624 3840 ηιξ
659 3783 824 3856 ωε
878 3785 1130 3856 fuerint;
1213 3805 1318 3846 cur
1393 3802 1611 3851 montes
1655 3795 2076 3868 nobis,quem-

488 3876 788 3933 admodum
812 3878 986 3949 justis
1027 3882 1191 3951 viris,
1235 3883 1587 3944 dulcedinem
1628 3904 1742 3946 non
1787 3891 2074 3961 stillarint,

487 3984 556 4023 ac
613 3971 885 4027 montium
949 3975 1159 4033 Gelboe
1217 3979 1668 4038 maledictionem
1734 3987 2072 4057 acceperint.

486 4059 650 4119 Tales
670 4065 936 4122 nimirum
965 4067 1265 4140 impiorum
1297 4071 1512 4130 divitiae
1553 4085 1724 4144 sunt;
1758 4079 1902 4136 tales
1932 4081 2076 4139 male

484 4155 888 4213 scminantium
916 4175 1150 4218 messes.
1196 4161 1351 4221 Unde
1371 4167 1598 4224 tandem
1625 4171 1781 4226 haec?
1817 4189 1942 4242 quae
1973 4190 2076 4230 no-

483 4242 570 4300 bis
592 4261 764 4304 causa
797 4249 1171 4309 calamitatem
1197 4253 1342 4312 hanc
1365 4256 1578 4314 invexit
1597 4261 1621 4316 ἰ
1638 4261 1798 4318 Alius
1818 4272 2072 4320 nostrum

485 4351 782 4408 pauperem
845 4345 1152 4415 oppressit,
1215 4357 1272 4404 et
1325 4358 1491 4406 terra:
1551 4361 1764 4422 partem
1826 4355 2072 4426 aliquam

484 4427 824 4497 intervertit,
886 4450 954 4491 ac
987 4436 1222 4493 limitem
1272 4441 1574 4510 scelerate,
1629 4445 1714 4498 vel
1767 4445 1941 4514 furto,
1983 4448 2072 4504 vel

484 4531 676 4591 aperta
710 4524 762 4578 vi
790 4531 1186 4596 transgressus
1225 4539 1337 4598 est,
1381 4532 1723 4605 domumque
1762 4536 1977 4603 domui,
2012 4548 2068 4596 et

483 4625 678 4682 agrum
705 4629 842 4687 agro
877 4617 1166 4689 adiunxit,
1205 4632 1265 4678 ut
1293 4624 1552 4694 proximo
1605 4628 1824 4699 aliquid
1881 4639 2070 4687 extor-

481 4713 718 4775 queret;
777 4711 1166 4785 pcrtiuacnque
1217 4717 1407 4773 animo
1446 4720 1658 4776 studuit
1713 4729 1776 4777 ut
1819 4722 2071 4780 vicinum

482 4795 696 4852 nullum
722 4798 972 4868 haberet,
1015 4820 1114 4860 ceu
1143 4806 1301 4863 solus
1356 4807 1412 4862 in
1448 4815 1596 4866 terra
1651 4825 1802 4869 esset
1851 4813 2068 4870 habita-

486 4893 670 4946 turus.
693 4890 895 4950 Usuris
923 4896 1072 4953 alius
1097 4905 1154 4954 et
1207 4902 1526 4971 augmentis
1560 4913 1767 4960 terram
1814 4905 2067 4972 ftedavit,

485 4978 757 5052 colligens
785 4986 880 5041 ubi
917 4997 1225 5046 sementem
1274 5009 1388 5049 non
1431 4993 1580 5061 fecit,
1611 5005 1668 5052 et
1705 5007 1923 5057 metens
1973 4999 2069 5056 ubi

487 5085 598 5128 non
620 5079 836 5144 sparsit
867 5099 881 5136 :
919 5097 1029 5138 non
1069 5099 1136 5140 ex
1172 5085 1325 5141 cultu
1377 5102 1666 5159 agrorum,
1703 5093 1802 5148 sed
1827 5107 1893 5148 ex
1929 5109 2070 5164 pau-

482 5178 680 5233 perum
715 5179 958 5240 egestate
985 5182 1042 5230 et
1090 5177 1324 5245 penuria
1392 5177 1688 5236 facultates
1710 5195 1942 5254 augens.
1974 5183 2070 5238 Al-

482 5266 570 5313 ter
600 5274 745 5316 areae
775 5271 831 5318 et
858 5266 1159 5323 toreularia
1192 5269 1456 5341 primitiis
1502 5271 1700 5340 Deum,
1741 5275 1907 5344 cujus
1937 5293 2066 5333 mu-

483 5363 618 5404 nere
675 5353 862 5407 omnia
927 5355 1224 5426 habuerat,
1259 5359 1632 5423 del'raudavit,
1682 5365 1964 5437 simulque
2008 5385 2070 5426 se

482 5439 760 5507 ingratum
816 5444 977 5514 juxta
1033 5461 1098 5503 ac
1166 5451 1403 5506 stultum
1447 5454 1692 5510 ostendit
1746 5473 1857 5514 non
1905 5461 2069 5518 modo

487 5545 583 5599 pro
612 5533 678 5591 iis
708 5536 916 5605 quibus
967 5538 1262 5597 fruebatur
1294 5544 1479 5602 nullas
1507 5557 1694 5618 grates
1733 5563 1926 5621 agens,
1965 5569 2070 5610 nec

486 5640 692 5682 curans
744 5644 976 5698 prorsus
1031 5649 1144 5703 quo
1194 5635 1250 5690 in
1297 5634 1543 5694 futurum
1588 5655 1685 5711 per
1724 5643 1868 5711 grati
1895 5645 2067 5702 animi

359 5767 377 5783 ,
484 5717 814 5788 obsequium
865 5723 1258 5783 liberalitatem
1321 5727 1417 5784 Dei
1462 5733 1864 5803 negotiarctur.
1906 5735 2064 5812 Alter

491 5825 588 5866 ncc
615 5810 838 5870 viduam
877 5832 980 5873 nec
1003 5819 1312 5891 orphanum
1348 5822 1648 5883 miseratus
1695 5835 1799 5895 cst,
1834 5842 1935 5885 nec
1965 5810 2066 5902 pa»

2098 3220 2146 3283 ϐ

2175 1992 2320 2030 νησι.

2248 1994 2278 2028 σ
2306 2014 2320 2028 .

2205 1993 2337 2138 TIR/ii]
2392 2067 2640 2139 μίξωμεν
2693 2068 2785 2124 τὸν
2852 2069 3119 2142 ἡμέτερον
3169 2070 3402 2125 πλοῦτον
3457 2068 3768 2142 ἀλλοτρίοις

2171 2156 2462 2227 δάκρυσιν,
2493 2158 2584 2228 ὑφ’
2621 2152 2698 2214 ὧν
2741 2159 2818 2224 ὡς
2849 2158 2928 2214 ἰοῦ
2959 2161 3054 2214 καὶ
3091 2161 3258 2231 σητδς
3284 2163 3765 2234 δαπανηθήσεται,

2172 2251 2231 2322 ἦ,
2259 2251 2322 2305 τὸ
2347 2253 2446 2324 τῆς
2475 2253 2706 2326 Γραφῆς
2729 2256 2928 2322 εἰπεῖν,
2959 2255 3387 2326 έξεμεθήσεται.

2248 2430 2314 2484 Ὅ
2335 2430 2403 2486 τὰ
2435 2431 2606 2486 πολλὰ
2627 2432 2788 2503 ἔχων,
2850 2434 2982 2498 ίσως
3033 2435 3128 2488 καὶ
3178 2435 3310 2505 παρ’
3337 2433 3567 2488 ἐλπίδα⁹
3600 2431 3769 2488 τοῦτο

2172 2522 2284 2594 γὰρ
2312 2523 2416 2596 ήδη
2446 2523 2508 2578 τδ
2534 2523 2872 2580 ἀδικώτατον
2896 2542 2911 2558 ο
2943 2527 3044 2580 καὶ
3090 2527 3214 2590 ταῖς
3266 2526 3494 2590 πολλαῖς
3547 2525 3767 2595 ἀποθή-

2173 2631 2300 2678 καις
2329 2617 2859 2688 στενοχωρούμενος,
2883 2620 2981 2672 καὶ
3008 2617 3108 2682 τὰς
3145 2617 3247 2688 μὲν
3295 2617 3544 2688 πληρῶν,
3576 2616 3681 2680 τὰς
3706 2616 3769 2670 δὲ

2177 2705 2480 2778 καθαιρῶν,
2511 2709 2602 2763 ἵνα
2653 2711 2770 2773 τοῖς
2825 2709 3084 2779 μέλλωσι
3135 2710 3374 2780 καρποῖς
3423 2707 3770 2780 οἰκοδομήσει

2178 2798 2453 2870 μείζονας,
2501 2799 2714 2867 ἀγνοῶν
2734 2801 2818 2854 ὅτι
2841 2800 2952 2854 τῶν
2981 2799 3220 2854 ἐλπίδων
3248 2797 3768 2870 προαναρπάζεται,

2175 2891 2268 2942 καὶ
2309 2889 2469 2958 λόγον
2515 2889 2706 2959 ὑφέξει
2747 2889 2850 2961 τῆς
2900 2889 3164 2962 εὐπορίας
3184 2890 3280 2944 καὶ
3309 2889 3410 2961 τῆς
3437 2887 3768 2958 φαντασίας,

2173 2980 2346 3048 κακὸς
2377 2981 2666 3052 οἰκονόμος
2713 2980 2939 3054 ἀγαθῶν
2989 2982 3292 3055 ἀλλοτρίων
3343 2983 3666 3053 γενόμενος.

2260 3339 2610 3412 Ἐπιγνῶμεν
2656 3339 2754 3395 τοῦ
2809 3341 2982 3396 κακοῦ
3055 3344 3156 3414 τὴν
3212 3338 3488 3398 ὑπόθεσιν
3526 3333 3557 3374 ·’
3595 3326 3774 3398 πόθεν

2178 3432 2560 3505 έξηράνθησαν
2637 3432 2909 3505 γεωργίαι
2945 3473 2963 3499 ,
3011 3433 3370 3506 ᾐσχύνθησαν
3429 3435 3718 3507 ὰωθῆκαι
3751 3475 3770 3501 ,

2177 3525 2274 3579 καὶ
2319 3526 2462 3598 νομὴ
2520 3525 2790 3597 ποιμνίων
2842 3526 3114 3594 ἐξέλιπεν·
3146 3526 3410 3600 ὡλιγὼθη
3463 3527 3536 3582 τὰ
3583 3527 3774 3600 ὡραία

2175 3619 2279 3687 τῆς
2330 3617 2435 3688 γῆς
2481 3633 2499 3651 ο
2563 3618 2666 3672 οὐκ
2729 3617 2980 3691 ἐπλήσθη
3047 3618 3119 3673 τὰ
3187 3619 3351 3674 πεδία
3443 3619 3711 3690 πιὰτητος
3752 3659 3768 3682 ,

2177 3703 2316 3758 ἀλλὰ
2379 3706 2688 3777 κατηφείας
2746 3724 2762 3738 ο
2823 3707 2927 3762 οὐκ
3001 3707 3316 3786 έπλήδυναν
3385 3711 3445 3764 αί
3518 3709 3774 3774 κοιλάδες

2179 3799 2346 3863 σῖτον,
2371 3797 2487 3851 ἀλλ’
2504 3797 2887 3870 ἑκλαύσθησαν
2906 3817 2920 3830 ·
2947 3799 3054 3856 οὐκ
3079 3787 3390 3868 ἐστάλαξαν
3413 3801 3484 3857 τὰ
3507 3801 3616 3874 δρη
3635 3799 3774 3870 τὶν-

2177 3891 2389 3960 κασμὺν
2424 3891 2500 3956 ὡς
2525 3891 2756 3964 ὕστερον
2778 3895 2895 3958 τοῖς
2933 3893 3192 3961 δικαίοις,
3225 3892 3366 3948 ἀλλὰ
3393 3895 3496 3965 τὴν
3528 3893 3772 3948 Γελϐουὲ

2177 3984 2425 4056 κατάραν
2455 3987 2521 4039 ὲκ
2545 3985 2656 4040 τῶν
2687 3985 2952 4042 ἐναντίων
2979 3985 3221 4051 ἐδέξατο.
3254 3985 3513 4050 Τοιοῦτος
3545 3989 3576 4040 ὁ
3594 3985 3770 4041 πλοῦ.

2175 4093 2268 4141 τος
2293 4076 2404 4132 τῶν
2465 4077 2703 4133 ἀσεϐῶν.
2771 4078 3013 4134 Τοιαῦτα
3039 4079 3154 4134 τῶν
3191 4078 3380 4145 κακῶς
3421 4079 3770 4152 σπειρόντων

2174 4169 2244 4225 τὰ
2273 4169 2541 4242 γεώργια.
2583 4167 2645 4227 '0
2690 4172 2879 4244 μέντοι
2929 4172 3093 4246 ἡμῶν
3117 4173 3370 4244 έξέθλιψε
3408 4173 3646 4244 πένητα,
3671 4173 3770 4227 καὶ

2177 4266 2376 4337 μοῖραν
2395 4266 2504 4337 γῆς
2529 4267 2949 4337 παρεσπάσατο,
2984 4266 3082 4321 καὶ
3099 4267 3250 4339 δριον
3279 4265 3525 4338 ὑπερέϐη
3553 4265 3769 4332 κακῶς,

2173 4355 2208 4426 ἢ
2241 4356 2464 4428 κλέψας,
2496 4357 2529 4429 ἢ
2559 4359 2928 4430 τυραννήσας,
2975 4360 3072 4412 καὶ
3133 4357 3372 4428 συνῆψεν
3408 4356 3591 4413 οἰκίαν
3626 4359 3771 4430 πρὸς

2173 4444 2373 4510 οἰκίαν,
2414 4447 2510 4502 καὶ
2529 4448 2701 4523 ἀγρὸν
2735 4449 2872 4518 πρὸς
2898 4449 3091 4520 ἀγρὸν,
3127 4450 3215 4505 ῐνα
3242 4449 3341 4504 τοῦ
3372 4450 3612 4521 πλησίον
3663 4449 3770 4518 ἁφ-

2175 4536 2366 4608 έληταί
2387 4555 2464 4604 τι,
2492 4539 2589 4593 καὶ
2619 4539 2823 4611 μηδένα
2851 4540 2998 4612 ἔχειν
3030 4542 3437 4612 ἐφιλονείκησε,
3466 4542 3544 4606 ὡς
3583 4542 3772 4613 μόνως

2175 4628 2418 4701 οἰκήσων
2450 4630 2545 4684 ιπί
2566 4631 2668 4702 τῆς
2694 4631 2921 4702 γῆς.,Ὃ
2945 4633 3003 4687 δὲ
3033 4634 3236 4699 τόκοις,
3275 4635 3374 4688 καὶ
3398 4633 3773 4705 πλεονασμοῖς

2173 4717 2274 4789 τὴν
2295 4719 2403 4789 γῆν
2427 4719 2642 4790 ἐμίανε,
2668 4723 2917 4792 συνάγων
2947 4722 3073 4778 ὅθεν
3100 4724 3204 4778 οὐκ
3234 4723 3520 4795 ἔσπειρεν,
3549 4725 3651 4778 καὶ
3679 4724 3771 4779 θε-

2175 4811 2342 4883 ρίζων
2375 4813 2509 4867 ὅπου
2542 4814 2668 4885 μηδ’
2715 4815 3012 4888 ἑσκόρπισε
3031 4831 3045 4846 ³
3077 4816 3364 4888 γεωργῶν,
3415 4816 3479 4870 οὐ
3502 4816 3604 4889 τὴν
3635 4817 3765 4889 γῆν,

2172 4905 2313 4961 ἀλλὰ
2333 4905 2434 4976 τήν
2459 4907 2656 4978 χρείαν
2681 4909 2794 4962 τιῖιν
2823 4907 3098 4979 δεομένων
3117 4926 3132 4941 ·
3175 4909 3206 4962 ὁ
3232 4909 3291 4964 δὲ
3323 4910 3584 4981 ἀπαρχὰς
3621 4909 3766 4965 ἃλω-
3795 4977 3798 4979 Α

2173 5016 2264 5063 νος
2287 5001 2382 5054 καὶ
2413 4999 2578 5072 ληνοῦ
2595 5000 2687 5056 τὸν
2716 5002 2899 5056 πάντα
2921 5002 3196 5058 δεδωκότα
3223 5001 3358 5057 Θεδν
3389 5002 3766 5075 ἀπεστέρησε,

2171 5093 2269 5147 καὶ
2296 5093 2522 5162 γέγονεν
2566 5094 2865 5167 ἀχάριστός
2914 5113 2978 5150 τι
3031 5095 3172 5167 ὁμοῦ
3203 5097 3300 5150 καὶ
3335 5095 3593 5166 ἀνόητος,
3624 5098 3769 5167 μήτε

2171 5184 2314 5254 ὑπὲρ
2343 5177 2421 5240 ὧν
2442 5184 2603 5258 ἔσχεν
2623 5187 3048 5260 εὐχαριστήσας,
3078 5189 3202 5243 οὐδὲ
3225 5189 3290 5243 τὸ
3323 5188 3520 5259 μέλλον
3552 5187 3764 5259 διὰτῆς

2171 5277 2598 5350 εὐγνωμοσύνης
2627 5281 3220 5353 πραγματευσάμενος.
3265 5283 3325 5336 '0
3355 5282 3416 5336 δὲ
3449 5283 3635 5354 χήραν
3663 5270 3762 5338 καὶ

2169 5369 2411 5442 ὀρφανὸν
2473 5370 2576 5426 οὐκ
2626 5373 2884 5445 ἠλέησεν,
2920 5374 3044 5428 οὐδὲ
3097 5375 3408 5446 μετέδωκεν
3463 5376 3639 5448 ἄρτου
3661 5379 3760 5433 καὶ

2169 5459 2381 5531 τροφῆς
2411 5460 2599 5532 ὀλίγης
2639 5462 2720 5534 τῷ
2768 5464 3034 5536 δεομένῳ,
3075 5465 3280 5536 μᾶλλον
3322 5467 3381 5522 δὲ
3430 5469 3657 5542 Χριστῷ
3683 5470 3767 5543 τῷ

2171 5554 2496 5627 τρεφομένῳ
2527 5555 2618 5610 διὰ
2639 5556 2753 5612 τῶν
2778 5557 2994 5630 μικρῶν
3017 5559 3395 5631 τρεφομένων.
3449 5561 3509 5617 '0
3535 5562 3598 5616 δὲ
3641 5565 3764 5618 ὁδὸν

2170 5645 2445 5700 ταπεινῶν
2505 5647 2772 5714 ἐξέκλινε,
2824 5649 2922 5704 καὶ
2952 5651 3294 5720 ὲπλαγίασεν
3339 5654 3400 5707 ὲν
3436 5655 3650 5720 ἀδίκοις
3679 5651 3762 5709 δί-

2171 5754 2348 5792 καιον.
2411 5738 2471 5793 '0
2532 5738 2590 5793 δὲ
2646 5740 2807 5794 ἔθυσε
2847 5745 2912 5814 τῇ
2948 5743 3146 5798 ἑαυτοῦ
3176 5747 3394 5820 σαγήνῃ
3431 5746 3604 5800 πολλὰ
3635 5765 3759 5801 συνο

2172 5828 2405 5902 αγούσῃ,
2447 5831 2542 5888 καὶ
2564 5833 2662 5903 τήν
2693 5833 2952 5907 ἁρπαγὴν
2974 5834 3068 5890 τοῦ
3097 5838 3314 5908 πτωχοῦ
3353 5840 3412 5894 ὲν
3445 5841 3552 5905 τοῖς
3581 5840 3756 5904 οἴκοις
