4028 6396
237 395 379 466 1505

1483 380 1722 442 SACRA
1766 378 2230 442 PARALLELA.

3384 382 3531 449 1596

233 511 399 580 ἔχων,
425 506 460 578 ἢ
491 507 594 559 οὑκ
653 498 907 576 ἐμνήσθη
935 495 1098 562 Θεοῦ,
1129 495 1164 568 ἢ
1192 493 1380 558 κακῶς
1413 490 1689 565 ἐμνήσθηὶ
1723 484 1830 544 Εὑ-

1953 506 2061 547 teut
2112 506 2218 548 nec
2275 490 2541 564 exiguum
2591 492 2779 549 cibum
2833 490 3126 562 indigenti,
3184 506 3282 547 seu
3341 505 3528 564 potius

233 601 466 673 λογητδς
513 597 744 670 Κύριος,
795 591 990 656 εἰπὼν,
1037 591 1120 643 ὅτι
1175 586 1642 656 πεπλουτήκαμεν
1668 598 1680 610 ·
1737 581 1833 673 καὶ

235 667 757 761 ὑὶιόλαδενάνομίαν
785 687 862 750 ὡς
899 684 1030 755 παρ’
1067 679 1236 734 αὑτοῦ
1263 679 1446 736 πάντα
1483 676 1645 747 ἔχων,
1671 674 1733 740 ἐξ
1754 667 1832 730 ὧν

236 784 661 854 κολασθήσεται.
699 778 800 833 Διὰ
817 775 994 831 ταῦτα
1024 774 1136 844 γὰρ
1187 769 1428 840 ἔρχεται
1457 768 1498 836 ἡ
1544 765 1692 837 ὀργὴ
1721 763 1831 819 τοῦ

237 877 394 935 Θεοῦ
414 876 514 930 ἐπὶ
547 872 692 938 τοὺς
737 868 910 936 υἱοὺς
951 866 1064 935 τῆς
1098 861 1427 927 ἀπειθείας.
1463 859 1565 914 Διὰ
1591 857 1766 912 ταῦτα
1797 855 1832 927 ἢ

237 974 489 1028 κλείεται
539 970 570 1022 6
616 965 872 1038 οὐρανὸς,
931 960 968 1031 ἢ
1017 956 1209 1021 κακῶς
1265 955 1566 1023 ἀνοίγεται.
1599 951 1665 1004 Τί
1695 949 1834 1022 πρὸς

233 1066 415 1124 ταῦτα
443 1065 494 1120 ei
521 1059 962 1135 προσκυνοῦντες
984 1053 1076 1109 τὸν
1110 1052 1314 1122 χρυσὸν
1349 1046 1448 1102 καὶ
1473 1045 1565 1099 τὸν
1593 1045 1836 1135 ἄργυρον

234 1163 316 1224 ῶς
353 1158 456 1228 τὴν
667 1170 683 1220 ;
719 1150 786 1204 οι
811 1147 1177 1218 περιέποντες
1202 1140 1314 1194 τῶν
1350 1138 1517 1192 λίθων
1545 1137 1644 1199 τὰς
1664 1134 1836 1228 πολυ-

240 1227 456 1313 τελείας
496 1247 593 1301 καὶ
618 1242 928 1310 διαυγτίας,
967 1236 1068 1294 καὶ
1093 1234 1192 1308 τὴν
1211 1232 1421 1302 ἐσθῆτα
1451 1229 1552 1301 τὴν
1582 1227 1837 1301 μαλακήν

241 1361 297 1398 τε
345 1344 445 1397 καὶ
503 1337 938 1410 περιρρέουσαν,
972 1328 1153 1402 σητῶν
1180 1324 1430 1396 δαπάνην
1468 1323 1567 1377 καὶ
1599 1321 1834 1394 λῃστῶν,

244 1438 340 1492 καὶ
364 1433 671 1506 τυράννων,
707 1430 806 1484 καὶ
830 1425 1084 1482 κλεπτῶν
1124 1419 1555 1492 θησαυρίσματα
1575 1433 1591 1483 ;
1615 1417 1664 1470 oi
1694 1415 1836 1485 πλή-

241 1530 323 1582 οει
357 1525 701 1599 γαυριῶντες
732 1517 1084 1592 ἀνδραπόδων
1115 1515 1212 1569 καὶ
1241 1510 1630 1583 τετραπόδωνς
1659 1509 1710 1561 οἱ
1723 1507 1838 1569 τοῖς

243 1621 454 1684 πεδίοις
487 1614 983 1690 ἐμπλατυνόμενοι,
1019 1608 1258 1672 καὶτοῖς
1289 1607 1466 1678 δρεσι,
1497 1603 1593 1658 καὶ
1627 1601 1699 1656 τὰ
1737 1599 1838 1690 μὲν

242 1708 485 1779 ἔχοντες,
519 1688 588 1758 τὰ
617 1702 676 1757 δὲ
705 1698 1266 1774 προσλαμϐάνοντες;
1294 1696 1359 1749 Τί
1387 1694 1447 1748 δέ
1472 1694 1521 1747 οἱ
1541 1693 1659 1754 τοῖς
1696 1688 1837 1760 ὑψη-

244 1801 359 1864 λοῖς
389 1798 610 1871 θρόνοις
645 1793 1130 1864 ἐπικαθεζόμενοι,
1167 1789 1264 1844 καὶ
1304 1788 1406 1859 τὴν
1433 1785 1669 1859 ἁρχικὴν
1704 1798 1840 1853 σκη-

1931 584 2183 652 Christo,
2213 586 2309 658 qui
2341 601 2439 656 per
2463 588 2722 656 parvulos
2751 587 2880 643 illos
2897 601 3040 656 quos
3069 587 3297 653 alimus,
3331 587 3524 642 alitur.

1931 680 2093 736 Alius
2135 694 2360 736 rursum
2400 680 2546 735 viam
2590 680 2884 734 humilium
2933 678 3184 745 deﬂexit,
3220 686 3276 734 et
3309 679 3526 748 justum
3598 736 3602 739 _

1933 772 2162 840 iniustis
2189 773 2506 829 rationibus
2540 781 2920 829 transversum
2937 773 3069 842 egit.
3098 772 3153 826 ln
3178 773 3357 843 portis
3395 787 3527 828 cor-

1938 864 2230 934 ripientem
2259 863 2410 920 alius
2443 863 2572 918 odio
2596 863 2813 918 habuit.
2840 863 2997 918 Alius
3020 863 3258 932 denique
3284 864 3386 918 reti
3423 878 3530 918 suo

1935 957 2111 1011 multa
2138 956 2432 1028 colligenti
2492 954 2826 1020 immolavit,
2879 955 3252 1025 pauperisque
3283 955 3526 1026 praedam

1935 1047 2087 1103 domi
2120 1048 2338 1113 habuit,
2371 1055 2470 1102 aut
2498 1046 2594 1102 Dei
2627 1047 2952 1103 memoriam
3001 1061 3069 1102 ex
3103 1047 3290 1102 animo
3322 1048 3526 1117 eiecit;

1937 1149 2028 1195 aut
2055 1151 2205 1198 certe
2236 1141 2388 1197 illius
2415 1140 2561 1196 male
2584 1140 2912 1196 recordatus
2947 1147 3056 1203 est,
3081 1138 3272 1194 dicens
3310 1156 3324 1192 :
3353 1138 3526 1195 Bene-

1937 1233 2120 1289 dictus
2155 1231 2447 1299 Dominus,
2469 1233 2602 1304 quia
2627 1233 2830 1289 divites
2882 1231 3016 1288 facti
3054 1247 3286 1298 sumus;
3311 1233 3444 1304 quin
3476 1242 3532 1288 et

1938 1323 2295 1396 iniquitatem
2322 1325 2610 1396 cogitavit,
2647 1339 2712 1380 ac
2731 1325 2777 1380 si
2810 1341 2911 1396 per
2940 1339 3064 1381 sese
3093 1341 3157 1380 ea
3190 1335 3532 1382 consecutus

1937 1423 2110 1477 esset,
2151 1429 2218 1469 ex
2251 1414 2456 1484 quibus
2487 1415 2826 1486 supplicium
2854 1415 3121 1485 patiatur.
3157 1413 3390 1486 Propter
3417 1416 3534 1470 haec

1938 1507 2078 1561 venit
2103 1506 2187 1560 ira
2215 1505 2313 1560 Dei
2332 1507 2388 1560 in
2415 1505 2562 1576 ﬁlios
2592 1505 2901 1577 difﬁdentia:
2926 1506 3146 1579 (Ephes.
3187 1524 3246 1572 ν,
3285 1508 3360 1579 6).
3396 1506 3534 1562 Pro-

1940 1607 2062 1669 pter
2104 1599 2240 1664 haec,
2301 1599 2388 1653 vel
2412 1597 2698 1653 clauditur
2741 1599 2967 1664 cmlum,
3005 1600 3089 1654 vel
3133 1599 3188 1654 in
3224 1600 3535 1670 perniciem

1941 1699 2194 1747 nostram
2219 1690 2486 1762 aperitur.
2511 1690 2652 1756 Quid
2685 1690 2754 1746 ad
2774 1692 2889 1746 haec
2915 1691 3296 1761 dicemus,qui
3334 1707 3535 1745 aurum

1942 1791 1998 1838 et
2025 1790 2344 1852 argentum,
2396 1783 2544 1840 haud
2615 1797 2781 1839 secus
2825 1798 2892 1838 ac
2943 1783 3021 1838 illi
3055 1785 3340 1855 quondam
3375 1782 3533 1846 Baal,

243 1891 344 1961 νὴν
367 1866 640 1960 αἴροντες,
671 1884 768 1939 καὶ
801 1883 878 1955 μὴ
906 1880 1254 1952 λογιζόμενοι
1279 1879 1372 1932 τὸν
1388 1877 1480 1930 ἐπὶ
1511 1877 1647 1930 πᾶσι
1677 1873 1835 1939 Θεδν,

1953 1873 2270 1930 adoramus?
2293 1874 2389 1945 qui
2451 1889 2797 1945 gemmarum
2848 1875 3041 1929 luxum
3087 1883 3142 1930 et
3178 1874 3535 1943 splendorem

243 1983 426 2039 καὶτὸ
458 1979 756 2050 ἀπρόσιτον
779 1975 916 2047 ὑψος
968 1974 1071 2045 τῆς
1099 1970 1365 2042 ἀληθινῆς
1409 1966 1717 2040 βασιλείας,
1751 1966 1842 2020 ἵνα

240 2078 322 2140 ὡς
358 2073 668 2148 ὁμοδούλων
727 2070 837 2125 τῶν
883 2066 1146 2138 ὑπηκόων
1189 2064 1460 2136 ἄρχωσιν,
1495 2062 1547 2115 οἱ
1577 2059 1682 2130 τῆς
1716 2057 1841 2128 ίσης

242 2168 496 2241 δεόμενοι
553 2162 1007 2236 φιλανθρωπίας;
1061 2158 1258 2213 σκόπει
1319 2155 1377 2210 δέ
1444 2153 1671 2226 μοικαὶ
1698 2151 1842 2241 robo

245 2236 849 2317 κατασπαταιῶντας
898 2253 1000 2308 ἐπὶ
1027 2249 1256 2307 κλινῶν
1300 2246 1734 2317 ἐλεφαντίνων,
1763 2236 1840 2298 ὧν

247 2350 434 2415 καλῶς
459 2353 489 2404 6
511 2349 658 2413 θεῖος
703 2345 888 2417 Ἀμὼς
942 2344 1311 2410 καθάπτεται,
1356 2339 1460 2396 καί
1516 2339 1590 2394 τὰ
1636 2335 1842 2408 πρῶτα

239 2445 406 2515 μύρα
428 2443 808 2514 χρωμένους.

1942 1965 2353 2036 persequimur,
2390 1973 2683 2037 vestesque
2732 1966 2926 2022 molles
2952 1976 3006 2023 et
3047 1967 3383 2034 diﬂluentes,
3412 1983 3538 2038 qua:

1944 2073 1975 2113 a
2013 2058 2179 2114 tineis
2204 2058 2600 2123 absumuntur,
2624 2066 2679 2114 et
2702 2057 3018 2114 latronibus
3049 2061 3436 2132 tyrannisque.
3471 2073 3536 2114 ac

1944 2149 2163 2205 furibus
2188 2149 2615 2205 reconduntur?
2652 2151 2747 2222 qui
2809 2166 3097 2207 servorum
3131 2163 3186 2208 et
3219 2152 3537 2238 quadrupe—

1944 2242 2076 2298 dum
2107 2243 2374 2313 gregibus
2423 2242 2739 2313 gestimus?
2787 2245 2886 2314 qui
2944 2243 3261 2302 latifundiis
3282 2253 3338 2301 et
3373 2260 3536 2300 mon‘
3633 2242 3637 2245 ’

1948 2335 2098 2392 tibus
2131 2335 2454 2402 dilatamur,
2489 2344 2656 2408 atque
2675 2327 2783 2391 alia
2823 2335 2937 2407 iam
2974 2336 3274 2402 habemus,
3304 2337 3411 2392 alia
3437 2336 3539 2391 ad-

1943 2425 2266 2496 iungimus?
2298 2424 2440 2494 Quid
2505 2441 2637 2482 vero
2693 2425 2901 2481 dicturi
2959 2435 3118 2494 sunt,
3155 2427 3250 2498 qui
3284 2427 3541 2483 sublimi-

243 2537 357 2592 bus
391 2536 620 2592 thronis
649 2532 918 2597 insident,
944 2529 1280 2603 imperiique
1299 2530 1510 2586 larvam
1538 2525 1838 2583 attollunt?
1862 2521 1962 2594 qui
1991 2532 2094 2576 nec
2131 2519 2386 2574 omnium
2435 2519 2741 2590 principem
2785 2517 2983 2584 Deum,
3032 2534 3136 2575 nec
3190 2520 3540 2576 inaccessum

241 2631 368 2686 veri
424 2629 585 2702 regni
652 2627 934 2700 fastigium
987 2613 1270 2697 reputant,
1301 2633 1365 2681 ut
1422 2621 1713 2681 conservis
1791 2627 2055 2689 tanquam
2103 2613 2347 2672 subditis
2418 2613 2734 2684 imperent,
2801 2612 2994 2668 eadem
3059 2611 3166 2683 ipsi
3247 2612 3541 2666 clementia

242 2722 608 2796 indigentes?
639 2721 764 2777 Jam
795 2734 892 2776 eos
919 2734 1146 2792 quoque
1189 2719 1325 2775 mihi
1367 2715 1665 2774 considera
1719 2726 1864 2785 quos
1916 2711 2142 2767 divinus
2202 2707 2375 2762 Amos
2437 2706 2656 2779 egregie
2701 2705 3048 2777 perstringit,
3100 2704 3200 2776 qui
3265 2704 3320 2759 in
3387 2705 3541 2760 lectis

239 2816 496 2872 eburneis
519 2813 866 2880 deliciantur,
893 2813 1182 2882 primisque
1197 2810 1488 2882 unguentis
1509 2806 1906 2878 perfunduntur
1927 2803 2112 2876 (Amos
2147 2815 2222 2866 vr,
2255 2799 2359 2870 4.).

323 2907 513 2974 me,“
532 2905 736 2976 σωτῆς
758 2904 968 2976 cupa;
991 2903 1056 2958 τὸ
1083 2903 1243 2975 θέρος
1268 2918 1282 2933 ·
1304 2900 1536 2972 Πικρίαν
1555 2899 1845 2970 ἔσπειραςς

2027 2895 2090 2949 S.
2127 2888 2248 2945 Nili
2302 2888 2382 2945 vel
2446 2886 2506 2946 S.
2547 2887 2705 2960 (ἶνες.
2746 2886 3004 2958 Nysseni,
3055 2886 3172 2942 vide
3213 2895 3355 2944 orat.
3385 2886 3440 2954 6,
3464 2885 3542 2941 De

242 2999 458 3072 δρέπου
509 2996 582 3050 τὰ
627 2995 925 3068 δράγματα
945 3009 962 3025 ο
1009 2992 1072 3047 τδ
1131 2991 1351 3055 ἀνελιές
1405 2989 1714 3062 tulitque;
1756 2987 1845 3058 lx:

1957 2984 2098 3040 beat.
2127 3012 2198 3024 --
2221 2981 2453 3053 Dignam
2519 2989 2774 3038 semente
2825 2995 3067 3038 messem
3123 2979 3286 3036 facis.
3313 2980 3543 3035 Acerbi-

243 3095 391 3164 ὂπερ
412 3091 735 3162 ἠγάπησας.
771 3087 1016 3157 Ἔφυγες
1043 3085 1138 3140 τὸν
1187 3084 1372 3149 ῐλεον;
1405 3081 1670 3153 φεύξεταί
1695 3098 1756 3134 σε
1784 3079 1845 3134 τὸ

1955 3082 2125 3132 tatem
2163 3073 2500 3131 seminasti?
2553 3073 2869 3144 manipulos
2901 3073 3121 3143 collige.
3155 3073 3543 3128 inhumanita-

244 3185 426 3245 ἔλεος.
467 3178 775 3247 Ἐδδελύξω
809 3179 903 3233 τὸν
928 3177 1151 3248 πτωχόν
1180 3191 1198 3246 ;
1243 3173 1598 3248 βδελύσσεταί
1626 3189 1687 3226 σε
1716 3173 1746 3226 6
1770 3169 1842 3225 δι’

249 3277 406 3350 ημᾶς
429 3272 779 3345 πτωχεύσεις.

327 3531 526 3602 Οὑδείς
584 3549 723 3588 ποτε
776 3529 1085 3604 κερδαίνειν
1131 3511 1344 3599 flueret
1392 3525 1580 3597 κόρος,
1618 3522 1756 3578 ἀλλὰ
1789 3522 1849 3578 τὺ

246 3629 348 3684 ἀεὶ
412 3625 856 3698 λαμϐανόμενον,
900 3622 1004 3693 ὑλη
1059 3621 1158 3676 καὶ
1207 3619 1542 3690 ὑπέκκαυμα
1599 3616 1704 3689 τῆς
1751 3615 1848 3672 τοῦ

247 3721 506 3784 πλείονος
527 3719 831 3789 ἐπιθυμίας
857 3715 1210 3772 καθίσταται.

327 3814 423 3886 Μὴ
451 3813 648 3884 ἀπόρει
678 3813 808 3877 τοὺς
833 3810 1100 3882 πένητας.
1131 3807 1460 3881 Είσέρχεται
1499 3807 1528 3860 6
1558 3806 1730 3877 πένης
1769 3804 1851 3868 είς

246 3906 358 3976 τὴν
391 3904 562 3976 αὐλήν
598 3920 696 3958 σου
746 3901 930 3974 ζητῶν
998 3899 1244 3973 ἐντολὴν,
1292 3901 1389 3954 καὶ
1418 3897 1704 3953 ἀναλίσκει
1756 3896 1851 3950 δύο

247 3997 409 4069 ὥρας
441 3997 612 4068 μηδὲν
635 3995 840 4051 λαϐών.
871 3995 987 4050 Καὶ
1013 3994 1188 4049 ἐνίοτε
1225 3992 1541 4056 ἐπιτάττεις
1575 3989 1656 4062 τῷ
1677 3991 1851 4060 δούλῳ

249 4107 360 4145 σου
392 4090 576 4161 βαλεῖν
627 4089 792 4144 αὑτὸν
840 4087 968 4153 ἔξω.
1024 4086 1142 4141 Οὑκ
1185 4085 1430 4158 ἤκουσας
1470 4084 1568 4139 τοῦ
1604 4082 1848 4156 Χριστοῦ

246 4183 516 4253 λέγοντος
531 4199 544 4214 ·
566 4183 672 4250 Ε’ίς
693 4180 774 4252 ἣν
802 4181 854 4235 δ’
885 4181 963 4236 ἂν
982 4181 1168 4236 πόλιν
1186 4178 1535 4248 εἰσέρχεσθε
1564 4177 1604 4247 ἣ
1626 4177 1846 4243 οὶκίαν,

247 4276 467 4332 clarure
493 4273 576 4342 τῷ
603 4275 748 4343 οίκφ
772 4273 1001 4341 ἐκείνῳ·
1033 4273 1263 4343 Εἰρήνη
1289 4271 1452 4342 ὑμῖν.
1485 4271 1596 4327 Καί
1623 4271 1702 4327 ἂν
1735 4269 1852 4340 μὲν

247 4365 352 4442 ﬁn
379 4368 541 4423 οίκία
567 4368 712 4434 ἀξία
739 4366 1008 4436 ειρήνης,
1039 4366 1078 4434 ἢ
1104 4364 1315 4435 εἰρήνη
1339 4362 1507 4434 ὑμῶν
1520 4364 1615 4418 ἐπ’
1632 4361 1846 4428 αὐτὴν

250 4465 308 4517 εί
325 4460 399 4514 δὲ
423 4458 534 4530 μὴ,
552 4456 907 4523 ἐκτινάξατε
922 4457 1020 4511 καί
1040 4455 1150 4509 τὸν
1174 4455 1491 4523 κονιορτὸν
1512 4451 1632 4508 τῶν
1645 4450 1852 4506 ποδῶν

1956 3164 2304 3221 temcoluisti
2336 3163 2530 3218 ihabe
2593 3163 2747 3233 quod
2818 3163 3045 3220 amasti.
3097 3161 3544 3218 Misericordiain

1874 3217 1919 3276 θ
1952 3255 2146 3326 fugisti
2173 3255 2196 3310 ἲ
2222 3217 2689 3310 misericordia‘te
2720 3253 2916 3326 fugiet.
2950 3253 3258 3327 Pauperem
3285 3269 3546 3310 exsecra-

1951 3355 2043 3404 tus
2071 3347 2169 3405 es?
2201 3346 2591 3403 exsecrabitur
2646 3352 2703 3402 te
2733 3346 2830 3402 ille
2868 3347 2964 3417 qui
2999 3344 3180 3402 nostri
3201 3337 3370 3401 causa
3407 3361 3546 3417 pau-

1949 3446 2222 3511 pertatem
2250 3437 2448 3494 subiit.

2025 3530 2189 3587 Nulla
2222 3543 2467 3601 unquam
2519 3528 2754 3586 satietas
2799 3527 2983 3584 oritur
3015 3542 3030 3580 :
3059 3541 3255 3584 verum
3307 3525 3362 3583 id
3391 3526 3544 3598 quod

1952 3640 2174 3697 semper
2204 3623 2536 3690 assumitur,
2585 3623 2747 3696 plura
2799 3622 3238 3696 concupiscendi
3283 3625 3545 3679 materies

1951 3727 2006 3774 et
2040 3717 2219 3774 fomes
2251 3715 2509 3772 efﬁcitur.

2022 3809 2086 3866 S.
2137 3809 2528 3882 Chrysostomi.
2566 3837 2638 3849 —
2691 3806 2978 3879 Pauperes
3038 3824 3110 3866 ne
3170 3807 3545 3866 abdicaveris.

1953 3899 2269 3974 Ingreditur
2321 3901 2380 3958 in
2411 3899 2718 3958 tuasades
2749 3915 2961 3972 pauper
3006 3902 3212 3974 stipem
3265 3903 3547 3972 qumrens‘,

1951 4000 2008 4050 et
2043 3993 2184 4050 duas
2210 3995 2376 4049 horas
2403 3992 2614 4050 frustra
2663 3994 2920 4049 insumit.
2951 3992 3100 4060 Quin
3132 3995 3302 4049 etiam
3339 3992 3548 4049 famulo

1954 4085 2233 4142 interdum
2263 4087 2507 4156 imperas
2541 4096 2636 4141 tuo
2671 4093 2734 4140 ut
2763 4101 2891 4142 eum
2917 4087 3177 4140 extrudat
3206 4087 3390 4142 domo.
3422 4083 3546 4141 Non

1951 4178 2238 4238 Christum
2277 4178 2555 4234 dicentem
2599 4177 2771 4250 496
2803 4177 3049 4233 audisti?
3097 4176 3164 4233 In
3180 4194 3548 4249 quamcunque

1951 4270 2170 4326 domum
2213 4269 2563 4334 intraveritis,
2611 4270 2770 4323 dicite
2809 4269 2933 4323 huic
2969 4272 3155 4325 domui
3187 4287 3206 4325 :
3236 4270 3358 4326 Pax
3375 4271 3545 4326 vobis.

1954 4359 2025 4415 Et
2055 4363 2102 4416 si
2125 4361 2288 4431 fuerit
2316 4360 2417 4414 illa
2444 4361 2637 4416 domus
2689 4360 2854 4432 digno
2889 4375 3039 4430 pace,
3082 4363 3369 4432 requiescet
3391 4378 3550 4434 super

1953 4472 2071 4512 eam
2097 4453 2205 4526 pair
2224 4464 2401 4509 uestra
2429 4470 2450 4509 :
2479 4454 2564 4508 sin
2585 4460 2783 4518 autem,
2811 4455 3044 4509 excutite
3078 4456 3241 4508 etiam
3280 4455 3548 4524 pulverem

253 4555 450 4628 ὑμῶν.
482 4552 672 4624 ’Λμὴν
715 4550 874 4622 λέγω
920 4549 1065 4620 ὑμῖν
1083 4564 1096 4577 '
1129 4548 1526 4616 ἀνεκτότερον
1567 4546 1743 4602 ἔσται
1771 4543 1845 4616 τῇ

1955 4547 2147 4618 pedum
2172 4555 2491 4602 uestrorum.
2524 4547 2694 4600 Amen
2730 4547 2852 4601 dico
2879 4546 3046 4612 vobis,
3084 4546 3424 4602 tolerabilius
3447 4547 3548 4602 erit

253 4646 544 4715 Σοδόμων
569 4642 670 4698 καὶ
716 4642 1042 4713 Γομόρρων
1081 4636 1263 4708 ἐν.τῇ
1325 4638 1518 4709 ἡμέρᾳ
1549 4637 1780 4706 ἐκείνῃ,
1809 4635 1851 4705 ἢ

252 4737 342 4804 τῷ
368 4737 516 4804 οῑκῳ
539 4735 773 4802 ἐκείνῳ.
827 4733 1150 4804 Είσὲρχεται
1197 4729 1370 4800 πένης
1423 4729 1505 4793 είς
1545 4728 1646 4802 τὴν
1681 4729 1854 4799 αὐλήν

255 4848 382 4893 σου,
410 4829 510 4884 καὶ
543 4828 856 4890 ἐπιτάττεις
877 4825 958 4897 τῷ
988 4824 1164 4895 δούλῳ
1197 4840 1292 4878 σου
1317 4821 1504 4894 βαλεῖν
1535 4822 1703 4876 αὑτὸν
1724 4821 1850 4888 ἔξω.

268 4918 417 4973 Ἀλλ’
450 4917 552 4972 οὑκ
577 4911 753 4984 οἶδας,
783 4917 866 4970 ὅτι
896 4914 994 4969 ἐὰν
1028 4913 1199 4986 βάλῃς
1223 4913 1314 4968 τὸν
1345 4913 1559 4983 πένητα
1591 4911 1719 4980 ἔξω,
1761 4912 1853 4966 τδν

252 5011 499 5084 Χριστὸν
519 5010 770 5078 ἐδίωξας;
801 5009 976 5073 Αὐτὸς
997 5008 1109 5080 γὰρ
1136 5001 1313 5061 εἶπεν·
1334 5005 1408 5060 "0
1434 5022 1490 5060 τι
1509 5005 1604 5060 ἐνί
1627 5006 1856 5061 τούτων

253 5103 383 5160 τῶν
413 5101 701 5173 ἀδελφῶν
727 5119 847 5172 μου
891 5099 1244 5167 ἐποιήσατε,
1297 5098 1444 5178 ,ἐμοὶ
1498 5096 1852 5168 ἐποιήσατε.

269 5197 462 5268 Ὁρᾷς,
513 5196 598 5250 ὅτι
646 5193 746 5248 ἐὰν
784 5193 1018 5265 ὑϐρίσῃς
1059 5191 1154 5247 τδν
1209 5192 1445 5262 πένητα,
1491 5191 1585 5246 τὸν
1616 5190 1856 5265 Χριστὸν

257 5289 540 5361 ἠτίμασας
571 5307 588 5355 ;
622 5287 811 5342 Ταῦτα
839 5286 1007 5356 λέγω,
1066 5284 1165 5339 καὶ
1185 5283 1363 5353 λέγων
1410 5283 1474 5336 οὐ
1530 5282 1815 5354 παύσομαι
1839 5297 1853 5312 ⁸

254 5383 388 5453 ἐμοὶ
430 5381 532 5452 μέν
551 5381 614 5434 τὺ
662 5378 847 5450 λέγειν
899 5377 1002 5431 οὑκ
1038 5375 1294 5449 ὀκνηρὸν,
1330 5377 1461 5447 ὑμῖν
1503 5374 1562 5430 δὲ
1591 5374 1854 5444 ἀσφαλές.

255 5475 339 5530 Οὑ
369 5473 654 5544 παύσομαι
710 5472 856 5544 ὑμᾶς
906 5468 1204 5536 παιδεύων,
1234 5468 1341 5532 ἕως
1379 5460 1442 5522 οὗ
1479 5466 1727 5538 βελτίους
1754 5465 1858 5535 ,γί-

260 5565 442 5621 νεσθε.
476 5560 706 5630 Βλέπεις
737 5564 970 5634 πένητα,
994 5561 1093 5617 καὶ
1123 5561 1224 5616 οὑκ
1246 5560 1455 5628 ἐλεεῑς;
1483 5560 1606 5623 Πῶς
1633 5558 1856 5630 είσέρχῃ

257 5657 342 5721 είς
382 5656 482 5728 τὴν
529 5656 848 5728 ἐκκλησίαν,
911 5655 1007 5709 καὶ
1068 5651 1242 5726 εὑχῃξ
1295 5653 1416 5716 πῶς
1439 5653 1501 5707 τὸ
1537 5653 1716 5722 στόμα
1763 5668 1856 5705 σου

257 5748 522 5817 ἀνοίγεις,
577 5749 680 5802 καὶ·
727 5746 962 5818 ἐπικαλῇ
1026 5745 1118 5800 τὸν
1171 5745 1305 5798 Θεόν
1378 5761 1511 5812 σου;
1565 5744 1639 5799 Οὐ
1680 5743 1858 5814 φοὸᾗ;

258 5840 330 5896 οὑ
356 5840 702 5913 τρέμεις;οὑ
726 5839 996 5906 δὲδοικας;
1026 5837 1266 5910 Είσέρχῃ
1301 5837 1378 5902 είς
1418 5838 1518 5909 τὴν
1556 5836 1857 5911 ἐκκλησίαν

1959 4649 2116 4696 terra
2143 4637 2502 4696 Sodomorum
2548 4647 2601 4694 et
2646 4636 3068 4694 Gomorrlta'rum
3116 4640 3171 4694 in
3220 4640 3309 4692 die
3321 4639 3547 4710 judicii,

1956 4749 2116 4804 quam
2146 4731 2331 4787 domui
2373 4731 2459 4786 illi
2518 4730 2731 4801 (Hattlt.
2764 4747 2823 4798 ι,
2859 4730 3076 4800 1245).
3101 4729 3418 4800 Ingreditur
3451 4729 3551 4785 do-

1957 4840 2108 4880 mum
2149 4833 2301 4880 tuam
2321 4834 2552 4895 pauper,
2583 4832 2636 4880 et
2668 4837 2834 4879 servo
2857 4822 3119 4893 praecipis
3148 4829 3209 4877 ut
3242 4837 3369 4878 eum
3398 4821 3549 4877 l‘oras

1957 4916 2168 4988 eiiciat.
2234 4916 2321 4972 An
2385 4915 2635 4988 ignoras,
2667 4913 2716 4971 si
2755 4929 3057 4986 pauperem
3111 4914 3442 4975 excluseris.
3496 4923 3552 4970 te

1957 4991 2249 5065 Christum
2293 5005 2614 5079 pepulisse?
2673 5004 2858 5078 Ipsius
2891 5005 3042 5062 enim
3093 5021 3200 5062 vox
3227 5015 3360 5063 est:
3398 5006 3553 5073 Quod

1956 5102 2053 5156 uni
2096 5115 2162 5155 ea:
2216 5099 2300 5156 his
2330 5100 2595 5171 fratribus
2651 5101 2783 5156 meis
2827 5100 3067 5171 fecistis,
3126 5101 3259 5156 milii
3321 5100 3549 5170 fecistis.

1959 5191 2180 5265 (lauit.
2215 5209 2347 5260 xxv,
2372 5193 2488 5265 40).
2525 5193 2766 5250 Videsne
2815 5192 3306 5264 quemadmodum,
3341 5194 3387 5250 si
3419 5209 3552 5264 erga

1958 5301 2257 5358 pauperem
2285 5285 2730 5342 contumeliosus
2760 5283 2866 5350 sis,
2901 5283 3129 5342 Christo
3170 5285 3438 5355 iniuriam
3470 5285 3554 5340 l‘e-

1960 5378 2090 5432 cisti
2119 5376 2293 5433 Hisce
2332 5377 2481 5444 dico,
2510 5393 2616 5434 nec
2636 5377 2823 5435 dicere
2853 5377 3131 5434 desinam.
3163 5375 3299 5430 Mihi
3326 5375 3552 5447 quidem

1959 5469 2113 5540 loqui
2141 5485 2252 5526 non
2284 5470 2524 5542 pigrum,
2551 5470 2712 5526 vobis
2739 5479 2929 5526 autem
2965 5477 3170 5525 tutum.
3206 5465 3400 5523 Finem
3426 5484 3555 5525 eru-

1961 5561 2150 5618 diendi
2183 5577 2280 5618 vos
2329 5576 2444 5617 non
2491 5571 2626 5618 ante
2682 5560 2908 5629 faciam,
2931 5576 3100 5634 quam
3127 5560 3393 5618 meliores
3426 5576 3554 5618 esse

1962 5653 2140 5710 factos
2201 5669 2569 5726 conspexero.
2620 5653 2930 5728 Pauperem
2983 5653 3164 5720 vides,
3204 5667 3308 5709 nec
3335 5651 3458 5724 eius
3497 5661 3554 5708 te

1963 5746 2366 5814 m_iserit?Qua
2405 5746 2588 5803 fronte
2617 5747 2912 5804 ecclesiam
2959 5745 3289 5818 ingrederis,
3337 5755 3392 5800 et
3421 5753 3550 5801 vota

1967 5838 2141 5897 lacis?
2171 5854 2280 5911 qua
2318 5839 2500 5898 fronte
2525 5856 2590 5897 os
2618 5841 2832 5912 aperis,
2859 5849 2914 5898 et
2944 5841 3038 5897 Dei
3069 5854 3226 5910 opem
3251 5838 3551 5911 impletas?
