4028 6400
322 395 459 460 im!)
1627 397 1861 458 SACRA

2003 397 2178 457 RALI
2203 397 2369 458 ΕΒΔ.
3470 393 3609 458 1510

318 513 429 579 Τὴν
451 509 558 580 γὰρ
584 507 814 579 καρδίαν
844 509 1035 580 ὲξερευ
1048 509 1103 579 κᾷ
1127 508 1217 562 καὶ
1246 504 1407 563 οἶδεν.
1441 510 1790 580 Ἀνθρωπος
1805 507 1894 582 γὰε

2027 524 2202 564 necne
2246 501 2534 579 Siquidem
2587 520 2854 583 scriptum
2897 519 3020 566 est:
3060 509 3312 578 Loquere
3348 507 3404 563 in
3439 518 3607 563 aures

320 600 530 668 ὄψεται
549 602 638 665 είς
661 600 1010 668 πρόσωπον,
1047 599 1192 666 Θεὸς
1221 600 1290 655 δὲ
1313 604 1400 668 είς
1428 603 1704 671 καρδίαν.

2023 602 2394 659 audientium.
2424 605 2850 676 lnobsequentia
2907 613 3142 661 mortem
3173 605 3341 676 parit.
3368 603 3607 658 Viduam
3677 649 3690 678 ε

320 691 472 744 illam
523 691 866 746 aemulantini
923 707 1048 762 qua:
1107 693 1250 750 duos
1279 695 1480 751 obolos
1520 696 1676 750 dedit
1707 695 1910 766 (Marc.
1940 711 2040 760 xu,
2073 695 2190 766 43).
2224 696 2420 752 Videte
2469 714 2582 770 qua
2640 701 2856 758 ratione
2908 700 3146 770 iustitiae
3189 699 3408 755 laudem
3472 713 3609 752 cou-

321 790 514 838 secuta
541 789 650 838 est.
709 780 856 838 Duos
901 783 1096 838 obolos
1124 800 1235 839 non
1279 786 1683 841 habes?unum
1713 787 1802 841 da.
1842 786 1899 841 Si
1931 804 2001 843 ne
2037 803 2208 842 unum
2257 790 2506 860 quidem,
2558 790 2628 846 da
2687 792 2832 862 quod
2886 792 3078 848 habes.
3126 792 3203 846 Da
3265 792 3348 848 vel
3406 805 3607 860 panem
3676 773 3694 790 ’

319 892 515 930 unum.
550 877 862 947 lngemisce
917 875 1132 945 saltem,
1168 893 1297 932 cum
1335 894 1632 951 pauperem
1681 878 1907 949 vidisti;
1937 889 2102 952 atque
2156 887 2338 938 oratio
2395 893 2489 939 tua
2541 893 2697 957 grata
2755 893 2812 942 et
2866 894 3092 955 accepta
3147 885 3276 944 crit.
3311 883 3419 950 Qui
3454 883 3606 938 enim

317 967 510 1024 cordis
541 969 983 1042 uniuscujusque
1015 986 1224 1026 arcana
1257 975 1432 1040 novit,
1459 975 1553 1045 qui
1589 975 1697 1032 scit
1720 977 1914 1030 omnia
1950 987 2247 1050 antequam
2301 981 2576 1048 oriantur,
2648 983 2998 1053 exploratum
3038 981 3201 1036 habet
3245 980 3505 1034 daturum
3549 987 3606 1032 te

319 1061 519 1124 fuisse.
586 1061 631 1116 si
694 1062 952 1118 haberes.
1009 1060 1148 1117 Nam
1188 1077 1287 1120 cor
1315 1075 1597 1122 scrutatur
1635 1077 1695 1124 et
1729 1068 1906 1124 novit.
1938 1068 2110 1124 Homo
2138 1073 2285 1127 enim
2343 1073 2482 1130 videt
2539 1075 2596 1129 in
2647 1075 2864 1144 faciem,
2917 1075 3060 1131 Deus
3127 1083 3304 1130 autem
3367 1076 3606 1128 intuetur

317 1169 413 1207 cor
439 1152 492 1225 (Ι
511 1151 641 1224 Reg.
672 1170 784 1219 XVI,
821 1154 898 1226 7).

367 1270 439 1324 Τί
486 1271 896 1338 ματαιοπονεῐς,
947 1265 994 1325 ὧ
1047 1272 1293 1342 πλούσιε,
1317 1275 1386 1330 τά
1424 1275 1533 1332 τῶν
1563 1279 1818 1348 πενήτων
1853 1277 1911 1333 ἐν

311 1359 428 1420 τοῖς
477 1359 591 1422 σοῖς
642 1360 1052 1432 ἁποκρύπτων;
1094 1365 1148 1419 τί
1176 1367 1498 1439 αἰτούμενος
1540 1369 1669 1443 παρ’
1704 1370 1906 1438 αὐτῶν,

311 1451 652 1518 ἀγανακτεῖς
705 1454 784 1517 ὡς
828 1457 1044 1510 οἴκοθεν
1112 1459 1458 1530 ἀναλίσκων;
1521 1462 1592 1516 τὰ
1676 1462 1910 1534 πατρῷα

311 1541 586 1607 θέλουσιν,
619 1543 682 1596 ού
710 1545 780 1599 τὰ
803 1548 872 1602 σά
896 1563 909 1576 ·
941 1548 1011 1602 τὰ
1032 1549 1451 1623 ἐγχειρισθέντα
1492 1571 1574 1608 σοι
1601 1554 1668 1608 δι’
1689 1556 1906 1623 αὐτοὺς,

308 1631 374 1683 οὐ
413 1635 554 1704 μετὰ
581 1633 678 1690 σοῦ
712 1637 1048 1711 γεννηθέντα
1078 1641 1292 1708 ἔλαϐες.
1323 1645 1424 1708 Δὸς
1455 1647 1548 1700 καὶ
1561 1647 1660 1718 τὴν
1677 1648 1902 1720 χρῆσιν·

313 1725 604 1797 κερδανον,
637 1731 732 1785 καὶ
761 1731 927 1802 ἀρκεῖ
981 1749 1086 1802 σοι,
1129 1736 1212 1790 δτι
1256 1736 1459 1794 διδόναι
1501 1740 1561 1793 οὐ
1605 1739 1904 1812 λαμϐάνειν

311 1820 720 1895 προσετάχθης.

392 2023 564 2078 Αὐτοῦ
593 2026 650 2078 αἱ
679 2025 932 2098 ἁρπαγαὶ
958 2029 1052 2082 καὶ
1079 2027 1256 2084 ἄλλων
1287 2031 1344 2085 αί
1392 2030 1598 2105 ἡδοναί.
1639 2031 1816 2087 Αὐτοῦ
1849 2035 1904 2088 αἱ

311 2113 579 2184 κατάραι,
616 2117 710 2169 καὶ
751 2116 929 2171 ἄλλων
975 2119 1033 2172 ad.
1093 2119 1408 2192 θεραπεῖαι.
1462 2122 1599 2177 Κατ’
1645 2121 1812 2177 αὐτοῦ
1853 2124 1904 2177 οί

313 2206 768 2276 στεναγμοὶίκαὶ
831 2210 965 2282 παρ’
1018 2211 1229 2284 ἑτέροις
1278 2217 1326 2268 οἱ
1366 2215 1720 2287 πλεονασμοί.
1765 2218 1903 2272 Κατ’

308 2296 482 2350 αὐτοῦ
503 2297 572 2352 τά
604 2298 839 2372 δάκρυα,
871 2303 966 2356 καὶ
997 2304 1127 2376 παρ’
1153 2306 1364 2377 ἑτέροις
1394 2306 1463 2361 τά
1483 2309 1766 2380 χρήματα.
1797 2309 1904 2362 Αύ-

307 2390 408 2454 τδς
433 2393 491 2446 ὲν
513 2391 618 2466 ᾅδῃ
647 2393 960 2462 κολάζεται,
997 2399 1092 2451 καὶ
1115 2398 1265 2453 ἄλλοι
1297 2398 1558 2463 πολλάκις
1585 2402 1644 2456 ἐν
1663 2404 1776 2466 τοῖς
1805 2402 1902 2457 αύ-

307 2487 409 2542 τοῦ
444 2489 760 2561 τρυφῶντες
779 2491 1099 2560 ψάλλουσιν.

383 2605 614 2672 Λέοντες
677 2606 797 2678 μὲν,
824 2608 923 2663 καὶ
954 2609 1171 2680 ἄρκτοι,
1207 2609 1304 2663 καὶ
1341 2609 1658 2681 παρδάλεις,
1688 2613 1748 2666 ὲν
1804 2612 1901 2684 μέ-

312 2714 438 2762 σαις
460 2700 579 2764 ταῖς
601 2698 812 2764 πόλεσι,
853 2700 1000 2766 τίνος
1051 2701 1213 2773 χάριν
1249 2701 1551 2773 φιλοτίμως
1580 2703 1898 2772 σιτίζονται,

309 2792 342 2844 ὁ
368 2791 425 2844 δὲ
460 2791 678 2861 πτωχὸς
735 2793 834 2846 ἐπὶ
883 2793 980 2848 τοῦ
1035 2793 1268 2864 ἐδάφους
1308 2794 1470 2864 ἕρπει
1517 2796 1896 2868 συντετηκώςς

312 2884 428 2938 Καὶ
485 2885 516 2936 ὁ
559 2883 700 2939 λέων
755 2884 1094 2957 θαλπόμενος
1136 2886 1247 2940 τῶν
1271 2886 1549 2957 δημοσίων
1591 2887 1769 2959 κρεῶν
1801 2887 1901 2960 τὴν

308 2973 540 3030 κνίσσαν
564 2975 872 3046 ἐρεύγεται.
914 2971 1140 3043 Οὖτινος
1165 2979 1263 3049 τὴν
1290 2977 1483 3050 χρείαν
1502 2979 1597 3033 ἐὰν
1614 2981 1896 3052 ὲρωτήσω,

307 3067 516 3138 μᾶλλον
564 3069 1073 3142 ὲγκαλυφθήσομαι.
1119 3071 1339 3144 Θηρίων
1367 3071 1478 3143 γὰρ
1515 3072 1738 3138 ὀδόντας
1769 3074 1900 3130 ἀκο-

316 3157 476 3215 ιῶσιν
512 3162 561 3214 οἱ
585 3161 865 3234 ἄνθρωποι
892 3163 1035 3219 κατὰ
1062 3163 1389 3236 ἀνθρώπων.

376 3362 470 3433 Hi]
499 3379 588 3433 μοι
611 3361 764 3431 λέγε,
793 3362 876 3417 ὅτι
908 3361 1110 3417 Πενίαν
1151 3362 1448 3435 φοὸοῦμαι.
1479 3363 1678 3419 Πενίαν
1730 3363 1892 3435 (ῥοδῇ,

302 3456 405 3510 καὶ
423 3455 702 3528 ἁμαρτίαν
753 3455 814 3510 οὺ
871 3455 1042 3529 φοσῇ;
1094 3455 1294 3511 Πενίαν
1327 3455 1404 3529 μὴ
1454 3457 1724 3530 φοϐηθῇς,
1775 3457 1895 3513 ἀλλ’

303 3549 582 3622 ἁμαρτίαν
607 3547 943 3620 τῆν’μητέρα
964 3550 1067 3620 τῆς
1082 3549 1380 3615 κολάσεως.
1418 3550 1480 3602 '0
1509 3552 1789 3622 Δεσπότης
1803 3551 1895 3604 αί-

297 3639 642 3710 τείὲντολὴν,
657 3639 752 3693 καὶ
774 3639 837 3692 οὐ
853 3639 1011 3704 δίδως
1025 3636 1374 3710 αύτῷ.”οταν
1397 3639 1508 3711 γὰρ
1534 3639 1776 3710 ἀκούσῃς
1801 3639 1895 3694 ab-

299 3731 396 3786 τοῦ
415 3731 760 3801 λέγοντοςοὍ
785 3749 840 3785 τι
863 3729 956 3785 ἐνί
983 3730 1052 3785 ἐκ
1069 3731 1299 3786 τούτων
1317 3728 1438 3784 τῶν
1461 3729 1744 3800 ἀδελφῶν
1769 3749 1893 3802 μου

300 3825 650 3895 ἐποιήσατε,
669 3825 798 3894 ἐμοὶ
823 3822 1168 3891 ἐποιήσατε,
1188 3823 1312 3896 δρα,
1345 3823 1374 3877 ὅ
1396 3841 1449 3877 τι
1471 3823 1538 3879 ἂν
1552 3823 1659 3893 δῷς
1679 3823 1756 3895 τῷ
1790 3823 1892 3877 πέ-

302 3935 452 3988 νητι,
489 3917 569 3989 τῷ
598 3916 822 3989 Χριστῷ
848 3915 1026 3980 δίδως.
1067 3915 1193 3969 Ἐὰν
1225 3911 1319 3970 οὖν
1347 3915 1422 3986 μὴ
1455 3914 1561 3986 δῷς
1582 3913 1753 3986 αὐτῷ,
1773 3914 1892 3979 πῶς

298 4013 368 4066 σὺ
393 4013 601 4084 αἰτήσῃ
618 4013 678 4064 ὲν
689 4011 875 4083 ἐκείνῃ
895 4012 963 4081 τῇ
979 4009 1188 4082 ἡμέρᾳ,
1204 4009 1293 4063 ἵνα
1313 4008 1513 4080 ἐλεήσῃ
1530 4023 1589 4060 σε
1607 4003 1788 4076 ;*Δρά
1809 4023 1890 4059 σοι

289 4106 402 4160 οὐκ
419 4103 663 4174 ἐγκαλεῖ,
683 4104 766 4157 δτι
793 4099 1097 4158 [Ista-dirui
1123 4118 1194 4166 με
1233 4097 1414 4167 εἶδες,
1454 4098 1554 4153 καί
1581 4099 1695 4153 οὐκ
1720 4097 1884 4167 ἔθρε-

290 4203 461 4269 ψας;
481 4195 758 4270 meone
772 4213 850 4268 με
865 4192 1044 4262 εῖόες,
1063 4194 1164 4250 καὶ
1185 4197 1297 4249 οὐκ
1313 4193 1631 4260 ὲπότισας;
1657 4194 1889 4263 γυμνόν

287 4309 371 4362 με
390 4287 570 4357 εἶδες,
597 4289 696 4345 καί
715 4289 829 4343 οὐκ
859 4287 1196 4354 ἐνέδυσας;
1225 4287 1292 4340 Τί
1309 4290 1428 4359 ,ἄρα
1467 4286 1616 4356 ipsis
1653 4282 1825 4356 αὑτῷ,
1850 4283 1885 4355 ἦ

291 4382 459 4437 ποίαν
505 4379 843 4452 συγγνώμην
889 4379 1073 4452 ἔχειςς
1107 4380 1182 4434 Σὺ
1226 4363 1325 4452 μὲν
1360 4377 1586 4452 σηρικὰ,
1637 4380 1735 4434 καὶ
1790 4376 1888 4432 λαο

291 4474 439 4546 γῷα,
502 4475 597 4528 καὶ
640 4474 829 4543 αίγεια
886 4472 1304 4546 περιϐέϐλησαι,
1327 4472 1424 4527 καὶ
1459 4473 1490 4526 ὁ
1517 4471 1690 4543 πίνης
1718 4471 1886 4544 ῥάκος

2085 1272 2282 1348 Ejusd.
2309 1273 2493 1331 homil.
2521 1277 2576 1330 in
2608 1275 2759 1332 Psal.
2794 1291 3024 1332 xxxvut.
3055 1273 3299 1342 -'Quid
3324 1263 3603 1330 incassum

2017 1368 2270 1436 laboras,
2313 1385 2347 1424 ο
2383 1368 2564 1435 dives,
2599 1382 2658 1426 ut
2699 1385 2826 1442 quae
2875 1386 3180 1442 pauperum
3223 1377 3377 1436 sunt,
3405 1369 3518 1423 tuis
3548 1372 3604 1421 in

2012 1452 2293 1518 thesauris
2321 1462 2602 1519 occultes?
2662 1464 2799 1535 quid
2853 1480 2980 1520 cum
3033 1463 3140 1534 ipsi
3176 1462 3276 1518 abs
3307 1471 3359 1517 te
3389 1469 3602 1532 petunt,

2011 1554 2420 1620 stomacharis,
2450 1562 2713 1625 tanquam
2765 1555 2833 1611 de
2874 1563 2972 1610 tuo
3008 1554 3262 1609 insmnas
3287 1552 3310 1605 ‘i
3338 1554 3480 1606 bona
3512 1565 3611 1620 pa-

2011 1651 2167 1700 terna
2203 1646 2417 1711 volunt,
2453 1661 2562 1702 non
2591 1656 2685 1702 tua
2713 1661 2728 1699 :
2755 1661 2818 1703 ea
2852 1663 2977 1719 ηοω
3006 1647 3106 1701 tibi
3135 1661 3239 1701 sua
3269 1659 3441 1700 causa
3467 1659 3607 1699 con-

2011 1750 2166 1792 cessa
2193 1745 2346 1803 sunt,
2386 1753 2498 1793 non
2529 1754 2653 1809 qua:
2680 1745 2863 1794 tecum
2917 1746 3042 1793 nata
3077 1745 3231 1794 sunt.
3273 1735 3557 1807 Accepisti
3582 1733 3614 1786 ?

1939 1833 1981 1889 Β
2011 1827 2195 1882 tribue
2229 1845 2242 1881 :
2277 1843 2343 1884 ex
2377 1843 2482 1885 usu
2542 1837 2817 1899 quaestum
2856 1829 2964 1884 fac.
3020 1828 3172 1886 Satis
3205 1828 3306 1884 tibi
3335 1837 3426 1885 est
3451 1825 3602 1899 quod

2008 1936 2119 1976 non
2152 1913 2427 1992 accipere,
2459 1920 2557 1978 sed
2584 1923 2926 1994 darejussus
2963 1924 3065 1983 sis.

2081 2029 2274 2102 Ejusd.
2306 2065 2376 2075 —
2408 2030 2587 2104 Hujus
2623 2043 2755 2090 sunt
2787 2036 3017 2107 rapinae,
3055 2035 3290 2090 aliorum
3347 2034 3601 2106 volupta-

2008 2132 2113 2180 tes.
2145 2125 2324 2196 Hujus
2359 2126 2808 2196 malcdictiones,
2850 2128 3079 2183 aliorum
3130 2128 3313 2184 cultus
3347 2136 3401 2185 et
3432 2128 3600 2183 obse-

2005 2216 2157 2288 quia.
2215 2217 2506 2274 Adversus
2551 2234 2677 2273 eum
2735 2221 2996 2290 gemitus,
3051 2220 3194 2292 apud
3241 2219 3382 2275 alios
3428 2219 3602 2274 incre-

2005 2318 2211 2364 menta.
2243 2310 2532 2367 Adversus
2563 2326 2687 2366 eum
2712 2312 2989 2383 lacryrme,
3021 2312 3168 2383 apud
3199 2313 3338 2369 alios
3368 2311 3598 2366 divitiae.

2004 2397 2127 2471 Ipse
2168 2401 2223 2455 in
2251 2398 2470 2457 inferno
2525 2401 2908 2467 excruciatur,
2944 2409 2998 2457 et
3027 2403 3120 2457 alii
3160 2417 3306 2474 smpe
3337 2401 3396 2458 in
3427 2401 3602 2457 bonis

2003 2490 2181 2563 ipsius
2217 2491 2372 2548 luxui
2399 2492 2772 2565 cantibusque
2807 2493 3116 2566 indulgent.

2070 2609 2262 2679 Ejusd.
2290 2640 2359 2652 -—-
2381 2608 2524 2675 Quid
2561 2609 2785 2666 tandem
2819 2617 2905 2666 est
2930 2609 3078 2682 quod
3123 2611 3333 2676 leones,
3373 2619 3429 2666 et
3461 2611 3598 2676 ursi,

2002 2710 2060 2757 et
2077 2701 2231 2771 pardi
2257 2701 2312 2756 in
2343 2701 2542 2757 mediis
2571 2702 2806 2758 urbibus
2837 2703 3133 2772 magniﬁce
3179 2703 3428 2766 aluntur,
3459 2718 3598 2774 pau-

2003 2808 2102 2862 per
2156 2802 2342 2848 autem
2401 2793 2623 2850 tabidus
2676 2793 2834 2848 humi
2868 2793 3059 2864 repit?
3118 2795 3196 2848 Ac
3249 2793 3338 2849 leo
3362 2793 3597 2868 quidem

2003 2884 2206 2942 blande
2249 2884 2493 2952 fovetur,
2551 2893 2609 2942 et
2651 2886 3000 2957 publicarum
3057 2885 3308 2941 carnium
3378 2893 3601 2940 eructat

2005 2976 2298 3042 nidorem;
2338 2990 2548 3046 pauper
2597 2984 2785 3030 autem
2834 2974 2980 3030 fatue
3005 2973 3320 3030 conﬁcitur.
3358 2971 3519 3041 Quod
3547 2971 3600 3029 si

2003 3069 2235 3138 hujusce
2273 3084 2497 3140 quoque
2524 3067 2605 3124 rei
2635 3083 2864 3126 causam
2891 3067 3175 3134 scisciter,
3213 3067 3453 3140 amplius
3476 3082 3603 3121 eru-

1927 3193 1973 3255 ο
2005 3160 2250 3217 bescatn.
2289 3157 2428 3216 Nam
2465 3159 2772 3216 bestiarum
2802 3160 2999 3217 dentes
3032 3175 3157 3230 nos,
3199 3159 3296 3230 qui
3341 3159 3599 3216 homines

2003 3266 2221 3319 sumus,
2258 3251 2314 3306 in
2347 3251 2636 3306 hominum
2669 3250 2969 3320 perniciem
3000 3249 3356 3306 exacuimus.

2064 3361 2260 3432 Ejusd.
2287 3391 2359 3404 --
2393 3361 2476 3418 Ne
2524 3360 2660 3418 mihi
2726 3361 2836 3416 hoc
2874 3360 3088 3417 dixeris
3135 3379 3149 3416 :
3202 3361 3598 3431 Paupertatem

1998 3466 2208 3510 metuo.
2273 3453 2668 3524 Paupertatem
2719 3451 2943 3517 metuis,
2984 3467 3090 3508 nec
3143 3461 3430 3524 peccatum
3461 3453 3599 3508 exti-

1997 3545 2240 3604 uieseisi
2269 3545 2349 3603 Ne
2384 3552 2772 3617 paupertatem
2813 3543 3228 3612 formidaveris,
3261 3544 3358 3602 sed
3397 3545 3596 3617 iniqui-

1999 3646 2193 3704 tatem,
2223 3653 2346 3709 quae
2371 3637 2632 3709 supplicii
2671 3652 2878 3708 parens
2937 3643 3048 3694 est.
3095 3637 3363 3695 Dominus
3392 3639 3596 3709 stipem

1999 3731 2203 3804 poscit,
2233 3739 2289 3788 et
2329 3730 2614 3801 repulsam
2651 3729 2778 3786 fert.
2830 3727 2969 3786 Nam
3019 3744 3146 3786 cum
3177 3730 3459 3787 dicentem
3489 3745 3594 3786 au-

1999 3825 2125 3881 dis:
2164 3823 2319 3891 Quod
2353 3823 2448 3879 uni
2479 3837 2547 3878 ea:
2604 3821 2866 3893 fratribus
2923 3823 3054 3879 meis
3097 3823 3324 3894 fecistis,
3360 3825 3488 3878 mihi
3521 3825 3598 3894 fe-

1998 3917 2150 3972 cistis
2179 3915 2404 3996 (Matth,
2437 3932 2568 3982 xxv,
2599 3915 2725 3988 40);
2779 3916 2910 3974 hinc
2933 3915 3062 3974 vide
3102 3916 3250 3988 quod
3279 3917 3329 3972 si
3362 3917 3594 3987 pauperi

1997 4008 2238 4074 dederis,
2266 4008 2492 4064 Christo
2524 4007 2767 4064 dederis.
2828 4007 3130 4073 Quocirca,
3160 4006 3269 4062 nisi
3321 4008 3432 4078 ipsi
3470 4009 3590 4072 des,

1994 4115 2105 4171 qua
2146 4099 2330 4155 fronte
2359 4099 2428 4154 ab
2461 4114 2529 4154 eo
2575 4100 2630 4155 iu
2666 4100 2762 4154 illa
2794 4099 2883 4155 die
2933 4111 3085 4168 petes
3118 4109 3178 4156 ut
3211 4099 3290 4155 tui
3331 4100 3592 4156 miserea-

1997 4192 2121 4247 tur?
2159 4191 2243 4246 An
2282 4207 2392 4266 non
2442 4191 2543 4246 tibi
2592 4191 2702 4247 hoc
2728 4190 2958 4262 objiciet
2990 4191 3365 4247 :Esurisutsm
3400 4208 3480 4247 me
3512 4195 3590 4246 υί-

1991 4284 2147 4350 disti,
2174 4299 2267 4338 nec
2284 4282 2480 4352 peristi
2504 4299 2524 4348 ;
2549 4283 2817 4338 sitientem
2849 4300 2931 4338 nte
2965 4284 3166 4348 vidisti,
3204 4299 3298 4340 nec
3347 4285 3589 4355 potasti;

1994 4376 2198 4432 nudum
2255 4376 2461 4441 vidisti,
2508 4392 2604 4430 nec
2652 4375 2878 4431 induisti
2928 4375 3096 4448 (Ibid.
3143 4376 3237 4444 42,
3267 4377 3400 4448 45)ἳ
3444 4377 3590 4444 Quid

1995 4469 2224 4526 tandem
2253 4469 2356 4540 ipsi
2388 4470 2641 4526 dicturus
2665 4469 2766 4527 es?
2797 4477 2894 4524 aut
2923 4485 3088 4541 quam
3117 4470 3334 4524 veniam
3374 4469 3591 4524 obtine-

290 4567 394 4620 οὐκ
421 4565 560 4636 εχει.
597 4563 707 4618 Καὶ
734 4563 798 4617 σὺ
821 4561 1078 4654 τρώγεις.
1097 4561 1401 4632 φασιανοὺς
1424 4558 1520 4614 καὶ
1561 4560 1734 4630 χῆνας
1755 4598 1772 4625 ,
1797 4557 1894 4654 καὶ

2003 4564 2136 4621 bis?
2167 4572 2226 4620 tu
2263 4562 2480 4628 sericis,
2531 4562 2910 4633 leporinisque
2941 4571 2996 4618 et
3025 4561 3270 4632 caprinis
3298 4560 3584 4627 inductis;

289 4659 395 4713 ὅσα
421 4656 562 4711 εἰσὶν
611 4657 672 4711 ὲν
712 4655 994 4727 ἐδέσμασι,
1055 4647 1153 4709 ita}.
1183 4654 1212 4707 δ
1234 4653 1406 4724 πένης
1439 4652 1542 4706 οὐκ
1588 4648 1764 4722 ἰσχύει
1787 4647 1888 4721 τὴν

289 4750 491 4805 ἑαυτοῦ
524 4748 737 4805 κοιλίαν
769 4749 952 4822 ἄρτων
1014 4748 1304 4820 χορτάσαι.
1354 4745 1430 4799 Σὺ
1486 4744 1634 4816 εχεις
1671 4744 1886 4815 τοίχους

289 4840 674 4912 χρυσορόφους
738 4841 836 4893 καὶ
869 4839 1140 4911 μάρμαρα
1197 4835 1609 4908 Λακεδαιμόνια
1639 4834 1884 4901 ποικίλα,

291 4934 391 4987 καὶ
416 4934 624 4999 κίονας,
652 4933 748 4986 καὶ
807 4931 1245 5004 περικεφαλαίας
1281 4930 1476 4984 κιόνων
1527 4930 1761 5002 χρυσᾶς,
1793 4929 1887 4983 καὶ

290 5025 321 5077 ό
353 5023 524 5096 πένης
546 5022 794 5094 καλύϐην
818 5023 920 5077 οὐκ
942 5023 1076 5094 εχει.
1100 5023 1210 5076 Καὶ
1241 5021 1415 5076 ἐνίοτε
1446 5021 1590 5094 εχεις
1617 5022 1707 5076 τὸν
1739 5017 1886 5077 οἷκον

291 5115 405 5172 ἀπὸ
435 5115 720 5186 ἁρπαγῆς,
774 5115 889 5169 ἀπὸ
929 5112 1271 5182 πλεονεξίας,
1332 5115 1447 5168 Καὶ
1507 5113 1883 5185 συντελευτᾷς,

297 5208 391 5262 καὶ
411 5208 648 5274 ἀπάγεις
684 5206 852 5278 μηδὲν
895 5205 1062 5278 ἔχων,
1102 5206 1198 5259 καὶ
1230 5205 1383 5276 μένει
1412 5206 1442 5260 ό
1475 5201 1628 5270 οἶκός
1655 5221 1749 5260 σου
1807 5204 1888 5258 διο

292 5300 499 5372 quasi);
537 5301 867 5372 κατήγορος,
895 5299 1139 5369 ἐλέγχων
1160 5297 1260 5363 τὰς
1302 5297 1402 5363 σὰς
1432 5297 1682 5370 πράξεις.
1717 5297 1888 5352 Ἕκα-

297 5410 424 5457 στος
449 5393 562 5466 γὰρ
595 5393 624 5446 δ
648 5393 1062 5465 παρερχόμενος
1094 5390 1279 5463 μέλλει
1319 5391 1504 5460 λέγειν
1524 5407 1537 5423 ο
1577 5385 1733 5454 οὗτος
1755 5391 1786 5445 δ
1807 5385 1886 5445 οϊ-

294 5501 394 5550 κος
451 5483 548 5539 τοῦ
615 5485 888 5556 ῑρπαγος,
939 5481 1035 5536 τοῦ
1093 5481 1447 5537 πλεονέκτου.
1481 5482 1664 5545 Πόσας
1707 5481 1887 5552 χήρας

293 5579 580 5648 iudicatos;
611 5579 815 5644 πόσους
833 5576 1106 5650 ὀρφανοὺς
1123 5576 1348 5644 ἐποίησε
1369 5593 1387 5644 ;
1408 5575 1549 5630 πόσα
1573 5574 1887 5645 ὑπάρχοντα

292 5673 654 5745 καθήρπασε;
695 5673 900 5737 πόσους
932 5672 1177 5742 πένητας
1207 5670 1602 5740 δπλεονίκτησε
1631 5687 1646 5736 ;
1672 5669 1763 5740 Μή
1795 5685 1886 5739 μοι

293 5767 440 5836 λέγε,
488 5767 571 5821 ὅτι
604 5767 852 5831 ’Ύπατός
885 5765 1082 5838 είμι,ἥ
1118 5764 1200 5818 ὅτι
1255 5763 1544 5836 ’Ύπαρχός
1601 5763 1740 5832 είμι.
1772 5762 1888 5816 Ούκ

293 5855 408 5916 οῖδα
431 5858 646 5928 ἀξίωμα
661 5877 675 5892 ·
701 5860 763 5914 ού
785 5857 1057 5916 διαϐάλλω
1069 5855 1296 5914 πλοῦτον
1315 5874 1326 5888 ’
1357 5855 1490 5914 ἀλλὰ
1511 5854 1725 5918 τοὺςτῷ
1740 5853 1888 5926 καλῷ

1995 4672 2208 4730 pauper
2235 4669 2371 4713 vero
2399 4671 2470 4711 ne
2495 4669 2716 4727 pannos
2741 4653 2966 4725 quidem
3020 4654 3206 4710 habet.
3254 4652 3334 4708 Tu
3363 4653 3588 4724 phasia-

1995 4749 2110 4816 nis,
2139 4758 2194 4806 et
2221 4748 2534 4812 anseribus,
2568 4758 2624 4803 et
2663 4747 2789 4802 aliis
2818 4746 3247 4818 quibuscunque
3281 4747 3587 4804 esculentis

1998 4841 2264 4908 vesceris;
2297 4846 2353 4895 et
2378 4853 2590 4909 pauper
2622 4854 2694 4895 ne
2718 4847 2966 4894 ventrem
2991 4836 3213 4908 quidem
3241 4851 3404 4892 suum
3444 4853 3587 4909 pane

1996 4932 2204 4988 satiare
2243 4937 2448 4999 potest.
2499 4930 2580 4984 'l‘u
2645 4930 2891 5001 parietes
2942 4931 3154 4986 auratis
3202 4929 3582 5000 laquearibus,

1996 5023 2149 5079 varia
2182 5023 2317 5079 item
2358 5036 2638 5078 marmora
2659 5020 3106 5088 Laceda-monia,
3139 5022 3432 5081 columnas
3454 5040 3586 5096 quo-

1991 5130 2104 5185 que
2134 5122 2190 5172 et
2213 5129 2407 5170 earnm
2435 5113 2698 5184 capitella
2745 5127 2914 5170 aurea
2969 5114 3175 5182 habes;
3203 5115 3423 5172 interim
3451 5134 3584 5174 vero

1983 5223 2203 5278 pauper
2235 5206 2811 5279 integumentum
2833 5216 3006 5264 caret.
3044 5206 3188 5274 Quin
3220 5217 3276 5265 et
3303 5210 3581 5266 interdum

1980 5301 2222 5357 domum
2260 5315 2326 5356 ex
2377 5299 2592 5370 rapinis
2639 5307 2708 5355 et.
2733 5297 2927 5356 fraude
2972 5309 3242 5358 structura
3283 5302 3486 5370 habes;
3516 5318 3585 5358 ac

1994 5403 2055 5448 tu
2085 5393 2310 5464 quidem
2329 5391 2478 5448 diem
2506 5399 2820 5448 extremum
2851 5391 3088 5459 claudis,
3139 5393 3420 5464 rebusque
3459 5410 3587 5450 om-

1993 5483 2165 5541 nibus
2206 5482 2508 5540 destitutus
2536 5482 2796 5539 abscedis
2833 5498 2848 5536 :
2887 5493 2945 5540 at
2978 5493 3069 5540 tua
3117 5484 3322 5542 domus
3373 5496 3582 5552 intonet,

1993 5592 2118 5649 quae
2147 5585 2202 5634 te
2240 5583 2509 5648 perpetuo
2535 5585 2780 5642 accuset,
2813 5576 3133 5649 ﬂagitiaque
3165 5588 3260 5635 tua
3289 5591 3580 5650 σθαι-μευ.

1959 5668 2242 5736 ~Quilibet
2296 5666 2444 5722 enim
2494 5666 2592 5736 qui
2653 5669 2943 5724 transierit
2992 5669 3252 5726 dicturus
3289 5679 3374 5728 est
3405 5687 3421 5726 :
3456 5671 3584 5726 llaec

1993 5761 2195 5816 domus
2249 5758 2490 5828 raptoris
2541 5766 2665 5813 erat
2728 5768 2784 5816 et
2818 5760 2997 5818 avari.
3057 5760 3204 5828 Quot
3247 5762 3338 5818 ille
3379 5762 3582 5819 viduas

1998 5853 2227 5910 adlisit!
2273 5860 2405 5921 quot
2435 5850 2717 5920 orphanos
2751 5851 2878 5911 fecit
2905 5855 2918 5907 ί
2951 5863 3089 5924 quot
3127 5855 3275 5913 bona
3308 5853 3580 5928 diripuit!
