4028 6406
441 389 571 468 1511
675 395 708 418 κ

438 629 596 679 sum;
629 611 924 681 praefectus
976 619 1123 662 sum.
1192 600 1536 671 Dignitatem
1583 611 1694 652 non
1744 609 2036 666 agnosco;

1612 391 1672 450 S.
1714 387 2036 450 JOANNIS
2075 387 2510 449 DAMASCENI

437 532 572 593 quot
607 530 874 589 pauperes
916 508 1215 568 fraudavit!
1257 505 1370 562 Nec
1398 503 1532 559 mibi
1564 504 1719 558 dicas
1753 520 1767 556 :
1808 500 2016 556 Consul

2144 500 2310 564 ιακῶς
2349 500 2744 572 κεχρημένους.
2792 501 2868 554 Οὗ
2919 500 3031 572 γάρ
3072 500 3244 569 κακὸν
3299 501 3374 554 ἐδ
3422 499 3684 555 πλουτεῖν
3710 519 3726 536 ο
3826 542 3838 555 .

3589 383 3734 450 1.512

2145 595 2200 648 εί
2225 611 2279 649 τι
2323 594 2432 666 γάρ
2462 595 2718 666 ἐποίησεν
2747 597 2776 648 ὁ
2803 593 2937 654 Θεὸς
2986 593 3140 648 καλὰ
3156 593 3301 648 λίαν.

437 709 662 764 divitias
708 720 821 759 non
885 699 1184 765 criminor;
1239 699 1334 752 sed
1373 709 1471 750 eos
1501 693 1596 764 qni
1641 692 1785 746 male
1830 686 1898 745 iis
1939 690 2028 744 usi
2055 697 2207 745 sunt.
2249 688 2372 745 Non
2415 691 2566 745 enim
2594 689 2755 744 male
2785 688 2997 744 divitia:
3046 697 3199 744 sunt.
3240 689 3439 744 Omnia
3493 690 3726 762 quippe,

437 816 561 873 qua
594 800 736 852 Deus
763 795 914 855 fecit,
952 791 1115 845 valde
1145 789 1290 843 bona
1315 792 1446 842 sunt
1476 781 1630 854 (Cen.
1669 796 1707 847 I,
1745 780 1804 834 5i
1819 779 1862 848 ).

511 887 765 961 Ejusdem
792 887 848 940 in
873 883 1034 938 Psat.
1089 893 1284 934 xum.
1314 906 1383 917 —-
1413 874 1646 944 Propter
1673 885 1811 942 opes
1848 869 2024 924 libera

439 959 714 1040 elementa
763 977 1077 1033 vendimus.
1116 970 1237 1026 Viis
1294 969 1661 1038 imponuntur
1715 959 2026 1031 vectigalia,

2202 867 2304 922 Διά
2325 867 2394 921 τὰ
2411 866 2674 938 χρήματα
2721 866 2792 920 τὰ
2839 866 3104 939 ἐλεύθερα
3136 870 3380 937 στοιχεῖα
3427 870 3728 940 πεπράκα-

2133 975 2257 1028 μεν.
2284 961 2350 1012 Δί
2370 960 2481 1014 ὁδοὶ
2507 959 2870 1014 τελωνοῦνται
2893 976 2908 990 ⁸
2941 960 3013 1014 τά
3057 959 3230 1014 ὕδατα
3264 961 3692 1016 δεσποτεύονται
3722 985 3725 987 ·

441 1089 599 1147 aquae
617 1071 869 1130 dominio
895 1071 1116 1139 parent,
1147 1077 1240 1117 aer
1268 1058 1496 1115 tributis
1546 1053 1879 1122 subjicitur.
1905 1049 2032 1104 Tri-

2144 1052 2159 1104 5
2190 1051 2299 1122 ἀὴρ
2330 1054 2539 1121 φωναῖς
2562 1051 2953 1106 ὑποϐάλλεται.
3007 1052 3326 1120 Πολυλόγοι,
3358 1053 3454 1107 καὶ
3498 1056 3732 1121 φορολόα

439 1143 700 1225 butornm
735 1171 1049 1226 coactores,
1069 1165 1124 1212 et
1150 1151 1417 1225 praefecti,
1441 1164 1508 1204 ac
1540 1145 1821 1218 publicani
1862 1144 2029 1200 urbes

2144 1160 2238 1213 γοι,
2272 1144 2371 1198 καὶ
2403 1143 2661 1210 τελῶναι,
2715 1143 2814 1208 τὰς
2847 1143 3032 1208 πόλεις
3074 1143 3415 1214 συνέχουσιν.
3461 1144 3528 1199 οι
3569 1147 3742 1201 πλού-

438 1268 663 1317 vexant.
725 1255 890 1312 Curis
949 1250 1154 1305 divites
1229 1243 1628 1306 conﬁciuntur,
1689 1237 2030 1293 feneratores

439 1347 817 1409 sollicitudine
846 1374 848 1377 -
877 1341 1282 1398 contabescunt
1314 1376 1332 1402 ,
1395 1341 1650 1404 raptores
1733 1326 2023 1383 hominum

440 1442 773 1516 perturbant
833 1437 1024 1498 vitam,
1065 1431 1220 1486 avari
1268 1425 1570 1482 tribunalia
1619 1431 1828 1488 terunt,
1861 1435 2027 1491 syco-

442 1515 664 1609 phanta:
692 1532 895 1588 falsum
959 1524 1300 1587 divendunt;
1335 1529 1581 1592 quastus
1628 1515 1818 1585 cupidi
1851 1527 2025 1584 nego-

2135 1253 2241 1290 σιοι
2268 1238 2390 1300 ταῖς
2451 1236 2732 1308 φροντίσιν
2778 1237 3128 1298 ἐκτήκονται·
3169 1237 3218 1290 oi
3272 1237 3553 1294 δανεισταὶ
3605 1241 3729 1302 ταῖς

2136 1328 2430 1400 μερίμναις
2462 1328 2854 1400 μαραίνονταιο
2888 1331 2937 1382 οί
2968 1328 3218 1400 ἅρπαγες
3256 1331 3348 1384 τὸν
3383 1331 3496 1400 βίον
3521 1333 3732 1402 ταράσ-

2135 1436 2320 1474 σουσιν
2345 1435 2356 1447 ·
2380 1421 2429 1472 οἱ
2457 1419 2858 1492 φιλοχρήματοι
2879 1419 2948 1472 τὰ
2985 1420 3313 1492 δικαστήρια
3357 1424 3733 1494 κατατρίϐου-

2135 1527 2219 1564 σιν
2239 1527 2254 1541 ο
2283 1510 2334 1563 οἱ
2365 1511 2701 1578 συκοφάνται
2721 1510 2783 1563 τὸ
2808 1509 3005 1580 ψεῦδος
3032 1512 3438 1582 πιπράσκουσιν
3455 1516 3534 1568 ὀἱ
3565 1515 3732 1586 κερδ-

439 1599 672 1682 ίίιιιοῑεε
703 1639 772 1678 ex
813 1620 1051 1674 aliorum
1104 1613 1520 1670 calamitatibus
1575 1607 1868 1665 commoda
1931 1613 2024 1660 tua

2144 1599 2363 1672 ἔμποροι
2413 1602 2516 1666 τὰς
2560 1601 2844 1673 συμφορὰς
2887 1603 3408 1673 πραγματεύονται,
3462 1606 3731 1678 ἀλλήλους

439 1724 799 1788 cotnparant;
835 1719 1028 1767 mutuo
1056 1705 1375 1764 mentiendo
1418 1701 1817 1774 jusjurandum
1863 1711 2027 1752 omne

2144 1693 2453 1788 ψευδόμενοι
2479 1696 2604 1758 τοὺς
2630 1695 2828 1766 ὅρκους
2867 1694 3252 1766 ἀνηλώσαμεν,
3289 1699 3372 1760 εἰς
3411 1697 3470 1750 τὸ
3503 1697 3732 1768 ὀμνύειν

440 1808 914 1879 consumpsimus,
937 1803 1032 1874 qui
1071 1800 1243 1870 Deum
1277 1798 1546 1854 duntaxat
1575 1795 1644 1850 ad
1669 1791 2029 1863 dejerandum

2141 1787 2305 1856 μόνον
2330 1787 2419 1842 τὸν
2453 1785 2587 1841 Θεὸν
2645 1788 3023 1860 ἐπιστάμενοι.
3061 1788 3126 1842 Ἦ
3151 1790 3224 1859 γῆ
3251 1788 3438 1843 λοιπὸν
3482 1792 3553 1844 τὰ
3581 1791 3733 1844 κακὰ

445 1914 765 1956 noscamus.
823 1896 996 1951 Terra
1039 1894 1153 1966 jam
1190 1899 1273 1946 tot
1305 1886 1591 1961 gestandis
1631 1884 1794 1942 malis
1857 1882 2034 1950 impar

2144 1881 2434 1951 βαστάζειν
2472 1882 2536 1934 οὑ
2599 1881 2844 1936 δύναται.
2917 1882 2978 1935 '0
3008 1882 3116 1953 ἀὴρ
3165 1883 3361 1954 μέχρις
3406 1883 3576 1936 αὐτοῦ
3631 1883 3731 1937 τοῦ

441 2005 548 2053 est.
579 1994 688 2050 Aer
723 1990 792 2046 ad
813 1988 1074 2046 aetherem
1105 1998 1283 2056 usque
1313 1978 1728 2038 contaminatus
1767 1982 1872 2030 est.
1895 1971 2032 2028 Cum

441 2091 629 2158 itaque
669 2089 726 2142 in
760 2083 921 2140 malis
965 2093 1163 2137 omnes
1214 2091 1318 2132 nos
1356 2071 1622 2130 concitati
1675 2069 1873 2136 simus,
1905 2080 2036 2137 pro-

441 2156 605 2254 pheta
638 2179 808 2235 vitam
833 2177 1133 2232 humanam
1174 2168 1580 2242 parvipendens
1605 2163 1808 2219 clamat
1861 2176 1875 2212 :
1939 2156 2034 2213 Ve-

443 2253 746 2328 rumtamen
799 2283 929 2324 vane
991 2263 1346 2319 conturbatur
1399 2258 1571 2314 omnis
1616 2256 1773 2311 homo
1837 2253 2033 2307 vivens.

445 2362 626 2436 (Pent.
655 2375 914 2423 unum,
948 2355 1061 2426 12).
1101 2353 1280 2409 Homo
1310 2350 1486 2412 solus,
1523 2361 1556 2402 ο
1578 2344 1870 2418 pr0pbeta,
1905 2355 2038 2395 con-

444 2453 748 2510 turbatur?
809 2447 1103 2506 rationalis
1153 2445 1425 2500 duntaxat
1473 2440 1568 2495 illa
1618 2447 1816 2493 natura
1850 2447 2040 2504 repre-

445 2544 746 2601 henditur?
785 2539 1013 2596 Nihilne
1065 2534 1219 2592 aliud
1265 2533 1415 2606 quod
1477 2525 1888 2603 perturbationi
1933 2524 2037 2579 ob-

444 2636 672 2691 noxium
698 2632 792 2700 sit,
819 2631 964 2686 inter
985 2627 1173 2685 omnia
1229 2622 1531 2679 animantia
1575 2617 1877 2690 repet-isti?
1903 2613 2039 2671 Pro—

442 2731 591 2787 fecto
620 2726 870 2799 quidem,
902 2721 1116 2794 inquit,
1169 2718 1473 2774 turbantur
1510 2715 1680 2771 etiam
1717 2723 1909 2782 aqum;
1939 2708 2039 2764 sed

443 2837 642 2880 rursus
677 2815 1077 2890 tranquillitati
1126 2813 1523 2869 restituuntur.
1557 2807 1733 2863 Terra
1787 2815 2039 2860 commo-

445 2926 646 2985 vetur;
687 2913 787 2971 sed
837 2920 1030 2984 postea
1053 2907 1330 2964 ﬁrmatur.
1376 2903 1673 2958 Moventur
1715 2897 1904 2964 venti;
1941 2893 2040 2953 sed

443 3023 669 3066 rursum
707 3007 1134 3075 conquiescunt.
1175 2997 1619 3053 Tumultuantur
1651 2992 1782 3048 ferae
1810 3003 2038 3053 omnes;

446 3110 504 3156 at
535 3098 630 3154 ubi
668 3097 887 3155 satiata:
931 3102 1083 3158 sunt,
1142 3103 1268 3146 sese
1323 3091 1709 3156 compescunt.
1745 3081 2042 3136 Excitatus

2136 1973 2354 2044 αἰθέρος
2386 1972 2740 2044 μεμόλυνται.
2771 1973 2930 2028 Οὕτω
2953 1973 3020 2045 δὴ
3042 1973 3260 2028 πάντων
3285 1975 3342 2028 ὲν
3365 1975 3556 2038 κακοῖς
3573 1992 3733 2029 σεσο-

2137 2062 2394 2135 ϐημένων
2444 2063 2624 2134 ἡμῶν,
2673 2064 2702 2117 ὁ
2741 2065 3033 2137 προφήτης
3078 2064 3172 2118 τὸν
3205 2063 3320 2134 βίον
3350 2066 3732 2137 ὲκπτυόμενος

2137 2157 2239 2228 βοᾷ
2264 2156 2442 2226 λέγων
2467 2173 2481 2187 ·
2512 2156 2690 2226 Πλὴν
2703 2156 2910 2228 μάτην·
2937 2157 3304 2227 ταράσσεται
3338 2155 3458 2225 πᾶς
3499 2159 3732 2228 ἅνθρω-

2137 2263 2252 2316 πος
2274 2247 2406 2309 ζῶν.
2441 2249 2768 2320 Ἀνθρωπος
2812 2249 2995 2320 μόνον,
3032 2244 3078 2304 ὧ
3126 2250 3383 2322 προφῆτα
3407 2293 3423 2318 ,
3454 2251 3734 2322 ταράσσε-

2136 2355 2228 2392 ται
2255 2348 2270 2404 ;
2305 2337 2341 2410 ἢ
2363 2338 2558 2410 λογική
2589 2339 2748 2410 μόνον
2806 2338 3004 2405 πλάσις
3046 2343 3463 2412 κατηγορεῖται,
3511 2335 3558 2395 ὦ
3589 2360 3734 2414 προ-

2139 2429 2320 2501 φῆτα;
2354 2428 2522 2482 Οὐδὲν
2552 2427 2740 2501 ἕτερον
2762 2429 2872 2484 τῶν
2898 2431 2957 2484 ἐν
3007 2430 3171 2495 ζώοις
3199 2433 3612 2504 ταρασσόμενον
3644 2428 3739 2486 εἶμ-

2140 2539 2265 2595 ρες;
2300 2522 2430 2588 Ναὶ,
2445 2522 2802 2592 ταράσσεται,
2829 2523 2988 2595 φησὶ,
3013 2525 3111 2578 καὶ
3138 2525 3205 2579 τά
3229 2524 3419 2591 ὖδατα,
3447 2527 3544 2578 καὶ
3563 2525 3737 2580 πάλιν

2137 2613 2601 2672 ἀποκαθίσταται.
2654 2614 2949 2671 Σαλεύεται
2973 2617 3008 2688 ἡ
3039 2617 3135 2687 γῆ,
3171 2619 3267 2671 καὶ
3311 2618 3478 2673 πάλιν
3508 2620 3738 2691 ἑδράζε-

2138 2725 2251 2762 ται.
2305 2707 2600 2780 Κινοῦνται
2643 2709 2695 2763 οἱ
2758 2708 2976 2780 ἄνεμοι,
3031 2711 3129 2764 καὶ
3169 2711 3336 2767 πάλιν
3365 2713 3734 2783 ἡσυχάζουσι.

2139 2802 2466 2874 Θοϐυρεῖται
2488 2805 2599 2856 πᾶν
2646 2801 2859 2875 θηρίον,
2918 2802 3014 2857 καὶ
3043 2804 3442 2876 κορεννύμενον
3468 2805 3736 2861 παύεται.

2140 2895 2482 2968 Διεγείρεται
2508 2895 2663 2966 φλὸξ,
2695 2898 2792 2950 καὶ
2816 2896 2917 2970 τὴν
2946 2898 3316 2970 ὑποκειμένην
3355 2899 3491 2971 ὕλην
3521 2899 3741 2954 ἀναλώ-

2143 3005 2286 3042 σασα
2345 2989 2634 3042 σὸέννυται
2662 3009 2678 3022 ·
2740 2989 3033 3062 ἄνθρωπος
3083 2991 3143 3045 δὲ
3192 2991 3611 3063 ταρασσόμενος
3645 2995 3742 3047 ἐπὶ

2141 3082 2391 3160 χρήμασι
2429 3081 2690 3137 οὐδέποτε
2750 3083 3223 3139 παύεται.¹Ἐλα6ε
3251 3083 3434 3150 τοῦτο,
3477 3086 3744 3158 καὶπρὸς

447 3195 704 3258 ﬂamma;
741 3201 942 3244 verum
1000 3185 1295 3254 absumpta
1340 3179 1572 3236 materia
1609 3193 1734 3249 qua:
1780 3173 2038 3245 subjecta

2144 3173 2330 3245 ἕτερον
2376 3174 2702 3230 ἀποὸλέπει.
2743 3175 3080 3246 Ἐκράτησεν
3139 3177 3336 3239 ἐκεῖνο,
3373 3176 3470 3230 καὶ
3507 3177 3741 3246 προσέτι

451 3287 656 3350 fuerat,
687 3279 1091 3351 exstinguitur.
1125 3275 1303 3331 llomo
1333 3289 1486 3339 vero,
1511 3272 1606 3328 ubi
1663 3269 2034 3342 pecuniarum

2144 3268 2392 3340 κέχηνεν.
2417 3267 2499 3321 Τὰ
2529 3268 2724 3322 ἑκατὸν
2764 3268 3143 3334 διπλασιάζειν
3195 3269 3504 3338 ἐπείγεται,
3542 3271 3644 3324 καὶ
3671 3271 3743 3324 τά

449 3393 621 3434 causa
684 3373 1077 3436 conturbatur,
1129 3382 1413 3438 nunquam
1469 3364 1731 3438 quiescit.
1782 3361 1888 3420 Ubi
1935 3361 2039 3416 hoc

2144 3358 2636 3413 διαπλασιασθέντα
2696 3358 2861 3413 πάλιν
2898 3359 3358 3425 δεκαπλασιάζειν
3387 3359 3739 3428 φιλονεικῶν,

450 3469 690 3540 accepit,
720 3466 788 3524 ad
821 3465 958 3521 illud
992 3461 1226 3534 conjicit
1253 3460 1472 3516 oculos.
1512 3456 1572 3511 Si
1606 3455 1743 3515 illud
1776 3453 2038 3517 tenuerit,

2144 3451 2238 3505 ἐπὶ
2266 3450 2544 3515 τοσούτοις
2566 3446 2725 3514 αὖθις
2779 3451 3020 3505 τοσαῦτα
3047 3451 3312 3522 σωρεύειν
3356 3452 3742 3522 ἐπειγόμενος,

449 3564 816 3620 aliisrursus
875 3557 1083 3613 inhiat.
1139 3554 1376 3610 Centum
1405 3550 1695 3621 duplicare
1746 3546 1954 3612 studet,
1987 3552 2039 3600 et

2145 3545 2243 3599 καὶ
2285 3544 2547 3598 οὐδέποτε
2584 3543 2846 3614 σωρεύων
2875 3543 3131 3609 παύεται,
3170 3543 3278 3607 ’ἐως
3301 3543 3364 3597 τὺ
3394 3543 3556 3605 τέλος
3572 3542 3742 3598 αὐτοῦ

451 3652 845 3722 conduplicata
909 3645 1154 3717 decuplo
1213 3643 1427 3714 majora
1483 3639 1672 3696 facere
1725 3633 2039 3698 contendit,

2147 3635 2422 3707 σωρευθῇ.
2456 3635 2771 3699 Κατάδικός
2803 3636 2945 3699 ἐστι,
2973 3635 3052 3707 τῷ
3081 3634 3306 3706 πυρετῷ
3337 3634 3442 3706 τῆς
3470 3635 3744 3706 φιλαργυ-

451 3758 620 3818 atque
645 3747 730 3800 his
751 3743 861 3798 alia
891 3741 1120 3796 totidem
1151 3751 1438 3809 agger-ere.
1468 3732 1658 3805 Neque
1677 3744 1922 3802 unquam
1945 3743 2044 3784 cu—

455 3836 702 3893 mulandi
741 3835 907 3888 tinem
932 3831 1087 3896 facit,
1119 3827 1304 3900 quoad
1325 3826 1508 3897 ipsius
1537 3825 1666 3878 vita
1687 3822 1814 3878 linis
1841 3821 1916 3878 sit
1943 3835 2044 3874 cu-

455 3929 720 3984 mulatus.
777 3921 1136 3978 Damnationi
1197 3918 1480 3974 obnoxius
1531 3924 1618 3971 est
1655 3914 1751 3986 qui
1795 3911 2045 3967 avaritiae

455 4025 610 4080 febre
647 4019 968 4089 corripitur.
1037 4016 1189 4070 Auro
1237 4013 1363 4084 ipso
1424 4009 1632 4065 fulvior
1671 4016 1730 4063 et
1779 4012 2044 4061 arcuatus

453 4114 798 4175 obambulat,
828 4116 1058 4181 propter
1083 4104 1311 4162 divitias
1339 4117 1577 4174 quarum
1608 4099 1780 4155 nimis
1805 4096 2045 4169 cupidus

453 4209 672 4276 est;ob
701 4204 950 4268 divitias,
981 4202 1232 4273 inquam,
1269 4198 1546 4253 incertum
1580 4195 1737 4250 illum
1775 4193 2043 4258 amicum,

454 4302 684 4357 inﬁdum
716 4293 1194 4360 contubernalem,
1223 4290 1561 4347 insidiosum
1587 4286 1883 4354 amasium,
1920 4301 2046 4342 ser-

451 4410 576 4449 vum
603 4394 910 4455 illusorem,
929 4386 1361 4444 dilectissimum
1385 4382 1698 4446 irrisorem,
1727 4385 2044 4450 promptum

453 4490 832 4557 migratorem,
888 4483 1098 4535 alatum
1156 4477 1440 4547 captivum
1474 4491 1490 4540 ;
1526 4481 1754 4545 propter
1791 4471 2044 4534 divitias,

450 4595 574 4651 quae
593 4576 744 4632 omni
771 4585 1045 4630 nocturno
1066 4576 1290 4641 spectro
1320 4566 1561 4621 leviores
1580 4573 1732 4630 sunt,
1758 4579 1884 4634 qua:
1899 4561 2042 4618 bella

451 4673 700 4744 pariunt,
727 4681 850 4738 quae
883 4663 1034 4719 omni
1057 4676 1155 4731 spe
1172 4659 1414 4714 celerius
1433 4657 1674 4728 fugiunt,
1699 4670 1822 4726 quae
1845 4662 2044 4711 ventus

453 4761 751 4829 sunt,dum
783 4765 1010 4813 tenetur
1033 4754 1291 4816 avolans,
1307 4750 1476 4805 luxus
1513 4749 1697 4805 onmis
1713 4756 1768 4804 et
1785 4745 2047 4817 nequitiae

453 4865 736 4927 parentes,
759 4847 1190 4920 intemperantia
1209 4844 1393 4900 omnis
1423 4854 1478 4898 et
1504 4842 1759 4898 libidinis
1776 4850 2042 4911 patrona,

455 4947 661 5002 nullius
690 4958 803 4999 non
837 4940 957 4994 vitii
986 4939 1346 5002 inventrices,
1375 4936 1740 4990 exitiourum
1772 4946 2045 5003 quarum-

455 5051 676 5107 cunqne
699 5033 1029 5091 deliciarum
1073 5030 1399 5101 adjutrices,
1431 5027 1791 5084 continentiae
1832 5025 2042 5089 hostes,

455 5129 739 5202 pudicitiae
765 5125 1120 5189 adversariae,
1151 5132 1208 5178 et
1231 5120 1594 5177 clandestina
1621 5119 1796 5173 totius
1825 5116 2046 5173 virtutis

460 5220 628 5274 fures.
660 5216 804 5285 Quid
839 5227 992 5280 vero,
1014 5213 1243 5269 divitias
1271 5209 1541 5268 divitibus
1562 5209 1834 5274 dimissis,
1857 5207 2048 5263 crimi-

455 5310 600 5363 nor?
624 5309 737 5362 imo
763 5322 890 5363 cum
923 5306 1059 5377 ipsis
1091 5318 1316 5376 quoque
1348 5302 1566 5358 divitiis
1597 5300 1806 5371 injuste
1835 5302 2044 5372 agitur,

456 5402 998 5472 utpotequaevinctm
1014 5400 1086 5454 ab
1097 5399 1208 5454 illis
1219 5406 1276 5453 et
1290 5396 1614 5451 constricta:
1627 5402 1952 5451 teneantur:
1971 5401 2047 5446 at-

453 5489 622 5563 9‘9
651 5506 760 5561 que
806 5491 946 5545 adeo
981 5491 1128 5543 hanc
1174 5502 1369 5543 vocem
1395 5487 1466 5541 ad
1505 5499 1603 5541 eos
1627 5487 1852 5540 mittere
1905 5484 2044 5540 mihi

456 5583 722 5639 videntur
753 5603 766 5639 :
799 5583 944 5651 Quid
992 5599 1121 5648 nos,
1153 5597 1187 5637 ο
1225 5582 1401 5646 avari,
1434 5581 1755 5637 coercetis?
1777 5579 1914 5650 quid
1944 5593 2046 5634 nos

457 5686 722 5747 tanquam
765 5676 1058 5758 fugitivum
1117 5674 1480 5744 mancipium,
1513 5673 1800 5729 sexcentis
1847 5671 2063 5728 vinco--

457 5769 525 5824 lis
557 5768 1042 5839 constringitish
1093 5767 1331 5822 metallis
1367 5766 1434 5820 ad
1493 5768 1739 5833 metalla,
1806 5763 2045 5835 indeque

458 5860 516 5916 'tu
561 5868 1016 5924 meliusvestras
1059 5861 1466 5918 transmittitis.
1499 5861 1603 5919 Per
1633 5874 1736 5916 vos
1785 5859 1950 5916 nobis
1978 5859 2045 5912 li-

2149 3727 2271 3796 ρίας
2297 3727 2677 3798 συνεχόμενος,
2703 3727 3016 3800 ὠχρότερος
3040 3727 3138 3780 τοῦ
3166 3727 3398 3798 χρυσίου
3439 3726 3742 3798 περιέρχε-

2144 3838 2256 3887 ται,
2289 3819 2380 3874 διά
2398 3821 2491 3874 τὸν
2522 3819 2903 3890 πολυπόθητον
2933 3818 3188 3885 πλοῦτον,
3228 3818 3324 3873 τὸν
3370 3817 3633 3872 άὸέὸαιον
3655 3818 3748 3887 φί-

2146 3911 2257 3976 λον,
2293 3911 2525 3966 πλοῦτον
2586 3911 2678 3964 τὸν
2738 3911 2968 3965 ἄπιστον
3020 3909 3292 3974 σύνοικον,
3326 3909 3420 3964 τὸν
3449 3909 3747 3964 ἐπίϐουλον

2147 4004 2334 4070 πόθον,
2365 4003 2457 4058 τὸν
2483 4002 2856 4057 ὑποδέσποτον
2889 4002 3226 4072 ἑμπαίκτην,
3254 4001 3348 4056 τὸν
3368 4001 3746 4070 πώυέραστον

2147 4096 2472 4167 χλευαστὴν,
2505 4095 2598 4149 τὸν
2652 4095 2873 4166 ἕτοιμον
2929 4094 3269 4166 μεταϐάτην,
3305 4093 3397 4148 τὸν
3429 4093 3748 4164 ὑπόπτερον

2147 4191 2395 4260 δέσμιον,
2418 4189 2513 4243 τὸν
2539 4190 2720 4258 πάσης
2748 4188 2979 4258 ὀνείρων
3037 4187 3345 4256 φαντασίας
3383 4187 3746 4256 κουφότερον,

2147 4283 2240 4337 τδν
2268 4283 2657 4354 πολεμοποιὸν,
2683 4283 2777 4336 τὸν
2808 4282 2990 4353 πάσης
3021 4281 3238 4344 ἐλπίδος
3286 4279 3568 4352 ὀξυτέρως
3608 4279 3747 4347 φεύ-

2149 4392 2339 4444 γοντα,
2365 4375 2457 4430 τὸν
2508 4377 2568 4429 ὲν
2600 4375 2681 4444 τῷ
2729 4374 3053 4446 κρατεῖσθαι
3095 4371 3483 4442 ἁφιπτάμενον
3511 4371 3746 4440 ἄνεμον,

2146 4467 2383 4522 πλοῦτον
2419 4467 2510 4522 τὸν
2564 4467 2748 4538 πάσης
2809 4465 3052 4528 ἀσωτίας
3113 4466 3417 4535 γεννήτορα
3444 4463 3534 4516 τὸν
3559 4465 3748 4534 πάσης

2149 4559 2450 4622 ἀκολασίας
2506 4561 2828 4630 συνήγορον,
2878 4559 2971 4630 τὸν
3018 4557 3203 4629 πάσης
3248 4556 3451 4619 κακίας
3487 4557 3748 4627 εὑρέτην,

2147 4651 2239 4703 τὸν
2283 4651 2548 4721 συνεργὸν
2600 4629 2784 4720 πάσης
2810 4629 3157 4721 ψυχοῖρθόρου
3207 4649 3440 4719 τροφῆς,
3472 4647 3568 4702 τὸν
3591 4649 3749 4702 ἀντί-

2148 4745 2319 4799 παλον
2347 4748 2448 4814 τῆς
2511 4745 2868 4815 ἐγκρατείας,
2904 4745 2994 4798 τὸν
3024 4745 3288 4815 πολέμιον
3311 4742 3415 4812 τῆς
3455 4742 3748 4813 σωφροσύ-

2147 4855 2268 4910 νης,
2298 4838 2390 4892 τὸν
2424 4839 2608 4910 πάσης
2660 4837 2864 4908 ἀρετῆς
2895 4836 3229 4892 λανθάνοντα
3277 4837 3544 4906 κλέπτην.
3584 4835 3748 4888 Ἀλλὰ

2146 4929 2222 4997 τί,
2255 4931 2412 5000 φησὶ,
2449 4929 2726 4983 διαϐάλλω
2772 4927 2864 4982 τὸν
2909 4927 3144 4982 πλοῦτον
3187 4927 3316 4990 τοὺς
3363 4929 3748 4996 κεκτημένους

2146 5022 2342 5091 ἁφείς;
2367 5024 2636 5078 ἀδικεῖται
2693 5023 2791 5078 καὶ
2843 5022 3006 5085 αὐτὸς
3037 5024 3066 5075 ό
3093 5019 3349 5086 πλοῦτος,
3393 5019 3624 5090 δέσμιος
3655 5019 3748 5072 ὑπ’

2145 5114 2331 5168 αὐτῶν
2380 5115 2478 5168 καὶ
2525 5113 2914 5184 πεπηδημένος
2969 5112 3365 5183 κατεχόμενος.
3422 5110 3612 5164 Ἔοικέ
3659 5128 3747 5182 μοι

2148 5207 2286 5278 πρὸς
2301 5207 2498 5270 αὐτοὺς
2526 5207 2785 5277 τοιαύτην
2801 5207 3019 5275 ἀφιέναι
3042 5205 3232 5275 φωνήν
3253 5219 3270 5236 ο
3296 5204 3361 5258 Τί
3386 5220 3454 5274 με
3469 5204 3562 5258 τὸν
3584 5205 3746 5257 πλοῦ-

2146 5317 2262 5362 τον,
2288 5293 2334 5352 ὦ
2357 5299 2784 5370 φιλοχρήμονες,
2845 5295 3240 5368 συμποδίξετε;
3277 5295 3331 5349 τί
3375 5312 3444 5366 με
3485 5295 3747 5366 καθάπερ

2145 5394 2428 5465 δραπέτην
2451 5393 2668 5465 μυρίοις
2691 5393 2913 5461 δεσμοῖς
2931 5391 3328 5463 περισφίγγετε
3357 5405 3374 5456 ;
3401 5389 3512 5464 ἀπὸ
3544 5388 3746 5459 μετάλ-

2147 5481 2254 5536 λων
2283 5483 2364 5545 είς
2394 5481 2656 5552 μέταλλα,
2684 5483 2764 5545 είς
2789 5480 2892 5544 τὰς
2917 5483 3270 5552 ύμῶνχεῖρας
3291 5479 3709 5550 παραπέμπετε
3736 5498 3752 5546 ;

2146 5577 2198 5630 εί
2252 5576 2438 5630 θέλετέ
2485 5593 2554 5646 με
2606 5578 2712 5632 κᾶν
2773 5577 2972 5648 μικρὸν
3027 5579 3110 5640 είς
3159 5577 3221 5628 τὸ
3270 5576 3390 5645 φῶς
3421 5575 3755 5651 ἀνανεῦσαι,

2147 5669 2348 5724 ἐάσατέ
2401 5687 2468 5740 με
2523 5670 2632 5724 κᾶν
2669 5669 2870 5741 μικρὸν
2887 5671 2972 5733 είς
2995 5669 3096 5732 τὰς
3124 5669 3235 5722 τῶν
3273 5669 3528 5738 πενήτων
3564 5668 3743 5732 δεξιὰς

2153 5766 2456 5838 μεταϐῆναι
2509 5762 2890 5829 ἐπειγόμενον.
2933 5759 3118 5825 Ἀλλὰ,
3177 5757 3334 5830 φησὶ,
3375 5758 3594 5822 τέκνοις
3627 5775 3741 5810 suv-

2148 5859 2270 5927 ἁγω
2298 5857 2390 5911 τὸν
2419 5855 2719 5926 θησαυρὸν,
2750 5851 2836 5905 ἵνα
2859 5849 2938 5922 μὴ
2965 5849 3157 5915 πενίας
3181 5849 3448 5919 γένωνται
3483 5847 3743 5918 κληρσθό-
