4028 6390
285 335 414 422 ista

1511 337 1753 398 SACRA
1790 307 2263 400 PARALLELA.

3405 344 3554 408 15H

182 490 184 492 τ
287 469 391 522 μοι.
418 445 632 511 Καλῶς,
679 445 708 496 6
732 436 1182 514 ’πολυφάνταστος
1228 443 1480 508 πλούσιος
1508 445 1577 498 τά
1605 444 1827 515 παρόντι

1957 451 2081 497 ccat
2113 445 2200 499 vel
2226 444 2505 501 tantillum
2533 446 2710 506 lucem
2763 451 2995 510 intueri.
3035 454 3212 513 Sinite
3240 458 3309 514 ad
3345 477 3554 532 paupe-

281 543 376 594 οὺκ
400 535 530 603 οἵδε,
563 537 657 590 καὶ
685 537 945 607 περὶτῶν
970 537 1274 608 μελλόντων
1295 535 1596 608 φροντίζει.
1627 534 1710 587 Τὰ
1737 534 1858 588 κατ’

281 632 436 688 αὐτὸν
467 631 674 698 ἀγνοεῖ,
699 629 796 682 καὶ
841 628 912 682 τὰ
963 629 1089 702 περὶ
1123 628 1234 682 τῶν
1278 630 1487 682 τέκνων
1505 625 1737 697 ψηφίζει
1764 641 1776 654 ·
1809 625 1858 676 εί

282 722 556 782 θάπτεται,
585 718 687 772 οὐκ
724 719 1040 786 ἐπίσταται,
1066 718 1305 789 καὶπερὶ
1339 717 1696 788 κληρονόμων
1734 715 1862 790 βουτ

287 810 515 864 λεύεται.
550 807 778 880 Ἀφρον,
827 808 950 862 είπέ
1010 825 1102 879 μοι
1155 808 1218 862 τὸ
1277 807 1369 861 σὸν
1397 807 1572 872 τέλος,
1607 807 1699 861 καὶ
1735 807 1860 861 τότε

278 899 524 974 περὶτῶν
552 900 760 953 τέκνων
787 899 1110 969 ἀσφάλισαι.
1150 899 1285 954 Είπέ
1320 918 1412 971 μοι
1455 899 1525 954 τά
1559 901 1659 970 τῆς
1683 900 1858 971 σήμεο

279 1009 397 1064 ρον,
462 991 558 1044 καὶ
610 991 733 1044 τότε
787 1008 874 1046 σοι
933 993 1214 1047 πιστεύσω
1258 991 1329 1047 τά
1369 993 1467 1064 τῆς
1517 991 1727 1064 αὔριον.
1792 993 1858 1046 Τί

277 1083 493 1138 σεαυτὸν
524 1083 619 1137 καὶ⁵
646 1083 788 1154 μετά
832 1083 1064 1140 θάνατον
1113 1086 1365 1156 ἀπατᾷς;
1411 1084 1466 1138 τί
1509 1084 1686 1148 θέλεις
1715 1079 1858 1138 εἶναι
1896 1141 1904 1149 _

275 1175 456 1246 νεκρὸς
493 1173 945 1246 χλευαζόμενος;
1011 1176 1078 1228 Τί
1125 1175 1384 1246 διορίζεις
1446 1174 1541 1228 τοῦ
1597 1173 1734 1228 Θεοῦ
1785 1177 1856 1229 τά

274 1268 515 1340 πρακτέα
536 1282 552 1334 ;
576 1267 628 1322 τί
657 1267 976 1339 νομοθετεῖς
1009 1270 1108 1341 τὴν
1135 1269 1395 1340 πρόνοιαν
1419 1287 1434 1337 ;
1471 1269 1554 1323 Τὰ
1593 1269 1678 1323 σοὶ
1707 1269 1854 1324 δεδο-

274 1365 424 1436 μένα,
455 1364 596 1420 αὒτά
622 1365 884 1438 μερίμνα.
929 1366 1095 1420 Οὐδὲν
1135 1365 1275 1437 πρὸς
1306 1365 1368 1419 σὲ
1415 1366 1549 1437 περὶ
1580 1365 1690 1419 τῶν
1715 1368 1854 1437 μετά

272 1457 346 1510 σέ.
374 1457 446 1509 Οὐ
468 1456 697 1512 δύνασαι
726 1458 822 1512 καὶ
845 1458 1042 1528 νεκρὸς
1081 1454 1241 1524 εἶναι,
1276 1457 1373 1511 καὶ
1403 1457 1680 1529 διοικέτης
1725 1457 1852 1523 ζών-

267 1565 384 1605 των.
411 1549 601 1612 Οὐδεὶς
623 1549 733 1603 τῶν
754 1551 814 1604 ὲν
830 1549 957 1622 ᾅδου
979 1550 1092 1605 τῶν
1122 1550 1264 1621 ὑπὲρ
1291 1553 1396 1621 γῆς
1425 1550 1846 1621 ἐπετρόπευσεν.

268 1638 356 1706 Εἷς
385 1643 532 1696 ἔστιν
557 1643 587 1695 6
607 1641 836 1707 ζώντων
861 1645 956 1697 καὶ
979 1643 1192 1715 νεκρῶν
1215 1645 1430 1714 κριτὴς,
1462 1643 1557 1697 καὶ
1586 1643 1850 1713 ζυγοστα-

1962 548 2084 591 rum
2131 552 2353 602 manus,
2409 555 2520 609 quo
2551 543 2858 600 vehementi
2905 549 3093 605 studio
3141 556 3554 620 contendimus,

1962 629 2046 684 vel
2107 627 2514 698 aliquantulum
2575 636 2960 708 commigrare.
2994 641 3065 696 At
3118 643 3267 711 ﬁliis,
3348 647 3553 717 inquit,

1961 719 2295 774 thesaurum
2359 722 2584 793 colligo,
2641 741 2710 780 ne
2750 733 3096 799 paupertatis
3138 751 3276 792 meae
3304 737 3555 795 lueredes

1960 826 2059 866 eos
2119 811 2377 872 habeam.
2416 813 2586 873 Recte
2612 819 2830 876 scilicet
2859 823 3051 881 :dives
3107 830 3201 899 qui
3243 832 3418 886 multa
3445 830 3552 890 sibi

1962 901 2151 958 animo
2178 902 2359 977 ﬁngit,
2393 911 2692 978 praesentia
2742 916 2944 979 nescit,
2976 925 3032 972 et
3059 919 3126 974 de
3166 919 3369 979 futuris
3392 928 3554 981 solli-

1959 993 2106 1048 citus
2159 1005 2264 1050 est.
2292 995 2530 1054 Suarum
2575 1002 2694 1070 ipse
2719 1017 2904 1058 rerum
2938 1016 3022 1061 est
3057 1008 3302 1081 ignarus,
3333 1030 3396 1069 ac
3462 1033 3551 1071 res

1961 1086 2196 1142 ﬁliorum
2255 1100 2533 1160 supputat.
2601 1093 2742 1149 Num
2815 1099 3100 1168 sepultura
3156 1103 3224 1158 sit
3255 1105 3555 1165 donandus

1960 1175 2198 1247 ignorat,
2229 1181 2372 1236 etde
2402 1183 2715 1243 hatredibus
2757 1193 3058 1246 consultat.
3096 1192 3297 1262 Stulte,
3341 1201 3552 1257 edicito

1958 1267 2093 1322 mihi
2122 1269 2285 1326 ﬁnem
2324 1281 2500 1341 tuum,
2537 1291 2601 1331 ac
2627 1287 2740 1332 tum
2777 1279 2903 1337 ﬁliis
2937 1287 3052 1340 tuis
3085 1301 3240 1342 cave.
3281 1289 3379 1346 Dic
3413 1295 3550 1348 mihi

1954 1374 2077 1428 quae
2101 1361 2267 1418 hodie
2296 1363 2482 1420 futura
2521 1368 2656 1436 siut,
2714 1387 2780 1428 ac
2817 1383 2930 1430 tum
2957 1377 3025 1432 de
3060 1380 3148 1435 die
3179 1385 3427 1440 crastino
3449 1387 3546 1441 tibi

1954 1450 2117 1544 ﬁdem
2165 1453 2400 1514 habebo.
2461 1458 2602 1527 Quid
2635 1470 2690 1520 te
2739 1465 2855 1536 ipse
2908 1471 3072 1526 etiam
3129 1486 3257 1544 post
3311 1491 3546 1536 ruortcm

1955 1543 2138 1601 fallis?
2168 1548 2325 1619 quid,
2353 1565 2479 1606 cum
2499 1566 2751 1634 mortuus
2774 1561 2907 1627 eris,
2944 1543 3230 1622 hominum
3287 1570 3545 1631 ludibriis

1953 1654 2150 1710 parere
2177 1643 2300 1700 vis?
2329 1645 2472 1712 Quid
2507 1649 2616 1706 Deo
2643 1667 2768 1722 quae
2802 1657 3014 1726 agenda
3041 1663 3155 1714 sint
3188 1666 3546 1731 praescribis?

253 1736 366 1790 τῶν
401 1735 638 1790 ἑκάστου
689 1737 751 1791 τὸ
784 1737 1012 1791 δίκαιον.
1049 1736 1398 1806 Θησαυρίζει
1439 1735 1570 1807 γάρ,
1613 1737 1778 1807 φησὶν
1822 1757 1827 1784 ε

1951 1733 2084 1802 quid
2137 1737 2503 1806 providentiae
2562 1743 2738 1814 ipsius
2791 1747 2966 1820 legem
3005 1754 3391 1814 sancis?llace
3438 1761 3539 1815 tibi

265 1828 568 1899 προφήτης,
596 1827 698 1882 καί
721 1829 795 1882 οὐ
831 1827 1112 1897 γινώσκει
1145 1828 1262 1881 τίνι
1289 1826 1545 1898 συνάγει
1579 1828 1753 1884 αὐτά.
1778 1828 1820 1880 Τ

1946 1840 2096 1882 ειη-αξ
2124 1830 2238 1884 sint
2292 1847 2417 1902 quae
2448 1812 2740 1894 data—sunt
2779 1812 2897 1896 tibi.
2933 1842 3066 1909 Quae
3096 1859 3222 1916 post
3255 1857 3309 1906 te

263 1919 363 1973 τῶν
386 1918 638 1990 πενήτων
667 1919 743 1984 ὡς
770 1918 1026 1990 ὀρφανῶν
1051 1918 1452 1990 κατατρέχεις;
1491 1918 1545 1972 τί
1582 1918 1840 1989 αἰτούμε-

263 2027 343 2072 νος
367 2010 497 2080 παρ’
518 2009 702 2063 αὐτῶν
728 2010 1082 2080 ἀγανακτεῖς,
1125 2010 1202 2076 ὡς
1255 2009 1469 2064 οίκοθεν
1508 2009 1838 2076 ἁναλίσκων;

261 2101 336 2156 Τὰ
357 2101 586 2174 πατρῷα
635 2102 906 2170 θέλουσιν,
956 2102 1100 2174 οὐχὶ,
1124 2102 1194 2157 τά
1233 2101 1340 2156 σά·
1374 2101 1444 2157 τά
1477 2101 1838 2157 πιστευθέντα

262 2211 337 2248 σοι
365 2194 430 2248 δι’
454 2195 681 2259 αὐτοὺς,
742 2195 837 2251 καὶ
889 2195 1012 2266 οὐχὶ
1046 2195 1187 2268 μετά
1241 2195 1337 2250 σοῦ
1383 2195 1738 2266 γεννηθέντα.
1768 2195 1836 2248 ’Ἀ

259 2286 458 2350 ἔλαϐες,
483 2287 598 2355 δὸς,
629 2288 726 2342 καὶ
779 2287 880 2358 τὴν
937 2288 1134 2361 χρῆσιν
1163 2287 1448 2358 κέρδανον.
1504 2288 1692 2359 Ἀρκεῖ
1726 2305 1831 2355 σοι,

255 2379 330 2432 ὅτι
350 2379 572 2446 διδόναι,
602 2379 663 2432 οὐ
689 2379 991 2451 λαμϐάνειν
1050 2378 1453 2451 προσετάχθης.
1490 2380 1679 2451 Ἀρκεῖ
1723 2396 1830 2448 σοι,

255 2469 330 2522 ὅτι
379 2469 466 2524 διά
508 2470 734 2541 πτωχοῦ
797 2473 826 2526 6
880 2470 1014 2535 Θεὸς
1053 2471 1154 2542 τὴν
1187 2471 1373 2538 δεξιάν
1410 2489 1492 2526 σοι
1527 2473 1827 2544 προτείνει.

255 2559 464 2632 Βρέχων
535 2560 638 2633 τὴν
673 2562 766 2615 ὑπ’
814 2562 1045 2634 οὐρανὸν
1080 2561 1284 2634 χαλκοῦ
1313 2562 1526 2633 ψεκάδα
1562 2581 1624 2618 σε
1659 2581 1831 2636 προσ-

253 2656 403 2708 αιτεῖ.
421 2653 477 2707 ’0
500 2654 745 2725 βροντῶν
767 2655 862 2721 καὶ
883 2655 1232 2727 ἀστράπτων,
1251 2654 1530 2727 Ἐλέησον,
1555 2657 1638 2710 σοὶ
1657 2655 1826 2725 λέγει.

263 2743 318 2796 '0
346 2745 695 2816 περιϐάλλων
716 2745 810 2800 τὸν
871 2747 1104 2818 οὐρανὸν
1158 2747 1434 2817 νεφέλαις,
1460 2747 1651 2818 ῥάκιον
1686 2751 1830 2804 αίτεῖ

251 2837 388 2908 παρά
423 2836 547 2893 σοῦ.
585 2838 776 2909 Ἀρκεῖ
831 2856 936 2903 σοι,
980 2839 1062 2894 ὅτι
1109 2839 1159 2892 οί
1215 2839 1451 2911 πένητες
1479 2840 1557 2903 ὡς
1600 2840 1735 2893 Θεόν
1768 2856 1828 2893 σε

249 2929 585 2985 λιτανεύουσι
653 2931 747 2985 καὶ
811 2931 1148 2986 ἱκετεύουσιν
1196 2948 1211 2962 ο
1280 2929 1600 3002 Οίκτίρμων
1669 2931 1827 3001 ἐλέη-

249 3039 334 3075 σον
361 3038 376 3054 ·
405 3023 663 3094 ἐλεήμων
693 3023 984 3095 οῖκτειρον.
1004 3023 1077 3076 Σὺ
1107 3022 1280 3087 δὲτὰς
1311 3021 1520 3092 ὀφρύας
1551 3022 1825 3093 ἀνασπᾷς,

247 3111 333 3164 καὶ
367 3112 531 3183 μόγις
564 3111 982 3184 λιτανευόμενος
1010 3112 1354 3185 ἐπικάμπτῃ.
1397 3111 1501 3175 Δὸς
1539 3111 1726 3176 αὐτοῖς
1754 3113 1824 3166 τά

1947 1930 2100 1988 sunt,
2133 1922 2203 1976 ad
2224 1931 2276 1979 te
2295 1924 2436 1980 nihil
2461 1928 2720 1986 attinent.
2752 1930 2870 1988 Non
2905 1945 3065 2006 potes
3087 1940 3274 2011 simul,
3302 1954 3359 1999 et
3388 1962 3538 2000 tuor-

1947 2017 2077 2066 tuus
2122 2027 2270 2083 esse,
2303 2023 2358 2071 et
2389 2017 2634 2077 viventes
2683 2037 3012 2092 procurare.
3059 2028 3232 2088 Nemo
3282 2051 3529 2108 unquam

1944 2117 2009 2157 ex
2066 2103 2136 2159 iis
2182 2107 2276 2177 qui
2321 2108 2380 2164 in
2429 2109 2646 2168 inferno
2698 2125 2851 2182 sunt,
2917 2134 3108 2176 eorum
3152 2127 3245 2196 qui
3300 2103 3536 2188 interra

1946 2205 2138 2265 agunt,
2186 2205 2338 2254 tutor
2380 2203 2618 2260 exstitit.
2678 2204 2837 2264 Unus
2864 2221 2949 2266 est
2987 2212 3237 2271 vivorum
3285 2228 3341 2274 et
3387 2237 3536 2278 mor-

1944 2296 2163 2379 t_uorum
2188 2288 2378 2358 judex,
2401 2307 2465 2349 ac
2486 2295 2696 2364 jurium
2721 2301 3158 2377 uniuscujusque
3173 2313 3531 2379 ponderator.

1943 2375 2316 2474 Thes-auriam,
2337 2384 2518 2455 inquit
2540 2383 2835 2459 Propheta,
2853 2401 2904 2447 et
2921 2375 3131 2464 ignorat
3151 2375 3239 2452 c—ui
3259 2416 3534 2474 congreget

1938 2482 2001 2563 ea
2025 2465 2198 2539 (Psal.
2219 2487 2450 2563 xxxvm,
2468 2474 2548 2545 7).
2563 2473 2703 2542 Quid
2715 2494 2990 2562 pauperes
3015 2494 3275 2557 tanquam
3295 2465 3531 2563 pupillos

1939 2558 2276 2620 insectaris?
2311 2563 2482 2633 Quid,
2540 2583 2668 2624 cum
2697 2559 2903 2644 aliquid
2924 2591 2954 2631 a
2984 2585 3038 2632 te
3063 2558 3528 2648 petunt,_stoma«

1937 2651 2146 2720 charis,
2175 2671 2240 2712 ac
2267 2657 2315 2714 si
2339 2658 2407 2716 de
2439 2666 2537 2716 tuo
2567 2662 2854 2722 insumas?
2891 2667 3131 2727 Paterna
3164 2676 3376 2743 vo'unt,
3413 2694 3524 2734 nou

1937 2752 2063 2812 tua;
2091 2762 2158 2803 ea
2213 2764 2338 2820 qua
2388 2751 2514 2810 ﬁdei
2557 2762 2667 2812 tuae
2731 2762 3035 2818 commissa
3076 2777 3227 2832 sunt,
3257 2785 3369 2825 non
3401 2787 3526 2843 quae

1936 2843 2116 2892 tecum
2166 2848 2318 2898 nata.
2376 2842 2455 2901 Da
2515 2861 2639 2917 quae
2687 2851 2955 2922 accepisti
2992 2863 3047 2911 et
3080 2871 3145 2912 ex
3177 2873 3370 2915 eorum
3415 2842 3522 2919 usu

1935 2931 2376 2992 emolumentum
2414 2939 2516 2994 tibi
2557 2941 2820 2998 concilia.
2869 2943 3082 3002 Suﬁicit
3115 2948 3215 3004 tibi
3248 2953 3396 3022 quod
3421 2955 3524 3009 da-

1936 3035 2016 3118 re,
2076 3039 2188 3080 non
2243 3029 2502 3102 accipere
2543 3033 2740 3104 jussus
2771 3035 2871 3093 sis.
2921 3036 3071 3097 Satis
3094 3042 3169 3098 sit
3218 3044 3320 3101 tibi
3369 3050 3522 3118 quod

1934 3110 2082 3171 Deus
2134 3132 2234 3187 per
2268 3135 2566 3194 pauperem
2613 3143 2836 3183 manum
2874 3129 2953 3185 ad.
2979 3141 3032 3188 te
3076 3110 3521 3208 protenditIQui

245 3203 433 3269 αὐτῶν,
477 3205 617 3276 πρὶν
641 3206 872 3277 ὲπιστῇς
931 3203 1009 3275 τῷ
1037 3203 1356 3275 λογοθεσίῳ.
1397 3203 1498 3267 Δὸς
1537 3204 1722 3268 αὐτοῖς
1753 3203 1825 3258 τὰ

1934 3212 2136 3304 ιοιτιιηι
2157 3209 2336 3268 imbre
2365 3191 2638 3286 infundit,
2663 3222 2908 3290 guttulas
2937 3191 3190 3285 teris-abs
3223 3191 3521 3304 tesuppiex

243 3297 439 3351 αὐτῶνθ
474 3297 697 3370 πατέρα
718 3297 902 3367 έχουσι
924 3297 1172 3365 βασιλέα.
1190 3295 1288 3361 Δὸς
1311 3295 1493 3360 αὐτοῖς
1517 3295 1586 3350 τὰ
1620 3296 1820 3362 αὐτῶν,

241 3390 327 3442 καὶ
355 3389 489 3445 λάϐε
519 3390 672 3461 παρά
701 3389 797 3444 τοῦ
827 3390 1033 3460 πατρὸς
1055 3388 1238 3443 αὐτῶν
1272 3387 1629 3460 ἀμεριμνίαν.
1655 3387 1822 3442 Ποίαν

241 3482 595 3554 ἀμεριμνίαν,
627 3482 832 3553 φησίν;
869 3482 994 3551 Ἐφ’
1029 3481 1181 3537 ὅσον
1202 3480 1533 3550 ἐποιήσατε
1569 3479 1662 3533 ἑνί
1687 3480 1822 3534 τού-

239 3591 348 3627 των
396 3574 522 3631 τῶν
574 3575 940 3644 ἐλαχίστων,
990 3574 1122 3645 ἐμοὶ
1169 3572 1522 3643 ἐποιήσατε.
1595 3569 1659 3625 '0
1711 3571 1820 3643 γὰρ

235 3665 416 3720 ἐλεῶν
453 3667 724 3736 πτωχόν,
757 3665 1011 3728 δανείζει
1053 3665 1197 3732 Θεῷ,
1247 3666 1417 3737 φησιν
1444 3665 1472 3719 6
1502 3663 1811 3735 προφήτης.

1933 3300 2139 3371 poscit.
2173 3303 2282 3369 Qui
2325 3315 2478 3363 tonat
2509 3323 2563 3366 et
2595 3312 2865 3385 fulgurat,
2892 3318 3338 3377 misericordiam
3361 3300 3521 3382 tuam

1929 3390 2208 3461 implorat.
2253 3396 2364 3465 Qui
2425 3402 2669 3462 nubibus
2727 3409 2928 3465 cmlum
2985 3414 3188 3482 operit,
3220 3417 3380 3471 vilem
3407 3433 3434 3470 a
3467 3431 3521 3473 te

1930 3497 2174 3553 pannum
2233 3491 2501 3558 postulat.
2538 3495 2688 3552 Satis
2752 3498 2853 3554 tibi
2885 3515 3006 3558 esse
3070 3503 3236 3560 debet
3286 3501 3432 3576 quod
3465 3517 3519 3564 te

1929 3589 2202 3645 pauperes
2229 3582 2304 3636 uti
2333 3583 2500 3639 Deum
2534 3597 2734 3658 rogant
2763 3598 2816 3644 et
2838 3591 3167 3650 obsecrant:
3199 3595 3518 3654 Misericors

1922 3667 2217 3740 miserere;
2257 3674 2574 3745 miserator,
2619 3689 2669 3734 te
2717 3686 2893 3738 nostri
2927 3685 3208 3743 misereat.
3261 3687 3342 3743 Tu
3384 3706 3518 3746 vero

237 3760 600 3830 supercilium
651 3761 884 3825 attollis,
905 3775 971 3816 ac
1022 3760 1114 3814 vix
1151 3759 1284 3816 ullis
1306 3757 1567 3830 precibus
1595 3755 1917 3812 inflecteris.
1953 3756 2162 3817 Tribue
2196 3764 2333 3836 ipsis
2371 3783 2494 3839 quae
2529 3786 2630 3827 sua
2653 3785 2801 3842 sunt,
2833 3786 3128 3849 antequam
3165 3782 3279 3836 illic
3310 3783 3388 3838 sis
3423 3780 3516 3839 ubi

233 3856 555 3913 referendas
578 3856 818 3912 rationes
856 3857 1045 3912 habes.
1071 3855 1279 3912 Tribue
1307 3855 1444 3926 ipsis
1473 3868 1598 3925 quae
1619 3868 1722 3909 sua
1751 3860 1882 3907 sunt
1908 3870 1922 3919 ;
1949 3869 2075 3910 nam
2105 3854 2326 3917 Patrem
2355 3863 2563 3924 habent
2583 3883 2790 3939 regem.
2821 3871 2895 3926 Da
2929 3874 3068 3945 ipsis
3088 3893 3208 3948 quae
3239 3894 3337 3934 sua
3363 3889 3514 3944 sunt,

229 3959 281 4004 et
311 3951 379 4006 ab
415 3963 614 4006 eorum
655 3949 815 4006 Patre
846 3951 1090 4004 animum
1123 3949 1191 4005 ab
1211 3947 1586 4006 sollicitudine
1616 3945 1848 4002 liberum
1881 3947 2094 4018 accipe.
2126 3950 2304 4018 Quem'
2343 3958 2476 4014 mihi
2506 3959 2753 4015 animum
2781 3965 2931 4021 curis
2957 3945 3272 4039 exemptum
3297 3985 3514 4034 nari-a5,

229 4046 446 4117 inquit?
476 4049 756 4118 Quodnmi
792 4062 858 4103 ea:
891 4047 1127 4101 minimis
1155 4049 1283 4102 meis
1321 4044 1548 4135 fecistis,
1602 4041 1965 4135 miltifecistis
2015 4043 2037 4114 (
2060 4043 2258 4104 Matth.
2288 4067 2419 4120 xxv,
2478 4053 2550 4109 40
2568 4053 2610 4126 ).
2659 4054 2796 4110 Nam
2831 4058 3109 4126 feueratur
3154 4061 3286 4129 Deo,
3335 4064 3515 4135 inquit

226 4139 517 4210 propheta,
549 4140 640 4210 qui
673 4140 954 4192 miseretur
1003 4137 1253 4207 pauperis
1274 4133 1471 4207 (Prov.
1507 4147 1622 4196 xIx,
1651 4130 1772 4201 17).

295 4224 468 4283 Ἴδετε
505 4229 598 4283 τὸν
620 4227 875 4294 πλοῦτον,
897 4227 989 4281 τὸν
1023 4225 1304 4298 δραπέτην
1327 4241 1342 4256 ο
1371 4224 1433 4278 οὐ
1453 4222 1735 4296 δραπέτην
1760 4221 1824 4276 δὲ

232 4319 414 4390 μόνον,
442 4319 586 4375 ἀλλά
641 4321 738 4374 καὶ
769 4319 1122 4391 ἀνδροφόνον.
1153 4319 1230 4372 Οὐ
1257 4318 1367 4390 γάρ
1410 4315 1818 4387 καταλιμπάνει

227 4414 385 4481 μόνον
415 4413 550 4478 τοὺς
581 4413 809 4485 ἔχοντας
836 4411 1028 4478 αὐτὸν,
1055 4412 1193 4467 ἀλλά
1221 4411 1318 4467 καὶ
1349 4411 1548 4482 σφάζει
1585 4408 1808 4473 αὐτούς.

1994 4233 2295 4332 Ejusdem,
2355 4245 2558 4307 Enarr.
2618 4254 2674 4308 in
2731 4255 2886 4311 Psai.
2947 4271 3098 4322 xuv,
3159 4258 3224 4313 de
3276 4257 3508 4332 Eutrop.

1914 4324 2226 4420 (Nonnihil
2282 4335 2505 4398 diversa
2533 4345 2602 4400 ab
2636 4347 2823 4405 editis.
2843 4349 3189 4420 )—Videte
3255 4324 3506 4418 divitias.

1912 4414 2084 4516 hunc,
2131 4424 2382 4496 inquam,
2441 4432 2732 4506 fugitivum
2790 4414 3053 4509 servum;
3084 4458 3186 4499 nec
3206 4414 3504 4516 fugitivum

221 4503 410 4559 Πίστιν
438 4504 554 4576 γὰρ
582 4505 684 4559 οὐκ
712 4504 850 4576 ἔχει.
877 4504 1080 4577 Θηρίον
1099 4504 1250 4557 ἐστὶν
1272 4504 1300 4557 ὁ
1322 4501 1554 4568 πλοῦτος
1577 4501 1802 4557 ἰοϐόλονο

1934 4510 2101 4578 nodo,
2133 4516 2226 4571 sed
2247 4527 2303 4574 et
2329 4501 2693 4582 homicidam.
2714 4527 2903 4601 Neque
2917 4501 3066 4588 enim
3091 4548 3230 4589 suos
3263 4501 3505 4590 tantum-

216 4594 310 4648 ἑάν
362 4563 694 4667 κατέχεται,
744 4563 989 4666 gestiret-2
1032 4594 1131 4649 ὲάν
1188 4563 1576 4666 σκορπίζεται,
1625 4610 1806 4665 παρα-

1984 4563 1991 4564 ί
2015 4563 2101 4578 "'1
2133 4563 2226 4571 -"-
2248 4563 2302 4574 ν*
2329 4563 2693 4582 πνοι-ινιυαιιιο
2714 4563 2903 4601 υσιιιισ
2917 4563 3066 4588 ῦιιιιιι
3091 4563 3230 4589 WUD
3265 4563 3498 4590 ιιιιιιυιυ-

1934 4603 2076 4660 nodo
2153 4607 2408 4672 dominos
2479 4618 2690 4676 deserit
2731 4638 2746 4675 :
2810 4623 2907 4680 sed
2961 4625 3128 4680 etiam
3179 4627 3498 4682 obtruncat.

216 4690 389 4758 μένει.
433 4691 862 4760 Ἐσκόρπισεν,
902 4691 1132 4745 ἔδωκεν
1155 4689 1283 4756 τοῖς
1319 4689 1585 4756 πένησιν
1604 4702 1619 4719 ⁸
1649 4689 1690 4757 ἠ
1717 4686 1805 4742 διο

1934 4692 2068 4752 iulla
2093 4701 2302 4773 quippe
2323 4705 2431 4777 ipsi
2472 4710 2608 4770 ﬁdes
2648 4714 2814 4772 inest.
2863 4715 3079 4772 Divitiae
3135 4717 3378 4774 veneﬁca
3407 4719 3501 4775 he-

213 4783 514 4852 καιοσύνη
543 4783 733 4838 αὐτοῦ
760 4783 931 4852 μένει
960 4784 1048 4849 είς
1075 4783 1184 4837 τὸν
1211 4782 1400 4838 αἰῶνα
1421 4781 1530 4836 τοῦ
1564 4778 1798 4846 αἰῶνος.

1939 4788 2006 4841 tia
2031 4801 2183 4848 sunt.
2210 4795 2346 4852 Cum
2385 4808 2668 4870 tenentur,
2693 4804 2950 4876 fugiunt;
2980 4823 3108 4863 cum
3136 4821 3495 4879 sparguntur,

210 4871 523 4943 Σκόρπισον
556 4869 651 4928 οὖν
681 4873 869 4943 αὑτὸν,
900 4875 990 4928 ἵνα
1029 4875 1191 4949 μένῃ.
1221 4873 1606 4946 Θησαυρίσατε
1637 4871 1800 4926 αὐτὸν

1934 4893 2213 4972 emanent.
2270 4888 2563 4962 Dispersit,
2593 4869 2740 4954 enim
2758 4869 2952 4969 inquit
2979 4901 3096 4966 ille,
3129 4869 3496 4972 dedit'paupc;

208 4963 266 5015 ἐν
285 4966 400 5026 τοῖς
425 4964 704 5036 οὐρανοῖς,
737 4964 874 5020 ὅπου
903 4960 1151 5037 κλέπτης
1173 4964 1276 5018 οὐκ
1297 4963 1529 5033 ἐγγίζει,
1553 4962 1676 5017 οὐδὲ
1699 4961 1800 5034 σὴς

1935 4971 2060 5065 ἱῡιιε
2091 4991 2113 5030 :
2137 4960 2498 5055 justitiaiejus
2517 4960 2695 5045 manet
2715 4997 2771 5047 in
2789 4960 3044 5048 saeculum
3078 4960 3266 5047 ταξιαίὶ
3296 4960 3489 5065 ’(Ρειιι.

205 5053 540 5127 διαφθείρει.
581 5057 694 5110 Ποῦ
723 5058 776 5111 οἱ
821 5058 1235 5129 πλουτήσαντες
1269 5056 1379 5127 πρὸ
1423 5057 1621 5128 ήμῶνς
1669 5055 1797 5124 ἐλη-

206 5147 583 5219 σμονήθησαν.
626 5149 831 5214 Ἡδέως
857 5151 925 5205 ἂν
958 5152 1192 5224 ἐροίμην
1223 5151 1354 5215 τοὺς
1397 5150 1794 5216 ἀποθανόντας,

202 5240 549 5310 καῖὴρὼτων
564 5242 786 5308 αὐτούς’
807 5243 916 5296 Ποῦ
939 5244 968 5297 6
987 5243 1238 5310 πλοῦτος,
1252 5242 1349 5297 καὶ
1369 5243 1420 5297 οί
1439 5242 1791 5315 στρατιῶται,

199 5328 392 5381 καὶτὰ
419 5327 547 5400 ξίφη
578 5331 648 5384 τά
679 5332 1068 5404 ἀστράπτοντα
1102 5336 1168 5386 ἐκ
1185 5334 1284 5404 τῆς
1316 5334 1554 5401 άκόνηςς
1585 5332 1696 5386 Ποῦ
1723 5333 1792 5386 τά

197 5419 610 5492 ἀργυρώματα,
643 5425 737 5478 καὶ
765 5427 823 5478 αἱ
855 5426 1031 5480 κλῖναι
1056 5426 1116 5478 αἱ
1149 5427 1424 5497 ἀργυραῖς
1446 5425 1624 5480 ποῦ.οἱ
1645 5425 1791 5479 οἰκέο-

195 5527 317 5578 ται;
346 5513 455 5566 ποῦ
478 5515 527 5568 οἱ
556 5517 839 5588 εὐνοῦχοι;
865 5516 970 5572 ποῦ
993 5519 1045 5572 οἱ
1066 5519 1247 5590 φίλοι;
1273 5519 1377 5572 ποῦ
1405 5521 1464 5574 at
1490 5519 1660 5573 οἰκίαι
1685 5536 1700 5585 ;
1723 5520 1788 5573 Τί

195 5605 456 5676 κατέχεις
499 5609 733 5664 πλοῦτον
765 5611 860 5666 τὸν
907 5614 966 5665 ὲν
1007 5611 1189 5684 καιρῷ
1237 5612 1488 5682 ἀνάγκης
1532 5613 1686 5667 οὐδέν
1725 5630 1786 5666 σε

194 5698 514 5766 ὠφελοῦντα
532 5719 548 5770 ;
575 5703 718 5772 Ἐγὼ
737 5705 799 5757 οὐ
821 5704 1054 5776 κεκόλλη
1063 5721 1163 5775 μαι
1181 5706 1296 5768 τοῖς
1326 5704 1601 5769 πλουσίοις
1616 5745 1631 5771 ,
1650 5706 1787 5761 ἀλλά

193 5791 310 5856 τοῖς
343 5794 536 5860 κακῶς
561 5794 642 5865 τῷ
694 5793 918 5867 πλούτῳ
955 5795 1344 5867 κεχρημένοις.
1375 5796 1452 5850 Οὐ
1496 5797 1589 5852 τὸν
1621 5797 1785 5852 πλού-

519 5887 796 5975 Ῑ³Ατιιοιη
838 5914 958 5977 Gn.
996 5916 1180 5980 XCV.

1897 5077 2010 5129 CXI.
2041 5064 2138 5137 9).
2173 5068 2285 5128 Has
2318 5089 2450 5146 ergo
2508 5078 2783 5153 disperge,
2821 5091 2882 5137 ut
2933 5091 3213 5138 maneant.
3245 5064 3493 5140 lnicoelis

1896 5171 1993 5213 eas
2027 5160 2366 5234 thesauriza,
2399 5167 2492 5223 ubi
2523 5171 2617 5239 fur
2651 5189 2756 5228 non
2787 5176 3096 5245 apprOpt'at,
3137 5193 3303 5246 neque
3343 5179 3486 5232 tinea

1897 5255 2194 5322 corrumpit
2216 5257 2237 5326 (
2259 5254 2393 5312 Luc.
2427 5275 2522 5315 xu.
2551 5263 2623 5318 5'5
2643 5265 2684 5334 ).
2714 5263 2820 5322 Ubi
2853 5275 2986 5323 sunt
3008 5267 3086 5322 illi
3114 5270 3364 5338 opulenti
3386 5272 3484 5340 qui

1897 5349 2027 5396 ante
2080 5359 2185 5403 nos
2209 5345 2474 5405 fuerunt?
2526 5353 2808 5412 oblivione
2859 5358 3046 5413 obruti
3077 5367 3229 5415 sunt.
3263 5359 3487 5416 Lubens

1893 5442 2078 5492 autem
2104 5453 2173 5494 ex
2207 5439 2276 5497 iis
2331 5447 2424 5514 qui
2461 5444 2842 5516 decesserunt,
2901 5467 3211 5522 quaererem
3257 5467 3324 5507 ac
3370 5454 3483 5508 seio

1891 5526 2125 5584 scitarer
2168 5530 2262 5586 ubi
2296 5549 2487 5590 eorum
2524 5552 2658 5609 opes
2685 5542 2820 5606 sint,
2854 5543 2946 5598 ubi
2985 5543 3252 5604 militares
3284 5545 3479 5613 capite.

1889 5626 1943 5672 et
1977 5617 2247 5690 fulgentes
2276 5628 2507 5697 cuspide
2539 5645 2639 5685 sua
2689 5633 2859 5703 gladii
2889 5650 2904 5698 ;
2943 5635 3036 5689 ubi
3073 5649 3208 5690 vasa
3270 5650 3466 5704 argen-

1889 5722 1997 5775 tea,
2029 5721 2085 5766 et
2121 5713 2246 5770 lecti
2305 5723 2586 5791 argentei;
2631 5723 2727 5778 ubi
2761 5723 2978 5790 famuli,
3024 5727 3117 5780 ubi
3170 5726 3469 5795 spadones,

1888 5804 1980 5860 ιιιὺί
2217 5809 2406 5874 amici.
2435 5813 2530 5884 ubi.
2561 5816 2730 5873 aedes.
2759 5816 2902 5884 Quid
2933 5814 3157 5874 divitias
3189 5816 3488 5894 contines,

2910 5933 2982 6006 48
