4028 6460
479 356 612 424 1515

1681 369 1747 428 8.
1786 367 2106 429 JOANNIS
2141 369 2572 430 DAMASCENI

3639 381 3778 449 1516

474 487 536 527 ex
567 473 787 544 quibus,
817 489 940 529 Clllll
969 474 1278 532 neocssitas
1306 485 1484 547 urget,
1515 476 1656 532 nihil
1677 478 1934 534 utilitatis
1970 493 2041 534 ca-

2168 497 2283 534 σιον
2315 480 2591 537 διαδάλλω
2623 484 2656 554 ἢ
2699 483 2946 556 λοιδορῶ,
2998 487 3074 558 μὴ
3104 475 3338 556 γένοιτο,
3373 489 3512 546 ἀλλά
3545 493 3640 548 τὸν
3669 496 3774 567 ἆρ-

476 566 634 637 pias?
671 564 771 622 llic
810 580 910 637 ego
972 566 1176 623 divites
1233 583 1346 624 non
1406 569 1650 642 exagito,
1706 569 1801 625 sed
1833 585 1930 626 eos
1964 572 2061 641 qui

438 662 688 756 ,divitiis
727 661 1050 719 abutuntur.
1113 660 1234 718 Non
1279 664 1504 720 divitem
1526 663 1783 730 traduce,
1809 678 1912 720 nec
1943 679 2060 718 ma-

439 752 694 810 iledietis
768 755 1004 823 lacesso,
1068 756 1236 825 absit,
1269 756 1365 812 sed
1422 763 1726 828 raptorem,
1770 755 1936 811 Aliud
1977 764 2062 812 est

469 845 647 914 dives,
707 846 858 903 aliud
887 857 1103 919 raptor,
1169 847 1320 904 aliud
1353 848 1600 905 habendi
1636 846 1898 920 cupidus.
1953 846 2061 903 [les

469 936 656 995 divide
697 952 712 992 :
750 954 821 995 ne
843 954 906 996 ea
955 939 1130 1013 junge
1171 956 1295 1014 quae
1325 957 1528 997 nexum
1559 955 1672 996 non
1709 939 1936 996 habent.
1970 939 2063 994 Di-

466 1045 563 1088 ves
587 1045 670 1087 es.
720 1029 841 1087 Non
869 1033 1159 1104 prohibeo,
1197 1049 1301 1089 nec
1341 1034 1613 1090 obtrecto.
1646 1032 1841 1089 Aliena
1870 1031 2062 1104 rapis?

465 1125 569 1181 hoc
591 1125 954 1196 reprehendo.
995 1125 1178 1185 Habes
1229 1143 1354 1200 quae
1401 1136 1492 1184 tua
1531 1127 1700 1183 sunt?
1729 1126 1818 1183 his
1850 1125 2055 1184 fruere.

462 1216 656 1272 Aliena
687 1216 907 1274 sumis?
943 1231 1053 1273 non
1081 1218 1244 1286 sileo,
1273 1218 1370 1274 sed
1413 1217 1615 1273 clamo.
1654 1214 1752 1273 Vis
1793 1227 1881 1272 me
1914 1216 2057 1289 lapi-

461 1308 627 1366 dibus
657 1310 890 1380 petere?
924 1316 1128 1382 prtesto
1164 1325 1310 1367 sum.
1354 1307 1450 1367 Vis
1489 1308 1626 1365 mihi
1661 1315 1831 1381 caput
1860 1322 2057 1380 ampu-

463 1402 619 1457 tare?
648 1417 758 1457 non
788 1417 1008 1460 recuso.
1073 1404 1398 1476 Promptum
1444 1411 1530 1461 est
1555 1401 1689 1457 mihi
1727 1400 2056 1473 sanguinem

462 1493 822 1564 profundere,
857 1495 1023 1552 modo
1076 1505 1364 1567 peccatum
1401 1504 1557 1551 tuum
1597 1493 1968 1560 lucrifaciam,
2002 1502 2056 1549 et

457 1600 488 1638 a
523 1593 576 1641 te
605 1587 962 1643 submovcam
990 1605 1004 1643 :
1037 1587 1090 1643 id
1137 1588 1275 1643 mihi
1313 1602 1463 1644 cura:
1513 1596 1619 1653 est,
1655 1588 1920 1659 quoniam
1955 1585 2052 1640 tibi

457 1678 745 1734 nocivum.
800 1679 984 1736 Unum
1017 1680 1122 1735 hoc
1157 1681 1289 1736 mihi
1323 1679 1599 1736 duntaxat
1627 1693 1777 1734 curae
1799 1685 1906 1742 est,
1948 1692 2053 1732 au-

455 1769 726 1826 dientium
755 1771 1056 1843 profectus.
1089 1774 1254 1844 Atqui
1306 1787 1578 1844 pauperes
1614 1772 1708 1829 lilii
1743 1770 1852 1826 mei
1896 1776 2050 1835 sunt,

2175 587 2351 642 παγα.
2380 575 2548 629 Ἀλλο
2574 577 2854 643 πλούσιος,
2880 578 3010 634 ἄλλο
3038 579 3242 652 ἅρπαξ,
3281 584 3378 637 καὶ
3409 585 3543 640 ἀλλο
3571 588 3769 644 πλεον-

2169 665 2358 737 έκτης.
2396 666 2550 720 Δίελε
2611 669 2683 723 τὰ
2729 671 3070 742 πράγματα’
3105 673 3183 744 μὴ
3220 675 3386 745 μίσγε
3426 677 3497 732 τά
3525 679 3764 752 ἄμικτα.

2167 755 2433 821 Πλούσιος
2461 753 2545 826 ei;
2577 759 2637 812 οὐ
2690 760 2911 827 κωλύω,
2941 763 3007 816 ού
3058 762 3295 833 ζηλεύω.
3349 767 3652 839 Ἀρπάζεις
3697 774 3770 828 τὰ

2164 844 2455 917 ἀλλότρια;
2487 850 2801 922 κατηγορῶ.
2832 852 3021 924 Ἔχεις
3047 854 3116 908 τὰ
3137 853 3247 923 σά;
3282 857 3529 928 ἀπόλαυε
3552 863 3762 921 αὐτῶν.

2165 938 2483 1027 Ααμόλάνεις
2533 941 2603 996 τὰ
2653 943 2948 1016 ἀλλότρια;
2977 948 3038 1000 ού
3097 948 3311 1016 σιωπῶ,
3351 951 3492 1007 ἀλλὰ
3543 956 3761 1027 κράζω.

2163 1026 2355 1094 Θέλεις
2411 1047 2480 1102 με
2517 1030 2778 1102 λιθάσαι;
2817 1035 3038 1108 ἕτοιμός
3080 1039 3220 1110 εἰμι.
3279 1026 3610 1115 ’Λποτεμεῖν
3657 1047 3765 1118 τὴν

2164 1119 2414 1194 κεφαλὴν
2451 1122 2665 1191 θέλεις;
2701 1127 2763 1180 οὐ
2807 1128 3210 1202 παραιτοῦμαι.
3247 1129 3321 1186 Τὸ
3350 1131 3493 1206 αἷμα
3539 1137 3764 1210 ἕτοιμός

2163 1213 2280 1283 εἰμι
2307 1215 2512 1283 ἐκχεῖν,
2544 1217 2707 1287 μόνον
2749 1219 2848 1290 τὴν
2881 1221 3163 1294 ἁμαρτίαν
3206 1241 3307 1279 σου
3343 1227 3621 1300 κερδήσω,
3662 1232 3763 1286 καὶ

2162 1301 2396 1357 κωλύσω
2422 1304 2596 1378 αὐτὴν
2627 1307 2735 1361 ἀπὸ
2764 1308 2882 1363 σοῦ.
2916 1310 3072 1381 Ἐμοὶ
3103 1311 3278 1383 μέλει,
3311 1316 3502 1390 ἐπειδή
3533 1336 3597 1373 σε
3626 1319 3762 1391 pm-

2161 1411 2322 1448 πτει·
2361 1395 2484 1460 ὲνός
2536 1415 2630 1469 μοι
2689 1399 2854 1470 μόνον
2913 1401 3089 1473 μέλει,
3137 1405 3240 1477 τῆς
3298 1408 3594 1482 προκοπῆς
3645 1411 3762 1468 τῶν

2160 1489 2495 1546 ἀκουόντων.
2525 1493 2638 1548 Καὶ
2671 1496 2722 1548 οί
2755 1495 2993 1569 πένητες
3025 1498 3136 1570 ἐμὰ
3158 1501 3348 1569 τέκνα,
3379 1505 3478 1559 καὶ
3503 1508 3554 1560 οἱ
3588 1507 3760 1563 πλού-

2159 1599 2266 1636 σιοι
2297 1583 2408 1654 ὲμά
2430 1584 2599 1640 τέκνα
2628 1588 2789 1643 εἰσίν.
2839 1590 2904 1643 Ἦ
2934 1591 3074 1664 αὑτὴ
3101 1592 3212 1666 γὰρ
3249 1595 3467 1669 γαστὴρ
3505 1598 3758 1670 ἀμφοτέ-

2161 1691 2288 1747 ρους
2321 1676 2587 1748 ὠδίνησεν
2609 1681 2719 1734 ’.αἱ
2750 1682 2916 1738 αὐταὶ
2963 1685 3174 1756 ὠδῖνες,
3203 1690 3298 1744 καὶ
3331 1693 3380 1746 οί
3411 1695 3569 1748 αὐτοὶ
3598 1696 3757 1752 πόνοι

2156 1768 2506 1842 ἀμφοτέρους
2564 1771 2775 1830 ἔτεκον.
2819 1775 2948 1832 Ἐὰν
3001 1781 3337 1854 κεκόλλησαι
3387 1785 3469 1857 τῷ
3515 1787 3751 1860 πένητι,

455 1866 700 1937 itemque
745 1865 842 1920 lilii
878 1865 984 1922 mei
1038 1874 1170 1922 sunt
1223 1867 1445 1923 divites.
1507 1865 1654 1922 Idem
1681 1865 1827 1921 enim
1857 1873 2041 1919 uterus

2155 1861 2453 1933 κατηγορῶ
2485 1879 2602 1930 σου,
2637 1866 2696 1919 ού
2747 1865 2841 1920 τοῦ
2879 1869 3116 1941 πένητος
3171 1874 3434 1932 τοσοῦτον
3473 1879 3601 1935 ὅσον
3654 1898 3754 1936 του

455 1955 654 2014 ambos
680 1957 1018 2027 parturivit;
1085 1957 1251 2012 iidem
1303 1955 1546 2020 dolores,
1579 1952 1769 2011 eadem
1805 1950 2041 2007 tormina

2155 1950 2436 2008 πλουσίου.
2475 1954 2534 2008 '0
2592 1956 2766 2028 πένης
2807 1961 2918 2033 γὰρ
2949 1938 3105 2019 ούδὲν
3159 1967 3308 2037 μέγα
3353 1959 3654 2028 ἀδικεῖται.
3685 1975 3756 2029 Τί

457 2055 726 2118 utrosque
794 2059 1148 2120 pepererunt.
1183 2049 1344 2115 Quod
1400 2049 1448 2104 si
1477 2059 1778 2119 pauperem
1835 2045 2043 2115 carpis,

454 2137 800 2208 reprehendo
821 2147 894 2206 te,
916 2144 1153 2195 nectam
1188 2138 1456 2210 pauperis
1486 2137 1665 2192 vicem
1689 2149 1858 2206 quam
1891 2145 2043 2189 tuam

455 2227 639 2283 doleo.
679 2225 899 2298 Pauper
949 2228 1098 2283 enim
1135 2229 1283 2284 haud
1336 2229 1410 2283 ita
1466 2241 1722 2298 magnam
1778 2225 2038 2297 injuriam

2149 2041 2296 2112 ἔχεις
2320 2043 2430 2138 γαρ
2458 2047 2624 2102 αὐτοῦ
2674 2051 2946 2123 ἁρπάσαι,
2971 2057 3022 2108 εί
3067 2057 3271 2129 μήτιγε
3319 2059 3420 2114 ἐὰν
3447 2059 3566 2135 εἶχε
3613 2067 3754 2138 χρή-

2150 2152 2326 2229 uasa;
2358 2137 2432 2192 Σὺ
2464 2139 2523 2193 δὲ
2580 2142 2662 2206 είς
2694 2143 2810 2228 ’τὴν
2851 2145 3034 2218 ψυχήν
3073 2165 3170 2204 σου
3227 2150 3606 2222 ἐπιϐουλεύεις
3647 2137 3752 2229 τήν

2152 2223 2377 2298 βλάϐην,
2396 2230 2660 2302 ἁρπάζων
2688 2225 2920 2306 πένητα.

454 2325 676 2395 accipit.
733 2323 880 2393 Quid
952 2325 1102 2387 enim
1137 2327 1184 2382 ei
1234 2325 1509 2398 eripis,si
1541 2325 1796 2397 pecuniis
1850 2318 2124 2378 caret?tu
2159 2335 2292 2378 vero
2317 2323 2517 2381 animae
2558 2326 2678 2397 ipse
2739 2337 2848 2384 tua
2903 2330 3140 2389 insidias
3198 2334 3392 2405 struis,
3443 2350 3752 2409 pauperem

451 2416 788 2489 diripiendo.

525 2511 714 2582 Ejusd.
734 2509 846 2565 ibid
855 2510 1242 2581 .—Quousque
1257 2509 1505 2580 peCuniae
1519 2508 1544 2562 ?
1559 2521 1851 2580 quousque
1867 2520 2054 2579 argen-

454 2618 541 2663 tea
570 2605 818 2678 supellex
847 2604 871 2658 ?
900 2619 1190 2675 quousque
1211 2601 1544 2658 famulorum
1595 2601 1998 2657 assentationes
2027 2599 2053 2652 ?

453 2713 747 2771 quousque
786 2699 976 2754 vinum
1003 2693 1282 2755 elfusum?
1325 2707 1616 2768 quousque
1646 2699 1914 2750 coronata
1944 2705 2046 2762 po-

455 2790 621 2845 cula?
673 2803 970 2862 quousque
1026 2786 1289 2844 Sataniea
1325 2784 1607 2850 convivia,
1660 2791 1827 2854 atque
1854 2782 2040 2837 alIlatu

449 2880 731 2938 diabolico
785 2880 1030 2937 referta?
1075 2881 1244 2936 Ante
1293 2877 1434 2949 fugit
1495 2885 1826 2948 praesentem
1873 2875 2041 2929 vitam

448 2975 584 3029 nihil
615 2975 766 3031 aliud
819 2971 932 3031 nisi
964 2973 1108 3028 viam
1156 2970 1320 3028 esse?
1360 2985 1428 3024 an
1469 2982 1529 3026 es
1559 2966 1787 3024 nescius
1811 2981 1914 3023 nos
1954 2965 2042 3022 his

446 3066 834 3138 peregrinari?
868 3063 1009 3120 Num
1059 3062 1209 3120 enim
1253 3063 1345 3118 hic
1380 3061 1522 3118 civis
1553 3060 1652 3117 es?
1679 3074 1747 3114 an
1779 3073 1888 3113 non
1922 3058 2041 3113 via-

2222 2501 2404 2572 Μέχρι
2439 2503 2571 2557 πότε
2603 2507 2905 2576 χρήματα;
2956 2510 3120 2583 μέχρι
3151 2513 3285 2567 πότε
3323 2514 3749 2587 ἀργυρώματας

2152 2591 2316 2664 μέχρι
2343 2593 2474 2648 πότε
2493 2595 2778 2652 κολακεῐαι
2814 2601 3080 2669 οἱκετῶν;
3119 2603 3283 2676 μέχρι
3324 2607 3456 2660 πότε
3481 2603 3628 2672 οἶνος
3656 2609 3752 2662 ἐκ·

2146 2684 2439 2757 χεόμενος;
2473 2689 2637 2761 μέχρι
2684 2691 2817 2745 πότε
2857 2693 3137 2765 κρατῆρες
3168 2698 3540 2770 ἐστεμμένοις
3580 2700 3752 2772 μέχρι

2145 2775 2276 2830 πότε
2323 2780 2606 2849 συμπόσια
2665 2783 2978 2853 Σατανικὰ,
3011 2787 3110 2840 καὶ
3140 2787 3466 2854 διαϐολικῆς
3497 2790 3748 2863 γέμοντα

2151 2869 2470 2941 ὲνεργείαςς
2505 2869 2622 2926 Οὐκ
2651 2869 2832 2940 οἶσθα,
2863 2877 2947 2930 ὄτι
2967 2876 2998 2930 ὁ
3031 2878 3226 2950 παρὼν
3255 2879 3371 2950 βίος
3406 2880 3528 2945 ὁδός
3554 2883 3748 2949 ὲστινς

2150 2957 2251 3011 οὐκ
2283 2956 2445 3014 οἶσθα
2491 2961 2576 3015 ὅτι
2629 2963 3060 3036 ἀποδημοῦμεν;
3101 2967 3178 3040 μὴ
3231 2967 3344 3041 γὰρ
3376 2968 3612 3043 πολίτης
3655 2966 3748 3025 εῐο

2149 3048 2329 3121 ὁδίτης
2354 3048 2423 3106 ei.
2451 3053 2565 3108 Οὐκ
2615 3055 2782 3127 ἐσμὲν
2833 3057 3076 3125 πολῖται,
3111 3060 3232 3115 ἀλλ’
3259 3060 3437 3116 ὁδῖται
3469 3064 3570 3118 καὶ
3606 3063 3750 3118 ὁδοι-

449 3159 588 3214 tor?
630 3158 782 3215 cives
827 3157 1019 3227 utique
1071 3171 1182 3211 non
1242 3169 1458 3219 sumus,
1501 3152 1598 3209 sed
1663 3151 1925 3208 viatores.
1965 3149 2041 3207 Ne

2151 3143 2454 3242 πύροιὶΜὴ
2705 3149 2848 3219 Ἐχω
2879 3152 3039 3223 τήνδε
3083 3152 3186 3225 τὴν
3227 3153 3419 3209 πόλιν·
3449 3156 3554 3210 οὐκ
3595 3155 3748 3227 ἔχοις

449 3248 654 3305 dixeris
693 3247 891 3304 :Hanc
945 3247 1226 3303 civitatem
1283 3244 1482 3300 habeo.
1535 3242 1682 3299 Nihil
1729 3242 1818 3298 hic
1847 3241 2038 3297 habes.

447 3342 657 3398 Civitas
707 3348 902 3396 nostra
957 3351 1181 3394 sursum
1207 3345 1313 3392 est.
1349 3333 1649 3390 Praesentia
1705 3332 1846 3388 nihil
1868 3339 2039 3396 sunt;

448 3433 550 3488 iter
581 3439 713 3489 sunt
743 3430 1060 3504 praesentia.
1100 3428 1360 3496 Quotidie
1397 3427 1502 3483 iter
1533 3424 1790 3481 facimus.
1823 3423 2036 3480 Natura

447 3525 641 3581 currit.
687 3523 892 3596 Ecquis
959 3532 1046 3579 est
1093 3523 1187 3592 qui
1255 3521 1361 3576 iter
1417 3517 1633 3592 agendo
1683 3518 1904 3574 demum
1943 3532 2040 3572 ex-

443 3617 656 3671 struat?
693 3614 829 3682 Quis
851 3614 944 3670 ille
982 3623 1069 3671 est
1101 3613 1195 3683 qui
1239 3612 1294 3667 in
1325 3611 1522 3667 itinere
1551 3609 1815 3682 pecunias
1834 3621 2038 3664 recon-

442 3708 574 3765 dat?
624 3707 763 3764 Cum
805 3706 1079 3772 ambulas,
1109 3715 1273 3777 atque
1304 3703 1362 3760 in
1402 3703 1775 3760 diversorium
1842 3701 2036 3773 ingre-

445 3801 620 3862 deris,
677 3813 748 3852 an
808 3798 1182 3854 diversorium
1235 3797 1524 3853 exornas?
1573 3811 1642 3852 an
1679 3810 1793 3851 non
1846 3794 2036 3868 potius

447 3890 570 3946 edis
599 3898 654 3946 et
682 3887 849 3957 bibis,
887 3899 1055 3960 atque
1102 3889 1291 3960 egredi
1345 3889 1621 3960 festinas?
1654 3887 2034 3963 Diversorium

449 3986 633 4053 itaque
690 3992 775 4038 est
804 3983 920 4038 haec
945 3983 1061 4038 vita
1119 3997 1388 4054 praesens.
1429 3983 1546 4038 Hoc
1577 3981 1741 4037 modo
1785 3980 2032 4053 ingressi

446 4091 661 4142 sumus,
701 4087 755 4132 et
777 4075 1131 4133 diversamur
1160 4079 1214 4132 in
1246 4077 1349 4131 hac
1382 4077 1518 4144 vita,
1550 4077 1680 4131 hinc
1707 4074 2034 4131 studeamus

445 4182 568 4222 cum
625 4182 724 4238 spe
780 4167 1072 4225 excedere.
1133 4167 1282 4222 Nihil
1335 4166 1466 4223 istic
1516 4166 1918 4236 relinquamus,
1965 4180 2034 4220 ne

444 4261 778 4316 amittamus.
832 4259 1142 4331 Hospitium
1208 4259 1512 4332 ingressus,
1567 4257 1694 4312 ais:
1725 4255 1834 4312 Fac
1874 4253 2035 4312 nobis

439 4359 503 4406 ut
537 4368 720 4423 quam
787 4356 1034 4425 primum
1084 4353 1438 4420 reficiamur;
1474 4366 1600 4407 nam
1623 4351 1696 4407 de
1725 4360 1890 4406 nocte
1925 4349 2034 4406 iter

441 4442 647 4500 facturi
696 4459 914 4500 sumus.
953 4444 1202 4514 Itemque
1265 4443 1476 4498 famulo
1507 4458 1528 4495 :
1556 4441 1753 4499 Vestes
1807 4449 2033 4498 nostras

2150 3235 2305 3289 οὐδὲν
2333 3236 2594 3291 ἐνταῦθα.
2629 3237 2693 3292 Ἦ
2719 3239 2876 3304 πόλις
2908 3241 3064 3312 ἡμῶν
3088 3244 3202 3299 ἄνω
3229 3245 3464 3300 ἑστί.Τὰ
3493 3247 3748 3319 παρόντα

2149 3326 2304 3382 οὐδέν
2331 3327 2482 3382 ἐστιν
2503 3345 2519 3362 ο
2547 3329 2667 3394 ὁδός
2699 3333 2809 3386 εἱσι
2861 3334 2931 3388 τὰ
2963 3335 3239 3407 παρόντα.
3280 3337 3576 3408 Ὀδεύομεν
3615 3341 3745 3394 καθ’

2147 3418 2386 3492 ἡμέραν.
2421 3421 2489 3474 Ἦ
2521 3421 2687 3490 φύσις
2712 3423 2924 3495 τρέχει.
2957 3422 3119 3480 Ἐστι
3157 3444 3244 3492 τις
3288 3430 3347 3490 ἐν
3392 3428 3502 3499 ὁδῷ
3528 3429 3740 3484 οἰκοδο-

2151 3510 2270 3582 μῶν
2312 3512 2527 3580 οίκίαν;
2563 3512 2719 3569 Ἔστι
2749 3533 2836 3580 τις
2867 3517 2973 3589 6δῷ
2999 3521 3264 3590 χρήματα
3309 3521 3741 3593 ἀποτιθέμενος;

2149 3602 2322 3657 Ὅταν
2375 3604 2592 3676 ὁδεύῃς,
2636 3609 2734 3662 καὶ
2783 3609 3011 3682 εἰσέρχῃ
3039 3613 3122 3676 εἰς
3175 3612 3516 3683 πανδοχεῖον,
3554 3613 3632 3685 μὴ
3678 3614 3742 3681 τὸ

2148 3695 2466 3767 πανδοχεῖον
2503 3699 2874 3771 καλλωπίζεις
2906 3702 2940 3774 ἢ
2975 3703 3186 3769 κτίζειε
3207 3721 3224 3770 ;
3249 3703 3334 3769 οὒ,
3371 3705 3539 3776 φησίν
3559 3722 3576 3738 ο
3601 3705 3742 3760 ἀλλὰ

2143 3785 2402 3859 τρώγεις,
2426 3790 2626 3857 πίνεις,
2645 3791 2742 3847 καὶ
2761 3792 2963 3866 ἐπείγῃ
2981 3795 3079 3848 τοῦ
3109 3795 3346 3863 ἐξελθεῖν
3366 3812 3382 3862 ;
3410 3796 3740 3868 Πανδοχεῐον

2143 3879 2240 3935 οὖν
2269 3881 2422 3936 ἐστιν
2447 3885 2477 3937 ὁ
2512 3883 2706 3954 παρὼν
2730 3884 2868 3954 βίος.
2896 3885 3089 3951 ῡῦτως
3117 3888 3470 3961 εἰσήλθομεν,
3503 3889 3602 3943 καὶ
3633 3907 3736 3944 κα-

2141 3972 2418 4046 ταλύομεν
2440 3977 2524 4041 εις
2543 3976 2640 4031 τδν
2663 3982 2914 4051 παρόντα
2943 3979 3056 4050 βίον
3075 3997 3090 4012 ·
3123 3980 3456 4053 σπεύσωμεν
3488 3981 3739 4047 ἐξελθεῖν

2146 4064 2287 4136 μετά
2319 4065 2497 4138 καλῆς
2534 4067 2770 4133 ἐλπίδος.
2801 4071 2989 4140 Μηδὲν
3027 4070 3282 4142 ἀφῶμεν,
3320 4071 3443 4126 οὐδὲ
3508 4073 3586 4143 μὴ
3629 4073 3736 4127 ἀπ·

2142 4157 2444 4230 ολέσωμεν.
2479 4159 2612 4215 Ὅτε
2643 4161 2904 4235 εἰσέλθῃς
2933 4163 3016 4226 εἰς
3055 4163 3118 4217 τὸ
3153 4165 3492 4235 πανδοχεῖον,
3515 4163 3732 4232 λέγεις·

2142 4252 2377 4323 Ποίησον
2403 4251 2537 4323 ἡμῖν
2558 4253 2758 4324 ἕτοιμα
2777 4253 2848 4308 τὰ
2869 4253 3077 4322 ψυκτὰ,
3103 4255 3186 4309 ὅτι
3211 4255 3314 4328 τὴν
3343 4259 3518 4309 νύκτα
3546 4253 3734 4310 ὁδεύο-

2144 4360 2268 4415 μεν.
2303 4343 2584 4410 Ὡσαύτως
2613 4345 2670 4400 δὲ
2708 4345 2802 4400 καὶ
2845 4347 2926 4418 τῷ
2954 4348 3266 4419 παιδαρίῳο
3303 4347 3636 4416 Ἀσφάλισαι
3665 4347 3736 4402 τὰ

2144 4437 2360 4507 ἱμάτια,
2389 4437 2478 4491 ἵνα
2501 4438 2671 4510 μηδὲν
2686 4439 3063 4512 λησμονήσῃς,
3089 4441 3166 4512 μή
3189 4457 3244 4494 τι
3271 4440 3569 4511 ἀπόληται,
3594 4439 3736 4494 ἀλλὰ

439 4535 498 4589 in
521 4536 900 4602 tutoeolloca,
926 4550 1030 4592 nec
1060 4536 1392 4605 cujusquam
1423 4534 1755 4590 obliviscere
1772 4573 1786 4596 .
1809 4548 1880 4590 ne
1896 4532 2031 4604 quid

2148 4525 2320 4580 πάντα
2352 4527 2433 4592 εἰς
2457 4527 2559 4596 τὴν
2601 4528 2782 4584 οἰκίαν
2811 4529 3210 4601 έπαγάγωμεν.
3237 4529 3398 4585 Οὕτω
3437 4531 3536 4585 καὶ
3566 4532 3736 4602 ἡμεῖς

447 4629 606 4688 nobis
663 4625 1033 4702 deperdatur,
1091 4630 1188 4686 sed
1239 4629 1463 4684 domum
1525 4629 1713 4684 omnia
1761 4626 2027 4683 feramus.

442 4719 650 4779 Eodem
674 4723 842 4780 modo
862 4737 966 4778 nos
995 4735 1219 4794 quoque
1245 4722 1415 4776 vitam
1446 4721 1588 4776 hanc
1618 4729 1887 4792 tanquam
1915 4717 2030 4774 .ho-
2073 4735 2089 4744 -·

447 4811 676 4882 apitium
711 4812 1054 4868 intueamur.
1108 4807 1258 4865 Nihil
1295 4810 1406 4876 hic,
1441 4809 1496 4864 id
1527 4818 1635 4876 est,
1663 4809 1720 4864 i-n
1781 4807 2030 4879 hospitio

455 4902 860 4970 relinquamus.
915 4893 1144 4955 'Omnia
1205 4900 1261 4954 in
1313 4901 1664 4970 metropolim
1730 4900 2027 4956 nobiseum

437 4993 759 5052 eﬂ'eramus.
791 4995 978 5049 Viator
1004 5009 1090 5060 es,
1111 4994 1245 5063 quin
1289 5001 1342 5047 et
1369 4993 1578 5048 viatore
1615 4995 1817 5063 quovis
1841 4994 2024 5050 vilior.

432 5080 676 5148 Quinam
718 5082 910 5137 istud?
943 5081 1132 5136 Viator
1200 5082 1358 5136 novit
1384 5098 1499 5152 quo
1548 5091 1800 5153 tempore
1835 5081 1893 5137 in
1920 5082 2025 5136 ho-

436 5174 665 5244 Spiliutll
720 5173 1034 5246 ingreditur
1067 5191 1081 5232 :
1111 5174 1265 5228 novit
1320 5174 1488 5228 etiam
1556 5174 1913 5243 quandonam
1952 5175 2028 5229 sit

443 5281 791 5339 egressurus.
821 5266 934 5337 Ego
969 5282 1104 5322 vero
1137 5267 1191 5322 in
1216 5265 1391 5335 hujus
1427 5266 1557 5320 vita:
1597 5265 1902 5336 hospitium
1937 5266 2024 5319 in-

437 5356 682 5432 gredior,
741 5371 844 5413 nec
877 5357 1098 5428 quando
1126 5357 1232 5412 sim
1258 5357 1513 5412 exiturus
1555 5357 1707 5412 novi.
1745 5354 2024 5410 Interdum

438 5451 496 5506 in
563 5450 786 5522 longum
849 5458 1068 5520 tempus
1129 5449 1392 5504 alimenta
1449 5462 1615 5518 paro;
1649 5456 1704 5504 et
1767 5447 2026 5504 dominus

444 5557 598 5602 meus
634 5557 719 5597 me
743 5541 1044 5597 confestim
1081 5541 1342 5607 accersit,
1393 5541 1584 5611 aitque
1622 5557 1637 5592 :
1676 5539 1874 5605 Stulte,
1909 5555 2027 5610 qua:

437 5635 652 5706 parasti
687 5635 845 5704 cujus
870 5643 1022 5687 erunt
1042 5636 1068 5688 ?
1095 5636 1213 5687 Hac
1235 5633 1376 5687 enim
1412 5641 1564 5687 nocte
1595 5633 1778 5684 anima
1810 5641 1903 5685 tua
1932 5629 2028 5685 tibi

441 5728 719 5798 auferetur
781 5725 1515 5798 (Luc.xu,20).lncertus
1575 5731 1771 5779 noster
1841 5724 2026 5781 exitus

439 5821 786 5906 «thing.ng
814 5819 1120 5902 possessio,
1153 5826 1421 5900 sescenta
1449 5817 1780 5889 praecipitia,
1819 5817 2022 5875 ﬂuctus

2136 4616 2428 4690 βλέπωμεν
2467 4621 2784 4691 πανδοχεῖον
2816 4621 2911 4676 τὸν
2940 4622 3188 4693 παρόντα
3237 4623 3374 4693 βίον.
3405 4623 3594 4694 Μηδὲν
3623 4616 3736 4679 ὧδε

2133 4709 2529 4785 καταλίπωμεν
2559 4715 2618 4768 ὲν
2652 4717 2743 4791 τῷ
2766 4715 3104 4785 πανδοκείῳο
3139 4714 3319 4770 πάντα
3359 4717 3446 4779 εἰς
3477 4715 3582 4788 τὴν
3619 4733 3736 4788 μη-

2131 4801 2388 4873 τρόπολιν
2437 4805 2862 4876 ἀπενέγκωμεν.
2921 4805 3135 4877 Ὀδίτης
3179 4799 3232 4859 εἶ
3279 4807 3375 4861 καὶ
3419 4805 3733 4878 ὁδοιπόρος,

2133 4895 2337 4967 μᾶλλον
2367 4897 2544 4952 δὲκαὶ
2574 4897 2753 4953 ὁδίτου
2786 4898 3194 4970 εὐτελέστερος.
3238 4897 3365 4962 Πῶς
3411 4897 3526 4967 ἐγὼ
3547 4899 3729 4968 λέγω;

2143 4990 2203 5042 Ὁ
2229 4989 2417 5061 ὁδίτης
2446 4985 2595 5047 οἶδεν
2643 4991 2776 5044 πότε
2814 4991 3129 5063 εἰσέρχεται
3161 4992 3218 5044 ἐν
3265 4990 3345 5060 τῷ
3393 4990 3728 5060 πανδοκείῳ,

2131 5081 2225 5135 καὶ
2259 5076 2400 5136 οἶδεν
2431 5083 2562 5136 πότε
2607 5082 2918 5152 ἐξέρχεται.
2954 5081 3098 5150 Ἐγὼ
3119 5081 3183 5135 δὲ
3206 5082 3535 5153 εἰσέρχομαι
3565 5083 3646 5146 εἰς
3671 5081 3732 5134 τὸ

2130 5173 2448 5245 πανδοχεῖον
2475 5173 2572 5228 τοῦ
2604 5175 2723 5246 βίου
2753 5179 2972 5244 τούτου,
2997 5175 3092 5229 καὶ
3120 5175 3223 5228 οὐκ
3253 5171 3374 5228 οἶδα
3396 5174 3528 5228 πότε
3567 5174 3729 5244 ἐξέρ-

2129 5283 2315 5337 χομαι.
2361 5266 2563 5321 Ἐνίοτε
2615 5259 2682 5320 δὲ’
2719 5267 2814 5320 καὶ
2861 5265 3228 5338 ἑτοιμάζομαι
3277 5263 3478 5319 πολλοῦ
3525 5265 3728 5336 χρόνου

2127 5355 2216 5410 διὰ
2251 5355 2484 5428 τροφὰς,
2511 5356 2606 5410 καὶ
2644 5358 2672 5410 ὁ
2707 5356 2979 5427 δεσπότης
3019 5372 3122 5426 μου
3171 5354 3523 5427 παραχρῆμα
3568 5353 3733 5407 καλεί

2131 5465 2198 5519 με
2217 5467 2232 5481 ·
2269 5450 2511 5519 Ἅφρον,
2538 5448 2577 5503 ἁ
2600 5449 2961 5519 ἡτοίμασας,
2987 5448 3105 5501 τίνι
3135 5447 3309 5502 ἔσται
3341 5464 3361 5511 ;
3388 5447 3506 5513 τὴν
3529 5446 3734 5500 νύκτα

2127 5534 2360 5610 ταύτην
2397 5540 2779 5610 λαμϐάνουσι
2832 5539 2949 5608 τὴν
2984 5539 3200 5609 ψυχήν
3250 5557 3370 5595 σου
3408 5538 3530 5596 ἀπὸ
3584 5539 3730 5593 σοῦ.

2132 5632 2366 5703 Ἀδηλος
2397 5634 2432 5702 ἡ
2477 5631 2657 5697 ἔξοδος
2691 5631 2882 5702 ήμῶνο
2913 5632 3148 5695 ἀστριτος
3183 5633 3217 5702 η
3247 5632 3426 5696 κτίσις
3447 5649 3460 5662 ·
3503 5631 3734 5686 ὲπίόου-

2127 5724 2219 5787 λος
2250 5725 2283 5792 ή
2313 5722 2652 5786 ἀπόλαυσις·
2698 5723 2887 5792 μυρίοι
2935 5724 3196 5793 κρημνοὶ,
3241 5725 3338 5778 καὶ
3377 5724 3732 5796 πανταχόθεν

2130 5816 2374 5888 κύματα.
2397 5817 2476 5893 ΔΤί
2508 5815 2670 5888 μένει,
2699 5815 2793 5870 καὶ
2815 5816 3082 5884 ’θορυϐετς
3128 5833 3187 5870 σε
3222 5817 3354 5892 περὶ
3383 5816 3485 5882 τὰς
3518 5818 3681 5893 σκιάς
3711 5835 3726 5887 ;
