4028 6396
379 359 509 425 1517

1581 374 1820 436 SACRA
1856 378 2296 441 PARALLELA
2309 429 2322 440 .

3526 398 3664 467 1518

372 476 441 530 Τί
461 474 617 546 ἄφεις
649 477 744 547 τὴν
781 478 1064 548 ἀλήθειαν,
1098 484 1195 537 καὶ
1224 486 1450 556 ,τρέχεις
1491 490 1585 544 ἐπὶ
1611 492 1712 562 τὴν
1757 491 1920 551 σκιάν

2029 543 2034 556 ,
2062 497 2326 566 undique.
2353 498 2497 566 Quid
2530 501 2677 558 circa
2721 506 2946 564 umbras
2976 513 3244 581 moraris,
3275 513 3489 586 tibique
3520 516 3661 588 ipse.

375 568 609 640 μίσησω
641 573 925 643 χρήματα,
956 576 1050 629 καὶ
1080 578 1272 645 ἀγάπα
1309 599 1406 634 σου
1435 583 1534 649 τὴν
1562 585 1732 659 ζωήν.
1777 590 1923 660 Ῥίψε

2070 591 2348 648 tumultus
2389 591 2712 661 cies?Quid
2766 601 2961 656 relicta
3011 603 3246 660 veritate
3300 607 3369 662 ad
3403 609 3660 664 umbram

369 660 441 714 τὰ
465 661 597 714 ὄντα
624 662 721 716 τοῦ
754 664 872 734 βίου
906 668 1078 736 κακὰ,
1119 672 1209 726 ἵνα
1241 673 1312 726 τὰ
1341 676 1460 729 ἐκεῖ
1488 678 1673 745 ἁγαθά
1702 683 1962 755 κληρονο-

372 753 571 825 μήσῃς.
605 748 733 808 Οῗόν
765 774 818 809 τι
847 759 994 828 λέγω
1019 777 1034 791 ⁸
1063 761 1156 834 Μὴ
1179 763 1439 839 ἅρπάσῃς
1462 769 1698 842 πένητα,
1735 748 1962 846 μήπὲπι-

367 843 623 916 θυμήσῃς
649 846 719 900 τά
753 849 850 903 τοῦ
878 851 1146 924 πλησίον·
1178 855 1279 927 τὴν
1308 859 1487 932 χήραν
1519 861 1596 934 μὴ
1626 843 1924 940 γυμνῶσῃς
1943 885 1956 898 ·

365 936 459 989 τὸν
483 937 723 1008 ὀρφανὸν
760 941 840 1013 μὴ
882 943 1142 1018 ἁρπάσῃς
1161 964 1176 979 ο
1205 948 1308 1019 τὴν
1340 951 1523 1018 οἰκίαν
1549 955 1630 1027 μὴ
1662 955 1836 1032 λάϐῃς
1861 936 1958 1014 τοῦ

366 1029 626 1097 πένητος.
649 1033 718 1085 Εἴ
742 1048 890 1098 τινος
921 1037 1365 1110 ἐπιλαμϐάνεται
1391 1045 1455 1099 τὸ
1493 1050 1758 1115 συνειδὸς,
1776 1029 1960 1118 ἀὐτὸς

363 1120 518 1174 ἐστιν
551 1123 582 1175 6
607 1123 806 1191 αίτιος.
839 1128 906 1180 Τί
933 1129 1208 1200 ἁρπάξαις
1256 1135 1498 1208 πένητα;
1551 1141 1607 1195 τί
1661 1143 1952 1214 ἁρπάζεις,

361 1211 498 1265 ὅπου
533 1215 728 1283 φθόνος
771 1218 863 1272 καὶ
899 1222 1171 1293 κατάραι,
1207 1226 1491 1297 Ἅρπασον
1526 1233 1955 1306 ὄπουθστέφανος

359 1304 696 1376 ἀφθαρσίας.
747 1311 840 1382 Μὴ
870 1311 1089 1384 ἅρπαζε
1118 1318 1189 1374 τὰ
1210 1321 1310 1391 τῆς
1347 1324 1472 1393 γῆς,
1506 1327 1644 1398 μηδὲ
1685 1304 1950 1404 τὴν-γῆν,

357 1395 498 1452 ἀλλὰ
535 1400 789 1470 ἅρπασον
820 1404 916 1458 τὸν
945 1407 1199 1478 οὐρανόν.
1231 1416 1468 1484 Βιαστὴ
1496 1395 1610 1490 γάρ
1648 1395 1802 1487 ἐστι.
1834 1395 1952 1497 ’φῆ-

358 1489 469 1554 σὶν,
501 1491 540 1558 ἡ
565 1493 862 1556 βασιλεία
879 1498 999 1553 τῶν
1037 1505 1333 1572 οἰψανῶν,
1362 1509 1461 1563 καὶ
1474 1489 1728 1574 ,ϐιάσταὶ
1760 1489 1950 1585 ἀρπά-

353 1577 571 1637 ζουσιν
590 1584 806 1651 αὐτήν.
846 1588 1146 1659 Ἀρπάζεις
1177 1594 1269 1649 τὸν
1306 1598 1536 1670 πένητα,
1569 1605 1656 1656 τὸν
1685 1606 1951 1679 ἐντυγχά-

352 1686 519 1724 νοντα
564 1675 711 1729 κατὰ
764 1678 861 1732 σοῦ
899 1680 979 1752 τῷ
1032 1683 1156 1753 Θεῷ
1199 1687 1368 1743 νύκτα
1413 1693 1509 1746 καὶ
1554 1696 1804 1767 ἡμέραν,
1852 1701 1950 1754 καὶ

351 1759 600 1831 βοῶντας
628 1768 917 1838 Ἅρπασον
943 1774 1036 1828 τὸν
1061 1777 1322 1848 Χριστὸν,
1352 1783 1446 1838 τὸν
1495 1759 1828 1846 ἐπαινοῦντά
1861 1811 1943 1848 σε.

2066 681 2286 738 curris?
2311 683 2461 754 Opes
2490 686 2620 743 odio
2657 689 2817 756 habe,
2847 708 2912 748 ac
2954 694 3124 749 vitam
3159 705 3310 766 tuam
3334 712 3482 754 ama.
3516 699 3660 756 Vera

2065 773 2234 843 hujus
2271 776 2393 831 vitae
2423 777 2565 831 mala
2607 780 2808 850 abjicc,
2848 794 2909 838 ut
2956 775 3156 842 futurae
3174 788 3320 844 bona
3339 805 3657 863 consequa-

2064 863 2164 921 ris.
2209 863 2455 922 Perinde
2491 876 2578 924 cst
2613 882 2679 925 ac
2708 871 2792 928 sic
2846 874 3040 930 dixero
3072 892 3086 930 :
3125 875 3206 934 Ne
3235 894 3541 950 pauperem
3569 881 3657 938 di-

2062 957 2255 1028 ripias,
2313 975 2382 1017 ne
2421 962 2721 1034 propinqui
2745 963 2905 1038 501
2951 968 3096 1024 bona
3155 973 3549 1043 concupiscas,
3584 989 3657 1029 ne

2062 1051 2284 1111 viduam
2348 1056 2580 1126 spolies,
2649 1060 2868 1130 pupillo
2919 1060 3214 1120 facultates
3259 1081 3330 1122 ne
3395 1065 3648 1133 auferas,

2058 1143 2282 1202 domum
2323 1149 2589 1220 pauperis
2633 1166 2746 1207 non
2798 1161 3158 1224 extorqueas.
3203 1156 3261 1214 Si
3292 1174 3460 1230 quem
3514 1175 3651 1214 con-

2057 1237 2293 1294 scientia
2319 1243 2694 1311 reprehendit,
2723 1245 2813 1301 hic
2843 1246 2900 1300 in
2939 1249 3103 1318 culpa
3136 1259 3243 1306 est.
3279 1250 3419 1316 Quid
3439 1268 3652 1323 paupe-

2057 1343 2170 1383 rem
2204 1329 2582 1403 diripis?quid
2617 1335 2764 1405 rapis
2794 1336 2882 1392 ubi
2912 1339 3240 1396 obtrectatio
3263 1351 3317 1398 et
3360 1344 3650 1398 maledicta

2055 1419 2224 1474 sunt?
2248 1418 2367 1476 illic
2399 1424 2608 1493 rapias,
2653 1425 2745 1482 ubi
2780 1441 2985 1484 corona
3031 1429 3483 1490 immortalitatis.
3527 1432 3647 1488 Non

2056 1516 2304 1576 terrena,
2355 1526 2466 1566 non
2517 1522 2745 1584 terram,
2810 1517 2910 1573 sed
2957 1521 3160 1574 cmlum
3198 1537 3352 1592 rape.
3412 1522 3648 1594 Regnum

2051 1601 2198 1656 enim
2264 1602 2538 1671 calorum,
2603 1607 2790 1678 inquit
2830 1610 3117 1679 Christus,
3170 1615 3273 1668 vim
3306 1617 3538 1684 patitur,
3591 1628 3644 1676 et

2053 1693 2264 1748 uiolenti
2309 1698 2526 1766 rapiunt
2583 1700 2722 1757 illud
2751 1703 2992 1773 (Matth.
3044 1723 3123 1770 x1,
3179 1708 3298 1779 12).
3340 1708 3644 1780 Paupcrent

2051 1785 2246 1858 diripis
2301 1805 2485 1846 zeum
2546 1795 2640 1864 qui
2706 1795 2877 1852 Deum
2941 1800 3182 1856 subinde
3222 1802 3278 1856 in
3334 1803 3641 1872 perniciem

286 1899 300 1916 ,
351 1852 471 1922 Τὴν
515 1857 669 1915 κάτω
721 1861 1006 1930 βασιλείαν
1061 1869 1160 1922 ἰὰν
1213 1871 1460 1946 ζητήσῃς
1519 1874 1806 1950 ἁρπάσαί,
1845 1884 1923 1939 κᾶ

2052 1886 2200 1932 tuam
2253 1880 2345 1938 die
2399 1893 2679 1958 nocteque
2708 1893 2994 1957 convenit,
3025 1902 3081 1950 et
3115 1905 3313 1951 contra
3351 1904 3406 1952 te
3433 1899 3644 1954 vocife-

350 1945 575 2018 νοηθῇς,
613 1951 836 2016 κολάζει
855 1971 870 1986 ’
899 1957 998 2029 τὴν
1027 1958 1085 2013 δὲ
1125 1961 1240 2016 ἄνω
1266 1945 1365 2019 ἐὰν
1511 1945 1801 2045 ἁρπάσῃς,
1825 1977 1947 2032 τότε

346 2037 542 2105 χεῖρον
564 2040 808 2107 κολάζει.

419 2312 598 2394 Ἷιψαι
645 2326 842 2408 λύχνον
893 2332 953 2386 ἐν
994 2339 1061 2408 τῇ
1095 2337 1401 2413 ἐκκλησίας
1458 2345 1576 2400 ἀλλ’
1620 2351 1871 2422 εἰσῆλθεν
1901 2359 1943 2426 ,ὁ

340 2415 522 2486 πένης
565 2420 594 2472 6
653 2420 760 2476 ὑπὸ
793 2423 892 2479 σοῦ
940 2428 1245 2503 ἀδικηθεὶς,
1274 2435 1368 2490 καὶ
1416 2437 1506 2494 διὰ
1547 2441 1656 2496 τῶν
1688 2415 1940 2518 δακρύων

338 2513 804 2583 κατεντυγχάνων
859 2518 938 2588 τῷ
977 2520 1118 2593 Θεῷ,
1167 2523 1363 2582 ἔσϐεσε
1419 2531 1514 2585 τὸν
1562 2533 1756 2606 λύχνον
1816 2558 1934 2598 σου.

339 2597 598 2667 Ἔδωκας
639 2605 720 2676 τῷ
756 2609 951 2681 πένητι
983 2612 1185 2684 άρτον;
1222 2619 1338 2674 ἀλλ’
1371 2624 1404 2694 ή
1444 2625 1616 2699 ἀγέλη
1630 2597 1756 2684 ’τῶν
1795 2629 1936 2702 βοῶν

337 2691 439 2744 καὶ
462 2693 572 2749 τῶν
601 2699 893 2768 προϐάτων
932 2722 1026 2759 σου
1063 2707 1360 2784 ὁλόκληρον
1391 2691 1548 2787 θέρος
1576 2691 1669 2774 τοῦ
1701 2691 1936 2796 πένητος

333 2787 777 2858 κατενεμήσατο.
814 2794 906 2866 Μὴ
947 2797 1218 2873 ἀδικήσῃς
1252 2805 1448 2872 πολλὰ,
1480 2811 1575 2863 καὶ
1607 2787 1936 2888 καλλοποιήλ

332 2887 442 2946 σῃς
461 2875 638 2946 ὀλίγα.
669 2882 762 2953 Μὴ
793 2885 1063 2962 ἀδικήσῃς
1083 2891 1174 2945 τὸν
1209 2892 1442 2966 πλησίον
1474 2916 1602 2952 σου·
1643 2903 1719 2974 μὴ
1742 2875 1934 2961 κονδύ-

327 2963 496 3038 λίσῃς
514 2969 607 3023 τὸν
636 2971 902 3043 ὀρφανόν·
929 2980 1005 3050 μή
1038 2963 1556 3063 καταδυναστεύσῃς
1585 2963 1686 3068 τήν
1707 2963 1891 3070 χήραν
1913 3016 1929 3031 ⁸

330 3054 413 3128 μή
437 3060 720 3136 φθονήσῃς
744 3065 836 3122 τὸν
866 3069 1108 3139 γείτονα.

414 3236 476 3290 ’0
503 3235 646 3311 πρὸς
674 3245 802 3309 τοὺς
831 3247 889 3301 έν
913 3248 1156 3325 ὕπεροχῇ
1185 3255 1424 3326 βλέπων,
1455 3261 1558 3333 τῆς
1579 3262 1749 3336 οὔσης
1770 3269 1920 3342 αὐτῷ

326 3324 596 3397 εὐπορίας
643 3331 705 3385 οὐ
746 3331 1037 3408 δυνήσεται
1078 3324 1265 3398 λαϐεῖν
1298 3324 1585 3420 αἴσθησίνο
1614 3324 1788 3409 οἷοννὸ
1829 3324 1920 3411 κεί

326 3416 606 3486 κτημένος
656 3421 856 3478 ἑκατὸν
881 3431 1212 3501 χρυσίνους,
1245 3436 1342 3491 ἐὰν
1387 3416 1556 3514 νοήσῃ
1593 3444 1686 3498 τὸν
1733 3447 1922 3503 διακο-

327 3505 482 3572 σίους
511 3508 726 3581 ἔχοντα,
759 3516 911 3571 οὐδὲν
951 3522 1224 3592 ἡγήσεται
1265 3527 1432 3600 ἔχειν,
1613 3537 1919 3610 ἐπιθυμίας

322 3595 436 3651 τῶν
461 3598 730 3658 πλειόνων
757 3606 926 3664 αὑτὸν
949 3613 1269 3687 κεντούσης.
1458 3595 1600 3678 αύτὰ
1628 3595 1795 3700 λάϐῃ,
1817 3595 1918 3702 τὴν

321 3685 629 3759 ἐπιθυμίαν
657 3695 778 3750 οὐδὲ
808 3697 984 3765 οὕτως
1022 3685 1387 3779 ἀποϐήσεται,
1426 3713 1631 3786 ἑτέρων

321 3778 639 3850 ἐφιέμενος.
663 3781 779 3838 Καὶ
809 3789 841 3859 ή
872 3790 982 3843 τῶν
1023 3778 1237 3850 οὐδέπω
1266 3778 1617 3870 κτησθέντων
1647 3805 1917 3881 ἐπιθυμία

315 3869 589 3942 διηνεκῶς
619 3875 785 3932 αὐτὸν
813 3881 1130 3953 ἐνοχλοῦσα,
1153 3889 1266 3944 τῶν
1294 3869 1397 3963 ήδη
1424 3899 1785 3968 συνηγμένων
1811 3869 1914 3974 τὴν

318 3961 516 4035 ἡδονὴν
537 3965 641 4022 οὐκ
673 3969 870 4041 ἀφίησι
900 3975 1208 4048 φαίνεσθαι.

398 4312 742 4390 Ἐπισφαλὴς
770 4319 800 4373 6
841 4317 956 4392 βίος
997 4330 1117 4391 τοῖς
1158 4329 1474 4401 πλουτοῦσι,
1506 4336 1608 4392 καὶ
1639 4340 1905 4413 δυσμετα-

311 4403 591 4474 χείριστος
618 4411 651 4479 ή
687 4413 980 4486 μεταϐολή.
1013 4418 1132 4472 Ἔτι
1153 4420 1210 4474 δὲ
1244 4423 1459 4494 λέγεις·
1495 4430 1723 4497 πολλοὺς
1744 4403 1903 4488 οἰκέ-

312 4513 414 4558 τας
459 4499 734 4569 περιάγει,
794 4508 890 4558 nati.
937 4509 1112 4563 πολλὰ
1163 4513 1430 4585 κέκτηται
1477 4519 1688 4594 πλέθρα
1735 4525 1839 4596 γῆς
1871 4528 1900 4581 6

311 4677 533 4734 πάντων
568 4682 647 4753 τῷ
696 4684 816 4758 Θεῷ
850 4689 944 4744 τὸν
997 4695 1159 4762 λόγον
1205 4697 1444 4769 ὑπέχων.
1475 4704 1552 4756 Οὐ
1605 4708 1715 4780 γὰρ
1744 4677 1896 4776 δποᾷξ

307 4767 658 4839 ἀπολαύσειε,
715 4778 876 4848 μόνον
906 4780 1119 4850 ἔλαϐεν,
1165 4787 1282 4841 ἀλλ’
1313 4767 1489 4857 οπως
1536 4767 1633 4850 καί
1682 4767 1897 4873 έτέροις

306 4859 518 4928 γένοιτο
555 4869 844 4939 χρήσιμος.
881 4874 1148 4948 Δεύτερον
1173 4879 1252 4946 δὲ,
1287 4882 1370 4938 ὅτι
1404 4883 1566 4940 πλέον
1599 4890 1754 4944 οὐδὲν
1779 4859 1894 4948 ¹ἀπο

305 4953 405 5022 τῆς
437 4962 760 5028 περιουσίας
794 4965 950 5036 αὐτῷ
985 4971 1198 5038 γίνεται
1240 4976 1471 5048 ταύτης,
1511 4980 1546 5051 ἢ
1582 4986 1890 5054 φροντίδες,

305 5045 398 5097 καὶ
431 5047 716 5120 μέριμναι,
748 5059 843 5109 καὶ
893 5060 1057 5130 ὀργαὶ
1107 5045 1503 5137 καθημεριναὶ,
1531 5045 1640 5124 ⁷καί.
1680 5045 1890 5148 ἀγαναλ

304 5139 545 5209 κτήσεις,
589 5146 686 5199 καὶ
725 5147 787 5201 τὸ
817 5149 905 5207 διὰ
933 5155 1137 5219 παντὸς
1187 5155 1327 5214 εἶναι
1374 5163 1431 5216 ὲν
1480 5170 1755 5237 ταραχαῖς
1795 5172 1890 5225 καὶ

221 5267 228 5273 .
303 5224 573 5298 θορύϐοις.
617 5230 790 5304 Οὗτος
825 5243 924 5312 μὲν
958 5246 1068 5316 γὰρ
1103 5251 1306 5321 μυρίας
1345 5224 1885 5332 πληροῖ-γάὶστέραϊ

225 5328 237 5336 “
302 5321 328 5371 6
352 5317 408 5374 δὲ
451 5327 618 5398 πένης
652 5331 780 5400 μίαν
813 5335 1016 5408 πληροῖ
1045 5317 1241 5410 μόνον’
1277 5345 1415 5400 ἀλλὰ
1442 5317 1547 5403 ’παὶ
1586 5317 1888 5418 6610;};-

302 5413 477 5478 ⁴κεῖνος
511 5419 662 5487 μίαν,
696 5425 790 5478 καὶ
819 5426 877 5480 ἓν
930 5431 1234 5504 ἀμφότεροι
1283 5435 1653 5508 θεραπεύουσι
1693 5413 1884 5517 σίύμα⁹

301 5502 412 5606 ἀλλ’
450 5509 479 5560 ὁ
507 5511 608 5580 μὲν
647 5517 820 5587 χωρὶς
841 5520 1085 5589 ἀγωνίας
1122 5502 1216 5580 καὶ
1243 5502 1422 5596 δέους,
1454 5534 1482 5586 6
1518 5533 1579 5586 δὲ
1611 5539 1751 5606 μετὰ
1778 5502 1883 5594 ’τοῦ

297 5595 519 5703 τρέμειν
555 5606 651 5660 καὶ
689 5609 992 5681 δεδοικέναι
1033 5616 1133 5680 τὰς
1183 5595 1739 5694 ἐπαναστάσειςίκαὶ
1775 5649 1882 5703 μυτ

298 5685 426 5794 ρίρυν
439 5690 650 5751 δεῖσθαι
665 5701 776 5755 τῶν
801 5707 1264 5780 συνεφαψομένων
1287 5715 1434 5786 αὐτῷ
1455 5685 1684 5788 τῆςττῶν
1704 5685 1881 5794 aperi

297 5774 481 5843 μάτων
515 5785 854 5854 οἰκονομίας.
891 5774 986 5856 Μὴ
1024 5774 1205 5855 τοίνυν
1242 5799 1374 5874 εωε,
1407 5774 1877 5891 ιῦςιπολλὴνσέχει

399 5893 522 5909 --αιιεο

2053 1970 2250 2024 ratur?
2286 1970 2574 2032 Christum
2632 1994 2786 2050 rape,
2831 1983 2928 2052 qui
2961 1985 3067 2040 hoc
3108 1995 3160 2040 te
3186 1987 3413 2043 nomine
3442 1987 3639 2043 lauda-

2050 2062 2150 2116 bit.
2181 2061 2240 2118 Si
2267 2072 2548 2123 terrenum
2578 2086 2807 2142 regnum
2838 2075 3092 2143 invadas,
3112 2093 3178 2134 ac
3201 2079 3287 2136 vel
3310 2082 3365 2136 in
3390 2083 3636 2156 animum

2049 2154 2156 2210 hoc
2181 2155 2492 2226 induxeris,
2529 2162 2622 2218 ille
2655 2174 2709 2220 te
2750 2181 2915 2236 poena
2969 2169 3138 2226 allicit
3175 2191 3187 2226 :
3231 2173 3462 2229 caeleste
3499 2154 3633 2229 vero

2046 2242 2156 2299 nisi
2189 2247 2464 2319 rapueris,
2503 2258 2638 2307 tunc
2689 2255 2912 2324 gravius
2951 2261 3317 2318 excruciabit.

2113 2357 2396 2428 Ejusdem.
2425 2397 2494 2406 —
2532 2365 2846 2426 Lucernam
2884 2373 2940 2426 in
2990 2359 3228 2431 ecclesia
3266 2381 3574 2435 acccndisti
3611 2381 3636 2434 ?

2041 2462 2230 2504 verum
2269 2453 2556 2525 ingressus
2591 2474 2804 2530 pauper
2833 2471 2940 2527 est,
2975 2467 3070 2535 qui
3098 2467 3265 2523 lmsus
3297 2485 3327 2522 a
3359 2480 3410 2526 te
3433 2471 3633 2536 fuerat,

2039 2550 2094 2594 et
2150 2559 2248 2612 per
2305 2547 2586 2619 lacrymas
2647 2553 2943 2611 adversum
2985 2557 3046 2613 te
3088 2560 3441 2620 intereedens
3485 2564 3633 2635 apud

2043 2633 2236 2702 Deum,
2283 2637 2567 2696 lucernam
2609 2648 2762 2700 tuam
2796 2649 3085 2706 exstinxit.
3119 2653 3356 2726 Pauperi
3423 2673 3624 2727 panem

2037 2724 2285 2784 dedisti?
2309 2739 2364 2784 at
2392 2748 2531 2803 grex
2567 2735 2735 2790 boum
2773 2747 2827 2793 et
2859 2741 3044 2797 ovium
3079 2724 3303 2802 tuarum
3345 2724 3627 2824 int—egrum

2037 2823 2299 2891 pauperis
2339 2840 2574 2882 messem
2612 2830 2879 2901 depastus
2910 2844 3017 2892 est.
3049 2835 3127 2894 Nc
3156 2840 3210 2893 id
3243 2856 3401 2910 agas,
3434 2823 3494 2899 ut
3523 2861 3628 2916 pro

2037 2914 2227 2968 multis
2255 2916 2480 2986 injuriis
2504 2928 2557 2974 ct
2586 2922 2888 2981 calumniis
2912 2943 3089 2998 pauca
3123 2930 3394 2988 beneﬁcia
3423 2952 3626 3006 repen-

2033 3002 2154 3059 das.
2192 3004 2271 3060 Ne
2303 3010 2557 3078 proximo
2588 3019 2687 3067 tuo
2716 3014 2982 3085 injuriam
3031 3020 3244 3077 inferas
3277 3041 3290 3078 :
3331 3041 3399 3080 ne
3421 3028 3624 3098 pugnis

2032 3097 2306 3167 pupillum
2346 3102 2680 3172 contendas,
2736 3123 2806 3165 ne
2836 3110 3062 3166 viduam
3103 3117 3412 3187 opprimas,
3443 3135 3512 3176 ne
3543 3122 3624 3176 vi-

1953 3201 1997 3258 c
2033 3188 2159 3241 cino
2194 3189 2468 3250 invideas.

2100 3277 2294 3349 Ejusd.
2335 3313 2407 3322 —
2441 3285 2549 3352 Qui
2610 3289 2738 3346 illos
2797 3293 3052 3351 intuetur
3107 3299 3205 3368 qui
3242 3302 3443 3372 opibus
3471 3319 3620 3374 pra!-

2025 3373 2324 3429 stantiores
2347 3387 2496 3440 sunt,
2528 3379 2576 3435 is
2605 3396 2833 3438 suarum
2889 3383 3218 3445 facultatum
3283 3407 3449 3449 sensu
3474 3373 3617 3453 adici

2022 3477 2307 3533 nunquam
2367 3469 2772 3536 poterit.Verbi
2807 3477 3009 3545 gratia,
3047 3480 3142 3550 qui
3166 3491 3390 3538 centum
3412 3501 3616 3545 aureos

2024 3553 2210 3622 habet,
2246 3557 2292 3612 si
2329 3558 2570 3615 alterum
2612 3551 2916 3635 inspexerit
2947 3570 3042 3640 qui
3079 3571 3353 3630 ducentos
3384 3577 3611 3646 habeat,

2021 3645 2162 3700 nihil
2212 3663 2273 3703 se
2315 3649 2522 3707 habere
2577 3655 2878 3714 censebit:
2915 3667 3108 3731 utpote
3129 3680 3297 3736 quem
3331 3645 3610 3739 majorum

2021 3748 2190 3804 opum
2220 3737 2493 3809 cupiditas
2545 3744 2882 3806 exstimulet.
2911 3749 3018 3816 Qui
3052 3751 3098 3806 si
3131 3753 3236 3810 hos
3268 3737 3490 3829 quoque
3515 3775 3612 3816 ac-

2019 3829 2251 3898 ceperit,
2301 3848 2368 3888 nc
2398 3833 2479 3888 sic
2509 3836 2740 3906 quidem
2798 3841 3095 3915 cupiditati
3146 3861 3266 3903 suae
3289 3850 3460 3908 linem
3494 3861 3610 3909 sta-

2018 3926 2136 3976 tuet
2165 3938 2180 3975 :
2211 3929 2271 3976 ut
2297 3925 2390 3994 qui
2414 3927 2569 3996 plura
2597 3929 2704 3984 alia
2739 3941 2979 4004 expetat.
3005 3936 3082 3992 ita
3115 3939 3171 3996 ﬁt
3190 3949 3252 3995 ut
3273 3955 3464 3999 eorum
3487 3961 3611 4017 quae

2017 4011 2263 4070 nondum
2297 4017 2532 4088 adeptus
2595 4030 2680 4078 est
2707 4027 3008 4097 cupiditas,
3029 4034 3314 4101 negotium
3342 4011 3608 4107 perpetuo

2039 4116 2326 4173 accssens,
2391 4109 2751 4180 voluptatem,
2780 4130 2946 4186 quam
2981 4130 3153 4188 parta:
3181 4123 3387 4181 divitiae
3407 4128 3605 4188 εποντο

2019 4203 2304 4263 poterant,
2327 4212 2598 4270 apparere
2633 4219 2745 4260 non
2775 4207 2948 4271 sinat.

2081 4346 2273 4418 Ejusd.
2304 4383 2373 4392 —
2402 4351 2640 4411 Lubrica
2663 4358 2931 4419 divitibus
2965 4364 3072 4421 vita
3096 4374 3203 4434 est,
3235 4368 3592 4446 difﬁcilisque

2007 4441 2262 4496 mutatio.
2328 4442 2542 4501 Forsan
2605 4449 2786 4508 adhuc
2842 4454 3010 4522 dicis,
3050 4474 3339 4517 servorum
3396 4481 3595 4537 greges

1931 4561 1976 4624 υ
2007 4533 2454 4603 circumducere,
2525 4547 2580 4594 et
2619 4543 2782 4612 plura
2837 4555 2996 4626 teme
3049 4550 3249 4623 jugera
3297 4533 3593 4625 possidere

312 4583 582 4642 πλουτῶν.
618 4591 841 4663 Πρῶτον
892 4597 993 4668 μὲν
1029 4601 1274 4670 χαλεπὰς
1320 4583 1431 4674 ἕξει
1489 4612 1590 4676 τὰς
1619 4583 1895 4685 ἐὺθὶεᾴἆς,
1931 4583 1964 4624 μ

2003 4641 2128 4681 eum
2168 4629 2266 4698 qui
2322 4630 2479 4687 dives
2537 4634 2630 4690 sit.
2663 4639 2730 4691 At
2763 4639 3001 4708 primum
3036 4644 3258 4714 quidem
3292 4651 3479 4718 gravis
3511 4649 3590 4707 illi

2001 4731 2237 4776 censura
2267 4724 2380 4778 erit
2399 4767 2414 4789 ,
2449 4728 2651 4799 quippe
2671 4744 2798 4786 cum
2817 4749 3008 4789 eorum
3034 4739 3278 4794 omnium
3309 4744 3586 4800 rationem

1999 4812 2115 4870 Deo
2168 4809 2512 4877 reddendam
2570 4825 2792 4884 habeat.
2837 4829 3023 4902 Neque
3053 4836 3202 4891 enim
3233 4852 3330 4894 eas
3353 4848 3418 4894 ut
3457 4850 3585 4896 tan-

1998 4909 2285 4965 tummodo
2338 4912 2614 4980 l'rucretur
2655 4922 2890 4992 accepit,
2924 4925 3029 4982 sed
3093 4935 3152 4982 ut
3183 4931 3308 4988 aliis
3358 4948 3587 5006 quoque

1996 4997 2232 5058 utilitati.
2253 5012 2426 5062 esset.
2457 5004 2664 5068 Deinde
2699 5027 2775 5076 ex
2801 5013 2907 5069 hac
2947 5015 3264 5080 divitiarum
3294 4997 3457 5094 copia
3492 4997 3584 5082 iii-

1997 5089 2073 5144 hil
2096 5093 2245 5161 aliud
2263 5094 2335 5149 ad
2357 5110 2483 5152 eum
2517 5101 2678 5169 redit,
2700 5119 2865 5175 quam
2890 5123 3059 5174 curae,
3079 5119 3136 5166 et
3151 5089 3579 5184 sollicitudines,

1993 5194 2046 5237 et
2074 5186 2408 5254 quotidiana;
2438 5191 2759 5258 iracundiae.
2785 5208 2838 5253 et
2865 5199 3298 5274 indignationes,
3326 5217 3491 5279 atque
3523 5212 3579 5266 in

1993 5280 2277 5347 perpetuis
2299 5282 2712 5343 turbationibus
2738 5299 2790 5344 et
2834 5295 3165 5354 tumultibus
3194 5302 3425 5356 versari.
3453 5303 3580 5372 ipse

1990 5369 2140 5424 enim
2191 5383 2483 5433 sexcentos
2534 5391 2764 5439 ventres
2818 5385 3052 5456 implere
3099 5403 3328 5448 necesse
3359 5394 3575 5451 habet:

1990 5473 2202 5531 pauper
2252 5479 2385 5521 vero
2419 5484 2592 5525 unum
2625 5471 2913 5532 duntaxat.
2950 5477 3096 5545 Quin
3127 5485 3295 5539 etiam
3341 5494 3577 5559 uterque

1988 5566 2162 5607 unum
2209 5555 2564 5616 solummodo
2591 5573 2838 5622 ventrem
2887 5581 3054 5640 atque
3082 5572 3310 5636 unicum
3366 5591 3571 5650 corpus

1985 5650 2186 5711 curat;
2235 5661 2424 5702 verum
2461 5650 2552 5706 hic
2584 5654 2706 5712 sine
2748 5665 2898 5714 metu
2931 5670 2984 5716 et
3013 5664 3413 5733 sollicitudine,
3481 5671 3573 5728 ille

1987 5741 2170 5788 autem
2234 5749 2358 5790 cum
2399 5746 2644 5798 tremore
2705 5755 2759 5801 et
2799 5749 3134 5809 insidiarum
3187 5767 3361 5823 metu,
3397 5767 3571 5830 atque

1985 5822 2058 5880 ita
2086 5823 2345 5898 denique,
2378 5839 2436 5886 ut
2463 5847 2856 5896 sescentorum
2887 5841 3178 5904 hominum
3213 5862 3385 5918 opera
3417 5851 3569 5910 indi-
