4028 6466
393 386 530 453 1519

1639 395 1693 456 S.
1717 395 2040 475 JOANNIS
2075 401 2477 465 DAMASCEN
2484 406 2511 464 Ι

3536 415 3680 482 1520

384 509 531 572 seat,
567 500 663 572 qui
708 516 893 559 rerum
928 504 1375 575 procurationem
1412 518 1603 561 secum
1639 507 1964 578 suscipiant.

2084 517 2426 585 περιουσίαν,
2454 516 2570 570 ἀλλ’
2598 519 2647 571 εί
2683 519 2845 577 πλέον
2868 540 2919 577 τι
2944 526 3042 598 τῆς
3068 527 3275 600 πολλῆς
3303 529 3513 604 ταύτης
3536 532 3679 588 ἀπο-

370 592 518 669 Quae
542 608 667 649 cum
692 594 767 648 ita
790 592 927 661 sint,
962 610 1034 650 ne
1056 594 1160 651 hoc
1204 596 1578 666 perspexeris,
1605 597 1757 668 quod
1787 597 1986 669 ingen-

350 674 494 762 j‘tcm
551 686 920 742 substantiam
988 686 1209 757 habeat,
1283 688 1382 745 sed
1439 703 1509 744 an
1542 704 1605 745 ex
1640 689 1743 745 hac
1772 690 1982 762 ingenti

383 777 539 847 copia
572 778 918 849 perfruatur.

352 861 357 869 ’
455 868 650 941 Ejusd.
679 901 751 910 —
779 870 885 939 Qui
936 872 1188 928 molliter
1233 881 1288 929 et
1337 871 1573 929 delicate
1608 873 1768 942 vixit,
1823 888 1889 929 ac
1915 889 1981 931 se

383 972 559 1037 tptum
616 964 788 1035 hujus
824 966 952 1021 vita:
984 966 1153 1021 rebus
1179 964 1373 1031 aiiixit,
1401 980 1529 1020 cum
1558 965 1628 1021 ab
1653 964 1724 1021 iis
1751 965 1977 1021 abstra-

382 1056 534 1111 hitur
566 1063 621 1111 et
681 1057 1050 1130 disjungitur,
1108 1056 1243 1113 hinc
1290 1057 1519 1129 gravius
1578 1057 1975 1126 discruciatur,

383 1148 674 1220 magisque
725 1149 1044 1223 ingemiscit
1088 1156 1146 1206 et
1212 1148 1574 1207 lamentatur.
1636 1148 1709 1206 At
1765 1165 1979 1220 pauper

382 1256 493 1295 non
547 1241 716 1310 item;
756 1242 856 1298 sed
908 1256 1034 1297 cum
1090 1240 1372 1311 superiori
1418 1249 1672 1311 tempore
1734 1242 1975 1296 multum

378 1331 583 1405 diuque
613 1334 686 1389 sit
720 1333 1173 1404 philosophatus,
1234 1347 1345 1387 non
1380 1333 1501 1403 pari
1534 1332 1710 1387 animi
1734 1348 1976 1389 maerore

379 1437 615 1482 mortem
680 1426 974 1498 suscipiet.
1008 1425 1087 1482 Ac
1128 1427 1249 1498 ipsa
1274 1425 1530 1497 proinde,
1555 1426 1671 1481 sive
1703 1441 1972 1497 praesens,

378 1518 498 1575 sive
560 1518 616 1573 in
646 1519 1060 1591 exspectatione
1117 1519 1299 1589 posita
1355 1517 1450 1585 sit,
1506 1517 1779 1589 majorem
1841 1520 1972 1574 huic

379 1623 545 1679 quam
571 1608 651 1664 illi
673 1617 947 1665 terrorem
978 1609 1202 1665 incutit.

363 1696 370 1703 ’
449 1702 610 1774 502
646 1701 705 1757 S.
732 1700 927 1774 Cyrill.
959 1733 1029 1743 —
1055 1699 1201 1757 Sane
1226 1701 1274 1757 is
1309 1700 1406 1772 qui
1435 1700 1680 1767 laeditur,
1713 1714 1830 1771 prae
1862 1700 1968 1756 tri-

376 1796 527 1853 stitia
575 1796 800 1868 quidem
844 1795 1170 1851 incenditur
1204 1812 1219 1850 :
1260 1809 1385 1850 cum
1450 1803 1641 1849 autem
1680 1802 1965 1863 acceptam

376 1889 644 1959 injuriam
706 1887 930 1952 ulcisci,
962 1895 1059 1942 aut
1091 1902 1198 1963 par
1242 1886 1452 1943 referre
1483 1901 1595 1941 non
1625 1885 1829 1957 possit,
1880 1887 1965 1940 in-

376 1981 591 2036 terdum
630 1980 845 2036 idcirco
881 1979 1081 2036 divina:
1132 1978 1364 2048 justitiae
1402 1979 1659 2034 aculeum
1692 1979 1749 2033 in
1778 1977 1967 2035 subsi-

374 2074 527 2129 dium
582 2080 768 2149 vocat.

446 2187 507 2244 S.
530 2185 786 2243 Maximi.
828 2185 1091 2244 —Nemo
1147 2185 1552 2258 ﬂagitiosorum
1607 2194 1716 2253 est,
1769 2184 1865 2258 qui
1914 2184 1968 2240 id

373 2280 520 2353 quod
552 2280 698 2352 juris
729 2279 802 2336 sit
830 2294 955 2337 esse
976 2279 1185 2334 malum
1216 2292 1325 2333 non
1358 2277 1678 2333 arbitretur.

443 2392 505 2452 S.
523 2394 943 2451 Clement.orat.
966 2412 986 2446 ι
1016 2393 1148 2461 Quis
1172 2391 1312 2447 dives
1341 2390 1629 2447 salvandus
1659 2391 1750 2457 sit,
1778 2408 1797 2443 ι
1830 2390 1967 2463 θη.

370 2515 443 2529 -—
473 2484 661 2541 Vende
692 2500 817 2557 quae
840 2485 1032 2541 habes.
1059 2483 1200 2551 Quid
1232 2491 1315 2539 est
1352 2482 1709 2552 quamobrem
1738 2482 1967 2553 quidam

370 2595 482 2634 non
541 2587 798 2651 prompto
836 2577 1022 2632 animo
1071 2577 1178 2632 hoc
1234 2574 1563 2645 suscipiant,
1594 2581 1650 2628 ut
1679 2572 1967 2629 facultates

372 2686 507 2728 suas
574 2669 859 2742 abjiciant,
902 2678 1069 2739 atque
1127 2662 1382 2723 affectum
1445 2680 1657 2733 earum,
1712 2667 1967 2723 immodi-

369 2778 607 2834 camque
638 2762 1016 2833 cupiditatem,
1051 2774 1272 2816 necnon
1307 2757 1525 2829 vigilias
1563 2757 1618 2812 in
1655 2757 1726 2814 iis
1753 2773 1965 2830 augen-

369 2856 480 2921 dis,
514 2854 763 2922 morbos,
813 2867 1000 2923 curas,
1038 2860 1093 2909 et
1115 2852 1309 2924 spinas
1354 2851 1502 2914 vitae,
1536 2848 1741 2919 quibus
1773 2865 1966 2907 semen

369 2948 701 3007 suffocatur.
1097 2962 1103 2968 ”

439 3064 500 3120 S.
536 3063 679 3119 Nili.
706 3094 772 3104 —
802 3058 1060 3134 Magnum
1122 3059 1192 3115 iis
1223 3058 1321 3131 qui
1352 3058 1545 3114 virtuti
1573 3057 1964 3129 comparandae

351 3136 619 3213 student.
642 3153 1096 3226 impedimentum
1120 3150 1276 3208 affert
1300 3159 1677 3222 prreposterus
1703 3151 1797 3207 ille
1819 3165 1954 3222 erga

368 3247 537 3318 hujus
553 3244 743 3301 mundi
768 3258 857 3301 res
887 3242 1137 3309 affectus,
1160 3257 1224 3298 ac
1251 3257 1415 3313 saepe,
1442 3250 1558 3297 tum
1575 3242 1816 3312 corpori,
1848 3250 1964 3296 tum
1993 3226 2039 3289 α

368 3338 569 3396 animae
606 3337 910 3410 perniciem
942 3334 1176 3392 invehit.
1207 3334 1350 3401 Quid
1368 3334 1515 3389 enim
1544 3333 1759 3389 Naboth
1786 3331 1965 3390 lsrae—

367 3433 525 3490 litam
559 3433 617 3487 in
670 3430 903 3487 exitium
932 3428 1169 3500 conjecit
1205 3426 1322 3483 ian
1354 3441 1464 3482 non
1486 3426 1765 3483 invidiosa
1797 3425 1963 3481 vinea

366 3522 416 3579 ei
478 3529 713 3578 mortem
767 3517 1089 3586 accersivit,
1123 3525 1185 3573 ut
1218 3532 1345 3590 quae
1376 3515 1626 3571 vicinum
1667 3513 1863 3570 Achab
1888 3513 1958 3569 ad

368 3617 550 3688 ipsius
594 3615 801 3672 caedem
853 3613 1160 3670 excitarit?
1189 3610 1333 3678 Quid
1389 3619 1573 3667 autem
1610 3609 1751 3666 duas
1781 3608 1960 3663 tribus

364 3717 422 3766 et
450 3708 732 3765 dimidiam
787 3705 1017 3762 alterius
1048 3703 1297 3774 impulit,
1337 3708 1397 3757 ut
1428 3708 1584 3758 extra
1635 3698 1961 3771 promissio-

366 3802 457 3857 nis
510 3809 715 3856 terram
752 3797 1161 3857 subsisterent?
1191 3810 1263 3850 an
1321 3809 1434 3851 non
1461 3808 1728 3865 pecorum
1762 3793 1959 3848 multi-

364 3892 536 3949 tudo?
560 3891 705 3959 Quid
741 3891 908 3947 etiam
934 3888 1037 3944 Lot
1065 3888 1134 3945 ab
1172 3887 1493 3944 Abrahamo
1521 3885 1802 3958 disjunxit
1831 3886 1853 3939 ?
1882 3899 1954 3940 an

364 4000 475 4043 non
526 3986 719 4055 ingens
756 3990 1138 4038 armentorum
1183 3994 1476 4046 numerus,
1502 3986 1768 4050 perpetua
1810 3977 1957 4033 inter

363 4086 616 4149 pastores
642 4077 825 4148 jurgia
850 4090 1101 4143 movens,
1140 4073 1325 4145 quoad
1351 4089 1587 4146 prorsus
1628 4088 1724 4131 eos
1755 4073 1826 4130 ab
1867 4073 1955 4129 in-

362 4172 544 4227 vicem
583 4168 827 4225 avulsit?

433 4283 652 4357 Joseph.
677 4314 747 4324 —
786 4284 945 4340 Nulla
993 4293 1107 4340 tam
1155 4283 1369 4340 nefaria
1411 4281 1500 4338 via
1551 4292 1657 4349 est,
1684 4296 1809 4353 qua:
1838 4295 1952 4337 non

363 4385 611 4450 quaestus
632 4390 801 4433 causa
834 4376 1073 4433 ineatur.

421 4512 738 4571 Fortassis.
759 4512 1006 4567 animum
1076 4512 1145 4567 ad
1174 4526 1298 4569 eam
1337 4513 1671 4568 sententiam
1704 4525 1817 4567 non
1847 4508 1949 4565 ad-

2086 604 2263 661 λαύει.

2162 875 2220 927 Ὁ
2271 879 2804 951 καταμαλακισθεὶς,
2868 887 3112 953 καὶτοῖς
3146 892 3420 963 παροῦσιν
3472 897 3676 952 ἑαυτὸν

2080 969 2464 1041 προσηλώσας,
2497 974 2901 1044 ἀποσπώμενος
2930 982 3027 1034 καὶ
3058 984 3451 1056 χωριζόμενος,
3488 991 3677 1059 μειζό-

2077 1078 2183 1128 νως
2209 1065 2489 1134 δάκνεται,
2520 1072 2614 1125 καὶ
2639 1072 2845 1143 μᾶλλον
2869 1075 3125 1147 ὀδύρεται
3153 1082 3249 1134 καὶ
3277 1081 3491 1153 θρηνεῖ.
3529 1087 3589 1139 Ὀ
3615 1086 3677 1139 δὲ

2077 1157 2251 1227 πένης
2280 1160 2380 1232 οὐχ
2437 1162 2637 1229 οὕτως,
2681 1166 2819 1222 ἀλλά
2870 1169 3047 1224 πολλά
3100 1173 3477 1247 φιλοσοφήσας
3528 1182 3675 1234 κατά

2074 1249 2167 1304 τὸν
2193 1252 2507 1326 ἔμπροσθεν
2530 1258 2746 1329 χρόνον,
2775 1261 2837 1315 ού
2867 1264 3005 1334 μετά
3029 1266 3302 1338 τοσαύτης
3326 1269 3540 1336 δέξεται
3569 1272 3676 1342 τῆς

2074 1341 2315 1416 ἀθυμίας
2347 1347 2441 1403 τὸν
2494 1350 2751 1417 θάνατον,
2779 1353 2921 1409 ὥστε
2971 1357 3068 1411 καὶ
3106 1358 3323 1429 παρὼν,
3355 1361 3451 1414 καὶ
3493 1341 3671 1433 προσ-

2072 1433 2406 1508 δοκώμενος,
2438 1442 2632 1516 ἐκείνῳ
2661 1445 2865 1515 μᾶλλόν
2895 1450 3011 1504 ἐστι
3042 1449 3332 1523 φοϐερὸςῆ
3366 1454 3565 1525 τούτῳ.

2142 1699 2371 1768 Πάντως
2395 1705 2425 1759 ὀ
2453 1705 2835 1779 ἀδικούμενος,
2866 1711 3276 1784 καταφλέγεται
3309 1714 3410 1786 μὲν
3442 1716 3549 1769 ὑπὸ
3577 1717 3670 1771 λύ-

2069 1807 2202 1862 πης,
2235 1794 2552 1866 ἀμύνασθαι
2573 1799 2631 1853 δὲ
2655 1802 2758 1855 οὐκ
2784 1802 2947 1873 έχων,
2974 1804 3007 1876 ἢ
3040 1805 3129 1861 διὰ
3158 1807 3270 1860 τῶν
3302 1808 3433 1860 ίσων
3462 1808 3665 1873 ἐλθεῖν,

1995 1867 2042 1927 Β
2068 1881 2182 1937 ἔσθ’
2212 1886 2303 1939 ὅτε
2326 1887 2415 1942 διά
2435 1889 2598 1944 τοῦτο
2625 1895 2725 1965 τῆς
2749 1867 2959 1949 ἀνωθεν
2985 1867 3145 1969 δίκης
3166 1898 3228 1951 τὸ
3248 1897 3476 1970 κέντρον
3508 1867 3670 1952 καλεῖ

2071 1976 2210 2048 πρὸς
2239 1980 2587 2055 ἐπικουρίαν.

2143 2181 2396 2253 Πέφυκεν
2424 2184 2658 2250 ἕκαστος
2686 2184 2797 2241 τῶν
2834 2188 3163 2261 κακουργῶν
3208 2188 3445 2262 ἀνδρῶν,
3488 2191 3551 2244 τὸ
3592 2191 3665 2244 δίο

2069 2289 2227 2329 καιον
2261 2270 2402 2329 εἶναι
2432 2277 2677 2347 νομίζειν
2711 2279 2903 2336 κακόν.

2102 2419 2113 2427 ~
2142 2387 2405 2460 Πώλησόν
2438 2407 2533 2446 σου
2575 2391 2645 2447 τά
2671 2394 3011 2465 ὑπάρχοντα.
3048 2394 3117 2449 Τί
3149 2395 3211 2449 ού
3238 2396 3548 2468 προχείρως
3576 2396 3664 2450 δέ·

2068 2482 2258 2552 χονταί
2284 2499 2432 2547 τινες
2456 2482 2559 2556 τὴν
2599 2484 2953 2558 ὑπάρχουσαν
2982 2486 3173 2541 οὐσίαν
3203 2488 3533 2559 ἀπορρίψαι,
3560 2488 3663 2557 τὴν

2068 2572 2208 2645 πρὸς
2238 2575 2379 2629 αύτά
2430 2576 2800 2648 συμπάθειαν,
2840 2578 2941 2651 τὴν
2994 2579 3283 2651 ὑπεράγαν
3332 2580 3659 2651 ὲπιθυμίαν,

2066 2664 2167 2736 τὴν
2188 2667 2320 2737 περὶ⁹
2340 2667 2514 2739 αὐτὴν
2538 2669 2870 2740 ἀγρυπνίαν,
2898 2670 3000 2742 τὴν
3030 2672 3206 2739 νόσον,
3230 2671 3331 2735 τάς
3361 2671 3659 2743 μερίμνας,

2066 2759 2168 2823 τὰς
2197 2759 2444 2825 ἀκάνθας
2470 2761 2565 2816 τοῦ
2601 2761 2743 2833 βίου,
2771 2762 2831 2817 αἶ
2856 2763 2918 2817 τὸ
2947 2762 3182 2836 ,σπέρμα
3218 2765 3319 2836 τῆς
3350 2763 3499 2834 ζωῆς
3527 2781 3663 2836 συμ-

2069 2852 2356 2922 πνίγουσιν
2377 2870 2393 2921 ;

2136 3058 2299 3129 Μέγα
2342 3060 2459 3124 τοῖς
2488 3059 2628 3132 πρὸς
2656 3060 2869 3133 ἀρετὴν
2912 3060 3291 3132 ἐπειγομένοις
3326 3059 3587 3132 ἐμπόδιον
3621 3060 3660 3133 ἡ

2068 3151 2177 3206 τῶν
2210 3153 2496 3225 κοσμικῶν
2517 3153 2866 3226 πραγμάτων
2894 3146 3235 3225 συμπάθεια,
3264 3154 3360 3209 καὶ
3384 3154 3532 3226 ψυχῇ
3560 3154 3660 3208 καὶ

2073 3242 2287 3316 σώματι
2321 3243 2586 3309 πολλάκις
2632 3245 2857 3318 ὄλεθρον
2886 3245 3245 3317 προξενοῦσα.
3296 3246 3361 3299 Τί
3404 3246 3515 3316 γάρ
3549 3246 3662 3299 Ναο

2068 3335 2261 3390 ϐουοαὶ
2291 3336 2383 3391 τὸν
2421 3336 2766 3408 Ἰσραηλίτην
2787 3337 3107 3403 ἀπώλεσεν;
3135 3337 3237 3391 οὐκ
3262 3335 3508 3408 ἄμπελος
3532 3336 3659 3389 ἐπί-

2066 3429 2263 3501 φθονος
2302 3429 2477 3493 αἴτιος
2511 3428 2663 3500 αύτῷ
2688 3428 2922 3484 θανάτου
2956 3429 3276 3499 γεγένηται,
3317 3427 3458 3499 πρὸς
3490 3427 3656 3497 φόνον

2063 3522 2233 3577 αὐτοῦ
2288 3523 2521 3595 κινήσας
2550 3523 2903 3593 τδνκγείτονα
2940 3522 3177 3594 Ἀχαάὸς
3214 3523 3281 3575 Τί
3315 3522 3374 3576 δὲ
3407 3521 3507 3585 τάς
3560 3520 3657 3573 δύο

2061 3614 2237 3685 ἥμισυ
2268 3612 2441 3683 φυλάς
2492 3611 2599 3677 ἔξω
2650 3613 2749 3685 τῆς
2788 3612 3277 3684 ὲπαγγελλομένης
3309 3612 3415 3683 γῆς
3470 3613 3656 3682 μεῖναι

2063 3702 2516 3775 παρεσκεύασεν;
2565 3703 2626 3756 οὑ
2659 3702 2869 3774 πλῆθος
2922 3704 3177 3775 κτηνῶν;
3217 3703 3283 3755 Τί
3311 3703 3369 3756 δὲ
3426 3702 3526 3757 καὶ
3561 3702 3654 3755 τὸν

2061 3794 2188 3851 Λὼτ
2220 3796 2329 3850 ἀπὸ
2356 3794 2452 3849 τοῦ
2486 3795 2737 3869 Ἀϐραάμ
2770 3795 3074 3868 ὲχώρισεν;
3106 3796 3205 3866 οὐχ
3240 3796 3270 3849 ὀ
3296 3795 3405 3849 τῶν
3437 3793 3657 3864 βοσκη-

2063 3888 2251 3961 μάτων
2295 3888 2464 3953 πολὺς
2497 3887 2753 3960 ἀριθμὸς,
2790 3889 3037 3960 συνεχεῖς
3074 3890 3186 3951 τοῖς
3217 3886 3447 3958 ποιμέσι
3491 3888 3652 3957 κινή-

2061 3999 2160 4047 σας
2200 3983 2298 4047 τάς
2327 3982 2534 4054 ἐριδας,
2563 3982 2670 4046 ἕως
2704 3981 2903 4045 αὐτοὺς
2961 3980 3146 4035 τέλεον
3198 3980 3509 4053 ἀπέρρηξεν
3552 3978 3654 4034 ἀπ’

2056 4076 2303 4148 ἀλλήλων
2325 4093 2339 4143 ;

2124 4276 2317 4332 Πᾶσαν
2350 4274 2613 4345 ἀθέμιτον
2634 4275 2753 4331 ὁδὸν
2777 4277 2923 4331 ποιεῖ
2944 4275 3007 4329 τὸ
3034 4275 3249 4347 κέρδος.
3323 4272 3329 4277 ”

2129 4496 2287 4564 Ἴσως
2334 4499 2436 4552 οὒκ
2492 4498 2807 4570 ἐπέστησας
2854 4497 2933 4569 τῷ
2983 4498 3284 4568 προσφυῶς
3334 4499 3648 4571 χρησμοδο-

358 4606 566 4678 jecisti,
598 4620 764 4679 quam
800 4596 1023 4676 quidam
1066 4612 1192 4676 apte
1225 4602 1295 4659 ad
1337 4604 1486 4659 hunc
1516 4603 1743 4660 modum
1782 4610 1947 4658 extu-

2084 4590 2261 4659 ὀὖντι,
2297 4592 2393 4646 καὶ
2442 4591 2696 4661 λέγοντι·
2724 4592 2819 4668 Μὴ
2850 4592 3049 4646 σπεῦδε
3089 4591 3365 4661 πλουτεῖν,
3398 4593 3474 4665 μὴ
3505 4597 3648 4665 ταχὺ

362 4699 427 4754 lit
456 4697 576 4755 :Ne
631 4697 863 4755 festines
894 4696 1088 4761 ditari,
1153 4710 1225 4751 ne
1256 4694 1447 4751 statim
1476 4695 1533 4751 in
1562 4701 1949 4770 paupertatem

364 4788 600 4845 incidas.

342 4907 353 4997 ί
437 4923 769 4981 Hominibus
816 4923 928 4980 illis
955 4920 1052 4993 qui
1101 4920 1393 4977 avaritiam
1437 4935 1504 4979 ac
1537 4920 1949 4993 parcimoniam

354 5017 439 5089 ‘ad
483 5023 789 5073 extremum
838 5016 1049 5081 colunt,
1100 5013 1305 5069 multas
1338 5013 1524 5069 divina
1599 5013 1953 5086 providentia

354 5092 824 5167 'detrimentorum
854 5107 1179 5164 occasiones
1204 5120 1405 5178 parare
1425 5107 1739 5164 consuevit.

434 5245 701 5302 Philonis.
730 5277 801 5287 —
821 5243 1143 5300 Divitiarum
1171 5244 1554 5315 pulchritudo,
1586 5259 1700 5301 non
1734 5244 1792 5301 in
1821 5258 1951 5301 cru-

364 5339 562 5406 tnenis,
621 5339 715 5395 sed
750 5338 806 5394 in
868 5353 1172 5413 pauperum
1224 5346 1469 5409 egestate
1506 5338 1741 5397 levanda
1771 5338 1950 5410 posita

360 5438 468 5489 est.

430 5564 492 5623 S.
509 5564 870 5623 Nili.—Nihil
885 5567 1109 5623 omnino
1128 5567 1226 5624 tibi
1251 5566 1434 5625 studio
1453 5572 1671 5634 est,non
1688 5564 1950 5638 praeclara

358 5656 495 5724 vita,
564 5671 675 5714 non
725 5666 877 5716 recta
908 5658 1184 5725 doctrina,
1216 5674 1329 5715 non
1372 5673 1768 5730 oppressorum
1789 5672 1947 5724 cura,

359 5765 470 5807 non
501 5751 805 5824 quidquam
836 5751 1009 5815 aliud,
1035 5763 1236 5824 praeter
1253 5754 1358 5809 hoc
1378 5765 1571 5819 uuunt,
1596 5750 1747 5821 quod
1768 5764 1943 5819 amas,

362 5847 526 5914 atque
552 5842 610 5899 in
634 5844 778 5902 votis
810 5844 1003 5915 habes,
1028 5851 1082 5902 et
1106 5843 1321 5916 colligis
1346 5841 1765 5901 oloconitidem.

2056 4684 2229 4756 πένης
2254 4683 2410 4757 γένῃ.

2128 4915 2257 4979 Τοῖς
2280 4915 2382 4987 τὴν
2416 4914 2595 4987 ἄκραν
2631 4912 3077 4985 φιλοχρηματίαν
3109 4912 3203 4966 καὶ
3241 4909 3536 4981 φειδωλίαν
3564 4910 3649 4977 ἐξ·

2052 5007 2360 5078 ησκηκόσιν
2386 5006 2721 5079 ἀνθρώποις,
2753 5004 2960 5069 πολλὰς
2988 5003 3128 5077 πρὸς
3149 5002 3355 5074 ζημίαν
3388 5001 3648 5072 ἀφορμὰς

2055 5100 2090 5170 ἡ
2121 5099 2357 5170 Πρόνοια
2380 5099 2691 5171 περιποιεῖν
2719 5096 2932 5152 εἴωθεν.
2968 5150 2971 5153 .

2124 5231 2371 5287 Πλούτου
2404 5230 2466 5287 τὺ
2505 5230 2705 5295 κάλλος
2735 5230 2836 5284 οὐκ
2868 5230 2926 5285 ἐν
2971 5228 3298 5300 βαλαντίοις,
3327 5224 3444 5282 ἀλλ’
3485 5227 3545 5281 έν
3573 5226 3643 5298 τῇ

2053 5323 2163 5380 τῶν
2186 5324 2503 5399 χρῃζόντων
2526 5325 2843 5395 ἐπικουρίᾳ.

2122 5566 2293 5623 Οὐδὲν
2349 5567 2590 5638 πάμπαν
2642 5560 3008 5627 σπουδάζεται
3051 5557 3203 5630 παρά
3257 5554 3374 5624 σοῦ,
3416 5553 3479 5609 οὗ
3527 5551 3644 5623 βίος

2053 5659 2330 5733 λαμπρὸς,
2362 5660 2423 5713 οὺ
2462 5658 2624 5727 λόγος
2650 5655 2833 5728 ὀρθὸς,
2873 5654 2938 5708 οὐ
2983 5649 3294 5724 προστασία
3322 5647 3434 5703 τῶν
3464 5644 3646 5700 θλιϐο-

2055 5753 2260 5825 μένων,
2289 5752 2352 5805 οὐ
2376 5752 2447 5806 τὰ
2491 5750 2640 5822 ἑξῆς,
2672 5748 2816 5818 πλὴν
2848 5745 2943 5801 τοῦ
2989 5744 3190 5814 φιλεῖν,
3236 5740 3335 5795 καὶ
3367 5738 3436 5793 δι’
3475 5736 3643 5807 εὐχῆς

2052 5842 2346 5909 ποιεῖσθαι,
2377 5841 2475 5897 καὶ
2510 5838 2789 5908 συλλέγειν
2815 5836 2885 5893 τὰ
2919 5832 3270 5891 ὀλοκωνίτιδα
3297 5874 3311 5890 .
