4028 6400
339 405 364 466 1
375 402 472 467 521

1620 406 1859 468 SACRA
1898 409 2359 470 PARALLELA.

3487 407 3617 473 1522

332 520 548 604 Τι’ζΛ..
652 519 905 604 -Αιΐςρί
957 521 1150 604 ἕρπων
1188 522 1288 604 καί
1324 522 1644 604 πράξεων·
1679 523 1803 604 καὶ.
1831 525 1914 604 ᾆτι

2053 524 2430 604 ΓΙΤκΧς-ρε
2458 525 2704 604 operibus
2727 532 2778 604 et
2804 521 3109 604 actionibus
3141 531 3237 604 :_et
3259 521 3402 604 quod
3430 524 3620 604 qualia

403 589 582 662 ὁποῖά
609 590 860 662 τιςηδρᾷ,
885 589 1158 662 τοσαῦτα
1188 592 1287 650 καὶ
1307 589 1638 662 ὑφίσταται
1658 610 1674 627 ο
1707 593 1808 648 και
1837 594 1923 661 ὡς

404 660 558 735 κατᾲ
595 660 839 735 τὰῌέρᾼγα
861 661 1040 735 ﬁnd»:
1081 663 1182 717 καὶ
1219 665 1252 719 ό
1281 660 1504 734 μισθὸς
1537 660 1920 735 ἐξομοιοῦται

402 731 565 800 παρὰ
596 731 705 785 τοῦ
738 731 888 787 Θεοῦ
916 731 1107 802 ἡμῶν.

285 861 291 880 ⁴
407 880 430 916 ι
466 864 598 918 Ἐάν
642 877 724 929 τις
765 863 844 936 δῷ
895 863 1089 936 μῶμον
1132 866 1212 937 τῷ
1243 866 1494 938 πλησίον,
1545 869 1622 932 ὼς
1659 867 1919 939 ἐποίησεν

266 954 275 971 ⁷
331 954 504 1026 αὐτῷ,
535 954 802 1020 ὡσαύτως
837 957 1329 1028 ἀντιποιηθήσεται
1363 958 1552 1030 αὐτῷ-ο
1599 958 1918 1031 σύντριμμα

329 1048 454 1103 ἀντὶ
475 1047 885 1120 συντριμματος
901 1065 916 1082 ·
945 1049 1228 1120 ὀφθαλμὸν
1252 1051 1375 1105 ἀντὶ
1392 1052 1677 1124 ὀφθαλμοῦ
1691 1070 1705 1084 ·
1726 1052 1916 1107 ὀδόντα

328 1140 452 1194 ἀντὶ
483 1140 716 1205 ὀδόντος.
749 1143 957 1198 Καθότι
991 1142 1059 1199 ἂν
1094 1142 1183 1216 δῷε
1202 1143 1398 1216 μῶμον
1431 1143 1731 1218 ἀνθρώπῳ,
1763 1144 1911 1199 οὕτω

328 1229 626 1302 δοθήσεται
638 1230 810 1304 αὐτῷ.
843 1251 865 1287 ι

405 1339 425 1374 ι
462 1321 822 1395 Κατέδραμον
858 1325 1038 1380 ὀπίσω
1079 1325 1461 1397 Ἀδωνιόεζὲκ,
1486 1330 1592 1384 καὶ
1609 1327 1912 1384 κατέλαϐον

327 1412 511 1481 αὐτὸν,
538 1414 634 1468 καὶ
661 1415 948 1486 ἀπέκοψαν
976 1417 1046 1473 τὰ
1071 1418 1218 1491 ἀκρα
1244 1419 1354 1474 τῶν
1376 1422 1578 1492 χειρῶν
1599 1420 1789 1490 αὐτοῦ,
1815 1423 1911 1476 καὶ

321 1504 437 1560 τῶν
475 1507 654 1562 ποδῶν
687 1508 876 1564 αὑτοῦ.
894 1511 1006 1564 Καὶ
1033 1509 1189 1566 εἶπεν
1213 1513 1605 1580 ’Δδωνισεςέν
1653 1515 1912 1588 Ἐδδομή-

324 1594 773 1669 κοντανβασιλεῖς
799 1602 868 1657 τά
911 1602 1060 1676 ἀκρα
1087 1603 1199 1659 τῶν
1230 1606 1410 1661 ποδῶν
1444 1605 1628 1662 αὐτῶν
1661 1608 1758 1662 καὶ
1798 1607 1909 1663 τῶν

323 1689 530 1761 χειρῶν
563 1691 746 1747 αὐτῶν
776 1694 1247 1768 ἀποκεκομμένοι,
1277 1694 1426 1770 ἦσαν
1457 1699 1814 1770 συλλέγοντες
1839 1699 1908 1755 τὰ

329 1779 588 1836 ὑποκάτω
621 1782 725 1853 τῆς
763 1785 1046 1858 τραπέζης
1091 1805 1222 1858 μου.
1267 1789 1468 1856 Καθὼς
1495 1785 1592 1846 οὖν
1648 1792 1904 1864 ἐποίησα,
1946 1801 1957 1864 ξ

327 1871 501 1938 οὕτως
529 1874 919 1932 ἀνταπέδωκέν
949 1895 1040 1949 μοι
1061 1879 1090 1932 ὀ
1124 1880 1280 1945 Θεός.
1308 1901 1329 1935 ι

402 1981 424 2016 ι
453 1965 518 2018 Ol
546 1967 868 2040 σπείροντες
892 1970 964 2025 τά
994 1969 1206 2041 ἄτοπα,
1237 1973 1437 2040 ὀδύνας
1472 1974 1754 2049 θεριοῦσιν
1783 1977 1914 2032 ἑαυ-

328 2057 464 2122 τοῖς.
499 2075 519 2110 ι
998 2068 1002 2071 ·

404 2166 424 2200 ι
470 2147 787 2222 ’Δποδοθείη
819 2150 970 2224 αὐτῷ
995 2153 1033 2208 ἀ
1063 2153 1325 2226 ἔπραξεν.
1357 2174 1376 2208 ι

402 2257 423 2290 ι
463 2239 613 2294 Κενά
642 2244 822 2307 κενοῖς
852 2243 1219 2316 ἀποϐήσεται.
1249 2266 1269 2300 ι

403 2351 425 2384 ι
467 2332 844 2408 Ἀνταπόδομα
871 2336 1098 2409 χειλέων
1133 2339 1302 2396 αὐτοῦ
1336 2341 1629 2415 δοθήσεται
1673 2345 1846 2418 αὐτῷ.
1888 2364 1908 2399 ι

407 2548 428 2582 ι
465 2529 717 2584 Ἐδονται
761 2533 864 2604 τῆς
893 2533 1105 2590 ἑαυτῶν
1138 2535 1261 2590 ὀδοῦ
1309 2538 1435 2602 τοὺς
1493 2542 1763 2612 καρποὺς,
1818 2543 1914 2597 καὶ

325 2622 426 2692 τῆς
456 2622 668 2678 ἑαυτῶν
700 2624 958 2692 ἀσεϐείας
976 2627 1407 2702 πλησθήσονται.
1452 2632 1786 2706 Ἐξιτασμὸς
1805 2636 1914 2708 γὰρ

327 2716 547 2780 ἀσεϐεῖς
577 2717 711 2774 ὀλεῖ.
755 2735 775 2772 ι

405 2827 426 2862 ι
457 2808 891 2882 Τεκταινόμενος
921 2812 1128 2883 ἀγαθά,
1156 2814 1314 2889 ζητεῖ
1355 2814 1538 2888 χάριν*
1573 2819 1916 2891 ἑκζητοῦντα

326 2901 384 2954 δὲ
413 2901 558 2957 κακά
581 2905 960 2979 καταλήψεται
987 2906 1170 2964 αὐτόν.
1217 2926 1244 2961 ι

478 3081 538 3137 '0
567 3084 812 3157 σπείρων
856 3086 1059 3156 φαῦλα,
1097 3087 1306 3160 θερίσει
1345 3090 1531 3146 κακά’
1574 3093 1916 3167 ματαιότητα

328 3173 388 3227 δὲ
421 3173 599 3246 ἔργων
629 3175 794 3231 αὑτοῦ
827 3178 1161 3236 συντελέσει.
1203 3198 1224 3232 ι

405 3285 426 3319 ι
466 3267 596 3322 Δότε
627 3269 770 3342 αὐτῇ
799 3269 908 3326 ἀπὸ
926 3271 1036 3328 τῶν
1063 3274 1296 3344 καρπῶν
1328 3277 1532 3348 χειρῶν
1563 3277 1756 3353 αὐτῆς.
1787 3299 1808 3334 ι

407 3466 428 3502 ι
467 3451 564 3505 Ὃν
579 3451 780 3523 τρόπον
805 3454 1090 3528 ἑποίησας,
1119 3455 1294 3522 οὕτως
1319 3458 1472 3513 ἔσται
1529 3478 1638 3517 σοι.
1677 3460 1754 3516 re
1791 3464 1920 3519 ἀντ-

334 3539 586 3612 απόδομά
609 3559 707 3598 σου
739 3545 1242 3621 ἀνταποδοθήσεται
1274 3551 1356 3615 είς
1385 3552 1632 3624 κεφαλήν
1668 3568 1787 3609 σου.
1831 3573 1850 3605 ι

407 3738 429 3771 ι
469 3718 550 3774 Τὰ
571 3720 889 3797 γεννήματα
913 3729 1024 3782 τῶν
1041 3730 1223 3801 ἔργων
1252 3730 1434 3789 αὐτῶν
1467 3735 1779 3805 φάγωνται.
1823 3757 1844 3791 ι

407 3917 427 3950 ι
462 3900 603 3993 Oilei.
631 3902 711 3975 τῷ
737 3904 926 3979 ἀνόμῳ
947 3924 964 3942 ο
1003 3911 1221 3982 πονηρά
1238 3914 1382 3970 κατά
1414 3914 1486 3970 τὰ
1514 3916 1656 3988 ἔργα
1673 3921 1782 3974 τῶν
1806 3940 1920 3993 χει·

329 3988 444 4059 ρῶν
481 3991 650 4048 αὐτοῦ
680 3995 974 4070 δοθήσεται
994 4002 1168 4076 αὐτῷ.
1207 4024 1226 4058 ι

406 4101 427 4135 ι
475 4083 619 4155 Ἐγὼ
649 4087 857 4160 Κύριος
901 4093 1114 4159 ἐτάζων
1159 4098 1412 4169 καρδίας,
1465 4102 1562 4156 καὶ
1599 4103 1920 4176 δοκιμάζων

327 4176 584 4266 νεφροὺς,
615 4178 711 4232 τοῦ
755 4180 942 4238 δοῦναι
974 4185 1192 4258 ἑκάστῳ
1225 4189 1369 4245 κατὰ
1395 4192 1495 4256 τὰς
1527 4193 1683 4259 ὀδοὺς
1725 4197 1916 4266 αὐτοῦ,

327 4264 426 4318 καὶ
458 4266 598 4321 κατὰ
619 4270 748 4335 τοὺς
769 4273 1019 4344 καρποὺς
1047 4275 1158 4330 τῶν
1195 4278 1648 4352 ἐπιτηδευμάτων
1673 4284 1862 4340 αὑτοῦ.
1895 4264 1914 4339 ι

401 4485 423 4519 ι
463 4467 664 4534 Καθὼς
687 4472 934 4545 ἐποίησε,
961 4479 1230 4552 ποιήσατε
1262 4483 1426 4555 αὐτῇ.
1467 4503 1486 4538 ι

2094 597 2427 668 quisdfacit,
2489 593 2626 668 talia
2679 598 2843 650 etiam
2881 596 3002 668 ipse
3037 595 3304 668 sustineat
3338 593 3621 664 :quodquc

2095 663 2340 790 operibus
2387 667 2586 722 nostris
2619 682 2813 723 merces
2863 663 3003 735 apud
3035 663 3205 720 Deum
3253 663 3500 748 nostrum
3530 663 3618 720 re-

2093 754 2223 807 spon
2263 748 2370 792 eat.

2090 871 2259 929 Leuit.
2299 889 2453 938 xxiv,
2496 871 2586 938 19,
2631 872 2722 926 20.
2756 903 2825 914 —
2856 870 2957 927 «Si
2991 870 3120 943 quis
3179 869 3397 926 dederit
3435 868 3614 925 labem

2015 969 2268 1040 proximo
2293 983 2419 1036 suo,
2443 967 2583 1024 sicut
2624 965 2776 1032 fecit,
2807 964 2886 1022 sic
2917 965 3016 1021 ﬁet
3031 964 3083 1021 ei
3115 983 3132 1022 :
3159 964 3458 1020 fracturam
3513 976 3617 1032 pro

2013 1058 2279 1126 fractura,
2342 1059 2567 1116 oculum
2625 1072 2728 1129 pro
2779 1056 2967 1120 oculo.
3020 1055 3236 1112 dentem
3285 1069 3412 1126 pro
3448 1053 3617 1127 dente

2015 1153 2289 1208 restituet.
2322 1149 2560 1216 Qualem
2613 1149 2887 1205 indixerit
2928 1145 3198 1203 maculam
3243 1145 3506 1214 homini...
3533 1144 3616 1202 sic

2012 1241 2234 1300 dabitur
2251 1242 2325 1300 ei.
2353 1260 2388 1295 »-

2081 1333 2266 1392 Judio.
2296 1350 2344 1400 t,.
2361 1333 2596 1391 5-7.—e
2612 1331 2679 1388 Et
2698 1330 2979 1403 persecuti
3007 1339 3138 1388 sunt
3166 1335 3294 1401 post
3332 1327 3618 1383 Adonibe»

2018 1427 2175 1493 secb,
2223 1433 2281 1483 et
2327 1423 2866 1496 comprehenderunt
2895 1437 3046 1488 eum,
3103 1427 3160 1477 et
3187 1425 3616 1490 amputaverunt
3725 1441 3727 1444 ⁴

2015 1521 2399 1576 extremitates
2430 1531 2694 1573 annum
2731 1516 2855 1588 ejus
2883 1522 2940 1570 et
2962 1512 3166 1584 pedum
3195 1511 3338 1582 ejus.
3370 1509 3440 1564 Et
3475 1507 3617 1564 dixit

2016 1609 2402 1666 Adonibesech
2457 1622 2472 1661 :
2515 1606 2874 1678 Septuaginta
2920 1619 3100 1677 reges,
3159 1599 3608 1658 extremitatibus

2007 1699 2209 1773 pedum
2269 1706 2522 1772 ipsorum
2576 1708 2632 1758 et
2684 1712 2950 1754 manuum
3017 1695 3272 1766 ipsorum
3319 1690 3612 1752 abscissis.

2013 1800 2176 1850 erant
2225 1794 2552 1866 colligentes
2598 1807 2723 1865 quae
2785 1789 3052 1846 caderent
3080 1787 3186 1844 sub
3241 1798 3432 1841 mensa
3466 1796 3612 1838 mea.

1944 1862 1986 1918 Β
2017 1862 2499 1953 Quemadmodum
2521 1862 2656 1958 ergo
2682 1883 2820 1950 feci,
2852 1882 2930 1937 ita
2960 1879 3203 1938 reddidit
3231 1877 3368 1934 mibi
3397 1876 3562 1932 Deus.
3585 1891 3604 1925 ι

2085 1977 2189 2033 Job
2267 1995 2345 2046 iv,
2411 1978 2466 2034 8.
2495 2007 2569 2022 —
2602 1996 2623 2032 ι
2655 1976 2760 2046 Qui
2817 1980 3016 2034 serunt
3065 1971 3335 2046 pessima,
3381 1968 3608 2026 dolores

2016 2071 2122 2128 sibi
2143 2071 2283 2142 ipsis
2305 2079 2532 2128 metent.
2571 2089 2592 2124 ι

2091 2179 2111 2214 ι
2151 2160 2483 2218 Reddantur
2507 2160 2559 2217 ei
2591 2174 2719 2232 quat
2741 2157 2895 2215 fecit.
2932 2178 2952 2212 ι

2093 2273 2112 2306 ε
2150 2253 2302 2310 Vana
2330 2253 2492 2311 vanis
2521 2259 2788 2310 eventura
2815 2260 2982 2308 sunt.

2087 2347 2249 2420 503
2283 2349 2445 2404 Prov.
2492 2362 2607 2416 xu,
2660 2345 2750 2401 14.
2789 2369 2864 2388 λ--ι
2909 2362 2928 2397 ι
2978 2339 3293 2399 Retributio
3333 2337 3620 2396 labiorum

2017 2456 2244 2499 suorum
2279 2439 2504 2495 dabitur
2531 2439 2603 2495 ei.
2639 2456 2659 2491 ι

2087 2535 2249 2590 Prov.
2283 2549 2326 2600 ι,
2352 2531 2444 2589 51.
2469 2564 2540 2575 -
2572 2549 2592 2585 ι
2627 2530 2936 2589 Comedent
2980 2526 3196 2585 fructus
3242 2525 3348 2582 viae
3393 2539 3530 2590 suae,
3561 2533 3620 2581 et

2016 2627 2302 2698 impietate
2330 2639 2430 2683 sua
2461 2623 2865 2697 implebuntur.
2896 2619 3035 2678 Nam
3051 2617 3392 2678 examinatio
3412 2606 3617 2687 impios

2015 2718 2364 2876 manu,
2387 2809 2480 2864 27.
2514 2839 2583 2851 -
2616 2826 2638 2862 ι
2667 2808 2776 2875 Qui
2823 2811 2988 2880 parat
3029 2805 3200 2871 bona,
3244 2800 3445 2873 quaerit
3488 2813 3615 2872 gra-

2018 2901 2152 2965 tiam
2201 2918 2216 2956 :
2268 2907 2609 2973 quaerentem
2666 2904 2852 2954 autem
2901 2895 3085 2962 mala,
3141 2891 3624 2964 comprehendent

2015 3008 2165 3051 eum.
2203 3011 2222 3046 ι

2088 3086 2251 3141 Prov.
2291 3100 2446 3152 xxu,
2497 3082 2553 3142 8.
2583 3113 2656 3125 —
2691 3099 2713 3135 ι
2743 3080 2852 3162 Qui
2910 3077 3156 3136 seminat
3201 3089 3394 3147 prava,
3449 3073 3624 3130 mete!

1941 3203 1990 3270 ο
2021 3178 2187 3235 mala.
2211 3175 2529 3234 Vanitatem
2555 3183 2743 3231 autem
2761 3185 2994 3270 operum
3021 3183 3261 3270 suorum-
3285 3165 3560 3238 perﬁciet.
3592 3184 3614 3219 ι

2095 3271 2260 3328 Prov.
2288 3285 2443 3336 xxxi,
2474 3269 2566 3325 51.
2606 3299 2676 3310 ——
2707 3287 2726 3320 ι
2761 3267 2900 3322 Date
2929 3265 2982 3321 ei
3009 3261 3080 3320 de
3121 3259 3306 3316 fructu
3348 3274 3619 3317 manuum

2025 3375 2277 3422 suarum.
2310 3381 2330 3416 ι

2092 3453 2230 3510 Abd.
2269 3469 2310 3521 ι,
2341 3454 2520 3510 15,—-
2560 3472 2580 3508 ι
2617 3451 3095 3520 Quemadmodum
3134 3451 3342 3518 fecisti,
3390 3449 3474 3506 sic
3513 3449 3622 3504 erit

2024 3545 2126 3602 tibi
2179 3563 2195 3603 :
2249 3545 2679 3604 retributionem
2749 3553 2903 3601 tuam
2976 3550 3267 3601 convertet
3331 3543 3388 3599 in
3451 3545 3624 3611 caput

2022 3645 2206 3693 tuum.
2249 3655 2268 3691 ι

2096 3727 2258 3784 Prov.
2285 3745 2445 3798 xvm,
2468 3730 2562 3787 20.
2591 3762 2656 3772 -—
2693 3748 2710 3780 ι
2753 3728 3047 3786 Genimina
3086 3741 3354 3782 manuum
3389 3739 3618 3782 suarum

2024 3819 2344 3877 comedent.
2385 3839 2404 3872 ι

2092 3917 2229 3972 Isai.
2272 3932 2350 3982 ιιι,
2405 3918 2458 3974 9.
2489 3948 2557 3958 -—
2609 3937 2628 3969 ι
2678 3914 2771 3970 Vae
2824 3913 3018 3986 iniquo
3055 3933 3069 3970 :
3108 3910 3415 3970 secundum
3453 3923 3620 3980 opera

2023 4023 2287 4064 manuum
2327 4008 2504 4078 ipsius
2540 4008 2763 4064 dabitur
2790 4008 2862 4063 ei.
2903 4026 2923 4059 ι

2090 4099 2293 4155 Jerem.
2352 4115 2503 4166 xvu,
2565 4098 2656 4154 10.
2689 4130 2760 4141 —-
2805 4117 2826 4152 ο
2879 4099 2996 4171 Ego
3050 4098 3324 4156 Dominus
3372 4095 3620 4168 probans

2021 4190 2212 4261 corda,
2249 4199 2305 4247 et
2341 4201 2600 4248 scrutans
2648 4206 2853 4259 renes;
2895 4198 2957 4246 ut
3014 4192 3138 4248 dem
3193 4190 3502 4260 unicuique
3531 4203 3620 4243 se-

2020 4284 2265 4341 cundum
2295 4284 2415 4342 vias
2448 4300 2602 4354 suas,
2643 4295 2700 4342 et
2730 4284 3041 4342 secundum
3096 4286 3315 4342 fructus
3347 4285 3616 4341 adimen-

2019 4377 2233 4433 tionum
2283 4378 2557 4450 ipsorum.
2599 4398 2620 4433 ι
2935 4422 2938 4426 .

2089 4467 2289 4524 larem.
2319 4485 2372 4535 L,
2418 4468 2508 4524 29.
2544 4499 2611 4509 -α
2646 4487 2666 4521 ι
2709 4466 2869 4524 Sicut
2901 4465 3051 4534 fecit,
3083 4465 3252 4523 facite
3284 4465 3438 4522 illi...

403 4576 423 4609 ι
461 4558 621 4614 Κατὰ
653 4562 754 4625 τὰς
774 4563 928 4630 ὀδοὺς
950 4568 1134 4624 αὐτῶν
1159 4552 1605 4643 ποιήσω’-αὐτοῖς
1624 4619 1640 4646 ,
1671 4580 1764 4633 καὶ
1805 4581 1914 4645 τοῖς

2097 4559 2294 4616 Exeo/3.
2350 4576 2500 4626 xxrv,
2556 4562 2645 4617 M.
2674 4591 2742 4600 ——
2783 4579 2802 4614 ι
2843 4557 3162 4615 Secundum
3199 4558 3318 4614 vias
3369 4558 3618 4628 ipsorum

327 4649 598 4720 κρίμασιν
631 4653 814 4708 αὐτῶν
872 4657 1150 4730 ἐκδικήσω
1195 4663 1418 4733 αὐτοὺς,
1463 4667 1560 4721 καὶ
1612 4671 1916 4739 γνώσονται

325 4741 408 4796 ὅτι
437 4741 549 4811 έγὼ
573 4745 799 4817 Κύριος.
839 4765 858 4800 ι

410 4855 430 4888 ι
455 4837 533 4889 Δι’
563 4831 640 4893 ὧν
668 4856 754 4934 τις
785 4841 1118 4914 ἁμαρτάνει,
1148 4847 1239 4903 διὰ
1263 4849 1480 4924 τούτων
1520 4855 1868 4921 κολάζεται.ι

413 5033 434 5068 ι
464 5016 529 5069 Οί
559 5016 899 5086 φυλάξαντες
930 5024 1208 5098 ὁσιότητα,
1237 5030 1648 5106 ὀσιωθήσονται.
1681 5056 1698 5089 ι

418 5203 442 5241 ι
465 5191 558 5284 Μὴ
582 5193 728 5284 ποίει
770 5197 938 5263 κακὰ,
988 5199 1083 5254 καὶ
1107 5201 1169 5254 οὐ
1200 5203 1275 5275 μή
1325 5221 1386 5259 σε
1433 5209 1718 5284 καταλάϐῃ
1748 5215 1915 5271 κακά.

343 5282 644 5355 Ἀπόστηθι
671 5285 784 5341 ἀπὸ
811 5289 1024 5358 ἀδίκου,
1057 5293 1155 5347 καὶ
1182 5294 1401 5352 έκκλινε
1421 5300 1532 5355 ἀπὸ
1562 5282 1864 5376 ἁμαρτίας.
1892 5328 1911 5360 ι

407 5480 425 5512 ι
472 5461 681 5531 Ἄγαθά
706 5465 822 5528 τοῖς
861 5465 1092 5536 ἀγαθοῖς
1130 5469 1357 5545 ἐκτίσθη
1396 5474 1495 5528 ἀπ’
1529 5477 1740 5550 ἀρχῆς*
1774 5483 1918 5538 οὕτω

327 5558 442 5621 τοῖς
467 5558 813 5630 ἁμαρτωλοῖς
837 5564 1004 5618 κακά.
1047 5585 1066 5616 ι

406 5666 426 5700 ι
469 5649 677 5720 Ἀνδρα
709 5651 853 5707 κατά
884 5654 953 5708 τὰ
973 5655 1112 5726 ἔργα
1137 5659 1306 5715 αὑτοῦ
1335 5665 1532 5734 κρινεῖ,
1563 5665 1658 5722 καὶ
1687 5667 1916 5735 ἕκαστος

331 5745 474 5800 κατά
506 5745 642 5816 ἔργα
676 5748 843 5804 αὐτοῦ
876 5751 1119 5824 εὑρήσει.
1159 5774 1178 5807 ι

2028 4650 2230 4707 iaciam
2284 4652 2388 4719 eis,
2441 4660 2498 4710 et
2551 4652 2780 4725 iudiciis
2832 4653 3080 4724 ipsorum
3117 4652 3358 4709 ulciscar
3399 4666 3516 4718 eos,
3563 4659 3624 4706 et

2028 4754 2364 4816 cognoscent
2399 4745 2528 4817 quia
2557 4761 2661 4817 ego
2697 4745 2984 4802 Dominus.
3031 4764 3050 4798 ι

2102 4837 2233 4909 Sap.
2292 4855 2369 4907 xi,
2402 4839 2490 4896 16.
2525 4872 2595 4881 -
2628 4857 2646 4893 ι
2681 4837 2786 4896 Per
2813 4853 2939 4910 quae
2971 4838 3098 4910 quis
3133 4847 3346 4910 peccat,
3375 4853 3473 4909 per
3500 4837 3616 4892 haec

2027 4940 2083 4989 et
2119 4932 2370 5003 punitur.
2408 4951 2438 4986 ιη

2101 5025 2234 5096 Sap.
2265 5041 2342 5092 vr,
2382 5027 2468 5082 10.
2498 5059 2566 5069 --
2601 5045 2620 5079 ι
2652 5026 2758 5094 Qui
2803 5027 3131 5085 custodierit
3159 5028 3614 5096 sanctimoniam,

2029 5117 2491 5175 sanctiﬁcabitur.
2533 5141 2560 5173 »η

2099 5209 2270 5266 Ereti.
2304 5227 2400 5280 vn,
2432 5213 2486 5267 1.
2513 5245 2580 5254 -
2618 5232 2636 5268 ι
2671 5210 2792 5270 Noli
2827 5213 3013 5270 facere
3052 5213 3194 5268 mala
3217 5218 3257 5279 ,'
3296 5220 3350 5267 et
3394 5229 3508 5269 non
3561 5221 3619 5266 te

2028 5303 2461 5374 apprehendent.
2503 5305 2757 5362 Abscede
2799 5305 2869 5363 ab
2932 5305 3164 5376 injuste,
3214 5313 3268 5360 et
3319 5303 3540 5360 declina
3585 5319 3615 5357 a

2026 5405 2273 5466 peccato.
2311 5415 2331 5450 ›
3165 5401 3167 5404 ‘

2102 5486 2266 5544 Eccti.
2301 5504 2491 5556 xxxix,
2513 5490 2606 5547 25.
2637 5522 2710 5533 -
2750 5509 2769 5543 ι
2808 5490 2958 5548 Bona
2993 5491 3153 5546 bonis
3178 5498 3362 5546 creata
3393 5494 3520 5544 sunt
3543 5484 3614 5536 ab

2027 5577 2186 5634 initio
2220 5596 2232 5609 ·
2270 5586 2326 5634 et
2362 5579 2558 5636 eodem
2593 5581 2756 5638 modo
2789 5581 3176 5652 peccatoribus
3201 5579 3367 5635 mala.
3409 5597 3428 5628 ι

2103 5666 2267 5726 Eccli.
2299 5687 2408 5735 xvr,
2447 5671 2534 5727 12.
2578 5703 2646 5716 -
2679 5692 2698 5724 ι
2739 5671 3028 5729 Hominem
3081 5669 3386 5728 secundum
3441 5673 3606 5726 opera

2025 5777 2126 5818 sua
2178 5763 2488 5834 iudicabit;
2539 5774 2592 5820 et
2650 5765 3035 5836 unusquisque
3086 5755 3384 5818 secundum
3441 5755 3613 5804 actus

2005 5895 2014 5902 .
2037 5869 2170 5910 suos
2209 5853 2473 5911 inveniet.
2517 5874 2534 5907 ι
