4028 6396
439 366 582 434 1523

1637 376 1699 436 S.
1729 373 2053 437 JOANNIS
2091 373 2524 436 DAMASCENI

3585 372 3721 444 152l-

493 482 860 553 Eccti.xxvn,
893 484 988 551 29,
1010 483 1102 540 50.
1131 516 1197 526 —
1233 505 1252 537 ι
1286 483 1393 552 Qui
1426 484 1568 542 fodit
1603 485 1841 554 foveam,
1882 485 2001 542 inci-

2205 510 2224 542 ι
2269 490 2328 544 '0
2351 489 2603 561 ὀρύσσων
2650 488 2868 560 βόθρον,
2922 486 3304 561 ἐμπεο·ε”ίται’,ι
3331 488 3429 543 καὶ
3471 491 3503 543 ὁ
3552 489 3722 556 ἱστῶν

417 575 512 632 «let
539 577 595 631 in
623 585 754 633 'eam
785 593 801 631 :
833 578 1004 647 etqui
1035 579 1232 634 statuit
1264 579 1550 650 laqueum,
1577 581 1632 635 in
1653 593 1720 636 eo
1741 580 2009 651 capietur.

416 666 523 733 Qui
559 667 693 723 facit
725 670 890 733 mala,
923 669 980 724 in
1010 669 1093 726 eis
1123 670 1474 740 involvetur;
1505 687 1688 743 neque
1715 678 2016 743 cognoscet

418 760 564 815 unde
596 759 702 830 ipsi
735 761 982 816 venient.
1017 779 1036 814 ι

483 850 619 906 Luc.
642 867 720 918 vr,
755 851 846 916 57,
871 853 962 909 38.
985 881 1058 894 --
1084 869 1104 905 ι
1137 851 1320 914 Nolite
1351 853 1627 925 judicare,
1655 863 1711 909 et
1732 866 1846 908 non
1865 853 2016 923 judi-

413 945 679 1001 cabimini
709 961 725 1000 :
756 945 931 1001 nolite
955 946 1354 1013 condemnare,
1381 953 1437 1003 et
1471 961 1585 1002 non
1613 945 2017 1002 condemnabi—

413 1037 574 1092 minl.
618 1036 918 1104 Dimittite,
944 1047 1001 1093 et
1025 1038 1341 1094 dimittetur
1360 1039 1519 1095 vobis
1547 1057 1562 1094 :
1595 1037 1748 1106 date,
1774 1045 1832 1094 et
1857 1036 2020 1092 dabi-

414 1136 506 1183 tur
528 1130 707 1186 vobis.
735 1129 1054 1186 Mensuram
1075 1131 1298 1196 bonam,
1320 1135 1376 1186 et
1391 1128 1723 1197 confertam,
1747 1137 1802 1183 et
1829 1128 2018 1200 eoagi-

415 1230 609 1288 tatam,
628 1231 682 1278 et
707 1224 1189 1294 superemuentem
1215 1224 1430 1280 dabunt
1451 1223 1508 1279 in
1538 1223 1726 1278 sinum
1746 1229 2014 1279 vestram.

415 1316 532 1382 Qua
577 1315 742 1371 enim
806 1330 1064 1371 mensura
1110 1317 1289 1373 mensi
1365 1315 1631 1382 fueritis,
1689 1315 2017 1372 remetietur

414 1405 599 1460 vobis.
643 1423 662 1456 ι

485 1496 668 1554 Gatat.
701 1513 778 1565 ri,
807 1498 858 1565 7,
891 1499 943 1554 8.
964 1528 1034 1541 --
1059 1515 1078 1551 ε
1101 1497 1286 1556 Nolite
1311 1510 1522 1561 errare.
1558 1499 1703 1554 Dens
1734 1511 1845 1553 non
1884 1497 2016 1552 irri-

413 1588 598 1644 detur.
621 1589 756 1656 Quae
775 1591 928 1646 enim
966 1591 1322 1646 seminaverit
1359 1592 1546 1655 homo,
1581 1590 1702 1644 hac
1734 1597 1791 1645 et
1824 1595 2016 1644 metet.

413 1681 690 1748 Quoniam
747 1682 840 1753 qui
885 1682 1126 1738 seminat
1173 1684 1232 1739 in
1267 1697 1441 1739 carne
1493 1697 1617 1748 sua,
1653 1682 1726 1739 de
1755 1695 1930 1738 carne
1961 1688 2036 1736 et‘

414 1781 582 1829 metet
609 1773 1062 1844 corruptionem:
1096 1775 1190 1846 qui
1222 1781 1412 1831 autem
1445 1775 1690 1830 seminat
1713 1775 1768 1829 in
1787 1772 2010 1846 spiritu,

411 1865 480 1921 de
509 1865 706 1936 spiritu
741 1873 910 1921 metet
931 1867 1103 1920 vitam
1138 1874 1430 1924 aeternam.
1465 1884 1484 1920 ι
1599 1895 1610 1902 ~

481 1953 674 2024 Ephes‘.
709 1971 786 2022 νι,
815 1955 869 2011 8.
895 1981 968 1998 -ι
1001 1975 1020 2009 ι
1061 1956 1459 2030 Unusquisque
1487 1957 1870 2030 quodcunque
1903 1956 2006 2012 bo-

410 2065 544 2105 num
578 2049 794 2115 fecerit,
827 2049 933 2106 hoc
965 2049 1201 2122 recipiet
1247 2065 1278 2105 a
1318 2049 1575 2120 Domino,
1607 2050 1729 2106 sive
1778 2061 2006 2115 servus,

407 2141 528 2197 sive
562 2141 723 2198 liber.
755 2161 760 2166 “

479 2231 539 2287 S.
572 2231 881 2287 Basilii.—
910 2231 1066 2288 Bona
1114 2243 1210 2288 res
1264 2241 1352 2289 est
1399 2246 1530 2304 spes
1581 2231 2001 2288 misericordia.

405 2325 497 2379 Ait
521 2326 670 2379 enim
689 2342 709 2379 ι
737 2324 986 2379 Potestas
1027 2319 1128 2379 Dei
1172 2333 1274 2390 est,
1306 2335 1354 2381 et
1401 2325 1468 2379 ab
1498 2341 1561 2380 eo
1592 2325 2006 2389 misericordia;

405 2418 538 2487 quia
565 2427 622 2471 tu
655 2415 843 2472 reddes
873 2417 1159 2488 unicuique
1181 2417 1343 2487 juxta
1371 2433 1534 2488 opera
1553 2433 1654 2472 sua
1686 2416 1864 2488 (Psal.
1888 2432 2001 2484 ut,

407 2506 651 2578 12,15;

478 2599 601 2667 Qua
623 2613 877 2657 mensura
905 2605 1074 2657 mensi
1093 2602 1326 2673 fueritis,
1377 2601 1578 2674 inquit,
1621 2600 1808 2657 eadem
1838 2599 2004 2655 etiam
2040 2606 2042 2608 '

402 2691 712 2746 remetietur
757 2693 901 2746 vobis
937 2693 1159 2762 (Matth.
1205 2710 1312 2759 vn,
1356 2693 1438 2765 2).
1481 2694 1733 2750 Fratrem
1767 2709 2004 2764 oppres-

404 2782 766 2839 sisti‘tidem
803 2797 1092 2856 exspecta.
1143 2783 1478 2844 lnferiorum
1525 2787 1674 2842 bona
1721 2786 2005 2856 rapuisti?

401 2889 679 2946 pauperes
707 2877 912 2947 pugnis
939 2877 1289 2932 contudisti?
1317 2877 1628 2933 maledictis
1650 2875 2005 2948 proscidisti?

401 2968 760 3023 contumeliis
797 2969 1132 3037 aspersisti?
1171 2968 1327 3024 falsis
1385 2969 1738 3024 sermonibus
1771 2969 2004 3024 laesisti?

402 3057 606 3113 alienis
633 3059 790 3115 lectis
816 3060 1057 3116 insidias
1085 3059 1394 3116 struxisti?
1450 3058 1746 3130 pejerasti?
1774 3069 1995 3132 patrum

401 3147 676 3206 terminos
711 3153 1090 3209 transtulisti?
1127 3153 1182 3207 in
1234 3152 1576 3224 pupiliorum
1639 3153 1784 3209 bona
1840 3156 1996 3210 inva-

401 3243 574 3298 sisti.’
607 3244 809 3301 viduas
849 3246 1223 3317 oppressisti?
1267 3252 1596 3317 praesentem
1649 3248 1990 3318 voluptatem

398 3335 562 3392 bonis
579 3338 634 3392 in
670 3339 1072 3409 pollicitatione
1096 3340 1396 3396 reconditis
1414 3341 1688 3410 potiorem
1712 3340 1998 3396 habuisti?

397 3442 568 3498 pares
625 3432 777 3487 vices
828 3432 1174 3503 praestolare.
1223 3432 1426 3499 Qualia
1473 3433 1692 3502 quisque
1743 3434 1994 3504 seminat,

401 3519 586 3574 eadem
617 3530 667 3576 et
698 3531 855 3577 metet
918 3523 1126 3596 (ὅσιαι.
1169 3538 1246 3588 v1,
1288 3521 1365 3593 8).
1407 3522 1698 3577 Consimiii
1746 3523 1914 3578 modo
1948 3524 1997 3578 si

397 3613 530 3682 quid
565 3627 594 3667 a
626 3621 680 3670 te
718 3614 924 3670 faetum
961 3623 1046 3671 est
1081 3615 1249 3682 boni,
1291 3615 1460 3686 hujus
1497 3631 1721 3687 quoque
1768 3617 1998 3673 uberem

394 3706 707 3760 mercedem
749 3708 1090 3778 praestolare.

471 3795 637 3868 5M
667 3797 728 3852 S.
764 3797 918 3869 Greg.
951 3798 1206 3869 Nysscni.
1243 3829 1313 3840 —-
1340 3797 1563 3855 Justum
1593 3797 1691 3855 Dei
1722 3799 1996 3871 judicium

397 3887 795 3947 aﬂectionibus
842 3893 1050 3948 nostris
1108 3901 1454 3963 exsequatur.
1508 3892 1576 3947 Et
1595 3895 1824 3965 .,..qualia
1863 3903 1995 3950 sunt

395 3997 519 4052 qua:
549 3985 912 4054 gesserimus.
952 3985 1081 4040 talia
1106 3987 1268 4042 nobis
1303 3986 1713 4056 rependuntur.
1753 3986 1998 4045 Necesse

395 4083 483 4130 est
536 4076 687 4134 enim
743 4076 800 4132 id
833 4091 1112 4148 quemque
1147 4085 1356 4133 metere
1397 4078 1542 4147 quod
1575 4078 1933 4135 seminaverit
1976 4097 1990 4132 :

396 4174 580 4238 neque
606 4169 768 4226 aliter
793 4171 911 4227 ﬁeri
943 4179 1150 4243 potest.
1191 4173 1393 4228 Semen
1430 4187 1600 4243 porro
1627 4182 1713 4230 est
1750 4175 1994 4243 humana

394 4262 692 4329 volunts;
746 4264 946 4320 messis
987 4273 1200 4328 autem,
1245 4280 1461 4323 merces
1487 4265 1615 4337 quae
1656 4265 1788 4322 huic
1819 4267 1992 4323 animi

396 4352 708 4410 inductioni
741 4356 1095 4426 persolvitur.

467 4447 698 4519 Dignam
723 4458 969 4506 semente
1000 4463 1238 4506 messem
1271 4449 1434 4506 facis.
1456 4449 1830 4507 Acerbitatem
1860 4465 1990 4507 cru-

397 4539 792 4611 uelitatemque
829 4542 1018 4598 scvisti
1055 4561 1073 4598 :
1108 4542 1275 4598 modo
1313 4543 1630 4613 manipulos
1667 4545 1886 4615 collige.

394 4647 532 4708 ΤΙΤ.
572 4651 667 4708 Χῐ.
704 4686 770 4694 -
805 4653 884 4709 De
914 4653 1172 4725 felicitate
1196 4662 1244 4708 et
1272 4653 1591 4721 infelicitate
1619 4671 1640 4709 :
1661 4663 1709 4708 et
1739 4654 1880 4725 quod
1897 4669 1993 4708 nec

463 4725 529 4778 ob
577 4741 857 4796 prosperos
911 4741 1186 4796 successus
1229 4725 1411 4794 efferri
1455 4727 1740 4796 quicquam
1772 4725 1988 4790 debeat,

463 4811 560 4850 nec
588 4797 652 4850 ob
686 4795 934 4851 adversos
961 4795 1190 4851 demitti.

465 4908 623 4964 Prov.
661 4927 793 4975 xxx,
831 4909 886 4976 8,
917 4909 974 4964 9.
1007 4941 1079 4951 —
1107 4927 1127 4960 ι
1155 4908 1392 4964 Divitias
1417 4917 1471 4965 et
1502 4916 1882 4980 paupertatem
1921 4923 1993 4964 ne

395 5001 615 5058 dederis
645 5002 806 5065 mihi,
839 5001 937 5058 sed
964 5003 1247 5059 constitue
1274 5001 1408 5057 mihi
1435 5003 1752 5059 necessaria
1789 5012 1845 5059 et
1870 5001 1988 5059 suf-

397 5095 663 5163 ﬁcientia,
692 5110 762 5151 ne
785 5095 929 5151 forte
961 5095 1198 5152 satiatus
1227 5095 1428 5150 illiciar
1456 5096 1523 5152 ad
1559 5097 1898 5167 negandum,
1934 5104 1991 5154 et

395 5188 578 5243 dicam
613 5207 628 5243 :
671 5187 806 5254 Quis
847 5203 936 5244 me
984 5189 1184 5246 videt?
1212 5196 1307 5244 aut
1349 5197 1596 5260 egestate
1637 5191 1987 5261 compulsus,

393 5279 567 5345 furer,
596 5288 651 5335 et
680 5279 957 5351 perjurem
993 5295 1193 5337 nomen
1228 5281 1464 5338 Domini.
1509 5300 1529 5336 ι

465 5371 634 5426 Eccti.
667 5389 744 5437 ιι,
785 5372 880 5427 25.
905 5405 975 5415 —-
1001 5393 1020 5425 ι
1059 5374 1116 5428 1η
1149 5374 1239 5430 die
1269 5375 1541 5429 bonorum
1579 5386 1650 5428 ne
1676 5375 1752 5430 sis
1790 5374 1988 5432 imme—

393 5478 517 5520 mor
541 5466 813 5521 malorum
842 5484 855 5520 :
889 5473 944 5522 et
969 5467 1026 5522 in
1055 5465 1146 5522 die
1176 5467 1448 5522 malorum
1471 5480 1543 5522 ne
1575 5465 1658 5521 sis
1693 5465 1989 5524 immemor

392 5555 686 5612 bonorum.

462 5651 636 5710 Ecsli.
679 5668 838 5717 xvm,
878 5653 971 5720 25,
1001 5652 1143 5708 9.-
1168 5671 1188 5706 ι
1221 5653 1495 5712 Memento
1525 5659 1798 5729 temporis
1823 5657 1986 5715 famis

395 5746 452 5800 ir.
482 5754 734 5819 tempore
763 5748 1156 5807 abundantiae:
1182 5759 1238 5806 et
1266 5751 1620 5807 necessitatis
1645 5761 1700 5806 et
1744 5767 1986 5822 pauper-

397 5835 528 5891 tatis
549 5835 608 5893 in
633 5837 835 5896 diebus
858 5839 1200 5896 divitiarum.
1235 5838 1276 5894 Δ
1309 5854 1472 5896 mane
1505 5855 1680 5901 usuue
1703 5842 1772 5898 ad
1791 5860 1984 5918 vespe-

2119 581 2350 653 παγίδα,
2390 583 2452 636 ὲν
2487 582 2627 654 αὐτῇ
2677 578 2972 637 ἁλώσεται.
3031 582 3093 635 '0
3131 580 3303 636 ποιῶν
3354 583 3717 660 πονηρὰηεξς

2118 676 2262 732 αὐτὰ
2291 674 2777 748 ὲγκυλισθήσεται,
2807 676 2902 729 καὶ
2931 676 2993 729 οὐ
3017 675 3096 748 μὴ
3128 673 3338 746 ὲπιγνῷ
3379 673 3548 730 πόθεν
3587 674 3716 746 ἥκει

2119 787 2289 838 αυτῳ.
2333 787 2353 821 ›

2199 883 2218 915 ι
2243 862 2337 934 Μὴ
2371 862 2623 933 κρίνετε,
2665 861 2765 916 καὶ
2810 860 2982 932 οὐ-ᾳὴ
3013 860 3274 932 κρισῆτν
3309 858 3388 932 μὴ
3415 856 3716 914 καταδικά-

2119 954 2264 1020 ζετε,
2301 955 2394 1009 καὶ
2421 953 2482 1007 οὐ
2511 954 2588 1025 μὴ
2617 950 3083 1023 καταδικασθῆτε.
3124 949 3440 1015 Ἀπολύετσ,
3460 950 3558 1004 καὶ
3573 950 3715 1005 ἁπο-

2119 1047 2442 1122 λυθήσεσθε.
2473 1047 2678 1112 Δίδοτε,
2706 1047 2803 1100 καὶ
2835 1045 3126 1118 δοθήσεται
3157 1045 3308 1116 ὑμῖν.
3351 1043 3570 1114 Μέτρον
3607 1059 3716 1096 κα-

2119 1138 2232 1205 λὸν,
2256 1137 2652 1210 πεπιεσμένον,
2693 1137 2787 1194 καὶ
2809 1133 3244 1207 σεσαλευμένον,
3281 1134 3377 1188 καὶ
3404 1131 3718 1202 ὑπερεκχυ-

2119 1232 2346 1304 νόμενον
2381 1232 2648 1287 δώσουσιν
2674 1231 2757 1296 εἰς
2793 1228 2888 1284 τὸν
2926 1227 3131 1282 κόλπον
3151 1227 3328 1298 ὑμῶν.
3371 1218 3446 1297 '9
3473 1224 3585 1296 γὰρ
3620 1221 3718 1294 μέ-

2121 1341 2236 1397 τρῳ
2263 1327 2538 1396 μετρεῖτε,
2563 1317 3100 1394 ἀντιμετρηθήσεται
3131 1319 3283 1389 ὑμῖν.
3329 1335 3350 1370 ι

2199 1521 2217 1554 ι
2250 1501 2344 1573 Μὴ
2383 1497 2696 1555 πλανᾶσθε·
2739 1496 2874 1561 Θεὸς
2919 1493 2983 1550 οὗ
3024 1491 3448 1567 μυκτηρίζεται.
3493 1489 3563 1544 Ὃ
3601 1486 3719 1560 γὰρ

2120 1593 2218 1648 ὲὰν
2263 1593 2466 1665 σπείρῃ
2520 1591 2835 1663 ἄνθρωπος,
2887 1589 3049 1641 τοῦτο
3087 1583 3187 1639 καὶ
3230 1581 3460 1652 θερίσει.
3514 1579 3644 1634 Ὅτι
3684 1580 3719 1632 ὁ

2122 1685 2368 1756 σπείρων
2399 1685 2482 1746 είς
2509 1682 2608 1754 τὴν
2631 1681 2814 1754 σάρκα
2845 1676 3069 1742 ἑαυτοῦ,
3095 1675 3164 1729 ὲκ
3193 1675 3295 1744 τῆς
3327 1669 3535 1745 σαρκὸς
3561 1670 3719 1741 θερί-

2124 1792 2209 1832 σει
2247 1775 2492 1850 φθορὰν·
2532 1776 2562 1829 ὁ
2605 1773 2665 1827 δὲ
2704 1771 2949 1844 σπείρων
3001 1770 3084 1834 είς
3128 1765 3192 1820 τὸ
3223 1762 3470 1834 πνεῦμα,
3517 1762 3587 1816 ὲκ
3615 1759 3717 1814 τοῦ

2044 1840 2088 1896 Β
2114 1840 2428 1938 πνεύματος
2454 1865 2664 1936 θερίσει
2693 1840 2849 1934 ζωὴν.
2874 1859 3117 1916 αἰώνιον.
3153 1876 3174 1911 ι

2190 1978 2210 2012 ι
2243 1959 2520 2020 Ἕκαστος
2541 1955 2572 2009 δ
2597 1955 2696 2010 ἐὰν
2723 1953 2929 2026 ποιήσῃ
2951 1950 3161 2021 ἀγαθὸν
3180 1991 3198 2018 ,
3232 1945 3397 2004 τοῦτο
3433 1943 3717 2016 κομιεῖται

2111 2049 2266 2120 παρὰ
2299 2047 2530 2119 Κυρίου,
2562 2045 2675 2100 εἴτε
2703 2043 2914 2110 δοῦλος,
2939 2042 3054 2096 εῐτε
3085 2039 3394 2112 ἐλεύθερος.
3434 2054 3455 2088 ι

2192 2243 2426 2313 Ἀγαθὸν
2459 2242 2616 2307 ἐλπὶς
2661 2240 2758 2296 τοῦ
2809 2239 3018 2304 ἐλέους.
3080 2237 3156 2294 Τὸ
3206 2233 3322 2308 γὰρ
3353 2233 3574 2305 κράτος
3601 2233 3713 2288 τοῦ

2111 2337 2284 2401 Θεοῦ,
2328 2336 2429 2391 καί
2477 2334 2616 2404 παρ’
2655 2333 2845 2388 αὑτοῦ
2883 2331 2954 2387 τὸ
2979 2331 3187 2398 ἕλεοςο
3216 2329 3310 2387 ὅτι
3349 2329 3434 2384 σὺ
3471 2327 3712 2384 ἀποδώ-

2107 2446 2238 2497 σεις
2260 2428 2498 2496 ἑκάστῳ
2525 2427 2680 2483 κατὰ
2706 2426 2781 2481 τὰ
2809 2427 2954 2497 ἔργα
2978 2424 3192 2480 αὑτοῦ.

2178 2602 2256 2681 Ὦ
2281 2607 2499 2680 μέτρῳ,
2539 2605 2700 2680 φησι.
2719 2605 3007 2676 μετρεῖτε.
3043 2600 3489 2674 μετρηθήσεται
3535 2596 3707 2669 ὑμῖν.

2109 2701 2379 2772 Ἔθλιψας
2418 2699 2515 2755 τὸν
2547 2697 2820 2770 ἀδελφόνς
2860 2696 3085 2767 ὲκδέχου
3129 2693 3191 2748 τὸ
3221 2689 3364 2750 ἴσον.
3403 2693 3709 2763 Ἥρπασας

2102 2795 2174 2852 τὰ
2223 2794 2338 2850 τῶν
2389 2793 2834 2864 ὑποδεεστέρων;
2901 2785 3363 2850 κατεκονδύλισας
3417 2782 3706 2854 πένηταςς

2105 2886 2456 2958 κατῄσχυνας
2474 2887 2534 2939 ἐν
2548 2882 2874 2954 λοιδορίαις;
2908 2879 3394 2950 ὲσυκοφὰντησας;
3427 2873 3706 2946 κατεψεύ-

2106 2993 2220 3042 σω;
2247 2973 2552 3044 ἀλλοτρίοις
2578 2971 2987 3034 ἐπεϐούλευσας
3026 2968 3260 3040 γάμοις;
3299 2965 3706 3037 ὲπιώρκησας;

2101 3069 2227 3141 ὅρια
2257 3066 2514 3140 πατέρων
2546 3065 2893 3137 assiduitas;
2925 3063 3207 3134 κτήμασιν
3244 3058 3504 3132 ὀρφανῶν
3529 3057 3706 3130 ὲπῆλ-

2026 3193 2071 3256 c
2107 3161 2200 3225 θες
2223 3179 2238 3229 ;
2269 3162 2448 3232 χήρας
2474 3157 2804 3229 ὲξέθλιψας;
2831 3157 2933 3227 τὴν
2959 3153 3248 3227 παροῦσαν
3270 3151 3468 3223 ἡδονὴν
3492 3149 3605 3256 rei»):
3639 3151 3702 3205 ὲν

2103 3252 2466 3323 Εὐαγγελίοις
2513 3250 2739 3321 ἀγαθῶν
2771 3249 3184 3322 προετίμησαςς
3237 3244 3463 3316 ὲκδέχου
3491 3242 3703 3298 τούτων
3756 3270 3766 3275 -

2100 3346 2199 3418 τὴν
2214 3347 2334 3402 ἀντι
2342 3345 2516 3416 μέτρη
2525 3360 2629 3398 σιν.
2649 3337 2757 3396 Οἷα
2773 3340 2881 3412 γὰρ
2899 3339 3135 3409 σπείρει
3158 3337 3437 3403 ἕκαστος,
3453 3334 3706 3390 τοιαῦτα

2101 3435 2201 3493 καὶ
2252 3435 2496 3504 θερίσει.
2542 3434 2651 3490 Καὶ
2696 3433 2746 3486 εί
2794 3432 2894 3504 μέν
2936 3448 2990 3485 τι
3044 3428 3153 3486 τῶν
3199 3426 3423 3498 ἀγαθῶν
3483 3426 3705 3496 πέπρα-

2101 3530 2229 3582 κταί
2252 3545 2355 3594 σοι,
2389 3527 2662 3584 κάκείνων
2692 3525 2918 3594 ὲκδέχου
2941 3521 3333 3586 πολυπλασίως
3359 3519 3462 3586 τὰς
3490 3517 3703 3575 ἀντιδό-

2101 3639 2236 3687 σεις.

2099 3804 2117 3825 "‘
2183 3801 2248 3855 'H
2282 3798 2378 3853 τοῦ
2411 3797 2550 3853 Θεοῦ
2584 3795 2960 3869 δικαιοκρισία
2981 3797 3101 3859 ταῖς
3123 3791 3426 3866 ἡμετέραις
3455 3787 3705 3845 διαθέσε-

2101 3913 2187 3952 σιν
2242 3891 2608 3965 ἐξομοιοῦται,
2659 3891 2756 3946 καὶ
2813 3886 3014 3960 οἷάπερ
3069 3887 3138 3944 ἂν
3169 3887 3240 3941 τὰ
3274 3887 3406 3958 παρ’
3445 3883 3608 3955 ἡμῶν
3641 3878 3702 3958 ᾗ,

2097 3987 2326 4043 τοιαῦτα
2371 3987 2508 4057 ἡμῖν
2554 3987 2620 4039 ὲκ
2659 3983 2769 4037 τῶν
2806 3981 3015 4053 ὁμοίων
3061 3978 3520 4049 ἀντιπαρέχεται.
3575 3974 3704 4046 Χρὴ

2096 4081 2208 4152 γὰρ
2259 4079 2479 4143 πάντως
2528 4075 2747 4148 θερίσαι
2798 4074 2925 4132 τινὰ
2968 4075 3114 4145 ἅπερ
3162 4071 3443 4142 ἔσπειρεν,
3469 4066 3570 4123 καὶ
3595 4066 3703 4121 οὐκ

2096 4173 2246 4229 ἔστιν
2274 4171 2475 4233 ἄλλως.
2514 4168 2703 4241 Σπορᾶ
2732 4167 2778 4221 δ’
2812 4165 2962 4220 ἐστὶν
2996 4166 3030 4235 ἡ
3062 4162 3386 4232 ἀνθρωπίνη
3432 4158 3702 4232 προαίρε-

2097 4281 2183 4329 σις
2203 4279 2216 4295 ·
2240 4263 2401 4336 Θέρος
2427 4262 2507 4328 δὲ,
2537 4262 2571 4333 ή
2599 4261 2693 4315 ἐπὶ
2719 4257 3048 4330 προαιρέσει
3076 4253 3479 4324 ,ἀνταπόδοσιᾳ

2169 4447 2354 4514 Ἀξιόν
2396 4464 2480 4501 σοι
2511 4446 2615 4517 τῆς
2658 4445 2870 4517 σπορᾶς
2898 4443 2963 4498 τὸ
3000 4442 3182 4515 θέρος.
3223 4439 3466 4512 Πικρίαν
3501 4438 3701 4494 ἔσπει-

2027 4543 2071 4608 !)
2102 4557 2225 4614 ρας,
2255 4540 2458 4612 δρέπου
2491 4537 2563 4594 τὰ
2587 4538 2902 4610 δράγματα.

2101 4653 2288 4709 ΤΙΤΛ.
2325 4653 2429 4717 lA‘.
2457 4680 2523 4691 -—
2551 4650 2695 4720 Πῳὶ
2725 4649 3079 4720 εὐπραγίας,
3120 4645 3224 4702 καὶ
3246 4644 3700 4720 ῌδυσπραγίαςο

2153 4724 2275 4779 καὶ
2297 4715 2485 4777 ὅτιοὺ
2507 4715 2648 4791 χρῆ
2667 4715 3024 4791 suam—saliat
3059 4719 3130 4772 ὲν
3168 4715 3701 4791 ταῖς-εὐπραγίαις,

2171 4794 2272 4849 καί
2298 4787 2758 4849 συστέλλεσθαι
2786 4787 2858 4846 ἐν
2890 4789 2967 4860 τῇ
3001 4787 3372 4858 δυσπραγίᾳ.

2179 4925 2198 4958 ι
2237 4903 2480 4959 Πλοῦτον
2509 4903 2607 4957 καὶ¹
2639 4901 2862 4956 πενίαν¹
2885 4900 2960 4972 μή
3020 4917 3113 4972 μοι
3145 4897 3253 4969 δῷς
3273 4913 3290 4931 ο
3345 4893 3613 4961 σύνταξον
3638 4895 3700 4949 δέ

2103 5014 2195 5068 μοι
2229 4996 2302 5050 τὰ
2352 4996 2546 5051 δέοντα
2593 4994 2693 5051 καὶ
2750 4993 2821 5048 τὰ
2850 4993 3130 5063 αὐταρκῆ,
3162 4992 3250 5045 ἴνα
3282 4989 3362 5062 μὴ
3406 4986 3697 5060 πλησθεὶς,

2097 5089 2302 5160 ψευδὴς
2334 5088 2608 5160 γένωμαι,
2633 5089 2728 5142 καὶ
2758 5087 2919 5153 εἴπω,
2958 5085 3057 5150 Τίς
3097 5101 3164 5155 με
3197 5085 3336 5154 ὁρᾷ;
3362 5081 3397 5152 ἢ
3433 5079 3698 5152 πενηθεὶς

2098 5185 2306 5257 κλέψω,
2332 5183 2429 5240 καὶ
2453 5184 2642 5255 ὀμόσω
2660 5182 2722 5240 τὺ
2750 5181 2927 5252 ὄνομα
2949 5179 3048 5236 τοῦ
3077 5178 3239 5237 Θεοῦ.
3279 5197 3298 5229 ι

2169 5388 2189 5420 ε
2240 5367 2328 5422 Ἐν
2383 5367 2570 5440 ἡμέρᾳ
2619 5364 2846 5436 ἀγαθῶν
2909 5363 2984 5435 μὴ
3031 5359 3435 5433 ἀμνημονήσῃς
3480 5356 3698 5419 κακῶν,

2096 5460 2192 5517 καὶ
2220 5460 2282 5516 ἐν
2313 5460 2501 5534 ἡμέρᾳ
2531 5458 2746 5526 κακῶν,
2777 5456 2856 5531 μὴ
2875 5455 3280 5530 ἀμνημονήσῃς
3303 5451 3553 5523 ἀγαθῶν.
3598 5467 3620 5504 ε

2170 5678 2191 5713 ι
2228 5629 2519 5732 Μνήσθητι
2557 5657 2753 5731 καιρὸν
2799 5655 2961 5728 λιμοῦ
3006 5657 3065 5710 ὲν
3109 5653 3290 5726 καιρῷ
3329 5651 3683 5724 πλησμονῆς·

2096 5752 2376 5823 πτωχείαν
2395 5753 2489 5806 καὶ
2518 5752 2730 5807 ἔνδειαν
2753 5751 2810 5806 ὲν
2832 5751 3018 5823 ἡμέρᾳ
3039 5749 3293 5803 πλούτου.
3312 5745 3692 5817 Ἀποπρωῒθεν

2097 5846 2204 5911 ἕως
2221 5845 2460 5917 ἑσπέρας
2478 5845 2777 5918 μεταϐαλεῖ
2793 5844 3005 5915 καιρός’
3031 5843 3124 5899 καὶ
3142 5842 3322 5897 πάντα
3345 5840 3466 5916 ἐστὶ
3493 5837 3688 5910 ταχινὰ
