4028 6398
270 439 409 507 1529

1470 430 1708 493 SACRA
1743 425 2213 489 PARALLELA.

3411 406 3546 472 1530

263 555 620 627 πράγμαση·
674 548 814 604 ἀλλά
851 549 974 605 τότε
1010 549 1106 603 καὶ
1163 549 1324 602 πλέον
1372 550 1717 622 εὐχαριστεῖν
1749 549 1849 613 δεῖ,

1971 546 2116 602 lestis
2149 542 2453 600 conticere.
2485 540 2600 595 lmo
2632 551 2764 595 vero
2805 545 2920 590 tum
2975 531 3274 604 ampliores
3323 541 3547 598 quoque

265 645 499 709 εἰδότας,
523 643 607 696 ὅτι
637 643 711 696 ὃν
735 640 941 711 ἁγαπᾷ
970 643 1206 710 Κύριος,
1247 641 1537 711 παιδεύει,
1568 641 1861 713 μαστιγοῖ

266 736 335 791 δὲ
351 732 555 789 πάντα
577 733 735 798 υἱὸν,
768 733 842 786 ὃν
876 731 1300 802 παραδέχεται.

340 913 526 984 Τάφος
557 910 860 978 διαδέξεται
883 910 944 966 τὸ
981 911 1082 983 τῆς
1104 910 1264 982 δόξης
1291 909 1464 974 τέλος.

339 1099 551 1170 Ὥσπερ
574 1097 959 1170 ἀπειροκάλων
985 1097 1055 1151 τὸ,
1077 1096 1198 1150 λίαν
1234 1094 1558 1168 ἐπαίρεσθαι
1597 1095 1718 1158 ταῖς
1755 1094 1846 1146 se-

265 1191 651 1261 σπλαγχνίαις,
692 1190 869 1254 οὕτως
918 1189 1203 1260 ἀνάνδρων
1245 1189 1306 1242 τὸ
1351 1188 1762 1259 καταπτήσσειν
1790 1188 1848 1241 ἐν

265 1287 377 1348 τοῖς
410 1281 773 1355 πταίσμασιν.
821 1281 1000 1350 Ὀξεῖα
1039 1280 1150 1352 γὰρ
1181 1280 1238 1334 ἐν
1271 1279 1607 1350 ἀμφοτέροις
1642 1280 1676 1350 ἠ
1709 1295 1876 1350 μετα-

266 1378 421 1449 ὁολή.

335 1468 608 1540 Καθάπερ
645 1467 777 1522 ἴδιόν
805 1467 921 1522 ἐστι
952 1465 1045 1521 τοῦ
1074 1465 1251 1536 φωτὸς
1270 1468 1334 1520 τδ
1360 1464 1638 1538 φωτίζειν,
1674 1462 1848 1528 οὕτως

268 1563 398 1616 ῑδιον
426 1560 566 1615 Θεοῦ
604 1560 665 1613 τὸ
717 1561 890 1614 ἐλεεῖν
943 1561 1040 1614 καὶ
1061 1557 1358 1630 οἰκτείρειν
1387 1560 1456 1612 τά
1491 1559 1668 1611 οἰκεῖα
1694 1558 1851 1628 ποιή-

269 1671 434 1724 ματα.
509 1652 816 1722 Ἐλεήμων
867 1652 977 1722 γὰρ
1025 1651 1126 1704 καὶ
1170 1650 1487 1720 οἰκτίρμων
1530 1651 1562 1702 ό
1609 1649 1846 1716 Κύριος,

266 1744 408 1797 κατά
461 1744 564 1814 τὴν
613 1743 799 1814 φωνὴν
846 1742 1033 1798 Δαόίδ.
1090 1742 1245 1812 Μήτε
1278 1737 1370 1796 οὖν
1397 1739 1672 1811 ἀπογνῷς,
1711 1740 1848 1812 μήτε

266 1841 588 1912 καταφρονή
597 1855 716 1910 σῃς.

336 2018 567 2074 Πάντων
600 2035 695 2072 σου
719 2018 828 2072 τῶν
859 2018 1208 2090 πραγμάτων
1234 2019 1735 2090 κατευοδουμὲνων,
1763 2019 1853 2074 ἐκ·

265 2109 420 2178 δέχου
451 2108 783 2182 μεταϐολήν.
809 2110 921 2165 Καὶ
950 2110 1113 2164 πάλιν
1133 2111 1238 2164 ὑπὸ
1259 2111 1684 2182 ἀπροσδοκήτων
1714 2129 1853 2182 συμ-

265 2199 448 2272 φορῶν
489 2200 880 2272 κυκλούμενος,
931 2199 1207 2272 φαντάζου
1262 2201 1332 2256 τά
1365 2201 1611 2275 χρηστὰ,
1652 2201 1747 2256 καὶ
1783 2200 1851 2255 τὰ

265 2306 297 2342 κ
303 2306 361 2359 ρε
369 2289 576 2345 ίττονα.

331 2382 407 2434 Οὐ
443 2380 556 2453 χρὴ
611 2381 904 2453 δυσφορεῖν
946 2382 1040 2436 ἐπὶ
1086 2384 1200 2444 τοῖς
1245 2379 1658 2452 συμϐαίνουσιν,
1712 2380 1850 2436 ἀλλὰ

265 2473 467 2544 μᾶλλον
484 2473 774 2544 ἐπιθυμεῖν
801 2473 895 2528 ἐπὶ
913 2475 1036 2536 ταῖς
1060 2472 1283 2537 πολλαῖς
1305 2473 1540 2544 θλίψεσι.
1562 2472 1662 2527 Διά
1688 2471 1849 2526 τοῦτο

261 2567 389 2635 γὰρ,
427 2565 620 2636 φησιν,
655 2564 857 2636 tanta
907 2583 967 2619 σε
1014 2565 1112 2620 καὶ
1162 2564 1575 2636 ἐλιμαγχόνησά
1626 2581 1709 2628 σε,
1759 2564 1847 2616 ἵνα

259 2655 554 2728 ψωμισθῇς
584 2656 645 2710 τὸ
677 2657 855 2728 μάννα
897 2657 1001 2728 τῆς
1023 2657 1302 2728 γνώσεως,
1344 2658 1439 2712 καὶ
1484 2655 1570 2710 ἐπ’
1601 2654 1848 2727 ἐσχάτων

259 2744 317 2802 εὖ
349 2753 412 2800 σε
454 2749 690 2818 ποιήσω.

336 2840 394 2894 '0
419 2839 532 2893 τῶν
549 2839 859 2914 ἀνθρώπων
886 2840 1002 2912 βίος
1021 2841 1376 2912 ὁμοιούμενος
1399 2840 1649 2910 πελάγει,
1676 2857 1848 2911 κυμα-

258 2931 453 2998 τώσεις
485 2933 580 3016 καὶ
618 2933 861 3005 στροφὰς
911 2934 1178 2998 παντοίας
1209 2934 1587 3006 προσδέχεται,
1616 2933 1760 2988 κατά
1785 2949 1847 2986 τε

259 3025 567 3098 εὐπραγίας
599 3027 697 3080 καὶ
725 3025 1132 3098 κακοπραγίας.
1157 3027 1398 3098 ’Ἰδρυται
1423 3028 1532 3096 γὰρ
1560 3026 1715 3080 οὐδὲν
1736 3027 1846 3081 τῶν

267 3117 533 3188 γηγενῶν,
566 3117 705 3172 ἀλλά
733 3115 836 3172 ὧδε
868 3118 1095 3171 κάκεῖσε
1121 3118 1443 3188 διαφέρεται
1462 3161 1478 3182 ,
1512 3116 1602 3173 οἷα
1633 3118 1846 3189 σκάφος

258 3207 591 3265 θαλαττεὼν
619 3210 714 3265 ὑπ’
749 3209 1010 3266 ἐναντίων
1033 3209 1396 3283 πραγμάτων.

259 3392 445 3476 Tl'l‘A.
476 3393 582 3476 ID'.
600 3395 826 3476 -τ-Περί
853 3394 1145 3476 εὐθητςίας
1164 3393 1264 3476 καὶ
1291 3393 1607 3476 εὐπορίας·
1639 3392 1854 3476 καλὸτι

324 3464 560 3590 ῗὲἔῖἷς
589 3461 900 3535 εὐπορίαις
939 3463 1108 3534 φιλεῖ
1154 3464 1229 3518 τὰ
1271 3461 1666 3534 ἁμαρτήματα
1689 3462 1855 3534 τινε-

333 3669 352 3701 (
389 3647 647 3718 Ἐφαγεν
697 3646 916 3714 Ἰακὼϐ,
949 3647 1048 3702 καὶ
1076 3645 1410 3720 ἐνεπὶήσθη,
1435 3647 1532 3703 καὶ
1553 3647 1852 3704 ἀπελάκτι-

263 3759 349 3797 σεν
375 3745 406 3797 ὁ
435 3741 820 3812 ήγαπημένος.
864 3759 885 3793 ι

333 3853 356 3886 ‹
393 3832 597 3902 Φαγὼν
631 3831 730 3886 καὶ
756 3832 1147 3904 -ἐμπλησθεὶς,
1208 3832 1446 3907 πρόσεχε
1481 3835 1722 3907 σεαυτῷ,
1777 3835 1853 3908 μὴ

259 3924 498 3997 ἐπιλάθῃ
525 3922 736 3996 Κυρίου
763 3924 860 3980 τοῦ
884 3925 1022 3980 Θεοῦ
1051 3943 1169 3982 σου.
1205 3945 1224 3978 ι

332 4129 351 4161 ι
382 4109 480 4180 Μὴ
532 4107 747 4179 φαγὼν,
788 4109 882 4164 καὶ
935 4109 1296 4182 ἐμπλησθεὶς,
1347 4111 1441 4164 καὶ
1467 4110 1644 4175 οἰκίας
1679 4113 1853 4179 καλάς

259 4201 650 4272 οἰκοδομήσας,
703 4201 798 4254 καί
848 4205 1189 4274 κατοικήσας
1242 4203 1300 4257 ἐν
1340 4204 1554 4270 αὐταῖς,
1609 4206 1852 4260 καὶτῶν

262 4291 554 4361 προϐάτων
591 4310 710 4356 σου,
749 4293 845 4347 καὶ
872 4295 983 4348 τῶν
1003 4295 1144 4365 βοῶν
1169 4314 1265 4350 σου
1290 4295 1728 4367 πληθυνθέντων,
1753 4299 1852 4369 ἀρα

262 4383 456 4454 γυρίου
487 4384 586 4437 καὶ
624 4384 856 4456 χρυσίου
896 4385 1320 4456 πληθυνθέντων
1359 4405 1464 4454 σοι,
1512 4388 1588 4459 μὴ
1630 4389 1853 4462 ὑψωθῇς

259 4472 318 4526 ἐν
349 4475 422 4544 τῇ
454 4473 655 4544 καρδίᾳ
689 4489 805 4530 σου.
839 4492 860 4524 ι

1959 640 2168 711 gratias
2199 651 2362 707 agere
2394 634 2683 697 debemus,
2721 630 2854 685 illud
2881 627 3228 698 exploratum
3254 621 3543 688 habentes,

1958 729 2105 800 quod
2141 736 2296 799 quem
2333 725 2474 780 Deus
2513 732 2683 785 amat,
2724 723 2862 774 hunc
2912 719 3159 788 castigat,
3209 724 3260 769 et
3307 711 3543 784 ﬂagellat

1956 837 2162 878 omnem
2182 819 2355 888 ﬁlium
2392 833 2546 888 quem
2572 815 2771 882 recipit
2795 811 2984 883 (Hebr.
3020 825 3118 874 xu,
3152 807 3232 879 6).

2023 911 2082 968 S.
2105 905 2687 981 Cltrysost.—Glori33
2729 902 2892 957 ﬁnem
2924 899 3172 954 tumulus
3205 903 3541 964 excepturus

1951 1011 2056 1060 εει.

2020 1091 2257 1159 Iosephi.
2296 1121 2360 1130 —
2391 1084 2869 1154 Quemadmodum
2912 1080 3221 1150 ineptorum
3250 1073 3535 1131 hominum

1948 1193 2035 1242 est
2051 1183 2220 1239 rebus
2252 1181 2514 1252 praeclare
2543 1177 2716 1249 gestis
2745 1171 3096 1246 gloriari,sic
3130 1177 3184 1224 et
3218 1166 3564 1240 ignavorum

1949 1275 2265 1331 est'erratis
2299 1267 2672 1326 consternari.
2741 1264 2911 1321 Velox
2967 1261 3116 1319 enim
3167 1260 3224 1314 in
3289 1258 3539 1327 utrisque

1949 1367 2184 1422 mutatio
2215 1372 2321 1422 est.

2021 1457 2081 1514 S.
2109 1456 2251 1514 Nili.
2283 1488 2354 1499 —
2383 1450 2860 1523 Quemadmodum
2919 1445 3063 1502 lucis
3111 1440 3400 1515 proprium
3456 1445 3542 1494 est

1949 1549 2298 1622 splendorem
2351 1546 2550 1603 aﬂ'erre
2593 1565 2606 1600 :
2650 1545 2732 1601 sic
2779 1543 2944 1598 etiam
2998 1538 3119 1601 Dei,
3177 1536 3344 1589 rebus
3395 1547 3426 1586 a
3481 1545 3543 1586 se

1947 1642 2193 1699 conditis
2227 1639 2665 1696 misericordiam
2724 1633 3027 1703 impertire.
3073 1627 3209 1682 Nam
3240 1625 3540 1679 misericors

1946 1745 1997 1791 et
2026 1737 2307 1790 miserator
2330 1741 2416 1788 est.
2432 1730 2710 1792 Dominus,
2748 1734 2807 1781 ut
2839 1723 3012 1778 David
3042 1720 3224 1791 inquit
3251 1716 3426 1789 (Psal.
3449 1731 3538 1777 cx,

1952 1829 1986 1884 4
2003 1832 2042 1901 ).
2072 1826 2442 1895 Quamobrem
2472 1825 2546 1878 ita
2574 1830 2628 1877 te
2651 1833 2932 1889 compara,
2953 1821 3012 1871 ut
3038 1828 3138 1869 nec
3155 1808 3541 1880 desperatione

1882 1901 1927 1958 Β
1957 1921 2248 1992 frangaris.
2288 1933 2391 1974 nec
2418 1917 2601 1988 ipsum
2626 1920 2974 1968 contemnas.

2025 2013 2163 2070 Cum
2199 2026 2290 2067 res
2320 2024 2511 2065 omnes
2537 2016 2646 2061 tuae
2668 2020 2736 2060 ex
2758 1998 3040 2058 sententia
3061 1996 3388 2056 succedunt,
3420 2005 3539 2044 mu-

1953 2107 2221 2162 tationem
2244 2109 2528 2174 exspecta.
2560 2099 2640 2155 Ac
2669 2110 2865 2152 rursus
2894 2107 3021 2149 cum
3055 2087 3362 2158 inopinatis
3393 2084 3540 2138 cala-

1952 2196 2240 2252 mitatibus
2292 2193 2540 2262 undique
2589 2186 2888 2252 obsideris,
2937 2179 3169 2238 meliora
3219 2184 3275 2234 et
3329 2174 3540 2237 leniora

1950 2290 2160 2360 cogita.
3557 2331 3563 2335 .

2019 2377 2102 2434 Ob
2131 2378 2396 2433 adversos
2428 2386 2614 2429 rerum
2652 2373 2885 2426 eventus
2919 2358 3254 2419 discruciari
3314 2354 3541 2410 minime

1949 2470 2231 2535 convenit,
2256 2482 2448 2524 verum
2478 2466 2534 2519 in
2564 2460 2754 2518 multis
2777 2454 3165 2514 aﬂlictionibus
3191 2451 3336 2506 bono
3357 2446 3542 2501 animo

1947 2579 2094 2621 esse.
2133 2561 2215 2617 0b
2273 2574 2397 2616 eam
2431 2557 2579 2614 enim
2615 2567 2844 2608 causam
2887 2547 3056 2603 alﬂixi
3109 2555 3181 2613 te,
3225 2540 3427 2612 inquit,
3485 2545 3542 2592 et

1947 2657 2094 2714 fame
2117 2653 2390 2727 oppressi,
2411 2659 2472 2706 ut
2491 2649 2740 2706 scientiae
2757 2659 2962 2702 manna
2985 2643 3200 2706 ederes,
3220 2653 3285 2693 ac
3301 2635 3540 2706 benigne

1947 2751 2169 2806 tandem
2202 2747 2302 2803 tibi
2333 2745 2598 2801 facerem.

2017 2841 2160 2896 Vitae
2183 2839 2473 2896 hominum
2521 2833 2698 2891 maris
2727 2830 2906 2886 instar
2933 2813 3133 2881 ﬂuctus
3184 2822 3535 2882 innumeros,

1949 2935 2270 3005 variasque,
2310 2940 2427 2986 tum
2457 2930 2513 2984 in
2552 2925 2858 2999 prosperis,
2896 2930 3012 2976 tum
3046 2919 3104 2972 in
3149 2912 3404 2970 adversis
3453 2925 3539 2964 re-
3631 2941 3645 2954 .

1947 3029 2053 3084 bus
2088 3025 2425 3082 mutationes
2468 3019 2734 3075 admittit.
2779 3015 2968 3085 Neque
2997 3011 3142 3067 enim
3189 3015 3538 3062 terrenarum

1947 3135 2131 3176 rerum
2164 3116 2470 3188 quidquam
2517 3113 2734 3166 ﬁrmum
2789 3116 2844 3162 et
2901 3102 3098 3162 stabile
3145 3107 3233 3156 est
3286 3115 3302 3153 :
3348 3108 3540 3149 verum

1873 3234 1916 3294 ο
1949 3215 2061 3269 huc
2093 3219 2263 3282 atque
2313 3209 2448 3266 illuc
2493 3221 2597 3262 ceu
2639 3203 2799 3260 navis
2843 3199 3024 3256 ventis
3064 3193 3267 3252 validis
3313 3190 3540 3263 agitata,-

1954 3307 2154 3363 fertur.

1953 3399 2091 3458 TIT.
2127 3396 2242 3454 XII.
2275 3426 2344 3437 -—
2371 3394 2446 3448 De
2487 3388 2821 3446 abundantia
2857 3394 2905 3440 et
2946 3384 3228 3458 fertilitate
3263 3396 3282 3434 :
3322 3389 3372 3434 et
3399 3381 3544 3448 quod

2205 3482 2266 3522 eo
2295 3475 2524 3535 tempore
2553 3469 2770 3532 peccata
2802 3457 3014 3529 patrari
3041 3454 3266 3508 soleant.

2026 3649 2184 3706 Deut.
2217 3663 2393 3712 χχιιι,
2422 3645 2511 3701 15.
2544 3673 2610 3686 --
2641 3661 2661 3695 ι
2694 3638 2948 3696 Comcdit
2969 3634 3161 3701 Jacob,
3189 3631 3541 3703 repletusque

1952 3751 2062 3812 est,
2101 3749 2157 3798 et
2189 3737 2563 3797 recalcitravit
2600 3734 2862 3790 dilectus.
2903 3749 2922 3781 ι

2027 3837 2186 3891 Deut.
2212 3849 2292 3899 vl,
2333 3833 2425 3888 12.
2451 3859 2524 3871 -
2557 3848 2577 3882 ‹
2615 3829 2752 3885 Cum
2792 3822 3106 3881 comederis
3143 3827 3200 3876 et
3255 3823 3541 3874 saturatas

1954 3929 2166 3995 fueris,
2202 3925 2426 3982 attende
2475 3923 2601 3989 tibi,
2655 3936 2724 3977 ne
2774 3915 3126 3975 obliviscaris
3178 3909 3400 3968 Domini
3447 3907 3542 3963 Dei

1979 4030 2055 4075 ui.
2087 4037 2108 4073 ι

1953 4030 1972 4078 ι
2025 4110 2182 4167 Deut.
2215 4123 2336 4174 vni,
2369 4105 2565 4160 12-14.
2598 4133 2668 4144 —-
2711 4120 2730 4154 ι
2769 4099 2851 4156 Νε
2902 4112 3026 4154 cum
3086 4090 3439 4152 comederis,
3489 4095 3543 4140 ct

1953 4206 2239 4257 saturatus
2269 4195 2463 4259 fueris,
2490 4203 2546 4249 ct
2570 4192 2768 4248 domos
2811 4183 3190 4248 mdilicaveris,
3239 4187 3296 4234 et
3327 4176 3541 4232 habita—

1955 4292 2100 4348 veris
2125 4293 2185 4347 in
2218 4290 2322 4354 eis,
2352 4301 2591 4357 cumque
2631 4299 2762 4339 oves
2793 4290 2901 4336 tuae
2942 4286 2997 4335 et
3029 4278 3198 4332 boves
3231 4272 3310 4327 tui
3354 4268 3544 4324 multi-

1953 4381 2143 4455 plicati
2183 4379 2486 4446 fuerint-,et
2519 4373 2949 4444 multiplicatum
2993 4367 3161 4423 fuerit
3201 4363 3305 4418 tibi
3343 4375 3541 4415 aurum

1951 4483 2010 4531 et
2035 4479 2350 4544 argentum,
2381 4466 2667 4525 extollaris
2687 4465 2744 4519 in
2779 4461 2951 4518 corde
2978 4467 3098 4514 tuo.
3127 4475 3146 4508 ι

335 4583 354 4616 ι
394 4543 597 4635 φαγὼν
623 4543 721 4619 καὶ
747 4566 888 4620 πιὼν
918 4567 1156 4639 πρόσεχε
1191 4569 1406 4640 σεαυτῷ
1425 4612 1441 4636 ,
1489 4569 1565 4642 μὴ
1602 4569 1849 4643 πλανηθῇ

2028 4543 2189 4620 Prov.
2226 4579 2386 4628 xxtn,
2424 4563 2477 4616 1.
2518 4589 2590 4600 -
2625 4578 2643 4612 ι
2676 4557 2816 4613 Cum
2862 4551 3175 4610 comederis
3223 4554 3279 4603 et
3307 4543 3538 4608 biberis,

260 4655 518 4728 ἡκαρδία
541 4673 658 4723 σου,
687 4655 765 4728 μὴ
797 4658 1089 4731 ἀπατηθῇς
1125 4661 1184 4712 ἐν
1203 4661 1474 4734 χορτασίᾳ
1507 4663 1738 4728 κοιλίας.
1772 4684 1791 4716 ι

337 4853 357 4888 ι
403 4834 888 4908 Ἐμεγαλύνθησαν
936 4838 1032 4893 καὶ
1063 4838 1425 4910 ἐπλούτησανο
1457 4841 1850 4916 ἐλιπάνθησαν,

262 4925 699 5086 ιἱέτεατώθησαν,
733 4929 830 4984 καὶ
858 4929 1181 5001 παρεδησαν
1209 4929 1408 4997 λόγους
1437 4948 1542 5002 μου
1577 4933 1659 4997 εἰς
1685 4949 1852 5006 πονη-

329 5034 378 5070 ν.
420 5036 441 5070 ι

329 5034 441 5070 ν.»

336 5129 356 5162 ι
389 5108 562 5165 Τοῦτο
585 5112 848 5185 ἀνόμημα
871 5113 1148 5185 Σοδόμων,
1186 5116 1270 5169 ὅτι
1298 5116 1358 5170 ἐν
1385 5098 1738 5190 δπερηφανίᾳ
1759 5119 1852 5173 καὶ

265 5201 549 5274 πλησμονῇ
582 5205 786 5275 ἀρτων,
836 5207 931 5259 καὶ
988 5208 1049 5262 ἐν
1077 5207 1305 5280 εὐθηνίᾳ
1355 5211 1504 5273 οῐνου,
1531 5211 1852 5266 ἐσπατάλων

218 5374 220 5376 γ
261 5291 402 5363 αὕτη
427 5294 524 5348 καί
543 5296 602 5350 αἱ
631 5295 932 5368 θυγατέρες
956 5298 1146 5368 αὐτῆς,
1167 5299 1263 5354 καὶ
1286 5304 1468 5372 χειρὸς
1496 5303 1740 5373 πτωχοῦ,
1759 5304 1853 5357 καὶ

264 5385 495 5455 πένητος
522 5387 622 5442 οὐκ
648 5389 1141 5462 ἀντελαμϐάνοντο,
1175 5392 1271 5447 καὶ
1299 5393 1564 5464 ἐποίησαν
1592 5394 1852 5466 ἀνόμημα

161 5508 192 5518 ο-
264 5474 496 5532 ἐνώπιόν
528 5497 655 5552 μου.
694 5503 714 5535 ι

339 5584 360 5618 ι
390 5562 633 5642 Πρόσεχε
691 5571 770 5644 μὴ
816 5573 1232 5648 ἀποπλανηθῇς,
1291 5576 1385 5630 καὶ
1420 5576 1766 5648 ταπινωθῇς
1795 5577 1852 5632 ἐν

266 5656 575 5735 εὐφροσύνῃ
621 5681 738 5720 σου.
777 5684 797 5720 ι

217 5778 220 5780 ~
337 5749 681 5822 Αἱεύθηνίαι-
729 5755 823 5810 τοῦ
880 5756 994 5828 βίου
1041 5758 1161 5814 ἀντὶ
1207 5759 1576 5834 πειρατηρίων
1610 5759 1850 5831 γίνονται

268 5841 378 5904 τοῖς
406 5843 637 5911 πολλοῖς.

1954 4660 2174 4716 attende
2201 4657 2298 4713 tibi
2331 4657 2539 4728 ipsi,ne
2567 4653 2828 4709 dilatetur
2867 4663 2967 4704 cor
2999 4656 3175 4701 tuum.
3203 4639 3282 4696 Ne
3308 4638 3544 4694 seduca-

1953 4754 2034 4810 ris
2059 4755 2113 4808 in
2145 4751 2405 4808 alimonia
2441 4747 2671 4804 ventris.
2714 4764 2733 4798 ι

2025 4842 2186 4912 507
2221 4839 2421 4894 Jercm.
2450 4854 2505 4903 ν,
2537 4836 2630 4890 28.
2654 4863 2727 4877 ——
2766 4851 2785 4886 ι
2824 4825 3156 4900 Magniﬁcati
3197 4831 3348 4886 sunt,
3377 4828 3429 4875 et
3453 4817 3540 4873 di-

1952 4933 2097 4990 vites
2125 4932 2257 4988 facti
2289 4938 2419 4987 sunt
2443 4925 2792 5000 impinguati,
2821 4933 2877 4980 et
2907 4921 3065 4991 adipe
3089 4916 3240 4974 obesi
3266 4933 3281 4985 ;
3317 4923 3373 4969 et
3401 4927 3542 4984 pra:-

1954 5023 2186 5080 varicati
2211 5031 2343 5081 sunt
2373 5036 2660 5079 sermones
2691 5032 2846 5074 meos
2875 5017 2932 5070 in
2964 5013 3195 5069 malum.
3237 5028 3257 5062 ο

2025 5115 2222 5171 Ezech.
2253 5131 2366 5181 xvr,
2389 5113 2482 5179 49,
2509 5112 2596 5169 50.
2624 5140 2695 5153 —-
2741 5129 2760 5163 ι
2797 5109 2927 5164 llaec
2962 5114 3047 5163 est
3068 5102 3336 5173 iniquitas
3369 5097 3544 5155 Sodo-

1955 5226 2077 5275 mae,
2103 5209 2237 5280 quia
2266 5209 2322 5262 in
2354 5206 2638 5277 superbia,
2667 5211 2722 5260 et
2773 5200 3070 5259 saturitate
3121 5209 3349 5268 panum,
3392 5199 3448 5245 et
3490 5189 3544 5242 in

1953 5302 2294 5359 abundantia
2319 5301 2433 5356 vini
2477 5297 2774 5354 luxuriatae
2814 5301 2967 5361 sunt,
3011 5292 3130 5346 haec
3168 5297 3224 5342 et
3253 5286 3374 5340 lilia:
3399 5283 3543 5352 ejus,

1952 5403 2008 5450 et
2025 5408 2226 5449 manus
2254 5391 2520 5464 pauperis
2537 5397 2592 5446 et
2621 5387 2780 5460 egeni
2816 5401 2927 5443 non
2957 5380 3466 5456 apprehenderunt,
3493 5385 3547 5431 et

1954 5487 2146 5556 inique
2174 5495 2404 5557 egerunt
2423 5497 2614 5540 coram
2643 5498 2752 5540 me.
2781 5500 2802 5536 ι

2027 5578 2196 5633 Eccli.
2232 5593 2354 5642 xm,
2397 5577 2452 5633 8.
2479 5607 2548 5618 —
2573 5594 2593 5629 ι
2630 5575 2778 5632 Cave
2801 5591 2872 5632 ne
2903 5571 3216 5637 seducaris,
3247 5575 3415 5639 atque
3443 5566 3541 5620 hu.

1955 5670 2188 5726 milieris
2225 5670 2280 5724 in
2319 5669 2512 5724 laetitia
2541 5677 2656 5723 tua.
2691 5687 2712 5721 ι
3298 5732 3301 5736 ν

2025 5761 2082 5816 S.
2114 5761 2286 5816 Basit.
2327 5792 2398 5802 —
2425 5761 2564 5822 Vitae
2600 5760 2998 5832 prosperitates
3023 5754 3393 5815 tentationum
3425 5750 3547 5806 loco

1959 5853 2236 5925 plerisque
2267 5853 2616 5925 contingunt.
