4028 6424
435 417 578 488 1531

1644 418 1704 479 s.
1745 415 2065 480 JOANNIS
2096 379 2534 478 DAMASCENl

3603 414 3744 482 1532

507 533 729 606 Didymi
758 540 945 590 contra
991 531 1340 588 Manichaaos.
1375 563 1446 574 —-
1475 530 1667 589 Solent
1706 539 1930 602 peccata
1963 545 2028 588 ex

2205 529 2425 584 Φιλοῦσι
2473 530 2544 584 τὰ
2577 529 2952 602 ἁμαρτήματα
3007 529 3074 585 ἐκ
3127 529 3364 602 πλήθους
3409 530 3615 602 δχλων,
3647 525 3743 588 καὶ

439 626 848 683 ineonditarum
875 625 1165 681 turbarum
1203 623 1584 693 multitudine,
1632 633 1687 680 et
1719 638 1904 680 rerum
1939 638 2035 680 ne-

437 720 806 778 cessariarum
839 719 1180 775 abundantia
1213 718 1395 776 nasci.

2138 623 2396 696 εὐθηνίας
2423 623 2532 679 τῶν
2567 622 2882 694 ἀναγκαίων
2913 622 3222 680 τίκτεσθαι.

439 847 577 906 'rrr.
645 825 784 905 xm.
842 879 913 891 -
968 850 1046 905 De
1094 850 1348 921 insidiis,
1408 857 1458 905 et
1513 850 1582 906 iis
1635 849 1727 921 qui
1775 849 2036 919 proximis

2191 848 2320 904 ΙΤΛ.
2353 849 2524 904 um—
2539 847 2680 920 Περὶ
2696 817 3160 919 ἐπιϐουλῆςβαί
3187 848 3746 908 τῶνὲπιϐουλευόν-

1058 920 1410 978 insidiantur.

508 1038 664 1096 Psal.
711 1054 811 1106 vu,
868 1041 958 1096 15.
992 1070 1065 1081 --
1123 1058 1143 1092 ι
1196 1039 1403 1096 Laeum
1445 1041 1683 1111 aperuit,
1727 1049 1785 1097 et
1846 1040 2039 1098 eﬂ'odit

438 1143 587 1191 eum,
617 1138 672 1185 et
697 1129 905 1185 incidet
933 1129 986 1184 in
1026 1129 1239 1184 foveam
1274 1145 1438 1201 quam
1466 1129 1619 1186 fecit.
1660 1149 1681 1183 ι

515 1222 670 1276 Ρδαί.
701 1237 779 1288 ix,
815 1221 902 1277 16.
935 1254 1006 1264 ——
1034 1242 1053 1274 ‹
1086 1223 1146 1277 In
1172 1223 1372 1294 laqueo
1400 1238 1568 1295 quem
1601 1223 2037 1290 absconderunt,

441 1313 885 1382 comprehensus
912 1321 996 1370 est
1023 1329 1122 1384 pes
1147 1329 1364 1371 eorum.
1400 1333 1418 1368 ι

518 1404 668 1460 Ρεαι.
705 1422 816 1471 LVI,
849 1405 902 1462 7.
930 1439 999 1448 η-
1044 1427 1063 1459 σ
1102 1405 1386 1462 Fodcrunt
1444 1417 1575 1464 ante
1629 1406 1830 1464 faciem
1865 1422 2041 1463 meam

446 1494 683 1562 foveam,
719 1505 772 1550 et
806 1494 1120 1551 inciderunt
1161 1497 1214 1550 in
1254 1511 1393 1550 eam.
1435 1515 1454 1549 ι

516 1585 668 1639 Ρεαι.
710 1602 835 1654 cn,
865 1586 949 1642 10.
981 1618 1051 1628 -
1086 1605 1105 1639 ‹
1139 1585 1355 1643 Cadent
1386 1589 1442 1644 in
1469 1584 1743 1647 retiaculo
1781 1603 1884 1646 suo
1908 1603 2042 1662 pec-

444 1685 688 1732 calores.
725 1697 743 1730 ι

515 1771 676 1827 Prov.
703 1788 854 1839 τινι,
885 1772 978 1828 27.
1011 1803 1082 1814 --
1121 1792 1142 1827 ι
1183 1772 1288 1842 Qui
1313 1773 1453 1830 fodit
1483 1774 1722 1842 foveam,
1745 1777 1959 1835 incidet
1989 1779 2044 1836 in

2638 937 2759 975 των
2794 920 2921 986 τοῖς
2945 921 3240 990 πλησίον.

2218 1051 2237 1084 ι
2278 1031 2496 1087 Λάκκον
2529 1031 2761 1105 ὤρυξεν,
2780 1033 2876 1088 καὶ
2904 1031 3214 1107 ἀνέσκαψεν
3241 1033 3432 1107 αὑτὸν,
3457 1032 3553 1089 καὶ
3572 1033 3745 1106 ἐμπε-

2144 1126 2318 1179 σεῖται
2351 1125 2433 1189 είς
2467 1124 2559 1196 βόθ
2569 1141 2739 1196 ρονμ»

2219 1234 2238 1268 ι
2293 1215 2383 1269 Ἐν
2405 1214 2594 1286 παγίδι
2625 1215 2795 1290 ταύτῃ
2891 1214 3160 1290 ἔκρυψαν,
3211 1215 3523 1290 συνελήφθη
3550 1217 3580 1272 ὀ
3605 1215 3742 1283 ποῦς

2144 1306 2342 1361 αὐτῶν.
2373 1323 2394 1359 ι

2222 1419 2240 1452 ι
2282 1399 2522 1472 Ὠρυξαν
2553 1400 2660 1473 πρὸ
2691 1399 2986 1472 προσώπου
3020 1417 3123 1474 μου
3153 1400 3370 1474 βόθρον,
3425 1401 3524 1457 καὶ
3550 1400 3745 1456 ἐνέπε-

2148 1511 2247 1550 σαν
2273 1493 2353 1556 εἰς
2378 1492 2564 1548 αὐτόν.
2599 1511 2620 1546 ι

2222 1605 2242 1638 ι
2269 1583 2573 1639 Πεσοῦνται
2607 1585 2665 1640 ἐν
2695 1583 3101 1658 ἀμφιϐλήστρῳ
3159 1584 3343 1642 αὐτῶν
3381 1585 3433 1640 οἱ
3467 1585 3750 1660 ἀμαρτω-

2145 1675 2247 1735 λοξ.
2287 1695 2306 1728 ι

2226 1789 2246 1823 ι
2291 1768 2350 1822 '0
2379 1767 2628 1839 ὀρύσσων
2661 1767 2855 1840 βόθρον
2897 1768 2975 1840 τῷ
3027 1768 3268 1840 πλησίω,
3301 1769 3630 1842 ἐμπεσεῖται
3667 1769 3752 1834 είς

442 1878 606 1931 eam;
646 1871 701 1918 et
733 1865 828 1935 qui
872 1865 1041 1920 volvit
1083 1865 1345 1936 lapidem,
1375 1875 1684 1924 revertetur
1723 1869 1792 1924 ad
1827 1885 1976 1926 eum.
2015 1891 2034 1925 ι

2191 1861 2328 1917 ὺτόν.
2378 1861 2437 1915 '0
2465 1861 2522 1914 δὲ
2550 1861 2752 1915 κυλίων
2784 1860 2953 1927 λίθον,
2986 1861 3072 1930 ἐφ’
3105 1861 3302 1917 ἑαυτὸν
3323 1862 3520 1917 κυλιεϊ.
3560 1881 3581 1916 ι

513 1955 676 2011 Prov.
716 1973 869 2026 xxix,
901 1958 954 2013 5.
987 1989 1056 1999 —
1091 1975 1110 2009 ‹
1143 1957 1319 2014 Homo
1375 1958 1468 2026 qui
1526 1969 1802 2030 prmparat
1853 1977 2042 2020 coram

443 2049 625 2104 amico
654 2065 758 2106 suo
800 2058 936 2118 rete,
972 2051 1081 2108 hoc
1118 2050 1347 2107 involvit
1384 2053 1618 2124 pedibus
1658 2053 1798 2111 suis.
1839 2073 1859 2107 ι

514 2141 694 2197 Eccte.
734 2159 792 2209 ι,
852 2142 909 2200 8.
942 2176 1012 2185 -—
1049 2161 1068 2197 ι
1105 2144 1211 2211 Qui
1268 2143 1407 2201 fodit
1445 2144 1685 2214 foveam,
1739 2145 1948 2201 incidet
1989 2146 2044 2202 in

440 2247 562 2287 eam
586 2250 602 2300 ;
627 2239 683 2288 et
702 2233 797 2303 qui
826 2233 1059 2304 dissipat
1084 2247 1295 2304 sepem,
1322 2234 1595 2291 mordebit
1619 2251 1746 2291 eum
1770 2236 2000 2293 coluber
2027 2255 2042 2293 :

409 2355 414 2358 -
441 2323 538 2393 qui
569 2322 752 2378 aufert
784 2323 1017 2394 lapides,
1052 2324 1326 2396 aﬂligetur
1354 2326 1410 2380 in
1445 2325 1547 2382 eis.
1588 2345 1608 2378 ι

514 2413 684 2470 Eccli.
720 2431 894 2482 xxv",
923 2416 1013 2470 29.
1040 2447 1111 2457 ——
1143 2435 1162 2468 ι
1205 2416 1308 2482 Qui
1360 2417 1577 2473 foveam
1624 2417 1800 2486 fodit,
1841 2418 2047 2477 incidet

441 2509 498 2563 in
536 2523 656 2564 eam
697 2526 711 2563 :
745 2517 799 2565 et
846 2509 940 2579 qui
977 2510 1169 2566 statuit
1203 2511 1478 2581 laqueum,
1527 2511 1584 2566 in
1627 2511 1724 2568 illo
1776 2514 2042 2584 capietur.

441 2601 510 2654 Et
539 2601 633 2671 qui
663 2601 793 2656 facit
829 2603 993 2667 mala,
1024 2603 1079 2658 in
1105 2603 1188 2660 eis
1209 2603 1551 2671 devolvetur,
1579 2615 1631 2661 et
1657 2605 1869 2661 nesciet
1902 2607 2047 2665 unde

440 2693 667 2748 veniant
705 2693 830 2764 ipsi.
871 2712 889 2746 ι

514 2783 574 2840 S.
613 2783 754 2841 Niti.
780 2817 852 2829 —
889 2787 1072 2855 Quare
1104 2787 1456 2859 discipulus?
1489 2804 1662 2862 quare
1697 2790 1862 2846 etiam
1909 2792 2047 2849 insi-

441 2876 647 2946 diator,
679 2880 946 2951 magistro
980 2897 1082 2938 suo
1137 2882 1370 2938 insidias
1430 2896 1690 2950 struens,
1740 2893 1796 2940 et
1848 2883 2045 2941 Iudam

328 2977 334 2984 '
443 2970 598 3029 illum
624 2975 934 3042 aemulatur,
968 2975 1064 3047 qui
1095 2975 1342 3048 magistri
1368 2977 1455 3032 sui
1479 2976 1731 3047 proditor
1753 2978 2000 3034 exstitit?
2020 2998 2039 3032 ι

448 3215 589 3290 ΤΙΤ.
619 3214 764 3290 XIY.
787 3247 862 3290 _—
890 3217 969 3271 De
1006 3217 1330 3290 inimicis,et
1360 3233 1488 3272 casu
1522 3219 1758 3286 ipsorum
1779 3235 1803 3284 ;
1823 3227 1874 3274 et
1905 3219 2045 3290 quod
2072 3216 2115 3282 C.

513 3288 584 3410 ge
643 3288 983 3342 inimicorum
1035 3289 1346 3344 calamitate
1405 3290 1621 3344 minime
1675 3291 1744 3344 sit
1807 3288 2046 3362 gauden-

554 3375 662 3410 um.

554 3375 662 3412 um.

519 3471 681 3527 Prov.
718 3488 871 3539 xnv,
903 3473 1081 3528 i7.-—
1128 3490 1149 3526 ι
1187 3473 1244 3530 Si
1289 3473 1556 3530 ceciderit
1600 3473 1858 3530 inimicus
1897 3482 2046 3543 tuus,

445 3579 516 3620 ne
554 3563 798 3636 gaudeas
831 3581 997 3636 super
1025 3581 1150 3621 eum
1177 3584 1192 3632 ;
1236 3581 1418 3636 neque
1450 3566 1505 3620 in
1533 3566 1692 3635 lapsu
1720 3566 1897 3636 ipsius
1931 3567 2052 3637 glo-

447 3657 596 3713 riare
627 3674 641 3712 :
673 3659 803 3727 quia
839 3657 1048 3714 videbit
1085 3658 1378 3724 Dominus,
1414 3665 1469 3713 et
1523 3672 1637 3712 non
1682 3657 1923 3728 placebit
1948 3659 2051 3725 illi,

445 3753 502 3801 et
531 3753 742 3803 avertet
774 3749 911 3802 iram
945 3763 1104 3804 suam
1129 3749 1201 3804 ab
1224 3748 1370 3820 ipso.
1408 3747 1488 3804 Ne
1510 3748 1714 3805 laeteris
1736 3764 1903 3820 super
1926 3749 2052 3810 illos

447 3839 546 3908 qui
561 3837 564 3840 ’
582 3839 728 3894 male
756 3848 948 3909 agunt.
988 3859 1008 3893 ι

518 3928 682 3984 Prov.
723 3947 854 3993 xxv,
885 3931 979 3986 21.
1015 3964 1084 3974 -
1118 3951 1136 3986 ι
1176 3931 1235 3989 Si
1291 3935 1556 3992 esurierit
1603 3936 1866 3994 inimicus
1899 3943 2050 4001 tuus,

449 4022 573 4077 ciba
610 4023 799 4092 illum;
829 4025 872 4079 si
909 4025 1133 4093 sitierit,
1165 4035 1292 4098 pota
1315 4043 1464 4083 eum.
1496 4028 1613 4085 Hoc
1643 4029 1789 4086 enim
1819 4028 2051 4095 faciens,

446 4115 721 4171 carbones
770 4117 914 4188 ignis
961 4118 1190 4191 colliges
1228 4135 1396 4193 super
1441 4131 1608 4193 caput
1648 4122 1822 4188 illius,
1862 4133 1916 4178 et
1947 4121 2053 4176 Do-

449 4207 638 4263 minus
663 4208 855 4265 reddet
884 4210 1008 4265 tibi.
1045 4230 1064 4264 ι

523 4297 691 4355 ΜὶσΙι.
721 4316 820 4366 vn,
853 4301 906 4355 8.
945 4331 1014 4346 -η
1051 4322 1070 4354 ι
1101 4302 1180 4360 Ne
1207 4305 1443 4361 insultes
1467 4305 1626 4372 mihi,
1653 4306 1877 4364 inimica
1906 4321 2050 4374 mea,

448 4391 582 4461 quia
611 4392 824 4448 cecidi:
860 4408 1147 4466 resurgam
1173 4397 1343 4452 enim.
1382 4415 1402 4449 ι

522 4481 660 4538 Abd.
716 4499 758 4546 ι,
808 4484 898 4541 η.
933 4514 1005 4525 -
1040 4504 1060 4537 ι
1099 4486 1175 4543 Ne
1206 4488 1411 4545 laeteris
1445 4503 1615 4560 super
1645 4490 1790 4547 filios
1815 4489 1959 4546 Juda
1993 4490 2051 4545 in

2221 1972 2241 2008 ι
2277 1955 2376 2017 Ὃς
2420 1952 2903 2024 παρασκευάζεται
2931 1953 3027 2008 ἐπὶ
3051 1939 3349 2024 πρόσωπον
3398 1953 3497 2007 τοῦ
3547 1951 3753 2008 ἐαυτοῦ

2145 2043 2302 2115 φίλου
2339 2043 2577 2111 δίκτυον,
2622 2043 2945 2117 περιϐάλλει
2971 2044 3086 2108 τοῖς
3121 2043 3318 2098 ἑαυτοῦ
3345 2045 3526 2099 ποσίν.
3553 2063 3574 2098 ι

2223 2154 2243 2188 ι
2293 2136 2352 2191 '0
2375 2136 2627 2209 ὀρύσσων
2663 2136 2883 2210 βόθρον,
2936 2137 3019 2200 είς
3054 2136 3219 2190 αὐτὸν
3247 2137 3596 2208 ἐμπεσεῖται,
3653 2137 3754 2192 καὶ

2146 2226 2514 2299 καθαιροῦντα
2544 2228 2823 2300 φραγμὸν,
2866 2227 3086 2300 δήξεται
3116 2227 3281 2283 αὐτὸν
3325 2227 3450 2298 ὄφις
3471 2245 3486 2261 ·
3513 2228 3754 2301 ἐξαιρῶν

2145 2319 2327 2384 λίθους
2357 2320 2824 2392 διαπονηθήσεται
2855 2323 2916 2374 ἐν
2938 2320 3144 2386 αὐτοῖς.
3185 2340 3206 2374 ι
3447 2351 3451 2355 ~

2223 2431 2244 2465 ‹
2289 2413 2350 2467 '0
2384 2412 2636 2485 ὀρύσσων
2687 2411 2881 2484 βόθρον
2907 2413 2986 2477 είς
3025 2411 3190 2468 αὑτὸν
3221 2413 3569 2486 ἐμπεσεῖται,
3602 2411 3697 2467 καὶ
3725 2415 3760 2468 ὀ

2147 2505 2313 2561 ἱστῶν
2342 2505 2567 2574 παγίδα,
2600 2505 2660 2560 ἐν
2687 2505 2826 2578 αὐτῇ
2856 2505 3151 2561 ἁλώσεται.
3195 2505 3256 2560 ’0
3287 2505 3460 2563 ποιῶν
3508 2507 3755 2576 πονηρὰ,

2148 2598 2228 2661 είς
2255 2597 2396 2652 αὐτὰ
2434 2596 2848 2670 κυλισθήσεται,
2907 2598 3002 2652 καὶ
3057 2598 3120 2652 οὐ
3184 2597 3261 2670 μὴ
3313 2596 3528 2671 ἐπιγνῷ
3583 2597 3760 2655 πόθεν

2148 2689 2298 2761 ἥκει.
2341 2709 2361 2743 ι
2951 2719 2955 2728 ·

2221 2781 2318 2836 Διὰ
2347 2781 2402 2836 τί
2439 2781 2728 2854 μαθητής;
2764 2780 2858 2836 διὰ
2898 2781 2953 2837 τί
3000 2780 3098 2838 καὶ
3146 2781 3456 2850 ἐπίϐουλος,
3499 2781 3582 2854 τῷ
3638 2781 3760 2854 ίδίῳ

2147 2873 2456 2946 διδασκάλῳ
2485 2874 2876 2939 ἐπιϐουλεύων,
2929 2875 3027 2929 καὶ
3053 2875 3143 2930 τὸν
3185 2875 3389 2931 Ἰούδαν
3420 2877 3636 2931 ἐκεῖνον
3666 2893 3762 2946 μι-

2151 2965 2453 3036 μούμενος,
2512 2967 2607 3024 τοῦ
2640 2965 2772 3027 ίδίου
2820 2966 3147 3024 διδασκάλου
3204 2967 3478 3041 προδότην
3525 2969 3762 3040 γενόμε-

2148 3073 2270 3124 νον;
2309 3077 2328 3112 ι

2150 3213 2332 3286 ΤΙΤΛ.
2366 3213 2541 3286 1Δ⁰.-ς
2557 3215 2696 3286 Περὶ
2726 3215 2959 3285 ἐχθρῶν
2981 3215 3082 3270 καὶ
3106 3217 3391 3286 πτώσεως
3412 3218 3638 3274 αὐτῶν·
3654 3222 3761 3275 καί

2223 3284 2327 3360 δι’ιᾷ
2372 3286 2445 3360 οὐ
2509 3285 2602 3340 δεῖ
2636 3284 2874 3356 χαίρειν
2917 3286 3018 3341 ἐπὶ
3071 3287 3148 3356 τῇ
3209 3284 3588 3360 κακοπραγίᾳ
3638 3289 3766 3346 τῶν

2223 3352 2478 3426 ἐχθρῶν.

2230 3489 2249 3523 ι
2289 3469 2417 3525 Ἐὰν
2437 3469 2581 3542 πέσῃ
2609 3471 2639 3524 ὀ
2662 3469 2860 3542 ἐχθρός
2885 3488 3002 3538 σου,
3031 3471 3109 3543 μὴ
3153 3472 3433 3547 ἐπιχειρῇς
3476 3475 3651 3547 αὐτῷ,
3698 3477 3765 3533 ἐν

2151 3562 2209 3616 δὲ
2241 3560 2318 3634 τῷ
2349 3561 2788 3634 ύποσκελίσματι
2819 3562 2986 3617 αὑτοῦ
3018 3564 3093 3635 μὴ
3135 3566 3388 3635 ἐπαίρου.
3413 3566 3538 3620 Ὅτι
3562 3567 3765 3639 ὄψεται

2155 3654 2382 3727 Κύριος,
2413 3654 2511 3709 καὶ
2535 3655 2638 3710 οὐκ
2691 3653 2884 3726 ἀρέσει
2921 3655 3094 3727 αὐτῷ,
3129 3656 3224 3710 καὶ
3280 3658 3620 3730 ἀποστρέψει
3661 3661 3764 3716 τὸν

2155 3746 2330 3818 θυμὸν
2388 3744 2556 3800 αὑτοῦ
2605 3745 2703 3800 ἀπ’
2746 3745 2935 3802 αὐτοῦ.
2995 3748 3089 3821 Μὴ
3125 3748 3381 3822 ἐπίχαιρε
3426 3751 3524 3806 ἐπὶ
3579 3769 3757 3808 κακο-

2153 3841 2349 3903 ποιοίς.
2388 3855 2408 3891 ι

2231 3949 2250 3983 ι
2299 3930 2425 3984 Ἐὰν
2447 3931 2608 4003 πεινᾷ
2639 3930 2669 3983 ὀ
2695 3931 2890 4004 ἐχθρός
2916 3949 3036 3998 σου,
3066 3933 3285 4006 ψώμιζε
3314 3937 3502 4003 αὐτὸν,
3537 3939 3634 3992 καὶ
3658 3939 3760 3995 ἐὰν

2151 4021 2300 4093 διψᾷ,
2334 4022 2519 4088 πότιζε
2541 4022 2724 4078 αὐτόν.
2759 4024 2930 4078 Τοῦτο
2959 4026 3067 4097 γὰρ
3097 4027 3292 4094 ποιῶν,
3335 4028 3622 4098 ἄνθρακας
3652 4049 3764 4084 πυ-

2155 4112 2249 4182 ρὸς
2279 4114 2577 4185 σωρεύσεις
2606 4114 2700 4168 ἐπὶ
2737 4114 2838 4186 τὴν
2887 4115 3131 4188 κεφαλὴν
3170 4118 3364 4185 αὑτοῦ,
3419 4121 3516 4175 καὶ
3549 4123 3763 4195 Κύριος

2153 4203 2530 4260 ἁνταποδώσει
2564 4223 2648 4261 σοι
2682 4207 2887 4276 ἀγαθά..
2920 4227 2940 4262 ι
3301 4281 3304 4284 ἢ

2232 4316 2252 4349 ι
2289 4298 2382 4368 Μὴ
2416 4298 2670 4371 ὲπίχαιρέ
2693 4318 2807 4372 μοι,
2824 4303 2858 4372 ἡ
2888 4301 3063 4374 ἐχθρά
3085 4320 3215 4375 μου,
3234 4304 3322 4358 ὃτι
3353 4303 3642 4361 πέπτωκαν
3667 4310 3769 4364 καὶ

2155 4390 2266 4463 γὰρ
2291 4391 2697 4462 ἀναστήσομαι.
2737 4412 2757 4446 ι

2235 4501 2254 4534 ι
2286 4483 2379 4554 Μὴ
2398 4482 2652 4554 ἐπίχαιρε
2674 4485 2768 4538 ἐπὶ
2791 4487 2904 4550 τοῖς
2928 4487 3066 4546 υἱοῖς
3107 4486 3284 4544 Ἰούδα
3307 4489 3366 4544 ἐν
3395 4489 3587 4562 ἡμέρᾳ
3609 4492 3771 4546 ἀπω-

449 4575 543 4630 die
567 4574 899 4645 perditionis
927 4593 1152 4648 eorum;
1189 4588 1244 4636 et
1267 4597 1336 4639 ne
1359 4596 1558 4654 magna
1595 4583 1840 4654 loquaris
1871 4584 1923 4637 in
1961 4582 2049 4639 die

2191 4575 2306 4638 είας
2356 4574 2561 4642 αὐτῶν,
2613 4576 2712 4631 καὶ
2743 4577 2818 4648 μὴ
2854 4578 3425 4656 μεγαλοῤῥημονήσῃς
3469 4584 3530 4636 ἐν
3572 4584 3768 4656 ἡμέρᾳ

451 4667 743 4738 angustiae.
780 4688 800 4722 ι

526 4759 722 4817 Ezech.
763 4779 890 4830 xxv,
920 4763 974 4830 6,
1012 4763 1063 4820 7.
1094 4796 1165 4806 —
1199 4783 1219 4818 ι
1259 4765 1388 4822 Huic
1415 4766 1553 4822 dicit
1587 4766 1854 4823 Dominus
1889 4785 1904 4822 :
1944 4764 2053 4822 Pro

451 4867 521 4907 eo
547 4854 694 4924 quod
719 4855 969 4925 plausisli
1003 4857 1284 4923 manibus,
1317 4867 1374 4914 et
1411 4859 1710 4915 insonuiin
1761 4859 1900 4930 pede
1932 4868 2050 4925 tuo,

452 4952 508 4997 et
560 4943 840 5002 insultasti
876 4963 944 5002 ex
995 4949 1184 5006 animo
1236 4961 1332 5007 tuo
1383 4967 1553 5023 super
1591 4960 1798 5007 terram
1839 4951 2051 5007 lsrael:

2154 4666 2412 4729 θλίψεως.
2448 4685 2468 4722 ι

2233 4666 2239 4718 ἶ
2285 4677 2412 4729 ἕως.
2448 4685 2468 4722 ι

2233 4666 2284 4811 eq,
2289 4759 2429 4814 Τάδε
2465 4759 2613 4830 λέγει
2665 4759 2894 4832 Κύριοςο
2939 4761 3083 4816 Ἀνθ’
3127 4755 3202 4816 ὧν
3249 4764 3635 4855 ἐπεκρότησας
3695 4767 3762 4836 τῇ

2156 4853 2301 4924 χειρί
2332 4870 2450 4920 σου,
2481 4854 2578 4908 καὶ
2612 4853 2972 4926 ἐπεψόφησας
3003 4854 3081 4924 τῷ
3117 4856 3239 4910 ποδί
3277 4853 3395 4923 σου,
3431 4858 3528 4911 καὶ
3553 4857 3762 4928 ἐπέχα-

2161 4965 2260 5018 ρας
2287 4949 2354 5001 ἐκ
2381 4945 2565 5018 ψυχῆς
2594 4965 2690 5003 σου
2716 4947 2812 5001 ἐπὶ
2829 4948 2931 5020 τὴν
2959 4950 3066 5020 γῆν
3093 4948 3192 5002 τοῦ
3220 4949 3466 5022 Ἰσραὴλ,
3488 4951 3582 5006 διὰ
3605 4951 3764 5005 τοῦτο

459 5034 669 5092 idcirco
714 5055 814 5110 ego
861 5043 1159 5098 extendam
1211 5058 1436 5099 manum
1473 5059 1650 5101 meam
1688 5060 1858 5115 super
1901 5053 1974 5110 te,
2003 5055 2050 5102 et

2191 5039 2274 5092 5ου
2298 5038 2412 5109 ἐγὼ
2434 5039 2640 5112 ἐκτενῶ
2688 5040 2788 5112 τὴν
2815 5040 2976 5110 χεῖρὰ
3010 5057 3116 5112 μου
3149 5042 3244 5094 ἐπὶ
3277 5041 3358 5106 σὲ,
3389 5041 3486 5096 καὶ
3510 5041 3675 5099 δώσω
3705 5059 3764 5094 σε

457 5125 674 5181 tradam
701 5137 754 5186 te
777 5131 831 5186 in
861 5132 1224 5204 direptionem
1257 5135 1537 5206 gentibus,
1560 5144 1615 5190 et
1651 5134 1977 5192 interliciam
2005 5143 2050 5192 te

2193 5129 2239 5189 ίς
2267 5128 2579 5201 διαρπαγὴν
2605 5129 2665 5183 ἐν
2692 5132 2809 5194 τοῖς
2836 5129 3040 5197 ἔθνεσι,
3069 5132 3169 5185 καὶ
3215 5131 3588 5204 ἐξολοθρεύσω
3612 5149 3674 5186 σε
3703 5133 3766 5188 ἐκ

456 5232 524 5274 ex
554 5218 878 5287 populisyet
907 5224 1131 5292 perdam
1174 5233 1229 5281 te
1267 5226 1602 5296 perditione.
1645 5245 1663 5278 ι

532 5309 700 5382 508
751 5312 895 5368 Ibid.
953 5316 1072 5372 3-5.
1125 5349 1195 5363 —
1267 5335 1287 5370 ι
1329 5316 1457 5374 Hzee
1513 5318 1648 5374 dicit
1715 5317 1985 5374 Dominus
2042 5338 2058 5376 :

461 5401 573 5459 Pro
592 5418 660 5460 eo
685 5406 835 5475 quod
891 5408 1067 5478 gavisi
1097 5411 1234 5466 estis
1263 5424 1430 5481 super
1451 5409 1832 5466 sanctuarium
1856 5425 2060 5475 meum,

2161 5221 2271 5275 τῶν
2294 5221 2462 5286 λαῶν,
2495 5222 2880 5285 καὶ-ἀπολέσω
2901 5240 2961 5276 σε
2985 5223 3254 5296 ἀπωλείᾳ.
3299 5241 3319 5278 ι

2245 5332 2264 5364 ι
2299 5313 2442 5367 Τάδε
2461 5313 2611 5383 λέγει
2642 5315 2869 5386 Κύριος·
2918 5314 3060 5369 Ἀνθ’
3089 5308 3168 5370 ὧν
3189 5315 3505 5387 ὲπεχάρητε
3552 5316 3652 5370 sici.
3699 5314 3767 5369 τὰ

2166 5406 2303 5475 ἅγιά
2331 5422 2456 5477 μου,
2489 5407 2573 5460 ὅτι
2602 5405 2942 5477 ἐσεϐηλώθη,
2993 5408 3090 5462 καὶ
3121 5407 3216 5462 ἐπὶ
3247 5407 3343 5461 τὸν
3387 5403 3540 5462 οἷκον
3593 5407 3769 5464 Ἰούδα

461 5493 594 5562 quia
639 5496 908 5565 pollutum
961 5505 1069 5564 est,
1112 5507 1168 5554 et
1207 5515 1379 5581 super
1407 5502 1634 5557 domum
1679 5516 1886 5567 meam,
1935 5502 2050 5571 quia

2191 5500 2252 5550 in
2280 5497 2663 5570 ἐπορεύθησαν
2701 5502 2758 5554 ἐν
2814 5499 3186 5572 αἰχμαλωσίᾳο
3239 5500 3328 5554 διὰ
3351 5499 3513 5554 τοῦτο
3541 5499 3657 5570 ἐγὼ
3687 5499 3770 5554 δί-

464 5582 694 5652 profecti
726 5595 856 5643 sunt
885 5588 939 5644 in
978 5589 1356 5660 captivitatem
1408 5611 1422 5648 :
1475 5592 1684 5649 idcirco
1719 5607 1824 5662 ego
1852 5592 2050 5648 tradan

2191 5594 2311 5660 ἰωμι
2342 5591 2486 5660 ὑμᾶς
2520 5592 2634 5654 τοῖς
2661 5593 2796 5656 υίοῖς
2831 5591 3018 5663 Κέδεμ
3080 5594 3164 5657 είς
3219 5592 3612 5665 κληρονομίαν,
3673 5591 3770 5646 καὶ

466 5687 568 5730 vos
606 5674 734 5733 filiis
772 5679 984 5736 Kedem
1025 5681 1080 5736 in
1135 5681 1554 5751 haereditatem;
1587 5693 1643 5739 et
1693 5691 1901 5752 ponent
1951 5699 2070 5740 sar-

2173 5681 2692 5751 κατασκηνώσουσιν
2719 5686 2778 5738 ἐν
2803 5686 2888 5739 σοὶ
2918 5686 3016 5739 σὺν
3039 5687 3105 5758 τῇ
3135 5686 3384 5758 ἀπαρτίᾳ
3413 5684 3621 5751 αὐτῶν,
3672 5686 3771 5741 καὶ

463 5768 624 5823 cinas
655 5783 787 5827 suas
812 5770 866 5826 in
907 5779 983 5838 te,
1019 5781 1076 5829 et
1115 5783 1323 5844 ponent
1350 5775 1404 5830 in
1440 5782 1496 5830 te
1527 5774 1768 5830 tentoria
1805 5789 1929 5830 sua.
1962 5775 2050 5844 lps

2191 5774 2438 5829 ἰώσουσιν
2456 5776 2514 5831 ἐν
2543 5776 2626 5830 σοὶ
2660 5777 2728 5831 τὰ
2760 5777 3099 5849 σκηνώματα
3129 5779 3329 5834 αὐτῶν.
3357 5778 3524 5832 Αὐτοὶ
3558 5777 3768 5848 φάγον-

469 5858 762 5919 οοιιιοιιοηι
803 5863 1014 5922 fructus
1037 5872 1184 5923 tuos.
1226 5873 1280 5923 ct
1321 5868 1422 5937 ipsi
1461 5867 1654 5924 bibent
1682 5865 2050 5943 pinguedineu

2191 5883 2268 5924 ιαι
2293 5867 2417 5929 τοὺς
2446 5868 2693 5934 καρπούς
2722 5885 2839 5934 σου,
2894 5870 2988 5941 καὶ
3036 5869 3188 5926 αὐτοὶ
3241 5869 3456 5942 πὶρνται
3505 5867 3783 5970 τὴν.
