  <div class='ocr_page' id='page_1' title='image "/cluster/home/n/w/nwhite01/storage/ocr_20150623/95:no.2/coo.31924054869999/774.png"; bbox 0 0 4028 6406; ppageno 0'>
   <div class='ocr_carea' id='block_1_1' title="bbox 197 410 342 478">
    <p class='ocr_par' dir='ltr' id='par_1_1' title="bbox 197 410 342 478">
     <span class='ocr_line' id='line_1_1' title="bbox 197 410 342 478; baseline 0.014 -1"><span class='ocrx_word' id='word_1_1' title='bbox 197 410 342 478; x_wconf 78' lang='grc'><strong>1533</strong></span> 
     </span>
    </p>
   </div>
   <div class='ocr_carea' id='block_1_2' title="bbox 1421 423 2166 488">
    <p class='ocr_par' dir='ltr' id='par_1_2' title="bbox 1421 423 2166 488">
     <span class='ocr_line' id='line_1_2' title="bbox 1421 423 2166 488; baseline 0.007 -5"><span class='ocrx_word' id='word_1_2' title='bbox 1421 423 1663 484; x_wconf 80' lang='lat' dir='ltr'><strong>SACRA</strong></span> <span class='ocrx_word' id='word_1_3' title='bbox 1702 423 2166 488; x_wconf 81' lang='lat' dir='ltr'><strong>PARALLELA.</strong></span> 
     </span>
    </p>
   </div>
   <div class='ocr_carea' id='block_1_3' title="bbox 3348 425 3484 494">
    <p class='ocr_par' dir='ltr' id='par_1_3' title="bbox 3348 425 3484 494">
     <span class='ocr_line' id='line_1_3' title="bbox 3348 425 3484 494; baseline 0 -3"><span class='ocrx_word' id='word_1_4' title='bbox 3348 425 3484 494; x_wconf 77' lang='grc'><strong>1534</strong></span> 
     </span>
    </p>
   </div>
   <div class='ocr_carea' id='block_1_4' title="bbox 194 526 1781 612">
    <p class='ocr_par' dir='ltr' id='par_1_4' title="bbox 194 526 1781 608">
     <span class='ocr_line' id='line_1_4' title="bbox 194 526 1781 608; baseline 0.006 -25"><span class='ocrx_word' id='word_1_5' title='bbox 194 529 342 602; x_wconf 83' lang='grc' dir='ltr'>τητὰ</span> <span class='ocrx_word' id='word_1_6' title='bbox 365 543 484 584; x_wconf 84' lang='grc' dir='ltr'>σου.</span> <span class='ocrx_word' id='word_1_7' title='bbox 519 526 630 582; x_wconf 73' lang='grc' dir='ltr'><strong>Καὶ</strong></span> <span class='ocrx_word' id='word_1_8' title='bbox 658 526 817 583; x_wconf 83' lang='grc' dir='ltr'><strong>δώσω</strong></span> <span class='ocrx_word' id='word_1_9' title='bbox 846 531 948 602; x_wconf 75' lang='grc' dir='ltr'>τὴν</span> <span class='ocrx_word' id='word_1_10' title='bbox 967 531 1123 586; x_wconf 87' lang='grc' dir='ltr'>πόλιν</span> <span class='ocrx_word' id='word_1_11' title='bbox 1146 531 1239 588; x_wconf 80' lang='grc' dir='ltr'><strong>τοῦ</strong></span> <span class='ocrx_word' id='word_1_12' title='bbox 1283 534 1467 606; x_wconf 84' lang='grc' dir='ltr'>Ἀμὼν</span> <span class='ocrx_word' id='word_1_13' title='bbox 1499 540 1580 601; x_wconf 84' lang='grc' dir='ltr'><strong>εἰς</strong></span> <span class='ocrx_word' id='word_1_14' title='bbox 1621 538 1781 608; x_wconf 80' lang='grc' dir='ltr'>νομάς</span> 
     </span>
    </p>
   </div>
   <div class='ocr_carea' id='block_1_5' title="bbox 1897 526 3487 612">
    <p class='ocr_par' dir='ltr' id='par_1_5' title="bbox 1898 541 3487 612">
     <span class='ocr_line' id='line_1_5' title="bbox 1898 541 3487 612; baseline 0.002 -16"><span class='ocrx_word' id='word_1_15' title='bbox 1898 550 2066 597; x_wconf 88' lang='lat' dir='ltr'><strong>tuam.</strong></span> <span class='ocrx_word' id='word_1_16' title='bbox 2107 542 2174 597; x_wconf 84' lang='lat' dir='ltr'><strong>Et</strong></span> <span class='ocrx_word' id='word_1_17' title='bbox 2209 541 2351 598; x_wconf 89' lang='lat' dir='ltr'><strong>dabo</strong></span> <span class='ocrx_word' id='word_1_18' title='bbox 2381 541 2661 598; x_wconf 82' lang='lat' dir='ltr'><strong>civitatem</strong></span> <span class='ocrx_word' id='word_1_19' title='bbox 2695 543 2874 598; x_wconf 82' lang='lat' dir='ltr'><strong>Amon</strong></span> <span class='ocrx_word' id='word_1_20' title='bbox 2914 543 2972 596; x_wconf 91' lang='lat' dir='ltr'><strong>in</strong></span> <span class='ocrx_word' id='word_1_21' title='bbox 3003 553 3212 612; x_wconf 82' lang='lat' dir='ltr'><strong>pascua</strong></span> <span class='ocrx_word' id='word_1_22' title='bbox 3245 542 3487 599; x_wconf 87' lang='lat' dir='ltr'><strong>camelo-</strong></span> 
     </span>
    </p>
   </div>
   <div class='ocr_carea' id='block_1_6' title="bbox 195 620 1786 700">
    <p class='ocr_par' dir='ltr' id='par_1_6' title="bbox 195 620 1786 700">
     <span class='ocr_line' id='line_1_6' title="bbox 195 620 1786 700; baseline 0.003 -23"><span class='ocrx_word' id='word_1_23' title='bbox 195 621 490 694; x_wconf 77' lang='grc' dir='ltr'><strong>καμήλων,</strong></span> <span class='ocrx_word' id='word_1_24' title='bbox 519 620 618 676; x_wconf 75' lang='grc' dir='ltr'>καὶ</span> <span class='ocrx_word' id='word_1_25' title='bbox 640 621 768 687; x_wconf 79' lang='grc' dir='ltr'>τοὺς</span> <span class='ocrx_word' id='word_1_26' title='bbox 785 623 938 689; x_wconf 83' lang='grc' dir='ltr'>υἱοὺς</span> <span class='ocrx_word' id='word_1_27' title='bbox 993 624 1176 696; x_wconf 83' lang='grc' dir='ltr'>Ἀμὼν</span> <span class='ocrx_word' id='word_1_28' title='bbox 1202 627 1284 691; x_wconf 79' lang='grc' dir='ltr'><strong>εις</strong></span> <span class='ocrx_word' id='word_1_29' title='bbox 1319 627 1523 699; x_wconf 79' lang='grc' dir='ltr'><strong>νομέας</strong></span> <span class='ocrx_word' id='word_1_30' title='bbox 1573 628 1786 700; x_wconf 78' lang='grc' dir='ltr'>προϐά-</span> 
     </span>
    </p>
   </div>
   <div class='ocr_carea' id='block_1_7' title="bbox 191 733 388 769">
    <p class='ocr_par' dir='ltr' id='par_1_7' title="bbox 191 733 388 769">
     <span class='ocr_line' id='line_1_7' title="bbox 191 733 388 769; baseline -0.005 0"><span class='ocrx_word' id='word_1_31' title='bbox 191 733 326 769; x_wconf 83' lang='grc' dir='ltr'>των.</span> <span class='ocrx_word' id='word_1_32' title='bbox 366 734 388 768; x_wconf 75' lang='grc' dir='ltr'><strong>ι</strong></span> 
     </span>
    </p>
   </div>
   <div class='ocr_carea' id='block_1_8' title="bbox 262 805 1788 884">
    <p class='ocr_par' dir='ltr' id='par_1_8' title="bbox 262 805 1788 884">
     <span class='ocr_line' id='line_1_8' title="bbox 262 805 1788 884; baseline 0.005 -21"><span class='ocrx_word' id='word_1_33' title='bbox 262 805 662 863; x_wconf 83' lang='grc' dir='ltr'>Νουθετεῖσθαι</span> <span class='ocrx_word' id='word_1_34' title='bbox 690 807 858 880; x_wconf 83' lang='grc' dir='ltr'>δεῖτῇ</span> <span class='ocrx_word' id='word_1_35' title='bbox 884 807 994 863; x_wconf 87' lang='grc' dir='ltr'><strong>τῶν</strong></span> <span class='ocrx_word' id='word_1_36' title='bbox 1025 809 1272 881; x_wconf 79' lang='grc' dir='ltr'><strong>πλησίων</strong></span> <span class='ocrx_word' id='word_1_37' title='bbox 1305 812 1517 884; x_wconf 83' lang='grc' dir='ltr'>πληγῇ.</span> <span class='ocrx_word' id='word_1_38' title='bbox 1563 815 1660 870; x_wconf 84' lang='grc' dir='ltr'>καὶ</span> <span class='ocrx_word' id='word_1_39' title='bbox 1699 813 1788 870; x_wconf 80' lang='grc' dir='ltr'><strong>διὰ</strong></span> 
     </span>
    </p>
   </div>
   <div class='ocr_carea' id='block_1_9' title="bbox 195 895 1544 971">
    <p class='ocr_par' dir='ltr' id='par_1_9' title="bbox 195 895 1544 971">
     <span class='ocr_line' id='line_1_9' title="bbox 195 895 1544 971; baseline 0.007 -21"><span class='ocrx_word' id='word_1_40' title='bbox 195 895 306 950; x_wconf 77' lang='grc' dir='ltr'><strong>τῶν</strong></span> <span class='ocrx_word' id='word_1_41' title='bbox 325 896 630 971; x_wconf 73' lang='grc' dir='ltr'><strong>ἀλλοτρίων</strong></span> <span class='ocrx_word' id='word_1_42' title='bbox 659 899 850 954; x_wconf 80' lang='grc' dir='ltr'>κακῶν</span> <span class='ocrx_word' id='word_1_43' title='bbox 874 898 944 955; x_wconf 90' lang='grc' dir='ltr'><strong>τά</strong></span> <span class='ocrx_word' id='word_1_44' title='bbox 978 901 1154 956; x_wconf 77' lang='grc' dir='ltr'>οἰκεῖα</span> <span class='ocrx_word' id='word_1_45' title='bbox 1182 898 1242 956; x_wconf 80' lang='grc' dir='ltr'>εὖ</span> <span class='ocrx_word' id='word_1_46' title='bbox 1273 903 1544 962; x_wconf 83' lang='grc' dir='ltr'>τίθεσθαι.</span> 
     </span>
    </p>
   </div>
   <div class='ocr_carea' id='block_1_10' title="bbox 268 1067 1566 1149">
    <p class='ocr_par' dir='ltr' id='par_1_10' title="bbox 268 1067 1566 1149">
     <span class='ocr_line' id='line_1_10' title="bbox 268 1067 1566 1149; baseline 0.008 -25"><span class='ocrx_word' id='word_1_47' title='bbox 268 1067 524 1126; x_wconf 68' lang='grc' dir='ltr'>Φύλασσε</span> <span class='ocrx_word' id='word_1_48' title='bbox 554 1071 773 1142; x_wconf 76' lang='grc' dir='ltr'>σαυτὸν,</span> <span class='ocrx_word' id='word_1_49' title='bbox 802 1073 1006 1146; x_wconf 81' lang='grc' dir='ltr'><strong>πτῶμα</strong></span> <span class='ocrx_word' id='word_1_50' title='bbox 1033 1074 1080 1130; x_wconf 80' lang='grc' dir='ltr'>δ’</span> <span class='ocrx_word' id='word_1_51' title='bbox 1103 1075 1269 1132; x_wconf 81' lang='grc' dir='ltr'>ἀλλου</span> <span class='ocrx_word' id='word_1_52' title='bbox 1306 1077 1384 1149; x_wconf 83' lang='grc' dir='ltr'>μὴ</span> <span class='ocrx_word' id='word_1_53' title='bbox 1410 1078 1566 1148; x_wconf 87' lang='grc' dir='ltr'>γέλα.</span> 
     </span>
    </p>
   </div>
   <div class='ocr_carea' id='block_1_11' title="bbox 266 1245 1791 1329">
    <p class='ocr_par' dir='ltr' id='par_1_11' title="bbox 266 1245 1791 1329">
     <span class='ocr_line' id='line_1_11' title="bbox 266 1245 1791 1329; baseline 0.009 -28"><span class='ocrx_word' id='word_1_54' title='bbox 266 1245 363 1316; x_wconf 82' lang='grc' dir='ltr'><strong>Μὴ</strong></span> <span class='ocrx_word' id='word_1_55' title='bbox 394 1246 631 1319; x_wconf 78' lang='grc' dir='ltr'>γελάσῃς</span> <span class='ocrx_word' id='word_1_56' title='bbox 663 1247 864 1319; x_wconf 80' lang='grc' dir='ltr'>πτῶμα</span> <span class='ocrx_word' id='word_1_57' title='bbox 890 1250 986 1306; x_wconf 84' lang='grc' dir='ltr'><strong>τοῦ</strong></span> <span class='ocrx_word' id='word_1_58' title='bbox 1030 1251 1226 1320; x_wconf 84' lang='grc' dir='ltr'><strong>πέλας.</strong></span> <span class='ocrx_word' id='word_1_59' title='bbox 1253 1255 1508 1312; x_wconf 80' lang='grc' dir='ltr'>Διάϐαινε</span> <span class='ocrx_word' id='word_1_60' title='bbox 1533 1257 1591 1312; x_wconf 80' lang='grc' dir='ltr'>δὲ</span> <span class='ocrx_word' id='word_1_61' title='bbox 1612 1259 1791 1329; x_wconf 82' lang='grc' dir='ltr'>ἀσφα-</span> 
     </span>
    </p>
   </div>
   <div class='ocr_carea' id='block_1_12' title="bbox 197 1337 1792 1424">
    <p class='ocr_par' dir='ltr' id='par_1_12' title="bbox 197 1337 1792 1424">
     <span class='ocr_line' id='line_1_12' title="bbox 197 1337 1792 1424; baseline 0.011 -35"><span class='ocrx_word' id='word_1_62' title='bbox 197 1337 320 1408; x_wconf 78' lang='grc' dir='ltr'>λὴς,</span> <span class='ocrx_word' id='word_1_63' title='bbox 375 1337 480 1410; x_wconf 81' lang='grc' dir='ltr'>ὅση</span> <span class='ocrx_word' id='word_1_64' title='bbox 512 1355 596 1394; x_wconf 86' lang='grc' dir='ltr'><strong>σοι</strong></span> <span class='ocrx_word' id='word_1_65' title='bbox 632 1338 884 1413; x_wconf 85' lang='grc' dir='ltr'>δύναμις,</span> <span class='ocrx_word' id='word_1_66' title='bbox 915 1342 1052 1398; x_wconf 88' lang='grc' dir='ltr'><strong>ἀλλά</strong></span> <span class='ocrx_word' id='word_1_67' title='bbox 1101 1347 1197 1400; x_wconf 79' lang='grc' dir='ltr'>καὶ</span> <span class='ocrx_word' id='word_1_68' title='bbox 1239 1346 1386 1402; x_wconf 83' lang='grc' dir='ltr'>δίδου</span> <span class='ocrx_word' id='word_1_69' title='bbox 1412 1352 1574 1422; x_wconf 84' lang='grc' dir='ltr'>χεῖρα</span> <span class='ocrx_word' id='word_1_70' title='bbox 1617 1353 1792 1424; x_wconf 77' lang='grc' dir='ltr'>χαμαὶ</span> 
     </span>
    </p>
   </div>
   <div class='ocr_carea' id='block_1_13' title="bbox 198 1429 804 1502">
    <p class='ocr_par' dir='ltr' id='par_1_13' title="bbox 198 1429 804 1502">
     <span class='ocr_line' id='line_1_13' title="bbox 198 1429 804 1502; baseline 0.005 -18"><span class='ocrx_word' id='word_1_71' title='bbox 198 1429 466 1502; x_wconf 78' lang='grc' dir='ltr'>κειμένῳ.</span> <span class='ocrx_word' id='word_1_72' title='bbox 801 1463 804 1465; x_wconf 54' lang='grc' dir='ltr'><strong>λ</strong></span> 
     </span>
    </p>
   </div>
   <div class='ocr_carea' id='block_1_14' title="bbox 262 1519 1792 1608">
    <p class='ocr_par' dir='ltr' id='par_1_14' title="bbox 262 1519 1792 1608">
     <span class='ocr_line' id='line_1_14' title="bbox 262 1519 1792 1608; baseline 0.01 -32"><span class='ocrx_word' id='word_1_73' title='bbox 262 1525 554 1596; x_wconf 74' lang='grc' dir='ltr'>Χρηστοὺς</span> <span class='ocrx_word' id='word_1_74' title='bbox 583 1519 727 1580; x_wconf 77' lang='grc' dir='ltr'>εἶναι</span> <span class='ocrx_word' id='word_1_75' title='bbox 774 1527 883 1601; x_wconf 77' lang='grc' dir='ltr'>χρὴ</span> <span class='ocrx_word' id='word_1_76' title='bbox 929 1529 1045 1594; x_wconf 86' lang='grc' dir='ltr'>τοῖς</span> <span class='ocrx_word' id='word_1_77' title='bbox 1089 1533 1525 1603; x_wconf 81' lang='grc' dir='ltr'>προεμπεσοῦσι,</span> <span class='ocrx_word' id='word_1_78' title='bbox 1577 1535 1672 1590; x_wconf 80' lang='grc' dir='ltr'>καὶ</span> <span class='ocrx_word' id='word_1_79' title='bbox 1713 1535 1792 1608; x_wconf 82' lang='grc' dir='ltr'><strong>τῷ</strong></span> 
     </span>
    </p>
   </div>
   <div class='ocr_carea' id='block_1_15' title="bbox 201 1617 904 1690">
    <p class='ocr_par' dir='ltr' id='par_1_15' title="bbox 201 1617 904 1690">
     <span class='ocr_line' id='line_1_15' title="bbox 201 1617 904 1690; baseline 0.007 -19"><span class='ocrx_word' id='word_1_80' title='bbox 201 1617 338 1690; x_wconf 78' lang='grc' dir='ltr'>ἐλέῳ</span> <span class='ocrx_word' id='word_1_81' title='bbox 357 1618 591 1673; x_wconf 81' lang='grc' dir='ltr'>κτᾶσθαι</span> <span class='ocrx_word' id='word_1_82' title='bbox 617 1619 708 1674; x_wconf 84' lang='grc' dir='ltr'>τὸν</span> <span class='ocrx_word' id='word_1_83' title='bbox 734 1619 904 1676; x_wconf 79' lang='grc' dir='ltr'>ἔλεον.</span> 
     </span>
    </p>
   </div>
   <div class='ocr_carea' id='block_1_16' title="bbox 279 1771 1792 1874">
    <p class='ocr_par' dir='ltr' id='par_1_16' title="bbox 279 1771 1792 1874">
     <span class='ocr_line' id='line_1_16' title="bbox 279 1771 1792 1874; baseline 0.01 -26"><span class='ocrx_word' id='word_1_84' title='bbox 279 1771 372 1849; x_wconf 64' lang='grc' dir='ltr'><strong>’ἐν</strong></span> <span class='ocrx_word' id='word_1_85' title='bbox 411 1797 532 1860; x_wconf 83' lang='grc' dir='ltr'>ταῖς</span> <span class='ocrx_word' id='word_1_86' title='bbox 560 1795 873 1867; x_wconf 79' lang='grc' dir='ltr'><strong>ἀλλοτρίαις</strong></span> <span class='ocrx_word' id='word_1_87' title='bbox 912 1802 1225 1874; x_wconf 78' lang='grc' dir='ltr'><strong>συμφοραῖς</strong></span> <span class='ocrx_word' id='word_1_88' title='bbox 1258 1801 1323 1858; x_wconf 78' lang='grc' dir='ltr'>τὰ</span> <span class='ocrx_word' id='word_1_89' title='bbox 1349 1803 1530 1860; x_wconf 75' lang='grc' dir='ltr'>οἰκεῖα</span> <span class='ocrx_word' id='word_1_90' title='bbox 1557 1806 1621 1862; x_wconf 77' lang='grc' dir='ltr'>εὖ</span> <span class='ocrx_word' id='word_1_91' title='bbox 1646 1807 1792 1863; x_wconf 82' lang='grc' dir='ltr'>τίθε-</span> 
     </span>
    </p>
   </div>
   <div class='ocr_carea' id='block_1_17' title="bbox 1890 633 3160 708">
    <p class='ocr_par' dir='ltr' id='par_1_17' title="bbox 1890 633 3160 708">
     <span class='ocr_line' id='line_1_17' title="bbox 1890 633 3160 708; baseline -0.002 -21"><span class='ocrx_word' id='word_1_92' title='bbox 1890 648 2038 696; x_wconf 88' lang='lat' dir='ltr'><strong>rum,</strong></span> <span class='ocrx_word' id='word_1_93' title='bbox 2068 641 2124 688; x_wconf 83' lang='lat' dir='ltr'><strong>et</strong></span> <span class='ocrx_word' id='word_1_94' title='bbox 2152 633 2296 690; x_wconf 79' lang='lat' dir='ltr'><strong>ﬁlios</strong></span> <span class='ocrx_word' id='word_1_95' title='bbox 2323 633 2498 708; x_wconf 81' lang='lat' dir='ltr'><strong>Amon</strong></span> <span class='ocrx_word' id='word_1_96' title='bbox 2526 633 2583 688; x_wconf 91' lang='lat' dir='ltr'><strong>in</strong></span> <span class='ocrx_word' id='word_1_97' title='bbox 2613 641 2864 705; x_wconf 76' lang='lat' dir='ltr'><strong>pastores</strong></span> <span class='ocrx_word' id='word_1_98' title='bbox 2897 633 3105 689; x_wconf 87' lang='lat' dir='ltr'><strong>ovium.</strong></span> <span class='ocrx_word' id='word_1_99' title='bbox 3139 649 3160 684; x_wconf 75' lang='grc' dir='ltr'><strong>ι</strong></span> 
     </span>
    </p>
   </div>
   <div class='ocr_carea' id='block_1_18' title="bbox 1964 813 3484 898">
    <p class='ocr_par' dir='ltr' id='par_1_18' title="bbox 1964 813 3484 898">
     <span class='ocr_line' id='line_1_18' title="bbox 1964 813 3484 898; baseline -0.001 -28"><span class='ocrx_word' id='word_1_100' title='bbox 1964 815 2028 870; x_wconf 87' lang='lat' dir='ltr'><strong>S.</strong></span> <span class='ocrx_word' id='word_1_101' title='bbox 2066 813 2224 886; x_wconf 59' lang='grc' dir='ltr'>(ἔτερ.</span> <span class='ocrx_word' id='word_1_102' title='bbox 2247 813 2517 869; x_wconf 59' lang='lat' dir='ltr'><strong>Narium.</strong></span> <span class='ocrx_word' id='word_1_103' title='bbox 2541 843 2614 854; x_wconf 94' lang='lat'><strong>-—</strong></span> <span class='ocrx_word' id='word_1_104' title='bbox 2643 813 2720 868; x_wconf 77' lang='lat' dir='ltr'><strong>Ex</strong></span> <span class='ocrx_word' id='word_1_105' title='bbox 2741 813 2980 870; x_wconf 90' lang='lat' dir='ltr'><strong>aliorum</strong></span> <span class='ocrx_word' id='word_1_106' title='bbox 3013 814 3192 886; x_wconf 73' lang='lat' dir='ltr'><strong>plaga,</strong></span> <span class='ocrx_word' id='word_1_107' title='bbox 3223 819 3390 885; x_wconf 87' lang='lat' dir='ltr'><strong>atque</strong></span> <span class='ocrx_word' id='word_1_108' title='bbox 3413 827 3484 898; x_wconf 77' lang='lat' dir='ltr'><strong>ex</strong></span> 
     </span>
    </p>
   </div>
   <div class='ocr_carea' id='block_1_19' title="bbox 1884 903 3484 976">
    <p class='ocr_par' dir='ltr' id='par_1_19' title="bbox 1884 903 3484 976">
     <span class='ocr_line' id='line_1_19' title="bbox 1884 903 3484 976; baseline -0.001 -17"><span class='ocrx_word' id='word_1_109' title='bbox 1884 905 2139 976; x_wconf 80' lang='lat' dir='ltr'><strong>ipsorum</strong></span> <span class='ocrx_word' id='word_1_110' title='bbox 2173 904 2581 960; x_wconf 72' lang='lat' dir='ltr'><strong>calamitatibus</strong></span> <span class='ocrx_word' id='word_1_111' title='bbox 2612 903 3000 959; x_wconf 85' lang='lat' dir='ltr'><strong>documentum</strong></span> <span class='ocrx_word' id='word_1_112' title='bbox 3040 903 3111 959; x_wconf 89' lang='lat' dir='ltr'><strong>ad</strong></span> <span class='ocrx_word' id='word_1_113' title='bbox 3144 919 3231 960; x_wconf 90' lang='lat' dir='ltr'><strong>res</strong></span> <span class='ocrx_word' id='word_1_114' title='bbox 3263 910 3484 960; x_wconf 87' lang='lat' dir='ltr'><strong>nostras</strong></span> 
     </span>
    </p>
   </div>
   <div class='ocr_carea' id='block_1_20' title="bbox 1893 994 3022 1067">
    <p class='ocr_par' dir='ltr' id='par_1_20' title="bbox 1893 994 3022 1067">
     <span class='ocr_line' id='line_1_20' title="bbox 1893 994 3022 1067; baseline -0.004 -13"><span class='ocrx_word' id='word_1_115' title='bbox 1893 1005 2039 1054; x_wconf 86' lang='lat' dir='ltr'><strong>recte</strong></span> <span class='ocrx_word' id='word_1_116' title='bbox 2062 995 2470 1067; x_wconf 85' lang='lat' dir='ltr'><strong>componendas</strong></span> <span class='ocrx_word' id='word_1_117' title='bbox 2491 1004 2712 1065; x_wconf 82' lang='lat' dir='ltr'><strong>captare</strong></span> <span class='ocrx_word' id='word_1_118' title='bbox 2735 994 3022 1051; x_wconf 85' lang='lat' dir='ltr'><strong>debemus.</strong></span> 
     </span>
    </p>
   </div>
   <div class='ocr_carea' id='block_1_21' title="bbox 1967 1085 3480 1159">
    <p class='ocr_par' dir='ltr' id='par_1_21' title="bbox 1967 1085 3480 1159">
     <span class='ocr_line' id='line_1_21' title="bbox 1967 1085 3480 1159; baseline -0.002 -16"><span class='ocrx_word' id='word_1_119' title='bbox 1967 1088 2134 1158; x_wconf 73' lang='lat' dir='ltr'><strong>Ejud.</strong></span> <span class='ocrx_word' id='word_1_120' title='bbox 2161 1116 2234 1130; x_wconf 91' lang='lat'><em>--</em></span> <span class='ocrx_word' id='word_1_121' title='bbox 2265 1085 2390 1144; x_wconf 88' lang='lat' dir='ltr'><strong>Tibi</strong></span> <span class='ocrx_word' id='word_1_122' title='bbox 2420 1088 2528 1159; x_wconf 84' lang='lat' dir='ltr'><strong>ipsi</strong></span> <span class='ocrx_word' id='word_1_123' title='bbox 2576 1087 2825 1155; x_wconf 81' lang='lat' dir='ltr'><strong>cavesis,</strong></span> <span class='ocrx_word' id='word_1_124' title='bbox 2860 1101 2964 1142; x_wconf 90' lang='lat' dir='ltr'><strong>nec</strong></span> <span class='ocrx_word' id='word_1_125' title='bbox 3013 1087 3240 1144; x_wconf 78' lang='lat' dir='ltr'><strong>alterius</strong></span> <span class='ocrx_word' id='word_1_126' title='bbox 3288 1096 3480 1142; x_wconf 86' lang='lat' dir='ltr'><strong>casum</strong></span> 
     </span>
    </p>
   </div>
   <div class='ocr_carea' id='block_1_22' title="bbox 1891 1180 2170 1238">
    <p class='ocr_par' dir='ltr' id='par_1_22' title="bbox 1891 1180 2170 1238">
     <span class='ocr_line' id='line_1_22' title="bbox 1891 1180 2170 1238; baseline 0 0"><span class='ocrx_word' id='word_1_127' title='bbox 1891 1180 2170 1238; x_wconf 86' lang='lat' dir='ltr'><strong>derideas.</strong></span> 
     </span>
    </p>
   </div>
   <div class='ocr_carea' id='block_1_23' title="bbox 1961 1255 3482 1340">
    <p class='ocr_par' dir='ltr' id='par_1_23' title="bbox 1961 1255 3482 1340">
     <span class='ocr_line' id='line_1_23' title="bbox 1961 1255 3482 1340; baseline -0.004 -16"><span class='ocrx_word' id='word_1_128' title='bbox 1961 1268 2160 1340; x_wconf 79' lang='lat' dir='ltr'><strong>Ejusd.</strong></span> <span class='ocrx_word' id='word_1_129' title='bbox 2180 1298 2252 1310; x_wconf 91' lang='lat'><strong>——</strong></span> <span class='ocrx_word' id='word_1_130' title='bbox 2271 1267 2354 1326; x_wconf 81' lang='lat' dir='ltr'><strong>Ne</strong></span> <span class='ocrx_word' id='word_1_131' title='bbox 2381 1255 2547 1325; x_wconf 85' lang='lat' dir='ltr'><strong>vicini</strong></span> <span class='ocrx_word' id='word_1_132' title='bbox 2571 1282 2763 1325; x_wconf 85' lang='lat' dir='ltr'><strong>casum</strong></span> <span class='ocrx_word' id='word_1_133' title='bbox 2799 1266 3006 1325; x_wconf 84' lang='lat' dir='ltr'><strong>rideas.</strong></span> <span class='ocrx_word' id='word_1_134' title='bbox 3044 1265 3250 1322; x_wconf 19' lang='lat' dir='ltr'><strong>Verum.</strong></span> <span class='ocrx_word' id='word_1_135' title='bbox 3271 1273 3328 1322; x_wconf 89' lang='lat' dir='ltr'><strong>tu</strong></span> <span class='ocrx_word' id='word_1_136' title='bbox 3358 1264 3482 1336; x_wconf 84' lang='lat' dir='ltr'><strong>qui-</strong></span> 
     </span>
    </p>
   </div>
   <div class='ocr_carea' id='block_1_24' title="bbox 1892 1357 3482 1432">
    <p class='ocr_par' dir='ltr' id='par_1_24' title="bbox 1892 1357 3482 1432">
     <span class='ocr_line' id='line_1_24' title="bbox 1892 1357 3482 1432; baseline -0.004 -15"><span class='ocrx_word' id='word_1_137' title='bbox 1892 1361 2037 1426; x_wconf 90' lang='lat' dir='ltr'><strong>dem,</strong></span> <span class='ocrx_word' id='word_1_138' title='bbox 2069 1376 2235 1432; x_wconf 91' lang='lat' dir='ltr'><strong>quam</strong></span> <span class='ocrx_word' id='word_1_139' title='bbox 2271 1360 2549 1418; x_wconf 83' lang='lat' dir='ltr'><strong>tutissime</strong></span> <span class='ocrx_word' id='word_1_140' title='bbox 2588 1360 2818 1431; x_wconf 86' lang='lat' dir='ltr'><strong>poteris,</strong></span> <span class='ocrx_word' id='word_1_141' title='bbox 2875 1359 3094 1425; x_wconf 85' lang='lat' dir='ltr'><strong>incede,</strong></span> <span class='ocrx_word' id='word_1_142' title='bbox 3143 1372 3210 1414; x_wconf 85' lang='lat' dir='ltr'><strong>ac</strong></span> <span class='ocrx_word' id='word_1_143' title='bbox 3258 1357 3337 1413; x_wconf 86' lang='lat' dir='ltr'><strong>illi</strong></span> <span class='ocrx_word' id='word_1_144' title='bbox 3386 1357 3482 1429; x_wconf 85' lang='lat' dir='ltr'><strong>qui</strong></span> 
     </span>
    </p>
   </div>
   <div class='ocr_carea' id='block_1_25' title="bbox 1894 1455 2774 1527">
    <p class='ocr_par' dir='ltr' id='par_1_25' title="bbox 1894 1455 2774 1527">
     <span class='ocr_line' id='line_1_25' title="bbox 1894 1455 2774 1527; baseline -0.002 -15"><span class='ocrx_word' id='word_1_145' title='bbox 1894 1456 2046 1512; x_wconf 90' lang='lat' dir='ltr'><strong>humi</strong></span> <span class='ocrx_word' id='word_1_146' title='bbox 2073 1455 2241 1527; x_wconf 84' lang='lat' dir='ltr'><strong>jacet,</strong></span> <span class='ocrx_word' id='word_1_147' title='bbox 2275 1469 2497 1510; x_wconf 88' lang='lat' dir='ltr'><strong>manum</strong></span> <span class='ocrx_word' id='word_1_148' title='bbox 2531 1455 2774 1526; x_wconf 74' lang='lat' dir='ltr'><strong>porrige.</strong></span> 
     </span>
    </p>
   </div>
   <div class='ocr_carea' id='block_1_26' title="bbox 1966 1541 3484 1618">
    <p class='ocr_par' dir='ltr' id='par_1_26' title="bbox 1966 1541 3484 1618">
     <span class='ocr_line' id='line_1_26' title="bbox 1966 1541 3484 1618; baseline -0.005 -15"><span class='ocrx_word' id='word_1_149' title='bbox 1966 1546 2156 1617; x_wconf 79' lang='lat' dir='ltr'><strong>Ejusd.</strong></span> <span class='ocrx_word' id='word_1_150' title='bbox 2177 1575 2249 1604; x_wconf 87' lang='lat'><strong>-.-—</strong></span> <span class='ocrx_word' id='word_1_151' title='bbox 2285 1546 2564 1618; x_wconf 73' lang='lat' dir='ltr'><strong>Benignos</strong></span> <span class='ocrx_word' id='word_1_152' title='bbox 2596 1561 2698 1602; x_wconf 86' lang='lat' dir='ltr'><strong>nos</strong></span> <span class='ocrx_word' id='word_1_153' title='bbox 2725 1561 2850 1603; x_wconf 88' lang='lat' dir='ltr'><strong>esse</strong></span> <span class='ocrx_word' id='word_1_154' title='bbox 2887 1552 3108 1616; x_wconf 84' lang='lat' dir='ltr'><strong>Oportet</strong></span> <span class='ocrx_word' id='word_1_155' title='bbox 3152 1544 3206 1600; x_wconf 90' lang='lat' dir='ltr'><strong>in</strong></span> <span class='ocrx_word' id='word_1_156' title='bbox 3236 1543 3362 1600; x_wconf 86' lang='lat' dir='ltr'><strong>illos</strong></span> <span class='ocrx_word' id='word_1_157' title='bbox 3385 1541 3484 1614; x_wconf 87' lang='lat' dir='ltr'><strong>qui</strong></span> 
     </span>
    </p>
   </div>
   <div class='ocr_carea' id='block_1_27' title="bbox 1893 1634 3480 1708">
    <p class='ocr_par' dir='ltr' id='par_1_27' title="bbox 1893 1634 3480 1708">
     <span class='ocr_line' id='line_1_27' title="bbox 1893 1634 3480 1708; baseline -0.005 -12"><span class='ocrx_word' id='word_1_158' title='bbox 1893 1640 1952 1696; x_wconf 93' lang='lat' dir='ltr'><strong>in</strong></span> <span class='ocrx_word' id='word_1_159' title='bbox 1989 1637 2333 1695; x_wconf 83' lang='lat' dir='ltr'><strong>calamitates</strong></span> <span class='ocrx_word' id='word_1_160' title='bbox 2373 1638 2531 1708; x_wconf 90' lang='lat' dir='ltr'><strong>prius</strong></span> <span class='ocrx_word' id='word_1_161' title='bbox 2563 1636 2898 1702; x_wconf 88' lang='lat' dir='ltr'><strong>inciderunt,</strong></span> <span class='ocrx_word' id='word_1_162' title='bbox 2931 1649 2998 1690; x_wconf 92' lang='lat' dir='ltr'><strong>ac</strong></span> <span class='ocrx_word' id='word_1_163' title='bbox 3026 1650 3125 1708; x_wconf 88' lang='lat' dir='ltr'><strong>per</strong></span> <span class='ocrx_word' id='word_1_164' title='bbox 3155 1634 3480 1692; x_wconf 87' lang='lat' dir='ltr'><strong>misericor-</strong></span> 
     </span>
    </p>
   </div>
   <div class='ocr_carea' id='block_1_28' title="bbox 1892 1727 3058 1787">
    <p class='ocr_par' dir='ltr' id='par_1_28' title="bbox 1892 1727 3058 1787">
     <span class='ocr_line' id='line_1_28' title="bbox 1892 1727 3058 1787; baseline -0.004 -1"><span class='ocrx_word' id='word_1_165' title='bbox 1892 1731 2038 1786; x_wconf 87' lang='lat' dir='ltr'><strong>diam</strong></span> <span class='ocrx_word' id='word_1_166' title='bbox 2075 1730 2511 1787; x_wconf 88' lang='lat' dir='ltr'><strong>misericordiam</strong></span> <span class='ocrx_word' id='word_1_167' title='bbox 2547 1729 2706 1784; x_wconf 86' lang='lat' dir='ltr'><strong>nobis</strong></span> <span class='ocrx_word' id='word_1_168' title='bbox 2737 1727 3058 1785; x_wconf 88' lang='lat' dir='ltr'><strong>conciliare.</strong></span> 
     </span>
    </p>
   </div>
   <div class='ocr_carea' id='block_1_29' title="bbox 1967 1813 3482 1895">
    <p class='ocr_par' dir='ltr' id='par_1_29' title="bbox 1967 1813 3482 1895">
     <span class='ocr_line' id='line_1_29' title="bbox 1967 1813 3482 1895; baseline -0.006 -17"><span class='ocrx_word' id='word_1_169' title='bbox 1967 1822 2338 1895; x_wconf 67' lang='lat' dir='ltr'><strong>Ejusd.—ln</strong></span> <span class='ocrx_word' id='word_1_170' title='bbox 2379 1821 2575 1877; x_wconf 89' lang='lat' dir='ltr'><strong>alienis</strong></span> <span class='ocrx_word' id='word_1_171' title='bbox 2613 1818 3031 1876; x_wconf 89' lang='lat' dir='ltr'><strong>calamitatibus</strong></span> <span class='ocrx_word' id='word_1_172' title='bbox 3065 1817 3233 1873; x_wconf 84' lang='lat' dir='ltr'><strong>rebus</strong></span> <span class='ocrx_word' id='word_1_173' title='bbox 3273 1813 3482 1872; x_wconf 78' lang='lat' dir='ltr'><strong>nostris</strong></span> 
     </span>
    </p>
   </div>
   <div class='ocr_carea' id='block_1_30' title="bbox 203 1884 1781 1989">
    <p class='ocr_par' dir='ltr' id='par_1_30' title="bbox 203 1884 1781 1989">
     <span class='ocr_line' id='line_1_30' title="bbox 203 1884 1781 1989; baseline 0.009 -51"><span class='ocrx_word' id='word_1_174' title='bbox 203 1884 326 1989; x_wconf 68' lang='grc' dir='ltr'>σθαι</span> <span class='ocrx_word' id='word_1_175' title='bbox 358 1885 488 1958; x_wconf 75' lang='grc' dir='ltr'>χρὴ,</span> <span class='ocrx_word' id='word_1_176' title='bbox 521 1888 648 1989; x_wconf 39' lang='grc' dir='ltr'>ικαὶ.</span> <span class='ocrx_word' id='word_1_177' title='bbox 677 1888 945 1955; x_wconf 75' lang='grc' dir='ltr'>δανείζειν</span> <span class='ocrx_word' id='word_1_178' title='bbox 971 1890 1092 1964; x_wconf 83' lang='grc' dir='ltr'><strong>Θεῷ</strong></span> <span class='ocrx_word' id='word_1_179' title='bbox 1137 1893 1231 1948; x_wconf 80' lang='grc' dir='ltr'>τὸν</span> <span class='ocrx_word' id='word_1_180' title='bbox 1265 1892 1414 1948; x_wconf 76' lang='grc' dir='ltr'>ἔλεον</span> <span class='ocrx_word' id='word_1_181' title='bbox 1445 1896 1631 1964; x_wconf 91' lang='grc' dir='ltr'>ἐλέους</span> <span class='ocrx_word' id='word_1_182' title='bbox 1655 1900 1781 1973; x_wconf 71' lang='grc' dir='ltr'>χρῄ-</span> 
     </span>
    </p>
   </div>
   <div class='ocr_carea' id='block_1_31' title="bbox 1897 1884 3479 1989">
    <p class='ocr_par' dir='ltr' id='par_1_31' title="bbox 1897 1907 3479 1989">
     <span class='ocr_line' id='line_1_31' title="bbox 1897 1907 3479 1989; baseline -0.007 -17"><span class='ocrx_word' id='word_1_183' title='bbox 1897 1917 2233 1989; x_wconf 80' lang='lat' dir='ltr'><strong>prospicere,</strong></span> <span class='ocrx_word' id='word_1_184' title='bbox 2287 1922 2344 1970; x_wconf 86' lang='lat' dir='ltr'><strong>et</strong></span> <span class='ocrx_word' id='word_1_185' title='bbox 2387 1914 2500 1970; x_wconf 92' lang='lat' dir='ltr'><strong>Deo</strong></span> <span class='ocrx_word' id='word_1_186' title='bbox 2532 1911 2970 1968; x_wconf 87' lang='lat' dir='ltr'><strong>misericordiam</strong></span> <span class='ocrx_word' id='word_1_187' title='bbox 3023 1909 3276 1966; x_wconf 78' lang='lat' dir='ltr'><strong>fenerare</strong></span> <span class='ocrx_word' id='word_1_188' title='bbox 3319 1907 3479 1963; x_wconf 87' lang='lat' dir='ltr'><strong>debe-</strong></span> 
     </span>
    </p>
   </div>
   <div class='ocr_carea' id='block_1_32' title="bbox 199 1977 1796 2062">
    <p class='ocr_par' dir='ltr' id='par_1_32' title="bbox 199 1977 1796 2062">
     <span class='ocr_line' id='line_1_32' title="bbox 199 1977 1796 2062; baseline 0.012 -35"><span class='ocrx_word' id='word_1_189' title='bbox 199 1977 416 2042; x_wconf 76' lang='grc' dir='ltr'>ζοντας,</span> <span class='ocrx_word' id='word_1_190' title='bbox 447 1977 546 2031; x_wconf 77' lang='grc' dir='ltr'>καὶ</span> <span class='ocrx_word' id='word_1_191' title='bbox 589 1979 667 2050; x_wconf 75' lang='grc' dir='ltr'>μὴ</span> <span class='ocrx_word' id='word_1_192' title='bbox 696 1983 1064 2053; x_wconf 78' lang='grc' dir='ltr'>καταφρονεῖν</span> <span class='ocrx_word' id='word_1_193' title='bbox 1090 1981 1201 2039; x_wconf 86' lang='grc' dir='ltr'><strong>τῶν</strong></span> <span class='ocrx_word' id='word_1_194' title='bbox 1236 1985 1566 2059; x_wconf 82' lang='grc' dir='ltr'>ἀνθρώπων,</span> <span class='ocrx_word' id='word_1_195' title='bbox 1589 1989 1796 2062; x_wconf 85' lang='grc' dir='ltr'>ἀνθρώ-</span> 
     </span>
    </p>
   </div>
   <div class='ocr_carea' id='block_1_33' title="bbox 202 2068 552 2134">
    <p class='ocr_par' dir='ltr' id='par_1_33' title="bbox 202 2068 552 2134">
     <span class='ocr_line' id='line_1_33' title="bbox 202 2068 552 2134; baseline 0.006 -12"><span class='ocrx_word' id='word_1_196' title='bbox 202 2084 341 2132; x_wconf 87' lang='grc' dir='ltr'>πους</span> <span class='ocrx_word' id='word_1_197' title='bbox 369 2068 552 2134; x_wconf 77' lang='grc' dir='ltr'>ὄντας.</span> 
     </span>
    </p>
   </div>
   <div class='ocr_carea' id='block_1_34' title="bbox 272 2161 1794 2246">
    <p class='ocr_par' dir='ltr' id='par_1_34' title="bbox 272 2161 1794 2246">
     <span class='ocr_line' id='line_1_34' title="bbox 272 2161 1794 2246; baseline 0.011 -32"><span class='ocrx_word' id='word_1_198' title='bbox 272 2161 444 2215; x_wconf 89' lang='grc' dir='ltr'>Ὅταν</span> <span class='ocrx_word' id='word_1_199' title='bbox 497 2161 615 2235; x_wconf 79' lang='grc' dir='ltr'>ίδῃς</span> <span class='ocrx_word' id='word_1_200' title='bbox 644 2162 736 2218; x_wconf 77' lang='grc' dir='ltr'>τὸν</span> <span class='ocrx_word' id='word_1_201' title='bbox 769 2164 966 2238; x_wconf 75' lang='grc' dir='ltr'>ἐχθρὸν</span> <span class='ocrx_word' id='word_1_202' title='bbox 1010 2166 1326 2240; x_wconf 75' lang='grc' dir='ltr'>ἐμπεσόντα</span> <span class='ocrx_word' id='word_1_203' title='bbox 1355 2171 1438 2235; x_wconf 88' lang='grc' dir='ltr'><strong>είς</strong></span> <span class='ocrx_word' id='word_1_204' title='bbox 1475 2171 1578 2238; x_wconf 82' lang='grc' dir='ltr'><strong>τὰς</strong></span> <span class='ocrx_word' id='word_1_205' title='bbox 1603 2175 1794 2246; x_wconf 86' lang='grc' dir='ltr'>χεῖρας</span> 
     </span>
    </p>
   </div>
   <div class='ocr_carea' id='block_1_35' title="bbox 196 2251 1793 2336">
    <p class='ocr_par' dir='ltr' id='par_1_35' title="bbox 196 2251 1793 2336">
     <span class='ocr_line' id='line_1_35' title="bbox 196 2251 1793 2336; baseline 0.011 -31"><span class='ocrx_word' id='word_1_206' title='bbox 196 2251 298 2316; x_wconf 74' lang='grc' dir='ltr'><strong>τὰς</strong></span> <span class='ocrx_word' id='word_1_207' title='bbox 323 2253 444 2320; x_wconf 84' lang='grc' dir='ltr'><strong>σάς,</strong></span> <span class='ocrx_word' id='word_1_208' title='bbox 477 2253 552 2324; x_wconf 83' lang='grc' dir='ltr'>μὴ</span> <span class='ocrx_word' id='word_1_209' title='bbox 587 2254 780 2326; x_wconf 81' lang='grc' dir='ltr'>νόμιζε</span> <span class='ocrx_word' id='word_1_210' title='bbox 830 2257 1126 2330; x_wconf 73' lang='grc' dir='ltr'><strong>τιμωρίας,</strong></span> <span class='ocrx_word' id='word_1_211' title='bbox 1183 2260 1320 2316; x_wconf 87' lang='grc' dir='ltr'><strong>ἀλλά</strong></span> <span class='ocrx_word' id='word_1_212' title='bbox 1347 2264 1622 2336; x_wconf 73' lang='grc' dir='ltr'>σωτηρίας</span> <span class='ocrx_word' id='word_1_213' title='bbox 1647 2267 1793 2322; x_wconf 86' lang='grc' dir='ltr'>ἐκεῖ-</span> 
     </span>
    </p>
   </div>
   <div class='ocr_carea' id='block_1_36' title="bbox 197 2341 1793 2426">
    <p class='ocr_par' dir='ltr' id='par_1_36' title="bbox 197 2341 1793 2426">
     <span class='ocr_line' id='line_1_36' title="bbox 197 2341 1793 2426; baseline 0.009 -29"><span class='ocrx_word' id='word_1_214' title='bbox 197 2362 289 2399; x_wconf 89' lang='grc' dir='ltr'><strong>νον</strong></span> <span class='ocrx_word' id='word_1_215' title='bbox 315 2341 456 2400; x_wconf 77' lang='grc' dir='ltr'>εἶναι</span> <span class='ocrx_word' id='word_1_216' title='bbox 486 2346 579 2402; x_wconf 78' lang='grc' dir='ltr'><strong>τὸν</strong></span> <span class='ocrx_word' id='word_1_217' title='bbox 611 2348 828 2420; x_wconf 89' lang='grc' dir='ltr'>καιρόν.</span> <span class='ocrx_word' id='word_1_218' title='bbox 859 2349 967 2406; x_wconf 72' lang='grc' dir='ltr'>Διά</span> <span class='ocrx_word' id='word_1_219' title='bbox 1016 2351 1180 2406; x_wconf 69' lang='grc' dir='ltr'>τοῦτο</span> <span class='ocrx_word' id='word_1_220' title='bbox 1205 2353 1330 2408; x_wconf 86' lang='grc' dir='ltr'>τότε</span> <span class='ocrx_word' id='word_1_221' title='bbox 1355 2355 1594 2426; x_wconf 85' lang='grc' dir='ltr'>μάλιστα</span> <span class='ocrx_word' id='word_1_222' title='bbox 1617 2358 1793 2426; x_wconf 80' lang='grc' dir='ltr'>φείδε-</span> 
     </span>
    </p>
   </div>
   <div class='ocr_carea' id='block_1_37' title="bbox 200 2432 1788 2520">
    <p class='ocr_par' dir='ltr' id='par_1_37' title="bbox 200 2432 1788 2520">
     <span class='ocr_line' id='line_1_37' title="bbox 200 2432 1788 2520; baseline 0.009 -34"><span class='ocrx_word' id='word_1_223' title='bbox 200 2433 324 2487; x_wconf 87' lang='grc' dir='ltr'>σθαι</span> <span class='ocrx_word' id='word_1_224' title='bbox 345 2433 432 2488; x_wconf 84' lang='grc' dir='ltr'><strong>δεῖ</strong></span> <span class='ocrx_word' id='word_1_225' title='bbox 453 2434 564 2490; x_wconf 87' lang='grc' dir='ltr'><strong>τῶν</strong></span> <span class='ocrx_word' id='word_1_226' title='bbox 596 2436 830 2508; x_wconf 84' lang='grc' dir='ltr'>ἐχθρῶν,</span> <span class='ocrx_word' id='word_1_227' title='bbox 864 2439 992 2495; x_wconf 84' lang='grc' dir='ltr'>ὅταν</span> <span class='ocrx_word' id='word_1_228' title='bbox 1042 2440 1228 2505; x_wconf 67' lang='grc' dir='ltr'>αὐτῶν</span> <span class='ocrx_word' id='word_1_229' title='bbox 1265 2432 1558 2514; x_wconf 55' lang='grc' dir='ltr'>γενώμεθα</span> <span class='ocrx_word' id='word_1_230' title='bbox 1586 2445 1788 2520; x_wconf 85' lang='grc' dir='ltr'>κύριοι.</span> 
     </span>
    </p>
   </div>
   <div class='ocr_carea' id='block_1_38' title="bbox 198 2523 1790 2605">
    <p class='ocr_par' dir='ltr' id='par_1_38' title="bbox 198 2523 1790 2605">
     <span class='ocr_line' id='line_1_38' title="bbox 198 2523 1790 2605; baseline 0.011 -27"><span class='ocrx_word' id='word_1_231' title='bbox 198 2523 391 2579; x_wconf 72' lang='grc' dir='ltr'>Πολλοὶ</span> <span class='ocrx_word' id='word_1_232' title='bbox 419 2525 662 2597; x_wconf 80' lang='grc' dir='ltr'>βασιλεῖς</span> <span class='ocrx_word' id='word_1_233' title='bbox 693 2529 786 2585; x_wconf 78' lang='grc' dir='ltr'>ἐπὶ</span> <span class='ocrx_word' id='word_1_234' title='bbox 824 2530 925 2604; x_wconf 82' lang='grc' dir='ltr'>τὴν</span> <span class='ocrx_word' id='word_1_235' title='bbox 960 2531 1138 2605; x_wconf 77' lang='grc' dir='ltr'>ἀρχὴν</span> <span class='ocrx_word' id='word_1_236' title='bbox 1167 2533 1436 2602; x_wconf 87' lang='grc' dir='ltr'>ἐλθόντες,</span> <span class='ocrx_word' id='word_1_237' title='bbox 1465 2538 1596 2602; x_wconf 86' lang='grc' dir='ltr'>τοὺς</span> <span class='ocrx_word' id='word_1_238' title='bbox 1619 2539 1790 2595; x_wconf 80' lang='grc' dir='ltr'>πάλαι</span> 
     </span>
    </p>
   </div>
   <div class='ocr_carea' id='block_1_39' title="bbox 196 2612 1790 2702">
    <p class='ocr_par' dir='ltr' id='par_1_39' title="bbox 196 2612 1790 2702">
     <span class='ocr_line' id='line_1_39' title="bbox 196 2612 1790 2702; baseline 0.014 -37"><span class='ocrx_word' id='word_1_239' title='bbox 196 2612 576 2688; x_wconf 87' lang='grc' dir='ltr'>λελυπηκότας</span> <span class='ocrx_word' id='word_1_240' title='bbox 603 2617 885 2686; x_wconf 89' lang='grc' dir='ltr'>λαϐόντες,</span> <span class='ocrx_word' id='word_1_241' title='bbox 917 2621 1070 2686; x_wconf 81' lang='grc' dir='ltr'>ἀξιον</span> <span class='ocrx_word' id='word_1_242' title='bbox 1132 2623 1314 2678; x_wconf 80' lang='grc' dir='ltr'>αὐτῶν</span> <span class='ocrx_word' id='word_1_243' title='bbox 1343 2619 1486 2681; x_wconf 78' lang='grc' dir='ltr'>εῖναι</span> <span class='ocrx_word' id='word_1_244' title='bbox 1525 2627 1790 2702; x_wconf 79' lang='grc' dir='ltr'>ἐνόμισαν</span> 
     </span>
    </p>
   </div>
   <div class='ocr_carea' id='block_1_40' title="bbox 195 2705 1791 2790">
    <p class='ocr_par' dir='ltr' id='par_1_40' title="bbox 195 2705 1791 2790">
     <span class='ocr_line' id='line_1_40' title="bbox 195 2705 1791 2790; baseline 0.012 -31"><span class='ocrx_word' id='word_1_245' title='bbox 195 2705 352 2778; x_wconf 86' lang='grc' dir='ltr'>δίκην</span> <span class='ocrx_word' id='word_1_246' title='bbox 399 2708 476 2781; x_wconf 74' lang='grc' dir='ltr'>μὴ</span> <span class='ocrx_word' id='word_1_247' title='bbox 525 2709 834 2782; x_wconf 82' lang='grc' dir='ltr'>ἀπαιτῆσαι</span> <span class='ocrx_word' id='word_1_248' title='bbox 872 2713 984 2769; x_wconf 88' lang='grc' dir='ltr'><strong>τῶν</strong></span> <span class='ocrx_word' id='word_1_249' title='bbox 1044 2714 1631 2790; x_wconf 86' lang='grc' dir='ltr'>πεπλημμελημένων,</span> <span class='ocrx_word' id='word_1_250' title='bbox 1693 2724 1791 2778; x_wconf 73' lang='grc' dir='ltr'>καὶ</span> 
     </span>
    </p>
   </div>
   <div class='ocr_carea' id='block_1_41' title="bbox 195 2796 1793 2885">
    <p class='ocr_par' dir='ltr' id='par_1_41' title="bbox 195 2796 1793 2885">
     <span class='ocr_line' id='line_1_41' title="bbox 195 2796 1793 2885; baseline -0.003 -23"><span class='ocrx_word' id='word_1_251' title='bbox 195 2796 294 2869; x_wconf 77' lang='grc' dir='ltr'>τῆς</span> <span class='ocrx_word' id='word_1_252' title='bbox 321 2797 579 2868; x_wconf 77' lang='grc' dir='ltr'>ἐξουσίας</span> <span class='ocrx_word' id='word_1_253' title='bbox 616 2803 652 2874; x_wconf 75' lang='grc' dir='ltr'>ἡ</span> <span class='ocrx_word' id='word_1_254' title='bbox 700 2804 994 2877; x_wconf 76' lang='grc' dir='ltr'>περιουσία</span> <span class='ocrx_word' id='word_1_255' title='bbox 1015 2807 1369 2880; x_wconf 79' lang='grc' dir='ltr'>καταλλαγῆς</span> <span class='ocrx_word' id='word_1_256' title='bbox 1412 2811 1672 2878; x_wconf 82' lang='grc' dir='ltr'>ὑπόθεσις</span> <span class='ocrx_word' id='word_1_257' title='bbox 1701 2815 1793 2885; x_wconf 81' lang='grc' dir='ltr'><strong>γέ.</strong></span> 
     </span>
    </p>
   </div>
   <div class='ocr_carea' id='block_1_42' title="bbox 197 2906 376 2959">
    <p class='ocr_par' dir='ltr' id='par_1_42' title="bbox 197 2906 376 2959">
     <span class='ocr_line' id='line_1_42' title="bbox 197 2906 376 2959; baseline 0.028 -15"><span class='ocrx_word' id='word_1_258' title='bbox 197 2906 376 2959; x_wconf 83' lang='grc' dir='ltr'>γονεν.</span> 
     </span>
    </p>
   </div>
   <div class='ocr_carea' id='block_1_43' title="bbox 259 3072 1784 3160">
    <p class='ocr_par' dir='ltr' id='par_1_43' title="bbox 259 3072 1784 3160">
     <span class='ocr_line' id='line_1_43' title="bbox 259 3072 1784 3160; baseline 0.014 -33"><span class='ocrx_word' id='word_1_259' title='bbox 259 3072 429 3130; x_wconf 82' lang='grc' dir='ltr'>Οὐδὲν</span> <span class='ocrx_word' id='word_1_260' title='bbox 461 3074 875 3152; x_wconf 83' lang='grc' dir='ltr'>ἀσφαλέστερον</span> <span class='ocrx_word' id='word_1_261' title='bbox 906 3081 1002 3138; x_wconf 79' lang='grc' dir='ltr'><strong>τοῦ</strong></span> <span class='ocrx_word' id='word_1_262' title='bbox 1051 3079 1336 3152; x_wconf 85' lang='grc' dir='ltr'>φείδεσθαι</span> <span class='ocrx_word' id='word_1_263' title='bbox 1383 3085 1493 3142; x_wconf 86' lang='grc' dir='ltr'><strong>τῶν</strong></span> <span class='ocrx_word' id='word_1_264' title='bbox 1549 3087 1784 3160; x_wconf 84' lang='grc' dir='ltr'>ἐχθρῶν·</span> 
     </span>
    </p>
   </div>
   <div class='ocr_carea' id='block_1_44' title="bbox 189 3164 1787 3246">
    <p class='ocr_par' dir='ltr' id='par_1_44' title="bbox 189 3164 1787 3246">
     <span class='ocr_line' id='line_1_44' title="bbox 189 3164 1787 3246; baseline 0.013 -27"><span class='ocrx_word' id='word_1_265' title='bbox 189 3164 341 3222; x_wconf 80' lang='grc' dir='ltr'>οὐδὲν</span> <span class='ocrx_word' id='word_1_266' title='bbox 373 3168 791 3244; x_wconf 76' lang='grc' dir='ltr'>σφαλερώτερον</span> <span class='ocrx_word' id='word_1_267' title='bbox 830 3171 926 3227; x_wconf 83' lang='grc' dir='ltr'>τοῦ</span> <span class='ocrx_word' id='word_1_268' title='bbox 962 3173 1248 3246; x_wconf 83' lang='grc' dir='ltr'>βούλεσθαι</span> <span class='ocrx_word' id='word_1_269' title='bbox 1272 3176 1568 3235; x_wconf 87' lang='grc' dir='ltr'>διεκδικεῑν</span> <span class='ocrx_word' id='word_1_270' title='bbox 1591 3182 1787 3238; x_wconf 83' lang='grc' dir='ltr'>ἑαυτὸν</span> 
     </span>
    </p>
   </div>
   <div class='ocr_carea' id='block_1_45' title="bbox 190 3258 649 3331">
    <p class='ocr_par' dir='ltr' id='par_1_45' title="bbox 190 3258 649 3331">
     <span class='ocr_line' id='line_1_45' title="bbox 190 3258 649 3331; baseline 0.013 -20"><span class='ocrx_word' id='word_1_271' title='bbox 190 3258 286 3312; x_wconf 81' lang='grc' dir='ltr'>καὶ</span> <span class='ocrx_word' id='word_1_272' title='bbox 315 3259 649 3331; x_wconf 82' lang='grc' dir='ltr'>ἀμύνεσθαι.</span> 
     </span>
    </p>
   </div>
   <div class='ocr_carea' id='block_1_46' title="bbox 256 3353 1783 3433">
    <p class='ocr_par' dir='ltr' id='par_1_46' title="bbox 256 3353 1783 3433">
     <span class='ocr_line' id='line_1_46' title="bbox 256 3353 1783 3433; baseline 0.012 -28"><span class='ocrx_word' id='word_1_273' title='bbox 256 3353 447 3424; x_wconf 86' lang='grc' dir='ltr'>Πολλῷ</span> <span class='ocrx_word' id='word_1_274' title='bbox 475 3355 663 3424; x_wconf 81' lang='grc' dir='ltr'>μεῖζον</span> <span class='ocrx_word' id='word_1_275' title='bbox 685 3357 780 3412; x_wconf 78' lang='grc' dir='ltr'>καὶ</span> <span class='ocrx_word' id='word_1_276' title='bbox 810 3359 1251 3433; x_wconf 83' lang='grc' dir='ltr'>κερδαλεώτερον</span> <span class='ocrx_word' id='word_1_277' title='bbox 1279 3364 1342 3418; x_wconf 86' lang='grc' dir='ltr'><strong>τδ</strong></span> <span class='ocrx_word' id='word_1_278' title='bbox 1370 3364 1662 3433; x_wconf 83' lang='grc' dir='ltr'>φείσασθαι</span> <span class='ocrx_word' id='word_1_279' title='bbox 1687 3369 1783 3424; x_wconf 84' lang='grc' dir='ltr'><strong>τοῦ</strong></span> 
     </span>
    </p>
   </div>
   <div class='ocr_carea' id='block_1_47' title="bbox 185 3441 1785 3528">
    <p class='ocr_par' dir='ltr' id='par_1_47' title="bbox 185 3441 1785 3528">
     <span class='ocr_line' id='line_1_47' title="bbox 185 3441 1785 3528; baseline 0.011 -33"><span class='ocrx_word' id='word_1_280' title='bbox 185 3441 519 3515; x_wconf 85' lang='grc' dir='ltr'>διαφθεῖραι.</span> <span class='ocrx_word' id='word_1_281' title='bbox 565 3444 623 3500; x_wconf 89' lang='lat'><strong>&#39;0</strong></span> <span class='ocrx_word' id='word_1_282' title='bbox 653 3446 756 3518; x_wconf 84' lang='grc' dir='ltr'>μὲν</span> <span class='ocrx_word' id='word_1_283' title='bbox 785 3448 893 3520; x_wconf 88' lang='grc' dir='ltr'><strong>γὰρ</strong></span> <span class='ocrx_word' id='word_1_284' title='bbox 925 3451 1247 3525; x_wconf 83' lang='grc' dir='ltr'>διαφθείρας</span> <span class='ocrx_word' id='word_1_285' title='bbox 1277 3454 1370 3509; x_wconf 79' lang='grc' dir='ltr'>τὸν</span> <span class='ocrx_word' id='word_1_286' title='bbox 1415 3456 1632 3528; x_wconf 74' lang='grc' dir='ltr'>ἐχθρὸν,</span> <span class='ocrx_word' id='word_1_287' title='bbox 1690 3461 1785 3513; x_wconf 77' lang='grc' dir='ltr'>καὶ</span> 
     </span>
    </p>
   </div>
   <div class='ocr_carea' id='block_1_48' title="bbox 189 3535 1783 3624">
    <p class='ocr_par' dir='ltr' id='par_1_48' title="bbox 189 3535 1783 3624">
     <span class='ocr_line' id='line_1_48' title="bbox 189 3535 1783 3624; baseline 0.012 -35"><span class='ocrx_word' id='word_1_288' title='bbox 189 3535 606 3606; x_wconf 82' lang='grc' dir='ltr'>καταγνώσεται</span> <span class='ocrx_word' id='word_1_289' title='bbox 655 3539 920 3607; x_wconf 80' lang='grc' dir='ltr'>πολλάκις</span> <span class='ocrx_word' id='word_1_290' title='bbox 964 3545 1159 3600; x_wconf 85' lang='grc' dir='ltr'>ἐαυτοῦ</span> <span class='ocrx_word' id='word_1_291' title='bbox 1180 3583 1196 3615; x_wconf 88' lang='grc'><strong>,</strong></span> <span class='ocrx_word' id='word_1_292' title='bbox 1245 3549 1343 3602; x_wconf 81' lang='grc' dir='ltr'>καὶ</span> <span class='ocrx_word' id='word_1_293' title='bbox 1388 3552 1626 3624; x_wconf 81' lang='grc' dir='ltr'>πονηρὸν</span> <span class='ocrx_word' id='word_1_294' title='bbox 1672 3554 1783 3620; x_wconf 74' lang='grc' dir='ltr'>ἕξει</span> 
     </span>
    </p>
   </div>
   <div class='ocr_carea' id='block_1_49' title="bbox 185 3628 1783 3720">
    <p class='ocr_par' dir='ltr' id='par_1_49' title="bbox 185 3628 1783 3720">
     <span class='ocr_line' id='line_1_49' title="bbox 185 3628 1783 3720; baseline 0.012 -37"><span class='ocrx_word' id='word_1_295' title='bbox 185 3628 450 3720; x_wconf 75' lang='grc' dir='ltr'>συνειδὸς,</span> <span class='ocrx_word' id='word_1_296' title='bbox 505 3631 632 3702; x_wconf 60' lang='grc' dir='ltr'>καθ’</span> <span class='ocrx_word' id='word_1_297' title='bbox 675 3634 919 3709; x_wconf 78' lang='grc' dir='ltr'>ἑκάστην</span> <span class='ocrx_word' id='word_1_298' title='bbox 949 3637 1164 3709; x_wconf 78' lang='grc' dir='ltr'>ἡμέραν</span> <span class='ocrx_word' id='word_1_299' title='bbox 1202 3642 1296 3695; x_wconf 81' lang='grc' dir='ltr'>καὶ</span> <span class='ocrx_word' id='word_1_300' title='bbox 1336 3641 1489 3714; x_wconf 84' lang='grc' dir='ltr'>ὤραν</span> <span class='ocrx_word' id='word_1_301' title='bbox 1535 3645 1642 3700; x_wconf 82' lang='grc' dir='ltr'><strong>ὑπὸ</strong></span> <span class='ocrx_word' id='word_1_302' title='bbox 1684 3647 1783 3720; x_wconf 84' lang='grc' dir='ltr'>τῆς</span> 
     </span>
    </p>
   </div>
   <div class='ocr_carea' id='block_1_50' title="bbox 179 3719 1783 3808">
    <p class='ocr_par' dir='ltr' id='par_1_50' title="bbox 179 3719 1783 3808">
     <span class='ocr_line' id='line_1_50' title="bbox 179 3719 1783 3808; baseline 0.013 -36"><span class='ocrx_word' id='word_1_303' title='bbox 179 3719 468 3792; x_wconf 75' lang='grc' dir='ltr'>ἁμαρτίας</span> <span class='ocrx_word' id='word_1_304' title='bbox 491 3720 712 3794; x_wconf 87' lang='grc' dir='ltr'>ἐκείνης</span> <span class='ocrx_word' id='word_1_305' title='bbox 741 3724 1094 3797; x_wconf 84' lang='grc' dir='ltr'>διωκόμενος.</span> <span class='ocrx_word' id='word_1_306' title='bbox 1133 3730 1191 3784; x_wconf 87' lang='lat'><strong>&#39;0</strong></span> <span class='ocrx_word' id='word_1_307' title='bbox 1211 3732 1268 3785; x_wconf 78' lang='grc' dir='ltr'>δὲ</span> <span class='ocrx_word' id='word_1_308' title='bbox 1301 3735 1657 3806; x_wconf 81' lang='grc' dir='ltr'>φεισάμενος,</span> <span class='ocrx_word' id='word_1_309' title='bbox 1695 3755 1783 3808; x_wconf 77' lang='grc' dir='ltr'><strong>μισ</strong></span> 
     </span>
    </p>
   </div>
   <div class='ocr_carea' id='block_1_51' title="bbox 181 3809 1783 3897">
    <p class='ocr_par' dir='ltr' id='par_1_51' title="bbox 181 3809 1783 3897">
     <span class='ocr_line' id='line_1_51' title="bbox 181 3809 1783 3897; baseline 0.014 -33"><span class='ocrx_word' id='word_1_310' title='bbox 181 3809 322 3882; x_wconf 84' lang='grc' dir='ltr'>κρὸν</span> <span class='ocrx_word' id='word_1_311' title='bbox 349 3815 699 3888; x_wconf 75' lang='grc' dir='ltr'>καρτερήσας</span> <span class='ocrx_word' id='word_1_312' title='bbox 725 3817 939 3888; x_wconf 86' lang='grc' dir='ltr'>χρόνον,</span> <span class='ocrx_word' id='word_1_313' title='bbox 983 3821 1250 3890; x_wconf 78' lang='grc' dir='ltr'>γάννυται</span> <span class='ocrx_word' id='word_1_314' title='bbox 1306 3828 1452 3897; x_wconf 85' lang='grc' dir='ltr'><strong>μετά</strong></span> <span class='ocrx_word' id='word_1_315' title='bbox 1477 3829 1652 3885; x_wconf 83' lang='grc' dir='ltr'>ταῦτα</span> <span class='ocrx_word' id='word_1_316' title='bbox 1687 3833 1783 3886; x_wconf 76' lang='grc' dir='ltr'>καὶ</span> 
     </span>
    </p>
   </div>
   <div class='ocr_carea' id='block_1_52' title="bbox 178 3907 1779 3990">
    <p class='ocr_par' dir='ltr' id='par_1_52' title="bbox 178 3907 1779 3990">
     <span class='ocr_line' id='line_1_52' title="bbox 178 3907 1779 3990; baseline 0.013 -33"><span class='ocrx_word' id='word_1_317' title='bbox 178 3907 387 3976; x_wconf 76' lang='grc' dir='ltr'>τρυφᾷ,</span> <span class='ocrx_word' id='word_1_318' title='bbox 429 3909 674 3985; x_wconf 76' lang='grc' dir='ltr'>χρηστὰς</span> <span class='ocrx_word' id='word_1_319' title='bbox 721 3911 818 3964; x_wconf 83' lang='grc' dir='ltr'>καὶ</span> <span class='ocrx_word' id='word_1_320' title='bbox 860 3913 1124 3984; x_wconf 86' lang='grc' dir='ltr'>ἀμείνους</span> <span class='ocrx_word' id='word_1_321' title='bbox 1159 3918 1508 3990; x_wconf 81' lang='grc' dir='ltr'>κτησάμενος</span> <span class='ocrx_word' id='word_1_322' title='bbox 1535 3921 1779 3990; x_wconf 75' lang='grc' dir='ltr'>ἐλπίδας,</span> 
     </span>
    </p>
   </div>
   <div class='ocr_carea' id='block_1_53' title="bbox 176 3995 1778 4082">
    <p class='ocr_par' dir='ltr' id='par_1_53' title="bbox 176 3995 1778 4082">
     <span class='ocr_line' id='line_1_53' title="bbox 176 3995 1778 4082; baseline 0.014 -34"><span class='ocrx_word' id='word_1_323' title='bbox 176 3995 398 4062; x_wconf 79' lang='grc' dir='ltr'>καὶτὰς</span> <span class='ocrx_word' id='word_1_324' title='bbox 445 4001 683 4069; x_wconf 84' lang='grc' dir='ltr'>ἀμοιϐὰς</span> <span class='ocrx_word' id='word_1_325' title='bbox 734 4003 833 4075; x_wconf 81' lang='grc' dir='ltr'>τῆς</span> <span class='ocrx_word' id='word_1_326' title='bbox 881 4005 1236 4074; x_wconf 81' lang='grc' dir='ltr'>ἀνεξικακίας</span> <span class='ocrx_word' id='word_1_327' title='bbox 1283 4012 1434 4082; x_wconf 86' lang='grc' dir='ltr'>παρὰ</span> <span class='ocrx_word' id='word_1_328' title='bbox 1488 4014 1586 4068; x_wconf 82' lang='grc' dir='ltr'><strong>τοῦ</strong></span> <span class='ocrx_word' id='word_1_329' title='bbox 1641 4015 1778 4070; x_wconf 84' lang='grc' dir='ltr'>Θεοῦ</span> 
     </span>
    </p>
   </div>
   <div class='ocr_carea' id='block_1_54' title="bbox 175 4084 1780 4175">
    <p class='ocr_par' dir='ltr' id='par_1_54' title="bbox 175 4084 1780 4175">
     <span class='ocr_line' id='line_1_54' title="bbox 175 4084 1780 4175; baseline 0.016 -39"><span class='ocrx_word' id='word_1_330' title='bbox 175 4084 478 4160; x_wconf 82' lang='grc' dir='ltr'>προσδοκᾷ.</span> <span class='ocrx_word' id='word_1_331' title='bbox 516 4089 627 4142; x_wconf 80' lang='grc' dir='ltr'><strong>Καὶ</strong></span> <span class='ocrx_word' id='word_1_332' title='bbox 663 4091 716 4145; x_wconf 83' lang='grc' dir='ltr'><strong>εί</strong></span> <span class='ocrx_word' id='word_1_333' title='bbox 767 4110 902 4147; x_wconf 86' lang='grc' dir='ltr'>ποτε</span> <span class='ocrx_word' id='word_1_334' title='bbox 932 4097 1230 4172; x_wconf 76' lang='grc' dir='ltr'>παραπέσῃ</span> <span class='ocrx_word' id='word_1_335' title='bbox 1270 4101 1379 4154; x_wconf 82' lang='grc' dir='ltr'>τινὶ</span> <span class='ocrx_word' id='word_1_336' title='bbox 1408 4101 1588 4175; x_wconf 83' lang='grc' dir='ltr'>δεινῷ,</span> <span class='ocrx_word' id='word_1_337' title='bbox 1639 4107 1780 4175; x_wconf 84' lang='grc' dir='ltr'><strong>μετά</strong></span> 
     </span>
    </p>
   </div>
   <div class='ocr_carea' id='block_1_55' title="bbox 173 4177 1778 4267">
    <p class='ocr_par' dir='ltr' id='par_1_55' title="bbox 173 4177 1778 4267">
     <span class='ocr_line' id='line_1_55' title="bbox 173 4177 1778 4267; baseline 0.014 -36"><span class='ocrx_word' id='word_1_338' title='bbox 173 4177 387 4251; x_wconf 83' lang='grc' dir='ltr'>πολλῆς</span> <span class='ocrx_word' id='word_1_339' title='bbox 420 4184 738 4257; x_wconf 74' lang='grc' dir='ltr'>παρρησίας</span> <span class='ocrx_word' id='word_1_340' title='bbox 772 4187 1071 4263; x_wconf 82' lang='grc' dir='ltr'>ἀπαιτήσει</span> <span class='ocrx_word' id='word_1_341' title='bbox 1114 4193 1210 4248; x_wconf 82' lang='grc' dir='ltr'>τὸν</span> <span class='ocrx_word' id='word_1_342' title='bbox 1237 4194 1372 4249; x_wconf 75' lang='grc' dir='ltr'>Θεὸν</span> <span class='ocrx_word' id='word_1_343' title='bbox 1415 4196 1516 4267; x_wconf 84' lang='grc' dir='ltr'><strong>τὴν</strong></span> <span class='ocrx_word' id='word_1_344' title='bbox 1571 4199 1778 4254; x_wconf 73' lang='grc' dir='ltr'><strong>όιντίδο⁴</strong></span> 
     </span>
    </p>
   </div>
   <div class='ocr_carea' id='block_1_56' title="bbox 175 4287 290 4327">
    <p class='ocr_par' dir='ltr' id='par_1_56' title="bbox 175 4287 290 4327">
     <span class='ocr_line' id='line_1_56' title="bbox 175 4287 290 4327; baseline 0.017 -2"><span class='ocrx_word' id='word_1_345' title='bbox 175 4287 290 4327; x_wconf 85' lang='grc' dir='ltr'>σιν.</span> 
     </span>
    </p>
   </div>
   <div class='ocr_carea' id='block_1_57' title="bbox 246 4364 1775 4460">
    <p class='ocr_par' dir='ltr' id='par_1_57' title="bbox 246 4364 1775 4460">
     <span class='ocr_line' id='line_1_57' title="bbox 246 4364 1775 4460; baseline 0.018 -44"><span class='ocrx_word' id='word_1_346' title='bbox 246 4364 566 4460; x_wconf 50' lang='grc' dir='ltr'>ρεριφανὴς</span> <span class='ocrx_word' id='word_1_347' title='bbox 608 4371 703 4428; x_wconf 80' lang='grc' dir='ltr'>καὶ</span> <span class='ocrx_word' id='word_1_348' title='bbox 727 4372 1095 4447; x_wconf 80' lang='grc' dir='ltr'>ἀξιοζήλωτος</span> <span class='ocrx_word' id='word_1_349' title='bbox 1143 4381 1424 4456; x_wconf 85' lang='grc' dir='ltr'>ἀγαθότης</span> <span class='ocrx_word' id='word_1_350' title='bbox 1455 4384 1628 4453; x_wconf 79' lang='grc' dir='ltr'>ἐστὶν,</span> <span class='ocrx_word' id='word_1_351' title='bbox 1678 4388 1775 4460; x_wconf 78' lang='grc' dir='ltr'>δη·</span> 
     </span>
    </p>
   </div>
   <div class='ocr_carea' id='block_1_58' title="bbox 173 4454 1772 4552">
    <p class='ocr_par' dir='ltr' id='par_1_58' title="bbox 173 4454 1772 4552">
     <span class='ocr_line' id='line_1_58' title="bbox 173 4454 1772 4552; baseline 0.018 -44"><span class='ocrx_word' id='word_1_352' title='bbox 173 4454 312 4552; x_wconf 76' lang='grc' dir='ltr'>λαδὴ</span> <span class='ocrx_word' id='word_1_353' title='bbox 332 4457 392 4552; x_wconf 76' lang='grc' dir='ltr'>τὸ</span> <span class='ocrx_word' id='word_1_354' title='bbox 414 4459 629 4531; x_wconf 83' lang='grc' dir='ltr'>ὀρέγειν</span> <span class='ocrx_word' id='word_1_355' title='bbox 656 4464 808 4520; x_wconf 84' lang='grc' dir='ltr'>ἐλεον</span> <span class='ocrx_word' id='word_1_356' title='bbox 829 4471 944 4534; x_wconf 90' lang='grc' dir='ltr'>τοῖς</span> <span class='ocrx_word' id='word_1_357' title='bbox 964 4470 1218 4540; x_wconf 83' lang='grc' dir='ltr'>μισοῦσιν</span> <span class='ocrx_word' id='word_1_358' title='bbox 1234 4454 1387 4545; x_wconf 74' lang='grc' dir='ltr'>ἡμᾶς</span> <span class='ocrx_word' id='word_1_359' title='bbox 1405 4454 1772 4552; x_wconf 76' lang='grc' dir='ltr'>αἱρουμένοις,</span> 
     </span>
    </p>
   </div>
   <div class='ocr_carea' id='block_1_59' title="bbox 1895 1999 3481 2075">
    <p class='ocr_par' dir='ltr' id='par_1_59' title="bbox 1895 1999 3481 2075">
     <span class='ocr_line' id='line_1_59' title="bbox 1895 1999 3481 2075; baseline -0.006 -13"><span class='ocrx_word' id='word_1_360' title='bbox 1895 2020 2022 2062; x_wconf 86' lang='lat' dir='ltr'><strong>mus</strong></span> <span class='ocrx_word' id='word_1_361' title='bbox 2055 2019 2182 2061; x_wconf 91' lang='lat' dir='ltr'><strong>cum</strong></span> <span class='ocrx_word' id='word_1_362' title='bbox 2227 2003 2334 2075; x_wconf 89' lang='lat' dir='ltr'><strong>ipsi</strong></span> <span class='ocrx_word' id='word_1_363' title='bbox 2367 2002 2751 2060; x_wconf 87' lang='lat' dir='ltr'><strong>misericordia</strong></span> <span class='ocrx_word' id='word_1_364' title='bbox 2801 2015 2943 2072; x_wconf 92' lang='lat' dir='ltr'><strong>opus</strong></span> <span class='ocrx_word' id='word_1_365' title='bbox 2981 1999 3326 2064; x_wconf 85' lang='lat' dir='ltr'><strong>habeamus;</strong></span> <span class='ocrx_word' id='word_1_366' title='bbox 3383 2009 3481 2052; x_wconf 85' lang='lat' dir='ltr'><strong>nec</strong></span> 
     </span>
    </p>
   </div>
   <div class='ocr_carea' id='block_1_60' title="bbox 1895 2089 3410 2166">
    <p class='ocr_par' dir='ltr' id='par_1_60' title="bbox 1895 2089 3410 2166">
     <span class='ocr_line' id='line_1_60' title="bbox 1895 2089 3410 2166; baseline -0.01 -10"><span class='ocrx_word' id='word_1_367' title='bbox 1895 2098 2146 2156; x_wconf 84' lang='lat' dir='ltr'><strong>homines</strong></span> <span class='ocrx_word' id='word_1_368' title='bbox 2175 2094 2482 2166; x_wconf 87' lang='lat' dir='ltr'><strong>aspernari,</strong></span> <span class='ocrx_word' id='word_1_369' title='bbox 2510 2091 2730 2164; x_wconf 84' lang='lat' dir='ltr'><strong>quando</strong></span> <span class='ocrx_word' id='word_1_370' title='bbox 2763 2090 2867 2162; x_wconf 87' lang='lat' dir='ltr'><strong>ipsi</strong></span> <span class='ocrx_word' id='word_1_371' title='bbox 2909 2089 3166 2147; x_wconf 87' lang='lat' dir='ltr'><strong>homines</strong></span> <span class='ocrx_word' id='word_1_372' title='bbox 3192 2103 3410 2146; x_wconf 90' lang='lat' dir='ltr'><strong>sumus.</strong></span> 
     </span>
    </p>
   </div>
   <div class='ocr_carea' id='block_1_61' title="bbox 1965 2179 3476 2261">
    <p class='ocr_par' dir='ltr' id='par_1_61' title="bbox 1965 2179 3476 2261">
     <span class='ocr_line' id='line_1_61' title="bbox 1965 2179 3476 2261; baseline -0.009 -13"><span class='ocrx_word' id='word_1_373' title='bbox 1965 2191 2028 2248; x_wconf 90' lang='lat' dir='ltr'><strong>S.</strong></span> <span class='ocrx_word' id='word_1_374' title='bbox 2063 2190 2341 2261; x_wconf 77' lang='lat' dir='ltr'><strong>Chrysost.</strong></span> <span class='ocrx_word' id='word_1_375' title='bbox 2369 2219 2440 2230; x_wconf 91' lang='lat'><strong>—-</strong></span> <span class='ocrx_word' id='word_1_376' title='bbox 2469 2187 2609 2244; x_wconf 86' lang='lat' dir='ltr'><strong>Cum</strong></span> <span class='ocrx_word' id='word_1_377' title='bbox 2637 2185 2858 2241; x_wconf 89' lang='lat' dir='ltr'><strong>hostem</strong></span> <span class='ocrx_word' id='word_1_378' title='bbox 2901 2191 3055 2238; x_wconf 91' lang='lat' dir='ltr'><strong>tuum</strong></span> <span class='ocrx_word' id='word_1_379' title='bbox 3085 2181 3142 2237; x_wconf 92' lang='lat' dir='ltr'><strong>in</strong></span> <span class='ocrx_word' id='word_1_380' title='bbox 3174 2191 3298 2237; x_wconf 91' lang='lat' dir='ltr'><strong>tuas</strong></span> <span class='ocrx_word' id='word_1_381' title='bbox 3341 2179 3476 2234; x_wconf 85' lang='lat' dir='ltr'><strong>inci-</strong></span> 
     </span>
    </p>
   </div>
   <div class='ocr_carea' id='block_1_62' title="bbox 1892 2271 3484 2346">
    <p class='ocr_par' dir='ltr' id='par_1_62' title="bbox 1892 2271 3484 2346">
     <span class='ocr_line' id='line_1_62' title="bbox 1892 2271 3484 2346; baseline -0.006 -8"><span class='ocrx_word' id='word_1_382' title='bbox 1892 2282 2044 2339; x_wconf 84' lang='lat' dir='ltr'><strong>disse</strong></span> <span class='ocrx_word' id='word_1_383' title='bbox 2063 2295 2265 2337; x_wconf 83' lang='lat' dir='ltr'><strong>manus</strong></span> <span class='ocrx_word' id='word_1_384' title='bbox 2294 2278 2525 2342; x_wconf 85' lang='lat' dir='ltr'><strong>videris.</strong></span> <span class='ocrx_word' id='word_1_385' title='bbox 2551 2292 2622 2334; x_wconf 89' lang='lat' dir='ltr'><strong>ne</strong></span> <span class='ocrx_word' id='word_1_386' title='bbox 2651 2284 2867 2346; x_wconf 89' lang='lat' dir='ltr'><strong>tempus</strong></span> <span class='ocrx_word' id='word_1_387' title='bbox 2902 2273 3051 2330; x_wconf 87' lang='lat' dir='ltr'><strong>istud</strong></span> <span class='ocrx_word' id='word_1_388' title='bbox 3076 2288 3201 2330; x_wconf 88' lang='lat' dir='ltr'><strong>esse</strong></span> <span class='ocrx_word' id='word_1_389' title='bbox 3228 2271 3484 2338; x_wconf 86' lang='lat' dir='ltr'><strong>ultionis,</strong></span> 
     </span>
    </p>
   </div>
   <div class='ocr_carea' id='block_1_63' title="bbox 1891 2365 3482 2438">
    <p class='ocr_par' dir='ltr' id='par_1_63' title="bbox 1891 2365 3482 2438">
     <span class='ocr_line' id='line_1_63' title="bbox 1891 2365 3482 2438; baseline -0.008 -6"><span class='ocrx_word' id='word_1_390' title='bbox 1891 2376 1990 2433; x_wconf 87' lang='lat' dir='ltr'><strong>sed</strong></span> <span class='ocrx_word' id='word_1_391' title='bbox 2052 2373 2250 2431; x_wconf 86' lang='lat' dir='ltr'><strong>salutis</strong></span> <span class='ocrx_word' id='word_1_392' title='bbox 2320 2371 2600 2429; x_wconf 80' lang='lat' dir='ltr'><strong>existima.</strong></span> <span class='ocrx_word' id='word_1_393' title='bbox 2668 2368 2942 2436; x_wconf 84' lang='lat' dir='ltr'><strong>Quocirca</strong></span> <span class='ocrx_word' id='word_1_394' title='bbox 3003 2377 3117 2423; x_wconf 89' lang='lat' dir='ltr'><strong>tum</strong></span> <span class='ocrx_word' id='word_1_395' title='bbox 3176 2365 3482 2438; x_wconf 68' lang='lat' dir='ltr'><strong>praesertim</strong></span> 
     </span>
    </p>
   </div>
   <div class='ocr_carea' id='block_1_64' title="bbox 1892 2459 3485 2538">
    <p class='ocr_par' dir='ltr' id='par_1_64' title="bbox 1892 2459 3485 2538">
     <span class='ocr_line' id='line_1_64' title="bbox 1892 2459 3485 2538; baseline -0.008 -14"><span class='ocrx_word' id='word_1_396' title='bbox 1892 2467 2148 2527; x_wconf 80' lang='lat' dir='ltr'><strong>hostibus</strong></span> <span class='ocrx_word' id='word_1_397' title='bbox 2190 2463 2528 2538; x_wconf 85' lang='lat' dir='ltr'><strong>parcendum</strong></span> <span class='ocrx_word' id='word_1_398' title='bbox 2566 2468 2676 2531; x_wconf 85' lang='lat' dir='ltr'><strong>est,</strong></span> <span class='ocrx_word' id='word_1_399' title='bbox 2713 2476 2844 2530; x_wconf 84' lang='lat' dir='ltr'><strong>eum</strong></span> <span class='ocrx_word' id='word_1_400' title='bbox 2885 2474 2985 2517; x_wconf 91' lang='lat' dir='ltr'><strong>eos</strong></span> <span class='ocrx_word' id='word_1_401' title='bbox 3036 2459 3096 2516; x_wconf 91' lang='lat' dir='ltr'><strong>in</strong></span> <span class='ocrx_word' id='word_1_402' title='bbox 3155 2466 3485 2528; x_wconf 84' lang='lat' dir='ltr'><strong>potestatem</strong></span> 
     </span>
    </p>
   </div>
   <div class='ocr_carea' id='block_1_65' title="bbox 1889 2551 3485 2624">
    <p class='ocr_par' dir='ltr' id='par_1_65' title="bbox 1889 2551 3485 2624">
     <span class='ocr_line' id='line_1_65' title="bbox 1889 2551 3485 2624; baseline -0.008 -7"><span class='ocrx_word' id='word_1_403' title='bbox 1889 2569 2140 2617; x_wconf 83' lang='lat' dir='ltr'><strong>nostram</strong></span> <span class='ocrx_word' id='word_1_404' title='bbox 2171 2558 2426 2614; x_wconf 86' lang='lat' dir='ltr'><strong>redactos</strong></span> <span class='ocrx_word' id='word_1_405' title='bbox 2476 2555 2768 2612; x_wconf 86' lang='lat' dir='ltr'><strong>habemus.</strong></span> <span class='ocrx_word' id='word_1_406' title='bbox 2809 2551 2964 2608; x_wconf 80' lang='lat' dir='ltr'><strong>Multi</strong></span> <span class='ocrx_word' id='word_1_407' title='bbox 3001 2551 3316 2624; x_wconf 84' lang='lat' dir='ltr'><strong>principes,</strong></span> <span class='ocrx_word' id='word_1_408' title='bbox 3353 2564 3485 2605; x_wconf 90' lang='lat' dir='ltr'><strong>cum</strong></span> 
     </span>
    </p>
   </div>
   <div class='ocr_carea' id='block_1_66' title="bbox 1891 2639 3486 2726">
    <p class='ocr_par' dir='ltr' id='par_1_66' title="bbox 1891 2639 3486 2726">
     <span class='ocr_line' id='line_1_66' title="bbox 1891 2639 3486 2726; baseline -0.011 -15"><span class='ocrx_word' id='word_1_409' title='bbox 1891 2662 2113 2726; x_wconf 87' lang='lat' dir='ltr'><strong>arrepto</strong></span> <span class='ocrx_word' id='word_1_410' title='bbox 2142 2651 2398 2723; x_wconf 86' lang='lat' dir='ltr'><strong>imperio,</strong></span> <span class='ocrx_word' id='word_1_411' title='bbox 2433 2663 2532 2706; x_wconf 88' lang='lat' dir='ltr'><strong>eos</strong></span> <span class='ocrx_word' id='word_1_412' title='bbox 2565 2663 2597 2703; x_wconf 86' lang='lat' dir='ltr'><strong>a</strong></span> <span class='ocrx_word' id='word_1_413' title='bbox 2622 2645 2830 2720; x_wconf 85' lang='lat' dir='ltr'><strong>quibus</strong></span> <span class='ocrx_word' id='word_1_414' title='bbox 2859 2643 2973 2702; x_wconf 67' lang='lat' dir='ltr'><strong>laesi</strong></span> <span class='ocrx_word' id='word_1_415' title='bbox 3005 2641 3258 2709; x_wconf 82' lang='lat' dir='ltr'><strong>fuerant,</strong></span> <span class='ocrx_word' id='word_1_416' title='bbox 3301 2639 3486 2710; x_wconf 83' lang='lat' dir='ltr'><strong>cepis-</strong></span> 
     </span>
    </p>
   </div>
   <div class='ocr_carea' id='block_1_67' title="bbox 1891 2739 3484 2818">
    <p class='ocr_par' dir='ltr' id='par_1_67' title="bbox 1891 2739 3484 2818">
     <span class='ocr_line' id='line_1_67' title="bbox 1891 2739 3484 2818; baseline -0.011 -13"><span class='ocrx_word' id='word_1_417' title='bbox 1891 2753 2038 2813; x_wconf 86' lang='lat' dir='ltr'><strong>sent,</strong></span> <span class='ocrx_word' id='word_1_418' title='bbox 2054 2761 2269 2818; x_wconf 69' lang='lat' dir='ltr'><strong>tequum</strong></span> <span class='ocrx_word' id='word_1_419' title='bbox 2299 2744 2707 2812; x_wconf 84' lang='lat' dir='ltr'><strong>honestumque</strong></span> <span class='ocrx_word' id='word_1_420' title='bbox 2729 2754 2854 2797; x_wconf 90' lang='lat' dir='ltr'><strong>esse</strong></span> <span class='ocrx_word' id='word_1_421' title='bbox 2873 2743 3206 2795; x_wconf 90' lang='lat' dir='ltr'><strong>censuerunt</strong></span> <span class='ocrx_word' id='word_1_422' title='bbox 3224 2739 3484 2804; x_wconf 84' lang='lat' dir='ltr'><strong>acceptas</strong></span> 
     </span>
    </p>
   </div>
   <div class='ocr_carea' id='block_1_68' title="bbox 1887 2825 3483 2914">
    <p class='ocr_par' dir='ltr' id='par_1_68' title="bbox 1887 2825 3483 2914">
     <span class='ocr_line' id='line_1_68' title="bbox 1887 2825 3483 2914; baseline -0.009 -18"><span class='ocrx_word' id='word_1_423' title='bbox 1887 2839 2130 2914; x_wconf 73' lang='lat' dir='ltr'><strong>injurias</strong></span> <span class='ocrx_word' id='word_1_424' title='bbox 2173 2839 2408 2894; x_wconf 89' lang='lat' dir='ltr'><strong>minime</strong></span> <span class='ocrx_word' id='word_1_425' title='bbox 2444 2834 2751 2891; x_wconf 87' lang='lat' dir='ltr'><strong>vindicare.</strong></span> <span class='ocrx_word' id='word_1_426' title='bbox 2821 2834 3005 2902; x_wconf 84' lang='lat' dir='ltr'><strong>Atque</strong></span> <span class='ocrx_word' id='word_1_427' title='bbox 3063 2845 3128 2887; x_wconf 79' lang='lat' dir='ltr'><strong>ex</strong></span> <span class='ocrx_word' id='word_1_428' title='bbox 3189 2825 3483 2900; x_wconf 77' lang='lat' dir='ltr'><strong>potestatis</strong></span> 
     </span>
    </p>
   </div>
   <div class='ocr_carea' id='block_1_69' title="bbox 1889 2919 3484 3003">
    <p class='ocr_par' dir='ltr' id='par_1_69' title="bbox 1889 2919 3484 3003">
     <span class='ocr_line' id='line_1_69' title="bbox 1889 2919 3484 3003; baseline -0.009 -16"><span class='ocrx_word' id='word_1_429' title='bbox 1889 2930 2253 3003; x_wconf 87' lang='lat' dir='ltr'><strong>amplitudine</strong></span> <span class='ocrx_word' id='word_1_430' title='bbox 2279 2927 2484 2984; x_wconf 75' lang='lat' dir='ltr'><strong>factum</strong></span> <span class='ocrx_word' id='word_1_431' title='bbox 2513 2931 2600 2983; x_wconf 91' lang='lat' dir='ltr'><strong>est</strong></span> <span class='ocrx_word' id='word_1_432' title='bbox 2633 2933 2692 2982; x_wconf 92' lang='lat' dir='ltr'><strong>ut</strong></span> <span class='ocrx_word' id='word_1_433' title='bbox 2736 2938 2862 2980; x_wconf 88' lang='lat' dir='ltr'><strong>cum</strong></span> <span class='ocrx_word' id='word_1_434' title='bbox 2905 2922 2990 2979; x_wconf 90' lang='lat' dir='ltr'><strong>eis</strong></span> <span class='ocrx_word' id='word_1_435' title='bbox 3034 2921 3089 2977; x_wconf 91' lang='lat' dir='ltr'><strong>in</strong></span> <span class='ocrx_word' id='word_1_436' title='bbox 3123 2919 3356 2991; x_wconf 72' lang='lat' dir='ltr'><strong>gratiam</strong></span> <span class='ocrx_word' id='word_1_437' title='bbox 3399 2930 3484 2972; x_wconf 86' lang='lat' dir='ltr'><strong>re-</strong></span> 
     </span>
    </p>
   </div>
   <div class='ocr_carea' id='block_1_70' title="bbox 1887 3023 3488 3182">
    <p class='ocr_par' dir='ltr' id='par_1_70' title="bbox 1887 3023 3488 3182">
     <span class='ocr_line' id='line_1_70' title="bbox 1887 3023 3488 3182; baseline -0.009 -13"><span class='ocrx_word' id='word_1_438' title='bbox 2187 3139 2260 3152; x_wconf 88' lang='lat'><strong>-—</strong></span> <span class='ocrx_word' id='word_1_439' title='bbox 2297 3108 2448 3164; x_wconf 83' lang='lat' dir='ltr'><strong>Nihil</strong></span> <span class='ocrx_word' id='word_1_440' title='bbox 2494 3114 2581 3164; x_wconf 86' lang='lat' dir='ltr'><strong>est</strong></span> <span class='ocrx_word' id='word_1_441' title='bbox 2618 3105 2792 3162; x_wconf 89' lang='lat' dir='ltr'><strong>tutius</strong></span> <span class='ocrx_word' id='word_1_442' title='bbox 2823 3118 2989 3175; x_wconf 89' lang='lat' dir='ltr'><strong>quam</strong></span> <span class='ocrx_word' id='word_1_443' title='bbox 3047 3099 3290 3158; x_wconf 84' lang='lat' dir='ltr'><strong>inimicis</strong></span> <span class='ocrx_word' id='word_1_444' title='bbox 3328 3097 3488 3170; x_wconf 76' lang='lat' dir='ltr'><strong>igno-</strong></span> 
     </span>
    </p>
   </div>
   <div class='ocr_carea' id='block_1_71' title="bbox 1813 3190 3375 3295">
    <p class='ocr_par' dir='ltr' id='par_1_71' title="bbox 1813 3190 3375 3295">
     <span class='ocr_line' id='line_1_71' title="bbox 1813 3190 3375 3295; baseline -0.012 -31"><span class='ocrx_word' id='word_1_445' title='bbox 1813 3231 1861 3295; x_wconf 72' lang='grc' dir='ltr'><strong>ο</strong></span> <span class='ocrx_word' id='word_1_446' title='bbox 1891 3219 2088 3272; x_wconf 79' lang='lat' dir='ltr'><strong>acere;</strong></span> <span class='ocrx_word' id='word_1_447' title='bbox 2113 3201 2250 3258; x_wconf 85' lang='lat' dir='ltr'><strong>nihil</strong></span> <span class='ocrx_word' id='word_1_448' title='bbox 2283 3198 2669 3272; x_wconf 84' lang='lat' dir='ltr'><strong>periculosius</strong></span> <span class='ocrx_word' id='word_1_449' title='bbox 2688 3209 2854 3268; x_wconf 85' lang='lat' dir='ltr'><strong>quam</strong></span> <span class='ocrx_word' id='word_1_450' title='bbox 2882 3195 3128 3266; x_wconf 82' lang='lat' dir='ltr'><strong>seipsum</strong></span> <span class='ocrx_word' id='word_1_451' title='bbox 3161 3190 3375 3248; x_wconf 86' lang='lat' dir='ltr'><strong>ulcisci.</strong></span> 
     </span>
    </p>
   </div>
   <div class='ocr_carea' id='block_1_72' title="bbox 1957 3367 3487 3452">
    <p class='ocr_par' dir='ltr' id='par_1_72' title="bbox 1957 3367 3487 3452">
     <span class='ocr_line' id='line_1_72' title="bbox 1957 3367 3487 3452; baseline -0.012 -12"><span class='ocrx_word' id='word_1_452' title='bbox 1957 3379 2149 3452; x_wconf 73' lang='lat' dir='ltr'><strong>Ejusd.</strong></span> <span class='ocrx_word' id='word_1_453' title='bbox 2187 3408 2259 3420; x_wconf 89' lang='lat'><strong>-—-</strong></span> <span class='ocrx_word' id='word_1_454' title='bbox 2285 3376 2475 3447; x_wconf 72' lang='lat' dir='ltr'><strong>Longe</strong></span> <span class='ocrx_word' id='word_1_455' title='bbox 2505 3372 2687 3442; x_wconf 85' lang='lat' dir='ltr'><strong>majus</strong></span> <span class='ocrx_word' id='word_1_456' title='bbox 2727 3377 2814 3428; x_wconf 86' lang='lat' dir='ltr'><strong>est</strong></span> <span class='ocrx_word' id='word_1_457' title='bbox 2862 3384 2930 3425; x_wconf 91' lang='lat' dir='ltr'><strong>ac</strong></span> <span class='ocrx_word' id='word_1_458' title='bbox 2976 3367 3322 3424; x_wconf 77' lang='lat' dir='ltr'><strong>fructuosius</strong></span> <span class='ocrx_word' id='word_1_459' title='bbox 3353 3381 3487 3436; x_wconf 89' lang='lat' dir='ltr'><strong>par-</strong></span> 
     </span>
    </p>
   </div>
   <div class='ocr_carea' id='block_1_73' title="bbox 1885 3458 3482 3541">
    <p class='ocr_par' dir='ltr' id='par_1_73' title="bbox 1885 3458 3482 3541">
     <span class='ocr_line' id='line_1_73' title="bbox 1885 3458 3482 3541; baseline -0.011 -11"><span class='ocrx_word' id='word_1_460' title='bbox 1885 3488 2013 3530; x_wconf 86' lang='lat' dir='ltr'><strong>cere</strong></span> <span class='ocrx_word' id='word_1_461' title='bbox 2043 3483 2206 3541; x_wconf 86' lang='lat' dir='ltr'><strong>quam</strong></span> <span class='ocrx_word' id='word_1_462' title='bbox 2241 3469 2596 3523; x_wconf 86' lang='lat' dir='ltr'><strong>obtruncare.</strong></span> <span class='ocrx_word' id='word_1_463' title='bbox 2629 3462 2734 3528; x_wconf 83' lang='lat' dir='ltr'><strong>Qui</strong></span> <span class='ocrx_word' id='word_1_464' title='bbox 2785 3463 2933 3515; x_wconf 90' lang='lat' dir='ltr'><strong>enim</strong></span> <span class='ocrx_word' id='word_1_465' title='bbox 2987 3458 3276 3514; x_wconf 86' lang='lat' dir='ltr'><strong>inimicum</strong></span> <span class='ocrx_word' id='word_1_466' title='bbox 3306 3473 3339 3513; x_wconf 91' lang='lat' dir='ltr'><strong>e</strong></span> <span class='ocrx_word' id='word_1_467' title='bbox 3365 3472 3482 3514; x_wconf 90' lang='lat' dir='ltr'><strong>me-</strong></span> 
     </span>
    </p>
   </div>
   <div class='ocr_carea' id='block_1_74' title="bbox 1885 3549 3480 3625">
    <p class='ocr_par' dir='ltr' id='par_1_74' title="bbox 1885 3549 3480 3625">
     <span class='ocr_line' id='line_1_74' title="bbox 1885 3549 3480 3625; baseline -0.011 -6"><span class='ocrx_word' id='word_1_468' title='bbox 1885 3563 1978 3620; x_wconf 89' lang='lat' dir='ltr'><strong>dio</strong></span> <span class='ocrx_word' id='word_1_469' title='bbox 2016 3559 2328 3624; x_wconf 85' lang='lat' dir='ltr'><strong>sustulerit,</strong></span> <span class='ocrx_word' id='word_1_470' title='bbox 2357 3556 2450 3613; x_wconf 83' lang='lat' dir='ltr'><strong>hic</strong></span> <span class='ocrx_word' id='word_1_471' title='bbox 2483 3570 2542 3613; x_wconf 91' lang='lat' dir='ltr'><strong>se</strong></span> <span class='ocrx_word' id='word_1_472' title='bbox 2571 3567 2793 3625; x_wconf 90' lang='lat' dir='ltr'><strong>quoque</strong></span> <span class='ocrx_word' id='word_1_473' title='bbox 2820 3550 3138 3622; x_wconf 81' lang='lat' dir='ltr'><strong>frequenter</strong></span> <span class='ocrx_word' id='word_1_474' title='bbox 3166 3549 3480 3616; x_wconf 88' lang='lat' dir='ltr'><strong>accusabit,</strong></span> 
     </span>
    </p>
   </div>
   <div class='ocr_carea' id='block_1_75' title="bbox 1885 3642 3484 3718">
    <p class='ocr_par' dir='ltr' id='par_1_75' title="bbox 1885 3642 3484 3718">
     <span class='ocr_line' id='line_1_75' title="bbox 1885 3642 3484 3718; baseline -0.011 -4"><span class='ocrx_word' id='word_1_475' title='bbox 1885 3665 1940 3714; x_wconf 85' lang='lat' dir='ltr'><strong>et</strong></span> <span class='ocrx_word' id='word_1_476' title='bbox 1991 3653 2134 3710; x_wconf 85' lang='lat' dir='ltr'><strong>male</strong></span> <span class='ocrx_word' id='word_1_477' title='bbox 2157 3651 2265 3710; x_wconf 83' lang='lat' dir='ltr'><strong>sibi</strong></span> <span class='ocrx_word' id='word_1_478' title='bbox 2320 3647 2585 3708; x_wconf 87' lang='lat' dir='ltr'><strong>conscius</strong></span> <span class='ocrx_word' id='word_1_479' title='bbox 2633 3646 2762 3712; x_wconf 87' lang='lat' dir='ltr'><strong>erit,</strong></span> <span class='ocrx_word' id='word_1_480' title='bbox 2817 3644 3167 3718; x_wconf 80' lang='lat' dir='ltr'><strong>singulisque</strong></span> <span class='ocrx_word' id='word_1_481' title='bbox 3196 3642 3395 3698; x_wconf 89' lang='lat' dir='ltr'><strong>diebus</strong></span> <span class='ocrx_word' id='word_1_482' title='bbox 3426 3650 3484 3698; x_wconf 90' lang='lat' dir='ltr'><strong>et</strong></span> 
     </span>
    </p>
   </div>
   <div class='ocr_carea' id='block_1_76' title="bbox 1887 3731 3483 3814">
    <p class='ocr_par' dir='ltr' id='par_1_76' title="bbox 1887 3731 3483 3814">
     <span class='ocr_line' id='line_1_76' title="bbox 1887 3731 3483 3814; baseline -0.01 -11"><span class='ocrx_word' id='word_1_483' title='bbox 1887 3744 2042 3803; x_wconf 86' lang='lat' dir='ltr'><strong>horis</strong></span> <span class='ocrx_word' id='word_1_484' title='bbox 2078 3751 2308 3814; x_wconf 85' lang='lat' dir='ltr'><strong>peccato</strong></span> <span class='ocrx_word' id='word_1_485' title='bbox 2345 3740 2454 3796; x_wconf 91' lang='lat' dir='ltr'><strong>boc</strong></span> <span class='ocrx_word' id='word_1_486' title='bbox 2483 3736 2720 3793; x_wconf 87' lang='lat' dir='ltr'><strong>cruciari</strong></span> <span class='ocrx_word' id='word_1_487' title='bbox 2768 3750 2829 3791; x_wconf 89' lang='lat' dir='ltr'><strong>se</strong></span> <span class='ocrx_word' id='word_1_488' title='bbox 2866 3734 3089 3792; x_wconf 86' lang='lat' dir='ltr'><strong>sentiet.</strong></span> <span class='ocrx_word' id='word_1_489' title='bbox 3129 3731 3240 3800; x_wconf 77' lang='lat' dir='ltr'><strong>Qui</strong></span> <span class='ocrx_word' id='word_1_490' title='bbox 3293 3739 3483 3788; x_wconf 80' lang='lat' dir='ltr'><strong>autem</strong></span> 
     </span>
    </p>
   </div>
   <div class='ocr_carea' id='block_1_77' title="bbox 1888 3825 3479 3910">
    <p class='ocr_par' dir='ltr' id='par_1_77' title="bbox 1888 3825 3479 3910">
     <span class='ocr_line' id='line_1_77' title="bbox 1888 3825 3479 3910; baseline -0.008 -18"><span class='ocrx_word' id='word_1_491' title='bbox 1888 3837 2178 3910; x_wconf 77' lang='lat' dir='ltr'><strong>ignoverit,</strong></span> <span class='ocrx_word' id='word_1_492' title='bbox 2207 3833 2303 3890; x_wconf 86' lang='lat' dir='ltr'><strong>ubi</strong></span> <span class='ocrx_word' id='word_1_493' title='bbox 2336 3831 2661 3904; x_wconf 82' lang='lat' dir='ltr'><strong>patientiam</strong></span> <span class='ocrx_word' id='word_1_494' title='bbox 2700 3827 3099 3899; x_wconf 85' lang='lat' dir='ltr'><strong>aliquantisper</strong></span> <span class='ocrx_word' id='word_1_495' title='bbox 3137 3825 3479 3898; x_wconf 67' lang='lat' dir='ltr'><strong>praestiterit,</strong></span> 
     </span>
    </p>
   </div>
   <div class='ocr_carea' id='block_1_78' title="bbox 1885 3917 3484 3996">
    <p class='ocr_par' dir='ltr' id='par_1_78' title="bbox 1885 3917 3484 3996">
     <span class='ocr_line' id='line_1_78' title="bbox 1885 3917 3484 3996; baseline -0.01 -10"><span class='ocrx_word' id='word_1_496' title='bbox 1885 3929 1943 3987; x_wconf 89' lang='lat' dir='ltr'><strong>in</strong></span> <span class='ocrx_word' id='word_1_497' title='bbox 1998 3941 2215 3984; x_wconf 88' lang='lat' dir='ltr'><strong>summa</strong></span> <span class='ocrx_word' id='word_1_498' title='bbox 2270 3931 2626 3996; x_wconf 82' lang='lat' dir='ltr'><strong>postmooum</strong></span> <span class='ocrx_word' id='word_1_499' title='bbox 2672 3923 2839 3978; x_wconf 89' lang='lat' dir='ltr'><strong>animi</strong></span> <span class='ocrx_word' id='word_1_500' title='bbox 2893 3919 3083 3976; x_wconf 74' lang='lat' dir='ltr'><strong>laetitia</strong></span> <span class='ocrx_word' id='word_1_501' title='bbox 3116 3925 3172 3974; x_wconf 90' lang='lat' dir='ltr'><strong>et</strong></span> <span class='ocrx_word' id='word_1_502' title='bbox 3201 3917 3484 3988; x_wconf 78' lang='lat' dir='ltr'><strong>voluptate</strong></span> 
     </span>
    </p>
   </div>
   <div class='ocr_carea' id='block_1_79' title="bbox 1885 4013 3479 4087">
    <p class='ocr_par' dir='ltr' id='par_1_79' title="bbox 1885 4013 3479 4087">
     <span class='ocr_line' id='line_1_79' title="bbox 1885 4013 3479 4087; baseline -0.01 -11"><span class='ocrx_word' id='word_1_503' title='bbox 1885 4020 2218 4087; x_wconf 85' lang='lat' dir='ltr'><strong>versabitur,</strong></span> <span class='ocrx_word' id='word_1_504' title='bbox 2270 4027 2326 4074; x_wconf 90' lang='lat' dir='ltr'><strong>et</strong></span> <span class='ocrx_word' id='word_1_505' title='bbox 2382 4015 2600 4072; x_wconf 89' lang='lat' dir='ltr'><strong>meliori</strong></span> <span class='ocrx_word' id='word_1_506' title='bbox 2646 4029 2746 4084; x_wconf 89' lang='lat' dir='ltr'><strong>spe</strong></span> <span class='ocrx_word' id='word_1_507' title='bbox 2798 4013 3030 4076; x_wconf 90' lang='lat' dir='ltr'><strong>nitetur,</strong></span> <span class='ocrx_word' id='word_1_508' title='bbox 3084 4015 3419 4080; x_wconf 79' lang='lat' dir='ltr'><strong>exspectans</strong></span> <span class='ocrx_word' id='word_1_509' title='bbox 3449 4021 3479 4060; x_wconf 90' lang='lat' dir='ltr'><strong>a</strong></span> 
     </span>
    </p>
   </div>
   <div class='ocr_carea' id='block_1_80' title="bbox 1883 4100 3478 4183">
    <p class='ocr_par' dir='ltr' id='par_1_80' title="bbox 1883 4100 3478 4183">
     <span class='ocr_line' id='line_1_80' title="bbox 1883 4100 3478 4183; baseline -0.008 -17"><span class='ocrx_word' id='word_1_510' title='bbox 1883 4111 1997 4169; x_wconf 89' lang='lat' dir='ltr'><strong>Deo</strong></span> <span class='ocrx_word' id='word_1_511' title='bbox 2026 4110 2304 4183; x_wconf 70' lang='lat' dir='ltr'><strong>patientiae</strong></span> <span class='ocrx_word' id='word_1_512' title='bbox 2330 4123 2447 4165; x_wconf 64' lang='lat' dir='ltr'><strong>suae</strong></span> <span class='ocrx_word' id='word_1_513' title='bbox 2486 4106 2796 4177; x_wconf 48' lang='lat' dir='ltr'><strong>praemium.</strong></span> <span class='ocrx_word' id='word_1_514' title='bbox 2831 4105 2910 4160; x_wconf 84' lang='lat' dir='ltr'><strong>Ac</strong></span> <span class='ocrx_word' id='word_1_515' title='bbox 2939 4101 3210 4174; x_wconf 89' lang='lat' dir='ltr'><strong>siquando</strong></span> <span class='ocrx_word' id='word_1_516' title='bbox 3237 4102 3292 4156; x_wconf 93' lang='lat' dir='ltr'><strong>in</strong></span> <span class='ocrx_word' id='word_1_517' title='bbox 3325 4100 3478 4156; x_wconf 87' lang='lat' dir='ltr'><strong>cala-</strong></span> 
     </span>
    </p>
   </div>
   <div class='ocr_carea' id='block_1_81' title="bbox 1884 4193 3478 4270">
    <p class='ocr_par' dir='ltr' id='par_1_81' title="bbox 1884 4193 3478 4270">
     <span class='ocr_line' id='line_1_81' title="bbox 1884 4193 3478 4270; baseline -0.008 -12"><span class='ocrx_word' id='word_1_518' title='bbox 1884 4205 2132 4258; x_wconf 87' lang='lat' dir='ltr'><strong>mitatem</strong></span> <span class='ocrx_word' id='word_1_519' title='bbox 2158 4201 2399 4270; x_wconf 89' lang='lat' dir='ltr'><strong>aliquam</strong></span> <span class='ocrx_word' id='word_1_520' title='bbox 2429 4197 2706 4262; x_wconf 80' lang='lat' dir='ltr'><strong>inciderit,</strong></span> <span class='ocrx_word' id='word_1_521' title='bbox 2737 4211 2863 4252; x_wconf 87' lang='lat' dir='ltr'><strong>cum</strong></span> <span class='ocrx_word' id='word_1_522' title='bbox 2902 4195 3107 4265; x_wconf 75' lang='lat' dir='ltr'><strong>ingenti</strong></span> <span class='ocrx_word' id='word_1_523' title='bbox 3141 4193 3342 4249; x_wconf 86' lang='lat' dir='ltr'><strong>ﬁducia</strong></span> <span class='ocrx_word' id='word_1_524' title='bbox 3378 4205 3478 4261; x_wconf 84' lang='lat' dir='ltr'><strong>par</strong></span> 
     </span>
    </p>
   </div>
   <div class='ocr_carea' id='block_1_82' title="bbox 1882 4277 2774 4362">
    <p class='ocr_par' dir='ltr' id='par_1_82' title="bbox 1882 4277 2774 4362">
     <span class='ocr_line' id='line_1_82' title="bbox 1882 4277 2774 4362; baseline -0.013 -8"><span class='ocrx_word' id='word_1_525' title='bbox 1882 4296 1990 4354; x_wconf 91' lang='lat' dir='ltr'><strong>sibi</strong></span> <span class='ocrx_word' id='word_1_526' title='bbox 2028 4277 2222 4354; x_wconf 82' lang='lat' dir='ltr'><strong>referri</strong></span> <span class='ocrx_word' id='word_1_527' title='bbox 2245 4307 2276 4348; x_wconf 92' lang='lat' dir='ltr'><strong>a</strong></span> <span class='ocrx_word' id='word_1_528' title='bbox 2307 4292 2420 4348; x_wconf 85' lang='lat' dir='ltr'><strong>Deo</strong></span> <span class='ocrx_word' id='word_1_529' title='bbox 2452 4289 2774 4362; x_wconf 88' lang='lat' dir='ltr'><strong>postulabit.</strong></span> 
     </span>
    </p>
   </div>
   <div class='ocr_carea' id='block_1_83' title="bbox 1953 4374 3474 4460">
    <p class='ocr_par' dir='ltr' id='par_1_83' title="bbox 1953 4374 3474 4460">
     <span class='ocr_line' id='line_1_83' title="bbox 1953 4374 3474 4460; baseline -0.011 -16"><span class='ocrx_word' id='word_1_530' title='bbox 1953 4389 2019 4445; x_wconf 92' lang='lat' dir='ltr'><strong>S.</strong></span> <span class='ocrx_word' id='word_1_531' title='bbox 2053 4387 2246 4460; x_wconf 80' lang='lat' dir='ltr'><strong>Cyrill.</strong></span> <span class='ocrx_word' id='word_1_532' title='bbox 2280 4416 2352 4428; x_wconf 89' lang='lat'><strong>-—</strong></span> <span class='ocrx_word' id='word_1_533' title='bbox 2381 4383 2654 4440; x_wconf 66' lang='lat' dir='ltr'><strong>Praeclara</strong></span> <span class='ocrx_word' id='word_1_534' title='bbox 2699 4392 2866 4452; x_wconf 91' lang='lat' dir='ltr'><strong>atque</strong></span> <span class='ocrx_word' id='word_1_535' title='bbox 2907 4377 3261 4438; x_wconf 70' lang='lat' dir='ltr'><strong>aemulatione</strong></span> <span class='ocrx_word' id='word_1_536' title='bbox 3308 4374 3474 4443; x_wconf 82' lang='lat' dir='ltr'><strong>digna</strong></span> 
     </span>
    </p>
   </div>
   <div class='ocr_carea' id='block_1_84' title="bbox 1882 4467 3475 4548">
    <p class='ocr_par' dir='ltr' id='par_1_84' title="bbox 1882 4467 3475 4548">
     <span class='ocr_line' id='line_1_84' title="bbox 1882 4467 3475 4548; baseline -0.01 -9"><span class='ocrx_word' id='word_1_537' title='bbox 1882 4482 2103 4539; x_wconf 87' lang='lat' dir='ltr'><strong>bonitas</strong></span> <span class='ocrx_word' id='word_1_538' title='bbox 2133 4489 2240 4547; x_wconf 89' lang='lat' dir='ltr'><strong>est,</strong></span> <span class='ocrx_word' id='word_1_539' title='bbox 2270 4476 2712 4536; x_wconf 84' lang='lat' dir='ltr'><strong>misericordiam</strong></span> <span class='ocrx_word' id='word_1_540' title='bbox 2744 4475 2812 4532; x_wconf 88' lang='lat' dir='ltr'><strong>iis</strong></span> <span class='ocrx_word' id='word_1_541' title='bbox 2839 4473 2933 4548; x_wconf 88' lang='lat' dir='ltr'><strong>qui</strong></span> <span class='ocrx_word' id='word_1_542' title='bbox 2973 4487 3072 4529; x_wconf 88' lang='lat' dir='ltr'><strong>nos</strong></span> <span class='ocrx_word' id='word_1_543' title='bbox 3110 4469 3237 4526; x_wconf 91' lang='lat' dir='ltr'><strong>odio</strong></span> <span class='ocrx_word' id='word_1_544' title='bbox 3269 4467 3475 4524; x_wconf 84' lang='lat' dir='ltr'><strong>habere</strong></span> 
     </span>
    </p>
   </div>
   <div class='ocr_carea' id='block_1_85' title="bbox 175 4547 1781 4650">
    <p class='ocr_par' dir='ltr' id='par_1_85' title="bbox 175 4547 1774 4650">
     <span class='ocr_line' id='line_1_85' title="bbox 175 4547 1774 4650; baseline 0.017 -50"><span class='ocrx_word' id='word_1_545' title='bbox 175 4547 404 4650; x_wconf 50' lang='lat' dir='ltr'><strong>atat-rip:</strong></span> <span class='ocrx_word' id='word_1_546' title='bbox 431 4554 815 4650; x_wconf 64' lang='lat' dir='ltr'><strong>xsipatpépstv</strong></span> <span class='ocrx_word' id='word_1_547' title='bbox 863 4560 1183 4635; x_wconf 76' lang='grc' dir='ltr'>ἐπίκουρονο</span> <span class='ocrx_word' id='word_1_548' title='bbox 1236 4547 1524 4637; x_wconf 80' lang='grc' dir='ltr'>βούλεσθαι</span> <span class='ocrx_word' id='word_1_549' title='bbox 1567 4547 1636 4625; x_wconf 43' lang='grc' dir='ltr'>-δέ</span> <span class='ocrx_word' id='word_1_550' title='bbox 1679 4547 1774 4627; x_wconf 62' lang='grc' dir='ltr'><strong>καῖ</strong></span> 
     </span>
    </p>
   </div>
   <div class='ocr_carea' id='block_1_86' title="bbox 1897 4547 3474 4650">
    <p class='ocr_par' dir='ltr' id='par_1_86' title="bbox 1897 4555 3474 4646">
     <span class='ocr_line' id='line_1_86' title="bbox 1897 4555 3474 4646; baseline -0.013 -14"><span class='ocrx_word' id='word_1_551' title='bbox 1897 4575 2069 4632; x_wconf 70' lang='lat' dir='ltr'><strong>volunt</strong></span> <span class='ocrx_word' id='word_1_552' title='bbox 2091 4555 2376 4646; x_wconf 11' lang='lat' dir='ltr'><strong>prasta’re,</strong></span> <span class='ocrx_word' id='word_1_553' title='bbox 2395 4584 2728 4640; x_wconf 90' lang='lat' dir='ltr'><strong>manumque</strong></span> <span class='ocrx_word' id='word_1_554' title='bbox 2751 4565 3085 4622; x_wconf 79' lang='lat' dir='ltr'><strong>inauxilium</strong></span> <span class='ocrx_word' id='word_1_555' title='bbox 3110 4561 3287 4628; x_wconf 75' lang='lat' dir='ltr'><strong>ferre;</strong></span> <span class='ocrx_word' id='word_1_556' title='bbox 3311 4557 3474 4628; x_wconf 87' lang='lat' dir='ltr'><strong>quin-</strong></span> 
     </span>
    </p>
   </div>
   <div class='ocr_carea' id='block_1_87' title="bbox 174 4638 1768 4730">
    <p class='ocr_par' dir='ltr' id='par_1_87' title="bbox 174 4638 1768 4730">
     <span class='ocr_line' id='line_1_87' title="bbox 174 4638 1768 4730; baseline 0.016 -36"><span class='ocrx_word' id='word_1_557' title='bbox 174 4638 376 4706; x_wconf 82' lang='grc' dir='ltr'>σώζειν</span> <span class='ocrx_word' id='word_1_558' title='bbox 428 4645 654 4716; x_wconf 77' lang='grc' dir='ltr'>αὐτοὺς,</span> <span class='ocrx_word' id='word_1_559' title='bbox 685 4649 787 4704; x_wconf 84' lang='grc' dir='ltr'>οὐκ</span> <span class='ocrx_word' id='word_1_560' title='bbox 843 4651 1207 4724; x_wconf 87' lang='grc' dir='ltr'>ἐμϐαίνοντας</span> <span class='ocrx_word' id='word_1_561' title='bbox 1246 4657 1470 4730; x_wconf 79' lang='grc' dir='ltr'>μᾶλλον,</span> <span class='ocrx_word' id='word_1_562' title='bbox 1519 4663 1616 4718; x_wconf 81' lang='grc' dir='ltr'>καὶ</span> <span class='ocrx_word' id='word_1_563' title='bbox 1656 4659 1768 4719; x_wconf 73' lang='grc' dir='ltr'>οἷον</span> 
     </span>
    </p>
   </div>
   <div class='ocr_carea' id='block_1_88' title="bbox 175 4733 1770 4824">
    <p class='ocr_par' dir='ltr' id='par_1_88' title="bbox 175 4733 1770 4824">
     <span class='ocr_line' id='line_1_88' title="bbox 175 4733 1770 4824; baseline 0.017 -39"><span class='ocrx_word' id='word_1_564' title='bbox 175 4733 460 4824; x_wconf 79' lang='grc' dir='ltr'>κειμένοις</span> <span class='ocrx_word' id='word_1_565' title='bbox 517 4738 946 4814; x_wconf 88' lang='grc' dir='ltr'>ἐποχουμένους,</span> <span class='ocrx_word' id='word_1_566' title='bbox 995 4747 1093 4801; x_wconf 80' lang='grc' dir='ltr'>καὶ</span> <span class='ocrx_word' id='word_1_567' title='bbox 1144 4749 1245 4821; x_wconf 83' lang='grc' dir='ltr'>τῆς</span> <span class='ocrx_word' id='word_1_568' title='bbox 1298 4753 1532 4824; x_wconf 78' lang='grc' dir='ltr'>ἐνούσης</span> <span class='ocrx_word' id='word_1_569' title='bbox 1583 4757 1770 4823; x_wconf 79' lang='grc' dir='ltr'>αὐτοῖς</span> 
     </span>
    </p>
   </div>
   <div class='ocr_carea' id='block_1_89' title="bbox 169 4823 1771 4922">
    <p class='ocr_par' dir='ltr' id='par_1_89' title="bbox 169 4823 1771 4922">
     <span class='ocr_line' id='line_1_89' title="bbox 169 4823 1771 4922; baseline 0.019 -45"><span class='ocrx_word' id='word_1_570' title='bbox 169 4823 493 4922; x_wconf 76' lang='grc' dir='ltr'>ἀθλιότητος</span> <span class='ocrx_word' id='word_1_571' title='bbox 521 4834 998 4904; x_wconf 78' lang='grc' dir='ltr'>καταμειδιῶντας</span> <span class='ocrx_word' id='word_1_572' title='bbox 1047 4823 1568 4916; x_wconf 77' lang='grc' dir='ltr'>ἀφιλοικτιρμόνιος,</span> <span class='ocrx_word' id='word_1_573' title='bbox 1595 4851 1771 4922; x_wconf 84' lang='grc' dir='ltr'>δρῶν-</span> 
     </span>
    </p>
   </div>
   <div class='ocr_carea' id='block_1_90' title="bbox 170 4919 1767 5013">
    <p class='ocr_par' dir='ltr' id='par_1_90' title="bbox 170 4919 1767 5013">
     <span class='ocr_line' id='line_1_90' title="bbox 170 4919 1767 5013; baseline 0.019 -42"><span class='ocrx_word' id='word_1_574' title='bbox 170 4935 274 4984; x_wconf 89' lang='grc' dir='ltr'><strong>τας</strong></span> <span class='ocrx_word' id='word_1_575' title='bbox 295 4919 354 4972; x_wconf 87' lang='grc' dir='ltr'>δὲ</span> <span class='ocrx_word' id='word_1_576' title='bbox 377 4921 583 4992; x_wconf 82' lang='grc' dir='ltr'>μᾶλλον</span> <span class='ocrx_word' id='word_1_577' title='bbox 601 4927 805 4992; x_wconf 85' lang='grc' dir='ltr'>ἐκεῖνα,</span> <span class='ocrx_word' id='word_1_578' title='bbox 835 4931 905 4984; x_wconf 83' lang='grc' dir='ltr'><strong>τά</strong></span> <span class='ocrx_word' id='word_1_579' title='bbox 927 4929 995 4984; x_wconf 90' lang='grc' dir='ltr'><strong>δι’</strong></span> <span class='ocrx_word' id='word_1_580' title='bbox 1022 4927 1098 4987; x_wconf 88' lang='grc' dir='ltr'><strong>ὧν</strong></span> <span class='ocrx_word' id='word_1_581' title='bbox 1123 4932 1228 4999; x_wconf 80' lang='grc' dir='ltr'><strong>ἐξω</strong></span> <span class='ocrx_word' id='word_1_582' title='bbox 1244 4937 1491 5005; x_wconf 85' lang='grc' dir='ltr'>γένοιντο</span> <span class='ocrx_word' id='word_1_583' title='bbox 1517 4919 1767 5013; x_wconf 77' lang='grc' dir='ltr'>παγίδος,</span> 
     </span>
    </p>
   </div>
   <div class='ocr_carea' id='block_1_91' title="bbox 172 5013 1771 5106">
    <p class='ocr_par' dir='ltr' id='par_1_91' title="bbox 172 5013 1771 5106">
     <span class='ocr_line' id='line_1_91' title="bbox 172 5013 1771 5106; baseline 0.019 -44"><span class='ocrx_word' id='word_1_584' title='bbox 172 5013 538 5106; x_wconf 70' lang='grc' dir='ltr'>ποιουμένους</span> <span class='ocrx_word' id='word_1_585' title='bbox 577 5016 634 5072; x_wconf 79' lang='grc' dir='ltr'>δὲ</span> <span class='ocrx_word' id='word_1_586' title='bbox 660 5018 758 5074; x_wconf 74' lang='grc' dir='ltr'>καὶ</span> <span class='ocrx_word' id='word_1_587' title='bbox 784 5019 938 5087; x_wconf 86' lang='grc' dir='ltr'>λιτάς</span> <span class='ocrx_word' id='word_1_588' title='bbox 971 5023 1112 5100; x_wconf 84' lang='grc' dir='ltr'>ὑπὲρ</span> <span class='ocrx_word' id='word_1_589' title='bbox 1142 5027 1328 5085; x_wconf 82' lang='grc' dir='ltr'>αὐτῶν</span> <span class='ocrx_word' id='word_1_590' title='bbox 1363 5033 1501 5106; x_wconf 82' lang='grc' dir='ltr'>πρὸς</span> <span class='ocrx_word' id='word_1_591' title='bbox 1536 5034 1629 5094; x_wconf 83' lang='grc' dir='ltr'>τὸν</span> <span class='ocrx_word' id='word_1_592' title='bbox 1657 5037 1771 5093; x_wconf 88' lang='grc' dir='ltr'><strong>τῶν</strong></span> 
     </span>
    </p>
   </div>
   <div class='ocr_carea' id='block_1_92' title="bbox 169 5102 750 5174">
    <p class='ocr_par' dir='ltr' id='par_1_92' title="bbox 169 5102 750 5174">
     <span class='ocr_line' id='line_1_92' title="bbox 169 5102 750 5174; baseline 0.019 -18"><span class='ocrx_word' id='word_1_593' title='bbox 169 5102 314 5158; x_wconf 83' lang='grc' dir='ltr'>ὅλων</span> <span class='ocrx_word' id='word_1_594' title='bbox 343 5105 466 5172; x_wconf 82' lang='grc' dir='ltr'>ἐξου</span> <span class='ocrx_word' id='word_1_595' title='bbox 475 5108 750 5174; x_wconf 84' lang='grc' dir='ltr'>σιάζοντα.</span> 
     </span>
    </p>
   </div>
   <div class='ocr_carea' id='block_1_93' title="bbox 241 5194 1520 5287">
    <p class='ocr_par' dir='ltr' id='par_1_93' title="bbox 241 5194 1520 5287">
     <span class='ocr_line' id='line_1_93' title="bbox 241 5194 1520 5287; baseline 0.02 -39"><span class='ocrx_word' id='word_1_596' title='bbox 241 5194 358 5262; x_wconf 90' lang='grc' dir='ltr'><strong>Τάς</strong></span> <span class='ocrx_word' id='word_1_597' title='bbox 378 5201 669 5274; x_wconf 81' lang='grc' dir='ltr'>συμφορὰς</span> <span class='ocrx_word' id='word_1_598' title='bbox 697 5202 889 5278; x_wconf 77' lang='grc' dir='ltr'>ἐλεεῖν,</span> <span class='ocrx_word' id='word_1_599' title='bbox 917 5207 978 5261; x_wconf 84' lang='grc' dir='ltr'>οὐ</span> <span class='ocrx_word' id='word_1_600' title='bbox 1007 5212 1187 5281; x_wconf 84' lang='grc' dir='ltr'>μισεῖν</span> <span class='ocrx_word' id='word_1_601' title='bbox 1217 5216 1520 5287; x_wconf 77' lang='grc' dir='ltr'>προσῆκεν.</span> 
     </span>
    </p>
   </div>
   <div class='ocr_carea' id='block_1_94' title="bbox 241 5374 1770 5470">
    <p class='ocr_par' dir='ltr' id='par_1_94' title="bbox 241 5374 1770 5470">
     <span class='ocr_line' id='line_1_94' title="bbox 241 5374 1770 5470; baseline 0.018 -42"><span class='ocrx_word' id='word_1_602' title='bbox 241 5374 323 5470; x_wconf 63' lang='lat'><strong>9:3</strong></span> <span class='ocrx_word' id='word_1_603' title='bbox 352 5376 461 5449; x_wconf 82' lang='grc' dir='ltr'>χρὴ</span> <span class='ocrx_word' id='word_1_604' title='bbox 491 5377 586 5438; x_wconf 74' lang='grc' dir='ltr'>ἐπὶ</span> <span class='ocrx_word' id='word_1_605' title='bbox 614 5383 777 5438; x_wconf 76' lang='grc' dir='ltr'>παντὶ</span> <span class='ocrx_word' id='word_1_606' title='bbox 806 5385 1064 5459; x_wconf 76' lang='grc' dir='ltr'>πτώματι</span> <span class='ocrx_word' id='word_1_607' title='bbox 1087 5390 1185 5448; x_wconf 80' lang='grc' dir='ltr'>καὶ</span> <span class='ocrx_word' id='word_1_608' title='bbox 1208 5391 1361 5466; x_wconf 76' lang='grc' dir='ltr'>πάσῃ</span> <span class='ocrx_word' id='word_1_609' title='bbox 1407 5395 1657 5470; x_wconf 78' lang='grc' dir='ltr'>ἁμαρτίᾳ</span> <span class='ocrx_word' id='word_1_610' title='bbox 1675 5399 1770 5458; x_wconf 80' lang='grc' dir='ltr'><strong>ἁν-</strong></span> 
     </span>
    </p>
   </div>
   <div class='ocr_carea' id='block_1_95' title="bbox 172 5463 1770 5560">
    <p class='ocr_par' dir='ltr' id='par_1_95' title="bbox 172 5463 1770 5560">
     <span class='ocr_line' id='line_1_95' title="bbox 172 5463 1770 5560; baseline 0.018 -42"><span class='ocrx_word' id='word_1_611' title='bbox 172 5463 394 5538; x_wconf 87' lang='grc' dir='ltr'>θρώπου</span> <span class='ocrx_word' id='word_1_612' title='bbox 430 5472 781 5544; x_wconf 86' lang='grc' dir='ltr'>ἐπαίρεσθαι,</span> <span class='ocrx_word' id='word_1_613' title='bbox 841 5479 964 5532; x_wconf 82' lang='grc' dir='ltr'>οὐδὲ</span> <span class='ocrx_word' id='word_1_614' title='bbox 1005 5463 1478 5555; x_wconf 85' lang='grc' dir='ltr'>ἐπιχαίρειν</span> <span class='ocrx_word' id='word_1_615' title='bbox 1630 5463 1770 5546; x_wconf 63' lang='grc' dir='ltr'>υπο-</span> 
     </span>
    </p>
   </div>
   <div class='ocr_carea' id='block_1_96' title="bbox 175 5561 1769 5652">
    <p class='ocr_par' dir='ltr' id='par_1_96' title="bbox 175 5561 1769 5652">
     <span class='ocr_line' id='line_1_96' title="bbox 175 5561 1769 5652; baseline 0.018 -41"><span class='ocrx_word' id='word_1_616' title='bbox 175 5561 610 5652; x_wconf 65' lang='grc' dir='ltr'>σχετλιασθέντι,</span> <span class='ocrx_word' id='word_1_617' title='bbox 645 5569 804 5625; x_wconf 75' lang='grc' dir='ltr'>κάνεὶ</span> <span class='ocrx_word' id='word_1_618' title='bbox 849 5571 982 5646; x_wconf 81' lang='grc' dir='ltr'>δοκῇ</span> <span class='ocrx_word' id='word_1_619' title='bbox 1028 5575 1057 5628; x_wconf 90' lang='grc' dir='ltr'><strong>ό</strong></span> <span class='ocrx_word' id='word_1_620' title='bbox 1094 5574 1336 5643; x_wconf 80' lang='grc' dir='ltr'>τοιοῦτος</span> <span class='ocrx_word' id='word_1_621' title='bbox 1364 5580 1559 5652; x_wconf 69' lang='grc' dir='ltr'>ἐχθρὸς</span> <span class='ocrx_word' id='word_1_622' title='bbox 1587 5584 1769 5652; x_wconf 85' lang='grc' dir='ltr'>φόνιος</span> 
     </span>
    </p>
   </div>
   <div class='ocr_carea' id='block_1_97' title="bbox 174 5644 1770 5742">
    <p class='ocr_par' dir='ltr' id='par_1_97' title="bbox 174 5644 1770 5742">
     <span class='ocr_line' id='line_1_97' title="bbox 174 5644 1770 5742; baseline 0.018 -40"><span class='ocrx_word' id='word_1_623' title='bbox 174 5644 336 5706; x_wconf 75' lang='grc' dir='ltr'>εἶναι·</span> <span class='ocrx_word' id='word_1_624' title='bbox 376 5655 581 5726; x_wconf 77' lang='grc' dir='ltr'>μᾶλλον</span> <span class='ocrx_word' id='word_1_625' title='bbox 606 5658 665 5714; x_wconf 82' lang='grc' dir='ltr'>δὲ</span> <span class='ocrx_word' id='word_1_626' title='bbox 710 5644 1060 5736; x_wconf 74' lang='grc' dir='ltr'>συμπάσχειν</span> <span class='ocrx_word' id='word_1_627' title='bbox 1083 5668 1181 5722; x_wconf 79' lang='grc' dir='ltr'><strong>καὶ</strong></span> <span class='ocrx_word' id='word_1_628' title='bbox 1211 5644 1648 5742; x_wconf 36' lang='grc' dir='ltr'>συναλγεῖνίκαὶ</span> <span class='ocrx_word' id='word_1_629' title='bbox 1680 5644 1770 5730; x_wconf 56' lang='lat' dir='ltr'><strong>sti;</strong></span> 
     </span>
    </p>
   </div>
   <div class='ocr_carea' id='block_1_98' title="bbox 176 5741 1766 5837">
    <p class='ocr_par' dir='ltr' id='par_1_98' title="bbox 176 5741 1766 5837">
     <span class='ocr_line' id='line_1_98' title="bbox 176 5741 1766 5837; baseline 0.018 -42"><span class='ocrx_word' id='word_1_630' title='bbox 176 5741 276 5837; x_wconf 80' lang='grc' dir='ltr'>χὴν</span> <span class='ocrx_word' id='word_1_631' title='bbox 299 5744 443 5819; x_wconf 81' lang='grc' dir='ltr'>ὑπὲρ</span> <span class='ocrx_word' id='word_1_632' title='bbox 482 5750 650 5806; x_wconf 87' lang='grc' dir='ltr'><strong>αὐτοῦ</strong></span> <span class='ocrx_word' id='word_1_633' title='bbox 698 5753 839 5824; x_wconf 76' lang='grc' dir='ltr'>πρὸς</span> <span class='ocrx_word' id='word_1_634' title='bbox 867 5756 960 5812; x_wconf 76' lang='grc' dir='ltr'>τὸν</span> <span class='ocrx_word' id='word_1_635' title='bbox 1007 5757 1144 5814; x_wconf 81' lang='grc' dir='ltr'>Θεὸν</span> <span class='ocrx_word' id='word_1_636' title='bbox 1191 5741 1488 5832; x_wconf 87' lang='grc' dir='ltr'>ποιεῖσθαι,</span> <span class='ocrx_word' id='word_1_637' title='bbox 1535 5765 1766 5837; x_wconf 82' lang='grc' dir='ltr'>δεδιότα,</span> 
     </span>
    </p>
   </div>
   <div class='ocr_carea' id='block_1_99' title="bbox 175 5834 1771 5930">
    <p class='ocr_par' dir='ltr' id='par_1_99' title="bbox 175 5834 1771 5930">
     <span class='ocr_line' id='line_1_99' title="bbox 175 5834 1771 5930; baseline 0.021 -43"><span class='ocrx_word' id='word_1_638' title='bbox 175 5834 272 5889; x_wconf 71' lang='grc' dir='ltr'>καὶ</span> <span class='ocrx_word' id='word_1_639' title='bbox 317 5843 650 5914; x_wconf 84' lang='grc' dir='ltr'>πεφρικότα,</span> <span class='ocrx_word' id='word_1_640' title='bbox 697 5848 792 5902; x_wconf 73' lang='grc' dir='ltr'>καὶ</span> <span class='ocrx_word' id='word_1_641' title='bbox 821 5848 1278 5925; x_wconf 75' lang='grc' dir='ltr'>διαλογιζόμενον,</span> <span class='ocrx_word' id='word_1_642' title='bbox 1327 5857 1538 5929; x_wconf 78' lang='grc' dir='ltr'>μήποτε</span> <span class='ocrx_word' id='word_1_643' title='bbox 1589 5861 1617 5914; x_wconf 87' lang='grc' dir='ltr'><strong>ό</strong></span> <span class='ocrx_word' id='word_1_644' title='bbox 1673 5834 1771 5930; x_wconf 78' lang='grc' dir='ltr'>μὲν</span> 
     </span>
    </p>
   </div>
   <div class='ocr_carea' id='block_1_100' title="bbox 1871 4649 3474 4727">
    <p class='ocr_par' dir='ltr' id='par_1_100' title="bbox 1871 4649 3474 4727">
     <span class='ocr_line' id='line_1_100' title="bbox 1871 4649 3474 4727; baseline -0.012 -3"><span class='ocrx_word' id='word_1_645' title='bbox 1871 4669 2038 4724; x_wconf 88' lang='lat' dir='ltr'><strong>etiam</strong></span> <span class='ocrx_word' id='word_1_646' title='bbox 2067 4681 2258 4723; x_wconf 86' lang='lat' dir='ltr'><strong>eorum</strong></span> <span class='ocrx_word' id='word_1_647' title='bbox 2293 4663 2458 4722; x_wconf 89' lang='lat' dir='ltr'><strong>saluti</strong></span> <span class='ocrx_word' id='word_1_648' title='bbox 2523 4661 2772 4727; x_wconf 89' lang='lat' dir='ltr'><strong>studere,</strong></span> <span class='ocrx_word' id='word_1_649' title='bbox 2827 4672 2934 4715; x_wconf 89' lang='lat' dir='ltr'><strong>nec</strong></span> <span class='ocrx_word' id='word_1_650' title='bbox 2988 4664 3103 4712; x_wconf 88' lang='lat' dir='ltr'><strong>tam</strong></span> <span class='ocrx_word' id='word_1_651' title='bbox 3153 4649 3474 4724; x_wconf 74' lang='lat' dir='ltr'><strong>iacentibus</strong></span> 
     </span>
    </p>
   </div>
   <div class='ocr_carea' id='block_1_101' title="bbox 1873 4742 3472 4825">
    <p class='ocr_par' dir='ltr' id='par_1_101' title="bbox 1873 4742 3472 4825">
     <span class='ocr_line' id='line_1_101' title="bbox 1873 4742 3472 4825; baseline -0.013 -9"><span class='ocrx_word' id='word_1_652' title='bbox 1873 4759 2169 4825; x_wconf 85' lang='lat' dir='ltr'><strong>insultare,</strong></span> <span class='ocrx_word' id='word_1_653' title='bbox 2199 4765 2254 4815; x_wconf 89' lang='lat' dir='ltr'><strong>et</strong></span> <span class='ocrx_word' id='word_1_654' title='bbox 2293 4755 2576 4812; x_wconf 87' lang='lat' dir='ltr'><strong>miseriam</strong></span> <span class='ocrx_word' id='word_1_655' title='bbox 2610 4754 2667 4809; x_wconf 95' lang='lat' dir='ltr'><strong>in</strong></span> <span class='ocrx_word' id='word_1_656' title='bbox 2708 4765 2818 4824; x_wconf 92' lang='lat' dir='ltr'><strong>qua</strong></span> <span class='ocrx_word' id='word_1_657' title='bbox 2847 4757 3147 4807; x_wconf 81' lang='lat' dir='ltr'><strong>versantur</strong></span> <span class='ocrx_word' id='word_1_658' title='bbox 3174 4742 3472 4801; x_wconf 85' lang='lat' dir='ltr'><strong>immiseri-</strong></span> 
     </span>
    </p>
   </div>
   <div class='ocr_carea' id='block_1_102' title="bbox 1871 4834 3471 4918">
    <p class='ocr_par' dir='ltr' id='par_1_102' title="bbox 1871 4834 3471 4918">
     <span class='ocr_line' id='line_1_102' title="bbox 1871 4834 3471 4918; baseline -0.012 -9"><span class='ocrx_word' id='word_1_659' title='bbox 1871 4851 2120 4910; x_wconf 81' lang='lat' dir='ltr'><strong>corditer</strong></span> <span class='ocrx_word' id='word_1_660' title='bbox 2143 4849 2394 4913; x_wconf 88' lang='lat' dir='ltr'><strong>irridere,</strong></span> <span class='ocrx_word' id='word_1_661' title='bbox 2420 4861 2588 4918; x_wconf 88' lang='lat' dir='ltr'><strong>quam</strong></span> <span class='ocrx_word' id='word_1_662' title='bbox 2635 4861 2701 4902; x_wconf 90' lang='lat' dir='ltr'><strong>ea</strong></span> <span class='ocrx_word' id='word_1_663' title='bbox 2741 4843 2927 4899; x_wconf 83' lang='lat' dir='ltr'><strong>facere</strong></span> <span class='ocrx_word' id='word_1_664' title='bbox 2950 4851 3006 4898; x_wconf 91' lang='lat' dir='ltr'><strong>et</strong></span> <span class='ocrx_word' id='word_1_665' title='bbox 3036 4836 3242 4902; x_wconf 87' lang='lat' dir='ltr'><strong>moliri,</strong></span> <span class='ocrx_word' id='word_1_666' title='bbox 3268 4834 3471 4906; x_wconf 90' lang='lat' dir='ltr'><strong>quibus</strong></span> 
     </span>
    </p>
   </div>
   <div class='ocr_carea' id='block_1_103' title="bbox 1870 4926 3470 5017">
    <p class='ocr_par' dir='ltr' id='par_1_103' title="bbox 1870 4926 3470 5017">
     <span class='ocr_line' id='line_1_103' title="bbox 1870 4926 3470 5017; baseline -0.014 -14"><span class='ocrx_word' id='word_1_667' title='bbox 1870 4963 1903 5012; x_wconf 85' lang='lat' dir='ltr'><strong>e</strong></span> <span class='ocrx_word' id='word_1_668' title='bbox 1936 4947 2136 5017; x_wconf 82' lang='lat' dir='ltr'><strong>laqueo</strong></span> <span class='ocrx_word' id='word_1_669' title='bbox 2160 4942 2325 5001; x_wconf 79' lang='lat' dir='ltr'><strong>eximi</strong></span> <span class='ocrx_word' id='word_1_670' title='bbox 2356 4941 2597 5013; x_wconf 87' lang='lat' dir='ltr'><strong>possint.</strong></span> <span class='ocrx_word' id='word_1_671' title='bbox 2629 4940 2710 4998; x_wconf 81' lang='lat' dir='ltr'><strong>Ac</strong></span> <span class='ocrx_word' id='word_1_672' title='bbox 2767 4944 3035 5009; x_wconf 64' lang='lat' dir='ltr'><strong>praeterea</strong></span> <span class='ocrx_word' id='word_1_673' title='bbox 3091 4930 3371 5002; x_wconf 84' lang='lat' dir='ltr'><strong>supplices</strong></span> <span class='ocrx_word' id='word_1_674' title='bbox 3405 4926 3470 4981; x_wconf 84' lang='lat' dir='ltr'><strong>ad</strong></span> 
     </span>
    </p>
   </div>
   <div class='ocr_carea' id='block_1_104' title="bbox 1870 5023 3469 5108">
    <p class='ocr_par' dir='ltr' id='par_1_104' title="bbox 1870 5023 3469 5108">
     <span class='ocr_line' id='line_1_104' title="bbox 1870 5023 3469 5108; baseline -0.013 -14"><span class='ocrx_word' id='word_1_675' title='bbox 1870 5053 1996 5094; x_wconf 87' lang='lat' dir='ltr'><strong>eum</strong></span> <span class='ocrx_word' id='word_1_676' title='bbox 2031 5051 2134 5108; x_wconf 88' lang='lat' dir='ltr'><strong>pro</strong></span> <span class='ocrx_word' id='word_1_677' title='bbox 2169 5035 2280 5094; x_wconf 87' lang='lat' dir='ltr'><strong>illis</strong></span> <span class='ocrx_word' id='word_1_678' title='bbox 2313 5031 2409 5102; x_wconf 88' lang='lat' dir='ltr'><strong>qui</strong></span> <span class='ocrx_word' id='word_1_679' title='bbox 2441 5031 2610 5090; x_wconf 88' lang='lat' dir='ltr'><strong>rebus</strong></span> <span class='ocrx_word' id='word_1_680' title='bbox 2632 5028 2891 5086; x_wconf 89' lang='lat' dir='ltr'><strong>omnibus</strong></span> <span class='ocrx_word' id='word_1_681' title='bbox 2907 5023 3248 5088; x_wconf 87' lang='lat' dir='ltr'><strong>dominatur,</strong></span> <span class='ocrx_word' id='word_1_682' title='bbox 3275 5031 3469 5094; x_wconf 82' lang='lat' dir='ltr'><strong>preces</strong></span> 
     </span>
    </p>
   </div>
   <div class='ocr_carea' id='block_1_105' title="bbox 1872 5130 3469 5280">
    <p class='ocr_par' dir='ltr' id='par_1_105' title="bbox 1872 5130 3469 5280">
     <span class='ocr_line' id='line_1_105' title="bbox 1872 5130 3469 5280; baseline -0.013 -1"><span class='ocrx_word' id='word_1_683' title='bbox 1872 5130 2188 5280; x_wconf 48' lang='grc' dir='ltr'><strong>θάἓῖὴῖ</strong></span> <span class='ocrx_word' id='word_1_684' title='bbox 2216 5251 2286 5264; x_wconf 72' lang='grc' dir='ltr'><strong>-ο</strong></span> <span class='ocrx_word' id='word_1_685' title='bbox 2316 5216 2715 5276; x_wconf 86' lang='lat' dir='ltr'><strong>Calamitatum</strong></span> <span class='ocrx_word' id='word_1_686' title='bbox 2758 5210 3012 5272; x_wconf 82' lang='lat' dir='ltr'><strong>misereri</strong></span> <span class='ocrx_word' id='word_1_687' title='bbox 3043 5205 3326 5274; x_wconf 76' lang='lat' dir='ltr'><strong>convenit,</strong></span> <span class='ocrx_word' id='word_1_688' title='bbox 3358 5220 3469 5262; x_wconf 87' lang='lat' dir='ltr'><strong>non</strong></span> 
     </span>
    </p>
   </div>
   <div class='ocr_carea' id='block_1_106' title="bbox 1870 5315 2198 5373">
    <p class='ocr_par' dir='ltr' id='par_1_106' title="bbox 1870 5315 2198 5373">
     <span class='ocr_line' id='line_1_106' title="bbox 1870 5315 2198 5373; baseline -0.009 0"><span class='ocrx_word' id='word_1_689' title='bbox 1870 5329 1965 5373; x_wconf 90' lang='lat' dir='ltr'><strong>cas</strong></span> <span class='ocrx_word' id='word_1_690' title='bbox 1991 5315 2198 5373; x_wconf 91' lang='lat' dir='ltr'><strong>odisse.</strong></span> 
     </span>
    </p>
   </div>
   <div class='ocr_carea' id='block_1_107' title="bbox 1942 5396 3466 5480">
    <p class='ocr_par' dir='ltr' id='par_1_107' title="bbox 1942 5396 3466 5480">
     <span class='ocr_line' id='line_1_107' title="bbox 1942 5396 3466 5480; baseline -0.007 -17"><span class='ocrx_word' id='word_1_691' title='bbox 1942 5407 2168 5466; x_wconf 70' lang='lat' dir='ltr'><strong>Minime</strong></span> <span class='ocrx_word' id='word_1_692' title='bbox 2212 5423 2432 5480; x_wconf 65' lang='lat' dir='ltr'><strong>aequum</strong></span> <span class='ocrx_word' id='word_1_693' title='bbox 2477 5414 2567 5464; x_wconf 88' lang='lat' dir='ltr'><strong>est</strong></span> <span class='ocrx_word' id='word_1_694' title='bbox 2616 5405 2687 5462; x_wconf 87' lang='lat' dir='ltr'><strong>ad</strong></span> <span class='ocrx_word' id='word_1_695' title='bbox 2718 5418 2936 5465; x_wconf 85' lang='lat' dir='ltr'><strong>omnem</strong></span> <span class='ocrx_word' id='word_1_696' title='bbox 2967 5400 3206 5460; x_wconf 77' lang='lat' dir='ltr'><strong>hominis</strong></span> <span class='ocrx_word' id='word_1_697' title='bbox 3248 5396 3466 5470; x_wconf 75' lang='lat' dir='ltr'><strong>lapsum</strong></span> 
     </span>
    </p>
   </div>
   <div class='ocr_carea' id='block_1_108' title="bbox 1870 5493 3462 5572">
    <p class='ocr_par' dir='ltr' id='par_1_108' title="bbox 1870 5493 3462 5572">
     <span class='ocr_line' id='line_1_108' title="bbox 1870 5493 3462 5572; baseline -0.004 -16"><span class='ocrx_word' id='word_1_698' title='bbox 1870 5509 1929 5556; x_wconf 86' lang='lat' dir='ltr'><strong>et</strong></span> <span class='ocrx_word' id='word_1_699' title='bbox 1963 5511 2252 5572; x_wconf 86' lang='lat' dir='ltr'><strong>peccatum</strong></span> <span class='ocrx_word' id='word_1_700' title='bbox 2278 5517 2400 5559; x_wconf 88' lang='lat' dir='ltr'><strong>sese</strong></span> <span class='ocrx_word' id='word_1_701' title='bbox 2428 5500 2734 5558; x_wconf 86' lang='lat' dir='ltr'><strong>insolenter</strong></span> <span class='ocrx_word' id='word_1_702' title='bbox 2750 5495 2968 5562; x_wconf 64' lang='lat' dir='ltr'><strong>efferre,</strong></span> <span class='ocrx_word' id='word_1_703' title='bbox 2997 5505 3051 5552; x_wconf 92' lang='lat' dir='ltr'><strong>et</strong></span> <span class='ocrx_word' id='word_1_704' title='bbox 3076 5494 3128 5550; x_wconf 91' lang='lat' dir='ltr'><strong>ei</strong></span> <span class='ocrx_word' id='word_1_705' title='bbox 3161 5494 3255 5566; x_wconf 86' lang='lat' dir='ltr'><strong>qui</strong></span> <span class='ocrx_word' id='word_1_706' title='bbox 3296 5493 3462 5550; x_wconf 86' lang='lat' dir='ltr'><strong>mise-</strong></span> 
     </span>
    </p>
   </div>
   <div class='ocr_carea' id='block_1_109' title="bbox 1873 5586 3458 5665">
    <p class='ocr_par' dir='ltr' id='par_1_109' title="bbox 1873 5586 3458 5665">
     <span class='ocr_line' id='line_1_109' title="bbox 1873 5586 3458 5665; baseline -0.005 -16"><span class='ocrx_word' id='word_1_707' title='bbox 1873 5593 1970 5652; x_wconf 89' lang='lat' dir='ltr'><strong>riis</strong></span> <span class='ocrx_word' id='word_1_708' title='bbox 2001 5593 2252 5664; x_wconf 79' lang='lat' dir='ltr'><strong>dejectus</strong></span> <span class='ocrx_word' id='word_1_709' title='bbox 2273 5594 2443 5665; x_wconf 86' lang='lat' dir='ltr'><strong>jacet,</strong></span> <span class='ocrx_word' id='word_1_710' title='bbox 2487 5593 2779 5658; x_wconf 88' lang='lat' dir='ltr'><strong>insultare,</strong></span> <span class='ocrx_word' id='word_1_711' title='bbox 2819 5588 3071 5664; x_wconf 85' lang='lat' dir='ltr'><strong>quamvis</strong></span> <span class='ocrx_word' id='word_1_712' title='bbox 3100 5586 3305 5657; x_wconf 84' lang='lat' dir='ltr'><strong>alioqui</strong></span> <span class='ocrx_word' id='word_1_713' title='bbox 3337 5601 3458 5641; x_wconf 80' lang='lat' dir='ltr'><strong>cru-</strong></span> 
     </span>
    </p>
   </div>
   <div class='ocr_carea' id='block_1_110' title="bbox 1876 5681 3455 5751">
    <p class='ocr_par' dir='ltr' id='par_1_110' title="bbox 1876 5681 3455 5751">
     <span class='ocr_line' id='line_1_110' title="bbox 1876 5681 3455 5751; baseline -0.004 -9"><span class='ocrx_word' id='word_1_714' title='bbox 1876 5686 2200 5745; x_wconf 90' lang='lat' dir='ltr'><strong>delissimus</strong></span> <span class='ocrx_word' id='word_1_715' title='bbox 2227 5687 2404 5745; x_wconf 88' lang='lat' dir='ltr'><strong>hostis</strong></span> <span class='ocrx_word' id='word_1_716' title='bbox 2432 5702 2558 5744; x_wconf 88' lang='lat' dir='ltr'><strong>esse</strong></span> <span class='ocrx_word' id='word_1_717' title='bbox 2589 5686 2878 5750; x_wconf 74' lang='lat' dir='ltr'><strong>videatur;</strong></span> <span class='ocrx_word' id='word_1_718' title='bbox 2910 5697 3103 5738; x_wconf 90' lang='lat' dir='ltr'><strong>verum</strong></span> <span class='ocrx_word' id='word_1_719' title='bbox 3138 5681 3315 5751; x_wconf 89' lang='lat' dir='ltr'><strong>ipsius</strong></span> <span class='ocrx_word' id='word_1_720' title='bbox 3361 5695 3455 5751; x_wconf 81' lang='lat' dir='ltr'><strong>po-</strong></span> 
     </span>
    </p>
   </div>
   <div class='ocr_carea' id='block_1_111' title="bbox 1876 5768 3465 5847">
    <p class='ocr_par' dir='ltr' id='par_1_111' title="bbox 1876 5768 3465 5847">
     <span class='ocr_line' id='line_1_111' title="bbox 1876 5768 3465 5847; baseline -0.004 -17"><span class='ocrx_word' id='word_1_721' title='bbox 1876 5776 1988 5834; x_wconf 89' lang='lat' dir='ltr'><strong>tius</strong></span> <span class='ocrx_word' id='word_1_722' title='bbox 2025 5775 2202 5834; x_wconf 86' lang='lat' dir='ltr'><strong>vicem</strong></span> <span class='ocrx_word' id='word_1_723' title='bbox 2232 5777 2440 5844; x_wconf 89' lang='lat' dir='ltr'><strong>dolere,</strong></span> <span class='ocrx_word' id='word_1_724' title='bbox 2481 5793 2547 5834; x_wconf 86' lang='lat' dir='ltr'><strong>ac</strong></span> <span class='ocrx_word' id='word_1_725' title='bbox 2570 5785 2696 5833; x_wconf 87' lang='lat' dir='ltr'><strong>vota</strong></span> <span class='ocrx_word' id='word_1_726' title='bbox 2726 5788 2830 5847; x_wconf 88' lang='lat' dir='ltr'><strong>pro</strong></span> <span class='ocrx_word' id='word_1_727' title='bbox 2857 5788 2924 5832; x_wconf 87' lang='lat' dir='ltr'><strong>eo</strong></span> <span class='ocrx_word' id='word_1_728' title='bbox 2949 5772 3017 5826; x_wconf 89' lang='lat' dir='ltr'><strong>ad</strong></span> <span class='ocrx_word' id='word_1_729' title='bbox 3056 5771 3224 5827; x_wconf 86' lang='lat' dir='ltr'><strong>Deum</strong></span> <span class='ocrx_word' id='word_1_730' title='bbox 3260 5768 3465 5838; x_wconf 81' lang='lat' dir='ltr'><strong>facere,</strong></span> 
     </span>
    </p>
   </div>
   <div class='ocr_carea' id='block_1_112' title="bbox 1878 5860 3460 5941">
    <p class='ocr_par' dir='ltr' id='par_1_112' title="bbox 1878 5860 3460 5941">
     <span class='ocr_line' id='line_1_112' title="bbox 1878 5860 3460 5941; baseline -0.005 -13"><span class='ocrx_word' id='word_1_731' title='bbox 1878 5874 2138 5940; x_wconf 78' lang='lat' dir='ltr'><strong>metuque</strong></span> <span class='ocrx_word' id='word_1_732' title='bbox 2171 5878 2226 5930; x_wconf 87' lang='lat' dir='ltr'><strong>et</strong></span> <span class='ocrx_word' id='word_1_733' title='bbox 2261 5884 2460 5941; x_wconf 81' lang='lat' dir='ltr'><strong>pavore</strong></span> <span class='ocrx_word' id='word_1_734' title='bbox 2486 5869 2649 5940; x_wconf 74' lang='lat' dir='ltr'><strong>allici,</strong></span> <span class='ocrx_word' id='word_1_735' title='bbox 2695 5882 2994 5940; x_wconf 78' lang='lat' dir='ltr'><strong>secumque</strong></span> <span class='ocrx_word' id='word_1_736' title='bbox 3034 5871 3312 5936; x_wconf 81' lang='lat' dir='ltr'><strong>reputare,</strong></span> <span class='ocrx_word' id='word_1_737' title='bbox 3342 5860 3460 5920; x_wconf 80' lang='lat' dir='ltr'><strong>ﬁeri</strong></span> 
     </span>
    </p>
   </div>
  </div>
