4028 6402
562 397 704 466 1535

1741 397 1800 458 S.
1828 397 2074 462 JOANN
2080 400 2152 460 IS
2195 401 2622 468 DAMASCENI

3713 411 3850 482 1536

557 525 721 582 posse
747 517 808 565 ut
839 509 928 566 ille
965 509 1063 579 qui
1119 508 1370 580 deiectus
1428 509 1802 583 subactosque
1830 513 1996 585 509
2033 522 2142 580 est,

2274 519 2689 586 ιποσκελισθεὶς,
2743 519 3146 590 τροπαιοφόρος
3205 520 3523 594 ἀναδειχθῇ,
3585 525 3617 576 6
3674 523 3852 578 δὶνο-

557 607 738 661 victor
771 602 990 658 tandem
1033 601 1256 668 evadat,
1287 603 1335 660 is
1391 617 1524 660 vero
1552 604 1648 675 qui
1700 611 1852 662 stare
1905 606 2146 675 videtur,

558 703 756 766 praeter
787 695 1258 766 exspectationem
1289 710 1448 751 suam
1508 697 1839 768 gravissime
1897 706 2147 764 corruat,

551 796 609 842 et
632 787 688 842 in
715 785 989 857 ejusmodi
1025 786 1184 858 lapsu
1213 786 1472 844 intereat.
1507 788 1880 854 Quamobrem
1908 789 2150 847 inimicis

553 879 782 934 omnino
819 893 922 934 nos
954 892 1184 949 parcere
1225 886 1466 950 oportet,
1521 893 1648 934 cu
1682 879 1741 935 in
1779 891 2024 937 nostram
2051 895 2152 952 po-

557 980 814 1028 testatem
841 985 1065 1026 venere.

627 1064 688 1119 Si
711 1063 1026 1135 quempiam
1056 1077 1188 1118 raro
1214 1077 1244 1118 a
1277 1063 1502 1119 virtutis
1523 1064 1813 1130 curriculo
1831 1064 2146 1134 deﬂectere,

558 1167 615 1214 et
643 1157 698 1212 in
737 1156 946 1213 diaboli
991 1159 1242 1213 fraudem
1283 1159 1570 1230 contingat
1601 1157 1738 1226 labi,
1773 1173 1909 1216 cave
1937 1160 2007 1216 de
2028 1161 2151 1230 ipso

559 1251 661 1307 tibi
699 1250 978 1307 calculum
1023 1265 1234 1318 sumas,
1292 1265 1534 1321 eumque
1588 1251 1948 1310 c0ndemnes.
1998 1251 2149 1319 Quin

559 1341 696 1399 time
722 1341 907 1414 potius
939 1357 1008 1398 ne
1039 1353 1097 1397 tu
1131 1357 1357 1414 quoque
1381 1341 1543 1399 simul
1579 1341 1771 1400 cadas.

633 1435 887 1490 Aliorum
934 1434 1110 1489 laetari
1152 1434 1495 1500 calamitate,
1537 1435 1645 1490 etsi
1693 1434 2031 1507 quandoque
2057 1435 2150 1508 iu-

564 1535 711 1582 stum
743 1535 852 1592 est,
881 1533 1063 1580 tamen
1095 1525 1164 1581 ab
1195 1525 1544 1582 humanitate
1569 1524 1834 1582 alienum.

562 1635 700 1693 ΤΙΤ.
745 1635 861 1693 XV.
890 1665 959 1677 —
987 1636 1066 1692 De
1107 1637 1470 1706 beneﬁcentia,
1516 1648 1568 1694 et
1617 1639 1885 1696 oblatione
1930 1655 1998 1696 ea:
2045 1640 2151 1696 ini-

1086 1708 1205 1779 quis
1240 1708 1424 1777 apibus
1458 1709 1627 1778 facta.

635 1797 668 1856 Ι
689 1799 878 1855 Paral.
935 1814 1030 1854 xxi
1053 1839 1068 1865 ,
1109 1799 1201 1864 22,
1235 1799 1328 1854 25.
1372 1828 1442 1839 -
1479 1818 1498 1853 ι
1538 1799 1691 1856 Dixit
1729 1800 1904 1858 David
1935 1800 2102 1858 0mm
2131 1819 2160 1858 :.

564 1891 643 1946 Da
690 1891 827 1946 mihi
867 1892 1048 1947 locum
1111 1906 1274 1958 areae,
1327 1900 1385 1948 et
1432 1892 1722 1949 aediﬁcabo
1769 1893 1826 1949 in
1878 1908 1942 1949 ea
1973 1894 2149 1951 altare

564 1983 796 2039 Domino
825 2001 841 2038 :
879 1999 981 2054 pro
1013 1984 1250 2054 pecunia
1283 1983 1450 2056 digna
1481 1984 1553 2041 da
1589 2001 1712 2042 eam
1751 1986 1908 2054 mihi,
1944 1995 2000 2043 et
2024 2001 2151 2044 ces-

563 2075 716 2131 sabit
749 2077 909 2147 plaga
965 2090 996 2130 a
1036 2076 1264 2146 populo.
1298 2077 1366 2132 Et
1419 2076 1566 2132 dixit
1613 2075 1767 2133 Orna
1810 2079 1880 2134 ad
1927 2078 2144 2137 David:

563 2167 768 2236 Accipe
803 2167 929 2234 tibi,
977 2175 1035 2224 et
1091 2167 1264 2223 faciat
1319 2167 1578 2225 dominus
1642 2185 1802 2226 meus
1845 2185 1941 2225 rex
2001 2169 2152 2240 quod

565 2259 774 2315 bonum
811 2258 982 2315 estin
1035 2269 1349 2330 conspectu
1401 2275 1526 2317 suo.
1563 2259 1632 2315 Et
1669 2260 1814 2317 dixit
1845 2276 1940 2318 rex
1976 2280 1989 2317 :
2039 2259 2150 2319 Ne-

565 2366 872 2423 quaquam,
925 2366 1104 2407 emam
1159 2361 1386 2424 argento
1445 2353 1644 2424 quanti
1689 2354 1969 2410 valuerit:
2015 2356 2152 2427 quia

566 2460 678 2502 non
708 2460 923 2502 sumam
957 2453 1052 2500 tua
1093 2444 1351 2511 Domino,
1405 2453 1465 2500 ut
1496 2443 1722 2500 oderam
1763 2445 2151 2503 holocaustum

568 2538 744 2608 gratis
781 2535 1016 2592 Domino
1071 2535 1204 2593 Deo.
1267 2535 1336 2591 Et
1393 2536 1549 2592 dedit
1604 2535 1776 2593 David
1831 2538 1996 2595 Ornat
2052 2553 2155 2609 pro

567 2629 692 2685 loco
718 2629 828 2685 isto
871 2629 1042 2686 siclos
1075 2629 1222 2696 auri,
1253 2629 1522 2699 ponderis
1561 2628 1889 2700 iustissimi,
1920 2643 2155 2688 sexcen-

565 2732 676 2780 tos.
717 2743 736 2778 ι

641 2816 809 2872 Eccli.
856 2832 1045 2886 xxxrv,
1091 2817 1205 2884 21,
1238 2817 1330 2883 ει,
1371 2816 1464 2874 28.
1511 2849 1583 2860 —-
1618 2835 1639 2872 ι
1692 2817 2038 2877 lmmolantis
2089 2835 2156 2878 ex

567 2907 763 2979 iniquo
792 2907 976 2963 hostia
1018 2915 1339 2976 contempta
1371 2915 1479 2973 est,
1511 2921 1618 2964 nec
1649 2908 1995 2978 beneplacita
2021 2916 2157 2965 sunt

567 3015 801 3056 munera
843 2999 1194 3070 iniquorum.
1229 2998 1332 3066 Qui
1368 2998 1530 3055 olI'ert
1561 3000 1900 3056 sacriﬁcium
1925 3016 1994 3058 ex
2028 3002 2162 3059 sub-

570 3093 781 3149 stantia
837 3106 1164 3162 pauperum,
1215 3091 1375 3163 quasi
1431 3091 1525 3162 qui
1583 3091 1835 3147 victimat
1887 3091 2064 3150 tilium
2101 3094 2158 3150 in

2253 609 2419 680 μίσας
2450 609 2724 675 ἵστασθαι,
2755 609 2992 676 ἐξαίσιον
3014 610 3244 684 ὕστερον
3277 612 3480 682 πτῶμα
3513 614 3847 686 καταρραγῇ

2251 703 2406 777 παρά
2429 702 2529 774 τὴν
2551 702 2907 775 προσδοκίαν,
2941 702 3038 757 καὶ
3082 703 3393 776 ὲναποθάνῃ
3423 703 3502 776 τῷ
3559 704 3845 773 πτώματι.

2249 795 2350 849 Διά
2378 793 2536 849 τοῦτο
2572 794 2696 849 τότε
2731 795 2969 866 μάλιστα
2995 795 3078 849 δεῖ
3126 795 3410 865 φείδεσθαι
3457 795 3570 849 τῶν
3605 795 3844 869 ἐχθρῶν,

2250 889 2378 944 ὅταν
2404 887 2584 943 αὐτῶν
2603 886 2893 958 γενώμεθα
2926 886 3128 959 κύριοι.
3509 901 3514 906 ·

2321 1063 2442 1119 Κάν
2468 1061 2573 1117 πού
2600 1078 2723 1117 τινα
2753 1061 2997 1125 σπανίως
3027 1061 3210 1134 συμϐῇ
3259 1060 3553 1116 ἀποκλῖναι
3576 1061 3682 1133 τῆς
3714 1062 3842 1134 ἀρε-

2249 1152 2371 1224 τῆς,
2417 1153 2515 1206 καὶ
2566 1152 2648 1222 τῷ
2695 1149 2933 1221 διαϐόλῳ
2974 1154 3354 1223 παραπεσεῖν,
3392 1152 3466 1223 μὴ
3499 1151 3623 1205 θέλε
3652 1153 3842 1207 τοῦτον

2249 1243 2514 1310 δικάζειν,
2547 1245 2640 1298 καὶ
2669 1243 3042 1315 κατακρίνειν.
3067 1243 3238 1298 Φοϐοὖ
3265 1239 3324 1299 δὲ
3369 1243 3598 1317 μᾶλλον,
3635 1244 3714 1316 μὴ
3751 1245 3847 1299 καὶ

2251 1335 2785 1407 συμπτωματισθῇς.

2315 1426 2544 1498 Χαίρειν
2565 1427 2660 1481 ἐπὶ
2679 1429 2800 1493 ταῖς
2817 1426 2929 1482 τῶν
2968 1427 3180 1500 ἐχθρῶν
3211 1428 3485 1501 ἀτυχίαις,
3529 1430 3582 1484 εί
3630 1429 3730 1484 καὶ
3764 1428 3848 1483 δί-

2251 1519 2407 1575 καιόν
2433 1537 2587 1589 ποτε,
2613 1521 2732 1577 ἀλλ’
2759 1521 2860 1577 οὒκ
2881 1520 3242 1594 ἀνθρώπινον.

2251 1635 2431 1693 ΤΙΤΔ.
2451 1634 2551 1693 1Ε’.
2576 1668 2644 1679 -
2663 1623 2802 1707 Περὶ
2814 1637 3184 1709 εὐεργεσίας,
3196 1639 3236 1706 ἢ
3253 1637 3609 1709 προσφορᾶς
3628 1639 3701 1705 ἐξ
3726 1639 3851 1695 d61-

2787 1725 2913 1762 κων
2938 1707 3282 1778 γινομένης.

2327 1820 2347 1856 ι
2384 1795 2555 1856 Εἶπεν
2575 1800 2740 1856 Δαϐὶδ
2781 1801 2858 1873 τῷ
2896 1803 3081 1876 Ὀρκᾷε
3134 1801 3234 1864 Δός
3259 1818 3349 1872 μοι
3377 1801 3547 1856 τόπον
3575 1805 3680 1875 τῆς
3709 1803 3846 1870 ἅλω,

2251 1895 2346 1950 καὶ
2398 1895 2740 1966 οἰκοδομήσω
2797 1894 2857 1947 ὲν
2912 1893 3054 1964 αὐτῇ
3085 1891 3474 1965 θυσιαστήριον
3501 1893 3582 1965 τῷ
3627 1896 3847 1966 Κυρίῳ·

2249 1986 2516 2058 ἀργυρίου
2535 1985 2624 2048 δός
2648 2002 2738 2056 μοι
2759 1983 2941 2051 αὐτὸν,
2975 1984 3072 2038 καὶ
3102 1982 3377 2039 παύσεται
3393 1987 3427 2056 ἠ
3451 1984 3634 2058 πληγὴ
3668 1989 3733 2040 ἐκ
3753 1988 3850 2041 τοῦ

2249 2077 2403 2134 λαοῦ.
2428 2077 2540 2131 Καὶ
2563 2071 2718 2131 εἷπεν
2756 2076 2923 2150 Ὀιρνᾶ
2951 2074 3090 2150 πρὸς
3111 2073 3296 2146 Δαϐίδν
3322 2074 3473 2129 Λάϐε
3496 2075 3736 2146 σεαυτῷ,
3753 2078 3852 2131 καὶ

2252 2171 2537 2242 ποιησάτω
2565 2170 2594 2223 6
2614 2167 2806 2241 κύριός
2833 2184 2934 2239 μου
2959 2168 2988 2221 6
3009 2165 3268 2237 βασιλεὺς
3297 2165 3360 2220 τὸ
3379 2165 3585 2236 ἀγαθδν
3614 2165 3855 2223 ἐνώπιον

2252 2261 2440 2321 αὐτοῦ.
2474 2261 2582 2316 Καὶ
2615 2258 2770 2314 εἶπεν
2797 2261 2826 2314 ό
2847 2259 3098 2330 βασιλεύς
3121 2275 3136 2290 ·
3167 2259 3302 2329 Οὐχί
3324 2273 3338 2289 ο
3363 2257 3481 2314 ἀλλ’
3512 2258 3548 2330 ἢ
3590 2259 3854 2331 ἀγοράσω

2253 2354 2519 2428 ἀργυρίου
2570 2353 2748 2419 ἀξίου,
2785 2354 2951 2407 ὅτιού
3007 2351 3084 2424 μὴ
3137 2351 3292 2406 λάϐω
3319 2350 3387 2406 τὰ
3435 2350 3505 2405 σά
3536 2351 3618 2422 τῷ
3657 2353 3854 2425 Κυρίῳ

2255 2446 2572 2516 ἀνενεγκεῖν
2607 2443 2972 2499 ὁλοκαύτωσιν
2998 2442 3210 2514 δωρεὰν
3240 2442 3434 2514 Κυρίῳ
3466 2441 3544 2514 τῷ
3573 2442 3718 2514 Θεῷ.
3741 2443 3855 2496 Καὶ

2255 2537 2425 2593 ἔδωκε
2476 2519 2641 2593 Δαϐῖδ
2672 2535 2753 2607 τῷ
2807 2536 2976 2609 Ὀρνᾷ
3018 2535 3148 2609 περὶ
3179 2535 3349 2592 τόπου
3405 2533 3573 2591 αὐτοῦ
3629 2535 3854 2600 σίκλους

2255 2628 2481 2703 χρυσίου
2516 2627 2686 2699 ὁλκῆς
2717 2625 3053 2692 ἑξακοσίους.
3090 2643 3111 2680 s

2247 2825 2252 2828 '
2337 2831 2356 2868 ι
2383 2810 2741 2877 Θυσιάζοντος
2763 2804 3045 2882 ἑξίάδίκων
3079 2804 3243 2860 θυσία
3283 2803 3694 2877 μεμωκημὲνη,
3760 2803 3856 2859 καὶ

2259 2907 2361 2961 οὐκ
2405 2906 2488 2969 είς
2537 2900 2786 2958 εὐδοκίαν
2842 2901 3150 2972 δωρήματα
3229 2899 3470 2970 ἀνόμων.
3525 2897 3685 2952 Θὺων
3739 2898 3858 2952 υίδν

2261 2996 2445 3052 ἔναντι
2474 2992 2681 3067 πατρὸς
2719 2989 2911 3061 αὐτοῦ,
2943 2988 3120 3053 οὕτως
3166 2989 3196 3042 6
3228 2988 3524 3059 προσάγων
3558 2987 3756 3042 θυσίαν
3793 2988 3860 3043 ὲκ

2263 3087 2565 3162 χρημάτων
2594 3083 2864 3156 πενήτων.
2921 3075 3019 3146 Εἷς
3039 3079 3361 3152 οἰκοδομῶν,
3393 3081 3490 3134 καὶ
3540 3077 3625 3143 εἷς
3658 3079 3860 3135 καθαι-

570 3191 874 3255 conspectu
904 3185 1080 3255 patris
1104 3183 1216 3240 sui.
1251 3182 1405 3239 Unus
1431 3183 1744 3251 aediﬁcans,
1777 3191 1835 3240 et
1881 3201 2028 3244 unus
2057 3186 2154 3244 de-

2274 3181 2395 3253 ρῶψ
2421 3179 2507 3244 τίς
2523 3177 2762 3248 ὠφέλεια
2796 3174 2976 3230 πλέων
3006 3174 3041 3246 ἢ
3072 3174 3276 3240 κόπος;
3309 3169 3391 3238 εἷς
3420 3173 3746 3245 εὐχόμενος,
3764 3175 3863 3228 καὶ

571 3287 827 3346 struens;
856 3279 987 3350 quid
1018 3277 1249 3349 prodest
1275 3278 1384 3333 illis
1415 3278 1518 3333 nisi
1553 3277 1759 3334 labor?
1782 3276 1940 3336 Unus
1964 3293 2159 3348 orans,

569 3375 626 3425 et
651 3385 798 3426 unus
834 3371 1210 3440 maledicens;
1247 3370 1545 3442 cuiusnam
1595 3385 1788 3428 vocem
1821 3369 2011 3429 audiet
2053 3369 2163 3429 Do-

569 3458 793 3515 minus?
828 3477 848 3513 ι

640 3547 706 3606 S.
746 3548 1022 3622 Chrysost.
1063 3581 1132 3593 —
1161 3550 1268 3619 Qui
1307 3565 1396 3608 res
1445 3551 1681 3610 alterius
1731 3563 1987 3626 usurpat,
2039 3569 2162 3613 eas-

567 3657 677 3712 que
697 3643 852 3699 alteri
897 3644 1117 3710 tribuit,
1147 3660 1259 3701 non
1290 3644 1461 3700 modo
1486 3646 1892 3703 misericordia
1925 3662 2158 3707 munere

567 3749 680 3790 non
719 3735 990 3808 fungitur,
1024 3738 1120 3793 sed
1159 3743 1216 3792 et
1246 3736 1581 3808 gravissimo
1609 3739 1821 3795 scelere
1859 3754 1920 3796 se
1949 3741 2158 3797 astrin-

569 3825 671 3895 git.
701 3825 839 3882 Nam
872 3829 918 3884 si
943 3842 1010 3884 cx
1047 3829 1118 3885 iis
1157 3844 1280 3900 qua:
1311 3837 1512 3900 praeter
1533 3830 1628 3900 ius
1657 3830 1962 3904 collegisti,
1989 3834 2160 3891 mise-

571 3915 738 3985 reris,
776 3925 830 3974 te
858 3919 1047 3990 potius
1079 3934 1270 3976 eorum
1297 3920 1578 3988 misereat,
1616 3922 1826 3992 quibus
1857 3923 2032 3982 infers
2076 3927 2160 3982 in-

566 4007 795 4079 iuriam.
831 4012 1048 4068 Etenim
1085 4013 1134 4070 is
1164 4013 1386 4070 demum
1422 4013 1551 4084 pius
1587 4013 1878 4074 habendus
1907 4025 2015 4085 est,
2045 4035 2156 4076 non

2262 3271 2344 3340 εἷς
2373 3269 2785 3344 καταρώμενος·
2815 3267 2961 3334 τίνος
2977 3267 3162 3339 φωνῆς
3179 3266 3562 3324 είσακούσεται
3594 3269 3624 3322 6
3648 3267 3862 3322 Δεσπό-

2261 3385 2441 3442 της;»

2347 3549 2408 3604 Ὀ
2432 3547 2501 3603 τὰ
2528 3547 2716 3620 ἑτέρου
2748 3543 3070 3616 λαμϐάνων,
3121 3541 3216 3596 καὶ
3241 3542 3414 3613 ἑτέρῳ
3447 3538 3627 3602 διδοὺς
3667 3537 3780 3592 οὐκ
3803 3537 3868 3608 ἡ·

2261 3644 2480 3716 λὲησεν,
2512 3638 2649 3696 ἀλλά
2676 3637 2774 3694 καὶ
2797 3636 3060 3708 ἠδίκησεν
3105 3632 3323 3689 ἀδικίαν
3353 3634 3452 3705 τὴν
3478 3632 3748 3703 ἐσχάτην.
3802 3631 3867 3684 Et

2267 3738 2368 3809 μὲν
2396 3734 2508 3806 γὰρ
2534 3733 2704 3797 ἐλεεῖς
2732 3730 2795 3798 ἐξ
2839 3723 2914 3784 ὧν
2941 3729 3170 3796 ἀδικεῖς,
3222 3726 3444 3797 ἐλέησον
3494 3723 3590 3788 οὒς
3623 3725 3865 3788 ἀδικεῖς.

2265 3828 2514 3901 Εὐσεϐὴς
2557 3825 2666 3898 γὰρ
2695 3825 2926 3890 ἐκεῖνος,
2965 3821 3065 3894 οὐχ
3117 3821 3146 3875 6
3181 3819 3411 3883 πολλοὺς
3443 3817 3632 3884 ἐλεῶν,
3679 3815 3807 3870 ἀλλ’
3840 3816 3869 3868 6

2269 3921 2437 3994 μηδὲν
2457 3915 2813 3974 ἀδικῶν.”Ετι
2837 3913 2901 3986 [il
2919 3913 2972 3966 εἴ
2985 3911 3064 3984 τι]
3091 3910 3150 3965 δὲ
3176 3911 3274 3966 καὶ
3290 3907 3451 3964 πάλιν
3471 3907 3645 3962 ὲλεεῖν
3668 3905 3866 3978 βούλῃ,

2275 4017 2500 4087 ἐλέησον
2539 4009 2647 4068 ἀπὸ
2675 4007 2786 4062 σῶν
2816 4003 3050 4080 καρπῶν
3077 4003 3449 4076 δικαιοσύνης.

568 4093 662 4177 qui
689 4109 992 4166 multorum
1025 4111 1381 4179 misereatur,
1415 4111 1514 4170 sed
1555 4113 1652 4185 qui
1707 4113 1988 4172 neminem
2045 4117 2253 4191 injuria
2313 4113 2541 4171 alliciat.
2582 4105 2743 4175 Quod
2797 4103 2844 4162 si
2902 4099 3346 4159 miscricordiam
3413 4097 3702 4170 impertire
3747 4096 3867 4172 vis,

569 4205 638 4262 de
667 4206 904 4276 iustitiae
944 4207 1223 4266 fructibus
1265 4209 1318 4264 id
1363 4209 1554 4267 facito.

644 4297 708 4373 Si,
735 4298 1068 4369 pauperibus
1104 4301 1371 4367 seminas,
1415 4317 1539 4373 quae
1587 4311 1682 4359 tua
1719 4314 1850 4362 sunt
1887 4305 2154 4364 semines.

572 4388 767 4444 Aliena
819 4389 1098 4461 siquidem
1159 4392 1455 4449 acerbiora
1509 4394 1743 4453 zizaniis
1805 4403 1957 4453 sunt.
2022 4395 2159 4452 Nam

572 4495 768 4552 agrum
805 4483 944 4540 colis
974 4499 1137 4556 quem
1169 4493 1378 4541 metere
1410 4498 1520 4540 non
1548 4489 1756 4556 possis.

2333 4297 2400 4351 Ei
2434 4291 2682 4362 σπείρεις
2709 4286 2967 4358 πτωχοῖς,
2997 4283 3067 4338 τὰ
3102 4281 3331 4337 σεαυτοῦ
3363 4283 3607 4353 σπεῖρον.
3641 4283 3729 4338 Τά
3759 4285 3870 4357 γάρ

2262 4389 2525 4458 ἀλλότρια
2550 4379 2810 4448 ζιζανίων
2861 4375 3183 4450 πικρότερα·
3214 4375 3485 4446 γεωργεῖς
3512 4373 3624 4447 γάρ
3668 4376 3870 4450 ἀγρὸν,

2267 4481 2328 4536 ὃν
2357 4478 2574 4551 θερίσαι
2597 4475 2658 4530 οὐ
2684 4471 2933 4528 δύνασαι.

573 4589 713 4647 ΤΙΤ.
740 4591 882 4648 XVI.
916 4626 988 4669 -τ
1013 4593 1584 4669 Derred‘emptor‘ibus,
1621 4605 1670 4669 et
1698 4599 2155 4669 procuratoribus,

2274 4595 2451 4669 I‘ITA_.
2467 4592 2604 4669 tq".
2623 4621 2696 4669 —_—
2709 4587 2851 4669 Περὶ
2885 4582 3244 4669 ἐργρλαϐῶν,
3387 4667 3408 4669 _
3421 4583 3750 4669 ξηξολέων,
3782 4588 3870 4653 εις

891 4665 983 4735 qui
1014 4680 1070 4720 se
1096 4663 1151 4718 iu
1175 4663 1379 4718 alienas
1409 4665 1530 4720 lites
1567 4663 1839 4737 injic'iunt.

644 4751 805 4810 Prov.
877 4769 1040 4821 xum,
1105 4753 1192 4810 17.
1226 4786 1298 4796 —-
1355 4773 1375 4808 ι
1437 4754 1592 4812 Sicut
1639 4758 1738 4828 qui
1794 4761 2161 4832 apprehendit

573 4845 806 4901 caudam
837 4847 1016 4911 canis,
1055 4845 1139 4903 sic
1167 4847 1262 4917 qui
1305 4855 1508 4919 praeest
1539 4847 1623 4904 liti
1659 4851 1872 4908 alienae.
1925 4871 1945 4905 ι

647 4935 758 4990 Isa.
804 4951 1054 5004 xxxviii,
1123 4935 1270 4990 7.—-
1317 4953 1338 4988 ι
1399 4935 1708 4994 Consilium
1779 4941 2158 5012 improborum

576 5027 773 5098 iniqua
801 5030 968 5085 vult:
1009 5013 1197 5085 dolere
1235 5030 1476 5086 humiles
1519 5032 1876 5090 sermonibus
1907 5034 2158 5106 iniustis,

575 5127 632 5175 et
657 5119 932 5192 dissipare
951 5135 1237 5179 sermones
1266 5137 1567 5194 pauperum
1600 5123 1654 5179 in
1683 5123 1918 5194 iudicio.
1959 5145 1979 5180 ι

649 5211 818 5268 Eccli.
849 5229 1005 5280 uix,
1033 5213 1127 5270 26.
1168 5244 1238 5254 -
1265 5232 1285 5268 ι
1321 5213 1431 5282 Qui
1476 5223 1715 5273 conatur
1759 5218 1935 5274 multa
1975 5235 2158 5291 agerc,

576 5305 786 5360 incidet
808 5305 865 5360 in
897 5307 1185 5378 iudicium.
1227 5327 1246 5360 ι

649 5395 820 5452 Eccli.
846 5411 927 5462 xi,
955 5399 1010 5454 9.
1042 5430 1114 5440 —
1144 5417 1165 5450 ι
1206 5399 1283 5454 De
1311 5399 1536 5472 negotio
1557 5403 1707 5472 quod
1752 5403 1854 5460 tibi
1900 5416 2160 5461 necessa-

579 5491 722 5544 rium
753 5505 865 5547 non
901 5500 1012 5560 est,
1055 5505 1124 5547 ne
1163 5493 1423 5549 certeris.
1455 5511 1474 5545 ι

578 5600 716 5656 ΤΙΤ.
757 5601 924 5657 XVII.
950 5633 1022 5645 —-
1049 5603 1122 5658 De
1156 5603 1338 5673 probis
1365 5605 1647 5675 episcopis,
1692 5615 1742 5660 et
1774 5606 2035 5661 mandata
2063 5605 2162 5662 Dei

1194 5676 1548 5731 semermibus.

653 5760 818 5818 Leuit.
855 5779 968 5829 xxi,
990 5764 1076 5830 l7,
1096 5764 1189 5831 25,
1218 5765 1409 5821 ιιι-ε
1431 5763 1626 5824 Omnis
1645 5767 1813 5823 homo
1832 5767 1887 5823 in
1906 5781 2020 5838 quo
2049 5765 2164 5824 fuc-

583 5858 655 5913 rit
679 5858 913 5924 macula,
948 5872 1058 5915 non
1080 5858 1306 5919 accedet
1334 5866 1395 5917 ut
1417 5858 1630 5917 oli‘crat.
1651 5861 1828 5920 llomo
1850 5875 2054 5930 caecus,
2079 5861 2162 5919 vel

2402 4653 2732 4732 ἀλλοτρίας
2767 4653 3230 4723 δικαζήὲαυτοὺς
3260 4653 3724 4723 ἐμϐαλλόντων,

2339 4778 2358 4813 ι
2373 4758 2588 4828 Ὥσπερ
2616 4756 2645 4808 6
2661 4749 2886 4824 κρατῶν
2907 4747 3109 4822 κέρκου
3133 4747 3320 4811 κυνὸς,
3337 4745 3512 4811 οὕτως
3528 4746 3558 4799 6
3582 4747 3865 4818 προεστὼς,

2261 4850 2555 4923 ἀλλοτρίας
2577 4845 2839 4918 κρίσεως.
2866 4861 2885 4896 ι

2279 4979 2282 4982 ~
2338 4963 2357 4996 ι
2387 4939 2564 5012 Βουλὴ
2595 4938 2706 4992 τῶν
2734 4933 2992 5006 πονηρῶν
3037 4933 3216 5002 ἀνομα
3247 4929 3522 5003 βούλεται,
3558 4932 3866 5001 καταφθεῖο

2265 5055 2357 5110 ραι
2383 5033 2676 5096 ταπεινοὺς
2704 5031 2764 5084 ὲν
2784 5027 2968 5098 λόγοις
3005 5025 3236 5090 ἀδίκοις,
3267 5024 3364 5078 καὶ
3393 5023 3756 5078 διασκεδάσαι
3783 5025 3866 5078 λό-

2261 5145 2394 5198 γους
2421 5125 2672 5186 πενήτων
2698 5123 2757 5176 ὲν
2781 5118 2984 5188 κρίσει.
3022 5135 3040 5170 ι

2347 5221 2406 5272 Ὀ
2434 5215 2650 5272 διώκων
2683 5211 3066 5286 ἑργολάϐειαν,
3098 5208 3428 5278 ἐμπεσεῖται
3459 5206 3542 5271 εἰς
3569 5208 3775 5280 κρίσιν.
3803 5227 3821 5260 ι

2340 5413 2360 5448 ι
2390 5393 2529 5464 Περὶ
2558 5391 2886 5463 πράγματος
2923 5384 2984 5446 οὗ
3023 5389 3124 5444 οὐκ
3149 5388 3264 5443 ἔστι
3287 5405 3369 5443 σοι
3411 5387 3594 5460 χρεία,
3639 5389 3718 5463 μὴ
3749 5388 3865 5461 ἐρέ-

2265 5488 2400 5554 θιζε.
2443 5507 2461 5540 ι

2265 5603 2449 5658 ΤΙΤΛ.
2483 5599 2803 5668 IZ'.—Hspi
2816 5587 3167 5653 ἐπιάκόπων
3183 5596 3485 5668 χρηστῶν,
3493 5595 3605 5668 grai
3633 5598 3864 5666 φυλατ-

2277 5692 2280 5695 ·
2565 5665 2793 5727 τόντών
2819 5669 2929 5738 τᾲς
2956 5665 3211 5734 ἐντολὰς
3222 5665 3340 5722 τοῦ
3369 5665 3540 5721 Θεοῦ.

2343 5783 2361 5816 ι
2387 5765 2502 5828 Πᾶς
2530 5763 2841 5835 ἄνθρωπος,
2861 5754 2907 5830 ᾧ
2932 5756 3051 5833 ἂνῇ
3087 5760 3280 5831 μῶμος
3310 5761 3369 5812 ἐν
3397 5757 3569 5828 αὐτῷ,
3599 5759 3664 5813 οὐ
3698 5774 3863 5831 προσ⁸

2265 5857 2550 5953 ελεύσεται
2581 5854 2934 5928 προσφέρειν.
2971 5853 3303 5949 ,Ἄνθρωπος
3341 5851 3561 5922 τυφλὸς,
3601 5850 3636 5922 ἢ
3671 5850 3859 5927 χωλρς,
