4028 6404
193 355 318 423 1537

1385 349 1626 410 SACRA
1663 348 2132 410 PARALLELA.

3330 347 3468 417 1538

189 460 545 538 ἦκολοὸὀριν,
609 459 642 530 ἢ
681 458 1026 532 ἀπότμητος,
1085 459 1116 531 ἢ
1172 453 1216 528 ᾧ
1270 461 1336 514 ἂν
1378 457 1412 536 ᾖ
1447 461 1767 533 σύντριμμα

1898 463 2139 528 :laudus,
2182 458 2264 515 vel
2304 473 2439 517 naso
2493 461 2766 526 mutilato,
2803 461 2890 518 vel
2936 461 3166 517 auribus
3215 474 3469 534 amputa-

190 553 414 629 χειρὸςῆ
441 550 624 614 ποδὸς,
654 550 689 620 ἢ
717 551 938 620 κυρτὸς,
975 549 1008 620 ἦ
1040 549 1238 621 ἔφηλος
1264 552 1392 614 τοὺς
1421 551 1775 622 ὀφθαλμοὺς,

190 644 478 721 ῆπτιλλός,
505 643 540 716 ἢ
574 636 619 710 ᾧ
648 642 718 697 ἂν
819 643 878 695 ὲν
908 642 1062 713 αὐτῷ
1091 641 1252 714 ψὼρα
1281 643 1475 713 ἀγρία,
1504 644 1538 714 ἢ
1571 643 1778 716 λειχὴν,

191 739 221 810 ἦ
251 735 518 809 μονόρχις,
561 733 624 786 οὗ
670 733 993 804 προσεγγιεῖ
1037 731 1130 785 τοῦ
1163 735 1559 803 προσενεγκεῖν
1587 732 1782 796 θυσίας

191 827 390 898 Κυρίῳ,
445 825 529 878 ὅτι
563 823 758 894 μῶμος
791 824 851 877 ἐν
893 821 1064 891 αὐτῷ.
1103 821 1239 876 Ἀπὸ
1294 821 1406 876 τῶν
1449 820 1641 893 δώρων
1673 822 1782 876 τῶν

193 921 351 990 ἁγίων
379 917 636 987 φάγεται,
664 915 806 986 πλὴν
831 915 966 986 πρὸς
999 914 1060 968 τὸ
1088 914 1492 985 καταπέτασμα
1513 914 1576 968 οὐ
1607 931 1780 984 προσ-

193 1010 481 1074 ελεύσεται,
514 1009 608 1062 καὶ
639 1008 778 1080 πρὸς
821 1007 882 1060 τὸ
929 1006 1324 1077 θυσιαστήριόν
1357 1021 1458 1076 μου
1489 1007 1591 1058 οὐκ
1634 1005 1784 1074 ὲγγίο

194 1097 547 1168 ζει.Ῑ“υναῖκα
578 1099 787 1171 πόρνην
829 1097 925 1152 καὶ
960 1096 1352 1169 βεϐηλωμένην
1389 1097 1453 1150 οὐ
1486 1097 1776 1168 λήψονται,

192 1199 268 1250 ὅτι
291 1193 435 1264 ἅγιοι
457 1191 618 1246 είσίν.
656 1209 676 1242 ι

265 1391 284 1426 ι
319 1372 382 1426 Oi
419 1371 589 1442 ίερεῖς
649 1386 744 1423 σου
779 1367 1090 1423 ἐνδύσονται
1143 1369 1531 1442 δικαιοσύνην,
1587 1371 1687 1424 καὶ
1729 1369 1780 1422 οἱ

198 1463 322 1519 ὅσιοί
353 1479 452 1516 σου
482 1460 800 1532 ἀγαλλιάσει
821 1461 1270 1530 ἀγαλλιάσονται.
1299 1481 1319 1515 ι

267 1578 284 1608 ι
310 1555 572 1619 Γνωστῶς
604 1555 889 1628 ὲπιγνὼσῃ
911 1554 1090 1625 ψυχὰς
1119 1556 1372 1626 ποιμνίου
1405 1572 1524 1622 σου,
1553 1553 1647 1610 καὶ
1669 1554 1783 1610 ἐπι-

202 1652 408 1722 στήσεις
437 1647 669 1720 καρδίαν
704 1665 799 1702 σου
820 1651 943 1711 σαῖς
968 1647 1232 1743 ἀγέλαις.
1254 1667 1274 1700 ι

1867 551 1981 616 .tis,
2017 551 2105 606 vel
2137 551 2456 621 cuicunque
2506 551 2674 622 510
2731 551 2898 608 inierit
2950 553 3216 609 contritio
3271 569 3473 612 manus

1884 649 1982 696 aut
2025 639 2206 710 pedis,
2244 641 2330 696 vel
2384 641 2677 711 gibbosus,
2725 642 2811 696 vel
2862 642 3096 712 cphelus
3148 643 3352 708 oculis,
3385 645 3473 699 vcl

1884 733 2247 799 maculosus;
2279 731 2363 788 vel
2400 733 2566 787 homo
2599 733 2654 786 in
2699 748 2812 803 quo
2860 732 3028 789 fuerit
3061 734 3282 792 scabies
3313 749 3480 806 agre-
3509 742 3514 747 '

1883 823 2010 889 stis,
2042 824 2130 878 vel
2167 823 2451 896 impetigo,
2489 823 2577 878 vel
2607 823 2775 879 unius
2814 826 3083 893 testiculi,
3121 843 3231 881 non
3264 844 3472 900 appro-

1883 916 2178 988 pinquabit
2215 918 2282 970 ad
2333 915 2675 971 oﬂerendum
2732 917 3006 971 sacrificia
3049 916 3304 985 Domino,
3337 921 3471 990 quia

1883 1008 2100 1063 macula
2128 1015 2214 1063 est
2244 1008 2298 1062 in
2332 1022 2421 1063 eo.
2463 1008 2544 1062 Ex
2585 1007 2750 1062 donis
2783 1008 2998 1063 sanctis
3027 1010 3279 1065 comedet
3316 1030 3330 1066 :
3372 1029 3470 1066 vc-

1882 1107 2200 1156 rumtamen
2225 1099 2296 1154 ad
2325 1099 2507 1154 velum
2536 1115 2648 1155 nou
2679 1099 2934 1165 accedet,
2977 1107 3031 1156 et
3057 1101 3124 1156 ad
3156 1103 3332 1159 altare
3359 1119 3470 1158 non

1883 1194 2374 1264 appropinquabit‘.
2404 1191 2690 1248 Mulierem
2714 1195 3062 1250 meretricem
3093 1202 3148 1250 et
3177 1195 3466 1266 profanam

1883 1297 1995 1337 non
2018 1284 2320 1354 accipient,
2358 1284 2622 1354 quoniam
2664 1285 2844 1340 sancti
2878 1295 3030 1341 sunt.
3062 1306 3082 1338 ι

1954 1372 2105 1429 Ρεαι.
2156 1389 2358 1440 cxxxr,
2408 1375 2462 1430 9.
2503 1404 2572 1415 --
2619 1395 2639 1427 ι
2677 1374 3009 1434 Sacerdotes
3041 1378 3116 1432 tui
3172 1379 3474 1434 induantur

1878 1463 2180 1535 justitiam,
2208 1475 2263 1523 et
2300 1467 2476 1522 sancti
2506 1467 2585 1521 tui
2617 1467 2991 1524 exsultatione
3019 1469 3400 1526 exsultabunt.
3449 1490 3468 1522 ι

1957 1555 2121 1611 Prov.
2170 1573 2364 1623 xxvu,
2413 1559 2606 1613 25.——
2639 1576 2658 1610 ι
2715 1557 2866 1614 Scite
2901 1574 3210 1631 cognosces
3259 1564 3474 1617 animas

1883 1647 2102 1718 pecoris
2161 1647 2265 1714 tui,
2322 1654 2379 1704 et
2424 1663 2602 1718 pones
2660 1662 2760 1704 cor
2823 1655 2982 1703 tuum
3046 1664 3214 1722 super
3279 1667 3474 1724 greges

1885 1747 2034 1796 tuos.
2080 1759 2101 1792 ι

264 1829 628 1902 «Ποιμαίνετε
671 1829 744 1883 τά
774 1828 1026 1899 πρόϐατα
1069 1829 1171 1900 τῆς
1229 1828 1468 1898 σφαγῆς,
1501 1827 1538 1882 ἃ
1564 1828 1613 1881 οί
1647 1846 1780 1900 κτη-

1959 1832 2126 1886 Zach.
2170 1849 2226 1888 xi
2247 1872 2262 1898 ,
2295 1833 2350 1887 4.
2380 1865 2447 1876 -
2486 1853 2506 1886 ι
2541 1833 2763 1892 Pascite
2794 1850 2929 1893 oves
2964 1836 3298 1900 occisionis,
3328 1851 3472 1907 quas

199 1922 414 1992 σάμενοι
454 1918 822 1989 κατέσφαζον,
872 1921 967 1974 καὶ
1011 1920 1071 1973 οὐ
1135 1918 1555 1990 μετεμελοῦντο,
1606 1919 1703 1974 καὶ
1730 1921 1779 1973 oi

195 2014 496 2078 πωλοῦντες
515 2013 655 2068 αὒτά
678 2012 864 2082 ἔλεγον
889 2028 903 2043 ⁶
937 2011 1247 2082 Εὐλογητὸς
1278 2011 1506 2083 Κύριος,
1552 2012 1649 2066 καὶ
1678 2029 1780 2065 πε-

197 2109 600 2179 πλουτήκαμεν,
659 2107 758 2161 καὶ
785 2107 835 2160 oi
881 2105 1145 2177 ποιμένες
1174 2105 1357 2160 αὐτῶν
1390 2105 1493 2160 οὐκ
1540 2105 1780 2178 ἔπασχον

193 2196 336 2268 οὐδὲν
365 2196 458 2250 ἐπ’
491 2196 700 2259 αὐτοῖς.
1654 2262 1664 2272 ἢ

263 2288 399 2341 «Υἱὲ
443 2286 761 2358 ἀνθρώπου,
818 2287 1026 2342 σκοπὸν
1055 2287 1266 2342 δέδωκά
1294 2305 1353 2342 σε
1387 2287 1468 2359 τῷ
1497 2287 1632 2359 οίκῳ
1675 2287 1777 2342 Ἰσ-

197 2381 342 2453 ραὴλ,
380 2381 479 2434 καὶ
501 2380 733 2436 ἀκοῦσαι
765 2381 830 2433 ὲκ
859 2380 956 2434 τοῦ
1006 2380 1276 2452 στόματός
1309 2397 1411 2452 μου
1441 2380 1621 2450 λόγον,
1683 2381 1778 2434 καὶ

194 2473 485 2528 διαστεῖλαι
541 2471 726 2537 αὐτοῖς
777 2472 911 2544 παρ’
942 2473 1100 2544 ἐμοῦ.
1147 2475 1235 2527 Ἑν
1263 2475 1341 2544 τῷ
1391 2473 1572 2542 λέγειν
1605 2490 1674 2543 με
1699 2472 1778 2543 τῷ

193 2565 395 2637 ἀνόμῳ,
418 2564 762 2636 ἀποστρέψαι
795 2564 906 2619 ἀπὸ
929 2564 1037 2618 τῶν
1067 2565 1204 2619 ὁδῶν
1231 2565 1396 2620 αὐτοῦ
1428 2564 1522 2618 τοῦ
1555 2565 1656 2637 ζῇν
1680 2565 1778 2618 αὑ-

193 2656 292 2710 τόν·
322 2657 427 2712 ἐὰν
461 2659 488 2710 ὸ
516 2657 721 2728 ἄνομος
750 2657 955 2721 ἐκεῖνος
990 2659 1055 2729 τῇ
1081 2657 1267 2729 ἀδικίᾳ
1301 2656 1467 2711 αὐτοῦ
1501 2657 1779 2726 ἀποθάνη-

194 2765 292 2814 ται,
321 2748 391 2802 τὸ
414 2743 554 2819 αἷμα
582 2747 748 2802 αὐτοῦ
773 2751 838 2802 ὲκ
868 2748 971 2820 τῆς
1003 2749 1186 2821 χειρός
1210 2766 1302 2819 σου
1330 2749 1638 2820 ὲκζητήσω.
1667 2748 1779 2801 Καὶ

195 2838 254 2890 σὺ
281 2838 380 2892 ἐὰν
399 2838 678 2910 διαστείλῃ
718 2837 797 2910 τῷ
825 2838 1034 2910 ἀνόμῳ,
1063 2839 1160 2894 καὶ
1195 2840 1271 2912 μὴ
1298 2838 1620 2911 ἀποστρέψῃ
1671 2839 1778 2892 ἀπὸ

194 2933 282 3002 τῆς
307 2929 545 3003 ἀνομίας
574 2929 763 2996 αὐτοῦ,
817 2932 877 2984 ὲν
906 2933 975 3003 τῇ
1035 2931 1223 3002 ἀδικίᾳ
1273 2930 1438 2985 αὑτοῦ
1490 2929 1780 2986 ἀποθανεῖ-

191 3040 292 3087 ται,
314 3023 415 3076 καὶ
439 3023 506 3076 σὺ
537 3023 636 3094 τὴν
656 3021 839 3093 ψυχήν
867 3039 962 3076 σου
997 3021 1157 3094 ῥύσῃ.
1197 3022 1307 3076 Καὶ
1324 3022 1384 3075 ἐν
1407 3021 1487 3093 τῷ
1520 3021 1782 3093 ἀποστρέ-

1880 1926 1974 1996 qui
2010 1927 2403 1995 possederunt,
2464 1928 2902 1994 interﬁciebant,
2957 1937 3014 1986 et
3065 1943 3176 1984 non
3233 1929 3472 1998 agebant

1881 2019 2310 2090 pwnitentiam;
2363 2004 2419 2076 et
2471 2021 2572 2091 qui
2632 2022 2948 2077 vendebant
2994 2036 3110 2088 eas,
3166 2021 3469 2077 dicebant:

1881 2113 2212 2169 Benedictus
2262 2113 2552 2179 Dominus,
2608 2122 2664 2170 et
2701 2113 2907 2170 divites
2967 2113 3098 2169 facti
3146 2128 3367 2177 sumus,
3415 2119 3473 2167 ct

1881 2213 2136 2278 pastores
2169 2216 2366 2262 earum
2395 2206 2534 2261 nihil
2563 2205 2916 2277 patiebantur
2957 2221 3126 2276 super
3156 2205 3258 2261 eis.
3303 2223 3323 2257 ι

1950 2296 2148 2352 Ειεείι.
2188 2312 2254 2352 ιιι
2277 2336 2291 2360 ,
2323 2295 2514 2354 17-21.
2547 2325 2618 2335 -
2655 2313 2674 2347 ‹
2713 2293 2819 2348 Fili
2852 2294 3120 2358 hominis,
3159 2295 3465 2365 speculato-

1879 2406 1996 2446 rem
2029 2389 2156 2445 dedi
2220 2397 2274 2444 te
2305 2388 2493 2443 domui
2533 2387 2736 2452 Israel,
2791 2395 2846 2443 et
2897 2397 2960 2442 ut
3007 2387 3200 2442 audias
3249 2403 3321 2442 ex
3374 2402 3474 2441 ore

1879 2494 2003 2536 meo
2028 2478 2280 2544 verbum,
2309 2485 2365 2532 ct
2412 2477 2705 2548 pracipias
2745 2476 2828 2532 eis
2870 2491 2938 2531 ex
2981 2491 3088 2532 me.
3141 2475 3199 2530 Si
3253 2475 3476 2530 dicente

1877 2586 1967 2627 me
1998 2571 2065 2626 ad
2097 2571 2376 2641 iniquum,
2412 2579 2472 2624 ut
2509 2577 2798 2623 avertatur
2827 2584 2859 2623 a
2890 2558 2996 2623 viis
3025 2569 3167 2634 suis,
3199 2577 3254 2624 ut
3285 2569 3472 2630 vivat;

1879 2663 1928 2719 si
1967 2663 2198 2733 iniquus
2229 2662 2318 2716 ille
2351 2662 2407 2717 in
2456 2661 2749 2732 iniquitate
2796 2675 2900 2716 sua
2955 2668 3217 2715 mortuus
3278 2659 3470 2722 fuerit,

1879 2752 2207 2822 sanguinem
2251 2749 2375 2820 ejus
2428 2751 2496 2806 de
2549 2766 2717 2806 manu
2766 2759 2861 2805 tua
2913 2751 3222 2820 requiram.
3275 2749 3373 2804 Sin
3411 2755 3473 2803 tu

1880 2842 2208 2912 praeceperis
2243 2843 2464 2912 iniquo,
2501 2856 2603 2896 nec
2637 2856 2942 2896 conversus
2977 2840 3140 2896 fuerit
3170 2857 3236 2895 ex
3269 2840 3476 2910 iniqui-

1881 2940 1991 2989 tate
2023 2947 2145 2999 sua,
2187 2933 2241 2986 in
2279 2932 2552 3002 injustitia
2588 2948 2690 2989 sua
2725 2932 3010 3000 morietur,
3047 2941 3103 2988 et
3129 2941 3188 2986 tu
3225 2933 3473 2986 animam

1883 3033 2032 3079 tuam
2075 3023 2364 3078 liberabis.
2408 3021 2476 3077 Et
2510 3037 2636 3078 cum
2671 3023 2933 3080 averterit
2969 3039 3028 3079 se
3055 3025 3266 3091 justus,
3294 3029 3350 3078 et
3387 3021 3474 3077 fe-

195 3132 302 3184 φειν
333 3115 570 3180 δίκαιον,
592 3117 688 3170 καὶ
710 3117 928 3185 ποιήσει
954 3117 1335 3187 παράπτωμα,
1373 3115 1431 3168 ὲν
1450 3115 1571 3178 ταῖς
1602 3115 1782 3185 ἀμαρ-

1898 3115 2025 3170 3erit
2055 3113 2342 3179 delictum,
2373 3115 2427 3168 in
2463 3113 2711 3184 peccatis
2757 3113 2874 3168 suis
2911 3114 3202 3179 morietur,
3235 3127 3304 3167 eo
3330 3112 3478 3182 quod

194 3209 327 3270 τίαις
355 3205 527 3260 αὐτοῦ
554 3206 928 3274 ἀποθανεῖται,
976 3206 1111 3260 διότι
1146 3207 1204 3262 οὐ
1241 3206 1317 3278 μὴ
1366 3205 1685 3277 μνησθῶσιν
1722 3206 1780 3258 αἱ

194 3299 527 3354 δικαιοσύναι
555 3299 743 3364 αὑτοῦ,
769 3299 864 3353 καὶ
888 3299 948 3353 τὸ
974 3295 1114 3371 αἷμα
1149 3300 1214 3353 ἐκ
1239 3299 1340 3370 τῆς
1362 3298 1544 3370 χειρός
1579 3315 1673 3352 σου
1691 3299 1782 3352 ὲκ-

193 3391 428 3462 ζητήσω.
475 3390 599 3444 Ἐὰν
627 3389 683 3442 δὲ
711 3389 988 3462 διαστείλῃ
1011 3389 1088 3460 τῷ
1126 3389 1319 3462 δικαίῳ
1346 3388 1440 3442 τοῦ
1478 3388 1554 3461 μὴ
1594 3389 1780 3460 ἀμαρ-

193 3483 389 3548 τάνειν,
416 3483 483 3536 σὺ
513 3481 610 3554 τὴν
642 3483 870 3536 σεαυτοῦ
899 3482 1077 3554 ψυχὴν
1114 3483 1274 3554 ῥύσῃ.
1306 3501 1325 3535 ι

261 3594 280 3627 ι
307 3570 470 3630 Οἶνον
493 3576 553 3630 οὐ
585 3575 660 3647 μὴ
705 3575 869 3628 πίωσι
903 3576 1012 3638 πᾶς
1037 3575 1215 3644 ἱερεὺς
1262 3576 1320 3627 ὲν
1350 3571 1429 3645 τῷ
1461 3571 1782 3644 εἰσπορεύε-

195 3663 315 3717 σθαι
347 3665 517 3720 αὑτδν
545 3666 627 3728 εἱς
647 3665 749 3735 τὴν
777 3664 946 3735 αὐλὴν
975 3665 1274 3738 ἐσωτέραν.
1315 3665 1410 3718 Ἐκ
1436 3665 1656 3720 πάντων
1673 3663 1782 3718 τῶν

192 3757 459 3830 ἀπαρχῶν
482 3757 638 3828 ὑμῶν
667 3758 780 3820 τοῖς
800 3756 1035 3825 ἱερεῦσιν
1075 3755 1248 3810 ἔσται.
1290 3776 1309 3809 ι

264 3869 282 3901 ι
307 3849 373 3903 Οἱ
403 3847 740 3919 φυλάξαντες
770 3847 934 3910 ὁσίως
973 3847 1042 3902 τὰ
1073 3847 1215 3914 ὅσια,
1241 3847 1656 3920 όσιωθήσονται,
1689 3849 1783 3903 καὶ

191 3941 238 3993 oi
265 3940 613 4012 διδαχθέντες
633 3937 799 4004 αὐτὰ,
829 3938 1156 4010 εὑρήσουσιν
1180 3937 1500 4008 ἀπολογίαν.
1527 3957 1546 3991 ι

264 4141 284 4174 ι
319 4121 416 4194 Μὴ
440 4123 594 4194 ζήτει
623 4122 772 4192 παρὰ
803 4121 995 4190 κυρίου
1050 4120 1399 4192 κηδεμονίαν,
1439 4119 1576 4192 μηδὲ
1629 4119 1781 4192 παρά

193 4214 460 4286 βασιλέως
506 4216 778 4286 καθέδραν
816 4215 994 4286 δόξης.
1030 4217 1118 4269 Ἐν
1167 4215 1263 4286 ὅλῃ
1302 4215 1450 4286 ψυχῇ
1488 4230 1580 4267 σου
1617 4213 1781 4267 εὐλα-

191 4305 285 4360 ϐοῦ
308 4307 403 4361 τὸν
429 4306 656 4378 Κύριον,
695 4307 790 4360 καὶ
813 4307 940 4370 τοὺς
971 4307 1138 4376 ἱερεῖς
1170 4305 1340 4360 αὐτοῦ
1371 4303 1620 4376 θαύμαζε
1646 4342 1662 4360 .
1691 4303 1782 4359 Ἐν

189 4398 285 4470 ὅλῃ
304 4399 540 4470 δυνάμει
579 4415 674 4452 σου
694 4396 887 4465 δόξαζε
932 4397 1027 4452 τὸν
1053 4398 1361 4470 ποιήσαντά
1383 4415 1466 4463 σε,
1507 4397 1604 4451 καὶ
1653 4397 1784 4461 τοὺς

1884 3223 1998 3262 ηοιι
2043 3215 2206 3262 erunt
2240 3205 2295 3259 in
2333 3207 2601 3260 memoria
2633 3205 2865 3274 justitiac
2915 3206 3110 3271 illius;
3157 3213 3213 3261 et
3251 3206 3480 3276 sangui-

1885 3314 2008 3354 nem
2050 3298 2171 3369 ejus
2201 3297 2270 3353 de
2309 3313 2477 3352 manu
2519 3305 2614 3350 tua
2649 3297 2954 3367 requiram.
2986 3296 3066 3351 ,Si
3117 3308 3300 3352 autem
3339 3313 3480 3367 prae-

1885 3391 2099 3460 ceperis
2146 3391 2307 3460 justo.
2355 3397 2416 3444 ut
2463 3403 2575 3443 non
2631 3397 2847 3460 peccet,
2911 3397 2970 3443 tu
3028 3389 3270 3444 animam
3323 3397 3479 3444 tuam

1886 3482 2174 3537 liberabis.
2219 3501 2238 3534 ι

1955 3573 2148 3627 Ezech.
2179 3588 2328 3638 xuv,
2361 3573 2456 3642 2|,
2487 3573 2654 3629 50.-—
2689 3591 2708 3624 ι
2742 3571 2946 3627 Vinum
2975 3586 3086 3627 non
3111 3571 3262 3627 bibet
3294 3572 3476 3628 omnis

1886 3666 2173 3731 sacerdos,
2209 3667 2436 3736 quando
2463 3665 2806 3736 ingredietur
2849 3664 2906 3717 in
2968 3663 3176 3717 atrium
3217 3662 3476 3718 interius.

1884 3759 1964 3815 Ex
1990 3759 2248 3816 omnibus
2289 3758 2554 3830 primitiis
2588 3757 2820 3826 vestris,
2853 3757 3245 3822 sacerdotibus
3279 3755 3407 3811 erit.
3451 3773 3470 3806 ι

1954 3851 2084 3922 Sap.
2117 3869 2208 3917 τι,
2247 3854 2332 3907 ll.
2362 3879 2432 3890 —-
2469 3870 2489 3903 ι
2529 3848 2637 3918 Qui
2692 3849 2846 3920 justa
2893 3847 3288 3912 custodierint,
3341 3861 3477 3903 san-

1883 3943 2279 4000 ctiﬁcabuntur
2311 3959 2330 3997 :
2387 3951 2445 3998 et
2508 3943 2622 4012 qui
2653 3939 3142 4027 didicerint‘ista,
3195 3938 3480 3995 invenient
3594 4008 3596 4010 ν

1881 4035 2017 4107 quid
2051 4035 2443 4106 respondeant.
2484 4052 2503 4086 ι

1958 4126 2125 4181 Eccli.
2161 4142 2262 4191 vu,
2304 4127 2361 4194 4,
2395 4125 2484 4180 51.
2512 4153 2582 4166 --
2610 4142 2630 4175 ι
2666 4120 2794 4176 Noli
2835 4135 3088 4191 quaerere
3144 4119 3213 4176 ab
3251 4118 3476 4176 homine

1882 4218 2170 4282 ducatum,
2225 4232 2408 4287 neque
2467 4229 2656 4286 arege
2713 4213 3038 4268 cathedram
3097 4212 3350 4267 honoris.
3415 4211 3472 4266 lu

1883 4317 1998 4364 tota
2047 4309 2228 4363 anima
2253 4317 2343 4363 tua
2378 4321 2568 4378 quaere
2602 4304 2919 4369 Dominum,
2955 4314 3009 4358 et
3049 4303 3375 4359 sacerdotes
3406 4305 3470 4358 il-
3543 4340 3550 4344 -

1883 4403 1995 4456 lius
2035 4401 2277 4471 suscipe.
2319 4399 2376 4454 lu
2405 4400 2558 4454 omni
2612 4398 2820 4454 virtute
2870 4405 2961 4451 tua
3026 4394 3270 4467 gloriﬁca
3312 4395 3468 4449 illum

188 4491 539 4564 λειτουργοὺς
574 4491 738 4546 αὐτοῦ
791 4491 866 4564 μὴ
897 4491 1294 4564 ὲγκαταλίπῃς.
1328 4491 1502 4544 Φοσοῦ
1527 4490 1622 4545 τὸν
1661 4489 1777 4544 Κύ-

1898 4494 1978 4564 ]ui
2007 4492 2138 4549 l‘ecit
2165 4501 2241 4557 te,
2277 4501 2330 4547 et
2358 4492 2646 4547 ministros
2671 4489 2793 4560 ejus
2827 4504 2896 4544 ne
2913 4487 3288 4556 derelinquas.
3318 4485 3474 4540 Time

193 4601 331 4657 ριον,
380 4587 478 4639 καὶ
493 4584 714 4650 δόξασω
763 4582 936 4655 ἱερέα,
967 4585 1064 4638 καὶ
1093 4582 1182 4647 δδς
1207 4583 1308 4654 τὴν
1348 4582 1548 4655 μερίδα
1573 4581 1779 4648 αὐτῶν,

189 4677 377 4743 καθὼς
417 4676 725 4731 ἐνετείλατό
749 4695 853 4731 σοι.
896 4695 916 4729 ι

269 4787 289 4820 ι
316 4765 662 4840 Ἦγοΰμενόν
676 4785 735 4822 σε
763 4768 1107 4840 κατέστησαν
1127 4784 1142 4834 ;
1165 4767 1240 4838 μὴ
1271 4766 1524 4838 ὲπαίρου.
1544 4765 1705 4820 Γίνου
1724 4765 1783 4821 ἐν

189 4861 377 4926 αὐτοῖς
420 4865 497 4926 ὡς
527 4857 609 4927 εἷς
640 4861 701 4928 ὲξ
753 4861 958 4916 αὐτῶν.
985 4862 1276 4935 Φρόντισον
1313 4860 1526 4924 αὐτῶν,
1567 4861 1661 4914 καὶ
1690 4858 1784 4912 οὖα

187 4972 298 5020 τως
356 4956 611 5022 κάθισον,
672 4955 772 5011 καὶ
823 4957 1006 5009 πᾶσαν
1060 4954 1160 5026 τὴν
1187 4953 1382 5025 χρείαν
1417 4969 1511 5006 σου
1550 4954 1784 5024 ποιήσας

188 5047 490 5113 ἁνάπεσον,
524 5048 615 5102 ἵνα
665 5046 980 5119 εὐφρανθῇς
1015 5046 1083 5100 δι’
1123 5046 1359 5113 αὐτοὺς,
1396 5047 1493 5098 καὶ
1533 5043 1784 5108 εὐδοκίας

188 5139 354 5211 χάριν
386 5139 558 5212 λάϐῃς
581 5139 674 5195 τὸν
707 5139 994 5208 στέφανον.
1015 5157 1034 5190 ›

267 5247 288 5282 ι
340 5229 543 5284 Ἐλθὼν
580 5231 610 5283 ό
671 5228 877 5300 Ἰησοῦς
906 5231 988 5293 είς
1033 5227 1106 5282 τὰ
1139 5227 1282 5300 μέρη
1308 5226 1649 5298 Καισαρείας
1683 5224 1786 5295 τῆς

184 5320 486 5388 Φιλίππου,
511 5339 530 5374 ι
564 5321 661 5376 καὶ
681 5321 750 5374 τὰ
770 5320 952 5375 λοιπά.

263 5434 285 5469 ι
319 5411 489 5470 Εἶπεν
523 5414 552 5468 ό
597 5413 802 5486 Κύριος
829 5413 906 5485 τῷ
939 5412 1153 5484 Πέτρῳο
1185 5411 1371 5481 Σίμων
1409 5409 1584 5474 Ἰωνᾶ,
1641 5409 1783 5476 ἀγα-

189 5507 302 5579 πᾷς
336 5524 434 5578 με;
477 5526 495 5559 ι

270 5616 295 5653 ε
348 5597 597 5667 Ἐγένετο
630 5597 963 5668 φιλονείκεια
1003 5597 1061 5649 ὲν
1088 5597 1201 5657 τοῖς
1249 5590 1546 5664 μαθηταῖς,
1575 5589 1659 5654 τίς
1681 5589 1782 5644 αὐ-
1864 5616 1870 5624 ε

189 5691 306 5749 τῶν
334 5690 480 5745 δοκεῖ
514 5687 653 5745 εἶναι
705 5688 934 5762 μείζων.
965 5687 1025 5742 '0
1053 5687 1112 5742 δὲ
1147 5683 1356 5757 Ἰησοῦς
1397 5679 1550 5738 εἶπεν
1574 5681 1782 5746 αὐτοῖς·

196 5783 264 5836 Οἱ
307 5782 550 5856 βασιλεῖς
589 5781 699 5840 τῶν
733 5781 905 5840 ἐθνῶν
935 5777 1428 5852 κατακυριεύουσιν
1455 5775 1660 5858 αὐτῶν,
1691 5774 1784 5830 καὶ

1888 4586 2201 4650 Dominum,
2235 4591 2291 4640 et
2323 4584 2535 4638 honora
2571 4581 2942 4646 sacerdotem,
2987 4589 3045 4636 et
3085 4578 3155 4634 da
3205 4577 3320 4632 illis
3346 4591 3474 4647 par-

1885 4682 1994 4730 tem
2029 4690 2186 4730 suam
2211 4674 2362 4730 sicut-
2389 4672 2684 4728 mandavit
2715 4671 2840 4726 tibi.
2878 4689 2898 4723 ι

1955 4765 2128 4820 Εοοιὶ.
2167 4781 2319 4821 xxxu
2340 4805 2356 4830 ,
2390 4765 2503 4820 1-5.
2524 4792 2598 4808 --
2632 4783 2652 4816 ‹
2699 4762 2994 4819 Rectorem
3033 4767 3088 4817 te
3118 4758 3476 4831 posuerunt?

1885 4856 2002 4911 noli
2035 4855 2232 4910 extolli
2269 4863 2430 4912 :esto
2469 4856 2525 4911 in
2571 4855 2682 4910 illis
2721 4854 2870 4911 sicut
2904 4868 3052 4908 unus
3077 4868 3143 4908 ex
3172 4851 3330 4921 ipsis.
3361 4849 3476 4905 Cu-

1884 4962 2004 5002 ram
2036 4947 2257 5001 illorum
2291 4945 2455 5010 habe,
2488 4954 2542 5002 et
2565 4946 2648 5002 sic
2669 4945 2918 5012 conside,
2957 4954 3012 5001 et
3031 4943 3182 5000 omni
3213 4957 3348 4997 cura
3375 4949 3472 4996 tua

1885 5038 2142 5108 explicita
2175 5036 2457 5101 recumbc,
2491 5025 2554 5091 ut
2591 5034 2796 5092 laeteris
2835 5041 3064 5106 propter
3099 5033 3243 5098 illos,
3287 5039 3344 5086 et
3378 5031 3478 5085 be-

1886 5126 2218 5184 nevolentiae
2254 5125 2486 5196 gratiam
2523 5123 2764 5194 accipias
2802 5135 3088 5178 coronam.
3126 5138 3146 5172 ι
3511 5132 3518 5137 ο

1959 5220 2155 5274 Matth.
2193 5234 2317 5282 xvi,
2353 5217 2443 5272 l3.
2473 5246 2543 5258 -——
2576 5233 2595 5268 ι
2636 5213 2800 5269 Venit
2840 5210 3005 5267 Jesus
3041 5211 3098 5266 in
3130 5215 3318 5280 partes
3355 5205 3474 5262 Cat-

1885 5328 2058 5370 sareae
2083 5310 2342 5381 Philippi,
2383 5327 2404 5362 ι
2437 5315 2493 5364 et
2516 5322 2640 5378 quae
2667 5316 3004 5384 sequuntur.

1955 5404 2120 5459 Joan.
2157 5417 2287 5466 im,
2330 5401 2419 5456 l6.
2452 5429 2524 5441 —
2561 5417 2581 5451 ι
2622 5397 2770 5452 Dixit
2814 5395 2979 5453 Jesus
3017 5393 3183 5450 Petro
3214 5409 3230 5447 :
3278 5389 3474 5446 Simon

1885 5495 2046 5561 Jona,
2096 5494 2283 5565 diligis
2316 5507 2404 5548 me
2435 5492 2560 5563 plus
2603 5489 2732 5546 his?
2773 5507 2793 5540 ι
2829 5497 2942 5544 etc.

1958 5589 2085 5643 Luc.
2115 5601 2230 5641 χχιι
2253 5627 2268 5652 ,
2302 5583 2372 5638 24
2414 5599 2556 5654 seqq.
2591 5611 2660 5620 —
2697 5600 2715 5634 ι
2750 5579 2919 5634 Facta
2960 5583 3045 5634 est
3068 5573 3356 5632 contentio
3388 5573 3475 5628 in-

1887 5689 1974 5738 ter
2001 5677 2341 5749 discipulos,
2385 5675 2516 5746 quis
2546 5687 2740 5729 eorum
2775 5670 3059 5726 videretur
3102 5681 3230 5722 esse
3271 5663 3469 5732 major.

1886 5773 2052 5832 Jesus
2083 5779 2269 5830 autem
2300 5766 2442 5824 dixit
2469 5766 2592 5824 cis:
2626 5763 2805 5836 Reges
2830 5761 3078 5837 gentium
3111 5755 3471 5815 dominantur

1928 6077 1941 6106 \
