4028 6410
537 329 674 397 1539

1758 339 1819 398 S.
1860 333 2179 399 JOANNIS
2218 333 2649 396 DAMASCENI

3678 337 3818 404 1540

531 462 744 513 eorum,
780 454 836 503 et
868 444 962 516 qui
995 453 1322 516 potestatem
1355 446 1562 505 habent
1586 464 1752 520 super
1779 467 1898 515 eos,
1935 453 2098 508 bene-

2213 448 2258 499 οἱ
2280 448 2690 513 ἐξουσιάζοντες
2717 447 2898 502 αὑτῶν
2932 439 3220 520 εὐεργέται
3257 451 3569 508 καλοῦνται.
3618 453 3818 525 Ὑμεῖς

533 539 624 592 flci
653 547 942 593 vocantur.
984 537 1094 593 Vos
1131 545 1313 593 autem
1354 552 1464 594 non
1508 541 1591 596 sic
1619 559 1638 594 :
1677 542 1775 596 sed
1808 542 1904 612 qui
1935 543 2112 612 major

531 639 618 687 est
647 633 701 685 in
733 632 913 695 vobis,
969 631 1063 685 fiat
1115 632 1264 687 sicut
1296 632 1514 700 minor;
1554 642 1610 690 et
1657 635 1751 705 qui
1807 649 2112 706 praecessor

476 713 482 720 ’
529 730 636 788 est,
677 723 828 781 sicut
875 723 1247 778 ministrator.
1287 723 1425 778 Nam
1475 725 1599 796 quis
1647 725 1824 796 major
1865 734 1969 792 est,
2015 727 2111 796 qui

525 815 825 880 recumbit,
871 830 939 869 an
975 815 1069 886 qui
1099 815 1424 872 ministrat?
1466 831 1653 873 nonne
1694 816 1852 888 511
1887 818 1983 890 qui
2024 833 2111 874 re-

523 908 782 963 cumbit?
814 907 927 978 Ego
956 918 1139 964 autem
1166 909 1223 963 in
1255 909 1438 966 medio
1467 918 1712 966 vestrum
1751 925 1876 966 sum
1901 954 1916 979 ,
1955 911 2110 968 sicut

523 1001 619 1072 qui
650 1002 955 1058 ministrat.
1013 1022 1032 1056 ι

595 1093 727 1148 Luc.
755 1111 835 1149 xn
855 1135 870 1162 ,
902 1095 1096 1151 57-42.
1128 1125 1199 1138 —-
1229 1113 1251 1148 ι
1285 1094 1439 1153 Beati
1471 1093 1618 1152 servi
1661 1095 1743 1151 illi
1785 1109 1954 1167 quos,
1983 1109 2109 1150 cum

522 1190 745 1244 venerit
781 1188 1068 1255 Dominus,
1112 1191 1395 1246 invenerit
1425 1190 1741 1262 vigilantes.
1779 1190 1954 1245 Amen
1984 1190 2111 1246 dico

520 1278 706 1344 vobis,
743 1279 894 1349 quod
935 1281 1235 1352 praecingat
1281 1297 1366 1351 se,
1403 1289 1458 1337 et
1489 1282 1667 1337 faciet
1699 1282 1825 1339 illos
1865 1283 2111 1338 discum-

521 1370 675 1436 bere,
727 1380 783 1427 et
815 1374 1094 1430 transiens
1147 1375 1493 1430 ministrabit
1536 1375 1668 1430 illis.
1731 1375 1882 1430 Dixit
1926 1382 2107 1430 autem

522 1463 793 1521 Dominus
828 1484 842 1521 :
879 1466 1038 1532 Quis,
1081 1475 1270 1537 putas,
1301 1477 1388 1522 est
1431 1466 1614 1522 fidelis
1663 1467 2018 1537 dispensator
2056 1474 2113 1520 et

522 1556 791 1625 prudens,
822 1573 987 1627 quem
1026 1559 1328 1613 constituet
1361 1557 1620 1614 dominus
1648 1573 1813 1629 super
1845 1556 2108 1612 familiam

523 1661 701 1712 suam,
741 1657 802 1702 ut
842 1649 935 1704 det
971 1649 1083 1705 illis
1137 1650 1190 1704 in
1239 1656 1491 1720 tempore
1539 1649 1712 1703 tritici
1752 1647 2111 1704 mensuram?

521 1737 723 1794 Beatus
764 1738 857 1794 ille
908 1754 1104 1795 servus
1163 1754 1351 1810 quem,
1401 1753 1528 1795 cum
1566 1738 1781 1792 venerit
1821 1737 2103 1804 dominus,

2212 540 2270 594 δὲ
2291 540 2388 610 οὐχ
2414 538 2610 603 οὕτως·
2640 538 2779 594 ἀλλά
2806 542 2837 593 6
2877 540 3083 611 μείζων
3124 543 3186 596 ὲν
3235 543 3368 613 ὑμῖν
3407 545 3754 613 γενέσθωώς
3781 549 3816 602 6

2213 631 2498 702 νεώτερος,
2521 632 2617 685 καὶ
2647 632 2677 684 6
2697 631 3007 702 ἡγούμενος
3049 633 3128 696 ὡς
3175 635 3206 687 6
3235 633 3524 693 διακονῶν.
3554 637 3654 703 Τίς
3697 639 3816 710 γὰρ

2215 721 2438 792 μείζων,
2471 723 2501 774 6
2549 721 2933 791 ἀνακείμενος,
2962 723 2996 794 ἢ
3031 723 3062 775 6
3091 721 3391 792 διακονῶνς
3437 725 3559 798 οὐχὶ
3609 729 3641 781 6
3669 729 3814 783 ἀνα-

2211 811 2498 883 κείμενοςς
2541 810 2685 881 Ἐγὼ
2713 811 2773 867 δέ
2799 814 2917 884 είμι
2968 813 3028 868 ὲν
3069 813 3221 886 μέσῳ
3253 815 3412 888 ὑμῶν
3440 817 3518 884 ὡς
3561 819 3590 872 6
3618 819 3815 873 διακο-

2211 921 2339 960 νων.
2380 924 2400 957 ι

2289 1097 2311 1132 ι
2354 1081 2633 1152 Μακάριοι
2667 1082 2720 1135 οἱ
2759 1081 2938 1136 δοῦλοι
2967 1083 3191 1151 ικεῖνοι,
3227 1083 3324 1150 οὓς
3353 1084 3526 1140 ἐλθὼν
3550 1085 3582 1140 6
3611 1085 3809 1159 κύριος

2213 1175 2439 1246 εὑρήσει
2477 1175 2920 1246 γρηγοροῦντας.
2979 1178 3158 1248 ’Δμὴν
3195 1178 3343 1248 λέγω
3391 1181 3546 1250 ὑμῖν,
3574 1180 3662 1235 ὅτι
3701 1198 3810 1236 πε-

2214 1267 2526 1336 ριζώσεται,
2559 1269 2655 1322 καὶ
2688 1270 2970 1323 ἀνακλινεῖ
3000 1271 3223 1338 αὐτοὺς,
3247 1273 3346 1326 καὶ
3366 1273 3661 1345 παρελθὼν
3683 1275 3806 1330 δια-

2211 1359 2432 1429 κονήσει
2478 1359 2684 1424 αὐτοῖς.
2732 1357 2870 1414 Εῐπε
2909 1362 2969 1414 δὲ
3012 1361 3252 1432 Κύριοςο
3306 1363 3406 1428 Τίς
3440 1366 3556 1436 ἀρα
3601 1367 3808 1421 ἐστὶνὸ

2213 1450 2404 1514 πιστὸς
2449 1452 2734 1524 οἰκονόμος
2791 1452 2888 1508 καὶ
2944 1455 3227 1526 φρόνιμος,
3276 1455 3338 1508 ὃν
3383 1457 3728 1528 καταστήσει
3776 1459 3810 1512 6

2211 1546 2406 1618 κύριος
2439 1549 2534 1602 ἐπὶ
2557 1549 2659 1620 τῆς
2681 1548 2982 1621 θεραπείας
3000 1550 3168 1605 αὑτοῦ
3197 1551 3295 1604 τοῦ
3321 1551 3508 1607 δοῦναι
3537 1554 3598 1606 ἑν
3620 1553 3808 1624 καιρῷ

2208 1639 2271 1693 τὸ
2293 1643 2670 1713 σιτομέτριον;
2704 1643 2995 1713 Μακάριος
3024 1645 3055 1696 6
3081 1643 3271 1708 δοῦλος
3305 1647 3515 1710 ἐκεῖνος
3533 1647 3595 1699 ὃν
3627 1646 3807 1709 ἐλθὼν

2211 1734 2239 1785 ὁ
2271 1732 2479 1804 κύριος,
2513 1734 2679 1789 αὑτὸν
2725 1735 2952 1808 εὑρήσει
2999 1735 3262 1790 ποιοῦντα
3292 1735 3487 1801 οὑτως.
3555 1736 3804 1808 ’Δληθῶς

517 1843 644 1882 eum
700 1829 978 1884 invenerit
1029 1831 1112 1886 sic
1173 1829 1487 1884 facientem.
1536 1828 1679 1884 Vere
1736 1826 1863 1882 dico
1923 1827 2098 1893 vobis.

2213 1800 2354 1894 λέγώ
2389 1826 2541 1895 ὑμῖν,
2568 1826 2653 1879 ὅτι
2685 1800 2942 1882 επὶ-πάσι
2963 1829 3078 1891 τοῖς
3119 1828 3461 1900 ὑπάρχουσιν
3485 1828 3660 1884 αὑτοῦ
3675 1800 3804 1883 ’καλ

517 1919 784 1988 quoniam
840 1933 1008 1992 super
1065 1920 1256 1976 omnia
1319 1933 1442 1991 quae
1496 1917 1748 1990 possidet
1799 1917 2105 1973 constituet

514 2023 664 2065 eum.
697 2027 717 2062 ι

587 2103 723 2157 Act-
743 2119 838 2167 xx,
868 2102 1062 2158 26-52.
1097 2133 1168 2145 —
1192 2119 1211 2154 ι
1241 2099 1544 2158 Contestor
1564 2115 1662 2159 vos
1684 2101 1958 2158 hodierna
1989 2101 2102 2166 die,

514 2199 648 2266 quia
684 2195 925 2250 mundus
971 2209 1095 2250 sum
1142 2209 1173 2250 a
1207 2195 1484 2266 sanguine
1527 2194 1777 2250 omnium
1827 2201 2102 2250 vestrum.

515 2287 637 2343 Non
699 2289 848 2343 enim
918 2287 1277 2358 subterfugi,
1345 2287 1652 2357 quominus
1712 2286 2104 2341 annuntiarem

515 2379 678 2434 vobis
721 2393 888 2434 omne
929 2377 1235 2434 consilium
1272 2377 1390 2433 Dei.
1427 2378 1713 2434 Attendite
1745 2392 1883 2449 ergo
1924 2376 2104 2444 vobis,

514 2479 571 2526 et
599 2471 870 2528 universo
900 2472 1076 2543 gregi,
1103 2472 1159 2526 in
1193 2486 1304 2542 quo
1333 2486 1430 2527 vos
1463 2471 1708 2540 Spiritus
1742 2478 1974 2528 sanctus
2005 2485 2105 2542 po.

514 2566 632 2618 suit
665 2564 960 2633 episcopos
1000 2578 1198 2633 regere
1227 2562 1535 2617 Ecclesiam
1573 2562 1687 2627 Dei,
1712 2577 1878 2631 quam
1915 2562 2105 2632 acqui-

512 2655 644 2710 sivit
676 2656 947 2727 sanguine
991 2669 1114 2710 suo.
1154 2654 1315 2709 Nunc
1346 2653 1678 2708 commendo
1709 2667 1830 2719 vos,
1877 2653 2101 2720 fratres,

513 2746 649 2812 Deo,
677 2757 730 2804 et
773 2747 941 2804 verbo
968 2750 1160 2818 gratia:
1189 2746 1388 2818 ipsius,
1431 2746 1527 2818 qui
1577 2755 1774 2817 potens
1802 2754 1888 2802 est
1931 2745 2104 2801 seditlo

511 2856 667 2908 care,
705 2848 760 2896 et
794 2841 930 2897 dare
958 2841 1344 2897 hereditatem
1384 2839 1442 2897 in
1473 2840 1860 2897 sanctificatis.
1899 2857 1919 2892 ι

599 3065 620 3125 l
649 3067 898 3125 Thessal.
931 3082 968 3122 ll
991 3103 1008 3132 ,
1037 3066 1156 3122 4-6.
1195 3096 1265 3106 —
1292 3083 1312 3118 ι
1349 3065 1432 3121 Ita
1458 3063 1766 3136 loquimur,
1804 3078 1916 3118 non
1943 3063 2102 3134 quasi

2205 1934 2271 1972 τα
2281 1919 2466 1990 στήσει
2500 1919 2683 1975 αὑτόν.
2726 1938 2746 1972 ι

2283 2121 2301 2156 ι
2349 2102 2808 2175 Διαμαρτύρομαι
2859 2104 2990 2175 ὑμῖν
3024 2105 3085 2159 ὲν
3117 2104 3184 2176 τῇ
3215 2105 3458 2176 σήμερον
3477 2105 3688 2178 ἡμέρᾳ,
3714 2107 3803 2161 ὅτι

2207 2194 2450 2266 καθαρός
2479 2196 2596 2266 είμι
2614 2197 2725 2249 ἀπὺ
2751 2195 2847 2249 τοῦ
2875 2197 3113 2266 αἵματος
3135 2197 3358 2251 πάντων
3385 2198 3563 2269 ὑμῶν.
3586 2199 3664 2253 Οὑ
3687 2199 3803 2270 γὰρ

2206 2288 2616 2359 ὑπεστειλάμην
2668 2288 2767 2342 τοῦ
2803 2290 2878 2361 μὴ
2922 2289 3246 2359 ἀναγγεῖλαι
3297 2291 3429 2362 ὑμῖν
3463 2293 3652 2344 πᾶσαν
3695 2293 3802 2362 τὴν

2207 2378 2405 2451 βουλὴν
2438 2380 2532 2435 τοῦ
2564 2380 2723 2436 Θεοῦ.
2757 2381 3064 2452 Προσέχετε
3095 2377 3189 2436 οὗν
3222 2385 3463 2448 ἑαυτοῖς,
3501 2384 3598 2438 καὶ
3630 2384 3803 2437 παντὶ

2203 2472 2284 2544 τῷ
2315 2475 2577 2546 ποιμνίῳ,
2610 2476 2668 2528 ὲν
2721 2468 2765 2543 ᾧ
2805 2475 2953 2546 ὑμᾶς
2984 2475 3047 2529 τὸ
3093 2476 3322 2547 Πνεῦμα
3359 2475 3424 2529 τὸ
3453 2476 3612 2545 ἀγιον
3641 2475 3804 2528 ἔθετο

2205 2568 2542 2632 ἐπισκόπους
2573 2570 2890 2640 ποιμαίνειν
2917 2570 3020 2641 τὴν
3055 2569 3384 2642 Ἐκκλησίαν
3414 2569 3511 2624 τοῦ
3539 2569 3705 2634 Θεοῦ,
3731 2569 3804 2640 ην

2207 2655 2639 2733 περιεποιήσατο
2661 2662 2749 2717 διά
2777 2662 2874 2717 τοῦ
2903 2663 3033 2716 ίδίου
3057 2663 3312 2734 αἵματος.
3345 2663 3459 2718 Καὶ
3483 2661 3656 2716 τανῦν
3687 2677 3799 2714 πα-

2211 2753 2470 2824 ρατίθημι
2506 2755 2674 2825 ὑμᾶς,
2719 2755 2966 2824 ἀδελφοὶ,
2996 2754 3074 2828 τῷ
3111 2755 3252 2826 Θεῷ,
3285 2755 3380 2809 καὶ
3406 2745 3486 2825 τῷ
3513 2753 3662 2824 λόγῳ
3699 2754 3804 2824 τῆς

2205 2846 2432 2918 χάριτος
2459 2847 2649 2912 αὑτοῦ,
2673 2847 2754 2919 τῷ
2777 2849 3066 2920 δυναμένῳ
3092 2849 3191 2902 καὶ
3217 2847 3404 2903 δοῦναι
3433 2848 3564 2918 ὑμίν
3594 2846 3801 2916 κληρο-

2207 2939 2401 3010 νομίαν
2434 2941 2494 2994 ὲν
2525 2943 2644 3005 τοῖς
2668 2942 3052 3014 ἡγιασμένοις.
3091 2960 3112 2995 ι

2283 3075 2301 3106 ι
2338 3053 2526 3119 Οὕτως
2551 3054 2849 3128 λαλοῦμεν,
2879 3055 2978 3128 οὑχ
2996 3056 3072 3120 ὡς
3105 3054 3418 3128 ἀνθρώποις
3445 3053 3799 3126 ἀρέσκοντες,

511 3159 837 3216 hominibus
889 3157 1196 3230 placentes,
1231 3157 1330 3215 sed
1369 3157 1503 3224 Deo,
1552 3157 1646 3228 qui
1682 3155 1882 3227 probat
1930 3155 2098 3210 corda

2213 3146 2344 3200 ἀλλά
2390 3147 2469 3218 τῷ
2502 3147 2623 3218 Θεῷ
2677 3149 2755 3221 τῷ
2801 3148 3154 3220 δοκιμάζοντι
3183 3147 3284 3213 τάς
3338 3147 3571 3220 καρδίας
3615 3145 3799 3218 ἡμῶν.

499 3262 725 3310 nostra.
759 3253 955 3324 Neque
983 3253 1133 3308 enim
1162 3253 1466 3324 aliquando
1501 3252 1714 3310 fuimus
1747 3253 1803 3306 in
1843 3265 2101 3306 sermone

509 3347 875 3412 adulationis,
925 3345 1076 3400 sicut
1107 3345 1288 3414 scitis,
1332 3361 1518 3416 neque
1555 3346 1612 3400 in
1639 3344 1940 3400 occasione
1967 3357 2101 3398 ava-

507 3440 652 3496 ritia:
680 3437 852 3509 (Deus
894 3437 1061 3494 testis
1095 3437 1228 3507 est),
1267 3452 1372 3492 nec
1401 3443 1714 3507 quaerentes
1751 3435 1819 3490 ab
1854 3433 2098 3489 homini-

504 3530 612 3587 bus
647 3530 904 3602 gloriam,
937 3547 1120 3604 neque
1152 3545 1184 3585 a
1227 3531 1412 3597 vobis,
1459 3544 1638 3600 neque
1669 3529 1739 3585 ab
1770 3527 1933 3594 aliis;
1971 3541 2097 3582 cum

505 3639 802 3695 possemus
835 3625 992 3682 vobis
1023 3624 1184 3680 oneri
1209 3638 1359 3690 esse,
1405 3629 1674 3692 tanquam
1708 3618 1918 3674 Chrisd
1965 3634 2099 3690 apo-

503 3719 679 3775 stoli:
715 3717 813 3775 sed
845 3717 982 3774 facti
1027 3731 1225 3775 sumus
1265 3717 1324 3772 in
1367 3714 1552 3772 medio
1596 3713 1798 3781 vestri,
1830 3720 2095 3783 tanquam

503 3809 555 3864 si
594 3811 786 3866 nutrix
817 3809 999 3867 foveat
1039 3809 1187 3866 filios
1224 3823 1378 3866 suos.
1417 3826 1438 3860 ι

595 3922 628 3982 ι
653 3926 788 3980 Tim.
831 3917 929 3991 ιιί,
979 3923 1005 3977 1
1063 3939 1210 3994 seqq.
1243 3941 1358 3973 -ι
1419 3920 1478 3977 Si
1533 3921 1660 3992 quis
1709 3919 2092 3990 episcopatum

505 4018 809 4085 desiderat,
871 4017 1081 4073 bonum
1135 4031 1279 4086 opus
1329 4014 1636 4071 desiderat.
1699 4011 1930 4088 Oportet
1959 4024 2094 4081 ergo

501 4115 827 4187 episcopum
871 4109 1421 4185 irreprebensibilem
1470 4125 1619 4177 esse,
1673 4109 1844 4164 unius
1899 4108 2092 4162 uxoris

499 4211 705 4275 virum,
741 4207 1017 4272 sobrium,
1061 4216 1345 4272 ornatum,
1375 4203 1734 4276 hospitalem,
1774 4201 2090 4266 doctorem,

503 4316 612 4357 non
645 4299 1012 4363 vinolentum,
1052 4312 1162 4352 non
1195 4308 1609 4367 percussorem,
1642 4292 1741 4349 sed
1767 4294 1943 4363 magis
1968 4306 2092 4347 Inoo

499 4392 743 4457 destum,
779 4404 891 4445 non
928 4389 1217 4460 cupidum,
1257 4402 1375 4443 sum
1411 4385 1604 4442 domui
1647 4386 1787 4440 bene
1821 4383 2089 4454 praeposi—

2204 3241 2343 3295 Οὑτε
2380 3243 2491 3315 γάρ
2519 3260 2652 3298 ποτε
2681 3245 2741 3298 ὲν
2770 3244 2915 3316 λόγῳ
2945 3243 3241 3308 κολακείας
3290 3241 3664 3314 ἐγενήθημεν,
3701 3259 3799 3294 κα-

2203 3331 2310 3397 θὼς
2341 3334 2540 3400 οἴδατε,
2566 3335 2691 3388 οῦτε
2720 3337 2779 3388 ὲν
2808 3337 3082 3407 προφάσει
3108 3334 3447 3401 πλεονεξίας,
3480 3333 3620 3398 Θεὸς
3650 3334 3800 3404 μάρ-

2198 3444 2318 3493 τυς,
2357 3426 2484 3480 οὔτε
2536 3424 2830 3498 ζητοῦντες
2855 3427 2915 3497 ἐξ
2967 3427 3275 3500 ἀνθρώπων
3309 3425 3492 3493 δόξαν,
3525 3425 3654 3481 οὔτε
3701 3426 3800 3496 ἀφ’

2199 3520 2374 3590 ὑμῶν,
2397 3519 2521 3573 οὔτε
2550 3519 2661 3575 ἀπὸ
2679 3519 2878 3589 ἄλλων,
2908 3520 3196 3592 δυνάμενοι
3231 3521 3290 3574 ὲν
3331 3519 3491 3591 βάρει
3517 3513 3685 3582 εῖναι,
3721 3517 3802 3582 ὡς

2198 3613 2441 3684 Χριστοῦ
2470 3613 2795 3668 ἀπόστολοι·
2830 3613 2947 3667 ἀλλ’
2980 3613 3324 3686 ἐγενήθημεν
3349 3614 3408 3668 ὲν
3450 3612 3606 3684 μέσῳ
3637 3611 3806 3682 ὑμῶν

2197 3705 2272 3769 ὡς
2295 3705 2392 3762 ἐὰν
2417 3705 2613 3777 τροφὸς
2655 3704 2838 3779 θάλπῃ
2865 3706 2932 3762 τὰ
2961 3705 3160 3778 ἑαυτῆς
3184 3705 3373 3760 τέκνα.
3405 3724 3425 3759 ι

2274 3929 2294 3960 ι
2335 3909 2404 3963 Et
2435 3927 2522 3976 τις
2549 3909 2862 3984 ἐπισκοπῆς
2883 3911 3161 3984 ὀρέγεται,
3189 3911 3361 3967 καλοῦ
3387 3911 3553 3984 ἔργου
3595 3910 3802 3966 ἑπιθυ-

2198 4005 2313 4073 μεῖ.
2341 4005 2436 4056 Δεῖ
2472 4003 2568 4058 οὖν
2586 4003 2678 4058 τὸν
2707 4003 3013 4060 ἐπίσκοπον
3043 4005 3421 4076 ἀνεπίληπτον
3449 3999 3618 4072 εἶναι,
3664 4008 3800 4076 μιᾶς

2193 4095 2457 4163 γυναικὸς
2505 4096 2700 4168 ἄνδρα,
2733 4096 3017 4170 νηφάλιον,
3066 4098 3298 4169 κόσμιον
3320 4139 3337 4166 ,
3379 4095 3686 4167 φιλόξενον,
3717 4098 3800 4151 διο

2192 4188 2471 4255 δακτικὸν,
2530 4189 2610 4259 μὴ
2647 4189 2932 4261 πάροινον,
2969 4190 3045 4261 μὴ
3079 4190 3355 4261 πλήκτην,
3393 4191 3512 4246 ἀλλ’
3562 4191 3796 4264 ἐπιεικῆ

2194 4279 2420 4350 μᾶλλον,
2446 4280 2845 4352 ἀφιλάργυρον,
2867 4281 2965 4335 τοῦ
2991 4281 3125 4336 ἰδίου
3141 4283 3293 4353 οἴκου
3315 4283 3500 4347 καλῶς
3525 4286 3801 4354 προϊστά-

2191 4388 2380 4443 μενον,
2407 4371 2577 4425 τέκνα
2607 4371 2801 4443 ἔχοντα
2838 4372 2898 4428 ὲν
2927 4373 3178 4446 ὑποταγῇ
3210 4373 3383 4446 πολλῇ
3429 4375 3575 4444 μετά
3603 4376 3798 4444 πάσης

497 4493 641 4551 tum,
698 4482 848 4538 ﬁlios
903 4480 1202 4536 habentem
1255 4477 1516 4535 subditos
1559 4476 1619 4530 in
1669 4475 1845 4530 multa
1903 4474 2091 4546 subjeo

2213 4463 2545 4534 ςεμνότητος.
2578 4465 2643 4518 Ei
2674 4465 2733 4518 δέ
2757 4483 2842 4530 τις
2869 4466 2965 4520 τοῦ
2991 4465 3124 4520 ἰδίου
3158 4466 3310 4521 οἴκου
3339 4467 3658 4539 προστῆναι
3692 4469 3798 4523 οὑκ

498 4578 684 4632 ctione
719 4589 850 4631 cum
883 4573 1040 4628 omni
1075 4570 1357 4627 castitate.
1400 4568 1459 4623 Si
1502 4567 1633 4638 quis
1666 4575 1850 4622 autem
1895 4567 2085 4624 doui

2213 4551 2336 4612 ιῐδεν
2361 4597 2377 4625 ,
2417 4557 2534 4621 πῶς
2608 4557 2935 4629 Ἐκκλησίας
3009 4557 3148 4612 Θεοῦ
3197 4559 3653 4630 ὲπιμελήσεταις
3715 4563 3797 4615 Οὑ

497 4682 612 4724 suae
643 4678 884 4736 prmesse
914 4663 1131 4732 nequit,
1177 4659 1460 4731 quomodo
1506 4657 1764 4716 Ecclesia:
1807 4659 1901 4716 Dei
1955 4659 2084 4716 dili-

497 4758 739 4830 gentiam
775 4754 1050 4810 habebit?
1093 4751 1220 4808 Non
1247 4752 1614 4823 neophytum,
1645 4765 1716 4807 ne
1772 4753 1830 4806 in
1883 4766 2084 4822 super-

497 4849 644 4905 biam
684 4849 889 4912 elatus,
933 4848 992 4902 in
1021 4844 1292 4916 judicium
1334 4843 1546 4900 incidat
1588 4844 1818 4901 diaboli.
1852 4843 2085 4916 Oportet

497 4951 680 4999 autem
710 4951 764 4997 et
794 4940 950 4996 illum
979 4937 1365 4995 testimonium
1409 4937 1619 4992 habere
1658 4938 1865 4993 bonum
1913 4939 1983 4995 ab
2013 4939 2083 4994 iis

494 5036 592 5108 qui
623 5034 762 5092 foris
795 5041 950 5099 sunt,
1007 5048 1080 5088 ne
1133 5032 1191 5087 in
1239 5031 1602 5103 Opprobrium
1654 5032 1880 5098 incidat,
1927 5042 1984 5088 et
2025 5034 2080 5087 in

496 5133 754 5202 laqueum
789 5129 1018 5184 diaboli.
1069 5145 1089 5180 ›

577 5290 602 5352 Ι
621 5287 761 5344 Tim.
794 5305 848 5354 v,
875 5287 967 5342 22.
1007 5314 1078 5327 -ι
1110 5305 1128 5340 ι
1161 5286 1358 5342 Manus
1399 5285 1514 5341 cito
1548 5286 1756 5342 nemini
1795 5288 2078 5358 imposue-

488 5385 592 5452 ris,
612 5395 794 5452 hcque
829 5381 1335 5437 communicaveris
1375 5381 1619 5450 peccatis
1649 5379 1870 5437 alienis.
1909 5379 2078 5453 Teip-

491 5494 614 5534 sum
643 5487 858 5534 castum
889 5473 1132 5531 custodi.
1171 5493 1192 5526 ο

563 5595 673 5652 Tit.
714 5609 772 5659 ι,
807 5593 860 5647 7.
892 5623 962 5635 ——
1005 5610 1024 5644 ι
1062 5591 1294 5664 Oportet
1329 5591 1654 5664 episcOpum
1689 5595 1810 5649 sine
1840 5593 2076 5648 crimine

486 5708 632 5760 esse,
684 5690 830 5745 sicut
878 5688 1087 5745 Christi
1132 5687 1449 5759 apostolum
1501 5695 1556 5742 ct
1608 5686 2070 5757 dispensatorem,

479 5799 588 5840 non
640 5787 966 5857 superbum,
1008 5799 1118 5841 non
1164 5780 1521 5840 iracundum.
1560 5797 1674 5839 non
1705 5781 2071 5849 vinolentum,

2193 4651 2470 4720 νεόφυτον,
2511 4651 2598 4707 ἵνα
2636 4651 2711 4722 μὴ
2739 4651 3034 4722 τυφωθεὶς,
3081 4652 3163 4718 είς
3213 4652 3391 4724 κρίμα
3419 4654 3644 4725 ἐμπέσῃ
3694 4652 3796 4706 τοῦ

2187 4743 2467 4798 διαϐόλου.
2501 4745 2596 4798 Δεῖ
2622 4743 2680 4797 δὲ
2723 4743 2818 4798 καὶ
2865 4745 3176 4815 μαρτυρίαν
3221 4746 3395 4818 καλὴν
3431 4745 3581 4816 ἔχειν
3621 4745 3797 4799 αὑτὸν

2187 4835 2298 4890 ἀπὸ
2331 4835 2440 4890 τῶν
2466 4835 2687 4902 ἔξωθεν,
2727 4835 2814 4890 ἵνα
2851 4836 2930 4909 μὴ
2955 4839 3035 4904 εἰς
3063 4837 3374 4910 ὀνειδισμὸν
3403 4839 3632 4912 ἐμπέσῃ
3690 4838 3796 4892 καὶ

2191 4929 2398 4998 παγίδα
2430 4929 2525 4983 τοῦ
2551 4928 2824 4984 διαϐόλου.
2859 4953 2876 4981 ι

2265 5303 2284 5336 ι
2315 5285 2520 5355 Χεῖρας
2549 5285 2763 5355 ταχέως
2795 5247 2988 5356 μηδενὶ
3041 5285 3296 5350 ἐπιτίθει,
3344 5283 3483 5354 μηδὲ
3533 5281 3789 5338 κοινώνει

2190 5375 2488 5446 ἁμαρτίαις
2514 5374 2848 5446 ἀλλοτρίαις.
2903 5373 3128 5431 Ἑαυτὸν
3165 5375 3328 5442 ἁγνὸν
3355 5375 3539 5448 τήρει.
3580 5394 3600 5426 ι

2261 5621 2279 5652 ι
2323 5603 2414 5654 Δεῖ
2436 5601 2529 5655 τὸν
2555 5600 2853 5654 ἐπίσκοπον
2882 5597 3218 5669 ἀνέγκλητον
3246 5590 3411 5661 εἶναι,
3433 5595 3512 5658 ὡς
3538 5593 3787 5665 Χριστοῦ

2185 5694 2486 5748 ἀπόστολον
2522 5696 2617 5748 καὶ
2655 5693 2944 5764 οἰκονόμον
2969 5708 2984 5722 ”
3023 5691 3099 5763 μὴ
3158 5689 3390 5760 αὐθάδη,
3433 5686 3509 5759 μὴ
3532 5687 3784 5758 ὀργίλον,

2186 5786 2263 5858 μὴ
2295 5787 2571 5859 πάροινον»
2630 5786 2706 5858 μὴ
2757 5786 3043 5876 πλήκτην]⁸
3082 5784 3158 5856 μὴ
3201 5778 3782 5869 ᾳεσκροκερέῆθξζλέἀ
