4028 6398
273 338 407 408 1541

1498 335 1735 396 ΞΑΟΗΛ
1798 333 1993 394 PARA
2004 334 2262 394 LLELA.

3418 340 3438 403 1
3450 341 3556 407 ἔνίὲ

270 442 600 524 φιλόξενον,
660 449 981 522 φιλάγαθον,
1035 449 1310 522 σώφρονα,
1358 450 1611 519 δίκαιον,
1669 455 1844 520 ὅσιον,

1959 462 2069 503 non
2116 459 2530 516 percussorem,
2573 461 2679 502 non
2718 448 2897 519 tttrpis
2937 449 3080 505 lucri
3130 451 3417 522 cupidum,
3454 458 3554 512 sed

269 548 531 622 ἐγκρατῆ.
573 566 594 600 ι

337 747 362 783 ι
404 727 612 800 Μηδείς
657 743 754 781 σου
809 723 1211 798 περιφρονείτω
1239 725 1340 796 τῆς
1370 724 1643 795 νεότητος.
1692 724 1858 812 Ύπο-

269 821 546 896 μίμνησκε
565 818 765 884 αὐτοὺς
791 817 990 890 ἀρχαῖς
1013 817 1109 872 καὶ
1131 816 1406 882 ἐξουσίαις
1433 815 1854 883 ὑποτάττεσθαι,

266 912 604 991 πειθαρχεῖν,
637 910 778 984 πρὸς
797 910 906 964 πᾶν
923 908 1085 982 ἔργον
1116 908 1325 980 ἀγαθὸν
1351 907 1608 980 ἑτοίμους
1634 901 1798 964 εῖναι.
1831 923 1850 960 ι

341 1110 361 1144 ι
401 1089 887 1153 Ἔπισκοποῦντες,
911 1087 987 1160 μὴ
1013 1085 1401 1157 ἀναγκαστῶς,
1419 1083 1536 1141 ἀλλ’
1562 1085 1853 1151 ἑκουσίως,

266 1179 404 1252 μηδὲ
466 1177 902 1251 αἰσχροκερδῶς,
941 1177 1081 1232 ἀλλά
1141 1176 1444 1249 προθύμως
1487 1174 1632 1229 κατὰ
1687 1175 1854 1229 Θεόν⁸

265 1268 400 1342 μηδὲ
428 1269 506 1333 ὡς
543 1267 1044 1340 κατακυριεύοντες
1068 1267 1182 1322 τῶν
1216 1268 1463 1340 κλήρων,
1521 1266 1658 1321 ἀλλά
1685 1268 1856 1332 τύπος

263 1361 542 1432 γινόμενοι
575 1361 671 1414 τοῦ
701 1359 980 1432 ποιμνίου.
1019 1378 1038 1412 ι

330 1455 440 1507 Τὸν
471 1454 796 1524 προεστῶτα
843 1453 920 1524 μὴ
959 1451 1237 1524 ἐπαιρέτω
1287 1451 1350 1506 τὸ
1389 1451 1629 1524 ἀξίωμα,
1660 1452 1749 1508 ἵνα
1778 1453 1855 1526 μὴ

262 1547 473 1620 ἐκπέσῃ
503 1546 601 1600 τοῦ
665 1545 1023 1617 μακαρισμοῦ
1077 1545 1180 1616 τῆς
1233 1544 1768 1617 ταπεινοφροσύνης,
1819 1544 1854 1614 ἢ

264 1639 356 1694 καὶ
381 1637 548 1701 αὑτὸς
579 1636 916 1706 τυφλωθεὶς
965 1636 1053 1700 εὶς
1083 1635 1266 1703 κρίμα
1295 1633 1532 1702 ἐμπέσῃ
1570 1631 1678 1686 τοῦ
1726 1631 1853 1684 δια-

261 1731 470 1785 ϐόλου.
511 1727 658 1783 Ἀλλ’
703 1729 882 1782 έκεῖνο
924 1725 1230 1793 πεπείσθω,
1259 1726 1402 1796 ὅτιὴ
1436 1724 1544 1778 τῶν
1585 1724 1852 1777 πλειόνων

261 1822 550 1894 ἐπιμέλεια
590 1819 853 1874 πλειόνων
893 1819 1041 1872 ἐστὶν
1075 1818 1374 1889 ὑπηρεσία.
1417 1817 1507 1882 Ὠς
1535 1813 1630 1871 οῦν
1658 1819 1686 1869 ὁ
1725 1817 1854 1870 πο).-

260 1893 370 1978 λοϊς
409 1913 508 1986 μὲν
532 1912 822 1985 ὑπηρετῶν
846 1910 1407 1984 τετραυματισμένοις
1427 1949 1442 1974 ,
1477 1893 1572 1963 καὶ
1595 1907 1850 1976 ἀποξύων

264 2006 360 2078 μὲν
375 2006 503 2070 τοὺς
525 2004 732 2076 ἰχῶρας
751 2002 983 2058 ἑκάστου
1006 2001 1342 2074 τραύματος,
1376 2001 1671 2073 προσάγων
1695 1999 1754 2054 δὲ
1774 2001 1843 2055 τὰ

262 2095 583 2168 βοηθήματα
601 2093 744 2148 κατά
764 2093 865 2165 τὴν
889 2093 1126 2164 ἰδιότητα
1150 2092 1252 2163 τῆς
1274 2091 1649 2164 ὑποκειμένης
1669 2091 1852 2146 κακώ-

262 2203 422 2251 σως,
439 2186 560 2256 οὐχ).
587 2184 877 2258 ὲπάρσεως
888 2183 1144 2256 ἀφορμὴν
1167 2184 1270 2255 τὴν
1297 2184 1612 2255 ὑπηρεσίαν
1631 2182 1850 2255 λαμϐά-

261 2296 354 2340 νει,
398 2277 536 2334 ἀλλά
558 2277 760 2350 μᾶλλον
773 2276 1160 2341 ταπεινώσεως
1181 2277 1272 2330 καὶ
1289 2277 1529 2346 ἀγωνίας
1550 2290 1565 2306 ⁶
1593 2277 1688 2330 καὶ
1713 2275 1849 2332 πολὺ

259 2370 423 2424 πλέον
442 2365 595 2434 οὗτος
615 2371 643 2424 ὁ
665 2369 736 2424 τὰ
761 2369 1121 2441 ἀσθενήματα
1147 2368 1332 2423 ἰᾶσθαι
1353 2367 1456 2439 τῆς
1486 2367 1849 2440 ἀδελφότητος

258 2461 591 2528 πιστευθεὶς,
617 2461 694 2526 ὡς
716 2462 933 2516 πάντων
963 2461 1264 2532 ὑπηρέτης,
1296 2461 1392 2514 καὶ⁹
1437 2455 1581 2531 ὑπὲρ
1625 2461 1847 2518 πάντων

259 2554 416 2622 λόγον
432 2553 571 2625 ἔχων
595 2554 803 2622 δοῦναι,
834 2554 1166 2609 διανοεῖσθαι
1204 2553 1299 2608 καὶ
1340 2554 1584 2626 ἁγωνιᾷν
1616 2553 1844 2623 ὀφείλει.

261 2644 456 2716 Τούτῳ
489 2645 600 2717 γὰρ
626 2645 706 2717 τῷ
735 2645 927 2717 τρόπῳ
953 2645 1439 2717 κατορθωθήσεται
1470 2647 1498 2700 ὀ
1527 2646 1728 2710 σκοπὸς
1749 2645 1846 2700 τοῦ

257 2739 464 2810 Κυρίου
502 2736 748 2802 είπόντοξ
772 2754 786 2768 ·
817 2738 892 2792 ΕΖ
919 2755 1010 2805 τις
1044 2737 1205 2792 θέλει
1237 2737 1309 2792 ἐν
1337 2738 1482 2808 ὑμῖν
1511 2733 1664 2792 εἶναι
1687 2737 1847 2808 πρῶ-

257 2846 382 2898 τος,
443 2829 603 2885 ἔστω
635 2829 881 2885 πάντων
932 2828 1220 2899 ἔσχατος,
1267 2817 1371 2884 καὶ
1428 2827 1675 2883 πάντων·
1721 2827 1847 2883 διά-

259 2939 462 2989 κονος.

1961 538 2312 607 hospitalem,
2337 538 2664 609 benignum,
2688 541 3237 613 sobrium,‘justum,
3267 554 3552 617 sanctum,

1962 630 2370 696 continentem,
2403 649 2423 682 ι
2458 637 2571 686 etc.

2033 722 2143 779 Tit.
2212 737 2288 790 ιι,
2346 723 2436 780 l5.
2469 753 2539 763 -—
2589 741 2607 776 ι
2668 723 2843 782 Nemo
2898 727 3334 787 adolescentiam
3397 740 3552 791 tuam

1960 821 2302 871 contemnat.
2333 813 2587 872 Admone
2615 816 2742 874 illos
2780 819 3132 892 principibus
3173 831 3227 879 et
3263 829 3555 895 potestati-

1927 907 2064 964 bus
2109 905 2370 965 subditos
2403 921 2550 975 esse,
2592 907 2741 964 dicto
2779 909 3028 979 obedire,
3079 914 3150 969 ad
3204 929 3371 974 omne
3407 932 3552 990 opus

1958 998 2164 1054 bonum
2205 1009 2435 1070 paratos
2468 1015 2612 1057 esse.
2658 1021 2677 1055 ι

2030 1090 2061 1145 Ι
2099 1088 2249 1146 Petr.
2298 1105 2353 1157 ν,
2380 1090 2434 1148 5.
2470 1122 2540 1131 -
2575 1111 2594 1146 ι
2633 1092 3021 1162 Providentes,
3052 1110 3162 1152 non
3198 1107 3416 1168 coacte,
3449 1101 3551 1158 sed

1959 1179 2299 1254 spontanee;
2337 1198 2517 1253 neque
2557 1185 2739 1256 turpis
2781 1185 2925 1241 lucri
2961 1187 3170 1256 gratia,
3212 1192 3306 1244 sed
3341 1193 3550 1248 volun-
3649 1265 3654 1270 _

1959 1267 2101 1328 tarie
2146 1271 2453 1328 secundum
2508 1272 2676 1329 Deum
2719 1292 2733 1329 :
2778 1291 2960 1346 neque
3007 1284 3069 1332 ut
3102 1277 3460 1339 dominantes
3490 1283 3549 1340 in

1957 1361 2146 1427 cleris,
2184 1361 2280 1418 sed
2315 1361 2497 1417 forma
2529 1361 2662 1417 lacti
2685 1365 2888 1435 gregis.
2927 1384 2947 1418 ι

2025 1452 2085 1508 S.
2119 1453 2292 1508 Basil.
2328 1469 2396 1508 ex
2438 1469 2634 1508 canon.
2680 1454 2916 1513 Constit.
2969 1468 3160 1529 quam.
3194 1461 3250 1516 5.
3292 1491 3362 1502 --
3392 1464 3552 1520 Anti-

1957 1544 2107 1601 stitis
2148 1546 2364 1602 animos
2401 1546 2645 1616 dignitas
2674 1563 2787 1603 non
2824 1550 3067 1616 attollat,
3117 1567 3187 1608 ne
3231 1554 3302 1608 ab
3330 1554 3556 1611 humili-

1959 1637 2096 1692 tatis
2141 1645 2197 1692 et
2245 1637 2535 1693 modestiae
2595 1639 2943 1696 beatitudine
2995 1644 3239 1711 excidat,
3291 1655 3388 1702 aut
3423 1648 3549 1718 ipse

1956 1727 2126 1784 etiam
2153 1729 2208 1781 in
2244 1729 2553 1796 superbiam
2592 1729 2790 1797 elatus,
2824 1733 2877 1785 in
2893 1733 3160 1802 judicium
3193 1737 3396 1792 incidat
3425 1741 3550 1796 dia-

1959 1814 2066 1868 boli
2110 1812 2163 1886 (I
2207 1813 2343 1868 Tim.
2403 1831 2500 1882 ιιι,
2549 1815 2626 1881 6).
2685 1816 2830 1884 Quin
2872 1821 3058 1889 potius
3114 1823 3217 1880 hoc
3257 1825 3366 1882 sibi
3415 1843 3550 1898 per-

1957 1907 2210 1974 suadeat,
2247 1907 2551 1962 multorttm
2603 1924 2792 1965 curam
2827 1926 3021 1982 gerere
3055 1913 3197 1968 nihil
3231 1917 3380 1972 aliud
3422 1934 3549 1976 esse

1951 2013 2120 2070 quam
2158 1999 2354 2054 multis
2384 1999 2675 2056 inservire.
2732 2001 3212 2068 Quemadmodum
3245 2007 3418 2078 igitur
3449 2012 3545 2082 qui

1950 2090 2144 2146 multis
2178 2091 2389 2147 sauciis
2433 2107 2658 2163 operam
2691 2102 2880 2161 navat,
2916 2109 2982 2150 ac
3028 2104 3145 2151 tum
3191 2097 3546 2170 singulorum

1950 2183 2242 2238 vulnerum
2283 2181 2446 2253 512
2487 2184 2698 2239 saniem
2727 2186 2930 2252 eradit,
2960 2193 3079 2243 tum
3121 2190 3324 2261 cuique
3363 2191 3546 2250 dolori

1951 2283 2396 2330 consentaneum
2419 2275 2730 2331 remedium
2762 2275 3018 2346 adhibet,
3049 2279 3140 2336 hic
3169 2296 3238 2338 ex
3267 2283 3548 2353 ejusmodi

1951 2365 2134 2422 oilicio
2173 2367 2438 2423 elationis
2496 2381 2694 2424 ansam
2768 2383 3124 2440 nequaquam
3175 2375 3400 2445 arripit,
3447 2378 3550 2434 sed

1951 2457 2288 2514 humilitatis
2318 2459 2506 2529 potius
2551 2469 2606 2515 ct
2650 2460 3100 2521 sollicitudinis:
3129 2467 3329 2523 eodem
3361 2471 3549 2539 modo,

1951 2557 2007 2604 et
2035 2547 2262 2619 quidem
2290 2548 2466 2602 multo
2493 2549 2669 2620 magis
2696 2551 2746 2606 is
2780 2551 2850 2606 ad
2897 2569 3061 2624 quem
3095 2558 3270 2614 totius
3300 2560 3550 2618 sodalitii

1956 2639 2338 2694 inﬁrmitatum
2393 2640 2614 2717 curatio
2671 2651 2912 2712 spectat,
2970 2645 3122 2702 velut
3157 2650 3254 2718 qui
3299 2653 3548 2709 omnium

1955 2731 2211 2788 minister
2255 2731 2350 2799 sit,
2407 2732 2800 2803 rationemque
2838 2750 2943 2806 pro
2995 2737 3263 2797 omnibus
3312 2742 3548 2800 redden-

1954 2823 2081 2879 dam
2117 2822 2344 2886 haheat,
2375 2823 2455 2877 ita
2494 2824 2681 2879 animo
2721 2827 3067 2884 constitutus
3107 2843 3236 2885 esse
3264 2831 3449 2901 debet,
3479 2848 3548 2889 ac

1955 2913 2259 2986 trepidare.
2302 2912 2420 2970 Hoc
2469 2919 2617 2972 enim
2658 2924 2829 2988 pacto
2876 2917 3010 2974 illud
3059 2923 3346 2991 praestabit
3396 2927 3548 2996 quod

259 3014 362 3070 sibi
398 3012 672 3073 Dominus
715 3015 1082 3086 propenebat,
1121 3031 1248 3073 cum
1283 3017 1496 3074 diceret
1545 3037 1560 3074 :
1606 3014 1670 3074 Si
1711 3015 1832 3088 qui:
1865 3011 1978 3069 vult
2011 3010 2152 3064 inter
2195 3024 2290 3064 vos
2342 3007 2553 3079 primus
2598 3025 2732 3079 esse,
2779 3013 2849 3066 sit
2903 3015 3140 3069 omnium
3197 3018 3547 3094 novissimus,

256 3115 304 3162 et
341 3110 585 3162 omnium
610 3109 855 3163 minister
884 3107 1081 3181 (Marc.
1116 3126 1195 3176 ιιι,
1225 3110 1346 3182 54).

334 3202 396 3257 '0
426 3201 529 3274 τὴν
561 3203 752 3274 κοινὴν
781 3204 1042 3276 φροντίδα
1088 3205 1543 3277 πεπιστευμένος,
1572 3205 1649 3272 ὡς
1696 3204 1844 3276 ὀφεί-

2033 3193 2176 3249 Ibid.
2207 3202 2396 3265 quam.
2429 3193 2522 3250 25.
2553 3223 2624 3234 -
2650 3193 2756 3263 Qui
2782 3209 3136 3252 communem
3161 3197 3414 3253 omnium
3443 3213 3549 3254 cu-

255 3287 362 3350 λων
396 3296 559 3365 λόγον
583 3293 774 3350 δοῦναι
805 3295 936 3367 περὶ
983 3296 1217 3352 ἑκάστου
1248 3297 1358 3351 τῶν
1391 3296 1844 3376 ἐμπεπιστευμέ-

256 3407 383 3456 νων,
422 3387 568 3442 οῦτω
596 3386 917 3444 διακείσθω.

320 3565 640 3622 Μανθάνειν
685 3566 1182 3638 ἀνεπαισχύντως,
1256 3568 1352 3622 καὶ
1412 3567 1686 3623 διδάσκειν
1752 3569 1846 3623 ἀν-

255 3657 585 3729 επιφθόνως,
631 3659 729 3712 καὶ
772 3658 828 3712 εί
863 3675 918 3713 τι
951 3658 1086 3730 παρ’
1133 3657 1325 3730 ἑτέρου
1376 3659 1712 3729 δεδίδακται,
1768 3659 1844 3730 μὴ

252 3750 638 3824 ἐπικρύπτειν,
662 3742 854 3822 ὥσπερ
896 3751 952 3804 αἱ
992 3749 1196 3820 φαῦλαι
1219 3751 1329 3806 τῶν
1352 3751 1650 3822 γυναικῶν,
1689 3753 1746 3806 αί
1777 3751 1848 3806 τὰ

153 3881 159 3890 η
251 3843 381 3899 νόθα
429 3841 902 3914 ὑποϐαλλόμεναιο
946 3841 1086 3898 ἀλλά
1137 3842 1440 3917 κηρύσσειν
1484 3843 1847 3917 εὐγνωμόνως

250 3936 342 3993 τὸν
376 3935 601 4009 Πατέρα
633 3934 730 3990 τοῦ
759 3935 960 4006 Λόγου.
1117 3947 1119 3949 ‘

331 4116 660 4188 Ἀνθρὼπῳ,
684 4113 928 4188 χαλεποῦ
979 4113 1135 4182 ὄντος
1166 4115 1263 4171 τοῦ
1310 4116 1514 4172 εἰδέναι
1548 4115 1860 4189 ἄρχεσθαι,

251 4209 554 4264 κινδυνεύει
631 4207 834 4279 μᾶλλον
887 4206 1269 4280 χαλεπώτερον
1332 4205 1471 4263 εἶναι
1525 4209 1587 4263 τὺ
1637 4209 1840 4263 εἰδέναι

251 4303 444 4376 ἄρχειν
469 4300 777 4372 ἀνθρώπων
799 4314 816 4331 ·
867 4299 963 4355 καὶ
1011 4300 1250 4372 μάλιστα
1273 4301 1450 4374 ἀρχὴν
1497 4300 1705 4372 ταύτην
1738 4301 1840 4374 τὴν

250 4393 552 4464 ἡμετέραν,
581 4391 682 4462 τὴν
711 4393 769 4444 ὲν
791 4391 942 4462 νόμῳ
969 4389 1100 4463 θείῳ
1121 4391 1225 4444 ’καὶ
1255 4390 1394 4463 πρὸς
1416 4391 1551 4446 Θεὸν
1575 4392 1840 4462 ἄγουσαν,

249 4478 315 4555 ἦς
348 4483 476 4537 ὅσον
503 4481 566 4536 τὸ
597 4480 736 4553 ’ύψος
765 4480 860 4535 καὶ
893 4481 954 4534 τὸ
983 4481 1227 4554 ἀξίωμα,
1255 4481 1514 4541 τοσοῦτον
1539 4485 1634 4539 καὶ
1664 4485 1693 4539 ὁ
1725 4484 1841 4539 κίν-

250 4575 427 4642 δυνος.
1723 4579 1726 4582 ’

320 4753 474 4824 Αῦτη
503 4769 592 4825 μοι
625 4752 875 4823 φαίνεται
899 4751 978 4824 τῷ
1002 4752 1116 4806 δντι
1147 4751 1312 4823 τέχνη
1337 4767 1422 4815 τις
1446 4746 1588 4805 εἶναι
1614 4751 1842 4821 τεχνῶν,

249 4845 346 4902 καὶ
374 4847 658 4918 ἐπιστήμη
689 4845 1033 4917 ἐπιστημῶν,
1069 4845 1358 4916 ἄνθρωπον
1388 4843 1546 4912 ἄγειν
1573 4842 1640 4896 τὸ
1677 4843 1846 4896 πολυ-

247 4937 605 5011 τροπώτατον
637 4937 777 5003 ζῶον
806 4939 904 4993 καὶ
930 4937 1346 4992 ποικιλώτατον.
1762 4958 1764 4960 τ

322 5032 540 5103 Ὠσπερ
587 5033 699 5096 τοῖς
730 5032 1004 5103 σώμασιν,
1044 5033 1105 5084 ού
1131 5031 1233 5102 τὴν
1262 5029 1436 5100 αὐτὴν
1483 5028 1844 5101 φαρμακείαν

251 5123 350 5180 καὶ
374 5124 584 5197 τροφὴν
616 5123 1025 5196 προσφέρονται
1082 5123 1344 5189 ἅπαντες,
1378 5120 1530 5176 ἄλλοι
1555 5121 1610 5174 δὲ
1645 5120 1835 5192 ἄλλην,

249 5217 284 5287 ἢ
321 5216 694 5280 εύεκτοῦντες,
732 5217 766 5286 ἢ
802 5215 1126 5286 κάμνοντες,
1179 5211 1322 5266 οῦτω
1381 5211 1476 5265 καὶ
1515 5209 1615 5274 τὰς
1661 5209 1838 5280 ψυχὰς

247 5307 496 5378 διαφόρῳ
521 5306 666 5378 λόγῳ
689 5309 784 5361 καὶ
808 5305 998 5377 ἀγωγῇ
1028 5303 1422 5377 θεραπευτέον.
1455 5302 1750 5375 Μάρτυρες
1781 5301 1838 5355 δὲ

247 5397 351 5468 τῆς
385 5395 708 5468 θεραπείας,
740 5389 818 5450 ὧν
838 5397 933 5450 καὶ
962 5395 1032 5449 τά
1070 5393 1423 5464 πάθη..Τοὺς
1460 5393 1562 5465 μὲν
1589 5394 1713 5460 ἀγει
1746 5391 1838 5446 λό-

142 5499 146 5502 ’
248 5505 368 5556 γος,
403 5491 452 5542 oi
475 5488 531 5542 δὲ
559 5488 919 5560 ρυθμίζονται
947 5486 1374 5559 παραδείγματι.
1407 5486 1471 5540 Οί
1498 5485 1599 5555 μὲν
1625 5484 1839 5538 δέονται

249 5579 508 5650 κέντρου,
533 5581 584 5632 οί
617 5579 674 5634 δὲ
714 5579 956 5651 χαλινοῦ.
977 5578 1099 5664 ,Καὶ
1143 5578 1194 5632 οἱ
1227 5579 1326 5650 μὲν
1364 5578 1476 5648 γάρ
1501 5578 1608 5632 εἱσι
1647 5575 1840 5638 νωθεῖς

251 5669 351 5722 καὶ
382 5670 696 5740 δυσκίνητοι
747 5671 885 5743 πρὸς
933 5669 995 5723 τὸ
1018 5668 1206 5733 καλὸν.
1264 5667 1360 5731 οὓς
1399 5671 1468 5739 τῇ
1524 5667 1708 5738 πληγῇ
1741 5664 1838 5718 τοῦ

253 5759 419 5836 λόγου
448 5762 776 5834 διεγερτέον,
803 5764 854 5816 οί
893 5762 951 5817 δὲ
991 5760 1313 5833 θερμότεροι
1363 5758 1458 5816 τοῦ
1501 5759 1730 5831 μετρίου
1761 5757 1841 5829 τῷ

1949 3297 2067 3339 ram
2102 3283 2371 3355 suscepit,
2401 3285 2687 3358 eoganimo
2733 3301 2859 3343 esse
2900 3287 3088 3352 debet,
3135 3295 3405 3359 tanquam
3441 3281 3562 3360 pro’

1953 3388 2290 3446 unoquoque
2333 3390 2529 3431 eorum
2575 3376 2672 3448 qui
2719 3391 2837 3433 sum
2882 3377 3010 3434 tldei
3049 3379 3337 3437 commissi
3387 3365 3546 3449 sunt,
3611 3365 3634 3387 ⁸

1951 3468 2227 3524 rationem
2253 3467 2330 3522 sit
2369 3466 2717 3523 redditurus.

2024 3556 2283 3627 Ejusdem
2302 3559 2456 3629 epist.
2491 3559 2620 3613 1.-
2639 3559 2868 3616 Discere
2897 3559 3020 3616 sine
3058 3558 3292 3631 pudore,
3331 3568 3388 3617 et.
3417 3562 3544 3620 sine

1953 3649 2163 3706 invidia
2195 3649 2399 3707 docere
2442 3656 2703 3722 oportet:
2745 3652 2804 3708 si
2839 3653 2974 3724 quid
3003 3653 3074 3711 ab
3101 3653 3211 3708 alio
3251 3653 3543 3724 didiceris,
3612 3673 3616 3678 '

1952 3739 2182 3797 minime
2228 3739 2452 3820 silentio
2484 3740 2849 3799 dissimulare
2895 3740 3386 3814 (quemadmodum
3437 3741 3543 3798 im-

1950 3835 2139 3907 proba:
2178 3834 2438 3892 mulieres
2475 3837 2679 3904 solent,
2712 3851 2838 3907 quae
2858 3835 3208 3894 adulterinos
3238 3833 3388 3893 fetus
3436 3851 3544 3908 pro

1949 3927 2066 3985 suis
2095 3929 2468 4000 supponunt),
2509 3927 2608 3985 sed
2639 3926 2884 3985 candido
2913 3929 3104 3986 animo
3133 3926 3299 3986 Verbi
3321 3927 3540 3987 Patrem

1949 4020 2282 4091 pmdicare.

2016 4112 2075 4166 S.
2100 4109 2256 4183 Greg.
2295 4110 2571 4167 Nazianz.
2607 4119 2752 4168 erat.
2798 4111 2851 4166 1.
2881 4139 2954 4151 -
2977 4108 3118 4167 Cum
3152 4109 3362 4167 homini
3393 4110 3537 4167 ditii-

1946 4202 2054 4260 cile
2085 4205 2158 4260 sit
2207 4218 2377 4260 nosse
2429 4218 2650 4271 parere,
2691 4211 2809 4258 tum
2853 4216 2990 4258 vero
3038 4201 3206 4274 longe
3254 4201 3536 4259 diﬁicilius

1945 4297 2164 4355 videtur
2213 4299 2360 4355 scire
2409 4298 2737 4355 hominibus
2777 4298 3072 4367 imperare,
3118 4310 3185 4352 ac
3221 4297 3534 4368 praesertim

1947 4393 2051 4448 hoc
2072 4401 2266 4448 nostro
2297 4391 2554 4462 imperio,
2598 4389 2748 4462 quod
2794 4390 2916 4461 lege
2937 4389 3132 4446 divina
3167 4389 3536 4447 administra-

1945 4492 2037 4541 tur
2065 4490 2124 4540 et
2151 4482 2219 4539 ad
2252 4482 2428 4539 Deum
2459 4481 2617 4538 ducit
2653 4501 2668 4537 :
2716 4482 2885 4554 cujus
2916 4487 3130 4553 quanto
3157 4482 3340 4552 major
3364 4481 3534 4538 celsi-

1873 4595 1922 4652 D
1951 4573 2083 4630 tudo
2107 4580 2166 4630 et
2195 4574 2438 4646 dignitas
2471 4576 2564 4644 sit,
2601 4580 2760 4632 tanto
2795 4587 3026 4647 quoque
3046 4574 3277 4646 gravius
3314 4575 3534 4646 pericu-

1948 4667 2062 4723 lum
2088 4674 2195 4724 est.

2017 4754 2157 4809 Ibid.
2199 4785 2269 4796 —
2314 4752 2445 4809 Haec
2473 4753 2609 4810 mihi
2633 4769 2768 4812 vere
2815 4768 2910 4812 ars
2950 4755 3154 4812 artium
3189 4763 3246 4812 et
3296 4755 3534 4813 scientia

1946 4849 2308 4905 scientiarum
2333 4863 2463 4929 esse
2486 4849 2732 4915 videtur,
2765 4849 3048 4905 hominem
3080 4865 3293 4921 regere,
3327 4850 3536 4905 animal

1947 4939 2082 4996 illud
2123 4941 2263 4996 mire
2291 4941 2599 5012 multiplex,
2636 4949 2692 4996 et
2719 4956 2884 5012 quam
2914 4942 3154 4998 maxime
3185 4942 3429 4998 varium.

2014 5031 2154 5086 Ibid.
2193 5059 2264 5071 -—
2295 5029 2480 5087 Veluti
2525 5047 2626 5088 nec
2657 5032 3090 5101 tttedicameuta,
3134 5047 3240 5089 nec
3265 5033 3535 5090 ali-menta

1944 5122 2134 5179 eadem
2183 5125 2519 5195 corporibus
2561 5125 2829 5181 omnibus
2884 5124 3224 5193 oder-untur,
3277 5127 3379 5184 sed
3425 5127 3534 5182 alia

1947 5213 2092 5277 aliis,
2119 5229 2220 5285 pro
2256 5229 2474 5282 eorum,
2511 5215 2598 5271 vel
2633 5216 2916 5281 sanitatis,
2955 5217 3043 5272 vel
3069 5217 3403 5274 valetudinis
3439 5232 3533 5272 ra-

1945 5305 2092 5361 tione
2121 5324 2134 5360 :
2173 5307 2256 5362 sic
2286 5307 2490 5362 animae
2518 5307 2748 5364 diverso
2774 5309 2939 5365 modo
2965 5318 3019 5364 et
3048 5310 3220 5366 ductu
3244 5318 3531 5370 curantur.

1941 5397 2020 5453 Ac
2067 5400 2385 5454 curationis
2429 5406 2614 5456 testes
2668 5407 2800 5456 sunt
2855 5403 2952 5472 qui
2999 5403 3220 5460 morbis
3271 5401 3532 5470 hujusce-

1942 5489 2094 5546 modi
2132 5499 2427 5546 vexantur.
2459 5492 2618 5548 Alios
2652 5501 2838 5550 movet
2875 5495 3082 5559 oratio,
3126 5494 3226 5548 alii
3257 5493 3537 5552 antistitis

1939 5581 2196 5651 exemplo
2223 5591 2662 5653 componuntur.
2740 5584 3071 5641 Calearibus
3119 5585 3216 5639 alii
3257 5599 3400 5655 opus
3427 5584 3532 5638 ha-

1942 5674 2096 5740 bent,
2131 5673 2220 5728 alii
2261 5673 2446 5737 freno.
2472 5673 2610 5731 Nam
2639 5677 2733 5747 qui
2777 5677 2925 5733 lente
2951 5684 3004 5732 et
3039 5678 3283 5747 segniter
3313 5675 3380 5730 ad
3419 5675 3532 5728 vir-

1942 5771 2109 5855 tu‘tetn
2144 5772 2459 5851 moventur,
2513 5765 2570 5823 hi
2614 5765 2913 5823 verborum
2959 5765 3203 5822 stimulis
3241 5757 3526 5825 excitandi
