4028 6400
469 308 608 377 1543

1667 296 1729 356 s.
1765 262 2085 356 JOANle
2120 277 2554 354 DAMASCENI

3595 284 3751 360 ’1544

467 433 634 491 sunt;
665 423 762 495 qui
804 433 933 478 vero
971 416 1180 489 spiritu
1212 411 1337 484 plus
1374 422 1541 482 quam
1584 422 1688 479 par
1722 406 1796 463 sit
1844 404 2050 460 incale-

2163 401 2430 495 πνεύματι
2476 401 2572 495 και
2626 401 2990 495 δυσκάθεκτα
3028 402 3150 466 ταῖς
3201 402 3423 474 όρμαῖς,
3479 403 3738 478 καθάπερ

467 531 655 594 scunt,
691 527 747 576 et
775 515 1044 589 praecipiti
1078 513 1292 583 impetu
1333 507 1610 571 feruntur,
1639 503 1793 560 velut
1823 499 2047 572 equulei

465 612 722 686 generosi
773 608 969 680 procul
1022 620 1054 660 a
1099 610 1246 659 meta
1293 600 1661 662 cursitantes,
1715 596 1819 650 hos
1852 593 2050 662 utique

465 703 738 788 orationis
797 700 957 756 freno
1009 709 1268 754 coercere
1335 689 1679 764 praestiterit.
1730 686 1878 741 Aliis
1925 685 2051 738 laus

465 779 716 868 prodest,
768 791 896 848 aliis
926 785 1317 860 reprehensio,
1364 779 1528 837 modo
1558 787 1793 848 utraque
1837 781 2052 844 tempe-

466 855 608 941 stive
660 855 1079 951 prudenterque
1130 870 1482 926 adhibeatur.
1528 863 1682 919 Alios
1727 855 2051 914 adhortatio

464 973 715 1045 corrigit,
742 969 884 1024 alios
913 960 1265 1034 objurgatio;
1297 965 1467 1028 atque
1497 954 1614 1009 haec
1643 963 1838 1006 rursus
1873 959 2049 1017 quos-

463 1068 612 1130 dam,
649 1064 694 1118 si
725 1059 908 1132 palam
938 1059 1273 1127 arguantur;
1307 1047 1472 1112 alios,
1531 1044 1579 1101 si
1623 1039 1855 1097 remotis
1900 1035 2052 1091 arbi-

467 1161 571 1216 tris
598 1126 988 1224 rincrcpentur.
1013 1126 1018 1127 γ
1039 1147 1184 1202 Sunt
1226 1141 1374 1199 enim
1404 1138 1503 1211 qui
1540 1135 1680 1192 nihil
1710 1139 1908 1202 curent
1939 1126 2051 1199 prio

365 1252 368 1256 ’
464 1257 625 1304 vatas
667 1221 1106 1305 admonitiones,
1147 1232 1373 1306 publica
1421 1242 1556 1284 vero
1610 1221 2052 1303 reprehensione

464 1333 865 1403 emendentur;
910 1337 1042 1388 sunt
1072 1339 1268 1381 rursus
1304 1320 1424 1392 qui,
1453 1333 1580 1374 cum
1607 1314 1837 1371 liberius
1863 1310 2052 1385 redar-

356 1474 358 1477 -
465 1439 731 1505 guantur,
769 1424 1034 1497 pudorem
1083 1431 1306 1473 omnem
1359 1414 1698 1480 abstergant,
1747 1411 2052 1472 contraque

464 1498 698 1597 privatis
748 1513 1209 1586 castigationibus
1250 1507 1510 1563 meliores
1553 1500 1665 1556 illis
1721 1498 1878 1560 ﬁant,
1911 1506 2051 1565 quos

463 1619 642 1672 vicem
677 1625 836 1668 suam
869 1608 1058 1662 dolere
1083 1600 1469 1674 perspiciunt:
1500 1595 1604 1649 hoc
1635 1589 1884 1647 vicissim
1917 1601 2045 1641 mu-

463 1710 618 1766 neris
649 1700 1036 1776 rependentes,
1089 1702 1148 1749 ut
1192 1705 1385 1748 eorum
1418 1685 1644 1742 monitis
1695 1691 1908 1736 morem
1957 1690 2050 1746 ge-

2148 493 2324 548 πῶλοι
2365 493 2607 562 γενναῖοι
2658 491 2765 557 ἔξω
2789 493 2892 563 τῆς
2933 493 3141 565 νύσσης
3183 492 3423 558 θέοντες.
3458 494 3602 559 Τοὺς
3637 497 3747 567 μὲν

2150 585 2375 649 ἔπαινος
2394 583 2627 656 ὤνησεν,
2655 583 2782 647 τοὺς
2808 583 2864 637 δὲ
2907 582 3078 654 ψόγος
3098 598 3113 614 ⁸
3148 582 3440 655 ἀμφότερα
3475 584 3616 656 μετά
3643 584 3741 638 τοῦ

2149 675 2348 748 καιροῦ
2378 674 2471 731 καὶ
2502 675 2598 730 τοῦ
2629 674 2812 744 λόγου.
2845 674 2986 740 Τοὺς
3018 674 3120 746 μὲν
3149 675 3502 748 παράκλησις
3537 693 3746 749 κατορ-

2150 767 2256 836 θοῖ,
2279 769 2406 834 τοὺς
2438 768 2496 822 δὲ
2537 768 2857 838 ἐπιτίμησις
2883 782 2898 798 ⁶
2927 768 3023 822 καὶ⁹
3061 763 3241 835 αὖθις,
3277 768 3405 832 τοὺς
3445 769 3546 838 μὲν
3571 769 3630 822 ὲν
3662 769 3746 839 τῷ

2150 857 2316 930 κοινῷ
2345 858 2816 940 διελεγχομένους,
2851 857 2981 922 τοὺς
3007 856 3064 912 δὲ
3089 858 3352 932 κρύϐδην.
3381 859 3602 913 Φιλοῦσι
3632 848 3745 930 γὰρ

2151 948 2203 1000 οἱ
2237 947 2337 1018 μὲν
2366 950 2730 1020 καταφρονεῖν
2771 947 2882 1018 τῶν
2934 948 3082 1002 ίδίων
3109 949 3560 1022 νουθετημάτων,
3597 951 3744 1022 πλή-

2125 1039 2280 1104 ,θους
2307 1041 2652 1111 καταγνώσει
2689 1038 3152 1114 σωφρονιζόμεναι
3176 1059 3194 1075 ο
3218 1043 3269 1097 οἱ
3313 1043 3372 1098 δὲ
3407 1044 3546 1114 πρὸς
3577 1043 3741 1096 ὲλευ-

2152 1129 2344 1203 θερίαν
2371 1133 2482 1187 τῶν
2507 1133 2746 1205 ἐλέγχων
2775 1135 3177 1204 ἀναισχυντεῖν,
3211 1133 3290 1205 τῷ
3327 1135 3429 1207 τῆς
3472 1136 3740 1206 ἐπιτιμή-

2153 1236 2292 1323 σεως
2345 1223 2631 1323 μυστηρίῳ
2683 1224 3217 1323 παιδαγωγούμενοι,
3251 1226 3347 1279 καὶ
3379 1226 3744 1292 ἀντιδιδόντες

2149 1313 2252 1382 τῆς
2277 1313 2626 1385 συμπαθείας
2649 1313 2749 1387 τὴν
2770 1316 3088 1372 εὐπάθειαν.
3117 1315 3240 1371 Τῶν
3262 1317 3363 1390 μὲν
3391 1320 3744 1390 παρατηρεῖν

2151 1405 2432 1476 ἐπιμελῶς
2461 1407 2784 1476 ἀναγκαῖον,
2835 1408 2998 1480 μέχρι
3033 1409 3128 1463 καὶ
3169 1409 3279 1463 τῶν
3324 1411 3740 1482 σμικροτάτων,

2152 1496 2276 1550 ὅσον
2301 1496 2362 1550 τὸ
2380 1498 2586 1551 οίεσθαι
2607 1497 2913 1554 λανθάνεινο
2940 1499 3048 1554 τῶν
3066 1499 3122 1554 δὲ
3143 1501 3292 1554 ἔστιν
3308 1500 3345 1555 ἃ
3367 1501 3464 1554 καὶ
3488 1505 3745 1574 παρορᾷν

2151 1586 2398 1694 ἀμεινον,
2430 1587 2572 1694 ὥστε
2605 1591 2850 1694 ὁρῶντας
2884 1589 2961 1662 μὴ
2993 1591 3149 1662 όρᾷν,
3183 1591 3280 1645 καὶ
3319 1558 3745 1664 ἀκούοντάς-μὴ

2152 1679 2374 1733 ἀκούειν
2400 1695 2415 1710 ο
2441 1681 2582 1751 μήτε
2602 1683 2670 1752 τῇ
2701 1681 3033 1753 χρηστότητι
3057 1680 3401 1754 μαλακίζειν,
3437 1683 3580 1753 μήτε
3609 1699 3745 1753 τρα-

464 1808 610 1858 rant.
647 1759 882 1865 Quidam
914 1793 989 1845 ita
1034 1784 1279 1844 sollicite
1319 1774 1659 1836 observandi
1691 1777 1842 1836 sunt,
1885 1775 1946 1821 ut
1983 1780 2054 1821 ne

2163 1763 2341 1836 χύνειν
2363 1767 2431 1837 τῇ
2459 1766 2814 1840 χαλεπότητι.

463 1895 697 1954 minima
755 1887 982 1962 quidem
1057 1893 1252 1937 eorum
1305 1881 1490 1930 errata
1549 1864 2036 1962 dissimulentur:
2086 1867 2286 1916 contra
2356 1861 2415 1916 in
2467 1863 2594 1920 aliis
2635 1865 2904 1921 nonnulla
2950 1865 3238 1938 praeterire
3302 1867 3483 1924 satius
3543 1866 3713 1924 fuerit

465 1912 697 1954 minuma
755 1912 982 1962 qmuem
1057 1912 1252 1937 cunu-u
1305 1912 1490 1930 νινε-ι·-
1549 1912 1973 1926 νι-νυ--κ--π--π
2022 1912 2034 1916 ν
2093 1912 2285 1916 ν---κ--ε
2357 1912 2415 1916 ---
2470 1912 2591 1920 mu-
2635 1912 2904 1921 -------......
2991 1912 3238 1924 ....-.,-...,
3302 1912 3482 1924 ___._.,
3543 1912 3602 1922 η

465 1995 541 2048 ita
584 1995 645 2045 ut
690 1984 944 2042 videntes
987 1990 1100 2033 non
1161 1971 1492 2053 videamus,
1543 1971 1599 2018 et
1647 1958 1938 2014 audientes
1981 1966 2094 2010 non
2166 1953 2482 2011 audiamus.
2552 1953 2745 2028 Neque
2802 1912 3029 2014 mst
3105 1959 3448 2032 benignitate
3505 1912 3746 2017 nimium

463 2090 680 2160 oportet
707 2075 988 2138 emollire,
1020 2078 1206 2136 neque
1231 2058 1532 2118 severitate
1560 2061 1918 2122 exasperare.

535 2138 674 2239 ibid.
713 2203 785 2216 —-
825 2169 931 2226 Hic
978 2166 1201 2241 demum
1252 2151 1565 2228 spiritualis
1622 2145 1806 2202 omnis
1853 2138 2050 2213 prrel‘e-

464 2285 640 2334 ctura:
665 2270 794 2328 ﬁnis
835 2279 960 2322 esse
997 2237 1190 2323 debet,
1209 2261 1273 2310 ut
1306 2251 1401 2323 qui
1447 2249 1651 2318 praeest
1678 2240 1895 2312 privata
1929 2232 2052 2334 ubi:

463 2323 574 2440 quo
608 2323 900 2420 commoda
934 2365 1038 2410 sua
1062 2347 1326 2420 negligat,
1353 2349 1520 2411 atque
1560 2335 1794 2390 aliorum
1825 2323 2050 2383 utilitati

466 2455 750 2517 consulat.

535 2549 696 2623 513
745 2541 940 2608 Eiusd.
988 2540 1127 2590 orat.
1169 2531 1244 2618 in.
1274 2523 1472 2583 Pasch.
1503 2549 1574 2566 --
1606 2517 1764 2575 Filiis
1817 2521 2047 2585 parcere

463 2652 690 2715 paterna
719 2638 806 2692 lex
836 2641 943 2688 est.

536 2694 732 2804 έῇωά.
768 2756 841 2768 -
869 2719 1084 2778 Alentis
1114 2714 1284 2773 etiam
1335 2703 1602 2764 alimonia
1655 2694 1910 2755 doctrina
1938 2696 2046 2748 est.

536 2787 988 2895 Εὲιιεάρ-Αιιίιιιὶ
1023 2796 1372 2868 serenitatem
1403 2801 1459 2854 in
1489 2787 1857 2866 obiurgando,
1881 2790 1937 2842 et
1960 2797 2050 2839 se—

465 2881 753 2974 veritatem
786 2910 844 2966 iu
872 2900 1146 2962 laudando
1179 2894 1438 2952 adhibere
1473 2881 1756 2946 convenit,
1799 2889 1865 2931 ac
1917 2886 2054 2974 neu-

466 3022 611 3078 trum
637 3019 732 3078 per
761 2993 1275 3058 immoderationem
1319 2979 1687 3041 labefactare;
1718 2982 1909 3026 verum
1947 2963 2055 3018 hoc

1495 3072 1506 3078 -
1627 3067 1661 3078 ,Α
1756 3057 2051 3078 At,“

469 3057 750 3174 praestare,
781 3101 841 3149 ut
869 3099 925 3148 et
967 3096 1196 3159 paterna
1235 3072 1546 3149 obiurgatio
1595 3067 1691 3133 sit,
1721 3073 1776 3122 et
1809 3057 2055 3160 laudatio

467 3148 650 3265 gravis
677 3205 695 3242 :
736 3148 819 3242 sic
850 3148 1045 3249 nem-pe
1078 3183 1271 3230 utnec
1309 3148 1584 3222 mollities
1637 3153 1909 3213 dissoluta
1959 3148 2054 3216 sit,

1269 3259 1281 3265 -
1370 3255 1382 3265 -
1556 3243 1800 3265 Las-“1-
1876 3239 2050 3265 μη-..

467 3296 571 3337 nec
607 3274 803 3333 acerba
841 3267 1130 3330 severitas,
1187 3275 1248 3317 se

387 3355 411 3378 ⁸
468 3369 769 3444 prudentiae
821 3375 1023 3419 nomen
1089 3356 1360 3418 retineat;
1416 3353 1652 3415 utraque
1705 3345 1890 3394 autem
1925 3345 2050 3390 cum

467 3458 818 3536 philosophia
849 3453 1146 3523 conjuncta
1176 3446 1269 3536 sit.

538 3523 825 3623 Εῇιιιᾶρ-
876 3546 1095 3611 Quanta
1151 3532 1470 3594 sublimitas
1525 3524 1884 3598 dignitasque
1943 3523 2050 3582 est,

467 3655 618 3705 tanto
640 3657 806 3716 grave
835 3648 921 3696 est
955 3631 1284 3707 periculum.
1325 3667 1330 3672 .

487 3768 492 3770 -
537 3707 730 3807 Ejusd.
758 3763 830 3777 —-
855 3728 1205 3790 Sacerdotes,
1248 3718 1462 3777 induite
1485 3712 1780 3787 justitiam.
1828 3707 2056 3762 Pascu'ze

468 3845 601 3886 oves
640 3843 751 3883 non
776 3826 1178 3895 dispergamus,
1209 3830 1314 3872 nec
1352 3811 1693 3873 occidamus,
1726 3818 1825 3876 pro
1857 3799 2055 3872 quibus

468 3925 705 3980 animam
736 3931 893 3976 suam
918 3917 1098 3972 bonus
1129 3911 1222 3966 ille
1255 3916 1446 3979 pastor
1472 3901 1684 3976 posuit,
1713 3897 1810 3970 qui
1846 3908 2056 3962 cogno-

467 4013 573 4070 scit
601 4024 754 4076 suas,
786 4018 842 4065 et
870 4022 902 4062 a
931 4004 1050 4062 suis
1090 3997 1484 4074 cognoscitur;
1517 3993 1611 4064 qui
1642 3999 1806 4046 vocat
1831 4000 1927 4043 eas
1955 3999 2056 4040 no-

468 4105 734 4170 minatim,
763 4109 821 4158 et
853 4095 1159 4156 introducit
1205 4107 1302 4149 eas
1333 4088 1519 4162 (Joan.
1561 4102 1619 4152 ιι,
1653 4085 1736 4157 5),
1771 4089 1828 4138 et
1872 4077 2056 4136 educit

467 4197 540 4252 ab
567 4169 889 4252 inﬁdelitate
918 4189 986 4244 ad
1012 4187 1192 4250 ﬁdem,
1225 4181 1376 4239 etab
1398 4180 1570 4234 haece
1588 4175 1704 4230 vita
1735 4171 1805 4228 ad
1829 4169 2056 4226 alterius

469 4291 590 4346 vita:
636 4288 904 4359 requiem.
933 4281 1242 4337 Metuamus
1275 4291 1367 4340 ne,
1399 4273 1545 4346 quod
1581 4270 1872 4341 Scriptura
1906 4279 2059 4320 com-

469 4355 732 4444 minatur;
759 4376 1028 4449 judicium
1059 4387 1092 4427 a
1127 4369 1291 4426 nobis
1319 4366 1550 4436 incipiat
1571 4361 1625 4432 (1
1652 4361 1802 4416 Petr.
1824 4373 1899 4424 tv,
1930 4355 2019 4426 17)
2038 4380 2070 4436 ς¹

471 4489 540 4531 ne
563 4470 806 4543 duplicia
840 4473 1072 4540 peccata
1097 4464 1165 4520 de
1197 4476 1365 4524 manu
1399 4455 1620 4514 Domini
1663 4451 2056 4522 suscipiamus,

468 4577 522 4623 et
552 4537 676 4623 cum
732 4537 861 4633 ipsi—
893 4573 1004 4614 non
1063 4553 1460 4626 ingrediamur,
1495 4547 1639 4602 alios
1679 4542 1776 4614 qui
1840 4537 2053 4613 ingredi
2083 4567 2129 4624 Β

468 4664 701 4728 possunt
728 4649 1125 4724 prohibeamus
1149 4642 1300 4717 (Luc.
1335 4656 1415 4704 xi,
1447 4637 1560 4707 52).

543 4747 707 4815 Oves,
734 4723 952 4800 vestros
980 4745 1234 4812 pastores
1275 4741 1628 4801 nequaquam
1662 4723 1896 4797 pascite,
1950 4734 2055 4777 nec

475 4842 619 4898 ultra
652 4812 918 4894 terminos
956 4838 1176 4889 vestros
1225 4822 1522 4894 assurgite.
1577 4819 1763 4875 Satius
1789 4815 1949 4872 vobis
1982 4812 2057 4870 sit

475 4944 537 4990 ut
564 4939 715 4989 recte
765 4926 1094 5001 pascamini.
1123 4921 1432 4978 Censuram
1465 4917 1522 4971 in
1556 4911 1773 4984 iudices
1796 4924 1866 4965 ne
1894 4907 2054 4963 vobis

473 4999 783 5095 arrogetis,
820 5034 925 5076 nec
970 5019 1152 5086 legum
1214 5008 1485 5067 latoribus
1535 5007 1682 5079 leges
1732 4999 2052 5074 imponatis.

473 5117 592 5174 Non
611 5092 777 5172 enim
807 5109 1172 5168 dissensionis
1194 5115 1250 5163 et
1279 5101 1624 5162 confusionis
1658 5102 1802 5158 Deus
1821 5104 1929 5166 est,
1953 5092 2053 5150 sed

474 5209 625 5282 pacis
653 5205 705 5274 (ι
742 5205 866 5260 Cor.
896 5219 1010 5268 xw,
1050 5201 1165 5270 53).
1564 5201 1567 5207 '

540 5295 904 5368 Praeceptoris
930 5292 1126 5350 oculus
1153 5290 1320 5346 tacita
1347 5287 1600 5346 doctrina
1629 5293 1736 5344 est.

542 5387 602 5445 S.
637 5386 791 5458 Greg.
819 5385 990 5456 Ny“.
1016 5411 1088 5424 --
1117 5380 1392 5447 Quantum
1433 5377 1657 5449 corpori
1683 5380 1912 5448 praestat
1934 5369 2055 5428 ani-

475 5497 616 5548 mus,
663 5486 878 5534 tantum
934 5489 1154 5548 quoque
1185 5475 1232 5530 is
1276 5473 1373 5544 qui
1425 5472 1627 5527 animis
1654 5467 1925 5533 medetur,
1957 5478 2056 5521 eos

467 5573 746 5631 antecellit
773 5571 870 5642 qui
897 5581 1130 5639 corpora
1161 5567 1428 5623 duntaxat
1447 5571 1665 5621 curant.

541 5664 606 5722 S.
636 5663 908 5734 Chrysort.
930 5662 1027 5716 lib.
1049 5677 1109 5716 ιιι
1135 5659 1213 5715 De
1236 5655 1726 5715 sacerd.——Tanto
1757 5651 2054 5710 sublimius

469 5760 614 5816 cmlo
643 5757 1014 5814 sacerdotium
1056 5762 1172 5816 est.
1207 5758 1416 5823 quanto
1454 5749 1683 5821 spiritus
1716 5760 1883 5803 carne
1915 5759 2054 5815 pra:-

470 5851 721 5906 stantior.

2227 2129 2397 2202 Οὗτος
2425 2130 2553 2208 ὅρος
2582 2137 2763 2212 πάσης
2791 2141 3166 2213 πνευματικῆς
3209 2143 3570 2215 προστασίας,
3601 2161 3742 2200 παν-

2155 2227 2339 2375 ταχοῦἐ
2356 2229 2419 2283 τὸ
2445 2229 2568 2284 καθ’
2610 2231 2802 2287 ἑαυτὸν
2839 2235 3089 2306 παρορᾷν
3119 2235 3259 2306 πρὸς
3306 2236 3369 2307 τὸ
3398 2235 3510 2291 τῶν
3559 2236 3743 2292 ἀλλων

2155 2338 2308 2394 συμφ
2347 2339 2459 2394 ρον.

2222 2503 2440 2563 Παίδων
2465 2506 2748 2579 φείδεσθαι
2772 2509 3044 2582 πατρικὸς
3070 2510 3262 2580 νόμος.

2226 2683 2420 2758 Τροφὴ
2447 2685 2660 2741 καὶτοῦ
2688 2686 2981 2758 τρέφοντάς
3011 2688 3159 2743 ἐστιν
3195 2690 3229 2761 ἠ
3263 2688 3489 2755 δίδαξις.

2239 2777 2598 2850 Ἐπιτιμῆσαι
2619 2779 2891 2851 γαληνῶς,
2916 2781 3202 2834 ἐπαινέσαι
3223 2777 3613 2849 παιδευτικῶς,
3642 2783 3743 2836 καὶ

2162 2868 2460 2941 μηδέτερον
2489 2873 2555 2941 τῇ
2590 2870 2831 2942 ἀμετρίᾳ
2883 2869 3269 2943 λυμαίνεσθαι,
3315 2856 3452 2927 ἀλλά
3504 2873 3742 2944 ποιῆσαι

2159 2963 2260 3017 καὶ
2308 2963 2410 3033 τὴν
2472 2964 2791 3034 ἐπιτίμησιν
2853 2964 3158 3034 πατρικὴν,
3215 2965 3312 3018 καὶ
3365 2948 3460 3018 τὸν
3515 2964 3744 3020 ἔπαινον

2159 3055 2388 3127 ἀρχικόν
2410 3071 2424 3086 ο
2459 3055 2600 3127 μήτε
2644 3055 2706 3109 τὸ
2733 3055 2945 3128 ἁπαλὸν
2971 3056 3216 3123 ἔκλυτον,
3247 3058 3401 3128 ’μήτε
3434 3058 3638 3126 στύφον
3677 3058 3747 3110 τὸ

2161 3145 2436 3217 αὐστηρόν
2457 3163 2472 3179 ο
2500 3146 2642 3201 ἀλλὰ
2671 3147 2733 3201 τὸ
2767 3149 2868 3219 μὲν
2902 3148 3228 3219 ἐπιείκειαν,
3263 3150 3325 3204 τὸ
3355 3149 3412 3204 δὲ
3444 3151 3738 3221 φρόνησιν,

1251 3222 1286 3314 λι
1335 3255 1511 3311 altera
1556 3243 1826 3308 lenitatis,
1876 3239 2053 3294 altera
2083 3222 2126 3280 (ἶ
2160 3239 2256 3293 καὶ
2279 3237 2598 3309 φιλοσοφίαν
2631 3239 2940 3310 ἀμφότερα.

2152 3597 2182 3651 δ
2226 3502 2390 3558 Ὅσον
2419 3501 2481 3556 τὸ
2515 3500 2650 3572 ὕψος
2679 3501 2772 3556 καὶ
2798 3499 2862 3556 τδ
2886 3500 3130 3573 ἀξίωμα,
3151 3499 3410 3556 τοσοῦτον
3434 3503 3528 3557 καὶ
3549 3504 3579 3558 ό
3615 3505 3741 3560 κίν-

2185 3611 2327 3651 υνος.

2185 3611 2327 3660 υνος.

2225 3691 2290 3744 Οἱ
2325 3691 2510 3762 ἱερεῖς,
2540 3687 2836 3744 ἐνδύσασθε
2869 3687 3239 3759 δικαιοσύνην.
3281 3687 3378 3760 Μὴ
3407 3687 3745 3758 διασπείρω-

2159 3801 2262 3855 μεν
2304 3785 2377 3837 τά
2418 3781 2665 3855 πρόϐατα
2708 3782 2810 3853 τῆς
2857 3782 3114 3852 νομικῆς,
3163 3781 3260 3836 καὶ
3304 3781 3740 3852 διαφθείρωμεν,

2157 3876 2296 3946 ὑπὲρ
2329 3869 2404 3930 ὧν
2458 3874 2624 3945 ἔθηκε
2655 3873 2754 3945 rip}
2804 3874 2983 3944 ψυχὴν
3013 3874 3042 3926 ό
3074 3871 3284 3944 ποιμὴν
3305 3873 3334 3924 ὁ
3363 3873 3551 3938 καλὸς,
3579 3874 3609 3924 ό
3647 3889 3742 3941 γι-

2157 3968 2382 4023 νώσκων
2417 3969 2489 4022 τὰ
2517 3968 2647 4032 ἴδια,
2679 3967 2775 4019 καὶ
2817 3964 3228 4036 γινωσκόμενος
3260 3965 3366 4020 ὑπὸ
3408 3965 3519 4018 τῶν
3566 3965 3742 4030 ἰδίων,

2157 4061 2253 4115 καὶ
2286 4060 2469 4115 καλῶν
2498 4061 2617 4114 κατ’
2642 4059 2836 4131 ὄνομα,
2882 4059 2980 4112 καὶ
3025 4061 3270 4127 εἰσάγων
3296 4058 3438 4112 αὑτά
3457 4099 3473 4126 ,
3503 4056 3602 4112 καὶΙ
3650 4055 3745 4122 ἒξ-

2162 4155 2309 4222 άγων
2337 4153 2445 4208 ἀπό
2467 4169 2527 4205 τε
2550 4153 2809 4215 ἀπιστίας
2833 4154 2912 4215 είς
2941 4153 3148 4219 πίστιν,
3179 4151 3276 4203 καί
3317 4149 3425 4204 ἀπὸ
3459 4151 3558 4220 τῆς
3589 4148 3745 4219 ζωῆς

2158 4250 2364 4319 ταύτης
2398 4249 2480 4311 είς
2519 4246 2619 4317 τὴν
2675 4245 2891 4299 ἐκεῖθεν
2913 4244 3227 4299 ἀνάπαυσιν
3247 4259 3262 4274 ο
3296 4241 3629 4313 φοϐηθῶμεν
3664 4242 3746 4312 μὴ

2158 4340 2254 4412 ἀφ’
2285 4340 2447 4413 ἡμῶν
2492 4341 2728 4413 ἄρξηται
2757 4340 2818 4393 τὸ
2861 4340 3036 4410 κρίμα
3085 4337 3180 4392 καὶ
3227 4337 3327 4408 τὴν
3360 4335 3626 4407 ἀπειλήνο
3664 4335 3748 4407 μὴ

2159 4431 2414 4504 λάϐωμεν
2443 4434 2508 4486 ὲκ
2536 4431 2719 4504 χειρὸς
2751 4430 2959 4501 Κυρίου
3005 4429 3171 4482 διπλᾶ
3217 4430 3286 4483 τὰ
3332 4429 3745 4499 ἁμαρτήματα,

2158 4525 2312 4579 αὐτοί
2349 4542 2410 4580 τε
2450 4525 2552 4579 οὐκ
2585 4525 2892 4597 εἰσιόντες,
2917 4524 3012 4578 καὶ
3042 4521 3171 4586 τοὺς
3200 4519 3465 4575 εἰσελθεῖν
3504 4518 3749 4590 δυναμέ-

2155 4640 2281 4687 νους
2306 4619 2629 4697 κωλύοντες.
2697 4621 2703 4628 “

2227 4713 2310 4769 Τὰ
2335 4713 2608 4785 πρόϐατα,
2641 4709 2719 4784 μὴ
2755 4709 3078 4784 ποιμαίνετε
3111 4709 3238 4772 τοὺς
3281 4705 3573 4778 ποιμένας,
3607 4705 3746 4776 μηδὲ

2154 4810 2297 4882 ὑπὲρ
2316 4811 2444 4874 τοὺς
2465 4809 2673 4863 ἑαυτῶν
2696 4809 2858 4878 ὅρους
2881 4802 3199 4876 ἐπαίρεσθε.
3235 4803 3424 4873 Ἀρκεῖ
3453 4799 3563 4871 γὰρ
3611 4799 3747 4868 ὑμῖν

2156 4905 2224 4959 ἂν
2257 4903 2442 4966 καλῶς
2494 4900 2889 4972 ποιμαίνησθε.
2930 4898 3025 4967 Μὴ
3075 4896 3294 4967 κρίνετε
3335 4895 3463 4956 τοὺς
3514 4892 3743 4960 κριτὰς,

2159 4996 2299 5067 μηδὲ
2346 4993 2676 5065 νομοθετῆτε
2708 4995 2822 5056 τοῖς
2857 4989 3215 5067 νομοθέταις.
3249 4987 3322 5041 Ού
3371 4984 3484 5056 γάρ
3527 4985 3682 5038 ἐστιν
3715 4983 3745 5034 ό

2154 5066 2288 5154 Geo;
2333 5085 2748 5150 ἀκαταστασίας
2789 5085 2888 5140 καὶ⁵
2927 5080 3183 5149 ἀταξίας,
3211 5066 3332 5136 ’ἀλλ’
3380 5079 3614 5150 είρήνης
3648 5078 3746 5131 καὶ

2153 5183 2382 5250 τάξεως.

2228 5280 2341 5335 Καὶ
2365 5277 2648 5351 ὀφθαλμὸς
2677 5274 2967 5333 παιδευτοῦ
2993 5271 3261 5328 σιωπῶσα
3287 5269 3635 5324 διδασκαλία.

2228 5373 2398 5426 Ὅσον
2444 5370 2714 5442 κρείττων
2738 5371 2775 5440 ἡ
2819 5367 2965 5438 ψυχὴ
3003 5365 3101 5420 τοῦ
3165 5365 3441 5436 σώματος,
3496 5361 3744 5433 τοσούτῳ

2154 5465 2488 5538 τιμιώτερος
2545 5461 2654 5518 τῶν
2703 5461 2775 5516 τά
2815 5460 3047 5531 σώματα
3099 5457 3518 5530 θεραπευόντων
3553 5457 3585 5510 ὁ
3639 5455 3744 5518 τὰς

2153 5558 2332 5632 ψυχὰς
2360 5556 2676 5629 ἐξιώμενος.
3265 5593 3274 5596 -

2227 5651 2499 5708 Τοσοῦτον
2531 5649 2808 5721 ἀνώτερον
2848 5645 3129 5719 βασιλείας
3165 5644 3398 5714 ἕστηκεν
3438 5638 3741 5714 ἱερωσύνη,

2154 5745 2278 5798 ὅσον
2314 5741 2626 5815 πνεύματος
2651 5740 2748 5795 καὶ
2776 5737 2981 5808 σαρκὸς
3010 5737 3072 5792 τὸ
3104 5736 3292 5807 μέσον.
