4028 6398
258 404 403 473 1545

1525 410 1766 472 SACRA
1802 409 1889 470 PA
1899 408 2269 469 BALLELA.

3360 462 3371 483 ι
3417 410 3552 477 1546

324 522 403 574 ού
435 521 543 589 γὰρ
571 519 688 573 ἔστι
726 519 795 574 τὰ
820 519 935 574 τῶν
966 520 1158 592 ίερέων
1201 522 1544 593 κρύπτεσθαι
1597 523 1838 578 ὲλαττώ-

2018 515 2163 571 Ibid.
2199 544 2269 557 —-
2300 513 2444 573 Fieri
2491 532 2602 573 non
2658 524 2841 589 potest
2894 525 2957 573 ut
3007 510 3363 577 sacerdotum
3418 525 3552 580 vitia

251 626 424 679 ματα,
457 609 594 665 ἀλλὰ
629 613 721 668 καὶ
747 610 819 666 τὰ
846 614 1190 684 σμικρότατα
1210 614 1425 685 ταχέως
1456 616 1737 688 κατάδηλα
1769 613 1850 685 γίν

235 700 417 744 νεται,

325 818 404 872 Οὐ
433 818 540 890 χρὴ
568 820 673 891 τὴν
706 817 924 873 σύνεσιν
948 817 1139 891 ἡλικίᾳ
1183 820 1411 891 κρίνειν,
1442 821 1565 876 οὐδὲ
1594 821 1688 875 τὸν
1711 838 1851 890 πρευτ

257 909 463 981 σϐύτην
490 910 600 964 ἀπὸ
643 910 746 981 τῆς
790 910 985 975 πολιᾶς
1022 910 1364 983 δοκιμάζειν,
1409 913 1533 967 οὐδὲ
1580 914 1673 968 τὸν
1728 914 1849 968 νέον

254 999 478 1064 πάντως
510 1000 802 1070 ἀπείργειν
829 1000 928 1071 τῆς
950 1001 1212 1071 τοιαύτης
1247 1001 1551 1068 διακονίας,
1583 1004 1723 1060 ἀλλὰ
1757 1005 1850 1059 τὸν

253 1089 535 1159 νεόφυτον.
567 1090 711 1145 Πολὺ
731 1090 788 1145 δὲ
819 1092 1147 1163 ἀμφοτέρων
1173 1092 1234 1147 τὸ
1267 1093 1455 1165 μέσον.

322 1289 388 1343 Oi
421 1287 611 1343 πολλοὶ
656 1290 787 1344 ὅταν
836 1291 962 1346 τινὰ
1010 1291 1164 1346 ῐδωσι
1194 1294 1497 1366 χρημάτων
1530 1295 1847 1367 κρείττονα,

250 1380 457 1444 εὐθέως
483 1381 649 1435 αὐτὸν
674 1383 987 1454 ἐπιτήδειον
1010 1382 1154 1439 εἶναι
1189 1386 1330 1455 πρὸς
1362 1386 1574 1459 ταύτην
1608 1390 1849 1461 ἀποφαί-

254 1490 436 1528 νονται
479 1475 817 1545 οἰκονομίαν.
866 1475 929 1531 '0
966 1476 1212 1541 τοιοῦτος
1242 1477 1463 1551 λυμεὼν
1490 1481 1558 1536 ἂν
1592 1482 1679 1553 εἴη
1712 1501 1849 1556 προ-

252 1565 480 1655 στατης,
510 1566 604 1620 καὶ
631 1564 798 1629 λύκος
818 1567 944 1621 ἀντὶ
985 1569 1268 1638 ποιμένος.

318 1761 531 1833 Μηδεὶς
558 1760 698 1832 μήτε
730 1760 849 1815 νέον
890 1762 1176 1838 διαϐάλλῃ,
1208 1767 1348 1838 μήτε
1395 1769 1629 1841 γέροντα
1662 1773 1844 1841 ἐγκω-

1953 607 2192 663 obscura
2220 606 2364 673 sint;
2393 622 2587 663 verum
2613 616 2666 664 et
2696 608 2979 665 levissima
3011 624 3233 681 quoque
3261 613 3450 669 statim
3496 619 3552 669 t'n

1953 707 2203 769 apertum
2228 696 2618 769 proferuntur.

2023 807 2215 879 Ejusd.
2241 839 2315 851 —
2340 811 2533 882 Neque
2565 810 2914 882 prudentiam
2946 821 3108 870 aetate
3135 814 3342 882 metiri,
3369 830 3556 888 neque

1952 917 2138 959 senem
2169 918 2237 959 ex
2264 905 2471 960 canitie
2512 905 2752 974 probare
2784 906 3069 974 convenit,
3101 923 3206 964 nec
3236 923 3437 964 rursus
3459 910 3555 977 ju-

1952 1008 2145 1050 venem
2180 997 2252 1050 ab
2283 996 2672 1052 ecclesiastico
2704 996 3019 1054 ministerio
3074 999 3424 1065 submovere,
3454 1001 3554 1056 sed

1951 1085 2313 1157 ne0phytum.
2375 1084 2524 1143 Inter
2586 1098 2887 1161 utrumque
2949 1104 3118 1161 porro
3173 1092 3409 1162 multum
3466 1102 3555 1149 est

1951 1176 2317 1233 discriminis.

2023 1288 2223 1359 Ejusd.
2250 1322 2319 1332 —-
2340 1290 2497 1347 Multi
2533 1300 2665 1348 sunt
2689 1295 2782 1363 qui
2814 1295 2980 1351 simul
3013 1303 3180 1365 atque
3213 1297 3457 1368 aliquem
3483 1301 3551 1354 ab

1952 1383 2153 1452 opibus
2175 1382 2567 1441 abhorrentem
2591 1384 2853 1453 viderint,
2880 1389 3139 1460 protinus
3176 1407 3300 1447 eum
3327 1392 3398 1447 ad
3448 1394 3554 1448 ltu-

1946 1474 2191 1546 jusntodi
2226 1491 2432 1533 munus
2466 1477 2785 1536 obeundum
2811 1480 3072 1537 idoneum
3097 1494 3350 1540 censent.
3385 1485 3554 1557 Atqui

1951 1567 2067 1623 ﬁeri
2124 1576 2305 1639 potest
2338 1577 2398 1624 ut
2443 1569 2491 1627 is
2541 1572 2812 1641 pestilens
2848 1574 3087 1629 antistes
3126 1574 3222 1644 sit,
3256 1590 3322 1632 ac
3365 1577 3551 1647 lupus,

1951 1669 2059 1709 non
2100 1664 2310 1726 pastor.

2023 1769 2302 1842 Ejusdem,
2357 1785 2495 1829 orat.
2550 1777 2574 1831 i
2628 1777 2682 1832 in
2736 1774 2888 1835 Pani.
2922 1795 2973 1833 ι..
3016 1779 3225 1836 —Nec
3282 1783 3547 1852 juvenem

253 1853 448 1924 μιάςῃ.
486 1852 623 1906 Οὔτε
649 1852 760 1924 γὰρ
795 1854 1018 1925 ἠπολιὰ
1052 1857 1247 1931 ἀρετὴ,
1279 1858 1407 1914 οὕτε
1441 1862 1474 1933 ἡ
1510 1863 1699 1935 νεότης
1744 1884 1843 1920 κα-

1954 1863 2244 1935 quisquam
2278 1867 2630 1933 criminetur,
2684 1883 2789 1925 uec
2828 1885 3015 1925 senem
3048 1871 3306 1929 laudibus
3336 1871 3548 1929 eﬁ‘erat.

251 1945 364 1998 κία.
395 1945 589 2000 Πολλοὶ
618 1947 715 2002 καὶ
745 1949 803 2004 ἐν
827 1948 1043 2020 νεότητι
1085 1951 1408 2021 φιλοσοφίαν
1442 1955 1801 2022 ύπεδείξαντο
1828 1977 1842 1991 ο

250 2035 441 2091 πολλοὶ
467 2039 563 2093 καὶ
597 2038 707 2111 γὰρ
741 2042 800 2094 ὲν
825 2043 985 2113 γήρει
1033 2042 1540 2117 ύπεσκελίσθησαν.
1574 2049 1687 2103 Kal
1735 2051 1845 2125 γὰρ

250 2128 298 2179 οἱ
329 2130 483 2197 τρεῖς
508 2129 697 2193 παῖδες
735 2131 794 2183 ὲν
823 2132 890 2202 τῇ
925 2132 1142 2203 καμίνῳ
1192 2128 1357 2206 ἦσαν,
1411 2137 1506 2190 καὶ
1536 2136 1636 2210 τὴν
1668 2140 1846 2210 φλόγα

250 2221 444 2294 δρόσον
482 2225 843 2295 εἰργάσαντο·
893 2228 988 2281 καὶ
1015 2230 1219 2302 Δανιὴλ
1270 2231 1615 2307 δωδεκαέτης
1646 2234 1744 2302 ὣν,
1767 2237 1847 2309 τῷ

249 2317 413 2389 δήμῳ
439 2318 518 2390 τῷ
553 2318 831 2391 Ἐϐραῖκῷ
863 2319 1159 2390 διελέγετο,
1194 2322 1290 2377 καὶ
1317 2326 1445 2389 τοὺς
1473 2326 1696 2394 λέοντας
1718 2331 1849 2402 πρό-

251 2408 397 2463 ϐατα
421 2410 682 2484 ἐποίησεν
703 2429 719 2446 ο
750 2412 813 2467 ού
840 2412 940 2484 τὴν
966 2414 1131 2483 φύσιν
1171 2415 1521 2486 μεταϐαλὼν,
1562 2418 1703 2474 ἀλλὰ
1746 2421 1845 2494 τὴν

251 2501 549 2574 θηριωδίαν
575 2505 757 2560 αὐτῶν
797 2509 864 2580 τῇ
900 2508 1083 2563 πίστει
1115 2507 1447 2582 χαλινώσας.
1486 2512 1596 2565 Kal
1631 2513 1846 2579 Παῦλος

249 2599 585 2671 γεγηρακὼς
637 2596 707 2674 ἦν
751 2602 846 2655 καὶ
897 2603 1335 2673 πεπολιωμένος,
1385 2604 1481 2658 καὶ
1542 2606 1846 2676 σκυλευτὴς

249 2691 445 2760 γέγονε
492 2692 606 2748 τῶν
662 2693 1029 2765 Ἐκκλησιῶν.
1067 2696 1178 2749 Καὶ
1229 2696 1371 2766 μετὰ
1414 2698 1590 2752 ταῦτα
1619 2700 1682 2754 τὸ
1713 2701 1846 2774 βρα-

249 2785 398 2840 ϐεῖον
424 2786 526 2856 τῆς
570 2785 811 2851 πίστεως
855 2787 1131 2859 ἥρπασεν,
1174 2789 1269 2842 καὶ
1313 2788 1587 2860 πρόϐατον
1620 2792 1845 2861 γέγονεν

249 2874 617 2945 ἁγαθότητος,
651 2876 748 2931 καὶ
772 2876 972 2948 κήρυξ,
1012 2877 1108 2932 καὶ
1139 2875 1464 2943 ἀπόστολος.
1502 2880 1595 2953 Μὴ
1625 2880 1718 2937 οὖν
1753 2883 1845 2937 τὸν

249 2967 372 3022 νέον
402 2967 682 3033 διάϐαλλε,
710 2968 846 3040 μηδὲ
868 2969 961 3022 τὸν
979 2970 1338 3041 γεγηρακότα
1368 2971 1600 3025 ἐπαίνει.
1633 2973 1710 3027 Ού
1738 2972 1847 3047 γὰρ

248 3063 305 3116 ὲν
333 3062 407 3133 τῇ
435 3061 675 3134 διαφορᾷ
698 3064 797 3133 τῆς
827 3062 1049 3133 ἡλικίας
1075 3063 1251 3134 ἁρετὴ
1282 3064 1377 3118 καὶ
1404 3065 1595 3132 κακία,
1627 3066 1766 3122 ἀλλὰ
1788 3070 1845 3121 ὲν

247 3157 311 3226 τῇ
351 3154 588 3229 διαφορᾷ
615 3154 717 3226 τῆς
743 3154 995 3228 γνώμης.
1025 3156 1148 3210 Κᾶν
1178 3152 1244 3231 ᾗς
1279 3157 1564 3229 νηφάλιος,
1593 3160 1749 3216 οὐδέν
1780 3178 1843 3214 σε

1948 1953 2141 2026 Neque
2183 1956 2333 2012 enim
2390 1958 2627 2013 canities
2658 1958 2836 2015 virtus
2867 1965 2976 2023 est,
3013 1974 3115 2015 nec
3161 1960 3429 2030 juventus
3468 1963 3552 2016 vi-

1951 2045 2110 2101 tium.
2164 2045 2318 2100 Multi
2361 2047 2528 2102 etiam
2583 2047 2640 2103 in
2677 2047 2911 2118 juvenili
2958 2056 3118 2106 atate
3179 2050 3550 2122 philosophiae

1948 2136 2282 2194 documenta
2314 2139 2709 2211 praebuerunt;
2771 2141 2931 2195 multi
2985 2140 3180 2198 itidem
3223 2142 3283 2198 in
3321 2153 3548 2200 senecta

1948 2232 2193 2303 prolapsi
2254 2239 2407 2288 sunt.
2471 2232 2768 2289 Enimvero
2814 2243 2930 2289 tres
2992 2235 3148 2303 pueri
3204 2235 3262 2290 in
3319 2235 3550 2294 fornace

1947 2332 2128 2388 erant,
2161 2332 2217 2381 et
2244 2324 2518 2380 ﬂammam
2564 2326 2619 2381 in
2664 2340 2845 2381 rorem
2890 2335 3304 2384 converterunt.
3344 2329 3411 2384 Et
3441 2329 3550 2385 Da-

1949 2416 2059 2471 niel
2097 2417 2427 2473 duodecimo
2449 2419 2630 2474 aetatis
2663 2434 2811 2474 anno
2841 2419 2909 2475 ad
2945 2420 3209 2492 populum
3253 2421 3549 2479 Hebraeum

1948 2504 2272 2560 concionem
2310 2506 2577 2574 habebat;
2604 2508 2736 2576 quin
2766 2520 2817 2564 et
2846 2524 2911 2564 ex
2937 2509 3192 2568 leonibus
3225 2526 3357 2568 oves
3387 2512 3552 2569 facie-

1949 2595 2041 2651 bat
2077 2614 2090 2649 :
2128 2611 2238 2651 non
2270 2597 2492 2667 quidem
2529 2606 2727 2653 natura
2773 2614 2966 2656 eorum
3000 2611 3234 2668 mutata,
3286 2605 3382 2660 sed
3414 2604 3549 2661 feri-

1948 2693 2059 2740 tate
2084 2684 2241 2741 freno
2261 2687 2386 2742 ﬁdei
2411 2703 2754 2759 compressa.
2776 2689 2842 2743 Et
2870 2690 3077 2748 Paulus
3102 2708 3273 2749 senex
3297 2702 3351 2748 et
3373 2710 3549 2750 canus

1948 2792 2073 2833 cum
2141 2788 2322 2845 esset,
2385 2779 2665 2838 Ecclesias
2721 2783 3133 2854 populabatur;
3190 2787 3546 2857 postmodum

1949 2883 2081 2923 vero
2107 2869 2230 2926 ﬁdei
2255 2870 2494 2942 palmam
2522 2872 2729 2943 rapuit,
2769 2883 2934 2945 atque
2962 2877 3084 2932 ovis
3120 2877 3286 2945 bona,
3315 2885 3371 2934 et
3408 2894 3549 2949 prm-

1949 2977 2036 3027 co,
2070 2970 2126 3018 et
2155 2964 2439 3035 apostolus
2472 2965 2705 3021 exstitit.
2731 2965 2864 3033 Qua:
2897 2982 3023 3024 cum
3053 2969 3127 3024 ita
3158 2971 3296 3039 sint,
3326 2986 3435 3029 non
3465 2980 3550 3029 est

1950 3068 2051 3110 cur
2080 3056 2165 3111 vel
2207 3055 2468 3127 juvenem
2526 3059 2816 3130 suggilles,
2874 3062 2960 3117 vel
3008 3077 3196 3119 senem
3255 3064 3546 3136 praedices.

1947 3145 2140 3218 Neque
2167 3149 2316 3204 enim
2347 3151 2401 3205 in
2435 3152 2612 3207 aetatis
2665 3152 2976 3210 differentia
3009 3156 3190 3213 virtus
3217 3164 3292 3213 'et
3329 3158 3547 3222 vitium.

248 3247 597 3318 καταϐλάψει
618 3247 679 3300 τὸ
712 3248 891 3319 ἄωρον
923 3249 1023 3319 τῆς
1052 3249 1271 3321 ἡλικίας
1294 3265 1307 3279 ⁸
1342 3249 1446 3305 κᾶν
1467 3246 1534 3325 ᾖς
1570 3252 1836 3325 ῥᾴθυμος,

1954 3239 2042 3294 sed
2073 3239 2130 3294 in
2154 3241 2357 3296 mentis
2376 3240 2542 3314 514
2554 3249 2609 3297 et
2643 3258 2844 3301 sensus
2866 3245 3189 3304 discrimine
3213 3249 3549 3305 consistunt.

247 3340 408 3394 οὐδέν
446 3357 505 3393 σε
534 3339 808 3412 ὠφελήσει
848 3340 911 3394 τὸ
945 3342 1142 3413 γῆρας.
1195 3341 1367 3397 Πολιὰ
1395 3343 1505 3415 γὰρ
1538 3345 1600 3398 οὐ
1658 3345 1847 3416 τρίχες

248 3434 466 3499 λευκαὶ,
517 3433 656 3489 ἀλλὰ
703 3433 885 3505 ψυχῆς
938 3434 1135 3506 ἀρετή.
1186 3428 1358 3498 Οὗτος
1404 3436 1587 3490 τοίνυν
1627 3436 1656 3490 6
1681 3437 1846 3491 Aa6‘t6

248 3528 372 3592 νέος
396 3526 496 3595 ὣν,
528 3526 738 3600 ὥριμον
776 3528 869 3582 τὸν
911 3528 1120 3600 καρπὸν
1149 3528 1251 3598 τῆς
1297 3529 1505 3600 ἀρετῆς
1557 3530 1842 3602 ἐκέκτητο.

247 3614 459 3674 Ἦλθεν
490 3623 519 3673 ὁ
539 3618 794 3691 Σαμουὴλ
824 3619 964 3691 πρὸς
992 3618 1085 3673 τὸν
1128 3619 1350 3685 Ἰεσσαὶ,
1389 3620 1528 3692 ἔχων
1568 3621 1630 3674 τδ
1651 3621 1842 3694 κέρας,

250 3715 386 3768 ἔνθα
405 3715 469 3768 τὸ
500 3713 682 3767 ἔλαιον
709 3708 779 3782 ἦν
811 3711 874 3765 τὸ
896 3712 1074 3781 ἅγιον.
1115 3713 1226 3768 Kal
1254 3712 1309 3765 τί
1349 3729 1552 3783 φησιν;
1589 3713 1846 3786 Ἔπεμψέ

253 3822 321 3877 με
364 3805 394 3857 6
434 3804 567 3869 Θεὸς
604 3803 829 3875 ποιῆσαι
867 3802 1095 3875 βασιλέα
1137 3803 1250 3858 τῶν
1308 3804 1442 3857 υἱῶν
1481 3821 1576 3858 σου
1624 3804 1741 3860 ἕνα.
1787 3803 1845 3858 '0

262 3897 468 3952 Ἰεσσαὶ
484 3898 728 3961 ἀκούσας
755 3895 1006 3967 βασιλέα,
1035 3896 1267 3968 νομίσας
1307 3896 1505 3968 ἐκείνῳ
1536 3898 1845 3968 ἐπιτήδειον

250 3986 395 4046 εἶναι
434 3989 495 4043 τὸ
520 3989 762 4061 ἀξίωμα,
804 3989 928 4060 ἄγει
956 3990 1048 4045 τὸν
1082 3991 1302 4060 πρῶτον
1330 3990 1467 4056 υἱον,
1493 3989 1589 4044 καί
1623 4006 1790 4061 φησιν
1815 3992 1845 4044 6

251 4083 571 4154 προφήτης’
619 4082 846 4154 Πάραγε
890 4079 1076 4144 αὐτὸν,
1124 4081 1225 4134 οὐκ
1274 4079 1581 4151 ηὐδόκησεν
1627 4080 1656 4132 6
1709 4080 1845 4143 Θεὸς

251 4177 308 4228 ὲν
340 4173 517 4245 αὐτῷ.
561 4174 723 4242 ’Δγει
750 4173 842 4227 τδν
866 4171 1125 4245 δεύτερον
1156 4187 1171 4203 ·
1212 4171 1337 4226 οὐδὲ
1375 4166 1553 4235 οὗτος.
1584 4172 1689 4226 Τὸν
1721 4171 1843 4244 τρία

248 4283 344 4324 τον
372 4285 386 4299 ο
419 4267 544 4321 οὐδὲ
572 4261 760 4328 οὗτος*
792 4265 885 4320 τὸν
923 4265 1208 4338 τέταρτον,
1261 4264 1352 4318 τὸν
1398 4263 1671 4335 πέμπτον.
1722 4264 1844 4317 Ἀν-

253 4359 443 4433 ηλώθη
480 4359 510 4412 6
538 4357 698 4431 χορδς
739 4356 849 4411 τῶν
891 4356 1122 4421 παίδων,
1155 4355 1250 4410 καὶ
1295 4356 1324 4408 6
1368 4355 1702 4427 ζητούμενος
1745 4356 1843 4427 οὐχ

248 4452 571 4522 ηὑρίσκετο.
627 4447 794 4517 Λέγει
832 4447 985 4519 αύτῷ
1007 4464 1021 4478 ·
1068 4447 1258 4518 Ἔχεις
1301 4446 1503 4514 mw;
1535 4447 1781 4519 ᾐσχύνθη
1815 4448 1845 4501 6

251 4545 442 4615 πατήρ
469 4558 484 4574 ⁸
521 4543 672 4614 Ἐχω
726 4541 846 4605 ἕνα,
897 4540 1085 4612 φησὶν,
1124 4538 1345 4612 μικρὸν,
1386 4538 1616 4610 εύτελῆ’
1687 4538 1844 4610 βασι-

248 4636 346 4692 λέα
383 4637 590 4707 ζητεῖς,
644 4633 863 4706 μικρὸν,
903 4633 1119 4703 εὐτελῆ,
1173 4630 1432 4701 ποιμένα.
1492 4629 1838 4703 Ἄνθρωπος,

1946 3328 2025 3386 Ac
2056 3331 2308 3401 proinde,
2332 3347 2435 3388 nec
2472 3335 2519 3388 si
2552 3334 2776 3391 sobrius
2798 3346 2852 3391 et
2874 3337 3119 3408 prudens
3152 3328 3348 3407 fueris’,
3383 3339 3545 3410 quid~

1947 3442 2116 3498 quam
2157 3426 2258 3482 tibi
2306 3427 2620 3484 detrimenti
2665 3440 3002 3501 praematura
3053 3439 3191 3487 aetas
3249 3432 3543 3497 attulerit;

1950 3532 2050 3576 nec
2078 3520 2123 3575 si
2155 3520 2343 3592 segnis
2367 3519 2715 3593 ignarusque
2749 3522 2851 3590 sis,
2875 3524 3176 3595 quidquam
3205 3532 3260 3581 te
3284 3535 3545 3582 senectus

1943 3611 2179 3682 juvabit.
2216 3613 2490 3670 Senectus
2529 3614 2675 3670 enim
2703 3631 2815 3672 non
2845 3617 2896 3671 in
2938 3616 3172 3672 crinium
3205 3618 3427 3687 canitie,
3447 3620 3544 3674 sed

1948 3703 2005 3758 in
2042 3703 2211 3760 animi
2245 3703 2454 3760 virtute
2480 3704 2586 3760 sita
2628 3714 2735 3761 est.
2772 3705 2866 3762 Sic
2904 3706 3167 3761 nimirum
3201 3706 3393 3775 David,
3415 3723 3543 3764 cum

1950 3796 2133 3852 adhuc
2185 3796 2411 3868 juvenis
2470 3807 2647 3862 esset,
2717 3807 3007 3854 maturum
3046 3799 3270 3855 virtutis
3302 3798 3545 3857 fructum

1950 3890 2287 3961 possidebat.
2328 3891 2493 3948 Venit
2532 3906 2699 3962 porro
2748 3890 2972 3948 Samuel
3023 3892 3095 3949 ad
3144 3891 3322 3959 Jesse,
3371 3908 3546 3949 cornu

1948 3991 2194 4055 gestans,
2226 3983 2282 4039 in
2309 3998 2422 4055 quo
2460 3994 2715 4039 sanctum
2744 3993 2895 4040 esset
2942 3984 3150 4041 oleum.
3180 3984 3246 4040 Et
3271 3985 3403 4056 quid
3431 3985 3550 4041 ait?

1951 4075 2104 4132 Misit
2133 4092 2221 4132 me
2266 4076 2412 4132 Deus
2451 4085 2512 4130 ut
2546 4090 2718 4131 unum
2751 4093 2781 4131 e
2812 4078 2926 4132 tuis
2963 4077 3092 4131 ﬁliis
3130 4080 3314 4148 regem
3346 4076 3545 4131 faciam

1948 4166 2075 4238 (οἷν.
2102 4166 2127 4221 1
2158 4166 2283 4239 Reg.
2310 4167 2445 4232 xvi).
2478 4166 2683 4221 Audito
2705 4164 2861 4222 Jesse
2891 4167 3037 4237 regis
3079 4166 3321 4233 nomine,
3360 4165 3532 4222 ﬁlium

1948 4268 2079 4314 natu
2111 4257 2410 4312 maximum
2461 4256 2704 4317 adducit,
2751 4256 3055 4312 arbitratus
3087 4270 3213 4311 eum
3250 4256 3317 4310 ad
3352 4254 3545 4325 hujus-

1949 4348 2097 4403 modi
2150 4345 2474 4419 dignitatem
2537 4344 2802 4400 idoneum
2835 4360 2981 4401 esse.
3044 4344 3327 4417 Propheta
3361 4360 3541 4400 vero:

1951 4440 2160 4495 Amove
2214 4439 2402 4507 hunc;
2466 4455 2580 4496 non
2647 4450 2908 4514 acceptus
2968 4449 3056 4498 est
3122 4441 3376 4497 Domino.
3431 4439 3545 4494 Ad-

1953 4531 2109 4587 ducit
2147 4531 2240 4588 ille
2290 4532 2637 4601 secundum;
2674 4542 2732 4589 at
2778 4549 2881 4592 nec
2912 4536 3019 4590 iste
3062 4534 3253 4590 etiam.
3296 4532 3544 4589 Tertium

1951 4623 2197 4690 adducit,
2230 4639 2335 4681 nec
2362 4625 2410 4680 is
2441 4640 2661 4697 quoque
2699 4636 2855 4693 erat;
2904 4635 3022 4681 tum
3062 4635 3344 4696 quartum,
3387 4624 3548 4695 quiu-

249 4728 548 4797 ὲξουθενεῐ,
576 4726 694 4781 ἀλλ’
721 4729 751 4781 6
781 4725 918 4789 Θεὸς
953 4726 1229 4793 στεφανοῖ.
1257 4724 1342 4778 Οὐ
1370 4720 1480 4803 γηᾲρ
1512 4722 1594 4788 ὡς
1627 4722 1839 4791 ὄψεται

1954 4723 2058 4769 tum
2078 4732 2093 4783 ;
2117 4715 2344 4787 jamque
2377 4716 2616 4772 ﬁliorum
2650 4718 2855 4774 chorus
2886 4723 3255 4788 consumptus
3281 4723 3423 4782 erat,
3441 4730 3546 4770 nec

250 4822 583 4891 ἄνθρωπος,
597 4819 811 4890 ὄψεται
833 4820 998 4886 Θεό).
1020 4819 1367 4886 Ἀνθρωπος
1384 4817 1471 4882 είς
1489 4815 1839 4884 πρόσωπον,

1954 4815 2129 4863 tamen
2169 4807 2556 4867 inveniebatur
2588 4809 2681 4865 ille
2711 4810 2808 4882 qui
2851 4810 3226 4882 quterebatur.
3254 4808 3405 4863 Dixit
3440 4808 3545 4862 ita-

249 4915 399 4983 Θεὸς
424 4914 494 4970 δὲ
521 4918 610 4981 είς
641 4912 922 4982 καρδίαν.
943 4910 1039 4985 Μὴ
1068 4910 1178 4983 γὰρ
1219 4908 1598 4980 πολυσαρκίαν
1646 4906 1843 4980 ζητοῦ·

1954 4914 2055 4970 que
2111 4897 2335 4956 Samuel
2390 4919 2404 4956 :
2448 4899 2726 4957 Nullusne
2784 4908 3048 4972 praeterea
3091 4899 3190 4954 tibi
3243 4898 3393 4954 ﬁlius
3424 4897 3546 4954 est!

250 5024 375 5078 μεν,
400 5005 583 5077 ψυχῆς
612 5004 894 5073 εὐγένειαν
926 4999 1333 5078 ἐπιθυμοῦμεν.
1426 5048 1429 5061 π

1954 4990 2161 5047 Pudore
2221 4990 2470 5049 suﬁ‘usus
2524 5001 2725 5064 pater:
2760 4990 2940 5048 Unum
3003 4991 3299 5063 parvulum
3358 4998 3416 5046 et
3461 4990 3544 5044 vi-

246 5074 355 5155 lem
404 5074 617 5164 habeo,
673 5097 853 5168 inquit
909 5114 924 5151 :
973 5074 1169 5157 verum
1231 5107 1416 5166 regem
1472 5090 1701 5163 quaeris,
1754 5088 1802 5145 is
1856 5094 2040 5143 autem
2100 5085 2229 5142 vilis
2294 5096 2380 5144 est
2434 5088 2626 5158 opilio.
2682 5087 2860 5142 Homo
2907 5084 3221 5156 vilipendit,
3275 5091 3333 5139 at
3396 5083 3542 5139 Deus

245 5201 500 5250 coronat.
531 5189 659 5246 Non
686 5192 827 5247 enim
853 5198 911 5244 ut
964 5188 1100 5245 videt
1157 5186 1333 5253 homo,
1363 5187 1442 5243 sic
1482 5185 1622 5242 videt
1664 5183 1829 5239 Deus.
1860 5180 2033 5237 Homo
2073 5180 2261 5251 quippe
2294 5180 2434 5237 videt
2472 5181 2528 5235 in
2584 5181 2824 5250 faciem:
2863 5177 3006 5234 Deus
3073 5186 3253 5234 autem
3292 5178 3531 5234 intuetur

245 5306 341 5345 cor
375 5287 430 5360 (1
461 5287 594 5359 Reg.
623 5302 741 5357 xvt,
769 5286 850 5357 '1).
894 5281 1018 5347 Non
1062 5280 1211 5338 enim
1277 5279 1607 5336 obesitatem
1662 5275 1987 5348 quaerimus,
2041 5275 2138 5332 sed
2166 5272 2337 5329 animi
2368 5272 2557 5344 potius
2579 5272 2952 5329 nobilitatem.
3500 5290 3507 5297 -

319 5406 512 5461 Βούλει
542 5405 759 5478 μαθεῖν,
813 5404 915 5475 ὅση
944 5401 1055 5457 τῶν
1090 5398 1292 5492 ἱερέων
1318 5397 1524 5468 ἐστὶνὴ
1558 5394 1794 5492 δύναμις
1820 5410 1836 5461 ;

2023 5394 2221 5466 Ejusd.
2246 5426 2318 5437 —
2350 5392 2447 5450 Vis
2479 5393 2626 5450 scire
2661 5399 2872 5466 quanta
2907 5389 3265 5448 sacerdotum
3303 5387 3548 5458 potentia

255 5501 545 5571 Ἐννόησον
606 5499 670 5553 τὸ
731 5498 1040 5569 βάπτισμα,
1093 5494 1202 5583 τῶν
1272 5488 1696 5583 ἁμαρτημόιτων
1741 5486 1841 5583 την

1954 5490 2057 5546 sit?
2084 5487 2424 5559 Baptismum
2465 5487 2701 5558 inspice,
2747 5494 3101 5558 peccatorum
3135 5481 3548 5543 remissionem,

244 5591 463 5661 ἄφεσιν,
488 5589 588 5662 τὴν
617 5589 916 5653 υἱοθεσίαν,
950 5587 1023 5639 τὰ
1068 5582 1243 5657 μυρία
1288 5580 1511 5676 ἀγαθὰ,Δ
1532 5579 1569 5634 θ.
1603 5579 1692 5633 διὰ
1737 5579 1842 5676 τῆς

1954 5580 2326 5651 adeptionem,
2354 5585 2617 5634 sexcenta
2652 5576 2892 5648 denique
2918 5575 3062 5632 bona
3092 5587 3217 5643 quae
3237 5586 3333 5642 per
3366 5575 3549 5641 impo-

243 5684 547 5748 ἒπιθέσεως
574 5683 685 5737 τῶν
707 5680 912 5753 χειρῶν
941 5680 1151 5735 τούτων
1173 5694 1260 5732 σοι
1293 5672 1705 5766 παραγίνεται,
1743 5672 1840 5726 καὶ

1954 5676 2205 5731 sitionem
2248 5686 2513 5727 manuum
2562 5671 2833 5742 ipsorum,
2885 5680 2941 5727 et
2983 5685 3082 5741 per
3140 5668 3549 5737 invocationem

245 5776 335 5831 διὰ
364 5777 467 5847 τῆς
489 5775 966 5845 ἐπικλήσεωςτῆς
993 5772 1105 5827 ὑπὸ
1139 5770 1350 5826 τούτων
1382 5783 1467 5820 σοι
1514 5765 1834 5863 γινομένης.

1954 5781 2112 5839 quam
2145 5772 2236 5820 tua
2273 5779 2442 5821 causa
2501 5762 2740 5827 faciunt,
2774 5761 2872 5818 tibi
2925 5763 3275 5832 contingunt.
3313 5758 3383 5812 At
3418 5758 3550 5825 quia

259 5870 399 5925 Ἀλλ’
457 5869 648 5941 ἐπειδὴ
692 5867 957 5940 ῥαθύμως
1007 5866 1191 5931 αὐτοῖς
1252 5858 1701 5936 προσερχόμεθα,
1744 5861 1839 5915 καὶ

1954 5858 2295 5930 negligenter
2328 5857 2398 5915 ad
2432 5856 2606 5930 ipsos,
2635 5856 2942 5928 iguavoque
2972 5865 3025 5912 et
3066 5850 3324 5927 languido
3362 5850 3548 5905 animo

528 5969 804 6029 PATROL.
836 5966 959 6026 GR.
978 5962 1158 6025 XCV.

2013 6037 2027 6043 ἡ
3001 5945 3069 6009 49
