4028 6396
527 365 660 435 1547

1690 368 1750 427 S.
1791 367 2112 430 JOANNIS
2151 367 2582 432 DAMASCENI

3671 376 3692 439 Ῑ
3705 374 3810 442 548

521 485 862 549 accedimus,
911 489 1201 556 propterea
1250 479 1363 536 vita
1404 489 1592 538 nostra
1639 480 1890 538 funditus
1919 497 2085 538 evers:

2213 483 2552 555 ἠμελημένῳ
2588 483 2859 556 λογισμῷ,
2909 482 2998 539 διὰ
3033 483 3193 538 τοῦτο
3233 483 3382 545 ἄπας
3417 486 3445 540 6
3470 485 3589 558 βίος
3643 489 3806 561 ἡμῶν

517 584 622 630 est.

591 665 782 736 Εμιδᾱ.
815 672 956 721 orat.
983 665 1040 719 in
1075 664 1368 719 discessum
1403 665 1566 736 episc.
1595 694 1667 704 --
1695 663 1750 720 Si
1789 665 2102 737 patriarcha

511 757 707 825 Jacob,
737 773 862 814 cum
887 758 1143 830 gregibus
1180 769 1462 830 praeesset,
1501 766 1556 813 et
1603 757 1844 828 pecudes
1869 759 2104 814 rationis

509 859 760 920 expertes
782 860 1056 922 pasceret,
1084 865 1148 906 ac
1175 851 1376 907 rationi
1405 850 1697 907 reddendae
1722 849 1935 906 homini
1959 851 2102 906 dun-

510 951 665 998 taxat
720 943 997 999 obnoxius
1053 953 1242 1009 esset,
1309 951 1504 1000 noctes
1565 951 1750 998 tamen
1813 943 2101 999 insomnes

510 1034 870 1105 transigebat,
900 1042 1180 1104 aestusque
1205 1041 1262 1090 et
1285 1034 1525 1106 algorcs,
1551 1042 1606 1090 et
1631 1049 1826 1090 omnes
1851 1035 1976 1090 coeli
2011 1035 2098 1089 in-

503 1126 682 1196 jnrias
712 1125 945 1196 ferebat,
968 1143 1038 1185 ne
1064 1121 1195 1198 quid
1229 1127 1337 1184 sibi
1360 1142 1431 1184 ex
1461 1125 1573 1183 filis
1604 1128 1810 1198 periret
1837 1146 1850 1182 :
1888 1135 2099 1198 quanto

505 1223 682 1293 magis
715 1238 834 1290 nos,
857 1222 947 1293 qui
999 1237 1108 1277 non
1136 1220 1338 1288 brutis,
1371 1220 1465 1277 sed
1495 1219 1877 1291 spiritualibus
1900 1221 2097 1276 ovibus

505 1315 856 1383 przeﬁcimttr,
890 1329 991 1370 nec
1023 1313 1365 1380 hominibus,
1393 1313 1486 1369 sed
1522 1311 1631 1368 Deo
1671 1312 1938 1368 rationem
1967 1311 2096 1368 red-

502 1407 738 1463 dendam
773 1407 1070 1471 habemus,
1127 1406 1265 1461 nihil
1315 1405 1546 1461 omnino
1591 1405 1743 1476 quod
1795 1404 1865 1459 ad
1914 1405 2096 1476 gregis

502 1501 796 1556 utilitatem
827 1499 1100 1562 conferat,
1127 1497 1390 1570 defugere
1418 1512 1483 1552 ac
1504 1511 1768 1553 recusare
1785 1497 2049 1551 debemus
2076 1513 2089 1549 :

501 1596 592 1650 sed
647 1609 760 1665 quo
811 1609 947 1664 grex
999 1593 1104 1647 iste
1158 1592 1252 1646 illo
1301 1591 1502 1647 melior
1560 1596 1678 1654 est,
1727 1596 1782 1643 et
1839 1587 2093 1642 homines

499 1686 700 1751 brutis,
733 1699 797 1738 ac
830 1683 974 1739 Deus
1020 1681 1360 1747 hominibus,
1413 1679 1519 1736 hoc
1561 1694 1784 1751 quoque
1833 1679 2010 1746 majus
2038 1686 2093 1731 et

498 1777 879 1833 vehementius
937 1775 1180 1831 studium
1248 1782 1414 1845 atque
1465 1773 1807 1826 alacritatem
1870 1775 2090 1839 oportet

497 1871 775 1925 adhibere.

566 1961 710 2017 Ibid.
743 1994 815 2003 —
861 1959 1140 2030 Ejusmodi
1200 1965 1522 2014 sanctorum
1582 1954 1830 2010 virorum
1870 1952 2090 2010 viscera

495 2065 644 2120 sunt,
682 2055 964 2125 animique
1004 2053 1059 2107 in
1112 2052 1253 2105 ﬁlios
1304 2047 1626 2119 propensio,
1676 2054 1735 2101 ut
1771 2060 1897 2101 cum
1952 2045 2089 2116 ipsis

494 2150 631 2200 mori
673 2144 892 2200 dulcius
943 2158 1071 2201 esse
1130 2141 1392 2206 habeant,
1433 2155 1597 2211 quam
1654 2139 1774 2193 sine
1833 2135 1968 2207 ipsis
2009 2135 2091 2191 vi-

494 2257 640 2295 vere.

561 2333 738 2403 lguat.
767 2346 833 2387 ετ
859 2330 1016 2400 epist.
1053 2329 1122 2383 ad
1150 2327 1370 2398 Smyru.
1397 2355 1468 2367 —-
1505 2324 1716 2380 Omnes
1767 2323 2086 2393 episcopum

492 2426 812 2497 sequimini.
832 2433 892 2478 ut
915 2421 1076 2479 Jesus
1094 2420 1351 2476 Christus
1375 2418 1624 2483 Patrem;
1651 2413 2082 2488 presbyterium,

491 2529 550 2573 ut
595 2517 920 2590 apostolos;
972 2515 1241 2569 diaconos
1293 2518 1476 2566 autem
1514 2508 1843 2565 reveremini
1877 2516 1933 2562 ut
1990 2505 2085 2559 Dei

489 2609 810 2665 mandatum
848 2607 1110 2662 ferentes.
1160 2602 1358 2658 Nullus
1399 2603 1520 2658 sine
1559 2601 1820 2672 episcopo
1874 2591 2085 2676 aliquid

488 2710 750 2772 operetur
769 2715 962 2756 eorum
995 2712 1116 2768 qua:
1150 2693 1487 2751 conveniunt
1514 2691 1794 2746 Ecclesiae.
1823 2687 1895 2744 Ea
1928 2687 2084 2742 ﬁrma

489 2794 840 2851 Eucharistia
888 2799 1183 2848 censeatur
1230 2801 1356 2858 qua:
1386 2786 1456 2841 ab
1517 2782 1800 2855 episcopis
1835 2782 1916 2836 ﬁt.
1976 2777 2082 2834 Ubi

487 2888 780 2956 cpiscopus
813 2886 1152 2954 apparuerit,
1192 2879 1309 2936 illic
1343 2886 1398 2934 et
1430 2878 1589 2948 plebs
1612 2875 1702 2942 sit,
1723 2872 2086 2946 quemadmo-

383 3019 394 3028 κ
485 2978 616 3033 dum
661 2977 755 3032 ubi
806 2977 1067 3030 Christus
1096 2981 1203 3037 est,
1253 2971 1367 3027 illic
1401 2977 1457 3024 et
1511 2967 1755 3022 Ecclesia
1789 2963 2080 3020 catholica.

488 3071 610 3125 Non
659 3076 744 3124 est
800 3067 1015 3122 licitum
1064 3065 1183 3120 sine
1230 3062 1499 3134 episcopo
1533 3073 1711 3130 neque
1774 3055 2079 3128 baptizare,

488 3174 668 3232 neque
710 3173 920 3232 agapen
971 3156 1156 3212 facere
1190 3174 1204 3211 :
1242 3152 1338 3210 sed
1372 3152 1517 3225 quod
1567 3151 1762 3220 utique
1800 3149 1919 3220 ipse
1950 3163 2079 3220 pro-

487 3207 884 3318 bareritfh'oc
912 3257 996 3306 est
1028 3249 1139 3304 Deo
1192 3207 1624 3316 beneplacitum.
1685 3241 1786 3308 Qui
1843 3207 2149 3294 bon-oratc

483 3346 829 3417 episcopum,
855 3358 885 3398 a
910 3342 1024 3398 Deo
1050 3341 1353 3396 honoratus
1381 3346 1502 3404 est;
1529 3337 1624 3407 qui
1655 3334 1801 3390 clam
1817 3332 2078 3404 episcopo

484 3437 693 3509 aliquid
725 3435 876 3502 facit,
918 3432 1140 3488 diabolo
1171 3437 1394 3502 praestat
1416 3427 1766 3498 obsequium.

556 3529 718 3602 515
759 3525 954 3598 Ejusd.
983 3527 1142 3597 epist.
1179 3525 1250 3577 ad
1280 3521 1568 3593 Polycarp.
1606 3517 1824 3591 Smyrn.
1850 3549 1920 3559 —
1947 3519 2078 3571 Om-

485 3642 585 3682 nes
613 3630 877 3695 supporta
900 3663 914 3686 ,
941 3617 1221 3692 quomodo
1249 3627 1302 3673 et
1332 3626 1384 3672 te
1412 3616 1700 3670 Dominus.
1729 3614 1936 3668 Omnes
1962 3610 2079 3668 suf-

485 3720 568 3774 fer
597 3719 654 3773 in
686 3715 985 3772 dilectione
1019 3732 1032 3768 :
1069 3711 1423 3767 orationibus
1465 3707 1708 3764 assiduis
1737 3720 1895 3761 vaca.
1942 3709 2076 3759 Am-

485 3811 714 3882 pliorem
740 3823 906 3880 quam
931 3805 1140 3860 habeas
1165 3801 1586 3874 intelligentiam
1609 3798 1852 3871 postula.
1871 3795 2074 3869 Vigila,

427 3896 447 3909 ⁸
482 3903 707 3961 oculum
743 3916 854 3956 non
886 3897 1258 3955 dormientem
1293 3891 1610 3965 possidens.

553 3995 748 4066 Ejusd.
771 3991 1118 4048 —-Omnium
1144 3986 1503 4061 aegritudines
1528 3990 1686 4056 porta
1709 4023 1724 4047 ,
1749 3982 1919 4038 veluti
1953 3996 2076 4053 per-

483 4091 662 4146 fectus
696 4087 924 4144 athleta.
951 4084 1058 4141 Ubi
1093 4083 1270 4152 major
1299 4080 1471 4135 fuerit
1502 4079 1680 4143 labor,
1711 4077 1786 4132 ibi
1816 4085 1870 4131 et
1897 4075 2075 4145 majus

484 4183 700 4239 lucrum
733 4190 840 4237 est.
882 4178 1068 4234 Bonos
1099 4175 1409 4246 discipulos
1456 4173 1504 4230 si
1553 4171 1787 4242 diligas,
1842 4185 1954 4225 non
1990 4175 2078 4223 est

481 4277 584 4332 tibi
617 4275 796 4344 gratia
825 4291 840 4342 ;
869 4272 1046 4344 magis
1079 4269 1166 4325 fac
1195 4277 1254 4323 ut
1281 4267 1734 4323 contumaciores
1761 4263 1816 4318 in
1846 4263 2075 4317 lenitate

483 4369 776 4439 subjicias.
808 4365 925 4420 Non
963 4378 1129 4420 omne
1168 4362 1368 4417 vulnus
1399 4360 1593 4415 eodem
1634 4357 1940 4427 emplastro
1976 4369 2076 4409 cu-

483 4473 664 4520 ratur.
718 4457 1030 4515 Acredines
1081 4454 1508 4528 perfusionibus
1561 4450 1716 4507 seda.
1771 4447 2073 4519 Propterea

2207 575 2636 649 ἀνατέτραπται.

2279 669 2340 721 Εἰ
2371 671 2400 722 6
2431 669 2781 741 πατριάρχης
2845 667 3040 722 Ἰακὼϐ
3096 669 3439 742 θρεμμάτων
3487 671 3802 744 προεστὼς,

2205 761 2458 834 πρόϐατα
2483 761 2654 832 ἀλογα
2685 761 2921 834 βόσκων,
2959 762 3059 815 καὶ
3087 761 3368 835 ἀνθρώπῳ
3395 762 3607 834 μέλλων
3635 765 3801 819 εὐθύ-

2203 873 2302 920 νας
2326 855 2551 920 διδόναι,
2590 854 2687 909 καὶ
2719 853 2922 917 νύκτας
2944 854 3188 919 ἀΰπνους
3219 854 3492 927 διήνυσεν.
3532 856 3629 911 καὶ
3657 857 3799 912 καύ-

2206 965 2376 1020 ματα,
2406 947 2502 1001 καὶ
2532 947 2722 1021 κρύος,
2755 947 2852 1002 καὶ
2879 947 3067 1002 πᾶσαν
3098 948 3278 1021 ἀέρων
3321 948 3644 1020 ἀνωμαλίαν
3670 949 3798 1020 ἐφε-

2204 1059 2319 1113 ρεν,
2364 1041 2506 1096 ὥστε
2574 1039 2740 1112 μηδὲν
2801 1039 3222 1110 παραπολέσθαι
3281 1040 3392 1094 τῶν
3455 1041 3800 1114 θρεμμάτων

2203 1133 2453 1198 ἐκείνων,
2515 1131 2696 1204 πολλῷ
2725 1130 2928 1202 μᾶλλον
2963 1133 3112 1203 ἡμᾶς
3147 1132 3273 1197 τοὺς
3306 1133 3408 1186 οὐκ
3435 1133 3660 1202 ἀλόγοις
3696 1135 3798 1204 ἐφ-

2202 1223 2468 1290 εστῶτας,
2505 1223 2644 1279 ἀλλά
2669 1224 3064 1294 πνευματικοῖς
3095 1221 3414 1294 προϐάτοις,
3442 1223 3539 1277 καὶ
3571 1223 3676 1277 οὐκ
3703 1225 3798 1278 ἀν-

2201 1320 2461 1392 θρώποις,
2499 1320 2636 1374 ἀλλά
2667 1319 2745 1392 τῷ
2779 1319 2900 1392 Θεῷ
2937 1318 3237 1390 μέλλοντας
3270 1317 3370 1382 τάς
3396 1317 3627 1383 εὐθύνας
3657 1317 3798 1372 διδό-

2199 1433 2310 1481 ναι,
2343 1415 2480 1487 πρὸς
2506 1414 2659 1468 οὐδὲν
2691 1415 2872 1469 ὀκνεῖν
2922 1415 3019 1468 καὶ
3049 1411 3381 1468 ἀναδύεσθαι
3403 1411 3512 1484 χρὴ
3560 1410 3670 1465 τῶν
3697 1411 3795 1465 δυ-

2199 1510 2449 1579 ναμένων
2501 1506 2784 1579 ὠφελῆσαι
2841 1505 2912 1560 τά
2948 1505 3177 1577 ποίμνια
3205 1521 3218 1534 °
3254 1504 3369 1558 ἀλλ’
3411 1505 3534 1558 ὅσον
3563 1501 3795 1574 βελτίων

2198 1602 2336 1674 αὕτη
2367 1603 2401 1671 ὴ
2435 1600 2640 1672 ποίμνη
2694 1598 2933 1670 ἐκείνης,
2983 1598 3080 1652 καὶ
3107 1597 3321 1666 ἀλόγων
3351 1595 3658 1668 ἄνθρωποι,
3693 1595 3793 1648 καὶ

2198 1692 2502 1765 ἀνθρώπων
2537 1691 2691 1756 Θεὸς,
2717 1691 2860 1744 οὕτω
2883 1692 2977 1744 καὶ
3007 1691 3158 1761 ἡμᾶς
3179 1688 3372 1752 πλείω,
3407 1687 3503 1742 καὶ
3558 1687 3792 1758 σφοδροο

2196 1785 2362 1856 τέραν
2419 1784 2517 1853 τὴν
2558 1781 2796 1853 σπουδὴν
2839 1780 2934 1835 καὶ
2979 1779 3082 1852 τὴν
3136 1778 3454 1853 προθυμίαν
3475 1777 3790 1832 ἐπιδείκνυ-ο

2195 1877 2320 1932 σθαι
2353 1877 2482 1932 me.

2264 1897 2320 1932 αι
2467 1915 2482 1930 .

2261 1877 2500 2024 Tetigi:
2529 1965 2640 2023 τῶν
2667 1965 2841 2037 ἁγίων
2859 1965 2930 2020 τὰ
2959 1964 3271 2036 σπλάγχνα,
3301 1960 3493 2036 [ὥστε]
3523 1962 3615 2016 τὸν
3645 1962 3790 2034 μετά

2189 2063 2300 2119 τῶν
2327 2063 2535 2118 τέκνων
2558 2062 2789 2118 θάνατον
2817 2061 2918 2134 τῆς
2943 2061 3114 2132 χωρὶς
3159 2058 3342 2114 αὐτῶν
3384 2057 3534 2129 ζωῆς
3575 2055 3787 2126 γλυκύ-

2189 2174 2347 2228 τερον
2380 2155 2621 2228 νομίζειν

2261 2335 2471 2400 Πάντες
2497 2333 2575 2407 τῷ
2596 2335 2886 2401 ἐπισκόπῳ
2903 2330 3269 2398 ἀκολουθεῖτε,
3299 2329 3376 2395 ὡς
3410 2330 3621 2403 Ἰησοῦς
3646 2332 3784 2402 Χριο

2191 2429 2314 2494 στδς
2346 2429 2425 2501 τῷ
2477 2429 2674 2499 Πατρὶ,
2716 2427 2813 2482 καὶ
2859 2425 2939 2499 τῷ
2967 2423 3350 2500 πρεσϐυτερίῳ
3383 2423 3460 2488 ὡς
3490 2425 3606 2489 τοῖς
3641 2427 3783 2478 ἀπο-

2189 2522 2432 2586 στόλοις·
2473 2521 2600 2584 τοὺς
2642 2519 2702 2574 δὲ
2763 2519 3046 2582 διακόνους
3095 2507 3457 2587 ἐντρέπέσθε,
3507 2516 3585 2581 ὡς
3640 2515 3783 2570 Θεοῦ

2187 2613 2408 2686 ἐντολὴν
2457 2612 2862 2676 διακονοῦντας.
2897 2611 3108 2682 Μηδεὶς
3151 2609 3323 2682 χωρὶς
3374 2609 3685 2664 ἐπισκόπου
3729 2627 3786 2662 τι

2187 2705 2484 2778 πρασσέτω
2534 2702 2643 2758 τῶν
2713 2702 3031 2775 ἀνηκόντων
3100 2702 3183 2766 είς
3249 2700 3349 2774 τὴν
3421 2699 3783 2772 Ἐκκλησίαν.

2198 2796 2411 2868 Ἐκείνη
2464 2795 2659 2868 βεϐαία
2712 2796 3036 2868 εὐχαριστία
3089 2794 3354 2866 ἡγείσθω,
3417 2795 3451 2866 ἠ
3513 2793 3621 2847 ὑπὸ
3669 2791 3785 2846 τῶν

2185 2889 2502 2944 ἐπισκόπων
2543 2887 2698 2943 οὖσα.
2747 2887 2926 2941 Ὅπου
2967 2886 3035 2942 ἃν
3062 2889 3206 2958 φανῇ
3235 2889 3263 2940 ό
3287 2885 3617 2951 ἐπίσκοπος,
3661 2886 3786 2940 ἐκεῖ

2181 2980 2244 3034 τὸ
2271 2978 2478 3051 πλῆθος
2519 2979 2656 3050 ἤτω,
2692 2977 2883 3048 ὥσπερ
2936 2979 3072 3031 ὅπου
3120 2976 3188 3032 ἂν
3218 2979 3248 3030 6
3285 2976 3546 3049 Χριστὸς,
3593 2976 3716 3030 ἐκεῖ
3744 2975 3783 3046 ἡ

2182 3072 2448 3143 καθολικὴ
2483 3071 2803 3143 Ἐκκλησία.
2838 3070 2952 3125 Ούκ
2982 3068 3104 3135 ἐξόν
3129 3070 3248 3124 ἐστι
3295 3069 3468 3144 χωρὶς
3506 3067 3605 3124 τοῦ
3651 3070 3784 3123 ἐπι⁶

2188 3169 2396 3222 σκόπου
2430 3165 2556 3222 οὔτε
2613 3163 2923 3237 βαπτίζειν,
2954 3163 3080 3220 οὔτε
3127 3164 3354 3236 ἀγάπην
3394 3166 3603 3220 ποιεῖν·
3658 3165 3784 3220 ἀλλ’

2181 3261 2211 3314 ὃ
2247 3261 2316 3317 ἂν
2346 3263 2558 3326 ἐκεῖνος
2586 3261 2883 3333 δοκιμάσῃ,
2911 3260 3071 3314 τοῦτο
3092 3258 3172 3332 τῷ
3198 3257 3320 3337 Θεῷ
3355 3258 3681 3331 εὐάρεστον.
3719 3256 3782 3314 'O

2180 3355 2358 3426 τιμῶν
2411 3353 2740 3418 ἐπίσκοπον,
2782 3353 2891 3408 ὑπὸ
2944 3351 3084 3407 Θεοῦ
3133 3353 3471 3425 τετίμηταιο
3511 3353 3542 3406 6
3598 3351 3784 3424 λάθρα

2180 3447 2487 3500 ἐπισκόπου
2519 3446 2575 3500 τὶ
2607 3445 2894 3519 πράσσων,
2921 3445 3001 3518 τῷ
3027 3444 3265 3515 διαϐόλῳ
3295 3443 3573 3516 λατρεύει.

2253 3537 2472 3601 Πάντας
2523 3536 2768 3608 βάσταζε
2790 3579 2806 3604 ,
2839 3534 2917 3602 ὡς
2959 3536 3058 3591 καὶ
3093 3536 3154 3590 σέ
3183 3538 3212 3590 6
3250 3535 3480 3609 Κύριος.
3543 3535 3781 3591 Πάντων

2177 3629 2375 3700 ἀνέχου
2393 3629 2452 3682 ἐν
2473 3620 2704 3700 ἀγάπῃλ
2735 3632 3073 3701 προσευχαῖς
3103 3628 3340 3702 σχόλαζε
3371 3627 3778 3690 ἀδιαλείπτοις.

2178 3721 2344 3777 Δίτοῦ
2409 3721 2628 3777 σύνεσιν
2677 3721 2904 3777 πλείονα
2933 3717 3003 3797 ἦς
3039 3721 3211 3795 ἔχεις.
3265 3720 3568 3795 Γρηγόρει,
3611 3719 3768 3776 ἀκοίι

2181 3834 2354 3889 μητον
2373 3816 2530 3889 ὄμμα
2563 3817 2924 3889 κεκτημένος.

2247 3996 2476 4050 Πάντων
2495 3995 2594 4060 τὰς
2618 3995 2809 4057 νόσους
2838 3990 3076 4066 βάσταζε
3107 3991 3185 4057 ὡς
3208 3991 3419 4055 τέλειος
3443 3992 3473 4046 6
3499 3989 3774 4063 ἀθλητής.

2178 4089 2362 4144 Ὅπου
2391 4087 2599 4142 πλείων
2630 4087 2820 4153 κόπος,
2850 4086 2986 4140 πολὺ
3015 4085 3231 4156 κέρδος.
3261 4083 3481 4148 Καλοὺς
3515 4083 3780 4155 μαθητάς

2178 4181 2274 4238 ἐὰν
2303 4180 2488 4253 φιλῇς,
2514 4179 2676 4252 χάρις
2700 4195 2785 4232 σοι
2819 4177 2923 4232 οὐκ
2972 4176 3130 4231 ἐσται
3168 4192 3184 4208 ·
3212 4175 3418 4248 μᾶλλον
3448 4176 3580 4239 τοὺς
3617 4175 3778 4229 ἀπει-

2180 4275 2481 4347 θεστέρους
2497 4275 2555 4326 ἐν
2572 4273 2842 4344 πραότητι
2857 4270 3153 4325 ὑπότασσε.
3194 4269 3270 4323 Οὐ
3305 4270 3418 4323 πᾶν
3445 4264 3678 4340 τραῦμα
3706 4267 3774 4337 τῇ

2178 4368 2318 4440 αὐτῇ
2356 4366 2695 4438 ἐμπλάστρῳ
2740 4363 3137 4436 θεραπεύεται.
3179 4361 3322 4426 Τοὺς
3377 4360 3775 4432 παροξυσμοὺς

2179 4460 2480 4532 ἐμϐροχαῖς
2505 4457 2672 4512 παῦε.
2732 4456 2833 4512 Διά
2855 4455 3020 4510 τοῦτο
3057 4453 3330 4527 σαρκικδς
3359 4447 3431 4518 εἶ,
3459 4454 3556 4507 καὶ
3611 4467 3782 4504 πνευ-

480 4571 651 4612 carne
687 4554 853 4612 simul
885 4561 942 4608 et
971 4551 1173 4623 spiritu
1208 4557 1438 4606 constas
1461 4588 1476 4613 ,
1508 4553 1570 4601 ut
1594 4559 1718 4615 quae
1745 4542 2071 4614 conspectui

2201 4551 2434 4618 ιατικδς,
2459 4551 2550 4606 ἵνα
2582 4551 2652 4605 τά
2677 4548 2988 4621 φαινόμενά
3041 4565 3124 4602 σοι
3151 4547 3232 4611 είς
3275 4545 3575 4620 πρόσωπον
3610 4543 3782 4597 κολα-ο

478 4660 576 4707 tuo
632 4647 923 4704 manifesta
974 4655 1144 4711 sunt,
1179 4641 1379 4700 blande
1407 4639 1661 4708 corrigas
1689 4653 1703 4703 ;
1737 4651 1860 4708 qua:
1889 4643 2074 4692 autem

2201 4646 2380 4718 ιεύῃςο
2405 4643 2474 4699 τά
2504 4644 2562 4698 δὲ
2590 4644 2804 4716 ἀόρατα
2852 4642 3000 4697 αἴτει
3049 4640 3140 4696 ἵνα
3195 4654 3278 4693 σοι
3327 4633 3653 4708 φανερωθῇ,
3691 4634 3780 4686 ἴνα

479 4750 768 4812 aspectum
799 4750 954 4794 tuum
985 4737 1234 4810 fugiunt,
1265 4741 1392 4806 pete
1426 4739 1488 4787 ut
1515 4729 1617 4785 tibi
1645 4735 1988 4800 retegantur,
2017 4734 2078 4783 ut

479 4834 536 4889 in
565 4835 722 4889 nullo
753 4832 1002 4889 delicias.

547 4925 848 4982 Praesulem
893 4930 1115 4995 oportet
1158 4921 1228 4976 ab
1265 4917 1416 4975 omni
1463 4915 1898 4985 reprehensione
1935 4912 2076 4969 alie-

473 5033 609 5071 num
644 5032 771 5074 esse
794 5056 811 5082 ,
841 5025 897 5072 et
929 5017 1098 5070 vitam
1124 5009 1622 5070 exercitationibus
1648 5008 1907 5066 excolere
1926 5047 1942 5074 ,
1971 5020 2076 5062 nec

477 5109 646 5165 ullius
681 5109 758 5164 rei
795 5123 918 5179 quae
957 5108 1070 5163 Deo
1103 5111 1265 5177 grata
1297 5104 1370 5160 sit
1393 5145 1410 5173 ,
1449 5101 1694 5160 studium
1733 5098 2068 5172 praetermit-

470 5215 528 5260 18
536 5217 610 5262 re.

550 5298 611 5352 S.
646 5296 914 5352 Athanas.
941 5325 1014 5336 —
1039 5293 1181 5349 Ante
1213 5291 1400 5347 omnia
1432 5296 1650 5360 oportet
1677 5285 1945 5342 Ecclesiae
1970 5284 2076 5339 mi-

471 5391 716 5445 nistrum
743 5389 812 5444 ab
844 5389 925 5442 ira
955 5386 1102 5441 alien
1115 5395 1206 5440 um
1235 5399 1392 5448 esse;
1423 5398 1526 5438 nec
1549 5379 1944 5454 objurgatione
1970 5378 2071 5446 uti,

472 5480 574 5537 sed
609 5479 1000 5535 adhortatione
1030 5486 1086 5533 et
1115 5477 1534 5547 deprecatione.

548 5569 788 5641 Didymi.
813 5600 883 5611 —-—
903 5567 1044 5622 Tum
1075 5567 1298 5622 demum
1335 5565 1536 5621 doctor
1563 5579 1681 5620 rem
1715 5561 1975 5628 coniicit,
2011 5560 2072 5616 li-

475 5665 711 5736 demque
745 5662 1019 5733 loquendo
1051 5659 1414 5726 nanciscitur,
1443 5674 1570 5714 cum
1606 5658 1726 5730 ipse
1753 5657 1867 5712 vita
1893 5664 1950 5711 et
1980 5671 2072 5710 ae-

477 5757 723 5810 tionibus
755 5755 938 5809 erudit
977 5773 989 5809 :
1016 5754 1319 5810 secundum
1356 5751 1487 5806 illud
1521 5769 1535 5807 :
1567 5750 1646 5806 De
1675 5751 1744 5805 iis
1768 5764 1886 5820 qua:
1915 5749 2070 5819 coepit

476 5847 634 5901 Jews
669 5847 839 5902 facere
861 5855 914 5902 et
944 5847 1130 5902 docere
1162 5847 1320 5912 (Act.
1357 5861 1409 5910 ι,
1445 5845 1468 5896 1
1501 5845 1542 5913 ).

2182 4738 2414 4812 μηδενὸς
2431 4737 2621 4810 λείπῃι⁵

2251 4921 2376 4993 Χρὴ
2428 4920 2520 4974 τδν
2565 4917 2895 4993 προεστῶτα
2958 4913 3332 4978 ἀνεπίληπτον
3386 4909 3629 4985 μελετᾷν
3681 4909 3773 4963 καὶ

2179 5013 2468 5068 ἀσκεῖσθαι
2495 5012 2631 5084 βίον,
2664 5011 2764 5066 καὶ
2791 5008 2962 5084 μηδὲν
3008 5005 3442 5065 ἀνεπιτήδευτον
3483 5003 3634 5075 ἔχειν
3665 5000 3776 5057 τῶν

2179 5107 2529 5181 ἀρεσκόντων
2549 5108 2694 5181 Θεῷ.

2250 5291 2344 5343 Δεῖ
2380 5289 2472 5343 τὸν
2517 5286 2836 5359 λειτουργδν
2877 5285 2980 5357 τῆς
3021 5283 3356 5355 Ἐκκλησὶας
3405 5282 3516 5354 πρδ
3548 5280 3776 5336 πάντων

2177 5380 2339 5444 ἐκτὸς
2367 5379 2540 5453 ὀργῆς
2565 5374 2729 5446 εῖναι,
2765 5377 2863 5432 καὶ
2898 5375 2976 5449 μὴ
2997 5375 3357 5447 ἐπιπλήττειν
3374 5415 3392 5445 ,
3417 5374 3556 5430 ἀλλὰ
3588 5390 3774 5447 παραο

2176 5475 2386 5532 καλεῖν.

2246 5567 2384 5620 Τότε
2447 5566 2604 5622 ἀνύει
2649 5566 2997 5636 διδάσκαλος,
3051 5567 3151 5623 καὶ
3200 5564 3522 5622 πιστεύεται
3570 5563 3772 5632 λέγων,

2171 5661 2303 5714 ὅταν
2334 5659 2430 5730 ἀφ’
2455 5653 2533 5717 ὧν
2555 5659 2786 5733 πράττει
2809 5662 3066 5734 παιδεύῃ,
3108 5659 3252 5715 κατὰ
3280 5659 3363 5726 τὺ,
3397 5651 3514 5713 Ἦν
3541 5655 3774 5727 ἦρξατο

2171 5755 2208 5808 ό
2248 5753 2490 5823 Ἰησοῦς
2520 5753 2725 5810 ποιεῖν
2749 5770 2816 5809 τε
2848 5754 2948 5810 καί
2981 5751 3320 5809 διδάσκειν.
