4028 6410
299 444 431 512 1549

1547 437 1786 498 SACRA
1828 433 2269 496 PARALLELA

3426 428 3564 494 1550

371 557 541 630 ’ἱερέα
564 556 850 629 φρόνησις,
906 553 1003 608 καὶ
1051 552 1205 625 βίος,
1263 553 1359 608 καὶ⁵
1406 551 1658 623 εὐγένεια
1705 551 1876 607 ποιεῖ.

2048 545 2263 618 Evagrii
2290 563 2306 609 ;
2342 545 2429 601 Al.
2470 544 2530 601 S.
2569 543 2711 599 Nili.
2738 576 2806 586 —
2835 542 3194 600 Sacerdotem
3226 544 3522 615 prudentia
3545 587 3559 610 ,

297 652 450 722 Λόγῳ
507 647 612 720 μὲν
635 647 736 718 τὴν
772 645 978 718 ἀρετὴν
1029 645 1275 714 δίδασκε,
1311 644 1462 716 ἔργῳ
1488 644 1546 700 δὲ
1576 646 1749 716 αὐτὴν
1773 645 1875 716 κή-

331 761 479 799 υσσε.

297 765 724 904 ρυῗιῖἰέξανδρος
771 831 1061 910 πόρρωθεν
1120 830 1266 896 ἰδὼν,
1310 831 1372 884 τὸ
1419 832 1518 903 μὲν
1572 833 1780 902 πλῆθος
1819 835 1879 888 ἐν

295 925 776 1001 λευκαῖςθεσθῆσι,
823 925 1031 988 τοὺςδὲ
1073 925 1242 996 ἱερεῖς
1292 922 1648 997 προεστῶτας
1676 928 1734 980 ὲν
1758 931 1876 991 ταῖς

297 1019 574 1092 βυσσίναις
616 1018 816 1095 αὐτῶν,
875 1018 970 1071 τὸν
1016 1018 1074 1071 δὲ
1135 1018 1400 1090 ἀρχιερέα
1443 1020 1504 1073 ὲν
1528 1023 1596 1092 τῇ
1633 1020 1878 1091 ὑακίνθῳ

296 1114 391 1168 καὶ
452 1111 738 1184 διαχρύσῳ
774 1111 960 1183 στολῇ,
995 1110 1092 1164 καὶ
1137 1111 1231 1165 ἐπὶ
1256 1113 1357 1183 τῆς
1389 1113 1636 1185 κεφαλῆς
1684 1113 1880 1184 ἔχοντα

297 1206 392 1276 τὴν
423 1203 672 1276 κίδαριν,
708 1203 892 1258 καὶτὸ
917 1204 1154 1275 χρυσοῦν
1212 1204 1303 1258 ἐπ’
1340 1205 1512 1277 αὐτῆς
1565 1205 1799 1278 ἔλασμα,
1833 1203 1880 1277 ᾧ

294 1297 354 1351 τὸ
387 1297 481 1350 τοῦ
534 1295 674 1351 Θεοῦ
727 1296 902 1368 ὄνομα
953 1298 1289 1370 ἐγέγραπτο,
1342 1299 1662 1372 προσελθὼν
1718 1301 1879 1372 μόνος

294 1392 672 1462 προσεκύνησε
705 1391 768 1444 τὸ
803 1389 978 1462 ὁνομα
1039 1392 1136 1444 καὶ
1173 1393 1266 1446 τὸν
1299 1393 1590 1465 ἀρχιερέα.
1653 1394 1878 1465 Παρμε-

295 1481 466 1544 νίονος
507 1481 566 1534 δὲ
633 1480 968 1549 πυθομένου,
1013 1481 1070 1535 τί
1117 1481 1181 1550 δή
1233 1499 1363 1536 ποτε
1421 1485 1876 1555 προσκυνούντων

292 1573 452 1627 αὐτὸν
472 1573 753 1637 ἁπάντων,
784 1573 952 1637 αὐτὸς
1000 1575 1439 1644 προσκυνήσειεν
1463 1576 1556 1629 τὸν
1604 1577 1878 1631 Ἰουδαίων

289 1663 574 1734 ἀρχιερέα,
623 1665 698 1717 UO
764 1664 977 1732 τοῦτον,
1035 1661 1180 1732 εἷπε,
1245 1667 1652 1739 προσεκύνησα,
1699 1670 1791 1724 τὸν
1819 1671 1878 1724 δὲ

289 1752 419 1807 Θεόν
454 1769 469 1784 ⁸
500 1749 562 1809 οὗ
589 1756 690 1827 τὴν
723 1756 1141 1828 ἀρχιερωσύνην
1164 1749 1322 1822 οὗτος
1343 1758 1660 1830 τετίμηται.

288 1870 1730 1960 τιτΑ-ιβῗ·.ῖ¹1ξίὶιἐπίιενκίξῖξξυν..πογηρῶῖνθέαι
1791 1873 1876 1943 μὴ
1912 1907 1952 1960 Β

488 1943 926 2009 φυλαττόντων
952 1945 1060 2007 τὰς
1087 1941 1347 2008 ἐντολὰς
1375 1941 1485 1997 τοῦ
1518 1943 1688 1998 Θεοῦ.

362 2051 382 2084 ι
422 2034 486 2086 υἱ
518 2033 687 2103 ἱερεῖς
710 2031 890 2087 αὐτῶν
912 2035 970 2087 ὲν
997 2035 1246 2105 ῥομφαίᾳ
1281 2033 1506 2089 ἔπεσαν.
1537 2055 1555 2087 ι

363 2233 382 2267 ι
413 2213 701 2286 Ἕκρυψαν
737 2216 788 2269 οἱ
817 2216 984 2288 ἱερεῖς
1016 2214 1136 2269 ὁδὸν
1172 2214 1402 2288 Κυρίου.
1429 2234 1449 2268 ι

365 2413 382 2448 ι
417 2397 484 2449 Οἱ
513 2396 809 2467 ἡγούμενοι
840 2396 1016 2466 αὐτῆς
1078 2395 1218 2465 μετὰ
1270 2395 1459 2467 δώρων
1501 2395 1745 2467 ἔκριναν,
1787 2398 1878 2450 καὶ

287 2490 334 2542 οἱ
357 2490 529 2559 ἱερεῖς
581 2488 752 2558 αὐτῆς
808 2487 948 2558 μετά
1001 2487 1200 2558 μισθοῦ
1251 2489 1640 2560 ἀπεκρίναντο,
1679 2489 1776 2542 καὶ
1828 2490 1877 2542 οἱ

290 2579 574 2649 προφῆται
623 2578 796 2648 αὐτῆς
842 2577 984 2648 μετά
1027 2578 1300 2649 ἀργυρίου
1334 2578 1725 2648 ἐμαντεύοντο.
1763 2579 1876 2650 Οὐχ

287 2670 448 2738 ὑμῶν
475 2670 592 2722 ἐστι
623 2669 828 2738 γνῶναι
861 2671 1056 2741 κρῖμα,
1089 2671 1138 2722 οἱ
1164 2668 1448 2741 μισοῦντες
1487 2669 1557 2723 τὰ
1576 2669 1754 2734 καλά’,
1782 2671 1877 2724 καὶ

285 2761 584 2832 ζητοῦντες
615 2763 683 2816 τὰ
712 2763 949 2834 πονηρά.
989 2763 1356 2833 Ἀρπάζοντες
1390 2762 1458 2817 τά
1497 2762 1746 2833 δέρματα
1781 2762 1878 2816 αύ-

285 2853 417 2917 τῶν,
455 2855 551 2908 καὶ
584 2855 682 2918 τὰς
705 2853 917 2925 σάρκας
955 2854 1064 2908 ἀπὸ
1087 2854 1198 2908 τῶν
1228 2854 1432 2908 ὀστέων
1481 2853 1682 2909 αὐτῶν.
1712 2873 1733 2907 ι

361 2966 380 2998 ι
404 2948 473 3001 Οἱ
503 2948 671 3018 ἱερεῖς
706 2947 879 3020 αὐτῆς
939 2944 1234 3019 βεϐηλοῦσι
1268 2946 1338 3000 τά
1372 2946 1528 3015 ἅγια,
1595 2947 1692 3000 καὶ
1747 2947 1878 3000 ἀσε-

285 3039 448 3094 δοῦσι
475 3041 668 3110 νόμον.
708 3059 726 3092 ι

361 3149 381 3182 ι
423 3123 496 3182 Ὠ
523 3131 572 3184 οἱ
599 3131 986 3202 ποιμαίνοντες
1019 3130 1250 3202 μάταια,
1281 3129 1377 3184 καὶ
1407 3130 1456 3182 οἱ
1480 3128 1877 3183 καταλελοιπό-

1979 647 2034 693 et
2065 639 2210 704 vita,
2263 644 2319 692 et
2366 636 2682 708 ingenuitas
2735 651 2952 691 morum
3003 634 3240 692 faciunt.
3299 635 3566 694 Sermone

1985 733 2242 788 virtutem
2275 729 2411 786 doce
2436 745 2452 794 ;
2486 743 2660 800 opere
2688 737 2873 784 autem
2899 742 3021 783 eam
3049 729 3318 798 praedico.

2047 824 2299 894 Iosephi,
2332 822 2425 878 lib.
2454 837 2508 877 ιι
2528 860 2545 887 ,
2579 837 2627 876 c.
2663 821 2716 877 8.
2743 851 2810 864 -—-
2837 823 3150 880 Alexander
3181 823 3399 895 plebem
3429 825 3568 880 emi-

1980 933 2084 974 nus
2110 915 2360 974 candidis
2388 915 2640 970 indutam
2668 913 2917 970 vestibus
2945 915 3330 986 conspicatus,
3367 929 3555 973 sacer.

1978 1008 2139 1065 dotes
2171 1022 2306 1063 vero
2339 1017 2396 1063 et
2424 1005 2710 1063 antistites
2743 1005 2988 1077 byssinis
3017 1006 3254 1063 amictos
3275 1049 3290 1073 ,
3323 1023 3389 1064 ac
3424 1023 3565 1081 pou-

1980 1101 2185 1157 tilicem
2217 1098 2524 1170 hyacintho
2555 1104 2724 1169 atque
2757 1111 2930 1154 aurea
2979 1099 3124 1154 stola
3171 1100 3436 1157 vestitum
3458 1141 3472 1166 ,
3511 1111 3568 1157 et

1981 1191 2166 1263 capite
2189 1190 2448 1257 cidarim,
2477 1205 2701 1246 auream
2725 1189 3010 1255 laminam,
3037 1191 3092 1245 in
3112 1206 3220 1263 qua
3244 1208 3447 1250 nomen
3473 1195 3568 1250 Dei

1979 1282 2318 1353 inscriptum
2345 1293 2526 1350 esset,
2556 1290 2867 1353 gestantem
2889 1323 2905 1350 ,
2934 1282 3088 1340 solus
3125 1285 3433 1352 accedens,
3469 1302 3570 1342 no-

1980 1391 2106 1432 men
2147 1375 2283 1431 illud
2322 1384 2378 1430 et
2415 1375 2731 1446 pontiﬁcem
2773 1376 3050 1432 adoravit.
3090 1376 3429 1436 Sciscitante
3467 1395 3570 1434 au-

1982 1481 2088 1524 tem
2131 1467 2503 1525 Parmenione
2539 1468 2674 1538 quid
2711 1476 2899 1532 esset,
2943 1483 3106 1540 quam
3149 1469 3222 1525 ob
3259 1485 3374 1526 rem
3417 1470 3568 1540 ipse,

1980 1575 2102 1614 cum
2126 1560 2197 1615 ab
2219 1559 2482 1616 omnibus
2507 1559 2857 1626 adoraretur,
2879 1559 3196 1616 Judaeorum
3222 1569 3408 1617 tamen
3433 1578 3573 1634 pon-

1980 1651 2187 1705 tiﬁcem
2231 1649 2490 1705 adoraret
2536 1667 2550 1704 :
2599 1648 2720 1706 Non
2761 1665 2922 1717 eum,
2959 1651 3172 1723 inquit,
3211 1653 3306 1708 sed
3359 1653 3569 1718 Deum,

1980 1740 2140 1812 cujus
2171 1741 2263 1796 hic
2299 1741 2617 1798 sacerdotio
2642 1752 2876 1799 ornatus
2905 1755 2990 1801 est
3014 1783 3030 1809 ,
3065 1745 3314 1800 adoravi.

1981 1855 2116 1910 'I'IT.
2155 1853 2348 1911 XVIII.
2375 1886 2444 1896 —
2473 1854 2550 1938 De
2579 1857 2738 1938 malis
2771 1859 3032 1938 episcopis
3054 1897 3070 1922 ,
3099 1869 3149 1912 et
3180 1857 3282 1913 Dei
3309 1863 3571 1917 mandata

2474 1930 2690 1981 minimc
2715 1930 3072 1984 servantibus.

2054 2017 2208 2074 Psal.
2241 2034 2424 2074 Lxxvn
2445 2055 2462 2084 ,
2494 2016 2582 2072 64.
2611 2049 2681 2059 —
2713 2037 2731 2070 ε
2765 2019 3097 2079 Sacerdotes
3129 2037 3320 2080 eorum
3356 2025 3413 2080 in
3447 2026 3569 2097 gla-

1981 2113 2076 2167 dio
2105 2111 2453 2168 ceciderunt.
2483 2130 2502 2162 ι

2059 2200 2192 2256 Osee
2218 2216 2293 2267 Iv,
2326 2199 2379 2256 6.
2412 2230 2480 2241 ——
2512 2219 2529 2252 ι
2567 2201 2998 2260 Abscondcrunt
3043 2205 3368 2262 sacerdotes
3425 2206 3569 2263 viam

1984 2295 2224 2350 Datnini.
2261 2315 2280 2349 ι

2052 2385 2220 2443 Miclt.
2263 2405 2324 2443 ιιι
2355 2431 2371 2456 ,
2415 2389 2474 2445 Η
2502 2429 2517 2454 ,
2562 2389 2614 2443 1.
2643 2419 2718 2436 -ρ
2746 2405 2766 2442 ι
2800 2394 2975 2445 Duces
3011 2390 3133 2462 ejus
3163 2407 3290 2448 cum
3323 2395 3572 2450 muneri-

1983 2481 2084 2535 bus
2109 2479 2476 2550 judicabant,
2509 2488 2564 2538 et
2595 2482 2916 2538 sacerdotes
2950 2482 3076 2553 ejus
3108 2483 3163 2538 in
3196 2485 3454 2541 mercede
3484 2501 3572 2542 rc-

1980 2573 2348 2642 spondebant.
2369 2571 2492 2628 Non
2521 2580 2766 2630 vestrum
2795 2581 2881 2630 est
2907 2589 3248 2645 cognoscere
3269 2575 3570 2645 judicium,

1979 2665 2073 2736 qui
2099 2665 2226 2721 odio
2253 2665 2472 2722 habetis
2495 2665 2698 2722 bonum
2721 2705 2736 2732 ,
2762 2675 2818 2721 et
2840 2667 3087 2737 quaeritis
3110 2667 3277 2722 mala.
3298 2668 3570 2739 Diripienc

1981 2769 2064 2817 tes
2116 2760 2292 2831 pelles
2325 2774 2519 2817 eorum
2557 2759 2626 2815 ab
2658 2760 2773 2827 cis,
2809 2767 2865 2816 et
2899 2773 3098 2816 carnes
3131 2774 3324 2816 eorum
3356 2761 3426 2816 ab
3474 2776 3571 2818 os-

1981 2852 2136 2908 sibus
2164 2867 2382 2910 eorum.
2419 2872 2438 2905 ι
3379 2853 3382 2860 ‘

2051 2943 2214 3017 Soph.
2245 2961 2346 3009 ιιι,
2372 2945 2428 3000 4.
2462 2977 2534 2988 -
2567 2965 2586 2999 ι
2623 2943 2958 3002 Sacerdotes
2991 2945 3114 3016 ejus
3148 2946 3403 3018 polluuut
3437 2962 3570 3006 san-

1985 3046 2105 3103 cta,
2141 3046 2196 3095 et
2228 3039 2394 3110 impie
2427 3046 2599 3110 agunt
2629 3039 2684 3094 in
2717 3038 2916 3110 legem.
2950 3057 2969 3091 ι

2051 3129 2218 3186 Zach.
2252 3148 2304 3186 XI
2327 3172 2341 3197 ,
2371 3132 2462 3200 17,
2489 3131 2547 3187 9.
2573 3161 2642 3173 —-
2672 3150 2690 3184 ι
2727 3129 2773 3186 0
2797 3133 2892 3203 qui
2922 3133 3155 3204 pascitis
3185 3147 3362 3200 vana,
3392 3144 3449 3191 et
3477 3137 3572 3206 qui

282 3239 380 3286 τες
413 3223 486 3275 τὰ
531 3222 812 3295 πρόϐαταὶ
872 3223 1124 3294 μάχαιρα
1175 3220 1273 3275 ἐπὶ
1328 3220 1617 3294 βραχίονος
1681 3219 1871 3275 αὐτοῦ.

2001 3222 2361 3294 lereliquistis
2412 3224 2585 3280 ovesl
2649 3223 2868 3294 gladius
2920 3232 3007 3280 est
3057 3241 3228 3295 super
3279 3225 3570 3282 brachium

297 3313 447 3383 Ἐγὼ
481 3315 544 3368 ού
595 3315 871 3386 ποιμαίνω
917 3315 1064 3386 ὑμᾶς
1092 3331 1107 3346 ⁸
1131 3313 1195 3367 τὸ
1226 3312 1577 3384 ἀποθνῆσκον
1631 3311 1870 3382 ἀποθνη-

284 3407 492 3471 σκέτω,
517 3409 609 3461 καὶ
641 3407 702 3462 τὸ
737 3408 994 3461 ἐκλεῖπον
1051 3404 1374 3470 ὲκλειπέτω,
1412 3404 1598 3458 καὶτὰ
1619 3403 1874 3458 κατάλοιο

283 3513 362 3552 πα
387 3498 854 3561 κατεσθιέτωσαν,
884 3498 1120 3561 ἕκαστος
1141 3497 1242 3562 τὰς
1279 3496 1492 3567 σάρκας
1515 3495 1609 3550 τοῦ
1640 3495 1874 3565 πλησίον

281 3590 482 3646 αὑτοῦ.
524 3591 656 3645 Ἰδοὺ
703 3590 816 3660 ἐγὼ
847 3589 1088 3661 ἐξεγερῶ
1132 3589 1369 3662 ποιμένα
1402 3588 1629 3659 ἄπειρον
1657 3587 1750 3640 ἐπὶ
1779 3586 1877 3659 τὴν

282 3683 391 3753 γῆν
412 3697 428 3711 ⁸
469 3682 530 3737 τὸ
556 3683 810 3736 ἐκλεῖπον
837 3683 940 3736 οὐκ
964 3682 1384 3753 ἐπιστρέφεται,
1444 3681 1540 3734 καὶ
1591 3679 1654 3733 τὸ
1683 3681 1876 3749 ἐσκορ-

283 3775 562 3846 πισμένον
606 3775 666 3828 ού
699 3774 779 3846 μὴ
833 3774 1076 3845 ἰάσηται,
1124 3773 1221 3828 καὶ
1245 3774 1307 3827 τὸ
1354 3772 1653 3844 ὁλόκληρον
1695 3771 1757 3825 οὐ
1803 3771 1878 3842 μὴ

283 3867 625 3940 κατευθύνῃ,
644 3868 828 3923 καὶτὰ
857 3868 998 3939 κρέα
1047 3866 1159 3922 τῶν
1189 3866 1466 3922 ἐκλεκτῶν
1494 3865 1754 3936 φάγεται,
1782 3865 1878 3920 καὶ

281 3962 420 4024 τοὺς
439 3961 820 4032 ἀστραγάλους
855 3945 1037 4014 αὐτῶν
1077 3959 1393 4025 ἐκστρέφει.
1422 3976 1440 4009 ι

364 4073 386 4108 ι
441 4053 856 4124 Ἐπλανήθησαν
900 4053 988 4106 διά
1011 4052 1081 4107 τὰ
1103 4051 1323 4123 σίκερα,
1390 4051 1571 4121 ἱερεὺς
1629 4048 1726 4102 καὶ
1745 4065 1881 4120 προ-

284 4145 497 4216 φήτης.
559 4145 888 4215 Ἐξὲστησαν
945 4145 1036 4200 διὰ
1061 4145 1153 4200 τὸν
1201 4139 1346 4198 οἶνον
1371 4159 1386 4174 ⁸
1415 4141 1740 4212 ἐσείσθησαν
1772 4139 1882 4194 ἀπὸ

285 4240 390 4310 τῆς
430 4238 606 4310 μέθης
639 4237 736 4293 τοῦ
759 4240 976 4310 σίκερα.
1004 4257 1024 4292 ι

367 4439 388 4474 ι
429 4415 505 4473 '0
525 4419 577 4473 οἱ
605 4419 868 4489 ποιμένες
888 4421 938 4473 οἱ
964 4417 1445 4487 διασκορπίζοντες
1476 4416 1572 4471 καὶ
1614 4414 1882 4472 ἀπολοῦνο

285 4529 383 4574 τες
405 4510 477 4564 τὰ
507 4510 760 4582 πρόϐατα
791 4509 1181 4580 τῆςιποίμνης.
1216 4507 1314 4562 Διὰ
1372 4507 1530 4561 τοῦτο
1579 4508 1705 4563 τάδε
1734 4507 1885 4577 λέγει

1980 3318 2124 3387 ejus.
2165 3317 2278 3389 Ego
2309 3333 2419 3373 non
2452 3332 2678 3387 pascam
2712 3332 2811 3374 vos
2839 3334 2854 3373 :
2886 3315 3038 3387 quod
3070 3318 3331 3385 moritur,
3365 3322 3574 3376 moria-

1983 3417 2095 3473 tur,
2126 3417 2182 3465 et
2208 3407 2358 3479 quod
2389 3408 2614 3475 deﬁcit,
2641 3408 2865 3463 deﬁciat
2886 3449 2902 3476 ,
2925 3416 2982 3464 et
3024 3407 3238 3479 reliqua
3267 3409 3571 3476 devorent,

1983 3502 2371 3572 unusquisque
2415 3516 2614 3558 carnes
2655 3501 2896 3569 proximi
2929 3499 3040 3557 sui.
3086 3499 3230 3557 Ecce
3259 3516 3361 3571 ego
3390 3503 3575 3558 susci-

1985 3595 2112 3652 tabo
2143 3603 2418 3666 pastorem
2453 3595 2766 3666 imperitum
2802 3589 2970 3662 super
2998 3601 3205 3650 terram
3241 3614 3254 3650 :
3293 3596 3441 3665 quod
3479 3595 3577 3652 de-

1985 3688 2165 3754 Iiciet,
2188 3704 2298 3743 non
2328 3694 2649 3752 convertet,
2672 3696 2727 3743 ct
2760 3686 2908 3756 quod
2937 3686 3255 3758 dispersum
3287 3688 3393 3744 erit
3414 3729 3431 3756 ,
3463 3703 3574 3744 non

1989 3773 2214 3836 Sanabit
2235 3819 2251 3845 ,
2287 3790 2342 3836 et
2376 3782 2653 3853 integrum
2690 3796 2802 3837 non
2831 3779 3032 3852 diriget
3063 3799 3076 3836 :
3110 3791 3166 3836 et
3219 3795 3417 3837 carnes
3462 3782 3577 3838 elc-

1989 3883 2208 3931 ctorum
2244 3873 2567 3942 devorabit,
2599 3882 2654 3931 et
2679 3874 2823 3932 talos
2852 3888 3047 3932 eorum
3079 3881 3380 3945 pervertet.
3411 3892 3433 3928 ι

2074 4054 2191 4109 lsa.
2223 4066 2396 4108 xxvut
2415 4091 2429 4117 ,
2458 4051 2513 4104 7.
2540 4079 2611 4092 ——
2642 4068 2661 4102 ι
2697 4048 3037 4104 Erraverunt
3067 4059 3293 4122 propter
3315 4066 3576 4110 srceram.

1991 4146 2265 4205 Sacerdos
2291 4153 2348 4200 et
2379 4143 2647 4216 propheta
2679 4142 2846 4214 516
2869 4141 3204 4198 exciderunt
3234 4153 3416 4199 mente
3448 4161 3578 4215 pro-

1991 4248 2113 4311 pter
2153 4238 2343 4294 vinum
2373 4256 2387 4292 :
2421 4237 2824 4292 vacillaverunt
2873 4242 3102 4305 propter
3130 4234 3456 4292 ebrietatem
3498 4237 3582 4294 si-

1989 4345 2148 4388 ceras.
2182 4346 2206 4383 1

2060 4423 2262 4479 Jerem.
2294 4437 2466 4488 χχιιι,
2502 4421 2556 4476 I.
2584 4451 2652 4464 ——
2677 4437 2697 4472 ι
2729 4417 2774 4475 Ο
2805 4426 3094 4490 pastores,
3128 4418 3220 4488 qui
3261 4417 3582 4489 dispergitis

1990 4528 2046 4574 et
2072 4516 2304 4589 perditis
2336 4529 2467 4570 oves
2500 4528 2742 4584 pascuae.
2788 4513 2918 4568 Ideo
2969 4511 3086 4568 haec
3129 4510 3265 4566 dicit
3311 4509 3581 4566 Dominus

287 4600 505 4672 Κύριος
538 4600 632 4653 ἐπὶ
673 4600 800 4662 τοὺς
857 4599 1124 4670 ποιμένας
1179 4600 1304 4662 τοὺς
1358 4598 1755 4668 ποιμαίνοντας
1790 4599 1881 4653 τὸν

2001 4624 2157 4680 super
2204 4616 2456 4679 pastores
2505 4607 2602 4677 qui
2651 4619 2889 4677 pascunt
2915 4605 3177 4676 populum
3209 4617 3434 4658 meum:
3470 4601 3581 4657 Vos

287 4692 427 4747 λαόν
461 4710 566 4762 μου
605 4708 619 4722 ·
669 4691 860 4762 Ὑμεῖς
913 4690 1334 4762 διεσκορπίσατε
1366 4690 1435 4744 τά
1460 4689 1716 4762 πρόσατά
1756 4707 1883 4761 μου,

290 4787 396 4840 καὶ
423 4785 663 4850 ὲξώσατε
689 4784 850 4850 αὐτὰ,
892 4783 991 4838 καὶ
1016 4784 1120 4838 οὐκ
1153 4781 1532 4852 ἐπεσκέψασθε
1557 4783 1719 4837 αύτά.
1752 4782 1884 4836 Ἰδοὺ

289 4876 413 4945 ἐγὼ
470 4876 672 4932 ὲκόικῶ
719 4875 866 4946 ὑμᾶς
911 4873 1059 4929 κατά
1101 4873 1172 4928 τά
1217 4871 1434 4946 πονηρά
1477 4873 1886 4944 ἐπιτηδεύματα

290 4968 478 5040 ὑμῶν.
506 4987 526 5020 ι

374 5079 396 5112 ι
436 5059 694 5131 Πρόὸατα
753 5059 1071 5113 ἀπολωλότα
1115 5057 1354 5130 ἐγενήθη
1403 5060 1432 5113 ὁ
1484 5058 1614 5123 λαός
1659 5071 1800 5129 μου·
1837 5057 1894 5123 οἱ,

299 5153 688 5222 ποιμαίνοντες
717 5152 883 5206 αὑτὸν
910 5151 1119 5218 ἕξωσαν
1144 5152 1365 5218 αὐτοὺς,
1397 5153 1492 5206 ὲπὶ
1539 5150 1609 5206 τὰ
1628 5151 1752 5223 δρη,
1782 5149 1888 5203 ἀπ-

292 5248 621 5318 επλάνησαν
666 5245 886 5310 αὐτούς.
906 5264 926 5298 ι

379 5359 402 5392 ι
439 5342 501 5394 Οἱ
527 5338 907 5410 ἀφηγούμενοι
971 5337 1154 5392 αὐτῶν
1206 5335 1425 5400 λέοντες
1476 5335 1802 5409 ὠρυόμενοι,
1837 5335 1887 5388 οἱ

291 5433 644 5507 ἁρπάζοντες
705 5433 998 5503 ἅρπαγμα,
1060 5429 1239 5500 ψυχάς
1293 5429 1676 5493 κατεσθίοντες
1708 5429 1764 5481 ἐν
1791 5427 1887 5480 δυ-

291 5528 550 5598 ναστείᾳ,
580 5527 674 5581 καὶ
700 5525 866 5598 τιμὰς
903 5524 1277 5596 λαμϐάνοντες
1308 5524 1368 5606 ἐν
1394 5521 1599 5594 ἀδικίᾳ.
1630 5540 1648 5571 s

380 5743 402 5778 ι
437 5727 546 5780 Καὶ
575 5727 743 5797 ἱερεῖς
785 5725 1067 5794 ἠθέτησαν
1094 5720 1258 5791 νόμον
1291 5735 1417 5790 μου,
1455 5717 1551 5771 καὶ
1590 5716 1890 5788 ἐὸεὸήλουν

1992 4699 2344 4773 dispersistis
2371 4714 2524 4764 oves,
2545 4707 2600 4754 et
2627 4698 2875 4768 cjecistis
2899 4711 3014 4762 cas,
3039 4711 3142 4751 nec
3170 4693 3439 4750 visitastis
3460 4709 3578 4753 eas.

1992 4793 2135 4852 Ecce
2164 4807 2266 4864 ego
2301 4791 2543 4848 ulciscar
2574 4806 2675 4848 vos
2696 4831 2712 4857 ,
2748 4798 2804 4846 et
2839 4790 2984 4844 mala
3018 4789 3200 4844 studia
3232 4795 3443 4843 vestra.
3484 4805 3504 4840 ι

2059 5061 2261 5118 Jerem.
2302 5076 2369 5126 ι..
2401 5060 2454 5114 6.
2485 5090 2556 5101 -
2586 5076 2606 5112 ι
2640 5059 2883 5128 Populus
2935 5072 3092 5113 meus
3143 5056 3329 5112 factus
3378 5063 3466 5112 est
3522 5069 3600 5111 ut‘

1988 5172 2123 5214 oves
2152 5171 2275 5227 qua:
2309 5134 2526 5226 pet-iere
2558 5169 2572 5209 :
2609 5150 2704 5220 qui
2731 5151 3032 5220 pascebant
3059 5165 3208 5216 cum,
3243 5149 3580 5221 expulerunt

1991 5265 2088 5307 eos
2120 5249 2177 5305 in
2212 5255 2464 5311 montes,
2497 5259 2690 5301 errare
2723 5243 2976 5299 fecerunt
3007 5257 3126 5300 eos.
3163 5261 3182 5294 ι

2064 5338 2258 5395 Ezech.
2298 5352 2434 5402 χιιι,
2460 5335 2552 5390 25.
2579 5364 2652 5378 --
2674 5353 2692 5387 ι
2723 5332 2903 5390 Duces
2935 5335 2992 5390 in
3025 5334 3208 5390 medio
3239 5349 3432 5390 eorum
3466 5333 3588 5389 δῖος

1995 5443 2056 5488 ιιι
2097 5433 2290 5487 leones
2320 5429 2637 5498 rugientes,
2683 5426 2966 5498 rapientes
3017 5427 3270 5497 rapinam
3296 5467 3312 5494 ,
3365 5427 3582 5481 animas

1992 5526 2325 5580 devorantes
2356 5521 2411 5575 in
2445 5519 2719 5590 potentia,
2753 5527 2807 5574 et
2836 5519 3012 5588 pretia
3043 5519 3382 5590 accipientes
3414 5519 3468 5572 in
3502 5518 3584 5571 in-

1987 5618 2225 5690 justitia.
2253 5638 2270 5672 ι

2068 5712 2214 5768 Ibid.
2251 5713 2444 5768 26-98.
2473 5745 2543 5754 —-
2579 5732 2597 5764 ι
2633 5712 2699 5767 Ει
2731 5707 3047 5765 sacerdotes
3082 5706 3295 5760 irritam
3329 5703 3582 5758 fecerunt

293 5816 372 5870 τὰ
397 5816 529 5885 ἀγιά
566 5833 697 5888 μου’
731 5813 1008 5884 ἀναμέσον
1051 5810 1369 5881 ἀκαθάρτου
1403 5808 1499 5862 καὶ
1548 5807 1796 5879 καθαροῦ
1829 5808 1881 5860 οὐ

2001 5809 2169 5879 legem
2209 5823 2414 5872 meam,
2466 5814 2520 5862 ct
2574 5805 3008 5877 proianaverunt
3060 5798 3374 5856 sanctuaria
3410 5809 3574 5852 mea;

293 5908 634 5976 διέστελλον,
683 5909 779 5963 καὶ
831 5905 1126 5975 ὲὸεϐή).ουν
1173 5921 1240 5974 με
1275 5904 1333 5956 ἐν
1365 5901 1516 5972 μέσῳ
1566 5901 1768 5958 αὐτῶν.
1826 5903 1881 5954 Ol

2001 5904 2141 5958 inter
2196 5898 2538 5956 innnundutn
2593 5908 2646 5957 et
2695 5906 2945 5956 sanctum
2982 5909 3090 5950 non
3129 5887 3580 5960 distinguebant.
