4028 6384
473 399 602 462 Ῑῖ-ῧί

1621 399 1680 459 S.
1715 394 2037 460 JOANNIS
2074 392 2512 460 DAMASCENI

3609 394 3744 460 1552

461 532 512 576 ct
554 518 925 591 profanabant
966 530 1052 571 me
1101 515 1157 570 in
1205 513 1386 570 medio
1434 513 1712 585 ipsorum.
1762 514 2051 584 Principes

2166 515 2418 587 ἄρχοντες
2474 513 2656 571 αὐτῶν
2691 515 2750 570 ἐν
2783 514 2934 587 μέσῳ
2961 515 3135 587 αὐτῆς
3157 516 3234 580 ὡς
3260 513 3441 581 λύκοι,
3467 511 3743 587 ἁρπάζον-

459 629 650 668 eorum
684 614 737 667 in
771 608 1128 666 medioc’llius
1153 608 1318 679 quasi
1349 609 1461 679 lupi
1493 609 1774 681 rapientes
1804 607 2046 680 praedam

460 705 526 758 ad
555 700 946 758 ell'undendum
981 699 1306 771 sanguinem
1327 737 1343 764 ,
1370 709 1429 755 ut
1453 716 1619 758 avare
1644 701 1800 756 lucra
1834 705 2049 756 secten—

461 805 550 848 tur
579 811 594 861 ;
630 802 684 849 et
716 792 999 863 prophetae
1029 792 1151 862 ejus
1180 791 1457 848 liniebant
1487 807 1603 848 eos.
1643 811 1663 845 ι
1749 819 1758 829 ~

532 884 723 940 Ezech.
757 900 924 939 xxxiv
945 925 960 951 ,
993 883 1154 939 240.
1180 915 1249 926 —-
1277 903 1296 937 ι
1325 883 1454 939 Haec
1489 884 1624 940 dicit
1655 881 1925 939 Dominus
1960 900 1973 938 :
2005 879 2050 939 Ο

460 989 713 1050 pastores
739 975 1048 1032 Jerusalem
1076 977 1090 1030 !
1127 976 1378 1046 nunquid
1413 983 1650 1046 pascunt
1679 981 1933 1044 pastores
1961 970 2052 1028 Je-

461 1072 704 1126 rusalem
742 1069 1121 1141 semetipsos?
1159 1083 1342 1124 nonne
1371 1081 1504 1124 oves
1540 1073 1848 1138 pascuntur
1881 1079 1912 1118 a
1950 1078 2050 1135 pa-

458 1161 752 1221 storibus?
785 1162 926 1218 Ecce
973 1162 1060 1216 lac
1094 1159 1422 1225 comeditis,
1455 1168 1509 1215 et
1539 1158 1684 1215 lanis
1717 1157 2047 1229 operimini,

461 1266 516 1312 et
545 1256 690 1328 quod
720 1269 970 1310 crassum
1003 1264 1164 1321 erat,
1189 1253 1480 1319 occiditis,
1515 1259 1572 1307 et
1599 1267 1732 1308 oves
1758 1266 1909 1307 meas
1939 1265 2051 1306 non

463 1350 716 1421 pascitis.
771 1347 931 1414 Quod
984 1347 1268 1402 inﬁrmum
1322 1343 1462 1410 fuit,
1496 1360 1606 1401 non
1639 1342 2050 1404 conforlastis;

462 1442 612 1512 quod
639 1441 900 1504 errabat...
937 1453 1047 1494 non
1071 1437 1429 1494 reduxistis:
1462 1444 1518 1492 et
1569 1435 1718 1507 quod
1770 1433 2050 1506 perierat,

462 1555 573 1592 non
601 1536 1013 1608 quaesistisyet
1039 1533 1188 1604 quod
1244 1532 1386 1587 forte
1435 1539 1593 1596 erat,
1637 1528 1913 1584 amixislis
1966 1527 2050 1582 la-

465 1631 618 1685 bore.
650 1628 716 1683 Et
743 1627 1009 1696 dispersae
1036 1633 1168 1681 sunt
1200 1639 1337 1680 oves
1371 1637 1509 1678 meae
1538 1637 1605 1678 eo
1639 1621 1788 1692 quod
1821 1635 1933 1675 non
1963 1634 2048 1675 es-

462 1729 586 1777 sent
616 1728 892 1791 pastores.
922 1716 1233 1774 Pascebant
1256 1723 1507 1786 pastores
1533 1715 1888 1784 semetipsos,
1920 1727 2054 1768 oves

463 1825 646 1870 autem
684 1827 836 1867 meas
885 1825 997 1866 non
1045 1809 1371 1880 pascebant.
1414 1805 1719 1876 Propterea
1769 1817 1901 1860 ecce
1953 1817 2054 1872 ego

457 1913 915 1977 super-pastores
937 1941 954 1968 ,
992 1908 1050 1958 et
1085 1916 1216 1957 oves
1251 1914 1404 1956 meas
1454 1899 1736 1970 requiram
1772 1896 1842 1954 de
1875 1897 2049 1952 mani-
2087 1883 2127 1938 Β

463 1998 567 2052 bus
590 2011 807 2052 eorum.
839 2015 858 2048 ι

534 2109 665 2178 Sap.
688 2124 777 2176 vt,
800 2107 836 2162 ἓ
859 2125 1001 2180 seqq.
1021 2138 1091 2148 —
1112 2124 1132 2159 ι
1160 2105 1624 2176 Discite,judices
1647 2105 1840 2161 ﬁnium
1867 2112 2052 2171 terrae,

462 2199 726 2270 quoniam
754 2198 883 2253 data
907 2207 994 2253 est
1019 2212 1050 2252 a
1073 2198 1309 2253 Domino
1336 2205 1582 2268 potestas
1606 2205 1814 2254 vestra.
1839 2195 1944 2263 Qui
1968 2197 2056 2252 in-

453 2291 766 2362 terrogabit
787 2306 956 2361 opera
986 2297 1188 2355 vestra,
1211 2297 1265 2346 et
1286 2290 1652 2360 cogitationes
1677 2289 2052 2346 scrutabitur:

463 2384 755 2454 quoniam,
775 2396 903 2436 cum
929 2381 1171 2436 ministri
1201 2382 1402 2436 essetis
1429 2380 1583 2452 regni
1615 2379 1761 2436 illius
1781 2419 1797 2446 ,
1829 2395 1944 2452 non
1965 2393 2057 2436 re-

463 2487 552 2529 cte
572 2473 874 2545 judicastis
895 2514 910 2540 ,
940 2487 1042 2527 nec
1064 2471 1392 2528 custodistis
1418 2472 1589 2542 legem
1612 2511 1627 2537 ,
1657 2486 1833 2543 neque
1858 2485 2060 2526 secun-

462 2567 596 2622 dum
637 2566 977 2621 voluntatem
1016 2563 1113 2619 Dei
1157 2564 1509 2620 ambulastis.
1544 2564 1829 2620 Horrende
1863 2573 1920 2619 et
1947 2565 2060 2619 cito

460 2661 746 2717 incumbet
765 2658 927 2715 vobis
955 2657 1256 2723 interitus;
1286 2658 1551 2728 quoniam
1578 2657 1858 2727 judicium
1884 2656 2063 2713 duris-

461 2752 667 2808 simum
699 2751 755 2805 in
784 2751 872 2805 his
899 2749 995 2821 qui
1018 2759 1296 2821 praesunt,
1327 2750 1406 2804 lit.
1441 2749 1657 2819 Exiguo
1687 2752 1835 2805 enim
1862 2764 2062 2806 conce-

462 2846 613 2900 ditur
647 2824 1090 2900 inisericordia:
1131 2851 1386 2913 potentes
1427 2851 1612 2898 autem
1655 2848 1914 2914 potenter
1945 2850 2061 2898 tor-

464 2945 650 2994 menta
703 2939 1012 3006 patientur.
1067 2935 1188 2990 Non
1240 2937 1388 2992 enim
1432 2936 1726 2992 subtrahet
1762 2950 2058 3006 personam

463 3030 734 3088 Dominus
760 3032 1050 3086 hominum
1073 3070 1087 3097 ,
1114 3045 1218 3085 nec
1245 3029 1531 3085 verebitur
1555 3029 2052 3100 magnitudinem.»

462 3121 530 3177 Et
560 3138 782 3179 rursum
808 3141 822 3177 :
849 3142 868 3175 ι
897 3121 1249 3178 Fortioribus
1284 3122 1484 3177 fortior
1513 3123 1684 3179 instat
1720 3121 2052 3178 cruciatio.»

2157 628 2249 674 τες
2298 609 2594 682 ἅρπαγμα,
2652 607 2747 664 τοῦ
2801 609 2992 680 ἐκχέαι
3038 603 3203 682 αἷμα,
3254 609 3408 672 ὅπως
3457 606 3746 678 πλεονεξίᾳ⁵

2158 702 2562 758 πλεονεκτῶσιν
2594 715 2610 730 ·
2657 702 2753 758 καὶ
2786 703 2836 756 oi
2869 701 3149 775 προφῆται
3195 701 3371 772 αὐτῆς
3429 699 3748 769 ἀλείφοντες

2155 796 2374 861 αὐτούς.
2402 815 2423 850 ι

2235 908 2255 943 ι
2292 890 2434 945 Τάδε
2461 889 2612 960 λέγει
2639 890 2867 961 Κύριοςο
2906 883 2979 945 Ὠ
2995 889 3045 943 οἱ
3067 886 3327 959 ποιμένες
3367 883 3747 958 Ἰερουσαλήμὶ

2162 981 2236 1054 μὴ
2262 981 2550 1053 βόσκουσιν
2589 984 2638 1037 οἱ
2676 981 2941 1052 ποιμένες
2997 981 3269 1048 έαυτούς;
3307 980 3370 1034 ού
3393 979 3464 1033 τὰ
3493 976 3752 1048 πρόϐατα

2161 1073 2450 1144 βόσκουσιν
2470 1076 2522 1129 οἱ
2549 1076 2843 1146 ποιμένες;
2880 1074 3014 1128 Ἰδοὺ
3044 1074 3106 1128 τὸ
3132 1075 3274 1143 γάλα
3302 1069 3623 1127 κατεσθίετε
3655 1069 3754 1122 καὶ

2158 1169 2227 1222 τά
2257 1167 2380 1239 έρια
2417 1168 2839 1240 περιϐάλλεσθε,
2879 1172 2977 1224 καὶ
3021 1169 3082 1223 τὺ
3119 1169 3268 1240 παχὺ
3317 1163 3619 1236 σφάζεσθε,
3657 1163 3755 1217 καὶ

2159 1258 2228 1313 τά
2252 1257 2505 1330 πρόϐατά
2569 1277 2672 1330 μου
2736 1260 2798 1313 οὐ
2859 1258 3110 1329 βόσκετε.
3165 1258 3242 1312 Τὸ
3282 1255 3590 1328 ήσθενηκὸς
3652 1252 3757 1308 οὐκ

2164 1350 2518 1422 ἐνισχύσατε,
2571 1351 2753 1406 καὶτὸ
2789 1351 3148 1422 πλανώμενον
3196 1351 3299 1404 οὑκ
3350 1347 3754 1420 ἐπεστρέᾴατε,

2162 1443 2259 1496 καὶ
2303 1443 2364 1497 τὸ
2410 1444 2693 1508 ἀπολωλὸς
2741 1445 2843 1499 οὐκ
2887 1445 3221 1516 ἐζητήσατε,
3273 1443 3372 1497 καὶ
3412 1442 3475 1495 τὸ
3530 1439 3757 1512 ἰσχυρὸν

2162 1537 2629 1608 κατειργάσασθε,
2654 1537 2750 1590 καὶ
2769 1536 3044 1608 διεσπάρη
3073 1536 3143 1589 τὰ
3170 1533 3426 1606 πρόϐατά
3453 1550 3557 1605 μου
3576 1531 3669 1584 διὰ
3694 1531 3760 1584 τὸ

2165 1631 2241 1702 μή
2287 1625 2432 1684 εἶναι
2471 1629 2765 1701 ποιμένας.
2801 1628 3071 1684 Ἔϐοσκον
3099 1629 3151 1681 oi
3192 1627 3454 1697 ποιμένες
3499 1623 3757 1686 ἑαυτοὺς,

2163 1723 2232 1778 τά
2260 1723 2319 1777 δέ
2351 1722 2602 1795 πρόϐατά
2635 1741 2740 1794 μου
2782 1721 2886 1777 οὐκ
2915 1721 3164 1775 ἔϐοσκον.
3205 1720 3354 1774 Ἀντὶ
3391 1717 3587 1772 τούτου
3641 1716 3759 1770 ίδοὺ

2163 1815 2275 1885 ἐγὼ
2300 1816 2395 1870 ἐπὶ
2427 1816 2556 1880 τοὺς
2597 1815 2867 1886 ποιμένας
2915 1815 3011 1868 καὶ
3061 1811 3354 1886 ἐκζητήσω
3400 1812 3470 1866 τὰ
3498 1807 3762 1883 πρόϐατά

2160 1926 2262 1980 μου
2291 1909 2354 1962 ἐκ
2389 1907 2499 1962 τῶν
2531 1906 2736 1980 χειρῶν
2769 1905 2972 1961 αὐτῶν.
2996 1924 3016 1957 ι

2244 2131 2262 2164 ι
2303 2112 2528 2168 Μάθετε
2575 2112 2837 2168 δικασταὶ
2863 2111 3120 2183 περάτων
3149 2110 3251 2181 τῆς
3303 2109 3434 2182 γῆς,
3481 2109 3564 2164 ὅτι
3595 2109 3758 2182 ἐδόθη

2160 2205 2314 2275 παρὰ
2346 2204 2555 2275 Κυρίου
2585 2204 2620 2275 ή
2654 2203 2925 2276 κράτησις
2961 2201 3139 2273 ὑμῶν.
3171 2203 3268 2265 Ὃς
3296 2201 3546 2267 ἐξετάσει
3597 2200 3760 2272 ὑμῶν

2159 2296 2230 2350 τὰ
2259 2295 2417 2368 ἔργα,
2464 2297 2561 2350 καὶ
2586 2297 2684 2360 τάς
2723 2294 2920 2367 βουλὰς
2957 2295 3320 2367 διερευνήσει,
3353 2295 3436 2348 ὅτι
3475 2295 3759 2366 ὑπηρέται

2160 2391 2315 2456 ὅντες
2361 2392 2462 2462 τῆς
2491 2389 2659 2444 αὑτοῦ
2719 2389 3018 2460 βασιλείας,
3073 2390 3176 2442 οὐκ
3232 2387 3488 2460 ἐκρίνατε
3551 2387 3760 2459 ὀρθῶς,

2160 2484 2286 2538 οὐδὲ
2315 2483 2620 2553 ἐφυλάξατε
2681 2481 2869 2553 νόμον,
2926 2481 3051 2534 οὑδέ
3101 2479 3243 2534 κατὰ
3293 2481 3394 2552 τὴν
3429 2479 3625 2551 βουλήν
3659 2479 3762 2534 τοῦ

2162 2576 2300 2631 Θεοῦ
2329 2575 2689 2647 ἐπορεύθητε.
2745 2572 2999 2646 Φρικτῶς
3031 2575 3125 2626 καὶ
3154 2574 3370 2644 ταχέως
3398 2573 3763 2642 ἐπιστήσεται

2165 2671 2295 2742 ὑμῖν
2344 2667 2588 2739 δλεθρος,
2632 2667 2718 2720 ὅτι
2777 2665 2960 2737 κρίσις
3002 2663 3281 2735 ἀπότομος
3326 2666 3384 2718 ἐν
3416 2667 3531 2728 τοῖς
3582 2664 3765 2735 ὑπερ-

2163 2760 2349 2830 έχουσι
2391 2757 2624 2828 γίνεται.
2660 2757 2719 2811 '0
2750 2755 2861 2825 γὰρ
2913 2754 3200 2824 ἐλάχιστος
3227 2753 3580 2822 συγγνωστός
3608 2754 3766 2806 ἐστιν

2163 2850 2350 2913 ἐλέους
2378 2866 2392 2880 ·
2429 2846 2649 2902 δυνατοὶ
2677 2847 2736 2900 δὲ
2765 2844 3012 2908 δυνατῶς
3071 2843 3492 2916 ἐτασθήσονται.
3531 2843 3610 2896 Οὐ
3648 2843 3767 2914 γάρ

2163 2942 2545 2997 ὑποστελεῖται
2607 2939 2904 3011 πρόσωπον
2927 2939 2956 2993 ό
2983 2938 3204 2993 πάντων
3266 2938 3574 3008 Δεσπότης,
3635 2937 3764 2991 οὐδὲ

2164 3036 2576 3108 ἐντραπήσεται
2642 3031 2900 3104 μέγεθος.
2934 3049 2952 3084 ι
2999 3031 3113 3085 Καὶ
3146 3030 3312 3085 πάλιν
3339 3045 3357 3064 ο
3401 3049 3420 3083 ι
3445 3031 3574 3093 Τοῖς
3617 3047 3765 3102 κρα-

2163 3131 2338 3192 ταιοῖς
2367 3125 2568 3198 ἰσχυρὰ
2593 3123 2884 3193 ἐφίσταται
2906 3123 3121 3192 έρευνα.
3156 3141 3174 3175 ι

534 3217 734 3273 Matth.
757 3234 895 3273 χχιιι
917 3259 930 3283 ,
960 3220 983 3273 1
1025 3236 1168 3290 seqq.
1192 3251 1259 3260 —
1285 3218 1438 3273 Tunc
1458 3215 1621 3273 Jesus
1646 3217 1861 3272 locutus
1888 3226 1972 3272 est
1991 3215 2056 3270 ad

2234 3241 2255 3274 ι
2294 3222 2430 3275 Τότε
2471 3223 2499 3275 ό
2534 3218 2748 3292 Ἰησοῦς
2800 3217 3030 3288 ἐλάλησε
3083 3218 3196 3278 τοῖς
3251 3215 3434 3286 ὄχλοις
3482 3214 3580 3268 καὶ
3645 3215 3767 3277 τοῖς

461 3310 691 3376 turbas,
735 3318 790 3366 et
829 3311 895 3364 ad
936 3311 1247 3382 discipulos
1281 3327 1449 3377 suos,
1485 3312 1676 3367 dicens
1709 3333 1721 3366 :
1753 3308 1936 3380 Super
1965 3324 2059 3363 ca-

462 3405 711 3459 thedram
741 3404 915 3477 Moysi
945 3405 1213 3462 sederunt
1235 3405 1444 3460 Scribae
1471 3414 1524 3460 et
1547 3403 1837 3460 Pharisaei.
1861 3403 2058 3459 Omnia

461 3512 594 3568 ergo
632 3513 983 3569 quaecunque
1022 3496 1268 3553 dixerint
1310 3497 1469 3552 vobis
1503 3512 1765 3562 servare,
1803 3502 2057 3560 servate;

462 3591 773 3648 secundum
809 3599 994 3647 autem
1022 3607 1191 3662 opera
1216 3606 1409 3646 eorum
1433 3591 1606 3646 nolite
1635 3589 1837 3645 facere.
1866 3588 2063 3643 Dicunt

461 3686 648 3752 enim,
680 3693 736 3740 et
764 3699 875 3738 non
911 3683 1145 3740 faciunt.
1183 3685 1434 3756 Alligant
1471 3683 1618 3737 enim
1659 3695 1830 3736 onera
1871 3680 2060 3751 gravia

463 3789 519 3834 et
546 3777 944 3848 importabilia,
975 3785 1028 3832 et
1051 3778 1346 3848 imponunt
1385 3792 1449 3832 ea
1488 3777 1543 3830 in
1582 3775 1847 3830 humeros
1884 3772 2062 3827 homi-

463 3883 596 3924 num
623 3886 638 3934 ;
668 3868 843 3938 digito
873 3874 1059 3922 autem
1091 3881 1196 3923 suo
1226 3882 1338 3922 non
1369 3874 1592 3921 movent
1622 3879 1709 3920 ea.
1733 3862 1930 3918 Omnia
1960 3877 2062 3915 au-

463 3970 574 4015 tem
609 3975 777 4030 opera
812 3974 914 4015 sua
948 3959 1162 4014 faciunt
1198 3967 1258 4014 ut
1291 3959 1588 4014 videantur
1621 3959 1689 4012 ab
1717 3955 2058 4011 hominibus.

463 4052 710 4107 Dilatant
733 4053 881 4108 enim
923 4051 1270 4124 phylacteria
1304 4066 1428 4117 sua,
1460 4059 1516 4106 et
1545 4049 1905 4120 magnificam
1942 4048 2064 4102 [im-

461 4146 614 4204 brias
644 4146 1100 4202 vestimentorum
1132 4160 1384 4200 suorum.
1420 4145 1620 4198 Amant
1651 4143 1816 4199 etiam
1850 4142 2063 4212 primos

461 4238 748 4294 recubittts
780 4239 836 4293 in
863 4238 1041 4294 caenis
1063 4278 1078 4303 ,
1105 4246 1162 4292 et
1191 4238 1401 4307 primas
1429 4237 1724 4292 cathedras
1750 4235 1806 4289 in
1834 4248 2066 4306 synago-

463 4333 571 4401 gis,
599 4341 653 4388 et
683 4332 1047 4387 salutationes
1077 4331 1130 4385 in
1167 4331 1307 4394 l'uro,
1338 4337 1393 4386 et
1423 4330 1608 4384 vocari
1639 4328 1708 4382 ab
1733 4327 2064 4382 hominibus

459 4422 664 4478 Rahbi.
697 4421 808 4478 Vos
846 4431 1028 4479 autem
1067 4421 1235 4476 nolite
1266 4420 1452 4475 vocari
1488 4418 1690 4474 Rabbi.
1724 4416 1883 4472 Unus
1913 4416 2064 4472 enim

466 4527 552 4573 est
593 4515 856 4587 Magister
892 4523 1077 4572 vester
1109 4513 1370 4569 Christus
1407 4533 1420 4566 :
1471 4525 1668 4566 omnes
1720 4518 1905 4563 autem
1965 4521 2064 4562 vos

2164 3314 2438 3386 μαθηταῖς
2457 3311 2647 3376 αὑτοῦ,
2674 3311 2848 3380 λέγων
2869 3326 2883 3342 ·
2917 3309 3042 3363 Ἐπὶ
3059 3308 3160 3376 τῆς
3183 3306 3466 3371 Μωῦσέως
3484 3305 3765 3378 καθέδρας

2161 3406 2426 3462 ἐκάθισαν
2459 3406 2510 3458 oi
2544 3404 2903 3476 Γραμματεῖς
2938 3402 3032 3456 καὶ
3079 3401 3390 3472 Φαρισαῖοι.
3440 3400 3631 3454 Πάντα
3667 3396 3768 3454 οὖν

2162 3501 2266 3556 ὅσα
2299 3499 2367 3554 ἂν
2395 3499 2630 3568 λέγωσιν
2681 3499 2816 3567 ὑμῖν
2874 3499 3088 3568 τηρεῖν,
3133 3495 3380 3566 τηρεῖτε,
3435 3495 3581 3547 κατὰ
3608 3494 3670 3548 δὲ
3694 3493 3766 3547 τά

2163 3594 2304 3665 ἔργα
2334 3591 2516 3647 αὐτῶν
2547 3591 2624 3661 μὴ
2661 3592 2894 3645 ποιεῖτε.
2943 3588 3184 3658 Λέγουσι
3240 3587 3374 3657 γὰρ,
3404 3586 3503 3640 καὶ
3542 3585 3603 3638 οὐ
3639 3602 3767 3638 ποι-

2163 3682 2807 3755 οῦσι.Δεσμεύουσιγάρ
2831 3680 3032 3753 φορτία
3078 3679 3251 3752 βαρέα
3306 3679 3404 3733 καὶ
3449 3678 3769 3733 δυσϐάστα-

2164 3796 2291 3847 κτα,
2317 3778 2415 3833 καὶ
2434 3775 2778 3831 ἐπιτιθέασιν
2800 3775 2893 3828 ἐπὶ
2911 3776 3038 3839 τοὺς
3068 3773 3250 3845 ὤμους
3290 3773 3402 3826 τῶν
3424 3771 3525 3826 ἀνθ
3534 3771 3764 3842 ρώπων,

2164 3871 2245 3943 τῷ
2278 3872 2334 3925 δὲ
2366 3868 2623 3940 δακτύλῳ
2665 3864 2856 3922 αὐτῶν
2885 3867 2947 3920 οὐ
2979 3866 3226 3920 κινοῦσιν
3280 3864 3442 3920 αὐτά.
3485 3864 3678 3916 Πάντα
3709 3862 3766 3915 δὲ

2164 3958 2234 4012 τὰ
2268 3957 2408 4028 ἔργα
2435 3955 2619 4010 αὐτῶν
2677 3954 2928 4010 ποιοῦσιν
2958 3956 3098 4026 πρὸς
3131 3955 3194 4009 τὺ
3224 3953 3487 4025 θεαθῆναι
3507 3954 3648 4016 τοῖς,
3667 3953 3766 4007 άν-

2166 4050 2430 4124 θρώποις.
2488 4050 2830 4104 Πλατύνουσι
2883 4050 2993 4121 γάρ
3030 4051 3098 4103 τά
3130 4049 3484 4120 φυλακτήρια
3555 4045 3764 4111 αὐτῶν,

2166 4144 2264 4198 καὶ
2299 4139 2666 4215 μεγαλύνουσι
2698 4142 2770 4196 τὰ
2795 4143 3088 4215 κράσπεδα
3111 4141 3221 4196 τῶν
3264 4140 3499 4212 ἱματίων
3553 4138 3764 4203 αὐτῶν,

2167 4237 2386 4308 φιλοῦσί
2422 4255 2483 4292 τε
2519 4238 2619 4301 τὰς
2672 4237 3080 4308 πρωτοκλισίας
3108 4236 3168 4290 ἐν
3194 4238 3310 4300 τοῖς
3351 4235 3616 4300 δείπνοις,
3670 4236 3767 4289 καὶ

2167 4331 2269 4395 τὰς
2324 4329 2788 4402 πρωτοκαθέδρας
2815 4331 2876 4382 ἐν
2913 4331 3037 4391 ταῖς
3069 4330 3438 4398 συναγωγαῖς,
3469 4328 3568 4382 καὶ
3633 4328 3770 4391 τοὺς

2169 4423 2499 4495 ἀσπασμοὺς
2524 4425 2583 4477 ἐν
2617 4426 2740 4488 ταῖς
2795 4423 3047 4492 ἀγοραῖς,
3075 4421 3171 4474 καὶ
3194 4418 3482 4475 καλεῖσθαι
3519 4419 3630 4474 ὑπὸ
3656 4419 3769 4474 τῶν

2169 4516 2476 4589 ἀνθρώπων
2517 4515 2729 4572 Ῥαϐϐί.
2764 4515 2956 4586 Ὑμεῖς
2991 4513 3050 4568 δὲ
3086 4514 3162 4585 μὴ
3219 4513 3494 4584 κληθῆτε,
3541 4512 3768 4566 Ῥαϐϐί.

458 4607 668 4664 fratres
684 4572 851 4664 estis.
879 4607 946 4661 Et
973 4613 1189 4676 patrem
1215 4605 1386 4660 nolite
1405 4610 1652 4658 vestrum
1677 4600 1840 4671 517
1865 4613 2059 4655 vocare

2171 4572 2410 4676 Εἷξγάρ
2435 4605 2591 4676 ὑμῶν
2617 4607 2768 4659 ἐστιν
2797 4572 3178 4674 ὁικαθηγητὴς
3206 4605 3235 4656 ὁ
3260 4572 3521 4675 Χριστὸς,
3559 4603 3769 4665 πάντες

467 4717 632 4770 super
671 4709 898 4756 terram.
946 4697 1102 4754 Unus
1135 4699 1282 4754 enim
1322 4706 1408 4752 est
1442 4695 1606 4750 Pater
1643 4703 1829 4750 vester
1866 4694 1962 4765 qui
2004 4693 2059 4748 in

468 4793 626 4847 cmlis
656 4799 762 4847 est.
798 4791 901 4858 Qui
935 4798 1122 4846 autem
1159 4789 1338 4860 major
1365 4797 1449 4844 est
1480 4799 1724 4844 vestrum
1746 4832 1761 4855 ,
1796 4789 1872 4843 sit
1899 4787 2063 4842 mini~

469 4893 586 4940 ster
614 4892 821 4940 vester.
846 4884 952 4951 Qui
979 4894 1166 4940 autem
1188 4899 1249 4940 se
1273 4881 1620 4946 exaltaverit,
1642 4881 2061 4948 humiliabitur;

455 4980 633 5049 vetqui
657 4996 717 5035 se
734 4980 1138 5047 humiliaverit,
1160 4978 1522 5034 exaltabitur.
1540 4975 1634 5032 Vm
1649 4977 1831 5044 vobis,
1853 4977 2064 5033 Scriba;

470 5080 525 5126 et
541 5071 805 5127 Pharisaei
821 5072 1153 5144 hypocritae,
1172 5071 1305 5142 quia
1327 5069 1617 5126 comeditis
1648 5071 1843 5128 domos
1869 5069 2064 5126 vidua-

472 5179 639 5230 rum,
683 5163 878 5235 longas
913 5165 1195 5220 orationes
1231 5165 1299 5218 ad
1338 5145 1772 5220 ostentationem
1815 5170 2060 5219 orantes.

469 5256 702 5327 Propter
737 5258 840 5312 hoc
887 5257 1170 5329 recipietis
1213 5257 1452 5329 amplius
1483 5257 1785 5327 judicium.
1818 5256 1914 5312 Vae
1958 5271 2063 5312 au-

463 5360 581 5406 tem
613 5353 793 5416 vobis,
821 5351 1029 5407 Scriba:
1057 5359 1111 5408 et
1131 5350 1391 5406 Phariszei
1413 5352 1742 5423 hypocrita),
1764 5351 1890 5420 quia
1909 5350 2066 5404 clau-

471 5445 600 5498 ditis
627 5460 855 5515 regnum
891 5445 1190 5507 caelorum;
1218 5459 1316 5499 vos
1348 5451 1529 5498 autem
1556 5459 1664 5498 non
1690 5443 1935 5506 intratis,
1962 5454 2062 5496 nec

470 5535 817 5591 introeuntes
852 5537 1036 5592 smilis
1059 5535 1288 5592 intrare.
1312 5535 1408 5590 Vae
1429 5545 1616 5590 autem
1641 5535 1823 5599 vobis,
1848 5534 1942 5604 qui
1967 5532 2063 5587 de-

471 5627 690 5682 cimatis
722 5627 1024 5692 mentham,
1062 5635 1118 5682 et
1144 5627 1429 5693 anethum,
1461 5636 1519 5682 et
1549 5627 1859 5699 cyminum,
1889 5634 1944 5680 et
1975 5640 2062 5680 re-

467 5718 715 5788 iiquistis
739 5735 860 5789 quae
878 5721 1134 5791 graviora
1161 5730 1290 5776 sunt
1317 5721 1474 5790 legis,
1498 5718 1796 5788 judicium,
1818 5725 1871 5774 et
1894 5717 2062 5774 mise-

467 5809 790 5876 ricordiam,
817 5823 870 5867 et
905 5811 1066 5867 ﬁdem
1106 5830 1120 5867 :
1152 5813 1472 5872 excolautes
1500 5812 1756 5876 culicem,
1783 5812 2057 5865 camelum

466 5907 655 5955 autem
687 5903 1074 5974 deglulientes.
1101 5903 1190 5960 Va:
1215 5913 1397 5960 autem
1420 5903 1600 5968 vobis,
1624 5904 1752 5972 quia
1775 5902 2060 5961 mundatis

2166 4701 2224 4754 δὲ
2257 4700 2416 4770 ὑμεῖς
2470 4698 2692 4767 ἀδελφοί
2750 4701 2894 4754 ἐστε.
2962 4698 3076 4753 Καὶ
3123 4697 3336 4769 πατέρα
3383 4697 3459 4768 μὴ
3486 4695 3767 4766 καλέσητε

2167 4791 2324 4864 ὑμῶν
2381 4791 2478 4845 ἐπὶ
2531 4793 2635 4862 τῆς
2690 4792 2816 4862 γῆς.
2851 4787 2946 4855 Εἷς
2995 4791 3105 4862 γάρ
3163 4789 3578 4860 ἐστινόΠατὴρ
3608 4787 3767 4858 ὑμῶν

2164 4884 2275 4939 ὀέν
2293 4883 2567 4955 οὐρανοῖς.
2615 4881 2674 4934 '0
2692 4879 2751 4934 δὲ
2790 4880 2998 4951 μείζων
3051 4881 3208 4952 ὑμῶν
3260 4879 3402 4932 ἔστω
3451 4875 3612 4948 ὑμῶν
3646 4877 3766 4932 διά-

2168 4993 2350 5041 κονος.
2410 4973 2605 5040 Ὀστις
2632 4975 2690 5028 δὲ
2725 4973 2934 5043 ὑψώσει
2985 4972 3202 5037 ἐαυτὸν,
3260 4969 3763 5042 ταπεινωθήσεται,

2165 5064 2262 5119 καὶ
2320 5065 2473 5126 ὅστις
2534 5067 2870 5119 ταπεινώσει
2923 5062 3147 5129 ἐαυτὸν,
3205 5061 3583 5132 ὑψωθήσεται.
3625 5060 3768 5113 Οὐαὶ

2166 5155 2320 5226 ὑμῖν,
2385 5157 2749 5227 Γραμματεῖς
2787 5153 2887 5209 καὶ
2936 5143 3226 5224 Φαρισαῖοι
3283 5149 3626 5220 ὑποκριταὶ,
3681 5148 3765 5200 ὅτι

2165 5247 2491 5302 κατεσθίετε
2516 5247 2619 5312 τὰς
2669 5247 2850 5310 οίκίας
2902 5245 3014 5300 τῶν
3062 5243 3270 5316 χηρῶν,
3330 5243 3429 5297 καὶ
3485 5240 3765 5314 προφάσει

2168 5338 2357 5411 μακρά
2385 5337 2820 5411 προσευχόμενοι
2853 5353 2868 5367 ·
2910 5336 3000 5389 διὰ
3027 5336 3188 5389 τοῦτο
3230 5333 3472 5406 λήψεσθε
3504 5329 3764 5404 περισσό-

2163 5449 2322 5504 τερον
2363 5433 2561 5502 κρῖμα.
2613 5430 2752 5484 Οὐαὶ
2779 5429 2836 5483 δὲ
2869 5429 3020 5500 ὑμῖν,
3068 5428 3427 5500 Γραμματεῖς
3466 5425 3563 5479 καὶ
3598 5426 3763 5495 Φαρι-

2169 5525 2310 5577 σαῖοι
2385 5522 2705 5594 ὑποκριταὶ,
2758 5521 2841 5575 ὅτι
2895 5520 3110 5574 κλείετε
3160 5519 3261 5590 τὴν
3306 5517 3589 5590 βασιλείαν
3651 5514 3764 5569 τῶν

2163 5615 2434 5687 οὐρανῶν,
2482 5615 2642 5686 ὑμεῖς
2675 5614 2734 5668 δέ
2753 5614 2856 5667 οὐκ
2890 5612 3234 5685 εἰσέρχεσθε,
3273 5611 3396 5665 οὐδὲ
3421 5611 3548 5674 τοὺς
3582 5609 3763 5680 εἰσερ-

2162 5709 2432 5781 χομένους
2476 5707 2668 5778 ἀφίετε
2723 5707 2924 5760 ἐλθεῖν.
2960 5708 3096 5760 Οὐαὶ
3119 5706 3177 5759 δὲ
3200 5706 3348 5775 ὑμῖν,
3376 5704 3459 5758 ὅτι
3495 5701 3765 5756 ἀποδεκα-

2161 5801 2323 5857 τοῦτε
2351 5801 2446 5854 τὸν
2488 5801 2783 5871 ἡδύοσμον,
2823 5802 2918 5854 καὶ
2941 5798 3003 5853 τὸ
3031 5798 3253 5868 ἄνηθον,
3281 5798 3378 5851 καὶ
3399 5795 3463 5850 τὸ
3500 5793 3758 5866 κύμινον,

2165 5898 2261 5951 καὶ
2286 5896 2540 5965 ἀφήκατε
2570 5895 2636 5949 τὰ
2666 5895 2948 5967 βαρύτερα
2988 5893 3084 5948 τοῦ
3143 5893 3332 5964 νόμου,
3392 5889 3491 5963 τὴν
3549 5885 3774 5960 κρίθινι.
