4028 6396
320 365 450 431 1553

1562 370 1804 432 SACRA
1843 369 2317 432 PARALLELA.

3460 369 3593 434 155i

316 474 532 532 καὶτὸν
579 472 751 541 ἔλεον,
801 472 896 528 καὶ
941 473 1041 544 τὴν
1103 474 1289 527 πίστιν
1315 490 1327 505 ·
1356 475 1405 528 ot
1427 475 1757 544 διυλίζοντες
1807 480 1892 534 τὸν

2012 481 2151 552 quod
2181 479 2394 538 deforis
2422 488 2510 537 est
2533 480 2730 538 calicis
2759 490 2816 537 et
2844 481 3160 554 paropsidis
3185 499 3202 546 ς
3230 482 3380 540 intus
3410 497 3598 544 autem

317 568 568 632 κώνωπα,
597 561 696 634 τὴν
714 563 772 618 δὲ
802 563 1052 635 κάμηλον
1068 564 1485 631 καταπίνοντες.
1507 569 1649 624 Οὐαὶ
1663 569 1722 623 δὲ
1749 569 1900 640 ύμῖν,

2009 573 2156 643 pleni
2209 572 2348 629 estis
2402 574 2602 643 rapina
2655 581 2708 630 et
2765 573 3028 630 avaritia.
3088 573 3367 632 Phariszee
3416 593 3596 644 caece,

317 655 733 729 ὃτικαθαρίξετε
757 655 820 710 τὸ
841 655 1044 721 ἔξωθεν
1062 657 1156 710 τοῦ
1185 658 1473 730 ποτηρίου,
1501 660 1596 714 καὶ
1629 661 1732 730 τῆς
1759 680 1892 734 παρ-

2012 661 2218 715 munda
2249 661 2408 731 prius
2443 661 2588 729 quod
2622 661 2777 717 intus
2806 670 2892 718 est
2922 662 3121 719 caliois
3153 672 3210 718 et
3244 667 3560 736 paropsidis
3581 707 3599 732 ,

316 748 511 818 οψίδος,
541 745 816 813 ἐσωθενζδὲ
833 744 1099 816 γέμουσιν
1115 746 1438 819 ἐξαρπαγῆς
1454 750 1548 802 καὶ
1564 750 1900 816 πλεονεξίας.

317 838 573 911 Φαρισαῖε
596 837 790 907 τυφλὲ,
820 835 1122 906 καθάρισον
1158 836 1378 909 πρῶτον
1400 839 1462 893 τὸ
1489 841 1642 905 ἐντὸς
1672 841 1768 894 τοῦ
1804 859 1903 895 πο-

317 931 500 1003 τηρίου
528 930 625 984 καί¹
651 929 756 1000 τῆς
781 929 1102 998 παροψίδος,
1139 930 1229 983 ἵνα
1252 930 1486 1002 γένηται
1518 933 1617 987 καὶ
1648 933 1711 986 τὸ
1742 933 1902 997 ἐκτὸς

318 1021 477 1078 αὐτοῦ
513 1021 776 1094 καθαρόν.
801 1021 942 1076 Οὐαὶ
960 1021 1016 1075 δὲ
1055 1022 1208 1092 ὑμῖν,
1243 1023 1326 1077 ὅτι
1362 1024 1770 1095 παρομοιάζετε
1803 1025 1902 1080 τά-

317 1133 433 1188 φοις
465 1113 875 1185 κεκονιαμένοις
893 1155 909 1181 ,
941 1114 1140 1178 οἵτινες
1165 1114 1364 1180 ἔξωθεν
1395 1115 1496 1188 μὲν
1519 1117 1802 1186 φαίνονται
1830 1114 1902 1169 ώ-

321 1208 480 1279 ραῖοι.
517 1203 762 1271 Ἔξωθεν
786 1207 888 1276 μὲν
913 1205 1174 1276 φαίνεσθε
1195 1211 1308 1272 τοῖς
1325 1208 1640 1280 ἀνθρώποις
1669 1209 1897 1276 δίκαιοι,

317 1299 514 1354 ἔσωθεν
541 1299 599 1352 δέ
632 1297 826 1368 μεστοί
885 1299 1010 1352 ἐστε
1074 1300 1422 1370 ὑποκρίσεως
1473 1302 1568 1356 καὶ
1611 1302 1894 1372 ἀνομίας.»

295 1389 305 1447 l
390 1411 408 1443 ι
445 1391 574 1446 Ἐὰν
603 1390 659 1445 δὲ
685 1392 816 1462 εἴπῃ
840 1393 869 1445 ὁ
908 1391 1077 1456 κακὸς
1104 1390 1294 1457 δοῦλος
1332 1394 1540 1458 ἐκεῖνος
1578 1395 1637 1447 ἐν
1668 1396 1736 1466 τῇ
1768 1410 1902 1466 καρ-

315 1486 400 1557 δίᾳ
431 1484 621 1546 αοότοῦ,
640 1482 898 1556 Χρονίζει
915 1485 943 1536 ὁ
968 1482 1157 1556 κύριός
1195 1501 1297 1555 μου
1325 1485 1524 1550 ἐλθεῖν,
1546 1487 1642 1540 καὶ
1664 1485 1901 1557 ἄρξηται

316 1577 535 1630 τύπτειν
565 1577 693 1639 τοὺς
747 1575 1070 1638 συνδούλους
1125 1577 1315 1640 αὐτοῦ,
1349 1577 1553 1632 ἐσθιειν
1587 1578 1646 1632 δὲ
1680 1578 1775 1632 καὶ
1810 1577 1902 1630 πί-

317 1684 422 1721 νειν
493 1668 637 1738 μετὰ
693 1667 804 1720 τῶν
863 1667 1176 1738 μεθυόντων
1223 1684 1238 1699 ο
1284 1667 1410 1740 ἥξει
1470 1670 1500 1723 ὁ
1546 1669 1739 1741 κύριος
1805 1666 1899 1723 τοῦ

315 1756 497 1811 δούλου
538 1756 750 1811 ἐκείνου
779 1759 838 1811 ἐν
864 1758 1050 1830 ἡμέρᾳ.
1119 1762 1180 1813 οὐ
1217 1761 1516 1831 προσδοκᾷ,
1550 1762 1645 1816 καὶ
1671 1762 1731 1816 ἐν
1754 1761 1898 1832 ὥρᾳ,

2009 765 2068 809 ιιι
2118 753 2215 808 ﬁat
2257 755 2310 808 id
2363 753 2511 823 quod
2563 753 2774 810 deforis
2804 761 2919 821 est,
2952 755 3247 810 mundum.
3287 756 3373 812 Va:
3403 761 3597 827 vobis,

2009 842 2220 899 Scrist
2259 851 2316 898 et
2354 841 2620 898 Pharisaei
2662 842 2968 912 hypocrita:
2992 881 3007 907 ,
3040 842 3170 912 quia
3208 844 3420 900 similes
3458 848 3599 903 estis

2006 935 2282 1006 sepulcris
2311 934 2618 998 dealbatis,
2649 947 2773 1004 qua:
2809 948 2840 987 a
2879 932 3014 989 foris
3051 943 3247 1004 parent
3276 935 3598 993 hominibus

2006 1027 2283 1098 speciosa.
2331 1027 2439 1082 Vos
2509 1025 2734 1098 quidem
2782 1039 2813 1078 a
2859 1024 2993 1081 foris
3043 1026 3252 1094 paretis
3275 1027 3597 1086 hominibus

2000 1117 2182 1186 justi:
2214 1119 2366 1175 intus
2423 1127 2609 1175 autem
2656 1117 2805 1190 pleni
2834 1117 2972 1174 estis
3023 1117 3300 1189 hypocrisi
3327 1128 3382 1176 et
3401 1121 3594 1190 impie-

2004 1216 2140 1266 tate.
2171 1227 2194 1262 ι

2074 1385 2274 1440 Matth.
2309 1402 2460 1453 xxw,
2495 1389 2690 1443 48-51.
2722 1417 2790 1426 -—
2827 1405 2845 1438 ι
2873 1386 2932 1442 Si
2969 1393 3150 1442 autem
3182 1386 3388 1442 dixerit
3420 1387 3599 1442 malus

2007 1477 2097 1533 ille
2147 1492 2345 1534 servus
2393 1479 2450 1534 in
2500 1477 2670 1535 corde
2719 1493 2842 1545 suo,
2907 1479 3120 1534 Moram
3167 1478 3304 1535 facit
3338 1480 3600 1536 dominus

2007 1585 2168 1626 meus
2195 1571 2408 1637 venire,
2439 1579 2497 1627 et
2520 1571 2758 1642 coeperit
2785 1580 3076 1642 percutere
3106 1587 3412 1628 conservos
3444 1589 3598 1639 suos.

2006 1659 2348 1717 manducare
2390 1668 2577 1716 autem
2609 1668 2665 1716 et
2704 1660 2899 1716 bibere
2931 1651 3060 1715 eum
3097 1659 3379 1728 ebriosis;
3417 1661 3600 1717 veniet

2005 1751 2268 1810 dominus
2313 1753 2460 1810 servi
2501 1753 2654 1810 illius
2685 1754 2740 1809 in
2779 1753 2868 1809 die
2895 1767 3003 1824 qua
3045 1767 3155 1808 non
3185 1759 3507 1824 exspectat,
3545 1763 3600 1808 et

315 1842 348 1920 ᾖ
378 1849 437 1902 οὐ
469 1847 756 1916 γινώσκει,
796 1850 893 1902 καὶ
931 1850 1285 1924 διχοτομήσει
1333 1852 1518 1918 αὐτὸν,
1586 1853 1682 1907 καὶ
1709 1851 1772 1906 τὸ
1803 1853 1892 1923 μέ-

2012 1843 2060 1898 ἱη
2092 1843 2231 1899 hora
2261 1860 2368 1910 qua
2403 1844 2621 1909 nescit,
2646 1853 2701 1900 et
2729 1843 2939 1899 dividet
2966 1858 3090 1899 eum
3112 1884 3127 1910 ,
3153 1852 3206 1899 et
3231 1850 3444 1930 partem
3476 1843 3600 1914 ejus

315 1955 404 2010 ρος
425 1938 593 1994 αὑτοῦ
637 1940 778 2008 μετὰ
812 1940 920 1994 τῶν
951 1942 1265 2014 ὑποκριτῶν
1299 1944 1477 2015 θήσει.
1505 1965 1524 1997 ι

378 2047 400 2082 ε
445 2029 593 2083 Ἰδὼν
623 2031 829 2102 Σίμων,
857 2033 938 2085 ὅτι
969 2033 1059 2086 διὰ
1084 2034 1183 2104 τῆς
1214 2035 1516 2101 ἐπιθέσεως
1538 2037 1649 2092 τῶν
1679 2042 1881 2112 χειρῶν

311 2123 415 2175 τῶν
462 2123 780 2178 ἀποστόλων
827 2124 1032 2181 δίδοται
1061 2126 1124 2180 τὸ
1153 2127 1376 2200 πνεῦμα
1405 2129 1466 2182 τὸ
1498 2129 1677 2199 ἅγιον,
1728 2151 1900 2204 προσ-

313 2212 508 2283 ήνεγκε
581 2213 768 2278 αὐτοῖς
817 2217 1080 2289 χρήματα
1133 2217 1312 2286 λέγων
1342 2235 1356 2248 ·
1388 2221 1522 2274 Δότε
1572 2222 1742 2293 κάμοὶ
1798 2224 1901 2296 τὴν

313 2304 559 2369 ἐξουσίαν
611 2305 843 2378 ταύτην,
903 2309 992 2362 ἴνα
1015 2302 1059 2376 ᾧ
1090 2309 1158 2364 ἂν
1197 2310 1373 2364 ἐπιθῶ
1402 2312 1502 2376 τὰς
1532 2315 1722 2385 χεῖράς
1770 2333 1895 2386 μου,

311 2397 564 2470 λαμϐάνῃ
591 2398 821 2470 Πνεῦμα
839 2399 1020 2470 ἅγιον.
1055 2397 1228 2457 Εἶπεν
1258 2403 1316 2457 δὲ
1340 2405 1370 2456 ὁ
1393 2405 1600 2475 Πέτρος
1642 2406 1780 2478 πρὸς
1801 2408 1901 2462 αὑ-

311 2487 436 2541 τόν·
469 2488 546 2542 Τὸ
567 2490 833 2560 ἀργύριόν
889 2508 985 2545 σου
1039 2492 1139 2546 σὺν
1186 2493 1271 2545 σοὶ
1324 2493 1409 2564 εἴη
1452 2496 1532 2558 είς
1577 2496 1894 2564 ἀπώλειαν,

311 2578 388 2633 ὅτι
430 2579 536 2652 τὴν
583 2580 794 2652 δωρεάν
853 2581 949 2635 τοῦ
990 2580 1124 2635 Θεοῦ
1183 2582 1446 2654 ἐνόμισας
1483 2585 1574 2638 διὰ
1594 2586 1897 2656 χρημάτων

311 2677 562 2732 κτᾶσθαι.
619 2678 736 2732 Οὐκ
787 2677 903 2732 ἐστι
955 2694 1038 2732 σοι
1097 2680 1279 2751 μερὶς,
1344 2679 1466 2733 οὐδὲ
1516 2680 1719 2752 κλῆρος
1742 2683 1800 2736 ἐν
1818 2680 1896 2752 τῷ

309 2770 448 2843 λόγῳ
464 2771 664 2843 τούτῳ.
700 2791 720 2824 ι

377 2864 554 2918 Πόσον
591 2865 762 2919 κακόν
815 2865 965 2919 ἐστιν
1012 2866 1133 2920 ἀντὶ
1178 2867 1405 2938 ὁδηγίας
1449 2869 1660 2939 πλάνης
1723 2869 1898 2924 αῐτιον

305 2956 563 3024 γενέσθαι
596 2961 708 3022 τοῖς
737 2959 1094 3031 ὑποχειρίοιςί
1128 2959 1321 3025 Οὐδεὶς
1363 2963 1599 3033 περιορᾷ
1621 2962 1681 3016 τὸ
1698 2963 1896 3016 ἑαυτοῦ

305 3045 494 3104 τέκνον
529 3048 725 3119 μέλλον
776 3049 1141 3104 καταπίπτειν
1172 3052 1254 3112 είς
1314 3051 1558 3122 βόθυνον,
1587 3054 1620 3124 ἥ
1655 3053 1898 3125 ἐμπεσὸν

307 3137 563 3208 ἐναφίησι
604 3139 683 3209 τῷ
734 3140 1014 3211 πτώματι.
1066 3143 1240 3196 Πόσον
1266 3143 1322 3197 δὲ
1361 3145 1667 3216 δεινότερον
1718 3147 1898 3216 ψυχὴν

2005 1945 2172 2005 ponet
2203 1949 2332 1989 cum
2365 1933 2695 2004 hypocritis.
2731 1954 2751 1987 ι

2077 2025 2196 2079 Act.
2231 2041 2365 2090 Vill,
2396 2027 2584 2081 18-21.
2612 2059 2680 2067 —
2712 2046 2730 2080 ι
2760 2026 2966 2082 Videris
2999 2027 3190 2084 Simon
3217 2029 3345 2099 quia
3371 2045 3466 2100 per
3495 2031 3596 2084 im-

2006 2115 2339 2185 positionem
2374 2131 2637 2172 manuum
2665 2119 3047 2186 apostolorum
3089 2120 3319 2175 daretur
3345 2119 3594 2190 Spiritus

2007 2215 2238 2264 sanctus
2257 2248 2274 2274 ,
2303 2209 2509 2264 obtulit
2538 2211 2622 2266 eis
2675 2213 2964 2280 pecuniam
2986 2253 3002 2273 .
3032 2213 3224 2269 dicens
3252 2213 3436 2269 :‘Date
3465 2213 3596 2267 mihi

2005 2297 2156 2354 hanc
2187 2309 2563 2370 potestatem,
2597 2312 2655 2357 ut
2690 2304 3005 2376 cuicunque
3042 2305 3365 2376 imposuero
3396 2323 3598 2363 manus

2005 2406 2197 2460 meas,
2225 2393 2460 2464 accipiat
2495 2379 3074 2464 Spiritu’m‘sanctum.
3105 2398 3252 2452 Dixit
3282 2406 3465 2453 autem
3495 2398 3596 2454 Pe-

2005 2491 2126 2537 trus
2157 2482 2226 2536 ad
2260 2498 2385 2538 eum
2415 2497 2430 2536 :
2468 2487 2773 2554 Argentum
2807 2494 2964 2540 tuum
3000 2494 3178 2542 tecum
3212 2487 3288 2542 sit
3320 2487 3376 2542 in
3417 2487 3603 2556 perdi-

2005 2576 2240 2643 tionem,
2289 2577 2420 2646 quia
2453 2577 2792 2634 existimasti
2834 2579 3044 2634 donum
3073 2579 3170 2634 Dei
3205 2581 3440 2650 pecunia
3473 2597 3600 2650 pos-

2005 2666 2199 2724 sideri.
2241 2665 2362 2722 Non
2404 2674 2490 2722 est
2533 2666 2628 2721 tibi
2679 2682 2806 2738 pars
2851 2684 3034 2740 neque
3073 2683 3195 2726 sors
3239 2670 3292 2724 in
3340 2685 3599 2729 sermone

2006 2759 2141 2816 isto.
2176 2779 2194 2812 ι

2079 2853 2139 2909 S.
2178 2852 2350 2908 Basil.
2382 2869 2447 2908 ea:
2469 2871 2591 2910 can.
2625 2855 2808 2911 Const.
2837 2865 3028 2925 quwst.
3053 2856 3147 2916 25.
3173 2889 3240 2898 —-
3265 2858 3442 2923 Quam
3474 2874 3595 2913 ma—

2007 2960 2174 3013 gnum
2211 2946 2424 3016 malunt
2448 2955 2536 3002 est
2569 2947 2815 3004 subditis
2845 2949 3056 3004 erroris
3088 2965 3281 3006 ansam
3312 2951 3594 3022 praebere,

2007 3053 2172 3108 quem
2206 3039 2420 3095 itineris
2449 3055 2573 3096 esse
2608 3040 2803 3096 ducem
2836 3042 3132 3110 oportebat
3161 3044 3175 3096 ι
3212 3041 3388 3098 Nemo
3424 3043 3596 3101 tilium

2010 3145 2174 3186 suum
2206 3130 2320 3200 jam
2354 3146 2496 3201 pene
2531 3132 2588 3186 in
2620 3131 2836 3186 foveam
2871 3133 3163 3189 cadentem
3199 3135 3424 3206 negligit
3447 3177 3462 3202 ,
3505 3145 3602 3192 aut

307 3232 385 3294 sic
427 3231 596 3303 βάθος
652 3209 1274 3306 κακῶν-ἐμπίπτουσαν
1354 3209 1636 3310 ἐναφεῖναι
1675 3209 1745 3312 τῇ

2012 3222 2062 3275 in
2093 3237 2213 3276 eam
2243 3223 2564 3292 prolapsum
2595 3224 2880 3292 relinquit.
2907 3223 3130 3291 Quanto.
3158 3233 3344 3282 autem
3373 3227 3599 3296 gravius

306 3323 468 3397 ωλείᾳ
485 3344 503 3394 ;

371 3503 462 3576 Μὴ
508 3505 649 3560 ἔστω
671 3525 754 3572 τις
786 3509 998 3581 κεφαλὴ
1036 3510 1190 3581 μόλις
1225 3529 1325 3565 που
1359 3513 1481 3584 χεὶρ
1515 3513 1821 3584 τυγχάνων,
1862 3515 1896 3586 ἢ

306 3592 459 3658 ποῦς,
491 3594 526 3666 ἢ
564 3596 694 3651 ἄλλο
735 3615 790 3651 τι
839 3601 949 3652 τῶν
1001 3601 1407 3673 εὐτελεστέρων
1456 3603 1553 3656 τοῦ
1616 3603 1891 3674 σώματος.

307 3684 579 3753 Ἕκαστος
606 3691 665 3743 ἐν
755 3691 961 3765 ἐκλήθη
1014 3693 1189 3762 τάξει,
1219 3695 1465 3766 ἀδελφοὶ,
1497 3697 1556 3750 ἐν
1585 3696 1763 3770 ταύτῃ
1793 3713 1893 3768 με-

306 3777 460 3834 νέτω.

419 3957 596 4037 ςζμζν
613 3960 772 4037 ᾇέγω
801 3963 1069 4037 μάλιστα
1098 3965 1224 4032 τοῖς
1248 3967 1357 4022 τοῦ
1373 3968 1676 4037 βήματος,

416 4028 940 4109 ςρφίζαλμῷιίὲϊναι
969 4035 1051 4109 μὴ
1078 4028 1340 4109 σκότους
1369 4028 1824 4109 ἓτεὲἱλησίιένον,

402 4099 573 4177 ἐξιηδᾴ
599 4103 878 4177 πρόεδροι
895 4099 1002 4158 τοῦ
1025 4099 1216 4177 κακοῦ
1239 4099 1600 4177 φαινώμεθα.

401 4170 475 4222 Et
502 4169 613 4238 γὰρ
638 4172 706 4224 τὸ
727 4169 855 4241 φῶς
879 4176 1175 4241 τοιοῦτον,
1193 4169 1262 4231 td
1284 4169 1508 4244 σκόέος
1536 4181 1738 4235 πόσον
1760 4200 1779 4248 ;

368 4259 470 4323 Τίς
498 4258 566 4314 ἂν
605 4263 733 4326 τοὺς
794 4265 991 4330 ἄλλους
1041 4269 1288 4322 πείσειεν
1343 4269 1686 4342 μετριάζειν,
1743 4271 1888 4328 οὕτω

295 4349 404 4404 τῶν
464 4352 828 4438 προεστώτων
884 4359 1290 4430 διακειμένωνς
1333 4361 1387 4415 τί
1447 4361 1643 4431 ὄφελος
1689 4366 1889 4438 κυϐερ-

296 4441 466 4512 νήτην
536 4437 679 4496 εῐναι
743 4448 1010 4518 χρηστὸν,
1073 4453 1336 4524 πονηροῖς
1399 4453 1685 4524 χρώμενον
1762 4437 1886 4528 ἐρέ-

296 4546 419 4596 ταις
445 4548 464 4598 ;

369 4624 564 4692 Πόθεν,
630 4627 756 4682 εἰπέ
809 4648 921 4702 μοι,
953 4634 1197 4705 νομίζεις
1231 4636 1330 4699 τὰς
1377 4638 1652 4704 τοσαύτας
1685 4640 1742 4695 ἐν
1765 4643 1888 4705 ταῖς

306 4713 660 4788 Ἐκκὶησίαις
702 4721 987 4778 τίκτεσθαι
1058 4728 1354 4797 ταραχάς;
1405 4729 1552 4798 Ἐγὼ
1622 4731 1724 4801 μὲν
1775 4733 1886 4804 γὰρ

293 4806 392 4862 οὐκ
443 4807 671 4865 ἄλλοθεν
730 4810 904 4885 οἶμαι,
957 4817 1087 4888 ἢέκ
1144 4820 1240 4872 τοῦ
1300 4819 1398 4882 τάς
1447 4821 1558 4874 τῶν
1601 4822 1884 4893 προεστώ-

293 4913 401 4951 των
436 4899 681 4970 αίρέσεις
712 4905 808 4958 καὶ
837 4907 1072 4978 ἐκλογάς
1094 4909 1308 4976 ἁπλῶς,
1340 4912 1437 4964 καὶ
1465 4911 1541 4976 ὡς
1572 4911 1762 4983 ἔτυχεν
1793 4914 1882 4983 γί-

290 4996 502 5055 νεσθαι.
949 5069 968 5074 Ἃ

362 5091 533 5146 Οὐδὲν
582 5094 909 5150 διδασκάλου
958 5096 1297 5169 ψυχρότερον
1333 5098 1391 5152 ἐν
1427 5096 1610 5167 λόγοις
1663 5099 1880 5168 φιλοσο-

291 5181 523 5249 φοῦντος
555 5185 736 5256 μόνον.
769 5187 942 5242 Τοῦτο
973 5190 1034 5242 οὐ
1064 5189 1412 5255 διδάσκαλος,
1473 5189 1610 5244 ἀλλά
1657 5175 1887 5263 ὑποκριέ

289 5273 409 5344 τής.
436 5277 732 5348 Ἀρχοντος
784 5280 954 5352 μηδὲν
989 5280 1116 5344 τοὺς
1146 5283 1486 5354 ἀρχομένους
1517 5281 1876 5354 ὠφελοῦντος,

287 5364 445 5422 οὐδὲν
474 5367 832 5444 ἀθλιώτερον.

364 5537 535 5595 Ὅσον
560 5541 697 5613 πρὸς
723 5545 948 5616 μείζονα
982 5547 1147 5616 ὄγκον
1170 5549 1270 5620 τῆς
1295 5550 1719 5624 ἀρχιερωσύνης
1743 5554 1876 5606 ἀνα-

287 5627 529 5700 ϐέϐηκεν
556 5635 586 5686 ὁ
615 5635 717 5708 τὴν
773 5639 1083 5712 ἐπισκοπὴν
1141 5639 1344 5712 λαχὼν,
1382 5644 1628 5717 τοσούτῳ
1653 5644 1876 5698 πλείονα

289 5721 733 5798 ἀπαιτηθήσεται
755 5729 934 5798 λόγον,
965 5732 1087 5802 οὐχὶ
1116 5732 1470 5798 διδασκαλίας
1501 5737 1682 5806 μόνον,
1741 5736 1876 5790 ἀλλὰ

292 5812 394 5868 καὶ
413 5820 662 5888 πενήτων
692 5823 1047 5891 προστασίας.
1081 5824 1344 5894 Καθάπερ
1370 5827 1480 5895 γὰρ
1518 5830 1678 5897 ἡμεῖς
1707 5828 1876 5898 ἀρτύ-

2004 3323 2091 3368 est
2122 3313 2361 3367 animam
2391 3315 2445 3369 in
2479 3315 2648 3370 imum
2685 3315 2946 3375 vitiorum
2971 3316 3245 3388 gurgitem
3279 3317 3592 3384 labentem,

2005 3403 2060 3460 in
2094 3404 2263 3462 exitio
2289 3405 2640 3478 relinquere!
2945 3481 2948 3483 Α
3351 3461 3354 3464 ,
3455 3458 3457 3460 .

2079 3498 2354 3571 Theologi.
2383 3532 2449 3541 —
2473 3500 2554 3558 Ne
2598 3502 2806 3573 capitis
2855 3501 3037 3558 locum
3071 3509 3335 3576 usurpet,
3366 3504 3461 3574 qui
3501 3503 3589 3558 vix

2003 3605 2224 3654 manus,
2255 3597 2349 3644 aut
2382 3590 2562 3661 pedis,
2588 3601 2685 3646 aut
2713 3591 3024 3661 cuiuspiam
3056 3592 3201 3646 alius
3226 3591 3444 3647 vilioris
3465 3606 3594 3662 par-

2000 3678 2074 3734 tis
2122 3679 2376 3750 corporis
2407 3679 2587 3735 officio
2646 3680 2800 3752 fungi
2846 3682 3044 3750 possit.
3103 3681 3504 3752 Unusquisque
3535 3682 3591 3737 iu

2004 3786 2118 3842 quo
2151 3773 2324 3844 gradu
2363 3783 2593 3829 vocatus
2630 3783 2744 3841 est,
2785 3773 3022 3847 fratres,
3057 3776 3114 3830 in
3146 3791 3214 3832 eo
3243 3783 3486 3834 maneat.

2525 3864 2719 3936 Ejusd.
2755 3881 2820 3920 ea:
2855 3875 2976 3921 retr.
3013 3865 3069 3922 5.

2141 3954 2353 4028 Cavete,
2386 3973 2564 4028 quwso
2590 3996 2604 4020 ,
2639 3958 2874 4011 maxime
2905 3974 3018 4021 vos,
3055 3957 3338 4026 prwsules,

2140 4026 2226 4096 [γε
2259 4026 2433 4081 lumen
2467 4028 2611 4080 omni
2639 4043 2858 4096 prorsus
2892 4028 3078 4082 orbum
3114 4029 3333 4085 lumine.

2149 4094 2378 4167 Vitiique
2407 4094 2654 4159 tantum,
2687 4114 2792 4150 non
2824 4098 2977 4159 boni,
3011 4098 3130 4151 sitis
3164 4096 3346 4150 duces.

2138 4166 2200 4221 Si
2232 4166 2337 4221 tale
2369 4168 2545 4221 lumen
2567 4205 2582 4230 ,
2614 4175 2846 4236 quantus
2878 4175 2956 4220 est
2995 4167 3208 4220 tandem
3242 4168 3470 4236 nigror?

2064 4257 2259 4328 Ejusd.
2284 4267 2426 4314 orat.
2451 4258 2608 4328 Apul.
2629 4290 2696 4298 —
2723 4257 2930 4328 Ecquis
2961 4257 3186 4312 tandem
3214 4259 3354 4313 alios
3376 4258 3443 4311 ad
3472 4275 3589 4313 mo-

1991 4349 2229 4406 destiam
2265 4357 2436 4422 queat
2465 4349 2775 4413 adducere,
2801 4350 3027 4420 quando
3058 4348 3342 4404 antistites
3377 4349 3480 4418 ipsi
3514 4350 3588 4403 ita

1993 4451 2123 4499 sunt
2154 4442 2379 4498 affecti?
2410 4443 2554 4510 Quid
2590 4443 2773 4513 prosit
2823 4442 3057 4512 probum
3091 4454 3215 4497 esse
3243 4441 3577 4514 gubernato-

1922 4561 1967 4616 ι)
1994 4551 2108 4592 rem
2131 4577 2145 4601 ,
2183 4536 2231 4591 si
2263 4535 2425 4592 malis
2458 4533 2761 4604 remigibus
2792 4543 2982 4590 utatur
3008 4535 3030 4588 ?

2068 4626 2128 4682 S.
2159 4625 2433 4696 Chrysost.
2477 4656 2532 4667 —
2564 4624 2721 4681 Unde
2743 4668 2758 4691 ,
2785 4640 3008 4696 quaeso,
3039 4606 3354 4694 huiusmodi
3381 4626 3585 4680 tumul-

1996 4728 2086 4774 tus
2117 4720 2173 4773 in
2205 4718 2479 4774 Ecclesiis
2510 4718 2666 4775 nasci
2722 4718 2971 4774 censes?
3005 4716 3273 4788 Equidem
3316 4718 3433 4788 ipse
3471 4733 3582 4774 non

1995 4813 2221 4868 aliunde
2246 4812 2534 4878 existimo,
2563 4827 2730 4883 quam
2759 4812 2908 4883 quod
2935 4812 3254 4869 antistitum
3279 4811 3586 4869 electiones

1994 4911 2205 4959 temere
2235 4909 2292 4957 et
2327 4902 2742 4958 inconsiderate
2773 4902 2930 4958 fiant.

2063 5082 2255 5152 Ejusd.
2293 5114 2362 5124 —
2391 5082 2541 5138 Nihil
2571 5083 2803 5140 doctore
2840 5081 3100 5154 frigidius
3135 5089 3260 5150 est,
3314 5098 3409 5153 qui
3465 5099 3584 5140 ser-

1989 5176 2251 5232 monibus
2285 5175 2558 5231 duntaxat
2586 5175 3000 5246 philosophiam
3057 5174 3215 5228 colit.
3265 5173 3366 5229 llie
3421 5177 3585 5244 plane

1989 5284 2099 5325 non
2130 5268 2347 5331 doctor,
2377 5267 2543 5339 518
2573 5269 2668 5324 sed
2701 5268 2995 5339 hypocrita
3026 5276 3129 5323 est.
3163 5265 3310 5321 Nihil
3341 5271 3582 5337 praesule

1989 5361 2273 5426 miserius,
2323 5363 2417 5431 qui
2467 5360 2536 5416 iis
2600 5359 2805 5432 quibus
2854 5368 3054 5431 praeest
3125 5358 3264 5413 nihil
3317 5359 3580 5417 utilitatis

1989 5453 2168 5509 affert.

2047 5548 2243 5618 Ejusa.
2275 5577 2344 5589 -—-
2369 5547 2586 5614 Quanto
2639 5547 2709 5601 ad
2758 5547 3010 5602 altiorem
3063 5546 3294 5616 gradum
3327 5546 3576 5602 ascendit

1989 5638 2079 5696 ille
2131 5641 2217 5696 cui
2260 5640 2620 5711 episcopatus
2673 5639 2928 5710 obtigit,
2972 5647 3127 5694 tanto
3178 5654 3400 5710 quoque
3459 5653 3574 5690 am-

1987 5733 2128 5804 plior
2151 5732 2220 5788 ab
2245 5747 2312 5789 co
2342 5733 2484 5787 ratio
2514 5741 2866 5803 exposcetur,
2899 5747 3005 5786 non
3030 5733 3295 5787 doctrinae
3322 5739 3530 5783 tantum
3556 5771 3568 5791 ,

1988 5843 2176 5885 verum
2229 5835 2282 5883 et
2334 5841 2636 5897 pauperum
2684 5840 2852 5880 curae.
2903 5823 3569 5908 QUClliitdlllOtllllllvenit]!
