4028 6396
440 359 581 424 12355
1624 351 1685 412 S.
1725 349 1967 411 JDANN
1973 348 2046 408 IS
2079 348 2510 417 DAMASCENI
2761 381 2773 396 ·
3581 358 3717 428 1556

433 492 537 534 nos
560 518 576 542 ,
609 491 735 531 cum
769 470 1040 544 pecunias
1089 466 1316 523 famulis
1351 465 1772 529 commisimus,
1805 477 2024 518 omnem

2153 485 2227 522 ita
2253 472 2365 533 τοῖς
2391 471 2636 533 οἰκέταις
2675 471 3125 542 ἐμπιστεύοντες,
3159 473 3417 526 ἁπάντων
3452 477 3714 531 άπαιτοῦο

434 571 506 626 ab
537 569 618 626 ei's
659 567 928 623 rationem
959 563 1270 634 ﬂagitamus
1303 579 1318 618 :
1353 562 1435 617 sic
1482 568 1649 617 etiam
1709 557 1856 616 Deus
1889 574 2020 614 cum

2153 578 2237 615 ιεν
2283 561 2484 626 αὐτοὺς
2521 562 2713 631 λόγον’
2743 564 2916 629 οὕτως
2945 566 3040 620 καὶ
3065 566 3093 618 ό
3128 564 3260 628 Θεὸς
3298 565 3522 635 ῥήματα
3583 569 3718 638 ἡμῖν

434 675 723 719 sermones
756 672 891 715 suos
934 655 1059 712 fidei
1105 664 1316 712 nostrae
1345 654 1725 720 commiserit,
1764 668 2024 724 expensa:

2153 654 2536 726 putaretis“,
2566 655 2636 711 τὰ
2662 654 2831 711 αὑτοῦ
2891 657 3146 728 ζητήσει,
3179 657 3276 710 καὶ
3322 657 3425 727 τῆς
3468 659 3714 731 δαπάνης

433 755 702 811 rationem
734 749 1002 821 requiret.

501 843 708 901 Justini
744 842 960 897 adhort.
994 839 1064 895 ad
1098 838 1254 896 Gent.
1285 871 1355 880 —
1384 838 1533 895 Fieri
1583 853 1697 893 non
1747 843 1931 908 potest
1963 841 2023 890 ut

432 939 531 1010 qui
562 952 653 994 res
685 935 828 992 adeo
857 949 1088 1006 magnas
1122 941 1176 989 et
1206 926 1422 988 divinas
1454 931 1524 987 ab
1559 930 1628 986 iis
1658 929 1751 1001 qui
1784 921 2023 985 eas‘cal-

432 1036 582 1100 lent,
633 1031 864 1088 minime
905 1028 1266 1094 didicerunt,
1307 1034 1403 1082 aut
1452 1025 1558 1097 ipsi
1604 1039 1704 1081 eas
1755 1033 2020 1090 noscant,

433 1133 530 1183 aut
561 1123 692 1180 aliis
729 1131 884 1179 recte
911 1120 1134 1177 tradere
1165 1125 1392 1190 queant.

502 1215 565 1273 S.
602 1215 745 1271 Nili.
775 1244 845 1256 —-
875 1212 1135 1269 Doctoris
1189 1207 1468 1281 imperitia
1511 1207 1809 1278 discipulis
1853 1205 2024 1262 exitio

433 1317 552 1375 est,
583 1319 642 1365 et
673 1306 1084 1379 discipulorum
1117 1301 1375 1359 socordia
1409 1298 1680 1370 magistro
1713 1296 2021 1369 periculum

430 1409 607 1468 creat,
643 1398 953 1470 praesertim
999 1396 1046 1453 si
1083 1394 1259 1466 ipsius
1295 1391 1516 1448 inscitia
1557 1389 1687 1455 flat,
1720 1395 1784 1444 ut
1816 1386 1896 1443 illi
1931 1402 2023 1443 so-

431 1493 621 1551 cordia
657 1498 998 1565 torpescant.

501 1669 696 1740 Ejusd.
719 1698 790 1711 —-
813 1662 1174 1737 Nequaquam
1204 1659 1524 1718 existiment
1547 1671 1662 1714 rem
1684 1670 1804 1712 eam
1828 1655 2024 1710 remis-

431 1763 610 1820 sionis
639 1759 813 1816 animi
839 1767 896 1816 et
921 1753 1320 1815 oblectationis
1350 1760 1678 1824 praetextum
1698 1763 1844 1806 esse.
1871 1746 2021 1802 Nihil

429 1856 581 1912 enim
611 1863 771 1924 aeque
801 1851 1036 1907 arduum
1072 1858 1130 1905 et
1162 1846 1503 1903 laboriosum
1535 1851 1658 1908 est,
1699 1848 1866 1912 atque
1900 1839 2022 1894 ani-
2055 1827 2099 1884 Β

431 1949 537 2004 mis
569 1947 883 2016 'imperare.
935 1941 1212 2010 Quocirca
1264 1951 1449 2010 Operae
1501 1935 1740 2008 pretium
1770 1940 1856 1989 est
1889 1941 1951 1988 ut
1983 1930 2022 1985 ii

429 2041 527 2114 qui
559 2038 626 2096 ad
660 2038 767 2093 hoc
799 2050 1006 2093 munus
1032 2032 1341 2096 accedunt,
1367 2028 1603 2100 perinde
1630 2041 1692 2083 se
1715 2025 2020 2112 inungant,

431 2110 697 2202 tanquam
731 2130 798 2185 ad
830 2139 1000 2200 grave
1033 2133 1320 2182 certamen
1350 2119 1572 2192 aliquod
1609 2110 1942 2189 ingressuri.

503 2222 702 2294 Ejusd.
727 2250 796 2266 —-
815 2220 919 2289 Qui
947 2218 1150 2277 scindit
1181 2218 1353 2288 ligna,
1376 2211 1794 2285 periclitabitur
1831 2210 1886 2264 in
1917 2207 2022 2271 eis,

431 2315 479 2370 si
512 2314 727 2372 ferrum
758 2313 1052 2369 exciderit.
1087 2309 1228 2366 Nam
1257 2308 1348 2380 qui
1383 2320 1641 2364 sermone
1671 2319 1760 2361 res
1788 2302 2023 2366 dividit,

432 2406 541 2462 nisi
575 2415 892 2463 sermonem
929 2399 1303 2474 undecu’nque
1337 2399 1698 2456 obﬁrmatum
1733 2395 2022 2460 habuerit,

433 2497 579 2554 inter
607 2496 902 2555 audientes
927 2491 1366 2568 periclitabitur,
1399 2507 1498 2564 per
1525 2503 1841 2548 sermonem
1870 2487 2026 2544 vide-

431 2587 564 2646 licet
600 2590 893 2663 discipulis
924 2589 1176 2646 scandali
1207 2586 1496 2642 materiam
1529 2583 1846 2654 porrigens.

505 2681 701 2754 Ejusd.
735 2715 804 2725 —
839 2680 921 2738 Ne
975 2681 1112 2737 illud
1171 2679 1336 2734 velim
1391 2678 1653 2746 ignores,
1706 2673 2026 2746 complures

431 2779 724 2855 episcopos
756 2776 902 2847 ignis
938 2775 1219 2829 fornacem
1249 2777 1547 2826 ornaturos
1573 2781 1716 2823 esse.

508 2870 704 2942 Ejusd.
731 2899 802 2913 —-
826 2867 1140 2939 Cujuslihet
1190 2863 1440 2935 episcopi
1486 2875 1551 2915 ac
1590 2858 1841 2915 doctoris
1882 2874 2026 2928 opus

434 2963 602 3037 quale
629 2963 737 3028 sit,
766 2959 1143 3030 sempiternus
1175 2957 1326 3028 ignis
1377 2955 1661 3027 probabit.
1715 2952 1852 3008 Nam
1906 2953 2027 3008 dies

436 3056 533 3110 ille
565 3053 751 3109 omnia
785 3051 1038 3119 deteget,
1073 3056 1129 3104 et
1159 3049 1459 3119 perspicua
1509 3043 1741 3111 reddet,
1791 3044 1920 3116 quia
1970 3043 2025 3098 in

434 3147 563 3217 igne
598 3143 956 3200 revelabitur.

511 3237 706 3308 Ejusd.
738 3267 807 3278 ——
838 3236 926 3291 An
963 3242 1018 3290 te
1048 3233 1226 3304 fugit,
1281 3232 1580 3304 episcopos
1627 3246 2026 3302 nonnunquam

434 3333 607 3389 etiam
636 3330 864 3386 exitium
891 3336 946 3384 et
973 3327 1192 3383 ruinam
1224 3325 1450 3382 subire?

507 3421 708 3491 Ejusd.
735 3452 804 3463 —
825 3419 1146 3477 Absurdum
1173 3425 1259 3473 est
1285 3431 1413 3473 eum
1439 3417 1535 3487 qui
1565 3415 1807 3471 honores
1833 3428 2030 3470 conse-

439 3523 652 3582 ctatur,
697 3513 921 3571 labores
971 3510 1236 3583 defugere
1285 3509 1493 3582 quibus
1544 3509 1790 3564 honores
1839 3507 2032 3563 conci-

436 3607 669 3665 liantur.

512 3697 601 3753 Sit
628 3697 724 3752 illa
757 3696 852 3753 lex'
875 3695 1182 3752 constituta
1214 3693 1486 3748 adversus
1516 3707 1616 3748 eos
1641 3693 1737 3762 qtti
1767 3705 1856 3746 res
1903 3705 2032 3744 san-

439 3799 561 3844 ctas
588 3797 644 3844 et
668 3789 886 3844 divinas
913 3799 1027 3843 non
1055 3793 1250 3842 sancte
1274 3793 1447 3853 atque
1475 3784 1640 3855 digne
1662 3785 1777 3839 Deo
1805 3797 2034 3839 cernere

439 3879 636 3939 volunt
707 3879 850 3938 unde
881 3878 1017 3952 ipsis
1043 3877 1307 3935 caecitatis
1337 3875 1678 3949 supplicium
1709 3874 2002 3932 inferatur.

721 4055 863 4112 ΤΙΤ.
900 4053 1046 4111 XIX.
1079 4084 1150 4097 —
1180 4052 1257 4108 De
1285 4052 1742 4123 oppigneratt'one.

965 4171 1190 4244 (Deest
1220 4173 1275 4228 in
1306 4188 1445 4229 mss.
1472 4173 1491 4243 )

439 4333 580 4393 ΊΊΤ.
609 4332 726 4390 XX.
751 4364 819 4375 ——
842 4330 920 4386 De
948 4332 1374 4400 concupiscentia
1398 4347 1417 4402 ξ
1442 4347 1469 4385 e
1517 4331 1659 4402 quod
1692 4332 1853 4388 malis
1877 4333 2028 4402 cupi-

687 4403 949 4462 ditatibus
987 4402 1204 4458 minime
1247 4404 1318 4457 sit
1364 4401 1775 4473 obsequendum.

2129 748 2221 804 τὸν
2254 748 2478 821 τρόπον.

2213 839 2504 896 Ἀδύνατον
2547 839 2616 896 τὰ
2672 839 2849 906 οὕτως
2900 840 3117 912 μεγάλα
3168 840 3265 896 καὶ
3309 841 3432 896 θεῖα
3477 839 3610 906 τοὺς
3637 841 3714 912 μὴ

2131 933 2398 1006 πρότερον
2441 932 2597 1005 παρά
2651 933 2762 988 τῶν
2812 933 3033 988 εἰδότων
3086 927 3516 1006 μεμαθηκότας,
3546 936 3580 1004 ὴ
3617 934 3714 987 αύ-

2128 1029 2256 1092 τοὺς
2313 1025 2626 1097 είδέναιμῆ
2677 1025 2901 1097 ἐτέρους
2963 1024 3226 1081 δύνασθαι
3276 1025 3554 1083 διδάσκειν
3614 1027 3709 1099 ὀρ-

2130 1123 2262 1187 θῶς.

2214 1217 2280 1271 Ἦ
2321 1213 2419 1271 τοῦ
2470 1214 2794 1270 διδασκάλου
2844 1213 3076 1286 ἀπειρία
3128 1211 3393 1268 ἀπόλλυσι
3439 1211 3570 1275 τοὺς
3620 1225 3726 1281 μα-

2131 1308 2565 1380 θητευομένους,
2596 1308 2754 1379 καὶὴ
2793 1305 2903 1362 τῶν
2961 1305 3422 1378 μαθητευομένων
3481 1300 3719 1372 ἀμέλεια

2130 1401 2377 1456 κίνδυνον
2430 1401 2585 1475 φέρει
2613 1399 2691 1471 τῷ
2728 1398 3074 1469 διδασκάλῳ,
3135 1397 3233 1451 καὶ
3293 1395 3532 1467 μάλιστα
3587 1393 3719 1445 ὅταν

2131 1493 2286 1566 παρὰ
2318 1493 2419 1565 τὴν
2446 1490 2614 1546 αὐτοῦ
2656 1490 3175 1564 ἀνεπιστημοσύνην
3233 1489 3534 1562 ῥᾳθυμοῖεν
3568 1487 3720 1540 ἐκεῖ·

2130 1604 2233 1640 νοι.

2202 1678 2297 1751 Μὴ
2320 1676 2700 1749 νομιζέτωσαν
2753 1675 2996 1736 ἀνέσεως
3028 1673 3120 1728 καὶ
3172 1671 3531 1734 ἀπολαύσεως
3577 1666 3722 1724 εἶναι

2130 1774 2409 1846 πρόφασιν
2429 1771 2491 1824 τὸ
2520 1771 2779 1841 πρᾶγμα.
2812 1767 3044 1822 Πάντων
3093 1764 3203 1836 γάρ
3260 1765 3411 1816 ἐστιν
3447 1760 3715 1815 ἐπιπονώ-

2131 1884 2292 1940 τερον
2348 1865 2540 1940 ᾶρχειν
2569 1861 2782 1935 ψυχῶν.
2813 1859 2928 1913 Καὶ
2955 1858 3038 1913 δεῖ
3075 1857 3204 1920 τοὺς
3228 1855 3324 1908 ἐπὶ
3347 1853 3523 1907 ταῦτα
3556 1853 3708 1921 ἐρχο-

2133 1960 2325 2032 μένους
2347 1955 2674 2028 ἀλείψασθαι
2699 1954 2776 2017 ὠς
2797 1953 2936 2024 πρὸς
2987 1950 3175 2020 ἀγῶνα
3213 1946 3474 2003 ἐπίπονον
3501 1943 3728 1999 είσδάλ-

2129 2052 2341 2114 λοντας.

2202 2213 2413 2286 Σχίζων
2442 2211 2575 2278 ξύλα
2612 2206 2950 2266 κινδυνεύσει
2986 2207 3046 2260 ἐν
3069 2204 3280 2268 αὐτοῖς,
3311 2200 3408 2255 ἐὰν
3425 2199 3638 2272 ἐκπέσῃ
3660 2197 3726 2253 τὸ

2133 2307 2392 2378 σιδήριον.
2441 2304 2501 2359 '0
2530 2302 2643 2374 γὰρ
2695 2299 2919 2370 διαιρῶν
2982 2296 3061 2368 τῷ
3104 2295 3252 2365 λόγῳ
3269 2291 3347 2378 Δτιὲι
3388 2290 3724 2361 πράγματα,

2132 2374 2337 2470 ἐὰν-μὴ
2368 2394 2715 2466 πανταχόθεν
2741 2391 2842 2465 ἔχῃ
2865 2374 3387 2463 προησφαλισμένον
3415 2381 3510 2436 τὸν
3533 2381 3724 2470 λόγον,

2132 2469 2470 2546 κινδυνεύσει
2502 2490 2560 2542 ἐν
2585 2489 2699 2550 τοῖς
2729 2483 3016 2548 ἀκούουσι,
3040 2479 3340 2534 σκανδάλου
3371 2471 3626 2546 ἀφορμὴν
3643 2469 3728 2540 τῷ

2132 2581 2280 2650 λόγῳ
2305 2581 2422 2643 τοῖς
2450 2575 2924 2651 μαθητευομένοις
2952 2570 3347 2644 παρεχόμενος.

2225 2673 2434 2726 Ἐκεῖνο
2462 2671 2539 2743 μὴ
2579 2671 2876 2742 ἀγνοήσῃς,
2917 2668 3001 2721 δτι
3032 2663 3220 2718 πολλοὶ
3254 2661 3367 2716 τῶν
3403 2657 3730 2716 ἐπισκόπων

2134 2767 2319 2838 ἔχουσι
2345 2762 2771 2834 κατακοσμῆσαι
2798 2760 2899 2831 τὴν
2928 2759 3160 2830 κάμινον
3178 2753 3276 2810 τοῦ
3315 2755 3510 2825 πυρός.

2211 2857 2481 2911 Ἐκάστου
2514 2854 2726 2925 ἱερέως,
2784 2853 2880 2906 καὶ
2907 2847 3256 2911 ,διδασκάλου
3311 2846 3374 2899 τὺ
3425 2844 3622 2918 ἔργον,
3667 2841 3726 2894 ό-

2135 2951 2289 3004 ποῐόν
2324 2950 2496 3012 ἐστιν,
2525 2947 2589 3000 τὸ
2641 2945 2754 3016 πῦρ
2793 2942 3084 3014 δοκιμάσει
3115 2940 3177 2994 τὸ
3210 2938 3452 2993 αἰώνιον.
3496 2935 3564 2990 Ἠ
3614 2935 3733 3004 γὰρ

2137 3039 2325 3111 ἡμέρα
2372 3037 2560 3108 ἐκείνη
2620 3036 2694 3089 τά
2743 3034 2927 3088 πάντα
2978 3029 3278 3100 ἐκκαλύψει
3337 3028 3436 3083 καὶ
3491 3041 3734 3098 φανερο-

2134 3132 2378 3203 ποιήσει,
2410 3129 2550 3183 διότι
2578 3129 2638 3182 ἐν
2665 3127 2802 3199 πυρὶ
2816 3122 3366 3193 ἀποκαλυφθήσεται.

2213 3224 2332 3279 Οὐκ
2352 3219 2532 3288 οἶσθα,
2589 3221 2672 3275 ὅτι
2718 3219 2815 3274 καὶ
2853 3217 3149 3272 ἐπίσκοποί
3207 3231 3340 3269 ποτε
3397 3210 3732 3282 ὑφίστανται

2133 3320 2358 3389 ὀλέθρου
2385 3317 2482 3371 καὶ
2507 3315 2834 3386 πτώματος;

2219 3411 2460 3465 Ἀτοπόν
2513 3412 2633 3462 ἐστι
2688 3405 2958 3459 διώκοντα
2981 3402 3081 3465 τὰς
3105 3398 3274 3470 τιμὰς
3299 3439 3314 3465 ,
3341 3399 3570 3468 φεύγειν
3597 3395 3734 3460 τοὺς

2133 3507 2334 3567 πόνους
2359 3503 2428 3556 δι’
2461 3495 2537 3558 ὧν
2566 3502 2624 3555 αἱ
2649 3498 2829 3572 τιμαί.

2199 3686 2386 3757 Νόμος
2420 3683 2564 3737 εστω
2594 3645 2740 3736 κατά
2770 3679 2880 3734 τῶν
2911 3680 2979 3733 τὰ
3005 3677 3182 3748 σεμνὰ
3211 3675 3306 3730 καὶ
3360 3674 3480 3728 θεῖα
3514 3669 3590 3742 μὴ
3636 3686 3732 3723 σε·

2136 3777 2310 3849 μνῶς,
2351 3776 2449 3830 καλ⁸
2475 3772 2800 3845 θεοπρεπῶς
2820 3772 2953 3843 όρᾷν
2983 3768 3306 3836 ἀξιούντων,
3347 3765 3572 3820 κόλασιν
3600 3762 3733 3818 ἐπι-

2134 3873 2326 3944 φέρειν
2358 3869 2642 3940 ἀορασίας.

2523 4051 2708 4106 ΤΙΤΛ.
2741 4047 2930 4103 ῐΘ¹.--
2949 4043 3092 4113 Περὶ
3123 4041 3367 4113 ἐγγύης.

2685 4162 2890 4234 (Deest.
2909 4163 2963 4218 in
2993 4161 3152 4231 mss.)

2131 4328 2317 4383 TlTA.
2347 4326 2436 4380 K'.
2471 4353 2539 4365 --
2571 4323 2710 4390 Περὶ
2733 4317 3052 4390 ἐπιθυμίας
3077 4331 3091 4346 °
3121 4309 3426 4390 satiatam)
3449 4306 3546 4390 δεῖ
3568 4304 3736 4377 ἡμᾶς

2272 4381 2711 4462 ἐξακολουθεῗν
2739 4388 2870 4456 ταῖς
2886 4381 3181 4455 εξοιδήραῑς
3220 4381 3582 4449 ἐπιθυμίαις.

512 4520 688 4575 Exod.
722 4535 791 4576 xx
814 4557 830 4584 ,
862 4519 950 4573 l6.
969 4551 1040 4560 —
1062 4538 1081 4571 ι
1102 4517 1221 4573 Non
1248 4517 1618 4590 concupisces
1642 4534 1871 4575 uxorem
1903 4535 2026 4591 pro-

2214 4533 2233 4568 ι
2276 4512 2392 4566 Οὐκ
2423 4508 2786 4578 ἐπιθυμήσεις
2818 4503 2920 4571 τὴν
2945 4500 3184 4569 γυναῖκα
3221 4494 3317 4550 τοῦ
3347 4492 3578 4563 πλησίον
3612 4507 3734 4552 σου,

439 4613 574 4668 ιίηιί
602 4614 682 4668 tui
706 4653 722 4679 ,
747 4627 934 4684 neque
958 4609 1186 4667 domum
1208 4651 1223 4676 ,
1255 4625 1358 4667 nec
1387 4626 1576 4681 agrum
1598 4653 1615 4678 ,
1642 4627 1746 4668 nec
1772 4628 1992 4669 servum
2015 4653 2030 4679 ,

440 4721 547 4762 nec
580 4707 841 4762 ancillam
865 4744 880 4771 ,
915 4718 1018 4761 nec
1045 4705 1241 4760 bovem
1264 4745 1280 4770 ,
1314 4718 1418 4759 nec
1461 4704 1678 4760 asinum
1701 4745 1714 4759 .
1747 4719 1853 4762 nec
1905 4705 2035 4760 uni.

440 4814 602 4857 versa
638 4817 756 4869 quae
787 4799 940 4856 illius
971 4806 1121 4870 sunt.
1159 4815 1180 4850 ι

518 4971 545 5026 Ι
582 4971 768 5028 Parui.
805 4989 898 5039 x1,
937 4973 1123 5028 17-19.
1150 5004 1221 5014 -
1249 4991 1267 5024 ι
1305 4971 1650 5028 Desideravit
1681 4971 1856 5028 David
1889 4971 2035 5028 desi-

443 5065 664 5120 derium
689 5106 706 5131 ,
739 5073 796 5120 et
823 5065 1001 5121 dixit:
1035 5065 1176 5133 Quis
1207 5066 1362 5122 dabit
1390 5066 1527 5121 mihi
1559 5075 1748 5135 potum
1780 5080 1939 5137 aquae
1969 5065 2037 5120 de

447 5159 694 5215 cisterna
721 5169 846 5228 quae
873 5165 960 5213 est
993 5159 1049 5213 in
1082 5157 1414 5215 Bethleem?
1447 5157 1514 5212 Et
1546 5166 1886 5228 acceperunt
1918 5165 2035 5214 tres

448 5251 648 5314 fortes,
669 5259 726 5305 et
746 5257 1020 5307 venerunt
1045 5250 1113 5305 ad
1137 5249 1332 5306 David.
1355 5252 1425 5305 At
1452 5250 1634 5304 noluit
1663 5264 1787 5305 eam
1816 5249 2033 5317 bibere,

447 5351 504 5396 et
533 5340 728 5396 libavit
757 5355 879 5396 eam
912 5340 1168 5406 Domino,
1199 5349 1254 5395 et
1283 5340 1361 5395 ait
1387 5359 1401 5396 :
1430 5337 1712 5410 Propitius
1745 5339 1818 5395 sit
1847 5339 2037 5395 Domi-

449 5449 580 5500 nus,
631 5449 700 5490 ne
728 5432 927 5488 faciam
961 5431 1100 5499 hoc,
1127 5432 1292 5502 519
1314 5433 1360 5487 si
1391 5432 1718 5502 sanguinem
1747 5432 2034 5488 hominum

449 5526 686 5582 istorum
731 5525 829 5596 qui
871 5524 1102 5595 profecti
1148 5535 1281 5581 sunt
1329 5525 1389 5580 in
1438 5523 1752 5581 animarum
1803 5539 2035 5582 suarum

451 5618 788 5689 periculum,
818 5619 1030 5676 hibero.
1071 5637 1092 5670 ι

523 5711 680 5768 Prov.
738 5728 859 5779 xm,
916 5711 1003 5767 l9...
1039 5742 1110 5755 —
1146 5730 1166 5765 ι
1225 5709 1462 5784 Lignutn
1517 5709 1638 5768 vitae
1694 5712 2033 5770 desiderium

451 5801 679 5866 bonum.
715 5825 738 5860 ι

1289 5940 1332 5980 Ι

2137 4608 2264 4662 οὗτε
2292 4605 2391 4676 τὴν
2412 4598 2762 4667 οίκίαν,οΰτε
2812 4595 2904 4650 τὸν
2957 4592 3162 4664 ἀγρὸν,
3218 4587 3344 4642 οὔτε
3393 4585 3484 4638 τὸν
3539 4583 3734 4676 παῖδα,

2138 4699 2264 4754 οὔτε
2317 4673 2416 4767 τίῆν
2469 4693 2798 4762 παιδίσκην,
2856 4687 2980 4742 οὒτε
3019 4684 3113 4740 τοῦ
3167 4681 3288 4752 βοὸς
3340 4675 3509 4734 αὐτοῦ
3540 4717 3556 4741 ,
3605 4673 3738 4767 οὔτε

2138 4793 2234 4848 τοῦ
2262 4790 2557 4860 ὑποζυγίου
2589 4784 2776 4852 αὐτοῦ,
2801 4783 2926 4838 οὔτε
2977 4781 3086 4834 πᾶν
3136 4778 3235 4832 ὅσα
3261 4772 3342 4845 τῷ
3373 4769 3605 4842 πλησίον
3636 4765 3734 4821 σού

2139 4888 2308 4941 ἐστιν.
2347 4903 2367 4936 ι

2221 4995 2240 5030 ι
2285 4973 2637 5045 Ἐπεθύμησσ
2670 4969 2835 5024 Δαὸὶδ
2887 4961 3207 5033 ἐπιθυμίαν,
3252 4957 3347 5012 καὶ
3403 4951 3598 5045 εἶπενο
3638 4952 3738 5045 τίς

2139 5071 2318 5124 ποτιεῖ
2376 5043 2610 5138 μεῦδωρ
2664 5063 2730 5116 ἐκ
2780 5057 2875 5113 τοῦ
2927 5055 3158 5117 λάκκου,
3203 5047 3301 5104 τοῦ
3341 5049 3399 5101 ἐν
3441 5043 3735 5138 Βηθλεέμς

2138 5163 2250 5218 Καὶ
2279 5134 2473 5215 ἔλαθον
2499 5159 2550 5212 οἱ
2573 5134 2725 5228 τρεῖς
2771 5149 3021 5214 δυνατοὶ,
3047 5145 3144 5199 καὶ
3172 5138 3542 5213 παρεγένοντο
3593 5134 3738 5203 πρὸς

2137 5256 2336 5311 Δαϐίδο
2365 5253 2462 5309 καὶ
2521 5251 2623 5305 οὐκ
2677 5245 2904 5316 ἐθέλησε
2943 5241 3087 5294 πιεῖν
3143 5233 3296 5299 αὐτὸ,
3329 5230 3426 5285 καὶ
3470 5229 3737 5282 ἔσπεισεν

2138 5348 2269 5403 αὐτὸ
2303 5346 2380 5417 τῷ
2400 5341 2611 5416 Κυρίῳ,
2658 5339 2753 5393 καὶ
2781 5331 2935 5388 εἶπεν
2965 5349 2980 5362 ·
3017 5327 3203 5391 Ἵλεώς
3240 5342 3354 5397 μοι,
3390 5321 3591 5394 Κύριε,
3634 5316 3734 5372 τοῦ

2139 5443 2364 5512 ποιῆσαι
2392 5415 2572 5502 τοῦτο,
2616 5433 2663 5486 εἰ
2688 5424 2830 5500 αἷμα
2850 5425 2960 5479 τῶν
3022 5419 3334 5493 ἀνθρώπων
3363 5415 3476 5473 τῶν
3527 5426 3737 5485 πορσυ-

2139 5536 2340 5591 θέντων
2372 5531 2431 5584 ἐν
2458 5530 2580 5592 ταῖς
2607 5525 2810 5596 ψυχαῖς
2837 5517 3023 5576 αὐτῶν
3053 5514 3274 5585 πίομαι.

2217 5733 2235 5766 ι
2268 5712 2500 5784 Δὲνδρον
2530 5706 2678 5778 ζωῆς
2707 5701 2976 5774 ἐπιθυμία
3006 5696 3209 5770 ἀγαθή.
3248 5712 3268 5747 ι
