4028 6390
259 367 394 431 1557

1536 355 1774 418 SACRA
1813 353 2276 414 PARALLELA.

3404 337 3543 400 1558

334 507 353 538 ι
406 485 612 540 Ὀπίσω
654 483 764 536 τῶν
809 477 1120 550 ἐπιθυμιῶν
1171 494 1268 530 σου
1321 477 1396 547 μὴ
1440 474 1700 544 πορεύου,
1759 473 1853 526 καὶ

2032 467 2202 523 Eccti.
2242 481 2398 529 xvm,
2434 464 2524 518 30.
2556 495 2588 504 η
2651 481 2670 514 ι
2705 461 2840 516 Post
2892 457 3384 528 concupiscentias
3420 463 3545 508 tuas

260 579 370 635 ἀπὸ
396 578 504 632 τῶν
537 573 780 646 όρέξεών
814 588 911 625 σου
943 569 1178 624 κωλύου.
1209 587 1227 620 ι

337 689 356 724 ι
400 667 752 739 Ῥεμσασμὺς
813 662 1114 734 ἐπιθυμίας
1161 658 1480 733 μεταλλεύει
1539 657 1667 714 νοῦν
1716 658 1856 712 ἀκα-

334 779 448 816 ν.»
1660 770 1666 775 ’

334 782 386 816 ν.
429 782 448 815 ι

267 782 361 906 χοι
403 855 499 916 Ὃς
532 852 629 906 ἐὰν
665 849 751 920 ίδῃ
780 849 1019 918 γυναῖκα
1045 846 1184 919 πρὸς
1203 847 1265 902 τδ
1287 846 1628 918 ἐπιθυμῆσαι
1660 845 1855 918 αὐτὴν,

265 945 365 1016 ήδη
397 942 718 1014 ἐμοίχευσεν
737 939 909 1010 αὐτὴν
940 941 998 994 ἐν
1021 941 1088 1011 τῇ
1113 938 1314 1009 καρδία
1337 939 1528 995 αὑτοῦ.
1560 957 1580 991 ι

343 1144 363 1177 ι
402 1123 518 1177 Πᾶν
546 1120 609 1175 τὸ
651 1121 714 1175 ἐν
763 1119 844 1190 τῷ
877 1117 1072 1190 κόσμῳ
1103 1119 1136 1190 ἡ
1187 1116 1453 1186 ἐπιθυμία
1481 1117 1605 1192 τῆς,
1633 1116 1857 1187 σαρκὸς,

267 1217 360 1270 καὶ
385 1218 418 1286 ή
447 1213 719 1283 ἐπιθυμία
751 1211 864 1266 τῶν
892 1211 1213 1282 ὀφθαλμῶν,
1250 1211 1345 1264 καὶ
1374 1211 1408 1280 ή
1445 1209 1738 1274 ἀλαζονεία
1764 1207 1860 1261 τοῦ

270 1309 414 1379 βίου,
437 1295 602 1378 ἢούκ
627 1305 779 1358 ἔστιν
801 1305 869 1358 ἐκ
889 1302 985 1356 τοῦ
1021 1303 1258 1375 Πατρδς,
1287 1303 1406 1356 ἀλλ’
1434 1303 1501 1356 ἐκ
1523 1300 1618 1357 τοῦ
1653 1301 1860 1372 κόσμου

270 1400 441 1454 ἐστίν.
482 1416 502 1451 ι

345 1512 365 1545 ι
409 1489 726 1562 Παρακαλῶ
755 1489 903 1562 ὑμᾶς
931 1488 1009 1554 ὡς
1057 1487 1362 1560 παροίκους
1410 1488 1506 1542 καὶ
1552 1487 1863 1560 παρεπιδή-

274 1601 408 1653 μους
455 1583 766 1655 ἀπέχεσθαι
803 1581 913 1636 τῶν
965 1582 1249 1653 σαρκικῶν
1289 1581 1622 1653 ἐπιθυμιῶν,
1659 1582 1863 1645 αἵτινες

224 1669 230 1678 ’
271 1674 648 1746 πρωτεύονται
675 1674 818 1728 κατά
841 1674 942 1744 τῆς
968 1673 1167 1744 ψυχῆς.
1199 1692 1218 1725 ι

347 1786 368 1820 ι
412 1765 557 1837 Ἐγὼ
587 1767 617 1820 6
652 1765 988 1837 δημιουργὸς
1037 1764 1265 1832 ἐνέταξα
1295 1764 1375 1834 τῷ
1407 1765 1692 1836 πλάσματι
1736 1766 1860 1819 ἐπι-

273 1860 337 1913 θυ
345 1858 498 1930 μίαν,
523 1858 621 1912 καὶ
643 1857 707 1912 οὐ
726 1857 791 1911 τὸ
815 1857 1046 1927 φυσικὸν
1069 1857 1281 1928 κίνημα
1298 1857 1592 1912 διαϐάλλοι.
1618 1857 1693 1911 Οὐ
1719 1856 1864 1926 λέγω

273 1953 384 2022 γάρ
404 1967 418 1982 ⁶
449 1952 565 2008 Οὐκ
590 1951 976 2022 ἐπιθυμήσεις.
1005 1950 1124 2004 Οὐκ
1155 1950 1387 2005 ἀνασπῶ
1413 1950 1510 2004 τοῦ
1542 1949 1726 2015 καλῶς
1757 1968 1864 2017 cpu-

274 2043 563 2106 τευθέντος
586 2042 688 2112 τὴν
720 2041 902 2113 ῥίζαν,
932 2040 1068 2095 ἀλλὰ
1100 2041 1196 2094 τοῦ
1232 2040 1647 2112 προφθαρέντος
1693 2041 1864 2110 φυτοῦ

273 2137 342 2190 τά
370 2135 508 2192 νόθα
551 2134 777 2207 πρέμνα
817 2133 1085 2190 κλαδεύω.
1115 2133 1192 2188 Οὐ
1227 2134 1372 2203 λέγω
1415 2129 1509 2188 οὖν
1537 2133 1636 2205 τὴν
1676 2133 1866 2188 ἐπιθυ-

279 2229 413 2300 μίαν
442 2227 617 2299 αὐτὴν
651 2226 898 2298 ἐξορίσαι
923 2227 1024 2297 τῆς
1063 2226 1270 2298 ψυχῆς,
1303 2225 1442 2281 ἀλλά
1493 2225 1589 2280 τοῦ
1625 2226 1866 2298 μαχικοῦ

277 2320 486 2384 πάθους
505 2319 606 2383 τὰς
641 2318 1012 2392 παραφυάδας
1038 2317 1122 2372 ἔτι
1150 2318 1560 2389 βλαστανούσας
1586 2319 1864 2373 ἐκκόπτω.

277 2414 372 2478 Τίς
404 2416 471 2484 τῇ
517 2413 659 2484 καλῇ
690 2413 905 2487 ἀρούρᾳ
934 2412 1152 2480 ζιζάνια
1196 2413 1598 2486 παρασπείρει;
1635 2416 1869 2485 Σπέρμα

277 2504 447 2558 καλὸν
494 2503 762 2576 ἐσπειρα-
815 2502 983 2558 πόθεν
1027 2503 1138 2557 τῶν
1219 2503 1479 2568 ζιζανίων
1526 2507 1556 2559 6
1606 2505 1864 2576 δλεθρος;

276 2596 561 2668 ἐκτριψον,
601 2597 872 2668 πάτησον,
907 2596 1210 2662 ἀπόπνιξον
1239 2595 1303 2650 τδ
1331 2599 1559 2669 σπέρμα
1598 2599 1661 2652 τὸ
1693 2615 1866 2668 πονη-

279 2689 394 2761 ρδν,
455 2690 554 2745 καὶ
606 2690 668 2745 οὐ
715 2691 967 2754 πονέσεις
1017 2690 1386 2762 ἀδρυνομένου
1445 2690 1544 2744 τοῦ
1601 2691 1863 2756 ζιζανίου.

277 2782 406 2850 Πᾶς
450 2782 521 2837 δὲ
562 2782 632 2850 ὃς
678 2783 789 2838 ἐὰν
823 2783 1099 2852 ἐμϐλέψῃ
1148 2782 1393 2852 γυναικὶ
1432 2782 1586 2851 πρὸς
1615 2784 1681 2837 τὸ
1733 2784 1866 2837 ἐπι-

276 2871 550 2942 θυμῆσαι
585 2873 800 2943 αὐτὴν,
856 2872 976 2943 ἤδη
1011 2874 1374 2944 ἐμοίχευσεν
1427 2874 1628 2945 αὐτὴν
1681 2876 1755 2931 ἐν
1792 2875 1869 2945 τῇ

277 2965 497 3034 καρδίᾳ
525 2966 733 3022 αυτοῦ.

349 3059 568 3130 Ὠσπερ
621 3057 701 3128 τῷ
758 3058 1006 3129 στρουθῷ
1035 3058 1144 3112 τῶν
1187 3059 1409 3130 πτερῶν
1463 3059 1658 3130 ὄφελος
1714 3062 1871 3116 οὐδὲν

1958 576 2030 618 ne
2067 561 2254 632 abeas,
2285 565 2342 615 et
2373 573 2404 611 a
2439 557 2727 612 voluntate
2761 562 2854 609 tua
2881 561 3151 608 avertere.
3195 570 3215 603 ι

2028 654 2158 722 Sap.
2194 668 2268 716 ιν,
2299 651 2474 705 ιε..-
2512 669 2531 702 ‹
2563 648 2825 720 Evagatio
2857 643 3334 715 concupiscentia:
3373 650 3546 696 trait.-

1960 747 2069 803 fert
2094 754 2357 803 mentem.
2394 763 2414 798 ι

2030 839 2228 894 Matth.
2269 854 2325 906 v,
2359 837 2456 892 28.
2483 866 2554 879 --
2587 853 2608 888 ι
2640 833 2835 892 Omnis
2885 833 2980 904 qui
3019 831 3219 887 viderit
3251 827 3544 882 mulierem

1961 931 2030 985 ad
2063 927 2578 1000 concupiscendum
2606 941 2754 992 eam,
2792 925 2910 995 jam
2954 924 3266 980 moechatus
3300 925 3391 976 est
3421 931 3542 974 eam

1959 1025 2016 1079 in
2049 1023 2218 1080 corde
2245 1037 2370 1080 suo.
2410 1041 2431 1076 ι
2630 1079 2638 1085 ,

2032 1114 2058 1168 1
2094 1112 2261 1170 Joan.
2313 1130 2377 1180 ιι,
2407 1113 2493 1170 16.
2518 1142 2587 1155 —-
2613 1131 2632 1166 ι
2663 1110 2840 1168 Omne
2879 1108 3027 1180 quod
3076 1107 3133 1161 in
3183 1103 3390 1160 mundo
3418 1107 3502 1157 est
3528 1138 3548 1165 ,

1961 1217 2059 1262 aut
2088 1216 2176 1264 est
2207 1206 2668 1277 concupiscentia
2700 1203 2893 1260 carnis
2913 1242 2929 1267 ,
2963 1211 3058 1257 aut
3089 1194 3546 1267 concupiscentia

1960 1303 2291 1365 oculorum,
2352 1307 2448 1355 aut
2495 1297 2753 1370 superbia
2805 1297 2933 1351 vitae
2961 1336 2976 1362 ,
3012 1309 3138 1365 qua:
3194 1306 3306 1346 non
3350 1296 3436 1345 cst
3481 1303 3548 1342 ex

1964 1392 2130 1449 Patre
2155 1432 2170 1458 ,
2206 1393 2304 1449 sed
2326 1408 2394 1447 ex
2434 1392 2640 1447 mundo
2669 1398 2775 1447 est.
2812 1407 2831 1440 ι

2034 1483 2063 1539 Ι
2091 1484 2244 1540 Petr.
2274 1501 2334 1549 ιι,
2364 1484 2456 1540 11.
2479 1515 2546 1526 -
2577 1502 2596 1537 ι
2629 1481 2878 1539 Obsecro
2903 1493 3026 1544 vos,
3079 1484 3350 1546 tanquam
3383 1473 3552 1526 adve-

1963 1589 2066 1630 nas
2096 1583 2153 1631 et
2181 1575 2511 1646 peregrinos
2532 1617 2546 1638 ,
2576 1573 2863 1628 abstinere
2895 1584 2994 1625 vos
3034 1583 3065 1623 a
3099 1565 3428 1622 carnalibus
3459 1563 3555 1618 deo

1963 1666 2229 1732 sideriis,
2263 1682 2390 1736 qua;
2420 1671 2668 1737 praesunt
2697 1663 2968 1719 adversus
3001 1658 3269 1714 animam.
3303 1673 3322 1708 ι

2035 1759 2094 1816 S.
2136 1759 2418 1830 Chrysost.
2448 1791 2518 1802 —
2544 1757 2657 1830 Ego
2691 1754 2878 1825 opifex
2911 1755 3180 1824 ligmento
3217 1764 3339 1808 meo
3383 1762 3552 1818 appe-

1965 1852 2127 1906 titum
2182 1849 2394 1917 indidi;
2435 1847 2781 1921 proindeque
2819 1843 3130 1899 naturalem
3182 1845 3395 1895 motum
3447 1836 3552 1891 mi-

1967 1943 2118 1998 nime
2146 1941 2438 1998 criminor.
2495 1939 2684 2010 Neque
2720 1938 2874 1992 enim
2926 1934 3073 2000 dico,
3117 1929 3240 1986 Non
3288 1927 3554 1997 concupi-

1968 2049 2115 2089 sces.
2146 2032 2269 2088 Non
2315 2033 2437 2102 ejus
2491 2029 2641 2101 quod
2683 2036 2833 2084 recte
2891 2035 3074 2081 satum
3130 2022 3271 2088 fuit,
3309 2020 3552 2077 radicem

1967 2123 2193 2192 avello;
2223 2137 2419 2180 verum
2461 2119 2810 2177 adulterinas
2849 2122 3127 2185 corruptae
3161 2112 3354 2186 stirpis
3385 2109 3555 2163 libras

1969 2216 2116 2274 elido
2145 2226 2316 2288 atque
2344 2217 2594 2286 amputa.
2618 2213 2738 2269 Non
2771 2212 2878 2266 hoc
2910 2210 3036 2265 dico
3063 2216 3125 2262 ut
3154 2203 3558 2273 concupiscen-

1969 2312 2104 2365 tiam
2154 2310 2430 2380 exstirpes
2479 2323 2549 2363 ex
2606 2305 2832 2368 animo;
2883 2301 2980 2358 sed
3022 2299 3226 2372 spuriae
3247 2294 3558 2353 aﬂectionis

1971 2402 2316 2472 pullulantes
2395 2400 2582 2456 adhuc
2656 2397 2908 2453 stolones
2988 2391 3280 2448 exscinde.
3356 2386 3561 2457 Ecquis

1969 2494 2197 2565 optima:
2242 2493 2430 2550 telluri
2490 2489 2702 2546 zizania
2753 2486 3053 2557 inspersit‘t
3092 2484 3307 2540 Bonum
3368 2493 3560 2536 semen

1972 2585 2268 2650 seminavi,
2314 2584 2466 2640 unde
2507 2582 2746 2638 exitiosa
2797 2579 3016 2634 zizania
3063 2571 3435 2646 prodierunt?
3464 2585 3564 2625 ex-

1973 2688 2124 2746 tere,
2180 2675 2481 2748 proculca,
2537 2671 2781 2745 praal‘oca
2824 2685 3012 2727 semen
3065 2666 3306 2727 malum,
3341 2669 3397 2717 et
3451 2675 3560 2715 non

1971 2773 2080 2828 erit
2109 2786 2211 2828 cur
2243 2767 2638 2826 crescentibus
2678 2763 2908 2819 zizaniis
2962 2760 3202 2815 labores.
3248 2757 3564 2825 Quicunque

1973 2863 2302 2933 conspexerit
2326 2861 2601 2915 mulierem
2631 2857 2700 2912 ad
2751 2849 3233 2924 concupiscendam
3277 2863 3416 2910 eam,
3436 2845 3557 2914 jam

1974 2957 2265 3014 mmcltatus
2296 2962 2374 3010 est
2409 2971 2528 3009 eam
2567 2953 2622 3005 in
2661 2948 2821 3004 corde
2856 2965 2952 3003 suo
2981 2944 3215 3017 (Matth.
3245 2959 3301 3004 ν,
3327 2939 3458 3010 28).
3537 3003 3545 3018 ι

2047 3048 2142 3105 Uti
2199 3060 2488 3118 passerem
2528 3043 2669 3101 nihil
2704 3057 2895 3113 penna:
2933 3040 3164 3110 juvant,
3206 3049 3331 3088 cum
3365 3033 3563 3102 laqueo

277 3150 386 3204 ὑπὸ
407 3151 509 3220 τῆς
535 3129 764 3219 παγίδος
789 3152 995 3218 ἁλόντι,
1021 3151 1137 3205 ἀλλ’
1167 3129 1305 3223 εικῆί
1324 3153 1416 3207 και
1450 3154 1632 3225 μάτην
1664 3155 1868 3225 πτερύ-

1995 3148 2320 3211 nterceptns
2373 3145 2494 3203 est,
2532 3137 2630 3192 sed
2676 3135 2885 3191 frustra
2933 3139 3102 3202 atque
3153 3129 3438 3182 incassum
3471 3137 3566 3177 eas

277 3257 472 3296 σεται·
501 3241 644 3296 οὕτω
693 3243 791 3296 καὶ
838 3242 1078 3296 ἐπὶτῶν
1123 3242 1402 3313 λογισμῶν
1449 3245 1604 3299 οὐδὲν
1651 3245 1866 3316 ὄφελος,

275 3335 374 3388 ἐὰν
407 3335 551 3388 κατά
583 3335 786 3406 κράτος
815 3335 922 3388 ὑπὸ
948 3335 1050 3407 τῆς
1069 3338 1314 3410 πονηρᾶς
1342 3338 1641 3408 ἐπιθυμίας
1659 3340 1867 3408 ἁπλῶς,

276 3426 397 3479 ἀλλ’
431 3426 532 3480 ὅσα
573 3425 671 3478 ἐὰν
724 3428 1051 3499 σκιρτήσῃς,
1102 3427 1298 3492 ἑάλως.
1335 3429 1436 3484 Διά
1485 3429 1645 3483 τοῦτο
1692 3431 1871 3502 πτερά

275 3517 396 3578 τοῖς
449 3514 771 3586 στρουθίοις,
831 3517 920 3569 ἵνα
968 3517 1185 3590 ἐκφύγῃ
1242 3517 1512 3584 παγίδας·
1566 3519 1655 3572 διὰ
1714 3522 1873 3575 τοῦτο

276 3606 534 3678 λογισμοὶ
566 3609 678 3672 τοῖς
717 3607 1051 3680 ἀνθρώποις,
1085 3610 1174 3665 ἵνα
1198 3609 1482 3680 ἐκφύγωσι
1511 3611 1581 3666 τὰ
1615 3612 1870 3686 ἁμαρτή-

280 3715 455 3769 ματα.

309 3813 502 3868 ΤΙΤΛ.
543 3815 677 3871 KA'.
721 3847 792 3856 —
837 3816 978 3884 Περὶ
1031 3817 1332 3871 ἑκουσίων
1375 3822 1474 3875 καὶ
1529 3821 1841 3876 ἀκουσίων

839 3888 1299 3956 ἁμαρτημάτων.

353 4000 378 4033 ι
430 3979 556 4034 Ἐάν
609 3979 832 4050 πατάξῃ
863 3981 950 4043 τίς
999 3998 1146 4047 τινα,
1184 3981 1277 4034 καὶ
1330 3981 1607 4055 ἀποθάνῃ,
1656 3982 1876 4054 θανάτῳ

277 4071 659 4130 θανατούσθω.
689 4073 747 4126 'O
775 4073 834 4126 δὲ
861 4073 961 4143 οὐχ
992 4073 1158 4139 ἑκὼν,
1188 4074 1305 4128 ἀλλ’
1335 4076 1362 4128 6
1392 4074 1525 4137 Θεὸς
1557 4076 1877 4145 παρέδωκεν

278 4166 360 4226 εἰς
392 4163 494 4227 τὰς
524 4165 718 4234 χεῖρας
742 4164 934 4230 αὐτοῦ,
980 4165 1141 4220 δώσω
1170 4184 1252 4219 σοι
1297 4166 1482 4232 τόπον,
1515 4159 1584 4220 οὗ
1615 4167 1876 4237 φεύξεται

280 4255 403 4306 ἐκεῖ
426 4255 454 4306 6
476 4254 770 4321 φονεύσας.
803 4272 824 4306 ι
1221 4244 1232 4250 ’

363 4426 672 4498 (Ἐκεῖνος
709 4434 739 4487 ό
780 4435 969 4502 δοῦλος
999 4437 1028 4490 6
1074 4439 1237 4507 γνοὺς
1277 4437 1338 4491 τὸ
1377 4438 1588 4509 θέλημα
1636 4437 1731 4492 τοῦ
1781 4457 1881 4495 κυ-

1970 3234 2165 3308 gerit:
2221 3233 2298 3287 ita
2355 3243 2459 3286 nec
2525 3228 2627 3284 tibi
2689 3227 2995 3298 quidquam
3055 3221 3287 3292 prodest
3340 3217 3558 3297 ratione

1973 3325 2264 3398 praeditum
2311 3335 2482 3387 esse,
2548 3320 2596 3376 si
2659 3317 2730 3375 ab
2788 3315 3040 3386 improba
3106 3308 3565 3380 concupiscentia

1973 3418 2354 3490 expugnatis;
2413 3412 2512 3471 sed
2578 3409 2992 3483 quantumlibet
3059 3405 3312 3466 saltites,
3365 3411 3565 3470 captus

1975 3522 2172 3568 tamen
2205 3508 2440 3566 teneris.
2487 3505 2622 3560 Eam
2654 3505 2726 3560 ob
2758 3517 2874 3558 rem
2911 3497 3236 3570 passeribus
3269 3495 3367 3548 alm
3393 3501 3564 3557 sunt,

1975 3605 2182 3677 quibus
2234 3604 2471 3673 laqueos
2524 3600 2737 3664 vitent;
2790 3595 3005 3649 idcirco
3035 3590 3204 3648 etiam
3237 3586 3564 3644 hominibus

1976 3698 2126 3752 inest
2165 3695 2308 3750 ratio
2329 3735 2346 3762 ,
2374 3706 2486 3764 qua
2521 3696 2748 3762 peccata
2779 3685 3071 3758 eﬂ'ugiant.

1977 3808 2114 3864 Tl'l‘.
2150 3806 2297 3863 XXI.
2345 3835 2416 3849 -ο
2452 3805 2529 3860 De
2577 3804 2810 3873 peccatis
2867 3793 2993 3872 'qme
3034 3808 3144 3854 tum
3183 3806 3403 3868 sponte,
3459 3805 3570 3852 tum

2458 3877 2623 3930 invite
2649 3874 3084 3929 committuntur.

2057 3970 2232 4026 Exod.
2293 3986 2407 4032 χχι,
2441 3968 2530 4022 12.
2565 3999 2636 4009 —-
2671 3984 2691 4017 ι
2730 3964 2788 4018 Si
2827 3963 2957 4034 quis
3005 3961 3248 4031 aliquem
3275 3973 3571 4029 percusse-

1979 4065 2092 4129 rit,
2151 4063 2246 4133 qui
2305 4067 2562 4117 mortuus
2629 4057 2831 4121 fuerit,
2885 4061 3062 4108 morte
3118 4053 3410 4106 moriatur.
3464 4050 3569 4114 Qui

1980 4163 2166 4211 autem
2193 4169 2305 4208 non
2340 4160 2545 4222 sponte
2573 4189 2589 4216 ,
2646 4149 2742 4205 sed
2783 4163 2908 4202 cum
2940 4144 3087 4201 Deus
3117 4142 3410 4198 tradiderit
3441 4156 3567 4195 cum

1981 4248 2040 4303 in
2096 4260 2299 4300 manus
2341 4259 2517 4299 suas:
2571 4242 2717 4297 dabo
2769 4240 2819 4296 ei
2863 4239 3085 4303 locum,
3129 4251 3241 4307 quo
3273 4234 3449 4306 fugiat
3479 4234 3572 4289 ille

1982 4341 2076 4413 qui
2117 4337 2410 4394 occiderit.
2453 4353 2473 4388 ι

2058 4430 2189 4486 Luc.
2224 4445 2323 4494 xu,
2370 4425 2460 4481 47.
2492 4457 2561 4466 -—
2595 4444 2612 4476 ι
2651 4423 2746 4479 llle
2807 4438 3003 4480 servus
3044 4419 3136 4490 qui
3173 4419 3434 4490 cognovit
3471 4434 3572 4472 v0-

289 4524 408 4595 ρίου
446 4523 636 4589 αὑτοῦ,
668 4525 763 4579 καὶ
795 4527 871 4597 μὴ
913 4529 1171 4598 ποιήσας,
1212 4529 1514 4601 δαρήσεται
1552 4529 1774 4595 πολλάς.
1817 4530 1869 4585 'U

1989 4526 2254 4581 luntatem
2284 4518 2499 4575 domini
2526 4517 2636 4584 sui,
2675 4523 2731 4572 et
2764 4531 2870 4571 non
2898 4515 3050 4580 fecit,
3080 4513 3259 4584 plagis
3294 4511 3572 4582 vapulabit

284 4615 342 4669 δὲ
374 4616 451 4687 μὴ
484 4617 669 4685 γνοὺς,
701 4617 1005 4690 δαρήσεται
1038 4619 1247 4689 ὀλίγας.
1284 4639 1302 4673 ι

366 4728 385 4761 ι
417 4709 593 4779 Χάριν
642 4708 754 4779 ἔχω
793 4709 874 4780 τῷ
917 4710 1359 4782 ἐνδυναμώσαντί
1391 4731 1459 4785 με
1503 4715 1748 4786 Χριστῷ,
1796 4717 1880 4769 ὅτι

291 4800 488 4853 πιστόν
517 4817 586 4870 με
621 4802 892 4872 ἡγήσατο,
927 4802 1160 4874 θέμενος
1197 4806 1278 4868 είς
1307 4805 1408 4876 τήν
1459 4806 1742 4861 διακονίαν
1787 4807 1882 4861 τὸν

291 4891 562 4962 πρότερον
612 4891 743 4946 ὄντα
790 4893 1135 4965 βλάσφημον,
1163 4896 1257 4948 καὶ
1298 4893 1557 4968 διώκτην,
1597 4898 1692 4951 καὶ
1723 4896 1882 4968 ὕϐρι·

293 4983 428 5051 στήν
447 4998 465 5019 ο
496 4981 612 5036 ἀλλ’
641 4983 906 5054 ήλεήθην,
929 4985 1011 5039 ὅτι
1043 4985 1257 5055 ἀγνοῶν
1277 4987 1512 5058 ἐποίησα
1539 4989 1599 5041 ἐν
1627 4988 1881 5058 ἀπιστίᾳ.

302 5074 781 5145 Ὑπερεπλεόνασε
820 5075 880 5130 δὲ
928 5078 962 5147 ή
1002 5079 1162 5148 χάρις
1210 5079 1307 5131 τοῦ
1339 5079 1546 5150 Κυρίου
1600 5079 1743 5149 μετά
1789 5079 1885 5133 πί-

295 5184 488 5232 στεως,
523 5169 619 5223 καὶ
646 5169 872 5241 ἀγάπης
897 5170 998 5242 τῆς
1028 5173 1088 5224 ἐν
1111 5172 1338 5242 Χριστῷ
1373 5172 1579 5243 Ἰησοῦ.
1612 5191 1631 5224 ι

375 5444 396 5480 ι
433 5430 733 5496 Ἑκουσίως
765 5432 1196 5504 ἁμαρτανόντων
1225 5433 1387 5504 ήμῶν
1417 5433 1556 5503 μετά
1599 5431 1660 5487 τὸ
1699 5432 1887 5487 λαϐεῖν

295 5525 396 5594 τὴν
425 5525 724 5594 ἐπίγνωσιν
749 5527 851 5598 τῆς
889 5525 1174 5597 ἀληθείας,
1206 5527 1388 5581 οὐκέτι
1433 5526 1564 5596 περὶ
1597 5525 1887 5598 ἁμαρτιῶν

295 5614 655 5670 ἀπολείπεται
686 5616 869 5684 θυσία,
901 5615 1108 5689 φοϐερὰ
1149 5616 1206 5670 δὲ
1260 5635 1344 5682 τις
1387 5617 1585 5688 ἐκδοχὴ
1626 5617 1884 5688 κρίσεως,

299 5707 396 5760 καὶ
444 5707 617 5777 πυρὸς
679 5709 842 5781 ζῆλος
892 5709 1095 5764 ἐσθίειν
1133 5710 1421 5781 μέλλοντος
1470 5709 1600 5774 τοὺς
1650 5710 1884 5765 ὑπεναν-

298 5797 468 5865 τίους.
507 5819 524 5851 ι

1983 4614 2192 4670 multis.
2227 4613 2332 4680 Qui
2359 4619 2542 4667 autem
2569 4625 2680 4665 non
2701 4607 2983 4678 cognovit,
3017 4606 3298 4675 vapulabit
3321 4604 3568 4676 paucis.»

2056 4704 2085 4759 Ι
2129 4704 2267 4760 Tim.
2307 4720 2343 4768 ι,
2376 4702 2562 4756 12-14.
2583 4733 2654 4742 —-
2679 4718 2698 4753 ι
2729 4699 2953 4755 Gratias
2977 4712 3080 4770 ago
3111 4696 3162 4752 ei
3197 4697 3289 4767 qui
3324 4710 3410 4751 me
3439 4709 3574 4749 con-

1983 4799 2192 4862 fortat,
2243 4795 2506 4860 Christo,
2555 4793 2687 4864 quia
2747 4791 2962 4848 ﬁdelem
3033 4786 3122 4846 ιιιέ
3185 4786 3571 4850 existimavit,

1986 4905 2202 4963 ponens
2246 4889 2300 4944 in
2337 4888 2654 4945 ministerio
2676 4927 2691 4954 ,
2724 4887 2820 4956 qui
2867 4885 3026 4956 prius
3058 4882 3419 4953 blasphemus
3454 4879 3532 4934 l'ui
3555 4919 3571 4944 ,

1983 4989 2039 5038 ct
2069 4990 2418 5052 perseeutor,
2470 4988 2525 5036 et
2577 4978 3050 5043 contumeliosus;
3101 4974 3200 5031 sed
3247 4973 3571 5029 misericor-

1985 5073 2134 5129 diam
2187 5081 2530 5130 conseeutus
2583 5085 2703 5128 sum
2731 5113 2746 5137 ,
2784 5071 2916 5140 quia
2949 5070 3224 5140 ignorans
3261 5065 3366 5120 feci
3400 5067 3453 5120 in
3490 5066 3575 5120 in-

1987 5161 2878 5235 credulitate-Superabundavit
2912 5167 3098 5215 autem
3139 5159 3321 5230 gratia
3353 5157 3574 5213 Domini

1988 5259 2164 5315 nostri
2197 5257 2331 5316 Iesu
2363 5258 2574 5314 Christi
2630 5271 2757 5312 cum
2792 5255 2898 5312 (ide
2932 5261 2987 5310 et
3019 5253 3298 5309 charitatc
3321 5253 3376 5307 in
3411 5252 3577 5307 Chri-

1988 5361 2077 5406 sto
2105 5349 2259 5407 Jesu.

2061 5440 2230 5497 Hebr.
2264 5458 2318 5507 ιι,
2350 5440 2446 5496 26.
2473 5471 2542 5482 -
2576 5459 2595 5492 ι
2629 5437 2959 5495 Voluntarle
2991 5436 3359 5510 peccantibus
3413 5437 3575 5492 nobis

1989 5543 2117 5604 post
2152 5542 2438 5605 acceptam
2492 5532 2742 5589 notitiam
2779 5532 3068 5598 veritatis,
3098 5531 3213 5600 jam
3258 5545 3368 5584 non
3401 5529 3576 5583 relin-

1987 5623 2184 5694 quitur
2215 5637 2317 5694 pro
2347 5623 2592 5693 peccatis
2645 5622 2858 5684 hostia;
2895 5622 2988 5678 sed
3024 5620 3294 5677 terribilis
3321 5620 3573 5689 quaedam

1989 5716 2331 5786 exspectatio
2359 5714 2591 5784 judicii,
2624 5723 2678 5770 et
2722 5715 2866 5784 ignis
2915 5715 3194 5772 :cmulatio
3220 5755 3234 5783 ,
3268 5728 3389 5783 quae
3427 5725 3575 5789 con--

1991 5816 2282 5876 sumptura
2311 5815 2396 5866 cst
2436 5806 2808 5866 adversarios.
2849 5824 2872 5861 ι
3178 5800 3206 5806 “’
