4028 6398
509 354 646 419 1Ἶ59

1703 355 1764 415 S.
1805 355 2047 417 JOANN
2059 357 2125 418 lS
2165 359 2566 424 DAMASCEN
2572 365 2601 424 Ι

3641 375 3767 444 1560

572 471 737 546 520
771 471 828 528 S.
857 471 1031 527 Basil.
1076 472 1126 524 in
1169 470 1343 540 princ.
1381 469 1542 524 Prov.
1569 503 1635 510 —
1668 469 1907 525 Pcccata
1961 485 2088 540 par-

2271 479 2394 533 Τῶν
2429 483 2875 554 ἁμαρτημάτων,
2924 486 2993 541 τὰ
3037 485 3138 558 μὲν
3171 485 3402 543 ἀκούσιά
3429 490 3591 558 ἐστιν,
3620 496 3684 550 τὰ
3712 500 3764 555 δὲ

502 564 601 618 tim
634 565 950 619 Voluntaria
1005 579 1114 618 non
1177 571 1349 624 sunt,
1403 569 1458 616 et
1499 562 1700 632 partim
1735 563 1803 616 ab
1823 562 2090 642 __improba

503 658 788 712 voluntate
819 655 1282 727 proﬁciscuntur.
1325 653 1629 726 Fingamus
1653 654 1801 711 enim
1834 665 2089 726 stuprum

502 763 648 814 esse,
676 747 744 802 de
768 762 879 816 quo
912 746 968 800 in
989 746 1204 817 judicio
1233 745 1606 817 disceptetur,
1635 760 1700 802 ac
1730 747 1838 802 duo
1869 757 2047 803 scorta
2074 762 2088 798 :

501 839 738 894 alterum
797 845 983 894 autem
1015 838 1207 894 lenoni
1264 837 1550 894 venditum
1575 879 1590 906 ,
1623 839 1768 894 baud
1804 847 2002 910 sponte
2033 843 2090 894 in

503 931 649 984 malo
689 930 901 986 haerere
925 969 940 994 ,
980 937 1150 1001 atque
1198 931 1455 1001 corporis
1507 939 1779 1000 quaestum
1812 928 2093 1000 ﬂagitiosa

502 1023 728 1079 domino
782 1022 1073 1093 praebere;
1133 1022 1371 1078 alterum
1421 1036 1554 1078 vero
1585 1022 1894 1078 libidinosa:
1927 1023 2086 1077 volu-

505 1117 676 1187 ptatis
708 1131 881 1172 causa
916 1130 1042 1171 sese
1083 1115 1286 1171 sceleri
1319 1113 1694 1185 mancipasse.
1722 1113 1899 1168 Aliter
1920 1113 2094 1183 igitur

503 1223 630 1278 qua:
659 1209 834 1264 invite
885 1209 1025 1263 [lunt
1077 1209 1296 1263 veniam
1353 1216 1794 1278 consequuntur,
1848 1215 1903 1261 et
1935 1206 2096 1261 aliter

502 1316 628 1372 quae
665 1301 921 1372 improbo
965 1309 1021 1358 et
1074 1301 1350 1357 scelerato
1401 1300 1587 1356 animo
1619 1307 1912 1371 geruntur,
1955 1314 2092 1354 con-

503 1396 868 1450 demnantur.

576 1484 637 1540 S.
671 1482 933 1540 Clement.
961 1516 1031 1526 —
1053 1483 1209 1550 Quod
1244 1484 1620 1540 voluntarium
1654 1500 1765 1540 non
1798 1495 1917 1553 est,
1946 1484 2097 1556 judi-

503 1580 592 1634 cio
625 1579 927 1634 obnoxium
963 1594 1075 1633 non
1106 1587 1212 1634 est.
1249 1579 1305 1635 ld
1335 1588 1520 1635 autem
1567 1581 1623 1635 in
1653 1580 1863 1652 duplici
1894 1595 2098 1651 genere

500 1679 588 1726 est
624 1691 636 1726 :
673 1671 908 1727 alterum
939 1671 1086 1726 enim
1120 1672 1436 1742 ignorantia
1467 1672 1556 1736 ﬁt;
1583 1673 1823 1727 alterum
1851 1672 1928 1726 vi.

575 1762 820 1834 Didymi.
857 1761 1010 1818 —Si
1059 1765 1189 1834 quis
1253 1779 1351 1834 per
1399 1764 1807 1837 ignorationem
1869 1764 2098 1831 labitur,

503 1856 654 1911 hunc
678 1869 898 1926 aequum
933 1869 1042 1910 non
1073 1863 1160 1911 est
1197 1870 1361 1926 poena
1393 1855 1650 1910 multari.
1686 1853 1737 1912 ls
1777 1857 1926 1912 enim
1961 1871 2097 1927 sup-

501 1947 670 2017 plicio
721 1945 944 2003 demum
996 1946 1137 2002 allici
1189 1947 1389 2013 debet,
1422 1948 1520 2018 qui
1566 1948 1738 2002 animi
1799 1947 2099 2004 aﬂ‘cctione

505 2048 722 2116 peccat.

571 2136 806 2191 Peccata
837 2149 962 2206 quae
993 2149 1107 2189 non
1139 2141 1341 2204 sponte
1383 2139 1808 2205 perpetrantur,
1841 2148 1967 2188 cum
2009 2136 2095 2190 lex

511 2229 630 2300 ipsa
669 2227 950 2283 condonat
973 2268 990 2295 ,
1025 2235 1141 2281 tum
1188 2225 1337 2282 Deus
1382 2227 1741 2292 dissimulat,
1778 2235 1839 2281 ut
1872 2226 1968 2297 qui
2003 2227 2100 2282 be-

512 2322 718 2392 nignus
752 2322 863 2387 sit,
902 2335 1012 2376 non
1048 2319 1333 2388 crudelis;
1388 2327 1444 2376 et
1472 2319 1791 2375 voluntaria
1826 2319 2096 2375 vindicat.
2127 2325 2135 2335 '

576 2503 853 2559 Philonis.
877 2532 949 2545 —
971 2501 1091 2560 Non
1145 2505 1298 2560 velut
1331 2505 1587 2574 iniquum
1627 2511 1714 2560 est
1739 2511 1938 2574 sponte
1969 2517 2099 2573 pec-

502 2609 667 2660 care,
710 2595 789 2648 ita
819 2603 874 2650 et
909 2595 1082 2650 invite
1116 2609 1181 2650 ac
1211 2611 1313 2666 per
1346 2596 1720 2668 ignorantiam
1753 2596 2099 2666 delinquere,

503 2687 615 2743 hoc
657 2687 871 2758 justum
929 2688 1148 2744 censeri
1187 2687 1402 2745 debet:
1440 2703 1633 2744 verum
1689 2688 1798 2744 hoc
1854 2689 2100 2744 medium

501 2779 800 2850 quemdam
853 2777 1134 2848 justitiam
1199 2781 1346 2836 inter
1398 2790 1452 2836 et
1510 2780 1850 2850 injustitiam
1912 2781 2100 2837 locum

501 2881 706 2928 tenet:
769 2872 921 2942 quod
953 2873 1177 2943 quidem
1217 2887 1248 2928 a
1299 2873 1591 2929 nonnullis
1630 2872 1955 2929 indill'erens
1987 2874 2100 2929 dici

502 2962 671 3018 solet.
725 2959 916 3033 Neque
963 2964 1113 3018 enim
1145 2973 1437 3034 peccatum
1474 2965 1649 3020 ullum
1693 2965 1926 3035 iustitiae
1957 2982 2100 3037 opus

506 3054 697 3109 fuerit.
1133 3052 1141 3062 '

2193 573 2302 628 ἀπὸ
2332 574 2561 646 γνώμης
2585 579 2832 648 πονηρᾶς
2861 578 3095 648 γίνεται.
3127 580 3489 652 ’Υποθὼμεοα
3510 585 3615 658 γὰρ
3642 607 3765 663 πορ-

2194 666 2346 721 νείαν
2399 663 2542 723 εἶναι
2571 668 2634 723 τὸ
2665 670 3012 742 κρινόμενον,
3067 672 3166 726 καὶ
3194 673 3404 744 πόρνας
3433 675 3554 730 δύο·
3604 679 3763 754 ἀλλ’ἢ

2199 759 2301 829 μὲν
2345 761 2702 833 πορνοϐοσκῷ
2743 762 3042 834 πραθεῖσα,
3074 766 3214 838 πρὸς
3255 765 3504 838 ἀνάγκην
3547 769 3688 826 ἐστὶν
3711 774 3764 827 ἐν

2195 851 2274 923 τῷ
2305 853 2485 923 κακῷ,
2519 854 2621 925 τὴν
2649 857 2714 908 ὲκ
2737 854 2834 908 τοῦ
2871 855 3129 927 σώματος
3155 858 3420 930 ἐργασίαν
3447 858 3527 930 τῷ
3559 865 3766 936 πονηρῷ

2195 941 2438 1019 δεσπότῃ
2471 949 2828 1019 παρεχομένη
2849 965 2864 980 ·
2898 950 2933 1021 ἠ
2960 949 3018 1002 δὲ
3051 949 3141 1004 διά
3169 949 3269 1022 τὴν
3299 950 3494 1023 ἡδονὴν
3521 953 3762 1022 ἑκουσίως

2197 1038 2397 1111 ἑαυτὴν
2423 1039 2688 1094 ἐπιδοῦσα
2720 1044 2787 1113 τῇ
2810 1042 3077 1115 ἁμαρτίᾳ.
3106 1043 3320 1108 Ι’Δλλως
3343 1039 3436 1099 οὖν
3457 1044 3526 1099 τά
3551 1047 3764 1104 ἀκούσια

2195 1131 2460 1202 τυγχάνει
2521 1133 2879 1206 συγγνώμης,
2915 1135 3013 1190 καὶ
3051 1135 3229 1202 ἄλλως
3275 1137 3342 1193 τά
3388 1139 3454 1192 ὲκ
3505 1141 3765 1215 μοχθηρᾶς

2201 1224 2584 1296 προαιρέσεως
2626 1227 3041 1300 κατακρίνεται.

2273 1496 2348 1549 T‘o
2382 1497 2642 1551 ἀκούσιον
2662 1496 2725 1550 οὐ
2758 1497 3024 1568 κρίνεται.
3059 1497 3248 1552 Διττδν
3277 1497 3336 1551 δὲ
3375 1497 3566 1553 τοῦτο·
3595 1499 3655 1553 τὸ
3681 1502 3770 1572 μὲν

2199 1591 2484 1662 γινόμενον
2528 1590 2667 1660 μετὰ
2694 1591 2943 1658 ἀγνοίας,
2974 1591 3037 1644 τὸ
3055 1591 3113 1644 δὲ
3144 1591 3211 1645 δι’
3239 1591 3511 1661 ἀνάγκην.

2271 1775 2333 1827 Ei
2381 1773 2600 1839 πρῶτον
2653 1773 2851 1842 ἀγνοίᾳ
2899 1772 3199 1839 σφάλλεται
3230 1787 3338 1835 τις,
3375 1775 3438 1823 οὓ
3478 1766 3769 1836 κολαστὲος,

2201 1865 2418 1920 ἐκείνου
2449 1863 2746 1918 κολαστέου
2779 1864 2874 1918 τοῦ
2913 1863 3035 1917 καθ’
3069 1862 3184 1928 ἕξιν
3219 1862 3649 1934 ἁμαρτάνοντος.

2276 2131 2357 2184 Τά
2394 2131 2495 2198 μὲν
2528 2132 2767 2186 ἀκούσια
2813 2130 3192 2202 ἁμαρτήματα
3250 2132 3348 2185 καὶ
3381 2131 3548 2204 νόμος
3582 2151 3772 2206 συγχωο

2207 2225 2310 2292 ρεῖ,
2363 2225 2458 2277 καὶ
2501 2223 2634 2286 Θεὸς
2681 2225 2921 2297 παρορᾷ,
2966 2223 3359 2294 φιλάνθρωπος
3408 2223 3516 2290 ὢν,
3551 2227 3641 2280 καὶ
3685 2229 3772 2282 οὐκ

2203 2316 2441 2390 ἀπηνὴς,
2482 2318 2581 2370 καὶ
2606 2316 2718 2372 τῶν
2751 2317 3039 2383 ἑκουσίως.
3068 2317 3198 2390 [llic
3231 2317 3486 2389 quaedam
3513 2319 3701 2376 desunt
3723 2322 3770 2376 in

2203 2407 2462 2463 omnibus
2487 2406 2650 2462 codd.
2675 2405 2698 2477 1

2286 2503 2376 2565 Ὠς
2413 2501 2474 2554 τὸ
2509 2501 2779 2564 ἑκουσίως
2820 2500 3156 2572 ἁμαρτάνειν
3207 2501 3358 2557 ἐστὶν
3407 2501 3610 2567 ἄδικον,
3648 2505 3772 2556 οὕτω

2204 2597 2264 2651 τὸ
2299 2594 2571 2658 ἀκουσίως
2606 2595 2704 2649 καὶ
2758 2596 2880 2650 κατ’
2910 2596 3170 2660 ἄγνοιαν,
3215 2595 3316 2649 οὐκ
3357 2595 3526 2659 εὐθὺς
3563 2595 3772 2662 δίκαιον,

2202 2689 2341 2744 ἀλλά
2367 2689 2506 2760 ταχύ
2538 2705 2644 2742 που
2672 2689 2928 2760 μεθόριον
2961 2689 3188 2759 ἀμφοῖν,
3211 2687 3432 2743 δικαίου
3464 2688 3555 2741 καὶ
3581 2688 3772 2753 ἀδίκου,

2202 2783 2265 2837 τὸ
2313 2781 2421 2836 ὑπό
2479 2799 2645 2835 τινων
2692 2781 3030 2852 καλούμενον
3077 2781 3402 2853 ἀδιάφορον.
3469 2779 3774 2852 Ἀμάρτημα

2203 2876 2316 2949 γὰρ
2347 2876 2526 2938 οὐδὲν,
2557 2876 2720 2947 ἔργον
2747 2874 3120 2946 δικαιοσύνης.

578 3145 774 3216 Ejusd.
803 3180 872 3190 —
898 3147 960 3204 Ei
994 3149 1215 3220 quidem
1244 3150 1340 3222 qui
1382 3164 1567 3206 rerum
1599 3150 1893 3206 meliorum
1927 3150 2088 3222 igno-

2278 3151 2369 3220 Τῷ
2426 3151 2528 3220 μὶν
2577 3149 2776 3220 ἀγνοίᾳ
2819 3145 2916 3201 τοῦ
2969 3147 3286 3218 κρείττονος
3343 3143 3771 3215 διαμαρτάνοντι,

502 3241 725 3297 ratione
758 3251 985 3312 peccat,
1041 3243 1205 3298 venia
1256 3243 1620 3314 impertitur:
1677 3244 1777 3314 qui
1810 3251 1993 3300 autem
2019 3239 2102 3301 de

504 3332 776 3389 industria
839 3334 1087 3405 injustus
1147 3342 1264 3402 est,
1318 3335 1413 3391 ille
1493 3335 1858 3391 excusatione
1918 3345 2099 3405 caret,

501 3427 710 3500 quippe
750 3428 844 3499 qui
872 3429 987 3500 jam
1034 3437 1164 3486 ante
1206 3439 1406 3502 captus
1439 3431 1513 3488 sit
1553 3430 1610 3486 in
1643 3429 1767 3488 foro
1803 3433 2105 3489 conscien-

503 3520 615 3575 tiae.

505 3629 647 3686 τιτ.
680 3630 851 3706 XXI].
878 3665 955 3706 -Λ
975 3632 1049 3688 De
1080 3633 1149 3687 iis
1178 3634 1268 3703 qui
1297 3643 1455 3706 grato
1481 3635 1660 3688 animo
1694 3644 1856 3690 sunt:
1888 3647 1938 3691 et
1964 3636 2104 3706 quod

798 3702 1168 3773 benefactores
1192 3702 1515 3772 ’prd’dicare
1556 3716 1816 3773 oporteat.

581 3876 705 3935 Jos.
731 3893 810 3940 vt.
835 3878 928 3933 22.
964 3911 1030 3920 —
1058 3898 1077 3932 ι
1117 3880 1344 3938 Duobus
1395 3882 1729 3952 juvenibus,
1785 3885 1880 3955 qui
1912 3886 2108 3957 explo-

511 3978 727 4028 ratores
773 3971 933 4029 missi
994 3971 1248 4042 fuerant,
1304 3974 1444 4029 dixit
1473 3974 1684 4032 Jcsus:
1741 3977 2106 4049 lngredimini

510 4065 736 4120 domum
779 4065 1067 4129 mulieris,
1120 4073 1176 4122 et
1214 4066 1436 4123 educite
1485 4084 1640 4133 eam,
1679 4079 1735 4126 ct
1765 4073 1951 4126 omnia
1983 4089 2108 4143 qua:

510 4158 666 4213 illius
700 4166 852 4214 sunt.
886 4156 952 4212 Et
981 4159 1218 4229 ingressi
1253 4170 1422 4225 sunt,
1459 4169 1515 4216 et
1554 4163 1874 4220 eduxerunt
1910 4165 2105 4222 Rabab

510 4251 865 4307 meretricem
886 4291 904 4318 ,
941 4261 996 4306 et
1028 4259 1242 4321 patrem
1265 4259 1323 4308 et
1345 4263 1576 4310 matrem
1613 4256 1740 4326 ejus
1766 4297 1780 4322 ,
1815 4267 1869 4312 et
1898 4258 2106 4314 fratres

511 4354 656 4408 ejus.
700 4359 720 4393 ι

581 4430 737 4488 Ρεαί.
790 4449 1059 4501 Lxxxvm,
1091 4435 1141 4490 Ι.
1168 4468 1235 4477 —
1263 4453 1283 4488 ι
1325 4436 1743 4494 Misericordias
1790 4448 1918 4495 tuas
1945 4483 1960 4507 ,
1998 4441 2105 4496 Do-

510 4525 660 4580 mine
683 4566 699 4592 ,
728 4525 782 4580 in
819 4533 1089 4583 aeternum
1118 4529 1378 4584 cantabo.
1419 4549 1438 4582 ι

587 4616 739 4673 Ρεαί.
787 4635 914 4685 cxv,
966 4621 1056 4674 12.
1085 4621 1320 4686 —Quid
1372 4623 1679 4678 retribuam
1737 4624 1970 4680 Domino
2003 4640 2104 4696 pro

511 4711 776 4766 omnibus
807 4725 931 4781 quae.
967 4713 1227 4768 retribuit
1259 4713 1470 4769 nobis?
1511 4733 1530 4766 ι

581 4803 737 4860 Psal.
783 4820 1006 4871 cxxxvt,
1064 4807 1120 4862 5.
1154 4838 1226 4849 —
1255 4825 1277 4860 ε
1337 4805 1396 4863 Si
1427 4809 1641 4864 oblitus
1681 4809 1839 4864 fuero
1878 4811 1980 4877 tui,
2016 4809 2107 4867 Je-

510 4897 756 4952 rusalem
775 4939 791 4966 ,
819 4897 1091 4954 oblivioni
1121 4900 1286 4957 detur
1315 4900 1547 4957 dextera
1580 4917 1724 4958 mea.
1762 4921 1781 4954 ι

584 4987 719 5056 Sap.
751 5004 874 5057 vni,
905 4989 1008 5052 21.
1054 5021 1106 5035 -
1137 5011 1158 5046 ι
1194 4990 1515 5049 Prudentia:
1536 5002 1622 5050 est
1650 4995 1795 5050 scire
1829 4996 1990 5064 cujus
2019 5007 2104 5053 est

511 5082 742 5139 donum.
783 5101 804 5137 ι

583 5173 760 5231 Eccli.
797 5192 882 5244 Ill,
918 5178 1010 5233 54.
1041 5211 1108 5224 -
1137 5199 1159 5233 ι
1185 5177 1296 5246 Qui
1324 5178 1511 5237 reddit
1539 5183 1812 5254 gratiam,
1848 5183 2104 5239 meminit

514 5271 570 5325 in
605 5279 930 5342 posterum,
977 5280 1035 5329 et
1083 5272 1145 5331 in
1197 5285 1447 5348 tempore
1496 5293 1662 5335 casus
1722 5279 1808 5334 sui
1856 5279 2106 5334 inveniet

514 5362 948 5418 ﬁrmamentum.
979 5382 999 5417 ι

588 5452 761 5511 Eccli.
791 5470 926 5522 xvu,
964 5457 1056 5513 i8.
1082 5489 1149 5503 -
1181 5478 1202 5512 ι
1233 5458 1478 5516 Gratiam
1529 5461 1774 5519 hominis
1804 5466 1960 5534 quasi
2006 5479 2107 5534 pu-

515 5551 708 5624 pillam
743 5565 1037 5606 conserva.
1076 5569 1095 5603 ›

587 5643 722 5700 Luc.
786 5660 823 5711 ι,
853 5645 942 5700 47.
977 5675 1045 5686 -
1072 5663 1092 5697 ι
1127 5643 1277 5699 Dixit
1317 5642 1490 5700 Maria
1519 5663 1532 5700 :
1567 5644 1883 5717 Magniﬁcat
1920 5648 2102 5704 anima

520 5752 637 5795 mea
677 5736 993 5792 Dominum.
1030 5757 1048 5789 ι

593 5828 728 5886 L-uc.
773 5845 908 5898 xvu,
970 5831 1037 5887 l2
1091 5849 1234 5904 seqq.
1269 5866 1334 5876 -—-
1374 5852 1391 5886 ι
1434 5834 1498 5889 Et
1551 5832 1901 5903 ingrediente
1941 5850 2006 5892 co
2042 5836 2097 5890 in

2215 3241 2520 3311 συγγνώμη
2547 3239 2790 3294 δίδοται·
2815 3243 2845 3293 ὁ
2872 3238 2930 3292 δὲ
2973 3239 3032 3306 ἐξ
3061 3239 3376 3308 ἐπιστήμης
3413 3236 3630 3300 ἀδικῶν,
3655 3237 3775 3289 ἀπο-

2207 3335 2398 3404 λογίαν
2429 3333 2532 3387 οὐκ
2567 3331 2702 3403 ἔχει,
2751 3330 3121 3404 προεαλωκὼς
3158 3332 3218 3384 ὲν
3247 3329 3325 3400 τῷ
3353 3327 3454 3383 τοῦ
3499 3327 3778 3390 συνειδότος

2205 3425 2570 3498 δικαστηρίῳ.

2212 3626 2396 3680 ΤΙΤΛ.
2433 3623 2561 3677 ΚΒ¹.
2586 3653 2658 3663 --
2677 3622 2834 3690 Περὶ
2861 3623 3398 3692 εὐχαριστούντων
3434 3620 3536 3692 καί
3573 3620 3776 3690 εὐγνω-

2281 3695 2671 3782 μονούντων·
2714 3693 2814 3746 καί
2843 3691 3092 3762 ὅτιχρὴ
3131 3693 3278 3760 τοὺς
3328 3691 3644 3760 εὐεργέτας
3682 3705 3777 3756 κη-

2275 3780 2556 3834 ρυσσειν.

2289 3902 2307 3934 ι
2347 3883 2472 3946 Τοῖς
2505 3881 2600 3935 δύο
2637 3881 2950 3943 νεανίσκοις
2977 3881 3089 3943 τοῖς
3119 3877 3612 3948 κατασκοπήσασιν
3644 3867 3779 3926 εἶπεν

2223 3974 2434 4045 Ἰησοῦς
2457 3992 2470 4005 ·
2500 3973 2790 4028 Είσέλθετε
2819 3975 2900 4036 είς
2921 3972 3019 4042 τὴν
3049 3971 3230 4026 οἰκίαν
3262 3971 3363 4042 τῆς
3394 3969 3668 4040 γυναικὸς,
3699 3966 3781 4019 καὶ

2209 4067 2472 4120 ἐκϐάλετε
2504 4065 2698 4138 αὐτὴν,
2729 4067 2824 4119 καὶ
2863 4065 3044 4119 πάντα
3073 4064 3142 4118 τὰ
3170 4063 3363 4135 αὐτῆς.
3392 4062 3503 4116 Καὶ
3529 4059 3781 4132 εἰσῆλθον,

2210 4156 2306 4210 καὶ
2338 4153 2611 4225 ἐξήγαγον
2656 4153 2757 4224 τὴν
2801 4152 2972 4207 Ῥαὰϐ
2999 4153 3099 4223 τὴν
3149 4154 3383 4224 πόρνην,
3415 4152 3514 4205 καὶ
3562 4151 3651 4203 τὸν
3689 4166 3778 4201 πα-

2209 4247 2368 4318 τέρα,
2397 4247 2492 4301 καὶ
2511 4246 2610 4319 τὴν
2642 4239 2880 4318 μητέρα,
2913 4247 3008 4300 καὶ
3037 4245 3166 4310 τοὺς
3195 4245 3463 4315 ἀδελφοὺς
3497 4243 3679 4312 αὐτῆς.
3701 4259 3717 4292 ι

2292 4451 2311 4483 ι
2354 4431 2436 4485 Τά
2468 4429 2596 4500 ὲλέη
2633 4446 2750 4498 σου,
2785 4429 2982 4498 Κύριε,
3015 4429 3095 4490 εἰς
3124 4426 3216 4481 τὸν
3246 4425 3423 4480 αίῶνα
3455 4424 3678 4496 ᾄσομαι.
3701 4438 3717 4471 ι

2289 4635 2306 4666 ι
2339 4614 2405 4667 Τί
2441 4613 2814 4669 ἀνταποδώσω
2840 4611 2920 4684 τῷ
2946 4611 3141 4684 Κυρίῳ
3174 4611 3303 4684 περὶ
3331 4610 3554 4666 πάντων
3576 4600 3648 4662 ὧν
3671 4607 3780 4660 ἀντ-

2209 4708 2490 4762 απέδωκεν
2516 4708 2680 4776 ἡμῖν;
2714 4724 2733 4756 ι

2286 4821 2304 4852 ι
2351 4799 2480 4853 Ἐὰν
2512 4798 2868 4869 ὲπιλάθωμαί
2899 4815 3021 4856 σου.
3061 4791 3780 4870 Ἰερουσαλὴμ,”ὲπιλησθιίη

2205 4897 2238 4964 ή
2267 4892 2420 4958 δεξιά
2453 4910 2579 4962 μου.
2615 4912 2633 4944 ι

2288 5007 2306 5039 ι
2334 4987 2659 5058 Φρονήσεώς
2691 4987 2842 5041 ἐστιν
2883 4987 2980 5040 καὶ
3003 4985 3066 5038 τὸ
3095 4985 3294 5039 εἰδέναι
3325 4983 3476 5048 τίνος
3500 4985 3534 5055 ἡ
3561 4981 3731 5053 χάρις.
3759 4993 3776 5029 ι

2290 5186 2309 5218 ι
2351 5166 2414 5220 '0
2445 5164 2839 5227 ἀνταποδιδοὺς
2867 5166 3120 5236 χάριτας.
3157 5162 3441 5234 μέμνηται
3461 5163 3543 5223 είς
3575 5157 3633 5212 τὸ
3660 5154 3780 5228 μετά

2205 5261 2407 5327 ταῦτα,
2439 5259 2535 5315 καὶ
2583 5259 2642 5314 ὲν
2677 5259 2858 5330 καιρῷ
2893 5257 3156 5321 πτώσεως
3193 5253 3361 5310 αὐτοῦ
3399 5254 3626 5325 εὑρήσει
3670 5247 3783 5316 στή-

2393 5394 2405 5407 .
2434 5373 2452 5404 Ι

2206 5370 2527 5518 ριῖμζξάριν
2560 5441 2854 5516 ἀνθρώπου
2893 5442 2969 5507 ὼς
3003 5442 3174 5513 κόρην
3207 5440 3574 5511 συντήρησον.
3601 5455 3619 5488 ι

2291 5665 2310 5699 ι
2344 5641 2482 5699 Elite
2517 5643 2756 5716 Μαριάμ
2777 5660 2792 5676 ·
2825 5643 3137 5713 Μεγαλύνει
3175 5644 3210 5716 ἡ
3241 5639 3388 5712 ψυχή
3430 5655 3534 5710 μου
3567 5635 3654 5689 τὸν
3682 5629 3780 5686 Κῦο

2215 5758 2350 5815 ριον.
2383 5760 2402 5794 ι

2293 5852 2311 5883 ι
2347 5830 2750 5904 Εἱδερχομένου
2783 5824 2950 5884 αὐτοῦ
2993 5829 3072 5893 είς
3117 5827 3216 5897 τὴν
3267 5825 3442 5892 πόλιν,
3482 5823 3779 5888 ὑπήντησαν
