4028 6396
307 349 441 423 1561

1595 339 1832 400 SACRA
1873 338 2336 402 PABALLELA.

3449 342 3586 408 1562

307 475 462 548 αὑτῷ
495 473 626 530 δέκα
643 467 837 539 λεπροὶ
860 463 1075 533 ἄνδρες.
1101 457 1197 513 καὶ
1218 452 1360 529 ἦραν
1390 455 1575 528 φωνὴν
1602 455 1858 548 λέγοντες
1881 470 1895 483 ο

2041 454 2325 524 ivitatem,
2377 468 2746 516 occurrerunt
2777 460 2826 515 ei
2868 460 3058 516 decem
3099 459 3202 514 viri
3256 459 3489 529 leprosi,
3530 469 3584 514 et

321 541 504 639 Ἰησοῦ
559 561 864 621 ἐπιστάτα,
915 555 1143 624 ἐλέησον
1183 551 1354 622 ἡμᾶς.
1402 548 1513 602 Καὶ
1574 545 1696 599 ἰδὼν
1740 541 1898 598 εἶπεν

308 636 530 721 αὐτοῖς·
564 650 940 726 Πορευθέντες
969 643 1279 708 ἐπιδείξατε
1309 640 1537 701 ἑαυτοὺς
1573 639 1687 701 τοῖς
1715 636 1898 708 ἱερεῦ-

312 769 422 807 σιν.
475 749 586 803 Καὶ
635 749 692 800 ἐν
743 742 822 814 τῷ
871 739 1112 807 ὑπάγειν
1174 733 1380 797 αὑτοὺς
1433 731 1897 802 ἐκαθαρίσθησαν.

313 840 409 904 Εἷς
436 843 495 895 δέ
532 841 589 906 ἐξ
623 836 826 899 αὑτῶν,
877 832 1002 886 ίδὼν
1043 831 1126 884 ὅτι
1181 826 1330 896 ἰάθη,
1376 823 1718 896 ὑπέστρεψεν
1765 821 1900 892 μετὰ

315 933 505 1003 φωνῆς
541 928 785 1002 μεγάλης
830 921 1072 988 δοξάζων
1100 920 1192 974 τὸν
1223 918 1379 983 Θεὸν,
1413 916 1508 970 καὶ
1559 916 1757 968 ἔπεσεν
1808 915 1904 968 ἐπὶ

314 1024 615 1096 πρόσωπον
653 1017 820 1072 αὑτοῦ
853 1012 1197 1085 εὐχαριστῶν
1226 1009 1380 1081 αὑτῷ
1401 1027 1417 1041 ·
1455 1010 1552 1062 καὶ
1599 1009 1764 1071 αὐτὸς
1795 1008 1903 1061 Σα-

317 1093 611 1187 μαρείτης.
655 1103 1008 1177 ’Δποκριθεὶς
1036 1101 1094 1155 δὲ
1135 1101 1164 1153 ὁ
1199 1098 1410 1171 Ἰησοῦς
1446 1093 1602 1151 εἴπεν
1628 1113 1643 1128 ·
1683 1095 1824 1165 Οὑχὶ
1857 1097 1904 1148 οἱ

313 1208 450 1262 δέκα
493 1199 978 1273 ἐκαθαρίσθησαν;
1021 1196 1072 1247 οἱ
1109 1193 1166 1247 δὲ
1211 1191 1369 1247 ἐννέα
1403 1190 1550 1256 ποῦς
1588 1189 1701 1259 Οὑχ
1747 1188 1908 1260 εὑρέ-

316 1295 497 1365 θησαν
540 1287 989 1359 ὑποστρέψαντες
1027 1282 1215 1337 δοῦναι
1247 1281 1406 1345 δόξαν
1449 1281 1532 1352 τῷ
1577 1279 1718 1350 Θεῷ,
1751 1281 1800 1333 εί
1832 1279 1907 1350 μὴ

315 1388 668 1459 ὀάλλογενὴς
695 1381 872 1449 οὗτος.
911 1383 1024 1438 Καὶ
1057 1377 1215 1435 εἶπεν
1261 1376 1454 1449 αὑτῷ·
1494 1373 1762 1438 Ἀναστὰς
1809 1390 1909 1427 πο-

319 1483 508 1556 ρεύου,
540 1483 578 1551 ἠ
605 1480 794 1542 πίστις
820 1493 914 1530 σου
944 1473 1190 1529 σέσωκέν
1223 1489 1305 1527 σε.
1348 1489 1367 1521 ›

394 1685 414 1718 ι
463 1665 554 1717 Ἐν
606 1659 775 1717 παντὶ
835 1657 1253 1729 εὐχαριστεῖτε·
1308 1651 1464 1706 τοῦτο
1533 1649 1646 1720 γὰρ
1699 1647 1915 1718 θέλημά

317 1757 468 1810 ἐστιν
492 1751 629 1807 Θεοῦ
661 1753 718 1805 ἐν
749 1747 969 1820 Χριστῷ
1011 1743 1188 1814 Ἰησοῦ
1228 1745 1308 1807 είς
1339 1743 1485 1811 ὑμᾶς
1539 1759 1557 1791 ι

391 1928 699 1999 Πρέπουσα
731 1921 1041 1992 δοξολογίας
1082 1918 1367 1984 ὑπόθεσις,
1401 1918 1435 1988 ἠ
1471 1914 1580 1969 τῶν
1619 1914 1916 1984 εὑεργετηο

325 2024 517 2096 μάτων
545 2022 826 2090 διήγησις.

409 2113 818 2182 Ἀποδώσωμεν
863 2108 1047 2163 τοίνυν
1078 2107 1176 2161 σὺν
1208 2105 1355 2174 τόκῳ
1389 2103 1450 2157 τὸ
1478 2101 1660 2173 χρέος,
1697 2099 1764 2154 ἂν
1811 2097 1920 2168 ἄρα

322 2207 586 2264 τοσοῦτον
615 2203 987 2276 εὐποροῦντες
1021 2199 1299 2271 φανῶμεν.

323 2411 513 2466 ΤΙΤΛ.
543 2409 671 2463 KI".
705 2437 774 2448 —
802 2403 944 2474 Περὶ
969 2400 1344 2474 ἐκδικήσεως
1363 2415 1400 2474 °_
1425 2397 1524 2451 καὶ
1565 2398 1643 2464 ὡς
1689 2395 1922 2474 (iapyd-

385 2497 600 2547 ρευται
635 2478 730 2543 δὶς
761 2468 896 2545 περὶ
926 2473 1034 2528 τοῦ
1065 2471 1252 2526 αὐτοῦ
1284 2469 1634 2538 πράγματος
1658 2468 1918 2531 εὐθύνας

392 2549 888 2618 εἰσπράττεσθαι.

401 2683 421 2716 ι
453 2663 574 2716 Οὑκ
602 2659 912 2730 ἐκδικήσεις
947 2659 1030 2722 δὶς
1058 2656 1154 2709 ἐπὶ
1190 2653 1250 2708 τὸ
1285 2652 1443 2707 αὑτό.
1477 2671 1496 2702 ι

400 2775 418 2807 ι
455 2753 524 2808 Τί
555 2751 835 2822 λογίζεσθε
869 2751 962 2804 ἐπί
996 2750 1088 2802 τὸν
1122 2746 1366 2818 Κὺριον;
1407 2743 1728 2797 συντέλειαν
1759 2741 1923 2804 αὑτὸς

326 2845 578 2915 ποιήσει,
615 2845 711 2897 καὶ
743 2843 844 2896 οὑκ
881 2841 1162 2910 ἐκδικήσει
1190 2838 1271 2902 δίς
1304 2837 1398 2890 ἐπὶ
1432 2837 1496 2890 τὸ
1537 2835 1671 2889 αὑτό
1712 2837 1768 2888 ἐν
1805 2833 1922 2886 θλί-

325 2937 441 3007 ψει.
483 2956 504 2988 ›

327 3053 517 3108 ΤΙΤΛ.
553 3052 680 3106 KA'.
708 3080 779 3090 -—
832 3049 970 3116 Περὶ
1019 3046 1345 3100 ἐπικρίνων
1391 3042 1753 3116 πραγμάτων·
1775 3054 1803 3116 Ἀ
1826 3039 1927 3116 καὶ

2001 546 2326 604 levaverunt
2375 565 2564 607 vocem
2619 569 2806 618 suam,
2850 553 3137 608 dicentes:
3189 552 3320 608 Jesu
3379 569 3587 622 praeee-
3640 546 3643 550 ’

2002 646 2148 709 ptor,
2183 640 2452 696 miserere
2492 644 2692 707 nostri,
2725 651 2780 699 et
2824 643 2964 699 dixit
2993 644 3073 699 eis
3102 661 3116 698 :
3151 643 3229 698 Ite
3256 682 3272 707 ,
3314 650 3371 698 et
3403 652 3587 698 osten-

2002 726 2116 782 dite
2134 742 2231 784 vos
2257 729 2663 786 sacerdotibus.
2689 731 2756 786 Et
2785 748 2910 788 eum
2935 733 3112 797 irent,
3145 733 3396 787 mundati
3428 737 3586 787 sunt.

2005 817 2163 876 Unus
2195 828 2380 878 autem
2425 838 2490 878 ex
2538 823 2676 887 illis,
2708 832 2770 878 ut
2795 824 2936 878 vidit
2975 825 3108 895 quia
3137 833 3366 879 sanatus
3397 833 3587 888 esset,

2005 925 2296 981 regressus
2330 920 2417 967 est
2451 928 2576 968 eum
2614 928 2749 969 voce
2774 929 3000 985 magna,
3038 914 3356 986 glorificans
3390 913 3586 980 Deum,

2007 1009 2061 1057 et
2119 1003 2320 1059 cecidit
2383 1005 2439 1058 in
2493 1003 2691 1060 faciem
2754 1013 2884 1061 ante
2960 1007 3126 1076 pedes
3178 1007 3320 1076 ejus,
3381 1006 3590 1075 gratias

2009 1108 2218 1164 agens:
2259 1103 2316 1151 et
2349 1097 2442 1152 hic.
2493 1105 2614 1153 erat
2646 1097 3060 1153 Samaritanus.
3092 1097 3460 1168 Respondens
3492 1113 3591 1153 au-

2010 1195 2121 1243 tem
2177 1187 2375 1256 Jesus,
2430 1191 2610 1246 dixit:
2667 1189 2862 1248 Nonne
2915 1191 3106 1247 decem
3145 1191 3395 1246 mundati
3420 1190 3595 1246 sunt?

2011 1287 2065 1335 et
2094 1295 2292 1336 novem
2323 1281 2415 1336 ubi
2446 1283 2615 1336 sunt?
2651 1279 2774 1336 Non
2804 1282 3012 1337 inventi
3039 1289 3172 1336 sunt
3201 1281 3294 1352 qui
3327 1280 3591 1345 redirent,

2012 1381 2068 1428 et
2104 1373 2305 1428 darent
2351 1374 2583 1443 gloriam
2635 1373 2747 1429 Deo
2775 1413 2792 1441 ,
2837 1374 2946 1429 nisi
3015 1375 3106 1429 hic
3161 1373 3494 1442 alienigena.
3529 1371 3597 1426 Et

2015 1464 2091 1519 ait
2123 1465 2254 1535 illi:
2295 1465 2508 1535 Surge,
2539 1465 2717 1528 vade,
2764 1465 2896 1535 quia
2954 1465 3093 1522 fides
3137 1474 3232 1520 tua
3281 1474 3333 1520 te
3382 1463 3594 1518 salvum

2008 1559 2169 1615 fecit.
2209 1577 2228 1611 ι
3314 1565 3318 1568 -

2088 1653 2245 1724 52],
2303 1651 2332 1706 1
2386 1651 2569 1709 Thess.
2603 1667 2661 1715 ν,
2693 1650 2782 1705 17.
2805 1681 2874 1693 -—-
2904 1669 2923 1702 ι
2955 1650 3016 1704 In
3069 1650 3328 1705 omnibus
3387 1647 3596 1719 gratias

2019 1749 2200 1819 agite:
2238 1749 2354 1803 haec
2389 1756 2475 1804 est
2502 1746 2649 1803 enim
2687 1745 2946 1802 voluntas
2979 1743 3076 1800 Dei
3119 1744 3173 1798 in
3206 1742 3430 1800 Christo
3464 1741 3597 1797 Iesu

2019 1843 2076 1898 in
2106 1842 2283 1898 vobis.
2321 1861 2342 1896 ι

2090 1935 2153 1992 S.
2192 1935 2365 1990 Basil.
2395 1937 2802 2007 -—-Congruum
2833 1923 3168 1988 laudationis
3211 1936 3602 2001 argumentum

2019 2040 2130 2096 est,
2161 2038 2520 2101 acceptorum
2561 2030 2960 2085 beneficiorum
2997 2023 3473 2081 commemoratio.

2093 2123 2152 2179 S.
2193 2123 2348 2194 (ἶνες.
2380 2123 2525 2181 Naz.
2556 2131 2699 2177 orat.
2731 2124 2784 2176 in
2810 2121 2868 2176 S.
2901 2119 3064 2190 Cypr.
3095 2147 3165 2160 ——
3195 2115 3449 2170 Debitum
3474 2127 3607 2182 ergo

2023 2230 2154 2271 eum
2211 2215 2408 2270 fenore
2463 2214 2888 2286 persol’vamus;
2945 2211 2992 2266 si
3027 2218 3213 2264 tamen
3261 2213 3348 2262 sat
3390 2204 3606 2275 amplas

2023 2323 2156 2378 opes
2191 2309 2398 2363 habere
2427 2306 2792 2377 reperiamur.

2025 2420 2164 2477 TIT.
2194 2419 2392 2474 XXIII.
2426 2449 2497 2461 ——
2527 2418 2605 2472 De
2642 2416 3001 2472 vindicatione
3036 2432 3052 2470 :
3079 2423 3129 2468 et
3169 2413 3309 2482 quod
3340 2411 3405 2467 de
3434 2428 3490 2466 re
3521 2426 3612 2464 ea-

2274 2491 2394 2545 dem
2441 2491 2520 2545 bis
2553 2505 2734 2559 poenas
2779 2489 2991 2558 exigere
3025 2501 3131 2541 non
3179 2486 3362 2539 Iiceat.

2097 2673 2259 2727 Deut.
2283 2701 2356 2712 —-
2384 2688 2403 2722 ι
2444 2671 2564 2725 Non
2594 2670 2681 2724 bis
2710 2666 3022 2722 vindieabis
3054 2665 3109 2718 in
3140 2657 3407 2732 idipsum.
3448 2679 3466 2710 ι

2101 2763 2321 2819 Nahum
2352 2779 2392 2829 ι,
2438 2763 2492 2818 9.
2525 2791 2596 2804 —-
2630 2779 2650 2812 ι
2694 2759 2838 2827 Quid
2887 2755 3148 2828 cogitatis
3190 2759 3388 2807 contra
3429 2749 3616 2803 Domi-

2027 2855 2788 2914 num?Consummationem
2829 2852 2949 2922 ipse
2993 2849 3196 2910 faciet,
3234 2856 3290 2901 et
3329 2859 3440 2899 non
3473 2842 3615 2896 ulci-

2031 2961 2221 3007 scetur
2256 2950 2344 3005 bis
2370 2950 2426 3003 in
2465 2947 2708 3018 idipsum
2737 2945 2795 2999 in
2833 2942 3220 2998 tribulatione.
3264 2959 3282 2991 ι

2035 3061 2172 3117 ΤΙΤ.
2202 3059 2399 3116 XXIV.
2430 3090 2500 3100 -—
2545 3059 2618 3114 De
2652 3057 3019 3113 communibus
3060 3053 3285 3126 negotiis
3315 3067 3355 3126 :_
3378 3048 3623 3126 quodque

397 3123 495 3196 ὅτι
529 3123 645 3191 χρὴ
680 3110 926 3196 φεύγεινῖ
960 3117 1034 3196 τὰ
1061 3117 1340 3196 ἐπίκοινα
1373 3110 1729 3194 καςαάῖώγια,
1773 3110 1922 3165 διότι

2103 3133 2408 3186 communia
2444 3131 2739 3184 diversoria
2776 3130 2995 3183 vitanda
3025 3110 3158 3193 sint:
3188 3125 3315 3196 quia
3337 3110 3458 3175 hinc
3487 3110 3624 3174 rixae

397 3184 607 3264 μάχῆς
632 3184 748 3245 ’κἀὶ
783 3184 1134 3253 διαστάσεις
1168 3184 1631 3255 προξενοῦνται.

406 3323 425 3356 ι
467 3298 635 3355 Εἶπεν
677 3300 933 3372 Ἀϐραὰμ
952 3299 1090 3370 πρὸς
1121 3296 1272 3351 Λώτο
1309 3297 1386 3367 μὴ
1427 3295 1570 3349 ἔστω
1609 3293 1761 3365 μάχη
1793 3293 1932 3346 ἀνα-

334 3396 509 3468 μέσον
540 3393 696 3466 ἐμοῦ,
733 3395 828 3448 καὶ
881 3392 1162 3462 άναμέσον
1197 3407 1314 3456 σου,
1363 3389 1461 3442 καὶ
1510 3386 1787 3457 άναμέσον
1823 3383 1933 3436 τῶν

332 3488 617 3560 ποιμένων
651 3504 774 3558 μου,
803 3487 896 3540 καὶ
926 3485 1035 3537 τῶν
1077 3483 1356 3554 ποιμένων
1387 3498 1504 3546 σου,
1538 3481 1620 3533 ὅτι
1653 3477 1934 3545 ἄνθρωποι

333 3579 562 3648 ἀδελφοὶ
593 3581 760 3651 ἡμεῖς
789 3579 980 3647 ἐσμεν.
1014 3572 1131 3630 Οὐκ
1163 3575 1273 3628 ίδοῦ
1319 3575 1472 3626 πᾶσα
1511 3573 1544 3642 ἠ
1576 3573 1646 3641 γῆ
1688 3567 1936 3622 ἐναντίον

336 3673 436 3728 σοὺ
472 3673 659 3736 ἐστιν;
700 3669 1113 3742 Διαχωρίσθητι
1157 3668 1252 3722 ἀπ’
1286 3665 1446 3739 ἐμοῦ.
1490 3665 1554 3720 Ei
1590 3665 1655 3718 σὺ
1686 3665 1766 3726 είς
1809 3663 1936 3733 ἀρι-

336 3764 539 3836 στερά,
598 3763 711 3833 ἐγὼ
763 3765 843 3826 εἰς
895 3761 1086 3825 δεξιά·
1146 3761 1195 3812 εί
1247 3757 1312 3812 σὺ
1352 3759 1434 3822 είς
1479 3756 1650 3823 δεξιά,
1702 3754 1814 3824 ἐγὼ
1854 3754 1938 3817 είς

334 3856 632 3932 ἀριστερά.
664 3856 776 3910 Καὶ
816 3854 1032 3924 ἐπάρας
1060 3851 1184 3906 Λὼτ
1214 3852 1346 3914 τοὺς
1385 3849 1704 3920 ὀφθαλμοὺς
1745 3846 1932 3913 αὑτοῦ,

337 3949 484 4007 εἶδεν
531 3951 632 4022 τὴν
681 3949 994 4020 περίχωρον
1037 3945 1132 3998 τοῦ
1172 3943 1476 4014 Ἰορδάνου,
1535 3942 1620 3995 ὅτι
1667 3941 1819 3994 πᾶσα
1866 3935 1936 4011 ἦν

338 4041 700 4114 ποτιζομένη,
739 4040 846 4110 πρὸ
871 4038 967 4093 τοῦ
1003 4036 1383 4106 καταστρέψαι
1421 4034 1514 4087 τὸν
1553 4033 1688 4086 Θεὸν
1724 4032 1935 4101 Σόδομα

339 4140 438 4190 καὶ
467 4134 752 4204 Γόμορρα,
784 4131 860 4193 ὡς
891 4129 1224 4199 παράδεισος
1254 4126 1348 4180 τοῦ
1378 4123 1538 4190 Θεοῦ,
1567 4125 1658 4177 xai.
1693 4124 1769 4187 ὡς
1797 4124 1831 4192 ἡ
1862 4123 1934 4192 γῆ

336 4226 649 4295 Αἰγύπτου.
684 4225 797 4278 Καὶ
821 4223 1105 4290 ἐξελέξατο
1139 4220 1321 4291 ἐαυτῷ
1349 4218 1472 4272 Λὼτ
1493 4219 1592 4288 τὴν
1621 4218 1934 4290 περίχωρον

339 4319 439 4374 τοῦ
481 4317 774 4390 Ἰορδάνου,
804 4315 902 4370 καὶ
942 4317 1156 4387 ἀπῆρεν
1195 4313 1320 4367 Λὼτ
1361 4311 1469 4367 ἀπὸ
1507 4310 1807 4377 ἀνατολῶν,
1840 4311 1938 4365 καὶ

342 4409 752 4483 ἐχωρίσθησαν.
795 4425 814 4458 ι

2107 3213 2158 3257 et
2199 3202 2431 3257 dissidia
2458 3209 2772 3254 nascantur.

2108 3315 2239 3370 Gen.
2277 3331 2401 3380 xm,
2435 3313 2467 3368 8
2511 3329 2656 3384 seqq.
2685 3343 2756 3354 ——
2787 3331 2806 3364 ι
2841 3311 2990 3366 Dixit
3035 3311 3314 3366 Abraham
3354 3308 3424 3363 ad
3469 3307 3572 3362 Lot
3607 3323 3622 3362 :

2033 3403 2113 3462 Ne
2142 3406 2250 3468 sit,
2282 3393 2514 3476 quasso,
2560 3404 2808 3475 iurgium
2851 3403 3002 3457 inter
3038 3418 3124 3458 me
3162 3410 3218 3456 et
3263 3412 3354 3468 te,
3391 3408 3445 3456 et
3477 3401 3628 3455 inter

2035 3509 2290 3571 pastores
2323 3512 2477 3552 meos
2503 3503 2557 3553 et
2592 3505 2848 3567 pastores
2883 3503 3048 3550 tuos:
3105 3493 3309 3548 fratres
3349 3493 3497 3549 enim
3531 3507 3626 3548 su-

2037 3607 2183 3648 mus.
2215 3590 2299 3645 An
2343 3604 2455 3644 non
2500 3604 2632 3645 ecce
2663 3589 2925 3644 universa
2977 3598 3127 3643 terra
3173 3601 3360 3641 coram
3407 3593 3463 3640 te
3498 3583 3628 3640 est?

2037 3683 2254 3740 Recede
2278 3697 2307 3736 a
2339 3697 2449 3737 me.
2484 3680 2541 3735 Si
2585 3680 2657 3735 ad
2705 3680 2934 3736 sinistra
2964 3679 3094 3735 ieris
3117 3721 3132 3747 ,
3166 3693 3267 3748 ego
3299 3676 3367 3732 ad
3398 3677 3629 3731 dextera

2037 3779 2165 3845 ibo;
2200 3778 2246 3832 si
2296 3785 2357 3832 tu
2403 3775 2472 3830 ad
2520 3775 2748 3830 dextera
2777 3815 2792 3842 ,
2837 3788 2941 3844 ego
2981 3772 3050 3827 ad
3098 3772 3329 3827 sinistra
3377 3783 3628 3841 pergam.

2039 3871 2306 3928 Elevatis'
2337 3871 2526 3941 itaque
2558 3869 2663 3924 Lot
2705 3867 2890 3924 oculis
2933 3865 3081 3932 suis,
3118 3865 3256 3920 vidit
3290 3877 3511 3919 omnem
3544 3877 3632 3916 re-

2037 3965 2282 4036 gionem.
2309 3961 2596 4027 Iordanis,
2644 3961 2793 4032 quod
2843 3960 3108 4014 universa
3148 3958 3501 4026 irrigaretur,
3529 3969 3632 4007 an-

2038 4063 2262 4125 tequam
2311 4052 2681 4109 subvertisset
2735 4049 3005 4103 Dominus
3072 4047 3367 4100 Sodomam
3423 4052 3478 4099 et
3517 4042 3631 4097 Go-

2039 4146 2318 4201 morrham
2345 4184 2360 4210 ,
2397 4145 2547 4199 sicut
2581 4141 2877 4212 paradisus
2909 4137 3164 4200 Domini,
3196 4144 3252 4191 et
3287 4135 3430 4191 sicut
3460 4133 3630 4205 Egyo

2040 4246 2187 4308 ptus.
2211 4237 2503 4308 Elegitque
2533 4236 2635 4290 sibi
2667 4232 2768 4288 Ι.οι
2800 4232 3083 4302 regionem
3115 4229 3265 4284 circa
3295 4225 3621 4291 Jordanem,

2039 4341 2094 4389 et
2123 4330 2358 4387 recessit
2383 4329 2456 4385 ab
2483 4328 2731 4394 oriente,
2764 4335 2820 4382 et
2845 4323 3012 4380 divisi
3047 4329 3177 4378 sunt
3202 4320 3272 4377 ab
3312 4319 3571 4374 invicem.
3607 4337 3627 4368 δ

424 4524 444 4557 ι
481 4504 752 4575 Κρεῖσσον
783 4501 953 4554 οἰκεῖν
977 4501 1072 4554 ἐπὶ
1096 4500 1302 4569 γωνίας
1332 4499 1626 4572 ὑπαίθρου,
1654 4499 1688 4570 ἢ
1719 4500 1777 4552 ἐν
1805 4496 1922 4569 οἴκιγ

2119 4503 2280 4558 Prov.
2318 4519 2435 4569 xxt,
2467 4502 2540 4569 9;
2573 4518 2704 4567 xxv,
2731 4500 2824 4556 Ἡ.
2852 4529 2924 4541 —-
2958 4517 2976 4550 ι
3013 4497 3208 4553 Melius
3251 4503 3338 4551 est
3383 4493 3636 4546 habitare

343 4615 537 4653 κοινω.
579 4615 597 4647 ι

425 4616 490 4652 ινι
524 4638 537 4651 .
579 4616 597 4647 ι

425 4710 445 4740 ι
489 4616 860 4761 ξΙσχυροτέρῳ
888 4703 984 4740 σου
1013 4686 1108 4740 καὶ
1154 4682 1538 4758 πλουσιωτέρῳ
1569 4702 1663 4739 σου
1707 4684 1782 4757 μὴ
1824 4701 1941 4738 κοι-

345 4797 530 4837 νωνει.
580 4798 598 4832 ι

425 4871 680 4940 Ἔχουσιν
713 4872 769 4924 αἱ
809 4868 919 4923 τῶν
961 4866 1162 4922 κοινῶν
1203 4867 1520 4939 ἐπιμέλειαι
1564 4866 1737 4932 λαϐάς
1765 4866 1846 4930 είς
1878 4865 1943 4920 τὸ

351 4961 699 5034 μεμφθῆναι.

349 5076 535 5130 ΤΙΤΛ.
567 5076 697 5128 ΚΕ’.
726 5105 796 5114 --
826 5075 967 5141 Περὶ
1000 5071 1351 5140 εὐδοκιμίας
1371 5087 1384 5100 ο
1422 5071 1513 5126 ὅτι
1543 5072 1734 5142 εὐχῆς
1764 5070 1942 5136 ἄξιον

913 5144 978 5197 τὸ
1009 5144 1376 5209 κατόρθωμα.

429 5257 447 5290 ι
488 5237 613 5290 Ἐπὶ
649 5235 831 5307 μικρῷ
853 5233 949 5288 καὶ
983 5235 1206 5305 μεγάλῳ
1237 5234 1557 5306 εὑδοκιμίαν
1587 5233 1701 5304 ἔχε.
1735 5251 1753 5284 ι

430 5437 448 5470 ι
481 5418 792 5474 Σπούδασον
837 5417 1068 5472 σεαυτὸν
1120 5419 1412 5489 εὐδόκιμον
1464 5420 1823 5492 παραστῆσαι
1863 5417 1942 5489 τῷ

351 5509 493 5582 Θεῷ,
531 5512 774 5584 ἐργάτην
803 5502 1258 5583 ἀνεπαίσχυντον.
1291 5531 1311 5564 ›

671 5691 852 5744 ΤΙΤΛ.
887 5687 1031 5759 κεῖ.
1060 5720 1126 5728 -
1154 5691 1293 5760 Περὶ
1322 5692 1619 5762 ἐμπόρων.

429 5799 446 5833 ι
482 5781 654 5848 Μόλις
689 5782 954 5851 ἐξελεῖται
985 5784 1229 5856 ἔμπορος
1259 5785 1366 5840 ἀπὸ
1399 5785 1805 5859 πλημμελείας.
1844 5811 1860 5843 ι

2049 4599 2103 4654 in
2135 4598 2342 4670 angulo
2373 4596 2478 4653 sub
2507 4595 2620 4662 dio,
2663 4610 2826 4664 quam
2863 4594 2919 4648 in
2951 4593 3116 4648 domo
3142 4587 3446 4646 communi.
3486 4605 3505 4636 ι

2122 4691 2290 4745 Eccli.
2318 4706 2442 4753 xm,
2475 4689 2531 4743 2.
2552 4720 2621 4730 —
2647 4707 2664 4739 ι
2692 4685 2932 4740 Fortiori
2969 4693 3024 4740 et
3051 4682 3239 4738 ditiori
3267 4690 3318 4735 te
3344 4693 3412 4733 ne
3443 4676 3634 4733 socius

2050 4781 2246 4838 fueris.
2283 4803 2302 4835 ι

2126 4872 2339 4928 Habent
2358 4871 2738 4926 communium
2765 4867 3117 4939 negotiorum
3147 4879 3297 4920 cura
3331 4861 3636 4932 repreheno

2050 4968 2229 5025 sionis
2252 4980 2444 5020 ansas.

2048 5082 2188 5138 TIT.
2220 5080 2387 5136 XXV.
2408 5107 2479 5120 -ο
2499 5079 2579 5134 De
2614 5079 2840 5131 nominis
2869 5073 3151 5146 splendore
3178 5089 3195 5146 ς
3235 5080 3285 5126 et
3323 5069 3464 5142 quod
3494 5078 3633 5123 recte

2446 5151 2650 5219 factum
2691 5149 2864 5219 gloria
2893 5145 3112 5216 dignum
3147 5145 3239 5198 sil.

2119 5245 2288 5300 Eccli.
2328 5261 2481 5308 xxrx,
2505 5244 2594 5298 50.
2620 5272 2692 5282 —-
2719 5261 2737 5293 ι
2770 5242 2828 5296 lu
2855 5256 3029 5310 parva
3065 5249 3121 5296 et
3161 5253 3364 5310 magna
3390 5251 3472 5303 re,
3499 5250 3634 5290 cura

2052 5347 2108 5394 ut
2143 5341 2281 5395 bene
2302 5338 2516 5394 audias.
2557 5357 2576 5389 ι

2122 5431 2186 5486 ΙΙ
2216 5433 2354 5487 Tim.
2393 5432 2455 5496 ιι,
2487 5431 2576 5486 l5.
2602 5459 2673 5471 —-
2707 5448 2725 5481 ι
2759 5429 3012 5485 Sollicite
3044 5443 3180 5484 cura
3228 5430 3468 5499 teipsum
3500 5439 3633 5493 pro-

2048 5524 2287 5580 babilem
2343 5524 2606 5580 exhibere
2656 5523 2800 5587 Deo,
2856 5522 3264 5577 mercenarium
3323 5513 3636 5572 iueonfusi-

2048 5615 2238 5672 bilem.
2276 5634 2294 5668 ι
2357 5621 2362 5626 “

2334 5704 2470 5762 ΤΙΤ.
2505 5705 2698 5763 XXVI.
2727 5736 2796 5747 ——
2829 5705 2902 5761 De
2940 5705 3344 5760 mercatoribus.

2123 5795 2292 5852 Eccli.
2328 5827 2394 5849 -τ-
2431 5814 2448 5849 ι
2493 5795 2594 5852 Vix
2649 5804 2923 5854 mercator
2965 5796 3232 5868 eripietur
3282 5811 3311 5849 a
3353 5794 3609 5851 delictod

3185 6037 3222 6050 μυ

3109 6055 3166 6078 ’.θ’

2987 6109 3028 6122 ἢν.

2869 6121 2988 6166 /

2791 6163 2868 6196 /,
