4028 6432
409 379 546 438 1563
1543 373 1606 434 s.
1647 371 1971 435 JOANNIS
2009 371 2444 434 DAMASCENI
2541 350 2547 358 ’
3565 377 3703 444 15ῦ4

754 489 888 544 TlT.
922 485 1142 542 XXVII.
1165 517 1232 527 -—
1259 486 1340 543 De
1369 491 1648 544 eunuchis.
2030 495 2071 550 Λ

2030 495 2071 550 Λ
2398 487 2586 543 ΤΙΤΛ.
2626 489 2753 542 KZ'.
2785 517 2853 530 --
2905 486 3047 558 Περὶ
3084 487 3417 560 εὐνούχων.

481 582 612 653 Sap.
661 599 746 648 ιιι,
809 583 988 637 M.—-—
1023 601 1041 632 ι
1087 580 1294 637 Beatus
1345 590 1432 637 est
1480 585 1694 652 spado,
1743 581 1839 653 qui
1887 596 2000 637 non

2185 599 2204 633 t
2237 581 2532 652 Μακάριος
2560 582 2589 633 ὁ
2619 579 2901 651 εὐνοῦχος,
2924 579 2954 633 ὁ
2981 579 3057 652 μὴ
3077 581 3460 653 ἐργασάμενος
3497 584 3556 638 ἐν
3580 603 3712 657 χερ-

407 683 670 745 operatus
729 681 816 730 est
880 688 978 743 per
1027 688 1228 729 manus
1279 689 1411 729 suas
1453 671 1840 746 iniquitatem,
1896 688 1998 729 nee

2119 673 2194 726 τὶν
2250 672 2538 744 ἀνόμημα,
2591 671 2728 742 μηδέ
2760 670 3094 741 ἐνθυμηθεὶς
3154 674 3302 728 κατὰ
3355 673 3454 729 τοῦ
3497 677 3710 749 Κυρίου

408 768 670 838 cogitavit
717 768 991 823 adversus
1043 765 1216 822 Deum
1245 767 1615 838 nequissima.
1649 767 1885 822 Dabitur
1920 765 1999 820 illi

2118 764 2344 837 πονηρά.
2371 764 2677 835 Δοθήσεται
2700 762 2852 834 αὐτῷ
2871 764 2972 834 τῆς
3005 763 3245 830 πίστεως
3266 765 3429 838 χάρις
3450 768 3709 842 ἐκλεκτὴ,

412 859 537 914 ﬁdei
590 859 797 915 donum
836 859 1076 916 electum
1106 899 1122 926 ,
1169 868 1222 915 et
1260 875 1385 916 sors
1439 860 1498 915 in
1544 859 1751 931 templo
1783 859 1883 916 Dei
1911 873 2003 914 ac-

1866 860 1883 916 i
1911 873 2004 914 ac-
2109 856 2211 912 xui.
2248 856 2454 928 κλῆρος
2485 857 2544 910 ἐν
2582 854 2698 927 ναῷ
2725 855 2934 928 Κυρίου
2968 856 3402 929 θυμηδέστερος.
3436 877 3456 912 ι

410 951 748 1020 ceptissima.
797 969 818 1004 ι

687 1056 779 1104 xx,
816 1040 869 1094 4.
895 1071 962 1081 -
985 1058 1005 1092 ι
1033 1039 1505 1112 Concupiscentia
1524 1042 1789 1114 spadonis
1812 1052 1873 1099 ut
1905 1044 2008 1102 de-

2190 1051 2209 1086 t
2255 1032 2561 1105 Ἐπιθυμία
2585 1031 2843 1104 εὐνούχου
2876 1033 3343 1102 ἀποπαρθενῶσαι
3373 1005 3580 1090 νεᾶνιν.
3614 1053 3633 1087 ι

414 1132 656 1203 virginet
681 1133 1065 1204 juvenculam.
1103 1152 1122 1186 ι

485 1224 685 1280 Matth.
731 1241 848 1290 χιι,
883 1226 972 1282 12.
1011 1257 1076 1267 -
1101 1244 1120 1278 t
1153 1224 1296 1281 Sunt
1327 1226 1568 1282 eunuchi
1594 1227 1688 1298 qui
1713 1227 1781 1283 de
1821 1237 2004 1285 ventre

2192 1227 2211 1261 ι
2249 1208 2404 1263 Εἰσὶν
2443 1209 2716 1282 εὐνοῦχοι,
2746 1211 2949 1275 οἵτινες
2988 1211 3056 1266 ἐκ
3098 1211 3315 1277 κοιλίας
3362 1213 3577 1285 μητρὸς
3611 1214 3715 1268 αὐ-

415 1316 615 1372 matris
662 1331 776 1372 suae
818 1317 899 1371 sic
959 1317 1076 1371 nati
1121 1325 1285 1384 sunt;
1327 1325 1383 1373 et
1440 1325 1572 1374 sunt
1630 1319 1875 1375 eunuchi
1911 1320 2006 1392 qui

2123 1302 2224 1356 τῶν
2254 1302 2626 1375 ἐγεννήθησαν
2665 1302 2840 1368 οὕτως
2859 1319 2873 1332 ·
2907 1303 3003 1358 καὶ
3043 1305 3186 1359 εἰσὶν
3216 1302 3487 1377 εὐνοῦχοι,
3514 1306 3714 1372 οἵτινες

417 1406 548 1462 facti
580 1418 715 1463 sunt
750 1408 818 1464 ab
852 1407 1214 1475 hominibus;
1253 1415 1308 1462 et
1336 1418 1468 1465 sunt
1493 1409 1738 1464 eunuchi
1794 1409 1890 1482 qui
1921 1426 2008 1467 se-

2122 1395 2550 1466 εὐνουχίσθησαν
2579 1395 2686 1449 ὑπὸ
2714 1395 2825 1449 τῶν
2854 1394 3195 1467 ἀνθρώπων
3229 1397 3326 1450 καὶ
3353 1399 3496 1453 εἰσιν
3525 1399 3713 1454 εὐνοῦ-

419 1499 572 1568 ipsos
608 1507 1004 1556 castraveruttt
1039 1509 1268 1570 propter
1300 1514 1537 1570 regnum
1572 1500 1899 1556 caelorum.»

2121 1505 2225 1558 χοι,
2275 1487 2478 1551 οἵτινες
2529 1485 2857 1559 εὐνούχισαν
2901 1489 3134 1553 ἑαυτοὺς
3169 1488 3260 1543 διὰ
3289 1487 3390 1561 τὴν
3433 1489 3712 1562 βασιλείαν

2121 1579 2227 1632 τῶν
2257 1577 2530 1632 οὐρανῶν.
2566 1595 2586 1629 ι

1995 1587 2002 1593 ’
2115 1579 2227 1632 τῶν
2257 1577 2530 1632 οὐρανῶν.
2566 1595 2586 1629 ι

487 1667 650 1738 522
675 1667 737 1725 S.
772 1667 954 1726 Basil.
985 1670 1146 1741 epist.
1183 1669 1256 1724 ad
1299 1671 1548 1740 Simplic.
1591 1671 1776 1726 Itwret.
1806 1701 1877 1710 —-
1905 1670 2016 1726 Eu-

2128 1596 2227 1632 rwv
2257 1595 2530 1650 ουρανων.
2566 1595 2586 1629 ι

2192 1674 2426 1744 Ἀτιμον
2457 1672 2519 1725 τὸ
2549 1672 2661 1725 τῶν
2707 1669 2983 1742 εὐνούχων
3017 1671 3176 1741 γένος
3208 1671 3304 1726 καὶ
3337 1671 3719 1744 πανώλεθρον.

419 1759 734 1816 nucborum
770 1777 944 1833 genus
970 1762 1177 1819 infame
1201 1772 1370 1834 atque
1401 1763 1868 1820 exitiosissim‘um
1897 1771 2003 1820 est.

2132 1765 2294 1818 Γοῦτο
2320 1763 2385 1834 δὴ
2412 1763 2574 1817 τοῦτο
2605 1763 2800 1835 ἇθηλυ,
2834 1761 3122 1834 ἄνανδρον,
3153 1763 3581 1834 γυναικομανές,
3620 1761 3723 1816 καὶ

417 1853 558 1916 Ηοο,
609 1850 873 1924 inquam,
931 1855 1114 1924 ipsum
1156 1870 1261 1910 nec
1294 1855 1606 1921 muliebre,
1651 1870 1756 1912 nec
1803 1855 2008 1923 virile,

2130 1855 2404 1929 ἐπίζηλον,
2438 1855 2800 1928 ἀμετάδοτον,
2829 1855 3119 1927 πάνδοχον,
3149 1854 3520 1927 ἀπροσκορές,
3548 1855 3721 1908 κλαυ·

418 1944 713 2002 ntulierum
799 1945 1004 2003 insano
1086 1963 1278 2004 amore
1350 1947 1588 2014 ardens,
1656 1949 2009 2020 zelotypum,

2134 1950 2420 2013 σίδειπνον,
2449 1949 2745 2020 ὀξύθυμον,
2783 1947 3150 2020 χρυσομανές,
3185 1946 3552 2017 κακόμισθον,
3579 1946 3725 2016 ἀπη-

420 2037 726 2104 illiberale,
774 2038 918 2094 nihil
976 2055 1090 2096 non
1138 2041 1465 2112 accipiens,
1524 2041 1888 2113 inexplebile,
1942 2040 2011 2096 ob

2129 2041 2235 2107 νές,
2283 2040 2648 2113 θηλυδρῶδες,
2683 2040 3077 2112 γαστρίδουλον
3101 2056 3114 2070 ·
3165 2041 3260 2094 καὶ
3291 2039 3344 2092 τί
3396 2038 3505 2110 γὰρ
3535 2037 3720 2104 altera;

417 2141 632 2182 coenam
678 2130 907 2200 plorans
931 2169 947 2196 ,
1001 2130 1368 2195 iracundum,
1401 2133 1520 2186 auri
1557 2133 1783 2187 avidum
1813 2170 1830 2197 ,
1863 2132 2008 2188 foede

2135 2131 2224 2186 sitv
2249 2132 2388 2204 αὐτῇ
2448 2133 2514 2202 τῇ
2549 2131 2828 2202 γεννήσει,
2878 2129 3391 2201 σιδηροκατάδικον.
3438 2127 3567 2191 Πῶς
3608 2127 3726 2197 γὰρ

417 2222 820 2278 mercenarium
841 2266 856 2290 ,
917 2238 1125 2280 saevum
1148 2266 1164 2290 ,
1221 2223 1599 2280 ell‘emiuatum
1621 2265 1637 2291 ,
1701 2224 1882 2279 ventri
1914 2223 2008 2281 de-

2135 2223 2260 2294 5ρθὴ
2307 2222 2505 2294 γνώμη
2553 2221 2784 2285 τούτων,
2815 2213 2892 2276 ὧν
2927 2222 2977 2275 οἱ
3012 2220 3175 2284 πόδες
3224 2218 3518 2292 στρεϐλοίς
3570 2213 3726 2273 οὗτοι

417 2309 597 2363 ditum
633 2326 648 2364 :
687 2311 821 2382 quid
879 2311 1106 2368 tandem
1157 2313 1389 2368 dicant?
1430 2312 1501 2367 ab
1533 2314 1656 2383 ipso
1690 2320 1818 2367 ortu
1854 2311 2008 2368 dam-

2135 2317 2224 2388 μέν
2249 2312 2342 2371 οὖν
2377 2313 2747 2387 σωφρονοῦσιν
2797 2313 3010 2385 ἄμισθα
3054 2312 3148 2366 διὰ
3192 2313 3452 2385 σιδήρουο
3496 2311 3726 2382 μένουσι

419 2407 610 2455 uatum
678 2402 846 2460 ferro.
895 2404 1177 2472 Quidnam
1233 2413 1422 2460 autem
1477 2405 1678 2460 horum
1737 2405 2010 2477 integrum

1606 2421 1678 2459 tm
1737 2405 2010 2477 integrum
2124 2405 2182 2459 δὲ
2213 2405 2462 2476 ἄκαρποι
2495 2405 2563 2460 δι’
2592 2404 2805 2459 οἰκείαν
2837 2404 3197 2475 αἰσχρότητα.

419 2491 688 2562 judicium
737 2496 841 2564 sit,
915 2513 1154 2568 quorum
1232 2497 1401 2568 pedes
1468 2512 1691 2569 quoque
1767 2496 2012 2568 perversi
2046 2498 2218 2551 sunt?
2280 2496 2346 2551 lli
2413 2498 2684 2553 nimirum
2751 2506 2805 2553 et
2875 2495 3011 2552 ferri
3077 2507 3250 2566 opera
3311 2490 3516 2550 frustra
3576 2494 3723 2550 casti

417 2599 585 2653 sunt,
615 2602 679 2642 ac
717 2597 945 2659 propter
987 2590 1397 2646 obscenitatem
1451 2604 1608 2645 suam
1663 2589 1885 2646 fructus
1921 2599 2176 2659 expertes
2206 2597 2457 2646 manent.

490 2680 552 2736 S.
581 2678 723 2735 Nili.
748 2715 819 2758 έ-
851 2683 937 2739 Ab
999 2699 1175 2740 uxore
1232 2691 1326 2740 tua
1374 2684 1688 2754 spadonum
1717 2685 2015 2757 strepitum

2209 2687 2548 2756 Ἀπόστησον
2598 2684 2707 2740 ἀπὸ
2741 2683 2842 2753 τῆς
2890 2682 3126 2754 συμδίου
3177 2700 3272 2737 σου
3305 2682 3402 2736 τὸν
3448 2683 3732 2755 εὐνούχων

419 2785 662 2828 remove.
695 2773 962 2840 Quamvis
991 2775 1137 2830 enim
1179 2774 1359 2847 spado
1387 2775 1644 2847 geminos
1678 2774 1822 2830 infra
1846 2784 2010 2830 testes

2137 2778 2438 2850 τμάραγον.
2470 2778 2592 2832 Κᾶν
2622 2777 2731 2848 γὰρ
2773 2777 2961 2848 δοκοίη
2993 2775 3105 2830 τῶν
3142 2776 3296 2830 κάτω
3334 2775 3581 2848 διδύμων
3632 2759 3728 2830 ἐκ-

415 2878 675 2924 exsectos
707 2869 915 2925 habere
941 2869 1222 2929 videatur.
1260 2880 1318 2926 at
1339 2887 1513 2942 supra
1546 2879 1735 2927 tamen
1765 2870 2006 2942 geminos

2138 2869 2458 2942 τετμῆσθαι,
2501 2868 2618 2922 ἀλλ’
2646 2868 2762 2922 ἄνω
2783 2867 2898 2938 ἔχει
2930 2869 2990 2922 ἐν
3015 2867 3094 2939 τῷ
3124 2867 3405 2940 προσώπῳ
3433 2868 3562 2931 τοὺς
3586 2867 3729 2922 διδύ-

421 2962 477 3015 ἰιι
521 2960 662 3017 facie
691 2962 887 3041 oeulos
914 2961 1083 3018 habet
1120 2963 1422 3020 libidinose
1455 2963 1760 3028 intuentes,
1797 2970 1851 3017 et
1872 2961 2012 3015 mala

2136 2979 2262 3032 μους
2297 2961 2618 3031 ὀφθαλμοὺς
2647 2959 2915 3031 ἐμπαθῶς
2973 2960 3298 3030 βλέποντας,
3335 2960 3428 3015 καὶ
3460 2961 3727 3033 ἐπισυρό-

422 3069 612 3108 sccum
645 3055 971 3111 testimonia
1014 3055 1322 3110 trahentes.

2053 3053 2090 3062 “”
2127 3071 2292 3126 μενον
2321 3055 2424 3126 ἤδη
2459 3053 2707 3128 πονηρὰς
2742 3054 3076 3126 μαρτυρίας.

423 3165 566 3220 ΤΙΤ.
607 3163 851 3220 XXVIII.
879 3196 950 3206 —
983 3166 1060 3220 De
1099 3167 1530 3232 laudationibus,
1580 3177 1631 3221 et
1672 3167 1784 3222 illis
1835 3169 1926 3238 qui
1967 3169 2014 3222 itt

2142 3138 2306 3226 ΓιΤΛ.
2343 3171 2480 3225 KH'.
2513 3199 2584 3210 —
2611 3169 2754 3238 Περὶ
2785 3169 3096 3238 ἐγκωμίων
3123 3167 3225 3222 καὶ
3248 3166 3369 3223 τῶν
3393 3169 3733 3237 χαιρόντων

497 3238 576 3309 eis
615 3238 940 3306 voluptatem
994 3239 1252 3306 capiunt;
1283 3248 1333 3293 et
1375 3239 1516 3306 quod
1555 3247 1681 3293 ante
1722 3239 2022 3308 periculum

2194 3241 2266 3294 ἐν
2301 3240 2511 3309 αὐτοῖς
2530 3255 2544 3268 ·
2578 3241 2679 3296 καὶ
2715 3241 2805 3294 ὅτι
2827 3241 2902 3295 οὐ
2939 3238 3038 3294 δεῖ
3063 3238 3181 3308 πρὸ
3206 3240 3420 3309 πείρας
3452 3239 3733 3294 ἐπαινεῖν

496 3307 526 3376 f
525 3316 703 3361 actum
734 3308 995 3362 neminem
1021 3309 1246 3364 laudare
1281 3319 1543 3381 oporteat.
1724 3307 1730 3308 ί
2198 3329 2354 3367 τινα.

498 3421 661 3479 Prov.
715 3439 890 3489 xxvtt,
938 3423 1133 3478 2l.-—
1187 3443 1209 3478 ι
1264 3424 1569 3481 Probatum
1620 3435 1916 3499 argentum
1973 3438 2026 3483 et

2203 3443 2222 3477 ι
2259 3425 2493 3496 Δόκιμον
2524 3423 2794 3498 ἀργύριον
2831 3423 2929 3478 καὶ¹
2963 3423 3190 3495 χρυσίον
3221 3421 3536 3494 πυρώσεις’
3585 3421 3733 3492 ἀνὴρ

428 3531 626 3570 aurum
665 3516 794 3586 igne
819 3516 1122 3587 probabis;
1161 3519 1326 3575 homo
1361 3533 1496 3576 vero
1522 3519 1795 3590 probatur
1825 3533 1924 3589 per
1956 3535 2019 3574 os

2146 3516 2186 3570 ῑέ
2239 3516 2597 3590 δοκιμάζεται
2641 3516 2730 3571 διὰ
2779 3515 3051 3587 στόματος
3108 3513 3578 3586 ἐγκωμιαζόντων
3638 3515 3737 3570 αὑ·-

430 3608 781 3663 laudantium
817 3623 970 3665 eum.
1012 3628 1038 3662 ι

713 3624 781 3663 tm
817 3623 970 3665 eum.
1012 3628 1038 3662 ι
2129 3609 2242 3663 τόν.
2285 3629 2304 3663 ι

506 3720 527 3754 ι
571 3701 839 3758 Eumdetn
878 3702 1112 3760 laudare
1146 3715 1202 3760 et
1243 3703 1564 3776 vituperare
1593 3718 1820 3764 nonest
1847 3706 2027 3761 homi-

2208 3721 2227 3754 ι
2260 3701 2367 3757 Τδν
2397 3701 2564 3757 αὐτὸν
2599 3703 2851 3759 ἐπαινεῖν
2881 3703 2978 3758 καὶ
3005 3700 3199 3774 ψέγειν
3229 3699 3332 3753 οὐκ
3365 3697 3563 3769 ἀνδρὸς
3599 3699 3735 3766 ἀγα-

431 3794 521 3850 nis
553 3794 729 3862 probi.
773 3812 792 3846 ι
1939 3829 1944 3836 .

716 3835 729 3849 .
773 3812 792 3846 ι
1939 3829 1944 3836 -
2133 3793 2250 3848 θοῦ.
2283 3813 2301 3846 ι

505 3885 680 3940 Ecclt'.
737 3899 910 3952 xxvii,
939 3873 1095 3939 7.⁴--
1131 3904 1149 3938 t
1195 3886 1344 3943 Ante
1398 3885 1909 3944 considerationem
1962 3902 2034 3943 ne

2213 3908 2232 3941 ι
2263 3887 2380 3955 Πρὸ
2422 3887 2691 3958 λογισμοῦ
2732 3889 2808 3959 μὴ
2855 3886 3160 3958 ἐπαινέσῃς
3189 3885 3380 3957 ἄνδρα.
3409 3880 3586 3950 Οὗτος
3627 3883 3738 3954 γὰρ

432 3977 629 4035 laudes
667 3978 881 4033 virum.‘
915 3976 1046 4032 Haec
1080 3978 1228 4033 enim
1271 3987 1357 4036 est
1401 3981 1632 4037 tentatio
1669 3979 1934 4038 hominis.
1971 3999 1992 4033 ι

1271 3987 1357 4036 est
1401 3981 1632 4037 tentatio
1669 3979 1934 4038 hominis.
1971 3999 1992 4033 ι
2136 3980 2452 4054 πειρασμὸς
2475 3977 2791 4052 ἀνθρώπου.
2823 3998 2841 4031 ι

503 4068 637 4124 Luc.
699 4087 776 4133 vr,
810 4068 901 4124 26.
937 4098 1009 4111 --
1035 4088 1054 4121 ι
1097 4068 1189 4124 Vae
1223 4069 1418 4134 vobis,
1464 4085 1592 4125 cum
1645 4072 2036 4127 benedixerint

2215 4095 2233 4127 t
2271 4074 2409 4129 Οὐαὶ
2435 4073 2569 4143 ὑμῖν
2602 4073 2732 4127 ὅταν
2772 4071 2956 4136 καλῶς
2986 4072 3218 4126 εἴπωσιν
3250 4072 3398 4143 ὑμᾶς
3445 4071 3656 4132 πάντες
3689 4070 3737 4121 οἱ

434 4163 594 4218 vobis
658 4161 936 4220 homines.
1002 4159 1320 4216 Secundum
1371 4163 1492 4218 haec
1541 4165 1690 4220 enim
1755 4163 2025 4221 faciebant

2169 4169 2438 4240 .νθρωποι.
2478 4167 2639 4220 Κατὰ
2666 4166 2842 4219 ταῦτα
2881 4166 2992 4237 γὰρ
3040 4166 3261 4219 ἐποίουν
3290 4166 3404 4228 τοῖς
3437 4161 3760 4233 ψευδοπρο-”

435 4253 939 4324 pseudoprophetis
981 4261 1170 4322 patres
1197 4267 1413 4309 eorum.
1458 4272 1476 4306 ι

1384 4271 1413 4307 ι.
1458 4272 1476 4306 ι
2139 4262 2341 4334 φήταις
2369 4259 2418 4312 οἱ
2451 4257 2689 4328 πατέρες
2719 4256 2927 4312 αὐτῶν.
2957 4275 2975 4308 ι

508 4344 768 4416 SJgnat.
799 4346 955 4416 epist.
985 4348 1054 4399 ad
1087 4345 1256 4400 Trall.
1289 4346 1744 4417 interpol.-—Etsi
1778 4349 1833 4404 in
1875 4351 2042 4406 rebus
2075 4348 2099 4406 ῐ

2224 4372 2244 4405 ‹
2272 4351 2393 4406 Κᾶν
2418 4349 2734 4423 ἐρρωμένος
2766 4343 2811 4403 ὧ
2842 4348 2990 4403 κατὰ
3016 4347 3111 4402 τὸν
3143 4346 3307 4414 θεὸν,
3341 4346 3528 4400 πλεῖόν
3559 4363 3630 4416 με
3663 4346 3743 4398 δεῖ

435 4454 558 4511 quae
587 4437 655 4492 ad
688 4438 858 4493 Deum
893 4447 1181 4508 spectant,
1226 4439 1500 4496 robustus
1546 4439 1727 4505 fuero,
1767 4450 1879 4496 tum
1910 4457 2026 4496 am-

2145 4443 2424 4513 φοϐεἶσθαι
2482 4443 2580 4495 καὶ
2640 4440 2938 4513 προσέχειν
2978 4441 3090 4502 τοῖς
3139 4441 3262 4510 εἰκῆ
3329 4437 3585 4509 φυσῶσίν
3643 4453 3736 4507 με.

436 4531 584 4600 plius
623 4530 852 4586 timeam
901 4539 1156 4601 oportet,
1209 4539 1374 4600 atque
1424 4531 1495 4585 ab
1542 4531 1624 4587 eis
1669 4546 1892 4588 caveam
1937 4533 2027 4602 qui

2176 4533 2532 4598 Επαινοῦντες
2565 4533 2676 4604 γάρ
2707 4550 2776 4603 με
2815 4531 3208 4603 μαστιγοῦσιν.
3246 4548 3266 4582 ι
3758 4522 3767 4535 “

439 4638 526 4677 me
551 4623 835 4678 incassum
863 4621 1081 4678 inﬂant.
1127 4619 1194 4675 lli
1228 4621 1378 4676 enim
1413 4636 1500 4676 me
1542 4621 1825 4678 laudando
1857 4621 2036 4678 casti-

441 4723 594 4784 gattt.

512 4804 592 4862 Ne
615 4806 684 4862 ad
715 4823 810 4865 cas
837 4807 1030 4865 laudes
1069 4823 1194 4880 quae
1237 4807 1532 4863 veritatem
1587 4806 1907 4875 excedunt,
1949 4808 2037 4862 in-

2212 4799 2306 4871 Μὴ
2351 4801 2491 4871 πρὸς
2540 4799 2801 4863 ἐπαίνους
2847 4797 3227 4869 χαυνωθῶμεν
3273 4796 3402 4860 τοὺς
3441 4796 3585 4866 ὑπὲρ
3641 4793 3739 4866 τὴν

443 4905 846 4955 tumescamus.

2141 4893 2431 4964 ἀλήθειαν.
3419 4966 3427 4973 Ι

519 4989 580 5044 S.
617 4990 788 5045 Basil.
819 5021 889 5032 --—
923 4991 1114 5056 Multi,
1157 4990 1290 5045 dum
1319 4987 1470 5057 vulgi
1516 4986 1714 5043 laudes
1758 5003 1824 5044 ac
1877 4989 2040 5059 plau-

2215 4985 2413 5040 Πολλοὶ
2439 4986 2531 5039 τὸν
2558 4985 2710 5056 παρὰ
2749 4983 2862 5038 τῶν
2895 4981 3112 5035 πολλῶν
3142 4980 3368 5034 ἔπαινον
3399 4977 3737 5049 θηρώμενοι,

447 5097 575 5137 sum
633 5091 1008 5154 aueupantur,
1065 5098 1124 5138 re
1167 5081 1398 5152 quidem
1438 5080 1557 5150 ipsa
1603 5080 1936 5149 injustitiam
1985 5089 2038 5137 et

2148 5079 2297 5154 ἔργῳ
2340 5078 2442 5149 μὲν
2472 5078 2576 5146 τὴν
2618 5075 2836 5130 ἀδικίαν
2871 5073 2968 5129 καὶ
2997 5071 3316 5137 πλεονεξίαν
3342 5070 3419 5133 ὡς
3460 5068 3739 5139 ὠφέλιμον

450 5173 742 5230 avaritiam
784 5183 1050 5247 tanquam
1104 5174 1296 5229 utilem
1339 5170 1679 5244 praeferunt;
1717 5175 1904 5244 specie
1939 5189 2041 5228 au-

2150 5170 2477 5246 προτιμῶσι,
2513 5171 2755 5241 σχήματι
2795 5169 2852 5222 δέ
2897 5167 2994 5222 καὶ
3040 5166 3207 5236 λόγῳ,
3245 5164 3348 5236 τὴν
3381 5164 3608 5235 ἰσότητα
3650 5163 3741 5216 καὶ

453 5277 564 5324 tem
589 5275 647 5322 et
687 5281 943 5325 sermone
973 5268 1294 5338 aequitatem
1327 5276 1383 5322 et
1413 5263 1693 5335 justitiam
1734 5266 1940 5324 mirum
1986 5266 2042 5321 in

1621 5280 1693 5320 tm
1734 5266 1940 5324 mirum
1986 5266 2042 5321 itt
2144 5265 2246 5338 τὴν
2274 5262 2631 5334 δικαιοσύνην
2662 5258 3212 5333 ὑπερθαυμάζουσιν.

456 5356 679 5412 modum
716 5358 1089 5416 admirantur.
2994 5427 2998 5431 _

524 5448 629 5505 llic
681 5465 816 5523 opes
870 5469 1003 5510 suas
1052 5453 1108 5509 in
1145 5467 1243 5514 eos
1287 5453 1382 5525 qui
1429 5469 1558 5511 eum
1616 5451 1754 5509 leris
1794 5463 2048 5524 pugnant

2232 5448 2291 5502 ⁸0
2317 5447 2467 5502 δεῖνα
2488 5446 2583 5500 τὸν
2613 5443 2845 5499 πλοῦτον
2887 5443 3002 5507 τοῖς
3054 5439 3420 5512 θηριομάχοις
3471 5455 3739 5510 προσαναο

454 5540 784 5609 οίΥιιηιΙυιιε,
832 5552 1006 5616 atque
1061 5545 1324 5604 inanibus
1377 5546 1528 5618 vulgi
1559 5546 1910 5603 sermonibus
1941 5561 2043 5601 ex-

2149 5540 2375 5602 λίσκων,
2421 5538 2517 5592 καὶ
2563 5539 2687 5601 ταῖς
2720 5533 2982 5606 ματαίαις
3027 5531 3138 5585 τῶν
3167 5530 3362 5602 δήμων
3406 5531 3615 5599 φωναῖς
3654 5531 3739 5581 ἐπ-

458 5635 679 5693 sultans
701 5676 716 5703 ,
758 5637 1019 5694 laudibus
1051 5639 1413 5705 intumescit,
1441 5638 1848 5709 magniﬁcoque
1882 5637 1952 5694 de
1987 5653 2048 5692 se

2150 5629 2544 5702 αγαλλὸμενος,
2569 5627 2808 5698 φυσᾶται
2830 5626 2942 5688 τοῖς
2961 5622 3228 5685 ἐπαίνοις,
3249 5621 3345 5674 καὶ
3363 5620 3507 5692 μέγα
3533 5621 3735 5690 φρονεῖ,

459 5729 662 5795 sentit,
729 5730 962 5799 gloriam
1025 5731 1280 5788 videlicet
1335 5733 1550 5788 haoeus
1606 5732 1664 5786 in
1713 5730 2045 5786 confusione

2152 5722 2251 5792 τὴν
2280 5720 2438 5786 δόξαν
2481 5720 2624 5790 ἔχων
2677 5720 2735 5772 ἐν
2773 5719 2839 5789 τῇ
2885 5714 3120 5786 αἰσχύνῃ
3166 5711 3375 5766 αὐτοῦ*
3429 5713 3488 5775 ὃς
3539 5727 3602 5780 γε
3649 5711 3741 5762 καὶ

463 5837 602 5877 sua.
663 5825 871 5894 quippe
934 5826 1028 5894 qui
1067 5824 1402 5881 clarissitttis
1452 5825 1766 5895 quibusque
1824 5823 2046 5880 civibus

2157 5816 2438 5885 ἔγγραφον
2496 5815 2608 5875 τοῖς
2658 5809 2988 5882 περιφανέσι
3021 5809 3119 5877 τῆς
3152 5804 3364 5870 πόλεως
3394 5804 3494 5876 τὴν
3547 5804 3737 5859 ἐαυτοῦ

464 5909 519 5962 in
553 5911 757 5970 tabulis
787 5914 1002 5985 pictum
1043 5927 1333 5986 peccatum
1375 5923 1621 5972 ostentet
1650 5931 1831 5973 suum.

1669 5931 1831 5970 illum.
2161 5906 2437 5979 ἁμαρτίαν
2468 5903 2692 5959 ἐπὶτῶν
2726 5901 2972 5956 πινάκων
3003 5898 3260 5954 δεικνύει.
