4028 6398
233 376 374 445 1⁸565

1509 364 1749 426 SACRA
1774 357 2236 422 PARALLELA.

3373 328 3402 403 ’1
3413 338 3516 404 566

231 497 426 553 ΤΙΤΛ.
466 493 598 550 ΚΘ¹.
616 524 685 535 -
704 488 843 561 Περὶ
869 487 1236 561 ἐκδικήσεως
1265 484 1414 561 Θεοῦ
1424 480 1570 561 ’τοῖς
1593 481 1834 561 ἀδικουο

1961 459 2959 561 Maleae;12235245152222
3000 454 3517 561 Pf“:...f.°‘...l:f.“’.‘tf
3574 528 3577 529 ε

296 550 515 638 #909;
538 550 867 638 τενρμέῇης
887 577 901 591 ·
941 559 1031 612 ὅτι
1065 550 1188 628 χρὴ
1212 550 1300 621 ’τῷ
1332 553 1458 621 8εῷ
1484 550 1830 621 ἐπιτρέπειν

303 631 379 692 τὰ
417 631 534 708 τῆς
546 631 953 700 ἐκδικήσεως.

309 767 331 801 ι
366 747 510 811 Θεὸς
534 744 877 816 ἐκδικήσεων
900 741 1128 811 Κύριος,
1158 737 1291 802 Θεὸς
1314 736 1649 807 ἐκδικήσεων
1669 733 1833 804 ἐπαρ-

238 837 573 912 ρησιάσατο.
615 853 637 887 ι

314 949 334 982 ι
366 927 551 982 Ποιῶν
585 923 960 995 ἐλεημοσύνας
992 924 1021 976 ὁ
1065 920 1306 992 Κύριος,
1341 916 1439 973 καὶ
1484 918 1663 988 κρῖμα
1696 914 1830 968 πᾶσι

237 1023 355 1085 τοῖς
390 1020 586 1074 ἀδικου
595 1018 800 1089 μένοις.
843 1034 862 1066 ι

318 1132 337 1165 ι
372 1112 594 1180 Ἐγνων
620 1110 708 1163 ὅτι
736 1108 956 1173 ποιήσει
981 1105 1190 1176 Κύριος
1216 1101 1317 1175 τὴν
1337 1101 1522 1174 κρίσιν
1551 1098 1664 1153 τῶν
1690 1114 1831 1152 πτω-

240 1202 373 1273 χῶν,
409 1200 511 1254 καὶ
543 1199 644 1271 τὴν
667 1198 848 1268 δίκην.
881 1213 900 1248 ι

316 1311 337 1345 ι
365 1291 465 1363 Μὴ
496 1290 682 1361 εῐπῃς,
711 1288 947 1356 Τίσομαι
976 1283 1069 1339 τὸν
1116 1283 1337 1357 ἐχθρὸν,
1379 1280 1495 1338 ἀλλ’
1533 1279 1831 1363 ὑπόμεινον

236 1383 331 1438 τὸν
360 1344 718 1452 ίίύιριονίιένα
741 1396 804 1432 σε
832 1344 1102 1450 βοηθήσῃ.
1218 1344 1230 1357 ’
1322 1344 1333 1350 ⁷
1648 1344 1662 1350 1
1792 1344 1809 1363 ⁸

316 1495 336 1528 ι
379 1473 594 1544 Σκόλοψ
648 1471 878 1544 πικρίας
917 1470 1016 1524 καὶ
1070 1465 1293 1523 ἄκανθα
1341 1465 1537 1536 ὀδύνης
1567 1459 1680 1518 ἀπὸ
1721 1458 1832 1514 τῶν

242 1562 569 1637 περικύκλῳ
596 1561 801 1615 αὐτῶν.
832 1558 945 1612 Καὶ
985 1552 1199 1628 ποιήσω
1239 1556 1414 1628 κρῖμα
1444 1554 1503 1608 ἐν
1540 1551 1678 1605 πᾶσι
1719 1549 1831 1611 τοῖς

240 1655 609 1729 ἀτιμάζουσιν
638 1650 859 1716 αὐτούς.
899 1667 921 1702 ι

2006 523 2333 614 injuria—iit
2370 535 2685 597 ulciscitur;
2726 539 2775 584 et
2818 523 2958 592 quod
2998 528 3067 581 ad
3109 540 3226 581 eum
3271 523 3405 577 ultio
3437 539 3517 578 re-

2003 611 2259 668 mittenda
2287 611 2377 665 sit.

1998 725 2153 783 Psal.
2202 739 2359 787 xcm,
2412 720 2467 776 1.
2515 734 2633 769 -Α-ι
2693 715 2839 773 Deus
2877 711 3155 769 ultionum
3207 703 3515 768 Dominus,

1932 819 2084 876 Deus
2120 817 2397 872 ultionum
2433 812 2612 867 libere
2640 808 2773 879 egit.
2812 826 2832 860 ι

1999 908 2153 965 Prol.
2185 922 2281 973 cu,
2315 903 2471 960 6.-ι
2502 899 2741 957 Faciens
2775 890 3192 952 misericordias
3223 885 3514 948 Dominus,

1927 1011 1986 1056 et
2017 998 2288 1070 judicium
2326 993 2588 1050 omnibus
2615 987 2873 1058 injuriam
2904 979 3273 1054 patientibus.
3320 995 3339 1028 ι

2006 1065 2156 1145 ἰδίει.
2210 1100 2440 1153 cxxxu,
2472 1082 2562 1140 15.
2590 1111 2661 1123 -
2698 1098 2718 1133 ι
2757 1075 3006 1148 Cognovi
3048 1072 3183 1143 quia
3212 1070 3379 1125 faciet
3405 1065 3516 1121 Do-

1932 1182 2120 1238 minus
2143 1180 2421 1252 judicium
2453 1177 2680 1247 inopum
2709 1212 2725 1238 ,
2763 1179 2821 1227 et
2847 1167 3175 1225 vindictam.
3202 1182 3221 1217 ι

2006 1248 2171 1329 Prov.
2224 1287 2319 1337 xx,
2366 1268 2463 1324 22.
2491 1296 2562 1308 —
2593 1284 2612 1317 ι
2652 1262 2731 1319 Νε
2779 1261 2986 1317 dicas:
3041 1251 3355 1326 Rependam
3406 1248 3517 1304 ini-

1941 1364 2123 1430 mico;
2158 1360 2253 1417 sed
2289 1365 2554 1429 exspecta
2586 1352 2904 1413 Dominum,
2938 1355 3000 1403 ut
3033 1357 3086 1402 tc
3119 1343 3357 1412 adjuvet.
3392 1358 3411 1391 ι

2001 1428 2162 1525 523
2194 1428 2618 1513 Εειεσιιίκινιιι,
2647 1444 2740 1500 24.
2765 1471 2836 1482 --
2866 1436 3140 1496 Stimulus
3201 1428 3522 1488 amaritudi-

1935 1520 2150 1615 ιιἰᾷῖῖ
2183 1545 2345 1614 spina
2383 1536 2597 1596 doloris
2626 1552 2726 1608 per
2756 1532 3056 1590 circuitum
3084 1540 3308 1586 eorum.
3346 1521 3412 1577 Et
3439 1520 3522 1575 fa-

1933 1638 2076 1692 ciam
2113 1635 2388 1708 judicium
2422 1630 2684 1688 omnibus
2712 1625 2808 1699 qui
2851 1622 3081 1680 fecerint
3129 1618 3210 1675 eis
3239 1625 3525 1671 contume-

1939 1729 2092 1784 liam.
2126 1746 2146 1780 ι

317 1854 338 1887 ι
371 1831 588 1904 Κριτής
614 1845 701 1894 τις
726 1823 795 1901 ἦν
823 1826 883 1883 εν
902 1844 1012 1883 τινι
1036 1823 1193 1880 πόλει
1222 1822 1315 1878 τὸν
1346 1822 1482 1876 Θεὸν
1524 1818 1602 1891 μὴ
1632 1815 1830 1889 906013-

2000 1821 2135 1875 Luc.
2170 1815 2384 1882 xvm,2
2426 1831 2671 1885 seqq.—-
2725 1808 2950 1866 (Judex
3002 1805 3227 1874 quidam
3279 1807 3402 1855 erat
3458 1796 3514 1851 in

243 1944 428 2000 μενος,
458 1925 557 1980 καὶ
580 1924 873 1995 ἄνθρωπον
920 1921 997 1993 μὴ
1047 1918 1466 1991 ἐντρεπόμενος.
1498 1915 1661 1985 Χήρα
1680 1912 1737 1966 δὲ
1763 1907 1832 1982 ἦν

242 2022 300 2074 ἐν
332 2022 399 2090 τῇ
427 2018 587 2071 πόλει
607 2015 813 2086 ἐκείνῃ,
834 2014 931 2068 καὶ
959 2013 1160 2084 ἤρχετο
1184 2009 1323 2082 πρὸς
1370 2007 1534 2062 αὐτὸν
1561 2006 1798 2074 λέγουσα
1817 2020 1832 2035 ο

254 2108 581 2181 Ἐκδίκησόν
598 2124 669 2179 με
694 2105 807 2161 ἀπὸ
834 2103 929 2159 τοῦ
950 2102 1225 2159 ἀντιδίκου
1251 2116 1378 2171 μου.
1393 2099 1503 2153 Καὶ
1526 2097 1627 2152 οὐκ
1646 2094 1836 2167 ἧθελεν

243 2202 336 2256 ἐπὶ
352 2200 576 2273 χρόνου.
608 2195 764 2252 Μετά
785 2195 843 2249 δέ
874 2192 1051 2248 ταῦτα
1081 2186 1243 2245 εἶπεν
1288 2191 1346 2243 ἐν
1375 2186 1590 2258 ἐαυτῷ·
1641 2186 1707 2239 Ei
1743 2183 1837 2237 mi.

243 2293 334 2347 τὸν
360 2289 503 2345 Θεὸν
533 2286 601 2343 οὐ
643 2284 947 2356 φοϐοῦμαι,
979 2281 1076 2337 καὶ
1096 2279 1387 2352 ἄνθρωπον
1427 2277 1531 2330 οὐκ
1570 2273 1833 2346 ἐντρέπο-

248 2397 368 2451 μαι,
396 2377 492 2433 διά
518 2392 585 2446 γε
630 2374 693 2427 τὸ
723 2370 993 2443 παρέχειν
1035 2385 1126 2440 μοι
1156 2366 1326 2420 κόπον
1354 2361 1453 2434 τὴν
1491 2361 1670 2432 χήραν
1706 2356 1839 2412 ταύ-

243 2450 363 2541 την,
402 2467 682 2537 ἐκδικήσω
725 2462 896 2534 αὐτὴν
920 2502 937 2527 ,
992 2461 1081 2514 ἵνα
1127 2458 1204 2531 μὴ
1257 2458 1340 2521 είς
1385 2454 1539 2517 τέλος
1565 2450 1837 2524 ἐρχομένη

246 2559 535 2632 ὑπωπιάζῃ
590 2575 680 2629 με.
728 2551 899 2611 Εἶπεν
924 2553 1033 2607 δέό
1072 2551 1281 2624 Κύριος
1305 2566 1319 2581 ο
1390 2545 1686 2601 Ἀκούσατε
1732 2546 1786 2600 τί
1809 2546 1839 2599 ό

245 2650 440 2724 κριτὴς
458 2648 563 2718 τῆς
585 2645 801 2709 ἀδικίας
837 2643 1011 2715 λέγει.
1061 2642 1119 2695 Ὁ
1171 2640 1230 2694 δὲ
1264 2638 1402 2703 Θεὸς
1429 2638 1489 2692 οὐ
1528 2635 1603 2707 μὴ
1637 2636 1838 2707 ποιήσῃ

246 2741 344 2811 τὴν
371 2736 661 2808 ἐκδίκησιν
705 2734 816 2788 τῶν
863 2730 1137 2788 ἐκλεκτῶν
1184 2728 1350 2786 αὐτοῦ
1370 2769 1387 2796 ,
1434 2728 1543 2784 τῶν
1592 2726 1841 2799 βοώντων

249 2831 385 2901 πρὸς
413 2828 585 2884 αὑτὸν
607 2826 805 2891 νυκτὸς
836 2824 933 2880 καὶ
960 2823 1200 2897 ἡμέρας,
1237 2822 1335 2877 καὶ
1360 2820 1733 2893 μακροθυμῶν
1752 2820 1840 2874 ἐπ’

246 2927 464 2994 αὐτοῖς
493 2925 655 2994 Λέγω
684 2921 836 2993 ὑμῖν,
865 2920 949 2975 ὅτι
971 2919 1192 2991 ποιήσει
1214 2917 1314 2990 τὴν
1345 2918 1626 2989 ἐκδίκησιν
1663 2915 1843 2972 αὐτῶν

247 3018 304 3070 ἐν
323 3017 508 3086 τάχει.
544 3032 565 3067 ι

321 3127 340 3160 ι
371 3107 473 3177 Μὴ
508 3104 737 3168 ἑαυτοὺς
763 3100 1128 3163 ἐκδικοῦντες,
1156 3098 1292 3153 ἀλλά
1317 3097 1439 3151 δότε
1464 3098 1630 3152 τόπον
1653 3101 1720 3166 τῇ
1749 3099 1843 3169 ὀρ-

247 3200 339 3269 γῇ.
375 3198 702 3268 Γέγραπται
729 3194 875 3265 γάρ·
912 3191 1071 3262 Ἐμοὶ
1101 3189 1413 3260 ἐκδίκησις,
1455 3187 1567 3259 ἐγὼ
1604 3189 1843 3243 ἀνταπο·

247 3290 425 3355 δώσω,
461 3287 615 3356 λέγει
637 3284 865 3353 Κύριος.
907 3301 926 3335 ι

318 3464 554 3525 Πάντως
582 3461 611 3514 ό
640 3458 1027 3530 ἀδικούμενος,
1055 3453 1461 3526 καταφλέγεται
1497 3454 1594 3525 μὲν
1619 3453 1723 3507 ὑπὸ
1751 3452 1847 3506 λύ-

250 3574 380 3627 πης,
422 3550 745 3625 ἀμύνασθαι
779 3550 837 3604 δέ
863 3551 965 3605 οὐκ
986 3550 1151 3620 ἔχων,
1175 3548 1211 3618 ἢ
1241 3546 1330 3601 διὰ
1353 3546 1464 3600 τῶν
1504 3546 1635 3599 ίσων
1669 3544 1848 3599 ἐλθεῖν

252 3645 364 3700 ἐσθ’
398 3645 516 3710 ὅτε,
549 3642 638 3697 διὰ
662 3641 724 3697 τὸ
746 3638 1017 3711 ἡττᾶσθαι
1040 3638 1142 3708 τῆς
1177 3636 1272 3691 τοῦ
1300 3634 1617 3699 ἀδικοῦντος
1638 3635 1845 3706 χειρὸς,

250 3736 349 3804 τῆς
400 3731 619 3790 ἄνωθεν
655 3728 1057 3803 μισοπονηρίας
1111 3727 1174 3783 τὸ
1217 3726 1448 3798 κέντρον
1497 3725 1655 3781 καλεῖ
1710 3725 1849 3798 πρὸς

253 3823 603 3896 ἐπικουρίαν.

320 4007 471 4071 Δεῖν,
505 3997 684 4073 οἶμαι,
715 4000 843 4064 τοὺς
868 3999 1069 4072 χωρίον
1092 3978 1240 4069 ἱερὸν
1260 3995 1605 4068 νεμομένους
1632 3996 1851 4066 ἐπιτρέ-

257 4116 381 4154 πειν
409 4095 595 4151 πάντα
622 4091 701 4164 τῷ
731 4091 851 4163 Θεῷ
871 4091 1139 4156 δικάζειν,
1166 4078 1263 4143 καὶ
1290 4090 1653 4159 καταφρονεῖν
1681 4087 1849 4155 τῆσδε

258 4190 444 4261 χειρὸς
489 4183 858 4257 ἀνθρωπίνης,
914 4183 1043 4237 ὅταν
1094 4181 1252 4236 αὐτοὶ
1287 4180 1381 4234 τὸν
1439 4179 1553 4234 ἄνω
1585 4178 1850 4250 δικαστὴν

260 4276 699 4354 περισκοπῶσιν.

262 4413 445 4469 ἸΊΤΛ.
499 4409 579 4466 Λ’.
601 4439 671 4452 -ι
703 4408 843 4474 Περὶ
880 4405 1304 4474 εὐθυνομένων
1360 4404 1461 4459 καὶ
1512 4404 1688 4472 δίκας
1724 4408 1850 4461 εισ-

332 4478 926 4566 πρᾳττρέιένωγξῗκαί
953 4477 1033 4543 ὡς
1057 4474 1334 4544 οὐδαμῶς
1362 4476 1552 4543 ἄλλος
1571 4476 1707 4533 ἀντὶ
1736 4476 1845 4532 ἄλ-
1874 4506 1924 4566 D

270 4547 277 4555 ’
329 4547 448 4608 ,τὸυ
477 4547 935 4618 εὺθυνθήσεται.

338 4683 357 4717 ι
397 4663 516 4717 Οὐκ
540 4659 943 4717 ἀποθανοῦνται
990 4657 1230 4730 πατέρες
1263 4656 1405 4729 ὑπὲρ
1440 4657 1680 4723 τέκνων,
1720 4658 1846 4713 οὔτε

265 4755 373 4810 υἱοὶ
394 4754 537 4825 ὑπὲρ
559 4752 814 4823 πατέρων
833 4767 847 4782 ·
874 4749 1107 4813 ἕκαστος
1132 4751 1199 4821 τῇ
1223 4748 1417 4803 ἑαυτοῦ
1441 4748 1689 4822 ἁμαρτία
1706 4753 1848 4806 ἀπο-

267 4847 533 4903 θανεῖται.
577 4863 597 4896 ι

336 4959 357 4993 ι
405 4936 659 5008 Ἀδελφὸς
680 4934 744 4989 οὑ
765 4931 1086 5005 λυτροῦται,
1108 4932 1449 5006 λυτρώσεται
1468 4932 1568 4989 ἀνθ
1578 4951 1760 5006 ρωπος
1781 4952 1797 5003 ;
1825 4953 1844 4986 ι

344 5142 365 5175 ι
413 5122 504 5175 Ἐν
524 5121 643 5184 ταῖς
673 5116 910 5189 ἡμέραις
931 5114 1171 5179 ἐκείναις
1196 5117 1258 5170 οὺ
1293 5114 1369 5187 μὴ
1410 5117 1642 5169 εἴπωσι·
1674 5109 1854 5168 Πατέ-

272 5233 365 5286 ρες
413 5214 620 5285 ἔφαγον
674 5210 956 5281 δμφακας,
987 5209 1083 5263 καὶ
1135 5209 1187 5262 oi
1231 5209 1447 5274 ὀδόντες
1490 5207 1601 5261 τῶν
1645 5207 1855 5261 τέκνων

272 5307 626 5380 ᾐμωδίασαψ
685 5304 802 5358 ἀλλ’
849 5302 1082 5365 ἕκαστος
1139 5304 1199 5356 ἐν
1257 5304 1325 5373 τῇ
1372 5299 1569 5354 ἐαυτοῦ
1606 5300 1856 5371 ἁμαρτίᾳ

271 5398 656 5465 ἀποθανεῖται,
698 5395 795 5451 καὶ
845 5394 939 5473 τοῦ
992 5391 1262 5464 φαγόντος
1318 5390 1750 5463 αἰμωδιάσουσιν
1807 5392 1856 5444 οἱ

272 5486 506 5552 ὀδόντες.
544 5505 565 5538 ι

345 5599 365 5631 ι
395 5582 459 5634 Ol
492 5578 728 5649 πατέρες
755 5576 958 5647 ἔφαγον
992 5577 1273 5647 ὄμφακας,
1302 5576 1397 5629 καὶ
1424 5576 1474 5629 oi
1501 5574 1719 5640 ὀδόντες
1745 5577 1858 5631 τῶν

276 5672 483 5727 τέκνων
510 5671 850 5744 ᾑμωδίασαν.
891 5668 978 5724 Ζῶ
1006 5667 1138 5737 ἐγὼ,
1168 5668 1320 5737 λέγει
1361 5666 1567 5738 Κύριος
1586 5706 1602 5730 ,
1641 5668 1676 5738 ἡ
1710 5668 1856 5739 ψυχὴ

279 5764 314 5830 ἠ
343 5763 758 5839 ἁμαρτάνουσα,
789 5761 930 5832 αὐτὴ
953 5761 1046 5816 καὶ
1071 5758 1445 5816 ἀποθανεῖται.
1482 5757 1541 5811 '0
1561 5755 1617 5811 δὲ
1647 5756 1858 5829 ἀνθρω-

1866 3157 1913 3216 C

1935 1909 2175 1983 quadam
2212 1908 2464 1970 civitate,
2498 1905 2595 1976 qui
2643 1902 2813 1957 Deum
2850 1915 2958 1954 non
2986 1895 3233 1959 timebat,
3259 1900 3315 1948 et
3345 1888 3518 1944 homi-

1935 1980 2062 2059 nem
2094 2015 2207 2057 non
2235 1998 2614 2055 reverebatur.
2647 1993 2825 2049 Vidua
2861 1999 3048 2046 autem
3082 1995 3204 2043 erat
3236 1984 3295 2038 in
3324 1980 3521 2037 civita~

1937 2104 1996 2151 te
2026 2093 2144 2158 illa,
2177 2099 2231 2147 et
2289 2088 2551 2146 veniebat
2578 2086 2647 2142 ad
2678 2100 2835 2150 eum,
2895 2082 3087 2137 dicens
3118 2092 3136 2133 :
3162 2074 3398 2130 Vindica
3435 2086 3522 2127 me

1936 2182 2006 2238 de
2029 2179 2356 2238 adversario
2385 2191 2531 2234 meo.
2564 2174 2630 2230 Et
2653 2175 2872 2230 nolebat
2899 2186 2995 2244 per
3012 2168 3246 2224 multum
3278 2174 3518 2233 tempus.

1937 2274 2188 2331 Posthrec
2237 2279 2422 2327 autem
2459 2268 2603 2324 dixit
2631 2267 2776 2321 intra
2820 2280 2880 2321 se
2915 2280 2930 2318 :
2961 2263 3079 2319 Etsi
3109 2259 3279 2315 Deum
3306 2270 3418 2311 non
3447 2251 3523 2307 ti-

1937 2379 2084 2431 meo,
2134 2376 2237 2418 nec
2303 2359 2585 2415 hominem
2651 2371 2928 2422 revereor,
2978 2362 3168 2408 tamen
3202 2352 3333 2422 quia
3387 2344 3523 2400 mihi

1938 2455 2166 2511 molesta
2195 2459 2282 2509 est
2321 2451 2438 2507 haec
2478 2449 2668 2516 vidua,
2703 2446 2998 2504 vindicabo
3032 2444 3205 2505 illam.
3232 2456 3304 2496 ne
3325 2439 3381 2494 in
3415 2451 3522 2491 no-

1938 2545 2165 2601 vissimo
2187 2542 2416 2597 veniens
2445 2538 2700 2611 suggillet
2740 2553 2850 2592 me.
2874 2537 2967 2590 Ait
2995 2544 3177 2589 autem
3218 2529 3524 2584 Dominus:

1937 2635 2139 2693 Audite
2198 2633 2332 2706 quid
2373 2630 2544 2704 judex
2594 2628 2907 2699 iniquitatis
2937 2626 3107 2682 dicat.
3156 2618 3302 2678 Deus
3341 2627 3523 2673 autem

1940 2742 2055 2783 non
2118 2724 2284 2781 faciet
2316 2721 2620 2779 vindictam
2665 2720 2970 2775 electorum
3002 2728 3225 2771 suorum
3282 2710 3526 2765 claman—

1940 2821 2077 2874 tium
2119 2816 2188 2873 ad
2222 2832 2283 2873 se
2333 2813 2425 2869 die
2453 2828 2519 2869 ac
2549 2820 2737 2876 nocte,
2777 2818 2832 2866 et
2858 2807 3181 2882 patientiam
3220 2801 3439 2859 habebit
3473 2799 3529 2853 in

1944 2910 2099 2968 illis?
2151 2909 2285 2966 Dico
2332 2906 2515 2972 vobis,
2546 2905 2681 2977 quia
2722 2904 2838 2960 cito
2886 2901 3189 2957 vindictam
3218 2895 3386 2952 faciet
3407 2893 3530 2948 illo-

1944 3019 2090 3060 rum.
2121 3020 2140 3054 ι

2013 3093 2169 3149 Rom.
2205 3107 2302 3157 xu,
2354 3090 2444 3146 l9.
2478 3118 2549 3129 —
2582 3106 2601 3140 ι
2627 3085 2749 3142 Non
2802 3081 3181 3152 vosmetipsos
3220 3075 3529 3133 defenden-

1946 3192 2051 3251 tes,
2100 3182 2438 3248 charissimi,
2473 3180 2571 3236 sed
2599 3178 2729 3234 date
2771 3177 2953 3233 locum
2983 3175 3100 3229 im.
3140 3171 3416 3241 Scriptum
3445 3174 3533 3223 est

1945 3276 2093 3331 enim
2129 3291 2144 3329 :
2179 3274 2314 3330 Mihi
2372 3271 2637 3336 vindicta,
2672 3277 2729 3325 et
2754 3283 2857 3339 ego
2886 3266 3216 3332 retribuam,
3248 3262 3386 3317 dicit
3425 3259 3532 3315 Do-
3612 3324 3615 3327 ν

1944 3378 2156 3419 minus.
2186 3383 2206 3417 ι

2022 3454 2080 3511 8.
2110 3454 2307 3526 Cyri”.
2348 3450 2445 3508 Ille
2500 3449 2732 3507 omnino
2769 3447 2864 3517 qui
2914 3442 3123 3515 injuria
3154 3440 3411 3505 afﬁcitur,
3440 3438 3529 3493 in-

1947 3546 2203 3604 cenditur
2262 3545 2483 3617 quidem
2521 3557 2633 3614 prae
2693 3553 2977 3603 mcerore;
3011 3551 3140 3591 cum
3173 3542 3357 3588 autem
3388 3529 3531 3600 inju-

1947 3640 2088 3696 riam
2126 3648 2411 3710 acceptam
2462 3633 2740 3691 interdum
2772 3629 2968 3687 ulcisci
3019 3633 3278 3698 nequeat,
3304 3638 3409 3679 nec
3431 3637 3533 3694 par

1948 3733 2072 3805 pari
2123 3730 2365 3796 referre,
2395 3728 2544 3801 quod
2593 3725 2852 3783 videlicet
2903 3723 3010 3779 eia
3064 3735 3174 3792 quo
3210 3719 3373 3775 laesus
3421 3723 3530 3783 est,

1948 3825 2163 3882 viribus
2220 3823 2379 3880 cedat
2410 3838 2425 3876 :
2460 3834 2713 3891 supernae
2781 3818 2933 3873 illius
2973 3813 3232 3884 iustitiae,
3266 3826 3389 3882 quae
3418 3807 3539 3864 odit

1949 3914 2383 3986 improbitatem,
2418 3913 2673 3968 aculeum
2705 3910 2760 3964 in
2801 3908 3071 3964 auxilium
3102 3905 3357 3961 accersit.

2018 3985 2239 4075 .loseph.
2292 4003 2657 4073 -—Oportere
2717 3999 2978 4056 existimo
3035 4011 3132 4052 eos
3166 3985 3258 4064 qui
3310 3995 3368 4048 in
3413 3992 3537 4047 loco

1951 4104 2147 4154 sancto
2199 4095 2476 4159 habitant,
2537 4092 2784 4147 omnium
2832 4089 3106 4160 judicium
3133 4087 3243 4141 Deo
3277 4083 3538 4140 commit-

1949 4194 2089 4252 tere,
2119 4191 2285 4255 atque
2319 4182 2621 4236 humanam
2653 4170 2901 4233 'manum
2937 4174 3241 4246 aspernari,
3273 4187 3400 4227 cum
3431 4172 3537 4241 ipsi

1948 4277 2168 4333 interim
2205 4286 2506 4344 supernum
2534 4269 2780 4342 judicem
2809 4266 3295 4337 circumSpiciunt.
3516 4248 3523 4255 “

1951 4412 2090 4471 ΤΙΤ.
2112 4411 2282 4467 XXX.
2312 4441 2384 4453 --
2411 4409 2490 4464 De
2537 4409 2606 4463 iis
2629 4407 2721 4479 qui
2772 4406 3093 4479 multantur,
3132 4412 3182 4458 et
3206 4415 3395 4479 plenas
3416 4414 3538 4468 per-

2056 4485 2265 4541 solvunt
2287 4498 2309 4548 ;
2334 4492 2380 4537 et
2408 4480 2549 4551 quod
2577 4471 2728 4534 nemo
2755 4493 2850 4548 pro
2876 4477 2985 4531 alio
3015 4476 3323 4544 plectendas
3348 4471 3444 4526 sit.

2018 4662 2178 4718 Deut.
2221 4675 2373 4724 xxiv,
2415 4658 2505 4716 16.
2530 4688 2601 4700 -
2645 4676 2664 4709 ι
2697 4655 2818 4713 Non
2877 4654 3190 4709 morientur
3219 4658 3404 4721 patres
3436 4659 3537 4715 pro

1951 4753 2102 4821 ﬁliis,
2133 4766 2235 4809 nec
2283 4749 2383 4805 ﬁlii
2413 4764 2514 4821 pro
2560 4748 2917 4820 parentibus;
2941 4744 3037 4801 sed
3073 4739 3453 4811 unusquisque
3481 4738 3551 4791 in

1955 4853 2186 4916 peccato
2225 4856 2328 4898 suo
2357 4841 2649 4897 morietur.
2698 4859 2718 4893 ι

2027 4936 2182 4992 Ρεαι.
2216 4949 2416 4999 nvm,
2449 4932 2503 4989 7.
2530 4963 2598 4974 —
2634 4951 2652 4985 ι
2688 4929 2912 4987 Fratres
2952 4927 3199 4993 redimit,
3236 4940 3350 4980 non
3388 4922 3540 4979 redi-

1954 5039 2066 5086 met
2095 5026 2294 5084 homo?
2321 5044 2341 5080 ι
2376 5033 2486 5080 etc.

1975 5187 1978 5189 Α
2025 5119 2226 5176 Jerem.
2267 5133 2420 5182 χχχι,
2452 5114 2546 5170 29.
2583 5142 2654 5155 —-
2681 5131 2700 5164 ι
2738 5110 2797 5167 In
2831 5109 3026 5167 diebus
3060 5107 3167 5165 illis
3212 5122 3323 5175 non
3349 5105 3561 5161 dicent.

1956 5213 2102 5269 ultra
2139 5232 2153 5269 :
2183 5211 2375 5268 Patres
2400 5206 2764 5265 comederunt
2816 5218 2976 5259 uvam
3009 5203 3286 5265 acerbam,
3314 5209 3369 5256 et
3402 5199 3538 5255 den-

1956 5315 2042 5362 tes
2079 5304 2318 5359 ﬁliorum
2369 5301 2781 5369 obstupuerunt
2817 5313 2831 5351 :
2867 5294 2964 5352 sed
3031 5293 3417 5363 unusquisque
3482 5292 3540 5344 in

1957 5393 2251 5466 iniquitate
2279 5405 2382 5447 sua
2402 5390 2696 5457 morietur,
2732 5387 2929 5441 Omnis
2959 5385 3126 5442 homo
3153 5383 3246 5454 qui
3277 5381 3551 5437 comedc—~

1958 5486 2033 5541 rit
2071 5498 2232 5539 uvam
2295 5482 2577 5545 acerbam,
2620 5480 2813 5536 dentes
2846 5479 3022 5548 ipsius
3052 5476 3473 5546 obstupescent.
3512 5490 3559 5523 ιν

2031 5574 2222 5630 Ezech.
2248 5588 2403 5637 xvm,
2424 5571 2481 5640 2,
2509 5570 2600 5627 20.
2623 5602 2691 5615 —-
2720 5589 2739 5623 ι
2764 5570 2957 5625 Patres
2996 5568 3359 5625 comederunt
3378 5577 3557 5619 uvam-

1957 5666 2231 5731 acerham,
2295 5671 2350 5719 et
2374 5660 2566 5717 dentes
2638 5661 2874 5715 filiorum
2933 5661 3364 5729 obstupuerunt.
3402 5651 3537 5706 Vim

1957 5774 2081 5828 ego,
2141 5756 2277 5813 dicit
2320 5751 2634 5810 Dominus:
2671 5751 2856 5807 anima
2882 5765 3004 5816 quae
3036 5745 3365 5823 peccaverit,
3408 5742 3532 5812 ipsa

2518 5890 3547 6297 /
