4028 6404
487 333 620 400 1567

1651 343 1712 404 S.
1746 344 1780 405 J
1785 343 1994 406 OANN
2003 345 2078 406 IS
2112 345 2552 413 DAMASCENI

3620 363 3761 430 1568

483 442 768 498 morietur.
825 443 1000 501 Homo
1032 457 1213 506 autem
1261 450 1452 521 justus
1485 449 1611 516 erit,
1654 449 1864 508 faciens
1898 453 2069 524 justi-

2220 475 2273 522 ος
2298 457 2453 514 ἔσται
2477 461 2710 530 δικαιος,
2746 463 2776 516 ό
2805 462 2975 541 ποιῶν
3005 462 3378 538 δικαιοσύνην.
3418 469 3547 535 Υἱὸς
3579 473 3641 527 οὐ
3669 476 3763 547 λή.

482 535 639 597 tiam,
681 553 700 586 ι
736 542 846 590 etc.
890 555 908 586 ι
947 535 1121 595 Filius
1151 554 1260 594 non
1299 540 1543 610 portabit
1569 541 1918 610 iniquitatem
1961 559 2062 614 pa-

483 627 582 682 tris
604 625 906 698 sui,‘neque
926 637 1084 699 pater
1117 632 1358 701 portabit
1381 631 1728 702 iniquitatem
1751 634 1866 688 filii.
1886 633 2059 692 Justi-

2163 548 2327 619 ψεται
2383 550 2480 621 τὴν
2511 551 2733 607 ἀδικίαν
2770 551 2864 608 τοῦ
2891 551 3036 608 υἱοῦ.
3083 555 3414 630 Δικαιοσύνη
3461 559 3519 614 δέ
3547 562 3763 618 δικαίου

2165 641 2253 694 ἐπ’
2305 641 2472 697 αὑτὸν
2534 642 2710 711 ἔσται,
2775 644 2872 699 καὶ
2921 645 3126 716 ἀνομία
3183 646 3393 722 ἀνόμου
3448 651 3539 705 ἐπ’
3593 655 3761 710 αὑτὸν

483 718 553 772 tia
587 733 718 772 vero
743 717 882 787 justi
921 737 1088 793 super
1111 723 1295 795 ipsum
1329 725 1462 792 erit,
1495 737 1550 782 et
1580 726 1851 798 luiquitas
1883 728 2060 799 iniqui
2164 732 2338 788 ἔσται.
2379 752 2399 787 ι

481 824 645 879 super
665 811 845 881 ipsum
878 815 1005 868 erit.
1047 835 1066 870 ι

481 945 513 1045 l.’
547 877 730 957 Gala}.
763 918 837 971 vr,
871 905 923 962 5.
951 939 1022 948 —
1059 926 1078 961 ι
1117 907 1507 982 Unusquisque
1530 924 1670 968 onus
1689 925 1850 968 suum
1877 877 2062 983 porta;

517 989 579 1045 il.
630 1010 650 1045 ο

730 1089 867 1148 TIT.
899 1092 1094 1150 XXXI.
1116 1128 1187 1138 —-—
1215 1095 1291 1152 De
1308 1097 1819 1168 reprehensionibus.

548 1179 713 1237 Prov.
737 1199 892 1251 xxix,
927 1185 1016 1241 15.
1035 1205 1135 1240 -ι
1165 1185 1345 1259 Plagae
1369 1196 1424 1246 et
1448 1191 1904 1260 reprehensiones
1931 1190 2065 1246 dant

480 1272 839 1342 sapientiam.
878 1293 898 1328 ι

549 1365 710 1420 Prov.
739 1382 931 1433 xxvm,
957 1367 1047 1422 25.
1079 1400 1149 1410 —
1183 1387 1203 1421 ι
1242 1368 1346 1436 Qui
1375 1371 1602 1444 corrigit
1633 1370 1753 1428 vias
1807 1371 2065 1441 hominis,

2241 928 2263 964 ι
2301 910 2574 978 Ἕκαστος
2597 913 2658 969 τὸ
2679 915 2811 970 ῐδιον
2841 918 3066 988 φορτίον
3089 918 3374 1005 βαστάζει.

2304 1148 2309 1154 ,
2487 1089 2672 1147 ΤΙΤΛ.
2707 1093 2803 1147 AA
2821 1131 2838 1148 .
2870 1124 2943 1135 —
2966 1095 3109 1163 Περὶ
3134 1096 3412 1166 ἑλεῖ-μῶν

2246 1199 2266 1234 ι
2300 1182 2520 1255 Πληγαὶ
2537 1184 2636 1240 καὶ
2669 1183 2886 1258 ἔλεγχοι
2913 1186 3125 1243 διδόασι
3157 1188 3376 1258 σοφίαν.
3425 1208 3446 1243 ι

2239 1388 2260 1422 ι
2304 1367 2364 1421 Ὀ
2407 1366 2650 1439 ἐλέγχων
2693 1366 2989 1435 ἀνθρώπου
3038 1367 3214 1436 ὀδοὺς,
3268 1370 3518 1454 χάριτας
3562 1371 3771 1443 μᾶλλον

481 1455 686 1527 gratias
722 1456 899 1526 magis
933 1457 1207 1512 obtinebit
1263 1473 1427 1530 quam
1454 1459 1548 1515 ille
1576 1460 1671 1531 qui
1704 1473 1804 1530 per
1865 1459 2068 1532 linguae

2220 1463 2279 1529 εει
2308 1460 2404 1516 τοῦ
2433 1459 3035 1533 γλωσσοχαριτοῦντος.
3065 1479 3088 1514 ι

482 1546 866 1603 blandimenta
899 1549 1127 1619 decipit.
1167 1567 1187 1601 ι

550 1638 713 1693 Prov.
776 1653 931 1706 nix,
990 1639 1355 1697 L—Helior
1400 1649 1486 1699 est
1537 1643 1623 1700 vir
1675 1645 1772 1718 qui
1811 1643 2064 1716 corripit,

479 1745 644 1801 quam
675 1730 772 1800 qui
804 1729 943 1785 dura
972 1732 1194 1790 cervice
1221 1742 1327 1789 est.
1364 1753 1384 1787 ι

549 1821 713 1879 Prov.
767 1840 918 1887 xxxv.
975 1825 1162 1881 25.—
1203 1843 1222 1878 ι
1256 1825 1361 1892 Qui
1415 1827 1753 1898 corripiunt,
1807 1804 2143 1885 melioresB

2241 1661 2260 1695 ι
2295 1641 2588 1714 Κρείσσων
2620 1641 2762 1714 ἀνὴρ
2784 1641 3057 1715 ἐλέγχων,
3104 1641 3300 1713 ἀνδρὸς
3343 1641 3775 1714 σκληροτραχή-

2169 1732 2284 1788 λου.
2321 1752 2340 1784 ι

2248 1845 2268 1878 ‹
2307 1827 2372 1882 Ol
2398 1826 2741 1899 ἐλέγχοντες,
2765 1826 3016 1898 βελτίους
3055 1825 3396 1912 φανοῦνται,
3440 1826 3534 1881 ἐπ’
3565 1825 3776 1892 αὖτοὺς

479 1916 828 1986 apparebunt
861 1930 876 1969 :
912 1932 1080 1987 super
1117 1933 1214 1974 eos
1275 1927 1458 1976 autem
1520 1921 1707 1979 veniet
1753 1921 2069 1979 benedictio

2220 1935 2229 1970 ι
2265 1915 2388 1987 ἥξει
2416 1916 2642 1987 εὐλογία
2672 1917 2879 1989 ἀγαθή.
2919 1935 2940 1971 ι

479 2007 706 2062 bona.»

549 2098 711 2158 Prov.
743 2119 802 2185 ι,
830 2102 918 2159 10.
944 2129 1016 2143 -ο
1047 2121 1068 2156 ι
1113 2101 1217 2171 Qui
1247 2103 1479 2175 corripit
1537 2105 1737 2172 libere,
1795 2106 2069 2176 paciﬁcus

480 2197 587 2247 cst.
630 2211 651 2245 ι

552 2281 717 2357 524
744 2283 906 2342 Prov.
940 2299 1020 2352 Ix,
1054 2286 1112 2342 8.
1146 2318 1214 2327 —
1251 2304 1271 2340 ι
1295 2285 1419 2342 Noli
1470 2302 1706 2358 arguere
1751 2287 1961 2356 malos,
2001 2303 2071 2345 ne

481 2373 704 2430 oderint
730 2384 806 2433 te.
860 2397 878 2430 ι
1442 2382 1447 2387 ’

558 2465 728 2524 Eccli.
761 2485 915 2537 xxxi,
945 2471 1036 2526 41.
1072 2503 1140 2514 -
1167 2489 1187 2524 ι
1226 2471 1284 2525 ln
1317 2469 1572 2527 convivio
1594 2470 1709 2526 vini
1730 2485 1842 2527 non
1866 2486 2070 2544 arguas

482 2558 795 2629 proximum
840 2569 1019 2617 tuum.
1055 2581 1074 2613 ι

553 2649 726 2706 Ecca.
769 2668 890 2718 vm,
954 2653 1044 2708 lt.
1078 2683 1148 2696 -ν
1181 2671 1200 2706 ι
1239 2651 1360 2709 Non
1415 2654 1685 2710 incendas
1775 2656 2066 2725 carbones,

480 2753 799 2813 peccatores
868 2762 1143 2819 arguens;
1176 2757 1232 2803 et
1274 2764 1343 2804 ne
1399 2748 1721 2806 incendaris
1752 2749 1806 2806 in
1850 2749 2070 2807 ﬂamma

480 2835 625 2906 ignis
650 2847 1001 2908 peccatorum
1045 2840 1313 2910 ipsorum.

550 2924 582 2980 ι
611 2926 718 2983 'l'it.
767 2945 838 2994 v,
879 2929 969 2985 20.
1021 2959 1088 2970 --
1141 2949 1161 2983 ‹
1197 2930 1498 2988 Peccantes
1548 2947 1738 2988 coram
1810 2934 2070 2992 omnibus

479 3032 670 3090 argue,
707 3031 765 3076 ut
790 3023 977 3078 caeteri
1013 3024 1269 3080 timorem
1306 3023 1566 3080 habeant.
1607 3043 1627 3076 ι

1065 3178 1142 3234 LI
1153 3179 1385 3235 TTERA
1434 3179 1498 3233 Z.

480 3307 615 3365 TIT.
650 3309 779 3388 l.-_-
818 3313 974 3380 Quod
1008 3315 1200 3388 Deum
1247 3334 1484 3387 qmrrere
1539 3327 1810 3388 oporteat,
1865 3328 1915 3374 et
1951 3338 2072 3376 eum

613 3386 785 3454 sequi,
811 3395 969 3457 atque
998 3387 1053 3441 in
1083 3386 1495 3457 ipsius’nomine
1522 3386 1703 3444 omnia
1731 3390 1929 3455 facere.

548 3558 716 3616 ιρι-ἔτ.
747 3578 801 3631 x,
834 3565 888 3620 '5.
911 3584 1018 3618 -ι
1055 3565 1113 3623 1η
1147 3567 1256 3624 illis
1299 3569 1394 3640 qui
1429 3570 1878 3642 apprOpinquant
1911 3571 2068 3638 mihi,

477 3651 890 3710 sauctiticabor.
932 3674 950 3708 ι

549 3739 709 3796 Deut.
735 3760 790 3809 x,
812 3745 904 3800 20.
925 3779 996 3789 —-
1027 3767 1046 3801 ι
1079 3747 1373 3805 Dominum
1406 3747 1590 3806 Deum'
1627 3761 1780 3808 tuum
1824 3754 2069 3823 timebis;

478 3840 530 3886 et
557 3830 636 3886 illi
661 3835 762 3889 soli
797 3839 1026 3906 servies,
1083 3849 1139 3896 et
1185 3842 1232 3896 ei
1265 3841 1633 3911 adltazresces,
1661 3854 1715 3900 et
1748 3846 1804 3900 in
1847 3847 2072 3904 nomine

479 3923 603 3993 ejus
669 3926 907 3994 iurabis.
965 3929 1088 4002 Ipse
1116 3940 1200 3990 est
1224 3934 1400 4005 gloria
1458 3944 1576 4002 tua,
1602 3945 1659 3993 et
1693 3937 1812 4010 ipse
1840 3949 1926 3995 est
1954 3938 2068 3996 vita

483 4025 597 4071 tua.

549 4106 705 4163 Psal.
745 4127 826 4177 ις,
869 4091 1068 4169 ’10.-
1106 4133 1126 4170 ι
1162 4115 1283 4175 Non
1345 4119 1694 4192 dereliquisti
1759 4132 2070 4196 quaerentes

476 4206 552 4262 te,
591 4198 838 4258 Domine.
874 4223 894 4259 ι

552 4291 703 4350 Psal.
761 4298 1127 4365 xxxr,9.—-t
1160 4302 1218 4360 In
1279 4319 1438 4363 camo
1496 4317 1553 4365 et
1593 4307 1750 4367 freno
1809 4310 2068 4369 maxillas

2103 3173 2151 3237 C

2249 2115 2270 2150 ι
2315 2095 2375 2151 Ὀ
2399 2096 2642 2168 ἐλέγχων
2677 2097 2816 2170 μετὰ
2850 2098 3171 2170 παρρησίας
3202 2097 3569 2171 είρηνοποιεϊ.
3600 2115 3622 2151 ι

2250 2301 2269 2335 ι
2303 2283 2397 2356 Μὴ
2423 2281 2616 2356 ἔλεγχε
2648 2284 2874 2352 κακοὺς,
2898 2284 2988 2340 ῑνα
3021 2285 3098 2358 μὴ
3131 2285 3414 2358 μισήσωσί
3460 2303 3543 2343 σε.
3584 2304 3605 2340 ι

2249 2481 2269 2515 ι
2321 2463 2413 2518 Ἐν
2443 2465 2736 2538 συμποσίῳ
2781 2466 2929 2520 οῐνου
2989 2463 3067 2537 μὴ
3119 2464 3350 2536 ἐλέγξῃς
3397 2465 3494 2519 τὸν
3539 2467 3778 2536 πλησίον

2173 2573 2388 2718 “fuitin
2418 2645 2653 2720 ἐκκαίῃς
2688 2645 2975 2719 ἄνθρακας
2998 2686 3015 2712 ,
3083 2646 3452 2718 ἁμαρτωλοὺς
3501 2645 3777 2717 ἐλέγχων,

2176 2739 2254 2812 μὴ
2281 2737 2637 2812 ἐμπυρισθῇς
2661 2739 2721 2793 ἐν
2750 2739 2913 2810 φλογὶ
2942 2738 3117 2808 πυρὸς
3147 2738 3462 2810 ἁμαρτιῶν.
3498 2755 3519 2790 ι

2250 2941 2270 2974 ι
2301 2921 2443 2984 Τοὺς
2473 2919 2897 2992 ἁμαρτάνοντας
2921 2918 3157 2974 ἐνώπιον
3177 2917 3401 2974 πάντων
3440 2917 3660 2988 ἔλεγχε,
3690 2916 3779 2970 ἵνα

2173 3015 2272 3070 καὶ
2295 3017 2345 3070 οἱ
2383 3015 2566 3069 λοιποὶ
2593 3013 2763 3085 φόϐον
2793 3012 3012 3084 ἔχωσιν.
3052 3029 3071 3064 ι

2730 3177 2778 3228 Σ
2785 3172 3116 3228 ΤΟΙΧΕῙΟΝ
3141 3173 3210 3224 Ζ.

2176 3311 2360 3386 ΤΙΤΛ.
2384 3309 2464 3386 ᾼξ
2501 3308 2740 3386 -λΠερὶ
2762 3309 2870 3386 τοῦ
2893 3308 3092 3386 ζητεῖν
3113 3307 3248 3386 eos:
3281 3307 3454 3386 ρεόν,
3490 3296 3590 3362 καὶ
3633 3308 3783 3386 vim:

2244 3379 2492 3436 λουθεῖν
2525 3377 2708 3446 αὐτῷ,
2762 3380 2861 3434 καὶ
2919 3380 3130 3434 ὅτιέπῑ
3167 3377 3248 3444 τῷ
3290 3379 3540 3449 ὀνόματι
3581 3377 3785 3436 αὑτοῦ

2246 3451 2446 3505 πάντα
2471 3450 2587 3521 χρὴ
2617 3449 2777 3521 ἡμᾶς
2805 3449 3200 3520 πράττεσθαι.

2251 3586 2270 3620 ι
2312 3567 2402 3621 Ἐν
2435 3569 2550 3632 τοῖς
2580 3565 2862 3637 ἐγγίζουσί
2899 3584 2967 3638 με
2996 3565 3432 3637 ἁγιασθήσομαι.
3470 3584 3489 3620 ι

2255 3764 2272 3798 ι
2311 3745 2524 3817 Κύριον
2547 3746 2639 3800 τὸν
2666 3746 2802 3801 Θεόν
2838 3763 2931 3801 σου
2960 3746 3274 3819 φούηθήσῃ,
3307 3746 3406 3800 καὶ
3438 3745 3591 3818 αὐτῷ
3626 3745 3781 3819 μόνῳ

2172 3838 2516 3911 λατρεύσεις,
2555 3841 2650 3895 καὶ
2679 3841 2818 3912 πρὸς
2866 3841 3030 3897 αὐτὸν
3063 3841 3409 3916 κολληθήσῃ,
3446 3842 3544 3896 καὶ
3578 3842 3679 3896 ἐπὶ
3702 3841 3783 3912 τῷ

2173 3932 2403 4004 ὀνόματι
2434 3931 2601 3987 αὐτοῦ
2628 3933 2761 4006 ὁμῇ.
2787 3927 2958 3998 Οὗτος
2988 3933 3262 4005 καύχημά
3300 3951 3396 3988 σου
3423 3971 3439 3999 ,
3480 3934 3581 3988 καὶ
3617 3927 3781 3998 οὗτος

2174 4025 2289 4098 ζωή
2320 4044 2438 4084 σου.
2477 4047 2497 4081 ι

2250 4137 2268 4170 ‹
2306 4118 2422 4172 Οὐκ
2455 4118 2820 4189 ἐγκατέλιπες
2845 4120 2974 4184 τοὺς
3004 4118 3376 4193 ἐκζητοῢντάς
3403 4137 3485 4187 σε,
3521 4119 3726 4190 Κύριε.
3754 4139 3772 4172 ι

2244 4317 2263 4351 ‹
2306 4298 2397 4352 Ἐν
2419 4299 2586 4370 κημῷ
2608 4298 2702 4354 καὶ
2732 4295 2935 4371 χαλινῷ
2959 4278 3061 4365 τὰς
3086 4299 3347 4369 σιαγόνας
3367 4299 3553 4354 αὐτῶν
3579 4299 3778 4370 ἄγξαι,

477 4395 669 4470 eorum
711 4391 1052 4462 constringe,
1095 4394 1191 4464 qui
1245 4410 1355 4451 non
1389 4399 1778 4470 approximant
1830 4401 1896 4457 ad
1932 4409 2008 4458 te.
2041 4421 2061 4456 ι

2220 4390 2281 4444 ὒν
2316 4391 2391 4462 μὴ
2432 4390 2766 4460 ἐγγιζόντων
2786 4392 2925 4463 πρὸς
2954 4392 3036 4446 σέ.
3075 4409 3096 4445 ι

549 4468 702 4580 Patri.
768 4489 962 4543 xxxul,
993 4478 1046 4533 5.
1072 4512 1141 4522 —
1170 4501 1189 4535 ι
1218 4468 1502 4555 Exquisivi
1535 4487 1852 4556 Dominum,
1884 4499 1940 4547 et
1966 4507 2066 4548 ex-

2250 4503 2271 4536 ι
2324 4485 2660 4556 Ἔξεζήτησα
2689 4485 2782 4539 τὸν
2823 4485 3053 4580 Κύριον,
3081 4487 3178 4541 καλ⁸
3203 4485 3484 4556 ἐπήκουσέ
3517 4502 3649 4556 μου,
3677 4483 3780 4538 καὶ

479 4554 687 4618 audivit
756 4581 864 4633 me,
922 4576 979 4626 et
1008 4585 1078 4627 ex
1121 4577 1382 4636 omnibus
1417 4579 1879 4640 tribulationibus
1926 4584 2064 4642 meis

2220 4594 2238 4632 ι
2276 4554 2608 4633 πασῶν
2638 4576 2874 4649 θλίψεων
2905 4554 3008 4646 μου
3038 4554 3313 4650 ἐρρύσατό
3349 4595 3438 4649 με.
3475 4595 3495 4628 ›

475 4653 676 4724 eripuit
706 4672 814 4714 me.
857 4678 876 4712 ι

549 4742 702 4806 Psal.
761 4766 947 4822 Lxxxr,
1014 4755 1102 4813 17.
1141 4789 1210 4801 -
1259 4777 1279 4813 t
1339 4761 1446 4830 Qui
1496 4764 1759 4838 elongant
1792 4781 1853 4823 se
1895 4780 1925 4822 a
1989 4774 2064 4836 te,

477 4839 756 4908 peribunt.
798 4862 818 4895 ›

552 4927 704 4986 Ρεαι.
767 4949 960 5001 xxxur,
991 4939 1085 4994 20.
1112 4973 1182 4984 -—
1215 4962 1235 4995 ι
1273 4942 1479 5003 Divites
1528 4954 1804 5018 eguerunt
1844 4955 1900 5003 et
1939 4963 2069 5025 esu-

478 5020 728 5090 rierunt;
758 5027 1106 5098 inquirentes
1121 5045 1300 5094 autem
1327 5037 1641 5109 Dominum,
1675 5055 1787 5096 non
1813 5020 2070 5099 minuen-

481 5121 571 5168 tur
598 5118 748 5170 omni
770 5118 935 5178 bono.
976 5143 993 5176 ι

550 5207 699 5266 Paul.
733 5228 920 5280 xxxix,
955 5217 1042 5272 16.
1065 5248 1134 5257 -
1167 5239 1186 5272 ‹
1213 5220 1570 5279 Exsultentet
1594 5223 1848 5282 laetentur
1876 5240 2069 5284 omnes

479 5301 572 5369 qui
610 5315 960 5375 quaeruntte,
994 5307 1244 5369 Domine.
1285 5331 1304 5365 ι

550 5391 702 5449 Ρεαι.
736 5406 926 5465 vam,
955 5400 1044 5456 55.
1078 5433 1146 5444 -
1205 5424 1224 5458 ι
1261 5404 1504 5472 Quaerite
1571 5406 1771 5476 Deum,
1805 5416 1864 5464 et
1923 5408 2071 5466 vivet

481 5486 659 5540 anima
686 5497 891 5558 vestra,
923 5511 944 5545 ι

541 5574 708 5680 .Psal.
733 5595 843 5649 ειν,
899 5586 954 5641 5.
986 5616 1054 5628 -
1084 5607 1102 5639 ι
1135 5587 1380 5646 Laetetur
1411 5607 1509 5648 cor
1555 5593 1924 5664 quaerentium
1959 5593 2067 5648 Do-

481 5682 713 5727 mtuum.
759 5692 779 5726 ι

552 5767 713 5835 Prov,
759 5800 826 5810 ρ-
865 5788 882 5822 ι
917 5770 1019 5837 Qui
1059 5777 1259 5840 quaerit
1283 5777 1595 5836 Dominum.
1629 5778 1872 5838 inveniet
1891 5783 2069 5836 scicn~

2246 4755 2274 4813 ι’
2297 4761 2360 4815 Ol
2386 4759 2765 4834 μακρύνοντες
2791 4761 3022 4827 ἑαυτοὺς
3040 4761 3151 4818 ἀπὸ
3181 4759 3300 4827 σοῦ,
3327 4760 3684 4816 ἀπολοῦνται.
3721 4780 3742 4813 ι

2242 4962 2262 4994 ι
2291 4943 2550 4998 Πλούσιοι
2596 4940 2952 5014 ἐπτώχευσαν
2971 4983 2986 5009 ,
3028 4941 3126 4996 καὶ
3162 4940 3480 5006 ἐπείνασαν,
3511 4939 3563 4993 oi
3587 4939 3646 4994 δὲ
3676 4940 3775 4993 ἐκ·

2171 5035 2468 5109 ζητοῦντες
2489 5037 2581 5092 τὸν
2608 5037 2817 5109 Κύριον
2837 5079 2852 5105 ,
2897 5036 3000 5090 οὐκ
3041 5033 3520 5104 ἐλαττωθήσονται
3567 5032 3776 5097 παντὸς

2171 5127 2400 5198 ἀγαθοῦ.
2433 5147 2452 5180 ι

2248 5243 2268 5274 ‹
2318 5221 2816 5291 Ἀγαλλιόισθωσαν,
2867 5222 2963 5276 καὶ
3020 5220 3494 5293 εὐφρανθήτωσαν
3529 5219 3623 5273 ἐπὶ
3686 5217 3774 5272 σοὶ

2172 5315 2374 5378 πάντες
2403 5316 2450 5368 οἱ
2478 5313 2777 5386 ζητοῦντές
2819 5330 2902 5380 σε,
2936 5311 3133 5385 Κύριε.
3173 5331 3191 5362 ι

2251 5425 2270 5458 ι
2305 5404 2684 5478 Ἐκζητήσατε
2743 5405 2836 5460 τὸν
2887 5405 3043 5472 Θεὸν,
3109 5405 3205 5459 καὶ
3255 5404 3487 5476 ζήσεται
3530 5401 3564 5474 ἡ
3617 5401 3769 5473 ψυχὴ

2173 5499 2346 5572 ὑμῶν.
2393 5518 2413 5550 ›

2250 5615 2268 5647 ι
2304 5593 2682 5666 Εὐφρανθήτω
2713 5593 2912 5667 καρδία
2937 5592 3250 5667 ζητούντων
3268 5591 3363 5646 τὸν
3396 5591 3624 5662 Κύριον.
3672 5609 3690 5640 ι

2252 5795 2268 5828 ι
2316 5775 2374 5828 '0
2414 5772 2596 5838 ζητῶν
2629 5773 2718 5829 τὸν
2760 5774 2987 5844 Κύριον.
3021 5774 3249 5844 εὗρήσει
3279 5776 3487 5846 γνῶσιν
3516 5769 3656 5842 μετὰ
3681 5769 3804 5862 δι-χ
