4028 6398
135 355 156 379 .
249 410 393 468 3569

1566 395 1809 458 SACRA
1846 389 2332 454 PARALELLA.-

3405 379 3543 446 1570

245 514 579 584 καιοσύνης.
631 512 696 566 Oi
728 511 784 566 δὲ
817 510 996 583 ὀρθῶς
1024 508 1319 582 ζητοῦντες
1362 508 1527 564 αὐτὸν
1549 547 1565 574 ,
1590 507 1856 578 εύρήσουυ

1999 504 2096 554 iam
2127 513 2254 554 cum
2279 496 2519 568 justitia.
2569 496 2673 563 Qui
2713 501 2897 550 autem
2926 500 3186 565 quaerunt
3215 507 3366 561 eum,
3392 495 3546 550 inve-

245 624 333 663 σιν
357 609 616 680 εἰρήνην.
653 623 672 656 ι

321 716 344 754 ι
394 700 490 764 Ὠς
515 699 598 752 ἔτι
625 695 844 768 καιρὸς,
876 694 1216 766 ὲκζητήσατε
1253 693 1346 748 τὸν
1374 693 1603 765 Κύριον.
1647 710 1667 740 ι

320 897 342 932 ι
383 877 583 931 Ἐλεον
612 876 710 930 καὶ
747 877 926 947 κρῖμα
985 874 1288 943 φυλάσσου,
1323 877 1421 929 καὶ
1467 872 1657 944 ἕγγιξε
1713 872 1852 944 πρὸς

244 968 338 1024 τὸν
361 967 506 1022 Θεόν
535 985 630 1020 σου
653 967 744 1021 διὰ
766 966 987 1030 παντός.
1033 985 1053 1019 ι

323 1080 344 1113 ι
387 1058 696 1114 Ἀκούσατέ
725 1075 853 1128 μου,
885 1057 982 1112 καὶ
1010 1056 1254 1127 φάγεσθε
1282 1056 1484 1126 ἀγαθὰ,
1512 1057 1609 1111 καὶ
1641 1057 1853 1128 τρυφή-

251 1170 336 1206 σει
375 1153 438 1206 ὲν
464 1151 747 1221 ἀγαθοτςὴ
771 1151 921 1222 ψυχὴ
955 1149 1133 1222 ὑμῶν.
1171 1170 1192 1204 ι

327 1265 348 1298 ι
384 1246 859 1318 Αἰσχυνθήσονται
897 1245 1102 1308 πάντες
1138 1246 1186 1298 οἱ
1228 1243 1584 1315 ἀφορίζοντες
1622 1244 1855 1310 ἑαυτοὺς

250 1340 360 1394 ἀπὸ
393 1340 633 1410 Κυρίου.
685 1359 704 1391 ι

328 1449 349 1484 ι
399 1430 782 1502 Ἐκζητήσατέ
815 1446 883 1502 με
903 1430 962 1483 ὲν
992 1429 1092 1504 ὅλῃ
1123 1431 1323 1502 καρδίᾳ
1352 1432 1528 1501 ὑμῶν,
1583 1433 1680 1485 καὶ
1731 1433 1856 1486 ἐπι-

253 1523 540 1594 φανοῦμαι
573 1524 724 1593 ὑμῖν.
765 1543 784 1576 ι

331 1638 350 1670 ι
385 1618 520 1681 Τοῖς
553 1616 882 1687 ἐκζητοῦσιν
917 1618 1082 1674 αὑτὸν
1117 1617 1526 1691 μισθαποδότης
1553 1618 1582 1671 ὁ
1606 1618 1738 1683 Θεὸς
1767 1619 1856 1688 γί-

255 1727 411 1765 νεται
423 1750 434 1765 .

335 1819 354 1853 ι
406 1800 704 1870 Ἐγγίσατε
724 1801 806 1873 τῷ
836 1800 978 1872 Θεῷ,
1003 1801 1098 1856 καὶ
1130 1801 1312 1870 ὲγγιεῖ
1341 1801 1490 1873 ὑμῖν.
1534 1820 1553 1853 ι

336 1977 658 2049 Ἀμήχανον
687 1978 1037 2049 ἐκτραπῆναι
1065 1977 1166 2048 τῆς
1192 1975 1413 2041 δικαίας
1455 1973 1603 2042 ὀδοῦ,
1640 1975 1716 2048 μὴ
1757 1977 1859 2048 λή-

257 2068 358 2139 θην
387 2069 531 2124 Θεοῦ
558 2072 680 2135 ταῖς
705 2070 911 2142 ψυχαῖς
931 2070 1292 2142 νοσήσαντας.

332 2341 507 2394 Ὅσον
533 2340 804 2410 ἀφίστατο
825 2339 926 2411 τῆς
957 2338 1104 2409 ζωῆς
1125 2338 1154 2391 ὁ
1180 2335 1376 2406 Ἀδὰμ,
1407 2333 1664 2389 τοσοῦτον
1691 2352 1864 2407 προσ-

265 2435 491 2506 ήγγιζεν
521 2432 600 2504 τῷ
649 2432 887 2502 θανάτῳ.
925 2429 1050 2501 Ζωὴ
1095 2427 1205 2500 γὰρ
1235 2429 1264 2481 ὁ
1305 2427 1476 2491 Θεόςο
1516 2427 1776 2500 στέρησις
1805 2427 1863 2481 δὲ

263 2526 410 2596 ζωῆς
432 2528 460 2580 ὁ
493 2525 748 2587 θάνατος.
777 2523 940 2576 Ὥστε
978 2521 1070 2575 τὸν
1097 2519 1331 2574 θάνατον
1363 2519 1392 2571 ὁ
1433 2519 1608 2590 ’Δδὰμ
1645 2517 1736 2572 διὰ
1762 2518 1864 2588 τῆς

264 2619 675 2691 ἀναχωρήσεως
702 2615 798 2671 τοῦ
834 2613 972 2671 Θεοῦ
1019 2610 1454 2678 κατεσκεύασεν,
1498 2611 1640 2664 κατὰ
1684 2611 1746 2664 τὸ
1769 2627 1864 2680 γε-

1955 592 2120 647 nient
2154 603 2429 669 pacemai

2031 682 2162 738 Osee
2189 698 2244 749 x,
2279 681 2368 736 12.
2394 712 2463 722 -
2485 699 2504 734 ‹
2530 679 2669 737 Dum
2709 679 2888 736 adhuc
2921 687 3138 750 tempus
3168 686 3274 746 est,
3313 678 3547 749 quaerite

1961 773 2274 830 Dominum.
2319 791 2338 825 ι

2032 865 2164 921 Οδεε
2226 882 2323 932 xu,
2397 865 2550 921 6.--ι
2610 882 2630 917 ι
2670 863 3105 920 Misericordiam
3171 871 3223 919 et
3267 861 3542 933 judicium

1956 959 2199 1027 custodi,
2225 966 2281 1015 et
2306 959 2692 1030 appropinqua
2725 957 2792 1012 ad
2837 956 3010 1012 Deum
3053 967 3204 1010 tuum
3238 971 3480 1025 semper.
3519 973 3538 1004 ι

2029 1049 2145 1106 lsa.
2180 1065 2269 1117 LV,
2303 1050 2358 1105 2.
2391 1081 2461 1091 —
2491 1069 2509 1102 ι
2543 1047 2747 1103 Audite
2768 1063 2876 1107 me.
2907 1057 2962 1102 et
2991 1046 3258 1101 comedite
3284 1046 3450 1111 bona,
3490 1052 3546 1100 ct

1955 1141 2326 1198 delectabitur
2353 1143 2405 1196 in
2434 1142 2596 1198 bonis
2628 1142 2814 1196 anima
2842 1146 3050 1194 vestra.
3096 1157 3113 1189 ι

2031 1234 2151 1289 Isa.
2189 1249 2318 1301 xm,
2352 1233 2446 1289 25.
2471 1266 2541 1276 -—
2566 1251 2584 1285 ι
2615 1231 3046 1288 Confundantur
3089 1244 3283 1284 omnes
3323 1227 3426 1299 qui
3453 1243 3546 1283 se-

1957 1334 2155 1393 parant
2185 1325 2397 1396 seipsos
2426 1340 2457 1379 a
2492 1324 2746 1380 Domino.
2779 1342 2797 1375 ι

2025 1415 2224 1470 Jerem.
2258 1433 2354 1484 xx,
2411 1417 2588 1471 1⁸5.-
2622 1433 2641 1466 ι
2679 1413 2918 1481 Quaerite
2968 1427 3056 1467 me
3109 1413 3163 1465 in
3219 1419 3334 1464 toto
3383 1408 3547 1463 corde

1956 1518 2166 1578 vestro,
2205 1517 2260 1564 et
2300 1508 2579 1579 apparebo
2605 1507 2785 1561 vobis.
2824 1524 2843 1557 ι

2033 1599 2197 1655 Hebr.
2226 1616 2308 1664 ιι,
2327 1600 2382 1655 6.
2407 1629 2480 1640 —
2503 1617 2522 1652 ι
2561 1595 2976 1669 lnquircntibus
3027 1592 3198 1648 Deum
3232 1593 3350 1662 ipse
3375 1605 3552 1646 remu-

1958 1701 2184 1749 nerator
2209 1701 2317 1749 est.
3345 1674 3348 1676 ⁷

2027 1783 2152 1840 Jac.
2175 1801 2251 1849 iv,
2278 1783 2332 1840 8.
2351 1815 2420 1824 —
2446 1802 2465 1834 ι
2487 1779 2940 1854 Appropinquate
2957 1775 3091 1841 Deo,
3113 1781 3166 1830 et
3199 1775 3317 1844 ipse
3350 1785 3550 1842 appro-

1891 1908 1934 1965 Β
1962 1879 2250 1952 pinquabit
2279 1878 2454 1934 vobis.
2495 1895 2514 1930 ι

2035 1969 2094 2027 S.
2129 1969 2303 2024 Basil.
2335 1969 2482 2022 hom.
2505 1985 2524 2020 ι
2563 1965 2718 2034 Quod
2742 1964 2882 2020 Deus
2899 1979 3003 2018 non
3028 1961 3101 2016 sit
3130 1969 3318 2015 auctor
3348 1960 3499 2015 mali.
3527 1978 3548 2013 ι

1960 2093 2032 2104 -
2063 2062 2207 2119 Fieri
2261 2078 2375 2116 non
2418 2067 2596 2131 potest
2653 2066 2713 2113 ut
2736 2059 3032 2128 quisquam
3071 2069 3101 2108 a
3152 2063 3307 2110 recta
3339 2053 3422 2107 via
3455 2051 3554 2106 de-

1963 2153 2170 2220 ﬂectat,
2241 2152 2348 2209 nisi
2404 2151 2558 2223 prius
2593 2148 2813 2204 animus
2853 2148 3003 2202 illius
3029 2145 3125 2201 Dei
3161 2143 3441 2200 oblivione
3468 2143 3553 2197 la-

1964 2247 2272 2303 boraverit.

2036 2332 2176 2388 Ibid.
2207 2364 2278 2376 —-
2307 2334 2592 2400 Quantum
2623 2346 2654 2386 a
2694 2331 2807 2384 vita
2849 2327 3146 2385 recedebat
3185 2325 3386 2393 Adam,
3423 2332 3553 2379 tan-

1965 2435 2082 2480 tum
2134 2440 2358 2496 quoque
2407 2424 2477 2478 ad
2526 2435 2764 2478 mortem
2831 2419 3150 2476 accedebat.
3190 2417 3334 2474 Deus
3357 2416 3558 2486 quippe

1961 2519 2074 2574 vita
2102 2526 2229 2574 est:
2260 2515 2498 2588 privatio
2521 2526 2701 2570 autem
2723 2515 2873 2578 vitaz,
2894 2527 3065 2568 mors.
3087 2512 3166 2565 Ac
3205 2509 3435 2580 proinde
3462 2522 3560 2577 per

1965 2626 2251 2668 recessum
2276 2625 2306 2663 a
2341 2608 2453 2665 Deo
2482 2607 2658 2661 Adam
2690 2605 2797 2662 sibi
2835 2615 3066 2659 mortem
3097 2602 3332 2673 paravit,
3358 2613 3558 2654 secun-

263 2713 617 2786 γραμμὲνον,
650 2711 732 2764 ὅτι
773 2707 920 2764 Ἰδοὺ
951 2709 1006 2762 οἱ
1023 2705 1442 2777 μακρύνοντες
1469 2700 1724 2770 ἑαυτοὺς
1743 2702 1862 2758 ἀπὸ

2005 2719 2098 2758 um
2124 2703 2261 2760 illud
2293 2701 2440 2774 quod
2477 2700 2748 2771 scriptum
2786 2709 2869 2753 est
2906 2715 2920 2752 :
2955 2694 3090 2749 Ecce
3108 2696 3199 2766 qui
3226 2693 3475 2763 elongant
3503 2708 3558 2746 se

268 2805 403 2870 ποῦ,
429 2801 835 2858 ἀπολοῦνται.

344 2896 594 2966 ’Δνὰγκη
624 2895 725 2965 τὴν
778 2890 1164 2965 ἐρημωθεῖσαν
1204 2887 1384 2959 ψυχὴν
1409 2887 1513 2959 τῆς
1537 2886 1866 2949 οἱκειώσεως

269 2990 357 3044 τοῦ
397 2988 563 3056 Θεοῦ,
593 2987 913 3058 οἰκητήριον
945 2982 1204 3054 γενέσθαι
1242 2980 1575 3051 πνευμάτων
1615 2978 1858 3049 ἀκαθάρ-

297 3101 392 3138 ων.

297 3103 392 3138 ων.

262 3103 292 3140 τ
333 3177 509 3242 Tagi;
542 3174 743 3246 ἀρίστη
767 3169 971 3234 παντὸς
993 3165 1339 3240 ἀρχομένου,
1387 3163 1483 3218 καὶ
1522 3161 1710 3230 λόγου,
1768 3163 1864 3216 καὶ

1965 2812 1998 2850 a
2027 2804 2097 2860 te,
2126 2795 2371 2866 peribunt
2397 2791 2588 2863 (Psal.
2611 2807 2787 2847 uxu.
2821 2789 2889 2844 27
2908 2793 2954 2860 ).

2039 2887 2233 2960 Ejusd.
2256 2888 2308 2942 in
2336 2903 2456 2956 cap.
2490 2901 2588 2940 xm
2623 2884 2898 2938 Isaiae.——
2926 2880 3165 2936 Necesse
3201 2883 3285 2932 est
3318 2877 3558 2932 animam

1970 2998 2000 3037 a
2045 2978 2137 3034 Dei
2161 2977 2431 3034 afﬁnitate
2455 2985 2510 3033 et
2543 2974 2962 3047 propinquitate
3002 2971 3346 3036 destitutam,
3380 2969 3563 3038 impu-

1967 3088 2157 3128 rorum
2177 3072 2474 3141 spirituum
2499 3069 2840 3126 domicilium
2872 3067 3014 3123 fieri.

2039 3163 2200 3234 525
2221 3165 2280 3220 S.
2304 3163 2458 3234 Greg.
2485 3162 2756 3217 Nazianz.
2776 3169 2917 3216 orat.
2939 3155 3566 3214 L—Przestantissimus

274 3271 624 3342 πράγματος,
649 3271 715 3322 ὲκ
741 3263 881 3320 Θεοῦ
910 3280 970 3318 τε
997 3260 1295 3333 ἄρχεσθαι,
1331 3257 1428 3312 καὶ
1453 3257 1533 3320 είς
1560 3255 1693 3310 Θεὸν
1725 3255 1858 3310 dwa-

1999 3257 2055 3311 lic
2077 3257 2212 3310 ordo
2227 3263 2334 3321 est,
2361 3261 2420 3309 ut
2441 3256 2535 3324 qui
2559 3255 2860 3307 orationem
2891 3251 3134 3320 aliquam
3167 3257 3261 3303 aut
3281 3248 3564 3316 negotium

275 3362 570 3419 παύεσθαι.

343 3455 563 3529 Ἀρχὴν
593 3453 854 3508 ἁπάντων
879 3447 976 3503 καὶ
1002 3445 1156 3510 τέλος
1176 3440 1335 3498 ποιοῦ
1361 3440 1516 3498 Θεόν.

281 3667 465 3721 ῙῚΤΛ.
496 3663 592 3719 B'.-
615 3659 793 3730 -Περὶ
820 3656 979 3720 ζώων
997 3655 1257 3730 ἀλόγων,
1281 3647 1404 3704 τῶν
1424 3643 1661 3718 φυσικῇ
1680 3643 1871 3713 σοφίᾳ

821 3723 1318 3795 κεκοσμημένων.

348 3850 368 3883 ι
409 3829 490 3882 ’Ἦ
525 3827 592 3880 σὺ
627 3807 968 3895 περιέθηκας
1004 3818 1158 3886 ἵππῳ
1191 3814 1443 3884 δύναμιν,
1501 3808 1764 3871 ὲνέδυσας
1813 3805 1872 3860 δὲ

278 3921 538 3996 τραχήλῳ
597 3917 764 3974 αὐτοῦ
815 3913 1016 3985 φόδον;
1067 3904 1356 3980 πόρρωθεν
1400 3903 1459 3956 δὲ
1512 3900 1871 3972 όσφραίνεται

624 4010 720 4064 Ἐκ
747 4007 806 4062 δὲ
832 4008 932 4076 τῆς
966 4003 1066 4072 σῆς
1087 3998 1400 4069 ἐπιστήμης
1426 3994 1662 4087 ἕστηκεν
1690 3990 1868 4087 ίέᾉραῃξ,

210 4123 222 4136 ‘
278 4081 638 4167 ἀναπετάσας
669 4100 767 4162 τὰς
816 4097 1097 4166 πτέρυγας
1153 4089 1320 4145 αὐτοῦ
1347 4129 1364 4156 ,
1412 4086 1674 4155 ἀκίνητος
1728 4081 1871 4154 ὁρῶν

279 4198 420 4272 πρὸς
445 4195 628 4258 νότον;
652 4190 769 4260 rw
798 4188 889 4242 ἐπὶ
905 4184 1122 4240 νοσσιὰν
1143 4181 1310 4238 αὐτοῦ
1328 4175 1635 4239 καθεσθεὶς,
1655 4173 1874 4238 αὐλίζε-

280 4264 371 4346 ται
399 4287 492 4342 ἐπ’
517 4285 678 4355 ὲξοχῇ
712 4281 939 4350 πέτρας,
973 4276 1070 4330 καὶ
1098 4271 1435 4343 ἀποκρύφῳ;
1481 4268 1597 4321 ἐκεῖ
1623 4264 1699 4319 ὣν
1724 4265 1876 4336 ζητεῖ

281 4385 352 4440 τὰ
382 4385 544 4438 σῖτα·
595 4372 885 4450 πόρρωθεν
925 4369 984 4423 δὲ
1022 4369 1072 4422 oi
1109 4363 1384 4436 ὀφθαλμοὶ
1427 4359 1594 4414 αὐτοῦ
1637 4355 1875 4412 σκοπεύ-

280 4493 431 4530 ουσι.
473 4491 494 4526 ι

361 4586 382 4620 ι
422 4565 520 4627 Τίς
547 4559 817 4635 ἡτοίμασε
846 4555 1046 4627 κόρακι
1081 4548 1286 4622 βοράνς
1327 4546 1544 4602 νεοσσοὶ
1563 4543 1672 4617 γὰρ
1702 4540 1870 4598 αὐτοῦ

286 4658 429 4731 πρὸς
457 4653 664 4726 Κύριον
697 4649 1046 4720 κεκράγασι,
1093 4642 1467 4713 πλανώμενοι,
1502 4638 1574 4694 τὰ
1615 4641 1738 4692 σῖτα
1781 4637 1878 4706 ζη-

286 4729 533 4814 τόῦντες.
585 4747 650 4801 Ei
698 4744 871 4812 ἔγνως
909 4737 1104 4810 καιρὸν
1140 4733 1369 4790 τοκετοῦ
1396 4731 1748 4804 τραγελάφου
1784 4729 1880 4783 ἐπὶ

289 4845 524 4914 πέτρας,
553 4835 828 4909 ὲφύλαξας
856 4833 915 4887 δὲ
947 4831 1147 4893 ὠδῖνας
1169 4828 1421 4898 ὲλάιρων;
1457 4823 1801 4895 Ἥρίθμησας
1824 4821 1882 4876 δὲ

295 4939 475 5010 μῆνας
501 4931 684 4988 αὐτῶν
707 4930 938 5001 πλήρεις
963 4921 1213 4987 τοκετοῦ,
1237 4921 1437 4983 ὠδῖνας
1460 4917 1519 4971 δὲ
1552 4914 1734 4972 αὐτῶν
1759 4914 1884 4968 ἐλυ-

295 5007 429 5098 σαςς
479 5021 814 5095 Ἐξέθρεψας
841 5019 900 5072 δὲ
945 5014 1126 5070 αὐτῶν
1158 5014 1229 5068 τὰ
1264 5011 1456 5067 παιδία
1496 5009 1628 5065 ἄνευ
1677 5007 1883 5077 φόϐους

295 5127 395 5190 Τίς
415 5125 472 5179 δέ
501 5123 652 5176 ἔστιν
683 5117 714 5170 ὁ
737 5113 899 5184 ἀφεὶς
933 5110 1054 5165 ὄνον
1083 5108 1277 5178 ἄγριόν
1303 5101 1588 5171 ὲλεύθερον
1614 5117 1630 5168 ;
1653 5098 1888 5190 δεσμοὺς

296 5219 355 5274 δὲ
377 5187 547 5272 αὐτοῦ
589 5210 676 5274 τίς
717 5207 940 5270 Ελυσενς
969 5198 1178 5272 ἐθέμην
1208 5196 1281 5277 ,δὲ
1329 5192 1432 5265 τὴν
1456 5191 1666 5246 δίαιταν
1709 5187 1894 5244 αὐτοῦὲ

299 5311 527 5382 ἔρημον.
561 5321 582 5358 ι

379 5521 400 5558 ι
437 5500 546 5556 Ἴθι
577 5496 715 5570 πρὸς
741 5491 1033 5566 μύρμηκα,
1054 5479 1101 5540 ὦ
1122 5481 1346 5553 ὀκνηρὲ,
1373 5477 1472 5533 καὶ
1496 5475 1742 5570 ζήλωσον
1766 5469 1890 5525 ἰδὼν

303 5599 401 5660 τὰς
448 5595 603 5656 ὁδοὺς
663 5587 854 5652 αὐτοῦ,
910 5584 1007 5637 καὶ⁹
1059 5575 1220 5648 γενοῦ
1285 5572 1497 5627 ἐκείνου
1556 5565 1888 5636 σοφώτερος.

315 5657 552 5751 Ἐκεῖνος
595 5684 705 5755 γὰρ
755 5675 1026 5749 γεωργίου
1082 5671 1158 5744 μὴ
1201 5667 1566 5755 ὑπάρχοντος,
1608 5660 1749 5755 μηδὲ
1797 5657 1892 5755 τον

305 5747 686 5852 ἀναγκὰιξοντα
719 5747 885 5843 ἔχων,
916 5765 1053 5838 μηδὲ
1084 5762 1189 5816 ὑπὸ
1221 5757 1491 5852 δεσπότην
1523 5747 1892 5852 tim-statua:

300 5837 458 5944 ζεται
485 5837 674 5944 θέρους
719 5837 819 5930 τήν
846 5837 1075 5929 τροφὴν,
1107 5855 1313 5926 πολλήν
1368 5867 1431 5906 τε
1479 5851 1537 5906 ὲν
1585 5845 1666 5918 τῷ
1697 5841 1871 5916 ἅμητιξ

2000 5846 2156 5914 parat
2187 5837 2402 5903 cibum,

1972 3347 2304 3420 aggreditur,
2351 3353 2451 3400 eta
2488 3345 2598 3400 Deo
2617 3343 2864 3414 incipiat,
2887 3350 2942 3398 et
2961 3343 3016 3396 in
3041 3341 3153 3397 Deo
3182 3341 3342 3396 finem
3373 3340 3561 3396 faciat.

2046 3435 2558 3511 Ejusdem—Fac
2622 3438 2766 3492 Deus
2833 3443 3162 3490 cunctorum
3209 3433 3310 3489 tibi
3337 3431 3564 3488 initium

1975 3549 2038 3588 ac
2065 3532 2192 3588 finis
2219 3532 2310 3586 sit.

1973 3625 2111 3682 Tl’l‘.
2169 3623 2428 3681 ll.—De
2482 3624 2652 3676 brutis
2706 3620 3095 3686 animantibus,
3143 3636 3264 3690 quw
3317 3619 3566 3674 naturali

2299 3695 2565 3766 sapientia
2597 3692 2832 3764 quadam
2860 3701 3054 3745 ornata
3085 3701 3231 3746 sunt.

2045 3789 2147 3847 Job
2169 3806 2360 3854 χχιιι,
2382 3789 2470 3854 19,
2487 3787 2579 3843 29.
2599 3816 2666 3826 —
2686 3806 2704 3839 ‹
2726 3784 3003 3856 Numquid
3025 3793 3081 3839 tu
3109 3784 3564 3855 circumposuisti

1977 3900 2121 3956 equo
2154 3884 2487 3954 potentiam,
2532 3879 2760 3935 induisti
2787 3886 2970 3933 autem
2998 3877 3201 3932 collum
3241 3877 3362 3948 ejus
3401 3877 3568 3931 timo-

1976 3977 2130 4033 rem?
2156 3976 2199 4031 A
2241 3977 2399 4047 longe
2425 3981 2608 4028 autem
2655 3971 2845 4025 olfacit
2875 3969 3106 4024 bellum.
3140 3968 3217 4022 Ex
3262 3978 3354 4023 tua
3385 3969 3570 4024 scien-

1974 4069 2050 4123 tia
2079 4068 2233 4124 stetit
2277 4065 2558 4135 accipiter,
2613 4060 2930 4130 expandens
2971 4059 3088 4113 alas
3123 4057 3568 4122 suasimmotus.

1979 4160 2258 4232 aspiciens
2311 4173 2434 4229 qua:
2479 4156 2548 4212 ad
2583 4164 2832 4210 austrum
2890 4151 3064 4208 sunt?
3100 4149 3298 4205 γυιων
3344 4153 3402 4204 in
3438 4150 3570 4204 nido

1981 4255 2181 4312 sedens
2211 4253 2424 4307 habitat
2459 4250 2513 4305 in
2547 4247 2849 4305 eminentia
2888 4253 3057 4314 petrae
3093 4253 3151 4302 et
3201 4243 3567 4311 abscondito;

1979 4348 2093 4402 illic
2149 4345 2426 4400 exsistens
2477 4341 2676 4414 quaerit
2731 4338 2885 4396 cibos
2918 4336 3024 4394 :de
3049 4339 3207 4408 longe
3244 4336 3393 4391 oculi
3446 4336 3570 4406 ejus

1979 4439 2362 4510 speculantur.
2399 4455 2418 4487 ι

2048 4528 2151 4584 Job
2204 4542 2435 4593 xxxvm,
2469 4527 2534 4593 4;
2567 4509 2760 4587 suis,
2793 4521 2904 4578 1-6.
2948 4551 3020 4566 —-
3056 4538 3075 4573 ι
3105 4518 3238 4586 Quis
3289 4533 3572 4590 pra-para-

1982 4622 2061 4677 vit
2131 4635 2302 4676 corvo
2362 4616 2587 4674 escam?
2617 4615 2752 4687 pulli
2809 4614 2958 4670 enint
2993 4613 3144 4668 illius
3172 4610 3240 4665 ad
3280 4610 3569 4664 Dominum

1984 4715 2382 4778 clamaverunt,
2443 4717 2728 4780 vagantes,
2764 4707 2924 4764 cibos
2959 4711 3292 4778 quaerentes.
3332 4700 3388 4756 Si
3423 4703 3568 4757 nosti

1986 4815 2205 4877 tempus
2222 4813 2414 4876 partus
2436 4817 2613 4874 capra:
2635 4801 2906 4858 silvestris
2930 4800 2983 4854 in
3005 4807 3159 4869 petra
3185 4805 3239 4850 et
3255 4795 3570 4850 observasti

1988 4898 2210 4955 dolores
2263 4904 2458 4969 partus
2488 4892 2815 4950 cervarum?
2870 4887 3180 4946 Nmnerasti
3213 4901 3432 4942 menses
3478 4900 3572 4940 ea-

1989 5008 2114 5048 rum
2147 4993 2338 5063 plenos
2368 4999 2567 5062 partu;
2603 4989 2826 5045 dolores
2847 4995 3030 5041 autem
3063 4997 3255 5038 earum
3313 4980 3577 5036 solvisti?

1989 5083 2263 5139 Enutristi
2305 5083 2448 5139 fetus
2476 5097 2666 5139 earum
2698 5087 2857 5135 extra
2889 5078 3174 5132 timorem.
3207 5068 3342 5142 Quis
3367 5082 3452 5129 est
3476 5076 3577 5145 qui

1991 5174 2209 5232 dimisit
2266 5189 2536 5245 onagrum
2597 5172 2876 5236 liberum;
2932 5167 3157 5221 vincula
3225 5175 3408 5221 autem
3454 5165 3580 5234 ejus

1991 5268 2120 5341 quis
2187 5267 2391 5323 solvit?
2431 5264 2592 5338 posui
2657 5271 2839 5319 autem
2893 5259 3272 5316 habitaculum
3330 5257 3452 5328 ejus
3477 5257 3580 5312 de-

1992 5377 2228 5433 sertum,
2254 5384 2274 5418 ι
2307 5371 2417 5418 etc.

2065 5459 2228 5516 Prov.
2273 5474 2336 5526 ιι,
2368 5455 2420 5510 6.
2456 5470 2598 5524 seqq.
2631 5482 2702 5492 —
2750 5468 2768 5502 ι
2797 5446 2951 5505 Vade
2972 5445 3040 5501 ad
3082 5443 3390 5505 formicam,
3441 5456 3475 5496 o
3507 5443 3586 5512 pi-

1995 5575 2114 5633 ger,
2152 5567 2208 5614 et
2239 5555 2497 5612 aenmlare
2535 5549 2729 5606 videns
2786 5547 2905 5601 vias
2933 5544 3077 5614 ejus,
3133 5550 3187 5596 et
3224 5547 3342 5595 esto
3375 5537 3467 5592 illa
3494 5554 3586 5594 sa-

1995 5632 2257 5725 pientior.
2299 5645 2426 5701 Haac
2473 5643 2620 5700 enim
2669 5655 2794 5696 cum
2847 5651 3040 5692 arvum
3075 5649 3184 5688 non
3220 5632 3439 5694 habeat,
3483 5645 3586 5684 nec

1995 5750 2091 5821 qui
2145 5747 2320 5816 ipsam
2383 5743 2566 5808 cogat,
2633 5747 2812 5804 neque
2842 5731 2946 5787 sub
3011 5725 3243 5784 domino
3273 5725 3365 5786 sit,
3394 5731 3588 5778 aestate

2448 5837 2504 5889 et
2532 5826 2764 5884 multam
2787 5823 2845 5880 in
2898 5837 3080 5880 messe
3113 5818 3244 5875 facit
3289 5829 3588 5887 compara-
