4028 6396
489 385 623 455 1571

1613 399 1615 405 ‘
1682 385 1741 444 S.
1777 382 2099 448 JOANNIS
2137 382 2571 454 DAMASCENI

3631 409 3769 477 1572

486 500 714 554 tionem.
765 495 874 549 Aut
906 492 1041 549 vade
1080 491 1148 548 ad
1181 507 1362 564 apem,
1399 500 1455 547 et
1484 491 1610 548 vide
1644 494 1907 562 quoniam
1933 505 2057 560 ope-

2168 496 2407 593 ποιεῖται
2433 501 2532 572 τὴν
2553 505 2876 574 παράθεσιν.
2910 510 2984 564 ’Ἦ
3017 514 3314 588 πορεύθητι
3350 518 3487 590 πρὸς
3528 524 3630 592 τὴν
3661 524 3764 593 μέ-

486 609 626 648 rana
669 600 774 655 est,
805 605 1084 661 quamque
1134 589 1512 660 operationem
1553 603 1710 644 suam
1745 586 2066 658 praeclaram

486 686 667 741 faciat.
726 684 898 753 Cujus
961 683 1178 738 labores
1231 697 1391 753 reges
1438 689 1494 738 et
1547 681 1746 751 privati
1815 677 2068 734 sanitatis

483 790 652 832 causa
703 784 1015 830 assumunt.
1047 772 1442 829 Desiderabilis
1481 787 1614 827 vero
1666 771 1930 826 omnibus
1953 780 2062 833 cSt,

482 880 536 923 et
595 865 861 940 gloriosa,
924 865 1148 922 tametsi
1215 862 1422 934 alioqui
1512 862 1724 920 viribus
1776 859 2067 918 imbecillis

483 961 574 1016 sit.

554 1053 716 1111 Prov.
734 1072 868 1119 xxx,
885 1053 956 1110 ει
973 1071 1183 1125 seqq.-—
1197 1073 1213 1105 ι
1227 1052 1473 1120 Quatuor
1485 1058 1618 1109 sunt
1639 1050 1865 1108 minima
1882 1059 2065 1121 terrae,

481 1159 536 1203 et
567 1150 684 1220 ipsa
725 1157 856 1203 sunt
886 1147 1226 1218 sapientiora
1258 1145 1604 1218 sapientibus
1636 1161 1650 1200 :
1684 1144 1932 1201 formicae
1965 1159 2067 1217 po-

483 1241 650 1310 pulus
683 1237 957 1302 infirmus,
991 1248 1045 1294 et
1103 1247 1374 1308 prteparat
1429 1239 1484 1291 in
1525 1245 1716 1292 aestate
1750 1236 1932 1292 cibum
1967 1254 1984 1292 :
2014 1246 2068 1292 et

481 1330 841 1401 choerogrylli
881 1328 1122 1400 populus
1152 1327 1455 1392 invalidus,
1487 1327 1584 1397 qui
1615 1327 1862 1383 fecerunt
1888 1326 1942 1380 in
1970 1340 2067 1396 pe-

481 1423 587 1477 tris
655 1421 848 1476 domos
894 1435 1050 1475 suas.
1108 1418 1308 1489 Regem
1366 1420 1582 1475 locusta
1638 1433 1750 1472 non
1795 1418 1980 1484 habet,
2014 1425 2067 1472 et

479 1514 766 1567 turmatim
825 1511 1106 1581 egreditur
1136 1511 1204 1565 ad
1252 1511 1556 1580 iussionem
1595 1525 1762 1565 unam
1791 1527 1806 1577 ;
1834 1518 1892 1565 et
1919 1510 2067 1564 cala-

479 1606 637 1660 botes
670 1605 924 1660 manibus
953 1605 1172 1667 nititur,
1215 1619 1279 1658 ac
1311 1601 1471 1658 facile
1528 1603 1769 1672 capitur,
1799 1609 1855 1657 et
1881 1611 2065 1656 tamen

477 1697 779 1778 habitatis:
829 1695 1234 1750 munitionibus
1288 1709 1503 1765 regum.
1559 1692 1694 1748 Tria
1757 1699 1889 1750 sunt
1945 1709 2068 1763 qua:

476 1791 618 1845 bene
638 1788 987 1859 gradiuntur,
1015 1797 1070 1842 et
1125 1795 1386 1858 quartum
1424 1785 1570 1856 quod
1602 1795 1751 1842 recte
1781 1786 2061 1841 ambulat:

2168 585 2381 684 λισσαν,
2416 593 2512 684 καὶ
2541 595 2681 664 μάθε
2708 598 2789 684 δτι
2817 601 3043 671 ἐργάτις
3073 607 3190 659 ἐστί
3214 585 3356 681 ’.τὴν
3388 585 3447 664 δὲ
3495 585 3767 684 ἐργασίαν

2167 677 2244 742 ὡς
2275 681 2481 753 σεμνὴν
2511 688 2674 742 ποιεῖ.
2705 681 2816 754 της
2836 692 2966 756 τοὺς
2993 695 3192 761 πόνους
3219 677 3466 769 βασιλεῖς
3491 677 3588 757 καί
3623 706 3767 759 ἰδιῶ-

2166 787 2256 864 ται
2287 773 2422 842 πρὸς
2440 775 2633 843 ὑγείαν
2659 782 3087 855 προσφέρονται.
3110 790 3344 864 Ποθεινὴ
3367 793 3426 847 δέ
3453 795 3571 850 ἐστι
3601 797 3762 860 πᾶσι,

2167 863 2264 918 καὶ
2301 864 2570 937 ἐπίδοξος,
2614 871 2818 948 καίπερ
2848 871 2984 932 οὖσα
3012 879 3070 933 ὲν
3101 880 3264 955 ῥώμῃ
3301 863 3559 958 ἀσθενής.
3591 905 3611 940 ι

2245 1069 2263 1103 ι
2299 1049 2558 1124 Τέσσαρά
2585 1053 2735 1109 ἐστιν
2767 1055 3030 1128 ἐλάχιστα
3074 1060 3168 1115 ἐπὶ
3190 1062 3291 1134 τῆς
3320 1063 3426 1135 γῆς
3445 1081 3458 1095 ·
3482 1065 3660 1122 ταῦτα
3704 1069 3763 1122 δέ

2167 1142 2285 1195 ἐστι
2309 1142 2593 1218 σοφώτερα
2611 1147 2723 1201 τῶν
2743 1149 2926 1218 σοφῶν
2945 1167 2958 1182 ο
2983 1152 3032 1205 οἰ
3061 1151 3373 1225 μύρμηκες,
3403 1150 3486 1222 οἷς
3512 1159 3588 1230 μή
3613 1160 3762 1213 ἐστιν

2170 1233 2358 1304 ἰσχὺς,
2393 1237 2489 1290 καὶ
2535 1239 2884 1309 ἑτοιμάζεται
2918 1242 3114 1314 θέρους
3151 1245 3250 1315 τὴν
3287 1249 3498 1320 τροφήν
3520 1266 3534 1280 ·
3583 1251 3679 1304 καὶ
3711 1255 3760 1305 οἰ

2166 1327 2544 1398 χοιρόγρυλλοι
2574 1330 2725 1395 ἔθνος
2755 1334 2855 1386 οὑκ
2879 1335 3120 1408 ἰσχυρὸν,
3147 1337 3194 1392 οἳ
3213 1340 3542 1411 ἐποιήσαντο
3562 1342 3623 1394 ὲν
3655 1343 3761 1396 πέ-

2166 1436 2327 1491 τραις
2373 1422 2500 1487 τοὺς
2557 1424 2770 1480 ἑαυτῶν
2818 1427 3024 1491 οἴκους.
3101 1430 3487 1498 Ἀϐασίλευτός
3537 1436 3690 1488 ἐστιν
3723 1439 3757 1506 ἡ

2165 1510 2349 1582 ἁκρὶς,
2373 1515 2729 1585 ὲκστρατεύει
2755 1519 2848 1589 ἀφ’
2873 1521 2993 1586 ἐνὸς
3022 1523 3398 1594 κελεύσματος
3417 1543 3432 1558 ·
3465 1529 3562 1581 καὶ
3594 1529 3756 1583 καλαε

2167 1603 2349 1677 ϐὡτης
2368 1610 2556 1679 χερσὶν
2583 1611 2948 1685 ἐρειδόμενος,
2983 1615 3079 1670 καί⁵
3121 1616 3394 1683 εὐάλωτος
3422 1618 3532 1686 ὢν,
3573 1639 3759 1676 κατοι-

2167 1700 2254 1751 κεῖ
2282 1702 2338 1753 ὲν
2385 1701 2708 1774 ὀχυρώμασι
2763 1690 3050 1778 βασιλέων.
3109 1711 3250 1782 Τρία
3298 1711 3450 1766 ὲστίν
3479 1711 3515 1766 ἃ
3553 1715 3759 1778 εὺόδως

2171 1791 2513 1864 πορεύονται,
2571 1797 2666 1850 καὶ
2713 1797 2775 1850 τὸ
2819 1796 3082 1870 τέταρτον
3141 1799 3170 1855 δ
3220 1802 3402 1867 καλῶς
3452 1803 3755 1858 διαϐαίνει·

481 1884 699 1940 catulus
734 1884 908 1939 leonis
933 1881 1130 1937 fortior
1160 1881 1380 1945 bestiis,
1431 1880 1526 1951 qui
1563 1895 1671 1935 non
1730 1888 2057 1945 revertetur,

2169 1882 2408 1954 σκύμνος
2448 1886 2666 1953 λέοντος
2709 1857 3054 1962 ἰσχυρότερος
3101 1893 3338 1965 κτηνῶν,
3379 1895 3439 1959 ὃς
3484 1897 3586 1950 οὑκ
3618 1898 3759 1950 άπο-

481 1991 662 2046 ncque
697 1975 914 2046 pavebit
934 1974 1210 2039 belluam;
1252 1980 1309 2027 et
1333 1971 1511 2042 gallus
1541 1972 1633 2042 qui
1659 1971 1800 2027 inter
1832 1971 2065 2028 feminas

479 2068 724 2128 ambulat
756 2069 962 2132 alacer,
995 2081 1059 2123 ac
1101 2065 1293 2124 haedus
1343 2065 1454 2122 dux
1489 2065 1692 2137 gregis.
1731 2083 1750 2118 ι

559 2254 618 2312 S.
668 2252 837 2310 Rasil.
898 2251 1084 2307 homil.
1115 2265 1145 2304 ν
1177 2250 1233 2304 in
1264 2248 1523 2303 Hexaem.
1569 2278 1639 2288 —
1665 2245 1860 2302 Cicuta
1890 2241 2064 2299 sturni

473 2355 798 2408 vescuntur,
850 2350 906 2397 et
939 2341 1010 2396 ob
1035 2347 1373 2396 structuram
1426 2337 1510 2393 sui
1554 2336 1829 2406 corporis,
1879 2333 2065 2404 perni-

475 2437 615 2491 ciem
665 2449 786 2489 eam
821 2447 944 2504 qua:
983 2447 1047 2488 ex
1083 2443 1298 2486 veneno
1356 2435 1734 2497 comparatur,
1771 2426 2060 2496 effugiunt.

476 2528 612 2583 Nam
669 2526 797 2597 quia
830 2534 1023 2581 tenues
1065 2524 1269 2578 habent
1299 2520 1357 2576 in
1390 2519 1559 2575 corde
1595 2527 1834 2582 meatus,
1898 2518 2057 2588 prius

477 2620 530 2676 id
567 2620 716 2691 quod
767 2627 1060 2674 vorarunt.
1101 2615 1426 2678 conﬁciunt,
1470 2628 1635 2684 quam
1670 2610 1942 2683 frigiditas
1991 2609 2060 2664 ad

474 2713 664 2768 vitalia
691 2718 958 2782 penetret.
992 2708 1308 2764 Elleborum
1352 2713 1538 2760 autem
1574 2703 1928 2758 coturnicum
1955 2702 2061 2756 ali-

475 2801 658 2856 monia
681 2809 785 2865 est,
812 2811 873 2854 ut
899 2815 1020 2870 qua:
1045 2796 1455 2868 temperamenti
1481 2796 1565 2852 sui
1592 2794 1952 2865 proprietate,
1974 2796 2062 2849 ni-

473 2893 552 2947 hil
577 2894 702 2948 hinc
732 2891 1052 2948 detrimenti
1092 2889 1447 2946 contrahant.
1489 2886 1633 2954 Quin
1685 2886 1801 2941 haec
1839 2899 2060 2955 quoque

475 2986 596 3057 ipsa
627 2984 791 3040 nobis
824 2983 1100 3040 interdum
1139 2982 1263 3038 usui
1300 2989 1451 3036 sunt.

549 3077 751 3132 "omit.
784 3077 837 3129 7.
865 3107 936 3118 ——
970 3075 1190 3146 Vipera,
1226 3075 1505 3146 reptilium
1538 3074 1785 3130 omnium
1820 3072 2057 3128 atrocis-

473 3169 701 3235 simum,
734 3167 799 3221 ad
830 3182 1087 3222 murteum
1106 3169 1336 3222 marinae
1382 3166 1720 3221 counubium
1787 3165 2052 3229 occurrit,

475 3269 645 3329 atque
683 3259 848 3314 sibilo
885 3258 1122 3329 quodam
1150 3257 1500 3327 praesentiam
1526 3271 1681 3314 suam
1713 3255 2054 3326 significans,

472 3351 544 3406 ab
579 3351 708 3408 imis
750 3367 871 3407 eam
926 3350 1237 3421 gurgitibus
1265 3349 1333 3405 ad
1392 3363 1681 3405 venereum
1711 3347 2054 3418 complexum

473 3451 654 3502 vocat.
719 3442 818 3499 Illa
851 3452 1033 3498 autem
1092 3456 1300 3497 morem
1341 3442 1500 3512 gerit,
1532 3449 1730 3497 etcum
1777 3451 2056 3494 venenosa

471 3536 758 3591 animante
785 3535 1100 3606 copulatur.

547 3626 689 3681 Ibid.
725 3658 795 3667 —
827 3625 970 3680 Sunt
1000 3624 1165 3680 etiam
1195 3623 1448 3678 nonnulli
1478 3623 1660 3693 pisces
1691 3621 1784 3692 qui
1815 3617 2059 3691 peregri-

448 3727 701 3792 nantur,
751 3718 916 3789 526
943 3724 997 3772 et
1018 3717 1172 3771 velut
1222 3714 1505 3769 communi
1539 3713 1779 3784 quodam
1836 3713 2058 3767 decreto

473 3811 528 3865 in
567 3821 787 3866 exteras
851 3806 1106 3877 regiones
1135 3805 1317 3868 missi,
1347 3819 1414 3860 ex
1443 3819 1554 3860 uno
1583 3804 1842 3859 condicto
1871 3802 2056 3858 cuncti

474 3902 639 3960 simul
674 3899 1125 3972 proﬁciscuntur.
1166 3895 1304 3978 (lum
1334 3897 1480 3951 enim
1510 3903 1723 3952 certum
1761 3902 1817 3950 et
1849 3895 2056 3950 consti-

471 4005 648 4052 tutum
672 3992 916 4065 pariendi
941 3999 1153 4060 tempus
1178 3988 1483 4059 appetierit,
1503 3988 1591 4042 alii
1615 4003 1679 4044 ex
1696 3987 1816 4042 aliis
1841 3987 2057 4043 sinibus

470 4091 836 4160 emigrantes,
901 4085 1184 4141 communi
1235 4083 1448 4138 scilicet
1495 4081 1615 4151 lege
1675 4080 1926 4146 excitati,
1986 4080 2055 4134 ad

472 4183 709 4237 Boreum
746 4194 897 4234 mare
923 4177 1285 4233 contendunt.
1332 4174 1544 4246 Aequo
1578 4183 1826 4245 tempore
1860 4187 2056 4229 ascen-

470 4277 629 4338 dunt,
663 4275 844 4344 pisces
868 4271 1056 4326 videas
1106 4268 1368 4325 torrentis
1400 4267 1578 4322 instar
1611 4258 1802 4321 unitos
1826 4265 2053 4336 conglo-

471 4366 743 4435 batosque
767 4379 796 4416 a
821 4361 1157 4433 Propontide
1191 4360 1259 4414 ad
1289 4358 1564 4414 Euxinum
1580 4371 1730 4412 mare
1751 4355 2050 4411 conﬂuere.

471 4458 606 4525 Quis
660 4469 824 4526 porro
874 4469 970 4509 eos
1013 4450 1290 4524 impellit?
1327 4449 1475 4519 quod
1505 4446 1862 4518 imperatoris
1901 4461 2053 4501 man-

2168 1975 2481 2046 στρέφεται,
2505 1978 2627 2032 οὑδὲ
2656 1981 3005 2054 καταπτήσει
3034 1983 3267 2053 κτῆνος,
3299 1985 3396 2040 καὶ
3433 1986 3758 2058 ἀλεκτρυὼν

2166 2068 2564 2138 ἐμπεριπατῶν
2587 2071 2645 2125 ὲν
2673 2070 2920 2142 θηλείαις
2952 2073 3211 2146 εὑψυχος,
3241 2076 3336 2131 καὶ
3366 2077 3568 2148 τράγος
3589 2078 3759 2149 ἡγού-

2169 2175 2332 2228 μενος
2357 2161 2625 2215 αἰπολίου.
2664 2179 2682 2212 ι

2238 2249 2310 2302 Τὸ
2340 2249 2565 2306 κώνειον
2616 2254 2666 2306 οἰ
2720 2253 2899 2326 ψάρες
2943 2256 3265 2326 βόσκονται,
3302 2259 3391 2313 διὰ
3431 2260 3532 2333 τὴν
3582 2279 3757 2317 κατα-

2169 2343 2372 2415 σκευὴν
2401 2345 2496 2398 τοῦ
2531 2346 2784 2418 σώματος
2803 2348 2905 2420 τὴν
2926 2351 2990 2403 ὲκ
3018 2350 3115 2404 τοῦ
3160 2351 3493 2425 δηλητηρίου
3544 2355 3758 2427 βλάϐην

2165 2434 2674 2507 ἀποδιδράσκοντες.
2723 2441 2970 2506 Λεπτοὺς
2996 2444 3105 2513 γάρ
3135 2444 3346 2516 ἔχοντες
3374 2448 3501 2512 τοὺς
3532 2450 3625 2503 ἐπὶ
3654 2450 3757 2522 τὴν

2164 2527 2395 2598 καρδίαν
2431 2529 2634 2602 πόρους
2656 2571 2670 2596 ,
2709 2533 3008 2602 φθάνουσιν
3047 2537 3462 2608 ἐκπέμψασθαι.
3499 2541 3756 2594 Ἑλλέϐο-

2165 2633 2260 2689 ρος
2294 2616 2351 2671 δὲ
2379 2618 2628 2691 ὀρτύγων
2678 2622 2797 2676 ἐστὶ
2842 2625 3039 2698 τροφὴ,
3092 2627 3317 2698 ἰδιότητι
3370 2629 3626 2702 κράσεως
3649 2632 3757 2702 τὴν

2166 2710 2372 2784 βλάϐην
2393 2714 2835 2784 ἀποφευγόντων.
2851 2719 3023 2774 Ἐστι
3043 2721 3101 2776 δὲ
3129 2723 3269 2778 αὑτὰ
3295 2724 3467 2780 ταῦτα
3489 2727 3548 2781 ὲν
3573 2727 3758 2800 καιρῷ

2166 2821 2298 2859 ποτε
2327 2808 2424 2862 καὶ
2450 2808 2580 2879 ἡμῖν
2612 2810 2878 2883 χρήσιμα.

2238 3074 2460 3144 Ἔχιδνα
2492 3077 2553 3131 τὸ
2572 3079 2962 3149 χαλεπώτατον
2993 3082 3104 3136 τῶν
3133 3085 3379 3157 ἑρπετῶν
3405 3087 3542 3159 πρὸς
3571 3087 3758 3158 γάμον

2162 3165 2378 3240 ἀπαντᾷ
2409 3170 2509 3240 τῆς
2541 3171 2844 3238 θαλασσίας
2893 3175 3185 3249 μυραίνης,
3227 3179 3324 3231 καὶ
3365 3181 3623 3252 συριγμῷ
3649 3183 3757 3252 τὴν

2162 3260 2470 3330 παρουσίαν
2499 3265 2820 3336 σημήνασα,
2849 3268 3161 3363 ἐκκαλεῖται
3208 3272 3380 3342 αὑτὴν
3414 3274 3478 3326 ὲκ
3499 3273 3606 3328 τῶν
3651 3274 3753 3344 βυ-

2161 3351 2269 3405 θῶν
2298 3352 2435 3423 πρὺς
2467 3357 2714 3426 γαμικὴν
2755 3351 3099 3433 συμπλοκήν.
3143 3363 3207 3417 Ἦ
3236 3364 3294 3417 δὲ
3320 3365 3612 3433 ὑπακούει,
3655 3367 3757 3421 καὶ

2158 3443 2379 3500 ἑνοῦται
2404 3445 2482 3519 τῷ
2518 3448 2728 3521 ίοϐόλῳ.

2233 3620 2390 3684 Τινὲς
2405 3623 2578 3692 ἁποδη
2587 3625 2808 3695 μητικοί
2826 3626 2934 3681 τῶν
2967 3626 3186 3697 ἰχθύων,
3221 3629 3415 3704 ὥσπερ
3437 3632 3544 3686 ἀπο
3566 3636 3752 3690 κοινοῦ

2160 3709 2548 3785 βουλευτηρίου
2583 3716 2721 3788 πρὸς
2765 3717 2866 3790 τὴν
2913 3721 3215 3794 ὑπερορίαν
3263 3724 3630 3796 στελλόμενοι,
3655 3728 3753 3796 ὑφ’

2159 3806 2240 3858 ἐνὶ
2259 3806 2565 3878 συνθήματι
2587 3809 2790 3874 πάντες
2815 3812 3169 3884 ἀπαίρουσιν.
3217 3816 3474 3872 Ἐπειδὰν
3495 3820 3525 3872 ὀ
3555 3837 3754 3888 τεταγ-

2163 3897 2326 3967 μένος
2354 3899 2544 3970 καιρὺς
2565 3901 2668 3971 τῆς
2685 3903 2937 3974 κυήσεως
2967 3906 3291 3975 καταλάϐοι,
3306 3910 3458 3965 ἄλλοι
3479 3912 3752 3979 αἰγιαλῶν

2159 3987 2376 4043 κόλπων
2421 3993 2789 4060 μεταστάντες
2815 4036 2829 4060 ,
2883 3996 2964 4068 τῷ
3012 3999 3178 4069 κοινῷ
3207 4000 3308 4071 τῆς
3345 4002 3562 4071 φύσεως
3592 4004 3750 4076 νόμῳ

2157 4079 2530 4150 διεγερθέντες
2562 4084 2654 4138 ἐπὶ
2679 4083 2777 4156 τὴν
2812 4085 3062 4160 βορεινὴν
3091 4091 3406 4161 ἐπείγονται
3426 4093 3745 4149 θάλασσαν.

2157 4172 2267 4226 Καὶ
2316 4173 2446 4237 ἴδοις
2487 4175 2553 4229 ἂν
2580 4178 2723 4232 κατὰ
2766 4179 2859 4233 τὸν
2885 4183 3075 4253 καιρὸν
3103 4183 3205 4254 τῆς
3234 4185 3444 4252 ἀνόδου,
3471 4187 3668 4260 ῶσπερ
3693 4204 3750 4242 τι

2158 4262 2355 4334 ῥεῦμα,
2401 4266 2530 4330 τοὺς
2559 4267 2748 4337 ἰχθύας
2781 4272 3119 4343 ἡνωμένους,
3151 4277 3248 4330 καὶ
3277 4279 3342 4331 ὲκ
3362 4279 3463 4349 τῆς
3498 4280 3750 4352 Προπον-

2153 4356 2298 4420 τίδος
2325 4359 2417 4412 ἐπὶ
2443 4360 2534 4413 τὸν
2560 4360 2815 4426 Εὔξεινον
2852 4366 3096 4434 ῥέοντας.
3146 4368 3244 4432 Τίς
3277 4369 3306 4421 ὀ
3345 4371 3539 4438 κινῶν;
3591 4375 3748 4428 ποῖον

2155 4449 2485 4520 πρόσταγμα
2517 4451 2811 4521 βασιλέωςς
2843 4460 2970 4511 ποῖα
2995 4458 3344 4530 διατάγματα
3378 4465 3501 4516 κατ’
3530 4466 3748 4536 ἀγοράν

469 4549 701 4604 datum?
741 4558 999 4616 quaenam
1049 4543 1231 4598 edicta
1256 4541 1310 4594 in
1358 4539 1477 4594 foro
1499 4552 1742 4606 expansa
1773 4537 2050 4608 praestitu-

2165 4539 2456 4638 ηπλωμένα
2499 4543 2682 4638 δηλοί;
2738 4549 2788 4600 οἰ
2836 4545 3192 4618 ξεναγοῦντες
3232 4553 3414 4622 τίνεςς
3463 4555 3598 4627 ὁρᾷς
3641 4559 3748 4629 τὴν

469 4651 584 4694 tum
627 4645 844 4706 tempus
877 4630 1228 4704 significant?
1257 4629 1485 4699 quinam
1528 4628 1665 4698 ipsis
1697 4637 1829 4683 sunt
1878 4627 2051 4684 duces

469 4729 719 4788 itineris?
743 4726 984 4782 Videsne
1013 4720 1475 4794 quemadmodum
1508 4719 1694 4775 divina
1726 4720 2053 4776 constitutio

466 4823 648 4878 oumia
701 4821 950 4891 impleat,
1005 4827 1060 4874 et
1090 4819 1175 4873 vel
1235 4831 1412 4887 usque
1461 4813 1531 4870 ad
1561 4815 1786 4870 minima
1817 4832 2053 4888 quaeque

468 4914 779 4990 pertineat?
828 4912 1005 4969 Piscis
1056 4909 1161 4981 legi
1191 4909 1288 4964 Dei
1349 4921 1460 4962 non
1491 4908 1834 4978 reluctatur;
1871 4917 1926 4966 et
1947 4923 2051 4965 nos

469 5004 718 5062 homines
752 5001 1093 5059 salutaribus
1114 4999 1353 5056 decretis
1382 4999 1763 5070 obtemperare
1791 5017 1901 5056 non
1929 5017 2053 5057 sus-

467 5101 730 5154 tinemus.
795 5098 877 5156 Ne
907 5099 1015 5154 hoc
1071 5094 1296 5152 nomine
1324 5093 1504 5163 pisces
1551 5104 1895 5160 contemnas,
1921 5096 2050 5166 quia

465 5190 700 5248 rationis
726 5198 782 5247 et
825 5191 980 5246 vocis
1009 5205 1114 5244 usu
1144 5195 1335 5244 carent
1362 5201 1377 5240 :
1404 5202 1596 5243 verum
1652 5196 1837 5243 metue
1873 5203 1939 5242 ue
1961 5188 2048 5243 bis

464 5299 686 5355 quoque
723 5299 753 5338 a
776 5285 992 5339 ratione
1050 5283 1284 5339 alienior
1340 5280 1601 5345 exsistas,
1629 5280 1723 5350 qui
1763 5280 2048 5336 Creatoris

460 5376 810 5446 jussiouibus
870 5374 1207 5432 adversaris.
1263 5371 1408 5426 Audi
1454 5373 1657 5441 pisces,
1717 5387 1828 5426 non
1878 5386 2047 5429 voces

465 5468 865 5534 tantummodo,
906 5468 999 5522 sed
1049 5467 1222 5538 gestis
1247 5465 1620 5529 declarantes,
1675 5465 2045 5520 conservandi

464 5563 685 5634 generis
717 5577 884 5618 causa
932 5562 1150 5633 longam
1201 5559 1344 5613 hanc
1378 5557 1889 5629 peregrinationem
1915 5574 1945 5613 a
1987 5574 2047 5614 se

463 5655 692 5727 suscipi.
723 5655 949 5727 Propria
974 5652 1197 5725 quidem
1227 5665 1332 5705 vox
1364 5650 1501 5720 ipsis
1527 5650 1712 5718 deest;
1747 5658 1804 5705 at
1836 5660 2047 5707 natura:

460 5749 635 5819 legem
695 5747 924 5802 firmiter
976 5747 1199 5800 inllxam
1253 5742 1476 5807 habent,
1539 5756 1664 5810 qua:
1720 5743 2046 5812 praescribat

459 5841 591 5912 quid
643 5841 912 5912 agendum
969 5840 1062 5896 sit.
1095 5835 1316 5903 Eamus,
1348 5833 1656 5906 .inquiunt,
1704 5835 1773 5892 ad
1810 5837 2042 5894 Boreum

2154 4631 2310 4687 θείαν
2357 4633 2602 4700 διάταξιν
2648 4639 2831 4695 πάντα
2869 4641 3208 4712 πληροῦσαν,
3244 4649 3339 4701 καὶ
3359 4649 3449 4702 διὰ
3477 4649 3589 4704 τῶν
3617 4669 3748 4722 σμι-

2155 4727 2438 4816 κροτάτων
2493 4728 2827 4800 διήκουσαν;
2897 4734 3050 4806 ἰχθὺς
3107 4738 3210 4792 οὑκ
3253 4741 3530 4812 ἀντιλέγει
3589 4746 3746 4816 νόμῳ

2151 4815 2290 4870 Θεοῦ
2309 4859 2324 4883 ,
2351 4821 2444 4872 καὶ
2471 4821 2750 4892 ἄνθρωποι
2778 4829 3069 4898 σωτηρίων
3104 4829 3397 4902 δογμάτων
3429 4835 3532 4890 οὑκ
3550 4815 3744 4909 ἀνεχόέ

2157 4909 2330 4980 μεθα;
2357 4913 2436 4985 μὴ
2467 4919 2802 4987 καταφρόνει
2829 4919 2937 4973 τῶν
2968 4921 3191 4992 ἰχθύων,
3227 4925 3416 4998 ἐπειδὴ
3443 4927 3616 4997 ἄλογα
3646 4932 3742 4984 καὶ

2151 5004 2346 5073 ἄφωνα
2380 5009 2662 5073 παντελῶς
2681 5023 2697 5040 ⁶
2729 5010 2867 5066 ἀλλὰ
2895 5012 3086 5082 φοϐοῦ,
3126 5016 3202 5088 μὴ
3241 5018 3337 5072 καὶ
3369 5020 3580 5074 τούτων
3615 5023 3743 5076 ἀλοο

2151 5094 2291 5164 γώτε
2299 5113 2394 5168 ρος
2419 5093 2508 5169 ᾖς,
2529 5102 2595 5171 τῇ
2624 5101 2865 5168 διατάξει
2885 5104 2981 5158 τοῦ
2999 5106 3302 5172 Κτίσαντος
3321 5111 3737 5183 ἀντιστάμενος.

2153 5188 2355 5274 ἶᾋκουε
2387 5190 2499 5244 τῶν
2526 5191 2743 5262 ἰχθύων,
2787 5200 3076 5270 μονονουχὶ
3105 5202 3291 5273 φωνὴν
3339 5203 3631 5274 ἀφιέντων,
3670 5208 3740 5261 δι’

2147 5271 2224 5333 ὧν
2253 5280 2522 5348 ποιοῦσιν,
2545 5284 2628 5337 ὅτι
2649 5287 2728 5349 εἰς
2748 5287 3010 5361 διαμονὴν
3033 5291 3128 5344 τοῦ
3155 5293 3367 5362 γένους,
3391 5295 3490 5367 τὴν
3516 5300 3737 5370 μακρὰν

2145 5372 2355 5443 ταύτην
2387 5375 2700 5446 ἀποδημίαν
2746 5379 3099 5453 στελλόμεθα.
3155 5385 3272 5441 Οὑκ
3334 5388 3552 5460 ἔχουσιν
3605 5393 3736 5447 ἴδιον

2145 5462 2327 5533 λόγον,
2361 5465 2478 5519 ἀλλ’
2525 5467 2710 5538 ἔχουσι
2753 5471 2845 5525 τὸν
2872 5473 2974 5542 τῆς
3023 5476 3238 5542 φύσεως
3282 5479 3448 5550 νόμον
3497 5483 3737 5554 ἰσχυρῶς

2145 5555 2521 5628 ἐνιδρυμένον,
2549 5560 2645 5614 καὶ
2668 5562 2729 5615 τὸ
2750 5564 3026 5634 πρακτέον
3051 5567 3463 5627 ὑποδεικνύντα.
3496 5575 3736 5630 Βαδίσω-

2149 5666 2272 5720 μεν,
2316 5652 2519 5723 φησὶν,
2566 5654 2661 5707 ἐπὶ
2697 5654 2760 5709 τό
2799 5657 3042 5728 βορεινὺν
3089 5661 3344 5732 πέλαγος.
3395 5665 3734 5738 Γλυκύτερον

2147 5742 2255 5813 γὰρ
2282 5743 2382 5814 τῆς
2414 5744 2608 5816 λοιπῆς
2656 5748 2938 5820 θαλάσσης
2973 5752 3151 5808 ἐκεῖνο
3178 5755 3237 5810 τὸ
3275 5756 3440 5830 ὕδωρ,
3475 5760 3612 5813 διότι
3648 5764 3718 5814 ἐπ

2145 5837 2345 5907 ὀλίγων
2376 5839 2516 5912 αὐτῇ
2544 5841 2984 5914 προσδιατρίϐων
3021 5847 3050 5899 ό
3076 5846 3259 5918 ἥλιος,
3295 5849 3397 5903 οὐκ
3427 5849 3615 5920 ἐξάγει
3641 5854 3737 5906 αὺ-
