4028 6402
374 407 511 471 1573

1706 393 1947 458 SACRA
1983 393 2455 458 PARALLELA.

3509 384 3649 454 ιδτι

372 519 467 590 τῆς
495 516 617 571 ὅλον
643 514 734 571 διὰ
759 515 860 585 τῆς
895 512 1116 576 ἀκτῖνος
1140 510 1199 563 τδ
1234 508 1487 581 πότιμον.
1523 506 1720 578 Χαίρει
1752 503 1810 558 δὲ
1840 505 1954 568 τοῖς

2064 503 2306 575 pelagus.
2370 499 2596 556 Dulcior
2671 496 2874 573 quippe
2929 510 3072 568 aqua
3125 495 3232 552 ista
3286 502 3371 552 cst
3430 495 3650 568 reliquo

376 611 597 682 γλυκέσι
650 609 746 664 καὶ
795 609 865 663 τὰ
913 607 1212 662 θαλάσσια·
1270 605 1396 658 ὅθεν
1427 602 1520 656 καὶ
1550 600 1645 654 ἐπὶ
1671 598 1956 670 ποταμοὺς

372 702 704 772 ἀνανὴχεται
731 700 1013 765 πολλάκις,
1055 698 1150 752 καὶ
1180 695 1468 769 πόρρωθεν
1487 693 1767 763 θαλάσσης
1793 690 1959 762 φέρε-

377 812 483 850 ται.
522 793 618 848 Ἐκ
650 793 842 849 τούτου
878 791 1288 866 προτιμώτερος
1319 790 1505 852 αὐτοῖς
1536 789 1566 842 6
1605 787 1807 848 Πόντος
1845 783 1958 837 τῶν

373 886 578 940 λοιπῶν
608 888 728 941 ἐστι
755 885 978 952 κόλπος,
1001 886 1079 950 ῶς
1111 883 1420 955 ἐπιτήδειος
1449 882 1829 951 ὲναποκυῆσαι
1860 874 1960 931 καὶ

372 978 636 1050 ἐκθρέψαι
675 978 746 1032 τὰ
782 977 1004 1048 ἔγγονα.
1048 975 1303 1032 Ἐπειδὰν
1339 974 1398 1029 δὲ
1442 973 1513 1026 τὰ
1544 968 1959 1039 σπουδαζόμενα

373 1073 688 1138 ἀρκούντως
717 1072 1072 1146 ἐκπληρωθῇ,
1100 1070 1263 1126 πάλιν
1291 1066 1567 1140 πανδημεὶ
1591 1063 1793 1127 πάντες
1824 1061 1961 1116 ὑπο-

372 1166 702 1237 στρέφουσιν
739 1164 946 1222 οἴκαδε.

2060 596 2200 652 mari
2240 611 2254 647 :
2289 593 2419 666 quia
2443 593 2705 648 nimirum
2734 592 2820 648 sol
2847 590 2992 645 haud
3023 590 3348 645 diuturnam
3377 589 3491 644 illic
3523 604 3644 644 mo-

2061 703 2182 744 ram
2226 687 2477 754 trahens,
2529 700 2627 756 per
2672 684 2859 740 radios
2889 698 3022 740 suos
3056 697 3170 738 non
3217 683 3272 738 id
3311 699 3477 739 omne
3501 682 3647 754 quod

2060 782 2224 840 dulce
2253 787 2360 848 est,
2411 777 2618 835 educit.
2646 776 2814 846 Atqui
2859 790 2923 830 ca
2954 789 3172 847 quoque
3193 773 3497 829 animantia
3521 788 3646 844 quae

2061 872 2117 928 in
2184 870 2322 928 mari
2371 869 2602 941 degunt,
2665 866 2924 922 dulcibus
2965 867 3124 938 aquis
3167 865 3442 938 gaudent;
3500 863 3646 920 unde

2060 962 2227 1020 etiam
2273 961 2342 1017 ad
2398 960 2593 1018 ﬂuvios
2643 959 2964 1028 frequenter
3002 967 3254 1024 enatant,
3296 966 3352 1014 et
3390 957 3640 1029 procula

2060 1055 2200 1112 mari
2231 1055 2504 1112 feruntur.
2537 1055 2659 1120 Quo
2689 1053 2749 1106 lit
2785 1059 2846 1106 ut
2872 1049 3164 1106 Ponticum
3191 1051 3376 1107 sinum
3414 1050 3644 1117 reliquis

2059 1148 2319 1206 omnibus
2359 1155 2718 1218 anteponant,
2748 1155 2807 1202 ut
2836 1146 2930 1215 qui
2994 1153 3108 1200 tum
3145 1144 3211 1199 ad
3247 1143 3642 1215 procreandos,

373 1233 491 1314 tum
523 1233 590 1313 ad
611 1259 842 1314 alendos
864 1257 1008 1312 fetus
1037 1264 1199 1327 aptus
1222 1254 1315 1312 sit.
1353 1251 1456 1310 Ubi
1483 1264 1616 1308 vero
1636 1261 1702 1304 eo
1724 1256 1953 1302 munere
1978 1240 2143 1314 cujus
2181 1240 2369 1298 studio
2409 1240 2740 1298 tenebantur
2802 1237 3082 1311 perfuncti
3137 1245 3288 1302 sunt,
3347 1233 3643 1292 conlertim

371 1367 566 1410 omnes
597 1351 822 1407 domum
861 1342 1231 1405 revertuntur.

446 1451 716 1512 Ἤκουσα,
750 1447 832 1500 ὅτι
863 1443 1152 1506 θαλάσσιος
1189 1443 1387 1513 ἐχῖνος,
1427 1439 1490 1492 τὸ
1527 1432 1723 1508 μικρὸν
1757 1446 1961 1486 παντε-

373 1543 482 1607 λῶς
513 1541 608 1596 καὶ
631 1539 1105 1610 εὐκαταφρόνητον
1133 1535 1293 1600 ζῶον,
1341 1531 1662 1594 διδάσκαλος
1699 1525 1960 1588 πολλάκις

373 1634 619 1705 γαλήνης
642 1632 736 1686 καὶ
765 1630 1031 1693 κλύδωνος
1052 1629 1166 1692 τοῖς
1185 1626 1412 1680 πλέουσι
1439 1623 1670 1692 γίνεται.
1699 1621 1796 1682 Ὃς
1827 1618 1959 1671 ὅταν

374 1727 572 1798 προῖδῃ
600 1723 846 1794 ταραχήν
875 1723 1102 1793 ἀνέμου,
1125 1718 1336 1791 ψηφίδα
1378 1715 1500 1770 τινὰ
1538 1711 1789 1769 ὑπελθὼν
1829 1727 1956 1781 γεν-

373 1819 554 1880 ναίαν,
579 1802 665 1870 ἐπ’
699 1815 840 1887 αὐτῇ
857 1813 1048 1883 ὥσπερ
1074 1812 1163 1864 ἐπ’
1185 1808 1434 1880 ἀγκύρας
1456 1806 1690 1877 βεόαίως
1712 1799 1950 1868 σαλεύει,
1984 1832 2027 1888 Β

373 1907 739 1980 κατεχόμενος
766 1907 844 1977 τῷ
866 1905 1024 1976 βάρει
1053 1902 1193 1974 πρὸς
1223 1901 1283 1955 τὸ
1309 1901 1386 1971 μὴ
1416 1899 1615 1971 ῥαδίως
1635 1899 1748 1960 τοῖς
1775 1893 1956 1965 κύμα-

372 2021 458 2058 σιν
483 2000 879 2073 ἁποσύρεσθαι.
909 1997 1084 2054 Τοῦτο
1111 1998 1240 2052 ὅταν
1273 1995 1456 2049 ἴδωσιν
1501 1993 1553 2047 οἱ
1615 1990 1865 2045 ναυτικοὶ
1897 1987 1958 2042 τὸ

372 2095 620 2166 σημεῖον,
665 2093 816 2147 ἴσασι
860 2090 963 2162 τὴν
1007 2083 1469 2161 προσδοκωμένην
1513 2081 1698 2154 βιαίαν
1738 2079 1956 2150 κίνησιν

371 2184 479 2238 τῶν
515 2182 753 2252 ἀνέμων.

451 2366 512 2421 ’0
544 2367 807 2439 καρκίνος
851 2365 952 2438 τῆς
1004 2363 1207 2437 σαρκὸς
1249 2361 1512 2436 ἐπιθυμεῖ
1549 2362 1644 2418 τοῦ
1703 2359 1954 2432 ὀστρέου,

368 2461 506 2517 ἀλλὰ
544 2460 854 2523 δυσάλωτος
886 2460 920 2529 ἡ
943 2459 1089 2529 ἄγρα
1119 2455 1269 2528 αὐτῷ
1293 2456 1382 2510 διὰ
1400 2455 1500 2529 τήν
1537 2453 1832 2526 περιϐολὴν
1859 2450 1954 2506 τοῦ

368 2551 640 2625 ὀστράκου
661 2551 895 2621 γίνεται.
930 2549 1192 2622 Ἀρραγεί
1218 2547 1329 2619 γὰρ
1355 2547 1510 2620 ἕρκει
1533 2545 1595 2600 τὸ
1626 2544 1835 2600 ἁπαλὸν
1853 2544 1956 2612 τῆς

370 2645 574 2717 σαρκὸς
604 2646 640 2716 ἡ
671 2644 834 2714 φύσις
858 2641 1326 2714 κατησιραλίσατο.
1367 2641 1458 2693 Διὸ
1483 2641 1577 2694 καὶ
1596 2637 1956 2710 ὀστρακόδερ-

371 2753 473 2808 μον
498 2737 958 2807 προσηγόρευται.
991 2733 1102 2788 Καὶ
1122 2731 1316 2803 ἐπειδὴ
1343 2731 1436 2785 δύο
1456 2731 1771 2802 κοιλότητες
1795 2730 1955 2799 ἀκριο

367 2827 480 2893 σῶς
504 2826 766 2898 ἀλλήλαις
793 2821 1285 2897 προσηρμοσμέναι
1310 2820 1390 2893 τῷ
1419 2821 1630 2894 ὀστρέῳ
1649 2817 1956 2891 περιπτύσ-

368 2937 577 2986 σονται,
603 2918 922 2988 ἀναγκαίως
943 2915 1226 2988 ἄπρακταί
1253 2917 1394 2970 εἰσιν
1424 2915 1480 2970 αί
1507 2913 1673 2986 χηλαὶ⁸
1698 2911 1795 2967 τοῦ
1820 2929 1956 2984 καρο

366 3010 540 3066 κίνου.
570 3011 637 3065 Τί
673 3004 769 3064 οὖν
798 3011 976 3075 notet;
1019 3009 1150 3062 ὅταν
1181 3007 1268 3080 ῑδῃ
1291 3008 1350 3061 ὲν
1381 3006 1693 3077 ἀπηνέμοις
1730 3003 1957 3076 χωρίοις

369 3100 493 3174 μεθ’
535 3100 733 3173 ἡδονῆς
771 3099 1227 3170 διαθαλπόμενον,
1275 3097 1374 3153 καὶ
1417 3097 1557 3168 πρὸς
1596 3095 1699 3161 τὰς
1726 3097 1955 3160 ἀκτῖνας

2133 1419 2280 1476 Ibid.
2315 1450 2382 1464 --
2414 1419 2531 1476 Hoc
2559 1419 2766 1485 audivi,
2790 1419 3064 1475 marinum
3079 1416 3360 1486 ecbinum,
3388 1416 3645 1489 exiguum

2059 1511 2196 1570 illud
2226 1527 2458 1584 prorsus
2479 1520 2534 1566 ct
2559 1512 2832 1582 abjectum
2865 1511 3096 1575 animal,
3133 1511 3556 1581 tranquillitatis
3591 1517 3645 1566 et

2057 1604 2402 1673 tempestatis
2463 1602 2784 1671 magistrum
2848 1613 2972 1655 sese
3055 1599 3448 1678 navigantibus
3500 1615 3648 1672 saepe

2055 1693 2320 1765 praebere.
2351 1691 2486 1746 Nam
2509 1707 2633 1746 cum
2686 1699 2975 1747 ventorum
3004 1689 3469 1760 perturbationem
3514 1708 3644 1762 pro-

2055 1785 2237 1856 spicit,
2285 1799 2504 1855 gravem
2535 1791 2591 1839 et
2619 1782 2879 1839 eximium
2918 1781 3188 1837 calculum
3214 1782 3403 1848 subit,
3451 1784 3506 1837 in
3535 1798 3649 1854 quo

2059 1893 2169 1932 non
2195 1891 2360 1933 secus
2391 1890 2456 1930 ac
2488 1876 2546 1930 in
2598 1875 2844 1929 anchora
2871 1873 2992 1930 sine
3019 1872 3346 1930 discrimine
3374 1873 3490 1928 ullo
3523 1875 3644 1945 agi-

2059 1976 2210 2024 tatur
2247 1986 2260 2022 :
2293 1968 2496 2040 quippe
2533 1967 2629 2038 qui
2659 1967 2835 2038 lapilli
2857 1966 3000 2021 mole
3024 1965 3314 2033 retinetur,
3342 1968 3652 2037 quominus

2060 2060 2285 2118 faciles
2337 2060 2598 2116 ﬂuctibus
2661 2060 3042 2116 abstrahatur.
3092 2059 3248 2128 Quod
3273 2061 3492 2132 signum
3551 2054 3650 2117 ubi

1959 2222 1971 2235 .
2059 2161 2240 2211 nauta:
2263 2169 2623 2226 perspexero,
2655 2153 2786 2208 hinc
2806 2154 3151 2223 exploratum
3183 2153 3388 2209 habent
3452 2154 3648 2226 ingeri-

2058 2255 2168 2304 tem
2190 2253 2479 2303 ventorum
2511 2246 2936 2302 commotionem
2971 2244 3313 2315 impendere.

2132 2337 2274 2394 Ibid.
2312 2372 2384 2382 —
2410 2339 2624 2396 Cancer
2674 2337 2845 2394 ostrei
2904 2350 3126 2394 carnem
3157 2333 3383 2410 appetit.
3445 2333 3647 2396 Verum

2059 2441 2225 2504 captu
2273 2431 2520 2488 dillicilis
2560 2432 2679 2487 haec
2730 2430 2917 2502 praeda
2961 2440 3048 2487 est
3076 2442 3301 2502 propter
3321 2439 3475 2488 testa:
3505 2433 3648 2487 inte-

2056 2534 2401 2600 gumentum.
2481 2525 2692 2580 Natura
2745 2523 3028 2595 siquidem
3087 2525 3276 2580 carnis
3358 2523 3649 2580 mollitiem

2059 2622 2217 2678 ﬁrmo
2251 2620 2667 2694 propugnaculo
2695 2616 3083 2674 communivit.
3115 2615 3273 2672 Unde
3301 2616 3404 2672 hoc
3425 2632 3650 2688 quoque

2057 2714 2499 2786 ὀστρακόδερμον
2548 2712 2876 2784 appellatur.
2909 2710 3016 2765 Ac'
3044 2710 3308 2782 quoniam
3344 2709 3467 2770 dua:
3499 2712 3652 2788 cavi:

2059 2813 2202 2862 tates
2253 2804 2322 2860 ad
2348 2804 2619 2861 amussim
2643 2804 2882 2860 invicem
2904 2809 3178 2874 coalita-ta:
3205 2810 3453 2860 ostreum
3490 2817 3650 2861 coma

2061 2899 2394 2970 plectuntur,
2453 2895 2579 2952 hinc
2607 2896 2918 2953 neceSsario
2949 2895 3009 2949 lit
3045 2903 3104 2949 ut
3151 2895 3499 2950 denticulum:
3517 2910 3654 2952 cars-

2060 2992 2140 3047 cri
2170 2990 2406 3061 forcipes
2461 2989 2599 3044 nihil
2631 2989 2858 3044 omnino
2895 2986 3167 3043 coniicere
3213 2987 3448 3059 possint.
3504 2987 3655 3055 Quid

2060 3098 2195 3156 ergo
2242 3083 2416 3140 facit?
2442 3081 2582 3139 Cum
2623 3088 2870 3138 ostreum
2901 3081 2957 3136 in
2992 3081 3062 3136 iis
3088 3081 3222 3135 locis
3253 3096 3377 3151 quise
3415 3095 3446 3134 a
3471 3080 3657 3136 ventis

365 3169 462 3248 τοῦ
490 3169 643 3267 ἡλίου
661 3169 764 3258 τὰς
790 3191 1001 3264 πτύχας
1026 3169 1223 3245 ἑαυτοῦ
1252 3186 1672 3256 διαπλώσαντα,
1706 3188 1830 3242 τότε
1853 3187 1950 3242 λά-

2064 3182 2273 3230 remota
2321 3183 2476 3238 sunt,
2505 3172 2884 3229 amtenissime
2909 3186 2970 3228 se
3002 3171 3212 3236 fovere,
3249 3178 3418 3241 atque
3449 3169 3518 3226 ad
3551 3185 3648 3226 sou-

367 3288 476 3359 θρα
495 3287 705 3359 imm
733 3284 1109 3357 παρεμϐαλὼν
1141 3286 1171 3338 ὀ
1195 3285 1458 3356 καρκῖνος
1480 3323 1495 3348 ,
1531 3281 1824 3336 διακωλύει
1858 3281 1956 3353 τὴν

368 3377 701 3452 σύμπτυξιν,
727 3377 822 3434 καὶ
854 3377 1171 3450 εὑρίσκεται
1191 3377 1253 3430 τὸ
1283 3375 1534 3430 ἐλλεῖπον
1551 3375 1650 3446 τῆς
1672 3373 1958 3445 δυνάμεως

363 3472 454 3527 διά
477 3472 575 3544 τῆς
613 3470 858 3535 ἐπινοίας
895 3470 1334 3542 περιγινόμενον.
1377 3465 1531 3538 Αὕτη
1588 3467 1625 3538 ἡ
1651 3464 1820 3520 κακία
1846 3462 1957 3518 τῶν

365 3565 510 3638 μήτε
539 3563 724 3634 λόγου,
757 3563 898 3636 μήτε
931 3561 1121 3634 φωνῆς
1153 3559 1512 3634 μετεχόντων.

441 3743 557 3799 οὐκ
578 3743 646 3799 ἂν
669 3742 935 3816 παρέλθοι
961 3759 1053 3815 μοι
1071 3741 1134 3796 τὸ
1160 3741 1258 3797 τοῦ
1287 3739 1591 3804 πολύποδος
1615 3737 1833 3810 δολερὸν
1858 3737 1955 3792 καὶ

364 3837 690 3903 ἑπίπλοκον,
723 3836 752 3890 ὃ
778 3834 942 3909 ὀποίᾳ
985 3834 1118 3889 ποτὲ
1152 3833 1221 3890 ἂν
1262 3833 1444 3906 πέτρᾳ
1492 3831 1831 3905 περιπλακῇ,
1859 3830 1958 3902 τήν

365 3931 590 4000 ἐκείνης
641 3926 905 3999 ύπέχεται
956 3925 1148 3999 χρόαν,
1195 3925 1338 3979 ὥστε
1393 3924 1522 3988 τοὺς
1577 3923 1812 3986 πολλοὺς
1847 3923 1958 3976 τῶν

367 4023 573 4095 ἰχθύων
605 4021 937 4094 ἀπροόπτως
964 4019 1302 4092 νηχομένους
1328 4015 1408 4088 τῷ
1434 4015 1698 4070 πολύποδι
1729 4015 1957 4085 περιπί-

365 4133 550 4181 πτειν,
568 4117 636 4188 τῇ
665 4115 843 4186 πέτρᾳ
872 4111 1060 4185 δῆθεν,
1098 4109 1196 4166 καὶ
1225 4109 1416 4181 ἕτερον
1438 4106 1697 4178 γενέσθαι
1727 4106 1956 4178 θήραμα

361 4210 446 4283 τῷ
470 4208 785 4280 πανούργῳ.

437 4301 651 4374 Γαῦρον
693 4301 722 4354 ὀ
762 4296 1100 4369 ἀλεκτρυὼν,
1146 4292 1439 4367 φιλόκαλον
1481 4291 1511 4345 6
1552 4289 1720 4358 ταὼς,
1759 4288 1953 4358 λάγνοι

367 4391 718 4466 περιστεραὶ,
749 4389 846 4445 καὶ
887 4390 952 4444 αἱ
1000 4386 1319 4443 κατοικίδιοι
1375 4383 1559 4456 ὄρνεις
1612 4381 1708 4436 ἐπὶ
1747 4381 1954 4446 παντὸς

365 4484 565 4559 καιροῦ
617 4484 680 4538 τὺ
733 4481 1090 4538 συνουσιακὺν
1129 4479 1380 4551 ἔχουσαν
1431 4473 1649 4548 δολερὸν
1680 4474 1710 4528 ὀ
1753 4472 1950 4546 πέρδιξ

2059 3268 2128 3323 lis
2185 3265 2372 3322 radios
2422 3264 2798 3320 concavitates
2859 3279 2992 3320 suas
3052 3264 3328 3334 explicare
3359 3263 3652 3335 perspicit,

2056 3365 2172 3413 tum
2212 3354 2406 3412 furtim
2461 3353 2665 3425 injecto
2687 3353 2906 3409 calculo
2927 3353 3189 3423 prohibet
3227 3368 3296 3408 ne
3324 3368 3524 3410 rursus
3548 3368 3650 3410 eas

2055 3449 2380 3520 complicet,
2433 3455 2597 3518 atque
2638 3446 2716 3501 ita
2744 3446 2799 3502 id
2839 3446 2987 3517 quod
3037 3444 3252 3501 viribus
3282 3444 3489 3511 deerat,
3515 3445 3649 3500 arti-

2057 3542 2185 3598 ticio
2239 3549 2406 3612 atque
2463 3539 2745 3596 industria
2785 3539 3095 3610 suppletur.
3129 3537 3260 3593 Haec
3310 3545 3399 3594 est
3437 3538 3652 3594 malitia

2057 3646 2250 3689 eorum
2271 3647 2394 3702 quae
2422 3647 2526 3688 nec
2547 3645 2740 3688 vocem
2772 3645 2875 3686 nec
2904 3628 3176 3685 rationem
3204 3627 3428 3684 habent.

2131 3723 2330 3795 Ejusd.
2361 3754 2434 3766 —
2459 3723 2581 3781 Nec
2645 3739 2776 3780 vero
2815 3729 2992 3780 astum
3039 3721 3648 3794 versutiamq‘uepolypi

2058 3817 2282 3874 silentio
2305 3817 2652 3890 praeteriero,
2675 3817 2769 3888 qui
2800 3817 2869 3871 ad
2901 3815 3276 3886 quodcunque
3314 3831 3514 3872 saxum
3550 3813 3652 3869 ad-

2058 3908 2304 3972 hzcserit,
2345 3909 2494 3965 illius
2542 3909 2784 3964 colorem
2831 3908 3004 3964 subit.
3042 3907 3122 3962 Ex
3157 3923 3268 3978 quo
3301 3908 3538 3964 edicitur
3588 3915 3651 3962 ut

2059 4001 2218 4057 multi
2250 4001 2413 4072 52⁸1
2438 4002 2622 4072 pisces
2643 4000 2944 4072 improviso
2971 4007 3249 4064 natantes,
3271 4000 3326 4056 in
3356 4016 3482 4056 eum
3525 4007 3651 4054 tan-

2056 4108 2222 4164 quam
2250 4094 2307 4148 in
2330 4108 2522 4148 saxum
2554 4093 2824 4158 incidant,
2850 4090 3260 4163 veteratorique
3280 4091 3358 4146 illi
3387 4091 3648 4162 protinus

2057 4187 2112 4242 in
2134 4185 2374 4256 praedam
2415 4183 2634 4241 cedant.

2131 4276 2327 4346 Ejusd.
2349 4274 2538 4331 Ιιοηιὶί.
2571 4275 2625 4330 8.
2651 4305 2721 4316 —
2745 4273 2992 4344 Superbe
3015 4272 3192 4344 gallus
3236 4272 3492 4344 graditur
3517 4275 3640 4344 gal-

2057 4372 2328 4439 linaceus,
2381 4369 2602 4425 decoris
2654 4377 2743 4424 est
2773 4367 3065 4422 studiosus
3104 4380 3269 4436 pavo,
3309 4365 3526 4421 salaces
3549 4381 3646 4420 co-

2060 4465 2264 4522 lumbae
2325 4479 2392 4519 ac
2417 4463 2739 4519 domestica:
2768 4462 3046 4523 volucres,
3082 4469 3293 4529 utqua:
3311 4461 3465 4514 omni
3499 4470 3642 4515 tem-

366 4553 479 4635 και
499 4577 823 4650 ζηλότυπον,
859 4575 1186 4646 κακούργως
1219 4569 1594 4643 συμπράττων
1623 4568 1739 4633 τοῖς
1763 4567 1956 4640 θηρευ-

2064 4575 2191 4632 pore
2223 4558 2502 4630 proclives
2537 4557 2592 4611 in
2629 4569 2886 4612 venerem
2905 4555 3052 4622 sint;
3081 4553 3286 4609 callida
3307 4560 3363 4608 et
3389 4554 3642 4625 zelotypa

363 4673 487 4736 ταῖς
515 4670 652 4742 πρὸς
682 4668 782 4742 τὴν
813 4668 1013 4740 ἄγραν.

437 4849 563 4906 Τῶν
601 4847 874 4922 μελισσῶν
901 4845 1058 4917 κοινὴ
1091 4845 1191 4917 μὲν
1233 4845 1269 4916 ή
1327 4844 1564 4915 οἴκησις,
1615 4841 1853 4915 ιργαοία
1896 4841 1957 4896 δὲ

364 4944 589 5000 πάντων
637 4941 763 5014 μία·
811 4941 908 4995 καὶ
933 4940 998 4994 τὸ
1028 4939 1287 5010 μέγιστον
1323 4937 1408 4991 ὅτι
1446 4936 1554 4990 ὑπὸ
1602 4935 1818 5006 βασιλεῖ
1858 4933 1956 4990 καὶ

363 5037 581 5110 ἑξάρχῳ
605 5035 716 5089 τινὶ
756 5033 868 5089 τῶν
913 5033 1092 5106 ἔργων
1125 5030 1413 5097 ἅπτονται,
1439 5030 1501 5083 ού
1532 5029 1804 5101 πρότερον
1843 5045 1946 5083 κα-

362 5131 718 5202 ταδεχόμενοι
779 5129 874 5182 ἐπὶ
933 5127 1061 5190 τοὺς
1102 5124 1378 5196 λειμῶνας
1431 5123 1629 5189 ἐλθεῖν,
1695 5123 1828 5194 πρὶν
1881 5121 1952 5177 ἂν

365 5227 554 5280 ἴδωσιν
582 5221 929 5294 κατάρξαντα
965 5222 1058 5275 τὸν
1103 5219 1331 5291 βασιλέα
1374 5218 1474 5289 τῆς
1517 5218 1795 5289 πτήσεως.
1839 5215 1953 5272 Καὶ

365 5316 516 5369 ἔστιν
553 5315 749 5378 αύταῖς
781 5311 841 5367 ού
874 5311 1248 5384 χειροτόνητος
1274 5311 1304 5363 6
1349 5307 1602 5380 βασιλεύς
1621 5323 1636 5338 °
1688 5305 1952 5370 πολλάκις

364 5408 478 5479 γὰρ
507 5407 604 5463 καὶ
642 5407 886 5479 ἀκρασία
911 5417 938 5447 ι
975 5404 1152 5475 δήμου
1195 5402 1289 5457 τὸν
1322 5403 1597 5474 χείριστον
1643 5400 1726 5462 είς
1773 5399 1952 5470 ἀρχὴν

364 5500 746 5570 προεστήσατο
766 5513 780 5529 ·
813 5494 936 5551 οὐδὲ
985 5493 1278 5566 κληρωτὴν
1307 5491 1446 5564 έχων
1493 5490 1595 5562 τὴν
1648 5486 1901 5554 ἐξουσίαν
1933 5505 1951 5522 θ

364 5591 551 5662 ἄλογοι
587 5589 698 5661 γὰρ
731 5591 787 5645 αί
821 5587 1105 5661 συντυχίαι
1148 5586 1258 5640 τῶν
1286 5584 1528 5656 κλήρων,
1560 5581 1656 5638 ἐπὶ
1684 5580 1774 5635 τὸν
1809 5579 1950 5635 πάν-

2058 4653 2273 4726 perdix,
2327 4665 2454 4722 quae
2551 4649 2791 4706 subdole
2875 4646 3236 4705 venatoribus
3289 4661 3516 4718 operam
3569 4646 3642 4701 ad

2055 4746 2300 4820 praedam
2341 4753 2524 4803 navet.

2121 4841 2433 4897 Commune
2505 4837 2706 4910 apibus
2745 4835 3095 4892 domicilium
3151 4841 3259 4901 est,
3324 4833 3644 4889 communis

2054 4935 2306 4990 omnium
2363 4933 2552 5000 labor;
2589 4929 2857 5002 quodque
2906 4927 3158 4986 omnium
3207 4926 3511 4981 maximum
3534 4935 3640 4988 est,

2057 5030 2160 5087 sub
2199 5043 2312 5084 uno
2339 5042 2466 5100 rege
2492 5035 2544 5082 et
2573 5025 2831 5096 principe
2868 5039 3070 5096 operas
3099 5029 3424 5093 capessunt.
3454 5018 3645 5091 Neque

2056 5120 2204 5178 enim
2241 5119 2398 5191 prius
2446 5119 2513 5173 ad
2555 5126 2715 5188 prata
2745 5133 2807 5173 se
2835 5117 3096 5172 conferre
3119 5114 3422 5177 sustinent,
3470 5127 3640 5184 quam

2055 5227 2240 5284 regem
2291 5212 2545 5268 avolasse
2597 5211 2861 5267 viderint.
2885 5207 2999 5264 Nec
3043 5220 3179 5263 vero
3220 5203 3366 5276 apud
3389 5217 3487 5260 eas
3520 5201 3641 5258 suf-

2058 5305 2251 5376 fragiis
2278 5320 2374 5360 rex
2413 5313 2636 5360 creatur
2665 5301 3018 5375 (frequenter
3057 5298 3205 5356 enim
3237 5296 3425 5370 populi
3452 5310 3643 5350 vecor-

2059 5395 2152 5451 dia
2181 5397 2383 5452 I‘actum
2415 5403 2498 5450 est
2537 5401 2598 5448 ut
2629 5393 2723 5465 qui
2761 5393 3041 5464 pessimus
3064 5398 3214 5448 esset
3233 5390 3310 5454 ,ad
3343 5386 3642 5457 imperium

2059 5486 2494 5556 ascisceretur),
2542 5499 2643 5541 nec
2682 5499 2884 5540 rursus
2918 5483 3120 5539 sortito
3153 5479 3451 5552 imperium
3491 5476 3644 5531 obti-

2059 5587 2154 5637 net
2205 5579 2267 5651 (a
2288 5579 2504 5636 ratione
2528 5576 2732 5648 quippe
2766 5575 2944 5632 aliena
2975 5579 3105 5631 sunt
3156 5585 3282 5644 qua;
3311 5577 3462 5626 sorte
3501 5580 3643 5622 cou-

1680 5755 1919 5816 νΑιιιιΕ
1955 5755 2367 5815 LECTIONES.

445 5876 472 5910 α
497 5863 638 5922 Edit.
662 5863 873 5931 Basilii,
904 5863 1146 5932 ἀκρισία.
