4028 6402
428 393 565 456 1575

1589 387 1651 445 S.
1690 381 2010 446 JOANNIS
2034 379 2468 441 DAMASCENI

3569 375 3712 441 1576

425 509 666 575 lingunt,
697 510 757 555 ut
779 516 898 571 quae
921 513 1026 554 non
1055 511 1186 554 raro
1211 499 1258 554 ei
1290 499 1382 569 qui
1418 497 1668 554 omnium
1693 505 2008 570 postremus

2117 512 2220 548 των
2248 495 2474 566 ἔσχατον
2508 491 2766 556 πολλάκις
2797 490 2858 544 τὸ
2889 490 3090 561 κράτος
3124 488 3356 560 ἀκρισίᾳ
3392 488 3664 560 φέρουσαι
3691 506 3706 522 ο

422 604 528 659 est,
576 593 870 664 imperium
923 591 1165 660 tradat),
1227 605 1329 645 nec
1357 590 1602 660 denique
1626 597 1856 659 paterna
1889 603 2010 644 suc-

421 689 674 743 cessione
733 693 787 740 et
841 684 1165 740 haereditate
1225 683 1393 754 regiis
1464 683 1669 738 insidet
1737 681 1905 752 (nam
1955 681 2010 736 hi

423 791 644 846 quoque
704 775 776 830 ob
805 775 998 829 luxum
1045 783 1100 829 et
1129 775 1564 830 assentationem
1600 780 1659 826 ut
1709 770 2010 840 plurimum

424 868 611 922 stolidi
673 866 970 937 omnisque
992 866 1224 920 virtutis
1253 865 1431 936 ignari
1473 861 1816 929 exsistunt),
1855 858 1955 915 sed
1983 873 2012 911 a

422 967 618 1012 natura
643 957 938 1028 primatum
958 956 1145 1011 habet.
1172 954 1440 1022 Quamvis
1461 954 1608 1008 enim
1636 966 1733 1006 rex
1759 950 2012 1004 aculeum

422 1049 646 1113 haheat,
704 1063 770 1103 eo
839 1057 1024 1103 tamen
1081 1046 1147 1101 ad
1179 1046 1485 1101 vindictam
1545 1042 1776 1098 minime
1809 1041 2010 1096 utitur.

422 1143 663 1200 Audiant
696 1140 1025 1206 Christiani,
1057 1139 1262 1209 quibus
1320 1135 1673 1192 interdicitur
1708 1149 1777 1189 ne
1804 1133 2010 1187 malum

422 1249 520 1306 pro
572 1234 719 1288 malo
769 1231 1024 1295 reddant,
1082 1231 1178 1286 sed
1213 1230 1440 1284 vincant
1495 1229 1549 1283 in
1595 1229 1742 1282 bono
1806 1227 2013 1281 malum

421 1325 617 1394 (Rom.
685 1343 786 1390 xu,
823 1325 886 1378 91
919 1325 963 1395 ).
991 1322 1289 1379 lmitamini
1314 1322 1368 1377 id
1403 1321 1548 1392 quod
1583 1321 1702 1391 apis
1733 1320 2016 1391 peculiare

419 1429 528 1485 est,
584 1421 849 1474 nimirum
906 1417 1052 1487 quod
1109 1417 1252 1472 citra
1299 1416 1452 1485 regis
1505 1415 1797 1485 imperium
1875 1413 2014 1470 nihil

420 1510 722 1580 quidquam
776 1508 1097 1564 detrimenti
1148 1515 1396 1576 prmstet,
1431 1519 1530 1560 nec
1552 1505 1768 1560 alienos
1797 1503 2014 1560 fructus

421 1601 809 1657 labefactando
875 1600 1031 1656 favos
1089 1597 1320 1655 condat.
1354 1596 1501 1663 Quin
1553 1612 1655 1652 nec
1686 1597 1755 1652 ad
1819 1610 2014 1652 omnes

419 1689 582 1745 ﬂores
637 1689 955 1758 promiscue
1009 1687 1255 1752 accedit,
1319 1695 1376 1742 et
1417 1687 1485 1742 ad
1524 1703 1666 1758 quos
1690 1688 2012 1752 accesserit,

420 1781 515 1836 ubi
572 1790 838 1850 quantum
877 1779 945 1833 ad
999 1795 1141 1850 opus
1177 1789 1372 1850 aptum
1421 1780 1514 1846 sit,
1585 1780 1910 1849 sumpserit,
1956 1779 2012 1833 id

2111 588 2233 642 οὑδὲ
2251 589 2314 642 ἐκ
2335 587 2609 658 πατρικῆς
2625 585 2877 655 διαδοχῆς
2892 585 3003 647 τοῖς
3022 582 3315 653 βασιλείοις
3333 582 3703 652 ἐγκαθεζόμε-

2110 699 2200 745 νος
2221 698 2234 712 ο
2253 680 2347 734 καὶ
2366 680 2475 752 γάρ
2491 673 2637 733 οὗτοι
2666 679 2985 731 ἀπαίδευτοι
3003 677 3098 732 καὶ
3118 674 3356 747 ἀμαθεῖς
3379 675 3564 746 πάσης
3581 674 3682 746 ἀρε
3695 704 3720 716 -ι

2109 775 2209 844 τῆς
2228 774 2317 828 διὰ
2344 773 2557 845 τρυφὴν
2583 772 2678 828 καὶ
2711 770 3003 826 κολακείαν
3028 771 3106 834 ὡς
3135 770 3206 823 τὰ
3230 767 3405 822 πολλά
3430 768 3707 837 γίνονταιο

2110 862 2227 918 ἀλλ’
2283 865 2347 916 ἐκ
2407 863 2622 932 φύσεως
2661 861 2800 931 ἔχων
2849 861 2914 914 τὸ
2959 859 3104 914 κατά
3150 859 3372 914 παντων
3411 868 3708 929 πρωτεῖον.

2115 955 2272 1010 Ἔστι
2297 956 2397 1026 μὲν
2425 956 2536 1026 γὰρ
2555 955 2634 1026 τῷ
2667 953 2877 1025 βασιλεῖ
2906 952 3158 1023 κέντρον,
3185 951 3300 1005 ἀλλ’
3334 951 3396 1004 οὑ
3431 949 3712 1020 κέχρηται

2110 1048 2288 1118 τούτῳ
2331 1045 2469 1119 πρὸς
2495 1046 2733 1116 ἄμυναν.
2775 1043 3155 1098 ’Ᾱκουέτωσαν
3184 1044 3233 1095 oi
3257 1041 3600 1111 Χριστιανοὶ,
3627 1033 3711 1102 οἷς

2113 1139 2449 1212 πρόσταγμά
2479 1142 2616 1204 ἐστι,
2651 1137 2822 1192 κακὸν
2855 1137 2981 1191 ἀντὶ
3014 1135 3186 1190 κακοῦ
3226 1135 3420 1206 μηδενὶ
3458 1131 3710 1187 ἀποδιδό-

2114 1252 2223 1299 ναι,
2249 1234 2388 1288 ἀλλὰ
2415 1234 2575 1304 νικᾷν
2605 1233 2663 1286 ἐν
2694 1231 2773 1301 τῷ
2802 1229 2997 1301 ἀγαθῷ
3037 1229 3098 1283 τὸ
3148 1229 3342 1283 κακόν.
3371 1225 3712 1299 Μιμήσασθε

2111 1324 2215 1393 τῆς
2253 1323 2522 1394 μελίσσης
2554 1323 2613 1376 τὸ
2651 1321 2987 1392 ἰδιότροπον·
3019 1321 3102 1374 ὅτι
3148 1317 3244 1372 τοῦ
3287 1316 3555 1386 βασιλέως
3586 1316 3713 1386 δίχα

2109 1417 2267 1471 οὐδὲν
2330 1415 2726 1485 λυμαινομένη,
2788 1413 2911 1466 οὐδὲ
2961 1413 3177 1483 καρπὸν
3246 1411 3532 1481 ἀλλότριον
3588 1409 3713 1463 δια-

2117 1509 2440 1580 φθείρουσα,
2475 1508 2543 1562 τά
2568 1507 2737 1579 κηρία
2790 1507 3196 1578 συμπήγνυσιν.
3235 1498 3408 1558 Αὕται
3467 1503 3524 1555 δὲ
3585 1502 3713 1568 οὕτε

2115 1603 2291 1658 ἅπασι
2326 1605 2440 1665 τοῖς
2487 1601 2708 1656 ἄνθεσιν
2757 1599 3162 1671 παραπλησίως
3214 1598 3565 1669 ἐπέρχονται,
3613 1595 3715 1650 καὶ

2115 1690 2196 1757 οἷς
2226 1693 2294 1748 ἂν
2321 1694 2350 1734 ιδ
2382 1692 2688 1761 ἐπιτήδειον
2721 1691 2858 1762 πρὸς
2889 1689 2987 1760 τὴν
3030 1688 3296 1760 ἐργασίαν
3331 1685 3618 1751 λαϐοῦσαι,
3652 1685 3716 1739 τὸ

2116 1786 2302 1840 λοιπὸν
2330 1786 2544 1856 χαίρειν
2575 1784 2814 1853 ἀφῆκαν.
2861 1781 2966 1836 Τὸν
3002 1782 3104 1852 μὲν
3131 1781 3300 1853 κηρὸν
3328 1780 3437 1834 ἀπὸ
3473 1779 3583 1833 τῶν
3616 1781 3714 1834 ἀν-

419 1872 568 1943 quod
596 1872 881 1926 residuum
913 1879 1000 1927 est
1023 1873 1204 1927 valere
1233 1872 1416 1942 jubet.
1461 1873 1540 1926 Ac
1572 1887 1757 1928 ceram
1780 1872 2013 1942 quidem

2119 1880 2228 1934 θῶν
2253 1877 2506 1950 φανερῶς
2542 1875 2876 1947 συναγείρει,
2909 1875 2969 1929 τὸ
2999 1875 3057 1928 δὲ
3091 1873 3215 1945 μέλι
3249 1872 3349 1942 τὴν
3385 1871 3714 1944 δροσοειδῶς

418 1980 449 2020 c
474 1964 710 2020 ﬂoribus
745 1965 927 2034 palam
962 1964 1176 2035 colligit
1216 1980 1228 2016 :
1261 1965 1369 2019 mel
1408 1973 1618 2028 autem,
1660 1965 1767 2021 hoc
1788 1973 1874 2020 est
1910 1965 2016 2019 hu-

418 2071 631 2112 morem
685 2073 812 2112 eum
876 2056 974 2128 qui
1023 2059 1168 2113 roris
1226 2058 1404 2112 instar
1452 2058 1683 2114 fioribus
1725 2057 2015 2128 inspersus

417 2156 528 2214 est,
583 2157 880 2203 attractum
929 2163 1028 2203 ore
1061 2149 1392 2204 cellularum
1422 2150 1872 2206 eoncavitatibus
1907 2150 2014 2204 im-

419 2221 608 2294 mittit.
653 2241 732 2295 Ac
773 2239 1006 2310 proinde
1035 2240 1320 2295 humidum
1371 2255 1595 2311 quoque
1622 2242 1860 2311 primum
1890 2250 2012 2309 est;

419 2341 549 2404 post
588 2344 796 2397 autem.
852 2335 946 2389 ubi
982 2335 1248 2404 temporis
1281 2351 1578 2408 progressu
1629 2347 1846 2393 coctum
1907 2345 2013 2404 est,

421 2426 492 2481 ad
519 2428 760 2481 nativam
808 2429 1220 2484 concretionem
1256 2443 1321 2483 ac
1353 2428 1706 2484 dulcedinem
1740 2445 1898 2484 suam
1926 2445 2017 2485 re-

420 2517 524 2572 dit.
579 2517 653 2571 Ea
699 2533 868 2588 porro
904 2525 1025 2574 arte
1079 2529 1134 2574 et
1180 2519 1364 2574 studio
1404 2520 1584 2575 mellis
1632 2523 2015 2591 promptuaria

418 2609 686 2675 elaborat,
726 2617 784 2663 ut
815 2609 1137 2680 frequentes
1167 2618 1336 2681 atque
1383 2612 1621 2668 invicem
1655 2612 2014 2669 cohaerentes

419 2699 692 2756 caritates
722 2711 1001 2768 exstruat,
1037 2717 1151 2773 quo
1189 2703 1438 2759 densitas
1461 2704 1556 2758 illa
1590 2713 1798 2759 mutuae
1827 2720 2015 2760 rerum

418 2785 780 2842 minimarum
833 2789 1208 2862 eolligationis
1237 2806 1380 2861 opus
1427 2797 1758 2848 universum
1791 2801 2018 2850 susten-

419 2885 501 2932 tet
532 2885 589 2931 et
643 2877 858 2934 fulciat.
895 2880 1356 2952 Uniuscujusque
1383 2884 1531 2938 enim
1590 2885 1797 2939 cellula
1832 2885 2016 2940 utrin-

417 2985 528 3038 que
580 2971 844 3037 cohauet,
903 2975 1058 3028 tenui
1112 2975 1182 3030 ab
1230 2976 1341 3029 alia
1399 2984 1559 3046 septo
1613 2976 1892 3047 dirempta
1959 2985 2016 3031 et

417 3061 705 3130 copulata,
729 3062 963 3129 Quinlet
993 3064 1221 3133 distegae
1253 3067 1613 3138 lristegaeque
1631 3067 1833 3124 fistulae
1857 3079 2012 3135 sunt,

2119 1971 2476 2042 ἐσπαρμένην
2511 1969 2690 2023 νοτίδα
2748 1971 2862 2028 τοῖς
2913 1966 3133 2021 ἄνθεσιν
3168 1964 3597 2035 ἐπισπασαμένη
3636 1961 3716 2033 τῷ

2121 2065 2370 2135 στόματι,
2395 2062 2604 2133 ταύτην
2636 2063 2758 2125 ταῖς
2788 2061 3067 2132 κοιλότησι
3095 2060 3206 2113 τῶν
3236 2059 3446 2130 κηρίων
3479 2057 3711 2128 ἐνίησιν.

2121 2159 2285 2212 Ὅθεν
2316 2158 2408 2211 καὶ
2455 2156 2624 2228 ὑγρὸν
2674 2156 2825 2227 παρά
2863 2156 2961 2227 τὴν
2993 2153 3219 2226 πρώτην
3254 2152 3402 2206 ἐστίν
3425 2167 3440 2182 ο
3485 2147 3604 2205 εἶτα
3633 2148 3713 2219 τῷ

2119 2251 2296 2324 χρόνῳ
2334 2250 2675 2321 συμπεφβέν,
2714 2249 2852 2321 πρὸς
2903 2248 3002 2321 τὴν
3058 2247 3269 2302 οἰκείαν
3321 2247 3583 2299 σύστασιν
3614 2243 3713 2298 καὶ

2120 2344 2313 2416 ἡδονὴν
2363 2342 2748 2415 ἐπανέρχεται.
2785 2340 2943 2396 Οὕτω
2987 2341 3044 2394 δέ
3097 2340 3277 2408 σοφῶς
3322 2337 3714 2409 φιλοτεχνοῦσα

2119 2434 2219 2498 τὰς
2272 2433 2558 2505 ἀποθήκας
2612 2432 2708 2487 τοῦ
2762 2432 2999 2504 μέλιτος,
3046 2433 3127 2495 είς
3175 2429 3374 2483 λεπτὸν
3409 2429 3585 2499 ὑμένα
3621 2426 3714 2482 τὸν

2120 2530 2290 2601 κηρὸν
2345 2527 2684 2592 διατείνασα,
2737 2525 2954 2588 πυκνὰς
2998 2524 3096 2578 καὶ
3149 2523 3397 2593 συνεχεῖς
3447 2520 3714 2592 ἀλλήλαις

2121 2621 2498 2691 συνοικοδομεῖ
2525 2617 2624 2682 τὰς
2656 2617 3000 2686 κοιλότητας,
3031 2615 3107 2680 ὡς
3135 2615 3196 2668 τὸ
3237 2613 3443 2668 πυκνὸν
3469 2613 3570 2683 τῆς
3601 2611 3714 2666 τῶν

2122 2713 2466 2785 μικροτάτων
2506 2711 2645 2781 πρὸς
2703 2710 2909 2780 ἄλληλα
2947 2710 3148 2772 δέσεως
3186 2707 3422 2780 ἔρεισμα
3453 2705 3715 2776 γενέσθαι

2117 2806 2194 2876 τῷ
2238 2805 2423 2860 παντί.
2469 2805 2710 2875 Ἑκάστη
2757 2806 2868 2874 γὰρ
2914 2803 3150 2875 φρεάτια
3187 2813 3234 2866 ο,
3287 2801 3387 2872 τῆς
3441 2800 3714 2870 ἑκατέρας

2117 2899 2303 2969 ἔχεται
2327 2913 2341 2928 ·
2373 2896 2559 2968 λεπτῷ
2593 2897 2700 2966 γάρ
2748 2896 2892 2966 πρὸς
2922 2895 3095 2966 αὐτῆς
3130 2893 3454 2964 διισταμένη
3489 2910 3549 2946 τε
3572 2891 3713 2961 ὁμοῦ

2119 2991 2214 3046 καὶ
2263 2991 2651 3062 συναπτομένη
2706 2992 2784 3060 τῷ
2835 2988 3240 3060 διαφράγματι.
3275 2989 3510 3040 Ἔπειτα
3539 2985 3716 3056 διόρο-

2119 3103 2208 3154 φοι
2239 3087 2336 3140 καὶ
2368 3086 2651 3157 τριόροφοι
2681 3082 2943 3155 σύριγγες
2970 3083 3134 3136 αὑταὶ
3155 3080 3416 3152 ἀλλήλαις
3439 3081 3724 3151 ἐπῳκοδόο

420 3160 591 3222 atque
629 3153 749 3209 alia:
807 3170 976 3226 supra
1011 3156 1149 3213 alias
1183 3157 1487 3213 aedificatae.
1530 3159 1812 3215 Caverunt
1859 3162 2011 3216 enim

2121 3195 2340 3249 μηνται.
2390 3153 2765 3246 Ἔφυλάξαντο-
2815 3176 2925 3248 γὰρ
2967 3177 3096 3246 μίαν
3127 3174 3357 3245 ποιῆσαι
3407 3174 3718 3244 διαμπερὲς

417 3261 492 3300 ne
539 3245 878 3315 perforatam
927 3249 1196 3320 utrinque
1271 3251 1572 3306 cavitatem
1635 3250 1906 3317 facerent,
1942 3270 2012 3310 ne

419 3336 619 3394 humor
680 3341 952 3411 gravitate
984 3357 1090 3398 sua
1154 3342 1307 3399 foras
1353 3344 1724 3402 dilaberetur.
1789 3347 2014 3418 Inspice

417 3447 531 3502 quo
568 3443 729 3503 pacto
779 3438 1101 3504 geometria:
1131 3436 1488 3494 inventiones
1531 3439 1681 3494 velut
1712 3440 1898 3495 obiter
1921 3455 2015 3498 sa-

418 3525 768 3596 pientissima
821 3529 942 3596 apis
975 3540 1340 3598 exsequatur.
1395 3532 1727 3603 Sexangulae
1761 3537 1910 3588 enim
1959 3541 2016 3590 et

415 3616 753 3685 aaquilaterte
821 3627 954 3673 sunt
1020 3634 1218 3674 omnes
1252 3619 1509 3676 favorum
1561 3622 1780 3686 fistul-te,
1821 3638 1921 3678 nec
1956 3624 2012 3678 in

415 3714 635 3764 rectum
693 3709 814 3762 alia:
842 3709 970 3765 aliis
992 3709 1347 3776 incumbunt,
1371 3727 1442 3766 ne
1471 3711 1596 3766 imae
1626 3722 1816 3781 partes
1851 3714 2017 3771 labo-

417 3808 562 3863 rent,
593 3799 1170 3870 inanibuscoaptatae;
1199 3817 1392 3856 verum
1419 3803 1855 3872 sexangulorum
1875 3805 2017 3860 infe-

417 3889 633 3942 riorum
666 3887 851 3959 anguli
891 3888 1238 3943 fundamenti
1285 3896 1343 3943 et
1373 3889 1677 3944 coltuninis
1711 3890 1830 3946 loco
1857 3900 2012 3958 sunt,

417 3995 529 4049 quo
591 3990 715 4036 tuto
765 3997 890 4052 quae
926 3996 1094 4051 supra
1128 3991 1259 4036 sunt
1312 3983 1558 4052 pondera
1612 3984 1936 4053 sustollant,
1959 3993 2015 4041 et

415 4073 674 4143 privatim
729 4073 785 4128 in
825 4089 1164 4146 unaquaque
1207 4074 1450 4131 cavitate
1482 4075 1682 4134 humor
1715 4079 2010 4136 continea-

418 4176 534 4220 tur.

489 4258 685 4328 Ejusd.
718 4288 788 4300 σ-
819 4257 1056 4326 Quinam
1090 4275 1224 4316 vero
1258 4261 1353 4316 ﬁat
1376 4271 1436 4317 ut
1463 4277 1636 4333 grues
1661 4263 1851 4321 noctis
1874 4264 2014 4336 vigi-

417 4353 524 4409 lias
555 4352 802 4407 vicissim
841 4354 1190 4424 suscipiant;
1239 4364 1434 4425 utque,
1469 4355 1601 4410 dum
1626 4368 1842 4415 caetera:
1870 4359 2010 4415 dor—

2115 3269 2214 3340 τὴν
2242 3267 2555 3340 κοιλότητα,
2593 3269 2678 3322 ἵνα
2723 3269 2798 3340 μὴ
2843 3267 2922 3340 τῷ
2955 3269 3117 3341 βάρει
3165 3268 3227 3321 τὸ
3269 3268 3438 3340 ὑγρὸν
3483 3266 3624 3337 πρὸς
3645 3269 3718 3320 τὲ

2115 3362 2273 3425 ἐκτὸς
2304 3361 2594 3434 διαπίπτῃ.
2641 3362 2947 3432 Κατάμαθε
2979 3361 3189 3426 πῶς’τά
3223 3364 3326 3433 τῆς
3361 3359 3716 3430 γεωμετρίας

2116 3454 2399 3525 εὑρέματα
2449 3454 2706 3525 πάρεργά
2750 3455 2870 3507 ἐστι
2906 3455 3008 3524 τῆς
3050 3455 3371 3525 σοφωτάτης
3423 3453 3715 3524 μελίσσης.

2129 3544 2428 3614 Ἐξάγωνοι
2461 3546 2573 3616 γὰρ
2616 3546 2792 3598 πᾶσαι
2822 3545 2919 3599 καὶ
2945 3544 3258 3615 ίσόπλευροι
3287 3545 3398 3599 τῶν
3426 3544 3637 3616 κηρίων
3656 3545 3719 3598 αί

2117 3635 2402 3708 σύριγγες,
2430 3639 2533 3690 οὐκ
2564 3639 2650 3691 ἐπ’
2677 3637 2898 3699 εὐθείας
2927 3637 3177 3709 ἀλλήλων
3218 3637 3716 3708 κατεπεκείμεναι,

2117 3729 2208 3784 ἵνα
2254 3730 2328 3802 μὴ
2361 3732 2614 3800 κάμωσιν
2648 3731 2702 3782 οἱ
2727 3730 3030 3802 ’πυθμένες
3066 3733 3182 3794 τοῖς
3223 3731 3495 3792 διακένοις
3537 3731 3715 3801 ἐφηρ-

2118 3821 2401 3890 μοσμένοι,
2442 3819 2557 3873 ἀλλ’
2610 3821 2666 3874 αί
2711 3821 2905 3889 γωνίαι
2957 3821 3065 3874 τῶν
3117 3821 3367 3876 κάτωθεν
3421 3820 3717 3889 ἐξάγωνοι,

2117 3911 2320 3982 βάθρον
2352 3913 2447 3965 καὶ
2481 3912 2720 3983 ἔρεισμα
2760 3914 2882 3977 ταῖς
2929 3913 3038 3967 τῶν
3090 3913 3505 3985 ὑπερκειμένων
3537 3914 3717 3982 ἐστὶν,

2112 4003 2190 4066 ὡς
2217 4003 2480 4072 ἀσφαλῶς
2511 4003 2653 4075 ὑπὲρ
2687 4003 2871 4058 αὑτῶν
2921 4004 3283 4075 μετεωρίζειν
3309 4004 3380 4059 τὰ
3407 4004 3573 4076 βάρη,
3617 4005 3716 4058 καὶ

2117 4095 2428 4159 ἰδιαζόντως
2450 4095 2660 4170 ἑκάστῃ
2693 4097 2968 4168 κοιλότητι
3005 4096 3068 4150 τὸ
3089 4097 3258 4168 ὑγρὸν
3288 4096 3716 4168 ἐγκατέχεσθαι.

2184 4279 2308 4343 Πῶς
2338 4279 2436 4350 μὲν
2465 4259 2523 4333 αἱ
2553 4281 2775 4352 γέρανοι
2820 4278 2922 4346 τὰς
2958 4283 3016 4335 ἐν
3057 4283 3124 4352 τῇ
3156 4281 3316 4334 νυκτὶ
3347 4280 3717 4353 προφυλακὰς

2111 4372 2558 4444 ἐκπεριστροφῆς
2583 4373 2940 4444 ὑποδέχονται
2960 4390 2975 4438 ;
2998 4373 3094 4426 καὶ
3114 4375 3171 4428 αί
3203 4373 3303 4442 μὲν
3328 4372 3713 4436 καθεύδουσιν,

419 4445 618 4506 miunt.
651 4459 760 4500 una
791 4445 844 4498 in
875 4445 1066 4500 orbem
1095 4446 1460 4517 circumiens,
1490 4463 1766 4504 summam
1787 4450 1858 4506 iis
1883 4467 2011 4522 qua:

2117 4466 2231 4536 ἡδὲ
2277 4465 2465 4538 κύκλῳ
2499 4466 2814 4537 περιιοῦσα,
2871 4467 3056 4520 πᾶσαν
3107 4465 3300 4527 αὑταῖς
3342 4467 3400 4516 ἐν
3445 4463 3526 4533 τῷ
3554 4463 3716 4536 ὕπνῳ

418 4537 656 4606 quietem
684 4547 928 4608 captant.
957 4539 1316 4594 securitatem
1358 4539 1650 4608 praebeat?
1677 4541 1807 4598 Haec
1842 4560 2010 4615 porro

2119 4557 2418 4630 παρέχεται
2456 4556 2557 4630 τὴν
2591 4558 2931 4628 ἀσφάλειαν;
2966 4552 3088 4612 εἶτα
3109 4556 3205 4612 τοῦ
3236 4555 3431 4628 καιροῦ
3466 4556 3570 4626 τῆς
3607 4574 3716 4625 φυ-

417 4627 587 4699 528
616 4638 975 4699 posteaquam
1029 4628 1394 4684 excubiarum
1433 4642 1660 4684 munere
1717 4632 2012 4702 perfuncta

2117 4627 2294 4720 λακῆς
2319 4627 2724 4721 πληροῦμένου,
2749 4651 2783 4722 ή
2817 4650 2916 4720 μὲν
2945 4649 3192 4721 βοήσασα
3221 4627 3359 4720 πρὸς
3384 4648 3554 4703 ὕπνον
3585 4651 3716 4722 τρέ-

419 4731 529 4784 est,
549 4721 699 4776 edito
727 4719 973 4775 clamore
1008 4718 1074 4773 ad
1107 4734 1368 4774 somnum
1395 4735 1456 4774 se
1485 4722 1795 4790 convertit;
1833 4724 2013 4780 altera

2117 4718 2298 4806 πεται,
2325 4743 2358 4812 ή
2385 4718 2447 4795 δέ
2472 4718 2572 4813 τὴν
2594 4718 2848 4813 διαδοχὴν
2877 4718 3174 4812 δεξαμένη,
3305 4741 3500 4812 ἔτυχεν
3531 4718 3715 4812 ἀσφα-

420 4823 601 4867 autem
632 4813 682 4868 ei
713 4811 1049 4876 succedens.
1078 4811 1330 4870 eamdem
1360 4825 1471 4880 qua
1505 4813 1669 4868 modo
1716 4815 2012 4871 fruebatur

2117 4834 2278 4897 λείας,
2311 4811 2635 4889 ἀντέδωκεν.
2669 4811 2892 4904 Ταύτην
2927 4811 3025 4888 καὶ.
3053 4835 3113 4887 ἐν
3141 4811 3208 4905 τῇ
3232 4811 3450 4905 *πτήσει
3477 4833 3582 4904 τὴν
3613 4811 3705 4887 εὑ-

422 4905 779 4960 securitatem
847 4904 952 4975 ipsi
1007 4903 1287 4973 rependit.
1349 4903 1495 4970 Quin
1569 4905 1716 4960 hanc
1783 4923 2011 4979 quoque

2117 4925 2300 4990 ταξίαν
2354 4926 2602 4996 κατόψει.
2660 4925 2888 4980 Ἀλλοτε
2949 4925 3060 4997 γὰρ
3128 4903 3262 4997 ἄλλη
3485 4903 3713 4997 ὁδηγίαν

423 4995 478 5050 in
509 5011 698 5052 earum
733 4997 916 5052 volatu
964 4996 1319 5066 disciplinam
1355 4996 1681 5067 perspicies.
1711 4998 1865 5055 Alias
1924 5009 2011 5057 et-

2117 5016 2439 5088 διαδέχεται,
2489 4995 2584 5072 καὶ
2627 5017 2827 5071 τακτόν
2864 5034 2988 5072 τινα
3023 4995 3217 5088 χρόνον
3250 4995 3710 5090 προκαθηγήσα-

418 5089 566 5143 enim
596 5089 702 5143 alia
770 5088 1007 5144 ducendi
1059 5087 1297 5158 agminis
1357 5087 1701 5158 provinciam
1749 5093 2009 5164 suscipit,

2117 5111 2252 5181 μένη
2286 5087 2391 5179 τῆς
2425 5109 2703 5179 πτήσεως,
2735 5110 2816 5172 είς
2842 5108 2904 5162 τὸ
2928 5087 3161 5164 κατόπιν
3206 5087 3606 5181 περιελθοῦσα,
3638 5113 3708 5181 τῇ

419 5193 656 5249 eumque
677 5188 835 5235 certo
861 5177 1131 5248 temporis
1155 5177 1338 5247 spatio
1363 5186 1496 5233 ante
1527 5186 1762 5235 caeteras
1787 5182 2008 5238 volave-

2118 5177 2435 5270 immota»;
2466 5177 2566 5270 τήν
2605 5199 2906 5271 ἡγεμονίαν
2937 5201 3034 5272 τῆς
3063 5201 3188 5256 ὁδοῦ
3211 5177 3575 5273 παραδίδωσι.

419 5271 515 5334 rit,
577 5278 696 5326 tum
744 5282 889 5326 retro
944 5286 1004 5326 se
1069 5269 1343 5334 referens,
1396 5271 1446 5324 ei
1477 5285 1603 5341 qua:
1657 5287 1720 5328 se
1754 5274 2008 5343 sequitur
2392 5269 2398 5270 7
2525 5269 2532 5270 7
2629 5269 2635 5270 7
2717 5269 2726 5271 7
2779 5304 2782 5306 -

418 5363 660 5419 ducendi
687 5379 897 5419 munus
929 5363 1238 5420 contradit.

490 5456 637 5513 Ibid.
783 5457 940 5524 Quod
1009 5473 1143 5512 vero
1181 5457 1249 5512 ad
1305 5457 1558 5512 ciconias
1631 5457 1852 5523 attinet,
1893 5474 2004 5514 non

2186 5465 2258 5517 Τὸ
2299 5465 2356 5519 δὲ
2402 5466 2508 5519 τῶν
2539 5465 2834 5538 πελαργῶν
2866 5467 3020 5522 οὐδὲν
3066 5469 3254 5542 πόρῤω
3286 5471 3402 5524 ἐστὶ
3437 5471 3707 5536 συνέσεως

420 5549 715 5607 admodum
772 5550 838 5605 ad
881 5550 1268 5623 animantium
1358 5549 1576 5628 ratione
1640 5552 2005 5620 praeditorutu

2117 5552 2339 5624 λογικῆς
2359 5571 2373 5585 ο
2401 5554 2546 5609 οὕτω
2579 5557 2678 5628 μὲν
2705 5557 2800 5612 οὑν
2824 5559 2968 5614 κατά
2997 5559 3093 5616 ἕνα
3127 5560 3316 5632 καιρὸν
3339 5562 3552 5627 πάντας
3585 5565 3707 5618 ἐπι-

1707 5706 1795 5762 VA
1805 5706 1946 5762 RUE
1995 5709 2291 5768 LECTION
2302 5713 2406 5770 ES.

488 5819 519 5862 1ο
549 5818 713 5890 Lego,
735 5823 828 5877 καί
854 5822 963 5877 δᾶν
993 5818 1050 5891 ᾗ.
1079 5823 1238 5882 Deest
1268 5823 1381 5878 haec
1413 5823 1672 5892 periodus
1706 5824 1760 5880 in
1792 5826 1983 5881 editis.
2060 5838 2083 5867 ο
2117 5828 2266 5886 Edit.
2301 5835 2548 5904 φρεατίς.
2584 5837 2668 5890 Al.
2704 5839 2991 5906 φρεατεία,
