4028 6406
363 349 496 415 1577

1667 353 1902 413 ΞΛΟΒΑ
1945 353 2032 414 ΡΑ
2043 350 2406 412 RALLELA.

3494 357 3631 421 1578

358 469 550 538 δημεῖν
601 469 711 530 τοῖς
759 464 884 539 τῇδε
933 463 1172 539 χωρίοις,
1215 463 1356 518 οὕτω
1395 464 1452 518 δὲ
1490 466 1577 533 ὑφ’
1621 465 1700 518 ἐνὶ
1749 463 1940 534 συνθή-

2049 463 2328 532 sapientia
2357 471 2626 518 remotum
2655 464 2757 520 hoc
2778 477 2952 535 genus
2976 462 3265 518 volucrum
3291 475 3396 522 est.
3431 467 3637 525 Omnes

362 578 494 631 ματι
551 560 757 626 πάντας
810 560 1090 632 ἀπαίρειν.
1125 558 1494 629 Δορυιροροῦσι
1541 558 1598 611 δὲ
1643 558 1844 620 αὐτοὺς
1887 560 1940 610 αἱ

359 650 489 722 παρ’
515 652 646 722 ἡμῖν
682 650 938 722 κορῶναι,
971 652 1067 704 καὶ
1097 649 1592 722 παραπέμπουσιν,
1619 648 1743 718 ἐμοὶ
1772 647 1940 711 δοκεῖ,

359 747 453 798 καὶ
489 744 808 814 συμμαχίαν
845 742 970 797 τινὰ
1011 742 1332 814 ποιούμεναι
1367 742 1502 814 πρὸς
1537 741 1758 810 ὄρνιθας
1793 740 1945 793 πολεο

361 835 537 904 μίους.
572 836 804 906 Σημεῖον
835 836 890 889 δὲ
921 835 1138 906 πρῶτον
1174 835 1272 905 μὲν
1304 834 1364 886 τὸ
1407 834 1482 905 μὴ
1517 834 1801 901 φαίνεσθαι
1839 831 1943 885 ὑπὸ

357 927 448 979 τὸν
480 927 668 997 καιρὸν
707 927 938 998 ἐκεῖνον
963 927 1212 998 κορώνην
1258 927 1603 980 παντάπασιν
1629 942 1641 954 ο
1672 907 1861 976 ἔπειτα
1886 925 1943 976 δὲ

356 1019 438 1071 ὅτι
469 1019 608 1089 μετὰ
631 996 958 1090 τραυμάτων
983 1017 1432 1089 ἐπανερχόμεναι,
1464 1015 1666 1086 ἐναργῆ
1693 1015 1787 1067 τοῦ
1820 1033 1942 1068 συν-

356 1109 632 1182 ασπισμοῦ
673 1111 766 1164 καὶ
804 1111 902 1182 τῆς
925 1111 1245 1182 συμμαχίας
1274 1109 1344 1163 τὰ
1380 1111 1582 1179 σημεῖα
1633 1108 1938 1179 κομίζουσι.

357 1204 455 1268 Τίς
490 1205 619 1276 παρ’
641 1204 829 1269 αὐταῖς
852 1205 976 1269 τοὺς
1002 1204 1102 1275 τῆς
1133 1203 1433 1275 φιλοξενίας
1457 1204 1674 1275 διώρισε
1705 1202 1939 1272 νόμους;

357 1295 454 1360 Τίς
469 1297 660 1361 αὑταῖς
677 1296 972 1368 ἠπείλησεν
989 1297 1331 1364 λειποταξίου
1352 1296 1586 1369 στρατοῦ
1611 1296 1851 1368 γραφὴν,
1868 1296 1944 1359 ὡς

359 1389 633 1458 μηδεμίαν
648 1389 1040 1445 ἀπολείπεσθαι
1057 1390 1158 1460 τῆς
1177 1392 1541 1462 προπομπῆς;
1571 1389 1942 1444 Ἀκουέτωσαν

355 1479 404 1531 οἱ
430 1479 736 1546 κακόξενοι,
767 1481 815 1534 οί
833 1480 943 1547 ,τὰς
961 1480 1130 1553 θύρας
1159 1483 1453 1546 κλείοντες,
1471 1484 1564 1537 καὶ
1587 1482 1722 1553 μηδὲ
1743 1483 1943 1551 στέγης

356 1571 417 1624 ἐν
453 1571 683 1642 χειμῶνι
728 1573 820 1626 καὶ
843 1572 998 1626 νυκτὶ¹
1026 1576 1139 1638 τοῖς
1176 1573 1503 1645 ἐπιδημοῦσι
1543 1574 1938 1644 μεταδιδόντες.

367 1665 432 1718 Ἠ
458 1665 513 1718 δὲ
549 1667 677 1736 περὶ
710 1667 835 1730 τοὺς
860 1667 1214 1739 γηράσαντας
1241 1668 1348 1721 τῶν
1396 1667 1685 1739 πελαργῶν
1716 1667 1942 1738 πρόνοια

355 1756 577 1828 ἐξαρκεῖ
613 1758 740 1822 τοὺς
782 1759 978 1823 παῖδας
1024 1759 1201 1831 ἡμῶν,
1235 1761 1284 1812 εί
1319 1759 1608 1832 προσέχειν
1641 1759 1938 1828 βούλοιντο,

1993 593 2000 602 .
2047 557 2238 627 itaque
2297 571 2409 610 uno
2471 557 2780 628 eodemQue
2833 567 3086 628 tempore
3137 557 3203 612 ad
3239 558 3339 613 has
3376 561 3636 631 regiones

2046 657 2383 715 commeant,
2423 665 2488 704 ac
2517 665 2718 706 rursus
2753 651 2880 706 inde
2925 665 3122 706 omnes
3170 651 3319 706 velut
3366 668 3478 707 uno
3504 653 3636 707 dato

2046 737 2210 809 signo
2241 747 2298 794 et
2336 741 2594 795 condicto
2635 741 2918 795 recedunt.
2967 741 3182 813 Stipant
3226 758 3393 812 porro
3440 724 3535 800 eas
3580 752 3634 799 et

2049 833 2445 902 prosequendo
2501 833 2788 888 deducunt
2819 843 3018 890 nostrae
3073 835 3349 901 cornices,
3381 837 3506 892 belli
3539 853 3634 891 so-

2047 925 2248 980 cietate
2293 927 2639 996 quadam,ut
2684 942 2832 990 reor,
2865 927 3132 982 adversus
3193 928 3447 984 inimicas
3502 944 3635 983 aves

2047 1016 2211 1072 facta.
2266 1020 2609 1089 Argumenta
2669 1020 2805 1073 illud
2859 1019 2954 1080 sit.
3015 1021 3252 1088 primum
3287 1023 3431 1091 quod
3477 1023 3633 1076 nulla

2045 1113 2273 1164 omnino
2297 1124 2362 1164 eo
2409 1119 2658 1180 tempore
2691 1111 2885 1166 cornix
2917 1120 3214 1179 cernatur;
3247 1112 3445 1168 deinde
3486 1118 3636 1182 qunti

2044 1216 2168 1256 cum
2213 1202 2538 1258 vulneribus
2634 1204 2954 1268 redeuntes,
2996 1205 3294 1276 perspicua
3319 1223 3637 1278 propugna-

2048 1293 2216 1348 tinnis
2243 1302 2296 1347 et
2335 1293 2652 1348 commilitii
2712 1294 2870 1366 signa
2929 1295 3193 1352 referant.
3247 1297 3454 1368 Ecquis
3503 1309 3636 1355 vero

2044 1385 2193 1456 apud
2247 1401 2344 1443 eas
2395 1387 2798 1456 hospitalitatis
2826 1390 3168 1460 praescripsit
3211 1391 3398 1462 leges?
3432 1391 3636 1463 Ecquis

2044 1479 2278 1534 desertae
2312 1478 2523 1533 militiae
2547 1479 2886 1536 delationem
2921 1486 3302 1540 comminatus
3325 1494 3431 1546 est,
3473 1495 3531 1540 ut
3566 1502 3637 1542 ne

2043 1586 2152 1642 qua
2203 1572 2272 1626 ab
2322 1573 2427 1626 hoc
2459 1572 2726 1627 comitatu
2771 1574 2952 1630 absit?
2981 1575 3229 1631 Audiant
3286 1576 3404 1631 haec
3434 1579 3527 1648 qui
3565 1580 3636 1634 ab

2043 1665 2440 1734 hospitalitatis
2489 1666 2678 1720 studio
2731 1665 3060 1735 abhorrent,
3123 1669 3219 1739 qui
3285 1669 3439 1726 fores
3500 1686 3634 1727 suas

2044 1757 2331 1820 claudunt,
2369 1772 2433 1812 ac
2463 1772 2531 1812 ne
2570 1765 2774 1814 tectum
2805 1759 3028 1830 quidem
3065 1762 3119 1816 in
3147 1761 3326 1817 hieme
3354 1769 3636 1834 noctuque

355 1849 722 1921 φιλοπάτορας
761 1852 1124 1921 καταστῆσαι.
1177 1853 1402 1916 Πάντως
1435 1852 1543 1920 γὰρ
1569 1851 1742 1913 οὐδεὶς
1769 1849 1940 1912 οὕτως

2046 1851 2793 1922 peregrinisimpertiuntur.
2838 1855 2908 1907 At
2935 1869 3068 1909 vero
3112 1855 3455 1911 ciconiarum
3497 1871 3634 1929 erga

354 1943 617 1997 ἐλλείπων
657 1943 801 1997 κατὰ
831 1947 928 2013 τὴν
963 1944 1250 2014 φρόνησιν,
1281 1944 1356 2005 ὡς
1390 1943 1464 2014 μὴ
1495 1943 1760 2013 αἰσχύνης
1790 1941 1940 2006 ἄξιον

352 2037 562 2106 κρίνειν
587 2035 696 2089 τῶν
718 2033 1075 2104 ἀλογωτάτων
1099 2034 1326 2105 ὀρνίθων
1345 2033 1651 2104 ὑστερίζειν
1673 2032 1793 2086 κατ’
1813 2035 1942 2103 ἀρε-

350 2128 472 2198 τήν.
515 2127 744 2180 Ἐκεῖνοι
796 2125 900 2197 γάρ
947 2126 1038 2180 τὸν
1088 2125 1302 2198 πατέρα
1341 2125 1447 2178 ὑπὸ
1483 2127 1669 2196 γήρως
1707 2126 1940 2196 πτερορο

352 2221 638 2292 ρυήσαντα.
685 2222 743 2274 ὲν
781 2219 967 2290 κύκλῳ
1001 2220 1114 2283 τοῖς
1151 2220 1376 2282 οίκείοις
1410 2221 1632 2288 πτεροῖς
1680 2216 1942 2288 περιϐάλ-

352 2327 570 2378 πουσιν,
607 2311 701 2365 καὶ
734 2311 833 2374 τὰς
866 2310 1074 2382 τροφάς
1115 2309 1366 2380 ἀφθόνως
1401 2307 1938 2379 παρασκευάζοντες,

350 2403 449 2475 τὴν
478 2403 714 2476 δυνατὴν
735 2404 830 2457 καὶ
855 2405 914 2457 ὲν
942 2407 1007 2475 τῇ
1048 2404 1246 2474 πτήσει
1278 2400 1763 2474 παρασκευάζουσι
1809 2399 1942 2470 βοή-

350 2497 526 2559 θειαν,
545 2497 727 2568 ἠρέμα
751 2497 828 2568 τῷ
851 2496 1035 2568 πτερῷ
1061 2497 1413 2568 κουφίζοντες
1435 2494 1798 2565 ἑκατέρωθεν.
1831 2493 1944 2546 Καὶ

350 2587 495 2642 οὕτω
527 2589 686 2643 τοῦτο
721 2589 872 2661 παρὰ
913 2591 1048 2643 πᾶσι
1081 2588 1457 2658 διαϐεϐόηται,
1489 2586 1630 2640 ὥστε
1662 2585 1762 2657 ἤδη
1796 2583 1942 2648 τινὲς

345 2681 451 2752 τὴν
496 2681 606 2734 τῶν
665 2682 1126 2754 εὐεργετημάτων
1179 2680 1535 2736 ἀνταπόδοσιν
1583 2675 1941 2744 ἀντιπελάρ-

348 2787 540 2840 τωσιν
563 2771 876 2844 ὀνομάζειν.
1027 2777 1040 2786 ’

2047 1943 2172 1999 illas
2221 1959 2344 2013 quze
2401 1953 2820 2000 consenuerunt
2871 1946 3120 2001 studium
3155 1956 3210 2002 et
3243 1963 3378 2003 cura
3405 1948 3631 2016 sufficit,

2047 2032 2113 2086 ad
2149 2033 2318 2100 filios,
2361 2033 2408 2089 si
2434 2035 2676 2104 adjicere
2710 2036 2955 2091 animum
3007 2039 3202 2107 velint,
3237 2040 3305 2094 ad
3339 2049 3633 2110 parentum

2047 2139 2289 2180 amorem
2323 2127 2675 2184 excitandos.
2719 2128 2963 2184 Omnino
2999 2131 3148 2186 enim
3185 2147 3348 2187 nemo
3375 2141 3488 2187 tam
3517 2135 3636 2188 exi-

2045 2231 2150 2287 gua
2208 2217 2475 2289 praeditus
2520 2220 2814 2290 prudentia
2857 2230 2963 2288 est,
2996 2225 3090 2294 qui
3137 2238 3252 2278 non
3281 2233 3446 2294 turpe
3507 2239 3635 2281 esse

2045 2318 2337 2365 censeata
2399 2309 2784 2368 stolidissimis
2837 2314 3037 2370 avibus
3098 2316 3308 2371 virtute
3356 2319 3630 2387 superari.

2047 2399 2340 2456 Enimvero
2389 2409 2603 2471 patrem
2655 2403 2764 2460 illae
2805 2419 2920 2476 prae
2956 2414 3180 2462 senecta
3217 2408 3539 2477 implumcm
3574 2409 3633 2464 in

2041 2493 2230 2547 orbem
2291 2495 2750 2560 circumstantes,
2805 2500 3006 2568 pennis
3054 2501 3173 2556 suis
3223 2503 3544 2566 confovent,
3579 2511 3637 2558 et

2043 2582 2273 2652 copiosa
2334 2586 2439 2656 ipsi
2488 2587 2749 2642 alimenta
2797 2590 3318 2656 subministrantes,
3355 2594 3410 2648 in
3442 2595 3632 2649 volatu

2047 2690 2290 2746 quoque,
2327 2693 2492 2748 quam
2549 2688 2808 2750 possunt,
2843 2697 3004 2753 opem
3065 2681 3272 2748 ferunt,
3310 2687 3634 2758 sensimque

2049 2783 2113 2822 ac
2147 2769 2346 2827 leviter
2389 2786 2515 2826 eum
2571 2773 2769 2842 pennis
2823 2775 2942 2830 suis
3006 2777 3271 2847 utrinque
3319 2777 3630 2832 sublevant.

345 2867 532 2939 Atque
577 2869 680 2924 hoc
734 2869 807 2922 ita
858 2868 1137 2924 hominum
1188 2844 1546 2924 sermonibus
1579 2866 1915 2921 celebratum
1972 2871 2078 2928 est,
2143 2874 2201 2920 ut
2264 2867 2429 2922 etiam
2496 2869 2748 2924 nonnulli
2816 2879 3171 2940 acceptorum
3237 2871 3630 2928 beneficiorum

349 2961 760 3015 retaliationcm
795 2959 1271 3030 ἀντιπελάργωσιν
1299 2961 1640 3030 appellitent.

421 3053 628 3125 Μηδεὶς
695 3053 888 3108 πενίαν
942 3053 1240 3126 όδυρέσθω,
1312 3056 1448 3125 μηδὲ
1515 3055 2015 3125 άπογινωσκέτωο

348 3146 547 3201 ἑαυτοῦ
569 3147 668 3217 τὴν
696 3145 860 3219 ζωὴν,
887 3149 916 3201 ό
949 3147 1218 3218 μηδεμίαν
1251 3149 1390 3200 οίκοι
1422 3147 1744 3217 περιουσίαν
1769 3162 1942 3200 κατα-

347 3240 548 3308 λιπὼν,
593 3240 729 3312 πρὸς
785 3241 846 3294 τὸ
895 3242 993 3311 τῆς
1030 3240 1295 3311 χελιδόνος
1343 3241 1654 3312 εὐμήχανον
1709 3238 1944 3292 ἀποϐλέ-

349 3351 494 3386 πων.
540 3333 753 3404 Ἐκείνη
800 3333 909 3404 γὰρ
961 3334 1060 3404 τὴν
1112 3333 1305 3386 καλιὰν
1356 3331 1797 3403 πηγνυμένη,τὰ
1843 3330 1943 3400 μὲν

349 3422 542 3494 κάρφη
584 3421 662 3494 τῷ
717 3423 947 3494 στόματι
989 3423 1318 3494 διακομίζει,
1353 3421 1523 3492 πηλὸν
1558 3423 1616 3476 δὲ
1648 3425 1758 3486 τοῖς
1785 3423 1941 3474 ποσὶν

349 3510 485 3584 ἆραι
524 3512 598 3585 μὴ
631 3514 924 3587 δυναμένη,
957 3514 1026 3567 τὰ
1063 3517 1208 3585 ἄκρα
1234 3513 1344 3568 τῶν
1385 3514 1560 3568 ποδῶν
1593 3513 1744 3566 ὕδατι
1773 3531 1936 3566 καταο

351 3605 617 3676 ϐρέξασα,
677 3603 796 3660 εἶτα
866 3609 932 3679 τῇ
1008 3606 1314 3678 λεπτοτάτῃ
1376 3607 1523 3661 κόνει
1577 3604 1935 3674 ἐνειληθεῖεα,

349 3690 526 3762 ὁῦτως
560 3698 766 3751 ἐπινοεῖ
793 3697 886 3752 τοῦ
923 3697 1094 3769 πηλοῦ
1131 3700 1230 3770 τὴν
1271 3700 1485 3769 χρείαν,
1525 3699 1621 3750 καὶ
1675 3699 1817 3750 κατὰ
1854 3714 1941 3765 μι-

352 3791 485 3861 κρὸν
537 3791 788 3862 ἀλλήλοις
842 3795 910 3845 τὰ
955 3792 1142 3863 κάρφη
1192 3787 1305 3844 οἷον
1350 3791 1514 3862 κόλλῃ
1542 3791 1647 3844 τινὶ
1675 3790 1753 3861 τῷ
1785 3789 1940 3860 πηλῷ

355 3881 689 3953 συνδήσασα,
713 3885 772 3936 ἐν
796 3884 932 3957 αὐτῇ
960 3886 1086 3949 τοὺς
1111 3884 1366 3947 νεοσσοὺς
1404 3884 1682 3955 ἐκτρέφει.
1717 3878 1816 3938 Ὦν
1844 3884 1941 3936 ἐὰν

350 3992 440 4038 τις
469 3978 772 4048 ἐκκεντήσῃ
821 3978 890 4032 τὰ
930 3977 1177 4048 ὄμματα,
1213 3977 1325 4048 ἔχει
1366 3976 1485 4029 τινὰ
1521 3975 1673 4046 παρὰ
1701 3977 1799 4046 τῆς
1836 3977 1940 4038 φύν

355 4089 496 4134 σεως
526 4073 791 4142 ἰατρείαν,
835 4071 902 4124 δι’
943 4067 1010 4143 ἧς
1050 4072 1184 4142 πρὸς
1234 4071 1422 4140 ὑγείαν
1472 4070 1800 4141 ὲπαναγάγῃ
1829 4068 1940 4120 τῶν

351 4163 595 4232 ἐγγόνων
650 4163 748 4226 τὰς
797 4162 969 4232 ὄψεις,
1023 4162 1210 4218 Ταῦτά
1259 4181 1318 4216 σε
1371 4163 1693 4216 νουθετείτω
1731 4163 1805 4232 μὴ
1852 4160 1938 4213 διὰ

354 4255 546 4307 πενίαν
567 4255 703 4326 πρὸς
739 4255 1075 4327 κακουργίαν
1097 4255 1416 4328 τρέπεσθαι,
1449 4254 1580 4325 μηδὲ
1622 4255 1816 4317 ἐντοῖς
1848 4269 1937 4323 χα-

351 4348 691 4409 λεπωτάτοις
756 4349 984 4404 πάθεσιν
1044 4351 1225 4403 πᾶσαν
1301 4349 1494 4402 ἐλπίδα
1554 4347 1938 4420 ἀπορρίψαντα

352 4442 638 4512 ἄπρακτον
689 4440 902 4494 κεῖσθαι
949 4442 1045 4496 καὶ
1095 4442 1475 4513 ἁνενέργητον,
1522 4441 1637 4494 ἀλλ’
1681 4439 1772 4493 ἐπὶ
1806 4439 1938 4492 Θεὸν

351 4534 714 4602 καταφυγεῖν,
745 4533 804 4596 ὃς
842 4534 890 4586 εί
919 4533 1148 4604 χελιδόνι
1185 4534 1411 4587 τοιαῦτα
1444 4531 1752 4604 χαρίζεται,
1785 4531 1938 4604 πόσῳ

354 4628 542 4698 μεῖζον
570 4626 842 4681 ἀποδώσει
872 4629 984 4690 τοῖς
1022 4625 1080 4692 ἐξ
1117 4626 1244 4700 ὅλης
1277 4627 1508 4698 καρδίας
1546 4626 1938 4696 ἐπιϐοωμένοις

351 4718 518 4774 αὐτόν
540 4735 556 4784 ;

427 4799 682 4864 Ἀλκυὼν
717 4811 1095 4865 ἐπιθαλάττιον
1126 4810 1331 4883 ὄρνεον·
1380 4809 1518 4880 αὕτη
1570 4811 1702 4881 παρ’
1740 4810 1940 4872 αὐτοὺς

349 4905 634 4957 νοσσεύειν
671 4905 800 4966 τοὺς
841 4903 1121 4971 αἰγιαλοὺς
1169 4903 1446 4972 πέφυκεν,
1506 4902 1591 4955 ἐπ’
1644 4903 1816 4972 αὐτῆς
1871 4900 1940 4955 τά

347 4995 436 5048 tbi:
499 4994 600 5065 τῆς
655 4995 887 5066 ψάμμου
950 4993 1318 5064 καταθεμένη,
1352 4995 1448 5046 καὶ
1501 4991 1747 5046 νοσσεύει
1796 4993 1938 5045 κατᾶ

351 5087 523 5160 μέσον
559 5105 661 5140 που
692 5087 785 5139 τοῦ
815 5087 1107 5158 χειμῶνος,
1130 5087 1217 5140 ὅτε
1241 5084 1453 5148 πολλοῖς
1481 5084 1575 5137 καὶ
1598 5083 1792 5154 βιαίοις
1814 5083 1938 5136 ἀνέ-

350 5198 478 5254 μοις
508 5182 541 5251 ἡ
583 5179 828 5234 θάλασσα
855 5181 921 5251 τῇ
953 5180 1023 5250 γῇ
1062 5176 1556 5250 προσ[α]ράσσεται
1578 5191 1591 5207 ·
1627 5175 1745 5229 ἀλλ’
1785 5176 1938 5244 ὅμως

347 5272 696 5345 κοιμίζονται
721 5273 922 5337 πάντες
952 5273 1165 5342 ἄνεμοι,
1208 5271 1474 5342 ἡσυχάζει
1527 5270 1585 5323 δὲ
1632 5269 1740 5322 πᾶν
1786 5267 1937 5338 κῦμα

347 5367 669 5433 θαλάσσιον,
703 5368 832 5422 ὅταν
874 5365 1090 5420 ἀλκυὼν
1123 5365 1364 5428 ἐπωὰζει
1393 5363 1492 5426 τὰς
1513 5361 1655 5416 ἑπτὰ
1696 5360 1934 5431 ἡμέρας.

358 5463 456 5516 Ἐν
506 5461 794 5525 τοσαύταις
836 5459 946 5533 γὰρ
987 5459 1176 5531 μόναις
1224 5457 1446 5511 ἐκλέπει
1488 5455 1616 5519 τοὺς
1664 5453 1935 5516 νεοττούς.

360 5553 585 5624 Ἐπειδὴ
617 5553 714 5607 καὶ
741 5551 952 5624 τροφῆς
974 5551 1111 5622 αὐτῇ
1145 5549 1326 5620 χρεία,
1354 5548 1519 5609 ἄλλας
1546 5546 1688 5599 ἑπτὰ
1719 5545 1935 5616 ἡμέρας

348 5646 490 5718 πρὸς
517 5647 615 5718 τὴν
647 5644 757 5698 τῶν
784 5643 1017 5697 νεοττῶν
1045 5641 1273 5712 αὔξησιν
1307 5643 1335 5695 ὁ
1379 5641 1758 5711 μεγαλόδωρος
1798 5638 1935 5700 Θεὸς

347 5739 431 5810 τῷ
471 5739 783 5810 μικροτάτῳ
827 5736 952 5807 ζὼῳ
993 5737 1315 5808 παρέσχετο.
1349 5736 1514 5788 Ὥστε
1559 5733 1653 5786 καὶ
1682 5730 1931 5785 ναυτικοὶ

350 5832 560 5897 πάντες
593 5831 738 5885 ἴσασι
766 5830 946 5892 τοῦτο,
974 5829 1069 5882 καὶ
1113 5827 1450 5891 ἁλκυωνίδας
1488 5827 1584 5890 τάς
1621 5824 1762 5878 ἑπτὰ
1797 5822 1934 5894 ἡμέ-

703 5929 975 5987 ΡΑτιιοι.
1023 5926 1137 5983 Gn.
1191 5925 1367 5983 XM".

2127 3047 2569 3103 Ibid.—-—Nemo
2629 3062 3011 3122 paupertatem
3067 3067 3222 3108 suam
3283 3054 3495 3110 idcirco
3554 3057 3636 3110 la-

2049 3150 2348 3206 mentetur,
2417 3143 2777 3212 animumque
2842 3143 3203 3214 despondeat,
3242 3147 3390 3216 quod
3452 3148 3634 3204 nullas

2048 3233 2192 3287 deuti
2221 3234 2444 3289 relictas
2477 3248 2614 3302 opes
2655 3234 2857 3289 habeat
2884 3254 2902 3301 ;
2961 3252 3155 3292 verum
3186 3238 3507 3296 hirundinis
3539 3255 3634 3297 so-

2048 3327 2261 3380 lertiam
2313 3327 2384 3380 ob
2409 3328 2603 3382 oculos
2661 3337 2931 3398 proponat
2973 3329 3102 3384 sibi.
3159 3331 3298 3385 Nam
3358 3332 3474 3402 ipsa
3501 3334 3632 3388 dum

2048 3419 2239 3474 nidum
2295 3419 2473 3490 ﬁngit,
2515 3420 2786 3475 festucam
2841 3421 3070 3490 quidem
3090 3437 3188 3478 ore
3240 3432 3442 3494 gestat,
3499 3441 3628 3480 cum

2047 3521 2228 3568 autem
2288 3513 2464 3568 lutum
2500 3513 2737 3582 pedibus
2771 3513 2916 3569 ferre
2955 3523 3213 3584 nequeat,
3251 3531 3501 3573 summus
3531 3533 3630 3588 pe-

2045 3605 2142 3659 des
2178 3618 2319 3673 aqua
2359 3605 2542 3674 tingit,
2579 3613 2700 3658 tum
2718 3605 2918 3660 deinde
2951 3605 3019 3658 in-
3041 3605 3378 3662 tenuissimo
3400 3608 3630 3677 pulvere

2046 3697 2316 3759 volutata,
2360 3697 2454 3750 lu—ti
2484 3711 2708 3752 usuram
2743 3697 2825 3752 sic
2853 3697 3319 3765 comminiscitur,
3365 3709 3426 3754 ut
3451 3699 3630 3756 festu-

2045 3788 2130 3840 cis
2161 3786 2298 3851 lu-to,
2339 3802 2448 3842 non
2477 3801 2639 3842 secus
2661 3801 2726 3841 ac
2770 3785 3044 3841 bitumine
3066 3787 3330 3857 quodam,
3363 3788 3630 3858 paula-tim

2045 3877 2188 3932 inter
2212 3893 2272 3933 se
2319 3879 2650 3947 compactis,
2687 3893 2822 3934 suos
2856 3878 2969 3933 illic
2993 3879 3177 3948 pullos
3207 3879 3341 3933 alat.
3381 3878 3631 3946 Quorum

2044 3971 2089 4025 si
2137 3970 2261 4040 quis
2293 3972 2488 4025 oculos
2532 3972 2810 4041 punxerit,
2843 3987 2870 4023 a
2913 3979 3109 4025 natura
3164 3971 3493 4026 medicinam
3531 3973 3631 4027 ha-

2046 4063 2158 4126 bet,
2186 4077 2280 4128 per
2309 4076 2474 4132 qttam
2505 4062 2713 4115 Iuntina
2751 4061 3030 4131 pullorum
3085 4062 3391 4132 integritati
3460 4065 3630 4118 resti-

2043 4161 2184 4208 tuat.
2211 4155 2336 4206 Haec
2373 4163 2427 4208 te
2457 4153 2809 4220 admoneant,
2862 4169 2931 4208 ne
2979 4155 3325 4225 paupertatis
3351 4169 3522 4211 causa
3560 4156 3632 4211 ad

2045 4247 2478 4316 perpetrandum
2513 4247 2696 4302 scelus
2718 4253 2776 4301 te
2807 4247 3086 4311 conferas,
3120 4261 3221 4302 nec
3252 4247 3306 4301 in
3337 4248 3628 4304 atrocisi-

2045 4339 2149 4394 mis
2204 4337 2616 4393 calamitatibus
2680 4339 2837 4392 omni
2872 4351 2969 4407 spe
3035 4337 3274 4408 abiecta,
3326 4339 3518 4409 segnis
3565 4348 3624 4395 et

1972 4405 2016 4459 D
2044 4431 2297 4502 torpidus
2325 4431 2538 4501 jaceas,
2589 4443 2780 4485 verum
2823 4405 3116 4486 rid—Deum
3147 4405 3462 4501 confugias,
3527 4433 3626 4501 qui

2043 4524 2088 4578 si
2141 4524 2272 4577 talia
2305 4531 2566 4593 tantaque
2602 4524 2851 4593 impertit
2906 4523 3223 4588 hirundini,
3259 4533 3476 4593 quanto
3505 4539 3626 4578 ma»

2038 4615 2160 4685 jora
2212 4613 2326 4668 illis
2374 4614 2610 4670 daturus
2660 4623 2768 4680 est,
2800 4614 2896 4686 qui
2953 4630 3022 4670 ex
3067 4622 3186 4669 toto
3216 4614 3386 4669 corde
3443 4615 3622 4685 ipsum

2044 4702 2381 4775 implorant?
3521 4725 3525 4730 '

2116 4797 2307 4868 Ejusd.
2338 4799 2635 4869 —-Alcyon
2685 4800 2901 4853 marina
2960 4805 3045 4854 est
3077 4800 3218 4865 avis,
3261 4813 3386 4870 quae
3423 4800 3476 4854 in
3505 4800 3628 4871 ipsa

2041 4891 2158 4961 ripa
2221 4891 2484 4953 nidulari,
2536 4900 2704 4962 atque
2732 4893 2788 4946 in
2820 4893 2936 4961 ipsa
2969 4906 3139 4947 arena
3178 4883 3280 4946 uva
3305 4907 3407 4948 sua
3459 4909 3624 4965 repo-

2042 4998 2176 5040 nere
2221 4985 2532 5039 consuevit.
2580 4969 2665 5038 Ac
2695 4984 2918 5056 quidem
2950 4985 3129 5038 media
3168 4983 3284 5039 fere
3317 4986 3499 5040 hieme
3527 5003 3626 5056 pa-

2041 5078 2134 5142 rit,
2168 5077 2273 5130 hoc
2314 5084 2424 5142 est,
2453 5091 2578 5132 cum
2611 5077 2805 5132 multis
2851 5085 2902 5130 et
2929 5077 3192 5146 gravibus
3241 5077 3417 5132 ventis
3472 5093 3626 5134 mare

2043 5179 2203 5226 terra;
2266 5169 2536 5224 a'llitlitur.
2572 5167 2638 5222 Et
2701 5181 2880 5224 tamen
2925 5169 3076 5223 venti
3105 5182 3296 5224 omnes
3337 5170 3622 5237 sedantur,

2043 5274 2207 5335 atque
2247 5278 2445 5320 omnes
2495 5262 2664 5334 529
2710 5262 2882 5317 maris
2920 5259 3125 5317 fluctus
3181 5264 3620 5331 conquiescunt,

2041 5355 2170 5411 dum
2201 5371 2300 5426 per
2319 5363 2528 5425 septem
2555 5356 2675 5409 dies
2698 5355 2889 5426 alcyon
2916 5355 3038 5408 ovis
3067 5353 3315 5407 incubat.
3345 5350 3450 5406 Tot
3470 5353 3626 5407 enim

2043 5449 2313 5504 duntaxat
2364 5447 2564 5503 diebus
2595 5447 2779 5518 pullos
2828 5447 3095 5501 excludit.
3139 5445 3410 5510 Quoniam
3437 5451 3624 5498 autem

2041 5541 2169 5596 cibo
2205 5555 2425 5611 quoque
2449 5555 2592 5610 opus
2612 5540 2794 5601 habet,
2825 5540 2966 5593 alios
3015 5553 3234 5593 rursum
3265 5547 3482 5604 septem
3505 5537 3624 5589 dies

2040 5631 2338 5701 perexiguo
2387 5631 2514 5684 huic
2563 5629 2789 5683 animali
2858 5629 3152 5684 muniﬁcus
3203 5625 3349 5680 Deus
3404 5625 3620 5678 tribuit.

2041 5724 2230 5796 Itaque
2291 5733 2476 5778 nautae
2501 5723 2664 5777 etiam
2697 5738 2890 5776 omnes
2943 5722 2994 5775 id
3025 5722 3370 5790 exploratum
3401 5718 3619 5778 habent,

2043 5834 2105 5874 ac.
2161 5826 2367 5888 Septem
2421 5821 2519 5873 bus
2547 5817 2668 5871 dies
2725 5816 3060 5886 Alcyunitlns
3120 5809 3621 5878 nuncupantibus

3227 5904 3294 5962 Si)
