4028 6432
431 323 569 394 1579

1620 334 1680 394 S.
1710 333 2048 401 JOANNIS
2084 332 2526 396 DAMASCENI

3578 325 3717 393 i580

426 440 689 498 monendi
741 443 819 498 tui
870 457 1039 500 causa
1066 443 1281 498 saneita
1316 454 1464 511 sunt,
1523 457 1581 501 ut
1639 463 1705 503 ex
1759 447 1852 503 Dei
1886 462 2013 521 erga

2125 464 2222 518 ρας
2254 447 2469 512 ὲκείνας
2503 446 2991 520 προσαγορεύουσι.
3026 442 3214 501 Ταῦτά
3253 462 3332 499 σοι
3357 446 3435 510 είς
3459 463 3716 515 προπομ-

425 534 729 590 animantia
762 551 885 606 quae
918 536 1133 591 ratione
1155 547 1352 593 carent
1381 539 1752 608 providentia,
1792 557 1855 596 ea
1887 555 2011 611 quae

425 630 691 686 salutaria
742 630 839 684 tibi
886 629 999 685 sint
1035 631 1302 700 postules.
1342 631 1484 698 Quid
1522 635 1670 689 enim
1700 634 2009 689 inauditum

427 721 557 793 tingi
602 721 805 791 possit,
838 721 986 790 quod
1025 736 1136 777 non
1175 730 1269 778 tua
1301 737 1473 780 causa
1524 724 1664 780 ραἰοὶ
1693 732 1880 797 queat,
1913 726 2008 796 qui

423 810 492 866 ad
540 811 839 882 imaginem
875 811 968 868 Dei
1003 815 1270 871 conditus
1306 830 1405 881 es;
1446 832 1572 871 cum
1615 832 1716 888 pro
1747 826 1857 871 tam
1886 816 2009 873 cxi-

422 919 530 973 gua
564 905 779 959 avicula
812 922 1070 977 magnum
1100 908 1235 965 illttd
1273 916 1440 979 atque
1486 909 1826 966 horrendum
1862 925 2013 966 mare

425 1005 774 1062 courceatur,
813 998 1035 1072 ipsique
1091 1000 1273 1059 mcdia
1305 1002 1361 1057 in
1422 1002 1599 1060 hieme
1628 1004 2012 1074 tranquillitas

421 1088 770 1159 imperetur?

491 1181 635 1238 Ibid.
660 1215 727 1224 —
760 1183 1061 1273 :l‘urturem
1130 1187 1286 1242 aiunt
1316 1187 1548 1259 conjuge
1604 1187 1852 1244 orbatam
1886 1202 2011 1254 suo,

420 1277 567 1333 ultra
600 1294 728 1334 cum
760 1281 940 1336 altero
961 1282 1167 1337 sociari
1202 1297 1312 1337 non
1338 1283 1643 1349 sustinere,
1679 1298 1871 1338 verum
1897 1281 2013 1338 coi-

421 1377 513 1427 tus
546 1373 733 1429 omnis
764 1372 1029 1446 deinceps
1056 1386 1340 1445 expertem
1399 1391 1646 1438 manere,
1682 1376 1889 1432 veteris
1921 1376 2008 1432 ni-

420 1462 625 1516 mirum
688 1463 945 1533 conjugis
988 1465 1382 1520 recordatione
1432 1480 1796 1535 congressum
1846 1482 2009 1536 repu-

422 1552 691 1609 diantem.
744 1554 992 1609 Audiant
1057 1555 1323 1612 mulieres
1380 1556 1672 1625 quomodo
1721 1557 2013 1615 viduitatis

418 1642 613 1709 decus,
667 1646 837 1701 etiam
905 1646 1049 1717 apud
1090 1662 1152 1702 ea
1202 1662 1326 1717 quae
1361 1638 1577 1703 ratiode
1615 1659 1833 1714 carent,
1875 1665 2014 1720 prae-

419 1736 665 1792 stantius
715 1738 1011 1805 habeatur,
1053 1755 1217 1809 quam
1270 1741 1572 1795 multorum
1618 1740 2009 1812 coniugiorum

2080 587 2095 599 ,
2121 540 2230 611 πὴν
2260 537 2354 594 τοῦ
2383 542 2554 595 αίτεῖν
2576 540 2729 613 παρὰ
2763 539 2896 595 Θεοῦ
2927 541 2995 617 1b
3007 540 3146 611 πρὸς
3178 541 3475 613 σωτηρίαν,
3501 540 3590 595 διὰ
3616 539 3719 609 τῆς

2124 635 2250 706 περὶ
2302 634 2371 689 τὰ.
2423 633 2595 704 ἄλογα
2639 633 2917 688 τοῦ.Θεοῦ
2968 633 3228 704 προνοίας
3267 632 3713 704 νενομοθέτηται.

2120 724 2189 781 Τί
2214 727 2314 781 οὐκ
2331 727 2400 781 ἀν
2423 726 2637 796 γένοιτο
2660 726 2769 780 τῶν
2794 724 3118 797 παραδόξων
3145 725 3335 779 ἕνεκεν
3367 723 3484 788 σοῦ,
3507 718 3567 788 ὀς
3593 728 3718 779 κατ’

2120 820 2304 874 εἰκόνα
2343 818 2577 889 γέγονας
2608 817 2745 874 Θεοῦ
2774 834 2790 884 ;
2817 818 2954 872 ὅπου
3005 836 3071 888 γε
3127 819 3273 889 ὑπὲρ
3319 818 3533 889 ϐρνιθος
3571 818 3719 872 οὕτω

2124 913 2325 982 μικρᾶς
2362 912 2397 982 η
2431 909 2642 983 μεγάλη
2674 909 2771 964 καὶ
2802 908 3014 981 φοϐερὰ
3039 909 3333 981 κατέχεται
3365 907 3633 975 θάλασσα,
3658 909 3719 962 ὲν

2124 1002 2275 1075 μέσῳ
2301 1001 2530 1074 χειμῶνι
2564 1001 2811 1074 γαλήνην
2835 996 3193 1072 ὲπιταχθεϊσα
3216 1021 3232 1069 ;

2191 1186 2302 1260 Τὴν
2334 1188 2573 1260 τρυγόνα
2608 1185 2775 1257 φασὶν
2801 1182 3221 1255 διαζευχθεϊσάν
3265 1201 3402 1238 ποτε
3444 1181 3542 1237 τοῦ
3583 1185 3721 1257 ὁμο-τ

2121 1281 2314 1351 ζύγου,
2348 1279 2550 1352 μηκέτι
2582 1279 2684 1351 τὴν
2726 1278 2862 1350 πρὸς
2906 1279 3099 1348 ἕτερον
3128 1274 3382 1347 δέχεσθαι
3405 1274 3720 1341 κοινωνίαν,

2122 1373 2259 1428 ἀλλά
2311 1373 2496 1444 μένειν
2548 1370 2944 1433 ἀσυνδύαστον,
2977 1370 3169 1440 μνήμῃ
3205 1367 3299 1421 τοῦ
3338 1384 3471 1421 ποτε
3521 1367 3723 1432 συζευ-

2121 1466 2344 1537 χθέντος
2367 1466 2468 1535 τὴν
2512 1464 2649 1534 πρὸς
2677 1464 2897 1534 ἒταιρον
2929 1460 3217 1516 κοινωνίαν
3263 1444 3717 1533 ἀπαρνουμένην.

2136 1555 2508 1610 Ἀκουέτωσαν
2538 1557 2594 1608 ai
2636 1555 2919 1623 γυναῖκες,
2956 1552 3108 1615 ὅπως
3136 1551 3197 1604 τὸ
3230 1550 3428 1621 σεμνὸν
3467 1550 3570 1621 τῆς
3602 1568 3721 1619 χη-

2124 1645 2278 1716 ρείας
2301 1644 2397 1697 κα)⁸
2427 1641 2578 1713 παρά
2602 1644 2716 1705 τοῖς
2743 1640 2963 1709 ἀλόγοις
2992 1641 3088 1694 τοῦ
3110 1640 3170 1692 ἐν
3192 1642 3312 1701 ταῖς
3343 1639 3723 1710 πολυγαμίαις

2120 1733 2410 1807 ἀπρεποῦς
2445 1733 2865 1806 προτιμότερον.
2908 1730 3270 1794 Ἀδικὼτατος
3311 1733 3441 1804 περὶ
3468 1733 3568 1803 τὴν
3608 1731 3722 1785 τῶν

418 1843 531 1883 non
588 1829 729 1884 satis
782 1829 1016 1886 honesta
1079 1832 1420 1887 contractio.
1477 1830 1832 1902 Iniquissima
1867 1833 2013 1886 circa

2125 1829 2365 1900 ἐγγόνων
2394 1828 2667 1900 ἐκτροφὴν
2697 1827 2726 1880 ὀ
2755 1827 2932 1890 ἀετός.
2982 1826 3087 1880 Δύο
3119 1825 3228 1896 γὰρ
3259 1824 3547 1895 ἐξαγαγὼν
3573 1841 3722 1877 νεοσ-

419 1920 630 1977 sobolis
649 1918 1039 1979 educationem
1066 1931 1151 1979 est
1166 1924 1383 1993 aquila.
1411 1922 1547 1979 Nam
1569 1938 1696 1978 cum
1730 1923 1873 1977 duos
1902 1923 2019 1992 pul-

418 2014 504 2070 los
525 2014 846 2080 excluserit,
873 2014 1107 2071 alterum
1139 2032 1329 2072 eorum
1354 2031 1657 2087 pennarqu
1679 2016 1882 2072 ictibus
1919 2031 2017 2071 ex-

2127 1924 2275 1988 σούς,
2299 1922 2391 1976 τὸν
2419 1922 2610 1993 ἕτερον
2631 1918 2813 1973 αὐτῶν
2843 1920 2924 1983 είς
2960 1917 3064 1989 γῆν
3094 1916 3565 1990 καταρρήγνυσιν,
3593 1917 3720 1976 ταῖς

2123 2016 2360 2087 πληγαῖς
2388 2014 2500 2085 τῶν
2529 2013 2820 2088 πτερύγων
2849 2008 3243 2082 ἀπωθούμενος
3265 2028 3276 2039 ·
3305 2009 3399 2064 τὸν
3432 2009 3489 2063 δὲ
3524 2010 3613 2062 ἓτε
3623 2026 3721 2076 ρον

417 2106 636 2176 pulsum
664 2115 828 2164 teme
855 2107 1043 2175 illidit,
1073 2109 1312 2166 alterum
1337 2124 1469 2166 vero
1484 2109 1665 2166 solum
1697 2110 2013 2181 suscipiens

2125 2110 2286 2181 μόνον
2318 2106 2606 2163 ἀναλαϐὼν
2637 2105 2963 2169 οἰκειοῦται,
2989 2104 3078 2158 διά
3126 2103 3188 2157 τὸ
3228 2103 3331 2173 τῆς
3358 2103 3567 2174 τροφῆς
3595 2102 3720 2156 ἐπί-

416 2201 833 2271 complectitur,
890 2209 946 2258 et
975 2203 1209 2258 charum
1272 2203 1457 2271 habet,
1486 2218 1553 2260 eo
1598 2205 1818 2260 interim
1852 2219 2015 2273 quem

415 2296 629 2362 genuit,
653 2294 726 2349 ob
758 2293 1117 2350 educationis
1158 2296 1470 2351 molestiam
1537 2297 1816 2353 abdicato.
1855 2296 2015 2351 llnnc

417 2397 548 2437 vero
569 2382 843 2455 ossifraga
876 2384 1058 2455 perire
1088 2399 1199 2440 non
1231 2384 1400 2452 sinit;
1454 2385 1587 2456 quin
1618 2394 1673 2441 et
1694 2394 2013 2456 susceptum

417 2491 528 2531 una
575 2491 707 2531 cum
762 2477 884 2533 suis
915 2478 1087 2549 pullis
1144 2477 1343 2534 nutrit.
1383 2477 1549 2533 Tales
1578 2486 1716 2533 sunt
1744 2486 2014 2548 parentes

419 2567 497 2622 illi
525 2568 620 2638 qui
656 2570 1004 2639 paupertatis
1036 2576 1306 2640 praetextu
1342 2568 1485 2624 filios
1529 2578 1836 2639 exponunt.
1885 2567 2008 2623 Noli

416 2660 606 2714 avium
633 2660 872 2717 aduncis
919 2661 1207 2732 unguibus
1242 2669 1584 2716 armatorum
1618 2659 2009 2715 crudelitatem

417 2753 647 2815 imitari,
681 2768 806 2823 qua:
843 2752 1011 2809 simul
1047 2759 1218 2824 atque
1250 2753 1435 2824 pullos
1459 2768 1594 2810 suos
1619 2751 1733 2822 jam
1768 2753 2009 2807 volatum

418 2847 644 2918 aggredi
707 2846 974 2914 viderint,
1005 2862 1034 2903 e
1070 2846 1206 2902 nido
1269 2847 1531 2925 protinus
1576 2845 1838 2917 ejiciunt,
1868 2861 2011 2916 pen-

417 2940 509 2994 nis
537 2954 636 2994 eos
674 2938 940 2996 ferientes
971 2948 1026 2997 et
1053 2941 1477 3005 submoventes,
1506 2954 1609 2994 nec
1642 2938 1810 2993 ullam
1852 2945 2010 3008 post-

418 3032 525 3088 ltac
545 3047 740 3088 eorum
772 3049 965 3089 curam
1002 3042 1227 3105 gerunt.
1258 3034 1331 3088 At
1352 3040 1552 3089 contra
1581 3033 1830 3089 cornicis
1878 3047 2009 3104 erga

419 3125 606 3194 pullos
651 3140 809 3181 amor
857 3126 1079 3182 laudem
1121 3136 1391 3192 meretur,
1420 3127 1673 3199 quzejam
1705 3128 1871 3184 etiam
1908 3142 2006 3182 νο·
2038 3159 2082 3218 c

419 3216 600 3271 lantes
642 3226 982 3282 asscctatur,
1046 3217 1254 3289 diuque
1300 3218 1381 3277 eis
1417 3219 1577 3276 cibos
1624 3230 1681 3273 et
1738 3217 2001 3272 alimenta

418 3307 678 3378 porrigit.

492 3402 638 3458 Ibid.
669 3434 740 3447 ——
769 3403 1027 3470 Quonam
1074 3404 1239 3462 modo
1296 3402 1602 3461 domestica
1636 3415 1689 3464 te
1751 3407 1873 3465 avis
1935 3405 2005 3460 ad

418 3510 592 3568 opera
624 3499 857 3563 excitat,
891 3507 1058 3553 acuta
1109 3498 1329 3554 scilicet
1354 3513 1489 3555 voce
1521 3498 1865 3557 inclamans?
1893 3502 2007 3555 An-

420 3604 607 3647 serum
632 3604 816 3661 genus
844 3589 1334 3657 vigilantissimum
1362 3598 1470 3653 est,
1504 3597 1672 3660 atque
1702 3590 1772 3646 ad
1813 3589 2009 3646 occul-

422 3692 607 3737 tarum
648 3697 837 3737 rerum
892 3696 1117 3737 sensum
1169 3682 1584 3737 acutissimum.
1621 3680 1715 3737 Hae
1746 3682 2009 3737 nimirum

425 3773 736 3843 principem
777 3772 948 3828 etiam
981 3770 1172 3828 urbem
1194 3784 1588 3838 servaverunt,
1629 3773 1821 3831 hostes
1846 3789 2011 3846 quos-

420 3865 551 3921 dam
616 3863 925 3934 prodendo,
990 3865 1083 3935 qui
1131 3880 1232 3935 per
1264 3865 1664 3924 subterraneos
1723 3867 2013 3923 cuniculos

425 3956 617 4013 Romae
640 3970 826 4011 arcem
863 3956 1094 4027 jamjam
1130 3958 1460 4028 occupaturi
1493 3964 1673 4013 erant.
1717 3956 2011 4025 Quodnam

422 4047 645 4104 tandem
671 4062 843 4118 genus
869 4046 1054 4102 avium
1075 4057 1160 4105 est
1188 4047 1245 4102 in
1275 4063 1389 4117 quo
1402 4063 1511 4102 non
1546 4048 1821 4118 peculiare
1847 4049 2014 4103 mira-

420 4142 609 4198 culum
639 4139 864 4211 aliquod
922 4148 1120 4196 natura
1165 4140 1462 4196 ostendat?
1501 4139 1640 4208 Quis
1703 4141 2014 4197 vulturibus

422 4242 656 4288 mortem
686 4232 976 4288 hominum
1026 4233 1382 4302 pratnuntiat,
1436 4246 1562 4287 cum
1605 4231 1696 4287 alii
1738 4232 2014 4288 adversus

423 4324 563 4381 alios
585 4323 957 4396 pmiiantur?
985 4322 1191 4380 Videas
1220 4324 1373 4381 enim
1405 4332 1704 4380 sexcentos
1725 4325 2012 4393 vulturum

423 4431 620 4487 greges
643 4426 829 4473 castra
855 4417 1215 4483 comitantes,
1249 4430 1376 4488 quae
1403 4432 1474 4472 ex
1509 4431 1795 4471 armorum
1837 4432 2013 4488 appa-

2122 2220 2283 2258 πονον
2340 2200 2775 2270 ἀποποιούμενος
2829 2198 2891 2253 ὀν
2939 2198 3256 2268 ἐγέννησεν.
3309 2195 3453 2249 Ἀλλ’
3502 2195 3605 2249 οὑκ
3653 2196 3720 2275 ἐς

2117 2296 2310 2351 τοῦτον
2344 2293 2709 2365 διαφθαρῆναι
2736 2295 2770 2365 ή
2796 2293 2964 2364 φήνη,
2998 2291 3113 2345 ἀλλ’
3141 2288 3489 2365 ὑπολαϐοῦσα
3525 2289 3719 2353 αὐτὸν,

2116 2392 2227 2453 τοῖς
2266 2388 2492 2451 οἰκείοις
2522 2386 2726 2457 ἑαυτῆς
2770 2387 3007 2450 νεοττοῖς
3053 2382 3431 2455 συνεκτρέφει.
3464 2381 3719 2436 Τοιοῦτοι

2117 2482 2224 2536 τῶν
2272 2478 2474 2550 γονέων
2502 2479 2553 2532 οἱ
2605 2477 2698 2532 ἐπὶ
2727 2478 3001 2549 προφάσει
3047 2475 3243 2539 πενίας
3276 2472 3620 2543 ἐκτιθέμενοι
3650 2471 3721 2525 τά

2116 2577 2308 2647 νήπια.
2361 2558 2467 2643 Μή
2509 2570 2727 2643 μιμήσῂ
2777 2569 2888 2623 τῶν
2948 2566 3318 2639 καμψονύχων
3373 2563 3605 2635 ὀρνίθων
3657 2563 3722 2616 τὸ

2114 2666 2344 2738 ἀπηνὲς,
2360 2667 2410 2719 οἳ
2439 2664 2659 2719 ἐπειδὰν
2684 2659 3011 2725 εἴδωσιτοὺς
3030 2658 3242 2713 ἑαυτῶν
3266 2656 3515 2720 νεοττοὺς
3538 2672 3716 2709 κατα-

2112 2758 2437 2829 τολμῶντας
2484 2757 2673 2812 λοιπον
2723 2754 2827 2824 τῆς
2873 2755 3169 2825 πτήσεως,
3228 2750 3553 2806 ἐκϐάλλουσι
3611 2749 3717 2819 τῆς

2114 2852 2336 2917 καλιᾶς,
2366 2850 2663 2914 τύπτοντες
2718 2850 2831 2911 τοῖς
2879 2848 3125 2918 πτεροῖς,
3158 2845 3254 2899 καὶ
3286 2842 3584 2905 ὠθοῦντες,
3618 2842 3721 2896 καὶ

2113 2946 2374 3016 οὐδεμίαν
2397 2943 2721 3015 ἐπιμέλειαν
2746 2940 3031 2996 ποιοῦνται
3056 2939 3192 3011 πρὸς
3210 2938 3271 2992 τὺ
3288 2938 3503 2992 λοιπόν;
3536 2936 3723 2989 Ἐπαι-

2115 3039 2268 3094 νετὸν
2322 3038 2419 3109 τῆς
2474 3035 2723 3108 κορώνης
2749 3036 2812 3088 τὸ
2838 3033 3174 3103 φιλότεκνον,
3211 3032 3246 3102 ἢ
3272 3029 3366 3083 καὶ
3397 3028 3721 3097 πετομένων

2115 3129 2218 3201 ήδη
2267 3128 2617 3200 παρέπεται,
2661 3124 2943 3190 σιτίζουσα
2984 3122 3183 3185 αὐτοὺς
3228 3120 3323 3175 καὶ
3370 3119 3724 3188 ἐκτρέφουσα

2120 3222 2286 3295 μέχρι
2315 3220 2597 3291 πλείστου.

2186 3401 2309 3465 Πῶς
2371 3401 2458 3454 ἐπ’
2517 3398 2658 3470 ἔργα
2718 3416 2778 3452 σε
2839 3395 3103 3468 διεγείρει
3161 3396 3191 3449 ὀ
3245 3393 3494 3457 σύνοικος
3541 3392 3720 3463 ὅρνις,

2115 3495 2270 3567 ὀξείᾳ
2296 3495 2362 3566 τῇ
2393 3494 2545 3564 φωνῇ
2580 3490 2809 3556 ἐκϐοῶν,
2841 3487 3216 3560 καταμηνύων
3268 3484 3596 3557 nepetae“;
3641 3483 3724 3546 ὡς

2116 3588 2398 3659 ἄγρυπνον
2419 3586 2480 3639 τὺ
2506 3585 2617 3638 τῶν
2639 3582 2823 3654 χηνῶν
2848 3581 3027 3650 γένος,
3049 3580 3144 3635 καὶ
3167 3578 3306 3650 πρὸς
3333 3576 3433 3648 τὴν
3451 3574 3563 3627 τῶν
3590 3574 3723 3627 λαν-

2121 3680 2393 3735 θανόντων
2426 3679 2680 3748 αἵσθησιν
2705 3676 2964 3742 ὀξύτατον
2985 3692 2997 3705 ’
3028 3674 3084 3727 οἴ
3110 3672 3174 3741 γέ
3202 3688 3336 3725 ποτε
3376 3670 3472 3725 καὶ
3492 3667 3595 3739 τὴν
3619 3666 3688 3739 βα
3707 3695 3721 3710 -

2122 3774 2300 3829 σιλίδα
2320 3771 2482 3828 πόλιν
2520 3771 2953 3843 περιεσώσαντο,
2985 3765 3281 3837 πολεμίους
3295 3764 3450 3826 τινάς
3474 3760 3582 3815 ὐπό
3613 3761 3721 3829 γῆς

2120 3865 2189 3919 δι’
2230 3864 2520 3936 ὑπονόμων
2551 3861 2777 3934 ἀφανῶν
2808 3859 2912 3932 ήδη
2946 3858 3243 3931 μέλλοντας
3273 3859 3373 3927 τὴν
3402 3856 3583 3925 ἄκραν
3616 3851 3724 3922 τῆς

2134 3955 2353 4026 Ῥώμης
2405 3951 2855 4024 καταλαμϐάνειν
2894 3947 3404 4020 καταμηνύσαντες.
3449 3944 3538 3996 Ἑν
3575 3942 3725 4012 ποίῳ

2121 4050 2267 4118 γένει
2310 4046 2421 4101 τῶν
2465 4027 2695 4117 ὀρνίθων
2743 4044 2844 4098 οὐκ
2881 4034 3013 4097 ἴδιόν
3042 4059 3096 4095 τι
3128 4038 3313 4110 θαῦμα
3342 4040 3377 4108 ἡ
3408 4036 3573 4107 φύσις
3605 4034 3725 4088 δεί-

2122 4162 2314 4210 κνυσι;
2346 4141 2443 4207 Τίς
2468 4143 2497 4195 ὁ
2525 4143 2636 4204 τοῖς
2667 4138 2803 4209 γυψὶ
2842 4133 3244 4206 παραγγέλλων
3268 4131 3379 4185 τῶν
3404 4128 3725 4199 ἀνθρώπων

2119 4237 2214 4295 τὸν
2256 4235 2510 4294 θάνατον,
2562 4233 2692 4286 ὅταν
2736 4230 2825 4283 ἐπ’
2872 4227 3122 4299 ἀλλήλων
3164 4221 3721 4296 ὲπιστρατεύσωσινς

2126 4329 2285 4390 Ἴδοις
2322 4326 2433 4399 γὰρ
2479 4326 2546 4382 ἂν
2601 4322 2804 4396 μυρίας
2846 4320 3050 4390 ἀγέλας
3095 4316 3288 4386 γυπῶν
3315 4316 3451 4378 τοῖς
3486 4328 3727 4382 στρατο-

2123 4421 2308 4484 πέδοις
2336 4416 2748 4489 παρεπομένας,
2775 4417 2840 4469 ὲκ
2877 4412 2979 4484 τῆς
3009 4411 3120 4466 τῶν
3144 4408 3325 4464 ὃπλων
3352 4403 3727 4477 παρασκευῆς

423 4517 550 4565 ratu
581 4507 770 4566 futura
813 4508 1237 4580 conjectentur.
1270 4507 1395 4564 Jam
1433 4522 1548 4579 quo
1582 4514 1749 4577 pacto
1781 4507 2012 4563 horren-

2125 4513 2578 4585 τεκμαιρομένων
2619 4510 2719 4579 τὴν
2765 4507 3011 4562 ἔκϐασιν.
3055 4504 3180 4568 Πῶς
3226 4519 3311 4556 σοι
3340 4500 3440 4564 τὰς
3471 4496 3729 4570 φοϐερὰς

423 4600 524 4657 das
586 4599 927 4658 locustarum
961 4599 1352 4672 expeditiones
1386 4600 1863 4663 commemorem?
1891 4615 2018 4670 qua:

425 4693 577 4746 velut
624 4692 788 4764 signo
848 4691 983 4748 dato
1035 4699 1259 4747 cunctae
1308 4689 1490 4758 elatae,
1547 4688 1718 4760 inque
1775 4690 2016 4759 regionis

427 4781 716 4853 planitiem
748 4788 1245 4843 castrametantes,
1297 4775 1516 4833 fructus
1542 4785 1674 4832 ante
1702 4792 1811 4832 non
1847 4776 2017 4831 attin-

423 4882 564 4946 gunt
604 4889 773 4946 quam
831 4873 887 4929 id
927 4872 1034 4930 sibi
1066 4888 1165 4943 per
1197 4869 1448 4927 divinum
1498 4868 1790 4939 imperium
1827 4869 2012 4925 liceat.

498 4965 646 5022 Ibid.
688 4997 756 5008 —
782 4965 1035 5033 Quonam
1088 4964 1251 5020 modo
1273 4962 1481 5019 cicada:
1524 4969 1749 5016 cantum
1810 4962 2018 5017 edunt?

500 5057 734 5115 lbid.—
763 5057 823 5115 Si
855 5058 1152 5129 diligenter
1198 5055 1510 5127 inspexeris
1550 5054 2036 5126 quemadmodum'

427 5165 644 5225 cycnus
703 5151 850 5206 collo
878 5151 935 5205 ln
980 5147 1320 5221 profundum
1372 5146 1637 5221 depresso
1692 5145 1878 5221 cibum
1911 5144 2014 5201 sibi

427 5261 495 5301 ex
538 5245 651 5299 imo
677 5242 918 5309 attollat,
941 5249 1062 5299 tum
1096 5241 1321 5298 demum
1360 5239 1649 5297 Creatoris
1681 5239 2014 5312 sapientiam

429 5337 741 5408 eomtieries
772 5354 788 5392 :
820 5334 1089 5391 nimirum
1134 5333 1286 5406 quod
1338 5334 1446 5389 hac
1473 5333 1543 5390 de
1597 5347 1769 5390 causa
1809 5333 2012 5389 collum

430 5429 539 5501 ipsi
594 5427 831 5501 pedibus
875 5428 1151 5500 prolixius
1194 5427 1544 5499 imposuerit,
1595 5434 1655 5482 ut
1714 5426 2015 5497 piscatoria

429 5523 603 5580 veluti
661 5523 808 5580 linea
861 5523 1104 5596 quadam
1137 5523 1404 5593 demiSsa,
1426 5522 1612 5579 cibum
1638 5521 1696 5577 in
1719 5519 2012 5593 profundo

433 5617 751 5673 abstrusum
786 5617 893 5674 sibi
929 5624 1234 5688 comparet.

505 5708 669 5782 δυο
703 5707 898 5778 Ejusd.
939 5706 1142 5765 Homil.
1180 5708 1235 5763 9.
1262 5705 1539 5764 ~Variis
1572 5707 2016 5779 proprietatibus

429 5803 653 5876 singula
678 5801 948 5858 animalia
982 5801 1215 5867 praedita
1244 5810 1398 5869 sunt.
1432 5798 1537 5857 Bos
1566 5792 1789 5869 quidem
1824 5800 2018 5858 ﬁrmus

2119 4606 2222 4675 τῆς
2269 4604 2495 4676 ἀκρίδος
2542 4600 2916 4674 διηγήσομαι;
2952 4596 3045 4667 ὑφ’
3078 4597 3160 4650 ἑνὶ
3208 4593 3522 4665 συνθήματι
3567 4592 3731 4644 πᾶσα

2118 4696 2378 4769 ἀρθεῖσα,
2443 4697 2539 4751 καὶ
2582 4688 3165 4763 στρατοπεδευσαμένη
3214 4684 3360 4740 κατά
3408 4683 3473 4737 τδ
3511 4682 3732 4744 πλάτος

2118 4792 2218 4862 τῆς
2243 4790 2450 4861 χώρας,
2484 4788 2546 4842 οὐ
2586 4788 2852 4860 πρότερον
2885 4782 3120 4839 ἅπτεται
3152 4781 3263 4835 τῶν
3294 4777 3557 4851 καρπῶν,
3585 4775 3731 4847 πρὶν

2118 4887 2152 4957 ἢ
2188 4885 2468 4954 ἐνδοθῆναι
2501 4882 2639 4952 αὐτῇ
2669 4880 2729 4933 τὸ
2758 4878 2902 4933 θεῖον
2934 4872 3285 4947 πρόσταγμα.

2191 4974 2288 5036 Τίς
2317 4974 2345 5025 ὀ
2374 4972 2575 5044 τρόπος
2609 4970 2707 5041 τῆς
2737 4966 3005 5039 μελῳδίας
3043 4965 3137 5019 τοῦ
3166 4963 3457 5032 τέττιγοςς

2203 5066 2333 5120 Ἐάν
2382 5062 2732 5133 καταμάθῃς,
2769 5059 2887 5124 πῶς
2930 5059 3011 5121 είς
3039 5055 3202 5127 βάθος
3236 5056 3266 5108 ὀ
3306 5053 3536 5117 κύκνος,
3583 5050 3731 5106 καθ-

2122 5159 2222 5223 ιεὶς
2256 5158 2352 5212 τὸν
2385 5156 2591 5228 αὐχένα
2639 5151 2911 5217 κάτωθεν,
2958 5148 3140 5219 ἑαυτῷ
3168 5147 3269 5220 τὴν
3320 5144 3534 5218 τροφὴν
3568 5145 3733 5197 ἀνα-

2119 5250 2301 5321 φέρει,
2348 5249 2472 5302 τότε
2529 5246 2788 5319 εὑρήσεις
2836 5243 2937 5317 τὴν
2979 5242 3175 5311 σοφίαν
3224 5237 3320 5293 τοῦ
3376 5236 3728 5300 Κτίσαντοςο

2118 5346 2203 5400 ὅτι
2236 5346 2329 5405 διὰ
2359 5340 2524 5397 τοῦτο
2562 5339 2906 5413 μακρότερον
2955 5337 3066 5391 τῶν
3114 5334 3296 5390 ποδῶν
3354 5332 3451 5386 τὸν
3510 5325 3734 5401 αὐχένα

2121 5435 2495 5528 προσέθηκεν,
2529 5434 2619 5488 ἵνα
2682 5431 2874 5505 ὥσπερ
2933 5429 3055 5483 τινὰ
3099 5427 3324 5528 ὁρμιὰν.
3358 5422 3732 5528 καταγαγὼν,

2118 5533 2218 5601 τὴν
2252 5532 2312 5584 ἐν
2343 5516 2425 5598 ’έῷ
2456 5524 2611 5596 βάθει
2643 5521 3039 5596 κεκρυμμένην
3066 5518 3275 5592 τροφὴν
3309 5516 3600 5588 ἐκπορίζῃ.

2190 5704 2490 5776 Διαφόροις
2529 5699 2817 5771 ίδιώμασιν
2843 5696 3078 5750 ἕκαστον
3109 5694 3216 5748 τῶν
3247 5691 3403 5757 ζώων
3438 5690 3733 5759 κέκριται.

2122 5793 2415 5866 Εὐσταθὴς
2454 5795 2555 5868 μὲν
2599 5794 2628 5847 ὀ
2685 5792 2833 5864 βοῦς,
2878 5789 3057 5861 νωθὴς
3101 5787 3158 5841 δὲ
3212 5788 3239 5841 ὀ
3273 5785 3418 5851 ὀνος,
3452 5779 3670 5854 θερμὸς
3714 5778 3747 5830 6
