4028 6400
355 386 486 452 1581

1655 384 1895 445 SACRA
1936 383 2399 445 PARALLELA.
3081 396 3105 425 ο

3476 381 3496 444 1
3509 384 3613 448 582

354 505 518 565 ῐππος
546 502 681 572 πρὸς
717 500 1012 572 ἐπιθυμίαν
1056 500 1151 553 τοῦ
1194 500 1426 571 θήλεως,
1477 500 1866 563 άτιθάσσευτος
1901 502 1929 552 ὁ

2035 509 2137 564 est,
2176 502 2361 570 segnis
2399 500 2608 564 asinus,
2670 513 2848 569 equus
2902 498 2968 552 ad
3001 496 3221 552 feminae
3249 498 3610 568 cupiditatem

354 593 541 659 λύκος,
588 595 683 646 καὶ
732 593 949 664 δολερὸν
989 595 1022 663 ή
1071 591 1319 662 ἀλώπηξ,
1350 591 1524 646 δειλὸν
1563 594 1597 663 ή
1644 591 1864 662 ἔλαφος,
1903 594 1933 645 6

356 684 583 757 μύρμηξ
614 684 920 754 φιλόπονος,
961 683 1285 755 εὐχάριστον
1314 685 1343 736 6
1384 684 1529 738 κύων
1558 684 1653 737 καὶ
1676 682 1812 754 πρὸς
1842 700 1933 751 φι-

352 778 475 832 λίαν
516 778 972 848 μνημονευτικόν.
1007 774 1174 848 Ὁμοῦ
1202 793 1262 830 τε
1287 774 1396 848 γὰρ
1426 777 1653 848 ἐκτίσθη
1678 777 1929 841 ἕκαστον,

353 869 449 923 καὶ
516 868 933 937 συνεπηγάγετο
984 865 1162 936 ἐαυτῷ
1206 868 1306 938 τῆς
1349 865 1566 935 φύσεως
1602 866 1664 921 τδ
1696 867 1932 937 ἰδίωμα⁸

354 961 806 1031 συναπεγεννήθη
838 959 1009 1030 θυμὸς
1032 959 1111 1030 τῷ
1144 958 1340 1025 λέοντι,
1375 958 1437 1012 τὸ
1471 958 1796 1029 μοναστικὸν
1839 959 1936 1011 αὐ-

351 1052 448 1108 τοῦ
486 1053 587 1122 τῆς
635 1051 806 1122 ζωῆς,
851 1050 911 1104 τὸ
943 1048 1312 1120 ἀκοινώνητον
1363 1048 1497 1120 πρὸς
1543 1048 1605 1101 τὺ
1638 1048 1931 1118 ὁμόφυλον.

352 1141 481 1200 υἴον
510 1144 622 1213 γάρ
650 1160 736 1207 τις
763 1142 1030 1213 τύραννος
1069 1142 1179 1196 τῶν
1227 1141 1439 1209 ἀλόγων
1465 1140 1555 1194 διὰ
1591 1139 1690 1211 τὴν
1718 1142 1783 1194 ἐκ
1833 1139 1935 1209 φύ-

355 1256 493 1301 σεως
521 1235 849 1307 ὑπεροψίαν,
877 1234 978 1305 τὴν
1008 1234 1148 1304 πρὸς
1191 1233 1319 1297 τοὺς
1356 1231 1589 1298 πολλοὺς
1645 1231 1937 1303 ὁμοτιμίαν

351 1329 415 1382 οὐ
454 1325 828 1396 καταδέχεται.
882 1319 953 1395 ’ᾫ
1002 1324 1097 1378 καὶ
1139 1323 1367 1379 τοιαῦτα
1423 1323 1610 1394 φωνῆς
1661 1322 1935 1393 ὅργαναή

352 1420 518 1489 φύσις
556 1419 836 1489 ἐνέθηκεν,
880 1417 1025 1472 ὥστε
1076 1418 1145 1471 τὰ
1194 1416 1366 1470 πολλὰ
1415 1416 1526 1470 τῶν
1577 1415 1734 1480 ζώων
1767 1416 1937 1486 ὑπερ-

352 1514 621 1570 ϐάλλοντα
670 1515 743 1582 τῇ
794 1513 1082 1581 ταχύτητι,
1125 1510 1272 1580 μόνῳ
1320 1508 1580 1572 πολλάκις
1618 1507 1935 1563 ἁλίσκεσθαι

353 1606 430 1677 τῷ
459 1606 793 1677 βρυχήματι.
838 1604 1124 1672 Ῥαγδαϊον
1178 1601 1465 1673 πάρδαλις,
1516 1601 1609 1655 καὶ
1637 1599 1936 1672 ὀξύρροπον

349 1702 472 1762 ταῖς
500 1700 696 1768 ὁρμαῖς
722 1696 1031 1767 ἐπιτήδειον
1057 1694 1227 1763 αὐτῆς
1266 1693 1327 1747 τὸ
1361 1694 1522 1763 σῶμα
1553 1690 1930 1757 συνέζευκται,

351 1793 418 1861 τῇ
446 1788 706 1857 ὑγρότητι
736 1787 830 1840 καὶ
857 1786 937 1856 τῷ
968 1787 1158 1856 κούφῳ
1183 1787 1296 1849 τοῖς
1325 1785 1422 1855 τῆς
1457 1784 1639 1855 ψυχῆς
1668 1784 1934 1855 κινήμασι

2037 591 2266 654 ardens,
2314 592 2479 662 lupus
2513 591 2664 645 nulla
2708 596 2828 644 arte
2855 588 3097 644 eicurari
3132 597 3347 660 potest;
3381 588 3612 646 [raudu-

2036 682 2185 737 lenta
2239 682 2433 752 vulpes
2486 690 2596 748 est,
2645 698 2843 738 cervus
2899 682 3144 743 timidus.
3177 682 3386 739 laboris
3420 698 3612 739 amans

2038 772 2293 839 formica,
2337 774 2595 828 beneﬁcii
2645 773 2855 844 accepti
2904 789 3119 830 memor
3139 775 3318 841 canis,
3351 782 3518 847 atque
3544 776 3611 830 ad

2038 865 2470 921 benevolentiam
2522 864 2805 934 proclivis.
2842 863 3209 935 Simulatque
3241 866 3389 921 enim
3420 881 3615 921 unum-

2036 957 2297 1027 quodque
2345 964 2595 1012 crcatum
2638 956 2764 1022 fuit,
2798 971 2990 1013 secum
3037 958 3204 1013 etiam
3236 965 3449 1013 natura;
3480 971 3612 1027 pro-

2037 1047 2302 1118 prietates
2353 1049 2538 1102 traxit.
2568 1046 2745 1102 Furor
2792 1047 2939 1102 leoni
2972 1046 3083 1117 iam
3120 1047 3248 1103 inde
3276 1048 3346 1102 ab
3375 1056 3501 1103 ortu
3527 1049 3612 1101 in-

2038 1140 2178 1195 situs
2228 1147 2336 1204 est,
2372 1147 2427 1194 et
2478 1139 2588 1195 vita
2624 1139 2892 1209 solivaga,
2953 1147 3121 1209 atque
3152 1140 3221 1195 ab
3265 1154 3459 1195 eorum
3493 1156 3614 1210 quae

2037 1231 2126 1285 sui
2175 1230 2399 1301 generis
2441 1238 2594 1298 sunt,
2626 1230 2968 1287 commercio
3029 1230 3362 1288 abhorrens.
3399 1230 3612 1285 Etenim

2039 1320 2189 1375 velut
2244 1319 2522 1391 quispiam
2580 1320 2874 1376 brutorum
2903 1320 3270 1375 animantium
3322 1328 3612 1391 tyrannus,

2038 1427 2152 1483 prae
2206 1413 2444 1467 naturali
2482 1413 2765 1482 superbia,
2801 1412 3061 1482 aequabili
3097 1412 3222 1482 jure
3278 1412 3465 1467 vivere
3489 1425 3614 1467 cum

2037 1503 2162 1559 aliis
2201 1511 2445 1559 recusat.
2470 1503 2571 1560 Cui
2604 1512 2865 1573 praeterea
2902 1503 3174 1573 ejusmodi
3221 1504 3372 1559 vocis
3410 1515 3616 1572 organa

2036 1613 2068 1653 a
2101 1606 2294 1653 natura
2316 1578 2698 1663 tributa'sunt,
2726 1606 2786 1652 ut
2812 1599 3077 1669 pleraque
3093 1597 3417 1662 animantia,
3445 1596 3614 1651 etiam

2038 1691 2451 1763 pernicissima,
2481 1690 2598 1746 solo
2643 1692 2844 1763 saepius
2892 1692 3075 1762 rugitu
3099 1694 3410 1763 capiantur.
3439 1690 3615 1762 Impe-

2038 1791 2198 1841 tuosa
2229 1792 2316 1840 est
2367 1785 2660 1856 panthera,
2699 1793 2753 1840 et
2786 1801 2898 1856 quo
2928 1800 3048 1841 eam
3087 1785 3263 1841 libido
3300 1784 3513 1851 tulerit,
3536 1770 3629 1865 fa-i

354 1842 742 1950 σύνεπόμενον.
796 1842 1001 1948 Νωὸρά
1060 1842 1310 1947 ήιφύσις
1528 1842 1929 1947 ἑρκτουίίδιόυ

2035 1877 2140 1934 cile
2168 1891 2359 1933 ruens.
2393 1877 2661 1944 Quocirca
2689 1877 3111 1934 accommodum
3152 1878 3252 1946 ipsi
3283 1892 3488 1947 corpus
3519 1850 3627 1930 ad.7

349 1991 554 2045 τροπον
584 1973 680 2027 καὶ
709 1971 771 2026 τὺ
791 1968 944 2043 ἦθος,
973 1970 1229 2036 ὓπουλον,
1264 1967 1426 2039 βαθὺ,
1456 1967 1757 2032 ἐνδεδυκός.

432 2252 490 2305 ὐ
521 2251 749 2322 μύρμηξ
779 2250 927 2321 θέρει
972 2250 1071 2321 τὴν
1106 2251 1386 2323 χειμέριον
1418 2251 1624 2323 τροφὴν
1674 2251 1936 2323 θησαυρί⁴

346 2341 455 2408 ζει,
489 2343 595 2406 ἕως
624 2342 692 2396 ἂν
721 2342 821 2414 τὴν
858 2342 1137 2413 ἀρκοῦσαν
1172 2343 1324 2414 αὐτῷ
1354 2344 1559 2415 τροφὴν
1597 2326 1937 2416 ἐναπόθηται

348 2437 458 2499 τοῖς
486 2434 779 2503 ταμιείοις,
832 2436 927 2489 καὶ
970 2435 1090 2489 οὐδὲ
1133 2435 1292 2489 τοῦτο
1310 2435 1602 2507 ῥᾳθύμως,
1631 2437 1768 2491 ἀλλά
1795 2440 1933 2510 σοφῇ

348 2544 454 2579 τινι
484 2526 700 2596 ἐπινοίᾳ
741 2526 840 2596 τὴν
879 2527 1089 2597 τροφὴν
1117 2526 1419 2597 ἐνδιαρκετν
1451 2509 1930 2599 μηχανησάμενος.

347 2617 646 2671 Διακόπτει
675 2618 781 2686 γὰρ
810 2619 929 2682 ταῖς
984 2617 1179 2671 ἐαυτοῦ
1231 2619 1425 2689 χηλαῖς
1463 2618 1573 2672 τῶν
1607 2620 1834 2691 καρπῶν
1873 2622 1934 2674 τὸ

353 2707 702 2775 μεσαίτατον,
733 2709 808 2773 ὡς
835 2708 903 2763 ἂν
933 2709 1009 2779 μὴ
1039 2710 1357 2778 ἐκφυέντων
1381 2710 1647 2782 ἄχρηστοι
1675 2713 1775 2787 τήν
1808 2731 1932 2784 τρο-

345 2799 455 2869 φὴν
484 2799 634 2869 αὐτῷ
678 2800 943 2868 γένοιντο.
974 2797 1077 2864 ,Τίς
1120 2801 1363 2871 ἐφίκοιτο
1389 2800 1569 2868 λόγοις
1599 2820 1613 2869 ;
1667 2803 1797 2856 ποία
1827 2822 1933 2873 χω-

351 2891 507 2961 ρήσει
535 2891 673 2960 άκοή
699 2907 713 2957 ;
750 2891 835 2954 τίς
861 2890 1151 2964 ἐξαρκέσει
1191 2893 1382 2963 χρόνος
1420 2893 1598 2948 πάντα
1633 2895 1809 2947 εἰπεῖν
1840 2894 1933 2947 καὶ

344 2982 714 3052 διηγήσασθαι
744 2981 841 3035 τοῦ
874 2983 1120 3055 τεχνίτου
1150 2983 1220 3038 τὰ
1252 2983 1544 3056 θαύματα;
1866 2976 1875 2986 ’

2031 1971 2286 2040 junctum
2348 1978 2452 2035 est,
2489 1971 2637 2042 quod
2681 1971 2751 2027 ob
2794 1970 3180 2025 humiditatem
3216 1969 3616 2040 levitatemque

2036 2063 2234 2119 animat
2289 2063 2687 2135 agitationibus
2742 2064 3028 2119 inserviat.
3072 2060 3315 2132 Torpida
3351 2061 3463 2117 ursi
3514 2074 3614 2114 na-

2038 2168 2159 2215 tura
2202 2167 2311 2224 est,
2343 2174 2527 2214 mores
2562 2159 2890 2229 peculiares,
2917 2158 3071 2220 tecti.
3098 2158 3294 2211 intime
3328 2144 3629 2226 profundi.‘

2108 2246 2256 2304 Ibid.
2288 2281 2355 2291 -—
2410 2248 2667 2303 Formica
2738 2248 2932 2303 aestivo
3005 2256 3252 2318 tempore
3317 2246 3613 2302 hibernum

2035 2341 2220 2397 cibum
2268 2340 2498 2411 colligit,
2546 2342 2727 2412 quoad
2761 2341 3109 2403 alimentum,
3157 2349 3427 2410 quantum
3478 2339 3625 2393 satis

2034 2433 2127 2499 sit,
2161 2433 2214 2488 in
2247 2433 2461 2488 horreis
2482 2432 2817 2510 condiderit.
2849 2432 2929 2487 Ac
2963 2448 3029 2488 ne
3055 2431 3109 2486 id
3145 2432 3367 2503 quidem
3395 2429 3613 2499 ignave,

2035 2540 2233 2581 verum
2291 2525 2431 2581 scito
2480 2526 2718 2595 quodam
2784 2525 3024 2580 artiﬁcio
3076 2524 3180 2579 hoc
3232 2521 3497 2585 efﬁciens,
3558 2527 3618 2575 ut

2032 2621 2189 2676 cibus
2239 2635 2406 2690 quam
2463 2619 2776 2674 diutissime
2815 2619 3004 2674 duret.
3060 2616 3345 2686 Siquidem
3404 2614 3616 2669 medias

2035 2713 2223 2784 fruges
2273 2712 2497 2784 ungulis
2551 2719 2724 2778 secat,
2784 2725 2853 2766 ne
2900 2708 3280 2782 germinantes
3305 2706 3374 2763 ad
3426 2706 3614 2763 cibum

2034 2806 2136 2859 sibi
2168 2806 2278 2859 sint
2332 2805 2578 2860 inutiles.
2611 2802 2746 2870 Qum
2777 2813 2959 2858 autem
3000 2800 3182 2855 oratiu
3215 2797 3469 2869 assequi,
3491 2813 3617 2868 quae

2034 2898 2189 2951 auris
2211 2912 2433 2966 capere,
2461 2898 2609 2969 quod
2639 2895 2890 2952 suﬁicere
2923 2909 3142 2963 tempus
3176 2899 3367 2962 queat,
3408 2890 3455 2947 si
3486 2888 3614 2958 quis

2034 2990 2220 3043 omnia
2282 2989 2484 3044 sumini
2535 2988 2687 3045 illius
2733 2986 2968 3041 artiﬁcis
3030 2984 3297 3040 miracula
3357 2995 3617 3038 sermone

2035 3081 2328 3149 complecti
2362 3081 2537 3136 velit?

420 3163 622 3216 Λέαινα
664 3163 881 3234 στέργει
912 3163 981 3217 τά
1017 3164 1219 3234 ἐαυτῆς
1244 3164 1432 3228 τέκνα,
1476 3165 1569 3218 καὶ
1595 3165 1756 3228 λύκος
1792 3167 1929 3236 ὑπὲρ

2107 3171 2253 3230 Ibid.
2288 3204 2355 3213 -—
2381 3171 2577 3227 Leaena
2613 3172 2864 3227 sobolem
2917 3176 3067 3226 amat
3096 3184 3289 3232 suam;
3323 3182 3424 3238 pro
3457 3154 3627 3219 catu-'

349 3255 642 3311 σκυλάκων
681 3256 939 3326 μάχεται.
995 3255 1303 3327 Ἀμήχανος
1333 3256 1442 3325 γάρ
1486 3258 1690 3327 ἐστινὴ
1730 3258 1929 3329 στοργὴ

2035 3266 2102 3322 lis
2145 3266 2310 3335 lupus
2371 3264 2619 3318 dimicat.
2671 3263 2771 3318 Est
2797 3263 2949 3317 enim
3004 3260 3352 3316 incredibilis
3386 3257 3614 3328 quidam

346 3350 461 3411 τοῖς
497 3347 715 3416 ἀλόγοις
751 3347 959 3400 τέκνων
987 3348 1084 3401 καὶ
1128 3348 1332 3417 γονέων
1361 3349 1498 3419 πρὸς
1526 3349 1754 3419 ἄλληλα.
1788 3352 1931 3405 Διότι

346 3437 375 3488 ὁ
399 3436 817 3507 δημιουργήσας
867 3436 1008 3490 αὐτὰ
1050 3437 1183 3501 Θεὸς
1226 3438 1328 3510 τὴν
1366 3437 1463 3491 τοῦ
1503 3438 1665 3507 λόγου
1694 3439 1932 3510 ἔλλειψιν

345 3525 434 3578 διὰ
462 3525 562 3594 τῆς
587 3525 699 3579 τῶν
729 3525 1101 3599 αἰσθητηρίων
1123 3528 1446 3599 περιουσίας
1476 3529 1926 3599 παρεμυθήσατο.

349 3617 526 3671 Πόθεν
559 3619 617 3671 ἐν
649 3619 870 3690 μυρίοις
902 3618 1196 3688 προϐάτοις
1223 3620 1387 3691 ἀρνὸς
1415 3621 1527 3673 τῶν
1556 3620 1741 3692 σηκῶν
1771 3618 1929 3687 ἐξαλ-

346 3708 593 3779 λόμενος,
623 3709 765 3771 οἶδεν
798 3711 898 3781 μὲν
921 3710 1024 3782 τὴν
1049 3711 1232 3782 φωνὴν
1267 3712 1368 3782 τῆς
1411 3714 1638 3785 μητρὸς,
1676 3714 1772 3768 καὶ
1797 3715 1931 3786 πρὸς

345 3799 522 3871 αὐτὴν
565 3801 880 3870 ἐπείγεται,
936 3801 1186 3873 ἐπιζητεί
1236 3802 1294 3856 δὲ
1350 3802 1450 3866 τὰς
1491 3802 1700 3868 οίκείας
1747 3803 1935 3875 πηγὰς

343 3891 444 3945 τοῦ
497 3892 767 3960 γάλακτος
792 3911 803 3923 ·
854 3892 958 3948 κᾶν
1008 3896 1295 3964 πενιχραίς
1340 3894 1625 3966 μητρῴαις
1663 3895 1932 3970 περιτύχῃ

344 3983 560 4053 θηλαῖς,
594 3984 832 4048 ἐκείναις
867 3984 1120 4056 ἀρκεῖται
1146 4001 1162 4050 ;
1190 3984 1300 4039 Καὶ
1328 3986 1361 4055 ή
1398 3986 1582 4056 μήτηρ
1614 3988 1675 4040 ἐν
1717 3987 1932 4058 μυρίοις

343 4074 579 4144 ἄρνασιν
603 4074 960 4143 ἐπιγινώσκει
994 4074 1053 4128 τὸ
1079 4076 1209 4128 ἴδιον
1238 4075 1503 4146 γέννημα.

419 4164 596 4233 Λόγου
621 4164 852 4236 ἄμοιρος
879 4167 907 4218 6
936 4166 1107 4231 κύων,
1138 4166 1566 4238 ίσοδυναμοῦσαν
1592 4166 1649 4221 δὲ
1675 4167 1825 4236 ὅμως
1851 4168 1929 4240 τῷ

343 4252 491 4325 λόγῳ
524 4254 623 4327 τὴν
654 4255 913 4326 αἴσθησιν
947 4256 1081 4327 ἔχει.
1134 4256 1209 4310 Τὸ
1258 4257 1315 4311 δὲ
1358 4257 1788 4326 μνημονευτικδν
1829 4259 1929 4330 τῆς

341 4345 569 4416 χάριτος
599 4344 693 4397 τοῦ
724 4344 889 4412 (dion,
933 4347 1056 4400 τίνα
1102 4347 1209 4400 τῶν
1246 4348 1557 4418 ἀχαρίστων
1599 4347 1738 4420 πρδς
1776 4351 1929 4421 εύερο

340 4434 508 4503 γέτας
531 4435 593 4488 οὐ
632 4428 968 4507 καταισχύνῃ
994 4452 1008 4501 ;
1039 4437 1173 4491 ὅπου
1205 4454 1269 4505 γε
1318 4437 1414 4491 καὶ
1451 4438 1757 4507 φονευθεῖσι
1808 4433 1928 4494 κατ’

2032 3358 2326 3412 brutorum
2376 3354 2431 3409 in
2505 3354 2647 3408 fetus
2710 3368 2865 3417 suos,
2911 3360 2966 3406 et
3022 3357 3313 3420 parentum
3376 3348 3614 3402 invicem

2034 3462 2212 3503 amor.
2251 3445 2708 3516 Quandoquidem
2742 3449 3072 3514 procreatur
3110 3456 3307 3497 eorum
3342 3440 3489 3496 Deus
3526 3455 3617 3496 ra-

2035 3528 2481 3608 tionistnopiam
2537 3551 2803 3591 sensuum
2844 3532 3171 3605 praestantia
3206 3527 3627 3603 compensavit.‘

2037 3630 2195 3688 Unde
2226 3631 2286 3686 ﬁt
2340 3637 2402 3684 ut
2431 3630 2576 3684 inter
2607 3628 2932 3682 innumeras
2958 3641 3093 3681 oves
3125 3639 3298 3696 agnus
3329 3640 3360 3679 e
3391 3622 3615 3680 stabulo

2033 3724 2295 3780 exsiliens
2366 3723 2563 3778 matris
2600 3736 2796 3778 vocem
2827 3726 3116 3791 agnoscat,
3151 3726 3318 3789 atque
3366 3718 3435 3774 ad
3491 3731 3615 3774 eam

2033 3816 2357 3873 contendat.
2410 3814 2620 3881 Quaerit
2674 3828 2807 3869 vero
2847 3812 3066 3869 nativos
3106 3810 3270 3867 lactis
3318 3809 3523 3874 fontes,
3561 3818 3620 3864 et

2032 3908 2288 3979 quamvis
2327 3908 2520 3978 jejuna
2576 3906 2772 3961 matris
2800 3906 2972 3961 ubera
3019 3903 3405 3967 nanciscatur,
3440 3902 3512 3956 iis
3536 3908 3619 3956 ta-

2032 4014 2158 4055 men
2209 4005 2295 4053 est
2325 4005 2642 4054 contentus.
2668 3994 2774 4050 Sed
2807 4002 2866 4049 et
2896 4002 3072 4049 mater
3108 3993 3254 4048 inter
3294 3991 3617 4046 innumeros

2030 4103 2203 4158 agnos
2242 4085 2413 4142 fetum
2438 4084 2725 4156 cognoscit
2747 4098 2932 4138 suum.

2103 4177 2247 4234 Ibid.
2278 4208 2350 4219 —
2388 4175 2639 4231 Rationis
2691 4182 2778 4231 est
2828 4187 3028 4243 expers
3058 4172 3253 4239 canis;
3299 4176 3356 4225 at
3382 4183 3613 4226 sensum

2030 4280 2214 4326 tamen
2251 4268 2452 4324 rationi
2489 4281 2629 4338 pene
2669 4279 2859 4339 parem
2892 4264 3080 4320 habet.
3114 4262 3385 4318 Memoria
3423 4269 3612 4320 autem

2030 4363 2241 4433 accepti
2303 4361 2581 4425 beneﬁcii,
2661 4374 2783 4430 qua:
2845 4357 2950 4427 ipsi
3008 4360 3176 4422 inest,
3236 4369 3468 4425 ecquem
3502 4368 3613 4410 non

2029 4469 2222 4510 eorum
2281 4452 2376 4522 qui
2434 4465 2563 4519 erga
2593 4451 2733 4506 bene
2763 4450 2833 4504 de
2859 4463 2921 4504 se
2947 4448 3177 4503 meritos
3220 4444 3423 4515 ingrati
3458 4450 3610 4505 sunt,

339 4525 584 4597 ἐρημίαν
623 4526 812 4579 πολλοὶ
850 4526 962 4579 τῶν
1002 4528 1179 4581 κυνῶν
1223 4529 1661 4595 ἐπαποθανόντες
1713 4547 1925 4603 μνημο-

2036 4546 2242 4617 pudore
2290 4541 2596 4607 suﬁ‘undat,
2638 4540 2866 4611 quando
2902 4539 3200 4609 plerosque
3225 4535 3396 4593 etiam
3453 4533 3612 4603 juxta

339 4615 616 4671 νεύονται.
657 4617 795 4687 Ἤδη
833 4618 892 4671 δέ
915 4635 1058 4683 τινες
1086 4620 1182 4672 καὶ
1213 4620 1407 4692 θερμῷ
1434 4622 1514 4692 τῷ
1547 4622 1709 4676 πάθει
1741 4624 1928 4692 ὁδηγοὶ

340 4711 461 4773 τοῖς
500 4710 792 4779 ἐκζητοῦσι
834 4712 963 4777 τοὺς
993 4714 1187 4781 φονέας
1235 4715 1506 4782 ἐγένοντο,
1553 4717 1648 4771 καὶ
1688 4719 1793 4773 ὑπὸ
1829 4721 1929 4791 τὴν

333 4801 501 4874 δίκην
530 4802 762 4873 ἀχθῆναι
795 4804 924 4868 τοὺς
950 4805 1296 4878 κακούργους
1321 4807 1609 4880 ἐποίησαν.

408 5072 516 5125 Τὸν
565 5076 934 5146 χαμαιλέοντα
998 5077 1180 5142 πάσας
1233 5081 1677 5152 μεταλαμϐάνειν
1736 5083 1924 5154 χρόας,

332 5163 480 5232 πλὴν
506 5166 636 5233 μιᾶς
666 5167 765 5237 τῆς
803 5166 1146 5241 λευκότητος.

396 5255 507 5329 ,Τίς
548 5258 577 5310 6
612 5258 798 5331 κύκνῳ
826 5261 1171 5330 συνυφαίνων
1201 5264 1366 5337 ᾠδὴν,
1395 5268 1526 5321 ὅταν
1553 5268 1832 5341 ἐκπετάσῃ
1866 5270 1928 5324 τὸ

330 5350 538 5421 πτερὸν
563 5355 682 5415 ταῖς
711 5352 929 5422 αὔραις,
954 5356 1048 5409 καὶ
1082 5360 1211 5428 ποιῇ
1242 5359 1403 5427 μέλος
1428 5360 1490 5413 τὸ
1520 5360 1796 5431 σύ.ριγμα;
1822 5362 1929 5416 “6-

332 5439 433 5496 θεν
465 5442 609 5507 ταὼς
637 5445 899 5511 όάλαζὼν
928 5449 1025 5501 καὶ
1054 5446 1294 5521 Μηδικὸς
1321 5449 1500 5516 οὕτως
1518 5452 1808 5522 φιλόκαλος
1830 5454 1924 5508 καὶ

332 5532 621 5604 φιλότιμος
636 5554 653 5603 ;
684 5537 796 5592 Καὶ
821 5539 932 5611 γὰρ
960 5541 1279 5596 αἰσθάνεται
1299 5541 1393 5596 τοῦ
1415 5544 1620 5599 οίκείου
1644 5545 1877 5610 κάλλους
1906 5566 1918 5579 ·

332 5624 464 5678 ὅταν
499 5624 583 5696 ἴδῃ
619 5626 745 5680 τινὰ
776 5629 1150 5700 πλησιάζοντα
1192 5636 1313 5697 ταῖς
1343 5633 1610 5704 θηλείαις,
1650 5636 1726 5701 ὥς
1762 5655 1919 5706 φασι,

335 5715 744 5782 καλλωπίζεται
783 5720 875 5775 τὸν
913 5723 1117 5794 αὐχένα
1146 5726 1356 5795 διάρας,
1379 5729 1473 5780 καὶ
1497 5728 1559 5781 τὸ
1585 5729 1783 5799 πτερὸν
1825 5748 1917 5784 κυ-

335 5805 609 5879 κλοτερῶς
642 5814 1001 5884 περιστήσας,
1026 5816 1087 5871 τὸ
1115 5819 1424 5890 χρυσαυγὲς
1460 5821 1556 5881 καὶ
1585 5822 1919 5896 κατάστερον

2027 4635 2284 4691 dominos
2315 4633 2370 4687 in
2409 4631 2710 4688 solitudine
2739 4630 3114 4688 obtruncatos
3146 4634 3377 4682 mortem
3401 4624 3612 4682 obiisse

2028 4725 2307 4795 proditum
2342 4725 2452 4778 sit?
2475 4720 2619 4788 Quin
2648 4720 2899 4779 nonnulli
2941 4733 3185 4789 quoque,
3208 4716 3471 4786 ﬂagrante
3507 4716 3615 4770 ad-

2029 4818 2138 4873 huc
2193 4816 2365 4881 caede,
2402 4816 2470 4871 iis
2499 4815 2591 4885 qui
2643 4812 3034 4870 interfectores
3078 4814 3394 4883 quaererent
3436 4806 3609 4866 duces

2028 4926 2087 4966 se
2138 4908 2516 4981 praebuerunt,
2594 4906 3013 4975 eﬂ‘eceruntque
3083 4903 3161 4957 uti
3213 4899 3612 4961 facinorosiad

2029 5003 2262 5059 luendas
2294 5015 2496 5072 pmnas
2528 5001 2890 5056 ducerentur.

2095 5072 2154 5149 ὲ.
2199 5092 2358 5162 Greg.
2390 5092 2531 5149 Naz.
2555 5124 2623 5133 ——
2661 5089 3143 5146 Chamaeleenlem.
3172 5085 3359 5143 ferunt
3391 5083 3609 5142 colores

2026 5187 2263 5243 subinde
2319 5200 2515 5241 omnes
2545 5197 2861 5246 assumere,
2888 5179 3137 5236 candore
3189 5191 3302 5233 uno
3350 5183 3606 5248 excepto.

2094 5274 2289 5344 Ejusd.
2356 5284 2497 5330 orat.
2529 5274 2566 5327 2
2597 5272 2665 5328 de
2697 5271 2881 5355 ΤΙιεοί.
2914 5300 2984 5318 -ε
3021 5269 3159 5337 Quis
3211 5274 3439 5326 cantum
3470 5280 3607 5324 con-

2025 5364 2160 5420 texit
2205 5377 2406 5435 eycno,
2441 5379 2565 5419 cum
2589 5362 2659 5417 ad
2688 5370 2881 5420 ventos
2933 5359 3133 5431 pennis
3154 5355 3605 5428 expansisdtr'is

2023 5455 2210 5510 delum
2241 5468 2466 5511 carmen
2512 5453 2790 5510 επηοόίιὲ
2841 5451 3122 5508 Undenam
3153 5447 3398 5505 Medicus
3430 5446 3523 5503 ille
3549 5454 3606 5502 et

2025 5560 2294 5617 arrogans
2357 5559 2520 5615 pavo,
2583 5543 2878 5614 elegantia;
2928 5549 2984 5597 et
3016 5539 3210 5612 gloriae
3261 5551 3439 5607 usque
3467 5534 3611 5593 adeo

2022 5637 2258 5706 cupidus
2285 5638 2415 5693 est?
2446 5635 2663 5691 Etenim
2700 5634 2962 5691 decorem
3000 5647 3164 5690 suum
3201 5630 3321 5701 ipse
3349 5636 3604 5697 comper-

2022 5740 2135 5786 tum
2159 5722 2358 5791 habet;
2391 5743 2630 5798 cumque
2654 5728 2889 5797 aliquem
2911 5725 2978 5780 ad
3008 5723 3240 5780 feminas
3265 5715 3489 5791 propius
3509 5728 3604 5771 ac-

2023 5821 2307 5881 cedentem
2340 5819 2540 5888 cernit,
2569 5818 2859 5880 ambitiosc
2877 5832 3031 5886 sese,
3049 5821 3108 5869 ut
3131 5813 3305 5879 aiunt,
3335 5814 3613 5877 ostentat;
