4028 6398
408 397 428 461 i
443 399 544 463 533

1568 385 1629 445 S.
1668 380 1989 446 JOANNIS
2027 380 2463 444 DAMASCENI

3546 372 3686 443 1585

407 530 472 568 ac
506 511 729 567 diducto
755 500 916 572 collo,
964 504 1269 575 pennisque
1293 503 1346 555 in
1381 500 1571 555 orbem
1634 494 1983 566 compositis,

2136 497 2365 568 εατρίζει
2396 495 2460 550 τὸ
2486 496 2685 560 κάλλος
2713 497 2825 560 τοῖς
2848 497 3112 568 ἐρασταῖς
3143 495 3281 567 μετὰ
3312 495 3552 567 σοῦαροῦ
3588 497 3701 567 τοῦη

370 662 371 665 η
408 610 656 661 auratam
711 595 1004 669 quamdam
1039 601 1095 648 et
1129 592 1417 647 stellarum
1475 590 1655 645 instar
1690 582 1989 641 micantem

408 689 876 767 pulchritudinem
953 686 1223 742 rivalibus
1279 685 1397 738 suis
1454 680 1700 752 superbo
1751 679 1985 734 incessu

409 789 839 843 commonstrat.

478 874 537 933 S.
566 875 722 945 Greg.
751 873 894 928 Naz.
923 870 1291 927 ibim-«Unde
1311 868 1509 939 apibus
1539 872 1593 921 et
1619 864 1842 919 araneis
1868 876 1995 917 con-

409 967 627 1025 ﬁciendi
676 967 882 1038 operis,
911 971 964 1020 et
1000 962 1158 1035 53],
1193 962 1333 1018 artis
1359 958 1681 1017 exercendae
1722 956 1993 1022 studium,

400 1066 468 1116 ‘ut
496 1070 551 1116 ct
583 1059 686 1114 illa:
719 1073 818 1129 per
848 1055 1176 1125 sexangulas
1208 1061 1376 1123 atque
1404 1051 1553 1105 inter
1606 1064 1667 1104 se
1705 1046 1997 1118 oppositas

407 1153 627 1210 fistulas
651 1150 814 1206 favos
844 1155 1144 1204 contexant
1172 1153 1226 1202 et
1249 1144 1503 1207 fulciant,
1526 1155 1591 1196 ae
1612 1155 1709 1211 per
1729 1141 1967 1195 interme

409 1249 562 1301 dium
604 1251 823 1315 septum
859 1249 915 1297 et
950 1237 1420 1312 permutationem
1459 1233 1792 1305 angulorum
1826 1231 1996 1287 rectis

410 1338 576 1395 lineis
606 1337 946 1392 adnexorum
981 1331 1296 1386 firmitatem
1346 1327 1483 1399 ipsis
1510 1325 1813 1382 concilient
1855 1342 1868 1382 :
1913 1324 1998 1378 ha:

411 1436 597 1483 autem
646 1441 745 1497 per
779 1422 967 1480 tenuia
998 1427 1055 1477 et
1090 1421 1241 1475 aeria
1269 1415 1670 1489 propemodum
1714 1414 1803 1467 [lla
1849 1412 2000 1467 varie

412 1521 654 1576 distenta
694 1514 1032 1586 multiplices
1069 1512 1209 1568 telas
1248 1517 1479 1575 texant,
1515 1508 1681 1576 idque
1724 1505 2000 1577 ejusmodi

411 1610 648 1666 nexibus
689 1607 783 1678 qui
813 1604 1108 1661 oculorum
1140 1601 1315 1658 aciem
1352 1594 1611 1671 fugiunt?

481 1704 540 1759 Id
567 1699 962 1758 observatione
985 1703 1331 1768 compertum
1361 1702 1447 1750 est
1467 1735 1481 1759 ,
1509 1694 1729 1749 leonum
1755 1692 1998 1754 catulos,

413 1794 882 1870 quemadmodum
915 1803 969 1848 et
998 1805 1168 1845 canes
1195 1830 1209 1853 ,
1249 1802 1430 1843 caecos
1468 1787 1524 1841 in
1561 1787 1741 1840 lucem
1777 1783 1888 1839 edi.

483 1888 621 1945 Cum
658 1886 874 1943 leonina
909 1898 1037 1940 ossa
1072 1881 1410 1943 tunduntur,
1462 1877 1701 1950 perinde
1751 1884 1923 1945 atque
1970 1890 2001 1931 e
2033 1853 2074 1909 Β

415 1979 682 2038 silicibus
709 1976 856 2049 ignis
888 1973 1192 2031 excutitur.

484 2072 745 2128 Clement.
778 2099 848 2109 —
878 2066 1117 2139 Aquila,
1153 2072 1215 2120 ut
1249 2070 1561 2133 serpentem
1598 2076 1627 2115 a
1664 2058 1835 2130 pullis
1881 2055 2004 2111 abi—

415 2174 544 2241 gat,
579 2163 806 2221 amuleti
835 2163 962 2217 loco
1012 2159 1248 2231 lapidem
1311 2173 1475 2230 quem
1510 2156 1722 2211 aetitem
1771 2160 2003 2217 vocant,

415 2260 473 2315 in
505 2257 638 2313 nido
671 2255 846 2327 ponit.

500 2348 769 2404 Philonis.
796 2376 869 2388 -—
892 2344 990 2401 Est
1022 2343 1208 2399 bellua
1226 2382 1241 2406 ,
1271 2356 1396 2411 qua:
1418 2340 1720 2395 tarandrus
1746 2345 2002 2402 vocatur,

418 2435 804 2509 magnitudine
851 2434 977 2490 bovi
1027 2448 1139 2487 non
1186 2433 1388 2502 impar,
1434 2429 1552 2485 oris
1597 2436 1782 2483 autem
1828 2426 2007 2481 forma

417 2544 585 2586 cervo
606 2542 771 2600 quam
796 2526 1097 2583 simillima.
1117 2523 1271 2579 Hanc
1287 2523 1437 2579 aiunt
1454 2523 1613 2594 juxta
1626 2537 1690 2579 ea
1707 2521 1828 2578 loca
1845 2531 2009 2591 atque

419 2623 650 2678 arbores
696 2620 903 2692 quibus
938 2618 1253 2690 propinqua
1306 2626 1425 2684 est,
1472 2616 1710 2687 pilorum
1757 2614 2007 2671 colorem

420 2714 663 2771 subinde
685 2721 907 2769 mutare
930 2754 943 2779 ,
981 2710 1120 2768 adeo
1149 2718 1208 2766 ut
1238 2710 1314 2765 ob
1341 2711 1550 2765 coloris
1573 2707 2008 2764 similitudinem

421 2808 492 2863 ab
521 2807 591 2863 iis
614 2805 709 2877 qui
737 2805 956 2862 obviam
984 2805 1123 2859 llunt
1150 2800 1521 2858 animadverti
1547 2799 1776 2855 minime
1799 2803 2007 2870 queat,

419 2910 476 2956 et
502 2902 605 2954 hac
630 2896 847 2953 ratione
875 2896 1059 2967 potius
1083 2909 1246 2967 quam
1276 2894 1484 2948 robore
1508 2891 1766 2962 corporis
1791 2890 1847 2947 id
1874 2904 2011 2946 con-

422 2991 618 3062 sequi,
651 3000 712 3045 ut
741 2991 828 3044 vis
861 2988 1093 3044 omnino
1128 2988 1253 3073 capi
1283 2988 1484 3058 possit.

493 3104 537 3158 Τ
544 3103 635 3158 ιτ.
678 3102 771 3158 ill.
800 3134 869 3144 -—
898 3100 974 3155 De
1005 3098 1327 3170 ponderibus
1360 3097 1531 3167 justis
1559 3107 1609 3152 et
1643 3096 1932 3152 mensuris.

2097 589 2448 659 βαδίσματος.

2178 866 2351 922 Πόθεν
2391 865 2678 937 μελίσσαις
2697 880 2757 916 τε
2782 863 2876 918 καὶ
2902 862 3170 934 ἀράχναις
3195 864 3258 918 τὸ
3286 864 3566 934 φιλεργὸν,
3591 864 3691 917 xci.

2100 962 2434 1032 φιλότεχνον,
2467 959 2555 1012 ῐνα
2581 960 2699 1021 ταῖς
2723 957 2824 1028 μὲν
2850 955 2923 1010 τὰ
2944 955 3116 1027 κηρία
3137 955 3409 1027 πλέκηται
3435 958 3530 1011 καὶ
3557 973 3690 1011 συν-

2101 1057 2293 1130 έχηται
2329 1055 2398 1108 δι’
2432 1052 2721 1123 ὲξαγώνων
2749 1051 3027 1122 συρίγγων
3050 1049 3147 1103 καὶ
3172 1050 3570 1120 ἀντιστρόφων.
3593 1051 3693 1104 καὶ

2099 1148 2162 1202 τὸ
2192 1148 2404 1220 ἑδραῖον
2429 1146 2623 1209 αὐταῖς
2645 1143 2736 1200 διὰ
2764 1141 2863 1196 τοῦ
2896 1143 3067 1213 μέσου
3088 1142 3186 1196 τοῦ
3212 1141 3570 1213 τειχίσματος
3595 1140 3692 1196 καὶ

2101 1241 2347 1311 ἀλλαγῆς
2387 1238 2838 1309 ιπιπλεκομὲνων
2870 1238 2996 1300 ταῖς
3028 1235 3272 1299 εὐθείαις
3314 1236 3425 1288 τῶν
3473 1235 3694 1305 γωνιῶν

2102 1334 2595 1410 πραγματεύηται·
2618 1335 2673 1386 αί
2711 1330 2768 1386 δὲ
2802 1329 2890 1384 διὰ
2915 1328 3131 1383 λεπτῶν
3154 1328 3249 1382 καὶ
3269 1326 3472 1398 ἀερίων
3503 1327 3695 1398 σχεδὸν

2102 1430 2213 1485 τῶν
2242 1428 2504 1499 νημάτων
2528 1423 2826 1486 πολυειδῶς
2855 1422 3283 1493 διατεταμένων,
3313 1420 3696 1483 πολυπλόκως

2101 1523 2228 1585 τοὺς
2260 1521 2436 1583 ἱστοὺς
2458 1516 2829 1588 ὲξυφαίνουσι,
2850 1515 2942 1569 καὶ
2968 1514 3142 1568 ταῦτα
3159 1513 3220 1579 ἐξ
3237 1512 3461 1584 ἁψανῶν
3481 1512 3691 1584 ἀρχῶνς

2177 1709 2519 1779 Τετὴρηνται
2554 1704 2603 1757 οἱ
2628 1702 2737 1755 τῶν
2766 1700 2996 1753 λεόντων
3032 1697 3285 1766 σκύμνοι,
3317 1694 3571 1765 καθάπερ
3596 1694 3698 1748 καὶ

2106 1802 2155 1854 οἱ
2185 1800 2367 1864 κύνες,
2397 1795 2682 1850 τίκτεσθαι
2699 1791 2914 1863 τυφλοί.

2175 1892 2547 1963 Κοπτομένων
2590 1889 2700 1943 τῶν
2753 1889 3007 1942 λεοντίων
3055 1885 3283 1947 ὀστέων,
3345 1881 3605 1952 καθάπερ
3630 1882 3698 1933 ὲκ

2104 1989 2212 2042 τῶν
2253 1985 2496 2056 πυριτῶν
2517 1982 2683 2035 λίθων
2720 1978 2831 2050 πῦρ
2853 1977 3171 2043 ἐξάπτεται.

2188 2078 2558 2149 Ἀλεξιτήριον
2598 2078 2655 2129 ὲν
2698 2076 2765 2144 τῇ
2806 2071 2975 2142 καλιᾷ
3009 2068 3227 2136 τίθησιν
3256 2065 3484 2128 ὁάετὸς,
3525 2061 3697 2117 ὲλαύ-

2108 2193 2212 2231 νων
2242 2173 2350 2227 ἀπὸ
2377 2170 2486 2224 τῶν
2517 2166 2757 2221 νεοσσῶν
2774 2165 2864 2218 τὸν
2890 2163 3037 2231 ὅφιν,
3065 2160 3216 2214 λίθον
3237 2158 3327 2213 τὸν
3353 2157 3697 2228 καλούμενον

2108 2266 2347 2335 ἀετίτην.

2180 2358 2393 2412 Γίνεται
2442 2354 2650 2425 θηρίον,
2705 2350 2734 2404 ὃ
2797 2348 3045 2404 καλεῖται
3087 2343 3407 2416 τάρανδρος,
3463 2339 3698 2412 μέγεθος

2115 2453 2214 2525 μὲν
2237 2449 2380 2521 βοὶς,
2409 2449 2594 2518 ὲλάιρῳ
2627 2444 2684 2498 δὲ
2714 2442 2806 2498 τὸν
2828 2440 2923 2495 τοῦ
2955 2438 3250 2513 προσώπου
3292 2437 3464 2490 τύπον
3518 2436 3698 2504 ἐμφε-

2116 2523 2398 2616 ρέστατον.
2430 2539 2599 2609 Λόγος
2644 2535 2759 2608 ἔχει
2815 2533 3007 2616 τοῦτον
3060 2529 3418 2602 μεταϐάλλειν
3462 2527 3552 2580 ἀεὶ
3594 2523 3701 2588 τὰς

2112 2614 2307 2708 τρίχας
2343 2634 2478 2705 πρός
2508 2647 2567 2684 τε
2599 2630 2668 2682 τὰ
2701 2627 2900 2699 χωρία,
2936 2614 3032 2680 καὶ
3059 2624 3129 2678 τὰ
3157 2622 3354 2692 δένδρα
3376 2615 3465 2684 οἷς
3490 2618 3559 2672 ἂν
3604 2617 3701 2685 ἑγ-

2114 2731 2215 2800 γῦς
2243 2728 2476 2790 ἵσταται,
2510 2723 2585 2786 ὡς
2607 2719 2696 2774 διὰ
2720 2719 2819 2790 τὴν
2846 2720 2947 2791 τῆς
2979 2715 3171 2787 χροιᾶς
3227 2712 3523 2784 ὁμοιότητα
3567 2709 3702 2764 λαν-

2113 2824 2298 2879 θάνειυ
2317 2820 2444 2883 τοὺς
2477 2813 2926 2886 ἐντυγχάνοντας,
2967 2810 3067 2864 καὶ
3107 2807 3282 2880 ταύτῃ
3319 2804 3520 2876 μᾶλλον
3552 2801 3586 2872 ἢ
3638 2802 3709 2872 τῇ

2115 2911 2246 2985 περὶ
2271 2911 2332 2963 τὸ
2361 2909 2522 2977 σῶμα
2538 2905 2677 2976 ἀλκῇ
2707 2901 3064 2974 δυσθήρατον.

2116 3096 2301 3152 ΤΙΤΛ.
2328 3092 2403 3146 1".
2432 3120 2500 3133 ——
2531 3089 2670 3158 Περὶ
2711 3081 2922 3158 ζυτῶις,
2945 3081 3046 3158 καί
3084 3077 3387 3150 σταθμῶν,
3438 3075 3535 3129 καὶ
3593 3074 3701 3143 μέ-

2682 3153 2838 3225 τρων
2865 3153 3132 3208 δικαίων.

497 3263 623 3320 Leu;
654 3279 746 3318 nx
770 3302 785 3328 ,
938 3292 1007 3303 --
1033 3278 1052 3313 ι
1086 3260 1205 3315 Non
1238 3258 1412 3315 facies
1434 3258 1709 3329 judicium
1736 3258 2006 3326 injustum

2190 3276 2209 3310 ι
2246 3256 2321 3310 Οὐ
2378 3253 2624 3323 ποιήσεις
2680 3246 2866 3302 ἄδικον
2907 3241 3091 3312 κρίσιν
3144 3242 3203 3293 ὲν
3255 3237 3500 3307 μέτροις,
3525 3231 3623 3288 καὶ
3645 3231 3709 3286 ἐν

423 3360 482 3415 in
529 3357 812 3412 mensuris
832 3398 847 3422 ,
895 3362 950 3410 et
997 3352 1342 3423 ponderibus
1366 3393 1381 3417 ,
1409 3360 1464 3408 et
1498 3351 1748 3407 stateris.
1778 3349 2015 3404 State‘rae

418 3450 584 3521 iusta!
608 3491 622 3516 ,
672 3456 727 3505 et
761 3460 1041 3503 mensura:
1073 3446 1250 3529 justae
1276 3485 1289 3508 ,
1330 3456 1384 3499 et
1423 3444 1645 3500 cbomix
1685 3443 1871 3514 justus
1910 3441 2017 3496 erit

399 3601 403 3605 ,
423 3543 609 3599 vobis.
653 3560 674 3594 ι
1596 3606 1603 3611 1

496 3636 655 3691 Deut.
687 3649 819 3699 xxv,
846 3631 1036 3687 15-16.
1060 3660 1127 3670 —
1149 3627 1299 3684 (Non
1326 3627 1559 3683 habebis
1584 3627 1640 3680 in
1666 3625 1894 3681 sacculo
1921 3631 2017 3677 tuo

423 3728 649 3783 diversa
683 3724 965 3797 pondera,
1003 3721 1189 3793 majus
1218 3728 1274 3775 et
1304 3721 1530 3786 minus;
1564 3725 1621 3773 et
1656 3733 1769 3773 non
1810 3716 1918 3772 erit
1957 3717 2013 3771 in

426 3821 596 3876 domo
612 3827 722 3874 tua
751 3815 972 3872 modius
1011 3813 1190 3884 major
1228 3821 1284 3868 et
1321 3812 1524 3866 minor.
1560 3810 1787 3866 Pontius
1820 3824 2014 3865 verum

427 3921 485 3967 et
507 3910 720 3980 justum
754 3907 827 3963 sit
856 3906 992 3969 tibi,
1047 3913 1107 3960 ut
1157 3903 1351 3959 multis
1398 3903 1598 3959 diebus
1649 3903 1802 3960 vivas
1846 3916 2017 3971 super

427 4007 634 4056 terram
664 4011 834 4069 quam
880 3996 1150 4051 Dominus
1201 3993 1422 4050 dederit
1470 3993 1589 4049 tibi.
1649 3992 2018 4046 Abominatur

401 4092 572 4166 enim
612 4089 882 4146 Dominus
913 4098 1044 4143 tuus
1075 4099 1201 4142 eum
1233 4084 1328 4156 qui
1366 4083 1502 4139 facit
1532 4082 1670 4140 haec.
1706 4101 1725 4134 ›

495 4183 690 4239 Ezech.
725 4197 849 4244 im,
888 4180 975 4234 10.
1007 4210 1078 4221 -
1108 4197 1127 4232 ι
1167 4176 1397 4232 Statura
1424 4175 1577 4247 justa
1599 4216 1612 4240 ,
1647 4184 1696 4229 et
1747 4186 2014 4229 mensura

401 4260 576 4349 'justa
599 4319 615 4343 ,
645 4283 703 4332 et
733 4271 954 4329 choenis
983 4273 1172 4343 justus
1204 4270 1311 4325 erit
1340 4268 1524 4327 vobis.
1563 4285 1582 4317 ι

496 4389 636 4445 TlT.
678 4384 946 4443 lV.—-De
973 4384 1192 4454 injustis
1219 4383 1544 4452 ponderibus
1571 4388 1620 4434 et
1653 4379 1939 4434 mensuris.

504 4551 651 4607 Paul.
684 4566 805 4616 ιιι,
838 4550 927 4605 10.
954 4580 1025 4589 -
1050 4566 1069 4598 ι
1100 4543 1401 4600 Mendaces
1458 4540 1555 4594 lilii
1611 4539 1900 4594 hominum
1952 4538 2008 4594 in

425 4644 674 4710 stateris,
709 4649 771 4697 ut
801 4639 1115 4709 decipiant,
1145 4655 1163 4688 ι
1195 4643 1301 4691 etc.

494 4737 656 4792 Prov.
686 4752 772 4801 xt,
811 4734 864 4787 1.
900 4762 971 4775 --
1005 4751 1024 4784 ε
1059 4731 1277 4787 Statera
1312 4725 1504 4780 dolosa
1542 4722 1895 4778 abominatio
1928 4731 2014 4777 est

426 4829 571 4900 apud
590 4827 916 4891 Dominum;
939 4834 990 4877 et
1010 4819 1228 4893 pondus
1245 4831 1465 4888 aequum
1489 4821 1778 4885 acceptum
1797 4820 1883 4871 est
1898 4812 2008 4869 ei.»

498 4917 657 4975 Prov.
694 4935 764 4973 xx
787 4960 802 4983 ,
836 4917 923 4970 10.
954 4948 1023 4956 -
1049 4933 1069 4965 ί
1096 4911 1323 4967 Pondus
1356 4923 1617 4981 magnum
1648 4916 1702 4963 et
1739 4921 1972 4979 parvum
1997 4950 2011 4964 .

428 5022 482 5068 et
513 5026 788 5067 mensura:
812 5010 1080 5079 duplices,
1112 5014 1349 5075 utraque
1378 5002 1663 5058 immunda
1692 5016 1880 5058 coram
1910 5000 2016 5055 Do-

427 5104 623 5171 mino;
664 5113 716 5157 et
752 5103 845 5174 qui
883 5102 1018 5156 facit
1060 5101 1209 5163 haec,
1255 5100 1310 5152 iu
1354 5098 1473 5153 suis
1512 5094 2008 5152 adinventionibus

409 5198 831 5277 .cotgpedietur.
868 5215 885 5247 ι

505 5276 647 5343 Ibid-
677 5288 768 5341 ‘25.
799 5319 868 5327 —-
897 5305 915 5337 ι
944 5286 1296 5339 Abominatio
1345 5282 1583 5337 Domitio
1642 5280 1859 5351 pondus
1882 5276 1885 5285 ’
1911 5278 2015 5330 du-

427 5386 546 5454 plex
578 5400 590 5435 :
622 5391 675 5437 et
711 5388 919 5437 statera
953 5379 1142 5433 dolosa
1174 5393 1283 5432 non
1317 5385 1403 5432 est
1436 5376 1579 5430 bona
1612 5388 1802 5428 coram
1836 5387 1922 5427 eo.
1955 5390 1977 5422 ι

498 5468 630 5529 Osee
655 5489 731 5528 xu
753 5515 766 5540 ,
799 5474 851 5527 7.
873 5503 937 5513 —-
970 5489 991 5524 ι
1017 5470 1315 5553 Chanaan‘,
1344 5469 1399 5522 in
1444 5466 1705 5522 manibus
1728 5464 1854 5535 ejus
1896 5470 2015 5519 sta-

427 5576 546 5622 tera
594 5566 822 5630 dolosa,
874 5564 1208 5621 calumniam
1258 5560 1474 5619 dilexit.
1527 5560 1740 5614 Omnes
1796 5555 2017 5611 labores

425 5658 549 5729 ejus
588 5671 695 5712 non
731 5656 1085 5714 invenientur
1121 5655 1227 5725 ipsi
1258 5661 1485 5725 propter
1513 5650 1846 5720 iniquitates
1876 5660 2018 5716 quas

425 5753 697 5823 peccavit.
734 5770 750 5802 ι

394 5898 397 5923 Γ
498 5846 658 5898 Amos
692 5857 822 5910 vnn,
875 5840 1021 5896 4.-
1051 5858 1070 5893 ι
1101 5837 1305 5894 Audite
1351 5836 1505 5902 hac,
1564 5833 1662 5905 qui
1713 5828 2006 5918 conteritis

2122 3350 2403 3421 σταθμοῖς,
2434 3346 2530 3400 καὶ
2558 3344 2616 3397 ὲν
2645 3338 2852 3410 ζυγοῖς.
2882 3336 3032 3404 Ζυγὰ
3056 3332 3263 3395 δίκαια,
3297 3330 3391 3384 καὶ
3431 3327 3611 3399 μέτρα
3635 3324 3709 3378 δί-

2121 3459 2272 3506 καια,
2297 3440 2392 3494 καὶ
2416 3434 2583 3508 χοῖνιξ
2609 3434 2817 3494 δίκαιος
2850 3428 3005 3483 ἔσται
3032 3426 3184 3497 ὑμῖν.
3219 3443 3239 3477 ι

2198 3639 2216 3673 ι
2255 3619 2369 3672 Οὐκ
2398 3615 2548 3669 ἔσται
2580 3615 2637 3667 ὲν
2656 3609 2736 3681 τῷ
2771 3606 3072 3680 μαρσίππῳ
3114 3618 3212 3657 σου
3248 3599 3511 3671 στάθμιον
3560 3597 3708 3668 μέγα

2119 3711 2152 3782 ἢ
2189 3706 2387 3779 μικρόν
2421 3723 2434 3736 ’
2465 3706 2559 3760 καὶ
2586 3703 2688 3757 οὐκ
2710 3702 2866 3755 ἔσται
2886 3700 2947 3752 ὲν
2970 3699 3037 3768 τῇ
3066 3693 3217 3765 οίκίᾳ
3242 3709 3339 3746 σου
3376 3689 3522 3761 μέγα
3551 3687 3587 3759 ἢ
3616 3705 3709 3757 μι-

2121 3779 2272 3872 διρόν.
2310 3799 2579 3870 Στάθμιον
2601 3793 2856 3866 ἀληθινὸν
2885 3791 2980 3847 καὶ
3025 3788 3238 3844 δίκαιον
3271 3785 3415 3847 ἔστω
3453 3799 3559 3848 σοι,
3617 3779 3712 3836 ἵνα

2121 3896 2465 3968 πολυήμερος
2493 3891 2626 3962 γένῃ
2657 3892 2752 3943 ἐπὶ
2778 3888 2881 3960 τῆς
2912 3886 3017 3957 γῆς
3045 3878 3113 3956 ἧς
3146 3880 3353 3952 Κύριος
3377 3881 3410 3934 ὁ
3441 3878 3577 3940 Θεός
3608 3892 3709 3929 σου

2117 3988 2302 4044 δίδωσί
2329 4005 2411 4042 σοι
2442 3990 2499 4043 ὲν
2528 3985 2740 4057 κλήρῳ,
2769 3982 2855 4037 ὅτι
2892 3978 3170 4052 βδέλυγμα
3208 3974 3412 4046 Κυρίῳ
3459 3970 3539 4044 τῷ
3583 3969 3709 4042 Θεῷ

2122 4100 2217 4137 σου
2245 4083 2353 4145 πᾶς
2378 4079 2546 4134 ποιῶν
2569 4076 2763 4133 ταῦτα.
2794 4094 2813 4128 ι

2195 4192 2215 4225 σ
2248 4172 2420 4242 Ζυγὸς
2451 4170 2680 4233 δίκαιος,
2721 4167 2818 4221 καὶ
2853 4165 3051 4237 μέτρον
3103 4162 3334 4225 δίκαιον,
3386 4157 3484 4212 καὶ
3534 4154 3711 4227 χοῖνιξ

2116 4267 2326 4330 δίκαιος
2356 4263 2514 4318 ἔσται
2541 4264 2691 4335 ὑμῖν.
2733 4280 2753 4313 ι

2117 4380 2301 4436 ΤΙΤΛ.
2335 4378 2408 4432 Δ⁹.
2450 4409 2513 4419 --
2542 4377 2681 4447 Περὶ
2733 4374 2942 4447 ζυγῶν,
2964 4374 3060 4429 καὶ
3090 4368 3395 4441 σταθμῶν,
3461 4366 3558 4421 καὶ
3600 4352 3711 4434 μέ-

2678 4444 2852 4516 τρων
2871 4444 3112 4500 ἀδίκων.

2193 4563 2213 4596 r
2246 4543 2479 4607 Ψευδεῖς
2507 4543 2613 4596 υἱοὶ
2645 4540 2753 4596 τῶν
2799 4538 3100 4617 ἀνθρώπων
3131 4538 3190 4591 ἐν
3220 4535 3426 4603 ζυγοῖς,
3452 4529 3545 4584 τοῦ
3594 4528 3713 4582 ἀδι-

2116 4637 2305 4708 κῆσαι.
2338 4656 2357 4688 ι

2194 4746 2214 4781 ί
2248 4728 2413 4796 Ζυγο“ι
2467 4726 2631 4780 δόλιοι
2677 4723 2956 4795 βδέλυγμα
2994 4719 3226 4775 ἐνώπιον
3267 4716 3478 4788 Κυρίου
3510 4732 3523 4747 ·
3578 4712 3717 4771 στά⁹

2118 4822 2279 4892 θμιον
2308 4820 2364 4874 δὲ
2396 4820 2606 4874 δίκαιον
2637 4817 2824 4872 δεκτδν
2850 4814 3019 4887 αὐτῷ.
3059 4832 3080 4866 ι
3220 4814 3227 4818 ’

2195 4933 2216 4967 r
2259 4913 2532 4983 Στὰθμιον
2577 4911 2721 4982 μέγα
2772 4909 2869 4963 καὶ
2910 4906 3128 4979 μικρὸν,
3184 4904 3277 4960 καὶ
3328 4902 3507 4976 μέτρα
3528 4900 3713 4965 δισσὰ,

2118 5007 2406 5077 ἀκάθαρτα
2440 5002 2673 5058 ἐνώπιον
2702 4999 2910 5068 Κυρίου
2939 4998 3229 5070 ἀμφότερα
3250 5010 3267 5029 ·
3316 4992 3413 5049 καὶ
3471 4994 3501 5046 ὁ
3538 4989 3717 5045 ποιῶν

2117 5095 2292 5156 αὐτὰ,
2361 5094 2418 5148 ὲν
2474 5094 2586 5155 τοῖς
2629 5086 3059 5159 ἐπιτηδεύμασιν
3111 5079 3281 5138 αὐτοῦ
3335 5077 3718 5151 συμποδισθή-

2121 5207 2271 5244 σεται
2283 5233 2293 5241 .
2329 5207 2346 5241 Ι

2196 5300 2215 5332 e
2251 5279 2534 5348 Βδέλυγμα
2581 5276 2771 5348 Κυρίῳ
2803 5275 2987 5329 δισσὸν
3032 5270 3295 5342 στάθμιον
3321 5285 3334 5300 ·
3395 5267 3489 5323 καὶ
3547 5265 3717 5333 ζυγὸς

2119 5374 2288 5437 δόλιος
2317 5373 2380 5425 ού
2405 5371 2568 5426 καλὸν
2596 5370 2826 5422 ἐνώπιον
2859 5366 3049 5422 αὑτοῦ.
3089 5385 3106 5415 ι

2196 5484 2214 5518 r
2248 5464 2488 5530 Χαναὰν,
2527 5466 2585 5516 ὲν
2614 5462 2804 5533 χερσὶν
2837 5458 3005 5515 αὐτοῦ
3047 5457 3212 5526 ζυγὸς
3273 5454 3483 5516 ἄδικος,
3532 5466 3714 5504 κατα-

2120 5552 2471 5611 δυναστεύειν
2528 5551 2845 5622 ἠγάπησεν.
2906 5548 3119 5613 Πάντες
3195 5548 3243 5601 oi
3303 5543 3458 5598 πόνοι
3541 5541 3715 5597 αὐτοῦ

2120 5649 2218 5719 οὐχ
2247 5646 2636 5719 εὑρεθήσονται
2665 5642 2836 5715 αὐτῷ,
2867 5641 2937 5696 δι’
2968 5638 3249 5711 ἁμαρτίας
3284 5636 3349 5701 ἃς
3374 5636 3653 5707 ἥμαρτεν.
3693 5653 3711 5684 ι

2199 5827 2548 5901 (Ἀκούσατε
2576 5802 2771 5891 ταῦτα,
2802 5823 2852 5876 οἱ
2879 5819 3222 5891 ἰκτρίῦοντες
3243 5817 3320 5878 εἰς
3345 5814 3405 5870 τὸ
3432 5811 3580 5886 πρωῒ
3616 5813 3721 5868 πέ-
