4048 6408
1876 408 1940 465 S.
1973 405 2290 466 JOANNIS
2320 405 2749 467 DAMASCENI
3733 419 3807 480 708

789 519 1025 574 Alteram
1044 516 1338 574 Corinthiis
1359 516 1636 589 epistolam
1678 518 1805 574 ideo
1829 520 2053 588 scripsit
2105 520 2252 588 Apo-
2279 529 2326 586 Α

2211 533 2252 571 ι·-
2279 529 2326 586 Α
2419 520 2577 572 Αἰτία
2614 520 2873 590 δευτέρας
2895 518 3182 591 ἐπιστολῆς
3205 519 3443 588 Ἐγένετο
3467 521 3536 594 τῷ
3554 523 3809 602 ’Δαιῐοσιιόλῳ¹

687 619 886 680 stolus,
910 617 1036 684 quia
1069 614 1120 666 in
1145 612 1312 682 priori
1344 611 1671 682 promiserat
1697 626 1756 666 se
1784 611 1935 665 brevi
1965 621 2254 665 venturum

2211 624 2254 663 m
2353 609 2415 663 τὸ
2444 611 2777 682 ὑποσχέσθαι
2824 613 2882 666 ἐν
2922 614 2988 683 τῇ
3021 610 3262 683 προτέρᾳ
3309 612 3462 666 αὑτὸν
3491 615 3668 684 ταχέως
3702 620 3809 688 ἥξειν

687 712 752 763 all
795 709 967 777 ipsos,
1003 706 1164 774 cujus
1203 715 1384 758 tamen
1418 704 1708 774 praestandi
1738 702 1965 758 facultas
1991 703 2255 758 hactenus

2213 717 2255 757 Is
2355 705 2494 776 πρὸς
2522 705 2736 770 αὑτοὺς,
2770 706 2864 759 καὶ
2900 705 2974 776 μὴ
3005 702 3323 773 ἐκγενέσθαι
3349 703 3495 757 τοῦτο
3517 706 3717 776 ποιῆσαι.
3735 711 3811 764 Καὶ

691 817 800 853 non
837 798 1041 852 fuerat.
1081 798 1268 852 Altera
1297 797 1481 851 itidem
1513 811 1682 851 causa
1720 795 1843 862 fuit,
1871 795 2018 866 quod
2045 794 2114 850 ad
2152 811 2258 850 me-

2214 811 2258 850 ε·
2357 795 2516 863 ἑτέρα
2548 794 2717 860 αἰτία,
2743 795 2804 849 τὸ
2827 795 3177 867 βελτιωθῆναι
3205 794 3394 858 αὑτοὺς
3424 796 3483 848 ἐκ
3513 797 3599 867 τῆς
3625 799 3812 855 Ἐπιστο-

683 411 784 476 ’ῖΉ

692 894 879 945 liorem
937 889 1149 960 frugem
1181 889 1260 942 illi
1296 904 1354 944 se
1377 897 1700 957 receperant
1731 887 1800 942 ob
1823 887 2114 957 epistolam
2147 901 2248 940 an-

691 984 965 1036 teriorem.
991 982 1148 1035 Initio
1178 982 1364 1049 itaque
1391 979 1809 1034 excusationem
1846 979 2004 1034 affert
2033 977 2257 1033 dilatio-

695 1075 800 1137 nis,
843 1081 896 1126 et
949 1071 1177 1141 probare
1225 1084 1282 1124 se
1315 1077 1548 1123 testatur
1580 1068 2017 1124 emendationem
2101 1092 2261 1148 quam

692 1168 918 1238 cpistola
958 1164 1105 1234 prior
1153 1169 1452 1231 pepererat.

770 1277 789 1309 ι
819 1257 1075 1312 Ecclesia:
1105 1254 1220 1308 Dei.
1264 1272 1282 1304 ι

772 1348 881 1403 Hos
929 1363 1148 1400 rursum
1189 1343 1482 1397 Ecclesium
1537 1343 1635 1397 Dei
1689 1352 2000 1415 nuncupat,
2043 1359 2138 1400 eos
2201 1344 2258 1399 in

696 1453 865 1493 unum
901 1437 1066 1492 simul
1089 1433 1426 1503 colligendo.

772 1546 791 1579 ι
837 1528 969 1592 Qua!
994 1538 1078 1581 est
1125 1525 1398 1589 Corinthi,
1453 1539 1576 1578 cum
1627 1523 1885 1578 omnibus
1917 1523 2124 1578 sanctis
2165 1523 2260 1593 qui

697 1628 827 1672 sunt
872 1619 926 1671 in
959 1617 1211 1670 universa
1243 1613 1470 1668 Achaia.
1508 1612 1709 1684 [νεεδ.
1743 1615 1798 1674 2,
1821 1613 1915 1685 5.]
1955 1613 2142 1668 Gratia
2166 1629 2260 1670 vo-

695 1713 781 1767 bis
837 1719 892 1766 et
940 1726 1044 1780 pax
1079 1725 1106 1762 a
1167 1709 1276 1762 Deo
1303 1708 1464 1762 Patre
1514 1715 1704 1760 nostro
1765 1714 1818 1761 et
1855 1707 2080 1760 Domino
2129 1705 2257 1761 Jesu

694 1800 938 1854 Christo.
983 1797 1307 1853 Benedictus
1357 1797 1500 1853 Deus
1531 1805 1586 1852 et
1616 1796 1778 1850 Pater
1833 1795 2050 1851 Domini
2081 1795 2257 1851 nostri

693 1891 818 1946 Jcsn
847 1891 1071 1946 Christi.
1108 1910 1126 1941 ι

771 1983 930 2054 124
961 1982 1355 2036 Salutationem
1381 1996 1409 2034 a
1444 1989 1606 2051 gente
1636 1979 1877 2045 orditur,
1913 1987 1967 2034 et
2000 1993 2109 2032 una
2131 1992 2258 2032 cum

695 2077 802 2130 illis
823 2075 1143 2130 Corinthios
1177 2074 1475 2128 honorifice
1500 2073 1813 2142 compellat.

770 2189 788 2222 c
815 2170 974 2224 Pater
1010 2167 1537 2232 misericordiarum,
1593 2179 1645 2222 et
1676 2167 1819 2222 Deus
1857 2167 2026 2222 totius
2057 2179 2258 2221 conso-

693 2261 938 2325 lationis,
994 2259 1205 2332 [Veas.
1262 2260 1295 2312 4
1339 2259 1357 2331 ]
1397 2262 1488 2330 qui
1530 2261 1845 2314 consolatur
1877 2275 1976 2314 nos
2021 2259 2075 2312 in
2109 2258 2257 2312 omni

692 2354 1050 2408 tribulatione
1104 2360 1330 2416 nostra;
1367 2361 1424 2405 ut
1460 2352 1735 2420 possimus
1763 2360 1819 2406 et
1846 2351 1949 2420 ipsi
1981 2351 2256 2406 consolari

691 2456 788 2496 eos
824 2442 915 2510 qui
957 2442 1010 2495 in
1037 2443 1185 2495 omni
1227 2456 1480 2510 pressura
1506 2447 1654 2507 sunt,
1705 2455 1801 2509 per
1824 2441 2256 2495 exhortationem

689 2546 798 2601 qua
819 2531 1170 2586 exhortamur
1216 2529 1317 2599 ipsi
1345 2545 1374 2583 a
1399 2530 1524 2583 Deo.
1566 2529 1590 2581 ἰ

761 2621 991 2676 Causam
1014 2620 1168 2675 affert
1184 2621 1613 2675 curtardaverit.
1630 2621 1856 2692 Aitergo
1876 2639 1888 2674 :
1907 2620 2257 2691 Seioquidem

691 2716 835 2784 quod
867 2731 951 2769 me
981 2723 1268 2768 venturum
1301 2713 1366 2766 ad
1393 2731 1488 2768 vos
1519 2713 1620 2766 sim
1651 2715 1920 2784 pollicitus
1953 2731 1967 2768 :
1999 2717 2090 2769 sed
2121 2731 2258 2784 quo-

691 2808 836 2861 niam
867 2807 1187 2862 afﬂictiones
1218 2815 1271 2861 et
1300 2807 1567 2875 angustia:
1590 2807 1986 2875 impedimento
2013 2810 2255 2869 luerunt,

692 2898 817 2952 date
874 2901 1114 2962 veniam,
1163 2914 1264 2952 nec
1310 2899 1584 2967 superbia:
1631 2910 1723 2952 aut
1766 2901 2033 2953 socordia:
2057 2908 2256 2953 nostrae

695 2989 796 3042 hoc
827 2989 1105 3042 tribuatis.

766 3078 931 3132 Vens.
991 3079 1042 3141 5,
1080 3077 1132 3131 6.
1166 3098 1184 3128 ‹
1213 3075 1482 3142 Quoniam
1521 3077 1665 3132 sicut
1724 3079 2004 3131 abundant
2046 3078 2257 3147 passio-

2356 886 2456 958 λῆς
2484 888 2584 959 τῆς
2617 887 2862 959 πρώτης.
2902 886 3221 959 Προγρὼρει
3257 881 3348 940 οὖν
3375 886 3466 940 καὶ
3489 890 3603 959 περὶ
3621 890 3697 942 τοῦ
3723 891 3814 961 βρα-

2364 977 2518 1033 δῦναι
2550 979 3007 1049 ,ἀπολογούμενος
3033 1019 3049 1045 ,
3085 979 3178 1032 καὶ
3221 977 3318 1050 τὴν
3364 979 3424 1031 ἐκ
3471 979 3560 1048 τῆς
3613 984 3815 1053 προτέρας

2370 1068 2690 1142 Ἐπιστολῆς
2718 1072 3016 1142 γενομένην
3039 1069 3322 1141 διόρθωσιν
3353 1069 3718 1140 ἀποδεχόμενος.

2433 1269 2453 1302 t
2477 1250 2557 1321 Τῇ
2592 1248 2893 1321 Ἐκκλησία
2921 1248 3014 1302 τοῦ
3041 1247 3198 1302 Θεοῦ.
3233 1267 3251 1300 ι

2428 1340 2595 1394 Πάλιν
2634 1340 2830 1402 αὑτοὺς
2881 1339 3244 1406 Ἐκκλησίαν
3288 1337 3488 1404 καλεῖ,
3537 1341 3741 1411 συνάγων
3767 1347 3821 1408 tl;

2358 1429 2436 1482 ἐν.

2434 1540 2452 1572 ι
2481 1519 2558 1592 Τῇ
2590 1517 2726 1594 οῦσῃ
2753 1521 2812 1574 ἐν
2847 1519 3120 1591 Κορίνθῳ,
3161 1521 3258 1574 σὺν
3288 1521 3395 1582 τοῖς
3432 1518 3596 1587 ἁγίοις
3618 1523 3728 1575 πᾶσι
3746 1527 3820 1586 τοῖς

2359 1606 2511 1664 οὖσιν
2540 1613 2597 1663 ἐν
2625 1611 2722 1682 ὅλῃ
2748 1614 2813 1682 τῇ
2853 1611 3044 1682 Ἀχαίᾳ
3065 1627 3080 1641 ο
3117 1610 3277 1682 χάρις
3317 1609 3443 1679 ὑμῖν
3463 1611 3550 1664 καὶ
3577 1613 3729 1682 εἰρήνη
3751 1616 3820 1667 ἀπὸ

2359 1702 2494 1756 Θεοῦ
2545 1704 2758 1774 Πατρὸς
2805 1703 2962 1775 ἡμῶν
3017 1703 3112 1757 καὶ
3169 1702 3376 1774 Κυρίου
3428 1704 3588 1773 Ἰησοῦ
3631 1707 3818 1776 Χριστοῦ.

2361 1794 2666 1864 Εὐλογητὸς
2718 1797 2746 1848 ό
2800 1795 2933 1859 Θεὸς
2981 1797 3077 1850 ml.
3126 1793 3318 1866 Πατὴρ
3361 1793 3453 1849 τοῦ
3504 1797 3681 1867 Κυρίου
3717 1799 3822 1869 ἡμῶν

2289 1876 2330 1930 Β
2373 1885 2550 1956 Ἰησοῦ
2581 1886 2842 1958 Χριστοῦ.
2867 1906 2885 1939 ι

2443 1976 2576 2029 Ἀπὸ
2607 1977 2699 2029 τοῦ
2744 1976 2931 2039 ἔθνους
2969 1977 3389 2048 προσαγορεύει,
3423 1978 3711 2032 καὶτούτων
3733 1981 3752 2020 ll
3772 1999 3822 2034 τι·

2361 2066 2479 2137 μῶν
2507 2069 2632 2130 τοὺς
2665 2068 3009 2139 Κορινθίους.

2437 2178 2454 2211 ι
2486 2160 2543 2212 Ὀ
2579 2160 2761 2231 πατὴρ
2800 2161 2909 2214 τῶν
2969 2163 3294 2234 οἰκτιρμῶν,
3334 2164 3429 2217 καὶ
3455 2161 3578 2226 Θεὸς
3601 2162 3744 2232 πάσης
3759 2180 3823 2215 πσ-

2362 2253 2701 2324 ρακλήσεως,
2730 2255 2759 2306 ό
2793 2253 3130 2326 παρακαλῶν
3162 2257 3194 2324 ὴ
3205 2256 3313 2324 μᾶς
3351 2255 3442 2307 ἐπὶ
3471 2255 3605 2324 πάσῃ
3631 2256 3685 2324 τῇ
3705 2253 3824 2322 θλίψει

2360 2344 2542 2414 ἡμῶν,
2570 2345 2652 2408 εἰς
2710 2344 2773 2398 τὸ
2813 2345 3072 2400 δύνασθαι
3109 2347 3259 2416 ἡμᾶς
3313 2346 3632 2416 παρακαλεῖν
3660 2345 3756 2408 τοὺς
3789 2346 3825 2396 ἰν

2359 2440 2508 2507 πάσῃ
2543 2436 2741 2506 θλίψει,
2773 2437 2861 2490 διὰ
2887 2440 2986 2508 τῆς
3023 2438 3424 2510 παρακλήσεως
3468 2433 3532 2510 ἦς
3567 2437 3825 2508 παρακαλού-

2362 2528 2504 2599 μεθα
2534 2529 2691 2582 αὑτοὶ
2709 2529 2816 2582 ὑπὸ
2840 2527 2936 2584 τοῦ
2967 2530 3122 2587 Θεοῦ.
3156 2549 3175 2583 ι

2429 2615 2540 2686 Τὴν
2606 2617 2786 2672 αἰτίαν
2815 2618 2962 2688 λέγει
3018 2621 3116 2689 τῆς
3163 2621 3522 2691 ἀπολείψεως.
3564 2619 3705 2686 Φησίν
3738 2611 3820 2668 οὖν’

2358 2704 2491 2763 Οἶδα
2523 2710 2621 2780 μὲν
2659 2711 3026 2782 ὑποσχόμενος
3053 2713 3202 2783 ἥξειν
3221 2730 3234 2743 ·
3270 2715 3460 2781 ἐπειδὴ
3489 2714 3540 2766 δὲ
3560 2713 3638 2766 διὰ
3662 2713 3729 2772 τὰς
3746 2707 3821 2760 θλί-

2355 2801 2476 2872 ψεις
2496 2805 2860 2875 ἐνεποδίσθην,
2881 2806 3175 2874 σύγγνωτε.
3209 2807 3307 2861 καὶ
3341 2808 3415 2879 μὴ
3446 2804 3720 2874 καταγνῶτέ
3745 2816 3825 2854 τινα

2360 2893 2663 2964 ὑπεροψίαν
2695 2896 2728 2967 ἢ
2767 2897 3038 2968 ρᾳθυμίαν
3073 2897 3250 2970 ἡμῶν.

2433 3091 2450 3120 ο
2487 3073 2610 3127 Ὀτι
2646 3073 2832 3139 καθὼς
2869 3077 3188 3148 περισσεύει
3216 3075 3284 3128 τὰ
3333 3073 3618 3144 παθήματα
3646 3071 3721 3126 τοῦ
3743 3073 3830 3142 λρι·

695 3187 792 3224 nes
824 3171 1028 3223 Christi
1075 3171 1129 3222 in
1165 3170 1345 3230 nobis,
1399 3171 1474 3222 ita
1511 3178 1564 3222 et
1592 3186 1686 3239 per
1710 3170 1986 3224 Christum
2017 3171 2254 3225 abundat
2280 3215 2293 3239 ,

2237 3182 2254 3225 ι
2280 3213 2320 3239 ρ
2359 3165 2484 3220 στοῦ
2509 3169 2587 3228 εἰς
2619 3168 2785 3238 ἡμᾶς,
2807 3166 2950 3220 οὑτω
2971 3168 3064 3221 καὶ
3091 3168 3178 3222 διὰ
3208 3166 3306 3221 τοῦ
3341 3167 3572 3238 Χριστοῦ
3599 3165 3829 3236 περισσεύει

695 3262 1001 3316 consolatio
1031 3268 1222 3316 nostra
1264 3279 1276 3313 :
1313 3275 1428 3314 srve
1463 3262 1792 3315 tribulamur
1817 3277 1914 3332 pro
1949 3273 2128 3316 vestra
2157 3279 2254 3317 ex-

695 3355 1013 3410 hortatione
1047 3361 1101 3408 et
1130 3355 1332 3408 salute.
1363 3373 1382 3405 ι

764 3445 842 3500 Ne
875 3445 1039 3498 nimia
1073 3447 1441 3498 calamitatum
1505 3445 1926 3515 amplificatione
1962 3445 2259 3516 discipulo-

694 3553 818 3592 rum
855 3539 1069 3592 animos
1100 3537 1344 3606 dejiciat,
1399 3553 1508 3606 quo
1537 3548 1748 3593 mentes
1777 3540 2019 3608 ipsorum
2065 3540 2256 3610 erigat,

692 3635 968 3704 c0piosam
1009 3649 1130 3688 esse
1159 3635 1553 3688 consolationis
1573 3633 1958 3688 abundantiam
1988 3636 2258 3701 ostendit;

693 3743 870 3797 neque
907 3726 1011 3780 hoc
1070 3729 1267 3791 solum,
1302 3727 1394 3781 sed
1419 3737 1472 3780 et
1497 3725 1701 3782 Christi
1733 3727 1998 3791 meminit,
2034 3728 2262 3798 ejusque

693 3833 815 3874 esse
845 3818 1166 3873 aﬂlictiones
1197 3821 1344 3888 ipsas
1369 3819 1522 3873 dicit.
1548 3817 1684 3873 Tum
1711 3820 1875 3873 allato
1890 3836 1996 3873 uno
2018 3828 2070 3874 et
2086 3821 2261 3890 primo

695 3909 981 3963 solaminis
1033 3919 1374 3978 argumento,
1427 3909 1573 3978 quod
1606 3925 1796 3978 nempe
1822 3925 1917 3978 per
1939 3924 2032 3964 eas
2059 3910 2262 3964 Christi

711 4010 996 4054 censortes
1021 4000 1217 4060 simus,
1267 4000 1496 4053 alterum
1543 3999 1771 4068 insuper
1809 4000 1980 4060 addit,
2013 4009 2137 4068 puta
2161 4000 2264 4053 hac

692 4093 908 4146 ratione
969 4091 1370 4159 discipulorum
1421 4091 1653 4144 salutem
1719 4091 1922 4159 parari.
1995 4090 2052 4142 Id
2117 4091 2263 4161 quod

692 4182 840 4235 hunc
872 4181 924 4233 in
959 4181 1177 4233 modum
1203 4179 1424 4234 evincit.
1451 4178 1565 4232 Nisi
1613 4180 2120 4248 praedicavissemus
2169 4198 2263 4237 vo-

693 4274 802 4335 bis,
850 4273 1050 4341 inquit,
1098 4271 1368 4324 malorum
1432 4271 1629 4326 timore
1662 4286 1729 4326 ne
1755 4271 1808 4324 id
1835 4271 2146 4328 faceremus
2170 4273 2263 4328 de-

694 4365 895 4427 territi,
961 4362 1028 4415 ad
1067 4371 1314 4416 extrema
1362 4377 1451 4417 res
1482 4371 1678 4417 vestra:
1736 4363 1970 4418 redacta:
2020 4374 2205 4421 essent
2245 4381 2258 4418 :

696 4470 843 4508 nunc
897 4463 1078 4506 autem
1137 4467 1246 4522 quo
1302 4453 1749 4522 persecutionum
1811 4462 2122 4509 nostrorum
2181 4455 2261 4510 vis

2355 3263 2388 3332 ἡ
2423 3263 2770 3334 παράκλησις
2812 3263 2970 3334 ἡμῶν
2994 3279 3006 3292 ’
3061 3265 3171 3318 εἴτε
3211 3263 3268 3318 δέ
3331 3262 3616 3333 θλιϐόμεθα
3636 3261 3744 3330 ὑπὲρ
3763 3255 3829 3325 τῆς

2358 3355 2515 3427 ἡμῶν
2549 3356 2948 3428 παρακλήσεως
2979 3358 3073 3410 καὶ
3106 3357 3408 3429 σωτηρίας,
3446 3377 3464 3409 ›

2430 3447 2547 3501 ’Ὶνα
2579 3447 2653 3519 μὴ
2688 3448 2974 3522 καταϐάλῃ
3002 3450 3128 3514 τοὺς
3155 3448 3411 3520 μαθητὰς
3444 3448 3501 3501 τὸ
3533 3445 3710 3515 σφόδρα
3731 3437 3834 3495 ἐπαί-

2363 3554 2475 3609 ρειν
2500 3537 2597 3601 τὰς
2624 3538 2930 3610 συμφορὰς,
2963 3539 3202 3592 δείκνυσι
3231 3538 3401 3592 πάλιν
3426 3537 3611 3607 πολλὴν
3635 3535 3714 3604 τὴν
3736 3547 3837 3599 περιο

2360 3631 2549 3684 ουσίαν
2579 3631 2673 3684 καὶ
2705 3633 2802 3701 τῆς
2853 3633 3257 3705 παρακλήσεως·
3288 3633 3484 3698 οὖσαν,
3517 3630 3604 3683 καὶ
3631 3627 3837 3691 ἀνίστησιν

2361 3723 2543 3777 αὑτῶν
2577 3724 2676 3793 τὴν
2717 3724 2985 3780 διάνοιαν’
3023 3727 3084 3780 οὑ
3116 3725 3281 3797 μόνον
3308 3723 3491 3791 τοῦτο,
3521 3721 3642 3776 ἀλλὰ
3669 3718 3732 3787 τῷ
3754 3717 3840 3769 ἁνα-

2366 3818 2566 3888 μνῆσαι
2620 3816 2714 3871 τοῦ
2767 3816 3040 3888 Χριστοῦ,
3095 3818 3190 3872 καὶ
3243 3817 3418 3872 αὑτοῦ
3456 3817 3624 3870 εἰπεῖν
3665 3804 3840 3865 εἰναιτὰ

2363 3909 2684 3979 παθήματα.
2722 3907 2904 3962 Εἰπὼν
2937 3909 2995 3962 δὲ
3047 3908 3178 3979 μίαν
3228 3907 3332 3962 καὶ
3375 3906 3595 3979 πρώτην
3636 3896 3843 3971 παραιλῆ·

2365 4019 2502 4065 σεως
2529 4000 2906 4072 παραμυθίαν,
2930 4001 2990 4055 τὸ
3021 4001 3353 4071 κοινωνῆσαι
3388 3998 3622 4074 Χριστῷ,
3644 3994 3759 4062 λέγει
3783 3987 3842 4042 καὶ

2362 4092 2645 4162 δευτέραν,
2669 4091 2728 4144 τὸ
2750 4092 2846 4164 τὴν
2873 4091 2983 4146 τῶν
3012 4091 3476 4163 μαθητευομένων
3497 4089 3714 4144 ἐντεῦθεν
3732 4097 3843 4134 anno

2365 4184 2726 4248 σκευάζεσθαι
2762 4185 3061 4256 σωτηρίαν.
3099 4183 3521 4248 Κατασκευάζει
3557 4181 3609 4234 δὲ
3635 4176 3760 4230 τοῦτο
3785 4168 3844 4222 οὗ·

2364 4294 2470 4341 τως
2492 4295 2504 4307 ·
2530 4279 2592 4331 Εἰ
2620 4278 2694 4349 μὴ
2713 4276 3080 4349 ἐκηρύξαμεν,
3102 4278 3286 4347 φησὶν,
3320 4278 3474 4348 ὑμῖν,
3510 4271 3782 4344 φοόούμενοι
3803 4261 3845 4314 τὰ

2363 4369 2531 4434 δεινὰ,
2559 4371 2616 4423 ἐν
2667 4369 2915 4438 ἐσχάτοις
2959 4363 3028 4439 ἦν
3055 4366 3124 4420 τὰ
3177 4367 3460 4438 ὑμέτεραο
3488 4364 3576 4418 νῦν
3618 4361 3668 4414 δὲ
3700 4359 3781 4421 ὅσῳ
3803 4352 3844 4402 Ξν

2363 4463 2695 4532 ἐπιτείνηται
2718 4462 2786 4515 τὸ.
2812 4461 2920 4514 τῶν
2943 4458 3195 4530 διωγμῶν
3224 4460 3336 4512 τῶν
3367 4446 3846 4528 ήμετέρων,τοσούτι9

695 4545 934 4616 amplius
959 4544 1287 4610 intenditur,
1347 4551 1501 4598 tanto
1537 4546 1709 4616 magis
1734 4555 2054 4616 exspectare
2079 4547 2266 4602 melio-

2250 4575 2266 4586 ·
2299 4553 2342 4607 D
2372 4553 2567 4624 μᾶλλον
2590 4553 2883 4608 ἐπιδιδόναι
2904 4553 2973 4606 τὰ
3000 4551 3099 4622 τῆς
3117 4552 3362 4623 χρηστῆς
3383 4549 3591 4612 ἐλπίδος
3618 4535 3844 4614 ’πρινιυδίηίὶῖν

694 4638 773 4691 ris
803 4637 919 4707 spei
953 4645 1362 4690 accrementum
1395 4636 1627 4690 debetis.

772 4747 790 4780 ‹
821 4729 952 4794 Quae
981 4739 1239 4798 operatur
1267 4728 1319 4780 in
1341 4727 1625 4782 tolerantia
1650 4730 1890 4783 omnium
1928 4731 2260 4798 passionum,

697 4835 839 4891 quas
853 4827 907 4874 et
929 4836 1025 4875 nos
1051 4818 1335 4891 patimur.[
1354 4819 1514 4874 Vens.
1544 4820 1594 4873 7.
1618 4819 1636 4892 ]
1662 4820 1727 4873 Et
1751 4837 1874 4890 spes
1903 4831 2089 4875 nostra
2111 4821 2259 4875 firma

702 4911 776 4964 sit
811 4926 911 4981 pro
943 4911 1103 4964 vobis
1141 4929 1154 4964 :
1183 4910 1298 4964 sive
1344 4910 1700 4964 exhortamur
1731 4926 1830 4975 pro
1861 4921 2041 4966 vestra
2069 4913 2260 4965 exhor-

695 5003 901 5057 tatione
927 5010 981 5056 et
1010 5003 1204 5056 salute.
1238 5019 1256 5052 ι

765 5091 1014 5149 Ostendit
1067 5109 1176 5148 una
1235 5107 1357 5148 cum
1425 5094 1665 5148 utilitate
1701 5101 1968 5162 ipsorum,
2023 5094 2252 5148 multum

695 5199 914 5255 quoque
937 5185 1134 5239 virium
1161 5184 1416 5239 habuisse
1443 5186 1668 5255 gratiam
1701 5200 1821 5248 qua:
1846 5185 1900 5238 in
1922 5185 2002 5239 eis
2031 5192 2254 5256 operata

694 5283 800 5329 est.

772 5385 791 5418 ι
827 5365 963 5432 Quia
986 5367 1128 5422 sicut
1156 5367 1288 5421 socii
1315 5367 1632 5436 passionum
1686 5367 1839 5431 estis,
1873 5365 1946 5419 ita
1970 5375 2024 5420 et
2057 5381 2254 5420 conso—

697 5456 924 5512 lationis
971 5455 1174 5528 [Vens
1208 5456 1299 5528 8.]
1332 5456 1467 5512 Nolo
1497 5457 1643 5512 enim
1683 5471 1785 5512 vos
1837 5458 2112 5528 ignorare,
2140 5456 2253 5510 fra-

701 5556 835 5611 tres,
883 5546 951 5601 de
1013 5548 1366 5603 tribulatione
1425 5556 1636 5613 nostra,
1689 5561 1811 5618 quae
1888 5546 2026 5602 facta
2082 5549 2252 5604 estin

2363 4647 2462 4698 δεῖ.

2439 4753 2457 4785 ⁸
2495 4734 2604 4804 Τῆς
2648 4734 3045 4804 ἐνεργουμένης
3088 4733 3148 4785 ἐν
3175 4732 3423 4802 ὑπομονῇ
3464 4730 3569 4784 τῶν
3604 4724 3754 4781 αὐτῶν
3777 4735 3845 4770 πι-

2364 4824 2647 4893 θημάτων,
2705 4820 2779 4877 ὧν
2819 4826 2914 4876 καὶ
2966 4825 3124 4893 ἡμεῖς
3172 4823 3480 4892 πάσχομεν.
3526 4821 3628 4873 Καὶ
3671 4819 3698 4886 ἡ
3741 4811 3846 4868 ἐλπὶς

2361 4916 2516 4985 ἡμῶν
2539 4916 2731 4985 βεϐαία
2763 4915 2867 4968 ὑπὸ
2897 4915 3050 4986 ὑμῶν
3073 4931 3088 4946 ο
3120 4915 3230 4968 εἴτε
3253 4912 3720 4986 παρακαλούμεθα,
3751 4904 3847 4969 ὑπὲρ

2359 5008 2462 5076 τῆς
2493 5007 2645 5077 ὑμῶν
2677 5008 3078 5079 παρακλήσεως
3110 5007 3204 5061 καὶ
3226 5008 3528 5078 σωτηρίας,
3559 5025 3576 5056 ι

2433 5101 2716 5155 Διίκνυσιν
2767 5102 2848 5154 ὅτι
2888 5101 3027 5168 μετὰ
3073 5102 3172 5170 τῆς
3217 5101 3398 5154 αὑτῶν
3443 5097 3692 5168 ὡφελείας
3727 5085 3847 5152 καὶὴ

2363 5192 2526 5262 χάρις
2557 5191 2728 5245 πολλὰ
2757 5193 3039 5264 ἐνίσχυσεν
3065 5192 3362 5264 ἐνεργοῦσα
3392 5193 3452 5246 ἐν
3488 5191 3678 5252 αὑτοῖς.

2439 5389 2458 5420 ι
2484 5370 2605 5421 Ὅτι
2659 5370 2735 5432 ὡς
2763 5371 3010 5422 κοινωνοί
3049 5373 3172 5423 ἐστε
3225 5370 3334 5420 τῶν
3379 5368 3718 5438 παθημάτων,
3750 5359 3851 5410 οὕτω

2360 5460 2452 5513 καὶ
2501 5461 2599 5529 τῆς
2658 5460 3075 5531 παρακλήσεως.
3135 5461 3208 5514 Οὑ
3260 5459 3370 5530 γὰρ
3427 5459 3564 5512 θέλω
3619 5456 3705 5526 μὲν
3749 5447 3850 5515 ὑμίέ

2362 5557 2596 5623 ἀγνοεῖν,
2626 5555 2865 5625 ἀδελφοὶ,
2897 5555 3038 5626 ὑπὲρ
3067 5555 3165 5626 τῆς
3187 5553 3422 5623 θλίψεως
3449 5553 3620 5624 ἡμῶν.
3645 5547 3728 5618 τῆς
3745 5552 3852 5611 7“”

1965 5726 2200 5784 VARUS
2237 5727 2634 5785 LECTIONES.

778 5815 864 5872 IIF
867 5825 1004 5884 orte,
1039 5819 1174 5886 μετὰ
1202 5819 1286 5876 vel
1317 5820 1421 5888 πρὸ
1448 5819 1672 5878 τούτων.
