3910 6410
52 392 147 457 709

1166 389 1240 448 ibt
1283 389 1520 450 EPIST.
1560 389 1663 451 AD
1690 389 2048 451 CORINTH.
2086 390 2162 449 ΙΙ.

3178 390 3283 454 710

54 510 209 576 μένης
238 505 370 576 ἡμῖν
404 504 463 556 ἒν
494 504 560 573 τῇ
618 499 794 574 Ἀσία,
830 501 915 555 ὅτι
959 501 1081 557 καθ’
1117 502 1428 575 ὑπερϐολὴν
1472 504 1597 558 ἐϐα-

1725 510 1854 568 ιειιι,
1888 520 2016 574 quia
2040 519 2208 574 supra
2237 503 2457 559 modum
2494 503 2702 575 gravati
2738 518 2931 561 sumus
2966 518 3135 576 supra
3165 507 3278 558 vir-

53 597 317 669 ρύνθημεν
361 594 507 667 ὗπὲρ
547 593 797 665 δύναμιν,
834 592 976 648 ὥστε
1020 595 1425 667 ἐξαπορηθῆναι
1455 596 1603 666 ἡμᾶς

51 690 134 743 καὶ
157 688 251 742 τοῦ
287 688 408 761 ζῇν.
436 706 455 740 ι

114 783 323 853 Ὠσπερ
354 778 703 851 διωκομένων
732 777 891 850 ἡμῶν
918 779 1162 848 ἀλγεῖτε,
1189 777 1378 850 φησὶν,
1415 778 1490 840 ὼς
1511 777 1607 831 αύ-

49 873 122 927 τοὶ
148 872 309 926 τοῦτο
340 874 663 942 πάσχοντες,
696 870 869 935 οὕτως
909 870 1067 942 ἴσμεν
1096 872 1176 924 ὅτι
1218 871 1313 924 καὶ
1348 887 1606 941 παρακα-

49 967 339 1039 λουμένων,
364 965 521 1020 αὐτοὶ
543 964 752 1018 τούτων
786 963 1113 1020 ἀπολαύετε.

112 1163 131 1197 ι
168 1144 332 1198 Ἀλλὰ
365 1144 520 1199 αὐτοὶ
542 1145 603 1198 ὲν
633 1144 849 1207 ἑαυτοῖς
886 1144 946 1197 τὸ
978 1143 1265 1215 ἀπόκριμα
1297 1142 1392 1197 τοῦ
1436 1142 1603 1197 θανά-

46 1259 129 1295 του
155 1238 498 1309 ἐσχήκαμεν,
524 1236 612 1291 ἵνα
628 1235 710 1309 μὴ
732 1234 1055 1301 πεποιθότες
1082 1230 1232 1306 ὦμεν
1252 1234 1336 1305 ἐφ’
1369 1236 1601 1304 ἑαυτοῖς,

47 1333 148 1390 ἀλλ’
178 1333 278 1386 ἐπὶ
304 1330 381 1401 τῷ
408 1329 550 1401 Θεῷ.
581 1349 601 1382 ι

102 1420 387 1483 Τουτέστι,
417 1419 518 1490 τὴν
556 1418 738 1490 κρίσιν
781 1419 878 1473 καὶ
909 1419 1009 1491 τὴν
1064 1418 1412 1490 προσδοκιαν.
1452 1418 1518 1472 Ὅ
1546 1416 1604 1471 δὲ

46 1516 179 1580 λέγει
230 1512 476 1568 τοιοῦτόν
508 1512 624 1566 ἔστι
647 1528 662 1542 °
713 1511 757 1564 Τ
759 1509 984 1581 οιαῦτην
1026 1510 1353 1581 προσδοκίαν
1391 1504 1503 1578 εἶχε
1535 1509 1605 1562 τὰ

44 1608 356 1677 πράγματα,
380 1606 463 1658 ὅτι
485 1602 905 1675 ἀποθανούμεθα
929 1604 1151 1667 πάντες,
1173 1601 1288 1655 ἀλλ’
1309 1600 1369 1655 οὐ
1395 1599 1600 1672 προέϐη

43 1697 210 1761 τοῦτο,
240 1696 379 1751 ἀλλὰ
410 1695 573 1767 μέχρι
622 1695 721 1767 τῆς
771 1695 1051 1767 ἡμετέρας
1100 1694 1309 1758 ἐννοίας
1347 1694 1499 1765 ἔστη.
1529 1692 1603 1746 Τὸ

44 1792 109 1852 ἃ,
147 1792 251 1843 ἵνα
303 1788 390 1859 μὴ
437 1789 788 1855 πεποιθότες
825 1783 1005 1859 ὦμεν,
1053 1789 1153 1842 οὐκ
1201 1787 1387 1860 ἐπειδὴ
1441 1786 1603 1849 αὐτὸς

1706 606 1899 664 tutem,
1934 599 2012 652 ita
2052 606 2109 652 ut
2139 608 2194 653 et
2222 597 2444 653 taederet
2473 612 2574 651 nos
2604 596 2808 652 vivere.
2842 617 2861 649 ι

1774 775 2001 840 Dolctis,
2071 777 2268 847 inquit,
2304 776 2452 847 quod
2507 791 2610 831 nos
2670 783 3094 847 persequantur,
3132 790 3193 828 ac
3228 774 3273 828 si

1705 866 1820 922 inec
1871 870 1974 938 ipsi
2005 870 2377 925 sustineretis.
2434 870 2510 924 lta
2552 884 2652 924 nos
2683 871 2892 923 scimus
2940 877 3109 938 quoa,
3142 868 3271 919 dum

1708 958 1909 1014 solatio
1944 960 2242 1026 reticimur,
2279 961 2467 1016 eodem
2521 974 2740 1030 quoque
2766 975 2865 1015 vos
2888 959 2997 1030 ipsi
3020 958 3275 1029 perl'rua«

1705 1050 1867 1105 mini.

1775 1139 1937 1197 Vens.
1967 1142 2018 1197 9.
2054 1159 2075 1193 ι
2116 1139 2219 1197 Sed
2254 1142 2359 1213 ipsi
2402 1143 2457 1196 in
2485 1139 2900 1211 nobismetipsis
2948 1153 3272 1210 responsum

1704 1233 1898 1287 mortis
1932 1232 2249 1299 habuimus,
2285 1240 2346 1288 ut
2379 1248 2489 1288 non
2518 1234 2696 1289 simus
2728 1232 2961 1288 ﬁdentes
2995 1232 3049 1286 in
3092 1232 3272 1300 nobis,

1705 1327 1801 1381 sed
1833 1325 1886 1379 in
1916 1324 2042 1381 Deo.
2059 1344 2077 1378 ι

1774 1415 1828 1472 ld
1850 1428 1955 1484 est,
1988 1418 2317 1473 sententiam
2349 1425 2403 1473 et
2453 1419 2939 1488 exspectationem.
2965 1416 3141 1487 Atque
3168 1416 3272 1470 liu-

1698 1509 1792 1580 jus
1822 1510 1926 1565 loci
1958 1526 2156 1566 sensus
2213 1513 2317 1567 iste
2361 1520 2445 1567 est
2478 1527 2491 1563 :
2525 1511 2804 1581 Ejusmodi
2840 1509 3270 1581 expectationem

1703 1618 1885 1659 rerum
1918 1611 2099 1659 status
2121 1604 2431 1673 injiciebat,
2462 1620 2653 1660 omnes
2675 1619 2776 1659 nos
2807 1604 2969 1659 morti
2988 1604 3272 1673 proximos

1702 1710 1823 1752 esse
1855 1714 1869 1749 :
1902 1711 2093 1751 verum
2149 1711 2238 1751 res
2275 1711 2384 1751 non
2411 1713 2478 1752 eo
2506 1697 2814 1767 processit;
2859 1696 2952 1750 sed
2980 1697 3123 1749 intra
3179 1709 3273 1748 su-

1703 1788 2004 1858 spicionem
2046 1795 2289 1843 nostram
2327 1789 2601 1844 constitit.
2643 1788 2797 1855 Quod
2833 1803 2963 1843 vero
2999 1787 3268 1855 sequitur,

43 1881 171 1935 οὖτω
203 1882 440 1936 διέκειτο
490 1880 659 1950 λέγει,
693 1880 829 1934 ἀλλὰ
876 1880 1005 1944 τοὺς
1056 1878 1251 1944 ἄλλους
1283 1880 1341 1933 ἐν
1386 1878 1500 1941 τοῖς
1528 1876 1597 1942 ὡς

1725 1888 1761 1933 ιι
1781 1896 1884 1934 non
1911 1882 2075 1935 simus
2098 1879 2439 1950 conﬁdentes,
2466 1896 2575 1935 non
2606 1879 2680 1935 ita
2709 1896 2831 1935 eum
2860 1894 2983 1935 esse
3015 1878 3271 1933 affectum

44 1975 158 2043 περὶ
181 1973 349 2029 αὐτοῦ
387 1972 703 2045 λεγομένοις
732 1972 1034 2045 ῥυθμίζων.

105 2154 240 2224 «Τῷ
276 2154 548 2225 ἐγείροντι
577 2153 707 2218 τοὺς
755 2152 1008 2224 νεκροὺς,
1052 2151 1113 2218 ὃς
1163 2151 1230 2207 ὲκ
1278 2151 1599 2225 τηλικούτου

47 2245 273 2299 θανάτου
314 2244 587 2319 ὲῤῥύσατο
612 2247 781 2317 ἡμᾶς,
814 2246 910 2301 καὶ
956 2245 1213 2319 ῥύσεται·
1243 2248 1322 2312 είς
1360 2247 1419 2302 όν
1440 2248 1601 2321 ηλπί-

45 2352 206 2406 καμεν
237 2336 323 2388 ὅτι
356 2335 453 2389 καὶ
503 2333 586 2388 ἔτι
632 2336 879 2406 ῥύσεται,
932 2336 1456 2409 συνυπουργούντων
1505 2338 1601 2393 καὶ

42 2427 177 2497 ὑμῶν
210 2428 356 2499 ὑπὲρ
381 2427 543 2499 ἡμῶν
568 2430 635 2500 τῇ
660 2428 867 2500 δεήσει.
899 2448 918 2482 ι

100 2521 271 2575 Πάλιν
324 2522 455 2586 τοὺς
519 2522 650 2592 περὶ
692 2521 1044 2587 ἀναστάσεως
1092 2523 1282 2588 αὐτοῖς
1330 2524 1472 2578 κινεῖ
1510 2521 1601 2576 λό-

40 2630 173 2681 γους.
1390 2620 1399 2631 ‘

104 2723 121 2754 ‹
147 2705 277 2757 ’Ῑνα
309 2703 374 2757 ἐκ
405 2701 622 2758 πολλῶν
651 2702 960 2777 προσώπων
984 2702 1045 2760 τὸ
1073 2706 1154 2769 είς
1182 2706 1329 2779 ἡμᾶς
1354 2708 1599 2781 χάρισμα

36 2793 117 2848 διὰ
144 2793 361 2848 πολλῶν
396 2793 767 2867 εὐχαριστηθῇ
788 2794 928 2866 ὑπὲρ
961 2794 1141 2867 ὑμῶν.
1171 2814 1191 2849 ι

99 2977 213 3030 Ἵνα
258 2973 329 3028 τὰ
383 2973 554 3029 πολλὰ
588 2976 879 3048 πρόσωπα,
928 2977 1123 3049 φησὶν,
1182 2978 1332 3051 αύτῷ
1374 2979 1599 3053 εὐχαρι-

39 3069 219 3141 στήση,
248 3068 442 3140 ἐπειδὴ
470 3069 563 3123 καὶ
586 3069 656 3122 τὰ
677 3070 850 3124 πολλὰ
870 3069 969 3142 τὴν
990 3071 1149 3143 χάριν
1176 3071 1386 3129 ἔλασεν.
1412 3073 1598 3129 Ταῦτα

38 3161 83 3214 δὲ
126 3162 307 3230 λέγει,
331 3159 469 3232 ὁμοῦ
500 3161 600 3233 μὲν
634 3163 727 3216 καὶ
773 3165 853 3227 είς
894 3164 996 3228 τὰς
1034 3165 1174 3236 ὑπὲρ
1206 3164 1410 3237 ἐτέρων
1431 3166 1596 3238 εὐχὰς

1702 1968 1998 2041 signiﬁcat,
2056 1970 2153 2027 sed
2208 1970 2350 2026 alios
2385 1971 2537 2027 hisce
2562 1969 2940 2026 locutionibus
2969 1968 3173 2034 erudit,
3207 1984 3272 2023 ac

1701 2062 1747 2119 si
1772 2062 1839 2117 de
1867 2062 2049 2134 seipso
2071 2077 2253 2118 sermo
2283 2062 2447 2118 foret.

1770 2152 1872 2220 Qui
1932 2155 2166 2209 suscitat
2196 2165 2485 2221 mortuos;
2526 2152 2731 2226 [Vsus
2766 2153 2855 2217 10,
2900 2155 2955 2208 ll
3016 2165 3032 2227 ι
3080 2153 3172 2226 qui
3203 2152 3271 2207 de

1702 2245 1867 2301 tantis
1896 2246 2155 2315 periculis
2182 2262 2283 2303 nos
2332 2246 2541 2317 eripuit
2562 2255 2617 2301 et
2644 2254 2821 2308 eruet,
2862 2249 2915 2300 in
2947 2261 3107 2317 quem
3147 2261 3273 2315 spe-

1699 2350 1909 2403 ramus,
1932 2340 2193 2408 quoniam
2217 2338 2375 2409 125
2408 2347 2463 2394 et
2493 2338 2673 2393 adhuc
2699 2340 2915 2409 eripiet,
2948 2337 3270 2408 adjuvanti-

1700 2426 1804 2483 bus
1838 2438 1890 2483 et
1917 2430 2075 2485 vobis
2102 2432 2155 2484 in
2183 2433 2431 2485 oratione
2473 2445 2572 2500 pro
2608 2430 2789 2483 nobis.
2820 2449 2839 2483 ι

1770 2519 2091 2577 Sermonem
2124 2530 2307 2577 movet
2338 2523 2539 2578 iterum
2575 2521 2642 2585 de
2672 2522 3106 2578 resurrectione.

1778 2717 1796 2751 ι
1836 2695 1910 2752 Ut
1935 2712 2002 2753 ex
2043 2696 2338 2751 multorum
2374 2697 2658 2767 personis,
2694 2695 2816 2765 ejus
2867 2713 2986 2766 qua:
3016 2696 3069 2751 in
3106 2698 3268 2754 nobis

1699 2798 1786 2847 est
1836 2790 2174 2859 donationis,
2220 2791 2550 2862 permultos
2608 2772 2801 2861 gratia:
2827 2790 3135 2846 habeantur
3170 2807 3270 2861 pro

1699 2882 1881 2938 nobis.
1926 2900 1945 2935 ι
2590 2942 2593 2955 ί

1775 2974 1862 3030 Uti
1908 2990 2157 3045 persona:
2206 2975 2413 3039 multae,
2461 2974 2661 3046 inquit,
2693 2976 2741 3030 ei
2778 2976 2953 3046 gratia
2981 2974 3269 3042 referant;

1699 3071 1897 3141 quippe
1924 3084 2046 3123 cum
2078 3078 2131 3123 et
2158 3068 2342 3122 multa:
2379 3068 2609 3138 gratiam
2638 3070 2973 3140 acceperint.
3009 3070 3136 3124 Haec
3167 3084 3269 3122 au-

1699 3170 1806 3218 tem
1840 3162 1913 3216 ait
1940 3200 1956 3226 ,
2013 3168 2071 3215 ut
2100 3169 2214 3214 tum
2254 3175 2347 3216 eos
2375 3158 2441 3213 ad
2471 3160 2742 3215 orandum
2774 3177 2871 3231 pro
2894 3160 3016 3215 aliis
3045 3160 3268 3223 excitet,

38 3253 217 3313 αὖτοὺς
245 3250 551 3322 διεγείρων,
582 3251 717 3323 ὁμοῦ
748 3252 805 3306 δὲ
834 3253 929 3306 καὶ
958 3256 1465 3325 ταπεινοφροσύνην
1495 3256 1592 3309 αύ-

1725 3269 1810 3309 um
1863 3254 2030 3310 etiam
2097 3261 2158 3307 ut
2186 3253 2573 3308 demissionem
2622 3252 2790 3306 animi
2837 3251 3053 3316 doceat,
3085 3262 3137 3307 et
3201 3251 3269 3305 ad

38 3343 147 3404 τοὺς
175 3340 471 3403 διδάσκων,
500 3342 596 3394 καὶ
623 3342 702 3406 είς
732 3343 956 3413 ἀγάπην
997 3344 1171 3411 ἄγων.
1209 3344 1352 3416 Πρὸς
1382 3344 1438 3397 δὲ
1472 3344 1591 3399 τού-

38 3446 136 3493 τοις
175 3433 422 3496 κάκεῖνο,
455 3430 541 3484 ὅτι
578 3430 682 3485 κᾶν
720 3432 826 3485 ἀπὸ
864 3432 1160 3504 οἰκτιρμῶν
1212 3434 1413 3506 ποιήσῃ
1463 3434 1593 3499 Θεὸς

39 3523 187 3592 μέγα,
226 3521 465 3575 ἐνταῦθα
489 3523 584 3577 καὶ
616 3522 753 3594 εὐχὴ
792 3523 1184 3593 συμϐάλλεται.

105 3633 121 3663 ι
157 3614 222 3666 Ἠ
253 3615 366 3683 γὰρ
386 3614 650 3686 καύχησις
680 3614 837 3686 ἡμῶν
866 3614 1008 3686 αὕτη
1032 3617 1173 3682 ἐστὶ,
1206 3614 1268 3670 τδ
1291 3615 1593 3688 μαρτύριον

38 3706 121 3777 τῆς
153 3708 517 3779 συνειδήσεως
546 3709 724 3780 ἡμῶν,
756 3710 839 3763 ὅτι
878 3711 935 3763 ὲν
965 3711 1237 3781 ἁγιότητι,
1260 3698 1293 3763 »η

94 3798 302 3869 Τρίτην
360 3799 543 3852 αἰτίαν
603 3800 1004 3871 παρακλήσεως
1045 3799 1278 3871 τίθησιν.
1329 3798 1479 3870 Αὕτη
1536 3800 1593 3855 δέ

38 3892 189 3955 ἔστιν,
228 3893 266 3961 ἡ
303 3891 359 3942 ὲν
395 3889 622 3962 καθαρῷ
672 3892 936 3946 συνειδότι
976 3891 1250 3964 πανταχοῦ
1278 3895 1377 3965 τῆς
1417 3895 1594 3947 οἰκου-

38 3982 194 4053 μένης
245 3982 701 4054 ἀναστρέφεσθαι.
748 3983 933 4038 Ταῦτα
976 3984 1034 4037 δὲ
1089 3984 1275 4054 λέγει,
1325 3984 1594 4039 παιδεύων

39 4073 218 4136 αὐτοὺς
260 4074 357 4127 καὶ
383 4074 439 4127 ὲν
466 4076 587 4136 ταῖς
619 4073 828 4144 θλίψεσι
855 4076 929 4146 μὴ
966 4078 1352 4142 καταπίπτειν,
1380 4079 1508 4131 ὅταν
1533 4077 1593 4130 τὸ

37 4164 263 4227 συνειδὸς
299 4163 535 4235 καθαρὸν
567 4163 782 4235 ἔχωσιν.
820 4165 877 4219 '0
897 4165 953 4218 δὲ
980 4166 1104 4230 νοῦς
1131 4165 1303 4232 οὕτως
1326 4184 1340 4198 ·
1373 4167 1437 4221 Ἦ
1462 4166 1593 4221 καύ-

37 4270 178 4323 χησις
207 4256 370 4327 ἡμῶν
409 4255 547 4326 α’ύτη
582 4257 721 4321 ἐστὶ,
753 4260 941 4328 φησὶν,
987 4259 1020 4329 ἡ
1072 4258 1376 4330 συνείδησις
1413 4259 1588 4330 ἡμῶν,

36 4348 123 4398 οὐκ
176 4346 383 4416 ἔχουσα
440 4348 587 4418 ἡμᾶς
633 4348 1019 4412 καταδικάζειν
1064 4348 1138 4413 ὡς
1186 4351 1279 4405 ἐπὶ
1334 4355 1591 4423 πονηροῖς

38 4442 347 4510 πράγμασιν
382 4439 799 4511 ἐλαυνομένους.

98 4548 115 4580 ι
148 4531 261 4583 Καὶ
294 4530 615 4602 εἰλικρινείᾳ
649 4529 742 4584 τοῦ
775 4530 933 4588 Θεοῦ.
972 4551 991 4586 ι

96 4622 412 4684 Τουτέστιν,
434 4623 588 4675 οὐδὲν
610 4624 845 4696 δολερόν.

103 4733 119 4765 ι
143 4715 259 4767 Οὐκ
286 4716 344 4767 ὲν
376 4715 538 4787 σοφίᾳ
565 4720 822 4790 σαρκικῇ.
846 4737 864 4770 ι

96 4804 411 4873 τουτέστιν,
436 4810 537 4863 ούκ
581 4809 639 4864 ἐν
675 4810 1003 4884 κακουργίᾳ,
1044 4811 1165 4865 οὐδὲ
1208 4810 1472 4882 δεινότητι
1506 4810 1593 4865 λό-

36 4914 155 4966 γων,
185 4901 221 4971 ἢ
258 4900 548 4973 συμπλοκῇ
577 4905 759 4973 σοφοῖς
786 4906 1140 4976 χαρισμάτων
1165 4905 1238 4959 κ’.

102 5006 120 5039 ι
166 4989 314 5043 ‘AD.’
342 4993 400 5045 ὲν
441 4991 621 5069 χάριτι
666 4992 802 5047 Θεοῦ
846 4996 1263 5067 ἀνεστράφημεν
1296 4995 1354 5047 ὲν
1390 4992 1468 5065 τῷ
1499 4994 1592 5048 κό-

36 5097 167 5153 σμῳ,
191 5084 604 5154 περισσοτέρως
628 5084 685 5138 δὲ
713 5085 850 5157 πρὸς
873 5086 1039 5157 ὑμᾶς.
1070 5105 1088 5139 ι

97 5175 206 5247 Τὴν
235 5176 370 5248 παρ’
414 5176 578 5231 αὑτοῦ
624 5178 851 5250 δύναμιν
892 5178 1180 5251 δεδομένην
1204 5179 1233 5231 ὕ
1243 5180 1332 5250 μίν
1365 5178 1452 5232 διὰ
1483 5178 1592 5231 τῶν

36 5268 273 5336 σημείων
312 5266 557 5321 ὲνδεικνύ
566 5285 737 5340 μενοι.

106 5378 124 5409 ι
149 5360 227 5413 Οὐ
262 5359 375 5431 γὰρ
421 5360 555 5414 ἄλλα
588 5360 869 5434 γράφομεν
902 5364 1065 5435 ἡμῖν,
1096 5362 1210 5418 ἀλλ’
1241 5363 1276 5436 ἢ
1325 5363 1361 5419 ἃ
1402 5363 1594 5432 ἀναγι-

35 5449 296 5515 νώσκετε,
325 5451 358 5522 ἢ
394 5452 491 5505 καὶ
518 5453 929 5521 ἐπιγινώσκετε.
958 5475 977 5508 ι

109 5539 336 5615 Ἐπειδὴ
370 5544 585 5614 μεγάλα
601 5544 901 5617 ἐφθέγξατο
945 5547 1074 5621 περὶ⁵
1111 5547 1329 5613 ἑαυτοῦ,
1358 5549 1496 5619 ὅπερ
1529 5542 1599 5619 ἦν

1402 4490 1431 4510 υ

1695 3346 2018 3402 charitatem
2051 3353 2331 3414 provocet.
2362 3341 2507 3410 Quin
2535 3351 2590 3396 et
2619 3343 2724 3397 hoc
2779 3343 3043 3408 insinuat,
3075 3358 3271 3415 quam-

1692 3442 1777 3493 vis
1809 3436 1950 3492 Deus
2006 3451 2201 3507 magna
2233 3451 2328 3506 per
2358 3434 2797 3490 misericordiam
2839 3445 3081 3506 prestet,
3114 3435 3179 3489 ad
3211 3435 3264 3489 id

1695 3541 1876 3586 tamen
1904 3527 2157 3585 conferre
2183 3543 2374 3597 preces
2407 3536 2459 3583 et
2490 3528 2941 3598 supplicationes.

1791 3620 1960 3677 Vsus.
1996 3620 2082 3674 l2.
2122 3639 2140 3671 ι
2167 3618 2300 3674 Nam
2361 3619 2535 3690 gloria
2575 3628 2763 3674 nostra
2827 3618 2945 3674 haec
2979 3627 3087 3684 est,
3122 3618 3270 3673 testi-

1692 3712 1937 3768 monium
1987 3694 2345 3767 conscientiae
2373 3718 2595 3778 nostrae,
2624 3711 2771 3781 quod
2802 3713 2856 3765 in
2893 3711 3214 3767 sanctitate.
3242 3729 3261 3761 ι

1762 3803 2006 3859 Tertium
2034 3803 2429 3859 consolationis
2464 3811 2848 3873 argumentum
2881 3804 3075 3873 ponit;
3110 3801 3267 3857 nimi-

1692 3915 1815 3955 rum
1845 3896 1992 3970 quod
2040 3895 2382 3954 conscientia
2416 3909 2555 3965 pura
2586 3894 2787 3967 ubique
2818 3902 3091 3949 terrarum
3133 3907 3267 3948 con-

1692 4001 1961 4047 versetur.
2024 3989 2118 4045 Sic
2172 3996 2352 4042 autem
2391 3986 2659 4057 loquitur,
2720 3994 2781 4039 ut
2810 4000 2906 4041 eos
2938 3984 3157 4040 erudiat
3195 4000 3265 4039 ne

1693 4084 1748 4137 in
1798 4080 2192 4135 alliictionibus
2227 4077 2607 4147 despondeant
2638 4076 2902 4143 animum,
2955 4074 3083 4131 dum
3129 4090 3263 4130 con-

1693 4171 1982 4227 scientiam
2038 4184 2230 4239 puram
2268 4168 2525 4222 habeant.
2572 4165 2673 4220 Hic
2703 4182 2836 4221 vero
2890 4181 3088 4221 sensus
3117 4173 3205 4221 est
3245 4180 3258 4217 :

1690 4264 1953 4321 Gloriatio
1975 4271 2163 4318 nostra
2194 4262 2306 4317 liaac
2324 4269 2431 4324 est,
2456 4261 2656 4330 inquit,
2678 4260 3015 4315 conscientia
3047 4268 3259 4323 nostra,

1690 4372 1811 4428 qua:
1858 4372 1958 4412 nos
1986 4370 2093 4409 non
2124 4353 2300 4425 possit
2352 4353 2746 4419 condemnare,
2777 4352 2936 4423 quasi
2968 4351 3131 4408 factis
3158 4351 3263 4405 im-

1690 4451 1879 4523 probis
1908 4466 1936 4503 a
1963 4459 2110 4504 recto
2136 4447 2566 4503 excesserimus.

1766 4561 1785 4593 ι
1806 4540 1873 4594 Et
1903 4540 2220 4596 sinceritate
2245 4538 2361 4594 Dei.
2402 4557 2420 4591 ι

1618 4606 1665 4661 D
1767 4630 1825 4686 Id
1856 4640 1960 4697 est,
1994 4632 2199 4700 absque
2230 4631 2341 4684 ullo
2391 4629 2537 4684 dolo.

1772 4722 1929 4778 «Non
1966 4723 2021 4777 in
2053 4722 2323 4792 sapientia
2359 4719 2588 4774 carnali.
2620 4737 2639 4772 ι

1767 4814 1881 4870 Hoc
1909 4821 2015 4877 est,
2048 4828 2157 4867 non
2188 4813 2243 4866 in
2279 4809 2519 4873 vairitie,
2577 4825 2679 4865 nec
2709 4809 2763 4865 in
2786 4810 3022 4867 artiﬁcio
3053 4826 3262 4869 sermo-

1696 4907 1807 4975 nis,
1833 4915 1927 4961 aut
1954 4908 2011 4961 in
2036 4904 2411 4975 implicatione
2442 4902 2866 4973 s0phismatum.

1774 5016 1792 5049 ι
1829 4996 1937 5053 Sed
1967 4998 2023 5053 in
2065 4994 2245 5067 gratia
2296 4993 2390 5051 Dei
2450 4996 2761 5050 conversati
2819 5011 3011 5052 sumus
3040 4996 3097 5051 in
3155 4996 3262 5053 boc

1698 5089 1903 5145 mundo
1931 5108 1945 5145 :
1979 5087 2347 5144 abundantius
2377 5095 2557 5142 autem
2585 5086 2653 5140 ad
2685 5102 2802 5142 vos.
2829 5106 2849 5139 ι

1767 5178 1870 5236 Per
1901 5180 2057 5252 signa
2088 5186 2463 5234 monstrantes
2486 5178 2742 5234 virtutem
2774 5191 2940 5247 quam
2972 5175 3088 5245 ipse
3124 5190 3257 5231 con-

1699 5273 1868 5328 cessit
1891 5271 2066 5327 nobis.
2093 5289 2113 5324 ι

1767 5359 1938 5418 Vens.
1971 5361 2060 5416 15.
2089 5379 2107 5413 ι
2131 5358 2248 5414 Non
2275 5359 2419 5415 enim
2444 5358 2552 5413 alia
2584 5357 2881 5414 scribimus
2910 5358 3066 5416 vobis
3096 5373 3259 5431 quam

1700 5471 1822 5529 qua:
1850 5466 1945 5511 aut
1967 5454 2171 5525 legitis,
2198 5463 2294 5509 aut
2328 5457 2495 5511 etiam
2529 5451 2885 5525 cognoscitis.
2918 5469 2938 5504 ι

1770 5546 1911 5613 Quia
1962 5544 2029 5603 de
2084 5545 2267 5619 seipso
2315 5547 2515 5605 eximia
2554 5546 2881 5619 prolocutus
2943 5542 3147 5614 fuerat,
3202 5542 3259 5598 id

1240 5804 1243 5805 ν
1312 5721 1545 5785 ῩΑΒΙΛΕ
1586 5719 1989 5781 LECTIONES.

98 5808 146 5849 κ’
167 5809 303 5879 Leg.
324 5813 694 5879 σοφισμάτων.
