4048 6412
700 401 803 470 711

1898 416 1956 473 S.
1994 410 2311 474 JOANNIS
2342 411 2769 473 DAMASCENI

3763 423 3840 489 712

703 519 848 591 quod
880 520 1214 577 invidiosum
1250 531 1305 579 et
1343 541 1511 597 grave
1557 526 1864 592 videbatur,
1919 535 2089 582 testes
2121 528 2270 597 ipsos
2300 578 2301 582 η

2244 542 2270 579 s
2300 530 2345 585 Α
2374 525 2651 596 φορτικὸν,
2685 526 2883 591 αὐτοὺς
2926 526 3166 599 παράγει
3219 527 3493 601 μάρτυρας
3542 530 3636 584 τῶν
3669 533 3838 608 λεγομέ.

701 613 939 684 appellat
973 628 1162 668 eorum
1198 632 1319 686 qua:
1346 618 1444 674 abs
1483 634 1541 673 se
1568 618 1854 673 dicuntur.

768 708 939 763 Vens.
1011 710 1096 764 Η.
1134 729 1153 761 ι
1192 710 1366 783 Spero
1392 723 1572 770 autem
1628 715 1772 786 quod
1806 731 1979 787 usque
2034 717 2084 769 in
2111 716 2268 771 linem

698 802 1069 869 cognoscetis,
1122 804 1265 859 sicut
1313 814 1367 860 et
1416 809 1753 875 cognovistis
1794 823 1896 864 nos
1937 823 1999 863 ex
2036 817 2205 878 parte.
2247 827 2265 859 ι

772 894 815 944 Α
863 894 1153 962 praeteritis
1211 896 1371 951 (idem
1431 897 1560 951 facit
1590 897 1927 952 futurorum.
1978 897 2119 963 Quin
2171 913 2273 953 nec

700 981 1030 1052 simpliciter
1059 996 1114 1038 et
1137 985 1283 1040 nude
1315 985 1368 1041 id
1408 989 1809 1057 pronuntiavit,
1852 989 1945 1044 sed
1987 1000 2158 1043 totum
2186 1006 2271 1043 re-

698 1071 896 1145 iiciens
926 1076 982 1129 in
1011 1073 1180 1130 Deum
1206 1086 1262 1131 et
1292 1093 1445 1148 spem
1466 1079 1672 1150 qum‘in
1706 1080 1857 1135 illum
1892 1094 1994 1140 est.

775 1182 793 1216 ι
831 1165 984 1231 Quod
1007 1168 1179 1238 gloria
1212 1179 1391 1224 vestra
1423 1185 1617 1228 sumus
1669 1172 1816 1229 sicut
1845 1181 1900 1226 et
1932 1188 2029 1228 vos
2059 1184 2270 1237 nostra,

699 1253 753 1311 in
784 1256 872 1312 die
904 1259 1119 1314 Domini
1153 1262 1329 1317 nostri
1360 1259 1511 1319 Jesu.
1548 1283 1568 1317 ι

768 1348 869 1404 Hic
898 1361 1219 1422 conceptam
1250 1348 1393 1408 forte
1420 1370 1486 1409 ex
1527 1363 1654 1411 ante
1706 1355 1873 1412 dictis
1895 1356 2155 1412 invidiam
2189 1355 2273 1411 vel

698 1438 850 1495 rixas
904 1440 1118 1507 adimit,
1179 1442 1308 1497 dum
1346 1460 1442 1500 eos
1476 1461 1697 1518 quoque
1730 1448 1784 1501 in
1834 1457 2047 1519 partem
2082 1448 2271 1517 gloriae

697 1532 898 1601 recipit
927 1547 1155 1589 suorum
1181 1546 1331 1591 recte
1370 1536 1666 1593 factorum.
1708 1537 2067 1610 Nequaquam
2103 1543 2270 1607 enim,

697 1625 900 1695 inquit,
947 1627 1094 1681 intra
1129 1643 1232 1685 nos
1288 1629 1404 1685 haec
1432 1632 1703 1697 constitit,
1737 1630 1834 1687 sed
1884 1631 1951 1686 ad
1979 1649 2079 1689 vos
2105 1632 2272 1687 etiam

695 1718 1019 1775 dimanavit.

775 1812 937 1870 Vens.
982 1815 1170 1870 15-17.
1226 1836 1244 1868 ι
1280 1816 1345 1871 Et
1390 1810 1491 1871 hac
1549 1817 1878 1874 conﬁdentia
1924 1819 2067 1874 volui
2118 1820 2274 1891 prius

698 1909 886 1963 venire
915 1909 981 1962 ad
1015 1925 1132 1973 vos,
1168 1918 1223 1962 ut
1254 1909 1552 1965 secundam
1597 1911 1835 1977 gratiam
1889 1911 2187 1977 haberetis,
2221 1923 2275 1967 et

698 2016 795 2071 per
824 2016 921 2056 vos
981 2002 1218 2058 transire
1243 2003 1297 2056 in
1358 2002 1757 2071 Macedoniam,
1793 2014 1847 2060 et
1876 2006 2072 2060 iterum
2099 2022 2129 2061 a
2161 2006 2274 2060 Ma-

698 2093 927 2149 cedonia
954 2095 1138 2149 venire
1169 2095 1234 2148 ad
1267 2112 1383 2157 vos,
1407 2107 1459 2151 et
1487 2096 1684 2151 avobis
1709 2096 1904 2153 deduci
1933 2098 1987 2152 in
2011 2096 2271 2153 Judazam.

699 2184 834 2242 Cum
878 2202 1010 2258 ergo
1045 2189 1146 2243 hoc
1179 2191 1500 2255 voluissem,
1540 2212 1558 2244 ι

767 2360 883 2427 Qua
915 2362 1107 2432 utique
1137 2364 1189 2416 in
1220 2364 1378 2419 vobis
1408 2378 1644 2421 maxume
1675 2365 1931 2421 ﬁduciam
1966 2382 2268 2437 ponamus;

700 2470 808 2525 qua
857 2455 1161 2525 gloriamur
1217 2458 1273 2511 in
1296 2456 1476 2523 vobis,
1501 2467 1555 2511 et
1607 2459 1780 2528 gloria
1840 2469 2029 2515 nostra
2056 2475 2154 2514 vos
2182 2475 2273 2515 es-

700 2547 795 2603 tis.

773 2638 933 2709 126
963 2657 982 2689 ι
1014 2637 1272 2711 Nunquid
1304 2642 1526 2698 levitate
1558 2658 1692 2698 usus
1723 2644 1887 2699 sum?
1916 2652 2009 2698 aut
2032 2661 2153 2715 quae
2182 2660 2273 2698 co-

699 2728 833 2795 gito,
885 2730 1188 2784 secundum
1241 2746 1461 2789 carnem
1521 2734 1726 2804 cogito,
1762 2745 1819 2789 ut
1848 2736 1919 2790 sit
1961 2737 2103 2806 apud
2162 2752 2268 2802 mc,

701 2819 818 2885 Est,
858 2830 962 2887 est,
995 2831 1067 2887 et,
1099 2820 1242 2889 Non,
1264 2826 1413 2879 non?

768 2911 887 2979 Qua
911 2912 979 2967 de
1008 2928 1173 2969 causa
1207 2930 1317 2970 non
1347 2918 1492 2982 veni,
1522 2917 1743 2988 inquit?
1774 2919 2018 2989 nunquid
2052 2918 2272 2974 levitate

700 3011 755 3057 et
783 3004 1083 3059 mobilitate
1106 3004 1318 3061 animi?
1348 3024 1711 3080 nequaquam.
1748 3007 1925 3064 Eccur
1957 3009 2124 3064 vero?
2146 3010 2271 3078 quia

700 3109 820 3165 qua:
871 3110 1137 3166 propono,
1188 3113 1297 3151 non
1358 3101 1660 3155 secundum
1719 3115 1939 3154 carnem
2001 3115 2267 3170 propono.

701 3186 947 3253 Quorum
972 3189 1261 3244 verborum
1284 3191 1411 3247 talis
1433 3199 1517 3246 est
1548 3208 1780 3247 sensus:
1808 3194 2053 3248 Carnalis
2083 3193 2267 3256 homo,

701 3280 813 3335 sive
844 3279 938 3348 qui
987 3282 1150 3336 rebus
1190 3284 1556 3351 praesentibus
1609 3284 1863 3339 addictus
1912 3294 2015 3348 est,
2048 3292 2101 3339 et
2134 3299 2266 3354 ope-

698 3373 933 3430 rationis
974 3372 1219 3445 Spiritus
1272 3393 1467 3433 exsors
1498 3380 1743 3445 exsistit,
1801 3396 2025 3451 quoqno
2053 3397 2268 3435 versum

700 3464 853 3521 abire
904 3477 1085 3538 potest
1131 3476 1187 3522 et
1232 3470 1495 3538 oberrare
1522 3488 1631 3542 quo
1684 3474 1940 3527 voluerit.
1982 3472 2085 3539 Qui
2143 3488 2273 3528 vero

701 3557 913 3629 Spiritu
965 3561 1172 3631 agitur,
1236 3578 1345 3616 non
1402 3571 1582 3633 potest
1616 3563 1818 3633 ubique
1848 3565 2130 3619 sententia:
2160 3580 2274 3620 sua:

698 3650 953 3708 dominus
1011 3667 1154 3716 esse,
1206 3656 1412 3725 quippe
1475 3669 1640 3724 quam
1693 3657 1761 3709 ab
1798 3658 1888 3710 illa
1945 3655 2274 3711 auctoritate

698 3743 1027 3813 pendentem
1083 3743 1304 3799 habeat.
1344 3746 1447 3801 Sed
1505 3763 1835 3819 quocunque
1883 3747 2110 3819 Spiritui
2145 3750 2272 3804 libi-

700 3844 813 3889 tum
871 3836 978 3890 erit
1008 3837 1251 3903 ducitur,
1289 3840 1445 3910 isque
1490 3840 1666 3910 jussis
1699 3841 1966 3896 herilibus
1998 3843 2272 3897 obsecun-

697 3930 809 3982 dat.
844 3929 1115 4001 Aitergo:
1150 3930 1473 3989 Nullatcnus
1507 3949 1627 3988 sum
1661 3951 1691 3988 a
1721 3937 2117 4005 gubernatione
2148 3934 2271 4005 Spi-

696 4022 839 4078 ritus
871 4024 1103 4088 alienus,
1138 4040 1241 4079 nec
1292 4041 1461 4094 penes
1501 4042 1587 4080 me
1620 4036 1706 4081 est
1740 4028 1871 4080 illuc
1908 4043 2130 4096 pergere
2160 4043 2270 4097 quo

695 4114 945 4168 voluero.
977 4114 1241 4169 Paracleti
1270 4118 1537 4185 siquidem
1564 4117 1798 4185 jussioni
1825 4134 1944 4171 sunt
1973 4119 2266 4182 obnoxius,

697 4206 928 4277 ipseque
982 4208 1113 4259 mihi
1149 4209 1433 4278 praacipit:
1469 4209 1676 4262 idcirco
1736 4210 1920 4263 venire
1958 4225 2065 4263 non
2097 4210 2269 4280 potui,

698 4298 828 4367 quia
882 4313 1041 4352 secus
1072 4299 1248 4352 visum
1307 4308 1392 4353 est
1419 4298 1671 4370 Spiritui.
1708 4300 1821 4355 lloc
1848 4318 2013 4372 porro
2043 4302 2097 4355 in
2121 4303 2272 4356 Acti-

698 4389 802 4445 bus
832 4390 999 4444 etiam
1026 4390 1406 4459 apostolorum
1438 4392 1709 4462 scriptum
1742 4403 1848 4457 est,
1881 4394 2069 4448 cumis
2090 4395 2272 4465 aliquo

700 4498 930 4555 pergere
980 4487 1293 4550 statuisset,
1329 4485 1569 4554 jussisse
1594 4486 1863 4557 Spiritum
1890 4497 1946 4541 ut
1974 4488 2084 4542 alio
2109 4490 2272 4544 vade-

2298 3244 2340 3301 C

2370 635 2499 674 VQML

2448 728 2468 762 ε
2502 710 2735 778 Ἐλπίζω
2762 712 2821 766 δέ
2846 711 3022 781 κάγὼ,
3056 713 3137 766 ὅτι
3194 712 3300 776 ἕως
3327 714 3505 778 τέλους
3532 714 3838 783 ἐπιγνώσεσθε,

2370 800 2555 865 καθὼς
2579 802 2674 855 καλ⁸
2698 802 2971 870 ἐπέγνωτε
3001 803 3149 873 ἡμᾶς
3174 803 3283 855 ἀπὸ
3316 802 3527 873 μέρους.

2451 892 2587 947 Ἀπὸ
2628 892 2738 946 τῶν
2786 893 3168 965 παρελθόντων
3212 894 3488 948 πιστοῦται
3524 895 3588 949 τὰ
3628 897 3839 967 μέλλοντα.

2372 978 2526 1048 Εἶτα,
2560 987 2648 1039 καὶ
2674 985 2773 1057 οὐχ
2809 985 2997 1049 ἁπλῶς
3026 984 3181 1039 τοῦτο
3209 986 3538 1058 ἀπεφήνατο,
3559 987 3675 1042 ἀλλὰ
3696 990 3744 1042 τὺ
3768 996 3842 1045 κᾶν

2371 1078 2713 1150 ὲπιρῤίπτων
2741 1078 2818 1149 τῷ
2847 1077 2990 1150 Θεῷ,
3019 1077 3112 1131 καὶ
3136 1080 3202 1149 τῇ
3235 1080 3316 1141 εἰς
3347 1079 3502 1132 αὑτὸν
3523 1079 3690 1135 ἐλπίδι.

2451 1189 2469 1220 ι
2499 1172 2620 1224 Ὅτι
2652 1169 2916 1243 καύχημα
2964 1170 3118 1243 ὑμῶν
3148 1171 3337 1241 ἐσμεν,
3368 1170 3603 1243 καθάπερ
3635 1175 3713 1227 καὶ
3736 1176 3844 1245 lipsi,-

2372 1262 2550 1335 ἡμῶν,
2584 1265 2640 1317 ἐν
2664 1266 2729 1335 τῇ
2762 1264 2947 1337 ἡμέρᾳ
2970 1264 3065 1318 τοῦ
3094 1264 3301 1336 Κυρίου
3336 1265 3486 1335 ἡμῶν
3520 1266 3723 1335 Ἰησοῦ.)

2456 1354 2722 1410 Ἐνταῦθα
2775 1357 2866 1411 τὸν
2935 1359 2997 1410 ἐκ
3054 1356 3162 1410 τῶν
3220 1358 3519 1429 εἰρημένων
3569 1359 3846 1430 ὑποτέμνεται

2375 1445 2570 1516 φθόνον
2615 1447 2649 1520 ἣ
2700 1447 2901 1519 ἔριδας,
2938 1447 3134 1512 αὐτοὺς
3178 1450 3274 1501 καὶ
3317 1450 3588 1514 κοινωνοὺς
3617 1450 3755 1503 ποιῶν
3782 1455 3846 1521 τῆς

2374 1537 2529 1610 δόξης
2568 1539 2676 1593 τῶν
2735 1539 2903 1594 αὐτοῦ
2964 1541 3431 1613 κατορθωμάτων.
3465 1543 3536 1595 Οὐ
3581 1543 3675 1612 γὰρ
3714 1544 3847 1613 μέχρις

2374 1631 2533 1701 ἡμῶν
2588 1633 2920 1705 κατήντησε,
2957 1634 3113 1706 φησι,
3169 1631 3306 1688 ἀλλὰ
3341 1635 3437 1687 καὶ
3490 1634 3567 1699 εἰς
3610 1635 3733 1705 ἡμᾶς
3769 1635 3845 1689 διι-

2375 1725 2571 1782 ϐαίνει.

2455 1835 2472 1868 ι
2503 1817 2613 1871 Καὶ
2661 1816 2832 1890 ταύτῃ
2864 1819 2929 1890 τῇ
2968 1815 3295 1889 πεποιθήσει
3342 1815 3627 1888 ἐδουλόμην
3659 1817 3844 1888 πρότερον

2381 1908 2516 1981 πρὸς
2548 1910 2690 1979 ὑμᾶς
2731 1908 2928 1976 ἐλθεῖν,
2972 1910 3060 1965 ἵνα
3101 1910 3362 1981 δευτέραν
3412 1910 3563 1982 χάριν
3609 1909 3759 1980 σχῆτε,
3787 1914 3845 1963 ιιι

2380 2002 2446 2056 δι’
2477 2002 2632 2072 ὑμῶν
2653 2000 2908 2055 ἀπελθεῖν
2958 2004 3037 2066 είς
3083 2001 3446 2064 Μακεδονίαν,
3487 2001 3575 2054 καὶ
3618 2000 3750 2053 πάλιν
3779 2001 3845 2052 ἀπὸ

2379 2094 2719 2157 Μακεδονίας
2752 2093 2927 2148 ἐλθεῖν
2972 2094 3107 2165 πρὸς
3154 2093 3317 2163 ὑμᾶς,
3352 2092 3445 2146 καὶ
3490 2093 3574 2161 ὑφ’
3599 2090 3729 2161 ἡμῶν
3761 2106 3845 2158 πμ)-

2378 2185 2699 2257 πεμφθῆναι
2734 2187 2814 2250 είς
2862 2185 2959 2257 τὴν
3014 2185 3296 2239 Ἰουδαίαν.
3332 2183 3503 2238 Τοῦτο
3540 2178 3624 2237 οὖν
3666 2181 3846 2253 βουλόμε-

2377 2294 2533 2341 νος.»

2447 2370 2522 2422 Τὸ
2553 2369 2757 2442 σφόδρα
2802 2369 3027 2441 θαρρεῖν
3058 2370 3207 2440 ὑμῖν,
3247 2368 3309 2423 τὸ
3336 2367 3634 2441 καυχᾶσθαι
3658 2367 3727 2437 ἐφ’
3750 2366 3846 2436 ὑμῖν»

2376 2462 2473 2518 καὶ
2499 2461 2760 2533 καύχημα
2786 2461 2945 2533 ἡμῶν
2974 2461 3119 2533 ὑμᾶς
3145 2456 3304 2516 εἶναι.

2454 2659 2472 2693 ι
2502 2641 2650 2711 Μήτι
2686 2641 2795 2711 ἄρα
2821 2642 2886 2712 τῇ
2910 2639 3145 2713 ἐλαφρίᾳ.
3171 2634 3531 2712 ὲχρὴσάμηνς
3561 2639 3591 2710 ἦ
3618 2638 3650 2693 3
3675 2634 3844 2708 βουλεάο.

2380 2752 2500 2805 μαι,
2536 2734 2678 2787 κατὰ
2709 2734 2889 2805 σάρκα
2942 2732 3288 2804 βουλεύομαι,
3335 2733 3427 2785 ἴνα
3550 2730 3666 2800 παρ’
3696 2730 3782 2800 ἐμοὶ
3808 2727 3847 2778 τὸ

2376 2825 2503 2889 Ναὶ,
2539 2825 2646 2887 va‘t,
2676 2825 2770 2878 καὶ
2796 2825 2876 2891 τὸ,
2898 2823 2994 2889 Oi),
3018 2823 3110 2890 ob;
3140 2843 3159 2876 ι

2447 2916 2605 2980 Τίνος
2629 2916 2813 2969 ἐνεκεν
2857 2917 2956 2970 οὐκ
2988 2911 3173 2987 ἦλθον,
3210 2916 3417 2987 φησίν;
3459 2910 3564 2986 ἆρα
3604 2915 3670 2978 ὡς
3714 2910 3848 2981 κοῦρος

2378 3008 2473 3060 καὶ
2502 3006 2829 3079 εὐριπιστής
2855 3024 2870 3072 ;
2893 3007 3167 3078 οὐδαμῶς.
3208 3006 3373 3061 Ἀλλὰ
3393 3007 3480 3061 διὰ
3503 3006 3583 3073 τί;
3606 3005 3707 3058 Ὀτι
3728 3002 3752 3055 ἃ
3770 3001 3848 3072 βου-

2375 3099 2625 3169 λεύομαι,
2660 3100 2721 3153 οὐ
2770 3101 2910 3154 κατὰ
2967 3102 3145 3173 σάρκα
3200 3100 3547 3172 βουλεύομαι.
3581 3098 3639 3151 ’0
3678 3096 3722 3151 δὲ
3755 3095 3849 3160 λέγει

2375 3189 2615 3243 τοιοῦτόν
2649 3192 2816 3245 ἐστιν·
2857 3191 2914 3243 '0
2945 3190 3207 3262 σαρκικὸς
3241 3190 3552 3263 ἄνθρωπος,
3583 3184 3848 3249 τουτέστιν,ὁ

2374 3285 2486 3346 τοῖς
2512 3281 2746 3354 παροῦσι
2777 3282 3068 3352 πράγμασι
3115 3281 3561 3353 προσηλωμένος,
3594 3280 3674 3333 καὶ
3694 3276 3769 3347 τῆς
3788 3270 3848 3326 τοδ

2375 3375 2691 3445 Πνεύματος
2711 3374 2989 3446 ἐνεργείας
3011 3376 3166 3439 ἐκτὸς
3184 3372 3732 3445 τυγχάνων,πανταχοῦ
3747 3368 3849 3422 dmi-

2375 3484 2464 3519 vat
2498 3467 2746 3529 δύναται,
2784 3468 2876 3520 καὶ
2930 3466 3237 3520 πλανᾶσθαι
3294 3468 3435 3521 ὅπου
3480 3466 3716 3538 βούλεται.
3740 3458 3785 3515 '0
3814 3458 3848 3511 δὲ

2376 3559 2479 3613 ὑπὸ
2522 3557 2616 3611 τοῦ
2660 3558 2975 3628 Πνεύματος
3019 3558 3304 3627 ἀγόμενος,
3333 3560 3397 3612 οὑ
3426 3559 3525 3629 τῆς
3564 3554 3724 3609 ἐαυτοῦ
3758 3550 3849 3618 γνὼ-

2377 3669 2483 3724 μης
2534 3652 2811 3722 πανταχοῦ
2862 3652 3089 3706 δύναται
3134 3652 3323 3722 κύριος
3380 3649 3541 3715 εἶναι,
3582 3650 3668 3719 τῆς
3705 3644 3849 3699 ἐκεῖθεν

2374 3744 2619 3809 ἐξουσίας
2672 3744 2980 3817 ἐξαρτήσας
3016 3744 3206 3815 αὐτὴν,
3259 3743 3378 3797 ἀλλ’
3440 3745 3571 3797 ὅπου
3628 3742 3683 3794 ἂν
3732 3738 3849 3789 ἐκεῖνο

2375 3838 2654 3910 βούληται,
2702 3838 2915 3907 ἄγεται,
2961 3839 3299 3900 δεσποτικοῖς
3350 3828 3848 3907 παλαίσμασιχρώμε-

2372 3949 2481 3996 νος.
2511 3930 2680 3985 Τοῦτο
2713 3927 2805 3984 οὖν
2850 3948 3034 4000 φησιν,
3068 3930 3147 3981 ὅτι
3179 3929 3290 3981 Οὐκ
3334 3928 3454 3997 είμὶ
3483 3928 3577 3996 τῆς
3620 3924 3698 3978 τοῦ
3733 3918 3849 3973 live}-

2375 4041 2543 4094 ματος
2574 4024 2729 4087 ἐκτὸς
2760 4023 3165 4094 κυϐερνήσεως,
3203 4019 3324 4073 οὺδέ
3361 4018 3606 4084 ἐξουσίαν
3640 4016 3725 4086 ἔχω
3750 4010 3849 4078 βαδί-

2373 4113 2485 4179 ζειν
2520 4115 2652 4168 ὅπου
2701 4114 2982 4185 βούλομαι.
3038 4114 3146 4167 Καὶ
3189 4113 3297 4185 γάρ
3353 4115 3638 4183 ὑπόκειμαι
3678 4108 3737 4178 τῷ
3773 4107 3850 4155 ἐπι·

2372 4207 2613 4277 τάγματι
2666 4204 2760 4259 τοῦ
2820 4204 3212 4277 Παρακλήτου,
3265 4206 3361 4260 καὶ
3412 4205 3751 4273 ἐπιτάττομαι.
3786 4193 3850 4247 Διά

2371 4298 2528 4352 τοῦτο
2560 4300 2659 4352 οὐκ
2692 4298 2964 4369 ἠδυνήθην
2999 4299 3194 4363 ἐλθεῖν,
3231 4300 3292 4351 οὐ
3325 4299 3435 4368 γὰρ
3477 4298 3615 4361 ἔδοξε
3647 4294 3709 4363 τῷ
3737 4287 3851 4342 Ilvati-

2378 4408 2525 4462 ματι.
2559 4391 2729 4457 Τοῦτο
2753 4393 2809 4445 δὲ
2835 4394 2927 4446 καὶ
2959 4396 3014 4445 ἐν
3052 4395 3172 4456 ταῖς
3214 4393 3448 4463 πράξεσι
3482 4390 3587 4443 τῶν
3617 4381 3851 4441 ἀποστόλων

2374 4476 2703 4556 γέγρατὲται.
2744 4484 3000 4555 Ἀλλαχοῦ
3033 4486 3141 4556 γὰρ
3177 4484 3610 4555 Προαιρούμενον
3640 4478 3792 4535 ἐλθεῖν,
3814 4468 3853 4520 εδ

700 4584 787 4639 ret
810 4576 852 4630 δ.
883 4574 1003 4631 Non
1054 4593 1187 4649 ergo
1211 4580 1418 4634 levitati
1451 4596 1604 4642 mea),
1641 4580 1743 4634 hoc
1780 4588 1884 4644 est,
1913 4597 2021 4635 non
2056 4582 2272 4636 mobili-

2255 4612 2272 4622 -
2304 4584 2349 4640 Ι)
2376 4580 2602 4650 Πνεῦμα
2635 4578 2867 4650 ἀλλαχοῦ
2919 4579 3153 4649 βαδίζειν
3190 4579 3496 4633 ἐκέλευσεν.
3527 4577 3671 4629 Ὥστε
3706 4570 3753 4623 οὐ
3788 4563 3853 4627 τῆς

698 4668 800 4722 tati
846 4669 1014 4723 animi
1064 4671 1414 4725 tribuendum
1474 4673 1617 4742 quod
1674 4688 1784 4726 non
1841 4674 2130 4742 venerim;
2173 4675 2269 4728 sed

698 4763 946 4830 oportuit
994 4770 1054 4816 ut
1100 4764 1192 4834 qui
1236 4764 1467 4835 Spiritui
1506 4764 1762 4822 subditus
1794 4783 1938 4832 sum,
1968 4768 2142 4823 eidem
2178 4770 2272 4825 ob-

700 4856 1083 4920 temperarem.

778 4940 943 4999 Vsns.
970 4943 1056 5000 18.
1103 4962 1122 4996 ι
1152 4943 1354 5000 Fidelis
1377 4959 1557 5002 autem
1592 4949 1758 5012 Deus,
1806 4951 1934 5021 quia
1969 4966 2148 5007 seruio
2174 4969 2270 5008 no-

701 5043 837 5100 ster,
858 5038 950 5105 qui
981 5037 1085 5091 fuit
1115 5040 1167 5093 in
1203 5039 1320 5106 illo,
1343 5038 1456 5105 Est,
1482 5050 1556 5103 et,
1580 5041 1717 5097 Non.
1752 5062 1769 5094 ι

770 5127 1150 5201 Emergentem
1175 5132 1538 5201 objectionem
1562 5135 1744 5189 solvit.
1770 5137 1978 5193 Dixerit
2001 5138 2267 5209 quispiam

701 5220 747 5277 si
779 5234 885 5274 non
914 5231 999 5275 est
1025 5222 1167 5291 apud
1200 5232 1272 5285 te,
1304 5222 1422 5289 Est,
1454 5235 1530 5287 et,
1556 5224 1711 5290 Non;
1733 5243 1831 5282 cur
1856 5231 2086 5299 posthac
2119 5248 2273 5287 ever-

702 5314 793 5379 tis,
826 5328 948 5382 qua:
975 5315 1135 5368 modo
1165 5318 1394 5379 asseris,
1447 5319 1906 5387 quemadmodum
1944 5324 2011 5378 de
2044 5339 2302 5383 accessu.

704 5418 795 5458 tth
832 5404 1060 5474 loquens
1094 5406 1308 5461 fecisti?
1358 5406 1452 5463 V33
1487 5409 1643 5465 nobis
1674 5412 1721 5466 si
1750 5428 1987 5482 unquam
2042 5414 2093 5469 id
2126 5418 2274 5470 acci-

708 5495 783 5550 dit
808 5496 862 5550 in
891 5500 1281 5568 praedicatione
1312 5511 1520 5557 nostra.
1544 5501 1731 5574 Itaque
1753 5519 1821 5561 ne
1850 5506 1964 5561 haec
1983 5508 2273 5579 cogitando

711 5590 1175 5657 perturbarentur,
1205 5593 1281 5648 ait
1312 5612 1325 5648 :
1360 5593 1505 5648 Nihil
1553 5594 1660 5651 tale
1702 5599 1932 5669 contigit
1963 5600 2018 5653 in
2077 5602 2274 5671 praedi-

712 5680 1018 5737 rationibus
1044 5684 1201 5739 meis.
1228 5683 1474 5741 Humana
1503 5684 1780 5758 siquidem
1822 5690 2114 5749 mendacio
2139 5704 2270 5750 sunt

766 5858 787 5890 ⁵
832 5859 1091 5927 Act.xv1,
1133 5861 1184 5917 7.

2376 4675 2517 4744 ὲμῆς
2550 4673 2841 4745 ἐλαφρίας,
2879 4674 3187 4736 τουτέστιν,
3216 4672 3340 4727 οὔτε
3370 4675 3470 4743 τῆς
3518 4668 3795 4737 κουφότητος
3816 4657 3854 4710 τὸ

2380 4768 2454 4839 μὴ
2474 4767 2669 4833 ἐλθεῖν,
2691 4767 2828 4821 άλλά
2842 4768 2923 4839 τὸ,
2942 4767 3022 4839 τῷ
3045 4766 3321 4839 Πνεύματι
3344 4766 3703 4836 ὑποκείμενον,
3718 4754 3852 4819 hist“?

2378 4861 2682 4915 πείθεσθαι.

2455 4973 2474 5007 ι
2502 4956 2700 5018 Πιστὸς
2731 4954 2787 5007 δὲ
2807 4955 2835 5006 6
2867 4953 3020 5018 Θεὸς,
3048 4953 3132 5006 ὅτι
3157 4954 3185 5005 6
3212 4952 3367 5021 λόγος
3394 4950 3552 5022 ἡμῶν
3580 4951 3606 5001 6
3629 4943 3739 5017 πρὸς
3757 4937 3855 5009 ὖμίς

2377 5047 2475 5099 οὐκ
2505 5045 2720 5114 ἐγένετο
2747 5046 2877 5108 Ναὶ,
2908 5046 3021 5111 καὶ,
3045 5044 3141 5100 Οὖ.
3178 5063 3196 5096 ι

2463 5139 2760 5193 ’Δντίθεσιν
2789 5136 3202 5194 ἀνακύπτουσαν
3231 5135 3366 5190 λύει.
3397 5136 3461 5188 Εἰ
3488 5135 3583 5188 οὐκ
3609 5130 3723 5192 ἔστι,
3748 5118 3858 5189 φηαὶς

2377 5232 2530 5304 παρὰ
2564 5234 2646 5286 σοὶ
2688 5233 2747 5286 τὸ
2775 5233 2905 5297 Ναὶ,
2946 5233 3059 5297 καὶ,
3097 5231 3200 5297 Οὒ,
3230 5231 3363 5285 ἀλλὰ
3396 5230 3433 5285 ἃ
3465 5228 3558 5283 νῦν
3581 5226 3751 5313 λέγεις,
3772 5219 3862 5313 av}-

2376 5325 2598 5395 τρέπεις
2632 5324 2769 5393 μετὰ
2801 5322 2995 5387 ταῦτα,
3030 5322 3215 5394 ὥσπερ
3251 5324 3340 5375 ἐπὶ
3383 5319 3487 5390 τῆς
3524 5312 3859 5408 ἐπιδημίας

2379 5416 2479 5485 σῆς
2516 5416 2799 5484 ἐποίησας,
2843 5416 2966 5468 οὐαὶ
3011 5418 3141 5485 ἡμῖν
3176 5415 3248 5486 μή
3280 5431 3404 5468 ποτε
3434 5413 3531 5467 καὶ
3562 5413 3615 5464 ὲν
3641 5405 3711 5476 τῷ
3735 5405 3860 5469 ﬁt?"

2378 5525 2548 5579 γματι
2580 5506 2739 5560 τοῦτο
2767 5507 3009 5576 γέγονεν.
3042 5507 3157 5560 Ἰνα
3184 5502 3275 5560 οὖν
3320 5506 3392 5577 μὴ
3422 5504 3591 5559 ταῦτα
3626 5493 3857 5552 ὲννοοῦντει

2376 5601 2762 5673 πράττωνται,
2801 5599 2965 5670 φησὶν
3015 5600 3096 5652 ὅτι
3154 5600 3254 5653 οὐκ
3300 5600 3389 5651 ἐπὶ
3436 5597 3531 5651 τοῦ
3577 5590 3862 5663 κηρύγματος

2375 5692 2549 5758 οὕτως
2571 5694 2807 5764 ἐγένετο.
2840 5693 2919 5746 Τὰ
2952 5691 3050 5761 μὲν
3083 5691 3192 5762 γάρ
3219 5688 3536 5762 ἀνθρώπινα
3576 5686 3751 5739 οἴονται
3778 5674 3862 5728 ἔιίο
