4048 6434
172 397 277 461 713

1296 388 1655 450 IN'EPIST.
1684 389 1783 448 AD
1821 386 2185 447 CORINTH.
2235 385 2315 444 li.

3328 374 3434 452 7it

172 504 504 575 ψευσθῆναι,
536 502 606 557 τὰ
649 500 708 555 δι
737 499 832 553 τοῦ
871 497 1006 553 Θεοῦ
1056 497 1156 568 ούχ
1199 497 1396 562 οὕτως.
1440 500 1532 552 Διό
1578 514 1746 568 φησι·

1878 497 2225 552 ὼιιοχίιιιιιι
2273 508 2382 549 non
2431 493 2559 548 item
2589 507 2655 548 ea
2694 508 2818 564 qua:
2868 493 2964 551 Dei
3025 505 3176 551 sunt.
3230 498 3435 565 Quam-

176 596 404 662 Πιστὸς
433 596 468 648 ὀ
502 591 665 658 Θεὸς,
697 591 979 645 τουτέστιν
1007 587 1237 658 ἀληθής.
1280 587 1375 659 Μὴ
1409 588 1590 642 τοίνυν
1621 587 1755 641 ὑπό-

174 705 349 741 πτευε
391 688 462 739 τὰ
497 684 707 738 ἐκείνου
757 682 968 746 οὕτως’
1011 680 1164 733 οὐδὲν
1193 679 1302 750 γὰρ
1347 681 1405 732 ἐν
1454 678 1635 743 αὐτοῖς
1663 678 1757 732 ἁν-

173 778 481 851 θρὼπινον.

257 909 276 943 ι
312 891 373 945 ’0
403 888 511 960 γὰρ
531 886 624 941 τοῦ
643 884 778 939 Θεοῦ
811 884 941 948 Υἱὸς
977 881 1182 955 Ἰησοῦς
1220 882 1476 953 Χριστὸς,
1496 885 1525 937 6
1547 883 1605 936 ἐν
1628 880 1757 950 ὑμῖν

170 981 242 1032 δι’
268 979 430 1049 ἡμῶν
458 975 778 1046 κηρυχθεὶς,
819 974 887 1027 δι’
919 971 1055 1044 ἐμοῦ
1089 973 1183 1026 καὶ
1212 970 1499 1026 Σιλουανοῦ
1534 970 1628 1024 καὶ
1666 971 1758 1023 Τι-

177 1068 407 1140 μοθέου,
435 1067 536 1119 οὐκ
558 1065 776 1130 ἐγένετο
800 1062 921 1129 ναὶ,
945 1061 1060 1127 καὶ,
1097 1061 1190 1115 οὔ.
1223 1078 1242 1111 ι

262 1178 485 1250 Ἐπειδὴ
514 1171 635 1229 εἶπε
686 1176 893 1245 λόγον,
942 1173 1138 1242 ἐπάγει
1169 1171 1356 1225 λοιπὸν
1399 1172 1553 1224 ποῖον
1596 1169 1755 1238 λόγον

176 1272 338 1342 φησί.
370 1270 447 1323 T6
491 1268 569 1329 δὲ,
617 1266 752 1331 ναὶ,
803 1263 917 1327 καὶ,
962 1265 1063 1328 οὐ,
1111 1262 1269 1315 τοῦτο
1308 1261 1584 1332 σημαίνει.
1645 1260 1759 1312 Οὐκ

175 1362 477 1434 ἀνέτρεψα,
522 1360 707 1430 φησὶν,
754 1355 791 1412 ἃ.
837 1356 1103 1427 πρότερον
1145 1349 1299 1407 εἷπον
1346 1354 1421 1431 ἐν
1457 1350 1535 1424 τῷ
1585 1348 1759 1423 κηρύ-

174 1473 211 1525 γ
222 1471 379 1525 ματι.
406 1450 539 1505 Ούδὲ
569 1448 663 1503 νῦν
697 1448 798 1519 μὲν
843 1448 1020 1510 τοῦτο,
1055 1445 1149 1501 νῦν
1179 1446 1236 1499 δὲ
1280 1447 1452 1499 ἐκεῖνο
1480 1442 1759 1513 διελέχθην

178 1548 347 1617 ὑμῖν·
398 1543 557 1597 τοῦτο
591 1542 700 1612 γὰρ
745 1540 928 1594 οὐκέτι
977 1540 1234 1604 πίστεως,
1295 1537 1433 1593 ἀλλὰ
1479 1537 1759 1606 πεπλανη-

182 1638 362 1709 μένης
388 1634 625 1697 διανοίας
652 1633 820 1686 ἐστίν.

260 1768 280 1801 ι
316 1749 499 1810 ’Δλλὰ,
519 1748 639 1813 ναὶ,
672 1748 729 1799 ἐν
766 1744 914 1816 αύτῷ
945 1745 1161 1815 γέγονε.
1186 1764 1204 1797 ι

1862 591 2052 643 obrem
2083 586 2221 641 dicit
2252 602 2267 639 :
2304 582 2505 639 Fidelis
2529 583 2694 647 Deus,
2727 584 2778 639 id
2822 594 2930 649 est,
2971 602 3160 643 verax.
3194 588 3437 647 Proinde

1863 694 1932 734 ne
1961 678 2060 734 tibi
2092 685 2349 748 suspecta
2382 677 2516 742 sint,
2540 691 2663 746 qua:
2680 685 2809 732 sunt
2836 677 3084 733 illius.ln
3121 680 3206 734 his
3232 681 3434 753 quippe
3505 679 3522 694 ‘

1862 771 1999 826 nihil
2026 778 2112 825 est
2138 769 2384 858 humani.

1933 881 2102 937 Vens.
2134 882 2221 936 19.
2264 897 2284 933 ι
2314 881 2407 937 Dei
2432 882 2581 936 enim
2619 879 2792 938 Filius
2827 882 2988 939 Iesus
3027 882 3311 948 Christus,
3336 886 3430 955 qui

1863 976 1921 1031 in
1955 974 2117 1029 vobis
2148 984 2245 1044 per
2271 988 2371 1028 nos
2401 974 2732 1044 praedicatus
2757 982 2862 1040 est,
2911 989 3011 1044 per
3042 990 3131 1031 me
3171 985 3228 1031 et
3255 977 3433 1030 Silva-

1864 1080 1991 1121 num
2024 1073 2080 1120 et
2099 1064 2470 1130 Timotheum,
2502 1080 2614 1120 non
2669 1065 2796 1131 fuit,
2823 1075 2922 1131 est,
2955 1074 3030 1131 et,
3063 1083 3187 1121 non.
3218 1086 3235 1118 ο

1934 1164 2074 1245 Quia
2130 1191 2421 1234 sermonem
2464 1180 2790 1245 nominavit,
2832 1179 3002 1235 infert
3036 1180 3197 1236 modo
3221 1181 3288 1236 de
3325 1199 3434 1252 quo

1864 1285 2115 1326 sermone
2157 1270 2327 1326 dicat.
2384 1269 2500 1326 Hoc
2549 1286 2714 1340 porro
2762 1271 3052 1341 signiﬁcat,
3082 1279 3183 1334 est,
3208 1279 3433 1339 et,non,

1864 1357 1984 1414 Non
2048 1360 2238 1425 everti,
2276 1358 2473 1430 inquit,
2528 1370 2649 1429 quae
2694 1360 2927 1416 antehac
2983 1362 3330 1431 praedicando
3354 1363 3439 1416 di-

1866 1468 2073 1509 xeram.
2136 1451 2323 1524 Neque
2368 1468 2517 1507 nunc
2546 1452 2767 1524 quidem
2820 1452 2989 1520 istud,
3042 1456 3203 1509 modo
3254 1465 3436 1512 autent

1867 1542 2017 1596 aliud
2058 1542 2212 1597 vobis
2238 1554 2358 1597 sum
2383 1542 2619 1597 locutus.
2646 1537 2760 1597 lioc
2786 1543 2932 1598 enim
2954 1541 3077 1597 ﬁdei
3110 1556 3216 1597 non
3245 1542 3435 1608 fuerit,

1869 1633 1965 1688 sed
1999 1633 2309 1688 oberrantis
2338 1632 2531 1687 animi.

1944 1765 1963 1799 ι
1993 1746 2124 1814 Sed,
2150 1754 2250 1813 est,
2287 1746 2341 1801 in
2374 1761 2439 1801 eo
2473 1745 2597 1800 fuit.
2642 1766 2660 1797 ι

256 1861 548 1915 Τουτέστιν
574 1861 711 1931 ὅπερ
738 1855 911 1925 εἷπον,
936 1857 1386 1930 ἀπαρασὰλευτος
1418 1856 1513 1911 καὶ
1536 1855 1757 1927 βέβαιος

1932 1862 2047 1920 iioc
2096 1871 2206 1929 est,
2239 1879 2422 1920 sermo
2465 1878 2628 1934 quem
2693 1864 3075 1934 pronuntiavi,
3138 1864 3437 1920 immobilis

180 1957 213 2009 6
242 1956 401 2023 λόγος
434 1954 606 2025 μένει.

262 2089 282 2122 ι
304 2070 473 2123 Ὅσαι
520 2068 628 2138 γὰρ
660 2065 983 2135 ἐπαγγελίαι
1018 2063 1186 2131 Θεοῦ,
1228 2065 1286 2117 ἐν
1332 2063 1479 2135 αύτῷ
1510 2063 1587 2133 τῷ
1627 2062 1761 2116 ναι*

179 2162 265 2215 διδ
291 2162 390 2214 καὶ
430 2160 498 2213 δι’
533 2158 701 2212 αὐτοῦ
735 2157 815 2225 τὸ,
867 2152 1037 2229 ἀμὴν,
1077 2156 1158 2227 τῷ
1188 2155 1307 2227 Θεῷ
1334 2157 1469 2228 πρὸς
1508 2154 1667 2219 δόξαν
1695 2155 1765 2207 δι’

188 2254 383 2324 ἡμῶν.
410 2272 427 2304 ι

256 2366 431 2421 Τοῦτό
463 2382 617 2437 φησι,
648 2362 739 2418 διὰ
767 2363 828 2417 τὸ
876 2360 1044 2416 πολλὰ
1076 2360 1138 2414 τὸ
1180 2362 1440 2433 κήρυγμα
1480 2359 1764 2428 ύπισχνεϊο

185 2459 336 2522 σθαι,
364 2458 459 2511 καὶ
481 2456 677 2519 αὐτοὺς
712 2455 779 2507 τὰ
804 2454 977 2508 πολλὰ
1001 2452 1172 2506 ταῦτα
1194 2451 1647 2521 ἐπαγγέλλεσθαι,
1673 2450 1770 2504 καὶ

185 2542 508 2620 κηρύττειν.
539 2548 648 2602 Καὶ
680 2547 789 2615 γὰρ
833 2545 964 2617 περὶ
993 2544 1349 2607 ἀναστάσεως
1390 2532 1779 2613 διελέχθησαν,

189 2644 288 2695 καὶ
314 2639 655 2709 ἀναλήψεως,
685 2639 780 2692 καὶ
828 2639 956 2707 περὶ
991 2622 1320 2707 ἀφθαρσίας,
1349 2635 1444 2687 καὶ
1490 2632 1619 2704 περὶ
1661 2632 1769 2686 τῶν

191 2732 453 2804 μεγάλων
491 2730 690 2794 ἄθλων,
744 2729 839 2781 καὶ
887 2728 1016 2799 περὶ
1043 2726 1155 2780 τῶν
1184 2725 1512 2796 ἀπορρήτων
1543 2723 1771 2777 ἐκείνων

189 2824 437 2893 ἀγαθῶν,
476 2821 693 2885 Ταύτας
738 2816 834 2875 οῦν
876 2821 974 2884 τὰς
1007 2818 1339 2888 ἐπαγγελίας
1384 2817 1564 2887 μένειν
1606 2815 1770 2887 φησιν

187 2916 507 2984 ἀκινήτους.
543 2914 618 2966 υύ
664 2912 772 2983 γὰρ
822 2910 1037 2978 ἐγένετο
1078 2912 1136 2963 ἐν
1196 2909 1381 2971 αὐτοῖς
1421 2905 1519 2961 ναὶ
1549 2907 1643 2960 καὶ
1673 2907 1766 2971 οὐ,

189 3007 503 3070 τουτέστιν,
550 3005 611 3058 ού
647 3003 780 3058 ποτὲ
830 3003 929 3073 μὲν
969 3002 1144 3072 ἀληθῆ
1189 3001 1257 3055 τι
1303 3000 1605 3072 εἰρημένα,
1640 2998 1770 3052 ποτέ

188 3097 251 3149 δὲ
289 3094 488 3165 ψευδῆ,
538 3094 791 3164 καθάπερ
839 3094 873 3162 ἡ
929 3090 1192 3162 ἐπιδημία
1240 3091 1275 3159 ὴ
1324 3090 1472 3160 ἐμὴ,
1517 3089 1632 3143 ἀλλ’
1680 3087 1769 3140 ἀεὶ

190 3188 398 3257 ἀληθῆ.

265 3259 411 3332 εἶδε
446 3278 484 3332 δι
518 3276 805 3347 ὑπέσχετο,
857 3272 1071 3346 βέϐαια,
1126 3270 1307 3344 πολλῷ
1351 3271 1552 3343 μᾶλλον
1591 3269 1776 3337 αὐτὸς,

191 3371 292 3424 καὶ
317 3372 348 3424 6
381 3372 513 3441 περὶ
541 3369 703 3424 αὑτοῦ
735 3369 912 3437 λόγος.

273 3481 294 3516 ι
322 3464 383 3515 ὐ
399 3463 456 3515 δὲ
477 3460 708 3533 βεϐαιῶν
724 3461 869 3532 ἡμᾶς
902 3459 1001 3513 σῦν
1022 3459 1151 3530 ὑμῖν
1166 3462 1245 3523 είς
1264 3456 1521 3527 Χριστὸν,
1546 3456 1641 3508 καὶ
1656 3453 1779 3525 χρί-

196 3570 299 3614 σας
326 3554 478 3623 ἡμᾶς
503 3552 656 3615 Θεὸς,
693 3551 788 3604 καὶ
836 3551 1281 3621 σφραγισάμενος
1327 3550 1497 3618 ἡμᾶς,
1532 3547 1625 3599 καὶ
1653 3545 1780 3609 δοὺς

194 3646 288 3698 τὸν
313 3643 617 3716 ἀρραϐῶνα
632 3643 723 3697 τοῦ
756 3643 1072 3714 Πνεύματος
1103 3644 1161 3695 ἐν
1186 3644 1306 3704 ταῖς
1327 3640 1577 3709 καρδίαις
1601 3637 1777 3707 ἡμῶν.

207 3734 357 3803 Ἐγὼ
400 3734 460 3787 δέ
517 3734 771 3805 μάρτυρα
821 3738 914 3786 τὸν
959 3732 1093 3785 Θεὸν
1143 3729 1512 3799 ἐπικαλοῦμαι
1561 3728 1653 3779 ἐπὶ
1681 3725 1780 3797 τὴν

198 3826 342 3897 ἐμὴν
374 3827 576 3896 sum
614 3843 637 3877 ι

273 3918 597 3983 Τουτέστιν,
626 3919 655 3970 6
682 3918 758 3989 μὴ
788 3916 894 3970 ἐῶν
915 3919 1065 3987 ἡμᾶς
1087 3912 1564 3984 παρασαλεύεσθαι
1595 3912 1659 3964 ἐκ
1681 3909 1783 3980 τῆς

199 4008 440 4072 πίστεως
468 4010 566 4079 τῆς
593 4011 670 4072 είς
695 4008 949 4076 Χριστὸν,
986 4009 1081 4061 καὶ
1118 4008 1276 4070 αὐτὸς
1308 4008 1336 4059 6
1382 4005 1577 4075 χρίσας
1615 4004 1782 4074 ἡμᾶς,

207 4100 309 4153 καὶ
339 4099 465 4163 δοὺς
494 4100 554 4152 τὸ
585 4099 811 4171 Πνεῦμα
837 4102 895 4153 ἐν
918 4102 1034 4163 ταῖς
1057 4099 1309 4169 καρδίαις
1337 4096 1517 4167 ἡμῶν,
1556 4093 1671 4157 πῶς
1715 4093 1785 4147 τὰ

204 4192 475 4264 μέλλοντα
502 4193 564 4246 ού
591 4194 809 4259 δίδωσι;
839 4193 912 4245 Τὸ
942 4193 997 4245 δὲ
1024 4192 1243 4259 χρίσας
1274 4188 1433 4259 ἡμᾶς
1457 4188 1553 4241 καὶ
1589 4201 1781 4255 agape-

202 4277 553 4349 τισάμενος,
589 4277 687 4349 τὴν
718 4277 813 4329 τοῦ
845 4276 1161 4347 Πνεύματος
1184 4275 1394 4344 δωρεὰν
1419 4272 1697 4342 σημαίνει.

284 4387 305 4423 ι
345 4370 473 4422 ὐτι
521 4369 840 4440 φειδόμενος
879 4369 1035 4438 ὑμῶν
1064 4368 1248 4421 οὐκέτι
1287 4363 1452 4438 ἦλθον
1474 4367 1555 4427 είς
1586 4363 1785 4435 Κόριν·

203 4462 331 4517 θον·
366 4461 470 4514 οὐκ
489 4462 569 4514 ὅτι
591 4461 920 4533 κυριεύομεν
950 4460 1104 4533 ὑμῶν
1136 4460 1235 4531 τῆς
1275 4458 1530 4519 πίστεως,
1559 4454 1674 4508 ἀλλ’
1703 4456 1786 4508 ὅτι

207 4558 469 4629 συνεργοί
514 4559 682 4628 ἐσμεν
723 4555 822 4626 τῆς
867 4556 1041 4627 χαρᾶς
1092 4553 1265 4625 ὑμῶν.
1321 4553 1405 4625 Τῇ
1457 4554 1566 4623 γὰρ
1606 4549 1789 4602 πίστει

206 4652 504 4723 ἑστήκατε.
548 4669 567 4703 ι

821 4760 1074 4815 ΚΕΦᾹΛ.
1108 4756 1183 4811 B’.

288 4898 308 4931 ι
340 4880 577 4948 Ἐκρινα
596 4877 653 4930 δὲ
679 4873 901 4947 ἐμαυτῷ
926 4872 1084 4927 τοῦτο
1120 4871 1181 4924 τὸ
1228 4871 1303 4942 μὴ
1344 4867 1506 4923 πάλιν
1534 4868 1605 4940 {iv
1644 4867 1793 4940 λύπῃ

210 4971 350 5044 πρὸς
365 4970 512 5040 ὑμᾶς
540 4968 734 5022 ἐλθεῖν.
760 4969 822 5021 Ei
842 4967 949 5037 γὰρ
981 4962 1091 5033 ἐγὼ
1130 4960 1287 5015 λυπῶ
1307 4961 1470 5032 ὑμᾶς.
1504 4978 1524 5012 ι

283 5155 510 5209 Βέλτιον
543 5154 652 5221 γὰρ
680 5150 907 5221 ἐνόμισα
932 5148 1177 5203 ἐνδοῦναι
1216 5147 1293 5210 είς
1322 5144 1395 5216 ετὸ
1434 5145 1793 5216 μετανοῆσαι,

217 5250 408 5320 φησιν,
440 5245 473 5316 ἦ
502 5243 692 5317 παρὼν
718 5238 1027 5308 ἐπεξελθεῖν
1076 5242 1171 5295 καὶ
1210 5236 1615 5311 παροξυνθῆναι
1672 5255 1797 5307 μειο

217 5343 413 5409 ζόνως.

294 5456 315 5487 σ
361 5434 475 5488 Καὶ
504 5433 591 5497 τίς
622 5433 651 5486 6
678 5428 987 5503 εὐφραίνων
1017 5443 1108 5498 με,
1134 5428 1181 5480 εί
1216 5427 1292 5496 μὴ
1320 5423 1347 5476 6
1377 5419 1713 5492 λυπούμενος
1740 5419 1800 5486 ἐξ

215 5528 384 5600 ἐμοῦς
413 5546 434 5578 ι

289 5624 355 5677 Ei
386 5623 487 5675 καὶ
519 5623 576 5674 ἐν
607 5620 775 5692 λύπῃ,
808 5617 997 5692 φησὶν,
1031 5614 1255 5686 ἔμελλον
1285 5611 1448 5678 εἶναι,
1495 5612 1804 5683 ἀναγκαζόο

224 5698 388 5786 μενδς
422 5714 555 5784 ὑμῖν
612 5712 875 5782 ἐπιτιμᾷν
928 5709 1025 5763 καὶ
1056 5709 1189 5779 ὁρᾷ-ν
1231 5706 1631 5777 λυπουμένους,
1689 5705 1803 5760 ἀλλ’

222 5808 373 5878 δμως
396 5806 496 5861 καὶ
520 5804 590 5859 δι’
616 5803 745 5858 αὐτὸ
762 5800 920 5856 τοῦτο
943 5799 1330 5871 εὐφραίνομαι.
1372 5799 1654 5869 Μεγίστης
1697 5799 1805 5869 γὰρ

513 5898 787 5957 Ριιτιιοι..
811 5894 925 5955 Gtt.
979 5882 1146 5954 XCV.

1865 1965 1921 2012 et
1945 1956 2137 2012 ﬁrmus
2159 1967 2363 2011 manet.

1936 2065 2104 2124 Vens.
2144 2067 2235 2123 20.
2291 2087 2309 2120 ι
2346 2066 2620 2136 Quotquot
2668 2068 2812 2121 cnint
2854 2075 2985 2121 sunt
3038 2068 3439 2138 promissioues

1866 2159 1984 2226 Dei,
2012 2170 2144 2215 sunt
2175 2161 2233 2214 in
2267 2160 2363 2213 illo
2381 2168 2482 2216 est.
2514 2160 2641 2214 Ideo
2656 2169 2708 2212 et
2743 2175 2839 2229 per
2862 2163 3063 2229 ipsum,
3095 2161 3292 2227 Amen,
3324 2158 3438 2215 Deo

1866 2250 1932 2304 ad
1953 2250 2181 2320 gloriam
2213 2264 2314 2319 per
2350 2261 2475 2309 nos,
2506 2266 2526 2301 ι

1940 2363 2033 2418 Sic
2091 2364 2354 2434 loquitur,
2396 2376 2462 2418 eo
2500 2362 2647 2434 quod
2685 2362 3082 2433 praedicatione
3119 2364 3289 2419 multa
3311 2379 3438 2435 pro-

1868 2460 2241 2522 mitterentur,
2302 2466 2354 2512 et
2390 2457 2623 2527 apostoli
2658 2459 2829 2511 multa
2882 2456 2996 2513 ba’c
3048 2457 3442 2528 pollicerentur

1869 2558 1924 2607 et
1954 2550 2371 2604 annuntiarent.
2425 2547 2560 2602 Nam
2621 2558 2673 2603 ct
2696 2549 2761 2603 de
2810 2550 3218 2604 resurrectione
3257 2550 3442 2606 disse-

1869 2653 2113 2707 ruerant,
2140 2654 2355 2696 necnon
2399 2638 2468 2695 de
2502 2640 2901 2710 assumptione,
2927 2647 2982 2695 et
3010 2640 3443 2703 immortalitate,

1870 2734 1938 2790 de
1983 2734 2299 2804 ingentibus
2350 2734 2611 2809 praamiis,
2647 2733 2788 2787 etde
2843 2734 3061 2788 arcanis
3116 2733 3226 2788 illis
3256 2732 3438 2788 bouis.

1871 2824 1984 2881 Has
2048 2840 2216 2895 porro
2268 2824 2694 2893 pollicitationes
2745 2837 2966 2877 manere
2997 2822 3252 2877 immotas
3281 2822 3437 2877 dicit.

1869 2915 1991 2969 Non
2028 2915 2175 2969 enim
2204 2912 2306 2967 fuit
2347 2915 2400 2967 in
2433 2913 2536 2978 eis,
2568 2923 2667 2979 est,
2697 2921 2772 2975 et,
2804 2927 2945 2975 non;
2993 2920 3051 2964 ιιι
3084 2911 3306 2982 quando
3340 2927 3444 2980 que

1872 3020 1999 3059 vera
2034 3003 2238 3058 fuerint
2268 3019 2386 3073 qua:
2427 3001 2778 3069 dicebantur,
2825 3009 2879 3056 et
2915 3004 3246 3073 quandoque
3284 3004 3445 3071 falsa,

1873 3093 2339 3168 quemadmodum
2379 3092 2647 3147 adventus
2687 3105 2875 3159 meus;
2923 3094 3019 3148 sed
3061 3109 3187 3148 vera
3231 3109 3450 3165 semper

1795 3184 1841 3243 ο
1881 3189 2162 3244 exstitere.

1952 3278 2107 3347 127
2148 3275 2303 3343 Quod
2341 3276 2387 3331 si
2421 3274 2579 3330 ﬁrma
2611 3281 2778 3338 sunt,
2809 3289 2930 3344 qua:
2956 3276 3251 3344 promisit,
3280 3276 3454 3331 multo

1878 3367 2053 3434 magis
2091 3368 2245 3436 ipse,
2278 3373 2333 3420 et
2361 3365 2456 3436 qui
2491 3365 2558 3420 de
2592 3366 2712 3435 ipso
2750 3380 2935 3419 sermo
2964 3366 3045 3419 ﬁt.

1950 3456 2117 3514 Vens.
2155 3457 2345 3511 2i-‘23.
2377 3476 2395 3509 ι
2424 3458 2531 3523 Qui
2570 3464 2755 3511 autem
2795 3456 3090 3511 conﬁrmat
3122 3473 3224 3512 nos
3266 3459 3454 3514 vobis-

1879 3566 2004 3606 cum
2058 3552 2111 3605 in
2162 3552 2423 3613 Christo,
2458 3558 2513 3606 et
2550 3552 2648 3620 qui
2687 3551 2848 3604 unxit
2896 3566 2998 3606 nos
3042 3549 3219 3616 Deus,
3272 3560 3325 3606 et
3359 3554 3456 3623 qui

1882 3644 2116 3715 signavit
2154 3659 2289 3707 nos,
2337 3653 2396 3697 et
2437 3642 2591 3696 dedit
2642 3642 2803 3697 nobis
2853 3644 3054 3711 pignus
3109 3641 3350 3711 Spiritus
3399 3644 3451 3697 in

1881 3736 2147 3790 cordibus
2180 3735 2411 3790 nostris.
2448 3733 2561 3805 Ego
2594 3742 2778 3788 autem
2812 3741 3006 3787 testem
3050 3732 3220 3788 Deum
3260 3734 3455 3789 invoco

1884 3828 1939 3882 in
1968 3827 2209 3883 animam
2242 3843 2439 3882 meam.
2476 3845 2495 3878 ι

1956 3921 2071 3978 lloc
2100 3932 2219 3988 est,
2259 3922 2357 3991 qui
2391 3934 2499 3975 non
2534 3921 2670 3977 sinit
2702 3932 2805 3975 nos
2840 3918 3047 3973 moveri
3088 3932 3116 3970 a
3156 3917 3259 3973 ﬁde
3292 3935 3456 3988 quam

1885 4016 2154 4070 habemus
2189 4014 2245 4067 in
2273 4012 2556 4067 Christum
2579 4056 2594 4077 ,
2624 4012 2831 4081 quique
2860 4024 2961 4063 nos
2996 4009 3153 4062 un'xit
3175 4048 3190 4073 ,
3226 4016 3280 4063 et
3314 4010 3462 4063 dedit

1888 4104 2154 4176 Spiritum
2192 4105 2247 4158 in
2278 4105 2540 4159 cordibus
2571 4105 2817 4166 nostris,
2853 4100 3130 4169 quomodo
3158 4116 3268 4153 non
3305 4100 3464 4153 daret

1884 4195 2073 4250 futura
2098 4194 2122 4247 ?
2153 4192 2392 4249 Dicendo
2420 4202 2625 4255 autem,
2645 4191 2734 4260 qui
2765 4189 2952 4254 unxit,
2986 4194 3062 4255 et,
3087 4189 3177 4258 qui
3199 4188 3423 4259 signavit
3444 4230 3460 4255 ,

1885 4286 2092 4341 donum
2128 4282 2371 4353 Spiritus
2403 4282 2763 4353 signiﬁcavit.

1964 4397 1982 4429 ι
2022 4375 2174 4444 Quod
2216 4392 2446 4447 parcens
2482 4377 2674 4439 vobis,
2727 4390 2837 4429 non
2890 4375 3019 4429 veni
3068 4374 3213 4428 ultra
3268 4372 3465 4427 Corin-

1890 4472 2044 4524 thum
2076 4489 2089 4523 :
2119 4485 2227 4524 non
2252 4470 2379 4537 quia
2409 4467 2765 4521 dominamur
2798 4466 2921 4521 ﬁdei
2952 4477 3150 4522 vestra:
3169 4508 3183 4530 ,
3217 4467 3311 4521 sed
3337 4466 3464 4535 quia

1898 4561 2181 4628 adjutores
2217 4574 2411 4613 sumus
2445 4557 2631 4628 gaudii
2662 4557 2865 4613 vestri.
2900 4555 3034 4611 Nam
3076 4557 3180 4611 ﬁde
3215 4559 3399 4612 statis.
3445 4575 3464 4609 ι

2557 4760 2712 4816 CAP.
2752 4761 2817 4816 ii.

1970 4877 2136 4933 Vens.
2179 4878 2231 4941 l,
2258 4876 2315 4929 2.
2347 4893 2365 4927 ι
2391 4873 2575 4928 Statui
2609 4882 2793 4928 autem
2828 4876 2931 4931 hoc
2957 4877 3134 4945 ipsum
3173 4878 3316 4947 apud
3349 4892 3468 4939 me,

1903 4987 1972 5025 ne
2006 4971 2205 5025 iterum
2244 4968 2299 5021 in
2336 4966 2567 5020 tristitia
2621 4965 2868 5018 venirem
2916 4965 2985 5020 ad
3032 4983 3155 5023 vos.
3215 4968 3270 5021 Si
3326 4968 3473 5020 enim

1902 5077 2003 5130 ego
2043 5061 2313 5115 contristo
2354 5074 2472 5113 vos.
2510 5075 2528 5107 ι

1978 5153 2164 5206 Satius
2206 5152 2402 5205 abesse
2432 5148 2598 5213 duxi,
2630 5147 2852 5217 inquit,
2879 5156 2940 5202 ut
2979 5146 3165 5201 darem
3203 5144 3479 5215 pmnitetto

1907 5246 1997 5298 tite
2023 5245 2239 5304 locum,
2273 5255 2437 5310 quant
2476 5247 2532 5292 ut
2565 5254 2810 5308 praesens
2842 5251 3036 5309 pinnas
3062 5235 3398 5304 inﬁigcrem,
3428 5242 3481 5288 et

1909 5336 2082 5406 magis
2118 5346 2499 5404 exasperarer.

1986 5446 2004 5478 ι
2035 5427 2098 5478 Et
2127 5430 2253 5495 quis
2289 5431 2375 5477 est
2407 5423 2502 5493 qui
2535 5437 2624 5477 me
2659 5418 2901 5475 iaatiﬁcct
2924 5459 2939 5484 ,
2976 5417 3086 5473 nisi
3123 5416 3243 5488 qui
3265 5414 3483 5471 contri-

1911 5528 2089 5575 statur
2123 5532 2185 5570 ολ
2222 5515 2350 5569 me?
2380 5533 2398 5566 ι

1982 5611 2099 5665 Etsi
2135 5610 2191 5663 in
2223 5622 2458 5661 mmrore
2488 5614 2816 5661 versaturus
2852 5616 3004 5657 eram
3028 5638 3044 5665 ,
3087 5599 3303 5671 inquit,
3337 5594 3485 5667 quod

1913 5709 2140 5757 coactus
2170 5714 2349 5754 essent
2376 5712 2473 5751 vos
2505 5695 2800 5765 objurgare
2836 5705 2892 5771 et
2933 5693 3119 5749 videre
3147 5698 3443 5747 mcerentes
3473 5730 3485 5753 ,

1916 5802 2159 5851 attamen
2190 5790 2293 5845 hoc
2324 5789 2504 5860 ipsum
2536 5800 2625 5841 me
2654 5783 2913 5839 laetiﬁcat.
2938 5784 3070 5839 Nam
3120 5782 3373 5837 maximae
3405 5776 3488 5832 di-

3118 5874 3193 5934 23
