4048 6414
138 454 234 519 ’ῙῙῚ
1251 457 1332 516 IN
1362 456 1601 517 EPIST.
1645 459 1742 516 AD
1779 457 2136 518 CORINTH.
2176 461 2258 518 II.

3273 464 3376 530 718

208 571 334 623 Ὀτι
355 567 448 622 καὶ
475 566 823 636 προσχήματι
848 562 1131 628 εὐλαϐείας
1168 566 1488 633 ἀπόλλυσιν,
1513 571 1574 620 οὐ
1622 581 1717 638 μο-

1887 566 2021 621 Nam
2049 568 2154 622 sub
2181 568 2463 640 religionis
2491 570 2671 641 specie
2698 571 2867 627 infert
2889 573 3120 629 exitium
3142 614 3158 640 ,
3184 583 3246 630 ut
3271 593 3380 632 non

140 680 220 713 νον
252 659 331 729 τῷ
352 661 431 721 είς
460 658 714 727 πορνείαν
739 657 988 725 ἀγαγεῖν,
1019 657 1154 711 ἀλλὰ
1184 659 1278 711 καὶ
1325 655 1436 712 ἀπὸ
1488 661 1712 712 τούναν-

139 752 244 804 τίον
273 750 496 804 δύναται
530 749 861 821 διαφθεῖραι,
899 751 963 802 ὲκ
987 749 1088 819 τῆς
1110 750 1351 822 ἀμέτρου
1380 750 1559 822 λύπης
1614 752 1713 821 τῆς

135 845 225 895 ἐπὶ
267 845 336 912 τῇ
373 842 655 913 μετανοίᾳ.

211 953 230 983 α
282 932 486 986 Ἐλθὼν
531 933 587 986 δὲ
625 934 704 995 είς
735 931 834 1004 τὴν
875 932 1106 1004 Τρωάδα
1133 932 1223 986 διὰ
1280 933 1342 986 τὸ
1383 934 1714 1003 Εὐαγγέλιον

136 1023 226 1076 τοῦ
266 1022 528 1094 Χριστοῦ,
561 1022 655 1075 καὶ
693 1021 863 1091 θύρας
893 1037 982 1092 μοι
1012 1021 1366 1092 ἀνεῳγμένης
1415 1024 1472 1075 ὲν
1499 1023 1711 1092 Κυρίῳ,

135 1115 233 1166 οὐκ
268 1113 479 1184 ἔσχηκα
509 1115 689 1167 ἄνεσιν
719 1113 794 1184 τῷ
817 1113 1090 1185 πνεύματί
1121 1127 1247 1183 μου,
1298 1113 1378 1182 τῷ
1423 1113 1496 1184 μὴ
1534 1115 1716 1184 εὑρεῖν

138 1219 202 1271 με
235 1202 399 1254 Τίτον
429 1202 519 1254 τὸν
542 1201 766 1271 ἀδελφόν
807 1219 929 1272 μου,
971 1201 1108 1255 ἀλλὰ
1158 1201 1570 1272 ἀποταξάμενος
1619 1202 1717 1256 αὐ-

134 1297 266 1358 τοῖς,
311 1293 536 1363 ἐξῆλθον
567 1295 648 1356 εἰς
677 1294 1041 1348 Μακεδονίαν.
1074 1311 1094 1345 ι

206 1467 395 1520 Εἰπὼν
431 1470 487 1519 ὲν
520 1468 713 1539 ἀρχαῖς
749 1468 829 1521 ὅτι
887 1469 945 1520 ἐν
1000 1469 1064 1538 τῇ
1113 1466 1269 1538 Ἀσίᾳ
1295 1465 1541 1537 ὲϐαρήθη
1574 1465 1718 1538 ὑπὲρ

133 1559 392 1628 δύναμιν,
422 1562 514 1613 καὶ
547 1561 728 1624 δείξας
758 1560 876 1623 πῶς
907 1559 1231 1630 ἀπηλλάγη,
1264 1559 1362 1612 καὶ
1389 1558 1456 1611 τά
1486 1561 1545 1611 ὲν
1569 1559 1719 1628 μέσῳ

135 1649 426 1720 παρελθὼν
449 1651 782 1718 ἀναγκαίως,
811 1652 1051 1705 διδάσκει
1084 1651 1270 1714 πάλιν,
1310 1652 1392 1704 ὅτι
1449 1651 1544 1704 καὶ
1596 1651 1718 1703 ἑτέ-

139 1758 248 1810 ρως
280 1741 491 1808 ὲθλίϐη.
525 1742 644 1805 Πῶς
673 1742 765 1795 οῦν
793 1741 885 1794 καὶ
917 1742 1024 1795 τίνι
1049 1742 1270 1813 τρόπῳς
1301 1743 1380 1814 τῷ
1411 1743 1486 1814 μὴ
1536 1743 1718 1813 εὑρεῖν

135 1831 317 1883 Τίτον.
362 1825 537 1894 Οὗτος
554 1828 610 1883 δὲ
642 1834 698 1883 ὲν
731 1831 978 1903 Κορίνθῳ
1012 1832 1300 1903 διέτριϐεν.

213 2028 232 2060 ι
256 2008 352 2078 Τῷ
379 2009 436 2063 δὲ
468 2008 585 2079 Θεῷ
617 2008 776 2080 χάρις
801 2007 877 2078 τῷ
905 2008 1137 2061 πάντοτε
1159 2010 1185 2059 0
1197 2006 1546 2078 ριαμϐεύοντι
1571 2007 1718 2076 ἡμᾶς

137 2103 191 2153 ἰν
223 2101 300 2170 τῷ
330 2101 572 2170 Χριστῷ.
625 2120 642 2151 ι

210 2195 329 2246 ἰνα
360 2194 434 2263 μὴ
460 2195 586 2265 δόξῃ
606 2195 679 2256 ὡς
714 2193 929 2263 θρηνῶν
957 2190 1132 2247 ταῦτα
1161 2189 1527 2261 ἀποδύρεσθαι
1547 2228 1562 2252 ,
1620 2188 1720 2257 χάε-

138 2305 226 2356 ριν
275 2286 592 2356 ἀναπέμπει
649 2286 724 2357 τῷ
761 2285 911 2356 Θεῷ·
945 2286 974 2338 ὃ
1001 2286 1058 2339 δὲ
1099 2284 1246 2352 λέγει
1295 2282 1535 2336 τοιοῦτόν
1581 2281 1716 2333 ἐστι.

136 2379 427 2449 Πανταχοῦ
458 2378 655 2448 θλίψις,
705 2377 980 2448 πανταχοῦ
1020 2375 1370 2448 στενοχωρία.
1408 2371 1610 2427 ἾΙλθον
1641 2375 1720 2436 είς

134 2471 236 2540 τὴν
282 2471 493 2533 Ἂσίαν,
554 2469 830 2540 ὲϐαρήθην
885 2470 1027 2541 ὑπὲρ
1092 2468 1342 2537 δύναμιν.
1381 2461 1582 2517 Ἦλθον
1642 2465 1722 2526 είς

132 2561 394 2631 Τρωάδα,
429 2561 527 2630 οὐχ
557 2556 714 2630 εὗρον
761 2561 852 2614 τὸν
899 2561 1127 2630 ἀδελφόν
1154 2577 1167 2590 ο
1232 2558 1333 2611 οὐκ
1382 2553 1546 2628 ἦλθον
1585 2554 1722 2626 πρὸς

134 2655 309 2720 ἡμᾶς,
344 2653 404 2704 οὐ
443 2653 648 2722 μικράν
678 2669 769 2722 μοι
798 2653 892 2704 καὶ
940 2651 1098 2705 τοῦτο
1130 2649 1369 2720 ἀθυμίαν
1428 2648 1718 2717 ἐποίησενσ

134 2743 254 2795 ἀλλ’
289 2745 348 2795 ἐν
402 2742 614 2805 τούτοις
661 2743 817 2804 πᾶσι,
853 2743 1040 2813 φησὶν.
1097 2742 1200 2795 οὐκ
1253 2740 1550 2809 ἀλγοῦμεν,
1585 2738 1721 2793 ἀλλὰ

133 2837 235 2887 καὶ
269 2835 557 2904 χαίρομεν,
582 2835 643 2886 οὐ
670 2834 830 2904 μόνον
859 2833 949 2887 διὰ
982 2832 1049 2887 τὰ
1093 2833 1378 2904 μέλλοντα,
1440 2830 1576 2884 ἀλλά
1627 2831 1721 2883 καὶ

132 2927 226 2980 διὰ
253 2929 321 2978 τά
356 2926 616 2996 παρόντα,
657 2927 738 2979 ὅτι
772 2927 828 2978 ὲν
881 2927 1065 2989 αὐτοῖς
1124 2924 1365 2995 λαμπροί
1415 2926 1580 2992 ἐσμεν
1625 2923 1722 2976 καὶ

133 3021 500 3089 προσφανεῖς.
537 3017 627 3071 Διὶ»
655 3018 812 3071 τοῦτο
833 3019 928 3070 καὶ
957 3017 1245 3086 θρίαμϐον
1271 3017 1332 3068 τὸ
1364 3018 1596 3086 πρᾶγμα
1624 3032 1720 3067 κα-

131 3113 243 3166 λεῖ.
284 3113 342 3164 '0
366 3113 474 3182 γὰρ
497 3111 766 3182 θρίαμϐος
786 3109 945 3162 τοῦτό
1002 3111 1140 3172 ἔστι,
1189 3108 1250 3161 τὸ
1287 3110 1420 3161 πᾶσι
1465 3107 1720 3175 γενέσθαι

1823 656 2003 711 solum
2033 657 2100 711 ad
2132 668 2384 728 stuprum
2412 660 2620 716 illicere
2639 699 2655 724 ,
2687 677 2880 718 verum
2909 671 2963 719 et
2991 667 3267 720 contraria
3297 683 3383 720 ra-

1815 749 1965 805 tione
1997 751 2328 807 labefactare
2371 754 2576 823 possit,
2604 747 2910 812 immodicae
2947 757 3384 828 nimirumpmni-

1814 840 1999 894 tentia:
2028 841 2081 895 vi
2114 849 2169 896 et
2194 842 2404 897 dolore.

1897 930 2062 986 Vsus.
2106 933 2208 1000 12,
2250 937 2336 990 i5.
2370 956 2388 987 ‹
2418 937 2552 990 Cum
2589 936 2860 993 venissem
2897 946 3080 994 autem
3113 935 3384 993 Troadem

1816 1028 2041 1089 propter
2073 1019 2430 1092 Evangelium
2462 1023 2700 1091 Christi,
2733 1034 2788 1081 et
2825 1027 3026 1081 ostium
3058 1027 3190 1082 mihi
3224 1041 3385 1098 aper-

1816 1116 1931 1164 tum
1962 1120 2112 1166 esset
2144 1113 2200 1166 in
2233 1111 2502 1182 Domino,
2536 1131 2649 1170 non
2680 1115 2849 1171 habui
2882 1118 3128 1186 requiem
3161 1116 3385 1186 spiritui

1816 1213 1980 1263 meo,
2040 1214 2107 1256 eo
2166 1203 2313 1270 quod
2367 1219 2476 1260 non
2537 1206 2842 1262 invenerim
2905 1202 3089 1260 Titum
3153 1206 3385 1262 fratrem

1819 1306 2002 1346 meum
2043 1308 2056 1346 :
2108 1292 2209 1349 sed
2259 1295 2592 1354 valefaciens
2648 1299 2766 1366 eis,
2827 1298 3106 1369 profectus
3151 1313 3277 1354 sum
3329 1298 3385 1352 in

1818 1382 2220 1441 Macedoniam.
2253 1404 2273 1438 ι

1888 1475 2054 1532 initio
2077 1476 2294 1531 dixerat
2322 1486 2610 1550 gravatum
2639 1494 2701 1535 se
2725 1494 2894 1548 supra
2919 1479 3142 1536 modum
3175 1480 3384 1536 fuisse:

1818 1571 1874 1618 et
1934 1573 2226 1635 postquam
2268 1567 2603 1633 declaravit,
2636 1584 2746 1640 quo
2788 1580 2945 1638 pacto
2990 1570 3256 1626 liberatus
3298 1586 3388 1626 es-

1820 1664 1932 1718 set,
1964 1655 2187 1711 omissis
2217 1671 2341 1726 quae
2373 1657 2741 1712 intercessere
2765 1695 2781 1720 ,
2821 1665 3008 1711 narrat
3045 1660 3248 1713 iterum
3282 1659 3390 1712 alio

1820 1746 1982 1800 modo
2030 1762 2090 1800 se
2139 1746 2315 1803 fuisse
2348 1748 2684 1803 divexatum.
2728 1747 2960 1813 Quinam
2998 1764 3162 1814 vero,
3213 1766 3390 1820 quave

1823 1837 2081 1892 ratione?
2109 1837 2227 1892 Non
2260 1846 2482 1910 reperto
2512 1837 2660 1895 Tito.
2704 1837 2757 1895 ls
2800 1854 2931 1894 vero
2975 1840 3226 1895 Corinthi
3269 1855 3389 1894 ma-

1747 1905 1794 1964 B
1823 1929 2066 1982 rabatur.

1890 2019 2057 2076 Vsus.
2101 2022 2186 2076 14.
2239 2040 2259 2075 ι
2310 2023 2421 2079 Deo
2477 2030 2658 2078 autem
2718 2022 2961 2092 gratias,
3023 2021 3116 2092 qui
3173 2036 3388 2092 semper

1820 2112 2124 2182 triumphat
2161 2129 2260 2169 nos
2292 2115 2345 2169 in
2377 2114 2622 2172 Christo.
2657 2134 2676 2166 ι

1889 2200 1968 2257 Ne
2007 2202 2390 2258 videnturhaec
2419 2205 2796 2275 gemebundus
2831 2207 3038 2276 lugere,
3082 2211 3266 2275 grates
3300 2217 3390 2257 re-

1820 2292 2012 2361 pendit
2043 2293 2173 2349 Deo.
2209 2294 2366 2360 Quod
2399 2304 2580 2350 autem
2622 2295 2792 2359 dicit,
2839 2297 2988 2350 hunc
3028 2311 3252 2351 sensum
3299 2294 3395 2347 ha-

1822 2379 1952 2435 bet:
1992 2381 2205 2452 Ubique
2235 2383 2495 2448 alilictio,
2529 2385 2734 2454 ubique
2769 2385 3046 2455 angustia.
3101 2385 3158 2438 in
3205 2382 3390 2437 Asiam

1822 2473 2071 2542 perrexi,
2101 2484 2472 2545 gravatusque
2501 2491 2623 2531 sum
2654 2491 2824 2546 supra
2852 2476 3098 2531 modum.
3123 2473 3393 2529 Troadem

1822 2563 1983 2627 veni,
2017 2579 2118 2619 nec
2151 2565 2378 2618 fratrem
2415 2565 2618 2634 reperi.
2656 2565 2765 2621 Vos
2799 2581 2910 2621 non
2939 2565 3200 2629 conveni,
3233 2563 3398 2632 idque

1822 2667 1932 2707 non
1975 2653 2230 2724 exiguam
2276 2655 2409 2708 mihi
2454 2655 2792 2711 anxietatem
2839 2656 3071 2726 peperit.
3103 2653 3398 2709 Verumta-

1821 2759 1944 2800 men
1984 2745 2037 2799 in
2071 2746 2194 2802 istis
2225 2746 2515 2814 omnibus,
2555 2749 2772 2818 inquit,
2808 2762 3160 2818 nequaquam
3197 2753 3398 2800 maesto

1822 2839 2009 2892 animo
2043 2853 2271 2905 sumus,
2326 2838 2421 2893 sed
2459 2839 2734 2904 laetamur,
2783 2853 2894 2894 non
2939 2845 3151 2892 tantum
3188 2851 3284 2905 spe
3314 2835 3398 2888 fu-

1823 2937 2108 2994 turorum,
2145 2929 2242 2983 sed
2273 2935 2328 2984 et
2362 2937 2585 2999 propter
2623 2930 2718 2983 illa
2751 2944 2876 3000 quae
2910 2943 3059 2984 nunc
3090 2925 3394 2987 accidunt:

1821 3020 2024 3089 quippe
2055 3034 2179 3074 cum
2213 3035 2310 3089 per
2351 3036 2416 3076 ea
2461 3021 2734 3076 clariores
2782 3021 3226 3091 illustrioresque
3265 3037 3397 3078 eva-

1821 3111 2041 3169 damus.
2076 3111 2351 3177 Quocirca
2388 3113 2711 3182 triumphum
2763 3112 2898 3167 illud
2944 3112 3013 3168 de
3060 3127 3171 3182 quo
3221 3114 3401 3182 agitur

136 3207 438 3276 περιφανῆ.
463 3206 574 3258 Καὶ
593 3205 691 3274 οὐχ
716 3203 902 3266 ἁπλῶς
922 3202 1348 3270 θριαμϐεύοντι,
1390 3197 1563 3265 εἶπεν,
1585 3198 1720 3253 ἀλλά

1823 3205 2077 3275 appellat.
2113 3203 2250 3258 Nam
2285 3205 2392 3260 hoc
2423 3207 2584 3276 plane
2615 3205 2936 3276 triumphus
2977 3213 3096 3269 est.
3144 3205 3237 3259 ubi
3275 3205 3401 3275 quis

135 3298 238 3349 καὶ
267 3297 338 3349 ἐν
360 3294 616 3364 Χριστῷ,
646 3293 893 3349 τουτέστι
918 3292 1008 3346 διά
1023 3291 1116 3346 τὸν
1147 3292 1383 3364 Χριστὸν
1410 3292 1506 3344 καὶ
1533 3290 1595 3343 τὸ
1617 3293 1718 3361 κή-

136 3404 352 3458 surtu-

220 3677 247 3712 σ
279 3660 392 3713 Καὶ
415 3659 515 3730 τὴν
535 3657 711 3729 ὀσμὴν
741 3656 840 3727 τῆς
877 3653 1134 3724 γνώσεως
1184 3649 1350 3706 αὑτοῦ
1404 3650 1723 3723 φανεροῦντι

129 3753 201 3803 δι’
238 3750 400 3821 ἡμῶν
426 3752 486 3802 ὲν
521 3749 682 3802 παντὶ
709 3748 880 3817 τόπῳ,
910 3747 993 3799 ὅτι
1022 3743 1258 3817 Χριστοῦ
1302 3743 1500 3796 εὐωδία
1558 3742 1723 3812 ἐσμὲν

130 3843 213 3912 τῷ
247 3841 370 3912 Θεῷ
402 3841 460 3894 ὲν
488 3842 600 3904 τοῖς
628 3838 976 3910 σωζομένοις,
1009 3837 1101 3891 καὶ
1154 3838 1212 3889 ὲν
1263 3837 1374 3898 τοῖς
1421 3833 1725 3903 ἀπολλυμέ-

127 3953 252 3997 νοις
279 3946 294 3962 ⁸
348 3929 431 3998 οἷς
485 3933 583 4004 μὲν
649 3932 794 4002 ὀσμὴ
845 3929 1080 3984 θανάτου
1131 3930 1212 3992 είς
1252 3926 1501 3993 θάνατον,
1555 3920 1636 3988 οἷς
1669 3925 1724 3979 δὲ

129 4025 290 4094 ὀσμὴ
328 4025 475 4092 ζωῆς
501 4025 579 4085 εἰς
604 4022 770 4091 ζωήν.
811 4039 829 4072 ι

207 4113 499 4166 Δείκνυσιν
524 4111 606 4163 δτι
624 4111 718 4164 καὶ
739 4109 905 4170 τόπος
938 4107 1032 4160 καὶ
1064 4107 1252 4178 καιρὸς
1277 4108 1384 4170 πᾶς
1413 4105 1521 4159 τῶν
1543 4104 1719 4158 ἄθλων

128 4203 528 4274 ἐμπέπλησται
553 4199 660 4253 τῶν
687 4197 1064 4252 ἀποστολικῶν
1084 4216 1099 4229 ·
1150 4199 1246 4252 καὶ
1276 4198 1442 4270 ἑτέρᾳ
1471 4197 1527 4250 δὲ
1555 4194 1719 4249 πάλιν

128 4301 418 4368 κέχρηται
473 4295 755 4364 μεταφορᾷ
805 4295 871 4363 τῇ
919 4293 1019 4361 τῆς
1074 4291 1322 4354 εὐωδίας.
1357 4286 1490 4343 Εἶτα
1532 4286 1722 4356 ἐπειδὴ

128 4385 292 4449 εἷπε,
315 4386 424 4442 Kal
449 4386 520 4439 ἐν
543 4384 666 4450 τοῖς
694 4381 1138 4452 ἀπολλυμένοις
1151 4381 1367 4435 εὐωδία
1393 4379 1603 4448 ἐσμὲν,
1636 4379 1722 4434 ἴνα

130 4483 214 4551 μή
259 4496 347 4542 τις
369 4478 565 4547 νομίσῃ
590 4477 672 4528 δτι
705 4477 944 4528 κάκεῖνοι
974 4472 1371 4544 εὐπαράδεκτοί
1416 4472 1543 4532 εἰσι,
1574 4486 1719 4540 παρ-

1825 3296 2062 3350 illustris
2092 3295 2237 3366 apud
2267 3311 2462 3352 omnes
2495 3297 2554 3350 iit
2596 3304 2652 3351 et
2699 3298 3061 3366 conspicuus.
3108 3296 3249 3362 Quin
3300 3310 3404 3351 nec

1825 3387 2159 3457 simpliciter
2192 3389 2371 3455 dixit,
2404 3391 2493 3459 qui
2537 3389 2865 3459 triumphat,
2912 3389 3006 3444 sed
3055 3387 3293 3459 adjecit,
3347 3390 3403 3442 in

1824 3477 2037 3534 Christo
2061 3520 2078 3545 ,
2110 3481 2164 3536 id
2197 3487 2280 3534 est
2309 3490 2535 3551 propter
2563 3481 2842 3538 Christum
2875 3490 2928 3537 et
2952 3481 3234 3552 Evangelii
3261 3495 3399 3552 prreo

1824 3568 2180 3626 dicationem.

1900 3679 1918 3711 ι
1959 3661 2024 3715 Et
2077 3662 2298 3717 odorem
2353 3663 2561 3717 notitiae
2612 3678 2728 3718 suae
2785 3660 3103 3716 manifestat
3152 3675 3251 3732 per
3301 3674 3402 3714 nos

1829 3748 1988 3821 129
2022 3751 2073 3805 in
2107 3755 2256 3807 omni
2294 3753 2413 3808 loco
2450 3772 2462 3807 :
2498 3753 2703 3825 [Vsus
2743 3753 2809 3808 i5
2832 3790 2848 3816 ,
2888 3751 2987 3824 i6]
3021 3751 3152 3821 quia
3195 3751 3400 3805 Christi

1823 3842 2002 3896 bonus
2041 3843 2177 3898 odor
2204 3860 2398 3899 sumus
2446 3844 2556 3897 Deo
2601 3845 2654 3898 in
2705 3843 2776 3897 iis
2817 3843 2911 3914 qui
2955 3843 3094 3898 salvi
3138 3844 3311 3908 fiunt,
3349 3851 3402 3898 et

1824 3933 1878 3987 in
1916 3933 1984 3987 iis
2016 3934 2109 4003 qui
2147 3944 2376 4004 pereant
2411 3951 2425 3988 :
2461 3936 2585 3989 aliis
2638 3933 2860 4004 quidem
2914 3932 3056 3988 odor
3103 3934 3300 3988 mortis
3347 3935 3400 3988 in

1826 4031 2057 4078 mortem
2087 4041 2101 4089 ;
2140 4026 2264 4080 aliis
2295 4035 2476 4080 autem
2505 4026 2643 4080 odor
2670 4025 2796 4079 vita!
2826 4025 2879 4079 in
2908 4026 3100 4080 vitam.
3135 4043 3154 4077 ι

1897 4114 2145 4171 Declarat
2171 4117 2347 4171 locum
2401 4132 2617 4172 omnem
2651 4125 2705 4172 et
2753 4127 2968 4187 tempus
2995 4132 3159 4172 omne
3189 4126 3402 4187 aposto.

1826 4200 1949 4261 licis
2005 4208 2403 4262 certaminibus
2453 4209 2673 4280 plenum
2718 4223 2844 4263 esse
2888 4225 2902 4262 :
2951 4215 3118 4278 atque
3171 4209 3398 4263 alteram

1825 4317 2047 4357 rursum
2078 4301 2455 4371 metaphoram
2493 4300 2740 4363 adhibet,
2776 4300 2846 4354 ab
2885 4300 3072 4356 odoris
3100 4299 3400 4369 fragrantia

1826 4398 2142 4460 sumptam.
2163 4391 2368 4446 Deinde
2393 4406 2546 4452 vero,
2576 4391 2706 4460 quia
2738 4389 2881 4445 dixit
2913 4408 2926 4444 :
2962 4388 3027 4445 In
3056 4390 3123 4445 iis
3153 4390 3243 4461 qui
3285 4405 3403 4459 per-

1825 4491 1967 4547 eunt,
1995 4481 2159 4536 bonus
2206 4483 2336 4534 odor
2352 4497 2570 4544 sanius;
2596 4496 2666 4536 ne
2689 4481 2818 4550 quis
2845 4481 3169 4544 arbitretur,
3190 4489 3246 4536 et
3275 4479 3400 4536 illos

125 4576 354 4642 ἢγαγεν
377 4586 392 4598 ’
425 4565 522 4634 Οἷς
546 4568 664 4636 μὲν
704 4565 862 4635 ὀσμή
907 4565 976 4620 ἐκ
1008 4563 1268 4619 θανάτου
1307 4563 1395 4628 εις
1439 4561 1720 4625 θάνατον,

1828 4579 2088 4641 acceptos
2139 4587 2300 4632 esse,
2351 4571 2638 4639 subiunxit
2671 4589 2686 4627 :
2715 4570 2852 4626 Αίίἱε
2911 4570 3123 4640 quidem
3177 4571 3308 4626 odor
3339 4588 3404 4628 ea:

123 4661 226 4730 οἷς
280 4660 354 4714 δὲ
395 4658 552 4728 ὀσμὴ
591 4658 661 4712 ἐκ
716 4657 863 4726 ζωῆς
913 4659 999 4723 είς
1036 4654 1210 4721 ζωήν.
1251 4655 1318 4707 Ὅ
1347 4653 1574 4722 enim
1614 4670 1722 4706 τοι·

120 4754 306 4809 οῦτόν
368 4753 522 4805 ἔστι·
575 4750 677 4822 τὴν
741 4748 972 4804 εὐωδίαν
1008 4747 1234 4818 ταύτην,
1296 4744 1485 4815 φησιν,
1535 4746 1586 4799 οι
1625 4745 1722 4815 μὲν

120 4846 320 4909 οὕτως
350 4841 666 4913 προσίενται
709 4839 850 4893 ὥστε
908 4837 1171 4908 σωθῆναι,
1206 4835 1257 4888 oi
1293 4834 1348 4888 δὲ
1379 4834 1550 4898 οὕτως
1581 4833 1722 4886 ὥστε

118 4935 446 4992 ἀπολέσθαι
471 4949 484 4962 °
518 4931 660 4985 ὥστε
716 4930 818 4985 κᾶν
863 4928 1162 4984 ἀπόλλυταί
1194 4943 1298 4991 τις,
1340 4924 1472 4996 παρ’
1498 4921 1665 4978 αὑτοῦ
1689 4925 1723 4994 ἡ

119 5030 308 5082 αἰτία.
367 5024 528 5078 ’Emi
579 5022 840 5084 πολλάκις
886 5019 1107 5087 λέγεται
1155 5016 1217 5069 τὸ
1287 5015 1458 5086 μύρον
1510 5013 1723 5080 πνίγειν

114 5122 263 5179 τοὺς
295 5117 540 5188 χοίρους,
604 5115 699 5167 καὶ
739 5113 864 5175 τοὺς
915 5109 1166 5171 ἀσθενεῖς
1193 5107 1301 5160 τῶν
1330 5103 1626 5176 ὀφθαλμῶν
1663 5103 1724 5157 τὸ

119 5214 254 5283 φῶς
289 5209 556 5272 σκοτίζει.
745 5271 748 5274 ,

210 5325 230 5356 ι
267 5303 379 5357 Καὶ
417 5300 555 5371 πρὸς
585 5299 758 5351 ταῦτα
777 5297 858 5360 τίς
884 5293 1101 5361 ῑκανὸς;
1137 5311 1156 5344 ι

217 5390 450 5460 Ἐπειδὴ
511 5389 722 5459 μεγάλα
747 5386 1071 5456 ἐφθέγξατο,
1109 5383 1193 5434 ὅτι
1225 5379 1390 5433 θυσία
1420 5377 1588 5448 ἐσμὲν
1627 5375 1722 5430 τοῦ

114 5483 407 5556 Χριστοῦ,
452 5481 550 5532 καὶ
583 5480 800 5542 εὐωδία,
861 5480 955 5530 καὶ
1000 5468 1481 5546 ὲθριαμϐευόμεθα
1518 5486 1726 5522 παντα-

111 5577 259 5647 χοῦ,
295 5574 465 5627 πάλιν
495 5571 572 5640 τῷ
596 5571 717 5640 Θεῷ
746 5569 1034 5639 ἀνατίθησι
1062 5565 1237 5619 ταῦτα
1262 5578 1275 5592 °
1319 5560 1401 5612 διὸ
1441 5560 1535 5613 καί
1568 5577 1721 5632 φησι,

111 5668 249 5723 Καὶ
277 5667 434 5734 πρὸς
481 5663 668 5716 ταῦτα
695 5663 810 5727 ,τίς
845 5661 1082 5723 ίιιιινόςς
1109 5657 1168 5710 τὸ
1201 5655 1309 5724 γάρ
1345 5654 1450 5706 πᾶν
1470 5652 1560 5708 τοῦ
1595 5654 1726 5722 Χρι-

113 5758 288 5817 στοῦ,
313 5755 476 5825 φησι,
508 5754 602 5806 καὶ
634 5751 785 5806 οὐδὲν
822 5750 1108 5822 ἡμέτερον.

215 5848 335 5900 «οὑ
366 5845 482 5914 γάρ
530 5844 695 5912 ἑσμεν
726 5841 800 5905 ὡς
849 5842 898 5894 oi
951 5840 1136 5906 πολλοί
1193 5838 1594 5910 καπηλεύοντες
1636 5835 1726 5885 τὸν

1829 4673 1998 4717 morte
2021 4665 2075 4717 iu
2107 4675 2359 4727 mortem;
2397 4663 2520 4716 aliis
2547 4678 2722 4718 autem
2753 4663 2884 4719 odor
2921 4679 2986 4718 es:
3004 4665 3113 4720 vita
3133 4663 3190 4720 iu
3219 4666 3401 4721 vitam.

1829 4745 2002 4822 Cujus
2020 4753 2148 4808 dicti
2177 4754 2538 4830 significantia
2561 4754 2677 4810 haec
2705 4763 2824 4810 est:
2858 4753 3216 4826 fragrantiam
3244 4757 3403 4811 istam

1831 4843 1924 4898 alii
1947 4845 2169 4915 quidem
2206 4845 2288 4900 sic
2321 4844 2644 4911 admittunt,
2679 4852 2738 4899 ut
2767 4846 2903 4901 salvi
2947 4847 3112 4914 fiant;
3155 4847 3256 4906 alii
3278 4863 3405 4902 vero

1831 4934 1912 4990 sic
1932 4943 1991 4989 ut
2018 4944 2262 5004 pereant.
2283 4938 2478 5004 Itaque
2507 4936 2553 4991 si
2578 4937 2704 5006 quis
2729 4946 2936 5006 pereat,
2969 4939 3087 5009 ipse
3111 4940 3214 4995 sibi
3235 4955 3402 4995 causa

1829 5035 1931 5080 est.
1964 5026 2122 5096 Atqui
2157 5027 2322 5097 vulgo
2352 5027 2612 5083 dicuntur
2634 5045 2760 5085 sues
2786 5040 3068 5100 unguento
3089 5031 3401 5102 przefocari,

1830 5124 1882 5170 et
1914 5116 2219 5188 gramiosos
2247 5117 2435 5173 oculos
2470 5119 2674 5176 lumine
2703 5135 2878 5177 cacos
2905 5120 3046 5175 fieri.

1906 5312 1925 5347 ι
1965 5294 2029 5349 Et
2061 5293 2127 5348 ad
2155 5293 2270 5349 haec
2299 5295 2720 5365 quisidoneus?
2759 5317 2777 5350 ι

1902 5384 2042 5452 Quia
2077 5401 2272 5456 magna
2299 5388 2547 5455 quaedam
2581 5387 2841 5458 prmfatus
2868 5395 2972 5452 est,
3001 5384 3278 5441 victimam
3305 5403 3406 5444 nos

1831 5491 1952 5530 esse
1986 5473 2214 5543 Christi,
2262 5492 2476 5532 necnon
2515 5478 2718 5532 bonum
2749 5476 3010 5545 odorem;
3067 5476 3272 5547 ubique
3305 5495 3408 5534 nos

1833 5563 2210 5634 triumphare:
2242 5564 2432 5621 isthmc
2465 5582 2688 5622 rursum
2717 5567 2900 5622 omnia
2934 5565 3191 5642 inLDeum
3220 5568 3406 5625 refert.

1840 5655 1990 5712 Unde
2013 5657 2089 5710 ait
2123 5674 2137 5712 :
2179 5657 2245 5711 Et
2291 5658 2359 5711 ad
2390 5659 2500 5714 haec
2539 5655 2656 5729 quis
2707 5659 2971 5718 idoneus?
3032 5667 3209 5717 totum
3262 5660 3409 5716 enim

1833 5746 2042 5802 Christi
2074 5756 2180 5814 est,
2212 5749 2421 5820 inquit,
2453 5759 2509 5806 et
2540 5751 2675 5806 nihil
2707 5762 2980 5808 nostrum.

1908 5837 2075 5892 Vsus.
2114 5839 2196 5891 ΓΙ.
2236 5858 2253 5893 ι
2285 5837 2400 5895 Non
2425 5840 2567 5895 enim
2606 5856 2793 5897 smnus
2830 5849 2887 5894 ut
2923 5840 3165 5910 quidam,
3202 5837 3407 5892 adulto-
