4048 6446
727 474 828 539 719
1906 457 1969 515 3.
2012 454 2203 515 JOAN
2210 454 2256 515 N
2262 454 2335 514 IS
2373 453 2800 515 DAMASCENI
3773 465 3841 526 τῇ,

730 578 916 642 rantes
944 581 1172 637 verbum
1208 577 1328 642 Dei,
1376 574 1471 631 sed
1518 582 1781 644 tanquam
1825 585 1892 626 ex
1941 570 2295 633 sinceritate;

2244 583 2295 633 3;
2332 584 2369 635 Α
2401 568 2558 637 λόγον
2594 567 2689 621 τοῦ
2710 566 2870 633 Θεοῦ,
2900 564 3017 622 ἀλλ’
3046 565 3121 629 ὡς
3165 565 3227 629 ἐξ
3246 564 3590 637 σίλικρινξίας.
3622 567 3708 621 ἀλλ’
3728 572 3778 636 ὡς
3804 582 3842 629 ιχ

726 677 820 731 sed
849 672 1006 744 quasi
1037 683 1103 725 ex
1135 667 1261 723 Deo.
1300 685 1319 719 ι

1037 683 1103 725 ex
1135 667 1261 723 Deo.
1300 685 1319 719 ι
2400 658 2557 715 Θεοῦ.
2602 678 2621 710 ι

798 764 859 818 Si
889 774 1085 832 magna
1118 754 1628 829 pronuntiavimus,
1681 758 1738 805 at
1781 747 1919 804 nihil
1948 746 2149 802 horum
2196 756 2297 798 no-

2245 756 2297 797 D-
2472 750 2535 802 Ei
2559 748 2772 820 μεγάλα
2824 746 3229 821 ἐφθεγξάμεθα,
3284 746 3397 800 ἀλλ’
3426 747 3560 802 οὐδὲν
3590 750 3640 802 τὸ
3660 753 3843 825 ἡμέτερον

725 863 903 909 strum
922 868 1047 907 esse
1087 850 1431 905 benefactum
1463 842 1737 914 apparuit,
1779 838 1871 893 sed
1900 836 2108 893 Christi
2140 846 2302 906 pror-

2246 848 2302 887 r-
2400 842 2597 911 εφανεν
2619 836 2758 894 εἶναι
2787 839 3140 911 κατόρθωμα,
3191 838 3329 893 ἀλλὰ
3362 837 3531 893 πάντα
3565 839 3644 894 τοῦ
3667 842 3844 912 Χριστοῦ.

726 960 824 1000 sus
856 942 1065 998 omnia.
1112 939 1236 995 Non
1269 938 1418 993 enim
1447 935 1620 990 falsos
1646 930 1924 1001 apostolos
1951 926 2298 988 amulatnur,

2249 940 2298 988 Γ,
2402 934 2477 986 υὺ
2510 932 2620 1003 γὰρ
2673 929 2989 1002 μιμούμεθα
3028 931 3153 994 τοὺς
3196 929 3652 999 ψευδαποστόλους,
3691 936 3845 997 scim

724 1036 820 1107 qui
852 1035 1110 1107 pleraque
1129 1047 1231 1086 sua
1257 1044 1381 1085 esse
1410 1032 1691 1082 asserunt.
1720 1020 1857 1077 Nam
1889 1020 1995 1075 hoc
2025 1027 2112 1073 est
2137 1015 2301 1070 adul-

2254 1015 2301 1067 Ι-
2403 1023 2571 1077 πολλὰ
2597 1023 2777 1077 αὐτῶν
2809 1022 3067 1092 λέγοντας
3097 1018 3259 1077 εἶναι.
3301 1023 3470 1075 Τοῦτο
3492 1024 3587 1093 γὰρ
3616 1026 3707 1079 ἐστι
3731 1028 3775 1080 τὸ
3789 1046 3850 1082 xa-

727 1135 924 1193 terare,
958 1125 1047 1180 ubi
1085 1121 1360 1194 quispiam
1401 1118 1588 1171 vinum
1619 1114 1796 1179 vitiat,
1828 1120 1885 1167 et
1918 1108 2142 1183 quando
2173 1108 2300 1177 quis

2255 1108 2300 1160 i5
2401 1113 2689 1185 πηλεῦσαι,
2745 1114 2875 1167 ὅταν
2924 1130 3012 1175 τις
3042 1112 3241 1187 νοθεύῃ
3276 1113 3368 1166 τὸν
3407 1107 3556 1179 οἶνον,
3584 1115 3664 1168 καὶ
3685 1117 3778 1171 ὅταν
3799 1135 3848 1176 τις

725 1219 955 1289 pecunia
986 1218 1192 1280 vendit,
1227 1214 1371 1285 quod
1413 1212 1587 1283 gratis
1621 1210 1756 1265 dare
1781 1208 1972 1278 jussus
1995 1212 2101 1261 est.

2098 1243 2101 1258 .
2403 1203 2697 1274 χρημάτων
2723 1203 2901 1272 πωλῇ,
2930 1200 2960 1255 ὃ
2989 1201 3283 1272 ἐκελεύσθη
3310 1201 3510 1272 δωρεὰν
3528 1201 3696 1257 δοῦναι.

798 1330 818 1361 ι
852 1310 1047 1364 Coram
1078 1308 1214 1372 Deo,
1248 1308 1303 1361 in
1333 1304 1554 1361 Christo
1584 1302 1881 1373 loquimur.
1918 1314 1941 1348 ι

2478 1314 2496 1347 t
2535 1296 2644 1348 Καὶ
2674 1294 2903 1347 ἐνώπιον
2923 1293 3016 1346 τοῦ
3046 1293 3183 1348 Θεοῦ
3212 1296 3271 1346 ὲν
3292 1292 3507 1364 Χριστῷ
3528 1292 3789 1364 λαλοῦμεν.ι

792 1400 910 1455 Νοιι
931 1401 1010 1456 sic
1031 1400 1416 1471 praedicamus,
1438 1406 1497 1451 ut
1528 1411 1624 1452 vos
1663 1392 2089 1453 ballucinemur,
2122 1399 2301 1456 neque

2257 1399 2301 1440 te
2472 1388 2585 1440 οὐκ
2626 1385 2944 1449 ἀπατῶντες
3005 1386 3151 1456 ὑμᾶς
3198 1385 3329 1439 αὐτὸ
3380 1384 3855 1455 κηρύττομεν,οὺ6ὶὶν

723 1493 779 1547 in
829 1500 1018 1547 nostra
1083 1492 1353 1561 sapientia
1406 1489 1662 1556 nitimur,
1717 1486 1813 1544 sed
1857 1484 2107 1540 divinum
2135 1480 2300 1535 nobis

2255 1480 2300 1531 is
2400 1482 2466 1550 τῇ
2492 1480 2739 1550 ἡμετέρᾳ
2786 1475 2970 1548 σοφίᾳ,
3028 1476 3165 1530 ἀλλὰ
3217 1478 3284 1547 τῇ
3307 1477 3447 1546 παρ’
3481 1475 3661 1529 ἐκείνου
3704 1475 3853 1545 δυνάμει

722 1584 891 1640 robur
920 1584 1323 1655 suppeditatur.

1222 1591 1323 1638 Lur.
2403 1569 2639 1642 χορηγού
2647 1586 2820 1642 μενοι.

1394 1716 1547 1773 CAP.
1584 1713 1697 1783 ⁵111.

3005 1709 3261 1764 ΚΕΦΑΛ.
3306 1708 3346 1761 Γ
3347 1714 3382 1761 '.

734 1858 739 1859 ν
792 1827 960 1883 Vens.
1012 1828 1065 1894 l,
1111 1827 1167 1881 2.
1228 1846 1247 1881 ι
1300 1826 1608 1897 incipimus
1673 1827 1872 1883 iterum
1932 1821 2298 1891 nosmetipsos

2261 1836 2298 1875 ις
2483 1841 2502 1875 ι
2551 1821 2860 1893 Ἀρχόμεθα
2917 1820 3080 1875 πάλιν
3126 1819 3355 1882 ἑαυτοὺς
3418 1816 3732 1876 συνιστάνειν.
3762 1818 3859 1886 εἰμῄ

720 1918 1124 1975 commendare.
1158 1919 1268 1974 Aut
1306 1918 1562 1990 nunquid
1586 1933 1833 1988 egemus,
1868 1916 2012 1971 sicut
2042 1911 2290 1982 quidam,

2260 1931 2290 1974 I.
2326 1920 2365 1974 Β
2394 1913 2669 1987 χρῄζομεν
2704 1913 2780 1978 ὥς
2805 1930 2947 1977 τινες
2971 1912 3309 1966 συστατικῶν
3331 1909 3613 1963 ἐπιστολῶν
3629 1910 3738 1979 πρὸς
3755 1908 3858 1977 ὑμᾶς,

720 2011 1187 2067 commendatitiis
1216 2010 1471 2082 epistolis
1506 2009 1576 2064 ad
1609 2025 1728 2072 vos,
1758 2015 1853 2062 aut
1877 2022 1945 2062 ex
1965 2004 2148 2060 vobis?
2169 2003 2297 2072 Epi-

2262 2032 2297 2056 ι-
2402 2008 2434 2077 ἢ
2462 2006 2521 2071 ἐξ
2544 2004 2698 2075 ὑμῶν
2730 2002 3173 2059 συστατικῶν.Ἠ
3194 2000 3456 2071 ἐπιστολὴ
3484 1999 3625 2069 ἡμῶν
3652 1998 3772 2067 ὑμεῖς
3787 1999 3860 2048 ἐστι

721 2104 863 2158 stola
910 2112 1095 2158 nostra
1135 2118 1233 2159 vos
1264 2101 1417 2164 estis,
1452 2100 1665 2170 scripta
1696 2099 1750 2154 in
1779 2097 2039 2155 cordibus
2064 2095 2293 2161 nostris,

2263 2110 2293 2161 '.,
2404 2096 2836 2168 ὲγγεγραμμένη
2862 2097 2919 2148 ἐν
2944 2096 3063 2158 ταῖς
3094 2093 3346 2165 καρδίαις
3372 2095 3405 2163 ἡ
3416 2090 3529 2162 μῶν
3553 2107 3564 2120 ·
3593 2087 3861 2159 γινωσκομένη

718 2207 842 2264 qua:
867 2195 1044 2250 scitur
1071 2203 1127 2253 et
1155 2192 1357 2264 legitur
1385 2192 1454 2247 ab
1494 2191 1752 2246 omnibus
1782 2187 2115 2243 hominibus.
2150 2204 2170 2237 ι

2163 2206 2170 2235 ι
2403 2187 2499 2241 καὶ
2536 2185 3022 2256 ἀναγινωσκομένη
3051 2184 3157 2238 ὑπὸ
3188 2184 3409 2237 πάντων
3438 2179 3761 2251 ἀνθρώπων.ι

786 2284 1193 2340 Antevertendo
1222 2285 1387 2341 solvit
1434 2284 1487 2338 id
1523 2280 1672 2353 quod
1726 2281 1795 2334 ab
1847 2279 1957 2334 illis
1999 2286 2118 2332 erat
2152 2274 2295 2345 obji—

2474 2281 2654 2350 Ὅπερ
2690 2279 2916 2350 ἔμελλεν
2962 2278 3111 2349 αύτῷ
3161 2278 3292 2348 παρ’
3342 2276 3565 2329 ἐκείνων
3596 2271 3863 2338 ἀνθυποφέρε-

717 2375 1009 2441 ciendum,
1049 2376 1311 2431 videlicet
1357 2373 1504 2443 quod
1560 2371 1806 2443 seipsum
1853 2368 2163 2426 extolleret.
2218 2367 2296 2421 Ac

2268 2380 2296 2421 ο
2404 2373 2551 2436 σθαι,
2579 2371 2661 2424 ὅτι
2697 2370 2976 2439 Ἐπαίρεις
3030 2367 3246 2431 σαυτὸν,
3277 2364 3439 2419 τοῦτο
3493 2360 3739 2433 προλαϐὼν
3767 2359 3866 2418 αὐτὸς

716 2463 989 2533 ejusmodi
1039 2463 1326 2535 quidpiam
1380 2463 1634 2534 loquitur
1670 2482 1684 2516 ι
1714 2459 1871 2516 Adeo
1925 2475 2033 2517 non
2070 2472 2296 2529 egemus

2269 2472 2296 2512 S
2400 2462 2540 2520 λύει.
2574 2464 2639 2515 Ὃ
2667 2461 2725 2514 δὲ
2757 2460 2906 2529 λέγει
2930 2458 3171 2512 τοιοῦτόν
3219 2444 3371 2510 ἐστι’
3406 2453 3654 2508 Τοσοῦτον
3677 2451 3864 2518 ἀπέχομεν

717 2552 1189 2609 commendatitiis
1243 2553 1520 2622 epistolis,
1580 2560 1643 2606 ut
1688 2566 1790 2608 vos
1844 2550 1993 2621 ipsos
2046 2547 2296 2620 epistolae

2269 2562 2296 2601 Β
2400 2554 2492 2607 τοῦ
2523 2551 2782 2622 δεηθῆναι
2818 2550 2955 2623 πρὸς
2982 2550 3125 2620 ὑμᾶς
3172 2546 3517 2601 συστατικῶν
3552 2538 3867 2601 ὲπιστολῶν,ίυς

715 2645 839 2701 loco
878 2643 1199 2701 habeamus.
1244 2645 1387 2712 Quin
1428 2645 1599 2701 etiam
1641 2645 1719 2699 ait
1764 2643 1929 2701 :Etsi
1956 2656 2096 2712 opus
2149 2646 2295 2696 esset

2268 2646 2295 2693 ι
2400 2647 2546 2716 ὑμᾶς
2568 2644 2680 2699 ἀντ’
2710 2643 3001 2713 ἐπιστολῆς
3031 2641 3199 2712 ἔχειν.
3228 2640 3397 2708 Λέγει
3420 2640 3498 2701 δὲ,
3529 2636 3599 2700 ὡς
3619 2634 3761 2688 Είὲδει
3784 2630 3866 2699 πρὸς

713 2749 816 2791 nos
842 2735 987 2805 apud
1046 2737 1184 2792 alios
1227 2735 1632 2803 commendari,
1668 2748 1770 2792 vos
1813 2733 2005 2804 utique
2044 2730 2295 2802 epistola:

2271 2743 2295 2784 Β
2399 2738 2617 2808 ἐτέρους
2654 2736 2936 2805 συστῆναι,
2967 2733 3114 2804 ὑμᾶς
3151 2731 3216 2785 ἂν
3258 2728 3648 2802 παρηγὰγομεν
3686 2720 3869 2791 εἱςμέοονδ

715 2826 835 2883 loco
873 2827 928 2881 in
957 2828 1195 2884 medium
1233 2828 1683 2898 produceremus.

1246 2828 1683 2897 produceremus.
2397 2831 2519 2884 ἀντὶ
2539 2828 2844 2898 ἐπιστολῆς.

714 2939 721 2969 :
815 2916 980 2974 Vsus.
1034 2919 1090 2973 5.
1146 2937 1165 2971 ι
1212 2918 1580 2985 Manifestati,
1656 2916 1804 2989 quod
1869 2915 2108 2987 epistola
2159 2912 2292 2969 estis

2273 2928 2292 2965 5
2474 2940 2492 2973 ι
2531 2920 2956 2991 Φανερούμενοι,
2990 2919 3072 2970 ὅτι
3115 2915 3238 2969 ἐστὲ
3266 2913 3532 2985 ἐπιστολὴ
3567 2907 3781 2982 Χριστοῦ,
3802 2904 3871 2957 διι-

712 3007 947 3075 Christi,
983 3010 1299 3065 ministrata
1328 3025 1360 3063 a
1389 3010 1566 3065 vobis.
1609 3028 1628 3061 ι

1467 3010 1566 3065 bis.
1609 3028 1628 3061 ι
2397 3013 2691 3083 κονηθεῖσα
2713 3012 2803 3081 ὑφ’
2838 3011 3012 3081 ὑμῶν.
3044 3028 3065 3062 ι

784 3100 898 3155 Hoc
949 3101 1005 3154 in
1066 3101 1185 3155 loco
1234 3116 1344 3155 non
1392 3101 1558 3156 modo
1605 3099 1979 3156 testimonium
2037 3097 2291 3170 perhibet

2275 3107 2291 3151 ι
2479 3104 2744 3159 Ἐνταῦθα
2776 3104 2838 3157 ού
2872 3104 3031 3174 μόνον
3060 3102 3243 3164 αὐτοῖς
3267 3101 3516 3173 ἀγάπην,
3545 3097 3667 3153 ἀλλὰ
3692 3096 3767 3149 καὶ
3790 3106 3873 3144 κπ-

711 3189 998 3245 charitatis
1022 3191 1268 3259 illorum,
1298 3206 1495 3245 verum
1528 3193 1695 3246 etiam
1722 3198 1869 3247 recte
1894 3189 2183 3244 factorum.

1401 3206 1495 3245 um
1528 3193 1695 3246 etiam
1722 3198 1869 3247 recte
1894 3189 2183 3244 factorum.
2396 3194 2699 3267 ορθώματα-
2714 3198 2999 3267 μαρτυρεῖ.

787 3298 809 3334 ι
848 3279 1066 3353 Scripta
1101 3299 1207 3337 non
1248 3291 1584 3350 atramento,
1630 3282 1725 3338 scd
1766 3281 1974 3352 Spiritu
2004 3280 2098 3335 Dei
2131 3280 2237 3334 vivi
2267 3297 2280 3333 :
2314 3278 2354 3335 C

2278 3302 2280 3330 λ
2314 3278 2354 3335 C
2434 3304 2437 3307 ‘
2470 3308 2488 3341 t
2525 3286 3004 3359 Ἐγγεγραμμένη,
3029 3286 3090 3340 οὐ
3121 3286 3335 3358 μελάνι,
3367 3285 3510 3341 ἀλλὰ
3531 3281 3769 3351 Πνεύματι
3790 3271 3876 3327 θεώ

712 3385 822 3427 non
847 3370 904 3426 in
925 3371 1127 3428 tabulis
1148 3372 1400 3444 lapideis,
1442 3372 1537 3428 sed
1561 3371 1617 3427 in
1639 3370 1842 3428 tabulis
1870 3367 2054 3425 cordis
2086 3380 2286 3422 carna-

2278 3393 2286 3403 '
2392 3382 2596 3445 ζῶντος
2618 3396 2631 3410 ο
2663 3381 2764 3433 οὐκ
2793 3383 2850 3434 ἐν
2887 3378 3081 3443 πλαξὶν
3120 3377 3378 3442 λιθίναις,
3406 3376 3525 3431 ἀλλ’
3553 3378 3607 3427 ὲν
3632 3370 3766 3434 πλαξι
3787 3382 3876 3434 κιρ-

712 3464 877 3520 libus.
913 3484 934 3517 ι

2389 3473 2507 3536 δίας
2543 3472 2847 3542 σαρκίναις.
2888 3491 2904 3524 ι

786 3556 943 3628 130
982 3556 1096 3612 Hoc
1119 3566 1230 3624 est,
1265 3571 1432 3629 quam
1477 3554 1785 3624 intelligunt
1816 3566 2029 3609 omnes.
2070 3548 2163 3605 Sic
2192 3564 2288 3603 vos

2282 3565 2288 3601 ⁵
2466 3564 2863 3635 Τουτέστιν,ἣν
2886 3566 3086 3627 πάντες
3123 3562 3305 3616 ἴσασιν
3325 3579 3341 3594 ⁸
3377 3561 3553 3624 οῦτως
3584 3559 3709 3630 ὑμᾶς
3742 3567 3880 3606 παντα-

711 3647 918 3719 ubique
947 3649 1422 3718 circumferimus,
1456 3659 1512 3706 et
1541 3657 1723 3704 mente
1756 3658 2062 3700 versamus.

1866 3658 2062 3700 Samus-
2395 3657 2489 3727 χοῦ
2522 3674 2585 3709 πε
2594 3656 2917 3728 ριφὲρομεν,
2935 3658 3031 3710 καὶ
3052 3658 3108 3711 ὲν
3144 3655 3223 3729 νῷ
3242 3655 3464 3726 ἔχομεν.

780 3736 950 3794 Vsus.
981 3740 1038 3795 4.
1078 3758 1096 3791 ι
1137 3738 1427 3796 Fiduciam
1469 3748 1652 3795 autem
1703 3737 1859 3793 talem
1889 3735 2151 3790 habemus
2193 3747 2289 3802 per

2286 3749 2289 3760 ’
2474 3768 2493 3801 ι
2526 3748 2860 3819 Πεποίθησιν
2885 3748 2942 3802 δὲ
2973 3747 3227 3819 τοιαύτην
3267 3748 3472 3818 ἔχομεν
3502 3745 3591 3801 διὰ
3607 3742 3694 3796 τοῦ
3720 3729 3884 3809 Χριστθῖ

707 3829 986 3887 Christum
1015 3831 1087 3887 ad
1119 3831 1313 3889 Deum.
1351 3851 1370 3885 ι

1300 3873 1313 3889 ο
1351 3851 1370 3885 ⁸
2396 3840 2535 3913 πρὸς
2564 3840 2655 3893 τὸν
2684 3821 2836 3896 Θεύν,
2880 3861 2898 3892 ι

778 3924 995 3981 Rursus
1018 3932 1192 3979 totum
1224 3925 1294 3980 ad
1331 3924 1506 3979 Deum
1544 3922 1730 3978 refert.
1766 3920 1935 3978 Nobis
1955 3920 2097 3976 enim
2127 3917 2287 3973 Chri-

2464 3932 2632 3988 ΙΙάλιν
2682 3934 2743 3986 τὸ
2796 3933 2917 3988 ὅλον
2959 3932 3367 4004 ἀνατίθησιτῷ
3426 3929 3572 3999 Θεῷ.
3606 3910 3887 3984 Τούτωνέγὶιεε

707 4026 829 4073 stus
862 4018 1244 4071 universorum
1275 4026 1479 4070 auctor
1508 4015 1739 4079 exstitit,
1772 4012 1967 4081 inquit.

1681 4015 1739 4079 il,
1772 4012 1967 4081 inquit.
2394 4027 2522 4097 ἡμῖν
2548 4028 2577 4079 ὁ
2597 4026 2831 4096 Χριστὸς
2852 4027 3045 4089 αίτιος,
3081 4025 3272 4095 φησίν.

778 4107 946 4163 Vsus.
980 4107 1034 4162 5.
1075 4125 1094 4159 ι
1125 4106 1245 4163 Non
1276 4107 1436 4177 quod
1468 4106 1801 4161 suﬂicientes
1831 4116 2024 4159 sumus
2050 4099 2289 4166 cogitare

2387 4132 2390 4134 '
2470 4139 2489 4171 ι
2525 4119 2639 4189 Οὐχ
2672 4118 2753 4171 ὅτι
2786 4118 2964 4172 ἱκανοί
2987 4119 3153 4185 ἐσμεν
3186 4116 3279 4185 ἀφ’
3307 4114 3532 4169 ἑαυτῶν
3572 4101 3891 4179 λογίσασθιΞτι

708 4198 913 4268 aliquid
942 4213 1023 4252 ex.
1045 4197 1227 4262 nobis,
1269 4195 1431 4265 quasi
1461 4210 1528 4249 ex
1563 4194 1745 4249 nobis.
1774 4210 1793 4244 ι

1269 4195 1431 4265 quasi
1461 4210 1528 4249 ex
1563 4194 1745 4249 nobis.
1774 4210 1793 4244 ι
2373 4216 2465 4279 ιὼς
2487 4214 2547 4277 ἐξ
2574 4210 2806 4265 ἑαυτῶν,
2835 4229 2852 4260 ι

779 4286 917 4344 Vide
946 4302 1166 4341 rursum
1188 4296 1246 4341 et
1270 4287 1498 4340 alteram
1523 4281 2053 4339 correctionem.Ait
2074 4290 2287 4336 autem:
2374 4354 2375 4357 η

2374 4354 2375 4357 η
2460 4306 2604 4377 Ὅρα
2634 4302 2796 4357 πάλιν
2822 4301 3015 4371 ἑτέραν
3027 4299 3333 4372 διόρθωσιν.
3364 4301 3537 4368 Λέγει
3558 4298 3613 4352 δέ
3633 4315 3645 4327 ·
3664 4295 3759 4362 Οῦχ
3778 4289 3893 4377 sim»;

708 4378 827 4434 Non
858 4394 923 4435 ea
951 4386 1132 4433 mente
1165 4377 1301 4444 dixi,
1342 4375 1602 4431 ﬁduciam
1640 4389 1745 4430 nos
1775 4374 1995 4439 habere,
2033 4383 2289 4442 tauquam

2389 4374 2563 4461 εἶπον,
2589 4393 2914 4464 πεποίθησιν
2945 4391 3164 4462 ἔχομεν,
3185 4391 3261 4453 ὡς
3283 4390 3346 4443 τὸ
3376 4391 3484 4461 μὲν
3516 4386 3761 4459 ἡμέτερον
3782 4375 3891 4433 εἶναι,

706 4473 840 4529 illud
866 4472 1087 4544 quidem
1120 4472 1194 4528 sit
1224 4471 1342 4539 Dei,
1363 4481 1417 4527 et
1445 4470 1550 4527 hoc
1573 4486 1606 4526 a
1630 4470 1809 4525 nobis.
1836 4467 2093 4535 Quinimo
2119 4476 2287 4523 totum

2390 4489 2451 4541 τὸ
2487 4487 2544 4540 δὲ
2563 4484 2658 4538 τοῦ
2693 4484 2829 4535 Θεοῦ
2854 4498 2867 4511 ο
2895 4481 3032 4535 ἀλλὰ
3076 4482 3137 4533 τὸ
3186 4482 3294 4533 πᾶν
3329 4479 3491 4547 αὐτῷ
3543 4473 3800 4542 ἀνατίθησι
3834 4465 3897 4518 καὶ

706 4579 938 4635 prorsus
972 4563 1084 4620 Deo
1109 4566 1301 4621 tribuit
1331 4571 1386 4620 et
1418 4573 1706 4635 acceptum
1742 4563 1930 4618 refert.

1109 4566 1301 4621 tribuit
1331 4571 1386 4620 et
1418 4573 1706 4635 acceptum
1742 4563 1930 4618 refert.
2324 4622 2361 4647 ἢ
2390 4577 2682 4647 λογίζεται,

693 4622 722 4699 -”
778 4678 798 4712 ι
833 4659 940 4715 Sed
986 4658 1315 4716 suilicientia
1364 4622 1654 4716 nostra-ex
1706 4657 1817 4714 Deo
1853 4668 1959 4724 est,
2006 4658 2194 4731 [Vens
2228 4659 2281 4732 6]

2322 4622 2361 4676 ο
2465 4622 2486 4720 2
2514 4622 2679 4721 νἈλλ’
2713 4666 2747 4736 ἠ
2769 4664 3021 4732 ἱκανότης
3041 4664 3200 4734 ἡμῶν
3237 4664 3301 4715 ἐκ
3331 4663 3432 4714 τοῦ
3452 4660 3621 4724 Θεοῦ,
3647 4658 3699 4721 ὃς
3717 4653 3793 4708 καὶ
3818 4647 3897 4716 ixi:

703 4750 874 4822 quiet
913 4750 1143 4809 ideneos
1171 4768 1275 4808 nos
1304 4753 1436 4809 fecit
1461 4751 1751 4807 ministros
1776 4753 1902 4807 novi
1930 4755 2281 4821 testamenti;

2386 4776 2555 4815 νωσεν
2583 4759 2729 4829 ἡμᾶς
2756 4756 3035 4819 διακόνους
3069 4755 3262 4824 καινῆς
3291 4754 3593 4825 διαθήκης,
3624 4753 3680 4804 οὺ
3706 4748 3900 4816 γράμμ’

702 4858 813 4899 non
846 4844 1060 4908 litterae,
1097 4844 1193 4900 sed
1230 4846 1481 4914 spiritus.
1521 4865 1539 4898 ι

1521 4865 1539 4898 ι
2367 4857 2496 4915 ττος,
2528 4850 2664 4905 ἀλλὰ
2698 4848 3026 4919 πνεύματος.
3065 4866 3081 4898 ι

769 4933 930 5000 Quod
953 4935 1053 5001 ait,
1072 4935 1293 4990 idoneos
1325 4936 1471 5004 fecit,
1492 4936 1635 4993 idem
1662 4951 1749 4993 est
1766 4952 1830 4992 ac
1854 4944 2107 5007 potentes
2132 4935 2281 5001 fecit,

2453 4944 2528 4995 Τὸ
2551 4942 2627 5007 δὲ,
2652 4939 2974 5003 ,ἱκάνωσεη
3008 4939 3279 4999 τουτέστι,
3303 4938 3579 5000 δυνατούς
3610 4934 3808 5001 ἐποίησε
3840 4920 3902 4973 καὶ

704 5027 1065 5097 aptavitque.‘
1100 5026 1255 5081 Haud
1320 5029 1469 5083 enim
1527 5031 1787 5100 exiguum
1844 5029 1949 5083 fuit
2008 5027 2280 5099 ejusmodi

2384 5032 2745 5103 ἐπιτηδείους.
2792 5033 2869 5084 ω
2914 5030 3112 5101 μικρὸν
3155 5031 3266 5099 γάρ
3298 5031 3650 5101 προκομίσαι
3675 5026 3739 5094 τῇ
3773 5020 3904 5072 οξχεη.

701 5118 964 5174 victorias
996 5126 1052 5174 et
1081 5126 1353 5189 praecepta
1388 5118 1635 5185 proferre
1668 5135 1791 5190 quae
1819 5118 2098 5189 prioribus
2122 5118 2283 5188 longe

2387 5125 2525 5197 μένῃ
2576 5122 2833 5186 τοιαύτας
2888 5122 3062 5183 νίκας,
3121 5122 3215 5173 καὶ
3258 5121 3491 5184 ἐντολὰς
3552 5116 3721 5184 πολλῷ
3743 5109 3906 5182 μείζους

702 5209 1085 5279 praestantiora
1112 5218 1319 5264 essent.
1352 5208 1702 5280 Quapropter
1728 5210 1931 5279 adjecit
1974 5228 1987 5264 :
2036 5207 2158 5264 Non
2192 5212 2281 5261 tit-

2387 5214 2493 5267 τῶν
2523 5214 2825 5285 προτέρων.
2851 5213 2941 5265 Διὸ
2972 5212 3067 5266 καὶ
3104 5213 3418 5283 ἐπήγαγεν,
3485 5214 3561 5266 οὐ
3614 5216 3905 5277 τραμμαῖεηξ·

701 5311 844 5364 terat,
879 5299 967 5353 sed
993 5300 1236 5365 spiritus.
1309 5316 1315 5321 '

2384 5304 2541 5358 ἀλλὰ
2590 5305 2948 5373 πνεύματος.

776 5408 795 5440 ι
844 5390 1048 5444 Littera
1101 5392 1249 5445 enim
1298 5388 1539 5454 occidit,
1590 5390 1821 5460 spiritus
1871 5399 2054 5446 autem
2107 5392 2281 5445 vivili-
2362 5424 2368 5430 -

2362 5424 2368 5430 -
2461 5412 2480 5445 ι
2515 5395 2589 5447 Τὸ
2621 5395 2731 5465 γὰρ
2777 5396 3012 5466 γράμμα
3044 5395 3384 5455 ἀποκτείνει,
3418 5391 3566 5446 τὸδὲ
3606 5386 3797 5453 πνεῦμα
3824 5380 3908 5439 ζίιο·

701 5488 810 5533 cat.
844 5499 861 5531 ι

2384 5490 2545 5541 ποιεῖ.
2563 5507 2577 5537 ι

771 5592 896 5647 [iam
930 5594 1023 5656 ait,
1050 5602 1110 5648 ut
1140 5595 1263 5651 illos
1290 5595 1528 5661 obterat,
1558 5580 1651 5666 qui
1689 5605 1909 5665 propter
1935 5594 2277 5650 Judaismum

2453 5596 2640 5650 Ταῦτα
2661 5613 2846 5666 φησιν,
2885 5594 3126 5655 ἐκείνους
3153 5592 3440 5659 καθαιρῶν
3474 5594 3610 5652 τοὺς
3646 5584 3914 5659 paulo???

699 5683 1050 5755 arrogantius
1088 5683 1482 5741 eﬂ‘ercbantur.
1515 5684 1633 5741 Non
1669 5686 1818 5741 enim
1873 5684 2087 5755 Moyses
2114 5685 2277 5753 spiri-

2383 5684 2606 5747 νοῦντας
2638 5687 2733 5736 ἐπὶ
2764 5683 2842 5752 τῷ
2890 5680 3224 5751 Ἰουδαϊσμῷ.
3258 5682 3332 5735 Ού
3358 5682 3481 5752 γὰρ
3507 5680 3746 5749 πνεῦμα,
3776 5671 3918 5741 φησὶν.

702 5784 820 5829 tum
868 5774 1140 5845 praebuit.
1184 5776 1385 5846 inquit,
1436 5775 1533 5833 sed
1587 5776 1820 5833 litteras.
1878 5775 2048 5831 Nobis
2094 5783 2275 5828 autem

2384 5778 2635 5848 ἐκόμιζεν
2664 5779 2926 5848 Μωῦσῆς.
2970 5778 3111 5832 ἀλλά
3146 5776 3460 5848 γράμματα
3488 5794 3502 5806 ·
3538 5777 3699 5847 ἡμεῖς
3734 5772 3785 5823 δὲ

699 5866 806 5923 hoc
834 5880 1037 5923 munus
1068 5868 1337 5925 creditum
1364 5879 1565 5938 cst,.rut
1594 5864 1846 5940 spiritum
1882 5870 2273 5923 tribueremus.

2342 5862 2351 5871 ”
2384 5870 2689 5939 στεύθημερν
2751 5869 2969 5941 πνεῦμα
3016 5867 3237 5923 διδόναι.
3284 5867 3556 5939 Γρὰμμα
3599 5869 3658 5921 δὲ
3713 5859 3920 5919 ἐνταῦθα.
