4048 6412
182 364 276 429 721

1306 374 1379 431 IN
1420 375 1640 435 EPIST
1705 373 1805 431 AD
1837 373 2194 434 CORINTH.
2237 376 2317 434 ΙἸ.

3334 374 3439 439 722

181 485 266 536 τὸν
293 482 456 553 νόμον
476 482 627 553 φησὶ,
647 482 738 536 τὸν
757 482 1053 546 κολάζοντα
1081 487 1207 547 τοὺς
1245 487 1700 557 πλημμελοῦντας
1735 503 1747 515 '

1863 482 2040 539 Porro
2066 485 2300 539 litteram
2339 485 2430 540 hie
2471 486 2644 557 legem
2701 493 2879 550 vocat,
2922 474 3437 556 qua'delinquentes

188 572 401 644 πνεῦμα
427 574 507 638 δὲ,
538 574 638 645 τὴν
667 574 827 645 χάριν
852 575 953 646 τὴν
988 575 1077 629 διὰ
1112 575 1205 631 τοῦ
1233 577 1572 648 Πνεύματος,
1630 581 1758 644 τοὺς

186 665 287 719 ὑπὸ
310 665 423 720 τῶν
443 665 732 738 ἁμαρτιῶν
773 665 1150 738 νεκρωθέντας
1181 668 1576 733 ζωοποιοῦσαν.

257 863 280 897 ι
315 844 381 899 El
408 843 466 898 δὲ
497 843 800 916 ἠδιακονία
830 843 925 898 τοῦ
955 844 1212 901 θανάτου.
1254 866 1274 900 ι

259 936 383 991 Tm
404 937 509 1008 τὴν
540 934 833 1008 σύγκρισιν
850 936 1227 1008 ἐξεργάζεται.
1260 939 1325 991 Ὃ
1347 939 1405 993 δὲ
1434 938 1558 1005 νοῦς
1576 934 1753 1003 οὗτος.

188 1024 249 1081 El
292 1028 476 1097 εκείνη
528 1027 632 1099 μὲν
691 1027 948 1090 θανάτου,
985 1027 1125 1098 αὕτη
1167 1029 1226 1083 δὲ
1268 1030 1428 1101 δόξης
1484 1030 1753 1097 διακονία,

186 1119 553 1191 άναμφίδολον
581 1120 666 1173 ὅτι
701 1119 736 1188 ἡ
791 1117 920 1183 δόξα
947 1117 1086 1189 αὕτη
1124 1120 1337 1191 ὲκείνης
1364 1122 1565 1191 μείζων
1599 1124 1713 1175 ἐστί
1739 1141 1752 1154 -

186 1212 461 1267 διακονίαν
493 1212 548 1267 δὲ
578 1211 832 1278 θανάτου,
864 1212 958 1267 τὸν
981 1212 1147 1283 νόμον
1174 1213 1345 1283 λέγει.
1376 1218 1626 1271 Διακονεῑ
1648 1218 1757 1290 γάρ

186 1306 263 1370 είς
297 1304 546 1371 θάνατον,
584 1304 824 1378 ἐλέγχων
847 1304 917 1360 τά
951 1306 1351 1380 ἁμαρτήματα.

263 1499 283 1532 ι
334 1482 425 1537 Ἐν
465 1481 812 1552 γράμμασιν,
856 1481 1272 1553 ἐντετυπωμένη
1298 1483 1356 1537 ὲν
1381 1480 1571 1548 λίθοις,
1600 1487 1757 1553 ἐγεν-

184 1573 321 1644 νήθη
353 1573 414 1626 ὲν
452 1572 603 1646 δόξῃ,
628 1572 777 1628 ὥστε
802 1573 877 1645 μὴ
899 1573 1159 1629 δύνασθαι
1190 1574 1434 1629 ἀτενίσαι
1454 1576 1580 1639 τοὺς
1608 1576 1757 1639 υίοῖις

196 1663 410 1735 Ἰσραὴλ
468 1664 551 1728 είς
596 1664 657 1718 τὸ
705 1663 998 1735 πρόσωπον
1028 1665 1309 1729 Μωῦσέως
1342 1664 1432 1719 διὰ
1455 1666 1554 1735 τὴν
1599 1664 1756 1733 δόξαν

1859 576 2207 645 puniuntur;
2260 576 2519 647 spiritum
2569 583 2791 644 autem,
2837 578 3095 648 gratiam,
3130 593 3254 649 qua:
3310 576 3437 648 Spi-

1762 732 1763 735 η
1856 667 1997 722 ritus
2047 682 2224 738 opera-
2268 670 2436 724 vitam
2491 676 2717 740 praestat
2762 669 2878 726 illis
2925 671 3017 741 qui
3062 687 3157 740 per
3210 679 3435 742 peccata

1856 759 2060 814 mortui
2096 769 2276 816 erant.

1932 848 2095 904 Vens.
2127 851 2177 903 7~.
2217 868 2238 907 ι
2279 850 2437 918 Quod
2468 851 2513 907 si
2557 853 2892 908 ministratio
2917 852 3135 907 mortis.
3163 869 3183 904 ι

1926 939 2412 1010 Comparationem
2471 942 2650 998 adimo
2693 944 3020 1014 exsequitur
3062 961 3077 999 :
3125 952 3291 1014 atque
3344 940 3447 1007 hic,

1857 1046 2055 1086 sensus
2086 1040 2171 1088 est
2200 1050 2213 1085 :
2240 1032 2399 1098 Quod
2424 1034 2470 1088 si
2502 1034 2866 1089 ministerium
2913 1033 3042 1089 illud
3059 1046 3222 1087 causa
3239 1031 3434 1091 mortis

1856 1125 2093 1191 exstitit,
2153 1127 2266 1182 haec
2308 1141 2440 1181 vero
2490 1128 2699 1197 gloriae,
2756 1128 2981 1182 dubium
3022 1143 3134 1183 non
3173 1135 3260 1183 est
3300 1128 3433 1197 quin

1857 1214 2036 1284 gloria
2083 1215 2190 1271 ista
2238 1216 2413 1286 major
2444 1216 2534 1270 illa
2585 1218 2678 1273 sit.
2714 1215 2980 1273 Caeterum
3014 1216 3434 1274 ministrationis

1858 1306 2078 1361 nomine
2101 1308 2273 1378 legem
2294 1309 2583 1380 exprimit.
2610 1308 2747 1364 Nam
2777 1309 3010 1365 inservit
3028 1308 3189 1371 morti
3214 1315 3437 1379 peccata

1857 1398 2164 1469 arguendo.
2285 1467 2289 1471 ,

1934 1508 1955 1543 ι
1994 1491 2054 1546 1η
2084 1492 2284 1547 litteris
2317 1490 2622 1547 deformata
2657 1495 2712 1548 in
2748 1492 3048 1562 lapidibus,
3092 1491 3278 1547 fuitin
3323 1490 3445 1562 glo-r

1855 1582 1961 1647 ria,
1985 1591 2046 1636 ut
2076 1599 2186 1638 non
2222 1592 2456 1654 possent
2480 1584 2771 1638 intendere
2806 1584 2900 1638 filii
2945 1583 3111 1639 Israel
3143 1585 3199 1639 in
3242 1582 3439 1638 faciem

1857 1673 2057 1746 Moysi,
2087 1682 2314 1744 propter
2340 1673 2573 1744 gloriam
2614 1673 2800 1727 vultus
2840 1672 2982 1740 ejus,
3032 1688 3155 1742 qua:
3204 1686 3440 1730 evacua-

184 1754 277 1808 τοῦ
301 1753 598 1827 προσώπου
631 1755 797 1810 αὐτοῦ
837 1755 937 1828 τὴν
971 1757 1449 1829 καταργουμένην,
1483 1757 1601 1821 πῶς
1634 1758 1755 1828 οὐχὶ

1863 1774 1990 1834 tur;
2034 1765 2224 1839 [Vens
2257 1766 2313 1829 8,
2354 1765 2410 1839 9]
2438 1765 2716 1835 quomodo
2742 1780 2853 1819 non
2892 1766 3069 1835 magis
3106 1765 3439 1821 ministratio

187 1844 387 1915 μᾶλλον
419 1847 454 1917 ἡ
482 1845 725 1900 διακονία
761 1846 857 1900 τοῦ
908 1847 1225 1920 Πνεύματος
1279 1848 1432 1903 ἔσται
1484 1852 1541 1903 ὲν
1594 1849 1755 1919 δόξῃ;

1863 1834 2101 1930 Spiritus
2130 1858 2232 1914 erit
2269 1858 2323 1912 in
2347 1834 2523 1925 gloria
2550 1858 2571 1910 ?
2599 1855 2733 1912 Nam
2760 1858 2808 1917 si
2838 1834 3180 1913 ministratio
3211 1856 3437 1910 damna~

185 1937 375 2010 Είγὰρ
405 1940 439 2009 ἡ
464 1938 708 1992 διακονία
735 1939 1112 2011 κατακρίσεως
1155 1941 1306 2005 δόξα,
1349 1939 1528 2010 πολλῷ
1561 1939 1759 2011 μᾶλλον

185 2028 506 2100 περισσεύει
532 2030 566 2100 ἡ
592 2029 839 2083 διακονία
861 2031 959 2100 τῆς
991 2030 1347 2102 δικαιοσύνης
1376 2032 1433 2085 ἐν
1470 2028 1617 2102 δόξῃ.
1650 2050 1668 2082 ι

252 2119 706 2191 Καθαιρεῖπάλιν
735 2121 795 2174 τδ
824 2120 1114 2175 Ἰουδαϊκὸν
1144 2122 1420 2193 φρόνημα.

258 2229 278 2261 ι
318 2212 432 2265 Καὶ
476 2212 584 2284 γάρ
640 2214 700 2266 ού
766 2212 1080 2279 δεδόξασται
1135 2214 1195 2266 τὸ
1248 2214 1637 2287 δεδοξασμένον
1702 2217 1760 2270 ὲν

184 2304 359 2376 τούτῳ
382 2306 462 2376 τῷ
503 2306 682 2378 μέρει,
713 2306 927 2361 εἵνεκεν
965 2307 1067 2376 τῆς
1097 2306 1549 2378 ὑπερϐαλλούσης
1578 2307 1757 2379 δόξης.

184 2398 248 2453 Ei
276 2398 386 2470 γὰρ
410 2398 473 2451 τὺ
504 2397 954 2471 καταργούμενον
982 2399 1073 2454 διά
1118 2399 1298 2471 δόξης,
1337 2399 1521 2472 πολλῷ
1556 2400 1761 2471 μᾶλλον

183 2491 245 2546 τὸ
289 2492 555 2563 μένον,ὲν
584 2490 732 2563 δόξῃ.
773 2511 793 2544 ι

252 2587 354 2638 Ἂν
386 2584 789 2656 συγκρίνωμεν,
818 2583 973 2655 φησὶ,
1002 2583 1209 2654 ταύτην
1237 2585 1397 2652 δόξαν
1419 2584 1762 2658 ἐκείνῃ,οὐδὲ

183 2676 315 2743 δόξα
343 2678 490 2731 ἐστὶν
539 2679 573 2749 ἡ
618 2676 745 2744 δόξα
770 2678 871 2747 τῆς
892 2678 1148 2743 παλαιᾶς.
1178 2678 1290 2749 Οὐχ
1317 2677 1503 2743 ἁπλῶς
1527 2678 1582 2732 δὲ
1602 2678 1663 2731 τὸ
1684 2676 1762 2749 μὴ

184 2766 329 2823 εἶναι
348 2768 505 2835 δόξαν
543 2768 968 2835 κατασκευάζει.
1000 2769 1092 2822 Διὸ
1123 2770 1342 2839 ἐπάγει,
1371 2770 1442 2823 ἐν
1468 2750 1656 2835 τούτῳ
1682 2767 1762 2836 τῷ

175 2862 663 2933 μέρει,τουτέστιν
686 2863 830 2918 κατὰ
852 2863 942 2917 τὸν
973 2864 1072 2936 τῆς
1101 2864 1444 2935 συγκρίσεως
1475 2863 1651 2933 λόγον.

262 3060 285 3094 ι
325 3043 581 3113 Ἔχοντες
603 3036 698 3097 οὖν
726 3040 988 3107 τοιαύτην
1024 3041 1234 3107 ἐλπίδα,
1272 3043 1437 3115 πολλῇ
1474 3045 1761 3116 παρρησίᾳ

1860 1949 2029 2004 tionis
2067 1948 2238 2017 gloria
2277 1956 2402 2016 est,
2456 1948 2633 2002 multo
2686 1948 2867 2019 magis
2896 1947 3140 2004 abundat
3189 1946 3440 2002 ministe-

1861 2042 2003 2096 rium
2035 2040 2267 2109 justitiae
2296 2040 2351 2094 in
2384 2039 2580 2111 gloria.
2611 2058 2629 2091 ι

1932 2132 2034 2187 llic
2068 2149 2265 2188 rursus
2285 2131 2553 2187 Iudaicos
2584 2132 2817 2202 spiritus
2852 2132 3187 2203 comprimit.

1933 2225 2099 2283 Vens.
2142 2227 2228 2291 lO,
2263 2227 2350 2281 ll.
2404 2244 2424 2277 ι
2458 2223 2595 2280 Nam
2637 2241 2738 2281 nec
2768 2226 3130 2297 gloriﬁcatum
3185 2230 3270 2280 est
3296 2222 3442 2295 quod

1860 2320 2064 2375 claruit
2091 2319 2147 2373 in
2181 2318 2281 2373 hac
2314 2328 2494 2389 parte,
2535 2329 2761 2389 propter
2788 2318 3152 2374 excellentem
3184 2315 3440 2386 gloriam.

1863 2411 1921 2468 Si
1953 2413 2103 2469 enim
2140 2411 2287 2481 quod
2333 2422 2652 2476 evacuatur.
2689 2428 2784 2483 per
2833 2412 3064 2483 gloriam
3112 2421 3219 2476 est,
3269 2411 3444 2465 multo

1862 2505 2038 2575 magis
2061 2506 2208 2574 quod
2234 2511 2442 2571 manet,
2474 2505 2527 2559 in
2549 2505 2718 2576 gloria
2747 2515 2850 2561 est.
2884 2524 2902 2556 ι

1936 2596 1993 2651 Si
2034 2597 2263 2667 gloriam
2297 2596 2463 2661 hanc,
2511 2596 2714 2664 inquit.
2764 2611 2891 2650 cum
2949 2596 3040 2650 illa
3069 2594 3441 2657 conferamus.

1863 2685 2296 2756 haudquaquam
2340 2685 2518 2752 gloria
2569 2684 2737 2739 fuerit
2770 2684 2942 2754 gloria
2988 2684 3128 2754 legis
3182 2684 3441 2754 antiquze.

1862 2775 2051 2846 Neque
2096 2790 2231 2831 vero
2268 2774 2521 2830 absolute
2563 2775 2768 2847 evincit
2798 2774 3031 2845 gloriam
3075 2775 3216 2829 hanc
3258 2788 3443 2831 veram

1864 2882 1974 2923 non
2002 2868 2280 2923 exstitisse
2306 2907 2321 2931 ,
2358 2864 2453 2921 sed
2480 2864 2653 2933 addit,
2694 2866 2751 2921 in
2794 2866 2894 2921 hac
2930 2876 3080 2935 parte
3129 2882 3147 2921 :
3198 2867 3302 2921 hoc
3360 2874 3443 2922 est

1863 2977 1969 3033 qua
1998 2972 2150 3029 parte
2180 2968 2595 3029 comparantur.
3504 2946 3511 2949 ’

1936 3052 2103 3107 Vens.
2126 3052 2316 3116 12,13.
2348 3070 2366 3103 ‹
2397 3049 2670 3106 Habentes
2696 3049 2866 3121 igitur
2887 3048 3050 3104 talem
3073 3065 3247 3120 spem,
3276 3050 3443 3103 multa

180 3132 471 3205 χρώμεθα,
499 3136 594 3189 καὶ
617 3135 678 3189 ού
708 3134 962 3207 καθάπερ
994 3136 1235 3207 Μωῦσῆς
1285 3136 1454 3191 ἐτίθει
1496 3138 1760 3210 κάλυμμα

1866 3145 2067 3200 fiducia
2110 3146 2317 3199 utimur
2348 3161 2363 3197 :
2395 3154 2448 3200 et
2472 3161 2580 3200 non
2606 3146 2752 3201 sicut
2790 3144 3005 3215 Moyses
3032 3142 3274 3213 ponebat
3300 3143 3445 3197 vela-

183 3227 279 3279 ἑπὶ
313 3226 374 3278 τὸ
416 3225 706 3296 πρόσωπον
729 3225 916 3280 αὑτοῦ.
942 3246 959 3278 ι

266 3317 426 3372 Ἐπεὶ
456 3316 694 3373 τοσαῦτα
716 3319 811 3373 καὶ
832 3316 1138 3388 τηλικαῦτα
1162 3317 1400 3382 ἀκούσας
1427 3320 1455 3372 δ
1483 3319 1760 3390 ἀκροατὴς

185 3410 315 3479 περὶ
337 3408 439 3477 τῆς
468 3409 660 3479 καινῆς
681 3409 886 3479 ἐζήτει,
917 3409 1015 3462 καὶ
1039 3408 1470 3480 όφθαλμοφανῶς
1493 3411 1592 3480 τὴν
1607 3410 1763 3476 δόξαν

180 3500 391 3570 ταύτην
417 3500 567 3566 ίδεῖν,
598 3501 701 3572 δρα
754 3499 858 3553 ποῦ
893 3499 1055 3553 αὑτὸν
1113 3497 1452 3565 ἐξακοντίζει
1481 3501 1617 3573 πρὸς
1671 3501 1764 3571 τὸν

184 3592 456 3662 μέλλοντα
481 3593 676 3651 αἰῶνα.

259 3704 283 3736 ‹
310 3684 459 3755 Πρὸς
486 3685 547 3738 τὸ
585 3686 658 3755 μὴ
681 3685 924 3740 ἀτενίσαι
961 3687 1089 3751 τοὺς
1143 3687 1292 3750 υἱοὺς
1326 3686 1562 3758 Ἰσραὴλ,
1597 3687 1677 3751 είς
1704 3687 1766 3741 τδ

176 3774 341 3838 τέλος
376 3774 469 3828 τοῦ
498 3775 966 3847 καταργουμένου.
1011 3796 1029 3827 ι

251 3868 331 3920 Ού
349 3867 508 3938 χρεία
540 3868 912 3922 καλύπτεσθαι
940 3870 1106 3940 ἡμᾶς,
1134 3872 1287 3941 φησὶ,
1322 3872 1574 3943 καθάπερ
1603 3874 1766 3928 Maii)-

179 3958 307 4030 σῆς.
334 3960 566 4013 Δυνατολ⁵
596 3962 706 4033 γάρ
730 3964 891 4037 ἡμεῖς
928 3962 1059 4016 ἰδεῖν
1092 3963 1171 4028 είς
1204 3965 1307 4035 τὴν
1329 3964 1487 4030 δόξαν
1536 3965 1763 4036 ταύτην,

179 4053 256 4121 ἢν
322 4053 733 4124 περικείμεθα,
794 4055 973 4109 καίτοι
1038 4054 1220 4127 πολλῷ
1291 4057 1514 4128 μείζονα
1598 4055 1764 4114 οὖσαν

176 4145 427 4215 ἐκείνης.

253 4257 273 4289 c
307 4238 450 4292 Ἀλλ’
472 4238 741 4311 ἐπωρώθη
776 4240 845 4294 τὰ
874 4242 1125 4312 νοήματα
1153 4241 1356 4298 αὐτῶν.
1392 4260 1412 4295 ι

253 4330 343 4383 Τά
373 4330 656 4398 μέλλοντα.
690 4332 844 4400 φησι,
878 4332 1229 4403 προέγραψεν
1282 4335 1311 4387 δ
1332 4335 1526 4405 ’νόμος.
1554 4334 1630 4390 Οὐ
1656 4336 1767 4407 γάρ

179 4421 349 4491 μόνον
373 4420 495 4497 τότε
535 4420 635 4475 οὐκ
662 4416 821 4487 εἶδον,
852 4422 965 4476 ἀλλ’
993 4423 1109 4477 οὐδὲ
1133 4424 1227 4477 νῦν
1244 4424 1412 4495 ὁρῶσι
1445 4424 1537 4478 τὸν
1563 4424 1729 4496 νόμον
1747 4440 1763 4457 ο

1867 3254 1988 3293 men
2027 3254 2194 3309 super
2218 3238 2413 3293 faciem
2442 3255 2618 3293 suam.
2651 3258 2669 3290 ι

1936 3330 2206 3397 Quoniam
2236 3330 2456 3385 auditor
2484 3329 2575 3386 tot'
2600 3337 2861 3400 tantaque
2890 3328 3164 3384 audiendo
3195 3327 3347 3398 131
3379 3326 3447 3382 de

1865 3437 2011 3476 novo
2042 3429 2399 3485 testamento,
2440 3429 2737 3490 rogaturus
2772 3427 2914 3485 erat,
2961 3426 3022 3472 ut
3060 3418 3236 3473 oculis
3281 3416 3443 3472 etiam

1866 3512 2097 3583 gloriam
2136 3512 2280 3566 hanc
2308 3511 2560 3566 contueri
2593 3511 2784 3565 liceret
2813 3509 2953 3576 sibi;
2980 3507 3107 3564 vide
3140 3523 3251 3578 quo
3285 3514 3447 3577 pacto

1865 3606 1920 3660 in
1952 3621 2129 3660 aevum
2159 3604 2405 3659 futurum
2438 3618 2561 3658 eum
2590 3602 2823 3670 rejiciat.

1944 3716 1962 3749 ι
1997 3695 2069 3751 Ut
2110 3710 2218 3750 non
2261 3695 2612 3751 intenderent
2658 3693 2751 3749 filii
2799 3691 2969 3748 Israel
3006 3690 3061 3745 in
3109 3690 3273 3745 finem
3301 3688 3443 3760 ejus,

1866 3788 2011 3861 quod
2050 3796 2367 3844 evacuatur.
2402 3807 2421 3841 ι

1938 3879 2086 3951 Opus
2132 3881 2407 3937 velamine
2449 3893 2560 3935 non
2612 3885 2699 3935 est
2750 3877 2934 3944 nobis,
2982 3872 3443 3947 quemadmodum

1868 3972 2063 4045 Moysi.
2120 3971 2259 4026 Nam
2320 3970 2553 4043 gloriam
2611 3969 2751 4024 hanc
2805 3967 3051 4023 contueri
3114 3980 3444 4038 possumus.

1868 4080 1974 4135 qua
2050 4062 2568 4127 circumvestimur,
2643 4060 2902 4132 quamvis
2971 4057 3068 4114 illa
3130 4056 3294 4127 longe
3369 4055 3444 4112 sit

1869 4156 2069 4223 major.

1944 4248 2107 4304 Vens.
2141 4249 2230 4304 l4.
2270 4267 2290 4301 ι
2326 4248 2432 4305 Sed
2464 4246 2644 4303 obtusi
2675 4252 2806 4302 sunt
2834 4260 3031 4302 sensus
3067 4256 3279 4300 eorum.
3317 4260 3338 4293 ι

1940 4340 2190 4406 Futura,
2244 4340 2453 4409 inquit.
2508 4339 2620 4409 jam
2680 4338 2816 4393 olim
2868 4338 2949 4393 lex
2998 4336 3445 4392 adumbraverat.

1873 4432 1990 4490 Non
2024 4434 2203 4489 solum
2238 4434 2383 4488 enim
2437 4433 2580 4486 nihil
2636 4440 2767 4485 tunc
2802 4429 3086 4495 videbant,
3135 4428 3231 4484 sed
3269 4443 3447 4497 neque

175 4512 282 4564 καὶ
312 4512 345 4581 ἡ
375 4510 525 4564 αίτία
556 4512 686 4583 παρ’
728 4513 932 4576 αὐτοῖς.
985 4512 1049 4565 Ἥ
1090 4512 1198 4584 γάρ
1222 4512 1503 4585 πώρωσις,
1539 4513 1762 4587 γνώμης

1872 4526 2037 4581 hodie
2071 4526 2243 4593 legem
2278 4524 2486 4580 vident.
2523 4523 2703 4593 Atque
2734 4522 2836 4576 hoc
2862 4522 2964 4591 ipsi
2993 4520 3096 4576 sibi
3123 4521 3445 4591 praestitere.

172 4605 335 4657 ἐστὶν
359 4603 687 4675 άναισθήτου
710 4606 804 4660 καὶ
824 4604 1240 4677 ἀγνωμοσύνης.

261 4804 283 4836 ‹
317 4787 489 4855 ’Δχρι
535 4786 643 4857 γὰρ
699 4786 800 4856 τῆς
832 4790 1071 4858 σήμερον
1095 4789 1155 4840 τὸ
1198 4786 1335 4841 αύτδ
1376 4787 1648 4858 κάλυμμα
1672 4787 1767 4841 ἐπὶ

168 4878 247 4945 τῇ
280 4874 591 4943 ἀναγνώσει
618 4876 719 4947 τῆς
750 4877 991 4942 Παλαιὰ
1032 4877 1310 4950 Διαθήκης
1342 4878 1495 4949 μένει
1529 4877 1604 4949 μὴ
1631 4879 1766 4934 ἁνα-

171 4968 620 5037 κα).υπτόμενον.
656 4986 673 5019 ι

254 5062 323 5114 Τί
345 5060 679 5131 θαυμάζετε,
718 5063 903 5132 φησιν,
940 5062 989 5115 εί
1026 5062 1127 5133 τὴν
1172 5060 1331 5127 δόξαν
1381 5064 1590 5136 ταύτην
1640 5064 1769 5119 ίδεῖν

169 5158 238 5210 οὗ
271 5156 559 5219 δύνανται,
583 5156 715 5208 ὅπου
755 5172 820 5224 γε
860 5155 957 5209 καὶ
988 5155 1086 5224 τὴν
1120 5155 1332 5210 ἐλάττω
1358 5156 1459 5226 τὴν
1488 5158 1769 5222 Μωῦσέως

169 5249 284 5301 οὐκ
311 5244 484 5311 εἶδον,
514 5244 639 5300 οὔτε
668 5248 749 5310 είς
776 5247 838 5300 τὸ
868 5246 1163 5317 πρόσωπον
1192 5247 1439 5301 άτενίσαι
1478 5247 1771 5317 ίσχύσαντο

172 5339 527 5398 ἑκείνουςτί
555 5339 613 5393 δὲ
659 5340 994 5413 ταράττεσθε
1032 5341 1080 5392 εί
1137 5340 1200 5393 οὐ
1238 5338 1594 5394 πιστεύουσιν
1639 5342 1771 5395 Ἰου-

171 5432 327 5485 ante!
350 5428 599 5502 Χριστῷ,
632 5432 765 5485 ὃπου
826 5447 892 5500 γε
916 5431 1038 5484 οὐδὲ
1062 5430 1142 5503 τῷ
1171 5431 1324 5502 νόμῳ
1360 5432 1642 5503 νομίμως;
1675 5434 1772 5486 Διὰ

172 5523 294 5595 γὰρ
350 5521 517 5575 τοῦτο
565 5521 661 5576 καὶ
708 5522 809 5591 τὴν
863 5521 1027 5593 χάριν
1083 5523 1381 5593 ἠγνόησαν,
1419 5524 1606 5594 ἐπειδὴ
1650 5525 1772 5579 οὐδὲ

175 5613 283 5684 τὴν
328 5613 581 5667 Παλαιὰν
627 5613 906 5685 Διαθήκην
960 5611 1101 5668 εἶδον
1128 5653 1142 5676 ,
1197 5615 1319 5669 οὐδὲ
1359 5614 1463 5686 τὴν
1514 5616 1574 5668 ἐν
1633 5616 1771 5686 αὐτῇ

177 5706 368 5770 δόξαν.
444 5706 582 5774 Δόξαι
640 5708 749 5778 γάρ
805 5707 991 5778 νόμου,
1038 5707 1097 5760 τὸ
1156 5708 1291 5778 πρὸς
1358 5708 1593 5779 Χριστὸν
1646 5712 1766 5763 ἑπι-

182 5796 445 5866 στρέψαι.

1870 4617 2100 4673 Obtusio
2133 4617 2409 4686 siquidem
2449 4614 2620 4668 animi
2675 4621 2759 4669 est
2806 4613 3048 4684 expertis
3103 4625 3337 4677 sensus,
3396 4620 3443 4665 et

1870 4707 2092 4777 ingrati.

1947 4816 1967 4849 r
1997 4795 2184 4866 Usque
2204 4795 2261 4849 in
2291 4794 2618 4849 hodiernum
2657 4792 2802 4846 enim
2834 4793 2976 4847 diem
3007 4792 3060 4847 id
3095 4793 3275 4863 ipsum
3298 4790 3441 4845 vela-

1870 4905 1993 4945 men
2031 4888 2087 4941 in
2119 4886 2361 4942 lectione
2388 4884 2606 4940 Veteris
2633 4883 2969 4939 Testamenti
3011 4892 3195 4940 manet
3220 4897 3331 4939 non
3359 4897 3445 4938 re-

1872 4982 2131 5036 velatum.
2168 4998 2188 5031 ι

1941 5073 2052 5127 Cur
2085 5071 2383 5136 miremini,
2436 5068 2646 5141 inquit,
2698 5071 2846 5138 quod
2894 5070 3308 5139 gloriamhanc
3339 5085 3445 5124 non

1869 5164 2337 5228 valeantintueri,
2371 5164 2462 5234 qui
2492 5178 2595 5219 nec
2624 5163 2895 5218 minorem
2928 5178 3033 5232 qua
3064 5160 3277 5231 Moyses
3296 5176 3442 5216 orna-

1872 5256 2054 5319 batur,
2085 5254 2364 5318 viderunt,
2403 5269 2506 5309 nec
2548 5254 2602 5309 in
2638 5254 2854 5308 vultum
2908 5252 3032 5321 ejus
3083 5253 3253 5307 aciem
3287 5251 3465 5321 figere

1873 5346 2213 5417 potuerunt?
2271 5343 2410 5412 Quid
2463 5358 2597 5399 vero
2649 5341 3134 5406 commoveamini,
3191 5341 3449 5410 quoniam

1871 5436 2044 5493 Judaei
2090 5452 2201 5492 non
2238 5437 2471 5492 credunt
2526 5436 2773 5496 Christo.
2829 5449 2954 5490 cum
2999 5447 3099 5488 nec
3134 5432 3373 5502 legitime
3398 5443 3451 5488 et

1876 5529 1953 5584 uti
1986 5543 2087 5599 par
2114 5536 2220 5593 est,
2248 5528 2353 5599 legi
2393 5527 2552 5583 ﬁdem
2584 5525 2885 5596 praestent?
2912 5522 3049 5579 Nam
3072 5522 3196 5578 ideo
3221 5522 3449 5593 gratiam

1874 5621 2152 5692 ignorant,
2185 5621 2317 5691 quia
2368 5635 2549 5691 neque
2587 5619 2998 5673 Testamentum
3041 5614 3211 5672 Vetus
3248 5614 3449 5673 sciunt.

1875 5725 2051 5782 neque
2077 5709 2306 5781 gloriam
2334 5724 2496 5781 quam
2547 5707 2680 5767 illud
2728 5708 2996 5763 continet.
3030 5706 3219 5766 Gloria
3250 5703 3453 5776 quippe

1876 5801 2013 5863 lectis
2044 5808 2129 5859 est
2160 5800 2447 5859 conversio
2480 5800 2547 5858 ad
2581 5796 2882 5856 Christum.
