3910 6398
622 373 730 442 7‘23

1818 383 1879 440 S.
1920 381 1952 440 J
1958 379 2159 440 OANN
2167 378 2237 437 IS
2268 379 2665 439 DAMASCEN
2672 380 2698 438 Ι
3725 370 3795 433 725

688 506 708 538 ι
743 485 1012 553 Quoniam
1041 486 1096 540 in
1127 484 1352 540 Christo
1370 493 1690 542 evacuatur.
1719 486 1910 559 [Vens
1944 487 2058 561 15.]
2093 487 2197 542 Sed

2380 507 2398 539 ι
2433 488 2557 541 Ὅτι
2590 489 2647 540 ἑν
2679 485 2901 558 Χριστῷ
2925 484 3284 555 καταργεῖται
3303 499 3316 516 ο
3347 481 3460 536 ἀλλ’
3479 481 3574 544 ἕως
3602 481 3818 558 equam”

614 593 792 647 usque
838 577 894 630 in
945 573 1270 630 hodiernum
1327 576 1470 631 diem
1524 591 1650 632 cum
1707 578 1907 649 legitur
1959 579 2192 652 Moyses,

612 669 863 722 velamen
897 667 1133 737 positum
1164 679 1247 722 est
1279 682 1447 738 super
1475 682 1574 723 cor
1602 683 1818 725 eorum.
1857 688 1875 722 ι

689 758 808 815 Hoc
853 760 1054 829 ipsum,
1091 760 1291 830 inquit,
1323 775 1554 816 cernere
1595 769 1900 832 nequeunt,
1953 761 2080 833 quia
2111 761 2199 817 lex

619 851 812 918 desiit;
836 850 1276 922 quandoquidem
1300 850 1519 906 Christo
1554 868 1665 906 non
1699 853 1953 906 credunt.
1979 851 2116 907 Nam
2152 853 2198 909 si

623 956 721 1011 per
748 940 1029 995 Christum
1068 941 1152 998 lex
1186 940 1444 1004 cessavit,
1475 939 1568 1010 qui
1617 939 1738 994 ﬁeri
1789 950 1970 1011 potest
2012 949 2070 995 ut
2120 941 2200 995 illi

622 1032 865 1096 videant,
885 1033 978 1103 qui
1002 1032 1284 1088 Christum
1310 1047 1418 1088 non
1451 1033 1744 1104 recipiunt,
1783 1049 1878 1104 per
1909 1049 2076 1105 quem
2113 1034 2200 1088 lex

624 1126 982 1193 antiquatur?

695 1215 863 1270 Vens.
902 1215 991 1280 16,
1025 1215 1114 1268 l7.
1155 1233 1172 1266 ι
1208 1214 1342 1268 Cum
1385 1221 1570 1269 autem
1604 1229 1910 1270 conversus
1944 1213 2110 1268 fuerit
2137 1213 2202 1268 ad

627 1306 957 1369 Dominum,
1017 1304 1298 1359 auferetur
1351 1305 1624 1359 velamen.
1689 1303 1956 1359 Dominus
2019 1311 2203 1357 autem

626 1397 866 1467 Spiritus
911 1404 1034 1462 est;
1083 1398 1176 1451 ubi
1228 1405 1414 1452 autem
1461 1397 1704 1468 Spiritus
1750 1397 1988 1462 Domini,
2028 1396 2102 1450 ibi
2140 1396 2207 1449 li-

623 1489 829 1544 bertas.
866 1507 886 1540 ι

694 1578 952 1636 Ostendit
975 1592 1084 1648 qua
1115 1581 1333 1632 ratione
1370 1576 1683 1633 emendatio
1712 1587 2030 1646 peragatur.

695 1670 864 1726 Vens.
901 1670 987 1724 18.
1031 1687 1051 1721 ι
1082 1668 1197 1724 Nos
1232 1675 1418 1722 autem
1450 1682 1643 1722 omnes
1667 1669 1902 1722 revelata
1933 1668 2071 1722 facie
2093 1668 2210 1738 glo-

628 1765 765 1818 riam
797 1764 890 1818 Dei
919 1763 1296 1833 speculantes,
1336 1779 1355 1813 ι

698 1853 811 1910 Nos
863 1868 1034 1918 vero,
1095 1853 1312 1922 inquit,
1370 1866 1722 1921 nequaquam
1773 1865 2001 1921 egemus
2061 1850 2209 1906 vela-

629 1947 795 2000 mine.

690 2053 710 2086 ι
750 2033 809 2089 In
853 2034 1103 2091 eamdem
1156 2033 1449 2104 imaginem
1497 2028 1966 2086 transformamur
2008 2046 2036 2082 a
2093 2030 2208 2084 ela—

630 2128 796 2183 ritate
849 2126 904 2182 in
971 2127 1319 2189 claritatem,
1382 2133 1646 2192 tanquam
1708 2137 1737 2174 a
1806 2120 2022 2175 Domini
2082 2122 2209 2191 Spi-

632 2219 763 2275 ritu.
807 2238 827 2270 ι

705 2311 882 2366 Simul
927 2310 1074 2365 enim
1127 2317 1348 2381 quando
1413 2308 1798 2380 baptizamur,
1857 2305 2036 2359 anima
2088 2317 2214 2374 per-

631 2411 861 2474 purgata
893 2402 1030 2458 solis
1074 2402 1252 2457 instar
1283 2402 1537 2472 refulget,
1570 2409 1736 2470 atque
1778 2413 1885 2452 non
1919 2395 2085 2449 modo
2116 2393 2210 2448 Dei

632 2495 863 2565 gloriam
890 2493 1353 2563 contemplemur,
1389 2493 1482 2548 sed
1513 2502 1567 2546 et
1615 2491 1883 2561 fulgorem
1921 2486 2212 2558 quemdam

631 2602 696 2641 ex
727 2601 791 2642 ea
814 2586 1140 2656 accipimus,
1176 2585 1322 2640 haud
1353 2600 1514 2640 secus
1547 2593 1714 2653 atque
1742 2587 2029 2650 argentum
2058 2593 2213 2631 mun-

632 2678 762 2732 dum
795 2676 863 2731 ad
912 2677 1099 2732 radios
1141 2677 1357 2732 solares
1395 2674 1733 2746 oppositum,
1781 2672 1961 2740 ipsum
1992 2683 2213 2740 quoque

636 2770 817 2825 radios
848 2769 1051 2825 vibrat.

1161 2897 1169 2902 ”
1279 2905 1435 2964 CAP.
1486 2905 1576 2960 tv.

705 3023 871 3079 Vens.
921 3024 972 3076 i.
1041 3039 1062 3073 ι
1114 3020 1242 3075 ideo
1310 3017 1580 3073 habentes
1639 3017 2215 3082 administrationem,

632 3116 788 3184 juxta
817 3114 966 3184 quod
1008 3109 1446 3167 misericordiam
1503 3110 1790 3166 consecuti
1836 3124 2052 3176 sumus,
2108 3125 2215 3164 non

635 3209 947 3263 deficimus.
988 3225 1006 3259 ι

710 3299 1164 3356 Animadvertens
1204 3313 1393 3354 eorum
1447 3311 1572 3366 qua:
1630 3295 1849 3352 dixerat
1899 3295 2218 3362 praecellen-

643 3393 780 3446 tiam
804 3399 858 3447 et
889 3391 1296 3457 celsitudinem,
1336 3391 1536 3445 iterum
1574 3389 1913 3445 moderatius
1949 3388 2218 3458 loquitur,

644 3492 810 3554 atque
839 3483 933 3537 illa
979 3483 1184 3538 habere
1231 3497 1290 3538 se
1330 3480 1617 3553 profitetur
1649 3495 1715 3536 ex
1747 3478 2128 3536 misericordia
2167 3486 2222 3533 et

639 3579 886 3634 bonitate
917 3578 1031 3633 Dei.

716 3669 873 3740 132
924 3668 1092 3724 Vens.
1121 3667 1177 3724 8.
1223 3686 1244 3721 ι
1284 3667 1387 3723 Sed
1441 3665 1827 3723 abdicavimus
1867 3667 2085 3723 occulta
2124 3668 2214 3723 de-

639 3761 876 3826 decoris,
912 3775 1019 3814 non
1059 3760 1426 3816 ambulantes.

713 3850 1066 3922 Nequaquam
1115 3866 1312 3922 magna
1364 3853 1735 3920 promittimus
1788 3861 1887 3909 aut
1947 3852 2223 3924 pollicita-

641 3958 788 4009 Itur,
815 3944 1016 4014 inquit,
1062 3951 1116 3998 et
1150 3945 1255 3997 alia
1286 3943 1450 3998 factis
1483 3956 1835 4013 praestamus,
1858 3945 2221 4015 quemadmo-

642 4038 771 4092 Cum
801 4037 923 4103 illi;
949 4038 1044 4092 sed
1075 4037 1223 4091 tales
1256 4050 1470 4101 sumus,
1495 4039 1691 4108 quales
1722 4038 1990 4094 videmur.

719 4145 737 4178 ι
772 4126 834 4181 ln
868 4128 1094 4182 astutia.
1136 4145 1154 4178 ι

713 4216 854 4273 Nam
887 4220 966 4274 illi
1000 4221 1238 4276 honores
1265 4235 1373 4275 non
1417 4234 1670 4289 accipere
1690 4222 2066 4291 putabantur;
2095 4235 2223 4276 cum

646 4309 865 4365 interim
897 4310 1231 4379 acciperent,
1263 4319 1317 4365 et
1343 4310 1611 4364 celarent.
1658 4310 1905 4366 Honores
1950 4312 2226 4367 habebant

646 4407 966 4453 sanctorum
1004 4407 1058 4453 et
1089 4401 1440 4469 probatorum
1459 4399 1836 4469 apostolorum
1865 4419 1879 4461 ;
1909 4410 1966 4455 at
1992 4416 2222 4456 sexcen-

650 4490 723 4544 tis
761 4496 921 4542 erant
968 4489 1110 4544 vitiis
1143 4489 1309 4561 pleni.
1356 4489 1482 4544 Haec
1522 4501 1652 4546 sunt
1678 4491 1826 4546 enim
1852 4508 1975 4563 quae
2018 4493 2224 4548 occulta

648 4590 809 4635 vocat
835 4581 1128 4640 dedecoris.

727 4691 745 4724 ι
786 4671 974 4744 Neque
1000 4674 1371 4734 adulterantes
1400 4680 1628 4736 verbum
1659 4679 1755 4733 Det
1790 4695 1805 4733 :
1841 4677 1934 4733 sed
1967 4677 2022 4732 in
2052 4679 2226 4733 mani-

651 4763 948 4820 festatione
970 4766 1223 4824 veritatis
1262 4770 1716 4826 commendantes
1755 4769 2128 4838 nosmetipsos
2158 4766 2226 4822 ad

650 4867 870 4910 omnem
898 4856 1298 4913 conscientiam
1325 4860 1633 4926 hominum,
1660 4874 1847 4915 coram
1884 4857 2017 4914 Deo.
2063 4874 2083 4910 ι

719 5026 842 5084 Non
873 5031 1053 5086 solum
1087 5031 1142 5086 in
1181 5031 1348 5103 hujus
1378 5035 1504 5090 vitae
1551 5036 1880 5099 rationibus,
1917 5035 2012 5093 sed
2059 5038 2226 5093 etiam

648 5121 708 5179 in
745 5121 1152 5192 pmdicatione.

729 5213 894 5271 Vens.
924 5214 982 5269 ὅ.
1023 5234 1042 5266 ι
1082 5213 1238 5280 Quod
1274 5214 1322 5270 si
1353 5215 1515 5270 etiam
1555 5226 1808 5287 opertum
1845 5225 1930 5273 est
1979 5217 2230 5290 Evange-

653 5307 788 5361 lium
828 5316 1104 5372 nostrum,
1129 5309 1185 5362 in
1213 5307 1284 5362 iis
1314 5309 1406 5377 qui
1443 5317 1673 5377 pereunt
1709 5318 1791 5366 est
1827 5321 2100 5381 opertum.
2137 5332 2155 5363 ι

725 5396 868 5462 Quia
908 5397 1170 5453 virtutem
1200 5399 1323 5469 ejus
1356 5398 1607 5454 infideles
1633 5402 1976 5470 nesciebant,
2004 5404 2229 5461 intulit:

656 5485 772 5543 lloe
826 5497 1017 5546 nostra
1071 5491 1236 5562 culpa
1274 5505 1384 5548 non
1425 5492 1647 5560 accidit,
1701 5493 1799 5549 sed
1845 5495 2068 5552 illorum
2118 5509 2233 5556 stu-

658 5591 810 5646 pore.

732 5685 897 5742 Vsus.
936 5689 991 5743 ι.
1040 5709 1057 5742 ι
1101 5691 1158 5746 In
1180 5692 1381 5764 quibus
1410 5693 1552 5752 Deus
1587 5695 1754 5767 hujus
1792 5699 1975 5756 saeculi
2002 5717 2233 5759 excaeca-

658 5779 738 5837 vit
779 5779 986 5841 mentes
1019 5781 1344 5874 inlidelium,
1386 5794 1446 5843 ut
1490 5803 1599 5845 non
1648 5789 1853 5862 fulgeat
1886 5793 1995 5852 illis
2030 5795 2232 5854 illumi-
2269 5871 2296 5876 __

2300 578 2465 650 ἡνίκα
2523 577 2958 647 ἀναγινώσκεται
3022 575 3287 645 Μωῦσῆς,
3337 574 3595 641 κάλυμμα
3627 572 3704 624 ἐπὶ
3733 573 3799 641 τὴν

2302 668 2531 740 καρδίαν
2568 670 2749 723 αὐτῶν
2801 671 2999 723 κεῖται.
3028 687 3046 720 ι

2374 757 2567 824 Τοῦτο,
2599 758 2787 829 φησὶν,
2822 757 2883 811 οὐ
2935 756 3193 810 δύνανται
3240 755 3422 818 είδείν,
3469 755 3546 806 ὅτι
3573 752 3801 810 πέπαυται.

2305 853 2496 924 ἐπειδὴ
2526 853 2604 924 τῷ
2637 849 2861 923 Χριστῷ
2880 851 2943 904 οὑ
2970 849 3340 904 πιστεύουσιν.
3388 847 3455 899 Ei
3495 846 3593 915 γὰρ
3618 845 3690 897 διὰ
3709 844 3801 911 Χρι-

2308 944 2434 999 στοῦ
2471 945 2774 1008 πέπαυται,
2823 941 2943 1004 πῶς
2982 941 3030 994 oi
3089 937 3166 1010 μὴ
3219 938 3500 1008 δεχόμενοι
3522 934 3605 986 τὸν
3633 932 3804 1002 Χριστὶν

2305 1038 2624 1110 δυνήσονται
2648 1037 2838 1102 είδεῖν,
2859 1035 2943 1088 ὅτι
2970 1030 3408 1104 οὺ’κατήργηται
3437 1030 3466 1082 ὁ
3497 1030 3670 1098 νόμος,

2387 1252 2406 1286 ι
2442 1233 2639 1286 Ἦνίκα
2672 1231 2730 1285 δὲ
2757 1227 3135 1300 ἀνεπιστρέψῃ
3167 1227 3301 1297 πρὸς
3333 1223 3556 1294 Κύριον,
3581 1223 3807 1291 περιαιρεῖ-

2309 1343 2399 1377 ται
2432 1324 2494 1376 τὺ
2522 1323 2808 1393 κάλυμμα.
2853 1322 2912 1374 '0
2955 1320 3011 1373 δὲ
3045 1319 3250 1390 Κύριος
3280 1317 3342 1368 τὸ
3380 1312 3596 1383 Πνεῦμὰ
3640 1303 3803 1364 ἐστι·ιὶ

2311 1415 2367 1469 δὲ
2400 1415 2460 1469 τὺ
2497 1414 2723 1487 Πνεῦμα
2758 1411 2989 1485 Κυρίου,
3011 1412 3132 1463 ἐκεῖ
3158 1405 3467 1478 ἐλευθερία.
3507 1423 3524 1456 ι

2381 1597 2633 1650 Δείκνυσι
2660 1596 2749 1648 τδν
2778 1593 2984 1663 τρόπον
3013 1592 3111 1659 τῆς
3139 1587 3502 1660 διορθώσεως,

2391 1711 2408 1743 ι
2453 1691 2645 1757 Ἡμεῖς
2693 1688 2750 1740 δὲ
2811 1685 3012 1746 πάντες
3067 1678 3573 1751 ἀνακεκαλυμμένῳ
3607 1672 3807 1745 προσώπῳ

2242 1823 2284 1878 Β
2313 1783 2411 1851 τὴν
2437 1779 2595 1846 δόξαν
2620 1777 2825 1847 Κυρίου
2857 1772 3377 1878 κατοπριέόμενοι,
3411 1791 3433 1878 ἶ

2400 1872 2615 1940 Ἡμεῖς,
2654 1868 2838 1939 φησὶν,
2869 1867 2971 1919 οὑκ
3000 1862 3300 1936 ἐδεήθημεν
3333 1859 3668 1929 καλύμματος
3681 1855 3805 1918 ὥσπερ

2317 1965 2534 2018 ἐκεῖνοι.

2395 2074 2414 2108 ι
2455 2055 2567 2124 Τὴν
2610 2053 2777 2123 αὐτὴν
2830 2050 3016 2104 εἰκόνα
3069 2043 3588 2120 μεταμορφούμεθα,
3643 2036 3725 2092 ἀπὺ
3753 2036 3806 2086 δέ·

2319 2148 2417 2218 ξης
2457 2149 2537 2211 είς
2560 2145 2740 2210 δόξαν,
2793 2142 3048 2212 καθάπερ
3095 2141 3202 2193 ἀπὸ
3239 2137 3452 2209 Κυρίου
3504 2132 3802 2203 Πνεῦματπη

2393 2328 2547 2397 ’Λμα
2568 2342 2626 2378 τε
2655 2327 2764 2395 γὰρ
2799 2319 3198 2394 βαπτιζόμεθα,
3254 2319 3350 2371 καὶ
3383 2316 3523 2386 ὑπὲρ
3547 2313 3631 2367 τὸν
3661 2310 3768 2380 ἥλιον
3787 2304 3805 2372 ᾖ

2319 2418 2468 2489 ψυχὴ
2488 2417 2697 2487 λάμπει
2728 2415 2837 2468 τῶν
2862 2411 3280 2484 καθαιρομένων
3299 2426 3314 2440 ο
3350 2409 3449 2462 καὶ
3484 2406 3540 2459 οὐ
3569 2403 3697 2475 μόνον

2326 2527 2426 2582 μεν
2457 2510 2536 2571 είς
2582 2507 2739 2572 δόξαν
2783 2503 2880 2558 τοῦ
2936 2503 3093 2566 Θεοῦ,
3127 2500 3266 2556 ἀλλὰ
3321 2497 3576 2553 κάκεῖθεν
3622 2489 3806 2582 Gemuit

2321 2580 2444 2653 τινα
2497 2599 2598 2668 τὴν
2651 2594 2963 2668 ἀστραπὴν,
3016 2593 3208 2662 ὥσπερ
3260 2591 3309 2643 εί
3355 2591 3589 2661 ἄργυρος
3647 2580 3807 2647 καθαρὰ

2323 2690 2461 2761 πρὸς
2496 2689 2596 2753 τὰς
2633 2689 2864 2753 ἀκτῖνας
2898 2685 3172 2758 κείμενος,
3209 2681 3307 2736 καὶ⁵
3353 2681 3517 2744 αὐτὸς
3553 2676 3733 2735 ἀκτῖνας
3753 2671 3808 2721 ἐκ·

2324 2783 2613 2855 πέμψειεν.

2932 2909 3185 2965 ΚΕΦᾹΛ.
3231 2905 3305 2962 Δ’.

2403 3047 2421 3082 ι
2465 3028 2564 3082 Διὰ
2591 3027 2751 3081 τοῦτο
2780 3025 2994 3097 ἔχοντες
3020 3023 3120 3096 τὴν
3153 3023 3441 3078 διακονίαν
3464 3018 3666 3089 ταύτην,
3689 3010 3809 3070 καθὼς

2326 3121 2664 3192 ἠλεήθημεν,
2696 3120 2799 3172 οὐκ
2824 3115 3193 3188 ὲκκακοῦμεν.
3235 3133 3255 3168 ι

2383 3297 2716 3368 Αἰσθόμενος
2768 3295 2867 3365 τῆς
2904 3293 3212 3366 ὑπερϐολῆς
3244 3293 3339 3346 καὶ
3377 3290 3475 3345 τοῦ
3508 3285 3726 3360 μεγέθους
3744 3276 3810 3329 τῶν

2329 3389 2661 3461 εἰρημένων,
2705 3387 2990 3458 μετριάζει
3024 3385 3204 3447 πάλιν,
3260 3385 3356 3437 καὶ
3396 3381 3566 3437 ταῦτα
3587 3377 3676 3433 ἀπὺ
3693 3372 3811 3427 ἐλέους

2329 3480 2474 3552 ἔχειν
2500 3479 2696 3549 λέγων,
2720 3477 2815 3531 καὶ
2842 3475 3251 3547 φιλανθρωπίας
3270 3473 3436 3527 Θεοῦ.

2414 3676 2433 3708 ι
2475 3653 2638 3708 Ἀλλὰ
2663 3649 3017 3721 ἀπειπάμεθα
3042 3648 3110 3702 τὰ
3142 3646 3364 3717 κρυπτὰ
3385 3645 3488 3716 τῆς
3521 3631 3814 3711 αἰσχύνηςνμξ

2330 3745 2779 3820 περιπατοῦντες.
2817 3761 2835 3794 ι

2399 3813 2513 3894 Dim
2566 3833 3042 3906 ἐπαγγελλόμεθα,
3104 3830 3280 3902 φησὶ,
3334 3830 3436 3882 καὶ
3504 3813 3814 3892 ὑπισχνούμεθα

2335 3931 2568 4004 μεγάλα,
2615 3929 2782 3999 ἕτερα
2821 3926 2878 3978 δὲ
2935 3925 3030 3976 ἐπὶ
3089 3923 3199 3976 τῶν
3232 3921 3418 3991 ἔργων
3443 3907 3814 4004 φέροιμι-καθά·

2332 3996 2437 4096 περ
2466 4025 2664 4077 ἐκεῖνοι
2691 3996 2720 4050 ’γ
2759 4018 2895 4072 ἀλλὰ
2941 4014 3174 4069 τοιοῦτοί
3233 4015 3432 4084 ἐσμεν,
3472 4007 3578 4064 οἷον
3618 3996 3813 4076 ὁρὼμεθιο

2403 4133 2422 4167 ι
2468 4115 2559 4169 Ἐν
2586 4109 2914 4181 πανουργίᾳ.
2952 4127 2970 4160 ι

2397 4207 2568 4274 Δόξαν
2622 4204 2732 4276 γὰρ
2769 4180 2921 4274 εἶχον
2975 4201 3051 4273 μὴ
3099 4198 3496 4269 λαμϐανόντων
3545 4194 3722 4250 ἐκεῖνοι,
3759 4180 3816 4233 ιιιῖ

2331 4301 2661 4372 ἐλάμϐανον,
2707 4275 2817 4351 καὶ
2875 4295 3182 4364 ἔκρυπτονο
3232 4291 3394 4356 δόξαν
3433 4286 3572 4360 εἶχον
3598 4283 3732 4353 ἁγίων
3760 4275 3817 4325 κεῖ

2333 4392 2649 4447 ἀποστόλων
2679 4387 2939 4458 δοκίμων.
2969 4381 3152 4439 Ἦσαν
3211 4383 3267 4436 δὲ
3294 4382 3509 4453 μυρίων
3531 4379 3742 4447 γέμοντες
3764 4379 3817 4414 κί’

2335 4486 2470 4551 κῶν,
2503 4484 2619 4538 ἀλλ’
2653 4483 2816 4554 ἡμεῖς
2838 4479 3051 4543 τούτοις
3096 4475 3479 4545 ἀπειπάμεθα,
3512 4469 3674 4541 φησίν.
3695 4458 3818 4515 Ταῦτα

2332 4582 2442 4650 γὰρ
2473 4578 2570 4631 καὶ
2602 4574 2833 4645 κρυπτὰ
2863 4572 3163 4642 αἰσχύνης
3191 4568 3382 4623 καλεῖ-⁸
3801 4641 3815 4652 .

2412 4645 2431 4724 ἓ
2473 4670 2625 4739 Μηδὲ
2662 4667 2944 4728 δολοῦντες
3003 4663 3096 4717 τὸν
3155 4662 3314 4730 λόγον
3359 4659 3456 4713 τοῦ
3490 4655 3632 4719 Θεοῦ,
3661 4645 3817 4742 ἁλλὲξῇ

2337 4758 2646 4830 φανερώσει
2729 4756 2828 4827 τῆς
2901 4752 3166 4823 ἀληθείας
3250 4749 3602 4808 συνιστῶντες
3663 4743 3818 4826 tata-1035

2337 4851 2496 4923 πρδςῖ
2530 4851 2714 4903 πᾶσαν
2774 4845 3082 4916 συνείδησιν
3137 4842 3443 4912 ἀνθρώπων
3469 4879 3485 4907 ,
3540 4835 3728 4892 ἐνώπιον
3761 4837 3818 4872 τω

2335 4943 2493 4996 Θεοῦ.
2529 4959 2547 4992 ι

2407 5034 2522 5088 Καὶ
2550 5032 2650 5086 οὐκ
2680 5032 2739 5084 ὲν
2769 5029 2849 5101 τῷ
2883 5028 3006 5100 βίῳ,
3037 5027 3196 5100 φησι,
3230 5026 3391 5096 μόνον
3430 5021 3616 5090 τούτῳ,
3639 5011 3740 5070 ἀλλὰ
3762 5001 3820 5056 11‘-

2337 5124 2395 5177 ὲν
2424 5123 2500 5192 τῷ
2529 5139 2599 5192 κη
2609 5120 2866 5191 ρύγματι.

2415 5233 2433 5265 ι
2462 5187 2526 5267 iit
2675 5187 2769 5265 καὶ
2833 5209 2951 5262 ἔστι
3011 5204 3430 5276 κεκαλυμμένον
3472 5202 3533 5256 τὺ
3579 5187 3822 5262 manili”

2340 5303 2520 5378 ἡμῶν,
2539 5304 2596 5357 ἐν
2624 5304 2736 5364 τοῖς
2751 5299 3151 5370 ἀπολλυμένοις
3179 5296 3295 5349 ἐστὶ
3315 5288 3713 5378 κεκαλυμμένον.
3739 5298 3772 5377 ι.

2423 5393 2648 5465 Ἐπειδὴ
2679 5394 2728 5446 οί
2756 5392 2977 5447 ἄπιστοι
3009 5388 3239 5459 ἠγνόουν
3275 5385 3440 5439 αὐτοῦ
3475 5383 3568 5453 τὴν
3609 5376 3824 5466 texier/.37:-

2339 5490 2570 5561 ἠγαγεν,
2597 5488 2680 5540 ὅτι
2702 5485 2802 5556 οὐχ
2826 5484 2860 5556 ἡ
2869 5484 2987 5556 μῶν
3011 5481 3171 5536 τοῦτο
3192 5480 3467 5550 ἔγκλημα,
3489 5475 3614 5531 ἀλλὰ
3639 5468 3715 5536 τῆς
3732 5466 3823 5514 ἐκεί·

2339 5599 2444 5636 νων
2470 5577 2851 5650 ἀναισθησίας.

2417 5713 2434 5745 ⁴
2481 5693 2570 5748 Ἐν
2602 5687 2686 5755 οἷς
2709 5691 2738 5744 ὁ
2764 5688 2896 5752 Θεὸς
2919 5687 3014 5742 τοῦ
3046 5686 3242 5751 αἰῶνος
3285 5684 3496 5747 τούτου,
3534 5669 3755 5744 ετῦφλωσε
3780 5673 3820 5755 ῖδ

2345 5789 2594 5856 νοήματα
2626 5783 2734 5845 τῶν
2767 5781 3035 5850 ἀπίστων,
3068 5781 3146 5846 είς
3167 5779 3228 5834 τὸ
3259 5777 3332 5845 μὴ
3362 5776 3586 5834 αὐγάσαι
3607 5752 3821 5823 αὐτοίςτῦν
