4048 6412
173 437 258 499 7‘25
1267 432 1361 491 IN'
1387 429 1621 490 EPIST.
1639 479 1643 481 .
1664 428 1763 486 AD
1800 426 2158 486 CORINTH.
2179 425 2278 485 Π.

3299 423 3404 484 726

174 540 428 614 φωτισμὸν
461 539 552 592 τοῦ
575 539 906 608 Εῦαγγελίου
937 539 1037 609 τῆς
1058 539 1216 610 δόξης
1252 539 1348 592 τοῦ
1380 537 1640 608 Χριστοῦ,
1666 537 1721 599 ὅς

1829 534 1979 589 natio
2038 530 2324 605 Evangelii.
2373 530 2562 601 gloria
2629 526 2878 592 Christi,
2935 526 3031 597 qui
3087 535 3170 582 est
3222 528 3403 598 imago

171 641 298 689 ἐστιν
329 630 494 684 εἰκῶν
524 629 617 682 τοῦ
643 629 800 684 Θεοῦ.
849 649 867 682 ι

225 723 527 787 Τουτέστιν,
578 723 607 775 ὀ
652 721 928 793 νομισθεὶς
954 723 1013 776 ὲν
1042 721 1122 793 τῷ
1168 721 1324 776 αίῶνι
1356 719 1531 792 τούτῳ
1565 718 1718 784 Θεός.

170 817 310 884 Λέγει
334 814 392 867 δὲ
423 814 516 867 τὸν
544 813 792 867 Σατανᾶν
824 813 924 883 (6).

233 929 249 960 ι
284 906 360 961 Οὐ
390 906 502 977 γὰρ
533 907 758 969 ἑαυτοὺς
782 904 1155 977 κηρύσσομεν,
1179 904 1316 960 ἀλλὰ
1341 904 1578 974 Χριστὸν
1619 902 1723 973 ’1η-

172 1001 279 1054 σοῦν
310 999 540 1071 Κύριον,
576 998 801 1062 ἑαυτοὺς
823 997 880 1051 δὲ
903 997 1127 1060 δούλους
1157 996 1248 1050 διὰ
1295 996 1527 1068 Ἰησοῦν.
1565 1012 1586 1048 ι

226 1194 312 1254 Εἰς
340 1191 586 1254 ὲκείνους
634 1190 950 1266 αίνίετεται,
983 1187 1064 1252 ’ὡς
1118 1187 1448 1260 ἐπαίροντας
1473 1187 1721 1251 ἑαυτοὺς,

168 1286 244 1337 καὶ
272 1283 555 1346 πείθοντας
589 1283 714 1346 τοὺς
748 1281 996 1353 μαθητὰς
1022 1281 1115 1335 ἀπ’
1153 1280 1335 1334 αὐτῶν
1378 1280 1574 1342 αὐτοὺς
1604 1279 1725 1332 ὀνο-

169 1375 362 1444 μάζειν,
398 1375 536 1445 ὅπερ
573 1373 672 1427 καὶ
716 1375 774 1426 ὲν
810 1375 878 1444 τῇ
909 1370 1156 1444 προτέρᾳ
1200 1371 1375 1440 ἔλεγε.
1423 1369 1570 1440 Ἐγὼ
1605 1369 1727 1439 μὲν

167 1465 262 1534 εἰμί
288 1465 552 1530 Παύλου,
584 1464 698 1534 ἐγὼ
724 1463 813 1527 δὲ,
857 1463 1174 1519 Ἀπολλώ..

230 1574 245 1605 ι
278 1556 400 1609 Ὅτι
426 1554 611 1620 ὸθεὸς
665 1557 693 1610 ὁ
741 1554 912 1609 είπὼν
943 1558 1007 1610 ὲκ
1048 1556 1274 1620 σκότους
1319 1555 1435 1624 φῶς
1478 1555 1720 1625 λάμψαι,

168 1646 214 1708 ὃς
239 1645 500 1715 ἐκάλυψεν
529 1648 586 1700 ὲν
615 1647 737 1708 ταῖς
769 1644 1020 1716 καρδίαις
1062 1647 1093 1715 ἡ
1105 1643 1222 1715 μῶν
1261 1643 1396 1714 πρὸς
1442 1642 1724 1711 φωτισμὸν

167 1740 247 1807 τῆς
276 1737 529 1806 γνώσεως
558 1737 659 1808 τῆς
688 1736 845 1808 δόξης
876 1738 968 1790 τοῦ
992 1736 1206 1805 Θεοῦὲν
1244 1733 1522 1806 προσώπῳ
1545 1734 1721 1803 Ἰησοῦ

168 1827 405 1897 Χριστοῦ.
433 1828 673 1898 Ἐχομεν
704 1828 761 1881 δὲ
791 1828 882 1881 τὸν
910 1827 1186 1898 θησαυρὸν
1213 1825 1402 1880 τοῦτον
1438 1827 1494 1878 ὲν
1523 1825 1722 1896 ὀστρα-

1828 624 1944 681 Dei.
1982 643 1999 676 ι

1896 716 2012 771 Hoc
2045 723 2152 780 est,
2180 714 2271 784 qui
2296 713 2402 768 hoc
2436 715 2493 767 in
2522 711 2724 767 saeculo
2749 720 3007 766 censetur
3050 708 3213 764 Deus.
3249 709 3406 764 Sata-

1830 822 1953 863 nam
1979 815 2163 862 autem
2197 806 2398 862 innuit.

1905 896 2072 954 Vens.
2101 897 2154 952 5.
2196 915 2215 949 ι
2249 895 2370 951 Non
2413 894 2561 950 enim
2623 891 2988 961 nosmetipsos
3016 892 3400 961 pradicamus.

1827 987 1924 1042 sed
1952 987 2232 1043 Christum
2263 986 2457 1042 Jesum
2491 984 2779 1039 Dominum
2816 1000 2830 1037 :
2863 998 2964 1039 nos
2997 990 3179 1038 autem
3215 998 3402 1039 servus

1827 1085 2052 1148 propter
2089 1076 2301 1134 Jesum.
2348 1094 2393 1127 »-

1899 1170 2251 1225 Subobscure
2266 1184 2362 1225 eos
2390 1168 2712 1239 perstringit
2737 1165 2830 1236 qui
2853 1164 3065 1234 seipsos
3087 1163 3401 1225 ell‘erebant.

1826 1263 2344 1332 persuadebantque
2368 1261 2684 1331 discipulis,
2714 1267 2772 1312 ut
2808 1258 2923 1314 suis
2957 1258 3270 1314 nominibus
3311 1273 3405 1328 ap-

1827 1356 2188 1426 pellarentur.
2236 1353 2294 1409 ld
2347 1350 2495 1424 quod
2542 1354 2594 1407 in
2633 1352 2818 1424 priore
2855 1350 3090 1422 cpistola
3129 1349 3345 1405 dicebat
3389 1367 3400 1400 :

1828 1447 1942 1519 Ego
1971 1464 2084 1501 sum
2115 1447 2300 1512 Pauli,
2331 1463 2421 1516 ego
2448 1455 2622 1499 autem
2657 1444 2847 1513 Apollo
2865 1444 2908 1498 ⁵.

1898 1539 2069 1596 Vens.
2097 1537 2152 1605 6,
2187 1539 2240 1592 7.
2282 1556 2300 1589 ι
2331 1537 2602 1603 Quoniam
2638 1535 2803 1602 Deus,
2832 1535 2927 1606 qui
2962 1535 3099 1590 dixit
3129 1534 3196 1589 de
3239 1541 3407 1589 tene—

1825 1629 1943 1686 bris
2000 1630 2184 1684 lumen
2235 1627 2641 1696 splendescere,
2696 1627 2791 1697 qui
2841 1627 3023 1681 illuxit
3056 1625 3110 1680 in
3143 1623 3408 1680 cordibus

1826 1719 2035 1776 nostris
2079 1718 2144 1772 ad
2191 1717 2652 1773 illuminationem
2687 1717 2932 1772 scientia:
2983 1715 3248 1770 claritatis
3288 1713 3406 1776 Dei.

1827 1813 1881 1867 in
1920 1812 2061 1867 facie
2090 1810 2296 1867 Christi
2336 1808 2490 1865 Jesu.
2540 1809 2817 1866 Habemus
2851 1818 3030 1863 autem
3088 1807 3405 1863 thesaurum

169 1886 313 1982 κίνοις
345 1886 623 1982 σκεύεσιν,
658 1919 746 1972 ἵνα
770 1921 802 1988 ἡ
828 1886 1104 1990 amcam;
1133 1919 1233 1988 τῆς
1267 1886 1721 1989 δυνάμεωςῇτοῦ

1829 1904 1996 1958 istum
2024 1904 2081 1957 in
2114 1901 2263 1958 vasis
2303 1901 2587 1968 ﬁctilibus,
2629 1909 2688 1956 ut
2730 1899 3041 1957 sublimitas
3076 1897 3301 1953 virtutis
3339 1898 3409 1952 sit

167 2007 301 2073 Θεοῦ,
334 2008 434 2061 καὶ
469 2008 543 2079 μὴ
578 2005 638 2073 ἐξ
671 2008 851 2079 ἡμῶν.
891 2027 910 2060 ι

223 2101 309 2152 Διά
337 2099 502 2153 τοῦτο
529 2099 788 2163 δουλεύω,
812 2099 997 2168 φησὶν,
1025 2098 1212 2169 ἐπειδὴ
1235 2096 1545 2168 κατηξίωσε
1585 2095 1726 2168 λάμ-

166 2194 245 2262 ιξαι
267 2193 346 2256 εἰς
377 2191 477 2255 τὰς
501 2192 729 2264 καρδίας
768 2191 942 2262 ὑμῶν.

226 2285 420 2348 Σκότος
476 2285 584 2354 γὰρ
633 2280 701 2353 ἦν
753 2285 936 2338 ὲπάνω
987 2287 1088 2356 τῆς
1127 2284 1394 2351 ἀϐύσσου,
1426 2283 1579 2354 φησι,
1631 2281 1727 2335 καὶ

164 2373 294 2429 εἶπεν
317 2379 346 2430 ὁ
366 2377 520 2440 Θεὸς·
557 2377 875 2446 Γενηθήτω
904 2375 1067 2446 φῶς..

229 2488 244 2519 ι
281 2470 371 2521 Ἐν
424 2471 588 2523 παντὶ
620 2469 951 2539 θλιϐόμενοι,
985 2469 1100 2522 ἀλλ’
1118 2469 1179 2522 οὐ
1200 2467 1724 2539 στενοχωρούμενοιο

163 2559 536 2630 ἀπορούμενοι,
567 2559 684 2612 ἀλλ’
714 2561 814 2613 οὐκ
870 2560 1331 2632 ἐξαπορούμενοιο
1378 2561 1723 2630 διωκόμενοι,

163 2650 260 2701 ἀλλ’
291 2651 394 2703 οὐκ
430 2650 973 2722 ἐγκαταλειπόμενοι.
1014 2669 1032 2703 ι

225 2822 340 2874 Ἔτι
377 2821 535 2893 μένει
581 2823 793 2887 δεικνὺς
847 2825 931 2878 ὅτι
984 2825 1084 2895 τῆς
1137 2826 1235 2880 τοῦ
1276 2826 1409 2881 Θεοῦ
1440 2826 1726 2897 δυνάμεως

160 2915 302 2986 ἔργον
335 2916 400 2969 τὸ
433 2918 538 2969 πᾶν
594 2918 731 2982 ἐστι,
763 2918 1138 2971 καταστέλλων
1167 2920 1388 2972 ἐκείνων
1410 2922 1479 2974 τὰ
1521 2919 1724 2992 φρονή-

163 3026 310 3078 ματα.
344 3010 416 3062 Τί
441 3009 498 3063 δέ
527 3011 640 3063 ἐστι
671 3009 732 3063 τὺ
789 3010 859 3064 ἐν
885 3012 1063 3064 παντί
1083 3028 1102 3076 ;
1152 3012 1238 3067 Ἐν
1267 3015 1380 3076 τοῖς
1404 3011 1640 3083 ἐχθροῖς,
1667 3013 1725 3066 ὲν

160 3102 257 3162 τοῖς
290 3099 494 3168 φίλοις,
521 3101 579 3154 ἐν
626 3105 740 3163 τοῖς
791 3101 1134 3169 ἀναγκαίοις,
1167 3103 1225 3155 ὲν
1251 3105 1386 3166 ταῖς·
1404 3103 1520 3157 τῶν
1546 3101 1723 3156 ἄλλων

158 3193 372 3263 χρείαις.

221 3303 236 3333 ι
281 3285 787 3358 Κατασαλλόμενοι,
838 3288 956 3344 ἀλλ’
986 3289 1085 3342 οὐκ
1142 3287 1527 3360 ἀπολλύμενοι.
1573 3289 1722 3344 Πάν-

219 3471 275 3520 Ol
299 3469 400 3538 μὲν
441 3471 738 3542 πειρασμοὶ
798 3471 1176 3542 συμϐαίνουσι,
1218 3473 1407 3544 φησιν,
1436 3472 1503 3527 τὰ
1527 3473 1583 3527 δὲ
1615 3474 1724 3528 ἀπὸ

157 3560 248 3611 τῶν
277 3562 628 3633 πειρασμῶν,
663 3563 846 3616 οὐκέτι
880 3580 894 3593 ·
939 3564 1044 3617 και
1089 3564 1246 3619 τοῦτο
1279 3563 1336 3618 δὲ
1361 3564 1579 3636 διὰ-τὴν
1628 3565 1722 3618 τοῦ

157 3651 274 3703 Θεοῦ
298 3652 538 3722 δύναμιν
569 3654 672 3707 και
684 3656 866 3725 χάριν.

221 3763 237 3794 ι
273 3744 395 3813 Tt):
423 3745 691 3816 νέκρωσιν
719 3746 812 3799 τοῦ
843 3747 1050 3818 Κυρίου
1080 3748 1277 3818 Ἰησοῦ,
1310 3751 1367 3804 ὲν
1399 3751 1476 3823 τῷ
1512 3752 1724 3824 σώματι

153 3835 556 3906 περιφέροντες,
611 3837 698 3890 ἵνα
744 3839 839 3891 καὶ
868 3839 900 3909 ή
930 3837 1046 3911 ζωὴ
1072 3839 1167 3893 τοῦ
1206 3841 1381 3912 Ἰησοῦ
1403 3844 1461 3895 ὲν
1488 3843 1567 3914 τῷ
1623 3845 1725 3900 σώ-

154 3944 272 3995 ματι
294 3928 458 3999 ἡμῶν
484 3930 795 4001 φανερωθῇ.
823 3950 840 3982 ι

215 4017 349 4081 Τοὺς
404 4018 672 4082 θανάτους
718 4018 864 4088 λέγει
893 4021 1019 4085 τοῦς
1068 4021 1493 4094 καθημερινοὺς,
1548 4025 1616 4080 δι’
1648 4019 1726 4080 ὧν

150 4107 235 4158 καὶ
263 4110 294 4178 η
333 4109 634 4174 ἀνάστασις
663 4110 958 4168 ἐδείκνυτο.
989 4114 1051 4166 El
1079 4114 1187 4186 γάρ
1216 4133 1300 4179 τις
1350 4117 1585 4184 ἀπιστεῖν
1622 4137 1726 4191 φτΓ

152 4201 245 4260 εἰν,
269 4202 352 4254 ὄτι
387 4203 680 4257 ἀποθανὼν
724 4205 933 4272 Ἰησοῦς
966 4208 1190 4279 ἀνέστη,
1229 4211 1377 4280 ἡμᾶς
1409 4211 1551 4282 ὀρῶν
1597 4214 1724 4277 τοὺς

149 4288 265 4342 καθ’
289 4291 534 4360 ἑκάστην
561 4294 776 4365 ἡμέραν
805 4296 1248 4368 ἀποθνήσκοντας
1287 4301 1380 4353 καὶ
1425 4302 1724 4374 ἀνισταμέ-

149 4398 278 4447 νους,
312 4385 622 4440 πιστεύετω
640 4386 826 4442 λοιπὸν
851 4392 918 4461 τῇ
951 4391 1270 4454 ἀναστάσει.
1295 4448 1313 4469 ο

1829 1995 1946 2060 Dei,
1977 2002 2032 2050 et
2063 2009 2171 2049 non
2206 2010 2273 2050 ex
2304 1993 2485 2049 nobis.
2526 2011 2545 2045 ι

1898 2087 2112 2143 Idcirco
2158 2087 2376 2151 servio,
2431 2086 2643 2156 inquit,
2683 2085 2815 2156 quia
2864 2084 3124 2155 dignatus
3155 2091 3241 2140 est
3285 2082 3409 2138 illu-

1826 2195 2047 2236 cescere
2086 2180 2139 2234 in
2171 2178 2435 2234 cordibus
2466 2177 2700 2234 nostris.

1899 2271 2116 2328 Etenim
2150 2270 2391 2326 tenebrae
2416 2277 2575 2325 erant
2601 2270 2836 2340 desuper
2864 2268 3144 2340 abyssum.
3182 2267 3246 2321 Et
3272 2267 3411 2322 dixit

1828 2363 2012 2418 Deus:
2048 2360 2178 2415 Fiat
2212 2361 2306 2414 lux
2329 2362 2371 2415 ⁸.

1896 2455 2139 2518 νειιε.8,
2172 2455 2226 2510 9.
2265 2472 2283 2506 ι
2321 2451 2381 2507 ln
2419 2451 2683 2508 omnibus
2711 2450 3118 2506 tribulationem
3143 2449 3408 2520 patimur,

1827 2547 1923 2602 sed
1965 2561 2075 2600 non
2104 2543 2489 2615 angustiamur
2521 2562 2534 2598 :
2571 2543 2914 2612 aporiamur,
2963 2541 3059 2597 sed
3103 2557 3211 2596 non
3242 2541 3413 2596 desti-

1827 2638 2035 2693 tuimur
2066 2655 2080 2692 :
2111 2635 2550 2707 persecutionem
2583 2635 2848 2707 patimur,
2883 2633 2980 2691 sed
3019 2649 3128 2688 non
3171 2634 3413 2689 derelin-

1826 2729 2068 2801 quimur.
2100 2747 2118 2780 ι

1902 2822 2116 2879 Insistit
2170 2820 2352 2876 adhuc
2407 2819 2782 2888 ostendendo,
2831 2826 3009 2875 totum
3064 2819 3264 2874 divina:
3300 2820 3410 2874 vir-

1826 2914 1960 2970 tutis
2000 2929 2140 2985 opus
2173 2928 2320 2978 esse,
2368 2920 2428 2966 ut
2461 2913 2776 2981 superbiam
2821 2911 3040 2966 illorum
3077 2924 3411 2981 compescat.

1827 3005 1970 3073 Quid
2003 3020 2136 3059 vero
2160 3005 2296 3060 illud
2327 3014 2434 3068 est,
2459 3005 2513 3057 in
2533 3003 2772 3058 onmibus
2793 3003 3035 3073 ?vutique
3066 3002 3121 3056 in
3153 3002 3411 3066 inimicis,

1827 3100 1882 3154 in
1944 3098 2172 3165 amicis,
2239 3099 2296 3151 in
2367 3095 2736 3161 necessariis,
2802 3094 2859 3149 in
2928 3093 3164 3148 aliarum
3232 3109 3412 3149 rerum

1829 3206 2021 3247 usura.

1907 3299 1924 3333 ι
1966 3278 2288 3349 Dejicimur,
2321 3284 2376 3333 et
2419 3291 2529 3331 non
2571 3275 2840 3346 perimus.
2874 3273 3061 3346 [Vt-ms.
3099 3272 3234 3346 l0.]-.
3259 3273 3407 3330 Scut-

1830 3387 1946 3442 per.
1980 3391 1999 3423 ι

1907 3461 2062 3532 133
2095 3459 2452 3514 Tentationes
2474 3457 2698 3528 quidem
2728 3455 3053 3522 obveniunt,
3086 3457 3294 3526 inquit;
3321 3457 3411 3511 sed

1832 3569 1944 3610 non
1980 3569 2042 3608 ea
2081 3567 2203 3623 quae
2223 3567 2289 3606 ex
2329 3551 2439 3607 illis
2465 3560 2806 3621 generantur
2839 3569 2867 3604 :-
2894 3552 3090 3620 utique
3110 3566 3207 3620 per
3247 3551 3405 3605 virtti-

1832 3654 1940 3703 tem
1969 3653 2021 3700 et
2053 3645 2285 3716 gratiam
2326 3642 2446 3698 Dei.

1909 3757 1928 3791 ι
1965 3737 2446 3792 Murtiﬁcationem
2490 3734 2619 3792 Jesu
2651 3737 2706 3791 in
2751 3750 2986 3807 corpore
3021 3735 3406 3791 circumferen-

1832 3843 1936 3899 tes,
1987 3841 2039 3886 ul
2085 3839 2140 3886 et
2177 3830 2287 3886 vita
2326 3827 2460 3886 Jesu
2511 3829 2834 3900 incorpore
2876 3837 3070 3883 nostro
3096 3827 3412 3883 manifeste-

1833 3934 1942 3979 tttr.
1985 3943 2002 3976 ›

1902 4015 2266 4084 Quotidianas
2301 4023 2505 4071 mortes
2549 4013 2672 4070 illas
2718 4020 2774 4069 et
2822 4011 2931 4066 fata
2989 4010 3284 4081 signiﬁcat;
3320 4027 3411 4082 per

1832 4123 1954 4179 qure
2001 4106 2334 4162 resurrectio
2394 4121 2616 4177 quoque
2678 4104 3121 4160 monstrabatur.
3173 4102 3309 4158 Nam
3370 4105 3414 4159 si

1832 4201 1958 4272 quis
2002 4214 2112 4254 non
2144 4198 2343 4264 credit;
2373 4198 2573 4270 inquit,
2606 4196 2818 4264 Jcsum,
2841 4212 2967 4252 cum
3002 4205 3256 4251 mortuus
3281 4196 3416 4252 fuis-

1833 4303 1939 4358 set,
1985 4292 2395 4359 resurrexisse;
2435 4306 2563 4346 cum
2622 4306 2722 4344 nos
2770 4289 2967 4344 videat
2995 4288 3132 4342 mori
3173 4288 3418 4358 quotidie

1832 4396 1887 4442 et
1927 4399 2236 4456 resurgere,
2268 4384 2315 4440 is
2355 4381 2751 4439 resurrectioni
2786 4381 3007 4436 demum
3059 4380 3219 4435 ﬁdem
3255 4380 3415 4434 adhi-

1832 4481 1978 4536 beat.

148 4643 169 4659 .
196 4572 243 4660 ἧι.
282 4555 401 4660 ’ξεὶ
430 4556 759 4660 Ϊάρκὺμεῖς
783 4564 829 4616 οἱ
855 4563 1078 4632 ζῶντες,
1133 4569 1214 4631 εἰς
1270 4569 1500 4625 θάνατον
1547 4589 1721 4644 παρα-

1827 4634 1829 4636 ,
1904 4571 2070 4628 Vens.
2107 4572 2196 4626 ll.
2244 4589 2261 4622 ι
2306 4569 2534 4639 Semper
2581 4566 2728 4622 enim
2767 4580 2868 4622 nos
2912 4566 3008 4636 qui
3050 4566 3308 4632 vivimus,
3359 4565 3412 4619 in

145 4647 395 4717 διῶμεθα
424 4650 519 4703 διὰ
566 4652 775 4724 Ἰησοῦν
838 4656 1096 4728 Χριστὸν,
1149 4660 1236 4715 ἵνα
1281 4662 1375 4717 καὶ
1404 4664 1584 4736 η’ζωὴ·
1627 4664 1721 4719 τοῦ

1833 4679 2062 4722 mortem
2100 4666 2372 4722 tradimur
2419 4674 2644 4735 propter
2684 4659 2874 4715 Jesum
2917 4659 3226 4726 Christum,
3276 4671 3335 4713 ιιι
3361 4669 3414 4714 ct

154 4736 323 4807 Ἰησοῦ
359 4744 654 4815 φανερωθῇ
685 4746 745 4798 ὲν
773 4749 839 4818 τῇ
867 4747 1034 4820 θνητῇ
1059 4751 1216 4821 ἡμῶν
1244 4753 1428 4824 σαρκί.
1458 4774 1477 4808 ι

207 4829 304 4883 Διά
357 4831 521 4885 τοῦτο
578 4834 1010 4906 παραδιδόμεθα,
1058 4840 1258 4908 φησὶν,
1309 4842 1460 4916 ἵναή
1499 4843 1727 4918 δύναμις

142 4919 303 5013 αῦτοῦ
333 4922 441 4992 τῆς
467 4921 615 4994 ζωῆς
638 4927 1050 5000 φανερωθῇ,¹μὴ
1085 4932 1496 5004 συγχωροῦντος
1545 4937 1726 5013 σάρκα

141 5011 499 5086 ἀνθρωπίνην
555 5018 793 5073 τοσαῦτα
832 5022 1150 5094 πάσχουσαν
1205 5027 1310 5081 ὑπο
1362 5029 1462 5102 τῆς
1506 5011 1727 5101 νιφάδος

138 5104 239 5158 τῶν
261 5108 464 5162 κακῶν
496 5109 826 5181 νικηθῆναι..

180 5283 242 5336 'l
276 5287 609 5354 Cor..t,12.-
669 5295 688 5325 ⁸
726 5293 863 5352 Cen.
907 5298 1041 5363 1,5,-

1828 4761 1941 4816 vita
1965 4759 2094 4816 Jesu
2117 4757 2503 4814 manifestatur
2527 4756 2581 4811 in
2607 4769 2775 4810 carne
2797 4759 2986 4814 nostra
3011 4753 3248 4809 mortali.
3284 4772 3302 4806 ι

1903 4850 2030 4907 Ideo
2057 4849 2350 4915 tradimur,
2379 4846 2580 4918 inquit.
2611 4855 2672 4901 ut
2708 4845 2886 4902 virtus
2915 4842 3042 4899 vitae
3076 4844 3196 4915 ejus
3233 4845 3415 4898 mari.

1830 4945 1970 5002 festa
2005 4944 2133 5011 ﬂat;
2166 4942 2370 5013 quippe
2402 4939 2494 5009 qui
2531 4953 2638 4994 non
2668 4938 2951 5010 permittat
2976 4937 3268 4990 humanam
3291 4951 3416 4990 car—

1831 5051 1954 5090 nem
1987 5043 2070 5089 tot
2094 5035 2372 5104 tantisque
2402 5032 2819 5090 calamitatibus
2841 5027 3177 5093 amictutam,
3211 5027 3280 5081 ab
3314 5028 3416 5082 im-

1835 5125 1932 5181 bre
1958 5125 2230 5181 malorum
2254 5125 2460 5181 obrui-

1660 5432 1869 5491 NOTAE
1881 5475 1893 5490 .

201 5513 606 5601 (6)“E_xpositig
632 5523 746 5577 haec
776 5540 884 5578 non
901 5534 986 5580 est
1014 5523 1415 5601 Chrysostoml,
1431 5526 1523 5596 qui
1547 5525 1713 5601 Deum

135 5588 320 5666 εξωτιιιὶ
352 5589 542 5666 hujus.
572 5591 740 5666 Deum
794 5610 983 5650 verum
1014 5588 1143 5652 esse'
1164 5588 1485 5662 contendit';
1528 5600 1622 5654 sed
1647 5615 1715 5655 ex

131 5654 340 5735 Cyrillo
399 5654 773 5735 ﬁlexandrino
821 5675 1039 5735 sumpta
1086 5676 1206 5733 est,
1259 5678 1318 5722 ut
1375 5654 1534 5723 ﬁdem
1583 5654 1715 5724 feeit

133 5725 303 5809 ciale:
360 5727 503 5809 alter
527 5731 730 5809 Regius
785 5736 841 5790 in
872 5725 986 5809 quo
1024 5725 1280 5808 excerpta
1329 5754 1401 5809 ex_
1464 5737 1714 5808 Epitome

137 5792 466 5875 ξίεξηιξξεεῐιὶ
509 5792 762 5875 visuntur
818 5825 830 5859 :
888 5792 1032 5870 ’Θεὸς
1072 5792 1278 5872 αίῶιῖος
1316 5792 1531 5871 ceuceu:
1563 5792 1712 5875 λέγει

133 5863 414 5935 Κῦριλλος
434 5867 489 5922 ὲν
521 5873 599 5944 τῷ
616 5873 816 5945 πρώτῳ
843 5863 1032 5944 pro.ch
1053 5879 1195 5936 κατά
1237 5863 1546 5940 ’Ϊουλιανοῦ,
1581 5863 1712 5940 εὲδς

1817 5531 1931 5593 τοῖς
1982 5531 2252 5596 ἀπίστοις,
2290 5534 2571 5589 τουτέστιν
2600 5537 2628 5588 ὁ
2667 5534 2944 5594 Σατανᾶς·
2983 5530 3123 5584 Deus
3157 5528 3272 5597 ejus
3303 5544 3410 5580 sre-

1817 5601 1926 5676 culi
1956 5601 2160 5673 (inquit
2184 5603 2423 5676 Cyrillus
2456 5606 2550 5676 lib.
2588 5621 2604 5660 ι
2634 5605 2832 5676 Contra
2859 5601 3184 5676 Julianuml,
3216 5607 3293 5654 est
3321 5599 3412 5653 ille

1814 5672 1923 5742 qui
1959 5671 2198 5730 censetur
2229 5671 2398 5730 'Deus
2456 5675 2521 5730 ab
2576 5673 2990 5738 ittcrerlulis,,id
3023 5681 3101 5726 est
3146 5671 3400 5742 Satanas.

1816 5739 2300 5819 EamdemCyrilli
2334 5747 2736 5819 expositionem
2791 5744 3000 5810 laudat,
3054 5751 3103 5796 et
3157 5739 3411 5812 sequitur

1816 5814 2207 5871 tlicumeniuS.
