3910 6452
141 402 255 467 729

1270 404 1352 465 IN
1377 406 1616 466 EPIST.
1655 408 1755 467 AD
1787 408 2155 469 CORINTH.
2184 408 2267 467 II.

3294 424 3399 487 730

138 520 382 574 δείκνυσι
414 516 511 589 τήν
538 517 845 589 ὑπερϐολὴν
869 518 978 572 τῶν
1014 518 1317 589 μελλόντων
1342 522 1479 592 πρὸς
1508 522 1578 578 τὰ
1606 541 1715 578 πα-

1842 525 2098 595 ιιιοωοὰο
2132 524 2442 581 futurorum
2472 526 2727 582 ostendat
2759 531 3185 599 praecellentiam
3231 552 3396 605 supra

142 616 326 687 ρὸντα.
356 611 541 668 Εἰπὼν
564 611 672 683 γὰρ
697 611 1251 683 ἐπίγειον-,ἀντέθηκε
1272 612 1386 681 τὴν
1414 614 1717 683 οὐράνιον-ο

140 701 338 769 εἰπὼν,
373 703 603 760 οἰκείαν
628 701 928 770 σκήνους,
957 701 1051 756 καὶ
1081 702 1141 755 τὸ
1167 702 1479 758 εὐδιάλυτον
1512 704 1716 774 δείξας,

140 794 431 864 ἀντέθηκε,
454 793 569 862 τὴν
596 792 856 849 αἰώνιον.

220 989 240 1021 ι
281 970 394 1023 Kal.
434 968 543 1039 γὰρ
568 970 628 1023 ὲν
676 967 853 1042 τούτῳ
915 971 1266 1043 στενάζομεν,
1302 973 1363 1027 τδ
1404 974 1721 1045 οἰκητήριον

141 1060 348 1130 ἡμῶν,
398 1061 461 1115 τὸ
508 1062 569 1126 ἐξ
617 1062 890 1135 οὐρανοῦ,
940 1064 1337 1120 ὶπενδύσασθαι
1394 1066 1719 1121 ἐπιποθοῦν-

144 1168 259 1214 τες.
286 1170 306 1202 ι

220 1242 334 1296 Καὶ
393 1245 546 1296 ποῖον
600 1238 1071 1315 οίκητήριονςΤδ
1101 1246 1261 1315 σῶμα
1308 1248 1371 1302 τὸ
1422 1248 1720 1319 ἄφθαρτον.

148 1332 265 1388 Καὶ
294 1332 381 1386 διὰ
401 1334 474 1395 τί,
491 1334 550 1387 ἐν
571 1333 1111 1406 τοὺτᾳήστενάζομεν;
1150 1337 1302 1391 Ἐπεὶ
1317 1337 1497 1408 πολλῷ
1516 1337 1723 1408 βέλτιον

150 1424 352 1478 ἐκεῖνο.
396 1424 486 1491 Ἐξ
512 1426 745 1497 οὐρανοῦ
778 1427 836 1482 δὲ
859 1428 1040 1490 τοῦτο.
1076 1430 1211 1499 φησι
1232 1468 1247 1492 ,
1308 1429 1399 1485 διὰ
1422 1430 1484 1483 τὸ
1514 1429 1725 1501 ἄφθαρσ

146 1531 267 1570 τον.
301 1516 376 1568 Οὐ
403 1516 510 1587 γὰρ
537 1518 601 1588 δὴ
629 1518 835 1573 ἄνωθεν
864 1520 999 1589 ἡμῖν
1029 1521 1242 1575 κάτεισι
1266 1522 1328 1575 τὸ
1359 1523 1547 1593 σῶμα,
1588 1525 1726 1583 ἀλλὰ

151 1604 252 1676 τὴν
307 1606 518 1661 ἐκεῖθεν
569 1607 729 1682 χάριν
784 1610 1143 1682 πεμπομένην
1189 1612 1341 1683 δηλοῖ
1376 1614 1453 1684 τῷ
1496 1616 1724 1687 ὀνόματι

148 1696 350 1768 τούτῳ.
394 1688 481 1762 Ὠς
506 1698 573 1752 ἂν
601 1703 647 1755 εί
680 1701 828 1770 λέγοι
848 1719 861 1733 ·
891 1702 1127 1769 Στένεις.
1158 1705 1243 1759 ὅτι
1287 1706 1570 1779 φθείρεται
1627 1727 1723 1765 σου

151 1788 311 1853 δεξω
355 1792 671 1863 ἄνθρωποςς
731 1793 905 1858 οὕτως
968 1798 1281 1864 στενάζων,
1341 1800 1426 1855 ὅτι
1481 1802 1556 1873 μὴ
1603 1804 1723 1873 μεθ’

152 1858 475 1952 ὑπερϐολῆς,
520 1858 679 1937 τοῦτο
737 1884 984 1954 γίνεται,
1032 1858 1169 1960 μηδὲ
1226 1858 1517 1963 ὁλόκληρος
1544 1858 1728 1962 ’ᾀθει-
1758 1858 1803 1915 Β

151 1988 328 2041 perat.

232 2082 251 2113 ι
284 2064 353 2117 Εἴ
384 2082 448 2132 γε
497 2067 591 2119 καὶ¹
645 2068 1019 2142 ἐνδυσάμενοι.
1067 2073 1129 2127 οὐ
1181 2074 1381 2144 γυμνοὶ
1435 2075 1727 2147 εὑρεθησό-

151 2148 317 2214 μεθα.
360 2150 472 2202 Καὶ
524 2151 631 2223 γὰρ
658 2154 707 2204 οί
739 2154 892 2217 ὄντες
921 2157 979 2209 ὲν
1007 2155 1085 2226 τῷ
1132 2159 1339 2227 σκήνει,
1393 2159 1725 2229 στενάζομεν

152 2236 506 2308 βαρούμενοι,
537 2241 623 2309 ἐφ’
654 2235 697 2309 ᾧ
728 2243 789 2297 οὐ
822 2243 1047 2317 θέλομεν
1080 2246 1434 2314 ἐκδύσασθαι,
1487 2247 1603 2303 ἀλλ’
1626 2250 1726 2305 ιπ-

148 2331 500 2386 ενδύσασθαι.
532 2352 551 2384 ι

223 2420 509 2489 Τουτέστί,
568 2426 662 2479 καὶ⁵
698 2428 746 2479 εί
777 2428 895 2481 ἐκεῖ
938 2428 1037 2499 τὴν
1102 2430 1416 2501 ἀφθαρσίαν
1465 2432 1725 2497 λαϐόντες

150 2513 225 2581 μὴ
254 2516 457 2583 γυμνοὶ
486 2515 587 2585 τῆς
624 2516 784 2585 δόξης
822 2518 917 2570 καὶ
955 2519 1055 2587 τῆς
1100 2521 1400 2588 ἀσφαλείας
1445 2524 1721 2594 ὀφθῶμεν.

146 2604 321 2657 Τοῦτο
342 2605 400 2658 δέ
426 2624 620 2674 φησιν.
660 2609 743 2661 ἵνα
785 2609 860 2680 μὴ
885 2611 993 2663 ἀπὸ
1022 2615 1120 2681 τῆς
1159 2614 1510 2679 ἀναστάσεως
1563 2616 1724 2686 μόνον

147 2695 354 2760 navas;
409 2696 722 2768 θαρρῶμεν,
764 2698 897 2753 ἀλλὰ
944 2701 1382 2774 ἐπιτηδεύσωμεν
1433 2705 1526 2758 καὶ
1588 2708 1724 2778 ἔργα

142 2786 399 2856 λαμπρά.
444 2789 508 2841 Ἢ
542 2790 642 2857 μὲν
675 2791 783 2863 γὰρ
808 2793 1103 2858 ἀνάστασις
1140 2796 1293 2866 κοινὴ
1338 2795 1577 2860 πάντων,
1606 2799 1639 2867 ἡ
1666 2799 1724 2854 δι

144 2879 274 2945 saga
306 2880 491 2936 οὐκέτι
519 2883 695 2953 κοινὴ,
722 2883 839 2936 ἀλλ’
867 2888 914 2939 οἱ
956 2887 1057 2956 μὲν
1089 2888 1146 2943 ὲν
1167 2893 1323 2958 τιμῇ,
1351 2889 1401 2941 οἱ
1432 2889 1487 2942 δὲ
1520 2890 1578 2941 ὲν
1608 2890 1724 2943 ἀτι-

150 2971 251 3042 μία
279 2985 294 3001 ’
320 2972 416 3027 καὶ
431 2974 481 3025 οἱ
508 2974 606 3043 μὲν
626 2976 706 3038 εἰς
747 2974 1050 3046 βασιλείαν,
1081 2982 1129 3033 οἱ
1150 2979 1206 3034 δὲ
1233 2982 1312 3043 είς
1336 2980 1578 3038 κόλασιν.

223 3176 245 3209 ι
290 3158 407 3210 Ἵνα
438 3160 724 3231 καταποθῇ
756 3161 818 3215 τὸ
840 3161 1031 3231 θνητὸν
1058 3162 1162 3218 ὑπὸ
1181 3163 1280 3231 τῆς
1311 3163 1476 3233 ζωῆς.
1507 3181 1525 3214 ι

218 3251 299 3303 Οὐ
320 3250 485 3320 λέγω,
514 3254 696 3321 φησὶν,
726 3253 805 3304 ὅτι
841 3253 1190 3324 στενάζομεν,
1217 3254 1304 3307 ἵνα
1319 3254 1379 3306 τὸ
1400 3254 1557 3325 σῶμα
1591 3254 1727 3308 ἀπο-

148 3341 401 3409 θώμεθα.
428 3342 542 3396 ἀλλ’
573 3343 660 3395 ἴνα
692 3343 1113 3413 ὲπενδυσώμεθα
1162 3344 1312 3415 αὐτῷ
1360 3345 1459 3415 τὴν
1513 3345 1727 3417 ἀφθαρ-

149 3434 296 3486 σίαν.
343 3434 452 3488 Καὶ
490 3435 598 3504 γὰρ
648 3433 1015 3506 βαρυνόμεθα,
1055 3437 1155 3508 οὐχ
1180 3437 1261 3491 ὅτι
1292 3436 1451 3509 σῶμα
1505 3436 1723 3507 ἔχομεν,

148 3523 266 3575 ἀλλ’
297 3523 380 3575 ὄτι
405 3524 641 3594 φθαρτὸν
666 3526 1052 3597 περικείμεθα.
1539 3514 1556 3530 ’

227 3636 248 3667 σ
302 3617 362 3669 '0
417 3617 473 3671 δὲ
507 3618 987 3689 κατεργασάμενος
1043 3621 1191 3690 ἡμᾶς
1250 3620 1332 3683 εἰς
1384 3620 1516 3675 αὐτὸ
1567 3619 1726 3674 τοῦτο

148 3706 308 3770 Θεὸς.
337 3725 357 3758 ι

222 3797 511 3852 Δείκνυσιν
556 3798 763 3852 ἄνωθεν
799 3799 973 3852 ταῦτα
1021 3798 1472 3871 προτυπωθέντα.
1523 3799 1597 3851 Οὐ
1620 3798 1726 3869 γὰρ

146 3887 270 3952 νῦν,
302 3887 462 3955 φησὶ,
490 3887 649 3940 τοῦτο
697 3888 898 3955 ἔδοξεν,
949 3889 1062 3943 ἀλλ’
1099 3890 1187 3943 ὅτε
1216 3892 1273 3956 ἐξ
1306 3890 1480 3962 ἀρχῆς
1529 3890 1729 3943 ἐπλατ-

151 3995 247 4031 τεν
295 3979 445 4049 ἡμᾶς
493 3980 602 4033 ἀπὸ
630 3979 754 4049 γῆς.
797 3979 920 4045 [Ιῶς
977 3980 1033 4033 δὲ
1076 3981 1305 4049 γίνεται,
1349 3980 1507 4034 τοῦτο
1525 3981 1601 4050 μὴ
1632 3982 1729 4050 ζή-

150 4083 262 4126 τει.
317 4067 482 4135 φησίν
517 4085 531 4098 ·
562 4067 597 4122 ἃ
627 4068 734 4140 γὰρ
763 4071 791 4123 ὁ
830 4069 960 4133 Θεὸς
995 4074 1158 4134 ποιεῖ,
1208 4071 1283 4142 μὴ
1336 4069 1727 4142 περιεργάξου.

152 4156 248 4208 Διὸ
276 4158 463 4228 φησὶν,
507 4157 560 4209 Ὀ
585 4156 652 4210 δὲ
689 4158 1232 4229 κατεργασάμενος.

242 4353 261 4385 ι
308 4334 419 4386 Καὶ
460 4334 635 4397 διδοὺς
687 4336 817 4405 ἡμῖν
864 4335 955 4389 τὸν
1009 4334 1303 4406 ἀρραὁῶνα
1359 4322 1451 4387 τοῦ
1490 4334 1732 4404 πνεύμα-

152 4444 271 4489 τος.
299 4445 317 4477 ι

1821 618 2136 687 praesentia.
2161 616 2298 672 Nam
2348 627 2640 687 postquam
2683 619 2819 674 dixit
2851 631 3173 687 terrestrem,
3198 643 3262 679 ex
3297 630 3398 681 ad-

1821 724 2003 777 verso,
2045 710 2323 774 cmleslent,
2369 710 2573 779 posuit.
2608 708 2858 778 Itemque
2899 712 2996 766 ubi
3052 713 3266 768 domum
3299 718 3399 771 Im-

1823 799 2094 856 bitationis
2122 800 2381 865 dicendo,
2414 798 2745 870 signiﬁcavit
2796 815 2917 856 eam
2950 800 3113 858 facile
3148 802 3398 870 dissolvi,

1821 901 2075 949 wternam
2101 891 2379 961 opposuit.

1891 982 2057 1039 Vens.
2088 984 2142 1039 2.
2186 1003 2205 1037 ι
2238 982 2377 1037 Nam
2416 990 2472 1039 et
2510 982 2569 1038 in
2596 982 2703 1039 hoc
2735 984 3149 1055 Ingemiscimus
3166 990 3396 1058 gravati,

1822 1070 2215 1126 habitationem
2248 1078 2500 1126 nostram
2529 1086 2653 1142 qua
2667 1071 2737 1129 de
2771 1072 2916 1128 cmlo
2937 1082 3042 1140 est,
3076 1075 3397 1146 superindui

1822 1166 2126 1234 cupientes.
2157 1183 2178 1217 ι

1902 1253 2129 1320 Qualem
2155 1268 2283 1307 vero
2303 1251 2728 1308 habitationem!
2747 1253 2961 1322 Corpus
2984 1269 3016 1309 a
3046 1255 3401 1326 corruptione

1824 1342 2081 1398 liberum.
2118 1342 2295 1398 Eccur
2332 1344 2494 1399 etiam
2523 1343 2578 1398 in
2619 1346 2726 1398 isto
2777 1345 3192 1415 ingemiscimus
3214 1349 3239 1402 2
3262 1349 3398 1414 Quia

1826 1436 1999 1490 multo
2021 1434 2220 1490 melius
2244 1443 2330 1489 est
2366 1434 2519 1489 illud.
2544 1434 2636 1488 Ait
2656 1444 2841 1491 autem
2875 1436 2980 1492 hoc
3006 1453 3131 1494 esse
3144 1438 3211 1493 de
3234 1440 3396 1503 caelo,

1823 1540 1892 1583 eo
1923 1525 2072 1595 quod
2124 1527 2535 1595 incorruptum.
2578 1525 2936 1597 Nequaquam
2974 1529 3120 1584 enim
3161 1529 3229 1585 de
3257 1530 3402 1583 cmlo

1827 1617 1987 1672 nobis
2018 1631 2223 1687 corpus
2251 1616 2602 1670 demittitur:
2640 1617 2736 1672 sed
2774 1619 2848 1672 ita
2885 1618 3157 1689 loquendo
3190 1620 3399 1691 signiﬁ-

1827 1715 1917 1762 cat
1949 1707 2172 1777 corpori
2225 1706 2460 1776 gratiam
2504 1706 2706 1767 exinde
2748 1708 2917 1762 mitti.
2955 1708 3034 1763 Ac
3068 1710 3114 1765 si
3148 1710 3396 1764 diceret:

1827 1796 2151 1866 lngemiscis
2172 1797 2301 1867 quia
2344 1797 2590 1852 exterior
2618 1796 2780 1851 homo
2825 1798 3239 1868 corrumpitur?
3287 1797 3401 1851 imo

1828 1890 2011 1960 potius
2041 1903 2219 1958 gemo,
2240 1887 2388 1957 quod
2413 1903 2526 1943 non
2542 1886 2607 1941 'id
2647 1887 2791 1944 ultra
2822 1888 3043 1943 modum
3073 1890 3188 1954 ttat,
3223 1902 3402 1957 neque

1826 1996 1893 2037 ex
1931 1989 2043 2035 toto
2073 1981 2167 2035 ille
2200 1990 2613 2050 corrumpatur.

1896 2073 2064 2129 Vsus.
2092 2076 2149 2139 5,
2184 2074 2240 2129 4.
2286 2092 2305 2125 ι
2348 2073 2404 2129 Si
2446 2082 2632 2128 tamen
2674 2067 2881 2137 vestiti,
2918 2088 3025 2126 non
3074 2071 3204 2126 nudi
3244 2070 3404 2126 inve-

1822 2162 2064 2223 niamur.
2116 2163 2252 2218 Nam
2300 2170 2357 2219 et
2404 2162 2501 2233 qui
2554 2177 2750 2218 sumus
2784 2162 2839 2216 in
2880 2160 2985 2216 hoc
3016 2160 3400 2223 tabernaculo,

1824 2255 2244 2327 ingemiscimus
2268 2258 2474 2324 gravati
2498 2271 2515 2321 ;
2540 2268 2608 2309 eo
2631 2252 2782 2324 quod
2804 2253 3063 2308 nolumus
3086 2250 3402 2323 exspoliari,

1823 2347 1923 2407 sed
1953 2347 2329 2419 supervestiri.
2364 2366 2385 2400 ι

1893 2437 2008 2495 Ηοο
2040 2447 2145 2502 est,
2181 2438 2226 2492 si
2257 2440 2423 2492 modo
2473 2437 2908 2494 immortalitatis
2934 2442 3219 2505 compotes
3244 2432 3399 2494 facti.

1824 2547 1935 2588 non
1957 2531 2090 2585 nudi
2121 2531 2297 2601 gloria
2326 2539 2381 2584 et
2408 2531 2706 2585 securitate
2731 2527 3101 2582 inveniamur.
3127 2525 3292 2593 Atqui
3318 2523 3401 2578 sic

1823 2624 2090 2693 loquitur,
2119 2638 2226 2676 non
2264 2621 2441 2676 solum
2477 2630 2536 2674 ut
2560 2628 2709 2674 certa
2752 2618 2947 2672 ﬁducia
2971 2630 3256 2686 speremus
3281 2629 3402 2669 0m-

1823 2730 1924 2770 nes
1954 2713 2437 2775 resurrectionem,
2486 2710 2582 2765 sed
2621 2717 2676 2765 et
2727 2708 3009 2779 prmelaris
3062 2706 3401 2761 facinoribus

1823 2821 2050 2875 operum
2083 2804 2297 2858 demus.
2320 2801 2682 2859 Resurrectio
2715 2800 2983 2868 siquidem
3005 2797 3223 2854 cunctis
3253 2810 3403 2853 com-

1824 2895 2007 2949 munis
2030 2902 2114 2948 est
2144 2913 2157 2949 :
2197 2903 2284 2948 ast
2309 2892 2435 2947 aliis
2455 2892 2674 2961 quidem
2707 2890 2761 2944 in
2799 2891 3084 2952 honorem,
3113 2887 3240 2941 aliis
3267 2900 3399 2939 vero

1824 2984 1880 3039 in
1921 2982 2273 3054 opprobrium
2303 2999 2319 3049 ;
2354 2982 2481 3037 aliis
2499 2981 2632 3036 item
2659 2979 2728 3036 ad
2751 2993 3000 3048 regnum,
3031 2976 3155 3031 aliis
3184 2974 3253 3029 ad
3272 2988 3402 3044 sup-

1824 3073 2073 3146 pliciltut.

1751 3188 1798 3245 ο
1904 3183 1922 3215 ι
1966 3163 2037 3218 Ut
2064 3164 2426 3219 absorbeatur
2455 3162 2604 3230 quod
2632 3159 2860 3215 mortale
2883 3167 2966 3213 est
2993 3173 3022 3211 a
3056 3157 3184 3212 vita.
3215 3174 3234 3210 ι

1896 3252 2014 3307 Non
2051 3254 2196 3313 dico,
2250 3253 2456 3322 inquit,
2503 3266 2605 3306 nos
2650 3251 3031 3320 ingemiscere,
3088 3257 3146 3303 ut
3198 3262 3401 3318 corpus

1825 3345 2202 3414 deponamus:
2240 3344 2334 3398 sed
2380 3351 2439 3395 ut
2469 3342 2601 3395 illud
2633 3341 3053 3410 incorruptione
3076 3338 3399 3395 vestiamus.

1827 3434 2132 3490 Gravamur
2157 3436 2325 3499 enim,
2380 3449 2492 3488 non
2523 3432 2653 3503 quia
2687 3447 2890 3499 corpus
2938 3438 3255 3500 gestamus,
3303 3428 3401 3486 sed

1825 3527 1957 3597 quia
1984 3526 2327 3595 corruptioni
2354 3525 2600 3581 obnoxio
2628 3521 3058 3577 circumdamur.

1897 3616 2066 3671 Vens.
2096 3616 2150 3672 5.
2199 3634 2217 3667 ι
2247 3615 2355 3682 Qui
2407 3624 2591 3670 autem
2630 3614 2767 3670 fecit
2813 3629 2917 3668 nos
2957 3612 3014 3668 in
3069 3612 3175 3667 hoc
3219 3610 3402 3681 ipsum

1826 3708 1991 3764 Deus.
2025 3727 2044 3760 ι

1898 3798 2287 3855 Declaratbzec
2329 3799 2440 3869 jam
2478 3806 2606 3854 ante
2648 3799 2880 3865 ﬁgurata
2903 3810 3048 3873 esse.
3090 3792 3209 3849 Non
3252 3791 3399 3849 enim

1828 3907 1975 3945 nunc
2010 3892 2244 3960 primum
2270 3891 2341 3945 ita
2381 3890 2454 3944 illi
2484 3890 2662 3944 visunt
2694 3896 2803 3951 est,
2829 3887 3037 3956 inquit;
3069 3884 3165 3942 sed
3179 3881 3402 3953 quando

1828 3983 2101 4053 principio
2142 3997 2325 4036 rerum
2370 3996 2471 4036 nos
2520 3980 2589 4035 de
2637 3987 2783 4034 terra
2835 3978 3009 4032 tinxit.
3065 3975 3297 4041 Quinam
3345 3972 3402 4027 id

1829 4071 1921 4125 ﬁat
1966 4087 2035 4126 ne
2092 4070 2377 4141 quaesieris
2417 4084 2431 4123 :
2491 4084 2616 4123 nam
2664 4083 2799 4123 cave
2851 4082 2922 4122 ne
2981 4066 3201 4121 curiose
3239 4078 3403 4119 scru-

1830 4164 1965 4220 teris
2004 4180 2124 4234 quae
2158 4163 2303 4217 Deus
2332 4162 2517 4216 faciat.
2536 4161 2903 4227 Quamobrem
2934 4158 3012 4213 ait
3039 4175 3054 4213 :
3087 4156 3403 4235 Quianam

1829 4256 1969 4327 fecit.

1906 4364 1925 4396 ι
1965 4344 2030 4397 Ει
2057 4345 2146 4414 qui
2174 4343 2325 4398 dedit
2359 4344 2522 4398 nobis
2559 4344 2755 4413 pignus
2789 4341 3038 4411 spiritus.
3071 4359 3091 4393 ι

229 4518 482 4586 Συνεχῶς
512 4516 812 4591 ἀρραϐῶνα
861 4506 1038 4582 καλεῖ,
1075 4517 1358 4588 ὁφειλετὴν
1387 4517 1580 4571 ἑαυτὸν
1616 4517 1724 4570 δεί-

1901 4521 2247 4589 Frequenter
2284 4517 2484 4589 pignus
2530 4519 2798 4582 nominat,
2843 4518 2969 4586 quia
3011 4517 3154 4574 Deus
3184 4514 3405 4571 univer-

157 4608 246 4672 ξαι
280 4606 601 4676 βουλόμενος
622 4607 715 4660 τοῦ
748 4608 968 4670 παντός.

235 4717 255 4749 ι
287 4697 627 4768 Θαρροῦντες
657 4694 749 4751 οὖν
779 4699 1033 4755 πάντοτε.
1064 4699 1160 4753 καὶ
1205 4700 1427 4762 εἰδότες,
1462 4700 1542 4754 ὅτι
1580 4700 1732 4768 ἐνδη-

160 4787 394 4857 μοῦντες
426 4790 484 4843 ὲν
533 4786 611 4857 τῷ
670 4787 904 4858 σώματι,
948 4788 1289 4859 ἐκδημοῦμεν
1337 4788 1444 4840 ἀπὸ
1483 4786 1574 4841 τοῦ
1622 4790 1733 4842 Κυ-

161 4880 305 4949 ρίου.
376 4880 477 4933 Διά
523 4879 761 4943 πίστεως
806 4879 913 4951 γὰρ
972 4880 1417 4951 περιπατοῦμεν,
1449 4882 1510 4933 οὐ
1545 4880 1632 4934 διὰ
1656 4881 1734 4935 εἴη

158 4972 305 5034 δους.
333 4991 353 5025 ι

232 5063 309 5116 Τὸ
339 5062 722 5131 θαρῤοῦντες,
792 5061 929 5131 πρὸς
974 5064 1099 5127 τοὺς
1131 5062 1428 5133 διωγμοὺς,
1460 5064 1596 5133 πρὸς
1635 5063 1734 5126 τὰς

162 5153 481 5217 ἒπιϐουλὰς,
512 5152 652 5225 πρὸς
676 5154 803 5218 τοὺς
830 5153 1115 5217 θανάτους.
1146 5154 1235 5216 Ὠς
1263 5156 1310 5207 εί
1334 5154 1519 5222 ἔλεγεν
1546 5169 1558 5182 ⁸
1588 5154 1736 5207 ἐλαύο

160 5262 245 5298 νει
279 5261 367 5307 τις
391 5286 405 5309 ,
455 5247 553 5297 καὶ⁵
587 5243 815 5309 διώκει,
856 5246 951 5299 καὶ
988 5246 1205 5315 ἀναιρεῖ
1235 5260 1251 5311 ;
1293 5245 1369 5316 μὴ
1395 5243 1731 5317 καταπέσῃς.

168 5333 350 5407 ’Υπὲρ
370 5334 481 5405 γάρ
512 5352 607 5388 σου
638 5335 870 5404 γίνεται.

245 5529 264 5560 ι
301 5506 628 5580 Θαῤῥοῦμεν
647 5508 704 5562 δὲ
730 5509 826 5561 καὶ
862 5508 1191 5579 ἐὐδοκοῦμεν
1236 5508 1435 5580 μᾶλλον
1492 5508 1737 5579 ἐκδημῆ.

164 5614 258 5653 σαι
280 5600 346 5652 ὲκ
369 5598 468 5651 τοῦ
512 5597 785 5670 σώματος,
826 5601 920 5653 καὶ
963 5599 1264 5670 ἐνδημῆσαι
1325 5599 1461 5670 πρὸς
1499 5598 1589 5652 τὸν
1631 5602 1737 5656 Κύ-

171 5704 305 5759 ριον.
328 5688 422 5741 Διὸ
454 5688 547 5745 καὶ
570 5687 1028 5763 φιλοτιμούμεθα,
1052 5691 1162 5745 εἴτε
1198 5690 1556 5764 ἐνδημοῦντες
1574 5732 1589 5758 ,
1623 5694 1732 5749 εῐτε

166 5780 299 5853 exs»,
307 5781 555 5851 μοῦντις.
587 5802 607 5836 ι
1272 5832 1291 5850 .
1639 5768 1657 5783 ’

1831 4627 2016 4669 sorum
2044 4625 2103 4664 se
2138 4608 2442 4662 debitorem
2479 4607 2718 4676 prolitcri
2756 4607 2944 4661 voluit.

1906 4700 2061 4771 135
2101 4718 2119 4751 ι
2164 4700 2331 4752 Vens.
2366 4698 2422 4761 6,
2456 4698 2511 4750 '7.
2558 4697 2836 4750 Audentes
2883 4705 3064 4750 autem
3099 4710 3319 4767 semper
3348 4705 3406 4752 et

1834 4795 2099 4856 scientes,
2135 4791 2422 4861 quoniam,
2463 4788 2592 4842 dum
2640 4802 2834 4842 sumus
2871 4787 2925 4841 in
2969 4802 3218 4858 corpore,
3245 4801 3403 4856 pere-

1834 4886 2122 4958 grinantur
2168 4897 2198 4934 a
2222 4880 2452 4934 Domino
2480 4896 2496 4933 :
2536 4894 2631 4949 per
2663 4877 2823 4933 ﬁdem
2852 4879 2999 4935 enim
3033 4878 3400 4941 ambulamus.

1835 4984 1892 5031 et
1920 4990 2030 5030 non
2066 4988 2162 5043 per
2194 4972 2454 5041 specletur.
2495 4989 2514 5021 ι

1906 5063 2214 5125 Audientes,
2278 5061 2377 5124 ait,
2439 5062 2665 5115 contra‘
2702 5061 3151 5129 persecutiones,
3209 5067 3403 5115 contra

1834 5156 2108 5223 impetus,
2186 5151 2455 5206 adversus
2528 5160 2755 5208 mortes.
2814 5152 2978 5207 Velut
3038 5152 3087 5207 si
3148 5150 3401 5207 diceret:

1836 5246 1913 5303 Te
1945 5247 2220 5316 quispiam
2268 5244 2545 5314 exagitat,
2590 5252 2645 5300 et
2694 5244 3068 5314 persequitur,
3113 5250 3210 5295 aut
3246 5240 3404 5294 oeci-

1836 5338 1959 5393 dit?
1990 5352 2058 5391 ne
2078 5334 2419 5403 despondeas
2466 5335 2732 5389 animum.
2764 5335 2880 5389 Hoc
2916 5332 3065 5388 enim
3094 5338 3319 5402 propter
3354 5342 3407 5387 te

1836 5427 2071 5499 geritur.

1906 5517 2075 5571 Vsus.
2105 5518 2160 5581 8,
2195 5518 2249 5572 9.
2292 5534 2312 5567 ι
2344 5517 2633 5571 Audemus
2661 5524 2842 5569 autem
2886 5522 2941 5569 et
2968 5514 3164 5569 bonam
3209 5511 3405 5567 volun-
3506 5524 3507 5527 ‘

1838 5615 2004 5661 tatem
2059 5606 2360 5669 habemus,
2397 5606 2576 5675 inagis
2626 5604 2963 5674 peregrinari
2994 5618 3026 5658 a
3069 5616 3300 5673 corpore
3351 5610 3409 5655 et

1838 5708 2138 5771 praesentes
2162 5714 2286 5755 esse
2311 5698 2379 5753 ad
2419 5698 2730 5753 Dominum.
2752 5697 2877 5754 Ideo
2898 5704 2954 5754 et
2988 5696 3408 5758 contendimus.

1840 5791 1956 5851 sive
1979 5790 2259 5860 absentes,
2286 5788 2402 5847 sive
2424 5794 2745 5861 praesentes.
2778 5807 2799 5841 ι
