4048 6412
607 367 712 433 731
1898 373 2214 432 JOANNIS
2256 376 2342 433 DA
2355 371 2684 433 MASCENI
3692 373 3770 432 73?.

675 476 1015 530 Postremum
1075 472 1260 544 posuit
1307 473 1458 544 quod
1493 475 1752 529 omnibus
1808 488 1932 530 erat
1976 478 2176 544 majus.
2210 483 2256 539 Α

2174 520 2176 527 μ
2210 483 2256 539 Α
2355 481 2430 532 Τὸ
2459 477 2643 548 μεῖξον
2669 476 2888 530 πάντων
2913 515 2928 538 ,
2961 473 3186 544 ὕστερον
3212 471 3469 526 τέθεικεν.
3491 473 3584 528 Τοῦ
3617 478 3700 549 γὰρ
3720 485 3772 533 οξ.

601 568 735 623 Nam
778 583 905 622 esse
933 581 1057 620 cum
1090 565 1338 630 Christo,
1369 567 1738 636 praestabilius
1765 577 1850 622 est
1876 583 2040 637 quam
2088 569 2177 621 in»

2174 597 2177 606 υ
2282 569 2405 623 κίαν
2441 569 2719 640 ἄφθαρτον
2771 564 2979 628 λαϐεῖν,
3011 562 3073 616 τδ
3105 561 3245 632 μετά
3277 562 3502 631 Χριστοῦ
3533 559 3650 619 εἶναι
3689 570 3772 638 ps.

600 665 921 729 corruptam
978 658 1201 711 domum
1243 658 1517 712 oblinere.
1570 658 1728 723 Quod
1779 666 1962 713 autem
2019 659 2174 722 dicit,

2173 705 2174 715 η
2279 678 2411 714 τιον.
2449 663 2513 712 ’0
2537 661 2595 714 δὲ
2623 659 2770 728 λέγει
2823 653 3066 710 τοιοῦτόν
3098 656 3214 708 ἐστι
3247 669 3262 686 ⁸
3293 653 3351 705 οὐ
3392 653 3643 708 σϐέννυσιν
3663 660 3771 727 ἡμῶκ

602 751 712 805 tale
742 749 874 818 quid
901 747 1206 816 signillcat.
1239 746 1360 800 Non
1391 747 1700 817 exstinguit
1736 747 1900 801 vitam
1928 756 2176 802 nostram

2281 753 2380 822 τὴν
2432 751 2577 821 ζωὴν
2604 793 2620 813 ,
2661 753 2688 804 6
2719 749 2930 803 διώκων
2981 748 3076 801 καὶ
3127 745 3384 816 ἀναιρῶν.
3425 747 3494 798 Οὐ
3525 748 3616 818 γὰρ
3663 752 3775 819 μόνον

601 842 697 911 qui
736 842 1044 895 insectatur
1072 847 1125 892 et
1161 838 1450 893 interimit.
1486 837 1600 892 Non
1631 839 1810 892 solum
1839 838 1983 891 enim
2015 838 2106 891 ille
2129 848 2180 892 te

2282 844 2486 914 φθορᾶς
2525 861 2583 895 σε
2614 841 2944 895 ἀπαλλάττει
2971 838 3064 891 καὶ
3105 837 3329 907 βάρους,
3364 835 3491 890 ἀλλά
3519 841 3673 909 καὶτῷ
3693 843 3781 912 Θεῷ

603 947 634 985 a
667 931 982 1000 corruptela
1009 939 1063 984 et
1095 931 1244 999 gravi
1292 930 1513 983 sarcina
1552 929 1795 982 vindicat
1822 967 1836 990 ,
1885 927 1980 982 sed
2014 928 2178 982 etiam

2287 933 2653 1000 παραπέμπει
2711 929 2942 998 ταχέως.
2977 927 3120 997 Ὅρα
3138 926 3194 978 δὲ
3229 925 3344 988 πῶς
3378 924 3592 996 ἔκρυψεν
3625 930 3680 982 τὰ
3712 931 3781 985 λυ-

605 1021 673 1075 ad
710 1019 1003 1073 Dominum
1037 1018 1376 1088 quantocius
1406 1018 1758 1072 transmittit.
1811 1015 1946 1071 Vide
1991 1025 2178 1070 autem

2283 1023 2435 1092 πηρά
2465 1024 2562 1075 καὶ
2591 1021 2654 1074 τὸ
2687 1021 2857 1090 δνομα
2889 1018 2983 1071 τοῦ
3032 1019 3265 1072 θανάτου
3296 1017 3389 1070 καὶ
3430 1020 3522 1086 τῆς
3564 1020 3779 1090 τελευτῆς,

607 1114 887 1181 quomodo
915 1110 1070 1164 siluit
1102 1125 1224 1179 quae
1253 1108 1434 1163 tristia
1463 1117 1613 1174 sunt,
1657 1109 1850 1163 mortis
1882 1108 2098 1162 scilicet
2128 1116 2182 1161 ct

2283 1114 2376 1166 κο.)⁵
2403 1113 2470 1166 τὰ
2502 1112 2704 1182 σφόδρα
2735 1109 2956 1164 ποθεινά
2994 1107 3306 1178 ἀντέθηκεν,
3342 1107 3642 1175 ἐπιδημίαν
3683 1113 3784 1165 αὐτὰ

609 1201 866 1258 interitus
891 1200 1174 1255 vocabulis
1202 1199 1510 1262 abstinens,
1558 1215 1794 1270 quorum
1832 1201 1956 1254 loco
2000 1200 2175 1268 subji-

2281 1203 2466 1257 καλῶν
2515 1203 2666 1271 πρὸς
2714 1201 2822 1255 τὸν
2857 1201 3107 1269 Κύριον,
3143 1199 3236 1252 καὶ
3265 1198 3330 1251 τὰ
3355 1197 3592 1252 δοκοῦντα
3613 1200 3781 1266 γλυκέα,

610 1293 708 1357 cit,
759 1306 880 1360 quae
919 1290 1308 1344 desiderabilia
1362 1290 1658 1345 admodum
1709 1291 2018 1357 exsistunt;
2062 1306 2184 1361 quae

2283 1296 2442 1364 ἀφεὶς
2462 1295 2528 1348 τὰ
2555 1296 2655 1364 τῆς
2668 1293 2836 1363 ζωῆς,
2859 1292 2968 1346 ἀπὸ
2989 1291 3097 1344 τῶν
3113 1289 3373 1360 λυπηρῶν
3395 1291 3523 1343 αὑτά
3545 1291 3782 1361 ὠνόμασεν,

609 1382 831 1452 quidem
851 1394 1111 1435 accessus
1136 1387 1190 1433 et
1221 1382 1516 1446 prasentiw
1548 1379 1618 1434 ad
1645 1381 1928 1435 Dominum
1956 1383 2185 1436 nomine

2281 1384 2573 1453 ἐκδημίαν
2607 1385 2726 1438 ἀπὸ
2775 1381 2884 1436 τοῦ
2939 1383 3162 1450 Κυρίου
3194 1381 3295 1450 τὴν
3345 1381 3562 1435 ἐνταῦθα
3607 1383 3785 1446 καλέσας

612 1471 875 1542 indigitat
912 1489 925 1524 :
965 1472 1101 1540 quin
1135 1476 1302 1526 etiam
1349 1473 1601 1529 dimissis
1649 1488 1772 1543 qua:
1818 1473 2001 1528 dulcia
2062 1488 2184 1535 esse

2283 1475 2448 1546 ζωήν.
2471 1474 2643 1528 Τοῦτο
2672 1475 2729 1528 δὲ
2759 1474 2971 1543 ἔλεγεν,
3001 1475 3099 1527 ἵνα
3134 1473 3329 1544 μηδεὶς
3381 1474 3514 1543 μήτε
3555 1475 3652 1536 τοῖς
3687 1492 3789 1545 παρ-

611 1562 872 1616 videntur
899 1559 953 1614 in
981 1561 1117 1624 vita,
1152 1575 1182 1613 a
1219 1561 1473 1616 tristibus
1506 1563 1696 1617 eadem
1737 1563 2063 1623 nominavit.
2104 1563 2184 1616 vi-

2286 1569 2406 1621 οὖσι
2431 1568 2822 1638 ὲμφιλοχωρῇ,
2869 1565 3005 1619 ἀλλὰ
3033 1566 3128 1619 καὶ
3162 1564 3480 1636 βαρύνηται,
3534 1567 3651 1635 μήτε
3701 1567 3792 1635 μὲλ-

613 1662 726 1707 tam
781 1654 921 1708 hanc
969 1653 1297 1722 appellando
1341 1655 1816 1724 peregrinationem
1870 1672 1902 1707 a
1935 1655 2182 1708 Domino.

2287 1659 2394 1710 λων
2443 1658 2702 1728 τελευτᾷν
2756 1656 3019 1726 λυπῆται,
3068 1656 3162 1709 καὶ
3208 1655 3471 1726 χαίρῃὼς
3499 1657 3570 1716 εἰς
3625 1655 3792 1724 μείζονα

614 1743 729 1800 Hoc
767 1755 948 1800 autem
979 1746 1078 1809 ait,
1116 1753 1174 1798 ut
1206 1760 1369 1800 nemo
1401 1746 1661 1815 deinceps
1693 1747 2047 1816 praesentium
2095 1761 2182 1800 re-

2288 1743 2468 1798 ἀπιὼν
2495 1745 2696 1813 ἀγαθά.
2738 1742 2872 1800 Εἶτα
2904 1745 2990 1798 ἵνα
3022 1747 3097 1815 μή
3124 1762 3207 1808 τις
3241 1746 3395 1814 εἴπῃ,
3423 1744 3620 1797 ἀκούων
3640 1747 3705 1797 ὅτι
3725 1745 3794 1798 ἐκ·

615 1853 738 1892 rum
765 1852 953 1897 amore
979 1845 1252 1901 teneatur,
1286 1838 1382 1892 sed
1408 1837 1519 1892 illis
1545 1838 1729 1908 potius
1767 1847 2044 1907 gravetur,
2078 1851 2179 1892 nec
2209 1844 2213 1898 ζ

2209 1843 2252 1900 Β
2280 1837 2584 1906 δημοῦμεν
2607 1836 2728 1890 ἀπὸ
2760 1837 2866 1890 τοῦ
2892 1837 3136 1903 Κυρίου,
3191 1836 3257 1888 Τί
3287 1835 3459 1889 ταῦτα
3483 1835 3667 1902 λέγεις;
3688 1835 3796 1887 ἀλλο-

619 1928 917 1982 moriturus
970 1928 1184 1992 doleat,
1251 1929 1345 1989 sed
1405 1928 1641 2000 gaudeat
1694 1931 1852 2000 quasi
1916 1930 1982 1985 ad
2041 1931 2186 1984 bona

2287 1930 2588 2001 τριούμεθα
2614 1926 2708 1982 οὖν
2739 1928 2980 1982 ἐνταῦθα
3014 1929 3203 1991 δντεςς
3239 1927 3636 1997 προδιωρθωσεν
3665 1929 3795 1989 τοῦτο,

617 2019 828 2088 majora
905 2019 1278 2089 profecturus.
1350 2021 1525 2076 Porro
1585 2039 1655 2078 ne
1716 2025 1840 2092 quis
1915 2023 2185 2088 audiens,

2287 2021 2493 2075 εἰπὼν·
2528 2023 2631 2077 Διὰ
2675 2022 2934 2087 πίστεως
2993 2023 3104 2090 γὰρ
3166 2021 3714 2088 περιπατοῦμεν,‹ιὺ
3733 2021 3797 2071 διὰ

616 2112 1009 2181 peregrinantur
1034 2129 1066 2166 a
1099 2112 1349 2178 Domino,
1380 2115 1568 2169 dicat:
1604 2115 1717 2170 Cur
1756 2116 1875 2170 haec
1911 2114 2193 2184 loqueris?

2290 2113 2616 2178 εἷόους.Ὦς
2637 2115 2686 2165 εί
2719 2112 2874 2180 ἔλεγε
2902 2128 2917 2144 ο
2953 2112 3070 2165 Kal
3102 2110 3459 2179 ὲνταῦθα⁹μὲν
3497 2109 3797 2177 αὖτοῦὲσμεν,

619 2202 845 2257 alienati
912 2219 1045 2274 ergo
1124 2221 1320 2260 sumus
1372 2205 1503 2258 dum
1563 2207 1652 2261 hic
1715 2207 2039 2261 versamur?
2089 2206 2194 2260 hoc

2294 2204 2410 2258 ἀλλ’
2440 2205 2538 2275 οὐχ
2584 2203 2727 2258 οὓτω
2784 2204 2990 2272 σαφῶς.
3046 2203 3154 2255 Καὶ
3208 2201 3363 2255 τοῦτό
3401 2205 3541 2256 ἐστιν
3568 2203 3592 2254 δ
3624 2201 3798 2268 ἀλλαχοῦ

620 2295 912 2348 antevertit
965 2295 1158 2350 dicens
1204 2314 1216 2349 :
1258 2294 1362 2349 Per
1400 2297 1560 2365 ﬁdem
1634 2299 1771 2351 enim
1833 2298 2191 2359 ambulamus,

1854 2298 2191 2359 imbutamus,
2294 2297 2501 2367 ἔλεγεν,
2540 2299 2610 2351 ἐν
2624 2297 2899 2366 ἐσόπτρῳ
2927 2296 3024 2350 καὶ
3045 2297 3115 2349 ἐν
3131 2297 3452 2363 αἰνίγματι.

618 2399 669 2441 et
705 2405 807 2442 non
837 2405 929 2457 per
974 2393 1215 2458 speciem.
1249 2394 1328 2447 Ac
1367 2394 1413 2447 si
1459 2394 1711 2448 diceret:
1747 2394 1910 2461 Atqui
1957 2393 2044 2447 hic
2073 2392 2307 2462 quidemi
2345 2409 2540 2450 sumus
2592 2395 2769 2460 illius,
2806 2393 2900 2448 sed
2935 2407 3042 2447 non
3084 2391 3166 2448 sic
3235 2389 3549 2444 inanitasle.
3611 2387 3674 2440 Et
3726 2386 3798 2440 ιιοιε

617 2484 874 2553 estquod
911 2486 963 2538 in
1021 2486 1128 2539 alio
1183 2487 1302 2541 loco
1363 2487 1565 2553 aiebat,
1629 2489 1683 2541 in
1735 2489 1942 2556 speculo
1998 2500 2046 2542 et
2111 2490 2162 2540 in
2204 2490 2489 2560 witigniate
2519 2491 2564 2543 ‘.

695 2596 714 2629 ‹
760 2576 986 2632 Placere
1025 2579 1122 2632 illi.
1169 2601 1188 2632 ι

2371 2604 2391 2636 ι
2426 2585 2720 2653 Εὑάρεστοι
2749 2584 2898 2653 αὐτῷ
2921 2580 3077 2636 εἶναι.
3113 2601 3133 2633 ι

688 2666 823 2721 Nam
856 2671 1000 2739 quod
1046 2675 1339 2741 quaeritur,
1389 2674 1492 2728 hoc
1537 2681 1644 2738 est,
1705 2675 1932 2744 inquit:
1977 2682 2036 2728 ut
2075 2676 2193 2730 sive

2369 2677 2442 2729 Τὸ
2498 2678 2606 2748 γάρ
2667 2676 3022 2746 ζητούμενον,
3073 2673 3230 2726 τοῦτό
3277 2675 3416 2734 ἐστι,
3484 2670 3804 2740 φησίνοᾰντε

620 2761 754 2822 illic,
774 2760 888 2815 sive
909 2762 1034 2817 istic
1089 2765 1401 2819 secundum
1431 2766 1732 2821 voluntatis
1755 2767 1874 2836 ejus
1896 2766 2190 2822 consilium

2297 2769 2416 2822 ἐκεῖ
2435 2762 2607 2838 ὦμεν,
2640 2768 2705 2822 ἄν
2728 2785 2786 2820 τε
2817 2766 3072 2831 ἐνταῦθα,
3105 2765 3247 2819 κατά
3291 2763 3519 2834 γνώμην
3548 2760 3691 2814 αὑτοῦ
3721 2763 3804 2829 ζῇν.

622 2848 829 2915 vivant,
859 2861 914 2905 et
943 2867 1011 2906 ne
1043 2855 1138 2907 tali
1167 2865 1435 2924 tantoque
1464 2853 1744 2909 desiderio
1779 2856 1942 2918 inito,
1968 2864 2196 2926 propter

2299 2862 2396 2914 καί
2429 2861 2518 2914 ἴνα
2545 2860 2709 2913 πάλιν
2743 2860 2816 2929 μὴ
2843 2860 2921 2921 εἰς
2960 2859 3226 2926 τοσαύτην
3265 2855 3513 2917 ἐλθόντες
3555 2851 3806 2921 ἐπιθυμίαν,

623 2943 1087 3009 peregrinationis
1132 2955 1186 3000 et
1218 2948 1484 3002 absentiae
1515 2963 1726 3001 moram
1758 2949 2062 3002 indoleant.
2114 2947 2194 3001 Ex

2299 2951 2577 3004 λυπῶνται
2607 2951 2742 3021 πρὸς
2773 2950 2872 3020 τὴν
2909 2948 3166 3020 μέλλησιν
3200 2949 3299 3017 τῆς
3327 2946 3610 3015 ἐκδημίας.
3644 2939 3806 2995 Ἐντεῦ-

621 3049 730 3099 quo
759 3035 924 3088 etiam
960 3038 1138 3104 capite
1179 3054 1449 3092 summam
1491 3039 1630 3108 ipsis
1667 3039 1938 3092 bonorum
1977 3039 2192 3092 tribuit.

2231 3103 2260 3108 Δ
2301 3039 2391 3090 θεν
2417 3039 2515 3108 ἠδη
2539 3039 2755 3091 δίδωσιν
2791 3039 2976 3100 αὐτοῖς
3002 3038 3064 3090 τδ
3093 3037 3389 3106 κεφάλαιον
3420 3035 3529 3088 τῶν
3566 3032 3738 3087 καλῶν.
3762 3030 3808 3082 Tl

620 3121 756 3176 Nam
797 3127 926 3194 quid
953 3127 1098 3182 istud
1129 3139 1234 3193 est,
1267 3129 1407 3184 bene
1445 3129 1699 3198 placere?
1724 3127 1841 3182 Non
1872 3129 2017 3182 enim
2053 3132 2190 3183 sim-
2217 3130 2218 3142 ‘

2217 3103 2262 3165 ο
2296 3132 2351 3184 δὲ
2380 3103 2536 3184 τουτο
2592 3133 2706 3184 ἐστι
2747 3131 2843 3198 τὸ,
2888 3103 3214 3202 εὐαρέστους
3273 3123 3454 3194 εἷναι;
3485 3126 3614 3180 Οὐδὲ
3656 3125 3743 3193 γὰρ
3772 3123 3810 3173 τὺ

623 3215 842 3282 pliciter
891 3218 1184 3287 emigrare,
1247 3222 1350 3273 hoc
1385 3221 1588 3275 bonum
1625 3220 1820 3286 fuerit;
1855 3220 1948 3275 scd
1981 3222 2026 3276 si
2057 3223 2196 3292 grati

2297 3225 2529 3292 ἐξελθεῖν
2574 3226 2761 3291 ἁπλῶς
2817 3227 3003 3288 καλὸν.
3047 3226 3184 3281 ἀλλά
3239 3226 3338 3280 καὶ
3357 3225 3422 3279 τὸ
3460 3221 3813 3294 εὐδοκιμοῦντας

623 3307 952 3376 probatique
984 3311 1371 3366 abscedamus.

984 3311 1371 3366 abscedamus.
2295 3317 2577 3372 ἀπελθεῖν.

695 3395 858 3452 Vsus.
897 3398 978 3454 l0.
1013 3418 1030 3450 ι
1068 3401 1268 3456 Omnes
1292 3402 1440 3457 enim
1473 3418 1576 3458 nos
1604 3404 1947 3460 manifestari
1976 3409 2196 3473 oportet

2372 3428 2390 3461 ι
2417 3411 2556 3472 Τοὺς
2581 3410 2689 3477 γὰρ
2720 3411 2927 3468 πάντας
2953 3409 3108 3480 ἡμᾶς
3141 3408 3530 3480 φανερωθῆναι
3554 3409 3629 3462 δεῖ
3654 3409 3815 3476 ἔμπρο-

623 3495 750 3540 ante
778 3488 1017 3543 tribunal
1048 3489 1278 3556 Christi,
1308 3502 1366 3546 ut
1410 3493 1613 3549 referat
1652 3496 2032 3566 unusquisque
2066 3510 2193 3564 pro-

2298 3499 2423 3552 σθεν
2451 3499 2545 3552 τοῦ
2583 3500 2821 3570 βήματος
2853 3499 2946 3552 τοῦ
2978 3499 3239 3580 ὶςριστοῦ,
3288 3500 3376 3552 ἴνα
3415 3501 3693 3570 κομίσηται
3726 3498 3817 3546 ἱκα-

622 3578 742 3645 pria
802 3582 1097 3649 corporis,
1167 3592 1330 3653 prout
1378 3586 1573 3654 gessit,
1627 3588 1743 3642 sive
1795 3589 2019 3651 bonum,
2075 3587 2194 3641 sive

2299 3608 2420 3654 στος
2448 3591 2516 3644 τά
2552 3594 2658 3644 ἴδια
2715 3591 2808 3644 τοῦ
2876 3578 3149 3662 σώματος,
3201 3591 3338 3662 πρὸς
3375 3592 3411 3645 ἃ.
3440 3591 3694 3663 ἔπραξεν,
3737 3588 3815 3639 εἴτε

622 3668 848 3722 malum.
883 3688 902 3720 ι

2295 3683 2519 3751 ἀγαθὸν,
2555 3682 2666 3735 εἴτε
2695 3682 2888 3736 κακόν.
2917 3701 2935 3733 ι

693 3757 1154 3830 Quandoquidem
1187 3763 1409 3833 largitio
1443 3765 1711 3821 bonorum
1736 3785 1848 3823 non
1882 3773 1962 3826 sic
1990 3774 2195 3827 excitat

2377 3775 2599 3842 Ἐπειδὴ
2639 3775 2736 3843 οὐχ
2775 3774 2918 3826 οὕτω
2963 3772 3221 3843 διεγείρει
3271 3773 3364 3826 τὸν
3413 3766 3820 3842 ἀκφατὴνὴτών

622 3849 956 3917 auditorem,
1000 3853 1082 3906 uti
1112 3856 1470 3910 comminatio
1516 3873 1827 3926 poenarum,
1880 3866 2196 3920 necessario

2297 3863 2516 3931 ἀγαθῶν
2545 3863 2691 3924 δόσις
2712 3903 2726 3925 ,
2758 3863 2829 3925 ὡς
2864 3865 2902 3933 η’
2928 3863 3037 3915 τῶν
3093 3864 3368 3917 κολάσεων
3427 3861 3638 3930 ἀπειλὴ,
3690 3862 3821 3924 ἀναγ-

624 3939 908 4008 iuceptum
944 3958 1254 3998 sermonem
1285 3946 1371 4000 his
1402 3949 1588 4004 verbis
1625 3952 1881 4006 absolvit.
1916 3953 2192 4010 Cancrum

2295 3956 2466 4017 καίως
2489 3955 2721 4007 ἐνταῦθα
2757 3954 3064 4008 καταπαύει
3088 3955 3180 4007 τὸν
3208 3955 3387 4022 λόγον.
3425 3955 3537 4009 Kal
3570 3951 3717 4006 πάλιν
3758 3951 3819 4000 ἐν·

624 4026 948 4084 incutiendo
993 4033 1270 4097 timorem,
1309 4036 1591 4092 Christum
1645 4056 1754 4094 non
1803 4045 2190 4111 pragtermisit:

2297 4045 2474 4099 ταῦθα
2506 4044 2708 4113 φοϐῶν,
2734 4045 2800 4096 οὗ
2828 4044 2997 4114 χωρὶς
3019 4045 3110 4098 τὸν
3138 4045 3372 4114 Χριστὸν
3405 4044 3633 4097 τέθεικε.
3679 4039 3821 4092 Ταῦτα

623 4115 756 4183 quin
799 4118 873 4170 ita
905 4121 1198 4189 loquendo,
1231 4130 1346 4175 tum
1376 4125 1715 4190 laborantes,
1742 4139 1854 4183 tum
1891 4133 2194 4200 exagitatos

2294 4139 2349 4190 δὲ
2380 4138 2555 4206 λέγων
2575 4179 2590 4204 ,
2651 4138 2744 4190 καὶ
2773 4137 2898 4200 τοὺς
2928 4139 3281 4207 κεκμηκότας
3327 4139 3424 4191 καὶ
3482 4134 3821 4201 ἐλαυνομένους

622 4206 822 4299 injecta
853 4225 948 4278 spe
971 4212 1155 4278 erigit,
1179 4225 1234 4267 ct
1258 4229 1352 4270 eos
1377 4217 1470 4286 qui
1493 4217 1834 4286 defecerunt,
1864 4221 2018 4276 illato
2044 4235 2198 4278 metu

2295 4229 2548 4299 ἀνίστησι
2602 4229 2722 4289 ταῖς
2776 4227 2959 4280 ὲλπίσι
2991 4269 3006 4290 ,
3064 4228 3161 4280 καὶ
3223 4228 3348 4292 τοὺς
3412 4221 3823 4280 ἀναπεπτωκότας

622 4293 1005 4362 diligentiores
1042 4301 1241 4356 reddit.

2297 4293 2749 4388 σπουδαιοτέρους
2773 4317 2849 4388 τῷ
2886 4318 3038 4389 φόϐῳ
3070 4321 3231 4372 ποιεῖ.

699 4385 859 4442 Vens.
894 4389 982 4444 11.
1012 4408 1032 4443 ι
1063 4391 1318 4449 Scientes
1341 4411 1472 4466 ergo
1498 4398 1749 4454 timorem
1785 4401 1994 4456 Domini
2022 4403 2192 4460 ltomi-
2223 4436 2269 4494 ο

2226 4436 2269 4494 D
2371 4432 2388 4462 ι
2436 4385 2650 4477 Εἰδότες
2681 4411 2773 4468 οὖν
2935 4385 3219 4483 φόδοντοῦ
3275 4412 3509 4484 Κυρίου,
3556 4408 3824 4480 ἀνθρώπους

621 4477 786 4532 nibus
847 4481 1196 4538 suademus:
1241 4484 1348 4542 Deo
1402 4497 1582 4542 autem
1642 4491 1914 4548 manifesti
1973 4511 2189 4551 sumus.

2227 4477 2265 4494 ν
2299 4501 2595 4572 πείθομεν,
2643 4503 2761 4572 Θεῷ
2788 4503 2843 4555 δὲ
2901 4477 3376 4572 σιτιειιιανεριῖιμιώα.⁷
3396 4501 3629 4565 Ἐλπίζω
3654 4477 3722 4551 *δὲ
3742 4497 3825 4562 ,καὶ

624 4568 802 4637 Spero
826 4581 1009 4627 autem
1041 4582 1094 4630 et
1130 4576 1185 4630 in
1222 4578 1583 4635 conscientiis
1627 4585 1828 4641 vestris
1859 4585 2188 4645 manifestos

2013 4585 2188 4645 festos
2296 4594 2354 4645 ὲν
2377 4595 2495 4656 ταῖς
2527 4593 2900 4664 συνειδήσεσιν
2929 4593 3083 4664 ὑμῶν
3108 4591 3552 4663 πεφανερῶσθαι.
3593 4608 3609 4641 ι

623 4677 725 4716 nos
755 4679 900 4719 esse.
943 4683 961 4716 ι

694 4753 832 4808 Cum
889 4772 1315 4827 cognoscamus,
1382 4763 1580 4834 inquit,
1637 4771 1884 4825 terribile
1944 4773 2193 4829 tribunal

2365 4767 2438 4821 Τὸ
2485 4767 2836 4838 δικαστήριον
2897 4770 3078 4821 έκεῖνο
3101 4770 3160 4821 τδ
3187 4767 3420 4838 φοϐερὸν
3478 4765 3825 4836 γινώσκοντες.

626 4842 782 4908 illud,
817 4858 1039 4913 operam
1067 4862 1284 4903 omnem
1319 4867 1610 4920 ponamus,
1642 4867 1700 4910 ut
1725 4862 2078 4916 occasionem
2105 4865 2188 4918 vel

2298 4859 2451 4928 φησὶ,
2487 4859 2664 4911 πάντα
2701 4860 3030 4930 πράττωμεν
3053 4858 3196 4911 ὥστε
3224 4859 3298 4929 μὴ
3317 4859 3501 4912 δοῦναι
3525 4858 3704 4927 λαϐὴν,
3733 4853 3827 4907 οὕτε

623 4933 1013 4990 olTendiculutn
1041 4940 1247 4993 nemini
1277 4939 1492 4997 demus.

1059 4940 1247 4993 temini
1277 4939 1492 4997 demus.
2299 4951 2657 5021 πρόσκομμα.

699 5025 858 5097 136
889 5025 1057 5084 Vens.
1099 5029 1185 5084 12.
1225 5047 1243 5080 ι
1289 5029 1404 5085 Non
1439 5035 1584 5090 enim
1616 5040 1809 5094 iterum
1843 5047 2195 5101 commenda-

2376 5060 2394 5093 ι
2426 5043 2500 5094 υῦ
2533 5041 2643 5112 γὰρ
2674 5040 2837 5093 πάλιν
2861 5041 3092 5105 ἑαυτοὺς
3119 5042 3514 5112 συνιστάνομεν
3559 5042 3698 5111 ὑμῖν,
3724 5035 3822 5091 ἀλλᾶ

625 5131 749 5170 mus
775 5131 876 5172 nos
905 5119 1086 5182 vobis,
1130 5119 1229 5175 sed
1261 5124 1610 5182 occasionem
1655 5129 1853 5185 damus
1884 5135 2041 5191 vobis
2074 5137 2194 5207 glo-

2298 5132 2552 5203 ἀφορμὴν
2575 5131 2808 5194 διδόντες
2838 5132 2969 5202 ὑμῖν
2995 5133 3348 5203 καυχήματος
3395 5133 3538 5202 ὑπὲρ
3574 5130 3736 5202 ἡμῶν,
3763 5126 3823 5178 ἵνα

626 5205 806 5295 τίοιιάᾲί
838 5222 936 5276 pro
963 5209 1146 5272 nobis,
1178 5216 1238 5263 ut
1272 5210 1524 5270 habeatis
1549 5215 1614 5269 ad
1643 5231 1762 5270 eos.
1807 5237 1824 5269 ι
2081 5205 2095 5207 -

1224 5216 1238 5263 l.
1272 5210 1524 5270 habeatis
1549 5215 1614 5269 ad
1643 5231 1762 5270 eos.
1807 5237 1824 5269 ι
2081 5205 2095 5207 -
2298 5224 2450 5295 ἔχετε
2475 5224 2609 5294 πρὸς
2624 5222 2772 5285 τούς.
2797 5240 2822 5274 ι

697 5293 831 5347 Vide
864 5310 976 5364 quo
1012 5307 1173 5365 pacto
1217 5299 1588 5369 suspicionem
1624 5307 1888 5361 continuo
1921 5309 2083 5377 tollit,
2129 5330 2196 5369 ne

2328 5293 2528 5383 ΠὍρα
2581 5311 2700 5374 πῶς
2747 5310 2992 5381 συνεχῶς
3046 5311 3354 5383 διορθοῦται
3405 5314 3503 5386 τὴν
3553 5312 3644 5367 τοῦ
3689 5309 3823 5362 sonit

621 5381 879 5434 videatur
904 5383 1145 5452 seipsum
1167 5385 1422 5443 laudibus
1449 5388 1665 5448 efferre.

1587 5407 1665 5448 re.
2298 5381 2666 5472 ἐγκωμιάζειν
2695 5399 2887 5454 ἑαυτὸν
2910 5381 3185 5456 ὑπόνοιαν.

702 5491 741 5565 ι.
765 5473 868 5536 Qui
895 5474 950 5528 in
979 5475 1114 5530 facie
1143 5478 1473 5549 gloriantur,
1497 5492 1552 5538 et
1583 5501 1691 5542 non
1722 5487 1777 5543 in
1809 5491 1992 5549 corde.
2033 5512 2052 5547 ι

2373 5512 2393 5546 ι
2417 5494 2506 5546 Ἐν
2526 5492 2804 5565 προσώπῳ
2830 5493 3245 5564 καυχωμένους,
3280 5495 3377 5548 καὶ
3403 5494 3462 5548 οὐ
3491 5493 3702 5562 καρδίᾳ.
3727 5509 3742 5538 ι

701 5554 814 5610 lloc
840 5568 944 5658 est,
998 5564 1179 5630 quoad
1209 5580 1272 5620 ea
1311 5583 1434 5639 qua:
1462 5574 1641 5633 oculis
1668 5587 1970 5636 cernuntur
1991 5621 2005 5648 ,
2039 5591 2094 5639 et
2123 5582 2188 5638 ad

699 5654 1072 5700 tentattonem.

2367 5554 2680 5648 Τουτέστιν,
2735 5554 2795 5638 ὲν
2827 5554 3315 5655 τοίςηὸρωμένοις,
3358 5583 3451 5640 καὶ
3503 5554 3639 5654 πρὸς
3661 5554 3811 5633 inita

630 5659 1072 5705 ostentationem.
2301 5677 2402 5743 ξιν.

724 5757 746 5789 ⁸
788 5758 958 5816 lCor.
993 5778 1095 5829 xit,
1133 5765 1213 5819 l5.
