  <div class='ocr_page' id='page_1' title='image "/cluster/home/n/w/nwhite01/storage/ocr_20150623/95/hvd.32044019208057/372.png"; bbox 0 0 4048 6426; ppageno 0'>
   <div class='ocr_carea' id='block_1_1' title="bbox 200 376 305 440">
    <p class='ocr_par' dir='ltr' id='par_1_1' title="bbox 200 376 305 440">
     <span class='ocr_line' id='line_1_1' title="bbox 200 376 305 440; baseline -0.019 0"><span class='ocrx_word' id='word_1_1' title='bbox 200 376 305 440; x_wconf 77' lang='lat'><strong>733</strong></span> 
     </span>
    </p>
   </div>
   <div class='ocr_carea' id='block_1_2' title="bbox 1332 360 2336 431">
    <p class='ocr_par' dir='ltr' id='par_1_2' title="bbox 1332 360 2336 431">
     <span class='ocr_line' id='line_1_2' title="bbox 1332 360 2336 431; baseline -0.005 -1"><span class='ocrx_word' id='word_1_2' title='bbox 1332 372 1412 431; x_wconf 83' lang='lat' dir='ltr'><strong>IN</strong></span> <span class='ocrx_word' id='word_1_3' title='bbox 1437 371 1671 431; x_wconf 83' lang='lat' dir='ltr'><strong>EPIST.</strong></span> <span class='ocrx_word' id='word_1_4' title='bbox 1707 369 1807 428; x_wconf 81' lang='lat' dir='ltr'><strong>AD</strong></span> <span class='ocrx_word' id='word_1_5' title='bbox 1839 368 2199 428; x_wconf 78' lang='lat' dir='ltr'><strong>CORINTH.</strong></span> <span class='ocrx_word' id='word_1_6' title='bbox 2236 360 2336 426; x_wconf 67' lang='lat' dir='ltr'><strong>ll.‘</strong></span> 
     </span>
    </p>
   </div>
   <div class='ocr_carea' id='block_1_3' title="bbox 3364 365 3469 426">
    <p class='ocr_par' dir='ltr' id='par_1_3' title="bbox 3364 365 3469 426">
     <span class='ocr_line' id='line_1_3' title="bbox 3364 365 3469 426; baseline -0.067 0"><span class='ocrx_word' id='word_1_7' title='bbox 3364 365 3469 426; x_wconf 65' lang='grc'><strong>734</strong></span> 
     </span>
    </p>
   </div>
   <div class='ocr_carea' id='block_1_4' title="bbox 276 468 1798 555">
    <p class='ocr_par' dir='ltr' id='par_1_4' title="bbox 276 476 1781 555">
     <span class='ocr_line' id='line_1_4' title="bbox 276 476 1781 555; baseline -0.005 -18"><span class='ocrx_word' id='word_1_8' title='bbox 276 484 460 553; x_wconf 44' lang='lat' dir='ltr'><strong>(Eis:</strong></span> <span class='ocrx_word' id='word_1_9' title='bbox 500 481 607 555; x_wconf 80' lang='grc' dir='ltr'>γὰρ</span> <span class='ocrx_word' id='word_1_10' title='bbox 652 480 972 551; x_wconf 65' lang='grc' dir='ltr'>ιξέστημεν,</span> <span class='ocrx_word' id='word_1_11' title='bbox 1012 476 1132 551; x_wconf 82' lang='grc' dir='ltr'><strong>Θεῷ</strong></span> <span class='ocrx_word' id='word_1_12' title='bbox 1158 494 1171 509; x_wconf 84' lang='lat'><strong><em>°</em></strong></span> <span class='ocrx_word' id='word_1_13' title='bbox 1208 476 1319 532; x_wconf 71' lang='grc' dir='ltr'>εἴτε</span> <span class='ocrx_word' id='word_1_14' title='bbox 1374 477 1781 550; x_wconf 80' lang='grc' dir='ltr'><strong>σωφρονοῦμεν,</strong></span> 
     </span>
    </p>
   </div>
   <div class='ocr_carea' id='block_1_5' title="bbox 1902 468 3467 555">
    <p class='ocr_par' dir='ltr' id='par_1_5' title="bbox 1967 468 3467 535">
     <span class='ocr_line' id='line_1_5' title="bbox 1967 468 3467 535; baseline -0.003 -9"><span class='ocrx_word' id='word_1_15' title='bbox 1967 471 2130 528; x_wconf 69' lang='lat' dir='ltr'><strong>Vens.</strong></span> <span class='ocrx_word' id='word_1_16' title='bbox 2164 474 2248 528; x_wconf 78' lang='lat' dir='ltr'><strong>l5.</strong></span> <span class='ocrx_word' id='word_1_17' title='bbox 2288 490 2306 533; x_wconf 69' lang='grc' dir='ltr'><strong>ι</strong></span> <span class='ocrx_word' id='word_1_18' title='bbox 2363 468 2490 523; x_wconf 84' lang='lat' dir='ltr'><strong>Sive</strong></span> <span class='ocrx_word' id='word_1_19' title='bbox 2531 468 2678 523; x_wconf 86' lang='lat' dir='ltr'><strong>enim</strong></span> <span class='ocrx_word' id='word_1_20' title='bbox 2714 478 2896 525; x_wconf 87' lang='lat' dir='ltr'><strong>mente</strong></span> <span class='ocrx_word' id='word_1_21' title='bbox 2926 470 3284 535; x_wconf 71' lang='lat' dir='ltr'><strong>esce’dimus,</strong></span> <span class='ocrx_word' id='word_1_22' title='bbox 3321 469 3429 522; x_wconf 70' lang='lat' dir='ltr'><strong>lim</strong></span> <span class='ocrx_word' id='word_1_23' title='bbox 3451 509 3467 532; x_wconf 90' lang='lat'><strong>,</strong></span> 
     </span>
    </p>
   </div>
   <div class='ocr_carea' id='block_1_6' title="bbox 200 574 1529 643">
    <p class='ocr_par' dir='ltr' id='par_1_6' title="bbox 200 574 1529 643">
     <span class='ocr_line' id='line_1_6' title="bbox 200 574 1529 643; baseline -0.005 -17"><span class='ocrx_word' id='word_1_24' title='bbox 200 574 353 643; x_wconf 79' lang='grc' dir='ltr'>ὑμῖν.</span> <span class='ocrx_word' id='word_1_25' title='bbox 388 590 406 622; x_wconf 72' lang='grc' dir='ltr'><strong>ι</strong></span> <span class='ocrx_word' id='word_1_26' title='bbox 1524 614 1529 619; x_wconf 40' lang='grc' dir='ltr'><strong>ς</strong></span> 
     </span>
    </p>
   </div>
   <div class='ocr_carea' id='block_1_7' title="bbox 282 658 1783 734">
    <p class='ocr_par' dir='ltr' id='par_1_7' title="bbox 282 658 1783 734">
     <span class='ocr_line' id='line_1_7' title="bbox 282 658 1783 734; baseline -0.003 -17"><span class='ocrx_word' id='word_1_27' title='bbox 282 666 407 717; x_wconf 73' lang='lat' dir='ltr'><strong>Ehe</strong></span> <span class='ocrx_word' id='word_1_28' title='bbox 447 681 521 730; x_wconf 92' lang='grc' dir='ltr'><strong>τι,</strong></span> <span class='ocrx_word' id='word_1_29' title='bbox 554 665 749 734; x_wconf 74' lang='grc' dir='ltr'>φησὶν,</span> <span class='ocrx_word' id='word_1_30' title='bbox 798 661 937 733; x_wconf 80' lang='grc' dir='ltr'>μέγα</span> <span class='ocrx_word' id='word_1_31' title='bbox 980 658 1366 731; x_wconf 80' lang='grc' dir='ltr'>φθεγξώμεθα,</span> <span class='ocrx_word' id='word_1_32' title='bbox 1419 659 1507 714; x_wconf 84' lang='grc' dir='ltr'>διὰ</span> <span class='ocrx_word' id='word_1_33' title='bbox 1536 659 1625 713; x_wconf 81' lang='grc' dir='ltr'>τὸν</span> <span class='ocrx_word' id='word_1_34' title='bbox 1649 659 1783 713; x_wconf 75' lang='grc' dir='ltr'>Θεὸν</span> 
     </span>
    </p>
   </div>
   <div class='ocr_carea' id='block_1_8' title="bbox 200 750 1783 823">
    <p class='ocr_par' dir='ltr' id='par_1_8' title="bbox 200 750 1783 823">
     <span class='ocr_line' id='line_1_8' title="bbox 200 750 1783 823; baseline -0.003 -17"><span class='ocrx_word' id='word_1_35' title='bbox 200 753 360 807; x_wconf 87' lang='grc' dir='ltr'>τοῦτο</span> <span class='ocrx_word' id='word_1_36' title='bbox 413 753 712 823; x_wconf 78' lang='grc' dir='ltr'><strong>ποιοῦμεν,</strong></span> <span class='ocrx_word' id='word_1_37' title='bbox 764 753 851 805; x_wconf 87' lang='grc' dir='ltr'><strong>ἴνα</strong></span> <span class='ocrx_word' id='word_1_38' title='bbox 910 750 984 823; x_wconf 82' lang='grc' dir='ltr'><strong>μὴ</strong></span> <span class='ocrx_word' id='word_1_39' title='bbox 1042 752 1203 822; x_wconf 81' lang='grc' dir='ltr'>ὑμεῖς</span> <span class='ocrx_word' id='word_1_40' title='bbox 1262 750 1576 819; x_wconf 79' lang='grc' dir='ltr'>νομίζοντες</span> <span class='ocrx_word' id='word_1_41' title='bbox 1633 751 1783 820; x_wconf 80' lang='grc' dir='ltr'>ἡμᾶς</span> 
     </span>
    </p>
   </div>
   <div class='ocr_carea' id='block_1_9' title="bbox 201 841 1782 915">
    <p class='ocr_par' dir='ltr' id='par_1_9' title="bbox 201 841 1782 915">
     <span class='ocr_line' id='line_1_9' title="bbox 201 841 1782 915; baseline -0.002 -17"><span class='ocrx_word' id='word_1_42' title='bbox 201 845 445 909; x_wconf 73' lang='grc' dir='ltr'><strong>εὐτελεῖς</strong></span> <span class='ocrx_word' id='word_1_43' title='bbox 479 883 495 912; x_wconf 62' lang='grc' dir='ltr'>τ</span> <span class='ocrx_word' id='word_1_44' title='bbox 571 845 1022 915; x_wconf 82' lang='grc' dir='ltr'><strong>καταφρονήσητε</strong></span> <span class='ocrx_word' id='word_1_45' title='bbox 1047 881 1063 905; x_wconf 89' lang='grc'><strong>,</strong></span> <span class='ocrx_word' id='word_1_46' title='bbox 1126 843 1222 896; x_wconf 76' lang='grc' dir='ltr'>καὶ</span> <span class='ocrx_word' id='word_1_47' title='bbox 1295 841 1594 913; x_wconf 82' lang='grc' dir='ltr'>ἀπόλησθε.</span> <span class='ocrx_word' id='word_1_48' title='bbox 1655 842 1782 896; x_wconf 82' lang='grc' dir='ltr'>Εἴτε</span> 
     </span>
    </p>
   </div>
   <div class='ocr_carea' id='block_1_10' title="bbox 205 933 1787 1008">
    <p class='ocr_par' dir='ltr' id='par_1_10' title="bbox 205 933 1787 1008">
     <span class='ocr_line' id='line_1_10' title="bbox 205 933 1787 1008; baseline -0.001 -19"><span class='ocrx_word' id='word_1_49' title='bbox 205 937 428 1008; x_wconf 81' lang='grc' dir='ltr'>μέτριον</span> <span class='ocrx_word' id='word_1_50' title='bbox 456 935 553 990; x_wconf 68' lang='grc' dir='ltr'><strong>καὶ</strong></span> <span class='ocrx_word' id='word_1_51' title='bbox 574 935 849 1001; x_wconf 85' lang='grc' dir='ltr'>ταπεινὸν,</span> <span class='ocrx_word' id='word_1_52' title='bbox 912 934 979 987; x_wconf 84' lang='grc' dir='ltr'>δι’</span> <span class='ocrx_word' id='word_1_53' title='bbox 1013 933 1180 1004; x_wconf 78' lang='grc' dir='ltr'>ὑμᾶς,</span> <span class='ocrx_word' id='word_1_54' title='bbox 1213 934 1301 987; x_wconf 80' lang='grc' dir='ltr'><strong>ἵνα</strong></span> <span class='ocrx_word' id='word_1_55' title='bbox 1331 933 1541 1006; x_wconf 81' lang='grc' dir='ltr'>μάθητε</span> <span class='ocrx_word' id='word_1_56' title='bbox 1594 951 1787 987; x_wconf 81' lang='grc' dir='ltr'>ταπει-</span> 
     </span>
    </p>
   </div>
   <div class='ocr_carea' id='block_1_11' title="bbox 201 1031 1281 1099">
    <p class='ocr_par' dir='ltr' id='par_1_11' title="bbox 201 1031 1281 1099">
     <span class='ocr_line' id='line_1_11' title="bbox 201 1031 1281 1099; baseline -0.006 -16"><span class='ocrx_word' id='word_1_57' title='bbox 201 1031 511 1099; x_wconf 77' lang='grc' dir='ltr'>νοφρονεῖν.</span> <span class='ocrx_word' id='word_1_58' title='bbox 1278 1038 1281 1039; x_wconf 63' lang='grc'><strong><em>⁷</em></strong></span> 
     </span>
    </p>
   </div>
   <div class='ocr_carea' id='block_1_12' title="bbox 289 1116 1786 1192">
    <p class='ocr_par' dir='ltr' id='par_1_12' title="bbox 289 1116 1786 1192">
     <span class='ocr_line' id='line_1_12' title="bbox 289 1116 1786 1192; baseline -0.003 -18"><span class='ocrx_word' id='word_1_59' title='bbox 289 1141 308 1174; x_wconf 78' lang='grc' dir='ltr'><strong>ι</strong></span> <span class='ocrx_word' id='word_1_60' title='bbox 352 1121 416 1175; x_wconf 83' lang='grc' dir='ltr'><strong><em>Ἥ</em></strong></span> <span class='ocrx_word' id='word_1_61' title='bbox 441 1120 550 1191; x_wconf 90' lang='grc' dir='ltr'><strong>γάρ</strong></span> <span class='ocrx_word' id='word_1_62' title='bbox 573 1120 759 1192; x_wconf 81' lang='grc' dir='ltr'><strong>ἀγάπη</strong></span> <span class='ocrx_word' id='word_1_63' title='bbox 795 1119 888 1174; x_wconf 91' lang='grc' dir='ltr'><strong>τοῦ</strong></span> <span class='ocrx_word' id='word_1_64' title='bbox 911 1119 1150 1191; x_wconf 83' lang='grc' dir='ltr'><strong>Χριστοῦ</strong></span> <span class='ocrx_word' id='word_1_65' title='bbox 1182 1120 1401 1191; x_wconf 81' lang='grc' dir='ltr'>συνέχει</span> <span class='ocrx_word' id='word_1_66' title='bbox 1436 1119 1608 1190; x_wconf 77' lang='grc' dir='ltr'>ἡμᾶς,</span> <span class='ocrx_word' id='word_1_67' title='bbox 1663 1116 1786 1189; x_wconf 85' lang='grc' dir='ltr'>κρί-</span> 
     </span>
    </p>
   </div>
   <div class='ocr_carea' id='block_1_13' title="bbox 201 1226 676 1273">
    <p class='ocr_par' dir='ltr' id='par_1_13' title="bbox 201 1226 676 1273">
     <span class='ocr_line' id='line_1_13' title="bbox 201 1226 676 1273; baseline -0.002 -10"><span class='ocrx_word' id='word_1_68' title='bbox 201 1226 407 1273; x_wconf 85' lang='grc' dir='ltr'>ναντας</span> <span class='ocrx_word' id='word_1_69' title='bbox 444 1227 621 1273; x_wconf 87' lang='grc' dir='ltr'>τουτο,</span> <span class='ocrx_word' id='word_1_70' title='bbox 656 1228 676 1263; x_wconf 75' lang='grc' dir='ltr'><strong>ι</strong></span> 
     </span>
    </p>
   </div>
   <div class='ocr_carea' id='block_1_14' title="bbox 277 1300 1785 1373">
    <p class='ocr_par' dir='ltr' id='par_1_14' title="bbox 277 1300 1785 1373">
     <span class='ocr_line' id='line_1_14' title="bbox 277 1300 1785 1373; baseline -0.001 -19"><span class='ocrx_word' id='word_1_71' title='bbox 277 1301 355 1354; x_wconf 78' lang='grc' dir='ltr'><strong>Οὐ</strong></span> <span class='ocrx_word' id='word_1_72' title='bbox 410 1301 517 1372; x_wconf 86' lang='grc' dir='ltr'><strong>γάρ</strong></span> <span class='ocrx_word' id='word_1_73' title='bbox 554 1300 713 1354; x_wconf 82' lang='grc' dir='ltr'>ὁτῶν</span> <span class='ocrx_word' id='word_1_74' title='bbox 782 1300 1087 1372; x_wconf 85' lang='grc' dir='ltr'>μελλόντων</span> <span class='ocrx_word' id='word_1_75' title='bbox 1141 1303 1302 1373; x_wconf 86' lang='grc' dir='ltr'>μόνον</span> <span class='ocrx_word' id='word_1_76' title='bbox 1359 1301 1544 1372; x_wconf 74' lang='grc' dir='ltr'>φόϐος,</span> <span class='ocrx_word' id='word_1_77' title='bbox 1596 1301 1785 1371; x_wconf 63' lang='grc' dir='ltr'>φησιν,</span> 
     </span>
    </p>
   </div>
   <div class='ocr_carea' id='block_1_15' title="bbox 203 1391 1788 1465">
    <p class='ocr_par' dir='ltr' id='par_1_15' title="bbox 203 1391 1788 1465">
     <span class='ocr_line' id='line_1_15' title="bbox 203 1391 1788 1465; baseline -0.001 -20"><span class='ocrx_word' id='word_1_78' title='bbox 203 1391 344 1445; x_wconf 82' lang='grc' dir='ltr'>ἀλλὰ</span> <span class='ocrx_word' id='word_1_79' title='bbox 374 1393 470 1446; x_wconf 80' lang='grc' dir='ltr'>καὶ</span> <span class='ocrx_word' id='word_1_80' title='bbox 495 1392 567 1446; x_wconf 87' lang='grc' dir='ltr'>τὰ</span> <span class='ocrx_word' id='word_1_81' title='bbox 597 1392 699 1463; x_wconf 76' lang='grc' dir='ltr'>ἤδη</span> <span class='ocrx_word' id='word_1_82' title='bbox 722 1393 1012 1464; x_wconf 82' lang='grc' dir='ltr'>γένομενα,</span> <span class='ocrx_word' id='word_1_83' title='bbox 1039 1393 1140 1448; x_wconf 85' lang='grc' dir='ltr'><strong>οὐκ</strong></span> <span class='ocrx_word' id='word_1_84' title='bbox 1192 1394 1418 1465; x_wconf 79' lang='grc' dir='ltr'><strong>ἀφίησιν</strong></span> <span class='ocrx_word' id='word_1_85' title='bbox 1451 1393 1596 1463; x_wconf 82' lang='grc' dir='ltr'>ἡμᾶς</span> <span class='ocrx_word' id='word_1_86' title='bbox 1618 1392 1788 1463; x_wconf 75' lang='grc' dir='ltr'>ῥαθυ-</span> 
     </span>
    </p>
   </div>
   <div class='ocr_carea' id='block_1_16' title="bbox 207 1484 1785 1557">
    <p class='ocr_par' dir='ltr' id='par_1_16' title="bbox 207 1484 1785 1557">
     <span class='ocr_line' id='line_1_16' title="bbox 207 1484 1785 1557; baseline -0.001 -19"><span class='ocrx_word' id='word_1_87' title='bbox 207 1487 406 1555; x_wconf 80' lang='grc' dir='ltr'>μῆσαι,</span> <span class='ocrx_word' id='word_1_88' title='bbox 436 1485 558 1539; x_wconf 64' lang='grc' dir='ltr'>οὐδὲ</span> <span class='ocrx_word' id='word_1_89' title='bbox 586 1485 861 1553; x_wconf 50' lang='lat' dir='ltr'><strong>invasam,</strong></span> <span class='ocrx_word' id='word_1_90' title='bbox 887 1485 1023 1540; x_wconf 74' lang='grc' dir='ltr'>ἀλλὰ</span> <span class='ocrx_word' id='word_1_91' title='bbox 1048 1486 1385 1557; x_wconf 78' lang='grc' dir='ltr'><strong>διανίστησιν</strong></span> <span class='ocrx_word' id='word_1_92' title='bbox 1407 1486 1486 1549; x_wconf 82' lang='grc' dir='ltr'><strong>είς</strong></span> <span class='ocrx_word' id='word_1_93' title='bbox 1505 1486 1629 1548; x_wconf 80' lang='grc' dir='ltr'>τοὺς</span> <span class='ocrx_word' id='word_1_94' title='bbox 1646 1484 1785 1553; x_wconf 81' lang='grc' dir='ltr'>ὑπὲρ</span> 
     </span>
    </p>
   </div>
   <div class='ocr_carea' id='block_1_17' title="bbox 202 1575 615 1648">
    <p class='ocr_par' dir='ltr' id='par_1_17' title="bbox 202 1575 615 1648">
     <span class='ocr_line' id='line_1_17' title="bbox 202 1575 615 1648; baseline 0.007 -18"><span class='ocrx_word' id='word_1_95' title='bbox 202 1575 363 1648; x_wconf 76' lang='grc' dir='ltr'>ἡμῶν</span> <span class='ocrx_word' id='word_1_96' title='bbox 402 1578 615 1641; x_wconf 81' lang='grc' dir='ltr'>πόνους.</span> 
     </span>
    </p>
   </div>
   <div class='ocr_carea' id='block_1_18' title="bbox 282 1665 1790 1742">
    <p class='ocr_par' dir='ltr' id='par_1_18' title="bbox 282 1665 1790 1742">
     <span class='ocr_line' id='line_1_18' title="bbox 282 1665 1790 1742; baseline -0.003 -20"><span class='ocrx_word' id='word_1_97' title='bbox 282 1688 302 1721; x_wconf 76' lang='grc' dir='ltr'><strong>ι</strong></span> <span class='ocrx_word' id='word_1_98' title='bbox 335 1672 461 1723; x_wconf 81' lang='grc' dir='ltr'>Ὀτι</span> <span class='ocrx_word' id='word_1_99' title='bbox 490 1665 569 1732; x_wconf 74' lang='grc' dir='ltr'>εἷς</span> <span class='ocrx_word' id='word_1_100' title='bbox 596 1670 735 1742; x_wconf 81' lang='grc' dir='ltr'>ὑπὲρ</span> <span class='ocrx_word' id='word_1_101' title='bbox 776 1670 995 1724; x_wconf 86' lang='grc' dir='ltr'>πάντων</span> <span class='ocrx_word' id='word_1_102' title='bbox 1046 1669 1338 1735; x_wconf 82' lang='grc' dir='ltr'>ἀπέθανεν,</span> <span class='ocrx_word' id='word_1_103' title='bbox 1374 1668 1481 1738; x_wconf 85' lang='grc' dir='ltr'>ἄρα</span> <span class='ocrx_word' id='word_1_104' title='bbox 1509 1667 1559 1721; x_wconf 81' lang='lat' dir='ltr'><strong>oi</strong></span> <span class='ocrx_word' id='word_1_105' title='bbox 1587 1668 1790 1727; x_wconf 84' lang='grc' dir='ltr'>πάντες</span> 
     </span>
    </p>
   </div>
   <div class='ocr_carea' id='block_1_19' title="bbox 204 1760 1413 1833">
    <p class='ocr_par' dir='ltr' id='par_1_19' title="bbox 204 1760 1413 1833">
     <span class='ocr_line' id='line_1_19' title="bbox 204 1760 1413 1833; baseline -0.002 -18"><span class='ocrx_word' id='word_1_106' title='bbox 204 1761 501 1815; x_wconf 74' lang='grc' dir='ltr'>ἀπέθανον.</span> <span class='ocrx_word' id='word_1_107' title='bbox 531 1762 644 1815; x_wconf 72' lang='grc' dir='ltr'><strong>Καὶ</strong></span> <span class='ocrx_word' id='word_1_108' title='bbox 666 1760 808 1833; x_wconf 82' lang='grc' dir='ltr'>ὑπὲρ</span> <span class='ocrx_word' id='word_1_109' title='bbox 828 1762 1049 1816; x_wconf 79' lang='grc' dir='ltr'>πάντων</span> <span class='ocrx_word' id='word_1_110' title='bbox 1075 1760 1364 1816; x_wconf 72' lang='grc' dir='ltr'>ἀπέθανεν.</span> <span class='ocrx_word' id='word_1_111' title='bbox 1391 1779 1413 1812; x_wconf 70' lang='grc' dir='ltr'><strong>ι</strong></span> 
     </span>
    </p>
   </div>
   <div class='ocr_carea' id='block_1_20' title="bbox 280 1934 1792 2011">
    <p class='ocr_par' dir='ltr' id='par_1_20' title="bbox 280 1934 1792 2011">
     <span class='ocr_line' id='line_1_20' title="bbox 280 1934 1792 2011; baseline -0.005 -15"><span class='ocrx_word' id='word_1_112' title='bbox 280 1944 420 1997; x_wconf 80' lang='grc' dir='ltr'>Τίνα</span> <span class='ocrx_word' id='word_1_113' title='bbox 475 1941 595 1995; x_wconf 75' lang='grc' dir='ltr'>ἐστὶ</span> <span class='ocrx_word' id='word_1_114' title='bbox 634 1941 706 1995; x_wconf 84' lang='grc' dir='ltr'>τὰ</span> <span class='ocrx_word' id='word_1_115' title='bbox 740 1941 842 2011; x_wconf 71' lang='grc' dir='ltr'>ἤδη</span> <span class='ocrx_word' id='word_1_116' title='bbox 889 1939 1239 2009; x_wconf 76' lang='grc' dir='ltr'>γεγενημένα</span> <span class='ocrx_word' id='word_1_117' title='bbox 1283 1937 1457 2006; x_wconf 83' lang='grc' dir='ltr'>λέγει.</span> <span class='ocrx_word' id='word_1_118' title='bbox 1511 1935 1700 1990; x_wconf 87' lang='grc' dir='ltr'>Ταῦτα</span> <span class='ocrx_word' id='word_1_119' title='bbox 1731 1934 1792 1988; x_wconf 74' lang='grc' dir='ltr'>δέ</span> 
     </span>
    </p>
   </div>
   <div class='ocr_carea' id='block_1_21' title="bbox 203 2023 1791 2104">
    <p class='ocr_par' dir='ltr' id='par_1_21' title="bbox 203 2023 1791 2104">
     <span class='ocr_line' id='line_1_21' title="bbox 203 2023 1791 2104; baseline -0.004 -16"><span class='ocrx_word' id='word_1_120' title='bbox 203 2037 357 2089; x_wconf 73' lang='grc' dir='ltr'>ἑστιν</span> <span class='ocrx_word' id='word_1_121' title='bbox 388 2034 420 2087; x_wconf 83' lang='grc' dir='ltr'><strong>δ</strong></span> <span class='ocrx_word' id='word_1_122' title='bbox 465 2033 693 2097; x_wconf 81' lang='grc' dir='ltr'>Θάνατος</span> <span class='ocrx_word' id='word_1_123' title='bbox 752 2032 848 2087; x_wconf 87' lang='grc' dir='ltr'><strong>τοῦ</strong></span> <span class='ocrx_word' id='word_1_124' title='bbox 901 2031 1164 2104; x_wconf 90' lang='grc' dir='ltr'>Χριστοῦ.</span> <span class='ocrx_word' id='word_1_125' title='bbox 1215 2029 1618 2100; x_wconf 80' lang='grc' dir='ltr'>Σπουδάσωμεν</span> <span class='ocrx_word' id='word_1_126' title='bbox 1674 2023 1791 2093; x_wconf 86' lang='grc' dir='ltr'>οῦν,</span> 
     </span>
    </p>
   </div>
   <div class='ocr_carea' id='block_1_22' title="bbox 206 2121 1794 2198">
    <p class='ocr_par' dir='ltr' id='par_1_22' title="bbox 206 2121 1794 2198">
     <span class='ocr_line' id='line_1_22' title="bbox 206 2121 1794 2198; baseline -0.004 -19"><span class='ocrx_word' id='word_1_127' title='bbox 206 2126 399 2198; x_wconf 64' lang='grc' dir='ltr'>φησιν,</span> <span class='ocrx_word' id='word_1_128' title='bbox 454 2126 558 2190; x_wconf 69' lang='grc' dir='ltr'>ἕως</span> <span class='ocrx_word' id='word_1_129' title='bbox 614 2126 781 2196; x_wconf 72' lang='grc' dir='ltr'>ἐσμὲν</span> <span class='ocrx_word' id='word_1_130' title='bbox 807 2127 863 2178; x_wconf 79' lang='grc' dir='ltr'>ὲν</span> <span class='ocrx_word' id='word_1_131' title='bbox 885 2124 1217 2196; x_wconf 24' lang='grc' dir='ltr'>τῷνπαρόντι</span> <span class='ocrx_word' id='word_1_132' title='bbox 1265 2122 1364 2194; x_wconf 84' lang='grc' dir='ltr'>βίῳ</span> <span class='ocrx_word' id='word_1_133' title='bbox 1386 2161 1402 2187; x_wconf 92' lang='grc'><strong>,</strong></span> <span class='ocrx_word' id='word_1_134' title='bbox 1439 2121 1647 2185; x_wconf 82' lang='grc' dir='ltr'>πάντας</span> <span class='ocrx_word' id='word_1_135' title='bbox 1680 2121 1794 2173; x_wconf 78' lang='grc' dir='ltr'>εἰσ-</span> 
     </span>
    </p>
   </div>
   <div class='ocr_carea' id='block_1_23' title="bbox 207 2210 1793 2289">
    <p class='ocr_par' dir='ltr' id='par_1_23' title="bbox 207 2210 1793 2289">
     <span class='ocr_line' id='line_1_23' title="bbox 207 2210 1793 2289; baseline -0.006 -16"><span class='ocrx_word' id='word_1_136' title='bbox 207 2221 449 2287; x_wconf 81' lang='grc' dir='ltr'>αγαγεῖν</span> <span class='ocrx_word' id='word_1_137' title='bbox 500 2219 640 2289; x_wconf 83' lang='grc' dir='ltr'>ὑπὲρ</span> <span class='ocrx_word' id='word_1_138' title='bbox 679 2212 757 2272; x_wconf 83' lang='grc' dir='ltr'>ὧν</span> <span class='ocrx_word' id='word_1_139' title='bbox 802 2219 1011 2280; x_wconf 76' lang='grc' dir='ltr'>ἐκεῖνος</span> <span class='ocrx_word' id='word_1_140' title='bbox 1036 2215 1348 2271; x_wconf 80' lang='grc' dir='ltr'>ἰάπέθανεν.</span> <span class='ocrx_word' id='word_1_141' title='bbox 1396 2212 1659 2268; x_wconf 83' lang='grc' dir='ltr'>Ἐνταῦθα</span> <span class='ocrx_word' id='word_1_142' title='bbox 1683 2210 1793 2283; x_wconf 88' lang='grc' dir='ltr'><strong>γάρ</strong></span> 
     </span>
    </p>
   </div>
   <div class='ocr_carea' id='block_1_24' title="bbox 207 2306 1652 2383">
    <p class='ocr_par' dir='ltr' id='par_1_24' title="bbox 207 2306 1652 2383">
     <span class='ocr_line' id='line_1_24' title="bbox 207 2306 1652 2383; baseline -0.006 -16"><span class='ocrx_word' id='word_1_143' title='bbox 207 2317 351 2367; x_wconf 76' lang='grc' dir='ltr'>εἰσιν</span> <span class='ocrx_word' id='word_1_144' title='bbox 379 2315 437 2367; x_wconf 71' lang='grc' dir='ltr'>αἱ</span> <span class='ocrx_word' id='word_1_145' title='bbox 470 2313 567 2383; x_wconf 82' lang='grc' dir='ltr'><strong>τῆς</strong></span> <span class='ocrx_word' id='word_1_146' title='bbox 602 2311 884 2383; x_wconf 80' lang='grc' dir='ltr'>σωτηρίας</span> <span class='ocrx_word' id='word_1_147' title='bbox 917 2311 1190 2382; x_wconf 72' lang='grc' dir='ltr'>ἀφορμαὶ,</span> <span class='ocrx_word' id='word_1_148' title='bbox 1217 2311 1333 2362; x_wconf 73' lang='grc' dir='ltr'>ἐκεῖ</span> <span class='ocrx_word' id='word_1_149' title='bbox 1350 2309 1405 2361; x_wconf 78' lang='grc' dir='ltr'><strong>δὲ</strong></span> <span class='ocrx_word' id='word_1_150' title='bbox 1426 2306 1652 2361; x_wconf 77' lang='grc' dir='ltr'>οὐκέτι..</span> 
     </span>
    </p>
   </div>
   <div class='ocr_carea' id='block_1_25' title="bbox 301 2396 1798 2472">
    <p class='ocr_par' dir='ltr' id='par_1_25' title="bbox 301 2396 1798 2472">
     <span class='ocr_line' id='line_1_25' title="bbox 301 2396 1798 2472; baseline -0.004 -15"><span class='ocrx_word' id='word_1_151' title='bbox 301 2424 321 2456; x_wconf 86' lang='grc'><strong><em>‹</em></strong></span> <span class='ocrx_word' id='word_1_152' title='bbox 361 2404 480 2457; x_wconf 84' lang='grc' dir='ltr'>Ἵνα</span> <span class='ocrx_word' id='word_1_153' title='bbox 510 2404 560 2457; x_wconf 78' lang='grc' dir='ltr'><strong>οῖ</strong></span> <span class='ocrx_word' id='word_1_154' title='bbox 580 2402 803 2468; x_wconf 79' lang='grc' dir='ltr'>ζῶντες,</span> <span class='ocrx_word' id='word_1_155' title='bbox 838 2401 1037 2472; x_wconf 79' lang='grc' dir='ltr'>μηκέτι</span> <span class='ocrx_word' id='word_1_156' title='bbox 1079 2401 1289 2463; x_wconf 77' lang='grc' dir='ltr'>ἑαυτοῖς</span> <span class='ocrx_word' id='word_1_157' title='bbox 1341 2398 1530 2466; x_wconf 79' lang='grc' dir='ltr'>ζῶσιν,</span> <span class='ocrx_word' id='word_1_158' title='bbox 1561 2396 1699 2453; x_wconf 76' lang='grc' dir='ltr'>ἀλλὰ</span> <span class='ocrx_word' id='word_1_159' title='bbox 1714 2396 1798 2468; x_wconf 81' lang='grc' dir='ltr'><strong>τῷ</strong></span> 
     </span>
    </p>
   </div>
   <div class='ocr_carea' id='block_1_26' title="bbox 208 2490 1460 2566">
    <p class='ocr_par' dir='ltr' id='par_1_26' title="bbox 208 2490 1460 2566">
     <span class='ocr_line' id='line_1_26' title="bbox 208 2490 1460 2566; baseline -0.005 -17"><span class='ocrx_word' id='word_1_160' title='bbox 208 2496 357 2566; x_wconf 81' lang='grc' dir='ltr'>ὑπὲρ</span> <span class='ocrx_word' id='word_1_161' title='bbox 383 2494 567 2550; x_wconf 79' lang='grc' dir='ltr'>αὐτῶν</span> <span class='ocrx_word' id='word_1_162' title='bbox 597 2492 948 2556; x_wconf 77' lang='grc' dir='ltr'>ἀποθανόντι,</span> <span class='ocrx_word' id='word_1_163' title='bbox 979 2492 1077 2546; x_wconf 68' lang='grc' dir='ltr'><strong>καὶ</strong></span> <span class='ocrx_word' id='word_1_164' title='bbox 1110 2490 1412 2562; x_wconf 78' lang='grc' dir='ltr'>ἐγερθέντι.</span> <span class='ocrx_word' id='word_1_165' title='bbox 1441 2511 1460 2543; x_wconf 75' lang='grc' dir='ltr'><strong>ι</strong></span> 
     </span>
    </p>
   </div>
   <div class='ocr_carea' id='block_1_27' title="bbox 285 2582 1793 2655">
    <p class='ocr_par' dir='ltr' id='par_1_27' title="bbox 285 2582 1793 2655">
     <span class='ocr_line' id='line_1_27' title="bbox 285 2582 1793 2655; baseline -0.003 -14"><span class='ocrx_word' id='word_1_166' title='bbox 285 2589 352 2641; x_wconf 82' lang='lat' dir='ltr'><strong>Et</strong></span> <span class='ocrx_word' id='word_1_167' title='bbox 394 2586 604 2649; x_wconf 79' lang='grc' dir='ltr'>τοίνυν,</span> <span class='ocrx_word' id='word_1_168' title='bbox 633 2586 822 2655; x_wconf 65' lang='grc' dir='ltr'>φησιν,</span> <span class='ocrx_word' id='word_1_169' title='bbox 865 2585 1052 2638; x_wconf 81' lang='grc' dir='ltr'>οὐκέτι</span> <span class='ocrx_word' id='word_1_170' title='bbox 1092 2584 1174 2637; x_wconf 86' lang='grc' dir='ltr'><strong>δεῖ</strong></span> <span class='ocrx_word' id='word_1_171' title='bbox 1218 2584 1369 2653; x_wconf 79' lang='grc' dir='ltr'>ἡμᾶς</span> <span class='ocrx_word' id='word_1_172' title='bbox 1419 2583 1632 2646; x_wconf 77' lang='grc' dir='ltr'>ἑαυτοῖς</span> <span class='ocrx_word' id='word_1_173' title='bbox 1672 2582 1793 2653; x_wconf 74' lang='grc' dir='ltr'>ζῇν,</span> 
     </span>
    </p>
   </div>
   <div class='ocr_carea' id='block_1_28' title="bbox 211 2674 1799 2749">
    <p class='ocr_par' dir='ltr' id='par_1_28' title="bbox 211 2674 1799 2749">
     <span class='ocr_line' id='line_1_28' title="bbox 211 2674 1799 2749; baseline -0.003 -18"><span class='ocrx_word' id='word_1_174' title='bbox 211 2675 293 2749; x_wconf 77' lang='grc' dir='ltr'>μὴ</span> <span class='ocrx_word' id='word_1_175' title='bbox 320 2676 684 2748; x_wconf 86' lang='grc' dir='ltr'>ταράττεσθε,</span> <span class='ocrx_word' id='word_1_176' title='bbox 733 2676 923 2747; x_wconf 80' lang='grc' dir='ltr'>φησὶν,</span> <span class='ocrx_word' id='word_1_177' title='bbox 960 2674 1095 2746; x_wconf 79' lang='grc' dir='ltr'>μηδὲ</span> <span class='ocrx_word' id='word_1_178' title='bbox 1146 2674 1467 2746; x_wconf 78' lang='grc' dir='ltr'>θορυϐεῖσθε</span> <span class='ocrx_word' id='word_1_179' title='bbox 1519 2674 1658 2745; x_wconf 80' lang='grc' dir='ltr'>ὑπὲρ</span> <span class='ocrx_word' id='word_1_180' title='bbox 1702 2676 1799 2727; x_wconf 76' lang='grc' dir='ltr'>αῦ-</span> 
     </span>
    </p>
   </div>
   <div class='ocr_carea' id='block_1_29' title="bbox 208 2768 1798 2841">
    <p class='ocr_par' dir='ltr' id='par_1_29' title="bbox 208 2768 1798 2841">
     <span class='ocr_line' id='line_1_29' title="bbox 208 2768 1798 2841; baseline -0.001 -19"><span class='ocrx_word' id='word_1_181' title='bbox 208 2771 346 2825; x_wconf 82' lang='grc' dir='ltr'>τῶν.</span> <span class='ocrx_word' id='word_1_182' title='bbox 404 2771 549 2841; x_wconf 84' lang='grc' dir='ltr'>Ὄρα</span> <span class='ocrx_word' id='word_1_183' title='bbox 597 2770 655 2823; x_wconf 78' lang='grc' dir='ltr'>δὲ</span> <span class='ocrx_word' id='word_1_184' title='bbox 703 2769 801 2839; x_wconf 82' lang='grc' dir='ltr'>τὴν</span> <span class='ocrx_word' id='word_1_185' title='bbox 850 2768 1193 2840; x_wconf 79' lang='grc' dir='ltr'>ὑπερϐολὴν,</span> <span class='ocrx_word' id='word_1_186' title='bbox 1250 2768 1454 2841; x_wconf 75' lang='grc' dir='ltr'>φησὶν,</span> <span class='ocrx_word' id='word_1_187' title='bbox 1504 2769 1585 2822; x_wconf 84' lang='grc' dir='ltr'>ὅτι</span> <span class='ocrx_word' id='word_1_188' title='bbox 1636 2769 1798 2838; x_wconf 79' lang='grc' dir='ltr'>ἡμεῖς</span> 
     </span>
    </p>
   </div>
   <div class='ocr_carea' id='block_1_30' title="bbox 211 2861 1797 2936">
    <p class='ocr_par' dir='ltr' id='par_1_30' title="bbox 211 2861 1797 2936">
     <span class='ocr_line' id='line_1_30' title="bbox 211 2861 1797 2936; baseline -0.002 -17"><span class='ocrx_word' id='word_1_189' title='bbox 211 2866 320 2936; x_wconf 78' lang='grc' dir='ltr'>μὲν</span> <span class='ocrx_word' id='word_1_190' title='bbox 367 2865 437 2919; x_wconf 84' lang='grc' dir='ltr'>δι’</span> <span class='ocrx_word' id='word_1_191' title='bbox 463 2864 641 2920; x_wconf 79' lang='grc' dir='ltr'>αὐτῶν</span> <span class='ocrx_word' id='word_1_192' title='bbox 693 2864 897 2935; x_wconf 81' lang='grc' dir='ltr'>ζῶμεν,</span> <span class='ocrx_word' id='word_1_193' title='bbox 963 2865 1125 2929; x_wconf 80' lang='grc' dir='ltr'>αὐτὸς</span> <span class='ocrx_word' id='word_1_194' title='bbox 1169 2863 1227 2917; x_wconf 80' lang='grc' dir='ltr'>δὲ</span> <span class='ocrx_word' id='word_1_195' title='bbox 1274 2864 1344 2918; x_wconf 87' lang='grc' dir='ltr'>δι’</span> <span class='ocrx_word' id='word_1_196' title='bbox 1374 2864 1526 2934; x_wconf 77' lang='grc' dir='ltr'>ἡμᾶς</span> <span class='ocrx_word' id='word_1_197' title='bbox 1584 2861 1797 2917; x_wconf 82' lang='grc' dir='ltr'>ἀπέθα-</span> 
     </span>
    </p>
   </div>
   <div class='ocr_carea' id='block_1_31' title="bbox 208 2976 331 3013">
    <p class='ocr_par' dir='ltr' id='par_1_31' title="bbox 208 2976 331 3013">
     <span class='ocr_line' id='line_1_31' title="bbox 208 2976 331 3013; baseline 0.016 -2"><span class='ocrx_word' id='word_1_198' title='bbox 208 2976 331 3013; x_wconf 86' lang='grc' dir='ltr'>νεν.</span> 
     </span>
    </p>
   </div>
   <div class='ocr_carea' id='block_1_32' title="bbox 288 3142 1793 3217">
    <p class='ocr_par' dir='ltr' id='par_1_32' title="bbox 288 3142 1793 3217">
     <span class='ocr_line' id='line_1_32' title="bbox 288 3142 1793 3217; baseline 0.004 -22"><span class='ocrx_word' id='word_1_199' title='bbox 288 3160 311 3195; x_wconf 72' lang='grc' dir='ltr'><strong>ι</strong></span> <span class='ocrx_word' id='word_1_200' title='bbox 355 3143 521 3196; x_wconf 81' lang='grc' dir='ltr'>Ὥστε</span> <span class='ocrx_word' id='word_1_201' title='bbox 546 3142 704 3213; x_wconf 81' lang='grc' dir='ltr'>ὑμεῖς</span> <span class='ocrx_word' id='word_1_202' title='bbox 736 3144 843 3197; x_wconf 79' lang='grc' dir='ltr'><strong>ἀπὸ</strong></span> <span class='ocrx_word' id='word_1_203' title='bbox 866 3142 961 3198; x_wconf 87' lang='grc' dir='ltr'><strong>τοῦ</strong></span> <span class='ocrx_word' id='word_1_204' title='bbox 988 3144 1082 3199; x_wconf 90' lang='grc' dir='ltr'><strong>νῦν</strong></span> <span class='ocrx_word' id='word_1_205' title='bbox 1128 3145 1319 3199; x_wconf 80' lang='grc' dir='ltr'>οὐδένα</span> <span class='ocrx_word' id='word_1_206' title='bbox 1378 3145 1603 3217; x_wconf 80' lang='grc' dir='ltr'>οἴδαμεν</span> <span class='ocrx_word' id='word_1_207' title='bbox 1650 3146 1793 3201; x_wconf 79' lang='grc' dir='ltr'>κατά</span> 
     </span>
    </p>
   </div>
   <div class='ocr_carea' id='block_1_33' title="bbox 205 3234 470 3305">
    <p class='ocr_par' dir='ltr' id='par_1_33' title="bbox 205 3234 470 3305">
     <span class='ocr_line' id='line_1_33' title="bbox 205 3234 470 3305; baseline -0.011 -19"><span class='ocrx_word' id='word_1_208' title='bbox 205 3234 470 3305; x_wconf 75' lang='grc' dir='ltr'>σάρκα.»</span> 
     </span>
    </p>
   </div>
   <div class='ocr_carea' id='block_1_34' title="bbox 289 3325 1795 3397">
    <p class='ocr_par' dir='ltr' id='par_1_34' title="bbox 289 3325 1795 3397">
     <span class='ocr_line' id='line_1_34' title="bbox 289 3325 1795 3397; baseline 0.001 -18"><span class='ocrx_word' id='word_1_209' title='bbox 289 3326 632 3395; x_wconf 82' lang='grc' dir='ltr'>Ἀνέστησαν</span> <span class='ocrx_word' id='word_1_210' title='bbox 660 3325 769 3397; x_wconf 80' lang='grc' dir='ltr'><strong>γάρ</strong></span> <span class='ocrx_word' id='word_1_211' title='bbox 811 3325 899 3379; x_wconf 82' lang='grc' dir='ltr'>διὰ</span> <span class='ocrx_word' id='word_1_212' title='bbox 948 3326 1179 3397; x_wconf 81' lang='grc' dir='ltr'>λουτροῦ</span> <span class='ocrx_word' id='word_1_213' title='bbox 1222 3327 1648 3397; x_wconf 78' lang='grc' dir='ltr'>παλιγγενεσίας</span> <span class='ocrx_word' id='word_1_214' title='bbox 1698 3328 1795 3383; x_wconf 73' lang='grc' dir='ltr'><strong>καὶ</strong></span> 
     </span>
    </p>
   </div>
   <div class='ocr_carea' id='block_1_35' title="bbox 204 3415 1797 3488">
    <p class='ocr_par' dir='ltr' id='par_1_35' title="bbox 204 3415 1797 3488">
     <span class='ocr_line' id='line_1_35' title="bbox 204 3415 1797 3488; baseline -0.003 -17"><span class='ocrx_word' id='word_1_215' title='bbox 204 3415 610 3480; x_wconf 86' lang='grc' dir='ltr'>ἀνακαινίσεως</span> <span class='ocrx_word' id='word_1_216' title='bbox 652 3415 969 3485; x_wconf 77' lang='grc' dir='ltr'>Πνεῦματος</span> <span class='ocrx_word' id='word_1_217' title='bbox 1017 3416 1198 3485; x_wconf 88' lang='grc' dir='ltr'>ἀγίου.</span> <span class='ocrx_word' id='word_1_218' title='bbox 1256 3418 1461 3471; x_wconf 80' lang='grc' dir='ltr'>Οὐδένα</span> <span class='ocrx_word' id='word_1_219' title='bbox 1508 3415 1624 3481; x_wconf 76' lang='grc' dir='ltr'>οὖν,</span> <span class='ocrx_word' id='word_1_220' title='bbox 1688 3435 1797 3488; x_wconf 64' lang='grc' dir='ltr'><strong>φη.</strong></span> 
     </span>
    </p>
   </div>
   <div class='ocr_carea' id='block_1_36' title="bbox 207 3507 1798 3578">
    <p class='ocr_par' dir='ltr' id='par_1_36' title="bbox 207 3507 1798 3578">
     <span class='ocr_line' id='line_1_36' title="bbox 207 3507 1798 3578; baseline 0.001 -16"><span class='ocrx_word' id='word_1_221' title='bbox 207 3511 318 3572; x_wconf 80' lang='grc' dir='ltr'>σὶν,</span> <span class='ocrx_word' id='word_1_222' title='bbox 348 3510 582 3578; x_wconf 76' lang='grc' dir='ltr'>οἴδαμεν</span> <span class='ocrx_word' id='word_1_223' title='bbox 612 3508 756 3562; x_wconf 84' lang='grc' dir='ltr'>κατὰ</span> <span class='ocrx_word' id='word_1_224' title='bbox 781 3509 961 3578; x_wconf 84' lang='grc' dir='ltr'>σάρκα</span> <span class='ocrx_word' id='word_1_225' title='bbox 986 3507 1095 3561; x_wconf 85' lang='grc' dir='ltr'><strong>τῶν</strong></span> <span class='ocrx_word' id='word_1_226' title='bbox 1150 3509 1380 3563; x_wconf 81' lang='grc' dir='ltr'>πιστῶν.</span> <span class='ocrx_word' id='word_1_227' title='bbox 1430 3511 1494 3563; x_wconf 77' lang='lat' dir='ltr'><strong>Et</strong></span> <span class='ocrx_word' id='word_1_228' title='bbox 1531 3509 1640 3578; x_wconf 80' lang='grc' dir='ltr'>γὰρ</span> <span class='ocrx_word' id='word_1_229' title='bbox 1702 3510 1798 3563; x_wconf 75' lang='grc' dir='ltr'><strong>καὶ</strong></span> 
     </span>
    </p>
   </div>
   <div class='ocr_carea' id='block_1_37' title="bbox 207 3597 1800 3674">
    <p class='ocr_par' dir='ltr' id='par_1_37' title="bbox 207 3597 1800 3674">
     <span class='ocr_line' id='line_1_37' title="bbox 207 3597 1800 3674; baseline -0.002 -21"><span class='ocrx_word' id='word_1_230' title='bbox 207 3605 265 3653; x_wconf 79' lang='grc' dir='ltr'>ὲν</span> <span class='ocrx_word' id='word_1_231' title='bbox 301 3600 475 3674; x_wconf 83' lang='grc' dir='ltr'>σαρκί</span> <span class='ocrx_word' id='word_1_232' title='bbox 516 3601 677 3662; x_wconf 78' lang='grc' dir='ltr'>εἰσιν,</span> <span class='ocrx_word' id='word_1_233' title='bbox 712 3599 827 3653; x_wconf 87' lang='grc' dir='ltr'>ἀλλ’</span> <span class='ocrx_word' id='word_1_234' title='bbox 858 3600 892 3669; x_wconf 77' lang='grc' dir='ltr'>ἡ</span> <span class='ocrx_word' id='word_1_235' title='bbox 942 3597 1055 3667; x_wconf 81' lang='grc' dir='ltr'><strong>ζωὴ</strong></span> <span class='ocrx_word' id='word_1_236' title='bbox 1101 3598 1284 3669; x_wconf 74' lang='grc' dir='ltr'>ἐκείνη</span> <span class='ocrx_word' id='word_1_237' title='bbox 1319 3600 1352 3669; x_wconf 80' lang='grc' dir='ltr'><strong>η</strong></span> <span class='ocrx_word' id='word_1_238' title='bbox 1397 3599 1635 3669; x_wconf 81' lang='grc' dir='ltr'>σαρκικὴ</span> <span class='ocrx_word' id='word_1_239' title='bbox 1691 3599 1800 3653; x_wconf 80' lang='grc' dir='ltr'>ἀπ-</span> 
     </span>
    </p>
   </div>
   <div class='ocr_carea' id='block_1_38' title="bbox 206 3692 1514 3764">
    <p class='ocr_par' dir='ltr' id='par_1_38' title="bbox 206 3692 1514 3764">
     <span class='ocr_line' id='line_1_38' title="bbox 206 3692 1514 3764; baseline -0.002 -15"><span class='ocrx_word' id='word_1_240' title='bbox 206 3696 404 3761; x_wconf 82' lang='grc' dir='ltr'>ώλετο,</span> <span class='ocrx_word' id='word_1_241' title='bbox 439 3694 533 3748; x_wconf 73' lang='grc' dir='ltr'><strong>καὶ</strong></span> <span class='ocrx_word' id='word_1_242' title='bbox 571 3692 778 3749; x_wconf 84' lang='grc' dir='ltr'>ἄνωθεν</span> <span class='ocrx_word' id='word_1_243' title='bbox 819 3692 1188 3764; x_wconf 73' lang='grc' dir='ltr'>ἐγεννήθημεν</span> <span class='ocrx_word' id='word_1_244' title='bbox 1218 3693 1514 3764; x_wconf 82' lang='grc' dir='ltr'>πνεύματι.</span> 
     </span>
    </p>
   </div>
   <div class='ocr_carea' id='block_1_39' title="bbox 284 3871 1802 3944">
    <p class='ocr_par' dir='ltr' id='par_1_39' title="bbox 284 3871 1802 3944">
     <span class='ocr_line' id='line_1_39' title="bbox 284 3871 1802 3944; baseline -0.001 -17"><span class='ocrx_word' id='word_1_245' title='bbox 284 3895 303 3927; x_wconf 72' lang='grc' dir='ltr'><strong>ι</strong></span> <span class='ocrx_word' id='word_1_246' title='bbox 329 3877 393 3929; x_wconf 73' lang='lat' dir='ltr'><strong>Et</strong></span> <span class='ocrx_word' id='word_1_247' title='bbox 424 3874 483 3927; x_wconf 82' lang='grc' dir='ltr'>δὲ</span> <span class='ocrx_word' id='word_1_248' title='bbox 512 3876 606 3929; x_wconf 74' lang='grc' dir='ltr'>καὶ</span> <span class='ocrx_word' id='word_1_249' title='bbox 638 3871 961 3944; x_wconf 77' lang='grc' dir='ltr'>ἐγνώκαμεν</span> <span class='ocrx_word' id='word_1_250' title='bbox 992 3871 1133 3927; x_wconf 85' lang='grc' dir='ltr'><strong>κατά</strong></span> <span class='ocrx_word' id='word_1_251' title='bbox 1156 3872 1336 3943; x_wconf 85' lang='grc' dir='ltr'>σάρκα</span> <span class='ocrx_word' id='word_1_252' title='bbox 1380 3872 1637 3944; x_wconf 78' lang='grc' dir='ltr'>Χριστὸν,</span> <span class='ocrx_word' id='word_1_253' title='bbox 1666 3871 1802 3926; x_wconf 81' lang='grc' dir='ltr'>ἀλλὰ</span> 
     </span>
    </p>
   </div>
   <div class='ocr_carea' id='block_1_40' title="bbox 222 3967 956 4037">
    <p class='ocr_par' dir='ltr' id='par_1_40' title="bbox 222 3967 956 4037">
     <span class='ocr_line' id='line_1_40' title="bbox 222 3967 956 4037; baseline -0.003 -17"><span class='ocrx_word' id='word_1_254' title='bbox 222 3968 306 4021; x_wconf 57' lang='grc' dir='ltr'><strong>νῦν</strong></span> <span class='ocrx_word' id='word_1_255' title='bbox 335 3969 524 4021; x_wconf 80' lang='grc' dir='ltr'>οὐκέτι</span> <span class='ocrx_word' id='word_1_256' title='bbox 546 3967 906 4037; x_wconf 70' lang='grc' dir='ltr'>γινώσκομεν.</span> <span class='ocrx_word' id='word_1_257' title='bbox 937 3984 956 4018; x_wconf 74' lang='grc' dir='ltr'><strong>ι</strong></span> 
     </span>
    </p>
   </div>
   <div class='ocr_carea' id='block_1_41' title="bbox 286 4057 1803 4130">
    <p class='ocr_par' dir='ltr' id='par_1_41' title="bbox 286 4057 1803 4130">
     <span class='ocr_line' id='line_1_41' title="bbox 286 4057 1803 4130; baseline -0.002 -16"><span class='ocrx_word' id='word_1_258' title='bbox 286 4062 460 4115; x_wconf 82' lang='grc' dir='ltr'>Πάλιν</span> <span class='ocrx_word' id='word_1_259' title='bbox 518 4060 686 4114; x_wconf 82' lang='grc' dir='ltr'>αὑτοῦ</span> <span class='ocrx_word' id='word_1_260' title='bbox 728 4061 924 4113; x_wconf 79' lang='grc' dir='ltr'>τούτου</span> <span class='ocrx_word' id='word_1_261' title='bbox 952 4099 966 4123; x_wconf 91' lang='grc'><strong>,</strong></span> <span class='ocrx_word' id='word_1_262' title='bbox 1019 4058 1115 4112; x_wconf 86' lang='grc' dir='ltr'><strong>τοῦ</strong></span> <span class='ocrx_word' id='word_1_263' title='bbox 1173 4057 1607 4129; x_wconf 83' lang='grc' dir='ltr'>ἀναγεννηθῆναι</span> <span class='ocrx_word' id='word_1_264' title='bbox 1656 4058 1803 4130; x_wconf 79' lang='grc' dir='ltr'>ὑμᾶς</span> 
     </span>
    </p>
   </div>
   <div class='ocr_carea' id='block_1_42' title="bbox 216 4146 1804 4223">
    <p class='ocr_par' dir='ltr' id='par_1_42' title="bbox 216 4146 1804 4223">
     <span class='ocr_line' id='line_1_42' title="bbox 216 4146 1804 4223; baseline -0.004 -17"><span class='ocrx_word' id='word_1_265' title='bbox 216 4152 461 4223; x_wconf 67' lang='grc' dir='ltr'>ἀρχηγὸν</span> <span class='ocrx_word' id='word_1_266' title='bbox 479 4150 612 4204; x_wconf 74' lang='grc' dir='ltr'>ὄντα</span> <span class='ocrx_word' id='word_1_267' title='bbox 650 4150 744 4203; x_wconf 79' lang='grc' dir='ltr'>τὸν</span> <span class='ocrx_word' id='word_1_268' title='bbox 777 4148 1014 4219; x_wconf 80' lang='grc' dir='ltr'>Χριστὸν</span> <span class='ocrx_word' id='word_1_269' title='bbox 1068 4147 1363 4205; x_wconf 88' lang='grc' dir='ltr'>δείκνυσιν.</span> <span class='ocrx_word' id='word_1_270' title='bbox 1405 4146 1629 4219; x_wconf 72' lang='grc' dir='ltr'><strong>Ἢμῶνὶ</strong></span> <span class='ocrx_word' id='word_1_271' title='bbox 1695 4147 1804 4219; x_wconf 81' lang='grc' dir='ltr'>γὰρ</span> 
     </span>
    </p>
   </div>
   <div class='ocr_carea' id='block_1_43' title="bbox 222 4235 1806 4311">
    <p class='ocr_par' dir='ltr' id='par_1_43' title="bbox 222 4235 1806 4311">
     <span class='ocr_line' id='line_1_43' title="bbox 222 4235 1806 4311; baseline -0.004 -15"><span class='ocrx_word' id='word_1_272' title='bbox 222 4245 274 4296; x_wconf 67' lang='grc' dir='ltr'>τὸ</span> <span class='ocrx_word' id='word_1_273' title='bbox 298 4243 445 4295; x_wconf 84' lang='grc' dir='ltr'><strong>κατά</strong></span> <span class='ocrx_word' id='word_1_274' title='bbox 476 4240 704 4311; x_wconf 72' lang='grc' dir='ltr'>ισάρκα,</span> <span class='ocrx_word' id='word_1_275' title='bbox 762 4239 824 4292; x_wconf 77' lang='grc' dir='ltr'><strong>τὸ</strong></span> <span class='ocrx_word' id='word_1_276' title='bbox 866 4240 924 4292; x_wconf 82' lang='grc' dir='ltr'>ὲν</span> <span class='ocrx_word' id='word_1_277' title='bbox 978 4238 1283 4309; x_wconf 84' lang='grc' dir='ltr'>ἁμαρτίαις</span> <span class='ocrx_word' id='word_1_278' title='bbox 1309 4254 1324 4270; x_wconf 77' lang='grc' dir='ltr'><strong>ο</strong></span> <span class='ocrx_word' id='word_1_279' title='bbox 1358 4238 1601 4309; x_wconf 86' lang='grc' dir='ltr'>Χριστοῦ</span> <span class='ocrx_word' id='word_1_280' title='bbox 1641 4237 1699 4291; x_wconf 80' lang='grc' dir='ltr'>δὲ</span> <span class='ocrx_word' id='word_1_281' title='bbox 1744 4235 1806 4290; x_wconf 79' lang='grc' dir='ltr'>τὸ</span> 
     </span>
    </p>
   </div>
   <div class='ocr_carea' id='block_1_44' title="bbox 214 4329 1802 4403">
    <p class='ocr_par' dir='ltr' id='par_1_44' title="bbox 214 4329 1802 4403">
     <span class='ocr_line' id='line_1_44' title="bbox 214 4329 1802 4403; baseline -0.001 -16"><span class='ocrx_word' id='word_1_282' title='bbox 214 4334 361 4387; x_wconf 74' lang='grc' dir='ltr'>κατὰ</span> <span class='ocrx_word' id='word_1_283' title='bbox 419 4334 638 4403; x_wconf 82' lang='grc' dir='ltr'>σάρκα,</span> <span class='ocrx_word' id='word_1_284' title='bbox 670 4331 733 4384; x_wconf 81' lang='grc' dir='ltr'><strong>τὸ</strong></span> <span class='ocrx_word' id='word_1_285' title='bbox 777 4332 837 4385; x_wconf 83' lang='grc' dir='ltr'>ὲν</span> <span class='ocrx_word' id='word_1_286' title='bbox 864 4330 1065 4385; x_wconf 90' lang='grc' dir='ltr'>πάθεσι</span> <span class='ocrx_word' id='word_1_287' title='bbox 1112 4329 1359 4398; x_wconf 86' lang='grc' dir='ltr'>γίνεσθαι</span> <span class='ocrx_word' id='word_1_288' title='bbox 1404 4332 1506 4401; x_wconf 82' lang='grc' dir='ltr'>τῆς</span> <span class='ocrx_word' id='word_1_289' title='bbox 1566 4330 1802 4400; x_wconf 78' lang='grc' dir='ltr'>φύσεως.</span> 
     </span>
    </p>
   </div>
   <div class='ocr_carea' id='block_1_45' title="bbox 1827 3061 2047 3146">
    <p class='ocr_par' dir='ltr' id='par_1_45' title="bbox 1827 3061 2047 3146">
     <span class='ocr_line' id='line_1_45' title="bbox 1827 3061 2047 3146; baseline -0.005 0"><span class='ocrx_word' id='word_1_290' title='bbox 1827 3086 1871 3146; x_wconf 89' lang='lat' dir='ltr'><strong>c</strong></span> <span class='ocrx_word' id='word_1_291' title='bbox 1904 3061 2047 3146; x_wconf 55' lang='lat'><strong>“’1‘?</strong></span> 
     </span>
    </p>
   </div>
   <div class='ocr_carea' id='block_1_46' title="bbox 1885 562 2729 627">
    <p class='ocr_par' dir='ltr' id='par_1_46' title="bbox 1885 562 2729 627">
     <span class='ocr_line' id='line_1_46' title="bbox 1885 562 2729 627; baseline -0.006 -9"><span class='ocrx_word' id='word_1_292' title='bbox 1885 566 2002 618; x_wconf 85' lang='lat' dir='ltr'><strong>sive</strong></span> <span class='ocrx_word' id='word_1_293' title='bbox 2036 564 2205 618; x_wconf 86' lang='lat' dir='ltr'><strong>sobrii</strong></span> <span class='ocrx_word' id='word_1_294' title='bbox 2231 578 2450 627; x_wconf 88' lang='lat' dir='ltr'><strong>sumus,</strong></span> <span class='ocrx_word' id='word_1_295' title='bbox 2486 562 2667 617; x_wconf 80' lang='lat' dir='ltr'><strong>vobis.</strong></span> <span class='ocrx_word' id='word_1_296' title='bbox 2710 578 2729 613; x_wconf 77' lang='grc' dir='ltr'><strong>ι</strong></span> 
     </span>
    </p>
   </div>
   <div class='ocr_carea' id='block_1_47' title="bbox 1957 649 3468 725">
    <p class='ocr_par' dir='ltr' id='par_1_47' title="bbox 1957 649 3468 725">
     <span class='ocr_line' id='line_1_47' title="bbox 1957 649 3468 725; baseline -0.007 -16"><span class='ocrx_word' id='word_1_297' title='bbox 1957 654 2109 719; x_wconf 82' lang='lat' dir='ltr'><strong>Sive,</strong></span> <span class='ocrx_word' id='word_1_298' title='bbox 2148 654 2350 725; x_wconf 89' lang='lat' dir='ltr'><strong>inquit,</strong></span> <span class='ocrx_word' id='word_1_299' title='bbox 2394 652 2636 709; x_wconf 85' lang='lat' dir='ltr'><strong>sublime</strong></span> <span class='ocrx_word' id='word_1_300' title='bbox 2669 651 2953 723; x_wconf 84' lang='lat' dir='ltr'><strong>quidpiam</strong></span> <span class='ocrx_word' id='word_1_301' title='bbox 2994 652 3320 722; x_wconf 89' lang='lat' dir='ltr'><strong>loquimur,</strong></span> <span class='ocrx_word' id='word_1_302' title='bbox 3364 649 3468 702; x_wconf 86' lang='lat' dir='ltr'><strong>hoc</strong></span> 
     </span>
    </p>
   </div>
   <div class='ocr_carea' id='block_1_48' title="bbox 1885 742 3468 819">
    <p class='ocr_par' dir='ltr' id='par_1_48' title="bbox 1885 742 3468 819">
     <span class='ocr_line' id='line_1_48' title="bbox 1885 742 3468 819; baseline -0.006 -18"><span class='ocrx_word' id='word_1_303' title='bbox 1885 753 2111 819; x_wconf 90' lang='lat' dir='ltr'><strong>propter</strong></span> <span class='ocrx_word' id='word_1_304' title='bbox 2146 744 2315 800; x_wconf 90' lang='lat' dir='ltr'><strong>Deum</strong></span> <span class='ocrx_word' id='word_1_305' title='bbox 2359 742 2617 808; x_wconf 76' lang='lat' dir='ltr'><strong>facimus,</strong></span> <span class='ocrx_word' id='word_1_306' title='bbox 2670 758 2739 798; x_wconf 89' lang='lat' dir='ltr'><strong>ne</strong></span> <span class='ocrx_word' id='word_1_307' title='bbox 2789 758 2889 797; x_wconf 92' lang='lat' dir='ltr'><strong>vos</strong></span> <span class='ocrx_word' id='word_1_308' title='bbox 2922 743 3314 799; x_wconf 76' lang='lat' dir='ltr'><strong>existimantes</strong></span> <span class='ocrx_word' id='word_1_309' title='bbox 3365 752 3468 793; x_wconf 86' lang='lat' dir='ltr'><strong>nos</strong></span> 
     </span>
    </p>
   </div>
   <div class='ocr_carea' id='block_1_49' title="bbox 1883 830 3469 908">
    <p class='ocr_par' dir='ltr' id='par_1_49' title="bbox 1883 830 3469 908">
     <span class='ocr_line' id='line_1_49' title="bbox 1883 830 3469 908; baseline -0.004 -16"><span class='ocrx_word' id='word_1_310' title='bbox 1883 839 2025 893; x_wconf 80' lang='lat' dir='ltr'><strong>viles</strong></span> <span class='ocrx_word' id='word_1_311' title='bbox 2057 836 2329 908; x_wconf 88' lang='lat' dir='ltr'><strong>quosdam</strong></span> <span class='ocrx_word' id='word_1_312' title='bbox 2360 850 2502 901; x_wconf 86' lang='lat' dir='ltr'><strong>esse,</strong></span> <span class='ocrx_word' id='word_1_313' title='bbox 2532 835 2930 905; x_wconf 88' lang='lat' dir='ltr'><strong>aspernemini,</strong></span> <span class='ocrx_word' id='word_1_314' title='bbox 2960 849 3026 890; x_wconf 88' lang='lat' dir='ltr'><strong>ac</strong></span> <span class='ocrx_word' id='word_1_315' title='bbox 3049 834 3310 905; x_wconf 88' lang='lat' dir='ltr'><strong>pereatis.</strong></span> <span class='ocrx_word' id='word_1_316' title='bbox 3341 830 3469 886; x_wconf 85' lang='lat' dir='ltr'><strong>Sive</strong></span> 
     </span>
    </p>
   </div>
   <div class='ocr_carea' id='block_1_50' title="bbox 1886 926 3471 1000">
    <p class='ocr_par' dir='ltr' id='par_1_50' title="bbox 1886 926 3471 1000">
     <span class='ocr_line' id='line_1_50' title="bbox 1886 926 3471 1000; baseline -0.004 -14"><span class='ocrx_word' id='word_1_317' title='bbox 1886 930 2197 985; x_wconf 87' lang='lat' dir='ltr'><strong>modestum</strong></span> <span class='ocrx_word' id='word_1_318' title='bbox 2233 927 2367 1000; x_wconf 90' lang='lat' dir='ltr'><strong>quid</strong></span> <span class='ocrx_word' id='word_1_319' title='bbox 2392 938 2445 983; x_wconf 84' lang='lat' dir='ltr'><strong>et</strong></span> <span class='ocrx_word' id='word_1_320' title='bbox 2475 927 2684 983; x_wconf 90' lang='lat' dir='ltr'><strong>humile</strong></span> <span class='ocrx_word' id='word_1_321' title='bbox 2708 926 2974 994; x_wconf 89' lang='lat' dir='ltr'><strong>dicimus,</strong></span> <span class='ocrx_word' id='word_1_322' title='bbox 3015 935 3243 1000; x_wconf 75' lang='lat' dir='ltr'><strong>propter</strong></span> <span class='ocrx_word' id='word_1_323' title='bbox 3260 941 3381 990; x_wconf 89' lang='lat' dir='ltr'><strong>vos,</strong></span> <span class='ocrx_word' id='word_1_324' title='bbox 3408 932 3471 979; x_wconf 91' lang='lat' dir='ltr'><strong>ut</strong></span> 
     </span>
    </p>
   </div>
   <div class='ocr_carea' id='block_1_51' title="bbox 1885 1018 2845 1089">
    <p class='ocr_par' dir='ltr' id='par_1_51' title="bbox 1885 1018 2845 1089">
     <span class='ocr_line' id='line_1_51' title="bbox 1885 1018 2845 1089; baseline -0.006 -10"><span class='ocrx_word' id='word_1_325' title='bbox 1885 1021 2115 1079; x_wconf 85' lang='lat' dir='ltr'><strong>discatis</strong></span> <span class='ocrx_word' id='word_1_326' title='bbox 2145 1020 2392 1076; x_wconf 86' lang='lat' dir='ltr'><strong>demisso</strong></span> <span class='ocrx_word' id='word_1_327' title='bbox 2421 1018 2607 1073; x_wconf 86' lang='lat' dir='ltr'><strong>animo</strong></span> <span class='ocrx_word' id='word_1_328' title='bbox 2630 1033 2845 1089; x_wconf 84' lang='lat' dir='ltr'><strong>sapere.</strong></span> 
     </span>
    </p>
   </div>
   <div class='ocr_carea' id='block_1_52' title="bbox 1955 1108 3467 1179">
    <p class='ocr_par' dir='ltr' id='par_1_52' title="bbox 1955 1108 3467 1179">
     <span class='ocr_line' id='line_1_52' title="bbox 1955 1108 3467 1179; baseline -0.003 -12"><span class='ocrx_word' id='word_1_329' title='bbox 1955 1110 2124 1167; x_wconf 71' lang='lat' dir='ltr'><strong>Vens.</strong></span> <span class='ocrx_word' id='word_1_330' title='bbox 2158 1110 2246 1171; x_wconf 75' lang='grc'><strong>14.</strong></span> <span class='ocrx_word' id='word_1_331' title='bbox 2275 1109 2362 1166; x_wconf 83' lang='grc'><strong>15.</strong></span> <span class='ocrx_word' id='word_1_332' title='bbox 2404 1128 2423 1161; x_wconf 85' lang='grc'><strong>‹</strong></span> <span class='ocrx_word' id='word_1_333' title='bbox 2452 1108 2710 1165; x_wconf 84' lang='lat' dir='ltr'><strong>Charitas</strong></span> <span class='ocrx_word' id='word_1_334' title='bbox 2744 1108 2894 1164; x_wconf 90' lang='lat' dir='ltr'><strong>enim</strong></span> <span class='ocrx_word' id='word_1_335' title='bbox 2921 1108 3126 1167; x_wconf 86' lang='lat' dir='ltr'><strong>Christi</strong></span> <span class='ocrx_word' id='word_1_336' title='bbox 3154 1116 3311 1179; x_wconf 90' lang='lat' dir='ltr'><strong>urget</strong></span> <span class='ocrx_word' id='word_1_337' title='bbox 3332 1121 3467 1173; x_wconf 93' lang='lat' dir='ltr'><strong>nos,</strong></span> 
     </span>
    </p>
   </div>
   <div class='ocr_carea' id='block_1_53' title="bbox 1886 1202 2447 1267">
    <p class='ocr_par' dir='ltr' id='par_1_53' title="bbox 1886 1202 2447 1267">
     <span class='ocr_line' id='line_1_53' title="bbox 1886 1202 2447 1267; baseline -0.007 -7"><span class='ocrx_word' id='word_1_338' title='bbox 1886 1204 2227 1260; x_wconf 72' lang='lat' dir='ltr'><strong>aestimantes</strong></span> <span class='ocrx_word' id='word_1_339' title='bbox 2258 1202 2386 1267; x_wconf 87' lang='lat' dir='ltr'><strong>hoc,</strong></span> <span class='ocrx_word' id='word_1_340' title='bbox 2428 1223 2447 1256; x_wconf 78' lang='grc' dir='ltr'><strong>ι</strong></span> 
     </span>
    </p>
   </div>
   <div class='ocr_carea' id='block_1_54' title="bbox 1956 1292 3469 1364">
    <p class='ocr_par' dir='ltr' id='par_1_54' title="bbox 1956 1292 3469 1364">
     <span class='ocr_line' id='line_1_54' title="bbox 1956 1292 3469 1364; baseline -0.003 -15"><span class='ocrx_word' id='word_1_341' title='bbox 1956 1292 2077 1350; x_wconf 84' lang='grc' dir='ltr'>Νοη</span> <span class='ocrx_word' id='word_1_342' title='bbox 2103 1295 2281 1350; x_wconf 90' lang='lat' dir='ltr'><strong>solum</strong></span> <span class='ocrx_word' id='word_1_343' title='bbox 2308 1294 2456 1350; x_wconf 87' lang='lat' dir='ltr'><strong>enim</strong></span> <span class='ocrx_word' id='word_1_344' title='bbox 2476 1293 2789 1351; x_wconf 79' lang='lat' dir='ltr'><strong>futurorum</strong></span> <span class='ocrx_word' id='word_1_345' title='bbox 2814 1301 3019 1360; x_wconf 88' lang='lat' dir='ltr'><strong>metus,</strong></span> <span class='ocrx_word' id='word_1_346' title='bbox 3048 1293 3251 1364; x_wconf 87' lang='lat' dir='ltr'><strong>inquit,</strong></span> <span class='ocrx_word' id='word_1_347' title='bbox 3280 1298 3469 1346; x_wconf 89' lang='lat' dir='ltr'><strong>verum</strong></span> 
     </span>
    </p>
   </div>
   <div class='ocr_carea' id='block_1_55' title="bbox 1887 1387 3472 1460">
    <p class='ocr_par' dir='ltr' id='par_1_55' title="bbox 1887 1387 3472 1460">
     <span class='ocr_line' id='line_1_55' title="bbox 1887 1387 3472 1460; baseline -0.006 -14"><span class='ocrx_word' id='word_1_348' title='bbox 1887 1398 1942 1446; x_wconf 93' lang='lat' dir='ltr'><strong>et</strong></span> <span class='ocrx_word' id='word_1_349' title='bbox 1975 1404 2099 1460; x_wconf 75' lang='lat' dir='ltr'><strong>quae</strong></span> <span class='ocrx_word' id='word_1_350' title='bbox 2139 1390 2252 1458; x_wconf 87' lang='lat' dir='ltr'><strong>jam</strong></span> <span class='ocrx_word' id='word_1_351' title='bbox 2305 1387 2454 1443; x_wconf 81' lang='lat' dir='ltr'><strong>facta</strong></span> <span class='ocrx_word' id='word_1_352' title='bbox 2496 1397 2647 1455; x_wconf 90' lang='lat' dir='ltr'><strong>sunt,</strong></span> <span class='ocrx_word' id='word_1_353' title='bbox 2707 1388 2853 1443; x_wconf 87' lang='lat' dir='ltr'><strong>haud</strong></span> <span class='ocrx_word' id='word_1_354' title='bbox 2906 1402 3009 1443; x_wconf 91' lang='lat' dir='ltr'><strong>nos</strong></span> <span class='ocrx_word' id='word_1_355' title='bbox 3059 1387 3249 1442; x_wconf 90' lang='lat' dir='ltr'><strong>sinunt</strong></span> <span class='ocrx_word' id='word_1_356' title='bbox 3277 1398 3472 1453; x_wconf 78' lang='lat' dir='ltr'><strong>segnes</strong></span> 
     </span>
    </p>
   </div>
   <div class='ocr_carea' id='block_1_56' title="bbox 1888 1474 3474 1547">
    <p class='ocr_par' dir='ltr' id='par_1_56' title="bbox 1888 1474 3474 1547">
     <span class='ocr_line' id='line_1_56' title="bbox 1888 1474 3474 1547; baseline -0.006 -10"><span class='ocrx_word' id='word_1_357' title='bbox 1888 1496 2035 1546; x_wconf 88' lang='lat' dir='ltr'><strong>esse,</strong></span> <span class='ocrx_word' id='word_1_358' title='bbox 2071 1494 2171 1535; x_wconf 92' lang='lat' dir='ltr'><strong>nec</strong></span> <span class='ocrx_word' id='word_1_359' title='bbox 2201 1494 2402 1535; x_wconf 85' lang='lat' dir='ltr'><strong>somno</strong></span> <span class='ocrx_word' id='word_1_360' title='bbox 2435 1493 2672 1547; x_wconf 87' lang='lat' dir='ltr'><strong>vacare;</strong></span> <span class='ocrx_word' id='word_1_361' title='bbox 2709 1480 2804 1536; x_wconf 90' lang='lat' dir='ltr'><strong>sed</strong></span> <span class='ocrx_word' id='word_1_362' title='bbox 2853 1478 3101 1534; x_wconf 77' lang='lat' dir='ltr'><strong>excitant</strong></span> <span class='ocrx_word' id='word_1_363' title='bbox 3153 1484 3214 1530; x_wconf 93' lang='lat' dir='ltr'><strong>ut</strong></span> <span class='ocrx_word' id='word_1_364' title='bbox 3262 1474 3474 1529; x_wconf 85' lang='lat' dir='ltr'><strong>labore-</strong></span> 
     </span>
    </p>
   </div>
   <div class='ocr_carea' id='block_1_57' title="bbox 1889 1572 2360 1641">
    <p class='ocr_par' dir='ltr' id='par_1_57' title="bbox 1889 1572 2360 1641">
     <span class='ocr_line' id='line_1_57' title="bbox 1889 1572 2360 1641; baseline 0.004 -15"><span class='ocrx_word' id='word_1_365' title='bbox 1889 1587 2014 1626; x_wconf 88' lang='lat' dir='ltr'><strong>mus</strong></span> <span class='ocrx_word' id='word_1_366' title='bbox 2043 1586 2143 1641; x_wconf 89' lang='lat' dir='ltr'><strong>pro</strong></span> <span class='ocrx_word' id='word_1_367' title='bbox 2179 1572 2360 1628; x_wconf 84' lang='lat' dir='ltr'><strong>nobis.</strong></span> 
     </span>
    </p>
   </div>
   <div class='ocr_carea' id='block_1_58' title="bbox 1965 1662 3472 1734">
    <p class='ocr_par' dir='ltr' id='par_1_58' title="bbox 1965 1662 3472 1734">
     <span class='ocr_line' id='line_1_58' title="bbox 1965 1662 3472 1734; baseline -0.003 -20"><span class='ocrx_word' id='word_1_368' title='bbox 1965 1681 1985 1714; x_wconf 69' lang='grc' dir='ltr'><strong>ι</strong></span> <span class='ocrx_word' id='word_1_369' title='bbox 2027 1663 2299 1730; x_wconf 82' lang='lat' dir='ltr'><strong>Quoniam</strong></span> <span class='ocrx_word' id='word_1_370' title='bbox 2358 1679 2502 1720; x_wconf 92' lang='lat' dir='ltr'><strong>unus</strong></span> <span class='ocrx_word' id='word_1_371' title='bbox 2560 1677 2664 1734; x_wconf 83' lang='lat' dir='ltr'><strong>pro</strong></span> <span class='ocrx_word' id='word_1_372' title='bbox 2720 1662 2984 1718; x_wconf 85' lang='lat' dir='ltr'><strong>omnibus</strong></span> <span class='ocrx_word' id='word_1_373' title='bbox 3051 1672 3307 1715; x_wconf 82' lang='lat' dir='ltr'><strong>mortuus</strong></span> <span class='ocrx_word' id='word_1_374' title='bbox 3366 1666 3472 1724; x_wconf 91' lang='lat' dir='ltr'><strong>est,</strong></span> 
     </span>
    </p>
   </div>
   <div class='ocr_carea' id='block_1_59' title="bbox 1892 1752 3477 1824">
    <p class='ocr_par' dir='ltr' id='par_1_59' title="bbox 1892 1752 3477 1824">
     <span class='ocr_line' id='line_1_59' title="bbox 1892 1752 3477 1824; baseline -0.004 -16"><span class='ocrx_word' id='word_1_375' title='bbox 1892 1768 2025 1824; x_wconf 88' lang='lat' dir='ltr'><strong>ergo</strong></span> <span class='ocrx_word' id='word_1_376' title='bbox 2064 1768 2261 1808; x_wconf 86' lang='lat' dir='ltr'><strong>omnes</strong></span> <span class='ocrx_word' id='word_1_377' title='bbox 2308 1754 2517 1809; x_wconf 90' lang='lat' dir='ltr'><strong>mortui</strong></span> <span class='ocrx_word' id='word_1_378' title='bbox 2564 1760 2718 1809; x_wconf 90' lang='lat' dir='ltr'><strong>sunt.</strong></span> <span class='ocrx_word' id='word_1_379' title='bbox 2756 1753 2822 1807; x_wconf 84' lang='lat' dir='ltr'><strong>Et</strong></span> <span class='ocrx_word' id='word_1_380' title='bbox 2875 1766 2973 1821; x_wconf 90' lang='lat' dir='ltr'><strong>pro</strong></span> <span class='ocrx_word' id='word_1_381' title='bbox 3017 1752 3282 1805; x_wconf 87' lang='lat' dir='ltr'><strong>omnibus</strong></span> <span class='ocrx_word' id='word_1_382' title='bbox 3330 1763 3477 1803; x_wconf 87' lang='lat' dir='ltr'><strong>mor-</strong></span> 
     </span>
    </p>
   </div>
   <div class='ocr_carea' id='block_1_60' title="bbox 1816 1817 2227 1903">
    <p class='ocr_par' dir='ltr' id='par_1_60' title="bbox 1816 1817 2227 1903">
     <span class='ocr_line' id='line_1_60' title="bbox 1816 1817 2227 1903; baseline -0.007 -1"><span class='ocrx_word' id='word_1_383' title='bbox 1816 1817 1861 1873; x_wconf 75' lang='grc' dir='ltr'><strong>Β</strong></span> <span class='ocrx_word' id='word_1_384' title='bbox 1897 1855 2027 1903; x_wconf 69' lang='lat' dir='ltr'><strong>“IIIS</strong></span> <span class='ocrx_word' id='word_1_385' title='bbox 2062 1855 2167 1901; x_wconf 92' lang='lat' dir='ltr'><strong>est.</strong></span> <span class='ocrx_word' id='word_1_386' title='bbox 2207 1866 2227 1899; x_wconf 73' lang='grc' dir='ltr'><strong>ι</strong></span> 
     </span>
    </p>
   </div>
   <div class='ocr_carea' id='block_1_61' title="bbox 1962 1936 3476 2011">
    <p class='ocr_par' dir='ltr' id='par_1_61' title="bbox 1962 1936 3476 2011">
     <span class='ocr_line' id='line_1_61' title="bbox 1962 1936 3476 2011; baseline -0.007 -17"><span class='ocrx_word' id='word_1_387' title='bbox 1962 1939 2224 2006; x_wconf 83' lang='lat' dir='ltr'><strong>Quaenam</strong></span> <span class='ocrx_word' id='word_1_388' title='bbox 2259 1947 2413 2011; x_wconf 88' lang='lat' dir='ltr'><strong>gesta</strong></span> <span class='ocrx_word' id='word_1_389' title='bbox 2436 1937 2552 2006; x_wconf 88' lang='lat' dir='ltr'><strong>jam</strong></span> <span class='ocrx_word' id='word_1_390' title='bbox 2586 1937 2794 1993; x_wconf 80' lang='lat' dir='ltr'><strong>fuerint</strong></span> <span class='ocrx_word' id='word_1_391' title='bbox 2818 1936 3047 2001; x_wconf 88' lang='lat' dir='ltr'><strong>recitat;</strong></span> <span class='ocrx_word' id='word_1_392' title='bbox 3090 1942 3220 2005; x_wconf 92' lang='lat' dir='ltr'><strong>puta</strong></span> <span class='ocrx_word' id='word_1_393' title='bbox 3244 1941 3476 1987; x_wconf 90' lang='lat' dir='ltr'><strong>mortem</strong></span> 
     </span>
    </p>
   </div>
   <div class='ocr_carea' id='block_1_62' title="bbox 1892 2026 3471 2103">
    <p class='ocr_par' dir='ltr' id='par_1_62' title="bbox 1892 2026 3471 2103">
     <span class='ocr_line' id='line_1_62' title="bbox 1892 2026 3471 2103; baseline -0.009 -14"><span class='ocrx_word' id='word_1_394' title='bbox 1892 2033 2122 2090; x_wconf 82' lang='lat' dir='ltr'><strong>Christi.</strong></span> <span class='ocrx_word' id='word_1_395' title='bbox 2157 2031 2303 2103; x_wconf 88' lang='lat' dir='ltr'><strong>Ergo</strong></span> <span class='ocrx_word' id='word_1_396' title='bbox 2336 2032 2683 2094; x_wconf 86' lang='lat' dir='ltr'><strong>studeamus,</strong></span> <span class='ocrx_word' id='word_1_397' title='bbox 2719 2029 2921 2099; x_wconf 89' lang='lat' dir='ltr'><strong>inquit,</strong></span> <span class='ocrx_word' id='word_1_398' title='bbox 2947 2026 3192 2097; x_wconf 76' lang='lat' dir='ltr'><strong>quandiu</strong></span> <span class='ocrx_word' id='word_1_399' title='bbox 3230 2038 3471 2095; x_wconf 66' lang='lat' dir='ltr'><strong>praesen-</strong></span> 
     </span>
    </p>
   </div>
   <div class='ocr_carea' id='block_1_63' title="bbox 1895 2113 3479 2192">
    <p class='ocr_par' dir='ltr' id='par_1_63' title="bbox 1895 2113 3479 2192">
     <span class='ocr_line' id='line_1_63' title="bbox 1895 2113 3479 2192; baseline -0.01 -11"><span class='ocrx_word' id='word_1_400' title='bbox 1895 2135 2001 2181; x_wconf 90' lang='lat' dir='ltr'><strong>tem</strong></span> <span class='ocrx_word' id='word_1_401' title='bbox 2032 2124 2204 2178; x_wconf 89' lang='lat' dir='ltr'><strong>vitam</strong></span> <span class='ocrx_word' id='word_1_402' title='bbox 2251 2123 2397 2177; x_wconf 88' lang='lat' dir='ltr'><strong>hanc</strong></span> <span class='ocrx_word' id='word_1_403' title='bbox 2438 2122 2678 2192; x_wconf 88' lang='lat' dir='ltr'><strong>agimus,</strong></span> <span class='ocrx_word' id='word_1_404' title='bbox 2710 2134 2906 2174; x_wconf 89' lang='lat' dir='ltr'><strong>omnes</strong></span> <span class='ocrx_word' id='word_1_405' title='bbox 2950 2116 3198 2180; x_wconf 86' lang='lat' dir='ltr'><strong>allicere,</strong></span> <span class='ocrx_word' id='word_1_406' title='bbox 3231 2128 3334 2185; x_wconf 89' lang='lat' dir='ltr'><strong>pro</strong></span> <span class='ocrx_word' id='word_1_407' title='bbox 3357 2113 3479 2181; x_wconf 81' lang='lat' dir='ltr'><strong>qui-</strong></span> 
     </span>
    </p>
   </div>
   <div class='ocr_carea' id='block_1_64' title="bbox 1894 2206 3481 2272">
    <p class='ocr_par' dir='ltr' id='par_1_64' title="bbox 1894 2206 3481 2272">
     <span class='ocr_line' id='line_1_64' title="bbox 1894 2206 3481 2272; baseline -0.009 0"><span class='ocrx_word' id='word_1_408' title='bbox 1894 2218 2002 2272; x_wconf 87' lang='lat' dir='ltr'><strong>bus</strong></span> <span class='ocrx_word' id='word_1_409' title='bbox 2032 2216 2122 2271; x_wconf 85' lang='lat' dir='ltr'><strong>ille</strong></span> <span class='ocrx_word' id='word_1_410' title='bbox 2151 2224 2385 2270; x_wconf 87' lang='lat' dir='ltr'><strong>mortem</strong></span> <span class='ocrx_word' id='word_1_411' title='bbox 2422 2212 2583 2267; x_wconf 92' lang='lat' dir='ltr'><strong>obiit.</strong></span> <span class='ocrx_word' id='word_1_412' title='bbox 2615 2208 2714 2266; x_wconf 88' lang='lat' dir='ltr'><strong>Hic</strong></span> <span class='ocrx_word' id='word_1_413' title='bbox 2746 2210 2893 2265; x_wconf 90' lang='lat' dir='ltr'><strong>enim</strong></span> <span class='ocrx_word' id='word_1_414' title='bbox 2940 2206 3184 2265; x_wconf 87' lang='lat' dir='ltr'><strong>subsidia</strong></span> <span class='ocrx_word' id='word_1_415' title='bbox 3227 2213 3355 2260; x_wconf 91' lang='lat' dir='ltr'><strong>sunt</strong></span> <span class='ocrx_word' id='word_1_416' title='bbox 3390 2218 3481 2259; x_wconf 83' lang='lat' dir='ltr'><strong>sa-</strong></span> 
     </span>
    </p>
   </div>
   <div class='ocr_carea' id='block_1_65' title="bbox 1894 2305 2683 2371">
    <p class='ocr_par' dir='ltr' id='par_1_65' title="bbox 1894 2305 2683 2371">
     <span class='ocr_line' id='line_1_65' title="bbox 1894 2305 2683 2371; baseline -0.009 -7"><span class='ocrx_word' id='word_1_417' title='bbox 1894 2309 2047 2371; x_wconf 85' lang='lat' dir='ltr'><strong>lutis.</strong></span> <span class='ocrx_word' id='word_1_418' title='bbox 2080 2308 2197 2362; x_wconf 92' lang='lat' dir='ltr'><strong>illic</strong></span> <span class='ocrx_word' id='word_1_419' title='bbox 2228 2321 2360 2362; x_wconf 87' lang='lat' dir='ltr'><strong>vero</strong></span> <span class='ocrx_word' id='word_1_420' title='bbox 2389 2320 2497 2360; x_wconf 92' lang='lat' dir='ltr'><strong>non</strong></span> <span class='ocrx_word' id='word_1_421' title='bbox 2532 2305 2683 2360; x_wconf 89' lang='lat' dir='ltr'><strong>item.</strong></span> 
     </span>
    </p>
   </div>
   <div class='ocr_carea' id='block_1_66' title="bbox 1970 2387 3479 2468">
    <p class='ocr_par' dir='ltr' id='par_1_66' title="bbox 1970 2387 3479 2468">
     <span class='ocr_line' id='line_1_66' title="bbox 1970 2387 3479 2468; baseline -0.007 -15"><span class='ocrx_word' id='word_1_422' title='bbox 1970 2418 1989 2453; x_wconf 78' lang='grc' dir='ltr'><strong>ι</strong></span> <span class='ocrx_word' id='word_1_423' title='bbox 2039 2398 2111 2455; x_wconf 86' lang='lat' dir='ltr'><strong>Ut</strong></span> <span class='ocrx_word' id='word_1_424' title='bbox 2134 2399 2229 2468; x_wconf 89' lang='lat' dir='ltr'><strong>qui</strong></span> <span class='ocrx_word' id='word_1_425' title='bbox 2262 2398 2478 2463; x_wconf 86' lang='lat' dir='ltr'><strong>vivunt;</strong></span> <span class='ocrx_word' id='word_1_426' title='bbox 2502 2396 2615 2466; x_wconf 83' lang='lat' dir='ltr'><strong>jam</strong></span> <span class='ocrx_word' id='word_1_427' title='bbox 2645 2410 2752 2449; x_wconf 91' lang='lat' dir='ltr'><strong>non</strong></span> <span class='ocrx_word' id='word_1_428' title='bbox 2781 2392 2890 2449; x_wconf 84' lang='lat' dir='ltr'><strong>sibi</strong></span> <span class='ocrx_word' id='word_1_429' title='bbox 2924 2392 3140 2454; x_wconf 83' lang='lat' dir='ltr'><strong>vivant,</strong></span> <span class='ocrx_word' id='word_1_430' title='bbox 3172 2389 3269 2445; x_wconf 89' lang='lat' dir='ltr'><strong>sed</strong></span> <span class='ocrx_word' id='word_1_431' title='bbox 3301 2388 3351 2445; x_wconf 90' lang='lat' dir='ltr'><strong>ei</strong></span> <span class='ocrx_word' id='word_1_432' title='bbox 3382 2387 3479 2458; x_wconf 88' lang='lat' dir='ltr'><strong>qui</strong></span> 
     </span>
    </p>
   </div>
   <div class='ocr_carea' id='block_1_67' title="bbox 1895 2477 3089 2564">
    <p class='ocr_par' dir='ltr' id='par_1_67' title="bbox 1895 2477 3089 2564">
     <span class='ocr_line' id='line_1_67' title="bbox 1895 2477 3089 2564; baseline -0.009 -16"><span class='ocrx_word' id='word_1_433' title='bbox 1895 2508 1997 2564; x_wconf 89' lang='lat' dir='ltr'><strong>pro</strong></span> <span class='ocrx_word' id='word_1_434' title='bbox 2030 2493 2164 2564; x_wconf 85' lang='lat' dir='ltr'><strong>ipsis</strong></span> <span class='ocrx_word' id='word_1_435' title='bbox 2196 2500 2451 2546; x_wconf 89' lang='lat' dir='ltr'><strong>mortuus</strong></span> <span class='ocrx_word' id='word_1_436' title='bbox 2485 2499 2590 2553; x_wconf 85' lang='lat' dir='ltr'><strong>est,</strong></span> <span class='ocrx_word' id='word_1_437' title='bbox 2620 2494 2675 2543; x_wconf 93' lang='lat' dir='ltr'><strong>et</strong></span> <span class='ocrx_word' id='word_1_438' title='bbox 2697 2477 3020 2543; x_wconf 80' lang='lat' dir='ltr'><strong>resurrexit.</strong></span> <span class='ocrx_word' id='word_1_439' title='bbox 3068 2501 3089 2537; x_wconf 73' lang='grc' dir='ltr'><strong>ι</strong></span> 
     </span>
    </p>
   </div>
   <div class='ocr_carea' id='block_1_68' title="bbox 1971 2568 3480 2656">
    <p class='ocr_par' dir='ltr' id='par_1_68' title="bbox 1971 2568 3480 2656">
     <span class='ocr_line' id='line_1_68' title="bbox 1971 2568 3480 2656; baseline -0.011 -16"><span class='ocrx_word' id='word_1_440' title='bbox 1971 2585 2027 2640; x_wconf 89' lang='lat' dir='ltr'><strong>Si</strong></span> <span class='ocrx_word' id='word_1_441' title='bbox 2064 2584 2258 2656; x_wconf 87' lang='lat' dir='ltr'><strong>igitur,</strong></span> <span class='ocrx_word' id='word_1_442' title='bbox 2292 2582 2504 2653; x_wconf 85' lang='lat' dir='ltr'><strong>inquit,</strong></span> <span class='ocrx_word' id='word_1_443' title='bbox 2543 2595 2653 2635; x_wconf 87' lang='lat' dir='ltr'><strong>non</strong></span> <span class='ocrx_word' id='word_1_444' title='bbox 2692 2570 2912 2649; x_wconf 87' lang='lat' dir='ltr'><strong>oportet</strong></span> <span class='ocrx_word' id='word_1_445' title='bbox 2936 2590 3039 2631; x_wconf 92' lang='lat' dir='ltr'><strong>nos</strong></span> <span class='ocrx_word' id='word_1_446' title='bbox 3066 2568 3480 2640; x_wconf 75' lang='lat' dir='ltr'><strong>nobismetipsis</strong></span> 
     </span>
    </p>
   </div>
   <div class='ocr_carea' id='block_1_69' title="bbox 1897 2662 3483 2741">
    <p class='ocr_par' dir='ltr' id='par_1_69' title="bbox 1897 2662 3483 2741">
     <span class='ocr_line' id='line_1_69' title="bbox 1897 2662 3483 2741; baseline -0.012 -8"><span class='ocrx_word' id='word_1_447' title='bbox 1897 2678 2107 2741; x_wconf 86' lang='lat' dir='ltr'><strong>vivere,</strong></span> <span class='ocrx_word' id='word_1_448' title='bbox 2158 2691 2227 2732; x_wconf 90' lang='lat' dir='ltr'><strong>ne</strong></span> <span class='ocrx_word' id='word_1_449' title='bbox 2270 2673 2595 2736; x_wconf 86' lang='lat' dir='ltr'><strong>turbemini.</strong></span> <span class='ocrx_word' id='word_1_450' title='bbox 2654 2686 2833 2741; x_wconf 89' lang='lat' dir='ltr'><strong>neque</strong></span> <span class='ocrx_word' id='word_1_451' title='bbox 2888 2663 3346 2724; x_wconf 91' lang='lat' dir='ltr'><strong>commoveamini</strong></span> <span class='ocrx_word' id='word_1_452' title='bbox 3395 2662 3483 2715; x_wconf 85' lang='lat' dir='ltr'><strong>in-</strong></span> 
     </span>
    </p>
   </div>
   <div class='ocr_carea' id='block_1_70' title="bbox 1899 2757 3483 2842">
    <p class='ocr_par' dir='ltr' id='par_1_70' title="bbox 1899 2757 3483 2842">
     <span class='ocr_line' id='line_1_70' title="bbox 1899 2757 3483 2842; baseline -0.01 -19"><span class='ocrx_word' id='word_1_453' title='bbox 1899 2768 2215 2842; x_wconf 79' lang='lat' dir='ltr'><strong>gruentium</strong></span> <span class='ocrx_word' id='word_1_454' title='bbox 2267 2766 2641 2839; x_wconf 86' lang='lat' dir='ltr'><strong>periculorum</strong></span> <span class='ocrx_word' id='word_1_455' title='bbox 2692 2777 2881 2818; x_wconf 88' lang='lat' dir='ltr'><strong>causa.</strong></span> <span class='ocrx_word' id='word_1_456' title='bbox 2927 2757 3151 2814; x_wconf 78' lang='lat' dir='ltr'><strong>Videsis</strong></span> <span class='ocrx_word' id='word_1_457' title='bbox 3212 2768 3344 2810; x_wconf 85' lang='lat' dir='ltr'><strong>vero</strong></span> <span class='ocrx_word' id='word_1_458' title='bbox 3386 2769 3483 2808; x_wconf 57' lang='lat' dir='ltr'><strong>ex.</strong></span> 
     </span>
    </p>
   </div>
   <div class='ocr_carea' id='block_1_71' title="bbox 1899 2845 3480 2933">
    <p class='ocr_par' dir='ltr' id='par_1_71' title="bbox 1899 2845 3480 2933">
     <span class='ocr_line' id='line_1_71' title="bbox 1899 2845 3480 2933; baseline -0.013 -15"><span class='ocrx_word' id='word_1_459' title='bbox 1899 2860 2276 2933; x_wconf 88' lang='lat' dir='ltr'><strong>superantiam</strong></span> <span class='ocrx_word' id='word_1_460' title='bbox 2304 2857 2533 2922; x_wconf 89' lang='lat' dir='ltr'><strong>amoris,</strong></span> <span class='ocrx_word' id='word_1_461' title='bbox 2576 2863 2641 2912; x_wconf 92' lang='lat' dir='ltr'><strong>ut</strong></span> <span class='ocrx_word' id='word_1_462' title='bbox 2670 2869 2772 2911; x_wconf 91' lang='lat' dir='ltr'><strong>nos</strong></span> <span class='ocrx_word' id='word_1_463' title='bbox 2802 2852 3025 2924; x_wconf 87' lang='lat' dir='ltr'><strong>quidem</strong></span> <span class='ocrx_word' id='word_1_464' title='bbox 3075 2856 3299 2921; x_wconf 89' lang='lat' dir='ltr'><strong>propter</strong></span> <span class='ocrx_word' id='word_1_465' title='bbox 3324 2845 3480 2900; x_wconf 78' lang='lat' dir='ltr'><strong>illum</strong></span> 
     </span>
    </p>
   </div>
   <div class='ocr_carea' id='block_1_72' title="bbox 1900 2943 3480 3017">
    <p class='ocr_par' dir='ltr' id='par_1_72' title="bbox 1900 2943 3480 3017">
     <span class='ocr_line' id='line_1_72' title="bbox 1900 2943 3480 3017; baseline -0.013 -7"><span class='ocrx_word' id='word_1_466' title='bbox 1900 2955 2088 3010; x_wconf 78' lang='lat' dir='ltr'><strong>vivere</strong></span> <span class='ocrx_word' id='word_1_467' title='bbox 2137 2950 2311 3017; x_wconf 89' lang='lat' dir='ltr'><strong>dicat,</strong></span> <span class='ocrx_word' id='word_1_468' title='bbox 2362 2950 2516 3004; x_wconf 88' lang='lat' dir='ltr'><strong>illum</strong></span> <span class='ocrx_word' id='word_1_469' title='bbox 2556 2957 2741 3003; x_wconf 88' lang='lat' dir='ltr'><strong>autem</strong></span> <span class='ocrx_word' id='word_1_470' title='bbox 2789 2953 3012 3017; x_wconf 87' lang='lat' dir='ltr'><strong>propter</strong></span> <span class='ocrx_word' id='word_1_471' title='bbox 3056 2956 3158 2997; x_wconf 89' lang='lat' dir='ltr'><strong>nos</strong></span> <span class='ocrx_word' id='word_1_472' title='bbox 3204 2943 3480 2994; x_wconf 82' lang='lat' dir='ltr'><strong>mortuum</strong></span> 
     </span>
    </p>
   </div>
   <div class='ocr_carea' id='block_1_73' title="bbox 1973 3119 3483 3203">
    <p class='ocr_par' dir='ltr' id='par_1_73' title="bbox 1973 3119 3483 3203">
     <span class='ocr_line' id='line_1_73' title="bbox 1973 3119 3483 3203; baseline -0.013 -11"><span class='ocrx_word' id='word_1_473' title='bbox 1973 3138 2143 3193; x_wconf 72' lang='lat' dir='ltr'><strong>Vens.</strong></span> <span class='ocrx_word' id='word_1_474' title='bbox 2176 3137 2262 3191; x_wconf 78' lang='grc'><strong>16.</strong></span> <span class='ocrx_word' id='word_1_475' title='bbox 2300 3155 2319 3188; x_wconf 84' lang='grc'><strong><em>‹</em></strong></span> <span class='ocrx_word' id='word_1_476' title='bbox 2367 3136 2555 3203; x_wconf 88' lang='lat' dir='ltr'><strong>itaque</strong></span> <span class='ocrx_word' id='word_1_477' title='bbox 2590 3147 2695 3188; x_wconf 91' lang='lat' dir='ltr'><strong>nos</strong></span> <span class='ocrx_word' id='word_1_478' title='bbox 2722 3144 2790 3186; x_wconf 83' lang='lat' dir='ltr'><strong>ex</strong></span> <span class='ocrx_word' id='word_1_479' title='bbox 2822 3142 2972 3184; x_wconf 90' lang='lat' dir='ltr'><strong>nunc</strong></span> <span class='ocrx_word' id='word_1_480' title='bbox 3015 3124 3290 3184; x_wconf 90' lang='lat' dir='ltr'><strong>neminem</strong></span> <span class='ocrx_word' id='word_1_481' title='bbox 3322 3119 3483 3176; x_wconf 87' lang='lat' dir='ltr'><strong>novi-</strong></span> 
     </span>
    </p>
   </div>
   <div class='ocr_carea' id='block_1_74' title="bbox 1898 3228 2695 3286">
    <p class='ocr_par' dir='ltr' id='par_1_74' title="bbox 1898 3228 2695 3286">
     <span class='ocr_line' id='line_1_74' title="bbox 1898 3228 2695 3286; baseline -0.013 0"><span class='ocrx_word' id='word_1_482' title='bbox 1898 3246 2020 3286; x_wconf 90' lang='lat' dir='ltr'><strong>mus</strong></span> <span class='ocrx_word' id='word_1_483' title='bbox 2046 3228 2354 3285; x_wconf 91' lang='lat' dir='ltr'><strong>secundum</strong></span> <span class='ocrx_word' id='word_1_484' title='bbox 2382 3240 2631 3282; x_wconf 88' lang='lat' dir='ltr'><strong>carnem.</strong></span> <span class='ocrx_word' id='word_1_485' title='bbox 2675 3242 2695 3276; x_wconf 71' lang='grc' dir='ltr'><strong>ι</strong></span> 
     </span>
    </p>
   </div>
   <div class='ocr_carea' id='block_1_75' title="bbox 1968 3306 3486 3386">
    <p class='ocr_par' dir='ltr' id='par_1_75' title="bbox 1968 3306 3486 3386">
     <span class='ocr_line' id='line_1_75' title="bbox 1968 3306 3486 3386; baseline -0.01 -12"><span class='ocrx_word' id='word_1_486' title='bbox 1968 3320 2421 3377; x_wconf 77' lang='lat' dir='ltr'><strong>Resurrexerunt</strong></span> <span class='ocrx_word' id='word_1_487' title='bbox 2445 3318 2591 3375; x_wconf 88' lang='lat' dir='ltr'><strong>enim</strong></span> <span class='ocrx_word' id='word_1_488' title='bbox 2617 3331 2714 3386; x_wconf 89' lang='lat' dir='ltr'><strong>per</strong></span> <span class='ocrx_word' id='word_1_489' title='bbox 2740 3316 3022 3369; x_wconf 82' lang='lat' dir='ltr'><strong>lavacrum</strong></span> <span class='ocrx_word' id='word_1_490' title='bbox 3051 3306 3486 3381; x_wconf 87' lang='lat' dir='ltr'><strong>regenerationis</strong></span> 
     </span>
    </p>
   </div>
   <div class='ocr_carea' id='block_1_76' title="bbox 1897 3401 3487 3480">
    <p class='ocr_par' dir='ltr' id='par_1_76' title="bbox 1897 3401 3487 3480">
     <span class='ocr_line' id='line_1_76' title="bbox 1897 3401 3487 3480; baseline -0.011 -12"><span class='ocrx_word' id='word_1_491' title='bbox 1897 3419 1954 3469; x_wconf 87' lang='lat' dir='ltr'><strong>et</strong></span> <span class='ocrx_word' id='word_1_492' title='bbox 2004 3412 2427 3467; x_wconf 84' lang='lat' dir='ltr'><strong>renovationem</strong></span> <span class='ocrx_word' id='word_1_493' title='bbox 2475 3407 2723 3480; x_wconf 84' lang='lat' dir='ltr'><strong>Spiritus</strong></span> <span class='ocrx_word' id='word_1_494' title='bbox 2768 3405 2971 3462; x_wconf 85' lang='lat' dir='ltr'><strong>sancti.</strong></span> <span class='ocrx_word' id='word_1_495' title='bbox 3023 3401 3307 3457; x_wconf 80' lang='lat' dir='ltr'><strong>Neminem</strong></span> <span class='ocrx_word' id='word_1_496' title='bbox 3354 3413 3487 3468; x_wconf 85' lang='lat' dir='ltr'><strong>ergo</strong></span> 
     </span>
    </p>
   </div>
   <div class='ocr_carea' id='block_1_77' title="bbox 1904 3494 3485 3572">
    <p class='ocr_par' dir='ltr' id='par_1_77' title="bbox 1904 3494 3485 3572">
     <span class='ocr_line' id='line_1_77' title="bbox 1904 3494 3485 3572; baseline -0.009 -13"><span class='ocrx_word' id='word_1_497' title='bbox 1904 3504 2168 3569; x_wconf 80' lang='lat' dir='ltr'><strong>ﬁdelium,</strong></span> <span class='ocrx_word' id='word_1_498' title='bbox 2229 3502 2435 3572; x_wconf 88' lang='lat' dir='ltr'><strong>inquit,</strong></span> <span class='ocrx_word' id='word_1_499' title='bbox 2487 3498 2841 3571; x_wconf 87' lang='lat' dir='ltr'><strong>agnoscimus</strong></span> <span class='ocrx_word' id='word_1_500' title='bbox 2886 3494 3196 3552; x_wconf 89' lang='lat' dir='ltr'><strong>secundum</strong></span> <span class='ocrx_word' id='word_1_501' title='bbox 3235 3505 3485 3545; x_wconf 83' lang='lat' dir='ltr'><strong>carnerr.</strong></span> 
     </span>
    </p>
   </div>
   <div class='ocr_carea' id='block_1_78' title="bbox 1900 3580 3489 3663">
    <p class='ocr_par' dir='ltr' id='par_1_78' title="bbox 1900 3580 3489 3663">
     <span class='ocr_line' id='line_1_78' title="bbox 1900 3580 3489 3663; baseline -0.012 -12"><span class='ocrx_word' id='word_1_502' title='bbox 1900 3595 2166 3663; x_wconf 83' lang='lat' dir='ltr'><strong>Quamvis</strong></span> <span class='ocrx_word' id='word_1_503' title='bbox 2193 3593 2340 3648; x_wconf 90' lang='lat' dir='ltr'><strong>enim</strong></span> <span class='ocrx_word' id='word_1_504' title='bbox 2383 3593 2438 3647; x_wconf 92' lang='lat' dir='ltr'><strong>in</strong></span> <span class='ocrx_word' id='word_1_505' title='bbox 2471 3606 2639 3647; x_wconf 89' lang='lat' dir='ltr'><strong>carne</strong></span> <span class='ocrx_word' id='word_1_506' title='bbox 2664 3590 2797 3654; x_wconf 87' lang='lat' dir='ltr'><strong>sint,</strong></span> <span class='ocrx_word' id='word_1_507' title='bbox 2829 3592 3208 3643; x_wconf 85' lang='lat' dir='ltr'><strong>verumtamen</strong></span> <span class='ocrx_word' id='word_1_508' title='bbox 3238 3582 3352 3637; x_wconf 88' lang='lat' dir='ltr'><strong>vita</strong></span> <span class='ocrx_word' id='word_1_509' title='bbox 3374 3580 3489 3634; x_wconf 69' lang='lat' dir='ltr'><strong>haec</strong></span> 
     </span>
    </p>
   </div>
   <div class='ocr_carea' id='block_1_79' title="bbox 1902 3672 3488 3749">
    <p class='ocr_par' dir='ltr' id='par_1_79' title="bbox 1902 3672 3488 3749">
     <span class='ocr_line' id='line_1_79' title="bbox 1902 3672 3488 3749; baseline -0.011 -5"><span class='ocrx_word' id='word_1_510' title='bbox 1902 3687 2149 3744; x_wconf 90' lang='lat' dir='ltr'><strong>carnalis</strong></span> <span class='ocrx_word' id='word_1_511' title='bbox 2199 3686 2474 3742; x_wconf 84' lang='lat' dir='ltr'><strong>exstincta</strong></span> <span class='ocrx_word' id='word_1_512' title='bbox 2512 3692 2637 3748; x_wconf 91' lang='lat' dir='ltr'><strong>est,</strong></span> <span class='ocrx_word' id='word_1_513' title='bbox 2678 3690 2733 3737; x_wconf 88' lang='lat' dir='ltr'><strong>et</strong></span> <span class='ocrx_word' id='word_1_514' title='bbox 2783 3679 3023 3749; x_wconf 82' lang='lat' dir='ltr'><strong>desuper</strong></span> <span class='ocrx_word' id='word_1_515' title='bbox 3072 3676 3272 3748; x_wconf 90' lang='lat' dir='ltr'><strong>spiritu</strong></span> <span class='ocrx_word' id='word_1_516' title='bbox 3316 3672 3488 3745; x_wconf 85' lang='lat' dir='ltr'><strong>geniti</strong></span> 
     </span>
    </p>
   </div>
   <div class='ocr_carea' id='block_1_80' title="bbox 1903 3793 2371 3840">
    <p class='ocr_par' dir='ltr' id='par_1_80' title="bbox 1903 3793 2371 3840">
     <span class='ocr_line' id='line_1_80' title="bbox 1903 3793 2371 3840; baseline -0.015 -5"><span class='ocrx_word' id='word_1_517' title='bbox 1903 3793 2115 3835; x_wconf 89' lang='lat' dir='ltr'><strong>sumus.</strong></span> <span class='ocrx_word' id='word_1_518' title='bbox 2366 3834 2371 3840; x_wconf 49' lang='grc'><strong>,</strong></span> 
     </span>
    </p>
   </div>
   <div class='ocr_carea' id='block_1_81' title="bbox 1978 3857 3488 3938">
    <p class='ocr_par' dir='ltr' id='par_1_81' title="bbox 1978 3857 3488 3938">
     <span class='ocr_line' id='line_1_81' title="bbox 1978 3857 3488 3938; baseline -0.009 -15"><span class='ocrx_word' id='word_1_519' title='bbox 1978 3890 1997 3923; x_wconf 75' lang='grc' dir='ltr'><strong>ι</strong></span> <span class='ocrx_word' id='word_1_520' title='bbox 2040 3870 2156 3925; x_wconf 87' lang='lat' dir='ltr'><strong>Etsi</strong></span> <span class='ocrx_word' id='word_1_521' title='bbox 2193 3864 2558 3938; x_wconf 72' lang='lat' dir='ltr'><strong>cognovimus</strong></span> <span class='ocrx_word' id='word_1_522' title='bbox 2585 3860 2892 3917; x_wconf 87' lang='lat' dir='ltr'><strong>secundum</strong></span> <span class='ocrx_word' id='word_1_523' title='bbox 2923 3874 3150 3915; x_wconf 86' lang='lat' dir='ltr'><strong>carnem</strong></span> <span class='ocrx_word' id='word_1_524' title='bbox 3186 3857 3488 3919; x_wconf 73' lang='lat' dir='ltr'><strong>Christum.</strong></span> 
     </span>
    </p>
   </div>
   <div class='ocr_carea' id='block_1_82' title="bbox 1904 3954 2818 4029">
    <p class='ocr_par' dir='ltr' id='par_1_82' title="bbox 1904 3954 2818 4029">
     <span class='ocr_line' id='line_1_82' title="bbox 1904 3954 2818 4029; baseline -0.016 -10"><span class='ocrx_word' id='word_1_525' title='bbox 1904 3962 1997 4019; x_wconf 87' lang='lat' dir='ltr'><strong>sed</strong></span> <span class='ocrx_word' id='word_1_526' title='bbox 2030 3960 2311 4029; x_wconf 72' lang='lat' dir='ltr'><strong>nunciam</strong></span> <span class='ocrx_word' id='word_1_527' title='bbox 2347 3973 2455 4012; x_wconf 92' lang='lat' dir='ltr'><strong>non</strong></span> <span class='ocrx_word' id='word_1_528' title='bbox 2488 3954 2763 4010; x_wconf 91' lang='lat' dir='ltr'><strong>novimus.</strong></span> <span class='ocrx_word' id='word_1_529' title='bbox 2800 3970 2818 4004; x_wconf 75' lang='grc' dir='ltr'><strong>ι</strong></span> 
     </span>
    </p>
   </div>
   <div class='ocr_carea' id='block_1_83' title="bbox 1974 4038 3491 4108">
    <p class='ocr_par' dir='ltr' id='par_1_83' title="bbox 1974 4038 3491 4108">
     <span class='ocr_line' id='line_1_83' title="bbox 1974 4038 3491 4108; baseline -0.013 0"><span class='ocrx_word' id='word_1_530' title='bbox 1974 4053 2216 4108; x_wconf 81' lang='lat' dir='ltr'><strong>Rursum</strong></span> <span class='ocrx_word' id='word_1_531' title='bbox 2242 4048 2492 4105; x_wconf 90' lang='lat' dir='ltr'><strong>ostendit</strong></span> <span class='ocrx_word' id='word_1_532' title='bbox 2528 4045 2814 4102; x_wconf 85' lang='lat' dir='ltr'><strong>Christum</strong></span> <span class='ocrx_word' id='word_1_533' title='bbox 2858 4050 3143 4097; x_wconf 87' lang='lat' dir='ltr'><strong>auctorem</strong></span> <span class='ocrx_word' id='word_1_534' title='bbox 3175 4038 3337 4095; x_wconf 90' lang='lat' dir='ltr'><strong>nobis</strong></span> <span class='ocrx_word' id='word_1_535' title='bbox 3370 4050 3491 4092; x_wconf 84' lang='lat' dir='ltr'><strong>esse</strong></span> 
     </span>
    </p>
   </div>
   <div class='ocr_carea' id='block_1_84' title="bbox 1907 4114 3489 4214">
    <p class='ocr_par' dir='ltr' id='par_1_84' title="bbox 1907 4114 3489 4214">
     <span class='ocr_line' id='line_1_84' title="bbox 1907 4114 3489 4214; baseline -0.014 -12"><span class='ocrx_word' id='word_1_536' title='bbox 1907 4143 2167 4204; x_wconf 71' lang='lat' dir='ltr'><strong>secunda:</strong></span> <span class='ocrx_word' id='word_1_537' title='bbox 2193 4139 2597 4214; x_wconf 85' lang='lat' dir='ltr'><strong>generationis.</strong></span> <span class='ocrx_word' id='word_1_538' title='bbox 2632 4135 2768 4190; x_wconf 83' lang='lat' dir='ltr'><strong>Nam</strong></span> <span class='ocrx_word' id='word_1_539' title='bbox 2794 4149 2899 4189; x_wconf 90' lang='lat' dir='ltr'><strong>nos</strong></span> <span class='ocrx_word' id='word_1_540' title='bbox 2928 4131 3235 4188; x_wconf 89' lang='lat' dir='ltr'><strong>secundum</strong></span> <span class='ocrx_word' id='word_1_541' title='bbox 3268 4114 3489 4183; x_wconf 69' lang='lat' dir='ltr'><strong>carnem</strong></span> 
     </span>
    </p>
   </div>
   <div class='ocr_carea' id='block_1_85' title="bbox 1905 4226 3493 4302">
    <p class='ocr_par' dir='ltr' id='par_1_85' title="bbox 1905 4226 3493 4302">
     <span class='ocr_line' id='line_1_85' title="bbox 1905 4226 3493 4302; baseline -0.015 -7"><span class='ocrx_word' id='word_1_542' title='bbox 1905 4254 2052 4302; x_wconf 80' lang='lat' dir='ltr'><strong>esse,</strong></span> <span class='ocrx_word' id='word_1_543' title='bbox 2077 4235 2221 4291; x_wconf 90' lang='lat' dir='ltr'><strong>idem</strong></span> <span class='ocrx_word' id='word_1_544' title='bbox 2249 4241 2336 4289; x_wconf 90' lang='lat' dir='ltr'><strong>est</strong></span> <span class='ocrx_word' id='word_1_545' title='bbox 2376 4240 2548 4301; x_wconf 88' lang='lat' dir='ltr'><strong>atque</strong></span> <span class='ocrx_word' id='word_1_546' title='bbox 2599 4228 2655 4283; x_wconf 93' lang='lat' dir='ltr'><strong>in</strong></span> <span class='ocrx_word' id='word_1_547' title='bbox 2687 4226 2933 4297; x_wconf 86' lang='lat' dir='ltr'><strong>peccatis</strong></span> <span class='ocrx_word' id='word_1_548' title='bbox 2973 4238 3136 4295; x_wconf 89' lang='lat' dir='ltr'><strong>agere</strong></span> <span class='ocrx_word' id='word_1_549' title='bbox 3166 4239 3181 4277; x_wconf 90' lang='lat'><strong>:</strong></span> <span class='ocrx_word' id='word_1_550' title='bbox 3208 4234 3335 4277; x_wconf 92' lang='lat' dir='ltr'><strong>esse</strong></span> <span class='ocrx_word' id='word_1_551' title='bbox 3358 4232 3493 4274; x_wconf 85' lang='lat' dir='ltr'><strong>vero</strong></span> 
     </span>
    </p>
   </div>
   <div class='ocr_carea' id='block_1_86' title="bbox 1908 4312 3493 4387">
    <p class='ocr_par' dir='ltr' id='par_1_86' title="bbox 1908 4312 3493 4387">
     <span class='ocr_line' id='line_1_86' title="bbox 1908 4312 3493 4387; baseline -0.013 -3"><span class='ocrx_word' id='word_1_552' title='bbox 1908 4330 2189 4386; x_wconf 86' lang='lat' dir='ltr'><strong>Christum</strong></span> <span class='ocrx_word' id='word_1_553' title='bbox 2210 4324 2513 4381; x_wconf 85' lang='lat' dir='ltr'><strong>secundum</strong></span> <span class='ocrx_word' id='word_1_554' title='bbox 2537 4334 2781 4385; x_wconf 88' lang='lat' dir='ltr'><strong>carnem,</strong></span> <span class='ocrx_word' id='word_1_555' title='bbox 2801 4325 2884 4374; x_wconf 85' lang='lat' dir='ltr'><strong>est</strong></span> <span class='ocrx_word' id='word_1_556' title='bbox 2909 4317 3088 4387; x_wconf 90' lang='lat' dir='ltr'><strong>ipsum</strong></span> <span class='ocrx_word' id='word_1_557' title='bbox 3117 4330 3180 4369; x_wconf 91' lang='lat' dir='ltr'><strong>ea</strong></span> <span class='ocrx_word' id='word_1_558' title='bbox 3208 4312 3319 4384; x_wconf 88' lang='lat' dir='ltr'><strong>pati</strong></span> <span class='ocrx_word' id='word_1_559' title='bbox 3371 4324 3493 4381; x_wconf 70' lang='lat' dir='ltr'><strong>qua:</strong></span> 
     </span>
    </p>
   </div>
   <div class='ocr_carea' id='block_1_87' title="bbox 214 4402 1798 4497">
    <p class='ocr_par' dir='ltr' id='par_1_87' title="bbox 214 4402 1798 4497">
     <span class='ocr_line' id='line_1_87' title="bbox 214 4402 1798 4497; baseline 0 -19"><span class='ocrx_word' id='word_1_560' title='bbox 214 4423 345 4481; x_wconf 75' lang='grc' dir='ltr'>ωἴον</span> <span class='ocrx_word' id='word_1_561' title='bbox 377 4428 435 4479; x_wconf 79' lang='grc' dir='ltr'>ὲν</span> <span class='ocrx_word' id='word_1_562' title='bbox 459 4402 538 4496; x_wconf 79' lang='grc' dir='ltr'>τῷ</span> <span class='ocrx_word' id='word_1_563' title='bbox 586 4426 779 4495; x_wconf 82' lang='grc' dir='ltr'>πεινῇν</span> <span class='ocrx_word' id='word_1_564' title='bbox 833 4424 931 4478; x_wconf 79' lang='grc' dir='ltr'><strong>καὶ</strong></span> <span class='ocrx_word' id='word_1_565' title='bbox 980 4423 1142 4495; x_wconf 74' lang='grc' dir='ltr'>διψῇν</span> <span class='ocrx_word' id='word_1_566' title='bbox 1162 4465 1176 4487; x_wconf 95' lang='grc'><strong>,</strong></span> <span class='ocrx_word' id='word_1_567' title='bbox 1204 4427 1261 4477; x_wconf 85' lang='grc' dir='ltr'>ὲν</span> <span class='ocrx_word' id='word_1_568' title='bbox 1284 4423 1363 4495; x_wconf 79' lang='grc' dir='ltr'>τῷ</span> <span class='ocrx_word' id='word_1_569' title='bbox 1394 4426 1617 4497; x_wconf 79' lang='grc' dir='ltr'>κοπιᾷν,</span> <span class='ocrx_word' id='word_1_570' title='bbox 1645 4427 1703 4478; x_wconf 84' lang='grc' dir='ltr'>ὲν</span> <span class='ocrx_word' id='word_1_571' title='bbox 1721 4424 1798 4495; x_wconf 81' lang='grc' dir='ltr'>τῷ</span> 
     </span>
    </p>
   </div>
   <div class='ocr_carea' id='block_1_88' title="bbox 1902 4402 3491 4497">
    <p class='ocr_par' dir='ltr' id='par_1_88' title="bbox 1908 4402 3491 4480">
     <span class='ocr_line' id='line_1_88' title="bbox 1908 4402 3491 4480; baseline -0.014 -4"><span class='ocrx_word' id='word_1_572' title='bbox 1908 4432 2121 4478; x_wconf 72' lang='lat' dir='ltr'><strong>natura:</strong></span> <span class='ocrx_word' id='word_1_573' title='bbox 2157 4428 2363 4472; x_wconf 75' lang='lat' dir='ltr'><strong>nostra:</strong></span> <span class='ocrx_word' id='word_1_574' title='bbox 2411 4413 2777 4477; x_wconf 78' lang='lat' dir='ltr'><strong>conveniunt,</strong></span> <span class='ocrx_word' id='word_1_575' title='bbox 2812 4427 2868 4465; x_wconf 90' lang='lat' dir='ltr'><strong>v.</strong></span> <span class='ocrx_word' id='word_1_576' title='bbox 2902 4425 2986 4480; x_wconf 91' lang='lat' dir='ltr'><strong>gr.</strong></span> <span class='ocrx_word' id='word_1_577' title='bbox 3030 4406 3267 4469; x_wconf 89' lang='lat' dir='ltr'><strong>esurire,</strong></span> <span class='ocrx_word' id='word_1_578' title='bbox 3315 4402 3491 4463; x_wconf 77' lang='lat' dir='ltr'><strong>sitire.</strong></span> 
     </span>
    </p>
   </div>
   <div class='ocr_carea' id='block_1_89' title="bbox 213 4509 1801 4585">
    <p class='ocr_par' dir='ltr' id='par_1_89' title="bbox 213 4509 1801 4585">
     <span class='ocr_line' id='line_1_89' title="bbox 213 4509 1801 4585; baseline -0.004 -12"><span class='ocrx_word' id='word_1_579' title='bbox 213 4518 528 4579; x_wconf 65' lang='grc' dir='ltr'>καθεύδειν,</span> <span class='ocrx_word' id='word_1_580' title='bbox 555 4518 615 4568; x_wconf 77' lang='grc' dir='ltr'><strong>ὲν</strong></span> <span class='ocrx_word' id='word_1_581' title='bbox 639 4510 720 4577; x_wconf 75' lang='grc' dir='ltr'>οἷς</span> <span class='ocrx_word' id='word_1_582' title='bbox 736 4509 805 4584; x_wconf 78' lang='grc' dir='ltr'>ἦν</span> <span class='ocrx_word' id='word_1_583' title='bbox 824 4513 893 4567; x_wconf 82' lang='grc' dir='ltr'><strong>τὰ</strong></span> <span class='ocrx_word' id='word_1_584' title='bbox 921 4512 1188 4585; x_wconf 76' lang='grc' dir='ltr'>ἡμέτερα.</span> <span class='ocrx_word' id='word_1_585' title='bbox 1219 4512 1523 4584; x_wconf 84' lang='grc' dir='ltr'>Ἀμαρτίαν</span> <span class='ocrx_word' id='word_1_586' title='bbox 1562 4513 1671 4584; x_wconf 83' lang='grc' dir='ltr'><strong>γὰρ</strong></span> <span class='ocrx_word' id='word_1_587' title='bbox 1699 4513 1801 4566; x_wconf 81' lang='grc' dir='ltr'><strong>οὐκ</strong></span> 
     </span>
    </p>
   </div>
   <div class='ocr_carea' id='block_1_90' title="bbox 215 4599 1803 4677">
    <p class='ocr_par' dir='ltr' id='par_1_90' title="bbox 215 4599 1803 4677">
     <span class='ocr_line' id='line_1_90' title="bbox 215 4599 1803 4677; baseline -0.009 -8"><span class='ocrx_word' id='word_1_588' title='bbox 215 4610 470 4676; x_wconf 77' lang='grc' dir='ltr'>ἰποίησε.</span> <span class='ocrx_word' id='word_1_589' title='bbox 501 4607 577 4661; x_wconf 81' lang='grc' dir='ltr'><strong>Τὸ</strong></span> <span class='ocrx_word' id='word_1_590' title='bbox 597 4607 656 4661; x_wconf 81' lang='grc' dir='ltr'>δὲ</span> <span class='ocrx_word' id='word_1_591' title='bbox 684 4605 759 4677; x_wconf 82' lang='grc' dir='ltr'>μὴ</span> <span class='ocrx_word' id='word_1_592' title='bbox 786 4603 931 4659; x_wconf 78' lang='grc' dir='ltr'>κατὰ</span> <span class='ocrx_word' id='word_1_593' title='bbox 952 4603 1135 4675; x_wconf 83' lang='grc' dir='ltr'>σάρκα</span> <span class='ocrx_word' id='word_1_594' title='bbox 1168 4604 1334 4658; x_wconf 81' lang='grc' dir='ltr'>αὐτὸν</span> <span class='ocrx_word' id='word_1_595' title='bbox 1354 4599 1517 4666; x_wconf 79' lang='grc' dir='ltr'>εἶναι,</span> <span class='ocrx_word' id='word_1_596' title='bbox 1550 4603 1609 4656; x_wconf 82' lang='grc' dir='ltr'><strong>οῦ</strong></span> <span class='ocrx_word' id='word_1_597' title='bbox 1640 4602 1803 4657; x_wconf 90' lang='grc' dir='ltr'>τοῦτο</span> 
     </span>
    </p>
   </div>
   <div class='ocr_carea' id='block_1_91' title="bbox 219 4690 1804 4777">
    <p class='ocr_par' dir='ltr' id='par_1_91' title="bbox 219 4690 1804 4777">
     <span class='ocr_line' id='line_1_91' title="bbox 219 4690 1804 4777; baseline -0.01 -14"><span class='ocrx_word' id='word_1_598' title='bbox 219 4709 392 4777; x_wconf 79' lang='grc' dir='ltr'>ιέγει,</span> <span class='ocrx_word' id='word_1_599' title='bbox 416 4702 483 4759; x_wconf 81' lang='grc' dir='ltr'><strong>τὸ</strong></span> <span class='ocrx_word' id='word_1_600' title='bbox 519 4699 680 4763; x_wconf 70' lang='grc' dir='ltr'>ἐκτὸς</span> <span class='ocrx_word' id='word_1_601' title='bbox 718 4697 926 4770; x_wconf 71' lang='grc' dir='ltr'>σαρκὸς</span> <span class='ocrx_word' id='word_1_602' title='bbox 972 4696 1137 4751; x_wconf 81' lang='grc' dir='ltr'>αὑτὸν</span> <span class='ocrx_word' id='word_1_603' title='bbox 1186 4690 1349 4751; x_wconf 77' lang='grc' dir='ltr'>εἶναι.</span> <span class='ocrx_word' id='word_1_604' title='bbox 1392 4695 1503 4749; x_wconf 74' lang='grc' dir='ltr'><strong>Καὶ</strong></span> <span class='ocrx_word' id='word_1_605' title='bbox 1534 4696 1644 4767; x_wconf 80' lang='grc' dir='ltr'>γὰρ</span> <span class='ocrx_word' id='word_1_606' title='bbox 1686 4693 1804 4767; x_wconf 86' lang='grc' dir='ltr'>μετ’</span> 
     </span>
    </p>
   </div>
   <div class='ocr_carea' id='block_1_92' title="bbox 218 4782 1808 4870">
    <p class='ocr_par' dir='ltr' id='par_1_92' title="bbox 218 4782 1808 4870">
     <span class='ocr_line' id='line_1_92' title="bbox 218 4782 1808 4870; baseline -0.01 -14"><span class='ocrx_word' id='word_1_607' title='bbox 218 4800 391 4870; x_wconf 70' lang='grc' dir='ltr'>αὐτῆς</span> <span class='ocrx_word' id='word_1_608' title='bbox 422 4794 619 4865; x_wconf 74' lang='grc' dir='ltr'>ἀνέϐη,</span> <span class='ocrx_word' id='word_1_609' title='bbox 644 4792 788 4847; x_wconf 88' lang='grc' dir='ltr'><strong>κατά</strong></span> <span class='ocrx_word' id='word_1_610' title='bbox 819 4791 882 4845; x_wconf 79' lang='grc' dir='ltr'><strong>τὸ</strong></span> <span class='ocrx_word' id='word_1_611' title='bbox 911 4789 1201 4862; x_wconf 71' lang='grc' dir='ltr'>εἰρημένον</span> <span class='ocrx_word' id='word_1_612' title='bbox 1228 4802 1242 4817; x_wconf 90' lang='grc'><strong>·</strong></span> <span class='ocrx_word' id='word_1_613' title='bbox 1284 4782 1476 4854; x_wconf 84' lang='grc' dir='ltr'>Οὗτος</span> <span class='ocrx_word' id='word_1_614' title='bbox 1498 4790 1532 4842; x_wconf 83' lang='grc' dir='ltr'><em>ό</em></span> <span class='ocrx_word' id='word_1_615' title='bbox 1574 4786 1808 4854; x_wconf 82' lang='grc' dir='ltr'>Ἰησοῦς</span> 
     </span>
    </p>
   </div>
   <div class='ocr_carea' id='block_1_93' title="bbox 212 4878 1808 4960">
    <p class='ocr_par' dir='ltr' id='par_1_93' title="bbox 212 4878 1808 4960">
     <span class='ocr_line' id='line_1_93' title="bbox 212 4878 1808 4960; baseline -0.011 -12"><span class='ocrx_word' id='word_1_616' title='bbox 212 4898 249 4948; x_wconf 80' lang='grc' dir='ltr'>ὁ</span> <span class='ocrx_word' id='word_1_617' title='bbox 283 4887 667 4960; x_wconf 71' lang='grc' dir='ltr'>ἀναληφθεὶς</span> <span class='ocrx_word' id='word_1_618' title='bbox 699 4884 803 4953; x_wconf 73' lang='grc' dir='ltr'><strong>ἀφ’</strong></span> <span class='ocrx_word' id='word_1_619' title='bbox 831 4882 1000 4953; x_wconf 81' lang='grc' dir='ltr'><strong>ὑμῶν</strong></span> <span class='ocrx_word' id='word_1_620' title='bbox 1027 4883 1114 4948; x_wconf 80' lang='grc' dir='ltr'>εὶς</span> <span class='ocrx_word' id='word_1_621' title='bbox 1142 4880 1251 4935; x_wconf 80' lang='grc' dir='ltr'><strong>τὸν</strong></span> <span class='ocrx_word' id='word_1_622' title='bbox 1279 4878 1572 4949; x_wconf 68' lang='grc' dir='ltr'>οὺρανὸνς,</span> <span class='ocrx_word' id='word_1_623' title='bbox 1620 4878 1808 4946; x_wconf 80' lang='grc' dir='ltr'>οὕτως</span> 
     </span>
    </p>
   </div>
   <div class='ocr_carea' id='block_1_94' title="bbox 1902 4494 3493 4584">
    <p class='ocr_par' dir='ltr' id='par_1_94' title="bbox 1902 4494 3493 4584">
     <span class='ocr_line' id='line_1_94' title="bbox 1902 4494 3493 4584; baseline -0.014 -14"><span class='ocrx_word' id='word_1_624' title='bbox 1902 4496 2150 4584; x_wconf 71' lang='lat' dir='ltr'><strong>fatigari,</strong></span> <span class='ocrx_word' id='word_1_625' title='bbox 2181 4508 2451 4571; x_wconf 84' lang='lat' dir='ltr'><strong>dormire,</strong></span> <span class='ocrx_word' id='word_1_626' title='bbox 2511 4519 2635 4575; x_wconf 86' lang='lat' dir='ltr'><strong>quae</strong></span> <span class='ocrx_word' id='word_1_627' title='bbox 2683 4502 2865 4558; x_wconf 86' lang='lat' dir='ltr'><strong>nostri</strong></span> <span class='ocrx_word' id='word_1_628' title='bbox 2916 4500 3133 4570; x_wconf 85' lang='lat' dir='ltr'><strong>generis</strong></span> <span class='ocrx_word' id='word_1_629' title='bbox 3182 4494 3493 4551; x_wconf 76' lang='lat' dir='ltr'><strong>affectiones</strong></span> 
     </span>
    </p>
   </div>
   <div class='ocr_carea' id='block_1_95' title="bbox 1904 4590 3493 4663">
    <p class='ocr_par' dir='ltr' id='par_1_95' title="bbox 1904 4590 3493 4663">
     <span class='ocr_line' id='line_1_95' title="bbox 1904 4590 3493 4663; baseline -0.015 -1"><span class='ocrx_word' id='word_1_630' title='bbox 1904 4612 2054 4663; x_wconf 90' lang='lat' dir='ltr'><strong>sunt.</strong></span> <span class='ocrx_word' id='word_1_631' title='bbox 2081 4604 2373 4658; x_wconf 87' lang='lat' dir='ltr'><strong>Peccatum</strong></span> <span class='ocrx_word' id='word_1_632' title='bbox 2403 4599 2549 4653; x_wconf 90' lang='lat' dir='ltr'><strong>enim</strong></span> <span class='ocrx_word' id='word_1_633' title='bbox 2580 4611 2689 4649; x_wconf 88' lang='lat' dir='ltr'><strong>non</strong></span> <span class='ocrx_word' id='word_1_634' title='bbox 2715 4593 2866 4649; x_wconf 79' lang='lat' dir='ltr'><strong>fecit.</strong></span> <span class='ocrx_word' id='word_1_635' title='bbox 2889 4593 3158 4647; x_wconf 66' lang='lat' dir='ltr'><strong>Caeterum</strong></span> <span class='ocrx_word' id='word_1_636' title='bbox 3181 4590 3357 4658; x_wconf 90' lang='lat' dir='ltr'><strong>ipsum</strong></span> <span class='ocrx_word' id='word_1_637' title='bbox 3381 4599 3493 4639; x_wconf 92' lang='lat' dir='ltr'><strong>non</strong></span> 
     </span>
    </p>
   </div>
   <div class='ocr_carea' id='block_1_96' title="bbox 1908 4679 3495 4757">
    <p class='ocr_par' dir='ltr' id='par_1_96' title="bbox 1908 4679 3495 4757">
     <span class='ocr_line' id='line_1_96' title="bbox 1908 4679 3495 4757; baseline -0.017 0"><span class='ocrx_word' id='word_1_638' title='bbox 1908 4715 2033 4757; x_wconf 82' lang='lat' dir='ltr'><strong>esse</strong></span> <span class='ocrx_word' id='word_1_639' title='bbox 2084 4694 2388 4754; x_wconf 87' lang='lat' dir='ltr'><strong>secundum</strong></span> <span class='ocrx_word' id='word_1_640' title='bbox 2422 4703 2675 4753; x_wconf 88' lang='lat' dir='ltr'><strong>carnem,</strong></span> <span class='ocrx_word' id='word_1_641' title='bbox 2724 4700 2835 4739; x_wconf 92' lang='lat' dir='ltr'><strong>non</strong></span> <span class='ocrx_word' id='word_1_642' title='bbox 2879 4682 3155 4753; x_wconf 83' lang='lat' dir='ltr'><strong>signiﬁcat</strong></span> <span class='ocrx_word' id='word_1_643' title='bbox 3183 4679 3368 4734; x_wconf 83' lang='lat' dir='ltr'><strong>carnis</strong></span> <span class='ocrx_word' id='word_1_644' title='bbox 3400 4692 3495 4732; x_wconf 74' lang='lat' dir='ltr'><strong>ex-</strong></span> 
     </span>
    </p>
   </div>
   <div class='ocr_carea' id='block_1_97' title="bbox 1910 4770 3492 4867">
    <p class='ocr_par' dir='ltr' id='par_1_97' title="bbox 1910 4770 3492 4867">
     <span class='ocr_line' id='line_1_97' title="bbox 1910 4770 3492 4867; baseline -0.018 -18"><span class='ocrx_word' id='word_1_645' title='bbox 1910 4803 2121 4867; x_wconf 85' lang='lat' dir='ltr'><strong>pertem</strong></span> <span class='ocrx_word' id='word_1_646' title='bbox 2168 4803 2315 4844; x_wconf 89' lang='lat' dir='ltr'><strong>esse.</strong></span> <span class='ocrx_word' id='word_1_647' title='bbox 2363 4785 2500 4840; x_wconf 92' lang='lat' dir='ltr'><strong>Cum</strong></span> <span class='ocrx_word' id='word_1_648' title='bbox 2539 4780 2629 4834; x_wconf 87' lang='lat' dir='ltr'><strong>illa</strong></span> <span class='ocrx_word' id='word_1_649' title='bbox 2666 4774 2942 4847; x_wconf 85' lang='lat' dir='ltr'><strong>siquidem</strong></span> <span class='ocrx_word' id='word_1_650' title='bbox 2991 4770 3260 4835; x_wconf 83' lang='lat' dir='ltr'><strong>ascendit,</strong></span> <span class='ocrx_word' id='word_1_651' title='bbox 3296 4784 3492 4824; x_wconf 82' lang='lat' dir='ltr'><strong>secun-</strong></span> 
     </span>
    </p>
   </div>
   <div class='ocr_carea' id='block_1_98' title="bbox 1913 4865 3496 4942">
    <p class='ocr_par' dir='ltr' id='par_1_98' title="bbox 1913 4865 3496 4942">
     <span class='ocr_line' id='line_1_98' title="bbox 1913 4865 3496 4942; baseline -0.021 0"><span class='ocrx_word' id='word_1_652' title='bbox 1913 4865 2046 4942; x_wconf 82' lang='lat' dir='ltr'><strong>dum</strong></span> <span class='ocrx_word' id='word_1_653' title='bbox 2088 4881 2221 4936; x_wconf 84' lang='lat' dir='ltr'><strong>illud</strong></span> <span class='ocrx_word' id='word_1_654' title='bbox 2256 4877 2475 4934; x_wconf 78' lang='lat' dir='ltr'><strong>ell‘atum</strong></span> <span class='ocrx_word' id='word_1_655' title='bbox 2507 4892 2519 4928; x_wconf 94' lang='lat'>:</span> <span class='ocrx_word' id='word_1_656' title='bbox 2557 4870 2661 4925; x_wconf 80' lang='lat' dir='ltr'><strong>Hic</strong></span> <span class='ocrx_word' id='word_1_657' title='bbox 2693 4868 2853 4925; x_wconf 74' lang='lat' dir='ltr'><strong>Iesus</strong></span> <span class='ocrx_word' id='word_1_658' title='bbox 2874 4865 2965 4937; x_wconf 81' lang='lat' dir='ltr'><strong>qui</strong></span> <span class='ocrx_word' id='word_1_659' title='bbox 2989 4870 3293 4930; x_wconf 75' lang='lat' dir='ltr'><strong>assumptus</strong></span> <span class='ocrx_word' id='word_1_660' title='bbox 3335 4866 3413 4912; x_wconf 76' lang='lat' dir='ltr'><strong>est</strong></span> <span class='ocrx_word' id='word_1_661' title='bbox 3462 4874 3496 4911; x_wconf 85' lang='grc' dir='ltr'><strong>α</strong></span> 
     </span>
    </p>
   </div>
   <div class='ocr_carea' id='block_1_99' title="bbox 215 4948 1798 5046">
    <p class='ocr_par' dir='ltr' id='par_1_99' title="bbox 215 4948 1798 5046">
     <span class='ocr_line' id='line_1_99' title="bbox 215 4948 1798 5046; baseline -0.007 -8"><span class='ocrx_word' id='word_1_662' title='bbox 215 4948 557 5038; x_wconf 56' lang='grc' dir='ltr'>ἐλεύσεται.</span> <span class='ocrx_word' id='word_1_663' title='bbox 585 4948 698 5036; x_wconf 53' lang='grc' dir='ltr'><strong>κει</strong></span> <span class='ocrx_word' id='word_1_664' title='bbox 725 4948 882 5033; x_wconf 28' lang='grc' dir='ltr'>οὕτω*</span> <span class='ocrx_word' id='word_1_665' title='bbox 905 4975 1054 5041; x_wconf 70' lang='grc' dir='ltr'>πῶςς</span> <span class='ocrx_word' id='word_1_666' title='bbox 1079 4976 1137 5028; x_wconf 80' lang='grc' dir='ltr'>ἐν</span> <span class='ocrx_word' id='word_1_667' title='bbox 1168 4974 1354 5046; x_wconf 78' lang='grc' dir='ltr'>σαρκὶ,</span> <span class='ocrx_word' id='word_1_668' title='bbox 1410 4975 1504 5028; x_wconf 72' lang='grc' dir='ltr'><strong>καὶ</strong></span> <span class='ocrx_word' id='word_1_669' title='bbox 1536 4973 1674 5043; x_wconf 87' lang='grc' dir='ltr'><strong>μετά</strong></span> <span class='ocrx_word' id='word_1_670' title='bbox 1715 4972 1798 5027; x_wconf 81' lang='grc' dir='ltr'>τοῐ</span> 
     </span>
    </p>
   </div>
   <div class='ocr_carea' id='block_1_100' title="bbox 1902 4948 3493 5046">
    <p class='ocr_par' dir='ltr' id='par_1_100' title="bbox 1913 4948 3493 5033">
     <span class='ocr_line' id='line_1_100' title="bbox 1913 4948 3493 5033; baseline -0.022 0"><span class='ocrx_word' id='word_1_671' title='bbox 1913 4975 2057 5033; x_wconf 79' lang='lat' dir='ltr'><strong>vobis</strong></span> <span class='ocrx_word' id='word_1_672' title='bbox 2108 4974 2163 5026; x_wconf 82' lang='lat' dir='ltr'><strong>in</strong></span> <span class='ocrx_word' id='word_1_673' title='bbox 2205 4969 2413 5031; x_wconf 66' lang='lat' dir='ltr'><strong>calum,</strong></span> <span class='ocrx_word' id='word_1_674' title='bbox 2448 4966 2525 5020; x_wconf 77' lang='lat' dir='ltr'><strong>sic</strong></span> <span class='ocrx_word' id='word_1_675' title='bbox 2555 4964 2719 5019; x_wconf 77' lang='lat' dir='ltr'><strong>veniet</strong></span> <span class='ocrx_word' id='word_1_676' title='bbox 2745 4964 2788 5015; x_wconf 85' lang='grc'>⁹.</span> <span class='ocrx_word' id='word_1_677' title='bbox 2818 4954 3107 5027; x_wconf 84' lang='lat' dir='ltr'><strong>Quomodo</strong></span> <span class='ocrx_word' id='word_1_678' title='bbox 3136 4967 3265 5009; x_wconf 90' lang='lat' dir='ltr'><strong>vcro</strong></span> <span class='ocrx_word' id='word_1_679' title='bbox 3298 4948 3447 5005; x_wconf 85' lang='lat' dir='ltr'><strong>istud</strong></span> <span class='ocrx_word' id='word_1_680' title='bbox 3476 4987 3493 5010; x_wconf 93' lang='lat'><strong>,</strong></span> 
     </span>
    </p>
   </div>
   <div class='ocr_carea' id='block_1_101' title="bbox 216 5066 1811 5147">
    <p class='ocr_par' dir='ltr' id='par_1_101' title="bbox 216 5066 1811 5147">
     <span class='ocr_line' id='line_1_101' title="bbox 216 5066 1811 5147; baseline -0.008 -16"><span class='ocrx_word' id='word_1_681' title='bbox 216 5076 501 5147; x_wconf 77' lang='grc' dir='ltr'>σώματος,</span> <span class='ocrx_word' id='word_1_682' title='bbox 527 5074 665 5130; x_wconf 85' lang='grc' dir='ltr'><strong>ἀλλά</strong></span> <span class='ocrx_word' id='word_1_683' title='bbox 690 5075 752 5130; x_wconf 84' lang='grc' dir='ltr'><strong>τὸ</strong></span> <span class='ocrx_word' id='word_1_684' title='bbox 784 5071 988 5147; x_wconf 77' lang='grc' dir='ltr'>μηκέτι</span> <span class='ocrx_word' id='word_1_685' title='bbox 1054 5066 1197 5125; x_wconf 84' lang='grc' dir='ltr'>εἶναι</span> <span class='ocrx_word' id='word_1_686' title='bbox 1244 5066 1408 5123; x_wconf 77' lang='grc' dir='ltr'>αὑτὸν</span> <span class='ocrx_word' id='word_1_687' title='bbox 1435 5066 1718 5137; x_wconf 77' lang='grc' dir='ltr'>παθητδν,;</span> <span class='ocrx_word' id='word_1_688' title='bbox 1736 5066 1811 5130; x_wconf 88' lang='grc' dir='ltr'>ὠς</span> 
     </span>
    </p>
   </div>
   <div class='ocr_carea' id='block_1_102' title="bbox 213 5170 1013 5247">
    <p class='ocr_par' dir='ltr' id='par_1_102' title="bbox 213 5170 1013 5247">
     <span class='ocr_line' id='line_1_102' title="bbox 213 5170 1013 5247; baseline -0.005 -23"><span class='ocrx_word' id='word_1_689' title='bbox 213 5170 552 5241; x_wconf 76' lang='grc' dir='ltr'>τῖρήκαμεν.</span> <span class='ocrx_word' id='word_1_690' title='bbox 1010 5240 1013 5247; x_wconf 20' lang='grc' dir='ltr'><strong>Υ</strong></span> 
     </span>
    </p>
   </div>
   <div class='ocr_carea' id='block_1_103' title="bbox 299 5252 1535 5331">
    <p class='ocr_par' dir='ltr' id='par_1_103' title="bbox 299 5252 1535 5331">
     <span class='ocr_line' id='line_1_103' title="bbox 299 5252 1535 5331; baseline -0.008 -17"><span class='ocrx_word' id='word_1_691' title='bbox 299 5281 319 5313; x_wconf 72' lang='grc' dir='ltr'><strong>ι</strong></span> <span class='ocrx_word' id='word_1_692' title='bbox 356 5262 525 5314; x_wconf 80' lang='grc' dir='ltr'>Ὥστε</span> <span class='ocrx_word' id='word_1_693' title='bbox 559 5260 614 5314; x_wconf 83' lang='grc' dir='ltr'>ετ</span> <span class='ocrx_word' id='word_1_694' title='bbox 640 5276 724 5324; x_wconf 87' lang='grc' dir='ltr'><strong>τις</strong></span> <span class='ocrx_word' id='word_1_695' title='bbox 753 5260 813 5313; x_wconf 78' lang='grc' dir='ltr'>ὲν</span> <span class='ocrx_word' id='word_1_696' title='bbox 842 5254 1072 5331; x_wconf 82' lang='grc' dir='ltr'>Χριστῷ</span> <span class='ocrx_word' id='word_1_697' title='bbox 1101 5254 1259 5327; x_wconf 79' lang='grc' dir='ltr'>κοινὴ</span> <span class='ocrx_word' id='word_1_698' title='bbox 1289 5252 1486 5317; x_wconf 86' lang='grc' dir='ltr'>κτίσις.</span> <span class='ocrx_word' id='word_1_699' title='bbox 1518 5270 1535 5304; x_wconf 74' lang='grc' dir='ltr'><strong>ι</strong></span> 
     </span>
    </p>
   </div>
   <div class='ocr_carea' id='block_1_104' title="bbox 295 5434 1815 5512">
    <p class='ocr_par' dir='ltr' id='par_1_104' title="bbox 295 5434 1815 5512">
     <span class='ocr_line' id='line_1_104' title="bbox 295 5434 1815 5512; baseline -0.006 -15"><span class='ocrx_word' id='word_1_700' title='bbox 295 5444 369 5500; x_wconf 75' lang='grc' dir='ltr'><strong>Εἴ</strong></span> <span class='ocrx_word' id='word_1_701' title='bbox 392 5460 478 5506; x_wconf 88' lang='grc' dir='ltr'><strong>τις</strong></span> <span class='ocrx_word' id='word_1_702' title='bbox 515 5441 841 5496; x_wconf 68' lang='grc' dir='ltr'>ἐπίστευσεν</span> <span class='ocrx_word' id='word_1_703' title='bbox 866 5438 1042 5512; x_wconf 75' lang='grc' dir='ltr'>αὐτῷ,</span> <span class='ocrx_word' id='word_1_704' title='bbox 1068 5436 1241 5510; x_wconf 77' lang='grc' dir='ltr'>φησὶν</span> <span class='ocrx_word' id='word_1_705' title='bbox 1263 5476 1278 5503; x_wconf 90' lang='grc'><strong>,</strong></span> <span class='ocrx_word' id='word_1_706' title='bbox 1307 5436 1387 5501; x_wconf 89' lang='grc' dir='ltr'><strong>είς</strong></span> <span class='ocrx_word' id='word_1_707' title='bbox 1422 5435 1618 5509; x_wconf 80' lang='grc' dir='ltr'>ἑτέραν</span> <span class='ocrx_word' id='word_1_708' title='bbox 1648 5434 1815 5506; x_wconf 76' lang='grc' dir='ltr'>ἀνῆλ-</span> 
     </span>
    </p>
   </div>
   <div class='ocr_carea' id='block_1_105' title="bbox 295 5555 691 5619">
    <p class='ocr_par' dir='ltr' id='par_1_105' title="bbox 295 5555 691 5619">
     <span class='ocr_line' id='line_1_105' title="bbox 295 5555 691 5619; baseline -0.008 -5"><span class='ocrx_word' id='word_1_709' title='bbox 295 5564 316 5597; x_wconf 83' lang='grc'><strong><em>⁸</em></strong></span> <span class='ocrx_word' id='word_1_710' title='bbox 360 5558 487 5613; x_wconf 85' lang='lat' dir='ltr'><strong>Act.</strong></span> <span class='ocrx_word' id='word_1_711' title='bbox 520 5573 561 5619; x_wconf 84' lang='grc' dir='ltr'><strong>ι,</strong></span> <span class='ocrx_word' id='word_1_712' title='bbox 601 5555 691 5611; x_wconf 80' lang='grc' dir='ltr'>Η.</span> 
     </span>
    </p>
   </div>
   <div class='ocr_carea' id='block_1_106' title="bbox 1916 5043 3499 5138">
    <p class='ocr_par' dir='ltr' id='par_1_106' title="bbox 1916 5043 3499 5138">
     <span class='ocr_line' id='line_1_106' title="bbox 1916 5043 3499 5138; baseline -0.021 -13"><span class='ocrx_word' id='word_1_713' title='bbox 1916 5070 2019 5125; x_wconf 85' lang='lat' dir='ltr'><strong>nisi</strong></span> <span class='ocrx_word' id='word_1_714' title='bbox 2046 5065 2177 5138; x_wconf 86' lang='lat' dir='ltr'><strong>quia</strong></span> <span class='ocrx_word' id='word_1_715' title='bbox 2216 5065 2267 5117; x_wconf 87' lang='lat' dir='ltr'><strong>in</strong></span> <span class='ocrx_word' id='word_1_716' title='bbox 2305 5075 2471 5116; x_wconf 85' lang='lat' dir='ltr'><strong>carne</strong></span> <span class='ocrx_word' id='word_1_717' title='bbox 2496 5073 2621 5113; x_wconf 89' lang='lat' dir='ltr'><strong>cum</strong></span> <span class='ocrx_word' id='word_1_718' title='bbox 2665 5056 2821 5127; x_wconf 74' lang='lat'><strong>137</strong></span> <span class='ocrx_word' id='word_1_719' title='bbox 2853 5048 3122 5122; x_wconf 85' lang='lat' dir='ltr'><strong>corpore?</strong></span> <span class='ocrx_word' id='word_1_720' title='bbox 3145 5043 3253 5100; x_wconf 87' lang='lat' dir='ltr'><strong>Sed</strong></span> <span class='ocrx_word' id='word_1_721' title='bbox 3299 5057 3407 5097; x_wconf 89' lang='lat' dir='ltr'><strong>non</strong></span> <span class='ocrx_word' id='word_1_722' title='bbox 3440 5048 3499 5094; x_wconf 94' lang='lat' dir='ltr'><strong>ut</strong></span> 
     </span>
    </p>
   </div>
   <div class='ocr_carea' id='block_1_107' title="bbox 1917 5138 3287 5221">
    <p class='ocr_par' dir='ltr' id='par_1_107' title="bbox 1917 5138 3287 5221">
     <span class='ocr_line' id='line_1_107' title="bbox 1917 5138 3287 5221; baseline -0.021 -6"><span class='ocrx_word' id='word_1_723' title='bbox 1917 5157 2227 5215; x_wconf 75' lang='lat' dir='ltr'><strong>tolerantiis</strong></span> <span class='ocrx_word' id='word_1_724' title='bbox 2252 5152 2489 5221; x_wconf 86' lang='lat' dir='ltr'><strong>amplius</strong></span> <span class='ocrx_word' id='word_1_725' title='bbox 2518 5149 2791 5204; x_wconf 79' lang='lat' dir='ltr'><strong>obnoxius</strong></span> <span class='ocrx_word' id='word_1_726' title='bbox 2817 5146 2909 5209; x_wconf 79' lang='lat' dir='ltr'><strong>sit,</strong></span> <span class='ocrx_word' id='word_1_727' title='bbox 2945 5150 3002 5197; x_wconf 91' lang='lat' dir='ltr'><strong>ut</strong></span> <span class='ocrx_word' id='word_1_728' title='bbox 3027 5138 3287 5194; x_wconf 77' lang='lat' dir='ltr'><strong>diximus.</strong></span> 
     </span>
    </p>
   </div>
   <div class='ocr_carea' id='block_1_108' title="bbox 1995 5227 3499 5310">
    <p class='ocr_par' dir='ltr' id='par_1_108' title="bbox 1995 5227 3499 5310">
     <span class='ocr_line' id='line_1_108' title="bbox 1995 5227 3499 5310; baseline -0.019 -6"><span class='ocrx_word' id='word_1_729' title='bbox 1995 5251 2158 5303; x_wconf 67' lang='lat' dir='ltr'><strong>Vens.</strong></span> <span class='ocrx_word' id='word_1_730' title='bbox 2218 5246 2307 5300; x_wconf 84' lang='lat' dir='ltr'><strong>l7.</strong></span> <span class='ocrx_word' id='word_1_731' title='bbox 2379 5262 2397 5295; x_wconf 89' lang='grc'><strong><em>‹</em></strong></span> <span class='ocrx_word' id='word_1_732' title='bbox 2465 5242 2523 5296; x_wconf 88' lang='lat' dir='ltr'><strong>Si</strong></span> <span class='ocrx_word' id='word_1_733' title='bbox 2574 5255 2695 5310; x_wconf 72' lang='lat' dir='ltr'><strong>qua:</strong></span> <span class='ocrx_word' id='word_1_734' title='bbox 2752 5250 2883 5305; x_wconf 80' lang='lat' dir='ltr'><strong>ergo</strong></span> <span class='ocrx_word' id='word_1_735' title='bbox 2952 5233 3006 5286; x_wconf 90' lang='lat' dir='ltr'><strong>in</strong></span> <span class='ocrx_word' id='word_1_736' title='bbox 3072 5227 3295 5283; x_wconf 85' lang='lat' dir='ltr'><strong>Christo</strong></span> <span class='ocrx_word' id='word_1_737' title='bbox 3358 5236 3499 5276; x_wconf 86' lang='lat' dir='ltr'><strong>nova</strong></span> 
     </span>
    </p>
   </div>
   <div class='ocr_carea' id='block_1_109' title="bbox 1985 5355 2255 5397">
    <p class='ocr_par' dir='ltr' id='par_1_109' title="bbox 1985 5355 2255 5397">
     <span class='ocr_line' id='line_1_109' title="bbox 1985 5355 2255 5397; baseline -0.033 0"><span class='ocrx_word' id='word_1_738' title='bbox 1985 5355 2194 5397; x_wconf 77' lang='lat' dir='ltr'><strong>calura.</strong></span> <span class='ocrx_word' id='word_1_739' title='bbox 2237 5357 2255 5389; x_wconf 69' lang='grc' dir='ltr'>δ</span> 
     </span>
    </p>
   </div>
   <div class='ocr_carea' id='block_1_110' title="bbox 1924 5360 3505 5502">
    <p class='ocr_par' dir='ltr' id='par_1_110' title="bbox 1924 5360 3505 5502">
     <span class='ocr_line' id='line_1_110' title="bbox 1924 5360 2255 5398; baseline -0.033 1"><span class='ocrx_word' id='word_1_740' title='bbox 1924 5360 2194 5398; x_wconf 78' lang='lat' dir='ltr'><strong>crcalura.</strong></span> <span class='ocrx_word' id='word_1_741' title='bbox 2237 5360 2255 5389; x_wconf 72' lang='grc' dir='ltr'><strong>ι</strong></span> 
     </span>
     <span class='ocr_line' id='line_1_111' title="bbox 1996 5405 3505 5502; baseline -0.021 -14"><span class='ocrx_word' id='word_1_742' title='bbox 1996 5433 2052 5488; x_wconf 89' lang='lat' dir='ltr'><strong>Si</strong></span> <span class='ocrx_word' id='word_1_743' title='bbox 2113 5430 2239 5502; x_wconf 83' lang='lat' dir='ltr'><strong>quis</strong></span> <span class='ocrx_word' id='word_1_744' title='bbox 2286 5426 2390 5496; x_wconf 90' lang='lat' dir='ltr'><strong>ipsi</strong></span> <span class='ocrx_word' id='word_1_745' title='bbox 2439 5424 2597 5497; x_wconf 82' lang='lat' dir='ltr'><strong>ﬁdem</strong></span> <span class='ocrx_word' id='word_1_746' title='bbox 2654 5417 2865 5481; x_wconf 80' lang='lat' dir='ltr'><strong>habuit,</strong></span> <span class='ocrx_word' id='word_1_747' title='bbox 2923 5408 3119 5482; x_wconf 87' lang='lat' dir='ltr'><strong>inquit,</strong></span> <span class='ocrx_word' id='word_1_748' title='bbox 3169 5408 3222 5463; x_wconf 92' lang='lat' dir='ltr'><strong>in</strong></span> <span class='ocrx_word' id='word_1_749' title='bbox 3268 5405 3505 5459; x_wconf 86' lang='lat' dir='ltr'><strong>alterum</strong></span> 
     </span>
    </p>
   </div>
   <div class='ocr_carea' id='block_1_111' title="bbox 1551 5627 2223 5692">
    <p class='ocr_par' dir='ltr' id='par_1_111' title="bbox 1551 5627 2223 5692">
     <span class='ocr_line' id='line_1_112' title="bbox 1551 5627 2223 5692; baseline -0.015 0"><span class='ocrx_word' id='word_1_750' title='bbox 1551 5633 1785 5692; x_wconf 65' lang='lat' dir='ltr'><strong>VARIE</strong></span> <span class='ocrx_word' id='word_1_751' title='bbox 1821 5627 2223 5690; x_wconf 83' lang='lat' dir='ltr'><strong>LECTIONES.</strong></span> 
     </span>
    </p>
   </div>
   <div class='ocr_carea' id='block_1_112' title="bbox 313 5700 3504 5810">
    <p class='ocr_par' dir='ltr' id='par_1_112' title="bbox 313 5700 3504 5810">
     <span class='ocr_line' id='line_1_113' title="bbox 313 5700 3504 5810; baseline -0.015 -15"><span class='ocrx_word' id='word_1_752' title='bbox 313 5751 328 5790; x_wconf 78' lang='grc' dir='ltr'><strong>ι</strong></span> <span class='ocrx_word' id='word_1_753' title='bbox 372 5740 565 5809; x_wconf 79' lang='grc' dir='ltr'>’Υμῶν</span> <span class='ocrx_word' id='word_1_754' title='bbox 594 5738 725 5810; x_wconf 81' lang='grc' dir='ltr'>γάρ.</span> <span class='ocrx_word' id='word_1_755' title='bbox 751 5731 1283 5810; x_wconf 64' lang='lat' dir='ltr'><strong>Interpretatioligee</strong></span> <span class='ocrx_word' id='word_1_756' title='bbox 1305 5747 1431 5810; x_wconf 67' lang='lat' dir='ltr'><strong>qua:</strong></span> <span class='ocrx_word' id='word_1_757' title='bbox 1460 5727 1844 5810; x_wconf 74' lang='lat' dir='ltr'><strong>Chrysostomi</strong></span> <span class='ocrx_word' id='word_1_758' title='bbox 1872 5728 2223 5810; x_wconf 46' lang='lat' dir='ltr'><strong>.cst&#39;accepta</strong></span> <span class='ocrx_word' id='word_1_759' title='bbox 2256 5720 2402 5790; x_wconf 86' lang='lat' dir='ltr'><strong>apud</strong></span> <span class='ocrx_word' id='word_1_760' title='bbox 2423 5714 2818 5775; x_wconf 73' lang='lat' dir='ltr'><strong>(Ecumcnium</strong></span> <span class='ocrx_word' id='word_1_761' title='bbox 2855 5704 3178 5776; x_wconf 38' lang='lat' dir='ltr'><strong>relerturlLa</strong></span> <span class='ocrx_word' id='word_1_762' title='bbox 3214 5700 3504 5757; x_wconf 84' lang='lat' dir='ltr'><strong>Clemente</strong></span> 
     </span>
    </p>
   </div>
   <div class='ocr_carea' id='block_1_113' title="bbox 219 5787 2396 5883">
    <p class='ocr_par' dir='ltr' id='par_1_113' title="bbox 219 5787 2396 5883">
     <span class='ocr_line' id='line_1_114' title="bbox 219 5787 2396 5883; baseline -0.012 -12"><span class='ocrx_word' id='word_1_763' title='bbox 219 5787 325 5872; x_wconf 70' lang='lat' dir='ltr'><strong>lib.</strong></span> <span class='ocrx_word' id='word_1_764' title='bbox 354 5787 430 5880; x_wconf 58' lang='lat' dir='ltr'><strong>Iv,</strong></span> <span class='ocrx_word' id='word_1_765' title='bbox 445 5787 1124 5883; x_wconf 63' lang='grc' dir='ltr'>δῦτος</span> <span class='ocrx_word' id='word_1_766' title='bbox 1151 5804 1179 5857; x_wconf 82' lang='grc' dir='ltr'><strong>δ</strong></span> <span class='ocrx_word' id='word_1_767' title='bbox 1204 5787 1440 5874; x_wconf 70' lang='grc' dir='ltr'>Κλήμης</span> <span class='ocrx_word' id='word_1_768' title='bbox 1469 5803 1526 5855; x_wconf 73' lang='grc' dir='ltr'>ὲν</span> <span class='ocrx_word' id='word_1_769' title='bbox 1557 5787 1803 5869; x_wconf 81' lang='grc' dir='ltr'>τέτάρτῳ</span> <span class='ocrx_word' id='word_1_770' title='bbox 1834 5795 1937 5851; x_wconf 85' lang='grc' dir='ltr'>τῶν</span> <span class='ocrx_word' id='word_1_771' title='bbox 1975 5787 2396 5847; x_wconf 51' lang='lat' dir='ltr'><strong>mmmam</strong></span> 
     </span>
    </p>
   </div>
  </div>
