3910 6404
540 358 646 422 735

1682 353 1745 412 5.
1786 350 2107 411 JOANNIS
2144 349 2570 413 DAMASCENI
3669 352 3761 412 735

538 463 742 536 opilleii
791 476 966 533 genus
1005 460 1327 516 concessit:
1381 474 1618 529 superne
1672 459 1947 529 siquidem
2013 473 2111 529 per

2250 485 2307 519 εν
2360 469 2762 544 δημιουργίαν·
2820 472 2913 522 καὶ
2964 468 3071 537 γὰρ
3124 465 3333 522 ἀνωθεν
3383 462 3641 531 ἐγεννήθη
3685 461 3761 513 δικ

543 554 809 625 Spiritum
845 550 1060 621 genitus
1105 562 1208 605 est.
1233 548 1615 617 ,Qnamohrem
1658 549 1823 603 etiam
1857 548 1935 603 ait
1968 566 1981 599 :
2010 548 2114 600 De-

542 646 736 700 bemus
777 647 826 698 ei
874 644 1057 697 vivere
1081 680 1103 705 ,ν
1127 656 1240 696 non
1275 643 1449 696 solum
1482 642 1609 710 quia
1643 655 1741 711 pro
1775 640 1933 694 nobis
1966 655 2113 691 mur-

2218 568 2552 636 Ιῐνεῦματος,
2606 562 2745 617 ὥστε
2791 561 2885 613 καὶ
2931 558 3016 611 διά
3049 556 3225 621 τοῦτο,
3273 555 3462 626 φησὶν,
3498 551 3763 621 ὀφείλομεν

2217 659 2365 729 αῦτῷ
2408 660 2525 728 ζῇν,
2551 658 2647 726 οὐχ
2692 655 2773 708 ὅτι
2800 652 3072 706 ἀπέθανεν
3102 648 3248 719 ὑπὲρ
3274 644 3434 717 ήμῶν
3460 643 3634 714 μόνον,
3667 642 3764 693 οὐδ’

545 746 651 791 tem
698 734 977 804 oppetiit,
1030 749 1139 789 non
1198 733 1362 788 modo
1428 734 1554 803 quia
1621 733 1790 787 nostri
1842 731 2116 802 primitias

2245 769 2295 804 τι
2339 751 2636 817 ἀνέστησεν
2682 743 2839 815 ἡμῶν
2878 745 2979 812 τὴν
3017 739 3275 810 ἀπαρχὴν
3313 736 3474 807 μόνον
3499 746 3515 761 ⁸
3549 731 3655 785 ἀλλ’
3693 731 3767 782 ὅτι

543 828 825 890 excitavit,
883 825 977 880 sed
1011 825 1142 895 quia
1172 826 1227 880 in
1256 826 1419 880 aliam
1452 839 1669 895 quoque
1712 823 1880 877 vitam
1930 831 2113 875 trans-

543 931 764 972 ινιιιιιιδ.

620 1024 639 1057 ι
693 1005 890 1061 Vetera
957 1007 1313 1060 transierunt.
1367 1002 1509 1057 Ecce
1556 1001 1699 1057 facta
1753 1007 1883 1056 sunt
1927 998 2115 1052 omnia

543 1111 706 1153 nova.
748 1118 767 1149 ι

616 1191 722 1241 Aut
754 1190 817 1242 de
847 1188 1087 1257 peccatis
1116 1186 1381 1255 loquitur,
1420 1193 1512 1237 aut
1551 1186 1615 1236 de
1644 1180 1890 1238 Judaicis
1920 1178 2117 1234 ritibus

545 1279 839 1334 universis.
868 1281 981 1333 lmo
1008 1289 1066 1335 et
1092 1280 1206 1332 haec
1243 1285 1300 1332 et
1332 1277 1426 1330 illa
1454 1277 1653 1330 innuit.

617 1367 781 1425 Vens.
809 1370 898 1424 l8.
932 1388 951 1422 ‹
990 1367 1184 1425 Omnia
1215 1375 1398 1421 autem
1429 1382 1491 1420 ex
1526 1365 1658 1417 Deo.
1701 1382 1719 1416 ι

613 1458 747 1514 Nam
787 1469 842 1514 et
867 1460 1098 1527 ipsamet
1120 1456 1451 1512 condonatin
1473 1463 1842 1524 peccatorum,
1884 1450 2113 1505 libertas

544 1564 779 1621 quoque,
810 1560 865 1603 et
900 1551 1216 1619 incorrupta
1246 1546 1512 1602 claritudo
1544 1560 1637 1615 per
1670 1560 1796 1599 eum
1829 1542 1989 1597 nobis
2012 1540 2113 1595 do-

544 1649 669 1701 nata
704 1651 847 1695 sunt.

620 1751 639 1784 ι
680 1731 781 1798 Qui
840 1748 941 1787 nos
988 1729 1364 1786 reconciliavit
1411 1729 1514 1783 sibi
1561 1742 1657 1798 per
1699 1725 2001 1786 Christum,
2059 1729 2115 1775 et

2215 841 2311 895 καὶ
2337 843 2415 903 είς
2440 838 2604 908 ἀλλην
2630 835 2869 907 ἤλθομεν
2893 833 3060 904 ζωήν.

2293 1036 2310 1068 t
2344 1015 2429 1069 Τά
2479 1014 2681 1084 ἀρχαῖα
2739 1009 3037 1080 παρῆλθεν.
3109 1006 3243 1059 ’ἰδοῦ
3280 1004 3475 1070 γέγονε
3516 996 3669 1050 καινά
3714 997 3771 1047 τὰ

2217 1109 2418 1164 πάντα.
2459 1125 2477 1157 ι

2290 1197 2359 1246 Ἢ
2381 1194 2447 1245 τὰ
2476 1189 2847 1262 ἁμαρτήματά
2892 1203 3075 1254 φησιν,
3113 1185 3145 1253 ἢ
3184 1185 3248 1234 τὶ(
3289 1179 3563 1234 Ἰουδαῑκά
3592 1177 3775 1235 πάντα,

2219 1284 2418 1355 μᾶλλον
2446 1284 2501 1335 δὲ
2537 1283 2635 1335 καὶ
2663 1280 2837 1334 ταῦτα
2869 1280 3093 1331 κάκεῖνα
3119 1274 3289 1342 λέγει.

2292 1390 2312 1423 r
2346 1370 2428 1422 Τά
2450 1370 2505 1422 δὲ
2546 1371 2724 1424 πάντα
2752 1372 2815 1421 ἐκ
2843 1365 2935 1419 τοῦ
2965 1364 3122 1416 θεοῦ.
3172 1381 3190 1413 ι

2286 1463 2398 1516 Καὶ
2425 1461 2535 1531 γὰρ
2560 1460 2698 1530 αὕτη
2731 1461 2763 1528 ἡ
2790 1458 2982 1525 ἄφεσις
3020 1456 3129 1507 τῶν
3157 1454 3602 1524 ἁμαρτημάτων,
3633 1448 3721 1501 καὶ
3751 1450 3778 1513 ἠ

2216 1554 2495 1623 ἐλευθερία
2521 1593 2536 1617 ,
2568 1552 2661 1605 καῖ⁴
2707 1553 2738 1622 ὴ
2772 1548 2898 1613 δόξα
2937 1549 2970 1618 ἡ
3013 1546 3316 1617 ἄφθαρτος,
3358 1543 3431 1597 δι’
3461 1540 3628 1596 αὑτοῦ
3662 1542 3780 1610 ἡμῖν

2215 1644 2531 1714 δεδώρηται.

2293 1754 2311 1787 ι
2344 1734 2449 1787 Τοῦ
2476 1730 2908 1795 καταλὶλάξαντος
2932 1728 3080 1796 ἡμᾶς
3114 1722 3292 1794 ἑαυτῷ
3326 1722 3421 1776 διὰ
3461 1718 3640 1791 Ἰησοῦ
3661 1719 3781 1785 Χριο

546 1821 697 1875 dedit
728 1821 884 1876 nobis
915 1820 1230 1891 mysterium
1260 1816 1745 1874 reconciliationis.
1778 1813 1969 1886 [γκιιε.
2002 1810 2115 1884 ι9.]

2243 1825 2367 1889 ῖτοῦ,
2392 1825 2486 1877 καί⁵
2508 1823 2689 1885 δόντος
2711 1822 2841 1891 ἡμῖν
2863 1819 2962 1887 τὴν
2986 1815 3261 1870 διακονίαν
3290 1813 3392 1881 τῆς
3423 1808 3779 1876 καταλλαγῆς.

547 1911 817 1976 Quoniam
843 1910 1064 1981 quidem
1111 1910 1251 1964 Deus
1280 1918 1398 1965 erat
1443 1909 1495 1962 in
1542 1907 1764 1962 Christo
1796 1945 1812 1970 ,
1851 1904 2114 1958 mundum

2243 1920 2293 1982 in;
2323 1918 2405 1970 ὅτι
2425 1914 2558 1978 Θεὸς
2590 1909 2658 1982 ἧν
2690 1914 2747 1964 ὲν
2775 1908 2998 1979 Χριστῷ
3026 1907 3232 1976 κόσμον
3253 1902 3651 1957 καταλλάσσων
3670 1900 3782 1951 ἑαν-

547 2001 908 2055 reconeilians
937 2000 1064 2065 sibi,
1098 2015 1210 2054 non
1242 2009 1501 2069 reputans
1533 1999 1641 2053 illis
1663 1998 1869 2052 delicta
1895 2010 2117 2059 eorum,

545 2100 601 2145 et
629 2105 833 2160 ponens
856 2092 915 2159 in
949 2091 1105 2145 nobis
1136 2091 1362 2146 verbum
1390 2089 1880 2145 reconciliationis.
1917 2105 1938 2138 ι

615 2184 752 2239 Nam
801 2186 1252 2241 reconciliatione
1297 2184 1480 2239 omnia
1517 2182 1677 2238 nobis
1713 2183 1851 2236 bona
1898 2179 2121 2234 allluxe-

547 2286 695 2331 runt.
732 2273 1125 2330 Reconciliatio
1172 2282 1354 2329 autem
1405 2274 1645 2328 amicitia
1696 2280 1799 2328 est.
1835 2270 1940 2337 Qui
1987 2285 2120 2338 ergo

546 2382 647 2422 nos
669 2367 876 2422 amicos
906 2365 1054 2431 fecit,
1098 2366 1145 2423 is
1167 2366 1292 2423 aliis
1324 2382 1424 2422 nos
1465 2365 1625 2421 bonis
1655 2364 1924 2433 implevit.
1948 2361 2116 2429 Atqui

548 2460 636 2515 hic
673 2459 836 2515 etiam
866 2462 1105 2514 ostendit
1133 2460 1453 2530 dignitatem
1495 2458 1895 2528 apostolorum,
1936 2472 2121 2526 quan-

546 2560 659 2605 tum
695 2550 828 2605 item
872 2550 1147 2620 negotium
1190 2552 1271 2607 eis
1300 2551 1665 2609 commissum
1712 2549 1807 2615 sit,
1849 2557 1906 2604 et
1951 2561 2119 2617 quam

544 2640 747 2697 eximia
775 2642 996 2698 dilectio
1028 2641 1122 2697 Dei
1155 2642 1344 2699 fuerit.

623 2732 786 2791 Vsus.
808 2733 900 2788 20.
931 2752 949 2786 ι
979 2733 1084 2790 Pro
1104 2734 1324 2790 Christo
1347 2749 1479 2805 ergo
1507 2735 1780 2805 legatione
1812 2731 2121 2802 fungimur,

549 2831 804 2892 tanquam
844 2826 953 2880 Deo
983 2826 1311 2882 exhortante
1340 2842 1436 2896 per
1469 2842 1594 2882 nos.
1619 2825 1986 2882 Obsecremus
2019 2835 2121 2891 pro

546 2915 787 2971 Christo.
832 2934 849 2966 ι

619 3003 779 3061 Pater
805 3005 1001 3060 Filium
1044 3007 1215 3072 misit,
1251 3006 1444 3075 inquit,
1483 3018 1543 3060 ut
1587 3005 1849 3062 suaderet
1890 3011 1945 3058 et
1980 3002 2120 3072 lega-

2218 2009 2315 2079 τῷ,
2352 2006 2427 2079 μὴ
2455 2004 2801 2074 λογιζόμενος
2826 2003 3010 2061 αὐτοῖς
3042 1998 3112 2052 τὰ
3140 1994 3575 2066 παραπτώματα
3598 1990 3782 2052 αὐτῶν,

2220 2102 2317 2157 καὶ
2347 2100 2576 2170 θέμενος
2602 2100 2660 2151 ὲν
2697 2098 2830 2167 ἡμῖν
2851 2095 2942 2148 τὸν
2971 2093 3131 2161 λόγον
3167 2092 3266 2161 τῆς
3294 2085 3671 2154 καταλλαγῆς.
3702 2103 3719 2133 ι

2302 2190 2437 2245 ’Δπὸ
2470 2191 2577 2260 γὰρ
2608 2188 2709 2257 τῆς
2742 2184 3087 2253 καταλλαγῆς
3116 2182 3296 2236 πάντα
3333 2180 3469 2249 ὑμῖν
3504 2174 3706 2247 ὑπῆρξε
3728 2173 3785 2225 τὰ

2221 2283 2436 2353 ἀγαθά·
2467 2278 2783 2348 καταλλαγὴ
2814 2276 2870 2330 δέ
2905 2278 3052 2328 ἐστιν
3099 2275 3133 2343 ἠ
3165 2272 3341 2341 φιλία.
3367 2267 3586 2323 οὐκοῦν
3616 2266 3785 2336 ιρίλους

2221 2376 2371 2446 ἡμᾶς
2396 2373 2628 2443 ποιήσας
2656 2369 2837 2433 αὐτὸς,
2866 2366 2961 2420 καὶ
2986 2364 3097 2419 τῶν
3123 2363 3300 2418 ἀλλων
3340 2360 3646 2429 ἐνέπλησεν
3668 2359 3786 2424 ἀγα-

2222 2468 2353 2523 θῶν.
2399 2468 2681 2519 Δείκνυται
2714 2462 2771 2515 δὲ
2822 2461 2915 2514 καὶ
2951 2459 3013 2512 τὸ
3058 2457 3167 2511 τῶν
3205 2453 3530 2510 ἀποστόλων
3562 2450 3785 2516 ἀξίωμα.

2222 2559 2408 2630 ἡλίκον
2433 2558 2668 2628 πρᾶγμα
2699 2550 3143 2622 ὲγχειρίσθησαν,
3185 2546 3405 2617 καὶτῆς
3436 2544 3663 2614 ἀγάπης
3706 2538 3786 2593 τοῦ

2222 2650 2358 2705 Θεοῦ
2391 2652 2426 2720 ὴ
2458 2646 2752 2719 ὑπερὸολή.

2299 2763 2320 2795 ι
2361 2741 2532 2811 ’Υπὲρ
2580 2736 2818 2808 Χριστοῦ
2858 2731 2951 2790 οῦν
2984 2730 3383 2804 πρεσϐεύομεν,
3414 2728 3494 2791 ὡς
3541 2725 3637 2779 τοῦ
3668 2722 3788 2778 Θεοῦ

2223 2832 2667 2907 παρακαλοῦντος
2699 2829 2766 2882 δι’
2797 2826 2957 2898 ἡμῶν
2978 2841 2993 2856 ·
3025 2822 3259 2894 δεόμεθα
3295 2820 3439 2892 ὑπὲρ
3473 2814 3733 2889 Χριστοῦ.
3768 2833 3784 2865 ι

2298 3011 2583 3083 Ἔπεμψεν
2612 3009 2703 3062 τὸν
2726 3008 2877 3071 Υίὸν,
2912 3006 3099 3077 φησὶν,
3122 3004 3150 3055 ὁ
3175 3000 3367 3071 Πατὴρ
3420 2995 3792 3069 παρακαλέσαι

550 3098 703 3151 tione
751 3112 850 3166 pro
912 3112 972 3151 se
1022 3094 1347 3166 iungeretur
1393 3099 1536 3166 apud
1588 3097 1874 3151 hominum
1922 3108 2116 3165 genus.

2243 3106 2322 3160 ιαὶ
2360 3100 2800 3174 πρεσϐεύσασθαι
2852 3097 2989 3168 πρὸς
3015 3096 3113 3165 τὴν
3141 3093 3252 3145 τῶν
3300 3090 3619 3161 ἀνθρώπων
3647 3086 3793 3154 φύσιν

551 3185 690 3251 Quia
742 3188 908 3255 igitur
955 3196 1084 3255 post
1136 3187 1471 3241 occisionem
1517 3188 1608 3242 ille
1641 3187 1818 3252 abiit,
1863 3202 1963 3240 nos
1996 3198 2123 3238 vero

553 3275 877 3344 legationem
919 3277 1296 3347 suscepimus.
1336 3277 1485 3332 illius
1534 3278 1653 3331 vice
1702 3285 1757 3331 et
1811 3291 1908 3344 pro
1961 3273 2122 3330 Patre

553 3380 654 3421 vos
702 3366 1073 3420 exhortamur.
1138 3364 1317 3421 Tanto
1378 3377 1559 3420 autem
1631 3376 1887 3422 naturam
1944 3364 2124 3420 homi-

554 3469 688 3508 num
736 3453 943 3509 honore
1007 3454 1179 3518 auxit,
1224 3463 1283 3508 ut
1324 3453 1522 3509 Filium
1595 3455 1912 3519 tradiderit,
1961 3454 2127 3523 idque

555 3560 678 3599 cum
712 3555 1008 3613 praenosset
1049 3544 1439 3601 immolandum
1472 3565 1487 3601 :
1540 3546 1769 3615 insuper
1815 3560 1917 3600 nos
1952 3545 2121 3600 vestri

552 3650 721 3692 causa
786 3638 992 3692 creavit
1048 3640 1351 3706 apostolos.
1427 3639 1793 3704 Quamobrem
1877 3636 2125 3705 apprime

552 3732 717 3785 etiam
751 3740 896 3786 recte
922 3731 1137 3786 dicebat
1169 3748 1184 3782 :
1219 3729 1414 3785 Omnia
1443 3740 1655 3801 propter
1679 3746 1788 3783 vos.
1818 3728 2124 3798 Quod’ergo

555 3822 654 3888 ait,
685 3819 794 3875 Pro
823 3821 1036 3876 Christo
1085 3822 1347 3894 legatione
1396 3822 1668 3891 fungimur
1690 3862 1705 3886 ,
1741 3820 1880 3877 idem
1925 3828 2028 3883 est,
2060 3833 2125 3871 ac

552 3914 777 3968 Christo
823 3914 1191 3969 successimus
1223 3923 1282 3970 ut
1315 3931 1545 3970 munera
1585 3913 1761 3986 ipsius
1796 3926 2125 3983 exsequere-

554 4020 698 4060 tnnr.
726 4000 882 4072 Quod
928 4004 975 4060 si
1025 4006 1078 4060 id
1118 4007 1214 4060 tibi
1249 4022 1508 4077 magnum
1537 4006 1775 4071 videtur,
1808 4005 1914 4059 hoc
1957 4006 2123 4059 etiam

553 4096 706 4161 audi,
745 4096 891 4166 quod
921 4096 1037 4150 vice
1061 4095 1241 4151 Patris
1270 4096 1405 4150 illud
1438 4104 1721 4165 praestant.
1754 4095 1966 4150 Idcirco
1997 4099 2125 4148 sub-

550 4186 768 4255 jnnvit,
832 4194 1083 4254 tanquam
1152 4183 1262 4238 Deo
1313 4184 1625 4237 exhortante
1691 4198 1785 4251 per
1838 4199 1954 4237 nos.
2006 4180 2122 4236 Non

554 4276 734 4331 solum
785 4276 930 4329 enim
975 4289 1073 4346 per
1127 4273 1325 4328 Filium
1376 4276 1699 4329 adhortatus
1753 4282 1879 4340 est,
1932 4288 2123 4327 verum

552 4370 718 4421 etiam
769 4382 865 4437 per
909 4381 1035 4431 nos,
1086 4367 1177 4437 qui
1239 4364 1363 4420 Filii
1418 4366 1539 4436 ejus
1594 4380 1733 4437 opus
1786 4366 2123 4433 excepimus.

2231 3198 2372 3268 ὑπὲρ
2406 3192 2589 3249 αὐτοῦ.
2656 3191 2808 3244 Ἐπεὶ
2855 3184 2946 3242 οὖν
3006 3185 3233 3255 σφαγεὶς
3281 3186 3495 3245 ἐκεῖνος
3541 3178 3795 3268 ἀπῆλθεν,

2229 3290 2389 3360 ἡμεῖς
2411 3287 2467 3339 δὲ
2497 3281 2798 3352 ἐδεξάμεθα
2845 3279 2942 3350 τὴν
2980 3276 3301 3347 πρεσόείαν,
3355 3275 3455 3327 καὶ
3490 3272 3613 3325 ἀντ’
3647 3267 3795 3324 αὑτοῦ

2230 3377 2325 3431 καὶ
2356 3376 2495 3446 ὑπὲρ
2529 3373 2622 3426 τοῦ
2650 3369 2862 3440 Πατρδς
2902 3364 3336 3437 παρακαλοῦμεν
3370 3365 3543 3434 ὑμᾶς.
3574 3360 3797 3416 Τοσοῦτο

2230 3470 2457 3539 τιμᾶται
2489 3466 2551 3520 τὸ
2595 3464 2701 3518 τῶν
2746 3460 3049 3532 ἀνθρώπων
3076 3460 3253 3528 γένος⁹
3305 3459 3390 3511 ὅτι
3428 3456 3531 3510 καὶ
3560 3456 3657 3509 τὸν
3685 3452 3797 3506 Υῑδν

2230 3562 2492 3627 meum,
2516 3560 2609 3615 καὶ
2638 3556 2831 3621 ταῦτα,
2861 3554 3018 3616 εἰδὼς
3047 3554 3129 3606 ὅτι
3161 3552 3535 3621 σφαγήσεται,
3568 3550 3668 3603 καὶ
3683 3548 3801 3601 ἀπο-

2233 3652 2449 3713 στόλους
2472 3650 2617 3721 ἡμᾶς
2644 3649 2711 3702 δι’
2744 3648 2886 3718 ὑμᾶς
2913 3644 3234 3714 πεποίηκεν.
3269 3642 3436 3694 Ὥστε
3463 3640 3698 3701 εἰκότως
3718 3638 3802 3692 καὶ

2230 3743 2405 3811 ἔλεγε,
2443 3740 2646 3795 Πάντα
2689 3738 2763 3791 δι’
2800 3736 2978 3806 ὑμᾶς.
3023 3735 3096 3787 Τὸ
3147 3730 3272 3796 οὖν,
3319 3731 3506 3800 ’Υπὲρ
3554 3728 3800 3801 Χριστοῦ

2231 3832 2656 3904 πρεσϐεύομεν,
2689 3828 2991 3890 τουτέστιν,
3042 3827 3164 3880 ἀντὶ
3210 3825 3307 3879 τοῦ
3347 3822 3597 3895 Χριστοῦ
3656 3821 3801 3892 ἡμεῖς

2230 3923 2582 3995 διεδεξάμεθα
2612 3921 2682 3975 τὰ
2714 3920 2948 3974 ἐκείνου.
2978 3919 3039 3971 El
3062 3918 3121 3971 δὲ
3157 3916 3303 3988 μέγα
3334 3933 3419 3969 σοι
3445 3914 3619 3969 τοῦτο
3646 3913 3801 3973 δοκεῖ,

2230 4018 2395 4074 ἄκουε
2424 4016 2519 4071 καὶ
2550 4016 2632 4069 ὅτι
2670 4012 2792 4067 ἀντὶ
2834 4011 2929 4067 τοῦ
2963 4010 3177 4082 Πατρὺς
3209 4009 3369 4064 τοῦτο
3396 4007 3675 4063 ποιοῦσιν.
3716 4007 3801 4059 Διά

2231 4110 2343 4180 γὰρ
2382 4109 2539 4161 τοῦτο
2584 4105 2678 4161 καὶ
2733 4105 3014 4175 ἐπήγαγεν
3038 4144 3053 4169 ,
3093 4102 3175 4168 ὡς
3218 4101 3327 4156 τοῦ
3361 4100 3515 4156 Θεοῦ
3543 4114 3802 4169 παρακα-

2230 4197 2488 4262 λοῦντος
2504 4195 2578 4250 δι’
2612 4193 2803 4263 ἡμῶν.
2835 4193 2911 4246 Οὐ
2934 4193 3042 4265 γὰρ
3065 4191 3155 4245 διὰ
3182 4191 3278 4245 τοῦ
3305 4190 3441 4244 Υίοῦ
3474 4190 3650 4244 αὐτοῦ
3681 4206 3801 4259 παρ-

2231 4287 2454 4343 εκάλεσε
2478 4288 2656 4358 μόνον,
2693 4285 2828 4339 ἀλλά
2854 4285 2947 4338 καὶ
2965 4285 3031 4336 δι’
3059 4283 3218 4354 ἡμῶν
3246 4284 3357 4335 τῶν
3399 4282 3497 4336 τοῦ
3556 4283 3691 4336 Υίοῦ
3719 4281 3801 4334 αὖ·

2231 4380 2325 4435 τοῦ
2346 4379 2758 4449 ἀναδεξαμένων
2782 4379 2963 4449 ἔργον.
2990 4376 3176 4431 Ταῦτα
3210 4376 3266 4428 δὲ
3287 4374 3489 4442 λέγων.
3512 4375 3622 4445 τὴν
3648 4376 3801 4442 dat-£9.

555 4460 763 4525 Quibus
830 4458 1011 4527 verbis
1075 4458 1437 4515 humanitatis
1508 4458 1603 4514 Dei
1670 4456 2119 4528 exsuperantiam

2243 4472 2393 4543 Ξολὴν
2423 4471 2792 4526 ἐπιδείκνυται
2817 4471 2917 4540 τῆς
2940 4468 3353 4541 φιλανθρωπίας
3383 4466 3482 4521 τοῦ
3517 4465 3686 4521 Θεοῦ.

553 4550 915 4605 demonstrat.

627 4658 646 4692 ι
686 4639 1139 4695 Reconciliamini
1165 4639 1295 4695 Deo.
1329 4657 1348 4691 ι

621 4728 739 4784 Νοιι
794 4729 952 4791 dixit,
1001 4730 1167 4785 Deum
1208 4731 1364 4786 vobis
1410 4732 1783 4788 reconciliate.
1819 4732 1936 4788 Non
1974 4734 2120 4787 enim

555 4819 647 4875 ille
668 4828 752 4873 est
777 4819 869 4889 qui
901 4819 1216 4875 inimicitias
1249 4820 1405 4889 gerit,
1443 4820 1539 4876 sed
1573 4838 1688 4877 vos.

624 4909 787 4967 Vens.
822 4910 911 4965 22.
944 4910 1078 4965 Eum
1112 4914 1259 4966 enim
1289 4913 1385 4983 qui
1414 4928 1524 4967 non
1555 4925 1781 4969 noverat
1802 4922 2114 4985 peccatum,

554 5018 653 5074 pro
682 5004 840 5059 nobis
871 5011 1157 5074 peccatum
1187 5002 1334 5058 fecit.
1371 5024 1393 5059 ι

620 5094 750 5159 Quae
803 5095 1077 5150 anteriora
1124 5104 1284 5161 sunt,
1330 5096 1532 5165 inquit,
1581 5113 1693 5152 non
1734 5113 1928 5164 narro,
1973 5097 2122 5166 quod

552 5188 899 5241 contumeliis
929 5185 1222 5257 all‘eceritis
1251 5204 1375 5243 eum
1407 5190 1501 5257 qui
1543 5189 1681 5243 nihil
1729 5190 1942 5259 injuriae
1978 5191 2126 5245 intu-

552 5274 713 5340 lerat,
743 5279 947 5348 quique
973 5279 1155 5348 potius
1183 5295 1281 5334 vos
1309 5281 1468 5335 bonis
1515 5288 1763 5343 auxerat,
1819 5297 1921 5336 nec
1974 5282 2118 5349 quod

556 5379 588 5417 a
620 5366 772 5421 vobis
810 5384 919 5421 non
949 5369 1199 5439 poposcit
1227 5383 1439 5438 ptenas,
1469 5383 1526 5423 et
1560 5384 1682 5423 cum
1718 5370 1832 5439 ipse
1861 5372 2013 5441 prior
2044 5374 2125 5426 la-

554 5451 795 5505 cessitus
845 5462 1025 5518 esset,
1091 5456 1453 5512 nihilominus
1507 5457 1876 5513 obsecrabat:
1911 5459 2007 5514 sed
2055 5477 2116 5516 ea

557 5541 825 5596 duntaxat
851 5561 974 5614 qua!
1004 5563 1158 5603 nunc
1186 5550 1457 5618 praestitit.
1490 5550 1698 5621 Ecquid
1732 5568 1861 5608 vero
1902 5556 2119 5624 praesti-

558 5631 661 5685 tit?
692 5631 852 5705 138
879 5633 1074 5692 Filium
1111 5638 1322 5695 dedidit
1362 5656 1461 5711 pro
1504 5644 1963 5710 contumeliosis;
1996 5662 2118 5699 eum

559 5720 652 5778 oui
681 5723 815 5779 nihil
845 5724 1059 5790 iniuria
1104 5738 1534 5795 oerpetraverat,
1570 5748 1667 5795 pro
1718 5733 1941 5798 iniustis
1996 5751 2120 5794 uer-

2307 4660 2326 4694 ι
2363 4640 2754 4711 Καταλλάγητε
2780 4639 2857 4710 τῷ
2886 4637 3025 4709 Θεῷ.
3058 4658 3077 4691 ι

2298 4733 2416 4789 Οὐκ
2462 4729 2606 4800 εἷπε,
2658 4732 3036 4798 καταλλάξατε
3063 4730 3154 4784 τὸν
3206 4731 3338 4784 Θεὸν
3364 4731 3421 4783 ὲν
3465 4732 3707 4793 ἑαυτοῖς.
3737 4727 3801 4781 οὐ

2230 4826 2340 4899 γὰρ
2367 4826 2573 4889 ικεῖνός
2606 4828 2752 4879 ὲστιν
2784 4828 2812 4878 ὁ
2845 4824 3166 4895 ἐχθραίνων,
3196 4823 3311 4877 ἀλλ’
3341 4825 3523 4892 ὑμεῖς.

2307 4937 2327 4971 ι
2364 4918 2467 4971 Τὸν
2489 4918 2598 4988 γάρ
2623 4916 2697 4987 μὴ
2728 4916 2925 4985 γνόντα
2954 4915 3253 4988 ἁμαρτίαν,
3277 4915 3418 4987 ὑπὲρ
3442 4913 3612 4985 ἡμῶν
3639 4916 3805 4985 ἀμαρο

2226 5006 2351 5061 τίαν
2375 5005 2651 5075 ἐποίησεν.
2690 5024 2709 5058 ι

2299 5100 2375 5153 Οὐ
2407 5098 2571 5166 λέγω,
2616 5099 2773 5166 φησὶ,
2804 5097 2872 5151 τά
2921 5097 3186 5167 πρότερα.
3237 5096 3319 5148 ὅτι
3358 5094 3633 5165 ὑϐρίσατε
3664 5091 3805 5146 οὐδὲν

2228 5189 2546 5259 ἡδικηκότα,
2604 5188 2741 5241 ἀλλά
2770 5188 2865 5241 καὶ
2917 5188 3382 5259 εὐεργετήσαντα,
3416 5184 3511 5238 καὶ
3537 5186 3628 5238 ὅτι
3660 5183 3803 5243 δίκας

2225 5281 2326 5333 οὐκ
2373 5281 2657 5351 ἀπῄτησεν
2707 5280 2873 5349 ὑμᾶς,
2927 5279 3048 5331 οὐδὲ
3102 5279 3186 5332 ὅτι
3233 5276 3543 5347 παρακαλεί
3596 5277 3804 5346 πρῶτος

2225 5372 2524 5442 ὑϐρισθεὶς,
2552 5370 2687 5424 ἀλλὰ
2705 5371 2793 5423 διὰ
2809 5369 2984 5424 ταῦτα
3002 5368 3038 5423 ἃ
3059 5371 3284 5439 ιποίησε
3314 5369 3428 5421 νῦν.
3461 5368 3529 5421 Τί
3544 5367 3608 5421 δὲ
3630 5365 3806 5433 ἐποίη-

2225 5479 2317 5527 σε;
2351 5463 2453 5515 Τὸν
2479 5463 2606 5515 Υἰὸν
2646 5462 2786 5534 ὑπὲρ
2807 5462 2912 5515 τῶν
2947 5461 3249 5531 ὑδρικότων
3301 5459 3492 5522 ἔδωκε,
3516 5459 3612 5511 τὸν
3645 5458 3807 5528 μηδὲν

2228 5553 2527 5625 ἠδικηκότα
2580 5552 2718 5625 ὑπὲρ
2757 5552 2864 5605 τῶν
2915 5552 3255 5622 ἠδικηκότων
3302 5551 3601 5604 ἀποθανεῖν
3635 5551 3802 5602 είασε.

2229 5647 2338 5699 Καὶ
2367 5648 2463 5715 οὐχ
2493 5637 2683 5713 ἁπλῶς
2717 5644 2889 5709 οὕτως
2915 5646 3154 5717 εἴρηται,
3182 5643 3321 5698 ἀλλά
3346 5642 3375 5695 ὃ
3408 5641 3594 5711 πολλῷ
3618 5640 3803 5694 τούτου

2234 5735 2417 5799 μεῖζόν
2450 5726 2620 5801 ἐστιν,
2646 5735 2804 5791 τοῦτο
2824 5736 3008 5800 ἔθηκε.
3032 5736 3097 5791 Τί
3117 5736 3171 5790 δέ
3202 5738 3317 5791 ἐστι
3348 5735 3506 5790 τοῦτο
3530 5751 3547 5803 ;
3586 5736 3699 5791 Τὸν
3722 5729 3803 5801 μὴ
