4048 6424
224 422 318 483 737

1344 425 1415 481 IN
1465 424 1699 480 EPIST.
1741 424 1841 480 AD
1866 419 2228 485 CORINTH.
2271 422 2353 484 II.

3373 424 3482 487 738

224 525 439 603 γνόςῆ
458 530 770 600 ἁμαρτίαν,
803 532 986 603 φησὶν,
1007 530 1257 585 τουτέστι
1281 530 1371 587 τὸν
1401 531 1563 585 αὐτὸν
1592 530 1799 584 δικαιοο

1910 532 2060 586 misit
2089 531 2249 586 mori.
2296 530 2483 603 Neque
2514 529 2568 585 id
2604 545 2736 587 vero
2768 531 3096 604 simpliciter
3134 535 3478 589 enuntiatum

225 623 386 693 σῦνην
415 620 564 686 ὅντα,
590 622 866 695 ἁμαρτίαν
896 622 1175 692 ἐποίησεν,
1200 621 1480 677 τουτέστιν
1516 622 1591 685 ὡς
1612 623 1795 692 ἁμαρ-

227 713 389 766 τωλὸν
420 713 823 786 κατακριθῆναι
853 713 1087 785 ἀφῆκεν.

227 892 487 960 permisit.

296 1001 316 1036 ι
342 985 460 1038 Ἵνα
483 986 644 1055 ἡμεῖς
669 985 954 1056 γενώμεθα
978 986 1293 1058 δικαιοσύνη
1325 985 1460 1039 Θεοῦ
1485 987 1543 1040 ὲν
1571 984 1742 1054 αὐτῷ.
1774 1003 1792 1037 ι

291 1074 390 1128 Διὰ
421 1075 597 1142 τοῦτο,
631 1077 820 1146 φησὶν,
851 1078 1019 1132 ἔδωκε
1050 1081 1188 1149 πρὸς
1224 1078 1492 1150 αἰσχύνην
1531 1078 1622 1131 τὸν
1651 1078 1797 1144 Υίὸν,

228 1168 310 1220 ινα
337 1167 406 1220 τὰ
460 1168 670 1239 μεγάλα
704 1171 836 1241 ἡμῖν
886 1170 1184 1243 χαρίσηται
1225 1170 1430 1241 ἀγαθὰ,
1476 1171 1512 1225 ἃ
1542 1169 1797 1224 οὐδέποτε

229 1259 725 1331 προσεδοκήσαμεν.

821 1397 1075 1452 κεΦΑΑ.
1116 1399 1211 1465 ς’.

298 1552 316 1583 ι
344 1529 740 1603 Συνεργοῦντες
768 1530 826 1583 δὲ
858 1531 951 1585 καὶ
997 1527 1446 1601 παρακαλοῦμεν,
1493 1528 1569 1601 μὴ
1598 1529 1678 1594 είς
1707 1546 1801 1583 κε-

229 1623 309 1676 νὸν
340 1623 442 1693 τὴν
471 1622 631 1693 χάριν
652 1620 748 1675 τοῦ
781 1621 917 1674 Θεοῦ
951 1622 1213 1689 δέξασθαι
1258 1621 1421 1691 ὑμᾶς.
1456 1620 1621 1688 Λέγει
1654 1618 1797 1691 γάρ·

228 1712 416 1784 Καιρῷ
436 1711 607 1784 δεκτῷ
634 1713 922 1784 ἐπήκουσά
953 1729 1069 1780 σου,
1096 1713 1192 1765 καὶ
1225 1713 1283 1765 ὲν
1309 1711 1494 1782 ἡμέρᾳ
1528 1710 1803 1780 σωτηρίας

228 1803 496 1875 ὲὸοηθησά
522 1820 623 1857 σοι.
657 1822 674 1853 ι
1293 1831 1295 1833 ι

1903 634 2031 679 est:
2091 622 2185 679 sed
2237 623 2383 695 quod
2442 625 2600 694 longe
2662 624 2842 695 majus
2897 634 3025 693 est,
3074 627 3283 696 posuit.
3340 626 3483 693 Quid
3538 642 3539 645 ‘

1902 728 2035 769 vero
2080 712 2271 768 istud?
2304 712 2440 767 Eum
2487 716 2577 785 qui
2630 732 2732 770 non
2788 726 3002 771 noverat
3052 730 3345 787 peccatum,
3398 722 3484 772 in-

226 801 371 870 quit;
399 800 452 855 id
483 809 589 866 est,
618 818 741 857 eum
772 803 870 873 qui
900 803 1121 872 justitia
1149 803 1386 873 ipsamet
1427 809 1571 869 erat,
1608 809 1894 871 peccatum
1971 802 2139 870 fecit;

2224 820 2321 860 seu
2373 813 2635 875 tanquam
2715 817 3061 862 Dcccatorem
3132 810 3486 863 condemnari

1985 1002 2002 1035 ι
2039 983 2112 1040 Ut
2143 1000 2244 1040 nos
2270 965 2847 1055 eliiccremurjustitia
2879 986 2971 1039 Dei
3016 968 3070 1039 in
3106 987 3245 1056 ipso.
3287 1005 3305 1039 ι

1980 1074 2191 1129 Idcirco
2236 1075 2441 1130 Filium
2499 1078 2860 1132 contumeliis
2905 1077 3248 1132 alliciendum
3312 1077 3484 1140 dedit,

1908 1165 2112 1235 inquit,
2148 1167 2227 1221 uti
2264 1182 2460 1238 magna
2490 1168 2632 1222 bona
2662 1169 2826 1225 nobis
2851 1169 3201 1239 alat-giretur,
3236 1186 3356 1238 qtne
3386 1187 3483 1226 ne-

1909 1270 2182 1328 quaquam
2203 1258 2665 1328 speravissemus.

2550 1394 2707 1450 CAP.
2744 1395 2833 1450 Vl.

1984 1525 2144 1583 Vens.
2173 1527 2225 1592 l,
2254 1528 2308 1582 2.
2358 1548 2375 1581 ι
2415 1530 2754 1599 Adjuvantcs
2810 1545 3014 1600 autem,
3044 1541 3101 1588 et
3133 1534 3492 1589 exhortamur

1909 1633 1980 1673 ne
2014 1618 2068 1673 in
2100 1634 2339 1674 vacuum
2387 1623 2617 1691 gratiam
2671 1623 2766 1678 Dei
2818 1626 3124 1694 recipiatis.
3174 1626 3264 1678 Ait
3297 1626 3487 1681 enim:

1910 1707 2178 1780 Tempore
2208 1723 2439 1782 accepto
2459 1714 2717 1769 exaudiri
2748 1723 2823 1780 te,
2857 1724 2912 1771 et
2954 1718 3011 1772 in
3044 1717 3130 1772 die
3161 1718 3356 1774 salutis
3395 1718 3491 1771 ad-

1902 1800 2019 1872 juvi
2052 1811 2122 1858 te.
2162 1820 2181 1854 ι

300 1854 790 1967 ’ἑξέὶὲῇημζεγάλα
834 1894 1013 1958 εἶπεν,
1059 1892 1304 1955 ὅτιθεὸς
1350 1890 1677 1963 παρεκάλει,
1710 1892 1805 1945 καὶ

1910 1854 1921 1872 ’
1980 1895 2117 1962 Quia
2148 1910 2344 1965 magna
2373 1895 2621 1965 quadam
2654 1896 2989 1966 praelocutus
3031 1904 3135 1962 est,
3170 1900 3314 1967 quod
3349 1898 3492 1953 Deus

226 1989 381 2059 ἡμεῖς
431 1987 806 2058 πρεσϐεύομεν
831 2028 848 2053 ,
891 1986 982 2041 ἵνα
1016 1986 1093 2059 μὴ
1138 1985 1491 2039 ἀναπέσωσιν
1528 1983 1800 2051 ἐντεῦθεν,

225 2076 383 2128 πάλιν
411 2076 611 2137 αὐτοὺς
638 2076 814 2147 φοϐεῖ,
840 2075 1015 2144 λέγων
1037 2093 1052 2108 ο
1090 2075 1189 2143 Μὴ
1222 2078 1309 2142 είς
1338 2073 1526 2129 κενὸν
1548 2073 1665 2144 τὴν
1694 2073 1805 2144 χά-

217 2183 312 2234 ριν
335 2166 445 2220 τοῦ
474 2166 621 2221 Θεοῦ
650 2166 940 2231 δέξασθαι
960 2164 1139 2236 ὑμᾶς.
1175 2166 1270 2238 Μὴ
1306 2166 1439 2238 γὰρ,
1476 2166 1666 2238 ἐπειδὴ
1697 2183 1803 2221 πα-

228 2259 471 2329 ρακαλεῖ,
497 2261 652 2331 φησὶ,
688 2261 781 2314 καὶ
816 2260 1029 2331 ἔπεμψε
1067 2260 1498 2331 πρεσὸεὐοντας,
1531 2260 1621 2314 διὰ
1648 2259 1805 2314 τοῦτο

227 2351 651 2422 ρᾳθυμήσωμεν,
710 2351 845 2406 ἀλλὰ
902 2352 1103 2423 μᾶλλον
1162 2350 1519 2422 ἐπειγώμεθα
1577 2350 1712 2422 πρὸς
1745 2351 1805 2402 τὸ

224 2439 422 2509 ἀρέσαι
460 2441 643 2512 αὐτῷ,
678 2440 766 2496 ἵνα
800 2442 875 2513 μὴ
912 2441 1023 2496 τῶν
1057 2442 1317 2495 τοιούτων
1358 2442 1632 2511 ἐκπέσητε
1665 2443 1804 2507 ἁγα-

226 2529 351 2583 θῶν.

296 2641 314 2673 ι
363 2606 504 2675 ’Ῑδοὺ
533 2621 627 2676 νῦν
655 2623 846 2695 καιρὸς
888 2624 1312 2695 εὐπρόσδεκτος’
1354 2624 1461 2678 ίδοὺ
1498 2622 1591 2677 νῦν
1623 2621 1805 2693 ἡμέρα

229 2713 520 2785 σωτηρίας,
556 2734 575 2765 ι

291 2806 398 2859 Τὸν
437 2810 534 2877 τῆς
556 2807 788 2878 δωρεᾶς,
822 2805 1015 2877 φησιν,
1057 2805 1149 2859 τὸν
1180 2808 1278 2875 τῆς
1316 2805 1559 2876 χάριτος.
1589 2806 1675 2858 ὅτε
1707 2804 1806 2857 οὐκ

227 2899 369 2953 εστιν
396 2899 632 2963 εὐθύνας
662 2898 1031 2970 ἀπαιτηθῆναι
1058 2898 1166 2952 τῶν
1209 2898 1648 2969 ἁμαρτημάτων,
1685 2897 1806 2949 οὐδὲ

226 2988 378 3061 δίκην
398 2990 602 3056 δοῦναι,
634 2988 769 3043 ἀλλὰ
804 2990 942 3061 μετὰ
968 2991 1067 3061 τῆς
1089 2990 1436 3058 ἀπαλλαγῆς,
1466 2991 1560 3042 καὶ
1597 2988 1805 3060 μυρίων

227 3080 574 3152 ἀπολαῦομιν
607 3081 808 3136 καλῶν.
840 3083 933 3153 Μὴ
961 3082 1141 3136 τοίνυν
1180 3082 1471 3153 προόῶμεν
1517 3079 1578 3133 τὸ
1617 3079 1805 3133 εῦκαιο

228 3190 335 3243 ρον,
362 3173 480 3225 ἀλλ’
508 3172 906 3243 ὲπιδειξώμεθα
932 3172 1082 3241 ἄξιον
1125 3173 1225 3245 τῆς
1252 3175 1475 3244 χάριτος
1502 3172 1602 3242 τὴν
1639 3188 1807 3224 σπου·
1832 3211 1875 3268 c

224 3267 337 3337 δην.

296 3382 314 3412 ι
353 3360 646 3429 Μηδεμίαν
668 3361 726 3412 ἐν
750 3359 941 3430 μηδενὶ
970 3358 1204 3423 διδόντες
1238 3359 1582 3430 προσκοπὴν,
1607 3358 1697 3412 ἴνα
1729 3356 1807 3429 μὴ

227 3451 468 3521 μωμηθῇ
502 3453 535 3520 ἡ
561 3451 839 3505 διακονία⁶
865 3450 983 3505 ἀλλ’
1017 3454 1075 3503 ὲν
1103 3449 1270 3504 παντὶ
1298 3450 1653 3513 συνιστῶντες
1676 3451 1807 3502 ἑαυ-

226 3544 344 3606 τοὺς
367 3542 446 3606 ὡς
477 3542 609 3595 Θεοῦ
638 3543 896 3608 διάκονοι,
931 3544 988 3596 ὲν
1022 3543 1268 3614 ὑπομονῇ
1301 3542 1495 3612 πολλῇ,
1532 3545 1589 3595 ἐν
1625 3542 1810 3611 θλίψε-

230 3648 327 3698 σιν,
375 3634 438 3685 ἐν
472 3634 773 3703 ἀνάγκαις,
811 3636 868 3688 ἔν
927 3634 1338 3705 στενοχωρίαις,
1366 3637 1423 3687 ὲν
1454 3636 1716 3705 πληγαῖς,
1751 3637 1809 3687 ὲν

230 3722 518 3788 φυλακαῖς,
546 3724 601 3777 ὲν
646 3724 1075 3787 ἀκαταστασίαις
1099 3764 1117 3789 ,
1148 3724 1207 3776 ἐν
1259 3723 1450 3786 κόποις
1472 3762 1487 3788 .
1542 3725 1598 3776 ἐν
1630 3708 1811 3794 ἄγρυ-

230 3816 437 3880 πνίαις,
489 3818 549 3869 ὲν
589 3817 866 3885 νηστείαις
894 3857 908 3879 ,
941 3817 999 3870 ὲν
1060 3815 1340 3886 ἁγνότητι,
1390 3816 1446 3868 ἐν
1488 3815 1709 3883 γνώσει,
1748 3817 1806 3869 ἐν

231 3903 606 3975 μακροθυμίᾳ,
645 3908 703 3958 ὲν
758 3906 1108 3977 χρηστότητι.

296 3996 584 4062 Τουτέστι,
612 3995 839 4067 μέμψιν,
877 3998 1223 4066 κατάγνωσιν
1257 3995 1448 4068 μηδενὶ
1474 3995 1809 4066 παρέχοντες

231 4087 348 4142 καθ’
369 4091 403 4159 η
412 4089 552 4159 μῶν.

301 4199 320 4234 ι
370 4182 465 4235 Ἐν
491 4181 771 4251 Πνεῦματι
810 4181 972 4253 ἁγίῳ,
1005 4184 1063 4237 ιν
1096 4182 1286 4254 ἀγάπῃ
1334 4181 1706 4252 ἀνυποκρίτῳ,
1754 4180 1813 4233 ὲν

230 4272 371 4345 λόγῳ
401 4272 679 4343 ἀληθείας.
715 4292 734 4324 ι

308 4366 400 4418 Ἐν
433 4365 580 4435 αὑτῴ
609 4365 746 4436 γὰρ,
772 4365 936 4435 φησὶ,
971 4364 1147 4418 ταῦτα
1178 4364 1356 4418 πάντα
1396 4362 1774 4435 κατορθοῦμεν
1794 4380 1811 4397 ο
1844 4440 1845 4443 η

230 4459 261 4531 ῆ
294 4462 475 4514 ἐκεῖνο
499 4461 678 4530 λέγει,
711 4461 796 4515 ὅτι
828 4461 924 4515 καὶ
966 4461 1287 4531 Πνεῦματος
1330 4459 1486 4528 ἁγίου
1516 4458 1814 4530 πεπληρῶ-

304 4551 395 4606 θα.

234 4568 395 4621 μευα.

306 4662 325 4695 ι
376 4645 469 4698 Ἐν
497 4643 726 4714 δυνάμει
763 4643 933 4712 Θεοῦ,
959 4643 1047 4699 διὰ
1071 4642 1184 4697 τῶν
1204 4644 1383 4697 ὅπλων
1408 4643 1509 4713 τῆς
1532 4641 1811 4697 δικαιοσύ-

233 4754 347 4790 νπε.
384 4756 405 4788 ι

281 4775 477 4881 ιῒῙοῦτο
496 4827 585 4882 ἀεὶ
607 4827 779 4897 λέγει,
806 4827 866 4882 τὸ
898 4829 1008 4881 πᾶν
1034 4826 1312 4890 ἀνατιθεὶς
1350 4828 1431 4899 τῷ
1458 4827 1600 4898 Θεῷ.

305 5025 325 5060 ι
366 5007 491 5060 Τῶν
512 5006 700 5074 δεξιῶν
732 5007 831 5061 καὶ⁸
852 5007 1165 5080 ἀριστερῶν
1190 5021 1205 5036 ’
1254 5004 1342 5060 διὰ
1387 5004 1547 5075 δόξης
1574 5004 1670 5057 καὶ
1695 5004 1815 5058 ἀτι-

236 5098 391 5169 μίαςσ
432 5098 522 5154 διὰ
552 5099 864 5172 δυσφημίας
892 5103 987 5153 καὶ
1016 5100 1297 5170 εὐξημίας
1317 5115 1333 5130 ⁶
1362 5097 1439 5161 ὡς
1471 5096 1666 5151 πλάνοι
1720 5095 1816 5151 καὶ

232 5190 491 5260 ἁληθεῖςη
513 5190 587 5254 ὼς
612 5193 973 5261 ἀγνοούμενοι
1000 5194 1097 5246 καὶ
1127 5189 1644 5261 ἐπιγινωσκόμενοι.
1684 5205 1703 5239 ι

314 5284 627 5351 Ἀριστερὰ
648 5283 805 5338 καλεῖ
824 5284 895 5337 τὰ
913 5282 1172 5337 δοκοῦντα
1200 5278 1340 5336 εἶναι
1370 5280 1613 5352 λυπηρὰ,
1636 5278 1814 5332 καίτοι

231 5375 408 5430 ταῦτα
426 5378 543 5429 ἐστι
573 5376 642 5430 τὰ
662 5376 756 5429 τὸν
782 5376 973 5447 μισθὸν
990 5376 1202 5445 ἔχοντα,
1224 5373 1361 5428 ἀλλὰ
1382 5373 1524 5427 κατὰ
1554 5372 1651 5443 τὴν
1684 5370 1816 5424 ὑπό-

230 5465 397 5536 ληψιν
428 5466 539 5520 τῶν
569 5468 778 5521 πολλῶν
805 5468 981 5525 καλεῖ.
1010 5468 1185 5530 Δεξιὰ
1214 5468 1293 5530 δὲ,
1315 5467 1415 5531 τὰς
1440 5466 1699 5536 δυνάμεις
1718 5464 1815 5528 τὰς

235 5556 318 5609 ὲνε
327 5573 461 5625 ργου
469 5558 658 5628 μένας.

308 5666 329 5701 ο
376 5649 463 5714 '0;
482 5651 943 5724 ἀποθνήσκοντες,
976 5650 1071 5705 καὶ
1107 5650 1216 5703 ἰδοὺ
1243 5649 1446 5720 ζῶμεν.
1486 5669 1504 5700 ι

302 5740 478 5798 τοῦτο
507 5743 682 5815 λέγει,
722 5745 939 5809 δεικνὺς
976 5743 1076 5815 τὴν
1100 5744 1308 5813 ἄφατον
1342 5741 1436 5796 τοῦ
1475 5740 1609 5796 Θεοῦ
1650 5740 1813 5794 δύνα-

236 5846 270 5895 p
282 5845 354 5890 ιν.

1838 4562 1885 4621 D

1907 1984 2258 2051 adhortatur,
2288 2001 2498 2056 nosque
2527 1987 2800 2058 legatione
2836 1987 3120 2059 fungimur
3145 2005 3159 2044 :
3194 2005 3263 2044 ne
3288 2005 3353 2043 ex
3385 1990 3491 2044 hoc

1906 2088 2053 2134 statu
2082 2078 2421 2141 relabantur.
2452 2079 2552 2135 hos
2578 2096 2796 2135 rursum
2826 2088 3014 2145 terret,
3043 2081 3234 2136 dicens
3269 2101 3283 2136 :
3316 2079 3396 2134 Ne
3435 2083 3490 2135 iu

1907 2188 2128 2225 vacuum
2150 2172 2386 2242 gratiam
2414 2170 2513 2225 Dei
2554 2172 2842 2241 accipiant.
2875 2173 3030 2226 Absit
3064 2172 3245 2238 enim,
3293 2174 3491 2243 inquit,

1909 2279 1997 2325 ne,
2056 2265 2318 2334 quoniam
2376 2262 2466 2317 ille
2526 2264 2892 2327 exhortatur,
2945 2271 3003 2317 et
3051 2264 3262 2331 legatos
3305 2264 3489 2329 misit,

1908 2364 2205 2425 pmpterea
2259 2353 2607 2424 negligentes
2668 2355 2866 2410 simus.
2926 2354 3070 2419 Quin
3116 2356 3299 2423 potius
3360 2370 3493 2411 con-

1908 2448 2136 2501 tendere
2172 2445 2436 2500 debemus
2480 2455 2536 2499 ut
2574 2447 2895 2515 placeamus
2925 2486 2941 2512 ,
2978 2461 3051 2500 ne
3092 2444 3295 2499 talibus
3332 2445 3493 2499 bonis

1908 2536 2256 2591 excidamus.

1984 2644 2002 2676 ι
2042 2624 2182 2680 Ecce
2220 2640 2367 2680 nunc
2400 2634 2615 2696 tempus
2651 2626 3011 2696 acceptabile,
3041 2639 3170 2680 ecce
3196 2642 3345 2680 nunc
3375 2623 3496 2681 dies

1907 2717 2125 2771 salutis.
2168 2735 2187 2769 ι

1987 2806 2230 2876 Tempus
2274 2806 2411 2861 dicit
2453 2805 2743 2867 donorum.
2783 2815 3000 2877 tempus
3027 2805 3236 2877 gratiae,
3271 2804 3494 2877 quando

1912 2908 2272 2969 peccatorum
2328 2916 2436 2953 non
2494 2908 2865 2968 t'chscuntur
2912 2914 3107 2969 paenae,
3154 2916 3253 2954 ncc
3286 2900 3494 2969 persol-

1910 3000 2152 3059 vuntur;
2193 2992 2445 3064 quinimo
2494 2992 2657 3045 simul
2692 3006 2817 3045 cum
2865 2991 3320 3046 reconciliatione
3372 3006 3497 3046 sex-

1911 3084 2091 3167 contis
2108 3101 2336 3164 Quoque
2369 3084 2531 3139 bonis
2566 3084 2726 3152 potiti
2768 3084 2918 3138 licet.
2952 3083 3030 3140 Ne
3069 3100 3201 3154 ergo
3231 3092 3495 3153 Opportu-

1911 3177 2145 3231 nitatem
2199 3180 2470 3246 temporis
2504 3176 2873 3246 prodigamus.
2907 3176 3003 3232 sed
3052 3178 3275 3247 dignum
3307 3176 3496 3245 gratia:

1910 3269 2156 3325 studium
2183 3270 2562 3338 praeferamus.

1983 3358 2155 3415 Vens.
2191 3358 2313 3413 5-6.
2364 3379 2382 3409 ι
2412 3357 2626 3414 Nemini
2660 3359 2861 3414 dantes
2893 3358 3061 3412 ullam
3104 3348 3492 3416 offensionem.

1912 3461 1973 3505 ut
2012 3467 2121 3504 non
2160 3452 2499 3520 vituperetur
2544 3450 2944 3506 ministerium.
2996 3448 3108 3504 Sed
3150 3450 3207 3503 in
3237 3450 3496 3503 omnibus

1910 3542 2270 3597 exhibeamus
2302 3558 2401 3599 nos
2446 3543 2592 3598 sicut
2627 3543 2722 3597 Dei
2764 3542 3028 3608 ministri,
3090 3542 3147 3595 in
3193 3542 3365 3595 multa
3400 3556 3497 3609 pa-

1912 3635 2126 3698 tientia,
2167 3635 2224 3689 in
2260 3634 2740 3697 tribulationibus,
2763 3635 2817 3688 in
2835 3633 3283 3693 necessitatibus,
3319 3634 3371 3685 in
3402 3648 3499 3684 au-

1913 3724 2142 3793 gustiis,
2179 3724 2232 3780 in
2256 3725 2459 3795 plagis,
2483 3726 2541 3779 in
2569 3725 2909 3789 carceribus,
2944 3724 3000 3778 in
3032 3722 3419 3786 seditionibus,
3441 3721 3495 3773 in

1910 3816 2139 3885 vigiliis,
2173 3816 2226 3871 in
2275 3817 2507 3885 jejuni’ts
2534 3855 2551 3880 ,
2605 3818 2662 3870 in
2718 3818 2998 3880 castitate,
3040 3816 3097 3869 in
3137 3814 3394 3876 scientia,
3442 3815 3496 3866 in

1912 3908 2359 3976 longanimitate,
2389 3910 2445 3963 in
2481 3909 2781 3963 suavitate.
2825 3926 2844 3959 ι
3415 3958 3431 3971 _

1984 3995 2100 4051 lloc
2150 4009 2269 4062 est,
2304 3998 2507 4053 nemini
2543 3999 2741 4053 dantes
2792 3997 3143 4054 occasionem
3193 4010 3294 4050 nos
3335 4008 3501 4048 accu-

1914 4088 2071 4143 sandi
2104 4096 2159 4143 et
2185 4089 2615 4144 condemnandi.

1989 4199 2008 4235 t
2067 4180 2126 4237 lu
2174 4181 2385 4252 Spiritu
2434 4189 2662 4245 saneto,
2713 4181 2768 4235 in
2827 4180 3095 4235 charitate
3152 4196 3261 4234 non
3331 4179 3499 4245 ἤπια,

1917 4272 2105 4346 [νειιε.
2148 4271 2202 4346 7]
2238 4274 2290 4327 in
2322 4272 2488 4331 verbo
2527 4273 2801 4328 veritatis.
2837 4291 2857 4323 ι

1982 4364 2123 4419 Nam
2157 4380 2252 4434 per
2283 4366 2487 4436 ipsum,
2531 4365 2745 4435 inquit,
2794 4365 2982 4419 omnia
3026 4371 3175 4418 recte
3225 4363 3497 4433 agimus:

1915 4458 2002 4515 vel
2038 4458 2145 4514 hoc
2179 4459 2382 4525 innuit,
2409 4459 2647 4529 repletos
2676 4472 2776 4511 nos
2805 4472 2933 4512 esse
2970 4456 3181 4527 Spiritu
3212 4462 3427 4510 sancto.

1994 4654 2013 4688 ι
2044 4636 2105 4691 in
2146 4635 2351 4691 virtute
2372 4634 2487 4700 Dei,
2518 4649 2614 4704 per
2646 4648 2797 4687 arma
2826 4633 3080 4703 justitite.
3123 4652 3142 4685 ι

1990 4820 2106 4878 Hoc
2168 4832 2436 4893 perpetuo
2496 4821 2730 4891 repetit,
2803 4836 2915 4891 quo
2979 4828 3159 4874 totum
3221 4820 3277 4873 in
3332 4817 3501 4873 Deum

1906 4908 2143 4968 referat.

1998 5022 2016 5054 ι
2052 5006 2097 5057 Α
2120 5003 2331 5059 dextris
2362 5015 2415 5058 et
2442 5018 2475 5057 a
2507 5003 2784 5070 sinistris;
2814 5000 3007 5075 [Vsus
3038 5001 3100 5075 8]
3145 5018 3243 5071 per
3271 5002 3501 5071 gloriam

1922 5104 1975 5151 et
2008 5096 2451 5166 ignobilitatem;
2476 5110 2573 5165 per
2596 5100 2799 5151 bonam
2829 5106 2885 5151 et
2914 5095 3114 5149 malam
3146 5093 3388 5159 lautam;
3444 5101 3502 5145 ut

1921 5190 2237 5245 seductores
2275 5198 2329 5245 et
2362 5205 2610 5255 veraces;
2644 5200 2704 5243 ut
2734 5188 2906 5259 ignoti
2942 5198 2997 5242 et
3040 5185 3266 5255 cogniti.
3301 5203 3321 5234 ι

1991 5279 2228 5336 Sinistra
2263 5282 2645 5352 appellatquae
2672 5281 2857 5334 tristia
2881 5268 3031 5333 sunt.
3057 5276 3225 5345 Atqui
3252 5273 3502 5341 hacipsa

1921 5383 2186 5445 suntquae
2211 5376 2519 5430 mercedem
2546 5374 2902 5427 demerentur
2927 5388 2941 5425 :
2976 5368 3071 5423 sed
3098 5368 3179 5423 sic
3206 5382 3269 5422 ea
3299 5366 3500 5421 vocitat

1921 5465 2217 5519 secundum
2237 5464 2697 5519 existimationem
2740 5461 2909 5531 vulgi.
2937 5460 3139 5513 Dextra
3187 5472 3337 5525 vero,
3387 5457 3499 5509 viro

1923 5562 2066 5611 tutes
2103 5570 2225 5627 quae
2259 5569 2578 5624 operantur.

1999 5647 2156 5704 Vens.
2183 5650 2236 5704 9.
2277 5667 2296 5699 ι
2329 5647 2497 5714 Quasi
2531 5646 2851 5710 morientes,
2880 5653 2934 5697 et
2960 5656 3091 5697 ecce
3113 5641 3367 5695 vivimus.
3403 5657 3423 5691 ο

1996 5759 2014 5789 ι
2052 5740 2169 5796 Hoc
2200 5739 2354 5796 dicto
2391 5736 2836 5810 inexplicabilem
2878 5733 2971 5789 Dei
3018 5732 3275 5788 virtutem
3316 5738 3504 5785 osten-

1925 5832 2019 5887 dit.
