3910 6454
579 441 683 505 739

655 573 672 601 ι
724 550 787 604 Ut
814 549 1085 616 castigati,
1120 558 1173 602 et
1208 565 1315 604 non
1350 550 1682 604 tnm'tilicati.
1728 571 1746 603 ι

652 639 810 710 139
864 639 988 694 Istis
1039 656 1254 710 quoque
1291 641 1476 695 verbis
1525 649 1768 708 enarrat,
1804 657 1925 712 qua).
1985 659 2152 697 causa

577 731 670 796 sil,
698 745 800 785 cur
857 729 999 786 Deus
1026 732 1138 785 haec
1159 733 1462 801 permittat.
1490 731 1624 786 Nam
1655 748 1818 803 quem
1867 734 2012 788 Deus
2033 734 2156 788 dili-

577 823 683 889 git.
726 819 951 888 corripit
976 821 1038 876 ¹⁰.

652 911 938 968 Vens.10.
979 931 998 965 ι
1052 913 1218 980 Quasi
1253 914 1464 976 tristes,
1499 930 1718 983 semper
1779 923 1963 968 autem
2013 931 2154 985 gau-

581 1005 772 1059 dentes
801 1023 813 1060 :
849 1006 1253 1074 sicutegentes,
1272 1007 1474 1061 multos
1498 1015 1676 1060 autem
1719 1006 2152 1075 locupletantes;

583 1103 839 1165 tanquam
874 1097 1007 1151 nihil
1028 1098 1311 1161 habentes,
1335 1105 1388 1151 et
1414 1098 1595 1151 omnia
1626 1097 1995 1167 possidentes.
2027 1117 2044 1149 ι

653 1186 785 1240 Nam
817 1189 886 1242 ab
934 1187 1002 1242 iis
1033 1188 1125 1258 qui
1159 1187 1294 1244 loris
1363 1197 1511 1252 sunt,
1545 1188 1600 1242 in
1667 1203 1903 1244 mterore
1950 1189 2156 1245 versari

583 1287 837 1348 putamur
864 1295 878 1340 ;
905 1294 1033 1332 cum
1082 1290 1261 1332 tamen
1309 1279 1512 1348 ingenti
1539 1279 1821 1349 voluptate
1868 1280 2159 1350 perfunda-

589 1387 731 1424 mur.
786 1371 979 1424 Isthmc
1027 1371 1208 1424 omnia
1242 1372 1521 1436 edisserit,
1563 1374 1799 1426 suadens
1837 1387 1906 1425 ne
1939 1381 2159 1442 propter

582 1462 726 1530 vulgi
785 1462 1096 1531 opinionem
1160 1464 1468 1528 turbemnr,
1526 1465 1631 1519 etsi
1689 1463 2010 1519 seductores
2063 1480 2158 1518 vo-

581 1561 725 1620 cent,
755 1553 859 1610 etsi
906 1554 1304 1609 condemnatos
1336 1564 1629 1620 censeant,
1667 1556 1771 1609 etsi
1819 1556 1980 1610 morti
2027 1554 2155 1610 des-

592 1648 817 1712 tinatos,
849 1647 955 1702 etsi
1002 1647 1225 1700 tristitia
1272 1647 1645 1712 conﬁciamnr,
1699 1647 1784 1700 vel
1840 1656 2158 1716 paupertate

584 1751 910 1804 atteramur,
938 1755 1002 1794 ac
1034 1740 1170 1793 nihil
1202 1739 1426 1794 omnino
1461 1739 1862 1810 possideamus.

652 1831 817 1887 Vens.
855 1831 940 1884 ll.
980 1848 998 1882 ι
1040 1829 1113 1885 Os
1141 1838 1393 1886 nostrum
1455 1839 1603 1900 patet
1633 1831 1698 1884 ad
1724 1845 1845 1894 vos,
1879 1844 1911 1885 o
1951 1828 2153 1884 Corin-

580 1921 702 1974 thii.
739 1940 756 1972 ι

655 2009 966 2065 Recensitis
992 2025 1128 2080 quas
1147 2009 1458 2080 patiebatur
1476 2010 1872 2064 tentationibus
1891 2019 1945 2063 et
1965 2024 2161 2063 terum-

580 2103 694 2167 nis,
741 2104 935 2156 transit
993 2084 1058 2156 ad
1107 2103 1395 2156 dicendum
1441 2103 1508 2156 de
1564 2104 1856 2157 cliaritate.
1913 2101 2073 2156 Velut
2113 2102 2160 2155 si

579 2192 816 2245 diceret:
855 2193 910 2245 in
959 2200 1231 2261 potestate
1287 2200 1475 2245 nostra
1535 2193 1775 2261 positum
1815 2207 1923 2246 non
1963 2203 2066 2254 est,
2101 2199 2161 2244 ut

577 2283 834 2337 sileamus
859 2283 1004 2353 apud
1043 2298 1137 2337 vos
1165 2323 1178 2344 ,
1215 2284 1309 2337 sed
1339 2282 1549 2336 ardenti
1586 2283 1767 2338 studio
1829 2284 1978 2353 loqui
2032 2299 2160 2352 per-

577 2373 829 2441 cupimus
856 2383 909 2428 et
935 2388 1245 2428 sermonem
1289 2373 1491 2428 habere
1520 2391 1533 2428 :
1573 2374 1625 2428 id
1652 2373 1797 2444 quod
1835 2373 1997 2444 plane
2025 2373 2161 2427 solet

577 2467 891 2520 amantibus
915 2466 1186 2520 accidere.

649 2574 668 2608 ι
699 2555 806 2610 Cor
841 2565 1087 2612 nostrum
1123 2557 1410 2612 dilatatutn
1441 2563 1546 2612 est.
1580 2575 1600 2609 ι

646 2649 919 2711 Charitas.
972 2650 1145 2704 calida
1197 2665 1321 2703 cum
1353 2649 1443 2716 sit,
1503 2665 1566 2704 os
1587 2648 1849 2704 excitavit
1891 2646 2068 2712 Pauli,
2103 2654 2158 2703 et

575 2755 673 2794 cor
705 2741 854 2796 illius
884 2742 1156 2796 dilatavit.
1211 2739 1329 2795 Non
1360 2742 1506 2796 enim
1542 2755 1637 2796 ore
1669 2742 1936 2795 duntaxat
1961 2740 2154 2809 diligo,

577 2835 774 2903 inquit,
811 2835 906 2889 sed
929 2842 983 2889 et
1011 2834 1175 2888 etiam
1211 2848 1308 2887 cor
1339 2833 1505 2887 labiis
1541 2848 1847 2889 consonum
1904 2833 2101 2887 habeo.

2186 561 2226 616 Α

651 3007 814 3063 Vens.
846 3007 931 3061 12.
970 3025 989 3058 ι
1027 3006 1145 3061 Non
1179 3007 1572 3076 angustiamini
1606 3006 1662 3060 in
1694 3007 1884 3061 nobis.
1923 3025 1942 3058 ι

646 3099 893 3152 Cunctos
924 3098 1072 3150 intus
1129 3093 1574 3164 complectimur,
1614 3095 1835 3165 inquit;
1866 3111 2046 3167 neque
2094 3097 2146 3152 id

581 3190 785 3253 solum,
823 3188 916 3241 sed
951 3193 1006 3241 et
1043 3202 1167 3239 cum
1201 3199 1398 3254 magna
1441 3185 1753 3240 latitudine.

655 3298 674 3331 ι
721 3278 1131 3349 Augustiamini
1188 3286 1370 3331 autem
1436 3277 1491 3330 in
1553 3278 1866 3332 visceribus
1919 3279 2147 3334 vestris.

579 3357 789 3442 [Υέιιε.
827 3371 912 3423 15.
942 3368 959 3442 ]
993 3367 1254 3423 Eamdem
1287 3383 1416 3422 vero
1470 3369 2001 3424 remunerationem.
2045 3390 2064 3421 ι

651 3462 957 3529 Increpatio
996 3475 1221 3530 quoque
1246 3474 1276 3513 a
1310 3459 1475 3513 nobis
1500 3459 1671 3514 multa
1695 3474 1821 3514 cum
1855 3460 2153 3530 indulgen-

577 3554 656 3606 tia
686 3551 1003 3606 adhibetur.
1059 3549 1176 3604 No-n
1206 3549 1352 3604 enim
1381 3549 1544 3615 dixit,
1579 3565 1695 3605 non
1727 3566 1830 3606 nos
1860 3551 2102 3624 diligitis
2132 3567 2148 3617 ;

579 3643 713 3706 sed,‘
735 3657 841 3695 non
878 3655 1146 3696 mensura
1172 3640 1385 3695 eadem.

651 3753 670 3786 ι
703 3733 987 3802 Tanquam
1018 3733 1147 3788 liliis
1178 3733 1328 3796 dico,
1357 3731 1668 3786 dilatamini
1699 3739 1754 3786 et
1777 3747 1898 3788 vos.
1960 3730 2148 3804 [Vsns.

579 3823 806 3895 1445.]
834 3822 1014 3878 Nolite
1041 3823 1236 3894 jugum
1264 3824 1508 3878 alienum
1560 3824 1765 3880 ducere
1798 3839 1923 3878 cum
1957 3824 2149 3878 inﬁde-

579 3918 748 3972 libus.
780 3915 915 3980 Quae
938 3915 1084 3969 enim
1119 3916 1477 3986 participatio
1503 3915 1743 3984 iustitia:
1778 3932 1902 3970 cum
1936 3917 2146 3986 iniqui-

579 4008 731 4061 tate?
768 4017 863 4060 aut
896 4023 1021 4076 quae
1053 4008 1301 4063 societas
1334 4007 1446 4062 luci
1474 4007 1544 4061 ad
1575 4008 1872 4063 tenebras?
1906 4017 2002 4063 aut
2028 4025 2151 4080 qua:

577 4098 870 4150 conventio
901 4095 1107 4149 Christi
1150 4113 1169 4145 ι

647 4187 755 4242 Pro
787 4205 856 4242 eo
890 4203 956 4242 ac
984 4189 1031 4242 si
1077 4188 1288 4242 diceret
1320 4205 1334 4241 :
1393 4187 1540 4242 Nihil
1572 4188 1755 4258 magni
1803 4189 2045 4258 postulo,
2102 4190 2146 4244 si

575 4294 699 4332 cum
737 4289 894 4347 pater
924 4278 1054 4342 sim,
1086 4279 1258 4331 amari
1290 4278 1448 4332 velim
1482 4295 1512 4332 a
1544 4279 1722 4333 vobis.

649 4387 667 4421 ι
696 4368 773 4421 Ad
806 4367 1014 4422 Belial?
1042 4376 1138 4421 aut
1169 4384 1290 4438 quae
1325 4384 1454 4439 pars
1489 4371 1632 4423 lideli
1669 4385 1795 4424 cum
1831 4370 2087 4426 inﬁdeli?
2125 4390 2142 4422 ι

643 4461 720 4514 Ea
763 4475 868 4514 vox
890 4459 1242 4514 Hebrzeorum
1278 4461 1462 4532 lingua
1504 4462 1822 4532 defectorem
1849 4465 2144 4534 signiﬁcat.

642 4550 810 4606 Vens.
845 4550 930 4604 16.
971 4569 988 4602 ι
1013 4550 1116 4615 Qui
1139 4560 1317 4606 autem
1343 4567 1653 4608 consensus
1680 4555 1868 4624 templi
1894 4553 1988 4609 Dei
2019 4570 2144 4609 cum

574 4642 772 4697 idolis?
810 4657 909 4696 vos
932 4642 1079 4697 enim
1108 4643 1246 4697 estis
1280 4646 1547 4714 templum
1588 4644 1682 4699 Dei
1718 4647 1851 4711 vivi,
1881 4647 2030 4702 sicut
2062 4647 2146 4701 di-

571 4737 651 4793 cit
683 4732 848 4787 Deus.
885 4750 904 4784 ι

639 4822 826 4892 Neque
859 4837 952 4877 rex
983 4832 1169 4880 vester
1187 4839 1484 4880 commune
1517 4840 1644 4880 cum
1683 4827 1780 4880 illo
1800 4826 2011 4897 aliquid
2043 4827 2143 4881 ha-

571 4921 680 4974 lict.
715 4918 850 4974 Nam
879 4934 1004 4990 qua:
1037 4921 1332 4975 conventio
1361 4921 1576 4975 Christi
1604 4920 1671 4976 ad
1705 4922 1921 4977 Belial?
1948 4921 2140 4992 Neque

571 5025 663 5064 res
690 5010 822 5078 ipsa:
857 5026 872 5063 :
903 5025 1025 5081 quae
1060 5008 1208 5065 enim
1242 5009 1486 5064 societas
1541 5011 1683 5065 lucis
1716 5011 1782 5066 ad
1841 5012 2141 5067 tenebras?

570 5101 738 5172 Igitur
770 5117 945 5172 neque
968 5117 1068 5157 vos
1100 5108 1312 5170 oportet
1338 5101 1452 5155 haec
1481 5101 1792 5157 admittere.

646 5210 664 5242 ι
696 5192 1018 5249 lnhabitabo
1057 5193 1112 5247 in
1156 5193 1291 5257 illis,
1324 5201 1378 5246 et
1411 5195 1769 5248 inambulabo
1819 5195 1965 5248 inter
1995 5209 2133 5259 eos;

569 5291 625 5337 et
654 5299 751 5338 cro
786 5286 1010 5338 illorum
1041 5284 1211 5348 Deus,
1244 5292 1299 5339 et
1327 5284 1429 5353 ipsi
1458 5293 1621 5339 erunt
1648 5300 1804 5339 meus
1836 5286 2130 5354 populus.»

637 5376 773 5430 Cum
801 5378 1234 5434 assentationem
1267 5376 1472 5452 fugiat,
1492 5373 1796 5444 Scriptura:
1818 5377 2138 5432 testimonio

571 5467 730 5522 ﬁdem
767 5468 900 5522 facit
927 5484 1025 5523 eos
1058 5484 1185 5524 esse
1221 5467 1426 5536 templa
1467 5465 1560 5519 Dei
1594 5467 1657 5520 ¹¹.
1693 5485 1710 5518 ι

648 5556 809 5612 Vens.
845 5559 1027 5620 l7,l8.
1067 5579 1084 5610 ‹
1122 5559 1354 5628 Propter
1383 5557 1529 5626 quod
1559 5557 1705 5612 exite
1733 5559 1800 5613 de
1832 5559 2010 5614 medio
2046 5574 2138 5613 co-

572 5665 715 5709 rum,
751 5657 806 5702 et
833 5648 1192 5717 separamini,
1221 5649 1355 5701 dicit
1393 5646 1681 5713 Dominus,
1713 5661 1767 5704 et
1791 5649 2135 5705 immundum

2179 3226 2220 3282 C

646 5823 687 5853 "
721 5819 879 5871 Prov.
910 5834 990 5882 ιιι,
1022 5819 1107 5872 12.
1189 5821 1223 5850 ⁸⁸
1263 5819 1432 5872 Levit.
1472 5835 1618 5883 xm,
1658 5819 1737 5872 l2.

1761 443 1824 503 s.
1856 440 2173 501 JOANNIS
2203 441 2632 504 DAMASCEXI
2688 423 2694 428 ’

2194 1891 2234 1944 Β

2183 4415 2224 4469 D

3695 449 3770 511 750

2334 577 2350 609 (
2405 557 2493 620 Ὠς
2522 556 2923 629 παιδευόμενοι,
2960 559 3054 612 καὶ
3097 559 3172 630 μὴ
3207 558 3614 628 θανατούμενοι.
3647 580 3661 610 ι

2329 648 2438 701 Καὶ
2470 647 2626 700 τοῦτο
2653 647 2820 716 λέγει,
2852 648 3109 702 δεικνύων
3136 649 3230 702 καὶ
3274 647 3418 710 τίνος
3447 648 3620 700 ἕνεκεν
3644 649 3774 704 ταῦτα

2260 739 2534 807 συγχωρεῖ
2557 738 2586 789 ό
2617 737 2780 801 Θεός·
2814 738 2873 793 ὃν
2899 738 3007 811 γὰρ
3055 741 3245 810 ἀγαπᾷ
3296 740 3522 810 Κύριος,
3565 742 3649 792 καὶ
3689 759 3770 792 7.1:

2257 824 2422 879 δεύει.
3245 851 3248 853 ·

2334 937 2353 968 ‹
2395 916 2482 981 Ὠς
2510 916 2843 988 λυπούμενοι
2868 959 2883 984 ,
2937 919 3025 973 ἀεὶ
3071 919 3128 972 δὲ
3159 920 3440 991 χαίροντες
3461 938 3475 951 ·
3503 923 3576 985 ὡς
3596 927 3774 991 πτωχοὶ,

2258 1007 2488 1073 πολλοὺς
2532 1009 2590 1062 δὲ
2635 1009 3050 1074 πλουτίζοντεςο
3111 1011 3186 1075 ὡς
3235 1012 3402 1082 μηδὲν
3445 1012 3664 1082 ἔχοντες,
3708 1020 3776 1067 καὶ

2259 1102 2436 1155 πάντα
2467 1102 2809 1170 κατέχοντες.
2840 1121 2859 1153 ι

2328 1192 2488 1262 Παρά
2525 1193 2623 1262 μὲν
2650 1193 2758 1264 γὰρ
2786 1195 2898 1256 τοῖς
2936 1192 3040 1260 ἔξω
3074 1193 3495 1264 ὑποπτευόμεθα
3539 1197 3592 1247 ὲν
3617 1196 3776 1268 ἀθυμίᾳ

2259 1279 2415 1348 εἶναι,
2432 1286 2594 1354 ἡμεῖς
2613 1284 2668 1337 δὲ
2688 1285 2786 1354 τὴν
2805 1284 3000 1356 ἡδονὴν
3017 1285 3376 1354 ἀκμάζουσαν
3405 1285 3614 1355 ἔχομεν.
3636 1288 3778 1340 Ταῦτα

2258 1376 2313 1429 δὲ
2346 1376 2522 1430 πάντα
2554 1377 2722 1444 λέγει,
2763 1377 3001 1430 κελεύων
3040 1376 3115 1447 μὴ
3159 1379 3527 1447 ταράττεσθαι
3567 1381 3671 1440 ταῖς
3701 1379 3777 1430 τῶν

2260 1466 2470 1520 πολλῶν
2491 1467 2688 1532 δόξαις,
2723 1467 2824 1520 κᾶν
2852 1468 3089 1531 πλάνους
3127 1468 3350 1535 λέγωσι,
3378 1470 3485 1520 κᾶν
3511 1469 3778 1530 καταδίκους

2260 1556 2543 1626 νομίσωσι,
2575 1556 2677 1610 κᾶν
2727 1557 3132 1621 ἐπιθανατίους,
3165 1557 3266 1611 κᾶν
3291 1558 3601 1625 λυπεῖσθαι,
3631 1557 3712 1612 κᾶν
3739 1560 3777 1609 ὲν

2260 1650 2500 1720 πτωχεία
2528 1647 2689 1717 εἶναι,
2713 1650 2815 1704 κᾶν
2840 1651 3004 1722 μηδὲν
3039 1651 3202 1721 ἔχειν.

2335 1846 2353 1880 t
2393 1828 2466 1881 Τὸ
2491 1827 2666 1898 στόμα
2694 1828 2851 1913 ἡμῶν
2883 1830 3092 1899 ἀνέῳγε
3121 1829 3259 1901 πρὸς
3290 1828 3465 1900 ὑμᾶς,
3491 1829 3770 1898 Κορίνθιοι.»

2331 2005 2741 2074 Διηγησάμενος
2770 2003 2839 2056 τὰ
2865 2003 3114 2073 περὶτῶν
3155 2002 3350 2057 ἑαυτοῦ
3387 2003 3683 2074 πειρασμῶν
3709 2005 3773 2052 x1".

2263 2097 2516 2166 θλίψεων,
2547 2098 2626 2160 είς
2662 2097 2755 2149 τὸν
2786 2097 2914 2167 περὶ
2932 2096 3029 2166 τῆς
3053 2095 3270 2165 ἀγάπης
3303 2094 3615 2166 μεταϐαίνει
3642 2093 3770 2157 λόγον·

2261 2189 2444 2257 ὅμοιον
2468 2187 2526 2240 δὲ
2565 2188 2640 2251 ὼς
2663 2190 2711 2241 εί
2735 2187 2886 2256 λέγοι
2910 2202 2924 2216 ⁸
2971 2187 3084 2240 Ούκ
3115 2186 3431 2257 ἀνεχόμεθα
3462 2187 3651 2255 σιωπᾷν
3675 2183 3771 2250 πρὸς

2262 2281 2429 2351 ὑμᾶς,
2455 2279 2592 2332 ἀλλὰ
2621 2280 2715 2332 καὶ
2744 2277 3119 2349 ἐπιθυμοῦμεν
3152 2275 3492 2346 φθέγξασθαι
3535 2276 3620 2328 καὶ
3641 2272 3772 2326 διαλὲ-

2260 2372 2451 2443 γεσθαι
2489 2373 2618 2443 ύμῖν
2642 2414 2659 2439 ,
2690 2373 2826 2442 ὅπερ
2852 2369 2971 2434 ἔθος
2995 2368 3104 2422 τῶν
3134 2366 3478 2437 ἀγαπώντων
3509 2365 3656 2419 ἐστίν.

2335 2574 2352 2608 ι
2396 2556 2464 2608 Ἦ
2502 2553 2698 2626 καρδία
2724 2552 2881 2626 ἡμῶν
2906 2552 3265 2606 πεπλάτυται.
3300 2566 3320 2599 ι

2328 2647 2517 2719 Θερμὴ
2547 2648 2655 2716 γὰρ
2685 2642 2818 2698 οὖσα
2849 2647 2882 2712 ἡ
2913 2643 3100 2711 ἀγάπη
3123 2683 3138 2706 ,
3175 2641 3268 2694 καὶ
3300 2638 3366 2691 τὸ
3398 2636 3566 2706 στόμα
3591 2631 3768 2687 ἀνεπτέ-

2259 2754 2400 2809 ρωσε
2427 2735 2661 2797 Παύλου,
2687 2735 2780 2787 καὶ
2804 2733 2901 2803 τὴν
2931 2731 3160 2802 καρδίαν
3191 2730 3514 2782 ἐπλάτυνεν.
3539 2724 3654 2778 Οὐδὲ
3693 2723 3767 2788 γὰρ

2255 2831 2333 2901 τῷ
2360 2831 2590 2900 στόματι
2614 2827 2772 2897 φιλῶ,
2807 2826 2992 2896 φησιν,
3015 2822 3151 2877 ἀλλά
3176 2823 3271 2875 καὶ
3305 2820 3412 2892 τὴν
3449 2816 3652 2888 καρδίαν
3678 2831 3766 2865 σνν-

2256 2921 2379 2993 ᾁδου
2389 2938 2486 2974 σαν
2515 2919 2641 2989 ἔχω.

2332 3032 2350 3064 ι
2381 3012 2455 3065 Ού
2486 3008 2905 3079 στενοχωρεῖσθε
2932 3008 2989 3059 ὲν
3011 3007 3166 3077 ἡμῖν.
3206 3023 3223 3056 ι

2328 3102 2537 3164 Πάντας
2566 3100 2714 3152 ἔνδον
2742 3079 2957 3168 ἔχομεν,
2987 3097 3139 3166 φησι,
3171 3097 3266 3148 καὶ
3287 3093 3416 3147 οὐδὲ
3444 3091 3589 3147 τοῦτο
3610 3086 3760 3146 ἀπὶ-ὧς.

2254 3191 2390 3246 ἀλλὰ
2422 3191 2559 3261 μετά
2595 3189 2936 3258 εὐρυχωρίας
2966 3186 3190 3256 πολλῆς.

2337 3303 2352 3335 ι
2382 3280 2812 3352 Στενοχωρεῖσθε
2843 3279 2899 3331 δὲ
2927 3279 2984 3332 ἐν
3013 3280 3125 3342 τοῖς
3153 3276 3488 3346 σπλάγχνοις
3517 3272 3666 3344 ὑμῶν.
3686 3268 3762 3335 Τὴν

2254 3376 2310 3429 δὲ
2339 3375 2507 3445 αὐτὴν
2543 3361 2914 3441 ἀντιμισθίαν.
2946 3388 2964 3422 ι

2325 3468 2435 3519 Καὶ
2463 3468 2496 3537 ἡ
2523 3463 2840 3534 ἐπιτίμησις
2875 3461 3013 3533 μετὰ
3049 3459 3264 3530 φειδοῦς
3304 3460 3509 3528 πολλῆς
3550 3453 3759 3527 πρθσάγε-

2253 3578 2364 3614 ται.
2385 3559 2500 3612 υύκ
2521 3553 2641 3610 εἷπε
2664 3556 2795 3626 γὰρ,
2825 3554 2887 3607 ού
2913 3553 3116 3623 φιλεῖτε
3146 3553 3313 3624 ἡμᾶς,
3347 3551 3466 3606 ἁλλ’
3493 3551 3567 3604 ὅτι
3591 3549 3640 3600 οὔ
3665 3544 3760 3614 μετά

2252 3649 2345 3704 τοῦ
2377 3649 2541 3703 αὑτοῦ
2588 3647 2810 3718 μέτρου.

2327 3759 2344 3792 ι
2395 3741 2483 3803 Ὠς
2515 3739 2726 3801 τέκνοις
2771 3737 2948 3804 λέγω·
3010 3733 3351 3804 πλατύνθητε
3403 3733 3496 3788 καὶ⁵
3520 3732 3670 3801 ὑμεῖς.
3698 3727 3760 3791 Μὴ

2251 3833 2467 3902 γίνεσθε
2523 3829 2971 3902 ἑτεροζυγοῦντες
3017 3828 3286 3890 ἀπίστοις.
3327 3826 3431 3890 Τίς
3476 3823 3576 3894 γὰρ
3611 3819 3760 3890 μετοκῇ

2251 3923 2564 3996 δικαιοσύνῃ
2613 3928 2708 3976 καὶ
2750 3922 2996 3992 ἀνομίας
3044 3920 3077 3990 ἢ
3113 3919 3194 3982 τίς
3236 3918 3497 3972 κοινωνία
3525 3907 3760 3986 (ptatisz

2255 4018 2480 4084 σκότος;
2509 4015 2592 4079 τίς
2621 4014 2678 4067 δὲ
2717 4012 3070 4084 συμφώνησις
3110 4008 3348 4081 Χριστοῦ
3391 4029 3411 4061 ι

2334 4193 2477 4245 Ἀντῖ
2499 4190 2616 4255 τοῦ,
2646 4187 2798 4242 οὐδὲν
2833 4186 2975 4256 μέγα
3011 4184 3169 4250 αἰτῶ,
3222 4187 3268 4236 εί
3304 4187 3491 4255 πατὴρ
3510 4186 3594 4248 ὢν,
3623 4175 3758 4249 βούλο-

2254 4304 2351 4358 μαι
2384 4282 2651 4353 φιλεῖσθαι
2679 4280 2808 4350 παρ’
2837 4279 3012 4347 ὑμῶν.

2331 4395 2348 4427 ι
2371 4376 2514 4441 Πρὸς
2537 4372 2765 4442 Belica;
2797 4371 2936 4441 ἥτις
2967 4370 3125 4442 μερὶς
3151 4369 3328 4440 πιστῷ
3358 4369 3498 4439 μετά
3516 4364 3718 4431 ἀπίστῳ;
3743 4376 3755 4406 ι

2334 4466 2392 4519 '0
2430 4465 2762 4530 ἀποστάτης;
2791 4464 2856 4530 τῇ
2898 4460 3166 4530 Ἐϐραίων
3203 4461 3377 4528 φωνῇ.

2329 4578 2347 4609 ι
2374 4557 2467 4619 Τίς
2512 4556 2569 4608 δὲ
2606 4552 3005 4623 συγκατάθεσις
3040 4550 3152 4619 ναῷ
3181 4549 3315 4602 Θεοῦ
3373 4548 3514 4619 μετά
3545 4542 3757 4598 εἰδώλωνς

2251 4648 2410 4716 ὑμεῖς
2442 4645 2549 4715 γὰρ
2591 4643 2715 4706 ναὸς
2764 4643 2899 4695 Θεοῦ
2940 4642 3065 4694 ἐστε
3119 4640 3342 4711 ζῶντος,
3386 4637 3562 4698 καθὼς
3596 4628 3757 4687 εἴπινὸ

2250 4739 2400 4792 θεός.
2434 4757 2452 4789 ι

2321 4829 2457 4883 Οὔτε
2480 4831 2508 4883 ὁ
2545 4827 2796 4899 βασιλεὺς
2837 4825 2993 4896 ὑμῶν
3021 4824 3133 4894 ἔχει
3163 4841 3216 4876 τι
3247 4822 3424 4875 κοινὸν
3462 4819 3588 4891 πρὸς
3619 4809 3752 4899 αὐτόν.

2249 4922 2343 4983 Τίς
2368 4921 2476 4990 γὰρ
2506 4898 2860 4989 σύμφώνησις
2900 4913 3138 4986 Χριττοῦ
3181 4913 3316 4984 πρὸς
3344 4912 3567 4980 Βελίαρ;
3590 4903 3687 4957 οὔτε
3709 4898 3753 4949 τὰ

2249 5013 2579 5082 πράγματα·
2629 5011 2710 5072 τίς
2743 5011 2852 5078 γὰρ
2909 5006 3165 5061 κοινωνία
3215 5004 3356 5073 φωτὶ
3411 5003 3544 5073 πρὸς
3586 4994 3752 5050 σκότοςέ

2243 5104 2437 5159 οὐκοῦν
2459 5103 2580 5156 οὐδὲ
2609 5103 2752 5172 ὑμᾶς
2779 5101 2881 5154 δεῖ.

2320 5217 2337 5248 ι
2395 5194 2690 5265 Ἐνοικήσω
2713 5197 2772 5248 ὲν
2822 5194 3028 5258 αὐτοῖς,
3077 5193 3172 5246 καὶ
3213 5186 3654 5260 ὲμπεριπατήσωο
3684 5171 3752 5226 καὶ

2244 5290 2436 5358 ἔσομαι
2465 5287 2643 5340 αὐτῶν
2671 5287 2821 5350 Θεὸς,
2854 5287 2949 5339 καὶ
2983 5287 3134 5338 αὐτοὶ
3166 5282 3377 5336 ἔσονταί
3405 5297 3504 5352 μου
3527 5273 3649 5333 λαός·
3671 5285 3693 5358 _’

2315 5378 2531 5445 Φεύγων
2548 5381 2646 5446 τὴν
2665 5377 2955 5430 κολακείαν
2977 5374 3254 5446 μαρτυρίᾳ
3279 5370 3554 5425 πιστοῦται
3581 5361 3633 5415 τὸ
3649 5353 3747 5411 εἶναι

2245 5469 2442 5530 αὐτοὺς
2470 5467 2631 5528 ναοὺς
2657 5465 2814 5519 Θεοῦ.
3677 5529 3680 5532 _

2320 5579 2337 5610 ι
2369 5558 2457 5611 Διὸ
2489 5557 2741 5624 ἐξέλθατε
2781 5558 2845 5608 ὲκ
2878 5555 3042 5625 μέσου
3100 5553 3298 5616 αὐτῶν,
3333 5552 3426 5605 καὶ
3454 5537 3742 5634 ἀφορίςθηξξο

2246 5651 2391 5720 λέγει
2420 5649 2641 5721 Κύριος,
2674 5647 2769 5702 καὶ
2800 5645 3110 5715 ἀκαθάρτου
3139 5643 3214 5714 μὴ
3241 5639 3492 5702 ἅπτεσθε,
3521 5625 3741 5697 κάγὼείσ”
