4048 6412
186 365 284 434 id

1311 374 1397 435 ἸΝ
1413 376 1657 438 EPIST.
1693 377 1794 437 AD
1822 377 2183 442 ‘CORINTH.
2217 327 2299 444 Ii.

3330 389 3436 451 7i?!

189 479 407 549 δέξομαι
431 479 575 550 ὑμᾶς
593 497 607 512 ⁸
637 481 732 535 καὶ
756 480 952 551 ἔσομαι
968 483 1104 552 ύμῖν
1126 483 1203 547 είς
1229 484 1468 556 Πατέρα,
1492 488 1586 539 καὶ
1607 488 1742 556 ὑμεῖι

1867 506 1937 545 ne
1970 493 2268 562 lctigeritis
2294 511 2307 546 :
2337 500 2391 546 et
2418 507 2520 563 ego
2538 491 2804 563 recipiam
2824 507 2921 547 vos
2949 500 3040 548 :et
3063 507 3162 548 ero
3193 496 3347 551 vobis
3379 498 3434 551 in

193 567 379 620 ἔσεσθέ
412 585 524 638 μοι,
560 572 642 633 εἰς
674 571 821 635 υἱοὺς
866 571 1322 645 καὶὋυγατέρας,
1374 574 1522 644 λέγει
1562 575 1764 647 Κύριος

195 655 605 727 παντοκράτωρ.
643 676 661 710 ι

783 751 1033 806 ΚΕΦΑΛ.
1074 753 1149 806 Z'.

266 856 287 889 ί
318 838 532 901 Ταύτας
560 833 653 891 οὖν
686 838 903 909 ἔχοντες
936 841 1033 904 τὰς
1061 842 1417 911 ἐπαγγελίας,
1456 844 1757 915 ἀγαπητοὶ,

182 928 571 1001 καθαρίσωμεν
619 930 849 995 ἐαυτοὺς
878 931 987 985 άπὸ
1018 933 1221 997 παντὸς
1246 935 1525 1006 μολυσμοῦ
1559 937 1761 1008 σαρκὸς

181 1022 276 1073 καὶ
316 1020 647 1092 πνεύματος,
675 1021 1053 1087 ἐπιτελοῦντες
1077 1024 1410 1095 ἁγιωσύνην.
1441 1044 1460 1077 ι

252 1113 325 1165 Οὐ
349 1115 459 1184 γάρ
489 1113 549 1167 τὸ
577 1114 653 1186 μὴ
679 1115 991 1187 ἀκαθάρτου
1022 1115 1289 1170 ἅπτεσθαι
1320 1119 1464 1171 ποιεῖ
1494 1116 1754 1190 καθαρὸν,

178 1204 315 1257 ἀλλὰ
349 1206 444 1259 καὶ
468 1204 643 1260 ἄλλων
669 1208 803 1277 ἡμῖν
828 1207 990 1279 χρεία
1022 1206 1158 1278 πρὸς
1186 1208 1247 1261 τὸ
1268 1208 1522 1277 γενέσθαι
1545 1210 1607 1277 άγ
1623 1209 1754 1273 ίους,

178 1296 440 1367 σπουδῆς,
482 1299 779 1370 προσοχῆς,
825 1300 1140 1368 εὐσεϐείας,
1200 1302 1293 1354 καὶ
1345 1299 1530 1365 άπλῶς
1581 1304 1755 1355 εἰπεῖν

175 1387 382 1456 ἀρετῆς
410 1388 612 1459 πάσης.

249 1497 271 1530 ε
313 1477 403 1531 Ἐν
428 1481 579 1551 φόϐῳ
602 1480 759 1537 Θεοῦ.
802 1499 823 1534 υ

246 1567 410 1621 Ἔστι
460 1570 572 1641 γὰρ
624 1572 893 1626 ἐπιτελεῖν
938 1571 1295 1644 σωφροσύνην
1339 1573 1439 1627 οὐκ
1495 1572 1554 1626 ἐν
1603 1572 1751 1642 φόϐῳ

172 1658 334 1724 Θεοῦ,
367 1660 504 1715 ἀλλὰ
548 1661 638 1716 διὰ
689 1664 1025 1731 κενοδοξίαν·
1057 1664 1232 1728 ἄλλως
1262 1681 1323 1717 τε
1378 1664 1472 1718 καὶ
1503 1664 1602 1736 τὴν
1634 1664 1750 1718 ὁδὸν

171 1750 272 1818 τῆς
308 1754 661 1827 σωφροσύνης
694 1758 844 1827 ἡμᾶς
870 1757 1128 1821 διδάσκει,
1153 1757 1432 1827 μονονουχὶ
1457 1756 1629 1826 λέγων
1653 1774 1666 1787 ·
1698 1758 1748 1810 εί

1866 580 2112 646 Patrem,
2171 591 2227 638 et
2259 599 2358 639 vos
2396 584 2557 641 eritis
2594 586 2730 641 mihi
2787 585 2843 639 in
2883 585 3028 640 lilios
3056 594 3112 641 et
3144 586 3312 652 tilias,
3351 588 3453 642 di--~

1865 675 1938 727 cit
1974 673 2131 745 140
2168 674 2435 732 Dominus
2466 676 2844 745 omnipotens.
2886 693 2904 726 ι
2970 738 2973 741 δ

2536 764 2686 820 CAP.
2720 765 2830 819 νη.

1946 850 2108 907 Vens.
2142 851 2192 906 l.
2232 870 2249 904 ι
2304 854 2415 911 Has
2466 871 2598 928 ergo
2648 857 2915 912 habentes
2992 857 3431 926 promissiones,

1859 945 2210 1011 charissimi,
2270 947 2603 1004 mundemus
2661 962 2763 1003 nos
2832 950 2901 1003 ab
2962 949 3113 1003 omni
3174 949 3433 1019 inquina-

1859 1047 2042 1092 mento
2063 1042 2252 1095 carnis
2274 1048 2329 1095 et
2355 1039 2609 1110 spiritus,
2643 1037 2989 1110 perlicientes
3017 1039 3424 1095 sanctitatenm

1926 1126 2045 1181 Non
2077 1128 2227 1182 enim
2262 1129 2606 1184 immundum
2633 1144 2741 1183 non
2776 1129 3126 1197 contingere,
3157 1129 3433 1182 hocmuno

1856 1217 2171 1285 dunbl'acit,
2205 1219 2299 1274 sed
2331 1221 2459 1275 aliis
2487 1235 2710 1289 quoque
2738 1235 2884 1291 opus
2914 1218 3189 1274 habemus
3222 1227 3278 1272 ut
3299 1235 3430 1274 San-

1855 1306 1929 1359 cti
1959 1305 2154 1371 simus,
2194 1306 2476 1375 diligentia
2511 1307 2795 1371 nimirum,
2831 1306 3158 1371 attentione,
3217 1308 3422 1377 pietate

1852 1403 1928 1461 et,
1962 1408 2021 1451 ut
2041 1412 2150 1450 uno
2182 1398 2348 1452 verbo
2374 1398 2680 1463 absolvam,
2709 1399 2998 1469 omnigena
3025 1400 3252 1455 virtute.

1927 1505 1946 1538 ε
1976 1486 2033 1541 in
2060 1487 2257 1543 timore
2289 1488 2379 1544 Dei
2422 1508 2442 1542 ι

1921 1575 2199 1647 Contingit
2243 1578 2388 1632 enim
2424 1586 2483 1632 ut
2517 1578 2750 1632 castitas
2783 1587 2836 1632 et
2881 1578 3149 1633 modestia
3182 1579 3427 1643 colatur;

1850 1683 1959 1723 non
1984 1668 2179 1724 timore
2197 1668 2313 1735 Dei,
2344 1670 2440 1724 sed
2477 1671 2657 1725 inanis
2687 1670 2876 1739 gloria:
2905 1687 3095 1726 causa.
3133 1669 3459 1741 Propterea'

1852 1774 1953 1814 nos
1982 1760 2125 1813 viam
2155 1761 2430 1816 castitatis
2462 1761 2548 1815 his
2578 1761 2696 1816 fere
2742 1762 2925 1817 verbis
2973 1762 3153 1816 docet.
3184 1762 3427 1820 Tametsi

175 1843 267 1896 καὶ
309 1843 683 1919 τυραννικδνῇ
714 1848 1001 1918 ἐπιθυμία,
1032 1849 1147 1903 ἀλλ’
1181 1848 1277 1903 ἐὰν
1300 1851 1636 1921 ὲπιτυχήσῃς
1658 1849 1742 1904 τὸν

1853 1851 2023 1906 libido
2060 1853 2403 1923 tyrannidem
2440 1862 2684 1917 exercet,
2723 1854 2886 1908 modo
2921 1855 3171 1909 timorem
3206 1855 3299 1910 Dei
3333 1858 3432 1911 ha-

173 1933 265 1987 τοῦ
320 1934 457 1989 Θεοῦ
513 1937 719 2007 φόϐον,
777 1939 1104 2004 καταλύσεις
1157 1942 1326 2011 αὐτῆς
1366 1941 1465 2012 τὴν
1526 1942 1744 2012 μανίαν.

182 2026 553 2098 ’Δγιωσύνην
598 2029 656 2083 δὲ
685 2031 938 2095 ἐνταῦθα,
991 2033 1053 2086 οὐ
1091 2033 1190 2104 τὴν
1221 2034 1573 2106 σωφροσύνην
1602 2035 1747 2105 λέγει

172 2119 356 2189 μόνον,
381 2119 517 2174 ἀλλὰ
540 2120 636 2174 καὶ
672 2122 851 2193 πάσης
881 2123 1153 2197 ἁμαρτίας
1184 2125 1535 2197 ἀπαλλαγήν.

237 2225 260 2258 ε
308 2208 611 2280 Χωρήσατε
642 2210 806 2280 ὑμᾶς.
850 2230 870 2263 ι

233 2297 413 2351 Πάλιν
439 2298 529 2354 τὸν
558 2302 685 2372 περὶ
712 2303 934 2375 ἀγάπης
960 2308 1099 2359 κινεῖ
1128 2305 1309 2375 λόγον,
1346 2307 1652 2363 συστέλλων
1686 2310 1745 2363 τὸ

170 2388 343 2457 τραχὺ
367 2388 469 2459 τῆς
493 2391 883 2463 ἐπιτιμήσεως.
919 2394 1064 2465 Ὅρα
1111 2396 1169 2449 δὲ
1207 2397 1323 2460 πῶς
1370 2399 1465 2452 καὶ⁵
1499 2399 1746 2465 ἐλεεινῶς

167 2478 240 2543 τὸ,
269 2480 615 2547 Χωρήσατε.
668 2484 893 2555 Ὅμοιον
938 2485 994 2538 δὲ
1023 2486 1100 2550 ὡς
1132 2490 1182 2541 εί
1223 2487 1409 2557 λέγοι·
1458 2490 1553 2553 Τίς
1596 2494 1746 2563 ἡμᾶς

165 2568 468 2639 ἀπήλασεν,
489 2572 645 2642 φησὶ,
675 2574 759 2638 τίς
786 2574 1013 2639 ἐξέϐαλε
1043 2576 1143 2647 τῆς
1173 2578 1414 2643 διανοίας
1429 2580 1526 2651 τῆς
1549 2581 1744 2651 ὑμετέ-

164 2678 302 2732 ρας;
334 2664 500 2718 πόθεν
533 2668 1016 2740 πενοχωρούμεθα
1042 2672 1103 2725 ἐν
1143 2672 1305 2740 ύμῖν;

233 2772 253 2805 r
294 2755 501 2809 Οὐδένα
540 2756 899 2829 ἠδικήσαμεν.
938 2779 959 2813 ι

230 2842 379 2915 Ὅρα
420 2846 539 2911 πῶς
569 2848 733 2902 πάλιν
762 2850 822 2902 ού
848 2849 1034 2922 τίθησι
1084 2853 1184 2917 τὰς
1214 2854 1569 2925 εὐεργεσίας,
1626 2855 1742 2910 ἀλλ’

162 2935 567 3009 ἐπαχθέστερον
595 2940 689 2995 καὶ
722 2940 1165 3016 πληκτικώτερον
1194 2944 1286 3000 τὸν
1319 2946 1476 3016 λόγον
1507 2950 1666 3001 ποιεῖ.

234 3047 252 3079 ι
302 3030 512 3084 Οὐδένα
541 3031 896 3104 ἐφθείραμεν.
935 3052 954 3085 ›

227 3122 545 3226 Τρυτέστιν,
566 3124 765 3226 ,οὐδένα
818 3128 1196 3226 ὴπατήσαμεν,
1227 3128 1418 3201 ὥσπερ
1455 3130 1552 3184 καὶ
1581 3131 1740 3186 άλλα-
1768 3168 1810 3226 c

1850 1942 2011 2007 beas,
2051 1942 2291 1999 furorem
2336 1944 2459 2015 ejus
2501 1945 2867 2001 destruxeris.
2907 1943 3083 1999 Porro
3124 1947 3428 2000 sanctitatis

1850 2034 2093 2099 nomine,
2125 2050 2232 2090 non
2269 2035 2445 2091 solum
2478 2038 2786 2091 castitatem
2822 2044 2874 2091 et
2910 2036 3233 2092 modestiam
3278 2036 3427 2091 indi-

1848 2132 1955 2187 cat,
1984 2139 2172 2179 verum
2199 2134 2253 2180 et
2279 2126 2645 2181 omnimodam
2685 2126 3085 2180 immunitatem
3105 2141 3135 2179 a
3161 2133 3385 2197 peccato
3408 2164 3424 2180 .

1922 2209 2085 2266 Vens.
2120 2212 2175 2265 2.
2211 2230 2230 2264 ι
2259 2212 2454 2284 Capite
2481 2230 2602 2270 nos.
2647 2233 2666 2268 ι
3404 2270 3405 2279 χ

1924 2300 1994 2357 De
2024 2303 2294 2359 charitate
2320 2314 2500 2360 movet
2536 2306 2738 2360 iterum
2763 2320 3097 2370 sermonem,
3137 2313 3191 2359 et
3228 2305 3427 2374 objur-

1847 2395 2085 2463 gationis
2108 2396 2354 2451 retundit
2379 2398 2760 2467 asperitatem.
2787 2396 2922 2452 Vide
2940 2406 3118 2452 autem
3141 2397 3423 2467 quomodo

1848 2496 2121 2555 quantave
2152 2488 2660 2542 commiseratione.
2694 2486 2881 2556 Capite
2910 2504 3027 2542 nos.
3068 2486 3237 2552 Quasi
3271 2485 3425 2540 dice-

1846 2585 1960 2632 ret:
1995 2578 2129 2645 Quis
2160 2593 2263 2634 nos
2287 2580 2519 2648 expulit,
2554 2577 2770 2649 inquit?
2802 2578 2929 2649 quis
2961 2594 2990 2633 e
3024 2587 3206 2632 mente
3245 2585 3423 2630 vestra

1846 2683 1950 2723 nos
1981 2669 2195 2738 abegit?
2218 2684 2388 2740 quare
2418 2671 2473 2724 in
2503 2671 2658 2725 vobis
2689 2669 3078 2726 coarctamnr?

1923 2777 1942 2811 ι
1978 2759 2257 2815 Neminem
2293 2762 2556 2816 laesimus.
2592 2780 2611 2813 ι

1916 2850 2115 2920 Aspice
2144 2852 2421 2921 quomodo
2473 2867 2692 2907 rursum
2724 2866 2833 2907 non
2869 2859 3116 2907 recenset
3140 2850 3424 2918 beneficia,

1846 2940 1942 2995 sed
1975 2942 2246 2996 acriorem
2269 2953 2323 2997 et
2351 2943 2663 3014 graviorem
2697 2943 3003 2998 orationem
3036 2942 3221 2997 struit.

1922 3051 1941 3085 ι
1977 3029 2257 3088 Neminem
2286 3035 2657 3103 corrupimus.
2706 3051 2725 3086 ι

1916 3123 1971 3178 ld
1998 3130 2105 3187 est,
2132 3125 2411 3179 neminem
2434 3123 2754 3194 decepimus
2779 3141 2793 3178 :
2818 3121 3282 3194 quemadmodum
3318 3120 3394 3175 sci
3412 3149 3428 3161 -

154 3214 253 3282 χοῦ
265 3213 427 3282 λέγει
451 3230 465 3245 ο
486 3214 710 3283 Μήπως
730 3218 809 3285 ὡς
835 3222 869 3273 ὁ
889 3220 1025 3289 ὄφις
1039 3216 1208 3275 Εὔαν
1226 3220 1566 3291 ἠπάτησεν,
1585 3225 1739 3279 οὕτω

1847 3217 1969 3272 licet
1994 3217 2126 3272 alibi
2163 3218 2275 3271 ait:
2308 3216 2388 3271 Ne
2418 3217 2555 3287 forte
2582 3217 2718 3270 sicut
2748 3232 2958 3286 serpens
2989 3214 3157 3270 Evam
3182 3215 3417 3278 seduxit,

159 3304 364 3374 φθαρῇ
393 3305 467 3359 τὰ
484 3307 751 3377 νοήματα
779 3309 966 3379 ὑμῶν.

229 3415 249 3450 ε
284 3398 499 3452 Οὐδένα
518 3399 1041 3473 ἐπλεονεκτήσαμεν.
1081 3420 1099 3453 ι

227 3489 349 3559 Οὐχ
367 3492 721 3562 ήρπάσαμεν,
759 3494 913 3563 φησι,
943 3496 1013 3549 τά
1033 3514 1192 3551 τινων
1210 3497 1491 3569 χρήματα.

230 3600 253 3633 ε
284 3582 371 3634 Οὐ
399 3583 534 3653 πρὸς
563 3585 891 3655 κατάκρισιν
912 3585 1075 3655 λέγω.
1114 3606 1133 3638 ι

230 3671 468 3744 Ἐπειδὴ
490 3673 688 3746 ᾔσθετο
713 3676 812 3747 τῆς
842 3677 1170 3750 βαρύτητος,
1204 3679 1604 3751 ἐπιδιορθοῦται
1634 3683 1740 3737 πά-

152 3763 253 3819 λιν.

225 3873 246 3908 ε
281 3855 611 3927 Προείρηκα
631 3856 761 3929 γὰρ,
785 3858 867 3914 ὅτι
893 3859 953 3913 ἐν
972 3862 1096 3925 ταῖς
1127 3861 1378 3933 καρδίαις
1405 3860 1563 3932 ήμῶν
1593 3864 1736 3928 ἐστε,

150 3949 229 4012 εἰς
254 3951 322 4003 τὸ
352 3951 751 4007 συναποθανεῖν
776 3954 868 4008 καὶ
896 3954 1084 4027 συξῇν.
1118 3974 1137 4009 ι

214 4042 388 4113 Δῦτη
413 4043 642 4116 μεγίστη
674 4044 856 4113 φιλίας
883 4047 1179 4112 ἀπόδειξις,
1208 4047 1339 4101 ὅταν
1368 4046 1740 4118 καταφρονούο

151 4148 317 4201 μενος
356 4134 451 4186 καὶ
482 4136 876 4191 συναποθανεῖν
894 4138 1080 4202 αὐτοῖς
1100 4139 1325 4210 αἱρῆται
1353 4140 1446 4192 καὶ
1480 4139 1734 4211 συζῆσαι.

149 4222 325 4278 Τοῦτο
365 4224 424 4278 δέ
451 4242 637 4297 φησιν,
699 4230 984 4284 ἐπιτείνων
1030 4229 1128 4301 τὴν
1168 4232 1409 4303 ἀγάπην.
1462 4231 1581 4283 Ἐνι
1628 4231 1737 4302 γὰρ

145 4315 240 4368 καὶ
274 4315 466 4386 φιλεῖν
514 4320 608 4372 καὶ
662 4320 944 4385 κινδύνους
991 4321 1234 4391 φεύγειν,
1264 4322 1380 4376 ἀλλ’
1423 4323 1523 4393 οὐχ
1577 4324 1737 4393 ἡμεῖς

144 4405 315 4473 οὕτω,
358 4408 551 4479 φησίν.
606 4410 666 4464 Ὀ
703 4412 761 4465 δὲ
806 4412 931 4477 νοῦς
964 4407 1139 4477 οὗτος.
1172 4414 1270 4467 “Av
1300 4413 1509 4485 συμϐῇ,
1547 4415 1733 4486 φησὶν,

1845 3306 1922 3362 ita
1954 3319 2361 3377 corrumpantur
2387 3325 2568 3362 sensus
2597 3307 2751 3362 vestri
2782 3309 2847 3363 ¹².

1916 3416 1936 3450 ί
1968 3396 2249 3452 Neminem
2283 3397 2768 3452 circumvenimus.
2809 3413 2830 3449 ι

1912 3488 2031 3544 Non
2060 3490 2372 3559 rapuimus,
2408 3488 2610 3557 inquit,
2652 3489 2883 3541 aliorqu
2918 3486 3237 3543 facultates.

1912 3580 2077 3635 Vens.
2105 3581 2157 3635 '5.
2204 3597 2224 3631 ι
2255 3578 2369 3633 Non
2401 3579 2467 3633 ad
2497 3580 3003 3634 condemnationem
3022 3578 3203 3634 dico.»

1910 3673 2181 3739 Quoniam
2211 3671 2486 3742 persensit
2507 3671 2777 3726 orationis
2794 3670 3144 3741 gravitatem,
3166 3671 3304 3725 hanc
3324 3670 3421 3725 de-

1842 3780 1953 3821 nuo
1977 3764 2230 3834 corrigit.

1917 3874 1936 3907 ¢
1973 3854 2107 3908 Nam
2135 3852 2386 3923 praedixi,
2424 3852 2569 3922 quod
2604 3852 2656 3905 in
2692 3850 2956 3906 cordibus
3006 3850 3215 3906 nostris
3261 3853 3417 3919 estis,

1841 3946 1907 4000 ad
1942 3942 2415 3998 commoriendum
2447 3951 2499 3997 et
2524 3942 2589 3995 ad
2620 3942 3043 3997 conviveudum.
3087 3961 3107 3995 ι

1911 4037 2205 4091 Maximum
2254 4035 2357 4089 hoc
2410 4035 2627 4089 exsistit
2693 4043 3081 4104 argumentum
3137 4035 3414 4101 amicitias,

1840 4129 2061 4200 quando
2094 4128 2187 4199 qui
2233 4128 2558 4197 despicitur,
2580 4126 2626 4180 is
2669 4126 3030 4182 nihilominus
3083 4126 3245 4181 simul
3290 4143 3415 4181 cum

1840 4221 1968 4284 illis,
1991 4228 2045 4275 et
2066 4219 2221 4279 mori,
2246 4226 2300 4272 et
2321 4218 2502 4272 vivere
2523 4217 2711 4287 eligit:
2739 4218 2843 4271 hoc
2862 4226 3045 4271 autem
3067 4218 3165 4279 ait,
3185 4224 3243 4271 ut
3270 4232 3420 4271 amo-

1840 4327 1952 4366 rem
1976 4318 2197 4381 augeat.
2215 4308 2495 4378 Contingit
2512 4308 2679 4371 enim,
2700 4314 2758 4359 ut
2776 4307 2901 4374 quis
2921 4315 3084 4371 amet,
3100 4315 3153 4361 et
3175 4306 3417 4377 pericula

1841 4403 2013 4474 fugiat
2047 4416 2063 4455 :
2098 4416 2201 4456 nos
2230 4416 2362 4455 vero
2389 4416 2499 4454 non
2534 4397 2855 4453 ita.Sensus
2887 4406 3067 4453 autem
3088 4397 3177 4452 hic
3205 4407 3288 4453 est
3316 4414 3328 4449 :
3356 4398 3416 4452 Si

142 4497 518 4568 ἐπενεχθῆναι
540 4499 803 4569 κίνδυνον,
827 4505 1001 4558 πάντα
1029 4503 1245 4575 ἕτοιμός
1273 4506 1390 4576 εἰμι
1420 4506 1559 4577 ὑπὲρ
1582 4497 1734 4576 ὑμῶν

1847 4494 2153 4566 periculum
2183 4492 2471 4562 contingat
2519 4490 2834 4551 imminere,
2888 4490 3271 4559 paratissimus
3294 4506 3414 4544 sum

142 4587 379 4654 παθεῖν,
404 4590 502 4643 καὶ
522 4590 646 4645 οὔτε
672 4594 921 4659 θάνατος,
947 4594 1071 4649 οὔτε
1094 4596 1206 4667 ζωή
1228 4596 1319 4666 μοί
1335 4613 1387 4649 τι
1419 4595 1560 4649 κατὰ
1579 4596 1736 4649 τοῦτο

140 4680 443 4748 φαίνεται·
470 4681 585 4736 ἀλλ’
618 4683 748 4738 ἔνθα
780 4685 876 4739 ἐὰν
908 4685 1039 4758 ζῆτε
1067 4687 1246 4757 ὑμεῖς,
1277 4686 1437 4740 τοῦτο
1460 4688 1585 4758 ἐμοὶ
1604 4705 1732 4757 προν

136 4771 486 4846 τιμώτερον,
520 4774 615 4830 καὶ
644 4774 878 4841 θάνατος
904 4775 1073 4848 ζωῆς,
1111 4778 1207 4833 καὶ
1231 4778 1345 4850 ζωὴ
1373 4778 1626 4834 θανάτου.

140 4944 147 4947 ’
214 4967 237 5001 ε
271 4948 468 5020 Πολλή
506 4966 598 5021 μοι
628 4952 913 5025 παρρησία
937 4952 1073 5024 πρὸς
1091 4954 1236 5025 ὑμᾶς
1255 4970 1271 4986 ’
1298 4954 1464 5025 πολλή
1493 4971 1583 5026 μοι
1613 4954 1737 5008 καύ-

133 5057 299 5113 χησις
329 5040 484 5114 ὑπὲρ
506 5042 680 5114 ὑμῶν.
719 5061 740 5095 ι

208 5133 314 5185 Διὰ
355 5132 541 5200 τοῦτο,
566 5135 722 5206 φησὶ,
761 5136 988 5192 τοιαῦτα
1026 5139 1207 5208 λέγειν
1239 5135 1420 5208 τολμῶ
1441 5177 1456 5201 ,
1505 5136 1566 5190 οὐ
1600 5135 1736 5208 πρὸς

138 5225 509 5297 κατάκρισιν,
540 5227 678 5283 ἀλλὰ
695 5229 784 5283 διὰ
807 5229 908 5298 τὴν
943 5230 1144 5304 πολλὴν
1170 5230 1507 5304 παρρησίαν.

210 5424 231 5456 ι
262 5407 655 5480 Πεπλήρωμαι
682 5413 748 5482 τῇ
781 5412 1146 5483 παρακλήσει.
1182 5430 1200 5463 ι

202 5494 356 5548 Ποία
400 5498 768 5568 παρακλήσει,
823 5501 857 5571 ἢ
914 5504 981 5573 τῇ
1023 5502 1153 5573 παρ’
1181 5502 1357 5573 ὑμῶν,
1389 5502 1471 5554 ὅτι
1508 5498 1733 5571 διορθω-

127 5582 351 5647 θέντες,
397 5588 582 5655 φησὶν,
616 5589 705 5642 διὰ
727 5590 835 5643 τῶν
864 5590 1046 5663 ἔργων
1092 5591 1512 5649 παοακαλέσατέ
1555 5607 1657 5662 μες

201 5789 247 5819 η
289 5788 310 5843 1
344 5785 479 5843 Cor.
521 5804 597 5855 ιι,
632 5788 690 5844 5.

1839 4603 1943 4657 pro
1973 4584 2131 4639 vobis
2160 4582 2270 4654 pati
2299 4599 2313 4636 :
2340 4596 2516 4651 neque
2541 4578 2789 4633 mihihac
2808 4578 2861 4633 in
2886 4595 3078 4643 causa,
3103 4581 3218 4635 sive
3244 4596 3414 4642 mors,

1838 4678 1955 4732 sive
1979 4676 2089 4730 vita
2114 4671 2324 4742 aliquid
2355 4686 2478 4726 esse
2530 4669 2789 4723 videntur
2821 4666 2953 4722 :sed
2986 4669 3115 4721 dum
3140 4684 3237 4723 vos
3267 4670 3416 4723 vim-

1838 4768 1933 4829 tis,
1972 4767 2078 4819 hoc
2104 4763 2345 4817 mihicsl
2392 4758 2719 4831 eligibilius,
2779 4772 3041 4829 morsque
3073 4758 3188 4813 vita
3239 4760 3416 4828 potior

1837 4865 1941 4917 est,
1970 4862 2026 4908 et
2053 4853 2161 4905 vita
2187 4856 2383 4904 morte.

1910 4943 2076 4998 Vens.
2107 4942 2163 4997 4.
2195 4959 2213 4992 ι
2269 4938 2436 4993 Multa
2490 4936 2625 4992 mihi
2684 4937 2884 4993 ﬁducia
2954 4945 3037 4993 est
3082 4937 3225 5008 apud
3270 4951 3410 5004 vos;

1836 5034 2005 5087 multa
2044 5030 2175 5085 mihi
2204 5026 2459 5099 gloriatio
2496 5041 2595 5097 pro
2624 5027 2803 5083 vobis.
2855 5044 2875 5079 ι

1911 5124 2056 5188 Ideo,
2096 5121 2296 5190 inquit,
2357 5118 2474 5172 hare
2529 5117 2706 5172 audeo
2765 5116 2925 5172 vobis
2958 5116 3107 5186 loqui
3145 5131 3160 5177 ;
3202 5130 3308 5167 non
3352 5122 3411 5167 ut

1835 5219 2224 5283 condemnem,
2255 5213 2351 5271 sed
2388 5228 2495 5284 qua
2525 5212 2669 5283 apud
2701 5227 2797 5269 vos
2833 5222 2958 5267 utor
3016 5211 3271 5266 libertate
3324 5209 3410 5264 tli-

1833 5308 2013 5363 cendi.

1844 5428 1845 5431 η
1913 5416 1931 5449 ‹
1967 5394 2230 5464 Repletus
2253 5405 2374 5445 sum
2407 5389 2810 5445 consolatione.
2858 5406 2877 5439 ι

1907 5485 2067 5552 Quali
2124 5497 2257 5537 vero
2311 5480 2712 5545 consolatione,
2751 5478 2854 5535 nisi
2888 5493 2949 5531 ea
2985 5491 3147 5547 quam
3189 5491 3218 5529 a
3260 5476 3413 5529 vobis

1837 5577 2050 5647 accepi,
2088 5589 2193 5645 qua
2224 5572 2453 5629 mutatis
2484 5570 2647 5627 factis
2686 5580 2745 5643 et
2772 5569 3102 5636 emendatis,
3159 5569 3412 5626 solamen

1838 5671 1972 5729 mihi
2015 5666 2279 5723 attulistis
2307 5664 2331 5718 ?
