3910 6406
566 392 673 459 743

1755 381 1817 442 S.
1848 374 2627 445 JOA‘NNISEDAMASCENI

3712 370 3812 433 74L

643 500 798 573 ιιι
857 517 874 551 ι
911 495 1312 568 Snperabundo
1374 491 1571 564 gaudio
1615 489 1672 545 in
1720 489 1869 545 omni
1913 488 2147 544 tribula-

2328 507 2347 539 ι
2380 485 2957 557 Ὑπερπερισσεύομαι
2985 484 3051 555 τῇ
3079 482 3225 555 χαρᾷ
3244 482 3339 536 ἐπὶ
3368 481 3520 551 πάσῃ
3548 483 3612 551 τῇ
3639 480 3815 547 elidat

568 598 716 651 tione
755 600 965 649 nostra.
1009 588 1201 663 [Vens
1232 589 1315 661 5.]
1362 586 1501 642 Nam
1530 600 1656 641 cum
1696 585 2044 641 venissemus
2089 581 2147 636 in

2290 579 2425 651 μῶν.
2468 580 2579 633 Καὶ
2608 577 2718 649 γὰρ
2748 576 3013 631 ἐλθόντων
3039 575 3202 648 ήμῶν
3234 575 3317 639 είς
3345 573 3702 629 Μακεδονίαν.
3724 593 3744 626 ι

570 686 973 749 Macedoniam,
1016 702 1034 735 ι

638 778 699 834 Id
729 789 834 841 est.
867 776 1015 832 haud
1045 775 1281 845 amplius
1318 773 1497 843 lugeo,
1533 769 1631 827 sed
1660 785 1782 825 sum
1819 775 2070 823 sanatus.

644 886 669 924 ι
704 868 921 924 Nullam
950 867 1197 939 requiem
1229 865 1422 919 habuit
1446 879 1574 918 caro
1597 869 1809 916 nostra.
1843 878 1862 910 ι

640 962 782 1028 Quia
838 959 1190 1015 aﬂlictionem
1246 958 1496 1021 dixerat,
1555 960 1763 1025 quanta
1818 964 2034 1021 quoque
2085 960 2151 1003 ea

574 1051 740 1107 fuerit
777 1050 995 1116 eﬂ'atur,
1041 1064 1271 1118 eamque
1326 1047 1508 1101 Verbis
1548 1045 1780 1105 extollit,
1814 1050 1873 1094 ut
1917 1036 2155 1109 explicet

575 1158 736 1213 quam
768 1156 1027 1213 magnum
1061 1140 1259 1194 exinde
1299 1152 1541 1191 amorem
1581 1133 1920 1203 c0nceperit,
1954 1146 2156 1185 conso-

576 1237 980 1305 lationemque,
1038 1239 1094 1287 et
1126 1231 1422 1304 gaudium,
1477 1226 1706 1298 expulso
1760 1223 2153 1278 demum0tam

576 1326 729 1399 gravi
760 1326 968 1381 dolore.

649 1436 669 1470 ι
702 1418 807 1474 Sed
843 1430 1061 1472 omnem
1095 1413 1509 1469 tribulationem
1541 1410 1693 1481 passi
1721 1423 1934 1464 sumus.
1967 1425 1987 1459 ι

645 1506 881 1573 Quinam
916 1507 968 1560 id
997 1507 1200 1559 factum
1230 1504 1320 1569 sit,
1350 1503 1407 1556 in
1439 1500 1705 1558 orationis
1730 1498 1869 1555 serie
1893 1496 2153 1552 declarat.

652 1618 672 1652 ι
704 1597 862 1654 Foris
891 1612 1105 1668 pugnae.
1140 1614 1161 1649 ι

647 1693 731 1748 Ab
756 1691 1077 1747 incredulis.

654 1803 674 1839 ι
708 1787 861 1840 intus
892 1785 1136 1837 timores.
1169 1779 1361 1853 [Vens
1394 1778 1446 1846 6,
1475 1776 1559 1851 7.]
1590 1776 1695 1834 Sed
1718 1777 1813 1849 qui
1844 1776 2159 1832 consolatur

2320 754 2603 820 Τουτέστι,
2625 754 2814 810 πλεῖον
2847 754 2907 808 ού
2937 753 3276 825 λελύπημαι,
3318 754 3756 825 τεθεράπευμαι.

2326 863 2344 897 ι
2370 846 2642 917 Οὑδεμίαν
2668 846 2907 918 ἔσχηκεν
2932 847 3171 918 ἄνεσινή
3212 847 3350 918 σὰρξ
3376 846 3566 916 ἡμῶν.
3589 864 3607 896 ι

2334 937 2555 1010 Ἐπειδὴ
2603 935 2779 1005 εἶπεν,
2827 940 2931 1014 τὴν
2961 938 3177 1011 θλίψιν,
3212 939 3365 1007 λέγει
3407 940 3505 991 καὶ
3539 940 3756 1005 ποταπὴ
3794 938 3824 1005 ἡ

2252 1028 2453 1100 θλίψις,
2492 1033 2588 1086 καὶ⁵
2616 1034 2833 1106 ἐπαίρει
2863 1032 3034 1106 αὐτὴν
3064 1033 3142 1105 τῷ
3167 1031 3333 1103 λόγῳ,
3358 1031 3449 1086 ῐνα
3477 1030 3628 1101 δείξῃ
3657 1030 3827 1097 πόα-ην

2253 1125 2493 1196 σπουδὴν
2533 1126 2597 1179 ἐκ
2654 1126 2898 1193 τούτων,
2952 1126 3047 1180 καὶ
3104 1125 3495 1197 παραμυθίαν,
3532 1124 3626 1178 καὶ
3655 1123 3830 1193 χαρὰν

2253 1219 2533 1295 ἐποίησεν,
2570 1219 2625 1273 εί
2661 1237 2726 1289 γε
2756 1218 3029 1292 τοσαύτην
3060 1219 3446 1290 ἀπεκρούσατο
3474 1217 3696 1287 ὀδύνην.

2333 1418 2351 1449 ι
2392 1397 2531 1451 Ἀλλ’
2562 1398 2620 1452 ἐν
2654 1398 2820 1453 παντὶ
2850 1397 3181 1469 θλιϐόμενοι.
3208 1415 3227 1449 ι

2327 1488 2438 1540 Καὶ
2461 1488 2610 1555 πῶς;
2641 1488 2899 1559 δηλοῦται
2926 1487 3014 1541 διὰ
3049 1487 3157 1541 τῶν
3184 1487 3332 1557 ἑξῆς.

2336 1596 2353 1629 ι
2380 1578 2623 1644 Ἕξωθεν
2659 1579 2853 1650 μάχαι.
2880 1596 2898 1630 ι

2329 1672 2489 1742 Παρὰ
2517 1670 2627 1725 τῶν
2649 1672 2915 1726 ἀπίστων.

2336 1782 2354 1815 ι
2384 1764 2632 1819 Ἐσωθεν
2664 1764 2859 1834 φόϐος·
2903 1762 3065 1819 ἀλλ⁹ό
3126 1762 3462 1834 παρακαλῶν
3492 1763 3628 1826 τοὺς
3656 1778 3839 1815 mars:-

578 1875 837 1938 humiles,
870 1875 1191 1929 consolatus
1219 1882 1305 1929 est
1338 1889 1441 1928 nos
1481 1871 1625 1926 Deus
1648 1871 1703 1925 in
1735 1870 1974 1924 adventu
2020 1868 2152 1923 Titi.

2282 1855 2384 1919 νοῦς
2411 1858 2440 1909 ό
2462 1855 2616 1922 Θεὸς,
2660 1857 3040 1929 παρεκάλεσεν
3067 1856 3219 1927 ἡμᾶς
3247 1859 3304 1910 ἐν
3336 1857 3403 1927 τῇ
3437 1856 3728 1927 παρουσίᾳ
3754 1857 3838 1908 ΤΞ-

581 1962 702 2018 Non
733 1964 931 2025 solum,
958 1972 1139 2017 autem
1174 1964 1230 2018 in
1286 1964 1523 2019 adventu
1553 1962 1676 2033 ejus
1705 2002 1720 2027 ,
1778 1961 1875 2016 sed
1904 1963 2067 2016 etiam
2099 1960 2153 2015 in

580 2055 979 2119 consolatione,
1013 2069 1121 2126 qua
1154 2054 1471 2111 consolatus
1502 2062 1588 2110 est
1616 2054 1671 2107 in
1700 2052 1878 2118 vobis,
1913 2051 2157 2109 referens

580 2144 764 2199 nobis.
793 2163 812 2197 ι

650 2233 883 2308 Propter
919 2236 1168 2293 inﬁrmos
1226 2252 1457 2306 nempe,
1511 2252 1580 2293 ne
1634 2235 1988 2294 seducantur.
2037 2231 2157 2291 Non

582 2328 761 2382 solum
797 2327 944 2383 enim
1004 2329 1311 2385 Corinthiis
1365 2330 1497 2384 talia
1548 2330 1917 2403 signiﬁcabat,
1969 2345 2158 2385 verum

581 2421 746 2477 etiam
781 2421 836 2475 in
863 2421 983 2476 aliis
1011 2420 1167 2477 locis.

658 2530 679 2564 ι
711 2510 964 2567 Vestrum
1007 2512 1366 2578 desiderium,
1399 2519 1645 2570 vestrum
1681 2511 1889 2580 ﬂetum,
1918 2521 2159 2570 vestram

582 2602 983 2658 aemulationem
1014 2620 1114 2674 pro
1150 2619 1258 2669 me,
1295 2604 1370 2658 ita
1403 2612 1461 2658 ut
1500 2606 1675 2674 magis
1712 2604 2030 2675 gauderem.
2066 2624 2086 2657 ι

651 2692 921 2760 Quoniam
948 2709 1143 2765 magna
1168 2694 1237 2750 de
1266 2695 1374 2750 illis
1399 2697 1725 2752 testificatus
1754 2706 1859 2764 est,
1880 2713 1950 2753 ne
1975 2712 2163 2753 assen-

582 2789 687 2841 tari
714 2794 1017 2856 putaretur,
1054 2787 1241 2841 ‘l‘itum
1282 2795 1478 2843 testem
1516 2788 1763 2855 adhibet,
1794 2791 1886 2861 qui
1926 2792 1995 2845 ab
2026 2791 2162 2861 ipsis

582 2877 651 2932 ad
689 2876 917 2932 Paulum
958 2886 1294 2949 perrexerat,
1325 2896 1451 2934 cum
1486 2880 1616 2936 data
1668 2891 1819 2938 esset
1870 2886 2017 2955 prior
2045 2884 2163 2955 epi-

584 2969 749 3025 stola.

659 3059 822 3115 Vsus.
849 3063 903 3126 8,
935 3062 989 3117 9.
1044 3080 1063 3113 ι
1105 3061 1375 3128 Quoniam
1410 3072 1466 3118 et
1498 3064 1546 3119 si
1594 3064 1918 3122 contristari
1958 3082 2057 3121 vos
2107 3066 2163 3122 in

2256 1963 2375 2002 του.
2408 1949 2482 2003 Οὐ
2509 1949 2672 2021 μόνον
2705 1949 2761 2003 δέ
2784 1951 2842 2003 ἐν
2865 1951 2933 2022 τῇ
2964 1950 3240 2021 παρουσία
3274 1945 3465 2015 αὑτοῦ,
3495 1949 3641 2002 ἀλλὰ
3668 1951 3763 2002 καὶ
3794 1950 3841 1999 ἐν

2257 2044 2324 2113 τῇ
2359 2041 2733 2115 παρακλήσειο
2762 2035 2797 2117 ᾖ
2830 2041 3153 2115 παρεκλήθη
3180 2041 3268 2112 ἐφ’
3305 2042 3457 2112 ὑμῖν,
3488 2038 3841 2108 ἀναγγέλλων

2259 2133 2412 2204 ἡμῖν.
2444 2152 2467 2186 ι

2330 2227 2432 2279 Διὰ
2462 2227 2589 2290 τοὺς
2625 2225 2873 2290 ἀσθενεῖς
2896 2226 3005 2279 τῶν
3032 2225 3263 2291 πιστῶν,
3299 2226 3377 2296 μὴ
3419 2224 3840 2297 παρασυρῶσιν.

2261 2316 2399 2371 Ούδέ
2428 2318 2538 2390 γὰρ
2578 2318 2729 2389 παρὰ
2753 2318 3067 2390 Κορινθίοις
3091 2319 3251 2389 μόνον
3277 2317 3510 2372 τοιαῦτα
3542 2319 3649 2388 ἐσή
3661 2334 3842 2389 μανεν,

2260 2406 2399 2463 ἀλλὰ
2428 2409 2524 2462 καὶ
2558 2407 2819 2479 ἀλλαχοῦ.

2337 2520 2357 2554 ι
2383 2501 2497 2574 Τὴν
2544 2501 2701 2574 ὑμῶν
2746 2501 3097 2575 ἐπιπόθησιν,
3128 2501 3219 2555 τὸν
3258 2502 3418 2574 ὑμῶν
3456 2499 3735 2574 ὁδυρμδν,
3765 2503 3843 2553 τὸν

2262 2597 2417 2670 ὑμῶν
2446 2597 2608 2668 ζῆλον
2638 2598 2779 2671 ύπέρ
2804 2599 2963 2671 ἐμοῦ,
2996 2599 3136 2655 ὥστε
3167 2600 3267 2671 ἐμέ
3295 2600 3503 2671 μᾶλλον
3530 2600 3796 2673 χαρῆναι.
3822 2620 3837 2651 ι

2346 2690 2566 2762 Ἐπειδὴ
2602 2690 2816 2761 μεγάλα
2844 2690 3029 2755 αὐτοῖς
3057 2690 3466 2763 ἐμαρτύρησεν,
3492 2690 3589 2745 ἵνα
3624 2693 3707 2763 μὴ
3734 2694 3847 2765 δάξῇ

2263 2778 2604 2844 κολακεύειν,
2640 2780 2896 2852 μάρτυρα
2919 2780 3105 2843 αὐτοῖς
3132 2780 3373 2850 παράγει
3401 2779 3596 2842 Τίτον,
3628 2778 3694 2843 ὃς
3730 2782 3846 2849 παρ’

2264 2873 2444 2927 αὐτῶν
2467 2872 2695 2943 ἀφίκετο
2715 2875 2854 2946 πρὸς
2884 2873 3095 2929 Παῦλον
3128 2875 3268 2945 μετὰ
3296 2872 3394 2945 τὴν
3415 2875 3709 2945 προτέραν
3743 2875 3848 2926 ἐπι-

2266 2965 2482 3036 στολήν.

2345 3078 2364 3110 ι
2392 3060 2516 3112 Ὅτι
2548 3058 2597 3112 εί
2645 3058 2742 3113 καὶ
2774 3058 3024 3128 ἐλύπησα
3071 3058 3216 3129 ὑμᾶς
3253 3058 3311 3111 ἐν
3354 3059 3422 3129 τῇ
3466 3058 3767 3129 ἐπιστολῇ,
3796 3058 3846 3109 οὗ

583 3152 839 3222 epistola,
871 3167 985 3207 non
1033 3168 1119 3207 tne
1158 3156 1430 3224 panitet;
1463 3167 1519 3210 et
1548 3158 1593 3212 si
1628 3159 1937 3226 paeniteret,
1973 3159 2157 3215 videns

2282 3143 2674 3223 μεταμέλομαι,
2710 3153 2758 3204 εί
2792 3151 2889 3206 καὶ
2939 3150 3340 3222 μετεμελόμην.
3366 3150 3572 3204 Βλέπω
3604 3152 3745 3221 γὰρ,
3778 3152 3849 3202 ὅτι

584 3243 731 3314 quod
758 3244 990 3313 epistola
1023 3244 1116 3298 illa
1152 3245 1278 3315 (etsi
1309 3246 1377 3300 ad
1409 3248 1624 3318 horam)
1661 3265 1758 3304 vos
1792 3250 2159 3317 contristavit,

584 3351 726 3388 nunc
757 3335 989 3406 gaudeo,
1028 3352 1140 3392 non
1174 3338 1303 3409 quia
1340 3341 1651 3396 contristati
1681 3343 1838 3398 estis.
1873 3363 1893 3396 ι

656 3424 783 3481 llaec
818 3429 1193 3494 denuntiabat,
1221 3445 1290 3485 eo
1319 3433 1467 3503 quod
1510 3441 1661 3486 tanta
1693 3433 1871 3491 fuerat
1895 3438 2164 3507 pceniten-

585 3516 658 3570 tia
681 3518 1121 3587 Corinthiorum,
1154 3532 1357 3594 quanta
1387 3525 1686 3582 aemulatio.
1717 3526 2162 3596 Ᾰίηιιιιαιὶοιιεηι,

583 3610 896 3665 studiumve
948 3610 1103 3680 dicit,
1150 3628 1261 3683 quo
1296 3614 1475 3684 ipsum
1524 3618 2019 3688 prosequebantur.
2073 3622 2166 3675 Ait

582 3717 717 3773 ergo
746 3720 760 3758 :
797 3703 933 3769 Quia
958 3700 1055 3758 vos
1086 3706 1302 3760 accensi
1330 3707 1465 3761 estis
1486 3716 1540 3762 et
1574 3705 1918 3774 inflammati,
1944 3712 2165 3781 quando

582 3795 869 3866 epistolam
904 3811 1082 3851 meam
1112 3798 1425 3868 accepistis,
1462 3799 1670 3855 idcirco
1698 3804 1896 3857 eximie
1930 3808 2161 3875 gaudeo.

657 3904 677 3938 ι
716 3887 825 3943 Sed
858 3890 988 3958 quia
1023 3892 1338 3945 contristati
1371 3895 1508 3949 estis
1532 3895 1599 3949 ad
1635 3898 2038 3966 paenitentiam.
2068 3919 2089 3952 ι

650 3979 970 4052 Apologiam
1010 3986 1145 4038 texit
1173 3986 1420 4054 epistola:
1453 3988 1680 4056 prioris.
1704 3988 1842 4045 Nam
1874 4007 1998 4046 cum
2038 4009 2165 4064 pec-

582 4080 764 4126 catum
798 4072 1153 4127 emendatum
1201 4084 1370 4138 esset,
1410 4079 1550 4132 citra
1591 4081 1897 4149 periculum
1949 4094 2163 4154 poterat

581 4179 678 4219 eos
712 4179 935 4220 curare.
968 4164 1126 4221 Velut
1172 4170 1218 4221 si
1281 4168 1531 4228 diceret:
1575 4173 1842 4238 Quamvis
1892 4175 1966 4229 ita
2025 4179 2164 4232 scri-

583 4256 837 4326 psissem,
885 4264 946 4310 ut
980 4256 1385 4327 obiurgationis
1414 4268 1799 4332 transgressus
1829 4282 2007 4321 essent
2047 4283 2164 4323 mo-

582 4346 735 4411 dum,
773 4354 827 4400 et
861 4362 1006 4399 nunc
1042 4362 1128 4402 me
1172 4350 1500 4419 paeniteret;
1544 4361 1786 4410 attamen
1834 4357 2027 4427 ingens
2078 4361 2162 4415 lu-

583 4452 739 4491 crum
768 4437 913 4505 quod
951 4438 1078 4494 inde
1108 4438 1235 4502 feci,
1280 4457 1391 4497 non
1428 4459 1513 4499 me
1543 4446 1795 4514 permisit
1826 4452 2154 4519 poenitentia

2265 3242 2298 3309 ή
2340 3238 2599 3310 ἐπιστολὴ
2657 3240 2866 3311 ἐκείνη,
2908 3242 2957 3295 εί
3014 3240 3112 3293 καὶ
3166 3240 3306 3311 πρὸς
3361 3238 3520 3312 ὥραν
3552 3242 3850 3311 ,ἐλύπησεν

2267 3330 2433 3401 ὑμᾶς,
2475 3330 2571 3384 νῦν
2606 3332 2804 3403 χαίρω,
2838 3331 2935 3403 ούχ
2956 3333 3038 3385 ὅτι
3063 3330 3397 3404 ἐλυπήθητε,
3426 3352 3443 3384 ι

2337 3420 2524 3475 Ταῦτα
2555 3422 2902 3493 ἀπήγγελλεν
2922 3423 2971 3488 ιι,
3008 3423 3089 3476 ὅτι
3118 3422 3389 3494 τοσαύτην
3419 3422 3738 3494 μετάνοιαν
3764 3424 3853 3494 τὴν

2268 3513 2576 3580 Κορινθίων
2598 3555 2613 3580 ,
2650 3515 2742 3567 τὸν
2772 3514 2956 3584 ζῆλον.
2990 3514 3197 3583 Ζῆλον
3240 3514 3297 3567 δέ
3343 3532 3503 3584 φησι,
3540 3517 3638 3569 τὸν
3670 3515 3849 3570 αὑτοῦ.

2265 3609 2429 3677 Λέγει
2449 3603 2563 3661 οὖν·
2601 3608 2973 3679 Ἐπυρώθητε,
3001 3608 3095 3662 καὶ
3113 3607 3396 3678 ἐξεκάητε,
3421 3607 3731 3677 δεξάμενοξ
3766 3625 3852 3678 μου

2264 3699 2334 3753 τὰ
2359 3700 2619 3772 γράμμα,
2650 3699 2737 3754 διὰ
2756 3699 2929 3754 ταῦτα
2954 3687 3266 3772 περισσεύω
3292 3700 3360 3771 τῇ
3390 3700 3565 3771 χαρᾷ.

2342 3900 2360 3933 ι
2406 3879 2547 3935 Ἀλλ’
2578 3882 2659 3935 ὅτι
2689 3880 2999 3953 ἐλυπήθητε
3026 3881 3106 3945 εἰς
3147 3883 3460 3952 μετάνοιαν.
3489 3898 3510 3931 ι

2350 3974 2726 4042 ’Δπολογεῖται
2784 3972 2973 4027 λοιπὸν
3025 3971 3167 4044 ὑπὲρ
3224 3973 3325 4043 τῆς
3378 3974 3737 4044 ἐπιστολῆς,
3785 3977 3852 4028 ἔτι

2264 4064 2546 4119 ἀκίνδυνον
2576 4061 2643 4136 ἦν
2674 4065 2875 4128 αὐτοὺς
2917 4062 3243 4135 θεραπεύειν
3291 4067 3389 4136 τῆς
3419 4065 3721 4136 ἁμαρτίας
3765 4067 3851 4135 τῆς

2263 4157 2670 4231 διορθωθείσης.
2700 4156 2930 4229 Ὀμοιον
2957 4157 3015 4212 δέ
3034 4157 3107 4221 ὼς
3131 4159 3180 4210 εί
3211 4156 3393 4226 λέγοι·
3421 4160 3471 4212 εί
3496 4159 3600 4211 καὶ
3626 4162 3851 4213 τοιαῦτα

2263 4246 2330 4322 ἦν
2380 4249 2449 4303 τὰ
2482 4250 2767 4322 γραφέντα
2813 4250 2948 4322 παρ’
2992 4249 3148 4321 ἐμοῦ,
3185 4248 3327 4304 ὥστε
3381 4251 3759 4322 ὑπερϐαίνειν
3802 4254 3854 4304 τὸ

2267 4344 2465 4414 μέτρον
2493 4343 2595 4413 τῆς
2617 4345 3008 4415 ἐπιτιμήσεως,
3036 4344 3133 4397 καὶ
3158 4344 3382 4414 ποιῆσαί
3427 4361 3495 4415 με
3536 4346 3854 4417 μεταμελη-

2265 4436 2445 4509 θῆναι,
2486 4436 2624 4490 ἀλλὰ
2659 4436 2723 4490 τὸ
2754 4436 2912 4503 πολὺ,
2939 4437 3130 4509 κέρδος
3156 4437 3218 4490 τὸ
3257 4436 3317 4502 ἐξ
3340 4434 3525 4491 αὐτῶν
3556 4438 3666 4491 οὐκ
3713 4440 3852 4492 εἴασέ

583 4526 731 4582 duci.
754 4523 849 4582 Sic
872 4543 1038 4598 porro
1072 4530 1420 4601 loquebatur,
1459 4550 1569 4589 non
1610 4537 1738 4606 quia
1772 4540 1912 4594 ultra
1938 4544 2157 4598 modum

2282 4546 2337 4581 ιε
2368 4527 2835 4600 μεταμεληθῆναι.
2868 4527 3058 4583 Ταῦτα
3090 4529 3148 4583 δέ
3191 4528 3396 4598 ἔλεγεν,
3431 4528 3533 4598 ούχ
3580 4528 3665 4593 ὡς
3728 4530 3853 4599 ἁμέ-

585 4619 986 4689 increpaverat,
1018 4622 1113 4677 sed
1161 4632 1222 4678 ut
1261 4624 1569 4696 majoribus
1594 4645 1690 4685 eos
1738 4632 1995 4691 laudibus
2038 4653 2165 4707 pro-

583 4719 929 4780 sequeretur.
954 4710 1143 4767 Talem
1175 4715 1321 4771 enim
1348 4719 1790 4776 emendationem
1814 4726 2159 4795 exhibuistis,

586 4803 785 4873 inquit,
812 4814 895 4871 ut,
914 4806 1131 4861 etiamsi
1156 4809 1535 4867 vehementius
1561 4828 1659 4869 vos
1686 4818 2160 4885 perstrinxissem,

584 4895 779 4965 sicque
805 4904 863 4950 ut
892 4911 981 4952 me
1012 4896 1174 4952 modo
1207 4901 1660 4966 condemnarent,
1696 4902 1859 4958 hodie
1890 4906 2161 4977 meipsum

583 4987 823 5056 laudem,
863 4989 993 5059 quia
1026 4990 1231 5045 bonum
1268 4992 1477 5047 exitum
1510 5009 1599 5049 res
1629 4995 1839 5049 habuit.

660 5097 680 5132 ι
716 5078 1048 5136 Contristatl
1083 5081 1230 5136 enim
1274 5084 1409 5139 estis
1439 5086 1742 5140 secundum
1778 5085 1972 5152 Deum,
2016 5097 2077 5142 ut
2106 5090 2161 5143 in

584 5173 739 5228 nullo
771 5173 1164 5229 detrimentum
1197 5176 1479 5245 patiamini
1515 5194 1579 5231 ex
1616 5180 1796 5233 nobis.
1843 5178 2036 5253 [νεαε.
2071 5182 2160 5247 10,

582 5266 697 5338 Η.]
732 5267 865 5332 Quae
890 5266 1037 5321 enim
1069 5269 1376 5321 secundum
1420 5268 1589 5323 Deum
1635 5273 1861 5325 tristitia
1894 5285 1999 5341 est,
2040 5290 2160 5345 pm—

581 5357 869 5411 nitentiam
909 5358 963 5412 in
1023 5362 1257 5414 salutem
1311 5360 1565 5415 stabilem
1606 5373 1869 5431 operatur
1911 5381 1926 5418 :
1971 5368 2158 5421 saeculi

582 5458 765 5502 autem
796 5450 1027 5504 tristitia
1078 5458 1316 5505 mortem
1352 5459 1636 5522 operatur.
1676 5453 1816 5508 Ecce
1859 5456 2006 5509 enim
2057 5459 2160 5513 hoc

582 5538 762 5609 ipsum
818 5543 1124 5598 secundum
1175 5543 1346 5599 Deum
1388 5546 1709 5603 contristari
1741 5565 1859 5614 vos,
1895 5561 2159 5621 quantam

584 5629 641 5684 in
678 5629 833 5686 vobis
862 5641 1120 5702 operatur
1142 5633 1611 5690 sollicitudinem?
1637 5654 1655 5688 ι

2257 4641 2405 4695 τρως
2435 4623 2788 4695 ἐπιτιμήσας,
2829 4622 2967 4677 ἀλλὰ
3005 4622 3076 4677 τὰ
3107 4623 3359 4694 ἐγκωμία
3402 4619 3593 4675 αύτῶν
3647 4623 3847 4690 αὔξων.

2260 4716 2533 4788 Τοιαύτην
2563 4718 2672 4789 γὰρ
2724 4715 3080 4784 ἐπεδείξασθε
3126 4717 3227 4789 τὴν
3253 4715 3569 4787 διόρθωσιν,
3622 4713 3778 4771 ὥστε
3810 4717 3849 4767 εἰ

2262 4811 2357 4864 καὶ
2394 4810 2587 4880 ἐτυχον
2641 4808 3004 4882 σφοδρότερον
3053 4808 3383 4880 ἐπιπλήξας,
3416 4809 3516 4862 καὶ
3566 4805 3760 4872 οὕτως
3785 4808 3849 4868 ὡς

2262 4904 2358 4957 καὶ
2389 4902 2739 4972 καταγνῶναι
2772 4902 3040 4976 ἐμαυτοῦ,
3075 4904 3321 4957 ἐπαινεῖν
3342 4900 3436 4955 νῦν
3468 4901 3728 4970 ἐμαυτόν
3757 4901 3849 4954 ἀπὸ

2261 4996 2357 5050 τοῦ
2384 4996 2596 5059 τέλους.

2340 5107 2360 5140 ι
2400 5088 2742 5159 Ἐλυπήθητε
2792 5087 2903 5159 γὰρ
2933 5074 3076 5142 κατὰ
3124 5087 3278 5153 Θεδν,
3309 5088 3397 5142 ἵνα
3426 5088 3487 5139 ἐν
3520 5086 3734 5157 μηδενὶ
3765 5088 3853 5154 ζη-

2263 5183 2505 5255 μιωθῆτε
2557 5182 2617 5250 ἐξ
2661 5182 2837 5253 ἡμῶν.
2881 5180 2946 5235 Ἦ
2986 5183 3095 5252 γὰρ
3128 5180 3272 5234 κατὰ
3318 5180 3453 5234 Θεὸν
3486 5179 3645 5252 λύπη
3693 5182 3854 5249 psti-

2260 5291 2411 5329 νοιαν
2441 5278 2522 5339 είς
2561 5276 2841 5347 σωτηρίαν
2869 5275 3286 5346 ἀμεταμέλητον
3334 5270 3638 5342 ἐργάζεται
3662 5288 3679 5302 ο
3722 5276 3759 5343 ἡ
3805 5271 3853 5322 δὲ

2260 5366 2355 5419 τοῦ
2388 5368 2600 5436 κόσμου
2633 5366 2805 5437 λύπη,
2831 5366 3062 5420 θάνατον
3100 5364 3528 5436 κατεργάζεται.
3579 5362 3727 5417 Ἰδοὺ
3759 5364 3857 5432 γὰρ

2261 5459 2393 5513 αὐτὸ
2424 5458 2589 5512 τοῦτο
2641 5458 2703 5512 τὸ
2754 5458 2898 5510 κατὰ
2940 5457 3075 5510 Θεὸν
3106 5457 3412 5529 λυπηθῆναι
3447 5454 3623 5526 ὑμᾶς,
3677 5458 3855 5522 πόσην

2261 5551 2667 5621 κατειργάσατο
2685 5549 2813 5621 ὑμῖν
2839 5546 3117 5619 σπουδήν;
3144 5565 3163 5599 ι

654 5810 684 5855 ³
718 5812 926 5872 Textus
959 5832 1189 5873 mancus
1225 5828 1278 5874 et
1307 5818 1548 5874 lnxatus.
1581 5821 1678 5877 llic
1715 5822 1918 5894 legero,
1950 5824 2032 5878 ὅτι
2065 5842 2157 5879 eos

2282 5841 2305 5894 η
2336 5821 2592 5893 μετάνοια
2626 5819 2735 5875 τῶν
2764 5816 3090 5889 Κορινθίων.
3121 5812 3225 5868 Τὸν
3249 5811 3409 5883 ζῆλον
3433 5809 3491 5865 δέ
3525 5825 3694 5880 φησι.
