4048 6416
644 419 748 489 ’ΜΊ

1832 418 1888 479 S.
1929 415 2249 478 JOANNIS
2288 416 2538 480 DAMAS
2550 421 2743 481 CENI~
3724 432 3800 495 748

719 551 739 586 ι
789 531 846 588 1η
883 532 1106 587 divitias
1150 531 1517 602 simplicitatis
1560 546 1749 587 eorum
1789 548 1802 584 :
1843 529 2031 602 [νειιε.
2060 529 2115 592 '5,
2150 525 2204 596 4]

2385 548 2406 581 ι
2436 532 2528 595 Εἰς
2550 534 2641 587 τὸν
2674 533 2903 589 πλοῦτον
2925 535 3022 605 τῆς
3049 536 3347 609 ἁπλότητος
3374 538 3569 592 αὑτῶν
3600 543 3670 597 δτι
3696 553 3801 603 κατᾶ

643 627 772 698 quia
818 625 972 698 143
1014 626 1316 680 secundum
1371 625 1629 681 virtutem
1658 623 2055 679 testimonium
2100 620 2209 674 illis

644 720 834 785 reddo,
860 729 914 775 et
962 735 1129 789 supra
1178 720 1436 773 virtutem
1486 718 1778 773 voluntarii
1808 715 2047 780 inerunt,
2084 728 2207 768 cum

642 813 812 867 multa
849 812 1236 867 exhortatione
1268 812 1624 866 obsecrantes
1655 824 1758 865 nos
1787 809 2046 880 gratiam.
2079 826 2098 860 ι

711 901 830 957 Non
857 902 1017 958 modo
1045 912 1334 973 paupertas
1360 916 1571 965 eorum,
1598 900 1795 970 inquit,
1820 898 2209 969 impedimento

641 1010 752 1049 non
789 994 912 1057 fuit,
939 996 1071 1065 quin
1122 995 1268 1063 large
1297 1000 1604 1063 erogarent,
1637 991 1733 1048 sed
1775 1000 1830 1047 et
1855 990 2076 1046 occasio
2108 989 2210 1043 fuit

641 1086 1010 1143 abundantius
1036 1087 1224 1143 dandi.
1256 1088 1474 1153 Quanto
1499 1087 1675 1158 magis
1695 1085 1838 1141 enim
1872 1081 2206 1153 indigebant,

639 1188 793 1234 tanto
826 1177 1289 1234 muniﬁcentiores
1322 1187 1504 1233 erant.

692 1282 734 1323 *ι
781 1270 846 1325 Et
892 1272 1444 1327 communicationem
1505 1267 1821 1333 ministerii,
1863 1267 2005 1337 quod
2055 1266 2113 1321 ﬁt
2148 1265 2203 1321 in

638 1372 883 1429 sanctos,
915 1363 1103 1436 [Vsus
1124 1343 1183 1429 ’5,
1214 1364 1270 1437 6]
1300 1376 1356 1419 et
1386 1380 1492 1419 non
1527 1364 1670 1419 sicut
1701 1363 2079 1430 speravimus:
2112 1360 2206 1416 sed

639 1459 964 1529 semetipsos
999 1458 1267 1514 dederunt
1302 1459 1539 1527 primum
1582 1457 1846 1519 Domino,
1879 1455 2079 1510 deinde
2111 1469 2208 1508 no-

640 1548 725 1604 bis
759 1565 853 1620 per
888 1550 1225 1606 voluntatem
1261 1549 1391 1606 Dei:
1436 1551 1511 1603 ita
1552 1560 1610 1603 ut
1642 1563 1965 1618 rogaremus
1998 1545 2204 1611 Titum,

641 1648 700 1696 ut
746 1640 1207 1711 quemadmodum
1241 1642 1444 1712 erepit,
1497 1642 1572 1696 ita
1634 1640 1882 1712 perliciat
1940 1641 1993 1693 in
2052 1639 2207 1694 vobis

638 1731 800 1786 etiam
841 1733 1073 1802 gratiam
1100 1732 1285 1786 istam.
1311 1751 1330 1785 ι
1682 1776 1687 1777 ν

710 1823 926 1881 Videsis
976 1824 1255 1895 quomodo
1299 1840 1412 1880 rem
1467 1823 1681 1880 extollit
1726 1821 1978 1894 angustis
2027 1820 2205 1875 nomi-

641 1917 822 1973 nims.
1727 1958 1731 1963 .

713 2008 877 2065 Vens.
908 2011 959 2064 7.
1003 2027 1021 2061 ι
1043 2006 1149 2064 Sed
1182 2008 1328 2065 sicut
1362 2009 1416 2063 in
1450 2008 1707 2063 omnibus
1743 2007 2034 2062 abundatis
2068 2005 2195 2070 (ide,

639 2110 692 2154 et
717 2115 989 2164 sermone,
1018 2108 1072 2154 et
1119 2099 1373 2162 scientia,
1411 2107 1464 2153 et
1502 2099 1650 2153 omni
1698 2098 2089 2162 sollicitudine,
2123 2097 2207 2152 in-

640 2209 802 2261 super
832 2200 886 2247 et
915 2192 1187 2248 charitate
1215 2200 1396 2249 vestra
1432 2192 1484 2246 in
1522 2207 1643 2257 nos,
1678 2199 1815 2247 utet
1856 2193 1911 2247 in
1946 2192 2048 2246 hac
2083 2206 2207 2264 gra—

639 2286 711 2339 tia
753 2284 1063 2340 abundetis.
1104 2303 1122 2336 ι

712 2375 845 2433 Vide
880 2378 1076 2433 iterum
1113 2393 1238 2433 cum
1297 2377 1458 2433 laude
1507 2376 1945 2432 adhortationem
1998 2377 2201 2449 peragi.

638 2468 826 2524 Fidem
853 2486 983 2525 vero
1014 2486 1132 2526 eam
1168 2471 1321 2533 dicit,
1352 2486 1475 2541 qua:
1525 2471 1727 2526 donum
1759 2470 2035 2540 quoddam
2064 2481 2202 2537 erat,

636 2562 784 2615 velut
811 2570 866 2616 et
899 2579 1187 2617 sermonem
1235 2564 1539 2633 sapientiae,
1589 2572 1643 2620 et
1672 2564 1950 2618 scientiam
1983 2564 2206 2634 dogma-

636 2661 772 2709 tum.
793 2653 978 2710 Omnis
1000 2664 1183 2710 autem
1212 2655 1588 2711 sollicitudinis
1614 2657 1835 2711 nomine
1856 2670 1975 2711 eam
2004 2657 2204 2724 innuit,

634 2760 755 2815 tum
788 2746 934 2801 circa
968 2747 1202 2803 virtutes
1232 2763 1425 2804 omnes
1446 2760 1723 2805 versatur.

707 2836 870 2893 Vens.
897 2838 952 2894 8.
973 2856 991 2889 ι
1019 2838 1135 2893 Non
1165 2841 1320 2911 quasi
1354 2841 1630 2912 imperans
1657 2842 1801 2907 dico,
1832 2842 1925 2897 sed
1954 2857 2049 2913 per
2067 2842 2203 2897 alio-

635 2944 755 2984 rum
785 2930 1226 2998 sollicitudinem,
1260 2934 1423 2990 etiam
1466 2943 1668 2991 nostra:
1695 2935 1984 2992 charitatis
2018 2935 2200 2992 since-

638 3024 852 3077 ritatem
870 3026 1249 3094 comprobans.
1281 3046 1299 3079 ι

709 3114 802 3169 Sic
848 3131 1041 3171 rursus
1077 3117 1240 3172 struit
1285 3132 1617 3185 sermonem,
1648 3128 1708 3174 ut
1745 3135 1853 3175 non
1891 3121 2072 3192 gravis
2113 3136 2204 3178 ac-

636 3205 805 3260 cidat.

707 3293 873 3353 Vsns.
898 3296 959 3361 9,
992 3297 1077 3354 10.
1110 3316 1129 3350 ι
1155 3296 1317 3355 Scitis
1361 3300 1505 3355 enim
1530 3302 1762 3372 gratiam
1792 3304 2006 3359 Domini
2028 3307 2202 3362 nostri

634 3383 765 3441 Jesu
810 3386 1039 3455 Christi,
1073 3395 1333 3460 quoniam
1368 3400 1590 3461 propter
1644 3410 1743 3450 nos
1790 3410 1994 3467 egenus
2029 3396 2205 3452 factus

622 3485 742 3542 est,
773 3493 897 3535 cum
946 3488 1093 3536 esset
1142 3480 1320 3544 dives,
1368 3489 1427 3536 ut
1457 3483 1578 3552 ejus
1629 3485 1812 3556 inopia
1864 3503 1963 3542 vos
2009 3488 2204 3544 divites

624 3570 852 3626 essetis.
884 3569 950 3624 Et
984 3572 1278 3628 consilium
1320 3575 1374 3629 in
1417 3575 1521 3629 hoc
1556 3575 1670 3631 do:
1711 3577 1815 3632 hoc
1852 3578 1998 3634 enim
2052 3579 2204 3634 vobis

638 3663 770 3718 utile
796 3672 902 3727 est,
932 3665 1024 3733 qui
1069 3682 1175 3720 non
1210 3667 1386 3721 solum
1421 3667 1619 3733 facere,
1648 3671 1743 3724 sed
1790 3678 1846 3724 et
1889 3670 2025 3725 velle
2055 3670 2204 3724 ince-

634 3754 798 3826 pistis
827 3757 897 3810 ab
923 3771 1068 3812 anno
1089 3758 1295 3829 priore.
1339 3777 1357 3810 ι

706 3847 784 3904 De
836 3849 1233 3907 incarnationis
1276 3852 1689 3922 dispensatione
1736 3855 2018 3925 loquitur;
2064 3853 2205 3909 unde

637 3938 830 3997 svadet
858 3940 1258 4013 eleemosynam
1292 3960 1537 4014 erogare.

705 4049 874 4108 Vens.
912 4053 1147 4108 "-14-4
1181 4053 1338 4109 Nunc
1370 4070 1503 4109 vero
1542 4065 1597 4111 et
1652 4055 1797 4110 facto
1845 4054 2111 4125 perlicite,
2148 4064 2207 4111 ut

635 4143 1092 4214 quemadmodum
1124 4154 1410 4216 promptus
1441 4154 1525 4201 est
1549 4146 1765 4200 animus
1792 4148 2107 4211 voluntatis,
2132 4148 2205 4200 ita

637 4234 710 4288 sit
740 4242 795 4286 et
827 4234 1191 4302 "perﬁciendi,
1235 4251 1299 4289 ex
1351 4249 1416 4289 eo
1469 4235 1613 4305 quod
1672 4236 1905 4291 habetis.
1954 4236 2007 4292 Si
2060 4239 2205 4293 enim

632 4321 871 4375 adfuerit
895 4323 1064 4375 animi
1094 4324 1490 4393 promptitudo,
1529 4326 1827 4381 secundum
1872 4327 2013 4397 quod
2048 4328 2205 4383 habet

635 4422 860 4483 accepta
897 4424 1005 4480 est,
1044 4430 1153 4468 non
1204 4417 1505 4471 secundum
1550 4417 1602 4472 id
1648 4418 1798 4488 quod
1847 4436 1955 4473 non
2018 4420 2200 4476 habet.

633 4501 752 4557 Non
790 4505 932 4560 enim
968 4514 1025 4561 ut
1055 4507 1179 4564 aliis
1206 4508 1279 4563 sit
1314 4508 1590 4575 remissio,
1624 4510 1779 4565 vobis
1808 4521 1989 4565 autem
2021 4513 2205 4567 tribu-

2309 618 2539 691 δύναμιν
2599 623 2880 695 μαρτυρῶ,
2942 626 3037 679 καὶ
3089 627 3227 697 ὑπὲρ
3252 626 3494 697 δύναμιν,
3550 630 3801 699 αὐθαίρετοι

2312 714 2454 782 μετὰ
2500 715 2705 787 πολλῆς
2737 716 3159 787 παρακλήσεως,
3192 717 3433 789 δεόμενοι
3460 719 3604 789 ἡμῶν
3626 721 3705 792 τὴν
3731 727 3802 792 χά·

2312 826 2417 879 ριν.
2457 829 2477 861 ι

2381 902 2456 955 Οὐ
2484 901 2644 971 μόνον
2671 901 2770 955 οὐκ
2803 900 3117 954 ἐνεπόδισεν
3154 900 3337 964 αὐτοῖς
3359 901 3491 972 πρὸς
3517 902 3753 972 δαψίλειαν
3778 910 3801 976 ἡ

2309 994 2575 1063 πτωχεία,
2610 994 2796 1065 φησὶν,
2827 993 2962 1048 ἀλλὰ
2994 996 3090 1047 καὶ
3142 995 3366 1066 ἀφορμὴ
3401 995 3581 1063 γέγονε
3617 999 3699 1067 τῆς

2310 1087 2664 1159 ρισσεὺσεως.
2698 1080 2768 1158 ᾯ
2789 1088 2897 1157 7&9
2930 1086 3130 1157 μᾶλλον
3160 1082 3303 1159 ἦσαν
3341 1087 3583 1159 πένητες,
3604 1090 3803 1143 τοσοῦτον

2311 1178 2510 1249 μᾶλλον
2542 1178 2971 1249 ἐφιλοτιμοῦντο.

2385 1289 2405 1323 ι
2428 1270 2538 1325 Καὶ
2558 1270 2846 1323 κοινωνίαν
2871 1269 2968 1340 τῆς
2988 1267 3265 1332 διακονίας
3286 1267 3387 1339 τῆς
3408 1268 3487 1331 είς
3507 1269 3621 1331 τοὺς
3640 1269 3802 1336 ἁγίους,

2309 1362 2402 1416 καὶ
2423 1362 2485 1415 οὐ
2516 1362 2700 1426 καθὼς
2727 1362 3064 1432 ἠλπίσαμεν,
3091 1360 3207 1416 ἀλλ’
3232 1360 3462 1423 ἑαυτοὺς
3492 1358 3674 1414 ἔδωκαν
3695 1363 3806 1431 πρῶο

2309 1473 2402 1509 τον
2423 1454 2501 1526 τῷ
2532 1454 2723 1527 Κυρίῳ
2744 1456 2839 1509 καὶ
2869 1456 3002 1526 ἡμῖν
3041 1453 3131 1507 διὰ
3173 1453 3478 1524 θελήματος
3503 1452 3645 1519 Θεοῦ,
3672 1455 3736 1515 εἰς
3764 1456 3808 1505 τὸ

2308 1548 2688 1621 παρακαλέσαι
2730 1548 2878 1619 ἡμᾶς
2904 1548 3086 1611 Τίτον,
3118 1546 3207 1600 ἵνα
3257 1544 3443 1608 καθὼς
3481 1543 3808 1616 προενήρξατο,

2306 1640 2478 1706 οὕτως
2504 1641 2792 1712 ἐπιτελέσῃ
2823 1643 2902 1706 εἰς
2936 1640 3084 1713 ὑμᾶς
3113 1638 3209 1693 καὶ
3234 1638 3336 1712 τὴν
3362 1639 3520 1711 χάριν
3543 1638 3711 1709 αὐτήν.
3738 1658 3752 1688 ι

2380 1825 2522 1894 Ὅρα
2555 1822 2671 1887 πῶς
2703 1822 2866 1877 πάλιν
2904 1822 3120 1893 ἐπαίρει
3150 1821 3210 1874 τὸ
3240 1821 3477 1891 πρᾶγμα
3511 1819 3703 1887 σεμνοῖς
3725 1816 3812 1868 ὀνό-

2241 1891 2284 1948 ι
2313 1934 2499 1989 μασιν.

2387 2028 2405 2059 ι
2449 2006 2591 2060 Ἀλλ’
2625 2005 2814 2077 ὥσπερ
2856 2005 2915 2058 ἐν
2956 2003 3122 2058 παντὶ
3156 2003 3513 2075 περισσεύετε
3548 2002 3725 2059 πίστει.
3748 2002 3814 2052 καὶ

2307 2101 2468 2170 λόγῳ,
2499 2100 2594 2153 καὶ
2621 2099 2840 2169 γνώσει,
2867 2099 2962 2152 καὶ
2982 2098 3132 2169 πάσῃ
3157 2095 3394 2166 σπουδῇ,
3420 2095 3512 2148 καὶ
3536 2098 3598 2166 τῇ
3627 2094 3678 2159 ἐξ
3701 2092 3814 2163 ὑμῶν

2307 2192 2365 2244 ὲν
2411 2191 2539 2261 ὑμῖν
2589 2189 2813 2262 ἀγάπῃ,
2852 2189 2940 2243 ’ίνα
2992 2188 3090 2243 καὶ
3122 2189 3178 2241 ὲν
3217 2187 3398 2258 ταύτῃ
3448 2186 3623 2257 χάριτι
3668 2199 3813 2255 περιτο

2310 2284 2527 2352 σεύητε.
2562 2299 2581 2332 ι

2378 2376 2518 2445 Ὅρα
2550 2374 2606 2429 δὲ
2634 2373 2799 2430 πάλιν
2830 2372 2969 2444 μετὰ
2994 2370 3274 2442 ἐγκωμίου
3312 2369 3416 2440 τὴν
3447 2365 3734 2440 προτροπὴν
3755 2382 3813 2431 γι-

2307 2465 2557 2537 νομένην.
2587 2466 2803 2519 Πίστιν
2833 2464 2891 2517 δὲ
2919 2464 3020 2535 τὴν
3054 2461 3161 2516 τῶν
3200 2460 3558 2531 χαρισμάτων
3586 2458 3728 2527 λέγει,
3748 2460 3814 2507 καί

2305 2560 2492 2627 λόγον
2524 2557 2617 2611 τὸν
2649 2556 2749 2627 τῆς
2774 2554 2990 2626 σοφίας,
3015 2554 3109 2607 καί⁵
3136 2551 3370 2623 γνῶσιν
3404 2552 3502 2623 τὴν
3530 2550 3631 2604 τῶν
3659 2549 3814 2618 δογμά-

2304 2667 2436 2705 των.
2478 2648 2691 2705 Πᾶσαν
2718 2649 2773 2701 δὲ
2804 2646 3105 2713 σπουδὴν,
3144 2645 3244 2715 τὴν
3272 2644 3408 2717 περὶ
3436 2644 3534 2715 τὴν
3564 2642 3709 2711 ἄλλην
3741 2641 3813 2691 τεῖ-

2305 2759 2405 2795 σαν
2436 2743 2663 2813 ἀρετήν.

2380 2854 2399 2887 ι
2429 2835 2503 2887 03
2552 2835 2674 2888 κατ’
2708 2832 2974 2904 ἐπιταγὴν
3015 2832 3179 2902 λέγω,
3237 2831 3376 2887 ἀλλὰ
3408 2830 3502 2885 διά
3544 2829 3636 2899 τῆς
3660 2830 3811 2898 ἑτέρων

2307 2927 2567 2999 σπουδῆς.
2597 2930 2695 2981 καὶ
2722 2926 2784 2981 τὸ
2832 2927 2933 2998 τῆς
2966 2926 3243 2998 ὑμετέρας
3276 2924 3501 2996 ἀγάπης
3530 2924 3727 2994 γνήσιον
3752 2919 3811 2971 τε.

2304 3019 2575 3092 κιμάζων.
2599 3039 2617 3073 ι

2386 3113 2689 3185 Ἀνεπαχθῆ
2720 3112 2884 3168 πάλιν
2910 3112 3003 3167 τὸν
3022 3111 3182 3181 λόγον
3211 3110 3379 3165 ποιεῖ.

2378 3309 2398 3343 ι
2423 3290 2723 3345 Γινώσκετε
2745 3290 2855 3363 7&9
2876 3290 2975 3362 τὴν
2990 3290 3152 3362 χάριν
3167 3288 3259 3344 τοῦ
3285 3289 3497 3362 Κυρίου
3520 3286 3663 3361 ἡμῶν
3686 3282 3814 3354 Ἰησοῦ

2303 3382 2563 3455 Χριστοῦ,
2592 3384 2675 3437 ὅτι
2700 3384 2768 3438 δι’
2802 3385 2951 3456 ἡμᾶς
3004 3380 3353 3453 ἐπτώχευσεν
3384 3381 3631 3443 πλούσιος
3652 3378 3731 3440 ὣν,
3753 3377 3813 3429 iv:

2305 3477 2463 3547 ὑμεῖς
2490 3478 2557 3548 τῇ
2589 3476 2799 3529 ἐκείνου
2830 3475 3074 3547 πτωχείᾳ
3108 3474 3481 3546 πλουτήσητε,
3515 3473 3605 3527 καὶ
3634 3469 3808 3542 γνώμην

2304 3570 2363 3623 ὲν
2389 3568 2563 3641 τούτῳ
2580 3567 2794 3639 δίδωμι.
2822 3567 2995 3622 Τοῦτο
3049 3567 3158 3638 γὰρ
3187 3568 3318 3638 ὑμῖν
3349 3567 3637 3638 συμφέρει,
3665 3564 3813 3618 οἵτινες

2303 3662 2364 3715 οὐ
2406 3662 2565 3732 μόνον
2598 3661 2661 3715 τὸ
2700 3656 2951 3732 ποιῆσαι,
2986 3660 3124 3715 ἀλλὰ
3157 3662 3254 3715 καὶ
3282 3659 3347 3714 τὺ
3388 3659 3568 3713 θέλειν
3596 3655 3811 3727 προενήρ·

2307 3753 2469 3819 ξασθε
2493 3753 2602 3808 ἀπὸ
2634 3753 2855 3825 πέρυσι.
2895 3771 2916 3805 ι

2376 3842 2480 3896 Τὸν
2518 3843 2645 3913 περὶ
2671 3843 2773 3913 τῆς
2806 3843 3121 3914 οίκονομίας
3142 3843 3288 3895 κινεῖ
3316 3840 3502 3911 λόγον,
3532 3840 3621 3895 καὶ
3653 3838 3707 3894 ὲκ
3725 3852 3815 3889 του·

2303 3952 2398 3991 του
2427 3936 2521 3990 ἐπὶ
2552 3936 2650 4007 τὴν
2680 3934 3053 4007 ἐλεημοσύνην
3078 3934 3431 4009 προτρέπων.

2382 4071 2401 4104 ι
2434 4051 2570 4105 Νυνὶ
2597 4051 2654 4105 δὲ
2683 4052 2777 4104 καὶ
2806 4051 2866 4105 τὸ
2889 4052 3110 4122 ποιῆσαι
3131 4051 3505 4113 ἐπιτελέσατε,
3530 4050 3664 4112 ὅπως
3690 4042 3815 4099 καθά-

2307 4161 2413 4213 περ
2442 4146 2475 4216 ή
2512 4144 2793 4216 προθυμία
2826 4144 2921 4199 τοῦ
2960 4144 3160 4210 θέλειν,
3224 4144 3367 4198 οὕτω
3430 4146 3526 4198 καὶ
3562 4142 3648 4196 τοῦ
3677 4142 3815 4193 ἔπιτε·

2305 4236 2459 4290 λέσαι
2492 4236 2557 4289 ἐκ
2584 4235 2680 4289 τοῦ
2729 4234 2898 4306 ἔχειν.
2922 4235 2985 4289 El
3015 4235 3124 4305 7&9
3172 4235 3207 4306 ὴ
3241 4235 3529 4306 προθυμία
3567 4232 3814 4303 πρόκειται.

2306 4329 2428 4383 καθ’
2459 4328 2488 4382 ὃ
2536 4329 2601 4383 ἂν
2628 4328 2749 4402 ἔχῃ,
2780 4328 3206 4398 εὐπρόσδεκτος,
3257 4328 3317 4382 οὐ
3353 4328 3477 4382 καθ’
3507 4328 3535 4381 ὃ
3590 4328 3677 4379 οὐκ
3718 4324 3814 4392 ἔχει.

2307 4422 2381 4475 Οὐ
2421 4422 2530 4493 γάρ
2584 4421 2671 4475 ἴνα
2718 4421 2901 4486 ἄλλοις
2927 4422 3133 4489 ἄνεσις,
3179 4422 3310 4492 ὑμῖν
3336 4421 3395 4475 δὲ
3438 4420 3633 4490 θλίψις,
3659 4414 3750 4471 ἀλλ’
3776 4408 3819 4471 ἐξ

2309 4514 2553 4584 ίσότητος
2578 4516 2637 4567 ὲν
2667 4515 2745 4585 τῷ
2774 4513 2871 4567 νῦν
2903 4514 3104 4585 καιρῷ,
3138 4513 3199 4566 τὸ
3228 4512 3385 4583 ὑμῶν
3420 4512 3736 4579 περίσσευμα
3760 4504 3818 4561 εἰς

639 4598 788 4659 latio,
811 4599 908 4652 sed
939 4616 1000 4653 ex
1026 4601 1349 4671 aequalitate
1375 4602 1426 4655 iu
1453 4603 1711 4672 praesenti
1745 4612 1990 4676 tempore
2022 4614 2203 4660 vestra

2305 4606 2365 4657 τὸ
2386 4606 2612 4659 ἐκείνων
2636 4605 2942 4677 ὑστέρημα,
2963 4608 3052 4661 ἴνα
3076 4606 3170 4659 καὶ
3197 4607 3259 4659 τὸ
3287 4605 3514 4659 ἐκείνων
3536 4602 3817 4675 περίσσευμα

636 4688 969 4743 abundantia
1008 4691 1223 4745 illorum
1278 4693 1520 4763 inopiam
1550 4697 1842 4767 suppleat:
1899 4705 1957 4750 ut
1995 4707 2050 4752 et
2084 4697 2203 4752 illo-

639 4797 757 4833 rum
791 4780 1128 4836 abundantia
1161 4793 1359 4865 νεψειξ
1388 4786 1581 4854 inopiae
1615 4786 1686 4841 sit
1729 4788 2199 4859 supplementum;

640 4881 696 4924 ut
722 4871 813 4923 liat
846 4873 1156 4940 aequalitas,
1191 4874 1334 4929 sicut
1363 4877 1629 4944 scriptum
1658 4887 1759 4932 est.
1798 4896 1817 4929 ι

701 4980 1109 5054 Promptitudo,
1148 4985 1350 5055 inquit,
1383 4988 1551 5042 animi
1577 4998 1661 5045 est
1698 5000 1752 5046 et
1780 4992 2028 5058 consilii;
2060 5008 2197 5063 prae-

634 5083 780 5128 stare
809 5091 959 5140 vero,
986 5092 1050 5132 ex
1076 5092 1141 5132 eo
1167 5078 1316 5148 quod
1338 5080 1625 5136 habeatur.

709 5185 871 5240 Vens.
909 5186 996 5242 15.
1036 5207 1053 5238 ι
1086 5188 1242 5255 Quod
1286 5192 1379 5261 qui
1416 5195 1668 5257 multum,
1706 5211 1813 5249 non
1855 5197 2151 5251 abundavit
2186 5214 2200 5249 :

631 5288 685 5331 et
709 5277 802 5347 qui
826 5278 1127 5347 modicum,
1158 5297 1270 5336 non
1304 5284 1617 5338 Ininoravit.
1652 5303 1667 5335 ι

702 5390 781 5444 Ex
811 5391 914 5447 hoc
940 5393 1060 5448 lo‘co
1086 5397 1343 5451 eximiam
1385 5399 1730 5453 alacritatem
1768 5400 1967 5464 ﬁrmat,
2011 5412 2199 5459 osten—

486 5508 525 5530 ,η
633 5480 816 5535 dendo
857 5482 962 5537 nisi
1001 5484 1124 5539 aliis
1172 5486 1541 5557 impertirent,
1570 5490 1702 5543 nihil
1738 5491 1886 5561 ipsos
1924 5493 2046 5564 plus
2082 5510 2202 5552 esse

634 5571 946 5638 habituros,
979 5579 1183 5648 quippe
1214 5581 1309 5649 qui
1346 5580 1529 5635 omnia
1560 5581 1705 5637 intus
1736 5595 1994 5655 cogerent
2022 5606 2035 5640 :
2067 5604 2203 5657 quo-

633 5664 780 5719 circa
812 5669 1046 5736 priscam
1105 5670 1392 5726 historiam
1432 5672 1610 5729 aﬂ‘ert.
1662 5675 1795 5729 Nam
1843 5678 1937 5748 qui
1971 5681 2200 5734 multum

633 5757 997 5827 collegerant.
1041 5776 1150 5815 non
1205 5764 1443 5833 amplius
1493 5768 1905 5836 reperiebantur
1962 5770 2200 5837 habere,

634 5863 801 5917 quam
836 5852 927 5920 qui
959 5852 1173 5908 minore
1203 5868 1458 5911 mensura
1482 5858 1850 5929 collegerant;
1890 5862 1999 5919 llco
2036 5866 2200 5920 nimi-

2309 4698 2535 4768 γένηται
2561 4702 2642 4763 είς
2675 4700 2738 4752 τὸ
2768 4700 2921 4769 ὑμῶν
2950 4699 3240 4770 ὑστέρημα
3260 4715 3274 4729 ’
3311 4699 3464 4761 ὅπως
3494 4696 3704 4765 γένηται
3740 4685 3817 4741 ίσό·

2304 4808 2429 4863 της,
2456 4791 2640 4857 καθὼς
2669 4793 3000 4863 γέγραπται.
3035 4814 3054 4847 ι

2386 4991 2450 5045 Ἦ
2482 4992 2783 5065 προθυμία,
2812 4994 2999 5063 φησὶν,
3036 4994 3101 5046 ὲκ
3132 4992 3235 5063 τῆς
3256 4992 3483 5063 γνώμης
3502 5006 3517 5021 ⁶
3548 4988 3604 5043 τὺ
3626 4987 3677 5040 δὲ
3706 4977 3817 5045 mir

2307 5095 2419 5148 σαι,
2445 5084 2511 5138 ἐκ
2531 5084 2627 5139 τοῦ
2664 5084 2829 5155 ἔχειν.
3148 5110 3151 5113 ·

2383 5217 2402 5249 ι
2441 5199 2506 5251 '0
2535 5199 2596 5251 τὸ
2630 5200 2787 5264 πολὺ,
2812 5201 2913 5254 οὐκ
2942 5199 3257 5267 ἐπλεόνασε,
3282 5199 3377 5253 καὶ
3400 5198 3428 5252 ὁ
3458 5198 3523 5252 τὸ
3547 5195 3724 5264 ὀλίγον,
3743 5186 3817 5241 οὐκ

2303 5289 2570 5359 ἡλαττόνη
2578 5307 2688 5345 σεν.
2728 5311 2745 5342 ι

2386 5404 2482 5457 Ἐκ
2512 5403 2702 5457 τούτου
2756 5405 3157 5471 κατασκευάζει
3186 5406 3288 5477 τὴν
3333 5401 3636 5476 προθυμίαν
3676 5390 3817 5451 αὐτῶν

2305 5496 2698 5568 σφοδροτάτην,
2750 5498 2965 5562 δεικνὺς
2997 5500 3080 5552 ὃτι
3114 5500 3164 5552 εί
3212 5498 3288 5568 μὴ
3327 5495 3604 5568 μεταδοῖεν
3630 5488 3815 5555 ἐτέροιῖο

2300 5589 2400 5659 οὐχ
2429 5588 2613 5655 ἕξουσί
2648 5607 2701 5642 τι
2747 5590 2930 5656 πλέον,
2972 5591 3148 5646 πάντα
3191 5590 3339 5644 ἔνδον
3372 5588 3707 5655 συνάγοντεςο
3748 5571 3818 5626 καὶ

2302 5680 2615 5753 παρα-φέρει
2644 5682 2886 5754 ἱστορίαν
2931 5682 3166 5737 παλαιάν
3186 5698 3200 5712 ·
3232 5683 3282 5735 οἱ
3306 5680 3414 5751 γὰρ
3436 5678 3573 5731 πολὺ
3604 5670 3817 5733 συνάγον·

2300 5790 2412 5837 τες,
2441 5773 2502 5826 οὐ
2538 5774 2727 5845 μεῖζον
2756 5774 2865 5830 τῶν
2905 5775 3127 5830 ἔλαττον
3175 5774 3374 5847 μέτρον
3401 5754 3816 5852 συναγόντωνγεῧς

2308 5866 2557 5941 ρίσκοντο
2605 5866 2843 5938 ἔχοντες,
2895 5869 2993 5939 τὴν
3031 5868 3335 5939 ἀπληστίαν
3369 5862 3543 5921 αὐτῶν
3580 5856 3667 5913 τοῦ
3710 5851 3817 5904 Θεου
