4048 6448
229 430 328 499 749

1336 431 1417 492 ΙΝ
1454 430 1689 492 EPIST.
1732 432 1831 492 AD
1871 430 2229 492 CORINTH.
2272 431 2355 491 Ιῐ.

3353 435 3459 501 750

227 548 424 620 ταύτην
451 547 790 614 κολάζοντος.
829 549 1013 603 Ταῦτα
1050 547 1108 601 δὲ
1134 548 1299 617 λέγει,
1341 549 1459 619 ἅμα
1505 549 1600 601 καὶ
1634 546 1785 616 c906!-

1895 560 2009 600 rnm
2060 545 2529 602 insatiabilitatcm
2592 542 2837 616 ipsorum
2909 549 3178 603 multante
3219 549 3284 603 “.
3336 550 3459 605 IIch

226 643 329 707 ζων
354 642 550 705 αὐτοὺς
605 642 711 696 ἀπὸ
746 642 858 695 τῶν
901 641 1022 695 τότε
1051 640 1379 712 γενομένων,
1432 639 1528 695 καὶ
1578 638 1781 692 πείθων

228 733 472 805 μηδαμοῦ
505 733 601 788 τοῦ
629 733 871 799 πλείονος
906 732 1178 804 ἐφίεσθαι.

298 940 319 972 ε
352 920 529 994 Χάρις
557 922 613 976 δὲ
632 921 711 993 τῷ
742 918 860 993 Θεῷ
888 923 967 994 τῷ
990 921 1184 977 διδόντι
1215 921 1324 992 ’τὴν
1353 919 1524 993 αὐτὴν
1548 922 1786 994 σπουδὴν

221 1011 361 1084 ὑπὲρ
391 1011 546 1084 ὑμῶν
580 1015 638 1066 ἐν
667 1016 733 1086 τῇ
769 1012 969 1087 καρδίᾳ
999 1014 1159 1069 Τίτου
1180 1031 1194 1045 ·
1222 1014 1305 1068 ὅτι
1349 1012 1449 1084 τὴν
1482 1013 1581 1084 μέν
1605 1016 1788 1086 παρά-

222 1104 412 1176 κλησιν
456 1105 697 1172 ἐδέξατο,
737 1104 1152 1180 σπουδαιότερος
1183 1106 1242 1161 δὲ
1285 1105 1568 1178 ὑπάρχων,
1599 1106 1807 1175 αὐθαίοη

221 1215 375 1272 ρετος
403 1198 592 1270 ἐξῆλθε
616 1198 754 1271 πρὸς
780 1198 945 1271 ὑμᾶς.
977 1219 997 1252 ι

306 1369 521 1441 Ἐπειδὴ
556 1369 686 1443 περὶ
738 1370 1107 1445 ἐλεημοσύνης
1160 1371 1430 1445 διελέχθη,
1476 1372 1787 1442 διαλέγεται

214 1462 404 1516 λοιπὸν
437 1463 535 1516 καὶ
581 1463 722 1535 ὑπὲρ
756 1464 867 1518 τῶν
906 1463 1211 1536 μελλόντων
1238 1465 1536 1537 λαμϐάνειν
1562 1464 1629 1519 τά
1662 1466 1789 1537 χρή-

218 1570 385 1624 ματα.
419 1554 513 1606 καὶ
539 1553 900 1625 ἀποκομίζειν
937 1556 1103 1613 αὐτά.
1133 1556 1306 1610 Τοῦτο
1336 1557 1445 1628 γὰρ
1486 1558 1790 1628 προτρέπε-

213 1660 309 1697 ται
337 1643 475 1714 πρδς
499 1644 558 1697 τὸ
594 1643 764 1698 πλείω
795 1645 1017 1716 ποιῆσαι
1055 1645 1155 1717 τὴν
1187 1646 1497 1718 προθυμίαν
1534 1646 1646 1700 τῶν
1676 1648 1790 1700 είσ-

214 1735 512 1806 φερόντων.
553 1737 611 1791 Ὀ
637 1738 746 1809 γὰρ
791 1738 1015 1810 θαρῤὧν
1056 1740 1197 1812 ὑπὲρ
1249 1739 1344 1794 τοῦ
1385 1738 1784 1804 διακονοῦντος,

214 1829 312 1880 καὶ
341 1827 419 1899 μὴ
450 1828 774 1884 ὑποπτεύων
801 1830 989 1895 αὑτὸν,
1027 1831 1169 1902 μετά
1226 1830 1472 1894 πλείονος
1521 1830 1661 1885 αὐτὰ
1687 1831 1787 1900 τῆς

214 1916 500 1986 δαψιλείας
524 1918 853 1974 ἐπιδίδωσιν.

287 2011 363 2064 Ἣ
392 2011 493 2083 τὴν
520 2014 661 2084 ὑπὲρ
701 2012 1143 2068 Θεσσαλονικέων
1190 2014 1367 2084 ἔσχεν,
1405 2014 1437 2086 ἢ
1470 2014 1570 2084 τὴν
1616 2014 1788 2085 αὐτὴν

212 2102 361 2157 ἐμοί.

243 2119 319 2246 μῗ
339 2196 777 2267 Συνεπὲμψαμεν
816 2196 872 2251 δὲ
913 2198 1032 2267 μετ’
1063 2197 1231 2251 αὑτοῦ
1264 2196 1355 2251 τὸν
1388 2196 1637 2266 ἀδελφὸν,
1668 2191 1730 2250 οῦ
1762 2197 1791 2250 ὁ

212 2288 440 2359 ἐπαινος
480 2289 542 2341 ἐν
583 2290 661 2360 τῷ
692 2289 1007 2359 Εὑαγγελίῳ
1042 2290 1131 2346 διά
1186 2288 1377 2345 πασῶν
1414 2290 1523 2344 τῶν
1558 2289 1790 2359 Ἐκκλη-

214 2398 369 2434 σιων.
411 2400 430 2432 ι

280 2471 398 2526 Καὶ
428 2471 508 2536 τίς
546 2467 721 2536 οὗτος,
766 2472 799 2543 ἢ
830 2470 1081 2543 πηλίκος,
1113 2467 1174 2529 οῦ
1206 2474 1302 2528 καὶ
1338 2472 1436 2546 τὴν
1460 2473 1661 2545 πρᾶξιν
1694 2491 1791 2545 ση-

213 2562 426 2633 μαίνει,
450 2563 736 2620 ἐπαινετὸν
780 2563 943 2619 αὐτὸν
981 2565 1048 2620 ἐκ
1089 2564 1185 2620 τοῦ
1215 2565 1674 2636 εὐαγγελίζεσθαι
1697 2564 1789 2618 λέ-

210 2672 364 2724 γων;
397 2655 557 2721 Τινὲς
601 2655 693 2712 τὸν
718 2656 936 2712 Λουκᾶν
969 2675 1126 2728 φασι,
1155 2658 1303 2723 τινὲς
1341 2657 1439 2712 τὸν
1463 2657 1751 2732 Βαρνάϐαν
1772 2673 1786 2688 ·

212 2748 310 2802 καὶ
341 2745 451 2818 γὰρ
477 2746 539 2801 τὸ
565 2745 813 2819 ἄγραφον
845 2748 1110 2822 κήρυγμα
1137 2749 1199 2803 τὸ
1222 2748 1558 2819 Εὐαγγέλιόν
1584 2749 1751 2804 ἐστιν.

297 2940 321 2973 ι
350 2925 424 2976 Οὔ
458 2937 615 2994 μονον
645 2924 724 2990 δὲ,
775 2916 915 2981 ἀλλά
960 2928 1055 2980 καὶ
1102 2927 1499 2998 χειροτονηθεὶς
1529 2927 1635 2982 ὑπὸ
1679 2926 1789 2982 τῶν

230 3014 591 3086 Ἑκκλησιῶν,
620 3017 957 3090 συνέκδημος
994 3018 1151 3090 ἡμῶν
1199 3018 1258 3072 ἐν
1282 3022 1347 3091 τῇ
1379 3020 1564 3092 χάριτι
1616 3020 1791 3093 ταύτῃ

216 3110 282 3180 τῇ
316 3108 709 3183 διακονουμένῃ
741 3109 832 3180 ὑφ’
862 3110 1021 3184 ἡμῶν
1050 3111 1190 3185 πρὸς
1229 3112 1329 3185 τὴν
1372 3112 1538 3167 αύτοῦ
1581 3113 1788 3185 Κυρίου

211 3200 399 3268 δόξαν,
438 3201 537 3256 καὶ
563 3200 871 3274 προθυμίαν
904 3202 1085 3274 ήμῶν,
1122 3203 1467 3275 στελλόμενοι
1498 3202 1677 3259 τοῦτο.
1712 3224 1731 3257 ι

296 3414 440 3469 Ἀπὸ
470 3413 660 3469 τούτου
695 3415 843 3469 ἐστὶν
886 3416 1187 3488 αἰδέσιμος,
1222 3418 1305 3471 ὅτι
1335 3417 1622 3488 κηρύττων
1646 3418 1792 3471 εὐδο-

210 3523 391 3577 κιμει.

287 3617 310 3650 ε
342 3598 438 3670 Μή
469 3615 554 3663 τις
581 3599 729 3670 ἡμᾶς
770 3600 1107 3672 μωμήσηται
1140 3602 1200 3655 ἐν
1225 3604 1292 3673 τῇ
1326 3602 1583 3674 ἁδρότητι
1616 3602 1793 3678 ταύτῃ

206 3697 273 3768 τῇ
299 3695 709 3769 διακονουμένῃ
744 3696 836 3767 ὑφ’
864 3696 1045 3769 ἡμῶν,
1100 3698 1492 3770 προνοούμενοι
1533 3699 1696 3765 καλὰ,
1729 3702 1791 3755 οὐ

208 3788 385 3857 μόνον
417 3785 650 3841 ἐνώπιον
675 3788 903 3859 Κυρίου,
927 3786 1066 3844 ἀλλά
1082 3788 1179 3842 καὶ
1210 3788 1441 3843 ἐνώπιον
1467 3788 1791 3863 ἀνθρώπων.

206 3878 659 3949 Συνεπὲμψαμεν
688 3878 747 3933 δέ
772 3879 957 3942 αὐτοῖς
982 3878 1077 3933 τὸν
1119 3878 1350 3948 ἀδελφὸν
1378 3880 1556 3952 ἡμῶν,
1591 3881 1651 3937 ὃν
1678 3882 1794 3936 ἐδο-

205 3972 542 4043 κιμάσαμεν
575 3973 633 4025 ἐν
655 3971 872 4035 πολλοῖς
896 3971 1163 4037 πολλάκις
1191 3972 1480 4027 σπουδαῖον
1500 3973 1654 4041 ὄντα,
1674 3976 1795 4029 νυνὶ

203 4065 266 4120 δὲ
311 4064 459 4119 πολὺ
500 4064 939 4136 σπουδαιότερον,
1002 4065 1325 4138 πεποιθήσει
1381 4067 1551 4140 πολλῇ
1597 4070 1665 4139 τῇ
1714 4070 1795 4132 είς

204 4157 387 4227 ὑμᾶς,
413 4156 525 4209 εἴτε
553 4156 693 4227 ὑπὲρ
731 4155 891 4210 Τίτου
925 4157 1182 4223 κοινωνὸς
1226 4158 1380 4229 ἐμὸς,
1415 4159 1511 4213 καὶ
1543 4160 1624 4224 είς
1645 4161 1791 4231 ὑμᾶς

206 4249 505 4320 συνεργὸς,
534 4248 647 4302 εἴτε
674 4249 892 4319 ἀδελφοὶ
917 4249 1075 4321 ἡμῶν
1101 4250 1390 4305 ἀπόστολοι
1425 4250 1788 4322 Ἐκκλησιῶν,

204 4339 342 4408 δόξα
374 4338 639 4410 Χριστοῦ.
678 4358 699 4392 ›

278 4430 393 4485 Διὰ
422 4430 582 4485 τοῦτο
625 4432 897 4497 τοιούτους
930 4433 1057 4504 ὑμῖν
1097 4433 1450 4506 ἐπέμψαμεν,
1486 4437 1674 4505 φησιν,
1707 4434 1795 4488 ἵνα

206 4525 289 4596 μή
322 4541 416 4588 τις
441 4524 717 4597 ὑποπτεύῃ
748 4524 845 4597 τὴν
879 4525 1153 4581 διακονίαν
1200 4529 1379 4598 ἡμῶν,
1409 4528 1483 4592 ὡς
1519 4528 1796 4599 παρακλε-

209 4619 471 4671 πτόντων
510 4617 665 4689 ἡμῶν
699 4618 862 4690 μέρος
880 4636 935 4671 τι
965 4618 1074 4672 τῶν
1099 4621 1419 4692 χρημάτων.

289 4732 312 4766 ι
353 4713 474 4785 Τὴν
526 4709 619 4768 οὖν
652 4713 876 4778 ἔνδειξιν
909 4713 1009 4784 τῆς
1040 4714 1260 4786 ἀγάπης
1293 4715 1468 4786 ὑμῶν,
1507 4716 1599 4770 καὶ
1634 4716 1792 4787 ἡμῶν

202 4805 543 4876 καυχήσεως
587 4802 728 4872 ὑπὲρ
774 4801 951 4872 ὑμῶν,
997 4802 1077 4865 εἰς
1125 4801 1325 4864 αὐτοὺς
1375 4801 1679 4869 ἐνδείξασθε
1714 4806 1794 4866 εἰς

203 4897 517 4967 πρόσωπον
538 4893 644 4947 τῶν
679 4891 1038 4963 Ἐκκλησιῶν.
1069 4911 1086 4942 ι

276 4982 463 5039 Τοῦτο
511 4983 622 5052 γάρ
665 4983 804 5042 ἐστι,
850 4983 1038 5053 φησὶν,
1070 4984 1098 5036 ὁ
1128 4981 1239 5052 βίος
1284 4984 1492 5047 αὐτοῖς,
1521 4982 1662 5036 ὥστε
1704 4984 1795 5036 τὸν

197 5078 455 5151 Χριστὸν
482 5075 548 5128 δι’
579 5073 758 5129 αὐτῶν
781 5073 1120 5139 δοξάζεσθαι.
1155 5074 1382 5145 Ὅμοιον
1419 5073 1475 5127 δὲ
1507 5075 1604 5145 τῷ,
1634 5080 1793 5145 Λαμ-

196 5171 389 5241 ﬁda»
431 5168 499 5221 τὸ
541 5167 666 5237 φῶς
704 5165 870 5235 ὑμῶν
905 5166 1247 5235 ἔμπροσθεν
1289 5165 1409 5222 τῶν
1444 5167 1793 5237 ἀνθρώπων,

200 5263 381 5326 ὅπως
435 5258 608 5313 ῑδωσι
653 5258 725 5312 τὰ
768 5258 924 5313 καλὰ
950 5259 1096 5327 ἔργα
1124 5258 1312 5328 ὑμῶν,
1342 5261 1438 5314 καί
1489 5260 1797 5325 δοξάσωσι

196 5354 324 5408 τὸν
346 5350 584 5419 Πατέρα
618 5349 804 5419 ὑμῶν,
839 5349 949 5404 τὸν
974 5351 1046 5404 ἐν
1073 5350 1198 5417 τοῖς
1225 5353 1526 5421 οὐρανοῖς.
1556 5353 1706 5425 Ἅμα
1739 5358 1798 5413 δὲ

195 5445 312 5498 καὶ
344 5442 480 5496 ἀλλο
516 5459 572 5496 τι
602 5441 798 5513 δηλοῦν
827 5440 1109 5512 βούλεται·
1150 5441 1237 5506 Ὦς
1257 5442 1520 5514 ἀδελφοὺς
1552 5445 1797 5516 δέξασθε,

198 5536 412 5607 φησιν,
443 5535 520 5598 ὡς
559 5520 895 5599 ἀποστόλους
928 5532 1036 5587 τῶν
1077 5533 1443 5604 Ἐκκλησιῶν,
1475 5537 1553 5602 ὡς
1588 5541 1670 5604 εἰς
1713 5542 1797 5595 δό-

198 5631 320 5697 ξαν
353 5626 451 5682 τοῦ
496 5626 760 5699 Χριστοῦ,
793 5626 872 5692 ὡς
896 5626 991 5680 καὶ
1026 5626 1184 5693 ὑμεῖς
1231 5629 1312 5692 είς
1353 5628 1510 5696 δόξαν
1532 5632 1629 5686 τοῦ
1664 5634 1799 5704 Χρι-

197 5721 352 5778 σποῦ
382 5720 686 5784 ποιοῦντες.
712 5720 805 5773 Διὸ
842 5719 936 5774 καὶ
960 5718 1192 5787 ἐπάγει·
1238 5721 1359 5789 Τὴν
1389 5716 1503 5777 οὖν
1539 5723 1800 5792 ἔνδειξιν

198 5812 335 5886 τῆς
361 5814 597 5883 ἀγάπης
625 5812 813 5884 ὑμῶν.

291 5934 351 5968 ⁸⁸
382 5935 550 5992 Exod.
586 5952 698 6002 im,
732 5937 813 5992 18.
894 5937 934 5968 ³³
969 5935 1160 5989 Matth.
1190 5952 1239 6002 ν,
1288 5934 1375 5990 16.

1887 653 2053 708 porro
2092 639 2190 702 ait,
2227 645 2287 693 ut
2326 652 2423 693 eos
2452 639 2732 693 territaret
2764 654 2829 695 ex
2864 637 2933 695 iis
2973 654 3094 710 quas
3152 648 3286 697 tunc
3315 644 3460 697 acci-

1887 725 2106 797 derant,
2148 746 2363 801 unaque
2404 728 2661 786 suaderet
2689 747 2758 788 ne
2791 731 2935 786 ultra
2975 748 3142 802 quam
3184 748 3284 804 par
3311 743 3460 791 esset

1889 821 2290 879 desiderarent.

1966 916 2127 990 144
2168 915 2335 973 Vens.
2368 917 2455 979 16,
2492 914 2578 971 l7.
2630 934 2649 967 ι
2686 916 2904 972 Gratias
2952 926 3132 973 autem
3194 917 3325 986 Deo,
3365 920 3460 990 qui

1889 1007 2037 1063 dedit
2073 1009 2321 1064 eanulcm
2374 1005 2803 1064 sollicitudinem
2853 1025 2951 1079 pro
2990 1008 3148 1065 vobis
3196 1012 3253 1064 in
3297 1011 3462 1066 corde

1890 1096 2023 1155 Titi.
2053 1099 2321 1167 Quoniam
2359 1100 2803 1157 exhortationem
2830 1101 3046 1172 quidem
3072 1102 3336 1173 suscepit,
3363 1101 3459 1158 sed

1890 1208 2013 1248 cum
2055 1193 2347 1249 sollicitior
2385 1202 2555 1258 esset,
2603 1209 2703 1251 sua
2733 1195 3021 1250 voluntate
3064 1193 3343 1265 profectus
3377 1202 3462 1249 est

1889 1279 1958 1335 ad
1992 1295 2111 1337 vos.
2146 1301 2167 1335 ι

1963 1373 2258 1445 Postquam
2296 1373 2367 1430 de
2410 1374 2765 1448 eleemosyna
2795 1374 2954 1438 dixit,
2991 1373 3251 1445 deinceps
3288 1373 3463 1447 loqui-

1890 1472 1981 1520 tur
2032 1464 2099 1520 de
2137 1465 2205 1522 iis
2237 1466 2333 1538 qui
2385 1468 2647 1537 pecunias
2703 1467 2985 1536 accepturi
3027 1474 3206 1531 erant,
3258 1481 3463 1535 easque

1891 1559 2180 1631 gestaturi.
2216 1559 2332 1615 Hoc
2368 1560 2520 1616 enim
2551 1559 2756 1616 excitat
2797 1559 2863 1613 ad
2912 1560 3218 1629 augendam
3263 1559 3461 1614 alacri-

1891 1657 2060 1705 tatem
2084 1664 2275 1705 eorum
2298 1650 2393 1721 qui
2426 1650 2599 1706 velint
2629 1650 2920 1722 impertiri.
2949 1648 3087 1704 Nam
3120 1652 3211 1720 qui
3238 1650 3464 1706 conlidit

1891 1742 2171 1809 ministro,
2225 1758 2328 1797 nec
2375 1755 2500 1797 eum
2557 1752 2870 1813 suspectum
2914 1741 3100 1808 habet,
3138 1741 3330 1812 majori
3368 1757 3462 1797 eas

1896 1835 2221 1891 iheralilate
2255 1834 2505 1906 largitur.

1964 2028 2079 2096 Qua
2132 2029 2217 2083 vel
2263 2044 2389 2100 erga
2440 2028 2963 2095 Thessalonicenses
3000 2068 3015 2090 .
3064 2029 3145 2083 vel
3198 2042 3327 2099 erga
3380 2044 3466 2084 me

1893 2122 2121 2179 allectus
2159 2131 2268 2178 est.

1967 2215 2129 2271 Vens.
2165 2215 2251 2270 18.
2292 2235 2311 2268 ί
2351 2215 2597 2271 Misimus
2638 2226 2820 2271 autem
2878 2232 3002 2271 cum
3054 2216 3149 2271 illo
3202 2214 3462 2282 fratrem,

1890 2310 2053 2381 cujus
2106 2310 2227 2366 laus
2269 2320 2355 2366 est
2413 2311 2466 2364 in
2517 2308 2813 2383 Evangelia
2875 2326 2969 2381 per
3032 2326 3224 2366 omnes
3275 2309 3468 2367 Eccle«

1893 2403 2023 2459 sias.
2054 2422 2073 2454 ι

1962 2496 2097 2563 Quis
2125 2511 2314 2566 porro,
2345 2495 2596 2567 qualisve
2634 2495 2726 2551 hic
2768 2495 2889 2561 fuit,
2936 2495 3097 2565 cujus
3124 2496 3287 2550 etiam
3331 2509 3465 2568 Ope-

1893 2597 2010 2639 ram
2046 2584 2343 2657 signiﬁcat,
2377 2585 2509 2641 dum
2536 2586 2634 2650 ait,
2666 2584 2934 2641 celebrem
2965 2585 3115 2640 illum
3135 2601 3260 2641 esse
3283 2584 3469 2642 Evan-

1892 2676 2021 2748 gelii
2062 2676 2487 2748 praedicatione?
2530 2675 2762 2743 Quidam
2798 2675 3000 2732 Lucam
3025 2677 3224 2732 dicunt
3270 2678 3467 2750 indigi-

1893 2770 1995 2825 tari
2032 2787 2047 2824 :
2086 2770 2395 2827 Barnabam
2426 2771 2542 2825 alii.
2570 2768 2828 2826 Profecto
2859 2770 3209 2842 Evangelium
3266 2768 3468 2841 praedi-

1892 2861 2041 2916 catio
2061 2871 2146 2916 est
2167 2860 2365 2918 litteris
2398 2876 2510 2917 non
2537 2869 2786 2917 exarata.

1966 2950 2132 3009 Vens.
2172 2950 2261 3017 19,
2295 2950 2387 3007 20.
2430 2970 2448 3004 ι
2476 2950 2597 3007 Non
2629 2952 2808 3008 solum
2840 2958 3046 3015 autem.
3088 2953 3183 3010 sed
3226 2963 3279 3009 et
3319 2955 3469 3010 ordi-

1893 3052 2055 3101 natus
2095 3052 2179 3102 est
2225 3045 2295 3100 ab
2328 3044 2599 3102 Ecclesiis
2628 3060 2816 3101 comes
2866 3046 3326 3116 peregrinationis
3369 3065 3470 3103 no-

1893 3144 2041 3204 strae,
2074 3137 2130 3193 in
2164 3136 2307 3193 hanc
2330 3138 2589 3209 gratiam,
2624 3154 2748 3209 qua:
2779 3138 3126 3194 ministratur
3154 3155 3184 3194 a
3214 3141 3374 3196 nobis
3398 3142 3468 3197 ad

1819 3256 1864 3315 ο
1897 3227 2070 3300 ipsius
2118 3228 2333 3285 Domini
2382 3230 2636 3301 gloriam,
2670 3238 2727 3286 et
2752 3229 3079 3286 destinatam
3134 3232 3466 3289 voluntatem

1896 3329 2142 3377 nostram
2178 3338 2192 3375 :
2227 3322 2542 3379 devitantes
2578 3324 2701 3378 hoc.
2734 3343 2754 3376 ›

1967 3412 2046 3467 Ex
2076 3412 2181 3469 hoc
2203 3413 2388 3485 capite
2425 3416 2787 3471 veneratione
2820 3416 3023 3488 dignus
3056 3417 3148 3473 ille
3185 3425 3292 3482 est,
3320 3417 3469 3489 quod

1898 3504 2248 3576 praedicando
2281 3507 2548 3578 probatus
2577 3507 2761 3563 fuerit.

1974 3616 1993 3649 ι
2022 3596 2100 3654 Ne
2126 3599 2251 3669 quis
2287 3614 2389 3655 nos
2416 3598 2692 3670 vituperet
2737 3600 2790 3654 in
2822 3600 2926 3655 hac
2974 3600 3310 3672 plenitudine
3344 3618 3467 3673 quas

1898 3690 2244 3747 ministratur
2270 3707 2298 3745 a
2329 3690 2519 3756 nobis;
2561 3688 2940 3763 [Vens.21-25
3002 3693 3094 3762 qui
3121 3694 3469 3763 providemus

1898 3784 2042 3838 bona
2069 3798 2178 3838 non
2210 3783 2390 3839 solum
2421 3797 2605 3839 coram
2648 3783 2900 3851 Domino,
2942 3784 3038 3853 sed
3085 3787 3247 3841 etiam
3282 3801 3481 3842 coram

1899 3873 2236 3931 hominibus.
2276 3874 2527 3931 Misimus
2576 3884 2761 3931 autem
2800 3891 2925 3932 cum
2982 3877 3095 3933 illis
3144 3888 3197 3933 et
3241 3878 3469 3935 fratrem

1898 3974 2172 4033 nostrum,
2200 3982 2363 4037 quem
2400 3966 2754 4038 probavimus
2777 3969 2833 4023 in
2885 3969 3076 4026 multis
3126 3985 3273 4041 saepe
3318 3970 3472 4025 solli-

1897 4059 2069 4113 citum
2109 4074 2265 4124 esse;
2295 4073 2447 4114 nunc
2484 4068 2666 4116 autem
2700 4062 2876 4117 multo
2902 4062 3301 4127 sollicitiorem,
3333 4077 3471 4117 cou-

1899 4150 2124 4206 iidentia
2156 4152 2328 4206 multa
2357 4153 2412 4207 in
2441 4168 2558 4217 vos,
2587 4154 2707 4208 sive
2733 4168 2831 4223 pro
2859 4152 3004 4218 Tito,
3047 4155 3140 4225 qui
3166 4163 3251 4210 est
3287 4154 3475 4212 socius

1899 4260 2074 4307 meus,
2104 4252 2159 4299 et
2194 4245 2250 4300 in
2286 4260 2384 4301 vos
2424 4244 2665 4315 adjutor,
2710 4246 2828 4300 sive
2871 4244 3071 4301 fratres
3114 4248 3295 4302 nostri
3341 4261 3475 4316 apo-

1898 4337 2024 4395 stoli
2055 4336 2454 4403 Ecclesiarum,
2485 4339 2658 4409 gloria
2688 4331 2914 4395 Christi.
2951 4357 2971 4389 ι

1967 4429 2096 4485 Ideo
2134 4430 2406 4500 ejusmodi
2454 4430 2607 4486 viros
2656 4429 2912 4486 misimus
2946 4428 3123 4491 vobis,
3172 4430 3371 4501 inquit,
3404 4444 3479 4488 no

1898 4523 2026 4593 quis
2056 4531 2372 4593 suspectum
2410 4524 2609 4579 habeat
2633 4522 2996 4579 ministerium
3023 4531 3299 4588 nostrum,
3331 4540 3397 4580 ac
3426 4526 3474 4581 si

1825 4603 1875 4663 Ι)
1902 4614 2148 4684 pecunia:
2171 4625 2375 4684 partem
2402 4612 2727 4668 sulfuraturi
2755 4627 3028 4669 essemus.

1974 4705 2141 4761 Vens.
2170 4706 2263 4761 24.
2298 4724 2315 4755 ι
2346 4703 2728 4760 Ostensionem
2777 4718 2909 4775 ergo
2954 4704 3241 4759 charitatis
3281 4710 3483 4759 vestrae“

1900 4809 1954 4854 et
1980 4799 2173 4869 glori-ae
2214 4808 2419 4854 nostrae
2450 4811 2549 4868 pro
2598 4796 2774 4862 vobis,
2834 4797 2888 4852 in
2937 4797 3063 4853 illos
3093 4797 3369 4854 ostendite
3422 4798 3477 4853 iu

1906 4891 2100 4946 faciem
2132 4889 2524 4945 Ecclesiarum.
2557 4908 2579 4942 ι

1982 4986 2056 5039 Ea
2091 4996 2175 5040 est
2227 4984 2470 5049 illorum,
2520 4983 2721 5055 inquit,
2776 4984 2900 5038 vitae
2953 4983 3116 5047 ratio,
3156 4982 3231 5036 ita
3281 4988 3340 5036 ut
3382 4995 3481 5049 per

1907 5078 2061 5147 ipsos
2094 5078 2352 5131 Christus
2382 5076 2715 5132 celebretur.
2751 5076 3038 5132 Consimili
3089 5090 3219 5130 vero
3268 5072 3480 5127 ratione

1905 5172 2110 5225 dictum
2130 5177 2219 5224 est
2242 5187 2255 5225 :
2283 5168 2479 5224 Luceat
2496 5169 2588 5223 tua:
2600 5178 2775 5224 vestra
2790 5184 2970 5223 coram
2982 5167 3301 5227 hominibus.
3324 5179 3381 5218 ut
3406 5166 3478 5218 vi-

1910 5263 2069 5318 deant
2087 5278 2245 5332 opera
2269 5272 2441 5317 vestra
2457 5263 2613 5327 bona,
2630 5270 2680 5316 et
2696 5260 2989 5332 gloriﬁcent
3013 5256 3226 5324 Patrem
3248 5266 3476 5311 vestrum

1906 5358 1997 5427 qui
2026 5356 2086 5410 in
2119 5355 2268 5410 caelis
2297 5364 2376 5411 est
2406 5355 2472 5411 ⁸⁸.
2508 5354 2650 5423 Quin
2685 5362 2741 5410 et
2788 5352 2933 5408 aliud
2971 5351 3104 5423 quid
3144 5349 3260 5404 vult
3305 5350 3478 5422 signi-

1908 5449 2072 5505 ﬁcare
2100 5465 2115 5503 :
2148 5447 2242 5504 Uti
2271 5448 2468 5505 fratres
2495 5463 2591 5505 eos
2631 5446 2885 5517 excipite,
2924 5443 3121 5514 inquit,
3151 5442 3294 5496 sicut
3340 5456 3480 5514 apo-

1905 5543 2079 5598 stolos
2126 5541 2520 5608 Ecclesiarum,
2545 5550 2805 5612 tanquam
2841 5537 2909 5592 ad
2951 5522 3179 5609 g'loriam
3228 5535 3475 5591 Christi:

1906 5635 2053 5690 velut
2096 5635 2263 5691 etiam
2309 5633 2405 5704 qui
2457 5633 2675 5689 faciatis
2725 5630 2930 5702 aliquid
2986 5636 3207 5699 propter
3246 5627 3477 5699 gloriam

1906 5728 2142 5784 Christi.
2179 5727 2545 5794 Quamobrem
2587 5724 2867 5798 subjungit
2901 5739 2914 5776 :
2963 5721 3326 5778 Ostensionem
3374 5718 3476 5792 igi-

1920 5832 2004 5874 tur
2038 5821 2312 5875 clmrilatis
2345 5830 2542 5876 vestrm.
3474 5814 3485 5823 0
