4048 6416
644 440 750 506 751

1283 554 1435 609 CAP.
1494 554 1585 609 IX.

720 665 886 722 Vens.
1061 685 1078 717 ι
1110 665 1244 720 Nam
1274 668 1341 723 de
1375 668 1705 735 ministerio,
1735 667 1880 738 quod
1916 667 1972 721 fit
2004 671 2057 722 in
2088 683 2217 723 san-

645 767 787 825 ctos,
815 777 880 815 ex
917 760 1222 815 abundanti
1273 770 1358 816 est
1414 762 1549 816 mihi
1584 761 1830 817 scribere
1863 762 2043 817 vobis.
2094 759 2221 817 Scio

646 855 793 907 enim
823 861 1136 923 promptum
1170 854 1414 908 animum
1458 863 1723 916 vestrum,
1762 869 1861 924 pro
1889 870 1999 926 quo
2030 854 2098 910 de
2122 869 2221 910 vo-

641 943 737 998 bis
770 941 972 1014 glorior
1020 943 1162 1014 apud
1215 942 1557 999 Macedones.
1610 943 1881 1011 Quoniam
1926 954 1981 999 et
2017 945 2222 1001 Achaia

652 1044 851 1105 parata
877 1045 962 1090 est
991 1036 1059 1090 ab
1111 1050 1257 1091 anno
1312 1038 1609 1105 praeterito,
1637 1046 1688 1091 et
1733 1046 1916 1092 vestra
1948 1037 2224 1093 aemulatio

640 1130 971 1201 provocavit
1017 1129 1305 1200 plurimos.
1341 1129 1463 1185 Misi
1513 1139 1697 1184 autem
1750 1129 1948 1185 fratres
1998 1138 2093 1195 ut,
2158 1146 2225 1187 ne

649 1225 797 1295 quod
833 1221 989 1295 145
1020 1222 1324 1293 gloriamur
1366 1223 1432 1277 de
1470 1221 1644 1289 vobis,
1672 1232 1973 1278 evacuatur
2020 1224 2071 1277 in
2123 1222 2225 1277 hac

642 1325 843 1387 parte,
889 1324 946 1367 ιιι
1000 1312 1494 1385 (quemadmodum
1545 1313 1692 1381 dixi)
1723 1315 1900 1385 parati
1945 1314 2113 1369 sitis:
2158 1330 2227 1370 ne

639 1421 776 1461 cum
801 1404 1056 1460 venerint
1083 1402 1408 1459 Macedones
1442 1419 1678 1469 mecum,
1701 1411 1756 1458 et
1789 1402 2099 1459 invenerint
2127 1420 2226 1467 vos

650 1498 978 1567 imparatos,
1011 1496 1408 1551 erubescamus
1438 1510 1540 1550 nos
1575 1496 1660 1566 (ut
1689 1509 1796 1550 non
1820 1496 2073 1552 dicamus
2103 1496 2224 1567 vos)

644 1591 705 1647 in
744 1590 843 1645 hac
885 1588 1197 1643 substantia
1249 1587 1621 1658 gloriationis.
1664 1585 2049 1643 Necessarium
2094 1603 2227 1660 ergo

648 1681 967 1739 existimavi
1003 1695 1197 1753 rogare
1246 1678 1474 1745 fratres,
1516 1690 1577 1735 ut
1631 1680 1968 1751 praeveniant
1999 1679 2067 1735 ad
2108 1696 2224 1748 vos,

650 1784 706 1830 et
757 1781 1067 1846 przeparent
1131 1772 1526 1842 repromissam
1588 1772 2027 1828 benedictionem
2085 1772 2228 1827 banc

652 1878 890 1926 vestram
924 1873 1169 1938 paratam
1204 1878 1329 1920 esse
1362 1863 1463 1921 sic.
1500 1881 1519 1916 ι

722 2038 959 2107 Quando
1004 2038 1073 2095 de
1122 2037 1396 2093 cbaritate
1446 2048 1554 2093 tam
1608 2039 1777 2093 multa
1826 2039 1976 2104 dixi,
2026 2040 2223 2111 inquit,

652 2147 831 2201 opera:
868 2133 1102 2203 pretium
1131 2148 1240 2187 non
1265 2141 1351 2187 est
1382 2139 1442 2185 ut
1467 2132 1705 2187 scribam
1740 2133 1915 2188 vobis.
1940 2134 2018 2188 Ac
2048 2149 2227 2203 neque

653 2226 756 2279 hoc
793 2224 971 2280 solum
998 2224 1243 2279 declarat
1269 2224 1444 2295 ipsius
1477 2224 1841 2296 prudentiam.
1877 2224 1971 2280 sed
1994 2234 2048 2281 et
2080 2224 2224 2296 quod

652 2318 850 2371 iterum
891 2315 958 2370 de
984 2315 1172 2370 eadem
1208 2316 1303 2368 ait.

727 2427 745 2461 ι
775 2407 943 2476 Quasi
986 2409 1443 2474 benedictionem,
1484 2421 1538 2465 et
1574 2424 1686 2464 non
1736 2418 1999 2481 tanquam
2048 2407 2227 2465 avari-

653 2502 806 2558 tiam.
834 2500 1026 2575 [Vens.
1049 2500 1195 2567 6-9.1
1228 2501 1341 2557 Hoc
1366 2513 1550 2558 autem
1586 2500 1756 2575 [dico]
1788 2518 1800 2552 :
1828 2506 1917 2573 qui
1954 2518 2116 2574 parce
2140 2517 2228 2559 se-

646 2592 848 2656 minat,
886 2606 1051 2662 parce
1084 2601 1139 2647 et
1191 2599 1358 2647 metet
1403 2610 1418 2648 :
1466 2599 1521 2648 et
1565 2591 1661 2660 qui
1706 2593 1941 2648 seminat
1975 2596 2031 2647 in
2066 2593 2229 2648 bene-

650 2676 1139 2747 dictionibus,‘de
1184 2684 1661 2741 benedictionibus
1710 2692 1765 2741 et
1812 2694 1996 2742 metet.
2049 2684 2231 2741 Unus-

643 2777 888 2847 quisque
926 2782 1090 2848 prout
1136 2775 1433 2833 destinavit
1486 2778 1542 2832 in
1602 2778 1767 2834 corde
1828 2794 1952 2845 suo,
2008 2794 2117 2835 non
2164 2794 2231 2834 ex

650 2869 902 2934 tristitia,
945 2877 1039 2922 aut
1065 2883 1129 2922 ex
1161 2868 1515 2924 necessitate.
1553 2868 1789 2925 Hilarem
1813 2871 1960 2925 enim
1986 2871 2229 2926 datorem

651 2958 831 3031 diligit
857 2958 1023 3015 Deus.
1061 2958 1265 3015 Potens
1304 2969 1390 3016 est
1438 2972 1621 3016 autem
1675 2960 1822 3017 Deus
1866 2978 2081 3019 omnem
2112 2978 2232 3033 gra-

648 3050 783 3104 tiam
829 3050 1112 3105 abundare
1150 3049 1335 3106 facere
1387 3050 1443 3105 in
1496 3052 1684 3119 vobis;
1746 3060 1807 3107 ut
1863 3052 1919 3107 in
1979 3053 2233 3109 omnibus

652 3155 871 3212 seraper
907 3157 1126 3197 omnem
1168 3142 1547 3198 sufﬁcientiam
1608 3144 1898 3209 habentes,
1945 3136 2233 3202 abundetis

1805 444 1866 503 S.
1905 439 2226 505 JOANNIS
2264 438 2688 500 DAMASCENI
3730 447 3809 513 ’τδρ

2248 558 2294 614 Δ

2922 553 3172 609 ΚΕΦΑΛ.
3216 553 3292 607 Θ’.

2393 684 2412 718 ι
2446 666 2582 737 Περὶ
2609 666 2709 738 μὲν
2740 664 2847 738 γὰρ
2876 666 2975 735 τῆς
2997 665 3271 730 διακονίας
3297 665 3398 736 τῆς
3419 666 3497 731 είς
3532 668 3644 732 τοὺς
3668 670 3812 736 ἁγίους

2319 758 2580 828 περισσόν
2613 758 2706 828 μοί
2759 760 2878 812 ἐστι
2907 757 3001 811 τοῦ
3032 757 3264 830 γράφειν
3302 758 3449 829 ὑμῖν.
3480 754 3599 812 οῖδα
3631 762 3814 833 γὰρ’τὴν

2318 847 2631 921 προθυμίαν
2673 848 2852 920 ὑμῶν,
2888 848 2954 921 ἢν
3004 849 3143 919 ὑπὲρ
3168 846 3325 919 ὑμῶν
3372 847 3640 920 καυχῶμαι
3675 851 3819 907 Μακε-

2320 938 2489 1004 δόσιν,
2542 940 2624 994 ὃτι
2664 940 2857 1011 Ἀχαΐα
2880 939 3327 1012 παρεσκεύασται
3356 938 3461 992 ἀπὸ
3488 940 3683 1014 πέρυσι,
3706 945 3819 998 καὶὸ

2321 1031 2382 1098 ἐξ
2422 1031 2573 1104 ὑμῶν
2601 1030 2761 1102 ζῆλος
2803 1032 3027 1105 ἠρέθισε
3080 1033 3207 1097 τοὺς
3236 1031 3507 1096 πλείονας.
3540 1033 3820 1106 Ἐπεμψαδὲ

2320 1126 2447 1190 τοὺς
2477 1125 2760 1194 ἀδελφοὺς,
2792 1124 2880 1180 ἱνα
2915 1126 2991 1198 μὴ
3036 1124 3096 1178 τὸ
3143 1124 3408 1196 καύχημα
3456 1125 3599 1196 ὑμῶν
3626 1127 3678 1180 τὸ
3715 1128 3820 1201 ὑπὲρ

2323 1219 2479 1290 ὑμῶν
2506 1219 2721 1291 κενωθῇ
2770 1221 2827 1273 ὲν
2880 1219 2956 1289 τῷ
3002 1218 3156 1290 μέρει
3189 1218 3384 1289 τούτῳ.
3419 1218 3532 1272 ’Ίνα
3561 1218 3714 1282 καθὼς
3738 1220 3823 1273 ἔλε-

2324 1328 2441 1380 γον,
2475 1311 2979 1384 παρεσκευασμένοι
3032 1306 3164 1382 ἦτεο
3216 1311 3417 1382 μήπως
3442 1310 3534 1365 ἐὰν
3564 1310 3731 1364 ἔλθωσι
3752 1314 3823 1365 σὺν

2326 1400 2449 1472 ἐμοὶ
2498 1402 2829 1467 Μακεδόνες,
2887 1402 2984 1455 καὶ
3037 1399 3273 1473 εὑρωσιν
3314 1401 3457 1472 ὑμᾶς
3502 1401 3827 1471 ἀπαρασκευα-

2326 1511 2519 1559 στους,
2573 1494 3061 1566 καταισχυνθῶμεν
3123 1494 3285 1566 ἡμεῖς
3344 1494 3476 1565 (ἵνα
3519 1494 3591 1564 μὴ
3631 1492 3827 1564 λέγωμεν

2333 1586 2528 1658 ὑμεῖς)
2589 1589 2648 1641 ὲν
2696 1589 2765 1660 τῇ
2819 1588 3113 1643 ὑποστάσει
3167 1587 3339 1659 ταύτῃ
3403 1586 3501 1655 τῆς
3549 1587 3827 1655 καυχήσεως.

2340 1679 2661 1749 Ἀναγκαῖον
2691 1676 2785 1734 οὖν
2831 1680 3127 1753 ἡγησάμην
3171 1678 3552 1751 παρακαλέσαι
3578 1679 3690 1740 τοὺς
3716 1678 3831 1731 ἀδελ-

2328 1774 2483 1843 φοὺς,
2510 1772 2599 1830 ῐνα
2628 1774 2970 1847 προέλθωσιν
2994 1777 3075 1840 είς
3105 1775 3271 1846 ὑμᾶς,
3299 1775 3394 1827 καὶ
3422 1773 3832 1843 προκαταρτίσωσι

2327 1867 2427 1938 τὴν
2461 1868 3026 1940 προκατηγγελμένην
3054 1868 3308 1937 εὐλογίαν
3339 1866 3495 1939 ὑμῶν
3520 1864 3719 1935 ταύτην,
3737 1864 3833 1916 ἑτοί-

2334 1976 2443 2031 μην
2471 1954 2611 2013 εῐναι
2639 1959 2831 2026 οὕτως.
2861 1980 2880 2014 ι

2400 2049 2649 2104 Τοσαῦτα
2689 2052 2817 2124 περι⁵
2855 2050 3027 2123 αὐτῆς
3054 2050 3283 2115 εἰπόντι,
3327 2048 3485 2121 φησὶ,
3517 2046 3740 2118 περιττόν
3768 2061 3833 2115 μοι

2328 2142 2563 2211 γράφειν
2596 2144 2743 2213 ὑμῖν.
2782 2145 2892 2198 Καὶ
2921 2145 2983 2198 ού
3012 2143 3171 2197 τοῦτο
3220 2143 3385 2214 μόνον
3440 2140 3501 2196 τὸ
3545 2138 3736 2194 συνετὸν
3763 2136 3833 2192 αὑ-

2331 2233 2449 2303 τοῦ,
2482 2235 2618 2291 ἀλλὰ
2640 2238 2736 2292 καὶ
2765 2239 2793 2293 ὅ
2821 2256 2875 2293 τι
2907 2239 3065 2292 πάλιν
3097 2238 3247 2306 λέγει
3280 2237 3412 2308 περὶ.
3449 2236 3633 2306 αὐτῆς.
3738 2312 3747 2324 ⁸

2409 2416 2427 2449 ι
2478 2396 2565 2461 Ὠς
2595 2394 2870 2465 εὐλογίαν,
2905 2395 3001 2449 καὶ
3031 2395 3104 2466 μὴ
3134 2394 3211 2458 ὡς
3252 2392 3589 2459 πλεονεξίαν.
3614 2392 3757 2447 Τοῦτο
3777 2391 3833 2454 δὲ,

2332 2491 2362 2545 ὁ
2416 2490 2653 2561 σπείρων
2707 2488 3058 2558 φειδομένως,
3116 2486 3453 2557 φειδομένως
3509 2485 3598 2539 καὶ
3647 2483 3832 2557 θερίσει*

2334 2581 2427 2637 καὶ
2449 2584 2478 2635 δ
2516 2581 2751 2655 σπείρων
2780 2580 2866 2633 ἐπ’
2887 2580 3180 2648 εὐλογίαις.
3214 2578 3301 2633 ἐπ’
3330 2577 3601 2647 εὐλογίαις
3624 2577 3707 2630 καὶ
3732 2574 3835 2646 θερί-

2336 2694 2442 2731 σει.
2470 2676 2743 2739 Ἕκαστος
2780 2672 2963 2737 καθὼς
3001 2673 3348 2744 προαιρεῖται
3386 2672 3455 2742 τῇ
3486 2668 3687 2741 καρδίᾳ,
3717 2665 3835 2739 phis

2333 2768 2532 2838 λύπης,
2583 2765 2710 2837 ἢὲξ
2754 2765 3018 2835 ἀνάγκης.
3074 2762 3282 2834 ’ἱλαρὸν
3327 2762 3440 2834 γὰρ
3479 2763 3630 2833 δότην
3657 2759 3837 2829 ἀγαπᾷό

2334 2857 2499 2921 Θεός·
2525 2855 2749 2920 δυνατὸς
2788 2855 2845 2908 δὲ
2878 2856 2907 2907 ό
2945 2854 3077 2916 Θεὸς
3118 2854 3301 2906 πᾶσαν
3351 2851 3517 2921 χάριν
3550 2846 3832 2919 περισσεῦσαι

2337 2951 2418 3013 είς
2444 2949 2609 3020 ὑμᾶς,
2638 2947 2726 3000 ἴνα
2769 2947 2828 3000 ὲν
2869 2945 3032 3000 παντὶ
3075 2943 3311 2998 πάντοτε
3358 2943 3544 2996 πᾶσαν
3577 2940 3835 3007 αὐτάρκειαι

2337 3042 2571 3115 ἔχοντες,
2606 3039 2966 3113 περισσεύητε
2997 3039 3078 3102 είς
3110 3038 3218 3091 πᾶν
3248 3038 3415 3107 ἔργον
3445 3032 3660 3103 ἀγαθὸν,
3707 3027 3835 3091 καθὼς

2338 3136 2647 3209 γέγραπται
2667 3150 2681 3164 ’
2715 3132 3065 3204 ὲσκόρπισεν,
3105 3131 3307 3184 ἔδωκεν
3335 3130 3455 3193 τοῖς
3494 3127 3717 3199 πένησιν,
3738 3124 3765 3193 ή
3786 3119 3831 3173 δι·

655 3234 711 3288 in
743 3250 905 3290 omne
926 3251 1064 3305 Opus
1093 3236 1318 3303 bonum,
1346 3236 1488 3291 sicut
1514 3236 1779 3307 scriptum
1801 3245 1919 3293 est:
1950 3256 1969 3291 ι
2007 3236 2237 3309 Disper-

1907 3256 1919 3292 :
1950 3256 1969 3291 ι
2007 3236 2237 3309 Disper-
2264 3271 2313 3335 ο
2340 3226 2601 3299 καιοσύνη
2632 3224 2797 3282 αὑτοῦ
2831 3224 2983 3297 μένει
3012 3225 3094 3288 είς
3110 3223 3202 3277 τὸν
3233 3221 3432 3277 αίῶνα.
3470 3239 3490 3275 ι

652 3328 752 3393 sit,
785 3327 936 3382 dedit
960 3329 1294 3399 pauperibus
1321 3346 1335 3385 :
1359 3329 1579 3400 justitia
1607 3329 1729 3401 ejus
1762 3339 1947 3387 manet
1978 3331 2033 3387 in
2065 3348 2240 3389 saecu-

656 3422 765 3475 lum
803 3420 1013 3475 saculi.
1052 3439 1072 3473 ε

723 3509 846 3567 Non
893 3511 1067 3567 invito
1105 3527 1205 3568 nec
1236 3520 1431 3568 coactu
1465 3514 1673 3575 animo,
1709 3511 1803 3567 sed
1852 3521 2154 3584 spontaneo
2181 3523 2235 3568 et

654 3604 825 3659 libera
857 3605 1160 3660 voluntate.

730 3695 892 3752 Vens.
927 3696 1014 3761 10,
1063 3696 1155 3751 ll.
1196 3715 1217 3749 ι
1256 3695 1358 3764 Qui
1412 3707 1594 3753 autem
1650 3696 1999 3754 administrat
2048 3714 2235 3755 semen

650 3788 974 3852 aeminenti,
1011 3797 1066 3844 et
1090 3803 1286 3859 panem
1321 3786 1391 3843 ad
1440 3788 1881 3845 manducandum
1913 3799 2152 3861 praestet,
2185 3802 2239 3847 et

652 3879 989 3949 multiplicet
1049 3892 1237 3933 semen
1293 3886 1578 3945 vestrum,
1631 3886 1687 3934 et
1744 3888 1941 3950 augeat
1991 3882 2237 3952 germina

653 3971 870 4041 frugum
895 3969 1132 4041 justitia:
1170 3978 1401 4037 vestrae;
1434 3978 1494 4024 ut
1530 3971 1587 4025 in
1619 3972 1878 4027 omnibus
1936 3968 2236 4042 locupletes

650 4060 776 4117 sitis
824 4060 880 4114 in
928 4074 1146 4113 onmem
1203 4059 1637 4129 simplicitatem,
1675 4077 1800 4131 quae
1840 4068 2102 4133 Operatur
2142 4078 2238 4133 per

651 4168 751 4208 vos
786 4151 1084 4222 gratiarum
1114 4151 1389 4205 actionem
1424 4150 1555 4206 Deo.
1593 4170 1611 4203 ι

723 4242 976 4298 Ostendit
1013 4256 1080 4296 ea
1120 4241 1310 4304 etiam,
1341 4258 1461 4311 quae
1491 4242 1597 4312 ipsi
1649 4243 1979 4314 largiuntur,
2028 4260 2092 4300 ex
2126 4243 2237 4298 Deo

648 4350 808 4393 esse;
850 4350 919 4389 ne
944 4334 1070 4403 quis
1104 4347 1304 4403 nempe
1328 4332 1658 4389 intumescat
1691 4333 1859 4400 fastu,
1888 4349 1986 4390 ceu
2016 4336 2236 4405 propria

652 4440 751 4482 sua
791 4425 1074 4496 largiatur.
1102 4423 1271 4495 Atqui
1300 4438 1474 4480 semen
1509 4424 1599 4480 hic
1623 4425 2027 4498 eleemosynam
2051 4435 2232 4481 vocat.

652 4513 902 4573 Declarat
943 4524 1123 4571 autem
1155 4516 1267 4572 illis
1311 4529 1562 4588 magnam
1606 4515 1877 4573 benefacti
1926 4517 2231 4573 mercedem

649 4626 798 4673 esse.
833 4609 1064 4665 dicendo
1099 4610 1357 4680 germina,
1387 4618 1750 4680 proventusve
1774 4608 2019 4679 justitia.

721 4700 891 4756 Vens.
922 4701 1114 4757 12-45.
1150 4719 1170 4753 ι
1208 4701 1476 4768 Quoniam
1511 4701 1879 4758 ministerium
1928 4692 2094 4772 hujus
2121 4701 2231 4756 offi-

652 4792 723 4848 cii
756 4808 867 4847 non
918 4793 1097 4848 solum
1124 4794 1341 4864 supplet
1367 4809 1431 4849 ea
1460 4809 1584 4865 quae
1609 4794 1814 4850 desunt
1847 4794 2079 4859 sanctis,
2131 4792 2228 4849 sed

652 4884 816 4939 etiam
847 4883 1088 4939 abundat
1132 4899 1228 4955 per
1251 4885 1453 4941 multas
1477 4886 1777 4956 gratiarum
1817 4885 2063 4941 actiones
2096 4883 2228 4950 Deo,

656 4990 753 5043 per
803 4974 1185 5044 probationem
1236 4972 1528 5029 ministerii
1593 4973 1801 5044 hujus,
1857 4971 2228 5044 glorificantes

657 5066 831 5131 Deum
866 5066 921 5121 in
955 5065 1270 5121 obedientia
1301 5064 1669 5122 confessionis
1708 5074 1904 5122 vestrae
1941 5066 1997 5120 in
2045 5063 2229 5119 Evan-

656 5160 855 5229 gelium
913 5158 1164 5223 Christi,
1203 5168 1261 5215 et
1307 5160 1661 5231 simplicitate
1715 5159 2230 5216 communicationis

658 5254 712 5305 in
756 5252 900 5313 illos,
932 5262 987 5307 et
1025 5252 1081 5308 in
1110 5267 1326 5314 omnes,
1370 5260 1425 5307 et
1459 5252 1514 5306 in
1571 5252 1819 5322 ipsorum
1849 5251 2233 5308 obsecratione

659 5359 758 5412 pro
790 5344 969 5406 vobis.
1016 5343 1452 5401 desiderantium
1502 5358 1606 5400 vos
1647 5351 1870 5415 propter
1897 5344 2230 5400 eminentem

661 5436 892 5501 gratiam
931 5435 1022 5491 Dei
1055 5437 1110 5491 in
1144 5435 1325 5492 vobis.
1359 5434 1579 5491 Gratias
1609 5434 1718 5492 Deo
1754 5450 1919 5507 super
1947 5436 2237 5492 inenarra-

657 5524 749 5579 bili
776 5525 923 5580 dono
959 5526 1096 5597 ejus.
1136 5520 1175 5579 ι

736 5614 1101 5673 Miuisterium
1147 5619 1357 5691 utique,
1399 5618 1467 5676 de
1509 5634 1620 5691 quo
1654 5619 1706 5674 in
1755 5618 1983 5688 epistola
2013 5619 2238 5683 dicitur,

2406 3494 2501 3566 Μὴ
2558 3493 2804 3556 ἄκοντες,
2866 3488 3020 3562 φησὶ,
3082 3487 3219 3559 μηδὲ
3276 3484 3719 3556 ἀναγκαζόμενοι,
3759 3472 3836 3531 ἀλλ’

2338 3586 2574 3650 ἑκόντες,
2602 3584 2698 3639 καὶ
2728 3580 3175 3655 προαιρούμενοι.

2417 3696 2434 3729 ι
2513 3675 2573 3729 '0
2600 3673 2657 3728 δὲ
2697 3671 3047 3743 ἐπιχορηγῶν
3092 3669 3312 3741 σπέρμα
3356 3666 3443 3738 τῷ
3475 3662 3742 3736 σπείροντι,
3776 3655 3839 3710 ul

2334 3768 2500 3839 ἄρτον
2536 3768 2618 3830 είς
2652 3764 2856 3837 βρῶσιν
2884 3762 3216 3835 χορηγῆσαι,
3243 3760 3341 3815 καὶ
3364 3756 3633 3829 πληθύναι
3652 3752 3731 3806 τὸν
3753 3747 3833 3802 σπύ

2341 3875 2432 3930 ρον
2476 3856 2650 3929 ὑμῶν,
2690 3858 2787 3911 καὶ
2829 3854 3060 3924 αύξήσαι
3102 3851 3171 3906 τὰ
3217 3850 3543 3921 γεννήματα
3578 3845 3669 3917 τῆς
3693 3840 3839 3896 διωθ-

2340 3951 2507 4017 σύνης
2554 3949 2709 4020 ὑμῶν
2735 3964 2749 3978 ·
2801 3948 2862 4001 ὲν
2913 3944 3078 4000 παντὶ
3129 3941 3550 4013 πλουτιζόμενοι
3595 3940 3668 4001 είς
3710 3933 3840 3987 πᾶσαν

2338 4043 2641 4113 ἁπλότητα,
2676 4040 2800 4111 ἥτις
2857 4036 3253 4111 κατεργάζεται
3289 4034 3356 4090 δι’
3380 4033 3540 4106 ὑμῶν
3561 4022 3838 4102 εὐχαριστῶ

2335 4135 2413 4192 τῶ
2440 4134 2578 4192 Θεῶ.
2627 4152 2647 4187 ι

2368 4153 2687 4283 ῳΔῖῗιΞῦσέν
2747 4224 2831 4279 ὅτι
2875 4221 2973 4277 καὶ
3007 4220 3149 4275 αὑτὰ
3175 4218 3243 4273 τά
3272 4216 3530 4288 διδόμενα
3557 4215 3619 4268 ἐκ
3644 4208 3723 4265 τοῦ
3743 4201 3839 4259 θεώ

2336 4323 2505 4386 ἑστιν,
2533 4319 2622 4373 ἶνα
2666 4316 2743 4389 μὴ
2790 4313 3006 4385 μεγάλα
3029 4329 3113 4376 τις
3154 4311 3350 4382 φρονῇ,
3400 4309 3480 4371 ὡς
3513 4306 3678 4361 οἰκεία

2336 4413 2577 4481 Σπέρμα
2597 4385 2708 4479 γὰρ
2730 4385 2831 4463 -νῦν
2848 4405 2949 4477 τὴν
2979 4400 3347 4475 ιλεημοσύνην
3374 4398 3556 4455 καλεῖ.
3579 4385 3839 4449 Δείκνυσιδὶ

2334 4505 2521 4568 αὐτοῖς
2546 4502 2640 4556 καὶ
2664 4501 2841 4572 μέγαν
2876 4498 3007 4553 ὄντα
3039 4495 3134 4549 τὸν
3175 4492 3369 4565 μισθὸν
3398 4490 3497 4546 τοῦ
3536 4482 3842 4551 ἀπωτιλίσμι·

2262 4623 2309 4680 ι)
2335 4615 2443 4662 τος.
2468 4594 2813 4666 γεννήματα
2830 4589 3174 4659 δικαιοσύνης
3207 4587 3410 4680 λέγων.

2416 4707 2435 4741 ι
2456 4664 2580 4741 Ὅτι
2599 4686 2633 4757 ἡ
2654 4682 2902 4741 διακονία
2923 4682 3023 4752 τῆς
3050 4676 3395 4751 λειτουργίας
3417 4669 3702 4745 ταύτης,οὑ
3725 4664 3841 4737 μόνον

2335 4780 2455 4834 ἐστὶ
2485 4756 3018 4849 προσαναπληροῦσα
3059 4773 3127 4826 τά
3166 4769 3528 4841 ὑστερήματα
3562 4764 3665 4820 τῶν
3699 4756 3840 4852 evicit.

2335 4870 2474 4925 ἀλλὰ
2503 4867 2599 4923 καὶ
2640 4862 3041 4937 περισσεύουσα
3071 4861 3162 4916 διὰ
3189 4859 3405 4914 πολλῶν
3439 4849 3841 4937 εὐχαριστιῶν

2335 4961 2474 5032 Θεῷ,
2509 4958 2598 5015 διὰ
2620 4934 2728 5030 τῆς*
2749 4956 2977 5027 δοκιμῆς
3016 4953 3116 5022 τῆς
3152 4949 3427 5015 διακονίας
3478 4934 3839 5032 ταύτηςνλδοξὼ

2335 5025 2519 5118 ζοντες
2568 5025 2687 5103 τὸν⁷
2715 5046 2848 5101 Θεὸν
2874 5025 2997 5099 Verri.
3058 5045 3126 5115 τῇ
3170 5042 3418 5112 ὑποταγῇ
3470 5038 3574 5108 τῆς
3617 5025 3841 5105 ὁμολογίας

2333 5145 2489 5216 ὑμῶν
2517 5144 2599 5207 εἰς
2624 5142 2687 5196 τδ
2712 5137 3049 5208 Εὑαγγέλιον
3083 5134 3179 5189 τοῦ
3218 5130 3481 5206 Χριστοῦ,
3515 5129 3607 5185 καὶ
3635 5119 3841 5221 eximii

2332 5211 2432 5309 τῆς
2460 5232 2743 5297 κοινωνίας
2777 5232 2858 5296 εἰς
2894 5230 3112 5293 αὐτοὺς,
3144 5227 3238 5281 καὶ
3282 5226 3363 5287 είς
3410 5223 3639 5282 πάντας,
3663 5211 3743 5309 καὶ

2495 5327 2683 5399 δεήσει
2737 5324 2877 5395 ὑπὲρ
2936 5315 3090 5392 ὑμῶν
3154 5314 3566 5372 ἐπιποθούντων
3613 5298 3836 5399 inpii.“

2336 5418 2437 5490 τὴν
2471 5388 2917 5490 ὑπερϐάλλουσαν
2952 5388 3111 5483 χάριν
3137 5406 3232 5461 τοῦ
3263 5404 3399 5460 Θεοῦ
3429 5403 3519 5473 ἐφ’
3546 5401 3682 5472 ὑμῖν.
3711 5388 3840 5459 Χάρις

2342 5509 2402 5563 δὲ
2432 5509 2511 5580 τῷ
2540 5507 2659 5579 Θεῷ
2689 5506 2782 5561 ἐπὶ
2810 5507 2878 5577 τῇ
2909 5499 3284 5571 ἀνεκδιηγήτῳ
3311 5494 3483 5551 αὑτοῦ
3513 5490 3692 5582 δωρεᾷὴ
3724 5501 3741 5535 ⁸
3777 5569 3788 5582 ,

2354 5650 2361 5657 .
2429 5579 2495 5654 Ἥ
2525 5599 2772 5655 διακονία
2803 5598 2901 5668 τῆς
2935 5590 3225 5663 ἐπιστολῆς
3259 5601 3321 5659 ιιι,
3356 5586 3632 5641 τουτέστιν
3666 5579 3698 5649 ἠ
3727 5579 3850 5646 φάθ’,

1944 5772 2180 5830 ἾΑΒΙίΕ
2222 5775 2617 5833 LECTIONES.

734 5871 777 5902 ιι
803 5860 988 5925 Forte,
1028 5866 1126 5930 τῆς
1142 5865 1508 5932 λειτουργίας,
1541 5878 1598 5922 ut
1632 5867 1736 5923 t'ert
1768 5864 1919 5921 Pauli
1946 5874 2151 5923 textus.
