3910 6392
120 341 207 407 753

1204 354 1284 415 IN
1320 355 1553 418 EPIST.
1594 357 1696 417 AD
1738 356 2097 418 CORJNTH.
2133 358 2212 418 II.

3210 358 3318 422 τοι

114 451 245 524 τιμία
271 449 372 506 τῶν
395 452 713 525 χρημάτων,
742 458 836 512 καὶ
860 459 895 530 ἡ
917 458 1228 532 λειτουργία
1256 464 1413 535 ἡμῶν
1435 464 1573 534 αῦτη
1601 466 1636 536 ἡ

1785 465 1796 519 |
1825 477 1910 521 est
1938 466 2191 522 tnnniiica
2217 466 2574 537 pecuniarum
2596 468 2865 537 crogatio,
2893 477 2947 522 et
2975 466 3105 521 illud
3136 468 3314 536 ipsum

116 543 437 617 πνευματικὴ,
463 545 556 598 καὶ
580 547 615 616 ἡ
638 546 705 601 δι’
732 548 891 620 ἡμῶν
914 551 1178 617 διακονία,
1209 555 1271 608 οὐ
1300 556 1457 626 μόνον
1483 556 1642 611 τοῦτο

115 633 353 705 κατορθοῖ,
382 636 458 691 ὅτι
489 636 559 690 τά
591 638 941 713 ὑστερήματα
965 643 1073 696 τῶν
1104 644 1273 714 ἁγίων
1305 647 1524 719 πληροῖ,
1549 649 1642 703 καὶ

115 724 382 796 διορθοῦται
408 728 582 782 αὐτῶν
602 729 701 801 τὴν
724 732 937 797 πενίαν,
960 735 1075 790 ἀλλ’
1096 738 1178 791 ὅτι
1200 738 1288 793 διὰ
1314 740 1525 795 πολλῶν
1548 742 1641 796 καὶ
1684 734 1689 739 ’

116 816 232 889 ὑπὲρ
265 817 463 873 πολλῶν
514 822 783 888 εὐποιίαν,
818 826 1168 899 εὐχαριστίαν
1220 832 1643 903 ἀναπέμπεσθαι

116 913 503 980 παρασκευάζει.
532 915 701 971 Τοῦτο
732 919 839 989 γάρ
866 922 982 975 ἐστι
1004 922 1086 983 τὸ.
1124 924 1298 980 Ἀλλὰ
1321 927 1419 982 καὶ
1438 942 1645 998 περισ-

116 1004 352 1058 σεύουσα
402 1005 485 1060 διά
547 1008 757 1083 πολλῶν
801 1012 1179 1085 εὐχαριστιῶν.
1247 1018 1473 1074 Ἐκεῖνοι
1535 1020 1645 1093 γὰρ

115 1095 466 1167 ἀποδεχόμενοι
493 1098 561 1152 τὰ
593 1101 852 1172 χρήματα
875 1143 891 1168 ,
928 1104 1209 1171 δοξάζουσι
1248 1108 1338 1162 τὸν
1390 1109 1522 1164 Θεὸν
1544 1111 1646 1167 ἐπὶ

116 1185 176 1255 τῇ
192 1188 443 1259 ὑποταγῇ
475 1190 585 1257 τῆς
623 1196 945 1266 ὁμολογίας
973 1198 1139 1269 ὑμῶν
1174 1204 1261 1270 εις
1285 1203 1351 1257 τὸ
1385 1206 1645 1276 Εὐαγγέ-

115 1279 243 1333 λιον.
268 1279 377 1333 Ἵνα
400 1281 458 1333 δὲ
481 1281 556 1354 μὴ
578 1281 728 1356 δείξῃ
748 1286 944 1351 αὐτοὺς
966 1289 1055 1345 διὰ
1080 1291 1237 1346 τοῦτο
1258 1294 1644 1367 εὐχαριστοῦν-

116 1388 197 1435 τας
224 1372 372 1443 μόνον
397 1374 487 1428 διὰ
522 1375 583 1428 τὸ
628 1375 835 1443 λασεῖν,
860 1380 964 1452 δρα
998 1382 1117 1448 πῶς
1160 1386 1359 1448 αὐτοὺς
1412 1387 1647 1458 ὑψηλοὺς

115 1466 253 1517 ποιεῖ.
286 1462 625 1533 Δοξάζουσι,
669 1471 854 1540 φησὶν,
885 1473 967 1526 ὅτι
1019 1473 1194 1542 οὕτως
1222 1477 1647 1550 ὑποτεταγμένοι

116 1555 216 1609 ἐστὶ
242 1556 312 1626 τῷ
339 1557 683 1639 Εὑαγγελίιρ⁸
713 1558 774 1619 οὗ
801 1568 1024 1637 σημεῖον
1051 1568 1207 1624 τοῦτό
1232 1571 1370 1635 ἐστι,
1406 1571 1468 1625 τὸ
1505 1572 1649 1627 οὕτω

116 1645 315 1791 Magia
339 1650 649 1722 εἰσφέρειν·
702 1655 863 1719 τοῦτο
908 1657 1017 1732 γὰρ
1060 1660 1124 1715 τὸ
1170 1662 1500 1735 Εὑαγγέλιον
1529 1665 1649 1719 ἑπι-

117 1751 142 1789 τ
224 1755 287 1791 ει.

117 1751 287 1793 ταττει.

697 1883 945 1942 ΚΕΦΑΛ.
978 1887 1036 1942 l'.

172 1985 319 2053 Αὐτὸς
343 1988 399 2044 δὲ
436 1990 552 2061 ἐγὼ
602 1992 817 2059 Παῦλος
855 1995 1162 2067 παρακαλῶ
1216 1998 1362 2071 ὑμᾶς
1408 2000 1498 2057 διά
1547 2001 1651 2066 τῆς

120 2077 379 2151 πραότητος
399 2085 497 2137 καὶ
523 2072 842 2152 ἐπιεικείας
859 2085 953 2141 τοῦ
988 2089 1254 2161 Χριστοῦ.

182 2171 496 2246 Ἀπαρτίσας
527 2177 618 2231 τὸν
644 2179 774 2251 περὶ
817 2179 918 2249 τῆς
958 2181 1327 2255 ὲλεημοσῦνης
1359 2183 1535 2253 λόγον,
1576 2184 1653 2251 ὡς

119 2254 221 2327 ἔδει,
256 2260 720 2341 ὲπιτιμικωτέρων
762 2268 991 2326 ἅπτεται
1042 2271 1250 2343 λόγων,
1286 2254 1291 2255 ί
1329 2276 1454 2340 τοὺς
1494 2276 1654 2346 ψευδ-

119 2354 408 2421 αποστόλους
461 2360 837 2431 αἰνιττόμενος
877 2362 975 2417 διὰ
1028 2363 1137 2433 τῆς
1189 2367 1526 2435 πραότητος
1557 2367 1653 2422 καῖ

119 2446 414 2518 ἐπιεικείας,
495 2452 701 2526 σφόδρα
742 2456 939 2521 αὐτοὺς
992 2457 1251 2528 ὲντρέψαι
1312 2458 1652 2531 βουλόμενος.

122 2539 446 2611 ΙΙροϐάλλεται
483 2546 579 2601 οῦν
620 2548 720 2621 τὴν
759 2550 1044 2622 πραότητα
1073 2552 1167 2605 καὶ
1196 2552 1293 2624 τὴν
1334 2553 1653 2609 ἐπιείκειαν.

122 2632 261 2705 ταύτῃ
283 2637 505 2704 μείζονα
526 2640 693 2693 ποιῶν
716 2641 817 2713 τὴν
844 2644 1201 2714 κατηγορίαν.

180 2742 195 2775 t
226 2727 310 2791 '0;
336 2730 475 2784 κατὰ
506 2731 799 2803 πρόσωπον
824 2736 923 2806 μὲν
952 2738 1207 2800 ταπεινὸς
1234 2738 1292 2793 ὲν
1323 2737 1471 2809 ὑμῖν,
1499 2737 1657 2794 ἀπὼν

124 2813 165 2865 δὲ
184 2816 349 2891 suppa
374 2823 453 2888 είς
491 2825 656 2895 ὑμᾶς.
688 2843 708 2877 ι

178 2907 323 2967 Τοῦτό
356 2932 545 2986 φησιν,
573 2916 653 2980 εἰς
685 2917 927 2983 ἐκείνους
956 2920 1326 2991 αἰνιττόμενος
1356 2923 1484 2987 τοὺς
1507 2922 1661 2994 ψευδ-

126 3004 411 3070 αποστόλους
454 3007 590 3071 τοὺς
635 3007 895 3077 λέγοντας
919 3051 934 3077 ,
985 3012 1069 3065 ὅτι
1096 3016 1164 3067 Al
1189 3013 1505 3069 ἐπιστολαὶ
1543 3015 1661 3080 βα-

1744 558 2029 628 spirituale
2063 573 2266 615 munus
2293 566 2543 615 nostrum
2571 568 2628 615 et
2671 559 2908 622 functio,
2936 559 3190 629 quodque
3222 576 3322 629 pen

1742 661 1847 702 nos
1877 645 2238 702 ministerium
2255 646 2460 715 agitur,
2486 662 2600 703 non
2631 646 2734 703 hoc
2766 647 2944 703 solum
2980 654 3224 717 prastat,
3260 656 3327 698 ut

1741 752 1863 807 qua:
1889 736 2089 793 desunt
2117 737 2325 793 sanctis
2348 738 2581 808 expleat,
2614 749 2667 793 et
2697 736 3051 809 indigentiam
3078 737 3318 806 ipsorum
3412 774 3421 783 .

1747 829 2058 893 resarciat;
2094 828 2188 884 sed
2226 836 2286 883 ut
2326 845 2425 898 pro
2449 830 2748 884 multorum
2804 828 3161 885 beneﬁcentia
3211 826 3331 880 Deo

1742 928 1929 988 grates
1959 918 2285 974 habeantur.
2316 918 2448 973 Nam
2491 920 2543 974 id
2578 919 2919 990 significatur
2958 919 3041 975 his
3085 917 3269 973 verbis
3301 938 3318 975 ι

1745 1008 1851 1064 Sed
1886 1011 2050 1065 etiam
2100 1010 2336 1065 abundat
2374 1027 2467 1081 per
2496 1013 2692 1067 multa:
2725 1013 3023 1082 gratiarum
3068 1011 3319 1065 actiones.

1743 1101 1878 1156 Nam
1910 1104 2006 1173 qui
2055 1103 2256 1175 stipem
2298 1106 2594 1175 accipiunt,
2625 1106 2853 1174 gloriam
2894 1105 3002 1160 Dco
3052 1106 3335 1168 tribuunt,

1744 1191 1801 1246 in
1834 1193 2126 1248 obedientia
2151 1193 2494 1263 confessionis
2524 1205 2710 1249 nstra:
2743 1195 2798 1248 in
2845 1193 3205 1264 Evangetium.
3246 1192 3335 1249 Ne

1746 1292 1925 1341 autem
1959 1285 2062 1340 hoc
2090 1285 2356 1339 duntaxat
2378 1286 2600 1341 nomine
2620 1286 2765 1357 quod
2797 1286 3092 1356 accipiant,
3117 1285 3325 1354 gratias

1747 1389 1909 1444 agere
1959 1376 2121 1449 146
2167 1375 2460 1446 significet,
2493 1375 2619 1432 vide
2657 1383 2921 1447 quantum
2951 1389 3046 1429 eos
3077 1374 3323 1428 extoliat.

1749 1466 2085 1537 Gloriﬁcant,
2125 1468 2325 1538 inquit,
2378 1467 2573 1533 Deam,
2627 1468 2886 1539 quoniam
2940 1466 3141 1521 subditi
3192 1465 3337 1518 adeo.

1747 1561 1883 1616 estis
1928 1560 2246 1630 Evangelio.
2302 1560 2476 1631 Cujus
2530 1561 2607 1616 rei
2648 1562 2751 1616 hoc
2784 1566 3167 1629 argumentum
3222 1563 3327 1621 est,

1748 1651 1895 1720 quod
1940 1652 2021 1708 sic
2074 1652 2376 1709 liberaliter
2413 1651 2675 1708 offeratis.
2744 1648 2801 1705 id
2844 1651 2989 1705 enim
3038 1648 3339 1720 Evangelio

1751 1740 2080 1811 przecipitur.

2410 1875 2562 1933 CAP.
2596 1875 2663 1931 Χ.

1823 1983 1989 2041 Vsus.
2026 1986 2079 2041 1.
2138 2004 2157 2039 ι
2191 1985 2313 2056 ipse
2362 1992 2544 2040 autem
2586 1998 2687 2055 ego
2723 1980 2927 2038 Paulus
2974 1981 3207 2036 obsecro
3237 1992 3338 2035 vos

1752 2091 1848 2148 per
1889 2076 2369 2132 mansuetudinem
2399 2084 2452 2130 et
2483 2074 2811 2129 modestiam
2837 2071 3064 2127 Christi.
3102 2090 3122 2122 ι

1820 2166 2113 2232 Absoluto,
2146 2165 2225 2220 uti
2275 2164 2529 2228 decebat,
2562 2161 2631 2218 de
2663 2163 3009 2232 eleemosyna
3058 2172 3341 2221 sermone,

1753 2257 2083 2313 severiorem
2119 2256 2457 2327 aggreditur,
2488 2254 2854 2323 dicendoque,
2915 2259 3335 2321 per-mansuetu-

1753 2348 1929 2402 dinem
1961 2358 2009 2403 et
2042 2348 2387 2411 modestiam,
2444 2345 2616 2401 falsos
2664 2345 2946 2415 apostolos
2997 2342 3339 2412 perstringit,

1754 2446 1816 2492 ut
1836 2438 2190 2493 vehementer
2218 2453 2316 2492 eos
2346 2435 2685 2508 pudefaciat.
2729 2434 2990 2488 Producit
3028 2448 3158 2503 ergo
3186 2447 3336 2484 man-

1756 2531 2102 2586 suetudinem
2146 2539 2199 2585 et
2231 2529 2581 2594 modestiam,
2625 2528 2831 2598 quibus
2861 2525 3125 2595 majorem
3155 2530 3339 2579 struat

1757 2624 2189 2679 accusationem.

1833 2735 1852 2768 ε
1893 2715 1999 2784 Qui
2029 2718 2080 2770 in
2126 2714 2271 2771 facie
2323 2713 2543 2786 quidem
2601 2711 2827 2767 humilis
2867 2725 2989 2766 sum
3034 2709 3178 2763 inter
3219 2721 3341 2771 vos,

1759 2810 1958 2866 absens
1989 2818 2170 2865 autem
2198 2808 2416 2863 confido
2440 2808 2494 2861 in
2520 2806 2697 2861 vobis.
2738 2824 2757 2857 ο

1832 2902 1932 2959 His
1970 2903 2151 2958 verbis
2182 2900 2477 2956 mendaces
2514 2898 2793 2969 apostolos
2818 2897 2947 2951 illos
2985 2893 3210 2956 indicat,
3248 2889 3343 2962 qui

1761 2996 2011 3054 dicerent
2057 3014 2071 3051 :
2106 2992 2361 3064 Epistola:
2390 2991 2600 3063 quidem
2629 3006 2813 3062 graves
2863 2995 2985 3043 sunt
3015 3003 3033 3041 :
3062 2984 3346 3056 puemitia

124 3088 259 3156 ρεῖαι,
280 3095 316 3163 ἡ
339 3095 406 3149 δὲ
444 3098 755 3166 παρουσία
789 3101 896 3155 τοῦ
933 3101 1204 3173 σώματος
1257 3078 1557 3173 ἀσθενής.
1589 3108 1662 3162 Ἦ

1785 3098 1938 3143 tutam
1978 3087 2215 3156 corporis
2239 3086 2476 3155 inﬁrma.
2502 3081 2600 3139 Vel
2623 3083 2728 3138 hoc
2759 3096 2923 3137 sensu
2957 3099 2971 3135 :
3010 3078 3120 3131 Etsi
3151 3089 3344 3145 magna

125 3180 261 3249 οὕτως
279 3202 291 3217 ’
322 3188 390 3241 Ἢ
429 3190 517 3244 ὅτι
546 3180 648 3244 κᾶν
676 3192 882 3261 μεγάλα
923 3167 1265 3265 φθένγξωμαι,
1303 3197 1402 3260 οὐκ
1431 3167 1653 3263 ὲξάποσ

1785 3181 2099 3248 ποηυηιίο,
2153 3196 2263 3235 non
2311 3188 2493 3233 tamen
2533 3192 2599 3230 ex
2636 3172 2957 3245 arrogantia
2997 3172 3217 3241 loquor,
3250 3167 3345 3223 sed

128 3273 261 3339 νοὶας,
294 3278 404 3332 ἀλλ’
427 3282 499 3334 ἐκ
525 3278 619 3334 τοῦ
651 3282 879 3355 θαρρεῖν
916 3284 1069 3355 ὑμῶν
1099 3285 1428 3356 φθέγγομαι.

183 3384 198 3417 t
227 3369 411 3442 Δέομαι
434 3373 520 3436 δὲ,
559 3375 620 3427 τὸ
651 3376 726 3447 μὴ
766 3374 958 3446 παρὼν
991 3376 1263 3448 θαρρῆσαι
1290 3382 1358 3450 τῇ
1393 3380 1663 3454 πεποιθηω

130 3472 208 3522 σει,
231 3454 563 3537 ᾗλογίζομαι
578 3467 842 3538 τολμῆσαι
867 3466 960 3520 ἐπί
994 3485 1164 3532 τινας.
1209 3488 1229 3521 ι

183 3553 357 3625 Δέομαι
402 3559 586 3631 ὑμῶν,
640 3561 794 3633 φησὶ,
838 3563 913 3633 μή
956 3578 1022 3633 με
1067 3562 1410 3631 ἀναγκάζετε
1462 3565 1656 3633 δεῖξαι,

129 3641 192 3696 ὅτι
238 3650 323 3703 καὶ
368 3652 569 3726 παρὼν
618 3655 837 3726 ἰσχυρός
885 3657 1024 3726 εἰμι,
1087 3656 1184 3709 καὶ
1244 3655 1473 3719 δύναμιν
1531 3658 1661 3728 ἔχω.

139 3735 322 3812 Ἐπειδὴ
348 3743 454 3816 γὰρ
486 3744 695 3815 ἔλεγεν,
720 3748 802 3800 ὃτι
844 3745 1029 3801 Ἁπὼν
1074 3744 1236 3802 πάνυ
1271 3747 1413 3818 ὑμῖν
1448 3748 1663 3819 θορῤὧ,

130 3827 303 3896 τούτοις
329 3834 601 3907 κέχρηται
622 3840 734 3902 τοῖς
764 3839 993 3910 ῥήμασι.

192 4024 208 4058 ι
246 4010 375 4075 Τοὺς
404 4012 793 4085 λογιζομένους
827 4017 1000 4087 ἡμᾶς,
1022 4016 1100 4081 ὡς
1130 4015 1274 4071 κατὰ
1302 4016 1482 4089 σάρκα
1513 4036 1667 4090 περι-

132 4100 416 4169 ⁴ιωτοῦντας.
452 4124 473 4159 ι

198 4188 405 4247 Ἐκεῖνοι
449 4194 565 4267 γὰρ
618 4196 781 4252 αὑτὸν
824 4197 1100 4253 διέδαλλον
1134 4199 1209 4264 ὡς
1240 4200 1563 4274 ὑποκριτὴν,
1593 4202 1669 4267 ὡς

134 4285 357 4355 πονηρὸν,
376 4289 449 4352 ὡς
490 4290 806 4346 ἀπατεῶνα.

194 4390 210 4424 ι
250 4377 332 4431 Ἐν
366 4381 537 4451 σαρκὶ
581 4382 690 4453 γάρ
726 4382 1173 4453 περιπατοῦντες,
1214 4387 1276 4437 οὔ
1320 4384 1462 4439 κατὰ
1493 4385 1672 4456 σάρκα

136 4471 533 4541 στρατευόμεθα.
575 4491 595 4525 ι

203 4558 451 4617 Ἐνταῦθα
494 4562 683 4616 λοιπὸν
720 4564 815 4617 κα⁴ί⁵
854 4563 1027 4633 φοϐεῖ.
1080 4566 1267 4635 Σάρκα
1295 4567 1404 4638 γάρ
1436 4568 1681 4638 περικεί-

140 4648 270 4713 μεθα,
302 4655 587 4724 ὁμολογῶ·
656 4658 800 4711 κατὰ
850 4658 1028 4731 σάρκα
1079 4660 1202 4713 οὐδὲ
1257 4660 1460 4730 ζῶμεν.
1505 4665 1685 4731 Στρα-

140 4740 275 4796 τείαν
302 4746 358 4799 δὲ
392 4748 680 4819 ὠνόμασεν
698 4750 931 4824 ταύτην,
966 4751 1204 4824 μάλιστα
1240 4754 1507 4823 ἐκφοϐῶν.

200 4936 216 4969 ι
255 4921 330 4975 Τὰ
356 4923 463 4997 γὰρ
494 4924 636 4979 ὅπλα
660 4928 760 4998 τῆς
793 4927 1085 4998 στρατείας
1116 4927 1297 5000 ἡμῶν,
1333 4927 1395 4982 οὐ
1425 4926 1685 4999 σαρκικὰ,

142 5007 252 5065 ἀλλᾶ
278 5014 474 5072 δυνατὰ
496 5016 575 5088 τῷ
602 5018 742 5088 Θεῷ.
782 5037 803 5071 ι

199 5124 364 5181 Ὅπλα
417 5130 685 5200 σαρκικὰ,
736 5130 967 5197 πλοῦτός
1012 5132 1152 5200 ἐστι,
1187 5131 1335 5199 δόξα,
1373 5131 1687 5196 δυναστείας

144 5213 431 5286 εὐγλωττία,
474 5223 740 5294 δεινότης,
786 5225 1137 5297 περιδρομαὶ,
1189 5225 1496 5293 κολακεῖαι,
1556 5226 1692 5279 ὐπο-

147 5307 346 5376 κρίσεις,
367 5314 463 5366 καὶ
485 5312 556 5367 τὰ
579 5313 713 5367 ἄλλα
737 5313 909 5368 ταῦτα
929 5316 1043 5378 τοῖς
1068 5314 1329 5379 τοιούτοις
1348 5315 1586 5370 ἐοικότα.
1609 5315 1692 5368 Τὰ

146 5396 191 5450 δὲ
212 5402 441 5476 ἡμέτερα
467 5406 530 5459 οὐ
555 5406 800 5472 τοιαῦτα,
828 5408 1016 5476 φησιν,
1051 5407 1189 5461 ἀλλὰ
1221 5407 1419 5461 δυνατὰ
1451 5407 1529 5478 τῷ
1552 5407 1689 5477 Θεῷ.

149 5492 316 5560 Καλῶς
336 5498 391 5551 δὲ
415 5499 583 5553 πάλιν
616 5501 796 5554 πᾶσαν
821 5502 923 5569 τὴν
952 5499 1185 5571 δύναμιν
1210 5500 1374 5554 αὑτοῦ
1404 5498 1693 5568 ἀνατίθησι

150 5580 212 5654 τῷ
233 5586 361 5659 Θεῷ.
386 5591 614 5661 Ὅμοιον
651 5591 709 5644 δι
738 5594 813 5657 ὡς
846 5592 893 5646 si
926 5591 1099 5660 λέγον
1135 5591 1249 5660 Οὐχ
1283 5591 1463 5661 ἡμεῖς,
1506 5591 1692 5660 φησὶν,

151 5674 267 5731 αὐτὰ
302 5682 528 5737 τοιαῦτα
562 5683 1063 5754 κατεσκευάσαμεν,
1094 5683 1233 5738 ἀλλὰ
1261 5682 1426 5746 αὐτὸς
1464 5683 1493 5735 ὀ
1538 5682 1693 5746 Θεός.

163 5768 359 5848 Ἐπειδὴ
407 5779 520 5850 γὰρ
572 5778 951 5850 μαστιζόμενοι
1004 5780 1099 5833 καὶ⁵
1132 5777 1477 5848 ἐλαυνόμενοι
1537 5776 1697 5846 ἐκρά-

1760 3277 1891 3348 quia
1923 3276 1977 3330 in
2011 3274 2165 3329 vobis
2193 3272 2431 3327 confido.

1837 3368 2003 3423 Vens.
2041 3367 2100 3421 2.
2137 3384 2156 3417 ι
2197 3367 2349 3435 Rogo
2380 3370 2587 3426 autem,
2612 3375 2680 3415 ne
2708 3372 2951 3430 praesens
2991 3355 3222 3409 audeam
3254 3366 3348 3422 per

1760 3460 2152 3517 conﬁdentiam
2181 3473 2287 3527 qua
2322 3455 2613 3510 existimor
2648 3451 2850 3506 audere
2898 3449 2954 3503 in
2991 3447 3282 3516 quosdam.
3316 3460 3339 3493 ι

1837 3554 1987 3624 ltogo
2021 3567 2140 3618 vos,
2174 3550 2376 3620 inquit,
2412 3562 2481 3602 ne
2513 3561 2599 3601 me
2629 3544 2696 3599 ad
2737 3545 2841 3598 hoc
2877 3541 3134 3611 attigatis,
3162 3546 3222 3591 ut
3252 3550 3348 3607 pa-

1763 3645 1871 3700 lam
1903 3644 2098 3697 faciam
2120 3680 2136 3705 ,
2172 3656 2258 3696 me
2297 3652 2517 3708 quoque
2550 3634 2744 3689 fortem
2773 3647 2897 3687 esse
2940 3627 3163 3699 quando
3204 3639 3345 3692 pra:-

1764 3751 1894 3791 sens
1946 3749 2093 3799 sum,
2122 3738 2178 3786 et
2217 3732 2419 3785 virtute
2467 3725 2694 3797 pollere.
2745 3720 2881 3776 Nam
2910 3720 3040 3790 quia
3081 3719 3341 3771 dixerat:

1766 3827 1963 3880 Absens
1994 3824 2207 3877 omnino
2236 3818 2442 3888 conﬁdo
2469 3819 2523 3871 in
2562 3817 2725 3877 vobis,
2758 3812 2947 3869 iisdem
2982 3824 3132 3864 nunc
3167 3807 3345 3860 verbis

1766 3920 1966 3975 utitur.

1844 4032 1862 4065 ι
1897 4008 2000 4078 Qui
2042 4006 2384 4061 arbitrantur
2430 4016 2532 4056 nos
2585 4007 2846 4066 tanquam
2886 3991 3187 4050 secundum
3228 4001 3346 4043 car-

1768 4119 1892 4160 nem
1925 4099 2297 4156 ambulemus.
2340 4114 2360 4147 ι

1842 4196 2022 4267 Ipsum
2064 4190 2212 4245 enim
2252 4186 2606 4242 incessebant
2666 4191 2929 4251 tanquam
2982 4170 3347 4247 hypocritam.

1772 4298 2032 4356 tanquam
2067 4281 2378 4352 improbum
2409 4284 2464 4332 et
2494 4276 2862 4345 deceptorem.

1843 4374 2012 4429 Vens.
2050 4370 2105 4426 '5.
2160 4388 2179 4422 ι
2218 4369 2273 4423 In
2303 4382 2472 4423 carne
2514 4366 2659 4421 enim
2698 4361 3083 4419 ambulantes,
3129 4371 3241 4412 non
3270 4370 3348 4411 se-

1780 4469 2022 4523 cundum
2055 4478 2277 4519 carnem
2314 4460 2637 4513 militamus.
2674 4475 2692 4509 ι

1856 4559 1959 4614 llic
1990 4571 2120 4611 vero
2137 4570 2235 4610 eos
2260 4553 2500 4609 territat.
2532 4548 2667 4603 Nam
2700 4561 2866 4601 carne
2897 4560 2997 4599 nos
3019 4538 3351 4597 circumdari

1788 4652 2009 4707 fateor:
2044 4655 2305 4702 caeterum
2359 4654 2702 4711 nequaquam
2767 4635 3075 4693 secundum
3128 4646 3352 4687 carnem

1785 4743 2048 4797 vivimus.
2086 4737 2201 4792 lloc
2242 4745 2423 4790 autem
2460 4731 2710 4804 estquod
2744 4729 2995 4783 milii-iam
3028 4722 3353 4786 nominavit,

1786 4849 1893 4905 quo
1916 4840 2221 4888 exterreret
2246 4826 2444 4897 magis.

1860 4922 2104 4979 Vens.4.
2151 4940 2169 4974 ι
2206 4919 2339 4974 Nam
2372 4933 2527 4974 arma
2566 4917 2778 4972 militiae
2821 4920 3023 4969 nostra:
3072 4925 3182 4966 non
3239 4921 3354 4963 car-

1789 5018 1935 5075 nalia
1973 5024 2125 5081 sunt,
2155 5012 2251 5070 sed
2285 5012 2528 5083 potentia
2556 5008 2687 5065 Deo.
2736 5028 2755 5061 ι

1857 5131 2026 5186 Arma
2063 5126 2253 5182 carnis
2285 5134 2435 5192 sunt,
2474 5122 2703 5185 divitiae,
2748 5120 2944 5191 gloria,
2976 5114 3244 5187 potentia,
3277 5109 3358 5164 fa-

1790 5221 2016 5287 cundia,
2042 5228 2210 5285 artes,
2242 5217 2604 5280 famulitium,
2650 5210 3082 5272 assentationes,
3132 5204 3359 5261 simula-

1791 5318 1997 5385 tiones,
2030 5322 2085 5367 et
2116 5312 2219 5367 alia
2241 5311 2439 5365 horum
2474 5307 2697 5364 similia.
2726 5303 2927 5357 Nostra
2965 5314 3117 5364 vero,
3155 5296 3360 5366 inquit,

1795 5410 1924 5461 talia
1965 5420 2073 5461 non
2110 5412 2263 5469 sunt,
2310 5400 2406 5458 sed
2452 5415 2481 5455 a
2530 5400 2641 5453 Deo
2685 5396 2857 5450 robur
2909 5392 3135 5447 habent.
3196 5387 3362 5442 Recte

1794 5509 1977 5552 autem
2021 5496 2280 5549 virtutem
2337 5494 2534 5547 iterum
2593 5503 2749 5543 snam
2809 5497 3027 5540 omnem
3085 5488 3364 5549 acceptam

1796 5590 1965 5646 refert
1996 5587 2126 5643 Deo.
2168 5585 2248 5641 Ac
2275 5585 2323 5641 si
2353 5584 2563 5639 diceret
2596 5598 2611 5635 :
2645 5578 2765 5633 Non
2795 5591 2895 5633 nos
2922 5574 3117 5631 isthaec
3148 5569 3365 5644 praesti-

1798 5683 1988 5740 timus.
2037 5676 2133 5734 sed
2178 5677 2297 5749 ipse
2329 5675 2490 5731 Deus.
2538 5669 2675 5726 Nam
2708 5668 2863 5739 quia,
2890 5680 3018 5721 cum
3045 5662 3368 5734 vapularent

1799 5772 2331 5843 expellerentur-que,
2387 5767 2630 5823 victores
2686 5768 2866 5825 erant,
2908 5760 2985 5813 ait
3036 5757 3140 5811 hoc
3186 5755 3364 5816 ipsum
