4048 6408
203 346 309 414 757

1285 352 1367 411 IN
1403 353 1637 414 EPIST.
1681 355 1776 414 AD
1815 353 2177 415 COBINTH.
2212 352 2295 413 II.

3340 310 3448 411 758

203 461 279 515 οὐ
311 461 420 532 γὰρ
447 458 734 531 τολμῶμεν
762 459 1010 543 ἐγκρναι
1049 460 1274 525 ἑαυτούς
1318 476 1460 516 τισιν
1506 462 1615 515 τῶν
1644 463 1771 516 ἐαυ-

1897 473 1927 518 et
1959 473 2259 535 praesentes
2293 464 2349 518 in
2387 460 2553 516 laeto.
2578 459 2698 515 Non
2721 459 2868 513 enim
2905 458 3173 511 audemus
3204 456 3451 511 inserere

196 552 326 613 τοὺς
354 549 801 615 συνιστανόντων,
832 548 971 604 ἀλλὰ
1008 549 1163 603 αὐτοὶ¹
1207 551 1266 603 ἐν
1302 550 1514 614 ἑαυτοῖς
1547 552 1774 615 ἑαυτοὺς

1897 571 1980 611 tos
2014 554 2367 629 quibusdam,
2399 552 2492 623 qui
2520 551 2734 621 seipsos
2757 547 3149 605 commendant
3177 563 3188 597 :
3222 545 3318 599 sed
3345 545 3451 615 ipsi

201 642 533 714 μετροῦντες
579 642 673 695 καὶ
724 642 1107 714 συγκρίνοντες
1159 641 1390 706 ἑαυτοὺς
1441 644 1678 709 ἑαυτοῖς,
1712 642 1774 697 οὐ

1899 666 1933 705 n
1955 648 2158 719 seipsis
2191 648 2405 716 seipsos
2442 644 2731 698 metientes
2750 651 2804 697 et
2833 648 3219 710 comparantes
3236 637 3454 708 seipsos

199 734 496 787 συνιοῦσιν.
537 751 555 784 ι

270 826 415 896 Ὅρα
441 825 557 890 πῶς
582 825 743 880 πάλιν
768 826 1172 897 παραμυθεῖται
1202 826 1293 880 τὸν
1318 827 1528 896 φθόνον.

275 936 295 969 ι
348 918 537 988 Ἡμεῖς
559 917 616 971 δὲ
642 918 744 971 οὐκ
766 920 847 982 είς
877 919 946 971 τὰ
964 918 1178 990 ἄμετρα
1199 919 1608 990 καυχησόμεθα,
1642 917 1780 972 ἀλλά

196 1010 347 1063 κατά
396 1004 474 1063 τδ’
490 1009 685 1081 μέτρον
726 1009 824 1064 τοῦ
878 1013 1124 1078 κανόνος,
1152 1006 1212 1067 οὗ
1268 1012 1526 1083 ἐμέρισεν
1573 1013 1704 1083 ἡμῖν
1751 1010 1780 1063 ὁ

196 1102 334 1164 θεὸς
358 1102 575 1172 μέτρου,
602 1101 887 1170 ἐφικέσθαι
927 1102 1092 1173 μέχρι
1130 1105 1225 1157 καὶ
1272 1103 1445 1173 ὑμῶν.
1469 1103 1543 1157 Οὐ
1572 1102 1679 1174 γὰρ
1705 1102 1781 1166 ὠς

200 1194 280 1265 μὴ
306 1194 685 1263 ἐφικνούμενοι
715 1195 794 1258 είς
828 1195 997 1265 ὑμᾶς,
1029 1195 1487 1266 ὑπερεκτείνομεν
1531 1194 1775 1258 ἐαυτούς.

201 1288 369 1357 ’Ἄχρι
411 1284 520 1357 γὰρ
553 1285 647 1339 καὶ
694 1286 849 1356 ὑμῶν
899 1284 1216 1355 ἐφθάσαμεν
1259 1286 1319 1339 ἐν
1358 1286 1435 1356 τῷ
1464 1286 1783 1357 Εὑαγγελίῳ

196 1378 297 1432 τοῦ
325 1380 565 1448 Χριστοῦ
589 1396 602 1408 ·
645 1380 746 1433 οὐκ
775 1381 854 1442 εἰς
895 1379 963 1433 τὰ
1000 1378 1215 1450 ἄμετρα
1258 1381 1625 1452 καυχώμενοι,
1665 1379 1782 1434 ἀλλ’

197 1473 261 1524 ἐν
291 1470 595 1540 ἀλλοτρίοις
626 1470 831 1534 τόποις.
876 1489 894 1522 ι

273 1561 386 1614 Καὶ
408 1561 516 1631 γὰρ
545 1562 594 1613 οί
625 1561 1055 1630 ψευδαπόστολοι
1104 1561 1264 1617 τοῦτο
1306 1564 1512 1632 ἔλεγον,
1547 1563 1630 1616 ὅτι
1684 1561 1784 1633 τὴν

199 1653 531 1723 οἰκουμένην
561 1652 997 1724 ἐπεστρέψαμεν,
1027 1656 1163 1726 πρὸς
1205 1657 1273 1711 τὰ
1309 1656 1525 1729 πέρατα
1548 1653 1650 1725 τῆς
1680 1654 1785 1724 γῆς

200 1742 518 1811 ἀφικόμεθα
538 1760 551 1773 ·
588 1744 703 1813 ἀμα
735 1743 794 1797 δέ
821 1743 1044 1810 ἔνδειξίς
1073 1747 1190 1800 ἐστι
1220 1746 1321 1817 τῆς
1349 1744 1784 1817 ταπεινοφροσύ-

204 1850 304 1903 νης
327 1833 520 1888 αὑτοῦ.

287 1946 306 1977 ι
352 1927 577 1980 Ἐλπίδα
633 1929 690 1982 δέ
748 1928 962 1999 ἔχοντες
1017 1928 1386 2001 αὐξανομένης
1415 1930 1516 2000 τῆς
1549 1930 1783 1994 πίστεως

206 2018 387 2087 ὑμῶν,
422 2021 479 2072 ἐν
506 2021 633 2089 ὑμῖν
666 2021 1070 2092 μεγαλυνθῆναι
1098 2022 1239 2076 κατά
1271 2022 1362 2075 τὸν
1404 2024 1603 2077 κανόνα
1628 2022 1787 2094 ἡμῶν

207 2112 291 2173 εἰς
320 2111 667 2181 περισσείαν,
707 2115 787 2176 είς
831 2113 902 2167 τὰ
944 2113 1272 2186 ὑπερέκεινα
1314 2113 1467 2186 ὑμῶν
1509 2114 1790 2183 εὐαγγελί-

208 2205 436 2271 σασθαι,
466 2205 565 2259 οὐκ
596 2207 655 2258 ἐν
684 2206 948 2277 ἀλλοτρίῳ
979 2207 1187 2272 κανόνι,
1219 2208 1299 2271 είς
1334 2210 1403 2262 τὰ
1431 2206 1625 2279 ἕτοιμα
1656 2225 1791 2261 καυ-

206 2296 505 2366 χήσασθαι.
540 2297 596 2349 '0
625 2297 681 2352 δὲ
705 2298 1083 2369 καυχώμενος,
1136 2299 1195 2352 ἐν
1239 2300 1429 2370 Κυρίῳ
1469 2300 1785 2370 καυχάσθω.

208 2390 287 2441 υὺ
325 2388 440 2459 γὰρ
466 2391 496 2443 ό
532 2390 724 2443 ἑαυτὸν
764 2391 1115 2456 συνιστάνων,
1144 2391 1351 2455 ἐκεῖνός
1374 2393 1491 2445 ἐστι
1524 2391 1747 2463 δόκιμος
1772 2407 1787 2424 ο

208 2480 326 2535 ἀλλ’
345 2480 410 2534 δν
435 2483 464 2535 ὁ
486 2480 691 2554 Κύριος
717 2483 1053 2555 συνίστησιν.
1086 2502 1107 2538 ι

296 2681 555 2747 Ἐλπίζω,
615 2684 800 2753 φησιν,
859 2683 1013 2754 ὑμῶν
1069 2683 1401 2752 ἐπιγνόντων
1439 2689 1465 2719 °
1503 2723 1518 2747 ,
1559 2682 1645 2736 ὅτι
1701 2681 1795 2736 καὶ

215 2773 535 2845 περαιτέρω
577 2774 755 2828 κανὼν
796 2775 955 2846 ἡμῶν
985 2777 1369 2847 ἐκταθήσεται.
1399 2774 1797 2848 Προὸησόμεθα

216 2864 330 2933 γὰρ
362 2864 458 2917 καὶ
502 2868 834 2938 περαιτέρω,
862 2866 1003 2923 ὥστε
1030 2867 1267 2940 κηρύξαι
1317 2869 1412 2922 καὶ
1451 2868 1670 2938 καμεῖν,
1698 2866 1798 2936 οὐχ

225 2956 371 3009 ὥστε
406 2956 582 3027 λόγοις
612 2958 917 3031 κομπάζειν
941 2960 1084 3032 ὑπὲρ
1114 2953 1189 3016 ὧν
1216 2961 1421 3030 ἔκαμον
1450 2960 1649 3032 ἕτεροι.
1686 2960 1799 3014 Ka-

222 3049 336 3113 λῶς
373 3050 431 3104 δὲ
467 3052 564 3106 καὶ
593 3054 823 3109 κανόνα
878 3054 1127 3121 ἐκάλεσε,
1172 3054 1270 3109 καὶ
1319 3054 1535 3126 μέτρον,
1579 3051 1655 3116 ὡς
1704 3049 1799 3104 ἐπὶ

1879 742 1984 798 sibi
2026 730 2187 811 ipsis,
2229 754 2338 793 non
2374 723 2715 806 intelligunt.
2756 753 2775 785 ι

1950 832 2088 888 Vide
2126 830 2401 901 quomodo
2429 844 2648 883 rursum
2688 826 2870 881 mollit
2907 825 3195 879 invidiam.

1949 925 2112 981 Vens.
2152 923 2341 980 13-15.
2399 942 2417 973 ι
2453 921 2563 976 Nos
2627 928 2809 974 autem
2857 933 2966 973 non
3009 919 3064 972 in
3125 917 3453 971 immensum

1880 1017 2256 1088 gloriabimur,
2286 1014 2379 1070 sed
2406 1011 2711 1068 secundum
2746 1022 3057 1063 mensuram
3087 1004 3308 1078 regulae,
3345 1016 3454 1073 qua

1882 1124 2109 1165 mensus
2157 1115 2243 1163 est
2294 1106 2459 1161 nobis
2516 1103 2660 1159 Deus
2736 1115 3052 1156 mensuram
3109 1094 3453 1169 pertingendi

1881 1214 2060 1270 usque
2087 1197 2155 1253 ad
2185 1212 2304 1252 vos.
2336 1194 2457 1250 Non
2513 1194 2661 1249 enim
2700 1191 2858 1263 quasi
2911 1204 3021 1244 non
3067 1186 3455 1258 pertingentes

1884 1294 1952 1348 ad
1986 1307 2105 1356 vos,
2146 1284 2825 1361 superextendimus'nos.
2864 1281 3057 1352 Usque
3093 1280 3162 1334 ad
3183 1294 3280 1334 vos
3309 1278 3455 1332 enim

1884 1384 2236 1455 pervenimus
2280 1384 2333 1435 in
2366 1378 2663 1449 Evangelio
2696 1374 2945 1439 Christi;
2989 1387 3099 1427 nou
3136 1371 3190 1425 in
3223 1369 3456 1423 immen-

1885 1490 2008 1533 sum
2041 1474 2361 1545 gloriantes,
2399 1470 2495 1526 sed
2523 1471 2579 1524 in
2611 1468 2809 1521 alienis
2846 1465 3005 1520 locis.
3048 1483 3065 1516 ι

1958 1566 2248 1621 Mendaces
2272 1562 2543 1633 siquidem
2581 1558 2821 1630 apostoli
2866 1558 2969 1612 hoc
2998 1555 3291 1610 dicebant:
3329 1550 3453 1606 uni-

1886 1674 2105 1715 versum
2158 1656 2345 1712 orbem
2398 1652 2777 1709 convertimus
2826 1665 2840 1702 :
2887 1650 2951 1703 atl
3003 1656 3247 1703 extrema
3299 1656 3460 1698 terra:

1887 1749 2256 1822 perreximus.
2292 1746 2436 1813 Quin
2469 1746 2557 1799 hic
2596 1757 2818 1814 quoque
2850 1740 3009 1795 locus
3041 1739 3320 1808 specimen
3354 1735 3458 1789 ltu-

1814 1830 1857 1887 Β
1885 1841 2134 1897 militatis
2159 1838 2333 1910 ipsius
2358 1836 2587 1909 praebet.

1962 1953 1981 1988 ι
2018 1932 2181 2004 Spem
2218 1937 2404 1986 autem
2435 1929 2701 1984 habentes
2728 1924 3040 1981 crescentis
3089 1922 3212 1977 lidei
3238 1928 3461 1981 vestrae,

1886 2027 1943 2083 in
1971 2025 2128 2080 vobis
2154 2021 2495 2093 magniﬁcari
2524 2018 2824 2075 secundum
2858 2017 3103 2087 regulam
3131 2022 3373 2068 nostram
3407 2010 3463 2064 in

1889 2118 2315 2183 abundantiam;
2351 2113 2539 2187 [Vens
2575 2110 2764 2183 16-18]
2783 2111 2948 2165 etiam
2973 2111 3025 2162 in
3056 2107 3148 2161 illa
3172 2120 3293 2176 quae
3321 2104 3464 2157 ultra

1888 2228 1988 2268 vos
2037 2217 2168 2265 sunt
2223 2206 2633 2276 evangelizare,
2694 2217 2804 2257 non
2855 2201 2914 2255 in
2943 2198 3121 2254 aliena
3147 2196 3365 2264 regula,
3407 2194 3464 2248 in

1889 2306 1960 2361 iis
1990 2318 2114 2375 quae
2154 2309 2460 2372 praeparata
2494 2297 2661 2370 148
2688 2302 2820 2351 sunt
2859 2290 3108 2363 gloriari.
3146 2288 3251 2355 Qui
3280 2296 3464 2342 autem

1891 2398 2187 2470 gloriatur,
2248 2395 2303 2449 in
2360 2391 2595 2447 Domino
2638 2389 2927 2461 glorietur.
2993 2382 3111 2438 Non
3169 2380 3318 2437 enim
3371 2378 3468 2451 qui

1894 2494 2139 2563 seipsum
2180 2487 2552 2554 commendat,
2582 2486 2674 2542 ille
2704 2484 2974 2555 probatus
3013 2490 3134 2545 est;
3167 2475 3264 2534 sed
3302 2489 3467 2546 quem

1895 2586 2041 2642 Deus
2077 2579 2447 2639 commendat.
2486 2597 2506 2631 ι

1962 2696 2157 2769 Spero,
2203 2693 2403 2764 inquit,
2436 2689 2553 2746 fore
2587 2698 2646 2745 ut
2699 2686 2853 2743 vobis
2894 2680 3345 2753 augescentibus,
3383 2679 3469 2733 ul-

1898 2791 2070 2846 terius
2127 2801 2348 2860 quoque
2406 2783 2595 2854 regula
2654 2791 2842 2836 nostra
2901 2775 3286 2849 protendatur.
3334 2771 3470 2826 Nam

1900 2883 2042 2941 ultra
2083 2872 2525 2954 progrediemur,
2549 2874 2624 2929 ita
2657 2882 2718 2928 ttt
2760 2870 3125 2943 praedicetuus
3166 2874 3221 2921 et
3257 2864 3474 2919 labore-

1900 2991 2046 3042 mus,
2098 2988 2209 3028 nou
2250 2978 2309 3026 ut
2362 2968 2430 3023 de
2491 2964 2778 3021 laboribus
2834 2962 3068 3017 aliorum
3105 2972 3208 3014 nos
3249 2953 3474 3027 jactite-

1899 3082 2044 3121 mus.
2100 3063 2269 3118 Recte
2326 3074 2456 3115 vero
2504 3058 2746 3129 regulam
2797 3053 2960 3117 dixit,
3018 3061 3073 3107 et
3133 3060 3471 3111 mensuram,

216 3141 419 3236 κτῆσιν
468 3142 588 3236 τῆς
620 3144 947 3215 οἰκουμένης
994 3141 1251 3197 εἰσελθὼν
1293 3142 1386 3196 καὶ
1432 3139 1797 3212 κληρονομίαν

1901 3158 2052 3213 velut
2087 3155 2181 3227 qui
2214 3153 2279 3207 ad
2331 3149 2737 3224 acquirendum
2769 3146 2959 3202 orbem
3001 3150 3057 3198 et
3089 3139 3473 3196 haereditatetn

213 3235 472 3304 ἀρίστην,
510 3235 603 3288 καὶ
634 3236 847 3300 δεικνὺς
874 3235 969 3290 τοῦ
1002 3236 1139 3290 Θεοῦ
1167 3234 1226 3289 τὸ
1250 3235 1410 3308 ἔργον
1434 3234 1574 3289 ὅλον.
1604 3234 1796 3305 Ἔχον-

215 3344 308 3390 τες
350 3322 449 3380 οῦν
500 3326 723 3381 τοιαῦτα
770 3327 924 3399 ἔργα,
974 3328 1131 3398 φησὶ,
1165 3329 1260 3383 καὶ
1308 3327 1529 3400 μείζονα
1571 3325 1797 3398 προσδο-

214 3418 448 3482 κῶντες,
478 3419 540 3471 οὐ
592 3420 951 3491 κομπάζομεν
996 3420 1072 3482 ὡς
1108 3423 1305 3475 ἐκεῖνοι
1345 3420 1509 3490 μηδὲν
1558 3418 1794 3489 ἔχοντες,

212 3516 326 3569 οὐδ’
350 3518 567 3582 ἑαυτοῖς
588 3517 935 3590 λογιζόμεθα,
957 3519 1093 3575 ἀλλά
1115 3519 1193 3591 τῷ
1214 3518 1332 3589 Θεῷ
1348 3518 1408 3573 τὸ
1429 3519 1557 3572 πᾶν.
1584 3517 1675 3571 Διδ
1704 3517 1798 3571 καὶ

215 3608 441 3676 ἐπάγει,
499 3609 640 3665 ὥστε
687 3612 722 3665 ὁ
782 3610 1196 3682 καυχώμενος,
1257 3612 1329 3666 ἐν
1402 3609 1596 3679 Κυρίῳ
1651 3624 1797 3663 καυ-

213 3700 450 3771 χάσθω.

806 3836 1062 3891 ΚΕΦΔΛ.
1091 3834 1208 3906 tua

298 3965 320 3997 ι
362 3946 594 4015 Ὄφελον
642 3947 923 4017 ἀνείχεσθέ
975 3964 1079 4018 μου
1139 3945 1338 4020 μικρὸν
1383 3947 1450 4016 τῇ
1495 3944 1797 4015 ἀφροσύνῃ,

216 4037 367 4092 ἀλλὰ
394 4039 490 4093 καὶ
515 4038 773 4110 ἀνέχεσθέ
808 4057 931 4109 μου.
965 4057 984 4091 ι

297 4131 527 4186 Μέλλων
552 4131 842 4185 εἰσϐαίνειν
862 4133 942 4195 είς
963 4132 1090 4196 τοὺς
1110 4130 1344 4195 οἰκείους
1369 4130 1647 4193 ἐπαίνους,
1674 4126 1802 4182 πολ-

218 4225 289 4295 λῇ
321 4222 696 4293 ἀποκέχρηται
717 4226 783 4295 τῇ
814 4223 1214 4296 προθεραπείᾳ.

302 4334 324 4366 ι
369 4315 527 4383 Ζηλῶ
572 4316 683 4387 γὰρ
722 4317 866 4387 ὑμᾶς
903 4317 1039 4370 Θεοῦ
1072 4316 1240 4387 ζήλῳ.
1279 4315 1642 4389 Ἦρμοσάμην
1695 4315 1803 4387 γὰρ

220 4408 377 4477 ὑμᾶς
426 4407 509 4460 ἐνὶ
547 4408 701 4478 ἀνδρὶ
766 4406 1033 4478 παρθένον
1092 4407 1262 4479 ἁγνὴν
1312 4407 1665 4480 παραστῆσαι
1725 4408 1803 4479 τῷ

221 4496 473 4572 Χριστῷ.
505 4517 525 4550 ι

299 4591 421 4647 Οὐκ
445 4586 621 4654 εἶπεν,
639 4590 862 4660 Ἀγαπῶ
884 4591 1048 4662 ὑμᾶς,
1071 4590 1184 4645 ἀλλ’
1206 4592 1234 4645 δ
1258 4591 1437 4663 πολλῷ
1460 4591 1649 4646 τούτου
1677 4609 1808 4662 σφο-

224 4684 489 4754 δρότερον
527 4679 618 4753 ἦν,
655 4682 813 4736 τοῦτο
847 4683 1050 4754 τίθησι.
1106 4684 1406 4756 Ζηλότυποι
1437 4684 1545 4756 γάρ
1588 4684 1725 4737 είσιν
1754 4684 1813 4736 αἱ

221 4777 406 4845 ψυχαὶ
448 4775 653 4845 σφόδρα
711 4774 819 4828 τῶν
870 4775 1163 4846 ἐρωμένων
1215 4775 1653 4846 περικαιόμεναι.
1702 4776 1812 4828 Καὶ

225 4868 336 4920 οὐκ
365 4864 430 4919 ἂν
451 4866 626 4930 ἄλλως
646 4865 809 4938 τεχθῇ
836 4869 869 4939 ἡ
901 4866 1225 4938 ζηλοτυπία,
1258 4869 1308 4920 εί
1338 4867 1414 4938 μὴ
1437 4867 1546 4921 ἀπὸ
1576 4865 1811 4935 σφοδρᾶς

228 4958 445 5029 φιλίας.

308 5069 330 5103 ι
370 5050 721 5121 Φοϐοῦμαιδὲ
750 5052 946 5124 μήπως
990 5052 1065 5118 ὡς
1114 5052 1236 5123 ὄφις
1275 5052 1615 5125 ἐξηπάτησεν
1663 5051 1808 5105 Εῦαν
1896 5070 1899 5073 λ

224 5144 289 5288 ἓν
322 5143 404 5245 τῇ
447 5141 751 5213 πανουργίᾳ
793 5142 983 5209 αὐτοῦ,
1012 5142 1156 5198 οὕτω
1204 5144 1387 5216 φθαρῇ
1442 5145 1510 5197 τὰ
1559 5143 1809 5213 νοήματα

269 5252 412 5288 μων.
448 5251 469 5283 ι

364 5251 469 5288 ν.»

364 5252 412 5288 ν.
448 5252 469 5283 ι

268 5252 375 5379 “Et
401 5326 511 5395 γὰρ
536 5326 627 5379 καὶ
650 5326 683 5395 ἡ
710 5325 954 5381 ἀπώλεια
974 5327 1233 5399 ὑμετέρα,
1258 5327 1375 5382 ἀλλ’
1401 5330 1433 5401 ἡ
1458 5329 1665 5401 ἀθυμία
1693 5347 1807 5383 κοι-

226 5418 339 5487 νή·
398 5418 461 5471 τὸ
514 5418 591 5481 δὲ,
637 5418 889 5489 μήποτε,
947 5418 1073 5473 οὔτε
1123 5421 1574 5486 καταδικάζοντὸς
1634 5422 1805 5484 ἐστιν,

230 5508 363 5564 οὔτε
399 5510 733 5574 σιωπῶντος.
773 5510 896 5565 Οὐδ’
936 5509 1123 5583 ἕτερον
1153 5513 1263 5585 γὰρ
1310 5513 1569 5583 ἀσφαλὲς,
1597 5513 1719 5567 οὔτε
1748 5511 1809 5566 τὸ

1901 3251 2161 3331 optimam
2203 3252 2479 3319 pergeret,
2512 3241 2943 3309 ostenderetque
2973 3243 3150 3292 totum
3176 3247 3301 3290 esse
3332 3245 3475 3301 opus

1902 3323 2020 3397 Dei.
2059 3342 2193 3395 Cum
2223 3355 2355 3411 ergo
2384 3334 2660 3408 ejusmodi
2695 3347 2864 3404 opera
2915 3330 3242 3394 habeamus,
3274 3322 3475 3395 inquit,

1902 3444 1957 3489 et
2004 3434 2213 3503 majora
2267 3439 2679 3502 exspectemus,
2742 3437 3092 3495 nequaquam
3149 3416 3477 3490 jactautiam

1903 3538 2310 3591 conseclamur,
2344 3532 2403 3577 ut
2433 3523 2511 3578 illi
2547 3520 2750 3591 quibus
2778 3516 2916 3572 nihil
2956 3512 3223 3585 supersit.
3263 3524 3362 3563 nec
3389 3514 3477 3561 to-

1904 3628 2017 3671 tum
2070 3616 2228 3670 nobis
2263 3616 2623 3685 imputamus,
2665 3607 2760 3664 sed
2794 3606 2923 3663 Deo.
2974 3604 3132 3660 Unde
3165 3600 3331 3655 etiam
3383 3596 3478 3651 ad-

1904 3710 2003 3773 dit,
2033 3717 2089 3761 ut
2116 3707 2204 3777 qui
2234 3705 2519 3777 gloriatur,
2546 3702 2600 3755 in
2632 3699 2853 3753 Domino
2883 3694 3159 3766 glorietur.

2544 3830 2699 3888 CAP.
2732 3828 2827 3883 XI.

1978 3957 2143 4012 Vens.
2168 3955 2218 4009 i.
2252 3973 2271 4006 ι
2305 3952 2526 4009 Utinam
2554 3947 2906 4005 sustineretis
2936 3940 3215 3997 modicum
3235 3934 3368 4008 quid
3390 3934 3476 3989 itt-

1907 4048 2181 4120 sipientiae
2212 4060 2363 4109 mem,
2406 4040 2505 4098 sed
2543 4048 2599 4096 et
2631 4044 3081 4109 supportateme.
3122 4048 3142 4082 ι

1978 4138 2116 4206 Quia
2145 4136 2215 4191 ad
2269 4132 2464 4189 laudes
2509 4128 2760 4201 proprias
2811 4132 3074 4182 venturus
3113 4125 3253 4183 erat,
3306 4115 3481 4171 multa

1908 4228 2334 4304 praemunitione
2358 4225 2552 4279 utitur.

1976 4325 2142 4379 Vens.
2173 4321 2229 4376 2.
2274 4341 2293 4373 ‹
2326 4318 2583 4374 Ᾱὶιηιιιοτ
2632 4315 2777 4370 enim
2820 4328 2917 4367 vos
2958 4309 3051 4365 Dei
3102 4301 3478 4362 aemulatione.

1912 4410 2186 4483 Despondi
2218 4409 2365 4463 enim
2408 4422 2507 4461 vos
2542 4405 2633 4459 uni
2668 4404 2787 4459 viro
2818 4399 3088 4469 virginem
3138 4401 3349 4450 castam
3381 4406 3480 4446 ex-

1840 4542 1884 4596 D
1912 4504 2102 4596 bibere
2137 4501 2381 4596 Christo.
2423 4517 2441 4549 ι

1983 4593 2103 4648 Νοιι
2152 4592 2312 4655 dixit,
2352 4590 2490 4642 Amo
2540 4602 2658 4651 vos,
2688 4585 2781 4640 sed
2813 4580 3004 4638 vocent
3035 4596 3154 4636 eam
3193 4576 3366 4649 ponit,
3393 4575 3480 4631 cui

1913 4689 2074 4758 longe
2108 4684 2284 4755 major
2324 4683 2406 4736 vis
2461 4681 2614 4736 insit.
2670 4677 2852 4730 Animi
2903 4672 3176 4745 siquidem
3233 4669 3309 4724 illi
3342 4668 3486 4722 zelo—

1913 4781 2025 4851 typi
2057 4786 2209 4843 sunt,
2240 4775 2333 4845 qui
2363 4771 2634 4827 adversus
2658 4785 2755 4825 eos
2788 4784 2924 4838 quos
2959 4774 3166 4832 amant,
3199 4761 3483 4818 ardentius

1913 4872 2251 4926 allieiuntur.
2290 4865 2430 4932 Quin
2480 4878 2581 4918 nec
2631 4861 2903 4933 zelotypia
2938 4858 3162 4915 aliunde
3210 4856 3482 4917 nascitur,

1914 4977 2080 5033 quant
2112 4977 2177 5015 ex
2206 4957 2510 5012 vehementi
2540 4968 2751 5009 amore.

1993 5054 2156 5109 Vens.
2217 5052 2273 5107 ’5.
2333 5068 2350 5101 ι
2411 5047 2603 5103 Timeo
2670 5054 2853 5101 autem
2910 5060 2998 5110 ne,
3056 5043 3203 5097 sicut
3253 5050 3481 5108 serpens

1914 5147 2082 5203 Evam
2115 5145 2337 5202 seduxit
2382 5143 2583 5197 astutia
2626 5155 2749 5207 sua,
2783 5140 2857 5193 ita
2890 5142 3316 5206 corrumpantur
3357 5147 3485 5186 sen-

1913 5251 2008 5292 sus
2035 5236 2223 5291 vestri.
2263 5255 2281 5287 ι

1987 5328 2145 5394 Nam,
2179 5326 2431 5395 quamvis
2473 5324 2736 5380 interitus
2778 5326 2957 5376 vester
2984 5317 3080 5383 sit,
3113 5314 3272 5370 dolor
3298 5322 3481 5367 mitten

1916 5420 2232 5475 communis
2263 5425 2368 5473 est.
2419 5415 2556 5471 lilud
2599 5428 2750 5475 vero.
2785 5429 2846 5467 ne
2893 5410 3049 5480 forte,
3081 5422 3193 5463 non
3221 5404 3483 5460 condem-

1918 5511 2104 5566 nantis
2134 5512 2358 5579 verbum
2403 5520 2509 5576 est,
2545 5523 2725 5580 neque
2755 5505 3009 5564 tacentis.
3040 5500 3305 5557 Neutrum
3335 5496 3480 5554 enim

1540 5689 1776 5748 VARIE
1806 5689 2203 5748 LECTIONES.

312 5782 341 5813 °
368 5779 657 5849 Chrysost.
695 5782 1061 5837 ἐπιδιδόντων.
