4048 6414
588 295 696 357 759

1771 306 1832 365 s.
1871 306 2186 368 JOANNIS
2217 309 2643 374 DAMASCENI
3717 325 3812 386 rso
3878 312 3887 324 '

590 411 771 459 tutum
835 403 1025 474 fuerit,
1083 417 1249 465 autve
1306 412 1483 482 palam
1541 413 1756 481 efferre,
1820 431 1915 475 aut
1971 422 2155 476 dedita

2259 426 2432 479 εἰπεῖν
2476 429 2748 500 φανερῶς,
2770 429 2895 485 οὔτε
2943 433 3004 486 τὸ
3048 434 3251 506 κρύψαι
3296 435 3563 506 διηνεκῶς
3589 453 3606 468 ·
3635 438 3728 490 καὶ
3753 442 3813 509 τῇ

589 509 758 566 opera
816 498 1018 555 celare.
1077 499 1614 562 Commemoratione
1664 517 1845 565 autem
1907 511 2154 569 historiae

587 601 848 658 magnum
885 591 968 648 eis
1007 602 1275 652 terrorem
1300 597 1520 655 incutit.

667 696 687 730 ι
747 679 811 734 Et
866 683 1234 756 simplicitate
1299 697 1356 746 et
1428 693 1706 760 castitate,
1780 712 1901 768 quae
1962 707 2048 755 est
2097 701 2153 758 in

587 768 829 829 Christo.
864 792 883 826 ι

661 862 949 934 Signiﬁcat
988 870 1150 928 ﬁdem
1186 888 1327 946 opus
1370 877 1574 935 habere
1619 880 1840 937 sincero
1885 885 2153 958 simplici-

587 971 694 1027 que
725 960 931 1018 animo.

659 1050 824 1109 Vens.
853 1055 908 1112 4.
939 1075 958 1109 ι
997 1055 1133 1114 Nam
1167 1061 1214 1116 si
1247 1062 1294 1118 is
1322 1065 1416 1134 qui
1457 1068 1625 1135 venit,
1663 1071 1831 1127 alium
1871 1072 2150 1132 Christum

586 1143 874 1214 prmdicat,
909 1163 1071 1218 quem
1112 1167 1221 1206 non
1262 1155 1704 1224 praedicavimus.
1741 1180 1761 1212 ι

657 1232 774 1290 Hoc
828 1237 884 1291 in
948 1237 1071 1294 loco
1133 1242 1382 1298 declarat
1428 1246 1743 1307 Corinthios
1805 1269 2153 1325 nequaquam

586 1339 709 1381 esse
736 1327 1080 1400 deceptores,
1113 1334 1211 1391 sed
1257 1352 1354 1392 eos
1395 1339 1488 1410 qui
1521 1341 1742 1399 aliunde
1791 1347 2151 1402 advenerant.

587 1412 704 1471 Iloc
754 1428 938 1475 autem
979 1422 1078 1489 ait,
1129 1440 1198 1481 eo
1248 1430 1394 1498 quod
1458 1431 1534 1486 illi
1592 1436 1770 1506 palam
1811 1438 2152 1506 jactitarent,

586 1505 744 1574 plura
779 1523 838 1564 se
867 1512 1215 1580 pradicando
1241 1519 1487 1586 tradere,
1521 1505 1685 1593 quam
1719 1505 2026 1596 apostolos,
2060 1531 2154 1600 qui

587 1595 910 1669 imperfecte
963 1603 1304 1666 docuissent.
1350 1610 1623 1678 Quoniam
1662 1616 1829 1688 igitur
1861 1621 2156 1678 verisimile

585 1701 726 1755 erat,
760 1692 885 1749 illos
947 1696 1102 1766 plura
1135 1701 1437 1767 venditare,
1472 1709 1714 1763 extraria
1741 1711 2014 1782 sapientia
2057 1715 2157 1769 ab-

588 1789 830 1848 utentes,
891 1784 962 1839 ita
1018 1787 1312 1859 loquitur:

585 1871 858 1942 dicerent,
889 1892 954 1934 ac
983 1879 1264 1939 Christum
1303 1887 1536 1943 alterum
1574 1871 1958 1962 pratdicarent,
1990 1913 2153 1967 quem

589 1981 700 2020 non
736 1979 1016 2038 oporteret
1069 1978 1386 2044 praedicare,
1420 1982 1585 2052 idque
1637 2000 1739 2040 nos
1772 1993 2158 2057 praztermitte-

589 2071 796 2124 remus,
840 2073 988 2119 recte
1031 2068 1461 2128 sustinuissetis.
1507 2074 1642 2130 Nam
1687 2078 1897 2134 idcirco
1930 2081 2152 2152 adjecit,

588 2163 743 2218 quem
799 2169 903 2206 non
961 2158 1392 2225 praedicam'mus.
1441 2166 1540 2221 Sin
1573 2177 1756 2224 autem
1802 2172 1998 2228 eadem
2032 2174 2156 2230 ﬁdei

588 2240 791 2310 capita,
829 2246 958 2315 quid
1012 2262 1275 2320 praestant
1331 2258 1550 2328 magis?
1601 2259 1954 2335 Quaecunque
2009 2267 2154 2323 enim

587 2330 852 2403 dixerint,
894 2337 1034 2395 nihil
1064 2342 1316 2402 eﬂ'utient
1358 2353 1596 2422 amplius
1624 2370 1789 2425 quam
1817 2330 1917 2413 nos
1952 2357 2155 2417 docue-

588 2437 783 2481 l'lmllS.

665 2533 685 2567 ι
719 2518 829 2573 Aut
858 2520 1024 2579 alium
1056 2524 1327 2597 Spiritum
1380 2534 1660 2607 accipitis,
1713 2555 1877 2612 quem
1926 2557 2038 2598 non
2065 2558 2157 2600 ac-

586 2606 836 2675 cepistis.
871 2629 890 2662 ι

659 2697 716 2750 Id
749 2709 858 2768 est,
897 2704 990 2774 qui
1043 2722 1141 2765 vos
1188 2710 1580 2782 locupletiores
1609 2719 1807 2778 reddat
1851 2726 2154 2781 secundum

585 2788 844 2856 gratiam.

660 2881 819 2953 149
849 2904 868 2937 ι
909 2885 1015 2945 Aut
1039 2891 1188 2947 aliud
1220 2894 1598 2968 Evangelium,
1627 2903 1775 2972 quod
1808 2921 1915 2960 non
1950 2910 2157 2978 recepi-

585 2973 709 3036 stis,
761 2975 913 3043 juste
958 2991 1291 3050 pateremur.
1329 2988 1521 3060 Heus.
1572 2991 1651 3065 5.]
1689 2994 1956 3053 Existimo
2007 2973 2154 3055 enim

584 3064 723 3118 nihil
755 3084 840 3124 me
876 3072 1059 3129 minus
1091 3075 1286 3134 fecisse
1317 3097 1346 3133 a
1390 3084 1607 3153 magnis
1643 3088 1928 3156 apostolis.
1970 3109 1988 3142 ι

654 3154 841 3227 Neque
897 3161 999 3217 hoc
1051 3181 1270 3223 rursum
1337 3142 1544 3227 fastosa
1614 3142 1836 3231 illorum
1903 3142 2227 3237 facundiac

582 3258 724 3316 opus
771 3249 1028 3308 habebat.
1070 3255 1216 3312 Nihil
1249 3261 1394 3315 enim
1425 3264 1726 3333 perfectius
1759 3269 1828 3322 ah
1859 3270 1941 3326 eis
1986 3273 2155 3327 colla-

584 3343 702 3390 tum
755 3339 877 3396 fuit.
933 3343 1226 3403 Enimvero
1271 3360 1562 3423 postquam
1599 3357 1780 3416 dixit:
1823 3363 1931 3414 Aut
1986 3364 2153 3418 alium

581 3429 766 3488 Jesum
815 3441 1131 3509 pra'dicant,
1166 3447 1475 3514 subiunxit,
1506 3468 1655 3519 quem
1699 3471 1802 3506 non
1843 3455 2156 3522 prwdiravi-

584 3539 746 3579 mus:
808 3538 921 3581 tum
980 3531 1149 3599 dicto,
1218 3545 1310 3589 aut
1361 3537 1526 3592 alium
1580 3543 1859 3609 Spiritum,
1916 3546 2151 3616 adjecit,

582 3631 731 3684 quem
760 3636 861 3674 non
885 3626 1178 3693 accepistis.
1217 3629 1375 3685 Dicto
1401 3631 1660 3703 denique,
1680 3647 1770 3688 aut
1800 3637 1948 3691 aliud
1972 3639 2153 3696 Evan-

582 3710 800 3777 gelium,
838 3715 1069 3783 addidit,
1099 3720 1235 3788 quod
1280 3739 1383 3777 non
1424 3729 1716 3794 recepistis.
1756 3746 1853 3800 per
1887 3733 2001 3787 haec
2036 3750 2155 3788 om-

584 3800 676 3852 nia
706 3803 1019 3870 deelaraus,
1069 3811 1312 3866 animum
1349 3816 1743 3871 attendendum
1790 3836 1900 3874 non
1955 3823 2151 3888 fuisse,

585 3890 634 3945 si
674 3893 803 3963 quid
841 3895 918 3950 illi
963 3899 1227 3956 dixerunt
1260 3906 1522 3974 amplius.
1559 3909 1710 3979 quod
1747 3911 1931 3969 dicere
1975 3932 2155 3985 operte

585 3987 820 4054 pretium
851 3987 1034 4056 fuerit,
1062 4002 1116 4048 et
1160 4010 1191 4048 a
1230 3997 1393 4052 nobis
1426 4001 1692 4057 omissum
1735 4005 1809 4059 sit
1838 4025 1851 4060 :
1885 4008 1932 4061 si
1971 4018 2152 4064 autem

585 4089 696 4129 uou
731 4080 1041 4147 oportebat,
1090 4083 1192 4138 hoc
1240 4084 1294 4138 in
1342 4101 1509 4143 causa
1554 4091 1676 4156 fuit,
1725 4104 1782 4148 ut
1818 4095 2040 4153 nﬁuime
2072 4099 2156 4154 di-

584 4174 734 4219 ctum
773 4169 905 4222 sita
955 4170 1135 4226 nobis.
1188 4172 1368 4229 Eccur
1416 4176 1582 4246 igitur
1612 4197 1742 4252 erga
1786 4185 1909 4242 illos
1938 4188 2020 4242 sic
2055 4192 2155 4246 ob-

585 4264 928 4331 stuposcitis,
959 4267 1053 4336 qui
1092 4270 1223 4325 talia
1251 4271 1542 4329 eﬂ‘utiant?

659 4349 822 4408 Vsus.
849 4355 903 4408 6.
934 4374 952 4407 ‹
989 4354 1123 4410 Nam
1148 4360 1252 4415 etsi
1282 4362 1572 4433 imperitus
1600 4381 1887 4438 sermone;
1921 4374 2016 4429 sed
2044 4391 2151 4432 non

587 4442 843 4499 scientia.
887 4464 907 4499 ι

657 4535 797 4601 Quia
864 4555 1197 4612 magnopere
1250 4545 1340 4600 illi
1392 4547 1766 4606 Graecanicam
1819 4559 2147 4626 sapientiam

582 4625 936 4698 jactitabant,
969 4634 1076 4690 hoc
1108 4636 1181 4691 ita
1210 4639 1488 4706 edisserit,
1532 4651 1591 4696 ut
1616 4647 1870 4700 ostendat
1892 4625 2064 4720 hujus
2095 4669 2153 4708 se

586 4733 696 4774 non
730 4721 966 4791 pudere,
1028 4727 1128 4782 sed
1211 4733 1388 4803 magis
1449 4733 1752 4791 honestari.
1819 4739 2150 4798 Extraneam

585 4811 788 4882 quippe
817 4817 1145 4886 sapientiam
1176 4821 1330 4877 illam
1378 4823 1536 4879 nihili
1571 4828 1791 4903 pendet,
1823 4845 1890 4885 ac
1917 4833 1965 4888 si
2005 4836 2150 4890 stul-
2174 4895 2199 4910 ,_

587 4902 704 4956 titia
733 4905 828 4961 sit.

663 5014 681 5046 ‹
720 4994 928 5068 Ubique
961 5009 1143 5057 autem
1173 5005 1510 5064 manifestati
1562 5028 1755 5070 sumus
1789 5015 1842 5071 in
1891 5016 2151 5075 omnibus

587 5086 656 5141 ad
689 5103 808 5145 vos.
848 5108 866 5141 ι

660 5177 851 5237 Falsos
890 5185 1171 5252 apostolos
1203 5188 1534 5248 criminatur
1563 5203 1821 5267 tanquam
1869 5198 1924 5253 in
1951 5201 2154 5256 astutia

590 5271 1032 5330 obambulantes.

659 5361 971 5436 V'zss._7-9.
1013 5388 1032 5422 ι
1082 5371 1188 5426 Aut
1242 5377 1496 5447 nunquid
1553 5390 1835 5450 peccatum
1867 5383 1990 5447 feci,
2039 5399 2154 5438 me-

2257 517 2445 588 μνήμῃ
2490 519 2548 572 δὲ
2575 520 2672 590 τῆς
2716 521 2977 594 ἱστορίας,
3016 525 3096 590 είς
3137 525 3302 595 φόϐον
3323 526 3525 591 αὐτοὺς
3567 526 3815 598 ἐμϐάλλει

2255 606 2442 662 πολύν.

2329 717 2349 751 ι
2400 700 2531 753 Ἀπὸ
2562 702 2662 772 τῆς
2695 703 2993 776 ἁπλότητος
3026 706 3119 759 καὶ
3156 705 3259 777 τῆς
3295 705 3595 778 ἀγνότητος
3622 708 3722 779 τῆς
3749 711 3819 773 εἰς

2250 788 2343 842 τὸν
2371 791 2625 860 Χριστόν.
2669 813 2687 846 ι

2323 883 2606 937 Δείκνυσιν
2638 885 2715 950 ὡς
2739 888 3017 945 ἀπλάστου
3056 891 3156 949 καὶ
3179 889 3412 960 ἀφελοῦς
3440 889 3622 961 ψυχῆς
3661 891 3822 947 δεῖται

2253 975 2287 1046 ἡ
2315 975 2514 1040 πίστις.

2328 1085 2347 1118 ι
2389 1069 2449 1122 El
2478 1069 2576 1138 μὲν
2595 1071 2704 1142 γὰρ
2739 1075 2767 1127 ὁ
2793 1072 3090 1144 ἐρχόμενος
3115 1075 3272 1132 ἄλλον
3304 1077 3512 1149 Ἰησοῦν
3546 1078 3824 1150 κηρύττει,

2251 1162 2310 1215 ὃν
2337 1165 2436 1218 οὐκ
2465 1167 2833 1239 ἐκηρύξαμεν.
2868 1190 2889 1224 ι

2323 1257 2606 1312 Δείκνυσιν
2653 1261 2891 1319 ἐνταῦθα
2938 1263 3062 1334 οὐχὶ
3111 1263 3435 1336 Κορινθίους
3477 1266 3645 1329 δντας
3707 1266 3827 1328 τοὺς

2254 1346 2600 1414 ἀπατῶντας,
2653 1350 2767 1404 ἀλλ’
2823 1351 3023 1417 ἔξωθεν
3084 1355 3570 1426 προσφερομένους
3628 1356 3824 1418 αὐτοῖς.

2253 1437 2423 1491 Τοῦτο
2451 1439 2529 1503 δέ,
2564 1459 2758 1513 φησιν,
2789 1443 2975 1515 ἐπειδὴ
3017 1446 3330 1515 ἐκόμπαζον
3372 1448 3575 1500 ἐκεῖνοι
3601 1447 3683 1509 ὡς
3714 1449 3827 1500 ἀτε-

2253 1528 2361 1593 λῶς
2398 1531 2506 1584 τῶν
2551 1534 2862 1588 ἀποστόλων
2893 1535 3273 1605 διδασκόντων,
3316 1538 3393 1602 ὡς
3440 1539 3598 1594 αὐτοὶ
3648 1539 3825 1591 πλεῖόν

2252 1639 2307 1675 τι
2345 1624 2691 1695 εἰσφέροντες
2736 1629 2794 1681 ἐν
2829 1623 2911 1692 οἷς
2952 1629 3160 1698 ἔλεγον.
3225 1632 3445 1701 Ἐπειδὴ
3483 1627 3578 1685 οὖν
3611 1631 3826 1684 πλείονα

2255 1716 2491 1787 εἰρηκὼς
2515 1729 2540 1768 Ρ
2563 1719 2760 1784 αὐτοὺς
2799 1721 3105 1792 κομπάζειν
3155 1727 3220 1795 τῇ
3263 1723 3460 1788 ἔξωθεν
3495 1725 3661 1796 σοφίᾳ
3697 1727 3826 1777 ἁπο-

1384 1794 1663 1865 Siquidem
1718 1800 1860 1855 aliud
1892 1815 2155 1872 praeterea

2257 1811 2654 1880 χρησαμένους,
2696 1811 2855 1866 τοῦτό
2897 1831 3082 1883 φησιν,
3119 1794 3217 1868 ὅτι
3241 1817 3289 1869 εί
3339 1815 3437 1885 μέν
3473 1835 3530 1868 τι
3569 1794 3825 1868 τελειότε-

2259 1916 2351 1971 ρον
2385 1899 2566 1969 ἔλεγον
2602 1896 2769 1966 οὗτοι,
2814 1904 2907 1958 καὶ
2944 1904 3131 1976 ἕτερον
3175 1906 3474 1977 ἐκήρυττον
3515 1905 3746 1976 Ἰησοῦν,
3773 1905 3826 1957 ὃν

2256 1991 2316 2043 οὐ
2348 1993 2689 2064 κηρυχθῆναι
2724 1995 2854 2061 ἔδει,
2890 1998 3050 2067 ἡμεῖς
3078 1997 3134 2051 δὲ
3169 1998 3602 2069 παρελείψαμεν,
3655 1998 3827 2062 καλῶς

2258 2085 2324 2139 ἂν
2349 2088 2580 2157 εῐχεσθε.
2611 2090 2710 2145 Διά
2731 2090 2841 2162 γὰρ
2868 2091 3026 2146 τοῦτο
3057 2093 3416 2163 προσέθηκεν,
3455 2093 3527 2146 ὃν
3556 2095 3669 2147 οὐκ
3701 2093 3830 2158 ἐκη-

2250 2179 2539 2248 ρύξαμεν.
2573 2182 2636 2236 Εἰ
2665 2182 2720 2235 δὲ
2747 2183 2815 2239 τά
2843 2184 2983 2242 αὐτὰ
3025 2184 3296 2254 κεφάλαια
3335 2185 3438 2256 τῆς
3476 2186 3741 2248 πίστεως,
3778 2185 3827 2236 τί

2256 2270 2318 2323 τὸ
2345 2271 2538 2336 πλέον;
2569 2276 2709 2328 Ὀσα
2731 2276 2842 2347 γὰρ
2863 2274 2930 2330 ἂν
2953 2276 3202 2344 εἴπωσιν,
3238 2277 3390 2332 οὐδὲν
3423 2277 3588 2332 πλέον
3615 2277 3831 2348 ἐροῦσιν

2256 2355 2332 2418 ὧν
2361 2366 2520 2434 ἡμεῖς
2553 2367 2879 2439 εἰρήκαμεν.
3157 2360 3162 2366 ⁴

2335 2559 2355 2594 ι
2395 2543 2465 2595 Ἦ
2495 2542 2718 2614 Πνεῦμα
2749 2543 2940 2616 ἓτερον
2975 2544 3305 2618 λαμϐάνετε,
3333 2544 3362 2598 ὃ
3394 2544 3496 2598 οὐκ
3525 2543 3766 2597 ἐλάϐετε.
3802 2559 3822 2595 ι

2327 2718 2608 2787 Τουτὲστι,
2636 2723 3071 2796 πλουσιωτέρους
3117 2725 3262 2794 ὑμᾶς
3299 2724 3524 2794 ποιῆσαι
3563 2719 3701 2775 κατὰ
3731 2719 3826 2790 τὴν

2256 2815 2436 2888 χάριν.

2336 2927 2354 2958 ι
2393 2907 2462 2960 Ἢ
2490 2908 2819 2978 Εὑαγγέλιον
2848 2910 3055 2979 ἕτερον,
3081 2909 3109 2962 ὂ
3129 2909 3227 2962 οὐκ
3252 2909 3531 2976 ἐδέξασθε,
3555 2907 3734 2971 καλῶς
3765 2907 3827 2960 ἂν

2257 3000 2491 3071 εἴχεσθε.
2553 3002 2852 3072 Λογίζομαι
2900 3003 3010 3074 γὰρ
3067 3003 3232 3074 μηδὲν
3298 3001 3662 3073 ὑστερηκέναι
3717 2999 3827 3052 τῶν

2261 3093 2399 3162 ὑπὲρ
2430 3092 2549 3146 λίαν
2581 3095 2916 3148 ἀποστόλων.
2954 3114 2971 3146 ι

2330 3183 2464 3235 Οὐδὲ
2501 3183 2658 3235 τοῦτο
2685 3184 2846 3238 πάλιν
2875 3186 2973 3256 τῆς
3025 3186 3298 3257 κομψείας
3355 3186 3579 3238 ἐκείνων
3638 3185 3824 3238 ἐδεῖτο.

2259 3273 2423 3327 Οὐδὲν
2483 3268 2594 3338 οὖν,
2653 3275 2807 3346 φησὶ,
2855 3275 3189 3347 τελειότερον
3234 3278 3365 3348 παρ’
3396 3276 3580 3330 αὐτῶν
3617 3275 3827 3343 είσενήι

2256 3365 2460 3420 νέκται.
2499 3366 2634 3420 Εἴτε
2662 3365 2770 3436 γὰρ
2801 3368 3038 3434 Ἰησοῦν
3066 3369 3480 3436 κηρύσσωσιν,
3536 3367 3827 3434 ἐκηρύξαο

2250 3475 2365 3528 μεν
2393 3468 2419 3507 τι
2439 3475 2452 3489 ·
2480 3457 2598 3512 εἶτε
2621 3458 2825 3527 ἕτερον
2857 3460 3118 3529 Πνεῦμα,
3151 3459 3347 3522 εἰπὼν,
3408 3460 3776 3530 προσέθηκεν,
3799 3460 3829 3512 δ

2256 3551 2366 3603 οὐκ
2389 3549 2630 3604 ἐλάϐετε
2653 3568 2666 3581 '
2711 3553 2787 3606 "II
2801 3552 3167 3622 Εὐαγγέλιον
3203 3552 3408 3621 ἕτερον
3433 3553 3616 3614 πάλιν,
3638 3551 3826 3614 εἰπὼν,

2256 3641 2614 3711 προσέθηκεν,
2642 3641 2674 3695 ὃ
2705 3643 2814 3696 οὐκ
2850 3641 3160 3708 ἐδέξασθε,
3214 3643 3304 3696 διὰ
3351 3643 3570 3697 πάντων
3633 3641 3828 3713 δηλῶν,

2254 3734 2335 3786 ὅτι
2360 3735 2457 3804 οὐχ
2492 3733 2697 3797 ἁπλῶς,
2725 3736 2773 3788 εί
2807 3734 2993 3788 πλεῖόν
3021 3753 3075 3788 τι
3102 3735 3344 3804 λέγουσι,
3376 3736 3673 3806 προσέχειν
3724 3735 3829 3787 δείο

2256 3825 2371 3878 ἀλλ’
2423 3826 2475 3878 εί
2515 3843 2567 3878 τι
2628 3826 2790 3879 πλέον
2832 3825 3019 3895 ἔλεγον
3050 3825 3077 3878 ὂ
3108 3825 3366 3896 λεχθῆναι
3399 3826 3534 3889 ἔδει,
3567 3826 3667 3878 καὶ

2254 3915 2410 3986 ἡμῶν
2465 3915 2823 3986 παρελείφθη.
2886 3916 2950 3968 Εἰ
3001 3915 3059 3969 δὲ
3119 3916 3220 3968 οὐκ
3249 3914 3378 3978 ἔδει,
3408 3914 3498 3967 διὰ
3521 3912 3689 3966 τοῦτο
3714 3911 3832 3966 οὐδὲ

2255 4008 2384 4078 παρ’
2411 4008 2564 4078 ἡμῶν
2595 4007 2810 4078 εἴρηται
2829 4023 2843 4037 °
2873 4007 2927 4060 τί
2947 4007 3124 4062 τοίνυν
3153 4005 3380 4061 τοιαῦτα
3409 4006 3678 4074 λέγοντας
3700 4006 3833 4072 πρὸς

2255 4101 2497 4163 ἐκείνους
2523 4099 2790 4169 κεχήνατε
2817 4115 2832 4165 ;

2328 4385 2348 4418 ι
2387 4365 2450 4420 Ei
2486 4364 2544 4419 δὲ
2601 4363 2696 4418 καὶ
2750 4363 2967 4436 ἰδιώτης
3007 4363 3085 4436 τῷ
3123 4363 3289 4436 λόγῳ,
3338 4363 3456 4419 ἀλλ’
3503 4365 3568 4418 οὐ
3592 4368 3662 4436 τῇ
3697 4363 3837 4435 γνὼ-

2181 4479 2229 4539 D
2257 4476 2358 4511 σει.
2392 4477 2411 4509 ι

2336 4551 2552 4621 Ἐπειδὴ
2609 4550 2822 4624 μεγάλα
2872 4546 3187 4618 ἐκόμπαζον
3247 4548 3468 4602 είκεῖνοι
3529 4548 3627 4601 ἐπὶ
3675 4548 3837 4618 σοφία

2264 4643 2576 4714 Ἑλληνικῇ,
2611 4642 2771 4696 τοῦτο
2795 4639 2937 4693 οῦτω
2963 4638 3167 4708 τίθησι,
3210 4637 3426 4702 δεικνὺς
3479 4640 3565 4692 ὅτι
3606 4641 3712 4693 οὐκ
3755 4641 3836 4692 al-

2255 4733 2508 4802 σχύνεται
2539 4732 2717 4795 τοῦτο,
2755 4729 2893 4783 ἀλλὰ
2920 4727 3016 4780 καὶ
3065 4726 3556 4795 ὲγκαλλωπίζεται.
3608 4730 3839 4791 Οὐδενὸς

2253 4826 2363 4896 γὰρ
2396 4827 2613 4896 ἡγεῖται
2645 4822 2801 4891 ἀξίαν
2820 4820 2980 4890 λόγου
3014 4817 3112 4890 τὴν
3139 4818 3245 4885 ἔξω
3277 4820 3492 4891 σοφίαν,
3550 4821 3695 4877 ἀλλὰ
3746 4820 3838 4875 καὶ

2256 4919 2557 5065 “igtur
2601 5011 2661 5064 ἐν
2716 5011 2881 5066 παντὶ
2941 5010 3349 5084 φανερωθέντες
3415 5010 3474 5063 ἐν
3539 5011 3713 5064 πᾶσιν
3760 5008 3836 5073 είς

2255 5107 2421 5176 ὑμᾶς.
2457 5124 2474 5156 ο

2329 5196 2620 5251 Διαϐἀλλει
2645 5196 2773 5260 τοὺς
2796 5195 3285 5266 ψευδαποστόλους,
3315 5195 3391 5260 ὡς
3434 5196 3494 5249 ἐν
3524 5195 3840 5265 πανουργία

2258 5305 2715 5363 περιπατουντας.

2333 5402 2352 5435 ι
2393 5383 2463 5435 Ἢ
2500 5379 2770 5452 ἁμαρτίαν
2814 5381 3070 5453 ἐποίησα,
3127 5380 3363 5454 ἐμαυτὸν
3400 5381 3704 5443 ταπεινῶν,
3753 5381 3841 5433 ἵνα

1854 5517 2085 5573 νΑῐῖῐᾹΞ
2123 5515 2528 5575 LECTIONES.

661 5639 1191 5734 νςιπξεοειῖρείκὸς.
1253 5664 1279 5706 ιι
1314 5652 1551 5716 Emendo
1574 5666 1626 5715 et
1653 5659 1769 5732 lego
1790 5676 1855 5717 ex
1882 5661 2167 5733 Chrysost.
2196 5663 2319 5718 Εἴτε
2350 5661 2456 5734 γὰρ
2483 5659 2641 5716 ἄλλον
2659 5652 2868 5730 Ἰησοῦν
2895 5652 3280 5726 κηρύσσουσιν,
3304 5653 3496 5724 εἰπὼν,
3523 5659 3840 5732 ἑπήγαγιν,

586 5711 645 5768 ὃν
675 5712 774 5765 οὐκ
814 5715 1182 5787 ἐκηρύξαμεν.
