4048 6416
189 344 291 412 761

1304 351 1388 414 ΙΝ
1425 352 1661 416 EPIST.
1694 353 1794 413 AD
1831 353 2188 418 CORINTH.
2223 359 2306 420 II.

3309 357 3416 421 762

186 458 351 527 ὑμεῖς
380 454 650 527 ὑψωθῆτε,
678 455 763 511 ὃτι
792 455 1000 528 δωρεὰν
1027 458 1091 512 τὸ
1120 457 1215 517 τοῦ
1247 458 1385 519 Θεοῦ
1408 502 1411 505 ς
1431 460 1759 530 Εὐαγγέλιον

1863 462 2040 532 ipsum
2070 464 2384 530 liumilians,
2402 473 2462 519 ut
2484 479 2583 521 vos
2602 466 2938 531 exaltemini,
2959 466 3216 536 quoniam
3246 470 3415 537 gratis

185 547 630 621 εὐηγγελισάμην
648 547 812 619 ῦμῖν;
848 548 1049 614 ’Λλλας
1117 549 1444 623 Ἐκκλησίας
1488 553 1750 625 ἐσύλησα,

184 640 372 695 λαϐὼν
398 639 625 710 ὀψώνιον
658 640 795 711 πρὸς
814 641 914 713 τὴν
960 640 1114 711 ὑμῶν
1166 642 1462 703 διακονίαν.
1504 646 1618 700 Καὶ
1650 664 1754 703 πα-

186 733 301 808 ρὼν
342 735 482 808 πρὸς
536 736 700 807 ὑμᾶς,
751 738 848 792 καὶ
905 739 1245 812 ὑστερηθεὶς,
1278 742 1339 796 οὐ
1366 744 1755 817 κατενάρκησα

179 824 430 890 οὐθενός.
448 826 520 881 Τὸ
545 827 650 901 γὰρ
676 828 963 902 ὑστέρημά
990 849 1093 903 μου
1121 834 1661 914 προσανεπλήρωσαν
1702 837 1755 891 oi

179 917 427 988 ἀδελφοὶ,
479 919 723 986 ἐλθόντες
766 921 874 977 ἀπὸ
925 923 1285 991 Μακεδονίας,
1329 926 1427 982 καὶ
1480 928 1539 981 ἐν
1590 929 1800 992 ιιτανστὶ.ζ

178 1010 369 1085 ἀϐαρῆ
410 1013 536 1085 ὑμῖν
558 1015 797 1087 ἐμαυτὸν
831 1016 1099 1089 ἐτήρησα,
1124 1020 1230 1095 ,καὶ
1256 1021 1504 1091 τηρήσω.
1538 1039 1556 1073 ι

262 1106 331 1159 Ὃ
360 1105 504 1175 λέγει
524 1100 761 1160 τοιοῦτόν
780 1108 949 1161 ἐστιν*
977 1108 1071 1163 Ἐν
1098 1111 1430 1183 στενοχωρίᾳ
1456 1110 1642 1183 διῆγον
1661 1112 1756 1167 καὶ

179 1197 352 1269 πενία
381 1197 605 1271 ἐσχάτῃ.
638 1200 769 1270 παρ’
808 1199 938 1271 ύμῖν
992 1200 1088 1265 ὢν,
1132 1204 1229 1257 καὶ
1286 1203 1574 1275 κηρύττων
1626 1205 1756 1274 ὑμῖν

173 1289 281 1342 τδν
313 1288 488 1358 λόγον.
523 1290 694 1346 Τοῦτο
712 1287 806 1346 οῦν
845 1309 940 1363 μοι
962 1291 1114 1364 ἔχετε
1153 1294 1432 1362 ἐγκαλεῖν,
1469 1296 1562 1350 καὶ
1598 1295 1756 1349 τοῦτο

176 1378 455 1450 ἥμαρτον,
510 1382 593 1435 ὅτι
640 1382 866 1453 εἱλόμην
915 1382 1156 1450 ἐμαυτὸν
1206 1384 1410 1454 suam,
1466 1387 1554 1441 ἵνα
1600 1387 1756 1458 ὑμεῖς

176 1470 525 1544 ὠφεληθῆτε.
554 1472 725 1528 Τοῦτο
750 1474 857 1547 γάρ
873 1475 989 1529 ἐστι
1012 1474 1098 1543 τὸ,
1122 1475 1423 1547 ὑψωθῆτε.

257 1790 280 1824 ε
323 1772 510 1827 Ἔστιν
535 1772 760 1845 ἀλήθεια
790 1774 1027 1847 Χριστοῦ
1059 1776 1118 1830 ἐν
1141 1775 1285 1848 ἐμοί.
1326 1794 1346 1830 ι

252 1864 348 1934 Μὴ
364 1865 643 1935 νομίσητε,
676 1865 862 1935 φησὶν,
893 1866 976 1921 ὅτι
1000 1866 1089 1921 διὰ
1106 1866 1266 1922 τοῦτο
1296 1865 1447 1924 εἷπον
1472 1868 1557 1924 ἵνα
1581 1869 1751 1925 λάϐω.

177 1956 342 2009 Ἐστι
366 1956 495 2027 γὰρ,
534 1958 716 2027 φησὶν,
746 1957 973 2028 ἀλήθεια
997 1960 1056 2013 ἐν
1083 1958 1225 2031 ἐμοί.

253 2067 277 2100 ε
312 2049 436 2102 Ὅτι
464 2052 499 2119 ἡ
536 2048 807 2120 καύχησις
838 2048 976 2121 αὕτη
1010 2052 1072 2105 ού
1126 2063 1472 2125 φραγησεται
1528 2056 1610 2120 είς
1656 2056 1756 2128 ἐμὲ

169 2141 234 2193 ἐν
260 2142 379 2204 τοῖς
408 2141 633 2210 κλίμασι
652 2142 754 2212 τῆς
779 2142 1027 2214 Ἀχαΐας.
1058 2144 1160 2198 Διὰ
1184 2145 1239 2199 τί
1262 2164 1278 2213 ;
1309 2147 1391 2200 ὅτι
1424 2148 1525 2202 οὐκ
1556 2147 1754 2219 ἀγαπῶ

168 2233 361 2303 apag
405 2234 462 2287 '0
490 2233 622 2299 Θεὸς
646 2229 805 2288 οἶδεν.
850 2235 916 2289 '0
933 2234 991 2289 δὲ
1020 2236 1179 2303 ποιῶ,
1212 2240 1310 2293 καὶ
1345 2240 1579 2309 ποιήσω.
1621 2260 1640 2294 ι

239 2398 534 2470 Καύχησιν
554 2399 608 2454 δὲ
629 2399 691 2453 τὸ
719 2401 953 2472 πρᾶγμα
982 2402 1156 2457 καλεῖ.

251 2509 275 2544 ε
310 2492 433 2546 Ἵνα
476 2491 535 2545 δὲ
594 2492 812 2563 ἐκκόψω
870 2494 971 2563 τὴν
1018 2492 1273 2565 ἀφορμὴν
1330 2492 1441 2548 τῶν
1491 2491 1755 2547 θελόντων

167 2582 438 2653 ἀφορμήν
462 2598 477 2615 ·
519 2581 606 2637 ἴνα
674 2582 734 2635 ἐν
789 2575 835 2651 ᾧ
876 2583 1212 2655 καυχῶνται,
1264 2584 1527 2657 εὑρεθῶσι
1577 2582 1757 2647 καθὼς

168 2680 271 2731 καὶ
298 2680 487 2748 ἡμεῖς.
527 2697 546 2730 ι
942 2743 947 2748 η

258 2770 482 2840 Ἐπειδὴ
509 2770 619 2842 γὰρ
643 2769 805 2824 τοῦτο
833 2770 1167 2835 ἐσπούδαζον
1187 2772 1409 2833 ἐκεῖνοι,
1435 2770 1608 2842 λαϐήν
1634 2786 1756 2822 τινα

170 2863 365 2934 εῦρεϊν
410 2864 527 2917 κατ’
566 2862 732 2917 αὐτοῦ
790 2863 867 2925 ὡς
924 2863 1358 2936 φιλοχρημάτου,
1404 2864 1499 2917 καὶ
1546 2862 1754 2933 ταύτην

170 2958 429 3027 ἀναιρεῖν
446 2956 791 3021 ἐσπούδαζεν.

252 3067 275 3100 ε
314 3049 375 3101 Οἱ
410 3049 516 3119 γὰρ
543 3046 773 3101 τοιοῦτοι
801 3046 1244 3117 ψευδαπόστολοι.
1282 3046 1513 3117 ἐργάται
1567 3045 1750 3115 δόλιοι,

170 3140 788 3211 μετασχηματιζόμενοι
827 3142 908 3204 είς
967 3139 1294 3203 ἀποστόλους
1321 3139 1582 3212 Χριστοῦ.
1643 3143 1756 3197 Καὶ
1784 3166 1827 3224 c

166 3236 229 3287 ού
260 3234 582 3304 θαυμαστόν
607 3251 624 3270 ο
655 3233 818 3298 αὐτὸς
850 3234 962 3306 γὰρ
991 3236 1019 3289 ὁ
1048 3234 1291 3300 Σατανᾶς
1347 3235 1759 3306 μετασχηματί-

167 3329 329 3393 ζεται
358 3328 445 3392 είς
477 3326 708 3397 ἄγγελον
744 3327 941 3397 φωτός.
982 3347 1001 3380 ι

238 3420 345 3473 Διὰ
382 3419 562 3482 τοῦτο,
593 3422 750 3491 φησὶ,
780 3418 1247 3489 ψευδαποστόλους
1289 3418 1459 3481 καλῶ,
1522 3418 1605 3473 ὅτι
1659 3437 1763 3474 τοι·

167 3511 318 3564 αῦτα
345 3510 738 3582 ὑποκρίνονται
761 3511 961 3576 πάντα,
994 3510 1082 3565 ἴνα
1109 3512 1486 3583 ἀπατήσωσιν.
1540 3511 1758 3582 Ἐπειδὴ

165 3602 281 3673 γὰρ
340 3601 548 3667 ἴσασιν,
596 3603 677 3656 ὅτι
727 3603 930 3674 ἑτέρως
975 3604 1077 3657 οὐκ
1119 3603 1185 3658 ἂν
1237 3603 1480 3670 γένοιντο
1522 3602 1761 3673 εὐπαράο

165 3694 377 3757 δεκτοι,
402 3692 466 3747 τὸ
493 3692 782 3764 πρόσωπον
808 3693 1147 3765 λαμϐάνουσι
1200 3693 1301 3764 τῆς
1342 3693 1626 3764 ἀληθείας,
1672 3693 1761 3748 ἵνα

163 3786 226 3839 τὸ
254 3786 454 3857 δράμα
517 3786 620 3856 τῆς
657 3785 866 3855 πλάνης
900 3785 1327 3857 ὑποκρίνωνται,
1356 3786 1452 3839 καὶ
1502 3786 1762 3857 χρήματα

164 3876 452 3945 φάσκουσι
491 3873 566 3946 μὴ
586 3873 903 3945 λαμϐάνειν,
931 3875 1019 3928 ἵνα
1057 3873 1277 3927 πλείονα
1306 3872 1571 3927 λάϐωσιν.

244 3984 267 4018 ε
311 3966 392 4019 Ub
428 3966 568 4036 μέγα
593 3963 708 4031 οὖν,
739 3967 788 4019 εί
817 3966 913 4019 καί¹
941 3967 992 4019 οί
1020 3965 1256 4020 διάκονοί⁵
1289 3966 1456 4019 αὐτοῦ
1485 3983 1760 4037 μετασχηο

168 4058 527 4128 ματίζονται.
568 4076 586 4107 ι

242 4153 316 4205 Ἀ
329 4154 549 4220 γτελον
570 4150 784 4220 φωτὸς,
811 4150 904 4205 τὸν
953 4151 1267 4223 παρρησίαν
1290 4149 1480 4222 ἔχοντα
1527 4150 1758 4220 ἄγγελον

161 4244 350 4312 λέγει.
406 4242 531 4296 Eiet
578 4242 686 4315 γὰρ
717 4242 937 4311 ἄγγελοι
983 4244 1206 4307 σκότους
1241 4236 1409 4309 οὗτοι,
1442 4242 1492 4295 oi.
1517 4240 1613 4295 τοῦ
1639 4241 1756 4296 δια-

169 4338 365 4389 ϐόλον.

243 4442 263 4474 ι
301 4422 394 4485 Ὠς
425 4421 661 4476 διάκονοι
682 4421 1049 4493 δικαιοσύνης,
1070 4418 1145 4481 ὧν
1178 4422 1239 4476 τὸ
1257 4422 1411 4487 τέλος
1432 4422 1587 4476 ἔσται
1612 4421 1756 4478 κατά

160 4515 237 4569 τά
267 4516 417 4586 ἔργα
455 4516 655 4572 αὐτῶν.
692 4535 712 4568 ι

238 4610 430 4687 Ὅπερ
461 4609 620 4680 ἡμεῖς
642 4609 833 4681 ἐσμεν,
872 4609 1060 4679 φησὶν,
1089 4610 1140 4661 ot
1178 4608 1241 4662 τὸ
1274 4607 1607 4678 Εὑαγγέλιον
1655 4625 1759 4682 κη-

165 4699 491 4771 ρύττοντες.

249 4810 272 4844 ε
301 4791 477 4847 Πάλιν
498 4791 640 4862 λέγω
667 4792 768 4867 (μή
802 4809 888 4857 τις
909 4810 976 4864 με
1000 4791 1126 4865 δόξῃ
1155 4793 1367 4864 ἄφρονα
1388 4789 1576 4863 εἶναι).
1632 4810 1653 4845 ι

241 4976 365 5032 Καὶ
392 4974 501 5046 γάρ
530 4974 633 5045 ἤδη
653 4974 1128 5048 πρώιωρθώσατο.

244 5086 267 5121 ε
320 5068 392 5122 ΕΞ
417 5066 477 5119 δὲ
506 5066 580 5137 μή
607 5083 693 5135 γε,
734 5068 837 5121 κᾶν
859 5067 933 5133 ὡς
960 5068 1169 5137 ἄφρονα
1203 5065 1431 5134 δέξασθέ
1465 5084 1554 5138 με.
1593 5085 1615 5119 ι

241 5160 425 5215 Τοῦτο
446 5160 558 5231 γὰρ
584 5159 805 5213 ἐκείνων
827 5155 896 5232 ἦν
928 5160 1108 5234 ἔργον,
1140 5160 1201 5215 τό
1229 5161 1408 5225 αίτίας
1462 5160 1539 5232 μὴ
1592 5159 1759 5231 οῦσης

164 5249 518 5322 καυχᾶσθαι.

247 5362 271 5395 ε
307 5341 428 5395 ἰνα
465 5340 621 5410 κάγὼ
653 5342 849 5413 μικρόν
880 5360 935 5397 τι
969 5345 1353 5415 καυχήσωμαι.
1391 5345 1457 5397 Ὀ
1491 5342 1658 5408 λαλῶ,
1695 5343 1757 5397 οὐ

166 5435 322 5490 κατὰ
356 5433 565 5505 Κύριον
598 5432 765 5502 λαλῶ,
787 5434 902 5489 ἀλλ’
930 5435 1007 5501 ὡς
1035 5438 1092 5489 ἐν
1117 5434 1414 5507 ἀφροσύνῃ.
1456 5452 1476 5486 ι

248 5620 428 5674 Πάλιν
472 5622 539 5692 τῇ
578 5620 867 5694 προσθήκῃ
908 5618 1015 5676 τοῦ
1053 5617 1269 5689 μικροῦ
1313 5614 1656 5686 ἐπικουφίζει
1693 5613 1755 5669 τὸ

168 5715 373 5786 βάρος-

249 5823 277 5862 ε
328 5806 417 5861 Ἐν
462 5806 632 5881 ταύτῃ
667 5807 730 5878 τῆ
766 5805 1061 5861 ὑποστάσει
1086 5804 1179 5876 τῆς
1210 5801 1550 5875 καυχήσεως.
1588 5819 1606 5855 ι

1855 553 2207 627 Evangelium
2236 555 2718 627 Dei‘evangelizavi
2744 557 2933 613 vobis?
2962 558 3113 613 Alias
3138 556 3415 614 Ecclesias

1854 649 2175 719 exspoliavi,
2222 649 2497 720 accipiens
2551 650 2881 721 stipendium
2923 650 2990 705 ad
3045 650 3412 705 ministerium

1853 748 2118 795 vestrum.
2152 739 2218 793 Et
2245 756 2369 795 cum
2393 756 2571 797 essem
2606 742 2750 812 apud
2783 758 2901 808 vos,
2933 751 2987 797 et
3014 757 3255 812 egerem,
3280 740 3419 796 nulli

1852 846 2121 888 onerosus
2148 831 2244 888 fui.
2278 831 2434 899 Quod
2468 834 2601 889 mihi
2644 833 2854 900 deerat,
2888 834 3281 904 suppleverunt
3306 832 3418 885 fra-

1852 932 1985 989 tres,
2033 926 2125 995 qui
2158 934 2425 981 venerunt
2468 925 2536 981 de
2571 925 2916 982 Macedonia.
2967 926 3035 980 Et
3064 926 3118 980 in
3165 923 3419 980 omnibus

1854 1018 1975 1072 sine
2005 1031 2173 1072 onere
2202 1032 2288 1073 me
2315 1017 2476 1072 vobis
2500 1017 2713 1073 servavi
2744 1024 2798 1072 et
2832 1018 3085 1074 servabo.
3123 1035 3142 1069 ι

1923 1108 2041 1165 Hoc
2088 1108 2237 1181 quod
2269 1110 2426 1175 dicit,
2458 1110 2606 1166 hunc
2648 1111 2811 1167 habet
2851 1125 3072 1166 sensum
3105 1127 3120 1164 :
3162 1108 3215 1164 ln
3248 1123 3421 1181 angu-

1854 1205 1957 1263 stia
1982 1206 2231 1277 agebam,
2256 1216 2312 1262 et
2341 1207 2396 1261 in
2426 1214 2669 1263 extrema
2709 1207 2939 1277 penuria
2979 1205 3240 1261 versabar
3278 1204 3421 1275 apud

1855 1314 1973 1361 vos,
2005 1297 2135 1353 dum
2175 1299 2404 1354 verbum
2458 1299 2615 1353 vobis
2664 1298 3044 1368 praedicarem.
3091 1297 3207 1351 Hoc
3238 1298 3425 1366 itaque

1851 1400 1937 1445 est
1964 1390 2125 1459 cujus
2157 1405 2243 1445 me
2292 1403 2556 1445 accusare
2606 1390 2852 1459 possitis,
2899 1389 3109 1459 hocque
3141 1398 3424 1456 peccatum

1859 1496 2039 1534 meum
2095 1488 2200 1546 est,
2250 1480 2399 1549 quod
2453 1495 2542 1535 me
2580 1478 2817 1548 alﬂigere
2866 1480 2981 1549 ipse
3027 1478 3315 1545 voluerim,
3368 1485 3428 1531 ut

1858 1568 2018 1622 vobis
2048 1567 2369 1637 adjumento
2397 1582 2599 1623 essem.
2645 1564 2782 1621 Nam
2832 1567 2890 1622 id
2934 1567 3278 1636 signiﬁcatur
3318 1566 3428 1622 isto

1855 1660 2042 1725 verbo,
2073 1668 2131 1713 ut
2158 1658 2493 1714 exaltemim'.

1927 1751 2098 1807 Vens.
2139 1750 2225 1808 10.
2255 1770 2275 1803 ι
2312 1750 2410 1807 Est
2438 1751 2644 1806 veritas
2686 1747 2890 1805 Christi
2937 1748 2994 1803 in
3029 1763 3135 1803 me.
3171 1766 3191 1801 ι

1929 1843 2006 1898 Ne
2034 1842 2388 1909 existimetis,
2418 1840 2622 1913 inquit,
2650 1841 2765 1896 haec
2797 1855 2827 1894 ιι
2866 1854 2953 1895 me
2982 1838 3130 1895 dicta
3158 1854 3286 1895 esse
3311 1838 3427 1893 ani-

1860 1950 1950 1990 mo
1975 1934 2308 2005 accipiendi.
2345 1934 2477 1988 Nam
2510 1933 2564 1988 in
2601 1948 2689 1988 me
2716 1931 2921 1987 veritas
2958 1929 3198 1985 exsistit.

1930 2025 2099 2082 Vens.
2137 2027 2224 2081 11.
2274 2044 2294 2077 ι
2345 2024 2620 2092 Quoniam
2668 2024 2784 2079 haec
2841 2022 3098 2095 gloriatio
3135 2037 3249 2076 non
3293 2037 3429 2092 pra:-

1860 2120 2115 2175 cludetur
2148 2120 2201 2173 in
2233 2134 2320 2174 me
2361 2117 2415 2172 in
2447 2116 2767 2187 regionibus
2801 2114 3040 2171 Achaiae.
3082 2113 3276 2188 [νεεδ.
3312 2112 3426 2187 11.]

1861 2205 2081 2274 Quare?
2106 2207 2235 2277 quia
2267 2221 2377 2261 non
2414 2205 2581 2278 diligo
2620 2205 2764 2261 vos?
2791 2204 2937 2261 Deus
2964 2204 3088 2260 scit.
3138 2202 3294 2271 Quod
3327 2219 3427 2259 au-

1862 2305 1969 2353 tem
1994 2297 2157 2363 facio,
2188 2304 2243 2353 et
2268 2295 2483 2351 faciam.
2525 2315 2545 2348 ι

1933 2390 2066 2446 Rem
2098 2405 2264 2462 porro
2297 2389 2681 2460 gloriationem
2711 2392 2893 2443 vocat.

1939 2479 2103 2536 Vsus.
2138 2480 2225 2535 12.
2267 2498 2286 2531 ι
2326 2478 2397 2537 Ut
2431 2487 2610 2534 autem
2646 2488 2919 2548 amputem
2953 2479 3295 2533 occasionem
3337 2490 3431 2531 eo-

1862 2587 2004 2635 rum,
2040 2572 2133 2642 qui
2168 2572 2359 2626 volunt
2387 2571 2764 2637 occasionem,
2800 2580 2857 2625 ut
2886 2571 2941 2625 in
2968 2586 3077 2641 quo
3103 2571 3427 2643 gloriantur,

1861 2662 2218 2718 inveniantur
2245 2662 2389 2717 sicut
2417 2670 2472 2716 et
2501 2678 2622 2718 nos.
2662 2680 2684 2715 ι

1934 2751 2071 2818 Quia
2118 2752 2194 2806 illi
2230 2752 2469 2806 studium
2502 2751 2797 2822 ponebant,
2846 2762 2905 2807 ut
2943 2751 3093 2806 illius
3129 2750 3431 2821 reprelien-

1860 2843 2029 2899 dendi
2082 2858 2306 2900 causam
2362 2844 2695 2909 invenirent,
2749 2845 2910 2916 quasi
2966 2859 3166 2899 avarus
3239 2850 3428 2910 esset;

1861 2936 2004 2992 banc
2038 2935 2230 2992 tollere
2264 2935 2384 3006 ipse
2421 2935 2809 2992 contendebat.

1937 3026 2097 3082 Vsus.
2136 3027 2235 3093 l5,
2282 3027 2370 3081 14.
2400 3045 2420 3080 ι
2468 3026 2602 3082 Nam
2648 3039 2702 3083 et
2748 3028 3016 3099 ejusmodi
3082 3027 3429 3099 pseudoapo-

1862 3120 1992 3177 stoli
2028 3127 2160 3175 sunt
2208 3119 2451 3189 operarii
2501 3118 2739 3186 subdoli,
2775 3121 3229 3191 transtiguraltes
3283 3134 3344 3174 se
3374 3121 3430 3172 iu

1863 3211 2139 3283 apostolos
2167 3209 2397 3266 Christi.
2449 3208 2515 3263 Et
2552 3225 2663 3265 non
2707 3210 2904 3266 mirum
2939 3230 2953 3267 :
2992 3212 3107 3281 ipse
3139 3211 3288 3268 enim
3328 3210 3432 3269 Sa-

1864 3315 2024 3359 tanas
2049 3302 2411 3373 transﬁgurat
2446 3317 2507 3356 se
2541 3302 2597 3356 in
2635 3303 2890 3373 angelum
2929 3303 3090 3358 lucis.
3126 3322 3146 3358 ι

1936 3391 2096 3462 150
2141 3390 2377 3455 Idcirco,
2426 3391 2524 3457 ait,
2582 3390 2752 3447 falsos
2798 3393 3083 3462 apostolos
3122 3392 3267 3456 ilico,
3301 3392 3433 3463 quia

1860 3484 2053 3539 isthaec
2088 3482 2273 3537 omnia
2314 3481 2601 3546 simulant,
2647 3494 2707 3537 ut
2761 3482 3057 3554 decipiant.
3114 3481 3249 3538 Nam
3295 3498 3427 3539 cum

1861 3575 2049 3629 sciant
2074 3574 2237 3630 aliter
2271 3589 2381 3629 non
2410 3588 2572 3645 posse
2596 3574 2712 3630 ﬁeri
2739 3584 2798 3629 ut
2832 3576 3046 3646 accepti
3084 3576 3214 3640 sint,
3247 3590 3434 3644 perso-

1860 3682 1989 3722 nam
2020 3666 2267 3723 veritatis
2292 3666 2550 3734 induunt,
2595 3675 2659 3721 ut
2702 3666 2944 3722 fabulam
2980 3667 3173 3721 ludant
3203 3670 3428 3729 erroris,

1860 3761 2122 3830 aiuutque
2156 3775 2217 3816 se
2244 3776 2356 3816 non
2389 3762 2639 3833 accipere
2690 3762 2977 3833 pecunias,
3045 3772 3103 3817 ut
3141 3763 3432 3834 ampliores

1857 3859 2177 3920 emungant.

1932 3940 2097 3998 Vens.
2138 3941 2227 3997 15.
2264 3958 2283 3993 ι
2320 3941 2438 3999 Non
2468 3957 2600 4013 ergo
2635 3957 2893 4014 magnum
2943 3944 2990 4000 si
3035 3942 3271 3998 ministri
3311 3943 3432 4015 ejus

1859 4037 2339 4108 transtigurantur.
2379 4056 2400 4091 ι

1927 4128 2186 4199 Angelum
2230 4130 2362 4185 lucis
2391 4130 2525 4185 dicit
2580 4130 2732 4185 illum
2758 4132 2850 4202 qui
2888 4131 3121 4187 ﬁdenter
3151 4141 3207 4187 et
3260 4132 3431 4188 libere

1857 4219 2129 4288 loquatur.
2168 4216 2304 4273 Nam
2340 4228 2468 4277 sunt
2488 4221 2692 4293 alioqui
2719 4223 2899 4293 angeli
2935 4223 3027 4278 isti
3052 4226 3430 4288 tenebrarum,

1854 4309 2056 4365 diaboli
2100 4309 2375 4366 videlicet.

1931 4419 1951 4454 ι
1995 4401 2151 4457 Sicut
2178 4403 2419 4458 ministri
2458 4403 2709 4474 justitiaa,
2738 4421 2969 4477 quorum
3006 4406 3130 4463 linis
3182 4408 3288 4463 erit
3347 4422 3432 4464 se-

1789 4519 1835 4576 υ
1862 4494 2102 4549 cundum
2131 4509 2295 4564 opera
2326 4494 2593 4565 ipsorum.
2635 4514 2656 4547 ι

1934 4584 2136 4652 Quales
2162 4602 2266 4643 nos
2290 4602 2504 4652 sumus,
2536 4588 2736 4658 inquit,
2764 4591 2855 4659 qui
2871 4589 3231 4661 pradicamus
3256 4589 3430 4644 Evan-

1860 4678 2084 4748 gelium.

1934 4768 2101 4825 Vaas.
2143 4768 2231 4824 l6.
2281 4786 2301 4821 ι
2332 4767 2539 4827 lterum
2561 4768 2687 4825 dico
2716 4770 2809 4842 (ne
2833 4772 2957 4843 quis
2992 4790 3076 4831 me
3096 4756 3260 4847 putet
3286 4772 3428 4832 insi-

1859 4861 2096 4937 pientem
2141 4860 2308 4935 esse).
2350 4881 2370 4915 ι

1928 4951 2047 5008 Jam
2076 4954 2220 5008 enim
2254 4961 2381 5010 alite
2405 4956 2825 5025 praemonuerat.

1936 5060 1955 5095 ι
1986 5041 2207 5113 Alioqui
2246 5043 2396 5109 velut
2420 5044 2770 5116 insipientem
2802 5049 3035 5121 accipite
3056 5064 3163 5105 me.
3197 5068 3221 5103 ι

1930 5133 2046 5189 Hoc
2078 5136 2281 5207 quippe
2312 5151 2451 5207 opus
2494 5139 2716 5195 illorum
2759 5152 2900 5207 erat,
2931 5149 2990 5195 ut
3020 5141 3191 5212 gratis
3228 5140 3426 5211 gloria-

1859 5238 2075 5283 rentur.

1938 5340 1957 5373 ε
2001 5320 2068 5375 Ut
2101 5328 2156 5377 et
2191 5336 2292 5393 ego
2326 5323 2599 5380 modicum
2648 5327 2777 5397 quid
2821 5327 3039 5397 glorier.
3089 5325 3279 5399 [νεεδ.
3314 5326 3426 5399 17.Ι

1865 5410 2019 5480 Quod
2078 5412 2291 5483 loquor,
2328 5429 2435 5469 non
2486 5416 2683 5487 loquor
2734 5418 3033 5473 secundum
3083 5418 3276 5485 Deum,
3331 5419 3425 5474 sed

1866 5505 2023 5578 quasi
2058 5504 2110 5558 in
2152 5504 2486 5575 insipientia.
2522 5526 2541 5561 ι

1934 5617 2264 5674 Gravitatem
2292 5616 2435 5673 levat
2472 5620 2691 5688 iterum,
2717 5622 2987 5692 addendo,
3015 5622 3296 5681 modicum.

1943 5817 1962 5854 ι
1999 5796 2057 5857 ln
2093 5799 2193 5859 hac
2236 5803 2544 5861 substantia
2588 5805 2791 5878 gloriae.
2829 5822 2848 5858 ι
