4048 6422
166 368 270 444 765

1259 352 1339 443 ΙΝ
1379 384 1613 445 EPIST.
1649 384 1746 442 AD
1786 382 2142 451 CORINTII.
2184 393 2263 455 II.

3287 386 3392 450 766

167 492 196 542 6
231 491 333 539 των
357 487 543 556 ψυχῶν
579 489 733 557 ἡμῶν
766 488 1108 561 κυϐερνήτης
1137 492 1412 563 Χριστὸςέ
1423 496 1627 565 στήσας
1662 495 1719 547 τὸ

1826 510 1959 566 psus
2015 511 2139 568 est;
2189 502 2362 556 donec
2412 501 2666 555 Christus
2721 499 3027 552 animarum
3081 506 3390 548 nostrarum

167 581 336 633 ίστίον
363 579 455 633 τοῦ
484 580 718 652 σταυροῦ
752 583 977 653 ἐμμέσῳ
1002 586 1067 653 τῇ
1095 586 1189 655 γῇ,
1221 586 1550 655 ἀχείμαστον
1578 588 1710 657 ἡμῖν

165 673 256 725 τὸν
284 675 364 736 είς
392 674 804 739 Οἱφανόετολιν
828 672 993 726 πλοῦν
1023 675 1359 746 ᾠκονόμησε.

236 871 252 898 ι
290 849 649 921 Νυχθήμερον
678 852 735 904 ἐν
758 851 834 922 τῷ
863 851 1008 922 βυθῷ
1034 855 1328 925 πεποίηκα.
1373 873 1391 906 ι

230 940 420 994 Νύκτα
448 941 614 1010 λέγει,
642 941 741 1013 τὴν
774 943 880 1012 πρὸ
909 943 1002 997 τοῦ
1054 946 1291 1017 Χριστοῦ
1323 949 1630 1018 παρουσίας
1666 951 1725 1003 ὲν

161 1035 224 1102 τῇ
260 1035 510 1103 σκοτεινῇ
558 1032 734 1106 πλάνῃ
787 1034 1092 1106 διατριϐήν.
1140 1036 1384 1108 Ἥμέραν
1434 1039 1490 1093 δὲ
1543 1039 1724 1109 λέγει,

160 1126 257 1197 τὴν
312 1126 453 1196 μετὰ
491 1127 725 1196 Χριστοῦ
772 1128 1073 1199 παρουσίαν
1124 1131 1181 1183 ἐν
1229 1131 1304 1201 τῷ
1350 1133 1598 1205 φωτεινῷ
1629 1133 1726 1205 βα-

159 1217 427 1287 πτίσματι
455 1217 750 1287 διαγωγήν.

229 1326 250 1359 ι
286 1308 647 1380 Νυχθήμερον
669 1311 727 1362 ὲν
747 1308 823 1381 τῷ
848 1308 991 1382 βυθῷ
1024 1312 1318 1385 πεποίηκα.
1353 1314 1723 1386 Ὀδοιπορίαις

157 1398 439 1463 πολλάκις,
482 1419 501 1452 ι

225 1493 288 1543 0i
324 1492 424 1561 μὲν
451 1491 559 1564 γάρ
593 1510 773 1561 φασιν,
813 1494 895 1548 ὅτι
932 1495 990 1549 ὲν
1044 1497 1195 1568 μέσῳ
1234 1498 1463 1568 πελάγει
1499 1500 1712 1555 πλέωνο

156 1584 204 1633 οἱ
234 1582 312 1643 δὲ,
346 1584 429 1636 ὃτι
458 1584 756 1655 νηχόμενος
781 1587 838 1639 ὲν
873 1588 1027 1659 μέσῳ
1054 1590 1301 1668 πελάγει,
1332 1590 1461 1647 ἔνθα
1496 1594 1557 1647 οὐ
1596 1594 1723 1662 γῆν,

155 1673 257 1725 οὐκ
284 1673 412 1744 δρος
462 1669 529 1744 ἦν
571 1675 718 1741 ἰδεῖν,
774 1678 911 1748 ὅπερ
966 1679 1060 1732 καὶ
1113 1680 1501 1753 ἀληθέστερον.
1566 1684 1725 1737 Ἐπεὶ

156 1764 332 1817 ἐκεῖνό
386 1782 447 1834 γε
483 1766 604 1820 οὐδὲ
661 1766 939 1838 θαύματος
998 1770 1176 1838 ἄξιον,
1234 1773 1342 1827 οὐδ’
1373 1775 1438 1828 ἂν
1471 1776 1608 1845 μετὰ
1656 1775 1725 1830 τὰ

154 1858 393 1927 ναυάγια
414 1860 550 1913 αὐτὸ
568 1860 813 1917 τέθεικεν
832 1862 906 1927 ὡς
927 1863 1035 1917 τῶν
1060 1867 1333 1936 ναυαγίων
1363 1869 1546 1938 μεῖζον
1570 1868 1650 1922 ὃν.

228 2055 251 2088 ι
288 2038 570 2103 Κινδύνοις
608 2041 888 2111 ποταμῶν,
944 2040 1209 2108 κινδύνοις
1265 2043 1500 2116 λῃστῶν,
1542 2044 1727 2099 κινδύ-

156 2146 267 2193 νοις
287 2131 354 2183 ὲκ
378 2132 589 2199 γένους,
615 2134 879 2199 κινδύνοις
909 2133 970 2200 ὲξ
1004 2134 1196 2197 ἐθνῶν.
1232 2136 1499 2202 κινδύνοις
1530 2140 1588 2191 ὲν
1627 2139 1725 2192 πό-

152 2220 259 2281 λει,
319 2222 591 2283 κινδύνοις
646 2226 705 2278 ὲν
755 2226 979 2297 ἐρημίᾳ,
1029 2227 1295 2292 κινδύνοις
1341 2229 1399 2280 ἐν
1458 2228 1726 2304 Θαλάσσῃ,

152 2314 427 2379 κινδύνοις
453 2318 511 2369 ἐν
544 2317 950 2400 ψευδαδέλφοις.
997 2338 1016 2373 ι

235 2406 610 2476 Ἧναγκάζετο
632 2410 737 2481 γὰρ
761 2410 1186 2485 διαπορθμεύειν
1216 2413 1516 2484 ποταμούς.

226 2517 248 2550 ι
304 2500 399 2552 Ἦν
430 2500 582 2572 κόπῳ
614 2503 710 2558 καὶ
739 2504 944 2575 μόχθῳ,
980 2505 1037 2558 ὲν
1080 2505 1412 2577 ἀγρυπνίαις
1441 2506 1723 2570 πολλάκις,

146 2593 207 2643 ἐν
230 2592 381 2661 λιμῶ
402 2594 494 2647 καὶ
512 2594 672 2665 δίψει,
696 2597 751 2650 ὲν
775 2598 1048 2669 νηστείαις
1066 2598 1348 2665 πολλάκις,
1369 2601 1427 2652 ὲν
1442 2599 1603 2671 ψύχει
1634 2602 1728 2655 καὶ

145 2687 458 2756 γυμνότητι
475 2703 492 2719 ·
523 2690 690 2761 χωρὶς
709 2689 816 2745 τῶν
838 2692 1135 2764 παρεκτὸς,
1159 2693 1194 2764 ἡ
1227 2692 1588 2757 ἐπισύστασίς
1619 2710 1725 2764 μου

148 2780 183 2847 ἡ
225 2779 571 2852 καθημέραν,
602 2783 636 2851 ἡ
667 2782 910 2855 μέριμνα
962 2785 1157 2839 πασῶν
1196 2784 1306 2839 τῶν
1359 2784 1723 2856 Ἐκκλησιῶν.

147 2872 253 2934 Τίς
282 2873 520 2941 ἀσθενεῖ,
549 2876 643 2929 καὶ
665 2877 765 2930 οὐκ
795 2877 1035 2946 ἀσθενῶς
1068 2880 1152 2942 τίς
1178 2878 1609 2945 σκανδαλίζεται,
1633 2879 1729 2933 καὶ

156 2962 269 3014 οὐκ
305 2962 415 3030 ἐγὼ
454 2964 768 3036 πυροῦμαι;
803 2968 866 3022 Εἰ
909 2968 1219 3039 καυχᾶσθαι
1275 2969 1376 3036 δεῖ,
1429 2969 1526 3033 τὰς
1563 2968 1727 3023 ἀσθε-

145 3054 309 3117 νείας
340 3073 440 3124 μου
476 3058 853 3130 καυχήσομαι.
891 3060 948 3115 ⁸0
983 3060 1117 3126 Θεὸς
1140 3062 1235 3115 καὶ
1268 3061 1458 3133 Πατὴρ
1482 3060 1578 3115 τοῦ
1610 3062 1725 3115 Κυ-

1828 593 2176 662 gubernator,
2204 603 2385 649 erecta
2416 594 2599 649 crucis
2627 602 2861 645 antenna
2895 592 2948 643 in
2984 590 3162 641 medio
3195 597 3356 641 terrze
3376 626 3393 650 ,

1830 685 1901 737 ita
1930 686 2331 755 navigationem
2359 684 2685 755 temperavit
2706 723 2719 745 ,
2752 694 2812 735 nt
2842 683 2961 736 sine
2988 680 3228 752 procella
3260 677 3397 731 Ura-

1812 772 2090 845 ‘nopolim,
2124 794 2219 833 seu
2251 778 2316 831 ad
2349 778 2625 832 corlcstem
2658 777 2934 831 civitatem
2971 774 3391 844 appellaremus.

1903 888 1920 917 ‹
1956 867 2124 923 Nocte
2153 876 2207 923 et
2238 869 2327 923 die
2362 868 2415 921 in
2449 870 2724 938 profundo
2760 868 2927 921 maris
2960 868 3055 920 fui.
3092 886 3109 917 ι

1896 957 2121 1013 Noctem
2162 967 2318 1013 vocat
2351 960 2494 1013 illam
2532 975 2740 1013 moram
2791 975 2952 1029 quam
3002 960 3052 1011 in
3101 956 3399 1010 tenebroso

1826 1067 2013 1105 errore
2043 1061 2165 1107 ante
2196 1054 2486 1108 adventum
2513 1053 2717 1107 Christi
2745 1056 2978 1123 egimus.
3010 1050 3160 1103 Diem
3215 1059 3393 1102 autem

1829 1143 2064 1210 appellat
2107 1144 2229 1197 vita:
2286 1144 2549 1197 rationem
2604 1148 2867 1206 alteram,
2920 1158 3119 1212 quam,
3168 1157 3232 1194 ex
3289 1153 3399 1209 quo

1827 1232 2080 1288 Christus
2110 1234 2288 1299 venit,
2325 1235 2376 1286 in
2412 1232 2596 1287 lucido
2635 1235 2966 1303 baptismate
3011 1232 3288 1284 inivimus.

1903 1342 1921 1375 ι
1952 1322 2120 1378 Nocte
2141 1335 2191 1379 et
2214 1325 2302 1378 die
2334 1325 2386 1377 in
2417 1324 2687 1392 profundo
2718 1326 2888 1379 maris
2926 1324 3023 1377 fui.
3055 1321 3246 1395 [Vens
3278 1319 3394 1393 26].

1830 1416 1883 1471 In
1911 1417 2199 1473 itineribus
2233 1433 2394 1487 smpe.
2429 1437 2446 1469 ι

1897 1510 2001 1563 Alii
2027 1509 2246 1579 quidem
2278 1511 2433 1563 aiunt
2470 1525 2595 1564 eum
2632 1510 2684 1563 in
2718 1511 2891 1563 maris
2925 1508 3105 1563 medio
3143 1505 3399 1576 navigas-

1828 1618 1924 1658 se:
1962 1604 2055 1657 alii
2087 1617 2220 1656 vero
2252 1602 2533 1657 innatasse
2570 1602 2623 1656 in
2663 1602 2840 1655 medio
2875 1601 3085 1671 pelagi,
3118 1598 3262 1654 unde
3297 1612 3397 1652 nec

1827 1705 2028 1750 terram
2053 1734 2068 1757 ,
2099 1709 2203 1749 nec
2234 1703 2477 1749 montem
2504 1709 2733 1749 cernere
2769 1702 3015 1764 poterat:
3054 1692 3200 1763 quod
3239 1692 3399 1762 plane

1830 1788 2015 1840 verius
2048 1793 2149 1839 est.
2183 1783 2318 1861 Nam
2354 1785 2588 1838 alterum
2622 1783 2841 1853 quidem
2887 1798 2989 1837 nec
3031 1781 3399 1837 admiratione
3432 1784 3445 1795 '

1830 1878 2052 1947 dignum
2082 1875 2222 1932 foret
2242 1915 2257 1940 ,
2288 1892 2390 1931 nec
2418 1884 2540 1947 post
2572 1874 2866 1942 naufragia
2898 1876 3001 1927 hoc
3038 1873 3153 1943 ipse
3180 1875 3399 1943 posuis-

1827 1979 1945 2033 set,
1983 1985 2083 2024 ceu
2111 1969 2394 2039 quidpiam
2434 1966 2743 2038 naufragiis
2777 1966 2977 2036 majus.

1903 2083 1921 2114 ι
1956 2062 2223 2118 Periculis
2252 2062 2545 2116 fluminum
2569 2102 2584 2125 ,
2625 2059 2886 2131 periculis
2922 2060 3194 2112 latronum
3215 2097 3230 2119 ,
3262 2057 3399 2126 peri-

1826 2154 1970 2209 culis
1994 2170 2059 2209 ex
2088 2168 2284 2225 genere
2305 2192 2320 2217 ,
2354 2152 2620 2222 periculis
2647 2168 2709 2205 ex
2742 2150 3025 2221 gentibus,
3057 2150 3317 2221 periculis
3345 2149 3397 2203 in

1826 2248 2072 2311 civitate,
2109 2246 2369 2316 periculis
2396 2246 2450 2299 in
2483 2243 2803 2309 solitudine,
2834 2242 3096 2313 periculis
3130 2241 3184 2296 in
3218 2241 3398 2308 mari,

1827 2338 2089 2409 periculis
2131 2338 2183 2391 in
2219 2336 2374 2392 falsis
2409 2336 2701 2391 fratribus.
2739 2352 2758 2386 ι

1896 2427 2031 2481 Nam
2067 2428 2363 2498 cogebatur
2389 2428 2553 2482 etiam
2586 2426 2811 2480 flumina
2840 2425 3125 2494 trajicere.

1900 2520 2061 2577 Vens.
2098 2519 2292 2576 27-35.
2332 2538 2351 2571 ι
2384 2521 2444 2574 ln
2489 2519 2680 2574 labore
2714 2527 2771 2573 et
2800 2532 3043 2572 aerumna
3066 2558 3081 2581 ,
3113 2516 3166 2571 in
3194 2514 3400 2586 vigiliis

1828 2629 2005 2684 saape,
2059 2613 2114 2668 in
2167 2611 2309 2668 fame
2351 2621 2407 2667 et
2453 2611 2577 2676 siti,
2611 2610 2665 2665 in
2704 2609 2942 2680 jejuniis
2970 2608 3309 2678 frequenter,
3343 2607 3397 2661 in

1830 2705 2034 2776 frigore
2063 2714 2119 2761 et
2149 2705 2439 2770 nuditate;
2490 2711 2691 2773 praeter
2740 2701 2833 2755 illa
2884 2716 3006 2771 qua:
3054 2700 3400 2755 extrinsecus

1826 2808 1988 2863 sunt,
2023 2797 2287 2852 instantia
2331 2810 2452 2850 mea
2501 2793 2865 2865 quotidiana,
2916 2790 3237 2847 sollicitudo
3278 2805 3399 2845 om-

1826 2890 1975 2943 nium
2012 2887 2406 2942 Ecclesiarum.
2433 2884 2568 2951 Quis
2598 2884 2937 2947 infirmatur,
2966 2892 3018 2938 et
3045 2897 3144 2951 ego
3171 2895 3279 2935 non
3310 2880 3398 2934 in-

1826 2980 2059 3036 firmor?
2102 2979 2225 3048 quis
2274 2977 2704 3042 scandalizatur,
2751 2983 2806 3031 et
2850 2990 2951 3045 ego
2985 2988 3093 3029 non
3132 2972 3301 3027 uror?
3339 2969 3400 3027 Si

1826 3069 2050 3141 gloriari
2085 3076 2342 3139 oportet,
2376 3068 2445 3121 de
2479 3065 2894 3119 infirmitatibus
2930 3062 3064 3117 meis
3100 3060 3397 3133 gloriabor.

146 3147 272 3216 ρίου
322 3146 494 3245 ’ίησοῦ
532 3151 788 3222 Χριστοῦ,
817 3154 845 3207 6
872 3152 950 3206 ὢν
980 3154 1276 3226 εὐλογητὸς
1311 3156 1391 3217 είς
1429 3156 1557 3219 τοὺς
1586 3155 1719 3208 αίῶ-

1829 3162 1971 3218 Deus
2005 3171 2061 3217 et
2094 3160 2255 3216 Pater
2286 3159 2500 3213 Domini
2538 3157 2712 3211 nostri
2746 3155 2878 3210 Jesu
2911 3154 3116 3209 Christi
3143 3195 3158 3219 ,
3192 3153 3282 3223 qui
3315 3160 3399 3208 est

144 3257 262 3305 νας,
300 3236 443 3295 οἶδεν
469 3244 643 3298 ὅτιού
690 3244 981 3316 ψεύδομαι.
1025 3245 1114 3299 Ἐν
1143 3248 1418 3319 Δαμασκῷ
1460 3250 1489 3302 6
1527 3248 1719 3318 ἐθνάρ-

1827 3253 2149 3310 benedictus
2182 3254 2236 3306 in
2265 3251 2465 3306 saecula
2489 3289 2504 3314 ,
2535 3248 2637 3303 scit
2668 3248 2795 3310 quia
2841 3263 2952 3300 non
3000 3246 3255 3300 mentior.
3294 3243 3401 3297 Da-

144 3349 248 3401 χης
335 3333 533 3402 ’Δρέτα
590 3334 684 3389 τοῦ
752 3336 1019 3407 βασιλέως
1070 3338 1229 3410 (7),
1305 3338 1564 3412 ἐφρούρει
1621 3340 1722 3412 τὴν

144 3424 531 3496 Δαμασκηνῶν
556 3427 735 3491 πόλιν,
767 3429 962 3483 πιάσαι
996 3448 1063 3501 με
1104 3431 1297 3497 θέλων,
1326 3434 1420 3487 καὶ
1449 3433 1537 3488 διὰ
1568 3433 1722 3507 θυρί-

138 3512 229 3576 δος
258 3515 322 3568 ὲν
346 3517 593 3589 σαργάνῃ
655 3521 958 3592 ἐχαλάσθην
986 3523 1075 3577 διὰ
1103 3523 1197 3577 τοῦ
1227 3524 1461 3595 τείχους,
1522 3527 1616 3579 καὶ
1637 3525 1723 3591 ἐξ-

146 3604 361 3675 έφυγον
387 3609 488 3673 τὰς
514 3612 702 3682 χεῖρας
730 3611 919 3667 αὑτοῦ.
958 3632 978 3666 ι

743 3748 997 3805 ΚΕΦΑΛ.
1037 3749 1133 3805 ΙΒ’.

219 3879 239 3911 ι
275 3860 603 3930 Καυχᾶσθαι
627 3861 692 3933 δὴ
724 3861 786 3915 ού
837 3862 1110 3935 συμφέρει
1165 3882 1257 3935 μοι
1283 3881 1299 3896 ο
1338 3865 1632 3938 ἐλεύσομαι
1663 3868 1721 3922 δὲ

136 3953 219 4016 είς
251 3953 529 4017 ὀπτασίας
560 3955 654 4008 καὶ
685 3955 1056 4025 ἀποκαλύψεις
1083 3958 1308 4029 Κυρίου.
1351 3978 1371 4011 ι
1692 3944 1700 3955 ’

206 4045 389 4099 Τοῦτό
420 4063 605 4117 φησιν,
626 4047 727 4118 οὐχ
762 4047 839 4111 ὡς
867 4048 1021 4102 οὐδὲν
1068 4047 1325 4121 εἰρηκὼς.
1364 4034 1488 4105 ἀλλ’
1522 4051 1715 4123 ἐπειδὴ

139 4136 333 4204 μέλλει
372 4139 722 4207 μεταϐαίνειν
765 4139 846 4204 είς
900 4139 1084 4211 ἕτερον
1124 4141 1446 4212 καυχήσεως
1501 4138 1662 4206 εἶδος,
1691 4142 1721 4196 δ

136 4228 533 4300 λαμπρότερον
599 4231 761 4284 αὐτὸν
820 4230 1064 4285 δείκνυσι
1128 4231 1224 4285 καὶ
1288 4232 1715 4305 ἐπισημότερον.

136 4323 332 4378 Ταῦτα
356 4324 414 4378 δέ
443 4340 609 4395 φησιν
639 4326 698 4379 ὲν
730 4326 929 4398 ἑαυτῷ,
956 4327 1197 4391 ἐκείνους
1223 4329 1497 4385 παιδεύων
1523 4348 1717 4383 ταπει-

134 4421 449 4488 νοφρονεῖν.
480 4420 665 4491 Εῖγάρ
690 4422 719 4475 6
754 4423 994 4478 τοσαῦτα
1024 4423 1187 4493 ἔχων,
1235 4401 1578 4494 τοιοῦτοςίτί
1612 4429 1711 4481 ούκ

130 4508 378 4579 ὢᾳειλον
403 4513 601 4565 ἐκεῖνοι
625 4516 800 4567 ποιεῖν
822 4530 837 4576 ς

212 4621 232 4654 ι
267 4599 407 4656 Οἶδα
426 4603 713 4676 ἄνθρωπον
742 4605 800 4658 ὲν
828 4607 1052 4678 Χριστῷ
1072 4609 1179 4679 πρὸ
1206 4609 1344 4662 ἐτῶν
1384 4610 1716 4666 δεκατεσσά-

135 4709 248 4761 ρων
274 4708 291 4724 ο
331 4693 444 4747 εἴτε
483 4695 541 4746 ὲν
576 4694 811 4766 σώματι,
847 4699 947 4752 ούκ
986 4695 1122 4762 οἴδα,
1150 4700 1260 4753 εἴτε
1306 4702 1463 4765 ἐκτὸς
1488 4701 1581 4755 τοῦ
1614 4701 1717 4755 σώ-

133 4802 339 4853 ματος,
367 4786 468 4838 οὐκ
497 4783 636 4849 οἶδα,
663 4790 693 4842 6
721 4789 853 4854 Θεὸς
873 4787 1015 4844 οἶδεν
1035 4805 1048 4820 ⁸
1082 4793 1401 4860 ἁρπαγέντα
1432 4794 1523 4847 τὸν
1547 4794 1719 4847 τοιοῦο

128 4894 226 4929 τον
254 4878 368 4940 ἕως
406 4878 592 4948 τρίτου
626 4882 880 4953 ούρανοῦ.
934 4884 1043 4937 Καὶ
1072 4878 1189 4937 οῖδα
1212 4885 1304 4938 τὸν
1341 4885 1580 4939 τοιοῦτον
1619 4886 1713 4940 άν-

126 4971 365 5041 θρωπον
386 4988 401 5003 ο
446 4974 557 5026 εἴτε
597 4976 657 5027 ὲν
698 4974 932 5046 σώματι,
978 4976 1088 5030 εἴτε
1136 4977 1293 5042 ὲκτὸς
1324 4978 1420 5031 τοῦ
1466 4978 1716 5051 σώματος

122 5065 234 5117 οὐκ
272 5060 420 5129 οἶδα,
450 5066 479 5117 6
516 5066 649 5130 Θεὸς
679 5062 819 5120 οἶδεν
844 5084 858 5099 ’
905 5067 988 5121 ὅτι
1018 5070 1244 5142 ἡρπάγη
1292 5073 1373 5134 είς
1400 5070 1492 5125 τὸν
1537 5074 1715 5144 παρά-

120 5155 335 5222 δεισον,
370 5157 461 5210 καὶ
496 5159 731 5228 ηκουσεν
755 5160 975 5231 ἄρρητα
1007 5163 1249 5233 ῥήματα,
1270 5162 1307 5217 ἃ.
1340 5163 1440 5217 ούκ
1481 5163 1600 5228 ἐξὸν
1622 5167 1717 5219 ἁν-

124 5248 346 5319 Θρὼπῳ
385 5248 638 5319 λαλῆσαι.
673 5250 845 5323 ’Υπὲρ
877 5251 975 5306 τοῦ
1023 5253 1265 5307 τοιούτου
1318 5257 1667 5327 καυχήσομαι
1694 5274 1709 5288 ο

120 5340 275 5409 ὑπὲρ
307 5340 369 5393 δὲ
396 5339 638 5411 ἐμαυτοῦ
661 5342 722 5395 οὐ
752 5344 1123 5415 καυχήσομαι,
1152 5347 1202 5398 εί
1233 5348 1305 5417 μὴ
1324 5348 1384 5401 ὲν
1402 5351 1524 5412 ταῖς
1550 5350 1714 5403 ἀσθε-

119 5431 307 5495 νείαις
336 5449 465 5502 μου.
507 5433 635 5486 Ἐὰν
657 5434 766 5504 γὰρ
796 5434 1011 5506 θελήσω
1034 5438 1433 5508 καυχήσασθαι,
1460 5441 1562 5495 ούκ
1590 5441 1712 5495 ἔσο-

120 5543 235 5596 παι
261 5526 478 5597 ἄφρων.
522 5526 806 5599 Ἀλήθειαν
834 5528 942 5601 γὰρ
968 5528 1099 5601 ὲρῶ.
1134 5532 1390 5603 Φείδομαι
1418 5534 1493 5601 δὲ,
1520 5536 1593 5607 μή
1626 5553 1712 5600 τις

1826 3347 1997 3401 masci
2041 3344 2370 3414 praepositus
2402 3342 2583 3413 gentis
2627 3341 2806 3394 Aretae
2854 3339 2997 3412 regis
3045 3336 3398 3393 custodiebat

1823 3438 2102 3492 civitatem
2139 3434 2605 3489 Damascenorum
2642 3438 2702 3484 ut
2734 3444 2821 3484 me
2867 3428 3398 3499 comprehenderet,

1822 3539 1877 3586 et
1910 3544 2005 3600 per
2036 3528 2330 3584 feneStram
2366 3527 2418 3581 in
2456 3533 2644 3596 sporta
2676 3523 2959 3579 demissus
2993 3537 3113 3577 sum
3147 3536 3244 3592 per
3274 3536 3399 3575 mu-

1824 3639 1944 3679 rum
1966 3663 1982 3689 ,
2010 3635 2066 3678 et
2095 3622 2177 3677 sic
2206 3620 2358 3676 evasi
2390 3634 2587 3673 manus
2616 3618 2760 3686 ejus.
2788 3637 2805 3668 ι

2352 3754 2508 3825 152
2546 3753 2704 3810 CAP.
2744 3752 2859 3808 xu.

1892 3873 2059 3928 Vens.
2104 3873 2156 3926 1.
2197 3889 2216 3924 ι
2247 3870 2487 3926 Gloriari
2521 3886 2656 3926 sane
2688 3884 2799 3924 non
2833 3865 3059 3937 expedit
3092 3863 3223 3918 mihi
3251 3878 3265 3914 :
3299 3876 3398 3918 ve-

1821 3963 1972 4019 niant
1998 3970 2179 4017 autem
2211 3959 2280 4015 ad
2308 3960 2551 4016 visiones
2584 3966 2639 4015 et
2667 3957 3038 4013 revelationes
3065 3952 3304 4008 Domini.
3339 3968 3361 4004 ι

1894 4053 2010 4108 Ηοο
2040 4054 2157 4118 ait,
2190 4068 2301 4107 non
2332 4052 2494 4122 quasi
2527 4050 2664 4105 nihil
2697 4050 2968 4111 dixisset,
3014 4047 3109 4102 sed
3151 4044 3282 4116 quia
3328 4042 3397 4098 ad

1822 4147 1970 4202 aliud
2019 4147 2208 4217 gloria:
2256 4152 2596 4199 momentum
2649 4142 2988 4197 transiturus
3039 4147 3200 4213 erat,
3250 4136 3398 4207 quod

1822 4237 2045 4310 quidem
2077 4251 2204 4292 eum
2245 4234 2675 4307 splendidiorem
2722 4232 2903 4287 reddit
2935 4239 2989 4285 et
3020 4228 3396 4299 insigniorem.

1822 4329 1948 4384 Haec
1978 4337 2161 4383 autem
2190 4329 2258 4383 de
2290 4327 2474 4398 seipse
2504 4332 2736 4389 narrat,
2769 4322 3030 4378 erudiens
3060 4320 3185 4374 illos
3216 4316 3398 4372 humi-

1824 4422 1953 4478 liter
1983 4421 2206 4476 sentire.
2239 4418 2374 4473 Nam
2405 4419 2451 4474 si
2486 4418 2612 4474 talis
2643 4425 2763 4472 erat
2788 4415 2881 4486 qui
2914 4422 3062 4468 tanta
3090 4411 3207 4466 haec
3232 4408 3393 4463 babe-

1751 4538 1796 4594 D
1826 4525 1938 4576 ret,
1966 4513 2097 4584 quid
2130 4527 2238 4566 non
2271 4512 2351 4565 illi
2391 4510 2574 4565 facere
2602 4506 2964 4563 debuissent?

1896 4607 2062 4663 Vens.
2104 4607 2226 4662 2—7.
2260 4624 2279 4658 ι
2313 4605 2441 4660 Scio
2468 4605 2744 4659 hominem
2782 4603 2838 4656 in
2867 4601 3089 4655 Christo
3132 4606 3263 4652 ante
3298 4610 3393 4648 an-

1826 4718 1930 4758 nos
1983 4699 2407 4773 quatuordecim
2457 4697 2615 4769 (sive
2659 4699 2714 4751 in
2761 4709 3033 4765 corpore,
3082 4694 3198 4747 sive
3240 4696 3392 4744 extra

1824 4810 2068 4865 corpus,
2116 4793 2343 4858 nescio,
2400 4789 2546 4844 Deus
2597 4788 2777 4858 scit),
2810 4796 3025 4858 raptum
3080 4778 3392 4851 hujusmodi

1826 4902 2000 4957 usque
2029 4886 2094 4939 ad
2125 4884 2352 4940 tertium
2386 4884 2607 4938 ccelum.
2664 4880 2727 4934 Et
2762 4881 2880 4936 scio
2926 4874 3244 4947 hujusmodi
3294 4879 3393 4925 ho-

1825 4982 2024 5034 minem
2056 4976 2208 5048 (sive
2237 4976 2292 5029 in
2322 4988 2570 5044 corpore,
2602 4973 2719 5028 sive
2738 4981 2895 5027 extra
2922 4983 3147 5040 corpus.
3180 4963 3393 5031 nescio,

1824 5072 1965 5128 Deus
2008 5071 2167 5140 scit),
2200 5068 2459 5139 quoniam
2492 5075 2681 5135 raptus
2726 5072 2812 5120 est
2841 5063 2898 5117 in
2949 5059 3265 5133 paradisum
3292 5072 3308 5122 ;
3339 5063 3393 5110 et

1819 5166 2027 5221 audivit
2053 5178 2257 5219 arcana
2290 5162 2457 5217 verba
2482 5202 2498 5222 .
2529 5176 2651 5231 qua!
2682 5174 2789 5214 non
2827 5158 2953 5213 licet
2983 5153 3191 5210 homini
3218 5150 3389 5221 loqui.

1821 5259 1924 5313 Pro
1955 5256 2267 5323 hujusmodi
2299 5254 2585 5325 gloriabor
2615 5271 2629 5307 :
2662 5267 2760 5323 pro
2791 5266 2876 5306 me
2908 5255 3088 5303 autem
3128 5245 3248 5316 ipso
3284 5258 3391 5298 non

1818 5350 2115 5422 gloriabor,
2150 5347 2258 5402 nisi
2293 5346 2347 5400 in
2384 5344 2805 5400 infirmitatibus
2840 5340 3004 5395 meis.
3034 5336 3170 5392 Nam
3206 5336 3253 5392 si
3296 5348 3393 5387 vo-

1822 5444 1975 5498 luero
2007 5440 2266 5512 gloriari,
2302 5452 2411 5492 non
2445 5452 2540 5492 ero
2579 5434 2873 5505 insipiens.
2905 5429 3201 5486 Veritatem
3243 5426 3389 5482 enim

1820 5537 2021 5591 dicam.
2058 5535 2228 5589 Parce
2257 5541 2439 5589 autem
2468 5571 2482 5597 ,
2521 5546 2591 5586 ne
2622 5530 2752 5601 quis
2782 5542 2866 5583 me
2905 5522 3186 5582 existimet
3222 5531 3392 5591 supra

1650 5721 1877 5781 NOTE.

190 5826 283 5901 (7)
309 5825 369 5884 In
399 5846 571 5902 marg.
605 5834 895 5903 Πενθερύς
941 5835 1177 5905 Ἡρώδου
1205 5839 1232 5891 ὁ
1265 5838 1488 5903 Ἀρέτας
1518 5836 1691 5901 οὗτος.

1824 5857 1894 5898 :er
1913 5838 2139 5897 Herodis
2159 5842 2273 5894 erat
2295 5833 2485 5889 Arelas
2519 5830 2635 5885 iste.
