3910 6428
38 473 141 537 769

1172 475 1253 535 IN
1284 472 1523 534 EPIST.
1564 472 1663 531 AD
1695 469 2056 555 CORINTH.
2100 470 2182 531 II.

3167 464 3270 527 770

113 584 242 637 Ἵνα
278 585 353 658 μή
389 604 472 651 τις
508 588 704 662 νομίσῃ
752 586 1067 660 σωματικὴν
1096 584 1384 639 ἀσθένειαν
1430 582 1609 651 λέγειν

1778 581 1857 636 Ne
1885 582 2013 652 quis
2049 581 2412 637 arbitraretur
2438 595 2563 636 eum
2598 580 2748 652 loqui
2790 581 2856 635 de
2881 578 3159 651 corporali
3185 580 3271 634 in-

44 675 231 739 αὑτὸν,
265 679 362 731 καὶ
387 679 508 734 κατ’
534 678 674 744 εἶδος
708 680 809 752 τὴν
850 678 1133 734 ἀσθένειαν
1162 677 1482 746 διηγήσατο,
1517 675 1608 727 λέ-

44 784 155 834 γων
188 785 205 799 ⁸
252 770 350 823 Ἐγ
377 772 641 843 ὕϐρεσιν,
678 773 746 827 ἐν
772 769 1070 841 διωγμοῖς,
1104 769 1173 823 ἐν
1198 767 1507 837 ἀνάγκαις,
1543 766 1612 818 ἐν

38 864 487 933 στενοχωρίαις.
538 860 691 928 Εἶδες
742 864 889 926 ὅπως
918 860 1079 915 αὐτὸν
1108 859 1201 915 νῦν
1234 856 1608 925 ἀπεκάλυψεν,

36 954 87 1005 ὂν
118 950 282 1007 εἶπεν
311 955 420 1010 ἄνω
448 956 710 1020 Σατανᾶν,
739 956 834 1009 καὶ
871 954 993 1024 οὐχ).
1033 952 1218 1022 ἄλγος,
1255 949 1330 1014 ὥς
1365 964 1527 1019 φασιν
1560 948 1609 999 οἱ

37 1046 357 1116 ληροῦντες,
390 1048 518 1118 περὶ
544 1048 641 1121 τὴν
670 1045 915 1118 κεφαλὴν
948 1040 1116 1118 εῖχεν.

107 1243 129 1275 ι
171 1225 349 1279 Ὅταν
376 1226 484 1297 γὰρ
510 1224 744 1286 ἀσθενῶ.
784 1226 904 1279 τότε
935 1224 1156 1288 δυνατός
1187 1225 1321 1294 είμι.
1361 1241 1380 1274 ι

100 1316 287 1370 Ἔνθα
315 1316 511 1387 θλίψις,
543 1319 658 1372 ἐκεῖ
690 1319 782 1372 καὶ
812 1317 1178 1389 παράκλησις.
1208 1315 1318 1369 Καὶ
1346 1314 1476 1368 ἔνθα
1505 1331 1610 1367 πα-

37 1406 329 1477 ράκλησις.
362 1410 475 1463 ὲκεὶ
503 1409 597 1463 καὶ
640 1409 820 1481 χάρις.
853 1409 986 1463 Ὅτε
1014 1408 1144 1477 γοῦν
1177 1408 1258 1471 είς
1285 1406 1347 1459 τὸ
1398 1405 1611 1475 δεσμω-

35 1501 230 1570 τήριον
256 1500 443 1564 ἔπεσε.
481 1502 606 1555 τότε
646 1500 936 1572 θαυμαστὰ
965 1500 1220 1570 ἐποίησεν
1249 1499 1452 1550 ἐκεῖνα.
1484 1497 1611 1548 Ὅτε

38 1590 404 1659 ἐναυάγησεν,
432 1592 527 1645 καὶ
554 1593 634 1655 είς
668 1591 767 1661 τὴν
797 1589 1070 1661 βάρϐαρον
1103 1586 1367 1657 ἐξηνέχθη
1394 1584 1603 1655 χώραν,

36 1682 155 1735 τότε
214 1683 451 1752 μάλιστα
511 1684 794 1754 ἐδοξάσθη.
826 1684 957 1736 Ὅτε
1004 1683 1083 1745 είς
1131 1681 1190 1733 τὸ
1244 1681 1614 1751 δεσμωτήριον

40 1773 283 1843 εἰσῆλθε,
311 1774 434 1827 τότε
455 1775 550 1829 καὶ
580 1774 675 1828 τοῦ
710 1772 963 1829 δικαστοῦ
1001 1773 1368 1844 περιεγένετο.

1712 673 1989 738 firmitate.
2025 673 2341 745 singulatim
2389 672 2723 728 infirmitatis
2755 688 2951 744 genera
2982 671 3274 732 enarravit,

1707 763 1941 818 dicendo
1982 784 1997 816 :
2040 742 2533 826 Iri—contumeliis,
2597 765 2651 816 in
2703 742 3173 832 persecutionibus,
3220 763 3275 814 in

1708 854 2131 919 necessitatibus,
2187 854 2242 907 in
2292 855 2579 923 angustiis.
2617 853 2783 910 Vides
2817 854 3093 925 quomodo
3133 866 3275 907 nunc

1708 962 1829 1000 eum
1870 950 2084 1018 relegit,
2117 964 2279 1019 quem
2313 957 2471 1002 antea
2502 947 2761 1003 Satanam
2797 949 3043 1013 vocabat,
3074 961 3138 1001 ac
3171 962 3276 1000 non

1708 1040 1951 1093 dolorem
1995 1022 2168 1094 fuisse
2207 1041 2403 1109 capitis
2435 1056 2546 1111 quo
2581 1047 2894 1104 vexaretur,
2938 1040 3018 1093 uti
3052 1036 3277 1110 quidam

1710 1131 1963 1201 nugando
1993 1139 2241 1187 narrant.

1784 1244 1802 1274 ι
1838 1222 1974 1279 Cum
2014 1226 2158 1279 enim
2193 1225 2465 1287 inlirmor,
2500 1232 2632 1277 tunc
2666 1234 2866 1294 potens
2895 1238 3038 1277 sum.
3078 1240 3097 1274 ι

1778 1314 1912 1369 Nam
1945 1316 2034 1370 ubi
2077 1317 2303 1371 obvenit
2340 1316 2585 1377 alllictio.
2628 1316 2784 1369 adest
2833 1322 2887 1368 et
2928 1314 3278 1370 consolatio:

1709 1416 1765 1460 et
1803 1408 1893 1462 ubi
1918 1409 2255 1474 consolatio,
2297 1408 2413 1463 illic
2437 1417 2487 1462 et
2531 1408 2729 1478 gratia.
2760 1406 2991 1473 Quando
3027 1406 3192 1476 igitur
3226 1406 3282 1461 in

1711 1513 1983 1553 carcerem
2010 1499 2300 1568 conjectus
2329 1507 2442 1562 est,
2482 1505 2615 1552 tunc
2645 1497 2994 1552 admirabilia
3027 1497 3117 1550 illa
3155 1512 3282 1567 ges-

1713 1587 1805 1642 sit.
1840 1589 2071 1655 Quando
2127 1589 2473 1661 naufragium
2525 1588 2677 1652 fecit,
2726 1598 2781 1643 et
2832 1590 2885 1642 in
2942 1589 3282 1645 barbaricam

1713 1682 1986 1751 regionem
2026 1682 2350 1751 deportatus
2390 1690 2494 1746 est,
2530 1689 2662 1735 tunc
2698 1681 3074 1750 maximopere
3112 1682 3285 1735 iui-la-

1716 1775 1846 1828 ruit.
1882 1774 2113 1839 Quando
2147 1789 2428 1829 carcerem
2477 1774 2727 1839 intravit,
2756 1781 2887 1828 tunc
2943 1783 2999 1829 et
3040 1773 3284 1844 judiceiu

1719 1865 1994 1932 superavit
2029 1864 2092 1918 ”.

108 1968 129 2000 ι
170 1950 387 2018 Γέγονα
414 1948 602 2022 ἄφρων
634 1948 1011 2021 καυχώμενος,
1065 1947 1226 2019 ὑμεῖς
1256 1965 1323 2020 με
1374 1948 1614 2019 ἠναγκά-

1790 1931 1954 2011 λέιιε.
1990 1956 2171 2011 "-13.
2210 1975 2228 2008 ι
2269 1954 2471 2011 Factus
2502 1970 2623 2010 sum
2657 1955 2925 2025 insipiens
2971 1955 3284 2025 gloriando,

42 2061 187 2097 σατι.
239 2043 383 2111 Ἐγὼ
405 2044 512 2115 γὰρ
543 2042 771 2114 ὤφειλον
797 2045 890 2113 ὑφ’
921 2044 1075 2113 ὑμῶν
1098 2043 1471 2099 συνίστασθαι.
1507 2043 1613 2097 Οὐ-

41 2141 115 2193 δὲν
148 2139 270 2209 γὰρ
292 2140 566 2211 ὑστέρησα
598 2139 705 2193 τῶν
736 2139 875 2210 ὑπὲρ
904 2140 1023 2192 λίαν
1063 2138 1394 2204 ἀποστόλων,
1427 2138 1477 2191 εἰ
1521 2137 1615 2191 καὶ

41 2231 189 2284 οὐδέν
236 2232 357 2300 είμι
381 2248 396 2261 ’
440 2230 509 2283 τὰ
542 2229 723 2299 μέντοι
758 2233 962 2300 σημεῖα
989 2229 1081 2283 τοῦ
1129 2227 1451 2283 Ἀποστόλου
1482 2246 1617 2282 κατ·

42 2321 312 2393 ειργάσθση
364 2324 421 2376 ὲν
461 2322 611 2393 ὑμῖν,
656 2323 715 2375 ὲν
755 2322 902 2393 πάσῃ
951 2322 1217 2391 ὑπομονῇ,
1250 2321 1494 2389 σημείοις
1531 2339 1611 2383 τε,

40 2416 125 2468 καὶ
156 2414 386 2490 τέρασι,
407 2413 501 2467 καὶ⁸
534 2414 818 2485 δυνάμεσι.
861 2412 926 2467 Τί
956 2413 1065 2484 γάρ
1099 2415 1246 2465 ἐστιν
1276 2412 1303 2464 δ
1345 2412 1614 2482 ἡττήθητε

42 2506 178 2576 ὑπὲρ
209 2505 315 2567 τὰς
344 2503 536 2567 λοιπὰς
561 2504 875 2576 ἐκκλησίας,
902 2504 951 2557 εί
980 2502 1055 2575 μὴ
1083 2503 1165 2555 ὅτι
1217 2502 1377 2565 αὐτὸς
1414 2504 1526 2571 ἐγὼ
1554 2503 1613 2556 οὗ

44 2596 435 2667 κατενάρκησα
457 2596 486 2648 ῦ
494 2595 609 2665 μῶν
629 2614 645 2663 ;
681 2616 701 2648 ι

105 2684 537 2754 Καυχώμενος.
556 2685 888 2758 Ἀπαρτίσας
911 2688 966 2743 δὲ
994 2689 1088 2743 τὸν
1119 2690 1374 2763 περὶτῶν
1402 2687 1617 2743 οἰκείων

45 2775 342 2844 ἐγκωμίων
376 2775 554 2843 λόγον,
584 2775 683 2829 οὐκ
714 2776 843 2847 ἔστη
882 2778 1041 2849 μέχρι
1071 2780 1262 2833 τούτου
1297 2778 1433 2833 ἀλλὰ
1482 2780 1618 2831 ἀπο-

46 2866 286 2935 λογεῖται
316 2867 501 2931 πάλιν,
532 2869 627 2922 καλ⁵
648 2869 976 2943 συγγνώμην
1012 2871 1151 2945 ὑπὲρ
1175 2872 1283 2925 τῶν
1314 2871 1618 2942 εἰρημένων

48 2961 206 3013 αἰτεῖ.
252 2959 459 3030 ’Υμεῖς
488 2960 619 3031 γὰρ,
651 2962 834 3030 φησὶν,
865 2961 1270 3031 ἠναγκάσατε.
1304 2962 1364 3014 El
1392 2961 1491 3032 μὲν
1512 2961 1618 3033 γὰρ

48 3036 404 3121 κωχῶμενος
442 3053 489 3117 ί,
520 3052 615 3105 καὶ
670 3054 865 3106 ἐκεῖνοι
1045 3053 1184 3121 μετὰ
1213 3053 1310 3124 τῆς
1345 3053 1620 3124 ὑμετέρας

50 3142 200 3195 τοῦτο
250 3144 476 3196 ἐποίουν
534 3143 995 3225 ἐκεῖνοαπλάνης,
1026 3146 1125 3199 οὐκ
1165 3146 1229 3199 ἂν
1267 3145 1437 3209 οὕτως
1485 3164 1621 3218 προ-

1722 2065 1817 2103 vos
1854 2065 1939 2102 mc
1984 2050 2262 2119 coegistis.
2300 2048 2414 2119 Ego
2448 2049 2593 2103 enini
2642 2064 2672 2102 a
2717 2049 2872 2103 vobis
2917 2048 3082 2103 debui
3135 2065 3290 2103 com-

1723 2138 1989 2192 mendari.
2016 2136 2161 2191 Nihil
2191 2137 2337 2193 enini
2380 2136 2563 2190 minus
2594 2135 2669 2188 fui
2703 2138 2770 2190 ab
2799 2136 2891 2199 iis,
2920 2135 3013 2205 qui
3046 2146 3173 2189 sunt
3197 2151 3291 2189 sn-

1722 2244 1816 2299 pra
1849 2227 2068 2281 modum
2100 2228 2338 2297 apostoli
2372 2243 2387 2281 :
2424 2227 2639 2281 tametsi
2674 2226 2808 2280 nihil
2830 2242 2975 2280 sum.
3005 2225 3171 2296 Signa
3207 2235 3290 2280 ta-

1722 2336 1842 2374 men
1877 2320 2111 2389 apostoli
2147 2318 2288 2375 facta
2324 2328 2454 2374 sunt
2488 2320 2541 2372 in
2585 2318 2743 2374 vobis
2768 2360 2781 2384 ,
2814 2318 2868 2372 in
2901 2319 3051 2373 omni
3079 2319 3293 2389 patier-

1722 2412 1814 2476 tia,
1858 2412 2161 2482 signisquc,
2218 2419 2275 2466 et
2334 2410 2605 2481 prodigiis
2661 2419 2716 2465 et
2771 2411 3093 2466 virtutibus.
3146 2408 3286 2476 Quid

1721 2506 1863 2560 enim
1932 2514 2058 2568 est,
2120 2505 2262 2575 quod
2320 2504 2501 2558 minus
2560 2502 2867 2567 habuistis,
2921 2519 3031 2573 prze
3077 2510 3294 2558 caeteris

1722 2596 2002 2661 Eci-lesiis,
2035 2597 2138 2652 nisi
2173 2596 2319 2667 quod
2353 2599 2472 2664 ipse
2510 2609 2619 2649 non
2658 2595 2879 2664 gravavi
2912 2594 3050 2649 vos?
3090 2613 3111 2646 ι

1794 2687 2108 2751 Gloriando,
2143 2688 2337 2755 inquit.
2374 2686 2647 2741 Absoluto
2679 2695 2861 2740 autem
2900 2689 2967 2739 de
3000 2686 3116 2739 suis
3168 2683 3291 2737 lan-

1724 2780 1885 2834 dibus
1933 2795 2209 2842 sermone,
2261 2794 2368 2833 non
2419 2780 2690 2833 hactenus
2725 2778 2899 2839 stetit,
2930 2776 3025 2830 scd
3070 2791 3290 2829 rursum

1728 2872 2168 2928 satisfactionem
2211 2870 2412 2937 offert,
2446 2880 2501 2925 et
2534 2871 2748 2926 veniam
2799 2870 3069 2924 dictorum
3114 2876 3290 2938 rogat.

1738 2964 1838 3019 Vos
1870 2967 2031 3030 enim,
2062 2967 2159 3029 ait,
2194 2982 2275 3019 me
2322 2963 2592 3033 coegistis.
2629 2961 2744 3019 Nisi
2780 2964 2927 3017 enim
2962 2962 3040 3016 illi
3077 2975 3297 3033 quoque

1726 3057 2099 3113 ostentatione
2132 3072 2233 3112 sua
2260 3058 2317 3111 in
2337 3071 2582 3111 errorem
2613 3060 2711 3110 vo's
2736 3053 3120 3119 adduxissent,
3152 3068 3299 3106 nun-

1727 3165 1889 3218 quam
1930 3149 2299 3213 admisissem,
2337 3156 2397 3203 ut
2426 3149 2493 3203 de
2542 3162 2627 3202 me
2666 3162 2979 3201 sermonem
3012 3146 3296 3200 inferrem.

54 3236 226 3306 ήχθην
263 3238 347 3298 είς
378 3235 598 3300 τούτους
633 3238 864 3306 ἐμαυτὸν
895 3238 1121 3307 ἀγαγεῖν
1150 3239 1357 3309 λόγους.
1402 3240 1620 3309 Ἐπειδὴ

1731 3241 1931 3296 Verum
2002 3242 2131 3312 quia
2182 3242 2449 3313 integram
2511 3240 2814 3295 Ecclesiam
2870 3240 3298 3305 labefactarnnt,

52 3326 97 3379 δὲ
123 3328 433 3399 ὁλόκληρον
462 3328 788 3397 Ἐκκλησίαν
813 3330 1134 3401 διέφθειρον,
1158 3332 1237 3395 εἰς
1256 3332 1316 3385 τὸ
1344 3332 1621 3404 συμντςέρον

1731 3344 1952 3389 coactus
2014 3350 2136 3390 sum
2200 3334 2317 3388 fieri
2371 3333 2662 3404 insipiens,
2722 3341 2782 3386 ut
2836 3330 3059 3386 utilitati
3103 3339 3302 3387 vestra:

54 3420 171 3488 ὑμῖν
201 3419 376 3489 ὀρῶν,
415 3420 769 3491 ἠναγκάσθην
798 3421 991 3493 ἄφρων
1023 3422 1295 3491 γενέσθαι.

120 3530 138 3555 ο
186 3511 509 3582 Χαρίσασθὲ
540 3530 630 3582 μοι
659 3513 756 3584 τὴν
782 3514 994 3568 ἀδικίαν
1023 3515 1247 3586 ταύτην.
1287 3518 1419 3571 Ἰδοὺ
1443 3519 1624 3590 τρίτον

51 3600 208 3653 τοῦτο
243 3602 481 3671 ἑτοίμως
513 3602 623 3672 ἔχω
648 3603 820 3656 ἐλθεῖν
845 3604 979 3675 πρὸς
1023 3605 1188 3675 ὑμᾶς,
1236 3608 1330 3660 καὶ
1360 3608 1419 3659 οὐ
1459 3625 1625 3661 κατα-

53 3694 335 3763 ναρκήσω.
380 3694 454 3747 Οὐ
489 3693 598 3765 γὰρ
631 3693 778 3766 ζητῶ
828 3695 897 3749 τὰ
944 3696 1119 3767 ὑμῶν,
1160 3697 1295 3750 ἀλλὰ
1324 3697 1468 3766 ὑμᾶς
1500 3714 1514 3729 ο
1564 3698 1625 3752 οὐ

53 3786 154 3856 γὰρ
182 3785 398 3855 ὀφείλει
426 3785 497 3838 τὰ
520 3786 689 3841 τέκνα
725 3789 835 3851 τοῖς
870 3788 1086 3856 γονεῦσι
1109 3788 1480 3859 θησαυρίζειν,
1511 3788 1627 3843 ἀλλ’

52 3877 98 3928 οι
137 3880 324 3945 γονεῖς
356 3879 471 3941 τοῖς
505 3878 736 3942 τέκνοις.
785 3879 927 3949 Ἐγὼ
978 3880 1036 3934 δὲ
1083 3880 1276 3951 ἥδιστα
1312 3880 1625 3952 δαπανήσω,

55 3971 141 4020 καὶ
160 3969 691 4042 ἐκδαπανηθήσομαι
716 3970 858 4043 ὑπὲρ
878 3972 986 4026 τῶν
1004 3971 1191 4043 ψυχῶν
1228 3971 1402 4042 ὑμῶν,
1446 3972 1497 4025 εί
1536 3972 1630 4026 καὶ

57 4058 465 4130 περισσοτέρως
498 4060 644 4131 ὑμᾶς
676 4060 925 4131 ἀγαπῶν,
950 4058 1114 4134 ἦττον
1143 4061 1466 4131 ἀγαπῶμαι.
1499 4080 1519 4114 ι

131 4233 451 4305 Ἐγκιῖιμιον
478 4235 704 4291 ὶκείνων
732 4236 970 4310 τίθησιν,
998 4238 1053 4292 εἴ
1079 4256 1141 4309 γε
1185 4239 1401 4295 ἀδικίαν
1423 4239 1631 4293 οἰκείαν

59 4317 193 4378 εἶναι
219 4324 529 4397 νομίζωσι,
547 4328 610 4382 τὸ
639 4329 716 4401 μὴ
740 4329 1138 4395 καταδέξασθαι
1170 4330 1262 4384 τὸν
1306 4330 1632 4384 ’Λπόστολον

58 4414 241 4469 λαϐεῖν
275 4434 329 4471 τι
369 4417 503 4488 παρ’
550 4418 753 4487 αὐτῶν,
785 4421 919 4493 μηδὲ
960 4420 1323 4493 ἀνασχεθῆναι
1356 4424 1631 4494 τραφῆναι

61 4505 292 4563 ἰκεῖθεν.

1724 3426 2097 3481 οιοηειιιειοιιι.

1802 3538 1820 3571 ι
1862 3518 2071 3573 Donate
2123 3517 2255 3572 mihi
2291 3517 2433 3572 hanc
2484 3516 2768 3586 injuriam.
2819 3514 3134 3586 [Vens.14,
3186 3510 3303 3587 15.]

1726 3611 1866 3666 Ecce
1914 3610 2082 3665 tertio
2116 3610 2220 3665 hoc
2263 3618 2488 3678 paratus
2544 3623 2667 3662 sum
2714 3607 2904 3662 venire
2943 3605 3010 3659 ad
3060 3622 3195 3668 vos.
3244 3614 3304 3660 et

1725 3713 1834 3752 non
1870 3712 1965 3752 ero
1995 3698 2179 3762 gravis
2201 3698 2381 3754 vobis.
2416 3696 2533 3751 Non
2568 3697 2714 3752 enim
2745 3711 2933 3767 qnaaro
2963 3711 3086 3765 quae
3117 3703 3304 3751 vestra

1728 3798 1883 3849 sunt,
1929 3787 2022 3842 sed
2065 3802 2185 3843 vos.
2222 3785 2335 3841 Nec
2382 3786 2529 3842 enim
2574 3786 2776 3841 debent
2826 3785 2923 3841 filii
2978 3786 3304 3855 parentibus

1728 3879 2124 3939 thesaurizare.
2158 3878 2252 3934 sed
2288 3885 2554 3950 parentes
2586 3878 2731 3934 ﬁliis.
2771 3877 2881 3949 Ego
2910 3886 3093 3932 autent
3128 3878 3305 3933 liben-

1730 3970 1942 4027 tissime
1967 3969 2303 4040 impendam,
2338 3979 2390 4025 et
2425 3970 2886 4040 snperimpendar
2915 3969 3031 4039 ipse
3060 3984 3161 4040 pro
3193 3972 3307 4024 anl-

1730 4059 1927 4115 mabus
1950 4060 2174 4124 vestris,
2205 4060 2331 4116 licet
2358 4060 2734 4115 abundantius
2770 4074 2869 4115 vos
2905 4059 3168 4131 diligens,
3196 4060 3304 4115 mi-

1731 4164 1837 4205 nus
1868 4147 2087 4219 diligar.
2133 4168 2153 4201 ι

1800 4241 1857 4295 In
1915 4240 2158 4310 ipsorum
2216 4240 2433 4296 laudem
2490 4239 2691 4297 cedere
2750 4224 2965 4307 censet,
3026 4240 3302 4311 siquidem

1734 4332 2000 4403 iniuriam
2048 4333 2375 4389 existiment
2425 4348 2602 4399 suam,
2636 4333 2788 4405 quod
2821 4334 3121 4404 Apostolus
3168 4332 3307 4387 nihil

1733 4425 1802 4479 ab
1849 4424 1985 4494 ipsis
2041 4424 2294 4495 accipere
2342 4424 2623 4487 voluerit,
2686 4437 2789 4479 nec
2858 4421 3190 4480 sustinuerit
3237 4420 3308 4477 ab

1733 4518 1815 4571 eis
1838 4516 1934 4571 ali.

131 4619 151 4652 ι
189 4601 289 4663 Εἰς
317 4600 478 4655 τοῦτο
504 4601 561 4654 δὲ
590 4610 618 4639 ιι
650 4601 762 4671 ἐγὼ
802 4603 863 4657 οῦ
906 4602 1261 4675 κατεϐάρησα
1299 4605 1463 4675 ὑμᾶς,
1498 4604 1621 4658 ἀλλὰ

1808 4608 1975 4663 Vens.
2028 4606 2219 4663 16-20.
2266 4625 2286 4659 ι
2338 4605 2399 4661 ιιι
2434 4606 2541 4661 hoc
2584 4611 2763 4660 autem
2795 4619 2901 4676 ego
2940 4619 3051 4659 non
3087 4604 3308 4673 gravari

64 4690 328 4762 ὑπάρχων
359 4693 676 4764 πανοῦργος
704 4694 839 4764 δόλῳ
863 4695 1008 4765 ὑμᾶς
1030 4696 1245 4752 ἔλαϐον.
1275 4700 1365 4769 Μὴ
1399 4714 1523 4753 τινα
1559 4692 1634 4752 ὧν

66 4782 391 4837 ἀπέσταλκα
434 4785 572 4856 πρὸς
634 4786 808 4857 ὑμᾶς,
856 4787 926 4840 δι’
990 4788 1158 4843 αὑτοῦ
1233 4790 1636 4863 ἐπλεονέκτησα

69 4873 243 4941 ὑμᾶς
285 4876 645 4947 Παρεκὰλεσα
703 4878 891 4942 Τίτον,
936 4880 1032 4933 καὶ
1087 4880 1501 4935 συναπέσταλκα
1543 4882 1637 4936 τὸν

69 4965 315 5035 ἀδελφόν.
351 4969 446 5040 Μή
484 4985 538 5022 τι
572 4968 993 5043 ἐπλεονέκτησεν
1022 4971 1165 5043 ὑμᾶς
1217 4971 1375 5037 Τίτος
1402 4990 1418 5040 ;
1450 4973 1526 5026 Οῦ
1560 4972 1637 5043 τῷ

70 5055 216 5127 αὐτῷ
274 5058 553 5130 πνεύματι
610 5063 1132 5133 περιεπατήσαμεν;
1188 5063 1248 5116 οῦ
1299 5065 1411 5126 τοῖς
1457 5064 1638 5128 αὐτοῖς

69 5146 276 5217 ipsa;
303 5150 477 5204 Πάλιν
503 5152 710 5206 δοκεῖτε
740 5154 821 5207 ὅτι
848 5154 977 5224 ὑμῖν
1012 5154 1462 5226 ἀπολογούμεθα;
1494 5157 1637 5209 Κατ-

72 5238 249 5294 έναντι
272 5242 372 5296 τοῦ
400 5242 535 5298 Θεοῦ
572 5245 631 5298 ἐν
668 5245 890 5318 Χριστῷ
910 5245 1198 5318 λαλοῦμεν.
1227 5247 1309 5300 Τὰ
1344 5246 1401 5300 δὲ
1434 5246 1635 5311 πάντα,

69 5330 365 5408 ἀγαπητοὶ,
408 5337 546 5410 ὑπὲρ
575 5338 676 5409 τῆς
701 5339 857 5411 ὑμῶν
880 5341 1189 5412 οἰκοδομῆς.
1226 5340 1498 5413 Φοϐοῦμαι
1528 5342 1638 5413 γὰρ

146 5518 189 5547 ⁸⁷
234 5523 353 5579 Act.
383 5520 629 5588 xxvui,l
665 5538 789 5594 sqq.

1736 4714 1874 4755 vos:
1907 4698 2002 4755 sed
2043 4697 2201 4769 155
2230 4713 2574 4763 cum,essem
2608 4703 2847 4764 astutus,
2879 4694 3006 4751 dolo
3031 4710 3125 4750 vos
3162 4695 3308 4765 cepi.

1737 4790 1993 4861 Nunquid
2030 4807 2126 4860 per
2160 4791 2398 4860 aliquem
2448 4805 2642 4846 eorum
2690 4804 2832 4859 quos
2883 4788 3009 4844 misi
3058 4788 3126 4842 ad
3176 4802 3307 4851 vos,

1740 4883 2075 4938 circumveni
2102 4881 2484 4954 vos‘illogavi
2533 4882 2740 4946 Titum,
2785 4889 2841 4937 et
2870 4882 2998 4938 misi
3045 4895 3171 4935 cum
3213 4880 3311 4934 illo

1742 4975 1986 5029 fratrem.
2037 4973 2294 5047 Nunquid
2332 4990 2433 5030 vos
2472 4974 2633 5030 Titus
2680 4973 3086 5030 circumvenit?
3124 4986 3311 5027 nonne

1742 5066 1932 5121 eodem
1961 5066 2158 5136 spiritu
2195 5066 2637 5122 ambulavimus?
2682 5064 2874 5122 Nonne
2916 5064 3112 5121 iisdem
3142 5063 3312 5118 vesti-

1741 5158 1888 5230 giis?
1922 5156 2163 5213 Rursum
2196 5160 2409 5231 putatis
2453 5160 2601 5230 quod
2642 5173 2968 5215 excusemus
3009 5171 3111 5211 nos
3164 5155 3309 5226 apud

1743 5250 1900 5306 vos?
1960 5252 2159 5306 Coram
2212 5252 2324 5308 Deo
2377 5252 2435 5307 in
2491 5252 2716 5307 Christo
2763 5250 3060 5320 loquimur.
3111 5245 3311 5302 Omnia

1742 5350 1945 5408 autem,
1978 5344 2316 5410 cliarissimi,
2351 5354 2577 5416 propter
2600 5343 3018 5400 aedificationem
3045 5346 3307 5397 vestram.

1363 5683 1598 5740 VARUS
1642 5684 2048 5744 LECTIONES.

191 5832 217 5869 ⁸
250 5831 536 5905 Chrysost.
564 5833 895 5907 ὲκαυχῶντο,
926 5837 1060 5895 alias
1084 5837 1292 5907 legero,
1317 5836 1684 5905 καυχώμενοι.
1755 5850 1780 5879 ιι
1808 5818 1979 5896 Codd.
2010 5845 2064 5894 et
2091 5837 2216 5894 libri
2257 5852 2469 5897 omnes.
2489 5835 2629 5893 ιστω
2662 5834 2742 5891 δέ.
