4048 6414
675 381 777 451 7:1
840 472 841 475 γ

1858 398 1919 457 S.
1958 398 2275 459 JOANNIS
2335 399 2767 463 DAMASCENI

3736 427 3810 491 772

675 510 871 567 Timeo
900 511 1047 566 enim
1100 528 1170 569 ne
1219 514 1382 582 forte,
1429 532 1553 573 cum
1606 533 1829 583 venero,
1887 535 1998 575 non
2049 516 2233 587 quales

2307 518 2544 589 ,pﬁnw;
2581 519 2788 584 ἐλθὼν,
2838 523 2934 591 οὐχ
2988 522 3132 587 οἴους
3178 524 3316 579 θέλω
3362 525 3497 599 εῦρω
3526 528 3663 603 ὑμᾶς,
3700 543 3811 610 κάγὼ

673 602 823 667 volo,
858 603 1135 658 inveniam
1166 622 1265 663 vos
1295 627 1308 662 :
1342 619 1397 665 et
1431 626 1531 681 ego
1578 610 1829 667 inveniar
1853 627 1884 665 a
1917 610 2073 666 vobis
2103 623 2245 679 qua-

674 692 779 747 lem
813 708 922 747 non
955 693 1143 748 vultis.
1174 715 1193 747 ι

741 779 952 837 Dixerit
1007 783 1194 841 forsan
1240 787 1466 857 aliquis,
1510 788 1718 844 ideirco
1769 805 1856 845 me
1896 790 2035 846 nihil
2082 804 2245 845 acce-

672 872 841 943 pisse,
871 875 1002 946 quia
1032 892 1141 931 non
1172 880 1445 947 postulavi
1477 898 1491 936 :
1525 888 1785 935 caeterum
1832 890 2088 937 versutus
2116 898 2245 936 cum

673 980 876 1031 essem,
927 966 1223 1023 adornatos
1256 985 1284 1023 a
1318 985 1403 1025 me
1439 971 1712 1041 quosdam
1737 1011 1754 1037 ,
1809 987 1953 1044 quos
1998 973 2243 1028 miserim

673 1070 796 1125 ego,
828 1072 929 1111 suo
960 1057 1155 1112 saltem
1202 1061 1425 1116 nomine
1459 1063 1730 1132 petituros
1761 1079 1791 1118 a
1837 1064 2015 1129 vobis,
2067 1073 2128 1119 ut
2152 1079 2245 1119 eo.

672 1160 796 1200 rum
841 1148 1095 1205 manibus
1119 1150 1466 1221 accipiendo,
1498 1155 1568 1208 ab
1596 1156 1857 1226 opinione
1886 1164 2121 1226 receptae
2154 1171 2247 1226 pe-

671 1238 848 1318 cunia:
882 1238 1183 1295 immunem
1218 1258 1304 1298 me
1345 1254 1704 1302 ostentarem.
1741 1250 1813 1302 At
1849 1264 1917 1304 ne
1949 1248 2243 1304 lioc'etiam

671 1327 912 1395 obiicere
944 1332 1217 1404 quiSpiam
1250 1338 1462 1405 possit;
1496 1355 1705 1411 vosque
1746 1342 1851 1412 ipsi
1892 1340 2055 1411 hujus
2075 1347 2245 1396 testes

670 1421 829 1477 estis.
867 1421 1065 1478 Eodem
1101 1442 1264 1496 porro
1305 1430 1517 1498 spiritu,
1554 1433 1651 1497 ait,
1695 1433 1814 1490 sive
1845 1433 2038 1489 eadem
2069 1434 2245 1488 animi

670 1511 1024 1581 inductione,
1091 1518 1206 1574 sive
1285 1520 1474 1576 eadem
1537 1524 1728 1593 gratiae
1801 1525 2243 1591 ministratione;

667 1604 796 1674 quia
842 1608 1186 1664 consimilem
1211 1615 1405 1682 agendi
1433 1616 1699 1671 rationem
1734 1616 1974 1688 Spiritus
2022 1618 2250 1674 donavit

668 1699 850 1755 nobis.

746 1813 765 1845 ι
809 1795 886 1851 Ne
918 1796 1059 1852 forte
1091 1800 1506 1865 contentiones.
1540 1804 1941 1871 zemtdationes,
1978 1806 2244 1864 animosi-

667 1890 848 1952 tates,
908 1888 1330 1960 dissensiones,
1409 1894 1823 1961 detractiones,
1903 1898 2243 1955 susurratio-

668 1993 787 2040 nes,
810 1979 1141 2041 inﬂationes,
1161 1983 1467 2040 seditiones
1485 1986 1752 2041 sintinter
1771 2004 1871 2044 vos
1897 2007 1909 2042 :
1934 1988 2132 2061 [νεεδ.
2147 1988 2238 2061 2|]

667 2085 736 2124 ue
781 2072 975 2127 iterum
1026 2090 1152 2130 cum
1198 2090 1442 2144 venero,
1486 2078 1740 2135 humiliet
1789 2096 1875 2136 me
1914 2080 2061 2138 Deus
2093 2082 2241 2152 apud

562 2224 572 2237 ι
669 2175 786 2215 νοω.
848 2181 866 2213 ι
972 2204 973 2207 η

739 2252 792 2307 Id
825 2254 971 2324 quod
1005 2255 1180 2326 primo
1213 2258 1334 2313 loco
1364 2275 1569 2330 ponere
1601 2262 1860 2329 debebat,
1895 2266 2000 2321 hoc
2024 2274 2240 2337 postre-

665 2360 758 2399 mo
784 2349 1053 2415 collocat,
1105 2350 1441 2406 inﬂationem
1502 2355 1794 2413 nimirum.
1856 2359 2073 2415 Etenim
2140 2361 2241 2415 ad-

663 2451 860 2493 versus
906 2440 1085 2509 ipsum
1120 2454 1446 2514 arrogantes
1478 2456 1661 2502 erant.
1711 2449 1789 2505 Ne
1821 2462 1956 2519 ergo
1984 2451 2241 2507 videatur

663 2526 719 2580 in
756 2528 952 2597 primis
978 2535 1269 2589 commodo
1298 2552 1402 2592 suo
1435 2542 1686 2604 studere,
1717 2542 1785 2596 de
1810 2544 2092 2598 communi
2124 2553 2240 2599 sta-

662 2618 760 2672 tim
801 2620 1063 2690 loqut’tur.
1108 2624 1400 2684 Enimvero
1448 2630 1635 2686 istltaee
1665 2635 1847 2688 omnia
1888 2651 1954 2689 ex
1997 2636 2245 2693 inviden-

659 2710 737 2764 tia
774 2713 1166 2782 nascebautur,
1230 2727 1361 2789 puta
1416 2723 1728 2787 calumniae,
1794 2726 2235 2794 criminationes,

658 2800 915 2858 tissidia.

737 2909 758 2944 ι
794 2891 859 2948 Ει
906 2895 1121 2967 lugeam
1152 2897 1358 2955 multos
1407 2914 1473 2955 ex
1527 2901 1596 2957 iis
1650 2902 1745 2973 qui
1794 2912 1922 2959 ante
1974 2920 2240 2975 peccave-

658 2989 813 3046 runt,
863 2991 919 3038 et
952 3000 1060 3039 non
1090 2994 1329 3057 egerunt
1359 2989 1742 3058 paenitentiam
1790 3006 1961 3061 super
1994 2993 2237 3074 immun-

657 3071 817 3139 ditia,
844 3082 899 3129 et
928 3073 1316 3143 fornicatione,
1341 3087 1397 3134 et
1426 3079 1794 3151 impudicitia,
1853 3071 2019 3152 quam
2043 3098 2236 3150 gesse-

659 3171 810 3218 runt.
875 3183 894 3216 ι

729 3255 849 3311 Non
898 3256 1041 3311 dixit
1082 3272 1301 3326 omnes,
1350 3260 1448 3316 sed
1493 3264 1695 3318 multos
1730 3280 1750 3319 :
1798 3268 1931 3334 quin
1966 3281 2067 3321 nec
2107 3266 2233 3323 illos

657 3350 923 3415 declarat,
956 3357 1017 3404 ut
1045 3348 1263 3407 facilem
1294 3352 1430 3423 ipsis
1454 3354 1724 3424 praaberet
1757 3356 1994 3413 reditum
2025 3356 2091 3412 ad
2117 3373 2233 3429 po:-

659 3440 979 3503 .itentiam.

1270 3576 1428 3635 CAP.
1466 3575 1601 3633 XIII.

702 3689 895 3748 'Yens.
934 3691 986 3746 I.
1035 3709 1054 3743 ι
1092 3690 1232 3747 Ecce
1258 3692 1424 3748 tertio
1464 3691 1567 3747 hoc
1594 3692 1757 3749 venio
1785 3693 1852 3749 ad
1878 3710 1998 3752 vos.
2030 3715 2048 3749 ι

730 3783 993 3841 Ostendit
1026 3800 1084 3840 se
1137 3785 1370 3838 multum
1403 3800 1526 3841 esse
1554 3800 1618 3841 ac
1647 3787 2117 3845 vehementiorem
2174 3790 2230 3846 in

653 3876 1198 3943 denuntiationibus,
1226 3877 1533 3949 segniorem
1570 3893 1701 3935 vero
1742 3888 1796 3936 et
1849 3891 2228 3939 cunctatorem

652 3970 711 4028 in
745 3969 1094 4040 castigando.

729 4083 749 4116 ε
786 4065 845 4117 In
898 4079 993 4118 ore
1036 4062 1273 4117 duorum
1302 4071 1357 4117 et
1399 4062 1565 4118 trium
1600 4064 1829 4120 testium
1860 4066 2031 4121 stabit
2068 4083 2231 4124 omne

648 4154 904 4209 verbum.
941 4152 1131 4224 [Vens
1183 4150 1267 4223 2.]
1309 4151 1580 4219 Prmdixi,
1627 4164 1679 4208 et
1728 4155 1969 4225 praadico
1999 4166 2059 4211 ut
2089 4174 2230 4229 prae-

649 4258 802 4307 sens,
834 4243 1075 4298 secunda
1111 4242 1213 4296 hac
1243 4241 1386 4305 vice,
1421 4252 1475 4297 et
1520 4258 1669 4298 nunc
1704 4244 1907 4300 absens
1936 4247 2125 4303 scribo
2156 4250 2227 4305 iis

647 4334 741 4406 qui
772 4342 901 4389 ante
931 4341 1320 4404 peccaverunt,
1350 4335 1644 4389 et'carteris
1676 4336 1952 4392 omnibus.
1992 4358 2013 4390 ›

718 4422 969 4480 'I‘estium
1018 4425 1139 4479 loco
1170 4424 1443 4479 adventus
1480 4440 1617 4481 suos
1646 4427 1822 4497 ponit,
1856 4416 2098 4501 suasque
2127 4432 2226 4487 de-

2348 609 2556 681 εῦρεθῶ
2584 612 2713 683 ὑμῖν
2736 609 2850 666 οἷον
2888 615 2948 667 οὐ
2972 614 3176 669 θέλετε.
3220 636 3240 669 ι

2420 788 2564 861 Ἀρα
2594 789 2708 862 ἔχει
2732 807 2824 854 τις
2866 790 3062 857 εἰπεῖν,
3092 790 3169 857 ὡς
3206 793 3351 863 Ἐγὼ
3377 796 3472 867 μὲν
3497 800 3584 854 οὐκ
3604 803 3745 876 ᾔτησά
3762 826 3814 873 τι,

2345 880 2467 934 οὐδὲ
2511 881 2704 936 ἔλαϐον
2737 898 2754 913 ·
2792 884 3105 956 πανοῦργος
3147 886 3204 939 δὲ
3235 886 3332 953 ὢν,
3367 893 3707 962 παρεσκεύασα
3724 903 3815 964 τοὺς

2347 974 2439 1027 ὑπ’
2464 974 2599 1044 ἐμοῦ
2626 975 3032 1042 ἀποσταλέντας
3048 980 3129 1043 είς
3154 980 3358 1034 οίκεῖον
3378 983 3639 1052 πρόσωπον
3655 991 3817 1061 αἰτῆσαι

2345 1084 2398 1120 τι
2432 1067 2563 1137 παρ’
2590 1068 2761 1139 ὑμῶν.
2795 1070 2906 1123 Καὶ
2935 1070 3002 1125 δι’
3032 1072 3260 1127 ἐκείνων
3284 1074 3446 1139 αὐτὸς
3475 1077 3574 1145 ἐγὼ
3598 1080 3819 1155 ἐδεξάμην,

2344 1156 2439 1211 τοῦ
2466 1159 2642 1213 δοκεῖν
2668 1161 2949 1231 εἰληφέναι
2967 1162 3073 1231 ἔξω
3100 1165 3338 1235 ἐμαυτὸν
3383 1167 3563 1232 τιθείς.
3584 1171 3702 1226 Ἀλλ’
3735 1177 3821 1229 οὐδὲ

2344 1251 2502 1306 τοῦτο
2520 1252 2633 1323 ἔχοι
2659 1271 2744 1318 τις
2764 1255 2831 1308 ἀν
2851 1256 3047 1321 εἰπεῖν,
3079 1258 3176 1311 καὶ
3207 1259 3478 1333 μάρτυρες
3509 1261 3662 1332 ὑμεῖς.
3702 1266 3767 1331 Τῷ
3784 1268 3821 1320 δὲ

2346 1344 2507 1410 αὐτῷ
2539 1347 2852 1416 πνεύματι,
2880 1348 2914 1420 ἢ
2942 1352 3008 1422 τῇ
3042 1350 3182 1423 αὐτῇ
3223 1354 3538 1427 προαιρέσει
3566 1356 3756 1430 λέγεινῆ
3778 1365 3823 1431 τῇ

2345 1437 2480 1507 αὑτῇ
2508 1438 2756 1510 διακονίᾳ
2775 1441 2875 1511 τῆς
2892 1440 3134 1513 χάριτος,
3153 1443 3237 1499 ὃτι
3252 1445 3447 1516 ὁμοίαν
3462 1447 3646 1519 ἡμῖντὸ
3664 1450 3825 1522 Πνεῦμα

2347 1527 2623 1584 πολιτείαν
2651 1531 2967 1604 ἐχαρίσατο.

2424 1813 2443 1845 ι
2478 1794 2692 1866 Μήπως
2733 1798 2902 1868 ἕρεις,
2932 1797 3113 1870 ζῆλος,
3156 1800 3354 1872 θυμοι,
3383 1806 3618 1873 ἑριθεϊαι,
3655 1811 3828 1861 καταλα-

2345 1882 2478 1949 λιαὶ,
2502 1885 2847 1959 ψιθυρισμοί,
2879 1889 3198 1959 φυσιώσεις,
3226 1893 3615 1951 ἀκαταστασίαι
3640 1914 3651 1926 ·
3676 1898 3735 1970 μὴ
3758 1900 3829 1953 τιά-

2342 1977 2426 2031 λιν
2454 2042 2457 2045 λ
2485 1978 2828 2050 παρελθόντα
2878 1998 2948 2054 με
2990 1983 3303 2057 ταπεινώσῃ
3351 1988 3381 2039 ό
3435 1987 3562 2052 Θεός
3606 2006 3693 2060 μου
3737 1992 3831 2061 πρὸς

2344 2069 2507 2139 ὑμᾶς.
2546 2088 2567 2122 ι
3366 2115 3370 2118 ο

2417 2248 2484 2301 Ὃ
2516 2248 2732 2318 πρῶτον
2762 2249 2987 2322 ἔμελλεν
3025 2251 3221 2321 θεῖναι,
3249 2254 3311 2309 τὸ
3334 2256 3478 2310 κατά
3498 2256 3590 2328 τὴν
3616 2257 3831 2326 φυσίωσιν,

2338 2335 2497 2391 τοῦτο
2536 2337 2761 2411 ὕστερον
2783 2341 2987 2412 τίθησι.
3016 2344 3154 2397 Κατ’
3189 2345 3355 2399 αὑτοῦ
3390 2349 3497 2418 γὰρ
3528 2347 3824 2402 ἀπενοοῦντο*

2340 2430 2429 2486 ἴνα
2452 2427 2544 2485 οῦν
2580 2432 2656 2504 μὴ
2688 2433 2813 2506 δόξῃ
2847 2438 3278 2509 προηγουμένως
3302 2440 3363 2493 τὸ
3392 2440 3583 2495 ἑαυτοῦ
3613 2440 3830 2512 (ipsimi

2341 2527 2518 2580 κοινὸν
2538 2526 2687 2597 λέγει
2722 2529 2960 2602 πρῶτον.
2993 2532 3180 2586 Ταῦτα
3209 2535 3318 2605 γὰρ
3357 2535 3543 2590 πάντα
3570 2537 3667 2591 ἀπὸ
3684 2536 3832 2607 ﬂam-

2340 2618 2460 2683 νίας
2508 2619 2807 2689 ὲτίκτοντο,
2852 2625 2910 2678 αί
2942 2624 3207 2695 διαὸολαὶ,
3244 2628 3300 2681 αί
3344 2630 3679 2703 κατηγορίαι,
3702 2630 3835 2683 alita-

2344 2728 2585 2777 στάσεις-

2418 2910 2438 2943 ι
2475 2891 2584 2945 Καὶ
2639 2898 2894 2966 πενθησω
2945 2898 3173 2963 πολλοὺς
3219 2901 3330 2954 τῶν
3378 2901 3836 2975 προημαρτηκότων.

2340 2981 2436 3035 καὶ
2468 2983 2543 3054 μὴ
2575 2987 3030 3058 μετανοησάντων
3058 2991 3153 3044 ἐπὶ
3184 2994 3252 3064 τῇ
3286 2994 3618 3069 ἀκαθαρσίᾳ,
3645 2999 3725 3051 καὶ
3745 3013 3837 3063 πορ-

2337 3071 2480 3143 νείᾳ,
2507 3074 2602 3126 καὶ
2624 3073 2938 3152 ἀσελγείᾳῇ
2973 3078 3239 3150 ἔπραξαν.
3286 3101 3309 3137 ι

2409 3255 2523 3309 Οὐκ
2556 3251 2676 3310 εἷπε
2704 3257 2935 3327 πάντας,
2973 3262 3108 3318 ἀλλά
3141 3268 3418 3336 πολλοὺς
3448 3286 3464 3303 ·
3500 3271 3594 3326 καὶ
3631 3270 3731 3324 οὐδὲ
3752 3270 3834 3322 τούς

2334 3362 2460 3410 τους
2487 3350 2631 3402 ποιεῖ
2648 3354 2933 3424 φανεροὺς,
2967 3355 3146 3422 διδοὺς
3182 3360 3378 3431 ῥᾳδίαν
3422 3363 3607 3429 αὐτοῖς
3633 3362 3715 3434 τὴν
3744 3360 3837 3432 πρὶς

2332 3438 2435 3511 τὴν
2469 3442 2758 3512 μετάνοιαν
2778 3446 3056 3505 ἐπάνοδον.

2918 3585 3169 3643 ΚΕΦΑΔ.
3220 3590 3321 3646 ﬂ".

2409 3712 2429 3745 ι
2471 3692 2604 3749 Ἰδοὺ
2626 3695 2783 3750 τοῦτο
2822 3698 3007 3770 τρίτον
3028 3699 3260 3773 ἔρχομαι
3289 3703 3433 3775 πρὸς
3474 3706 3634 3777 ὑμᾶς.
3665 3727 3682 3758 υ

2407 3785 2657 3840 Δείκνυσι
2689 3789 2857 3844 πολὺν
2889 3791 2990 3862 μὲν
3023 3793 3082 3845 ὲν
3120 3798 3245 3858 ταῖς
3288 3798 3681 3868 παραγγελίαις
3701 3794 3839 3851 ἑαυτὸν

2334 3875 2462 3929 ὄντα
2490 3879 2581 3931 καὶ
2612 3880 2990 3956 σφοδρότερον,
3039 3885 3274 3958 όκνηρὸν
3303 3888 3362 3941 δὲ
3421 3891 3518 3944 καὶ
3548 3869 3778 3961 μελλητὴν
3802 3888 3840 3938 ἐν

2331 3969 2453 4030 ταῖς
2490 3969 2802 4040 τιμωρίαις.

2410 4079 2428 4110 ί
2468 4059 2593 4114 Ἐπὶ
2625 4064 2892 4135 στόματος
2921 4065 3013 4120 δύο
3046 4067 3341 4139 μαρτύρων
3369 4072 3469 4127 καὶ
3492 4072 3671 4144 τριῶν,
3701 4070 3841 4138 erait,-

2337 4169 2488 4207 σεται
2514 4156 2625 4208 πᾶν
2651 4156 2822 4227 ῥῆμα.
2851 4159 3185 4229 Προείρηκα,
3205 4163 3299 4216 καὶ
3329 4165 3586 4236 προλέγω
3606 4167 3674 4228 ὡς
3700 4164 3836 4235 παρὼν

2334 4245 2395 4299 τὸ
2424 4246 2696 4319 δεύτερον,
2727 4250 2821 4303 καὶ
2850 4250 3003 4304 ἀπὼν
3035 4252 3128 4306 νῦν
3158 4256 3356 4327 γράφω
3392 4262 3512 4323 τοῖς
3544 4274 3838 4331 apemtum,-

2333 4336 2475 4399 κόσι,
2504 4339 2598 4392 καὶ
2624 4342 2740 4405 τοῖς
2768 4341 2979 4407 λοιποῖς
3008 4347 3194 4401 πᾶσιν.
3244 4366 3262 4397 ι

2401 4432 2550 4484 ’Λντὶ
2578 4435 2873 4504 μαρτύρων
2900 4435 2998 4500 τάς
3024 4438 3332 4509 παρουσίας
3364 4443 3538 4496 αὐτοῦ
3576 4443 3749 4514 τίθησι,
3774 4441 3840 4494 καὶ

647 4518 1048 4573 nuntiatioues.
1111 4517 1311 4580 Semel,
1366 4518 1568 4587 inquit,
1622 4528 1789 4589 atque
1832 4521 2031 4576 iterum
2080 4523 2221 4591 dixi,

2328 4526 2425 4581 τὰς
2452 4528 2852 4597 παραγγελίας.
2898 4530 3100 4596 Ἂπαξ,
3137 4533 3321 4607 φησὶν,
3377 4532 3557 4605 εἷπον,
3590 4543 3675 4591 καὶ
3708 4534 3838 4589 δεύτε-

646 4625 772 4664 cum
803 4623 980 4664 essem
1030 4622 1333 4675 venturus,
1388 4610 1646 4681 idemque
1696 4629 1844 4667 nunc
1886 4614 2089 4669 litteris
2120 4615 2217 4671 de-

646 4705 860 4754 nuntio.
890 4700 967 4754 Ac
1001 4700 1273 4770 siquidem
1326 4701 1460 4755 mihi
1509 4703 1919 4768 auscultabitis,
1980 4706 2032 4759 id
2068 4707 2214 4776 quod

642 4790 923 4859 optabam,
962 4791 1297 4859 contigerit:
1334 4793 1421 4848 sin
1465 4808 1601 4847 vero
1636 4793 2074 4863 inobsequentes
2096 4795 2217 4850 fue-

641 4882 784 4944 ritis,
817 4881 1085 4951 deinceps
1122 4898 1347 4940 necesse
1374 4886 1485 4940 erit
1515 4894 1576 4941 ut
1628 4895 1881 4957 praestem
1913 4904 2036 4959 qua:
2071 4890 2212 4959 dixi,

638 4983 694 5030 et
720 4988 911 5045 pccnas
935 4973 1197 5043 indigam.

714 5089 734 5122 ‹
770 5068 1069 5136 Quoniam,
1108 5070 1154 5125 si
1188 5086 1395 5151 venero
1426 5072 1651 5138 iterum,
1688 5090 1793 5128 non
1818 5090 2097 5146 parcam.»

706 5162 785 5219 Ne
815 5163 1006 5217 dilatio
1049 5162 1365 5219 socordiam
1420 5173 1589 5229 creet,
1636 5166 1761 5219 vide
1799 5170 2075 5237 quomodo
2106 5171 2209 5225 hoc

635 5269 857 5324 quoque
908 5262 1035 5309 ante
1090 5259 1330 5323 occupat
1390 5253 1583 5309 dicens
1634 5272 1647 5308 :
1701 5254 1759 5310 Si
1821 5274 2045 5322 venero,
2104 5276 2207 5313 non

636 5360 796 5414 parca
806 5360 851 5397 m
862 5384 876 5397 .

712 5452 869 5524 155
895 5452 1058 5509 Vens.
1097 5456 1150 5510 5.
1184 5473 1203 5506 ι
1237 5454 1320 5509 An
1340 5456 1777 5526 experimentum
1812 5465 2059 5532 quaeritis
2086 5466 2209 5537 ejus

631 5548 725 5618 qui
766 5547 820 5601 in
865 5562 953 5603 me
1001 5548 1270 5618 loquitur,
1298 5546 1531 5615 Christi,
1558 5551 1654 5620 qui
1688 5552 1742 5607 in
1785 5556 1941 5612 vobis
1971 5573 2079 5613 non
2116 5560 2203 5613 in-

633 5640 902 5703 timatur,
931 5642 1024 5696 sed
1057 5651 1254 5712 potens
1285 5650 1370 5696 est
1400 5642 1454 5696 in
1485 5644 1683 5699 vobis?
1720 5664 1739 5698 ι

700 5731 826 5789 Ilaec
875 5734 970 5796 ait.
1004 5735 1388 5806 perstringens
1434 5738 1560 5793 illos
1614 5739 1707 5808 qui
1758 5739 1936 5810 ipsum
1980 5746 2197 5801 morde-

627 5836 772 5892 rent,
804 5825 1252 5899 deridereutque,
1279 5843 1341 5885 ac
1363 5828 1633 5895 dicerent,
1665 5828 1955 5890 Prwsentia
1983 5837 2197 5901 inﬁrma

2332 4638 2442 4690 ρον,
2469 4621 2557 4674 ὅτε
2576 4625 2983 4695 παρεγενόμην,
3005 4627 3149 4695 λέγω
3180 4630 3273 4682 καὶ
3302 4629 3398 4685 νῦν
3418 4631 3512 4686 διὰ
3532 4630 3836 4709 γραμμάτων.

2323 4710 2441 4764 Κᾶν
2477 4713 2577 4783 μὲν
2602 4714 2891 4787 ἀκούσητε,
2942 4717 3077 4788 ὅπερ
3112 4719 3424 4792 ἐπεθύμουν
3453 4724 3671 4792 γέγονεν
3690 4741 3701 4755 ·
3726 4722 3777 4777 ἂν
3795 4718 3834 4769 δῖ

2322 4806 2732 4877 παρακοῦσητε,
2768 4809 2981 4881 ἀνάγκη
3023 4811 3210 4866 λοιπὸν
3246 4815 3450 4885 στῆσαι
3500 4817 3570 4871 τὰ
3603 4812 3831 4887 εἰρημένα,

2322 4895 2412 4949 καὶ
2442 4897 2744 4967 ἐπαγαγεῖν
2776 4901 2875 4972 τὴν
2905 4903 3198 4973 τιμωρίαν.

2396 5092 2415 5124 ι
2464 5074 2586 5127 Ὅτι
2619 5074 2715 5127 ὲάν
2740 5074 2878 5129 ἔλθω
2912 5077 2991 5141 είς
3015 5078 3077 5132 τὸ
3116 5079 3305 5146 πάλιν,
3336 5082 3398 5135 οὐ
3452 5083 3714 5152 φείσομαι.
3743 5098 3759 5130 ι

2392 5165 2513 5218 Ἵνα
2562 5168 2637 5239 μὴ
2689 5168 2721 5238 ἡ
2774 5168 3034 5239 μέλλησις
3082 5172 3357 5243 ρᾳθυμίαν
3403 5175 3724 5245 ἐργάσηται,
3760 5169 3833 5237 δρα

2318 5260 2436 5323 πῶς
2483 5261 2578 5313 καὶ
2633 5260 2795 5313 τοῦτο
2831 5260 3138 5334 διορθοῦται
3172 5263 3365 5332 λέγων’
3407 5265 3555 5320 Ἐὰν
3588 5264 3740 5323 ἔλθω.
3782 5257 3834 5308 σὺ

2315 5353 2616 5422 φείσομαι.

2390 5483 2409 5517 ι
2468 5466 2620 5519 Ἐπεὶ
2651 5466 2880 5539 δοκιμὴν
2924 5465 3159 5538 ζητεῖτε,
3202 5469 3297 5523 τοῦ
3331 5470 3390 5523 ὲν
3433 5470 3562 5541 ἐμοὶ
3600 5463 3834 5522 λαλοῦντος

2311 5560 2572 5632 Χριστοῦ,
2601 5560 2660 5625 ὃς
2691 5564 2771 5626 είς
2799 5562 2946 5634 ὑμᾶς
2977 5563 3080 5617 οὐκ
3111 5563 3348 5630 ἀσθενεῖ,
3399 5564 3539 5619 ἀλλά
3586 5558 3773 5616 δυνατεῖ
3790 5555 3832 5605 ἐν

2304 5653 2457 5723 ὑμῖν.
2487 5672 2506 5705 ι

2375 5746 2549 5801 Τοῦτο
2574 5746 2711 5817 πρὸς
2739 5749 2868 5813 τοὺς
2901 5749 3300 5819 κωμῳδοῦντας
3327 5748 3488 5803 αὐτὸν
3513 5788 3528 5811 ,
3560 5748 3647 5801 καὶ
3674 5740 3828 5815 χλευάο

2304 5838 2515 5904 ξοντας,
2550 5840 2643 5892 καὶ
2704 5838 2987 5909 λέγοντας,
3027 5841 3089 5899 Ἠ
3112 5842 3409 5909 παρουσία
3455 5838 3731 5905 ἀσθενὴς,
3756 5834 3829 5886 καὶ
