4048 6430
155 425 260 490 773

1286 427 1362 487 IN
1408 425 1643 485 EPIST.
1686 426 1783 484 AD
1816 426 2177 489 CORINTH.
2222 430 2304 488 Il.

3300 437 3407 500 ’774

153 540 187 589 ό
230 536 414 605 λόγος
480 536 1005 605 ἐξουθενούμενος.
1064 534 1495 605 Καθαπτόμενος
1559 534 1720 601 λέγει·

1831 543 1929 597 est,
2000 551 2047 589 ε.
2119 552 2289 589 sermo
2345 536 2755 606 contemptibilis
2806 538 2873 592 ’⁸.
2917 537 3403 611 Quandoquidem.

164 628 389 699 Ἐπειδὴ
439 627 694 697 βούλεσθε
746 628 1087 699 δοκιμάζειν,
1118 628 1167 681 εἰ
1214 629 1271 681 ἐν
1314 627 1439 698 ἐμοὶ
1494 627 1730 696 Χριστὸς

147 721 327 774 οἰκεῖ’
356 722 452 774 καί
492 721 580 775 διὰ
621 720 779 774 τοῦτό
811 738 877 792 με
912 720 1243 792 κωμῳδεῖτε,
1285 719 1360 783 ὡς
1388 719 1581 791 εὐτελῆ
1633 718 1730 773 καὶ

149 812 651 885 εὐκαταφρόνητον,
709 812 805 866 ἆτε
862 812 1069 884 ἔρημον
1130 812 1259 867 ὄντα
1304 813 1404 883 τῆς
1447 812 1730 883 δυνάμεως

147 906 398 976 ἐκείνης·
423 905 655 972 εῖσεσθε,
676 907 757 959 ὅτι
779 906 878 959 οὑκ
898 906 1062 978 ἐσμὲν
1087 906 1303 978 ἔρημοι,
1323 909 1372 960 εἰ
1395 908 1729 978 παράσχοιτε

143 998 450 1067 πρόφασιν·
481 997 509 1050 ὃ
542 997 615 1069 μὴ
640 996 875 1066 γένοιτο·
895 998 994 1051 οὑκ
1023 993 1145 1051 εἷπε
1177 998 1255 1062 δὲ,
1289 998 1394 1052 τοῦ
1423 998 1728 1052 ἐνοικοῦν-

140 1102 277 1151 τος,
316 1086 474 1153 ἀλλά,
510 1086 605 1140 τοῦ
634 1086 942 1153 λαλοῦντος.
976 1089 1323 1161 πνευματικά
1352 1088 1483 1143 ὄντα
1508 1090 1725 1154 δεικνὺς

140 1176 217 1229 τὰ
250 1178 497 1249 ῥήματα.

220 1374 245 1408 ι
286 1358 401 1411 Καὶ
436 1359 545 1428 γὰρ
576 1356 896 1430 ἐσταυρώθη
935 1356 993 1425 ἐξ
1035 1357 1345 1423 ἀσθενείας,
1398 1358 1533 1413 ἀλλά
1568 1358 1634 1431 ζῇ
1660 1359 1724 1413 ἐκ

137 1449 436 1522 δυνάμεως
460 1450 616 1505 Θεοῦ.
647 1471 666 1504 ι
750 1486 757 1490 -

213 1543 365 1614 Τρία
392 1544 645 1614 σημαίνει
682 1544 744 1599 τὸ
768 1548 870 1619 τῆς
912 1545 1197 1610 ἀσθενείας
1230 1546 1421 1616 ὄνομα.
1454 1545 1566 1600 Καὶ
1614 1538 1725 1616 γάῥ

139 1630 409 1685 ἀσθένεια
429 1633 645 1701 λέγεται
676 1636 709 1706 ἠ
739 1634 833 1689 τοῦ
871 1634 1122 1707 σώματος
1153 1636 1457 1708 ἀρρωστία,
1494 1633 1638 1688 κατὰ
1662 1633 1724 1687 τὸ

138 1725 440 1796 εἰρημένον
496 1727 630 1798 ὑπὲρ
692 1726 943 1799 Λαζάρου
973 1729 1210 1797 ’Κύριε,
1262 1727 1352 1781 ἴδε
1377 1727 1449 1782 ὃν
1503 1726 1722 1797 φιλεῖς,

135 1816 413 1875 ἀσθενεῖ.
436 1818 547 1872 Καὶ
583 1819 746 1873 πάλιν
767 1820 988 1875 ἀσθενεῖ
1014 1820 1092 1890 τῷ
1118 1820 1193 1891 μὴ
1228 1818 1539 1891 πεπηγέναι
1568 1820 1627 1873 ἐν
1654 1821 1721 1892 τῇ

136 1908 330 1964 πίστει
359 1911 560 1977 καλῶς,
594 1912 732 1966 κατά
754 1912 815 1966 τὸ
836 1913 1126 1985 εἰρημένον
1141 1913 1200 1967 ἐν
1231 1911 1309 1983 τῷ
1338 1911 1534 1984 Παύλῳ
1557 1929 1573 1944 ο
1613 1913 1724 1967 Τὸν

137 2000 210 2053 δὲ
234 2001 621 2057 ἀσθενοῦντα
658 2002 733 2073 τῇ
768 2004 970 2059 πίστει
1021 2004 1564 2073 προσλαμϐάνεσθε
1587 2047 1603 2072 ,
1632 2005 1720 2076 μὴ

135 2100 229 2162 εἰς
263 2095 600 2165 διακρίσεις
621 2096 951 2168 λογισμῶν.
982 2100 1090 2154 Καὶ
1150 2100 1313 2154 πάλιν
1360 2099 1724 2171 κατάἶτρίτον

136 2188 348 2259 τρόπον
427 2188 702 2243 ἀσθένειαι
728 2191 778 2243 οἰ
803 2190 1033 2261 διωγμοί
1095 2191 1190 2245 καί¹
1240 2190 1548 2245 ἐπιϐουλαί.
1614 2192 1735 2246 Καὶ

134 2281 303 2335 τοῦτο
355 2282 522 2336 πάλιν
559 2282 707 2337 ἐστιν
741 2284 805 2337 ὲκ
825 2284 919 2338 τοῦ
977 2284 1189 2339 Παύλου
1248 2285 1377 2339 ἰδεῖν
1435 2285 1721 2354 λέγοντοςο

147 2373 343 2443 ’Υπὲρ
377 2376 593 2430 τούτου
629 2376 754 2445 τρίς
781 2375 889 2431 τὸν
931 2378 1151 2446 Κύριον
1179 2376 1589 2446 παρεκάλεσα,
1625 2376 1725 2431 καί

133 2461 273 2520 εἶπέ
300 2483 429 2535 μοι,
466 2466 658 2535 Ἀρκεῖ
685 2482 785 2521 σοι
805 2467 844 2535 ἡ
875 2468 1051 2538 χάρις
1063 2486 1204 2539 μου.
1245 2469 1315 2524 Ἠ
1332 2468 1443 2539 γὰρ
1471 2468 1725 2539 δύναμίς

127 2577 253 2628 μου
284 2560 357 2612 ὲν
391 2558 675 2626 ἀσθενείᾳ
725 2560 1078 2614 τελειοῦται.
1130 2560 1289 2615 Κατά
1325 2561 1513 2616 τοῦτον
1536 2562 1600 2634 δὴ
1633 2562 1724 2615 τὸν

132 2652 326 2720 τρίτον
386 2652 587 2723 τρόπον
610 2652 669 2705 τὸ
696 2652 800 2722 τῆς
840 2653 1147 2718 ’ἀσθενείας
1201 2654 1478 2725 ἐκδέχεται
1529 2654 1721 2725 ὄνομα.

136 2744 308 2811 Λέγει
340 2737 555 2808 οὗν,ὃτι
582 2744 643 2796 Εἰ
670 2743 766 2797 καὶ
801 2743 1121 2815 ἐσταυρώθη
1143 2744 1387 2798 κίνδυνον
1422 2744 1723 2815 ὑπομείνας

131 2835 232 2888 καὶ
266 2834 591 2905 ἐπιϐουλὴν,
640 2832 756 2888 ἀλλ’
805 2835 956 2907 ὅμως
1008 2834 1160 2889 οὑδέν
1213 2834 1558 2906 παρεδλάση,
1586 2835 1724 2891 ἀλλά

130 2926 375 2990 δυνατός
405 2927 548 2980 ἐστιν
583 2928 612 2981 ὁ
635 2926 788 2992 Θεὸς,
821 2928 870 2981 εἰ
899 2927 994 2981 καὶ
1017 2926 1105 2982 διὰ
1148 2927 1249 3001 τὴν
1279 2928 1594 2999 οἰκονομίαν
1623 2928 1723 2982 πέ-

133 3016 349 3070 πονθεν
379 3016 539 3071 ἐκών.

212 3127 235 3163 ι
269 3110 383 3163 Καὶ
412 3109 519 3181 γὰρ
573 3111 733 3183 ἡμεῖς
784 3110 1122 3184 ἀσθενοῦμεν
1149 3112 1207 3165 ἐν
1249 3111 1417 3186 αὑτῷ,
1453 3112 1588 3169 ἀλλά
1624 3112 1722 3184 ζή-

1837 625 2041 694 inquit,
2089 626 2404 694 periculum
2456 628 2624 683 vultis
2678 627 2881 694 facere,
2912 629 3163 699 nunquid
3208 632 3264 684 in
3322 650 3407 686 me

1834 716 2089 773 Christus
2117 719 2363 779 habitet,
2416 728 2581 788 atque
2640 718 2849 776 ideirco
2888 737 2975 776 me
3023 722 3225 776 taxatis
3286 731 3409 776 tuu-

1832 822 1996 876 quam
2032 808 2195 862 vilem
2230 815 2285 862 et
2316 816 2638 880 contemptu
2668 808 2915 882 dignum,
2945 827 3044 867 ceu
3073 813 3168 881 qui
3201 814 3405 868 virtute

1832 898 1927 953 illa
1964 898 2269 956 destitutus
2300 901 2401 955 sim
2430 920 2443 955 :
2497 911 2881 960 verumtamen
2912 906 3266 974 cognoscetis
3293 909 3402 959 no'n

1834 1005 1934 1046 nos
1992 1007 2223 1062 prorsus
2274 1008 2401 1048 esse
2436 994 2752 1059 destitutos,
2791 994 2837 1049 si
2886 996 3113 1066 quando
3144 994 3403 1053 occasio‘-

1832 1099 1956 1138 nem
1994 1085 2326 1153 praabeatis:
2364 1087 2507 1155 quod
2542 1086 2758 1141 utinam
2814 1103 2927 1141 non
2953 1089 3191 1143 eveniat.
3234 1090 3404 1159 Atqui

1832 1192 1944 1231 non
1979 1178 2081 1242 ait,
2129 1178 2221 1247 qui
2273 1178 2509 1245 habitat,
2542 1179 2664 1245 sed,
2693 1179 2785 1249 qui
2832 1181 3105 1251 loquitur;
3135 1183 3408 1237 ostendito

1831 1279 1945 1335 que.
1969 1266 2292 1336 spirituales
2321 1282 2606 1323 sermones
2636 1284 2787 1324 esse.

1900 1355 2069 1413 Vens.
2104 1358 2158 1411 4.
2207 1378 2225 1410 ι
2267 1358 2479 1414 Etenim
2518 1362 2819 1419 cruciﬁxus
2853 1370 3031 1419 estex
3062 1364 3404 1433 inﬁrmitate,

1829 1448 1926 1505 sed
1950 1450 2085 1503 vivit
2115 1465 2183 1504 ex
2221 1451 2425 1504 virtute
2454 1449 2569 1506 Dei.
2610 1471 2629 1503 ι

1897 1541 2238 1596 lnﬁrmitatis
2290 1542 2514 1598 nomine
2551 1543 2654 1598 tria
2688 1543 3100 1613 signiﬁcantur.
3136 1545 3271 1600 Nam
3313 1548 3402 1601 in-

1775 1698 1797 1721 .
1830 1632 2065 1689 ﬁrmitas
2103 1634 2169 1689 de
2199 1634 2519 1691 valetudine
2545 1636 2795 1705 corporis
2822 1637 3051 1703 dicitur,
3096 1640 3401 1693 secundum

1830 1724 1965 1781 illud
1994 1725 2202 1780 dictum
2232 1726 2300 1781 de
2332 1725 2544 1781 Lazaro
2571 1746 2586 1782 :
2626 1727 2870 1795 Domine,
2901 1745 3018 1783 ecce
3046 1747 3197 1801 quem
3226 1748 3403 1793 amas,

1829 1816 2138 1887 inﬁrmatur
2168 1818 2236 1873 ¹⁹.
2273 1820 2514 1889 itemque
2550 1818 2641 1874 ubi
2684 1819 2810 1890 quis
2852 1820 2908 1874 in
2940 1820 3043 1875 lide
3085 1822 3227 1877 bene
3264 1823 3403 1876 soli-

1758 1879 1805 1938 Β
1829 1879 1995 1966 datus
2022 1926 2136 1965 non
2187 1918 2293 1975 est,
2327 1879 2440 1981 quo
2496 1927 2661 1966 sensu
2692 1879 2915 1966 dicebat
2952 1912 3191 1968 Paulus:
3235 1912 3402 1981 Infir-

1825 2018 1969 2055 mum
1998 2011 2177 2056 autem
2215 2002 2272 2055 in
2320 2001 2426 2071 ﬁde
2456 2003 2730 2071 suscipite,
2764 2018 2867 2056 non
2912 2003 2967 2056 in
3002 2004 3406 2073 disceptationi-

1826 2093 1920 2147 bus
1971 2093 2353 2165 cogitationum
2388 2094 2457 2146 '°.
2519 2092 2706 2148 Tertio
2752 2094 2993 2165 denique
3039 2094 3201 2149 modo
3245 2095 3403 2149 inﬁr-

1826 2185 2049 2241 mitates
2144 2187 2511 2241 nominantur
2586 2187 2986 2242 insectationes
3042 2196 3096 2241 et
3169 2187 3400 2242 insidias.

1826 2276 1986 2344 Quod
2012 2279 2178 2333 etiam
2208 2280 2355 2351 apud
2380 2279 2610 2334 Paulum
2644 2279 2946 2336 observare
2975 2280 3125 2345 licet,
3162 2280 3250 2334 ubi
3284 2281 3360 2332 ait
3386 2298 3399 2333 :

1827 2371 2057 2440 Propter
2112 2373 2253 2443 quod
2312 2373 2598 2428 Dominum
2664 2374 2868 2444 rogavi,
2922 2382 2973 2428 et
3016 2374 3153 2427 dixit
3226 2374 3402 2427 mihi:

1824 2464 2027 2534 Sufﬁcit
2082 2465 2178 2517 tibi
2217 2468 2393 2534 gratia
2443 2483 2576 2519 mea.
2614 2465 2759 2519 Nam
2798 2466 2967 2520 virtus
3011 2483 3124 2519 mea
3158 2467 3213 2519 in
3250 2466 3405 2533 inﬁr-

1825 2561 2012 2613 mitate
2064 2561 2344 2630 per/icitur
2375 2564 2442 2616 “.
2476 2561 2592 2617 Hoc
2644 2562 2805 2629 plane
2840 2562 3008 2615 tertio
3052 2576 3220 2615 sensu
3253 2559 3401 2613 inﬁr-

1826 2652 2036 2706 mitatis
2068 2668 2267 2706 numen
2301 2669 2450 2707 nunc
2483 2653 2778 2723 accipitur.
2812 2652 2902 2705 Ait
2937 2667 3068 2723 ergo
3102 2669 3113 2704 :
3155 2650 3405 2704 Tametsi

1825 2744 2022 2799 aﬁixus
2071 2752 2158 2799 est
2216 2745 2396 2807 cruci,
2462 2745 2715 2799 toleratis
2765 2744 3030 2814 periculis
3063 2751 3117 2797 et
3146 2742 3399 2801 insidiis.

1824 2834 1961 2889 nihil
2014 2835 2143 2891 inde
2198 2835 2447 2907 percepit
2500 2836 2715 2900 damni,
2766 2835 2861 2890 sed
2923 2845 3121 2906 potens
3180 2835 3402 2890 exsistit

1827 2926 1996 2991 Deus,
2023 2928 2149 2982 licet
2184 2934 2384 2997 sponte
2422 2934 2649 2997 prepter
2677 2934 2888 2982 certam
2916 2924 3395 2996 dispensationem

1824 3033 2026 3090 passus
2060 3018 2249 3075 fuerit.

1899 3128 1919 3162 ι
1959 3109 2092 3164 Nam
2138 3118 2191 3165 et
2243 3125 2344 3166 nos
2396 3109 2607 3165 inﬁrmi
2650 3124 2843 3164 sumus
2874 3108 2928 3164 in
2962 3108 3082 3173 illo,
3130 3108 3224 3164 sed
3252 3106 3402 3161 vive-

132 3219 308 3273 σομεν
336 3201 441 3256 σὺν
473 3202 622 3274 αὑτῷ
652 3205 714 3257 ἐκ
735 3202 1021 3275 δυνάμεως
1066 3204 1200 3259 Θεοῦ
1235 3207 1314 3269 εἰς
1362 3205 1526 3277 ὑμᾶς.
1562 3207 1719 3260 Ἑαυ-

1823 3217 1948 3259 mus
1981 3216 2106 3257 cum
2138 3217 2204 3257 eo
2234 3218 2304 3257 ex
2342 3203 2547 3256 virtute
2574 3200 2671 3256 Dei
2712 3200 2766 3254 in
2799 3199 2977 3255 vobis.
3017 3198 3206 3271 [νειιε.
3237 3198 3289 3262 5,
3317 3197 3396 3269 6.]

128 3300 261 3362 τοὺς
304 3298 626 3369 πειράζετε,
656 3298 706 3350 εἰ
728 3298 850 3352 ἐστὲ
881 3299 940 3351 ἐν
963 3300 1027 3370 τῇ
1058 3297 1267 3351 πίστει·
1303 3299 1533 3363 ἑαυτοὺς
1574 3298 1719 3353 δοκι-

134 3387 368 3459 μάζετε.
408 3388 479 3440 Ἦ
505 3387 606 3441 οὑκ
637 3386 1029 3457 ἐπιγινώσκετε
1060 3388 1323 3454 ἑαυτοὺς,
1354 3390 1437 3443 ὅτι
1483 3389 1720 3461 Χριστὸς

142 3478 361 3550 Ἰησοῦς
411 3481 471 3533 ἐν
522 3480 650 3551 ὑμῖν
699 3481 883 3541 ἐστιν;
943 3481 993 3534 εἰ
1076 3482 1149 3552 μή
1204 3497 1257 3535 τι
1310 3481 1418 3554 ἄρα
1469 3481 1720 3552 ἀδόκιμοί

126 3571 279 3625 ἐστε.
324 3570 567 3636 Ἐλπίζω
595 3571 653 3625 δὲ
686 3572 769 3627 ὅτι
797 3570 1098 3642 γνώσεσθε,
1128 3573 1211 3626 ὅτι
1236 3575 1398 3643 ἡμεῖς
1431 3573 1532 3627 οὑκ
1553 3572 1719 3644 ἐσμὲν

124 3664 412 3734 ἀδόκιμοι.
444 3682 463 3714 ι

197 3755 494 3818 Τωτέστι,
518 3756 840 3827 Διωκόμεθα
860 3798 874 3824 ,
904 3758 1261 3830 ἐλαυνόμεθα,
1287 3757 1382 3814 καὶ
1413 3759 1481 3813 τὰ
1515 3758 1718 3830 ἔσχατα

123 3849 445 3921 πάσχομεν.

195 3944 495 4014 Τουτέστι,
520 3946 609 4001 διὰ
633 3946 692 4000 τὸ
721 3946 907 4019 κήρυγ
925 3965 1002 4018 μα
1046 3947 1142 4002 καὶ
1196 3946 1294 4013 τὴν
1324 3948 1404 4011 εἰς
1430 3946 1592 4002 αὑτὸν
1627 3947 1717 4000 πί-

127 4051 269 4091 στιν.

200 4147 221 4181 ι
260 4127 557 4201 Εὑχόμεθα
585 4131 644 4184 δὲ
676 4133 815 4203 πρὸς
853 4132 944 4186 τὸν
998 4133 1148 4199 Θεὸν,
1187 4133 1262 4205 μὴ
1294 4136 1517 4206 ποιῆσαι
1571 4134 1716 4205 ὑμᾶς

121 4221 302 4275 κακὸν
346 4223 512 4294 μηδέν
550 4242 564 4256 ο
590 4226 687 4295 οὑχ
726 4226 812 4279 ἵνα
853 4228 1015 4297 ἡμεῖς
1042 4226 1255 4297 δόκιμοι
1286 4227 1566 4298 φανῶμεν,
1597 4226 1713 4281 ἀλλ’

124 4314 212 4368 ἵνα
249 4316 418 4385 ὑμεῖς
444 4317 504 4369 τὸ
537 4318 701 4373 καλὸν
732 4319 945 4390 ποιῆτε.
973 4339 992 4371 ι

193 4408 524 4478 Παρακαλῶ
552 4411 642 4464 τὸν
663 4412 819 4480 Θεὸν,
878 4415 1031 4485 φησὶ,
1086 4414 1252 4486 μηδὲν
1298 4415 1478 4485 εὑρεῖν
1534 4414 1712 4485 ἀδιόρ-

1824 3293 2207 3365 \'osmetipsos
2268 3301 2479 3348 tentate
2530 3293 2577 3347 si
2639 3292 2775 3347 estis
2820 3293 2874 3346 in
2935 3291 3040 3345 ﬁde
3087 3307 3100 3341 :
3145 3292 3246 3361 ipsi
3302 3307 3401 3346 vos

1822 3387 2074 3457 probate.
2131 3386 2329 3440 Annon
2393 3383 2742 3455 cognoscitis
2798 3382 3197 3453 vosmetipsos,
3273 3383 3400 3452 quia

1820 3478 2083 3534 Christus
2130 3476 2292 3534 Jesus
2344 3477 2400 3532 in
2441 3477 2601 3532 vobis
2649 3477 2771 3532 est?
2829 3477 2937 3533 nisi
2992 3476 3133 3531 forte
3184 3473 3400 3545 reprobi

1821 3571 1981 3626 estis.
2035 3568 2210 3641 Spero
2249 3576 2435 3624 autem
2482 3567 2630 3640 quod
2691 3568 3071 3640 cognoscetis,
3126 3568 3257 3638 quia
3296 3582 3400 3622 nos

1820 3676 1929 3715 non
1962 3676 2158 3716 sumus
2197 3660 2440 3731 reprobi.
2479 3678 2498 3712 ι

1893 3753 1949 3808 ld
1990 3762 2094 3817 est,
2144 3769 2248 3808 nos
2303 3752 2676 3816 insectantur,
2726 3752 3095 3822 exagitamur,
3151 3758 3399 3804 extrema

1859 3849 2083 3900 alimur.

1859 3862 2083 3900 allmlll'.
2988 3862 2997 3870 '

1819 3862 1853 3918 ρ
1893 3937 2023 3995 Sive
2053 3947 2281 4011 propter
2314 3936 2793 4010 prtedicationem,
2829 3943 2885 3992 et
2911 3936 3070 3991 ﬁdem
3105 3935 3158 3989 in
3192 3934 3395 4006 ipsum.

1899 4144 2069 4200 Vens.
2100 4144 2153 4197 7.
2192 4163 2210 4195 ι
2264 4142 2502 4199 Oramus
2535 4153 2718 4198 autem
2771 4142 2965 4207 Deum,
3010 4152 3068 4196 ut
3095 4141 3233 4196 nihil
3268 4142 3393 4198 mali

1817 4237 2042 4292 faciatis
2075 4255 2089 4289 :
2128 4251 2238 4291 non
2276 4244 2335 4289 ut
2373 4251 2479 4291 nos
2522 4235 2733 4309 probati
2770 4251 3167 4306 appareamus,
3201 4235 3297 4290 sed
3339 4244 3398 4289 ut

1817 4345 1916 4386 vos
1958 4331 2105 4401 quod
2136 4331 2345 4385 bonum
2377 4337 2485 4395 est,
2520 4328 2765 4384 faciatis.
2806 4348 2824 4380 ι

1884 4421 2057 4477 Deum
2102 4434 2258 4492 rogo,
2316 4421 2520 4490 inquit,
2572 4428 2631 4474 ut
2659 4419 2797 4475 nihil
2841 4418 3142 4474 distortum
3168 4427 3224 4473 et
3265 4433 3394 4489 pra-

121 4498 305 4553 θωτον
328 4517 345 4531 ·
376 4502 579 4571 μᾶλλον
613 4503 669 4556 δὲ
699 4505 761 4557 οὑ
793 4506 953 4559 τοῦτο
996 4506 1156 4577 μόνον
1176 4546 1192 4570 ,
1239 4506 1378 4560 άλλά
1427 4506 1563 4577 μηδὲ
1612 4507 1712 4576 τὴν

1821 4530 1940 4569 vum
1987 4513 2314 4582 reperiam:
2367 4513 2477 4567 imo
2529 4527 2662 4568 vero
2714 4527 2822 4567 non
2882 4512 2988 4566 hoc
3037 4513 3245 4576 solum,
3297 4514 3395 4567 sed

119 4591 309 4660 ἀρχὴν
352 4589 642 4662 ἁμαρτεῖν.
678 4595 739 4648 Εἰ
762 4597 870 4666 γὰρ
903 4597 1127 4668 μείνητε
1154 4598 1499 4669 ἀμετανόητα
1529 4599 1710 4668 ἁμαρ-

1821 4617 2000 4673 neque
2041 4601 2259 4656 initium
2284 4601 2517 4672 peccati.
2556 4601 2692 4655 Nam
2734 4601 2780 4656 si
2819 4601 3189 4671 perseveretis
3218 4602 3273 4655 in
3307 4603 3394 4655 vi-

119 4685 409 4749 τάνοντες,
453 4685 667 4757 ἀνάγκη
700 4688 844 4758 ὑμᾶς
904 4688 1175 4755 κολάζειν,
1212 4692 1307 4744 καὶ
1336 4690 1517 4743 δοῦναι
1570 4690 1715 4743 δοκι-

121 4776 236 4845 μὴν
270 4775 381 4845 τῆς
406 4777 691 4848 δυνάμεως
726 4795 741 4809 ·
767 4780 796 4834 ὃ
830 4782 922 4835 καὶ
950 4783 1213 4854 ἐποίησαν
1242 4783 1335 4836 ἐπὶ
1374 4783 1711 4853 Σαπφείρας,

120 4868 221 4920 καὶ
267 4866 371 4920 τοῦ
407 4870 584 4938 μάγου
628 4870 854 4941 Ἐλύμα.
892 4873 1030 4926 Ἀλλ’
1076 4875 1178 4929 οὑκ
1211 4874 1486 4945 εὐχόμεθα
1534 4873 1711 4938 τοῦτο,

118 4960 318 5027 φησὶν,
356 4957 493 5013 ἀλλὰ
533 4961 868 5027 τούναντίον,
896 4964 982 5017 ἴνα
1015 4966 1151 5036 μήτε
1188 4968 1347 5035 ὑμεῖς
1401 4965 1708 5037 ἁμάρτητε.

120 5051 269 5120 μήτε
308 5051 473 5119 ἡμεῖς
503 5051 577 5114 ὡς
623 5052 875 5123 ἀδόκιμοι
925 5056 1203 5127 φανῶμεν.
1243 5056 1559 5120 Τουτέστιν,
1595 5054 1711 5109 Ἵνα

119 5139 201 5209 μὴ
234 5138 386 5191 οὕτω
416 5141 517 5210 τὴν
552 5141 783 5215 δοκιμὴν
829 5145 1228 5218 ἐπιδειξὼμεθα
1284 5149 1384 5219 τῆς
1430 5149 1712 5221 δυνάμεως

118 5229 227 5297 τῆς
247 5231 307 5283 ἐν
334 5233 494 5300 ἡμῖν,
518 5233 606 5287 διὰ
630 5235 689 5289 τὸ
717 5237 965 5302 κολάζειν
1020 5240 1164 5310 ὑμᾶς
1198 5242 1293 5295 καὶ
1348 5242 1712 5313 τιμωρεῖσθαι

115 5321 575 5392 ἁμαρτάνοντας,
606 5328 700 5379 καὶ
727 5328 922 5383 ἀνίατα
946 5332 1254 5397 νοσοῦντας.
1288 5332 1449 5387 Ἀλλά
1473 5335 1558 5402 τί;
1596 5336 1711 5390 ’Ίνα

116 5412 292 5480 ὑμεῖς
319 5412 383 5465 τὸ
405 5415 578 5467 κακὸν
608 5414 817 5491 ποιῆτε.
862 5419 1033 5474 Τοῦτο
1059 5421 1185 5494 ιγὰρ
1233 5422 1524 5495 εὐχόμεθα,
1590 5441 1712 5477 στε-

116 5503 487 5572 φανωθέντας
507 5508 662 5577 ὀρᾷν.

237 5854 287 5889 ⁸⁸
315 5855 355 5912 ιι
382 5856 512 5915 Cor.
550 5874 604 5924 χ,
645 5860 731 5916 ιο.
851 5861 891 5894 ⁸⁸
921 5861 1188 5935 Joan._xr,
1222 5867 1272 5921 5.

1821 4695 1915 4749 tiis
1947 4693 2068 4748 sine
2113 4693 2460 4763 paenitentia,
2492 4707 2721 4748 necesse
2755 4701 2841 4747 est
2881 4701 2938 4746 ut
2966 4679 3160 4763 poenas
3191 4710 3259 4749 ex
3294 4710 3396 4748 vo-

1819 4783 1907 4840 bis
1947 4798 2255 4849 sumamus,
2289 4791 2344 4838 et
2379 4782 2689 4853 periculum
2739 4782 3006 4839 faciamus
3059 4784 3303 4839 virtutis.
3340 4785 3395 4839 ld

1820 4876 1972 4946 quod
2002 4874 2310 4946 praestitum
2353 4874 2458 4931 fuit
2490 4875 2545 4929 in
2584 4876 2857 4947 Sapphira
2894 4884 2949 4931 et
2993 4875 3181 4948 Elyma
3212 4893 3391 4946 mago.

1818 4968 2117 5024 Caeterum
2154 4967 2205 5021 id
2248 4984 2363 5023 non
2418 4982 2732 5039 precamur,
2785 4968 2989 5040 inquit,
3051 4969 3148 5025 sed
3210 4972 3394 5040 potius

1818 5060 2184 5122 contrarium,
2246 5067 2305 5113 ut
2361 5076 2540 5129 neque
2589 5075 2689 5115 vos
2741 5064 3004 5131 peccetis,
3058 5079 3235 5134 neque
3290 5080 3395 5119 nos

1822 5161 2081 5220 tauquam
2134 5150 2362 5205 minime
2420 5153 2634 5222 probati
2667 5154 3012 5211 habeamur:
3053 5155 3158 5210 hoc
3184 5164 3292 5218 est,
3326 5172 3395 5210 ne

1820 5241 2093 5311 ejusmodi
2158 5244 2543 5313 experimento
2599 5248 2883 5313 virtutem,
2940 5263 3063 5318 quae
3116 5246 3172 5301 in
3236 5248 3395 5303 nobis

1820 5341 1928 5396 est,
1980 5341 2375 5398 monstremus,
2418 5351 2515 5390 vos
2549 5337 2735 5407 utique
2800 5337 3100 5405 plectendo,
3139 5347 3193 5392 et
3221 5340 3395 5393 anim-

1819 5418 2156 5474 advertendo
2214 5419 2269 5474 iu
2322 5436 2418 5478 eos
2488 5425 2584 5495 qui
2650 5424 3020 5495 peccaverint,
3073 5427 3391 5482 immedica-

1818 5510 2027 5581 bilique
2058 5515 2254 5568 morbo
2276 5514 2674 5573 laboraverint.
2705 5518 2851 5585 Quid
2888 5535 3021 5574 vero
3049 5520 3159 5574 ita?
3188 5519 3257 5577 Ut
3294 5538 3390 5579 vos

1817 5601 2020 5657 bonum
2065 5602 2298 5660 faciatis.
2354 5604 2471 5661 Hoc
2506 5607 2653 5664 enim
2705 5607 2862 5666 avide
2887 5616 3171 5682 optamus,
3212 5619 3269 5668 ut
3296 5628 3389 5669 co-

1816 5702 2044 5749 ronatos
2075 5709 2173 5751 vos
2204 5694 2514 5756 videamus.

1388 5868 1432 5899 ²⁰
1464 5865 1624 5924 llum.
1656 5885 1762 5939 xiv,
1808 5848 1862 5926 i.
1898 5850 1933 5859 δ’
1970 5872 2010 5904 ²¹
2034 5871 2232 5929 Ιιοοτ.
2262 5889 2359 5942 xu,
2384 5874 2431 5929 8.
