4048 6412
692 382 799 447 775
1877 380 1937 439 S.
1976 378 2296 440 JOANMS
2329 380 2753 443 DAMASCENI
3758 404 3833 470 πε

766 494 927 567 156
964 512 982 547 ι
1021 492 1130 550 Nos
1160 502 1346 548 autem
1379 500 1437 547 ut
1464 491 1687 564 reprobi
1715 493 1912 548 simus.
1952 511 1971 545 ι
2283 503 2333 559 Α

1783 506 1912 547 nus.
1952 511 1971 545 ι
2283 503 2333 559 Α
2439 514 2457 547 ι
2480 495 2667 567 Ἡμεῖς
2690 497 2747 550 δὲ
2778 497 2855 558 ὡς
2877 497 3127 569 ἀδόκιμοι
3154 492 3326 566 ὦμεν.
3363 518 3381 553 ι

760 587 865 654 Qui
920 600 1031 641 non
1090 584 1587 640 monstraverimus
1645 582 1912 654 puniendi
1972 582 2252 640 virtutem.

2238 625 2252 640 .
2428 585 2543 638 Οὐκ
2616 586 3047 657 ἐπιδεικνύμενοι
3133 588 3292 660 ἡμῶν
3386 590 3482 663 τὴν
3534 604 3835 672 τιμωρητικὴν

690 676 809 732 Non
862 687 1043 733 autem
1097 676 1259 742 dixit,
1295 675 1541 744 reprobi,
1595 674 1715 741 sed,
1746 684 1803 728 ut
1836 673 2066 745 reprobi.
2100 675 2258 731 Haud

2242 677 2258 731 l
2358 673 2611 746 δύναμιν.
2658 677 2771 731 Καὶ
2829 677 2932 730 οὐκ
2978 673 3130 732 εἶπεν
3168 679 3439 751 ἀδόκιμοι,
3479 682 3840 753 ἀλλ’ὡςάδόιι.

689 768 838 822 enim
886 766 1272 837 reprobandus
1307 772 1448 833 erat,
1502 765 1757 835 quamvis
1792 779 1895 819 nec
1925 763 2257 835 punivisset.

2243 802 2257 818 .
2354 782 2475 834 μοι.
2510 766 2585 819 Οὐ
2617 764 2726 841 γάρ
2752 765 2978 838 ἔμελλεν
3008 765 3147 823 εἶναι
3181 769 3461 841 ἀδόκιμος,
3494 772 3541 825 εί
3578 776 3661 829 καὶ
3682 777 3740 851 μη
3759 782 3841 835 tul-

1226 916 1245 931 .
2359 854 2543 921 λαζεν.
2800 858 2805 871 ’

760 946 928 1004 Vens.
958 947 1014 1012 8,
1047 947 1102 1003 9.
1142 965 1160 999 ι
1198 946 1322 1001 Νοη
1372 944 1521 1002 enim
1578 958 1877 1016 possumus
1917 939 2129 1012 aliquid
2160 940 2258 996 ad-

2160 940 2258 996 ad-
2437 967 2456 1001 ι
2497 950 2572 1004 Οὐ
2602 950 2710 1023 γάρ
2743 950 3024 1025 δυνάμεθά
3042 970 3094 1008 τι
3122 953 3268 1009 κατά
3294 953 3398 1026 τῆς
3429 954 3684 1028 ἀληθείας.
3716 980 3730 1013 ι

691 1058 885 1098 versus
920 1042 1225 1097 veritatem.
1262 1058 1281 1091 ι

760 1136 815 1191 Id
865 1134 1011 1205 quod
1060 1143 1256 1188 natura
1304 1132 1384 1188 rei
1422 1131 1683 1203 postulat,
1732 1138 2084 1201 praestamus.
2137 1132 2257 1188 Non

2248 1149 2257 1188 ι
2437 1128 2502 1181 '0
2552 1130 2586 1199 ἡ
2630 1127 2725 1183 τοῦ
2781 1129 3140 1201 πράγματος,
3190 1129 3360 1201 φησὶν
3382 1172 3397 1197 ,
3447 1131 3650 1186 ἀπαιτεῖ
3702 1135 3846 1204 φύσις,

687 1230 836 1285 enim
867 1227 912 1283 si
953 1227 1238 1281 videamus
1272 1240 1371 1280 vos
1407 1224 1888 1281 commendatione
1937 1223 2133 1296 dignos
2162 1240 2261 1296 per

2249 1241 2261 1279 ξ
2359 1220 2520 1275 τοῦτο
2556 1220 2836 1293 ποιοῦμεν.
2863 1220 2983 1276 Κᾶν
3010 1222 3118 1293 γὰρ
3150 1222 3351 1294 ίδωμεν
3383 1223 3525 1294 ὑμᾶς
3574 1225 3847 1297 εὐδοκιμοῦν-

689 1320 1097 1394 paenitentiam,
1133 1318 1375 1390 plectere
1407 1316 1672 1389 deinceps
1695 1316 2000 1388 possimus.

2358 1331 2460 1378 τας
2490 1314 2580 1369 διά
2609 1314 2709 1385 τῆς
2767 1313 3077 1386 μετανοίας,
3102 1315 3165 1368 οὐ
3192 1313 3475 1387 δυνάμεθα
3531 1315 3731 1372 κολάσαι
3769 1318 3846 1374 λοι-

2360 1406 2483 1461 adv.

761 1518 780 1551 ι
819 1497 924 1553 Sed
955 1513 1054 1568 pro
1085 1497 1337 1553 veritate.
1369 1497 1687 1553 Gaudemus
1718 1497 1893 1555 enim.
1920 1515 1939 1549 ι

2390 1518 2397 1525 ·
2437 1518 2456 1552 ι
2504 1498 2643 1553 Ἀλλ’
2678 1499 2819 1571 ὑπὲρ
2843 1499 2943 1572 τῆς
2975 1498 3253 1569 ἀληθείας.
3284 1498 3556 1570 Χαίρομεν
3582 1499 3695 1571 γάρ.
3722 1518 3737 1551 ι

754 1590 985 1659 Quando
1021 1590 1404 1646 existimamur
1429 1589 1656 1657 inﬁrmi,
1691 1605 1802 1646 non
1821 1590 2042 1661 quando
2064 1606 2259 1649 sumus

2255 1611 2259 1645 ι
2432 1590 2601 1644 Ὅταν
2622 1590 2972 1662 νομιςώμεθα
2999 1591 3269 1656 ἀσθενεῖς,
3299 1590 3400 1660 οὺχ
3423 1592 3549 1645 ὅταν
3575 1592 3720 1661 ἐσμὲν
3741 1591 3853 1646 deﬂe

687 1682 911 1739 infirmi.
2359 1683 2492 1746 νεῖς.

762 1792 781 1827 ι
814 1773 1049 1840 Quando
1088 1788 1188 1830 nos
1224 1771 1428 1828 inﬁrmi
1478 1788 1694 1840 sumus,
1728 1788 1829 1829 vos
1855 1782 2035 1829 autem
2069 1782 2259 1844 poten-

2254 1804 2259 1815 -
2368 1794 2386 1827 ι
2429 1775 2602 1828 Ὅταν
2655 1775 2817 1847 ἡμεῖς
2872 1773 3216 1846 ἀσθενῶμεν,
3279 1773 3729 1846 ὑμεῖςδὲδυνατοὶ
3766 1770 3852 1845 ἦτε,

686 1875 770 1921 tes
800 1867 957 1922 estis.
997 1865 1110 1921 Hoc
1134 1874 1190 1921 et
1236 1880 1483 1932 oramus,
1528 1874 1773 1921 vestram
1822 1866 2257 1921 consummatio-

2253 1881 2328 1937 ιΒ
2358 1867 2527 1923 Τοῦτο
2588 1868 2683 1923 καὶ
2722 1868 3015 1940 εὐχόμεθα,
3060 1868 3158 1940 τὴν
3218 1869 3371 1940 ὑμῶν
3412 1869 3724 1939 κατάρτισιν.
3785 1869 3851 1921 Διὰ

687 1972 832 2011 nem.
865 1956 1056 2029 [νειιε.
1096 1956 1205 2029 10.]
1241 1956 1369 2013 Ideo
1417 1958 1533 2013 haec
1567 1958 1771 2012 absens
1805 1957 2013 2024 scribo,
2049 1964 2109 2010 ut
2144 1971 2255 2010 non

2360 1959 2516 2014 τοῦτο
2571 1961 2727 2015 ἀπὼν
2785 1961 2959 2016 ταῦτα
3003 1961 3222 2033 γράφω,
3284 1961 3371 2015 ἵνα
3410 1958 3597 2027 παρὼν
3626 1960 3692 2030 μὴ
3714 1959 3855 2013 ἀποιή-

686 2064 929 2118 praesens
1009 2048 1207 2105 durius
1283 2062 1440 2119 agam
1520 2049 1826 2103 secundum
1899 2056 2256 2120 poteStatem,

2362 2068 2477 2119 μως
2496 2051 2789 2122 χρήσωμαι
2814 2051 2956 2105 κατὰ
2979 2051 3079 2122 τὴν
3104 2050 3369 2117 ἐξουσίαν,
3395 2051 3464 2122 ἢν
3489 2052 3517 2103 ὁ
3540 2050 3723 2122 Κύριος
3739 2048 3856 2103 ἔδωκέ

685 2158 850 2214 quam
892 2142 1159 2197 Dominus
1192 2142 1340 2198 dedit
1367 2140 1526 2195 mihi.
1568 2159 1589 2193 ι

938 2143 1159 2197 ominus
1192 2142 1340 2198 dedit
1367 2140 1526 2195 mihi.
1568 2159 1589 2193 ι
2371 2161 2481 2215 μοι.
2512 2162 2530 2194 i

757 2235 871 2290 lloc
895 2240 1002 2299 est,
1041 2234 1257 2305 probati
1290 2240 1347 2289 et
1378 2232 1593 2302 accepti
1624 2232 1786 2289 estis.

2431 2235 2715 2303 Τουτέστι,
2740 2236 2955 2308 δόκιμοι
2984 2236 3079 2291 καὶ
3112 2234 3420 2309 εὐάρεστοι.

761 2349 779 2380 ι
842 2329 899 2383 ln
946 2328 1391 2390 aediﬁcationem,
1427 2332 1481 2381 et
1530 2341 1640 2380 non
1693 2326 1749 2381 in
1800 2325 2256 2383 destructionem.

2437 2343 2455 2376 ι
2496 2326 2590 2389 Et;
2620 2325 2931 2399 οἰκοδομὴν,
2968 2327 3064 2382 καὶ
3093 2328 3194 2382 οὐκ
3224 2329 3304 2394 είς
3339 2325 3677 2397 καθαίρεσιν.
3696 2325 3854 2389 Ambit,

686 2418 876 2490 [VI-IRS.
908 2419 1025 2492 4L]
1059 2418 1134 2475 De
1168 2426 1394 2484 caetero,
1427 2418 1649 2483 fratres,
1682 2418 1934 2489 gaudete.
1967 2437 1987 2470 ι

1339 2434 1394 2484 0,
1427 2418 1649 2483 fratres,
1682 2418 1934 2489 gaudete.
1967 2437 1987 2470 ι
2360 2411 2603 2482 ἀδελφοὶ,
2639 2413 2881 2485 χαίρετε.
2914 2434 2933 2467 ι

754 2511 947 2567 Fidem
979 2511 1132 2575 iacit,
1162 2526 1510 2581 nequaquam
1544 2525 1604 2565 se
1632 2510 1892 2581 cupidum
1920 2525 2044 2566 esse
2069 2509 2258 2566 utendi

2439 2508 2722 2559 Δείκνυσιν
2763 2506 2844 2560 ὅτι
2890 2508 2992 2561 οὐκ
3047 2507 3403 2581 ὲπεθύμειτῇ
3440 2509 3653 2581 ἐξουσία
3694 2525 3762 2574 εις
3794 2508 3858 2579 τὴν

684 2614 955 2676 potestate
988 2604 1058 2658 ad
1097 2604 1321 2658 illorum
1356 2604 1647 2659 ultionem.

2359 2596 2582 2651 ἐκείνων
2616 2598 2924 2669 χρήσασθαι
2963 2599 3258 2671 τιμωρίαν.

759 2716 777 2748 ι
803 2694 1040 2752 Perfecti
1072 2705 1266 2751 estote.
1303 2715 1323 2748 ι

2442 2709 2459 2740 ι
2492 2689 2927 2761 Καταρτίζεσθε.
2956 2709 2976 2745 ι

756 2786 1082 2842 Efﬁciamini
1115 2785 1375 2859 perfecti,
1429 2785 1633 2858 inquit,
1694 2784 1976 2857 implendo
2007 2800 2131 2856 qua:
2161 2784 2260 2841 de-

2258 2815 2260 2823 ι
2430 2781 2640 2836 Τέλειοι
2694 2783 2932 2853 γίνεσθε,
2993 2784 3153 2856 φησὶ,
3194 2784 3533 2859 πληροῦντες
3560 2784 3627 2839 τά
3654 2783 3856 2837 λείποντα.

683 2887 836 2935 sunt.

760 2968 1368 3039 (Exhortaminiﬁdem
1386 2969 1582 3039 sapite.
1606 2983 1795 3039 pacem
1816 2968 2033 3035 habete,
2049 2977 2104 3023 et
2116 2968 2259 3024 Deus

2258 3008 2259 3015 η
2434 2979 2455 3013 ι
2506 2960 2924 3033 Παρακαλεῖσθε
2947 3003 2963 3030 ,
2987 2963 3050 3017 τὸ
3079 2963 3210 3019 αὐτὸ
3256 2966 3533 3036 φρονεῖτε,
3585 2960 3856 3034 εἰρηνεύετε.

682 3062 836 3133 pacis
867 3070 922 3115 et
946 3060 1263 3117 dilectionis
1293 3061 1402 3115 erit
1434 3060 1739 3114 vobiscum.
1794 3057 1983 3131 [Vens.
2016 3060 2109 3125 12,
2134 3059 2257 3136 .15.]

2360 3055 2455 3109 καὶ
2487 3056 2515 3109 ὁ
2559 3056 2689 3120 Θεὸς
2751 3056 2850 3127 τῆς
2899 3057 3123 3128 ἀγάπης
3177 3057 3273 3111 καὶ
3321 3058 3555 3129 εἰρήνης
3608 3055 3741 3109 ἔσται
3783 3050 3858 3123 μεθ’

686 3150 936 3205 Salutate
966 3150 1209 3204 invicem
1241 3150 1436 3204 osculu
1473 3156 1692 3205 sancto.
1731 3148 1989 3203 Salutant
2018 3166 2115 3204 vos
2143 3167 2259 3204 om-

2362 3146 2535 3218 ὑμῶν.
2591 3147 2937 3201 Ἀσπάσασθε
2997 3148 3262 3218 ἀλλήλους
3310 3150 3369 3201 ὲν
3418 3149 3561 3220 ἁγίῳ
3624 3146 3859 3216 φιλήματι·

682 3259 783 3299 nes
817 3244 1018 3298 sancti.
1052 3241 1242 3298 Gratia
1284 3243 1499 3298 Domini
1553 3244 1729 3298 nostri
1769 3242 1900 3300 Jesu
1947 3243 2173 3309 Christi,
2203 3254 2252 3299 et

2283 3235 2325 3291 C
2358 3239 2692 3304 ἀσπάζονται
2724 3240 2870 3311 ὑμᾶς
2902 3241 2953 3293 οἱ
2975 3240 3119 3310 ἅγιοι
3148 3241 3371 3305 πάντες.
3416 3241 3484 3295 Ἦ
3513 3240 3663 3312 χάρις
3684 3237 3761 3290 τοῦ
3789 3236 3861 3287 liv-

683 3334 927 3390 cbaritas
950 3334 1069 3399 Dei,
1096 3346 1149 3391 et
1180 3336 1617 3391 communicatio
1663 3336 1842 3392 sancti
1879 3334 2139 3407 Spiritus,
2182 3336 2255 3391 sit

2364 3328 2477 3399 ρίου
2520 3326 2695 3400 Ἰησοῦ
2743 3326 3007 3399 Χριστοῦ,
3057 3329 3152 3383 καλ⁸
3186 3331 3221 3400 ἡ
3251 3329 3449 3400 ἀγάπη
3499 3329 3593 3382 τοῦ
3641 3325 3772 3388 Θεοῦ,
3804 3322 3864 3375 καὶ

683 3443 809 3483 cum
844 3429 1102 3484 omnibus
1132 3429 1307 3486 vobis.
1347 3430 1547 3484 Amen.

2365 3420 2395 3490 ἡ
2425 3420 2678 3474 κοινωνία
2699 3420 2793 3475 τοῦ
2816 3421 2975 3492 ἁγίου
3004 3422 3149 3476 Πνεύ
3158 3439 3325 3495 ματος
3350 3420 3496 3494 μετά
3522 3422 3722 3476 πάντων
3741 3412 3860 3487 ὑμῶν.

2372 3514 2566 3568 Ἀμήν.

758 3605 888 3659 Haec
918 3603 1072 3668 dicit,
1102 3605 1231 3675 quia
1285 3604 1473 3659 multa:
1523 3601 1857 3658 tentationes
1905 3600 2252 3674 ingruebant,

2378 3531 2431 3566 'A
2518 3531 2566 3568 ν.

2434 3531 2606 3659 ξέῦτό
2654 3621 2841 3677 φησιν,
2896 3606 3085 3679 ἐπειδὴ
3134 3606 3321 3662 πολλοὶ
3352 3596 3503 3679 ἦσαν
3535 3606 3583 3659 ot
3619 3597 3862 3674 impach

682 3704 736 3750 et
773 3711 969 3768 magna
1002 3696 1274 3767 pericula.

2361 3699 2453 3752 καὶ
2487 3699 2712 3769 μεγάλοι
2741 3701 2793 3753 οἱ
2822 3699 3078 3755 κίνδυνοι.

683 3786 898 3856 Scripta
946 3798 1025 3843 est
1061 3787 1289 3857 epistola
1347 3785 1614 3856 Philippis
1670 3788 1725 3840 in
1773 3784 2111 3850 Macedonia,
2160 3801 2253 3855 per

2374 3788 2628 3859 Ἐγράςρη
2658 3792 2777 3846 ἀπὸ
2812 3794 3126 3846 Φιλίππων
3164 3791 3271 3862 τῆς
3296 3788 3675 3851 Μακεδονίας
3697 3784 3775 3839 διὰ
3795 3778 3865 3833 τοῦ

751 3879 951 3933 Lucam
999 3888 1049 3933 et
1094 3878 1292 3933 Titum.
1351 3878 1435 3933 Ad
1489 3877 1795 3934 Corinthios
1848 3876 2099 3942 secunda,
2135 3893 2250 3931 ver-

2428 3882 2632 3938 Λουκᾶ
2686 3884 2787 3939 καὶ
2844 3885 3035 3941 Τίτου.
3092 3884 3251 3955 Πρὸς
3302 3879 3741 3954 Κορινθίους-β’,
3782 3872 3867 3928 στῖ-

752 3988 842 4026 sus
870 3972 993 4028 612.

2438 3994 2534 4046 χοι
2566 3977 2703 4047 χιβ.

1942 4100 2180 4157 νΑῐιιΑῑ
2220 4103 2620 4166 LECTIONES.

801 4206 830 4237 ιι
858 4195 1183 4252 Eustathius
1222 4192 1535 4257 Sulccnsis,
1555 4190 1729 4262 στίχοι
1751 4189 1867 4259 φιί,
1901 4207 2082 4248 versus
2114 4194 2239 4252 590.

706 4380 3857 4417 W

1333 4550 1506 4640 ΕΙΣ
1608 4549 2256 4639 ΕΠΙΣΤΟΛΗΝ
2366 4550 2658 4641 ΠΡΟΣ
2759 4548 3281 4639 ΓΑΛΑΤΑΣ.

2277 4751 2334 4765 ’-

1482 4900 1606 4993 ΙΝ
1687 4895 2364 4994 EPISTOLAM
2416 4902 2564 4993 AD
2616 4902 3165 4997 GALA'I‘AS.

1176 5232 1403 5291 CAPUT
1458 5232 1756 5295 PRIMUM.
2147 5246 2159 5259 “
2281 5250 2327 5306 D
2781 5252 3179 5308 ΚΕΦΑΛΑΙΟΝ
3214 5252 3525 5313 ΠΡΟῘΟΝ.

755 5351 919 5410 Vens.
959 5352 1011 5407 i.
1050 5369 1070 5403 ι
1105 5350 1312 5407 Paulus
1338 5349 1641 5423 apostolus,
1672 5367 1785 5408 non
1816 5368 1884 5410 ex
1912 5354 2251 5428 hominibus,
2434 5380 2455 5416 ι
2495 5364 2707 5428 Παῦλος
2752 5365 3069 5433 ἀπόστολος,
3110 5369 3211 5422 οὐκ
3261 5370 3355 5423 ἀπ’
3400 5370 3741 5441 ἀνθρώπων,
3784 5361 3871 5417 οὐδὲ

682 5458 861 5534 neque
888 5459 991 5534 per
1045 5444 1347 5508 hominem,
1380 5442 1478 5499 sed
1525 5458 1625 5513 per
1668 5440 1856 5499 Jesum
1888 5446 2170 5508 Christum
2201 5462 2256 5510 et
2357 5454 2425 5508 δι’
2459 5456 2771 5527 ἀνθρώπου,
2824 5458 2960 5512 ἀλλὰ
3005 5458 3093 5513 διὰ
3125 5460 3299 5532 Ἰησοῦ
3339 5440 3607 5534 Χριτεοῦ,
3646 5463 3728 5516 και.
3773 5451 3871 5510 Θεοῦ

684 5532 851 5588 Deum
888 5530 1127 5588 Patrem.
1163 5552 1182 5585 ι
2361 5549 2597 5618 Πατρός,
2624 5568 2644 5602 ι

752 5621 1066 5719 Exitidais
1105 5624 1199 5697 qui
1239 5623 1616 5693 crediderant,
1646 5626 1775 5698 quia
1808 5625 2077 5687 Judaismi
2112 5649 2251 5704 prte-
2427 5642 2490 5695 Οἱ
2514 5641 2572 5708 ἐξ
2610 5642 2882 5697 Ἰουδαίων
2946 5646 3356 5713 πιστεύσαντες,
3392 5648 3538 5719 ὁμοῦ
3579 5649 3673 5718 μὲν
3702 5648 3872 5715 τῇτηοο-

680 5715 909 5813 judiciis
937 5718 1191 5813 occupati
1215 5729 1396 5813 erant,
1432 5735 1653 5776 necnon
1690 5721 1874 5777 inanis
1897 5723 2085 5795 gloriae
2110 5736 2248 5782 aestu
2358 5732 2518 5804 λήψει
2569 5733 2669 5787 τοῦ
2705 5735 3040 5809 Ἰουδαϊσμοῦ
3094 5715 3476 5811 κατεχόμενοι,
3522 5715 3653 5813 opai:
3678 5739 3726 5791 δὲ
3763 5747 3871 5787 κενο-

685 5808 849 5886 ebrii,
889 5816 947 5864 ιιι
983 5810 1090 5867 sibi
1140 5812 1526 5884 magistrorum
1564 5813 1759 5873 titulos
1806 5826 2155 5887 arrogarent,
2192 5818 2249 5875 in
2357 5823 2507 5897 δοξίᾳ
2537 5825 2851 5899 μεθύοντες,
2905 5808 2999 5885 κει
3036 5808 3346 5906 βουλόμενοι
3376 5808 3705 5890 διδασιὶάλων
3745 5824 3869 5893 aii“
