4048 6430
195 387 299 451 ’ΠἸ

1363 384 1442 445 ΙΝ
1483 382 1725 444 EPIST.
1766 382 1869 441 AD
1907 381 2265 446 GALATAS.

3332 400 3439 463 778

198 518 347 569 ματα
400 500 610 561 ἑαυτοῖς
659 496 988 565 περιθεῖναι,
1040 495 1286 561 ἐλθόντες
1316 499 1396 560 είς
1417 496 1480 549 τδ
1509 493 1767 549 Γαλατῶν

1876 491 2146 549 Galatiam
2179 495 2437 566 profecti,
2470 496 2741 554 docebant
2789 510 3043 571 oportere
3089 510 3439 574 circumcidi,

194 593 368 656 ἔθνος,
399 592 676 645 ἐδίδασκον
703 592 785 644 ὅτι
805 591 887 643 δεῖ
908 587 1353 660 περιτέμνεσθαι,
1376 588 1472 642 καὶ
1493 587 1765 649 Σάϐϐατα,

193 684 292 735 καὶ
346 681 658 752 Νεομηνίας
713 683 931 750 τηρεῖν,
979 681 1074 733 καὶ
1108 679 1181 751 μὴ
1207 679 1495 750 ἀνέχεσθαι
1553 679 1768 733 Παύλου

194 776 371 828 ταῦτα
394 774 770 845 ἀναιροῦντος.
801 775 862 827 Οἱ
899 772 1021 843 γὰρὲ
1043 789 1108 825 πε
1120 773 1171 842 pl.
1218 773 1424 842 Πέτρον
1454 772 1549 825 καὶ
1579 771 1769 825 Ἰάκω-

192 867 322 928 60v,
359 867 455 921 καὶ
493 866 768 933 Ἰωάννην,
821 864 1015 934 φησὶν,
1059 863 1230 917 ταῦτα
1260 865 1322 917 οὐ
1355 862 1684 926 κωλύουσιν,
1719 864 1769 915 οἱ

192 959 408 1030 πρῶτοι
437 958 545 1012 τῶν
584 958 916 1014 ἀποστόλων.
973 952 1139 1019 Οὗτος
1186 956 1287 1027 μὲν
1337 954 1446 1025 γὰρ
1494 954 1620 1025 χθὲς
1674 954 1770 1007 καὶ¹

194 1052 443 1121 σήμερον
470 1051 667 1122 ἐφάνη,
698 1054 896 1105 ἐκεῖνοι
920 1051 975 1104 δὲ
1006 1050 1236 1121 πρῶτοι,
1275 1050 1324 1102 οί
1351 1049 1479 1120 περὶ
1520 1048 1726 1115 Πέτρον
1756 1063 1769 1077 ·

189 1143 296 1196 καὶ
322 1137 480 1206 οὗτος
532 1144 632 1214 μὲν
688 1142 935 1213 μαθητὴς
972 1142 1079 1196 τῶν
1129 1141 1463 1204 ἀποστόλων,
1495 1142 1688 1193 ἐκεῖνοι
1713 1140 1770 1193 δὲ

188 1233 293 1287 τοῦ
344 1233 603 1305 Χριστοῦο
652 1236 743 1288 καὶ
768 1229 926 1297 οὗτος
978 1251 1158 1304 μονος,
1203 1235 1401 1286 ἐκεῖνοι
1442 1234 1499 1286 δὲ
1542 1232 1727 1285 πολλοὶ
1753 1273 1768 1296 ,

186 1328 294 1379 καὶ
351 1327 531 1379 στύλοι
595 1327 695 1393 τῆς
736 1326 1082 1393 Ἐκκλησίας.
1120 1326 1275 1379 Ἐπεὶ
1328 1321 1420 1378 οὖν
1464 1324 1772 1395 ἔμπροσθεν

186 1417 340 1472 εἶδεν
384 1419 537 1482 ἔθνος
590 1419 903 1490 ὁλόκληρον,
954 1418 1046 1470 καὶ
1099 1417 1279 1489 πυρὰν
1304 1420 1367 1471 ἐκ
1389 1418 1486 1488 τῆς
1516 1417 1772 1470 Γαλατῶν

185 1509 533 1579 ἀναφθεῖσαν
578 1509 924 1579 Ἐκκλησίας,
953 1509 1275 1581 γράφειτὴν
1321 1508 1605 1579 ἐπιστολὴν
1636 1507 1771 1578 πρὸς

188 1605 418 1659 ἅπαντα
450 1604 621 1659 ταῦτα
677 1604 1133 1675 ἀπολογούμενος,
1194 1603 1290 1657 καὶ
1353 1604 1418 1656 ἐκ
1472 1602 1772 1671 προοιμίων

188 1698 405 1762 εὐθέως
471 1698 609 1768 πρὸς
656 1699 835 1751 ἐκεῖνο
903 1697 1286 1762 ἀνατείνεται,
1325 1696 1353 1750 ὂ
1409 1694 1775 1766 διορύττοντες

189 1790 369 1843 αὑτοῦ
414 1791 514 1863 τὴν
560 1789 832 1862 ὑπόληψιν
895 1789 1101 1858 ἔλεγον,
1154 1790 1236 1843 ὅτι
1273 1789 1323 1842 οί
1358 1787 1458 1858 μὲν
1496 1786 1644 1840 ἄλλοι
1674 1782 1771 1837 τοῦ

1869 596 1923 640 et
1975 586 2275 643 observare
2323 588 2566 644 Sabbata
2607 600 2665 645 et
2692 589 3049 660 Neomenias,
3077 611 3181 651 nec
3208 595 3439 653 Paulum

1868 693 1992 733 esse
2017 680 2365 736 tolerandum
2394 684 2488 753 qui
2523 685 2641 740 haec
2661 685 2905 742 auferret
2937 705 2951 743 :
2979 686 3201 744 Petrum
3217 690 3440 761 quippe,

1868 764 2156 835 Iacobum,
2187 779 2241 825 et
2261 770 2554 839 Joannem,
2590 776 2685 845 qui
2737 776 2947 846 primas
2990 778 3138 835 inter
3162 783 3441 850 apostolos

1875 860 2152 927 tenebant,
2219 877 2283 918 ea
2340 880 2451 919 non
2510 868 2841 937 prohibere:
2907 886 3031 926 cum
3081 871 3172 927 hic
3218 873 3439 928 vixdum

1873 946 1992 1002 heri
2030 959 2085 1004 et
2116 952 2273 1008 hodie
2302 954 2623 1023 prodiisset,
2661 957 2863 1015 Petrus
2903 976 3034 1016 vero
3069 964 3224 1031 prior
3259 973 3440 1019 esset:

1873 1052 2041 1110 atque
2098 1044 2190 1099 hic
2213 1047 2433 1115 quidem
2495 1051 2879 1120 apostolorum
2926 1061 3075 1110 esset
3105 1054 3441 1126 discipulus,

1873 1133 2119 1189 illi‘vero
2164 1136 2370 1191 ChriSti
2408 1157 2422 1193 :
2457 1139 2549 1195 hic
2599 1142 2779 1209 solus,
2818 1142 2899 1197 illi
2938 1146 3270 1215 complures,
3310 1147 3446 1216 ipsi-

1871 1241 1978 1294 que
2017 1228 2289 1283 columnze
2335 1228 2620 1288 Ecclesiae.
2662 1233 2907 1290 Proinde
2944 1250 3071 1290 cum
3115 1245 3243 1293 ante
3272 1239 3446 1292 vidis-

1873 1330 1956 1373 set
2003 1329 2222 1389 gentem
2270 1322 2417 1377 illam
2453 1340 2517 1377 ex
2548 1332 2664 1380 toto
2702 1326 2858 1397 157
2889 1344 3081 1383 sanam
3116 1344 3240 1386 esse
3267 1338 3322 1384 et
3362 1334 3448 1384 in-

1872 1410 2167 1475 columem,
2223 1422 2338 1468 tum
2404 1418 2642 1472 subinde
2691 1435 2757 1473 ex
2808 1419 3126 1475 Galatarum
3200 1420 3445 1478 Ecclesia

1870 1501 2189 1556 incendium
2245 1506 2499 1571 excitari,
2554 1509 2845 1578 epistolam
2888 1512 3134 1582 scripsit,
3175 1529 3285 1582 qua
3328 1528 3447 1566 mo.

1873 1595 2071 1649 mentis
2115 1596 2239 1652 istis
2304 1598 2566 1655 omnibus
2622 1601 2921 1668 satisfecit,
2998 1613 3164 1674 atque
3212 1603 3447 1674 ipsomct

1872 1689 2103 1743 exordio
2154 1688 2208 1743 in
2264 1691 2395 1746 illud
2435 1694 2624 1749 statim
2662 1695 2924 1761 intendit,
2969 1698 3116 1768 quod
3151 1707 3210 1753 ut
3243 1713 3449 1754 conce-

1872 1788 2022 1847 ptam
2053 1779 2120 1833 de
2162 1782 2283 1851 ipso
2323 1784 2793 1841 existimationem
2847 1786 3173 1853 effoderent,
3214 1790 3449 1859 objicie-

188 1852 641 1952 Χριστοῦ,ὀῦτος
672 1852 735 1936 δέ
750 1852 858 1936 τῶν
886 1852 1205 1936 ἀποστόλων
1234 1852 1455 1949 γέγονεν
1495 1878 1768 1951 μαθητής.

1876 1868 2042 1935 bant;
2074 1879 2204 1940 puta
2237 1872 2377 1928 alios
2404 1874 2627 1944 quidem
2662 1878 2972 1950 discipulos
3004 1852 3212 1938 Christi
3252 1852 3445 1949 fuisse,

331 2063 441 2115 Τοῦ
472 2062 788 2134 ἐγείραντος
816 2063 980 2118 αὐτὸν
1014 2066 1077 2117 ἐκ
1106 2062 1336 2134 νεκρῶν.
1365 2081 1383 2113 ι

273 2156 377 2209 Διά
411 2154 463 2207 τί
488 2156 590 2207 οὐκ
613 2155 719 2207 ἀπὸ
755 2155 865 2207 τῶν
906 2154 1224 2226 θεοπρεπῶν
1253 2152 1477 2223 ἤρξατο.
1528 2150 1643 2204 ἀλλ’
1677 2150 1770 2203 ἀπ’

188 2248 371 2302 αὐτοῦ
414 2248 508 2301 τοῦ
564 2247 769 2311 πάθους
802 2265 817 2314 ;
847 2247 970 2300 ’Ὀτι
1019 2248 1207 2318 ἐπειδὴ
1237 2246 1313 2310 ὡς
1373 2245 1656 2315 μέλλοντες
1685 2261 1770 2297 τι-

192 2341 549 2411 μωρεῖσθαι,
596 2342 647 2393 εί
693 2342 990 2394 ἀποσταῖεν
1048 2341 1142 2394 τοῦ
1196 2341 1394 2411 νόμου,
1452 2338 1774 2402 ἐστασίαζον

188 2434 339 2501 πρὸς
397 2432 579 2495 αὐτὸν,
620 2431 709 2485 διὰ
749 2430 907 2485 τοῦτο
949 2432 1275 2504 πράγματος
1326 2433 1595 2502 μέμνηται
1616 2430 1680 2483 δι’
1712 2422 1773 2483 οὗ

188 2524 388 2575 πᾶσαν
410 2521 658 2576 ἐκϐάλλει
711 2520 805 2576 τοῦ
835 2522 1002 2593 νόμου
1037 2522 1136 2593 τὴν
1159 2522 1370 2592 χρείαν.
1403 2521 1558 2589 Λέγω
1581 2520 1645 2592 δὴ
1676 2521 1774 2591 τὴν

191 2619 264 2668 ὲκ
283 2616 380 2668 τοῦ
413 2614 649 2686 σταυροῦ
683 2616 779 2668 καὶ
809 2615 910 2685 τῆς
933 2615 1291 2678 ἀναστάσεως
1317 2613 1496 2667 αἰτίαν
1544 2613 1773 2684 γενομέ-

191 2726 297 2779 νην
328 2710 505 2761 ἆπασι
541 2709 833 2779 σωτηρίας.

272 2820 293 2853 ι
339 2802 452 2855 Καὶ
482 2803 530 2854 οί
555 2802 651 2854 σὺν
681 2802 804 2873 ἐμοὶ
828 2801 1028 2863 πάντες
1060 2802 1301 2871 ἀδελφοί.
1328 2819 1347 2852 ν

273 2895 421 2964 Πρὸς
440 2896 617 2949 ἐκεῖνο
643 2895 804 2949 πάλιν
829 2894 1199 2959 ἀποτείνεται,
1223 2894 1282 2946 τὸ
1306 2894 1486 2961 λέγειν
1509 2893 1772 2956 ἐκείνους,

199 2987 289 3038 ὃτι
320 2990 350 3039 ὁ
386 2988 481 3057 μὲν
530 2986 741 3050 Παῦλος
768 2981 868 3052 εἷς,
915 2988 964 3039 οἱ
1005 2987 1062 3040 δέ
1101 2986 1406 3048 ἀπόστολοι,
1448 2985 1661 3038 πολλοί·
1694 2984 1777 3038 διὸ

198 3079 413 3147 πλῆθος
459 3080 797 3150 ἐπεισήγαγε
832 3080 928 3133 σὺν
974 3078 1144 3149 αὐτῷ,
1204 3079 1301 3131 καὶ
1350 3079 1450 3148 οὐχ
1500 3076 1687 3148 ὥσπερ
1716 3078 1776 3128 ἐν

1873 1961 2054 2032 ipsum
2083 1979 2215 2018 vero
2245 1968 2639 2036 apostolorum.

1952 2075 1971 2106 ι
2010 2054 2115 2120 Qui
2146 2058 2438 2113 suscitavit
2464 2075 2590 2114 eum
2629 2076 2659 2114 a
2688 2063 2945 2119 mortuis.
2984 2083 3004 2116 ι

1946 2145 2124 2213 Quare
2176 2164 2309 2204 vero
2348 2165 2458 2206 non
2518 2168 2565 2211 a_
2606 2152 2969 2211 divinioribus
3015 2155 3219 2213 Christi
3282 2160 3450 2229 gestis

1874 2237 2161 2293 exordium
2211 2240 2387 2307 ducit,
2441 2243 2539 2298 sed
2594 2258 2623 2296 a
2664 2244 2924 2313 passione
2976 2248 3196 2318 ipsius?
3244 2249 3452 2320 Utique

1878 2340 2001 2380 cum
2033 2326 2112 2381 illi
2144 2328 2413 2387 adversus
2440 2332 2619 2403 ipsum
2649 2334 3021 2404 insurgerent,
3051 2348 3310 2411 tanquam
3331 2357 3449 2412 pte-

1877 2433 1978 2473 nas
2008 2419 2190 2475 daturi
2224 2423 2270 2477 si
2317 2421 2651 2481 defecissent
2684 2443 2715 2481 a
2760 2428 2900 2499 lege,
2935 2430 3147 2488 idcirco
3176 2448 3295 2488 eam
3332 2450 3449 2489 rem

1876 2521 2295 2575 commemorat,
2352 2529 2460 2582 qua
2508 2515 2649 2587 legis
2696 2519 3002 2577 necessitas
3050 2522 3233 2579 omnis
3261 2524 3452 2579 exclu-

1877 2599 2142 2671 deretur;
2231 2621 2480 2673 crucem,
2546 2610 2793 2679 inquam,
2846 2619 2904 2666 et
2959 2616 3450 2684 resurrectionem,

1874 2708 1999 2763 qua:
2037 2696 2253 2752 cunctis
2282 2712 2448 2753 causa
2477 2701 2676 2758 salutis
2708 2702 2885 2759 fuere.

1954 2786 2116 2843 Vens.
2149 2789 2207 2844 2.
2241 2808 2260 2841 ι
2298 2789 2364 2844 Et
2391 2793 2488 2862 qui
2538 2808 2756 2848 mecum
2789 2804 2923 2851 sunt
2954 2813 3150 2854 omnes
3174 2797 3399 2856 fratres.
3426 2819 3445 2853 ι

1948 2880 2031 2935 Ad
2079 2881 2233 2937 illud‘
2261 2899 2486 2956 quoque
2534 2888 2825 2955 collineat,
2875 2891 3021 2962 quod
3059 2893 3137 2947 illi
3170 2893 3450 2957 dicebant.

1879 2968 2109 3025 Paulum
2149 2972 2373 3042 quidem
2408 2990 2536 3031 esse
2566 2977 2767 3046 solum,
2805 2980 3078 3050 plurimos
3102 2994 3287 3040 autem
3319 3002 3453 3058 apo-

1882 3061 2072 3119 stolos.
2108 3063 2241 3119 Eam
2266 3067 2338 3123 ob
2377 3084 2492 3124 rem
2528 3071 2942 3130 multitudinem
2985 3091 3094 3131 una
3130 3093 3320 3135 secum
3354 3080 3456 3135 ad-

194 3171 417 3238 ἐτέραις
440 3212 455 3235 ,
482 3170 516 3242 ἦ
540 3169 750 3234 Παῦλος
781 3170 1015 3242 μόνον,ἢ
1051 3169 1262 3233 Παῦλος
1310 3170 1401 3223 καλ⁸
1431 3170 1473 3222 Τ
1482 3168 1717 3240 ιμόθεος,
1738 3168 1773 3239 ἢ

1884 3152 2078 3211 duxit:
2152 3173 2263 3212 non
2318 3169 2526 3225 autem,
2582 3163 3053 3232 quemadmodum
3107 3168 3162 3222 in
3203 3169 3457 3241 epistolis

1888 3246 2006 3267 ,ηε-
2184 3249 2243 3267 π
2303 3251 2315 3267 .
2492 3254 2503 3267 .
2794 3259 2825 3267 ..
2865 3258 2895 3267 ,Α
3169 3259 3203 3267 -
3288 3263 3299 3267 -

193 3267 291 3317 καὶ
319 3266 629 3327 Σιλουανός.

273 3464 293 3496 ι
332 3445 475 3506 Ταῖς
513 3441 863 3513 Ἐκκλησίαις
888 3442 990 3513 τῆς
1014 3441 1309 3506 Γαλατίας.
1341 3463 1360 3494 ι

270 3537 534 3589 Δείκνυσι
587 3534 650 3588 τὸ
697 3534 993 3603 ἀναγκαῖον
1050 3534 1147 3605 τῆς
1210 3533 1528 3605 ἐπιπολῆς,
1560 3534 1661 3589 ἶὸτι
1714 3536 1777 3587 οὐ

198 3632 305 3705 μία
331 3630 723 3687 κινδυνεύουσα
762 3630 1058 3701 Ἐκκλησία
1117 3632 1339 3703 ἤγειρεν
1368 3629 1532 3684 αὐτοῦ
1568 3630 1668 3702 τὴν
1693 3647 1781 3684 το-

194 3726 414 3796 σαύτην
439 3724 697 3797 σπουδὴν,
725 3723 864 3779 ἀλλὰ
905 3724 1110 3795 πλῆθος
1156 3723 1515 3794 Ἐκκλησιῶν.

274 3917 297 3951 ι
338 3900 517 3972 Χάρις
546 3900 674 3970 ὑμῖν
714 3900 806 3953 καὶ
835 3900 1028 3972 εἰρήνη
1090 3897 1200 3953 ἀπὸ
1256 3898 1392 3953 Θεοῦ
1437 3897 1652 3969 Πατρδς
1686 3915 1759 3954 κα

188 3989 414 4062 Κυρίου
457 3987 632 4060 Ἰησοῦ
657 3990 914 4061 Χριστοῦ.
949 4006 969 4040 ι

265 4079 559 4151 Πανταχοῦ
620 4079 717 4151 μὲν
776 4078 933 4132 τοῦτο
972 4078 1190 4150 τίθησι,
1249 4076 1563 4150 μάλισταδέ
1605 4075 1754 4132 Γαλά

189 4189 328 4234 ταις
373 4171 707 4225 ἐπιστέλλων
754 4170 872 4237 νῦν,
923 4171 1112 4242 ἐπειδὴ
1166 4171 1267 4242 τῆς
1319 4171 1543 4243 χάριτος
1566 4168 1779 4225 ἐκινδύ-

189 4281 361 4320 νευον
384 4265 659 4332 ἐκπεσεῖν,
688 4264 750 4319 τὸ
772 4264 937 4319 πάλιν
959 4264 1136 4319 ἐλθεῖν
1159 4264 1606 4337 περιτέμνεσθαι.

276 4465 299 4499 ι
338 4443 446 4499 Τοῦ
473 4443 655 4508 δόντος
690 4442 881 4497 ἑαυτὸν
914 4442 1054 4515 ὑπὲρ
1080 4442 1191 4497 τῶν
1239 4441 1526 4515 ἁμαρτιῶν
1549 4442 1726 4514 ἡμῶν.
1753 4461 1773 4495 ι

266 4624 531 4694 Μυρίοις,
567 4624 753 4695 φησὶν,
784 4625 1206 4696 περιεπάρημεν
1257 4630 1471 4692 κακοῖς.
1528 4630 1622 4683 καὶ
1674 4628 1774 4700 τῆς

189 4716 446 4787 ἐσχάτης
476 4711 619 4787 ἦμεν
646 4715 939 4771 ὑπεύθυνοι
997 4716 1269 4782 κολάσεως
1298 4735 1313 4749 ο
1356 4720 1449 4773 κα)⁵
1478 4722 1507 4773 ό
1541 4720 1641 4790 μὲν
1696 4720 1781 4775 νόι

194 4825 306 4879 μσς
340 4809 402 4861 οὐ
432 4809 595 4878 μόνον
630 4809 693 4862 οὐ
722 4807 1081 4878 κατήλλαξεν,
1119 4808 1258 4864 ἀλλά
1277 4812 1373 4865 καὶ
1395 4798 1777 4877 κατεδίκασεν,

188 4902 262 4953 τὸ
302 4900 407 4970 μὲν
444 4899 753 4972 ἁμάρτημα
802 4902 1036 4973 φανερὸν
1084 4901 1367 4968 καθιστὰς,
1413 4903 1778 4975 ἐλευθερῶσαι

187 4992 254 5045 δὲ
281 4992 388 5045 οὐκ
428 4992 647 5062 ίσχύων,
675 4993 797 5047 οὐδὲ
838 4992 1046 5048 παῦσαι
1095 4993 1191 5048 τοῦ
1242 4994 1376 5049 Θεοῦ
1425 4995 1523 5067 τὴν
1582 4996 1775 5068 ὀργήν.

202 5084 270 5138 ’0
296 5085 360 5137 δὲ
391 5084 520 5148 Υίὸς
547 5084 640 5139 τοῦ
668 5084 805 5140 Θεοῦ
825 5125 840 5149 ,
867 5088 1041 5141 καὶτὸ
1064 5086 1326 5143 ἀδύνατον
1351 5088 1575 5142 δυνατὸν
1595 5091 1780 5160 ἐποίη-

190 5196 285 5242 σε,
309 5178 414 5242 τὰς
467 5179 739 5252 ἁμαρτίας
784 5181 973 5248 λύσας,
1001 5182 1095 5235 καὶ
1114 5182 1253 5245 ιτοὺς
1281 5181 1509 5252 ἐχθροὺς
1533 5183 1592 5234 ἐν
1627 5181 1778 5248 τάξει

189 5270 378 5339 φίλων
405 5273 771 5343 καταστήσας.

281 5380 303 5413 ι
341 5362 531 5426 Ὅπως
586 5363 834 5434 ἐξέληται
886 5367 1035 5437 ἡμᾶς
1084 5368 1149 5420 ἐκ
1206 5367 1301 5420 τοῦ
1352 5366 1547 5430 αἰῶνος
1612 5385 1779 5421 ποντί-

194 5469 326 5525 ρου.
362 5470 381 5503 ι

276 5544 354 5597 Οὐ
384 5544 474 5597 τὸν
502 5545 689 5616 χρόνον
719 5543 871 5600 εἶπεν
895 5586 909 5610 ,
948 5547 1087 5601 ἀλλὰ
1113 5548 1212 5631 τὴν
1236 5558 1263 5586 τ
1292 5548 1577 5620 παροῦσαν
1633 5549 1781 5620 ζωὴν

194 5653 346 5707 mw]
357 5636 458 5705 ραν
479 5637 725 5691 ἐκάλεσε.

1884 3246 2031 3312 aliis,
2060 3259 2154 3303 aut
2183 3249 2389 3309 Paulus
2423 3254 2578 3310 solus
2618 3258 2996 3327 praemittitur,
3045 3268 3143 3315 aut
3168 3259 3373 3320 Paulus
3400 3272 3456 3319 et

1880 3337 2228 3409 Timotheus,
2266 3344 2376 3399 imo
2403 3347 2568 3401 etiam
2606 3349 2888 3408 Silvanus.

1956 3447 1975 3480 ι
2013 3429 2279 3489 Ecclesiis
2312 3432 2559 3492 Galatiae.
2600 3457 2620 3490 ι

1954 3519 2243 3591 Significat
2271 3540 2395 3594 qua:
2424 3528 2727 3585 necessitas
2777 3542 2998 3601 urgeret
3026 3532 3305 3591 scribendi
3336 3536 3454 3607 epi-

1881 3613 2116 3679 stolam;
2179 3617 2329 3687 quod
2393 3634 2589 3690 nempe
2635 3636 2746 3676 non
2776 3623 2942 3679 unius
2979 3622 3244 3683 Ecclesia:
3269 3629 3456 3697 cujus-

1880 3705 2007 3760 dam
2041 3706 2367 3773 discrimen,
2402 3719 2618 3767 tantum
2674 3712 2783 3770 sibi
2833 3714 3083 3772 studium
3140 3720 3455 3792 suggessis-

1880 3804 1990 3861 set,
2021 3797 2117 3853 sed
2146 3800 2445 3855 multarum
2474 3803 2663 3858 simul.

1953 3889 2122 3945 Vens.
2150 3892 2204 3947 5.
2242 3910 2261 3943 ι
2317 3891 2512 3949 Gratia
2559 3894 2718 3952 vobis
2741 3904 2797 3953 et
2845 3912 2953 3970 pax
2983 3912 3016 3953 a
3056 3895 3168 3955 Deo
3209 3898 3373 3957 Patre
3401 3910 3457 3958 et

1885 3980 2120 4040 Domino
2149 3981 2281 4041 Jesu
2314 3985 2561 4043 Christo.
2597 4005 2618 4040 ι

1951 4074 2067 4133 Hoc
2129 4079 2350 4150 quidem
2415 4082 2620 4154 ubique
2674 4083 2883 4155 passim
2934 4085 3114 4157 ponit,
3161 4085 3218 4141 in
3261 4087 3458 4158 primis

1879 4180 2016 4224 vero
2042 4168 2179 4224 dum
2208 4170 2276 4225 ad
2315 4170 2541 4229 Galatas
2571 4173 2790 4242 scribit,
2822 4174 2956 4246 quia
3002 4176 3308 4248 periculum
3337 4187 3458 4234 erat

1880 4275 1952 4315 ne
2005 4275 2037 4313 a
2086 4262 2267 4332 gratia
2317 4264 2663 4334 exciderent,
2720 4266 2770 4324 si
2824 4265 3028 4323 iterum
3091 4268 3457 4325 circumcide.

1882 4362 2097 4407 rentur.

1957 4444 2129 4503 Vens.
2165 4446 2222 4512 4,
2255 4447 2309 4507 5.
2343 4467 2363 4502 ι
2396 4447 2502 4516 Qui
2545 4449 2700 4508 dedit
2746 4453 3106 4527 semetipsum
3137 4470 3239 4527 pro
3264 4470 3457 4527 pecca-

1806 4542 1854 4599 D
1882 4538 1954 4595 tis
1992 4541 2222 4596 nostris.
2259 4559 2277 4593 ι

1964 4632 2278 4689 lnnumeris
2335 4634 2389 4689 in
2453 4635 2613 4692 malis
2661 4636 2928 4709 implicati
2977 4654 3221 4706 eramus,
3279 4650 3458 4696 extre-

1882 4726 2101 4796 misque
2150 4726 2445 4798 suppliciis
2503 4728 2778 4786 obnoxii:
2818 4731 2905 4787 lex
2958 4747 3091 4787 vero
3140 4747 3251 4788 non
3295 4731 3461 4788 modo

1885 4832 1997 4873 non
2032 4820 2432 4885 reconciliavit,
2479 4820 2617 4891 quin
2651 4830 2707 4878 et
2751 4819 3174 4889 condemnavit;
3224 4839 3461 4893 cumque

1885 4921 2176 4982 peccatum
2212 4911 2328 4968 hate
2356 4913 2535 4983 palam
2583 4914 2918 4981 traduceret,
2954 4918 3258 4973 conciliare
3292 4918 3459 4973 liber-

1884 5012 2054 5059 tatem
2087 5021 2196 5060 non
2229 5006 2466 5071 valebat,
2515 5022 2617 5064 nec
2667 5011 2807 5063 iram
2842 5008 2935 5064 Dei
2970 5010 3182 5066 sedare.
3230 5011 3300 5064 At
3332 5027 3461 5065 vero

1886 5093 1984 5151 Dei
2036 5095 2211 5151 Filius
2262 5086 2320 5151 id
2357 5096 2502 5167 quod
2548 5098 2811 5168 possibile
2861 5115 2971 5155 non
3025 5109 3193 5167 esset,
3218 5102 3464 5169 peccatis

1888 5188 2086 5245 deletis
2142 5189 2409 5260 possibile
2465 5191 2728 5256 reddidit,
2765 5202 2882 5246 tum
2931 5192 3097 5249 etiam
3131 5208 3197 5248 ex
3226 5193 3463 5248 inimicis

1886 5282 2093 5336 amicos
2128 5282 2278 5337 fecit.

1965 5390 1984 5423 ι
2020 5372 2092 5427 Ut
2116 5376 2356 5444 eriperet
2389 5391 2489 5431 nos
2518 5376 2586 5432 de
2613 5379 2841 5433 saeculo.
2879 5396 2898 5430 ι

1970 5549 2090 5604 Non
2134 5560 2351 5622 tempus
2390 5553 2592 5621 innuit,
2629 5556 2723 5610 sed
2770 5556 2957 5619 vitam,
2989 5561 3310 5627 prazsentem
3365 5553 3466 5606 im-

1888 5644 2117 5715 probam
2154 5645 2465 5713 appellavit.

1487 5756 1715 5813 νΑΒιΑε
1754 5759 2158 5815 LECTIONL‘S.

311 5844 556 5899 ν’Δλλὰ
589 5844 723 5911 τήν.
767 5846 972 5903 Vereor
1008 5864 1077 5903 ne
1108 5850 1482 5920 exceptionem
1523 5868 1689 5921 quam
1739 5855 2018 5910 interserit
2051 5856 2499 5926 Clirysostomus,
2540 5876 2638 5931 pro
2674 5872 3017 5923 exposmone
3062 5861 3259 5918 Noster
3312 5868 3469 5917 acce-

497 5939 766 6000 PATBOL.
799 5943 913 6001 Gn.
944 5942 1119 6001 XCV.

3063 5953 3136 6011 9.5

3064 5996 3097 6013 ω
