4048 6412
632 364 738 427 779
1812 360 1877 421 S.
1913 357 2230 421 JOANNIS

2203 358 2231 417 s
2268 360 2693 419 DAMASCENI
3722 372 3801 437 τεο

712 492 732 526 ι
772 473 1040 530 Praesenti
1083 488 1359 544 nequam,
1397 472 1705 527 secundum
1740 474 2081 527 voluntatem
2116 470 2207 525 Dei
2238 485 2283 537 Α

2200 471 2207 525 i
2238 485 2283 537 Α
2388 493 2408 523 ι
2451 474 2558 526 Τοῦ
2617 474 2911 535 ἐνεστῶτος
2959 474 3195 544 πονηροῦ
3240 476 3382 529 κατὰ
3425 476 3482 527 τὸ
3523 477 3701 550 θέλημα
3732 486 3798 536 τοῦ

634 577 687 621 et
717 566 899 623 Patris
930 567 1105 621 nostri
1137 586 1151 621 :
1186 567 1279 620 cui
1330 573 1421 622 est
1446 565 1622 637 gloria
1654 565 1709 617 in
1737 567 1935 619 sa‘eula
1969 563 2207 618 saculo-

2205 593 2207 599 ν
2310 564 2444 617 Θεοῦ
2484 566 2578 617 καὶ
2614 567 2829 636 Πατρὸς
2866 568 3044 637 ἡμῶν,
3146 570 3179 638 ἡ
3210 567 3337 631 δόξα
3361 570 3437 631 είς
3480 571 3596 633 τοὺς
3648 574 3803 639 αἰῶνας

634 673 777 715 rum.
810 659 1007 713 Amen.
1053 677 1071 709 ι

2307 658 2414 710 τῶν
2447 657 2686 711 αἰώνων·
2720 660 2910 730 Ἀμήν.
2944 677 2961 710 ι

696 748 867 805 Malas
892 752 1138 805 actiones
1167 750 1323 810 dicit,
1361 748 1649 803 distortam
1681 746 2037 801 voluntatem.

2401 752 2429 801 Γ
2432 751 2498 813 ὰς
2544 753 2773 821 πράξεις
2802 751 2950 820 λέγει
2980 751 3079 816 τὰς
3110 753 3371 823 πονηρὰς,
3410 752 3503 823 τὴν
3545 756 3806 826 προαίρεσιν

2308 842 2406 911 τὴν
2434 841 2899 913 διεστραμμένην.

700 925 868 982 Vsus.
901 925 955 991 6,
985 925 1037 980 7.
1073 943 1091 976 ι
1131 924 1300 979 Miror
1328 925 1475 993 quod
1506 926 1586 979 sic
1619 932 1728 978 tam
1762 925 1872 980 cito
1917 922 2197 978 transferi-

2388 950 2406 981 ι
2441 932 2713 1002 Θαυμάζω
2768 935 2850 986 ὅτι
2894 933 3038 987 οὕτω
3082 934 3295 1005 ταχέως
3353 935 3678 1005 μετατίθεσθε
3730 940 3807 992 ἀπὸ

634 1016 765 1073 mini
792 1017 861 1073 ab
890 1032 957 1071 eo
985 1018 1081 1088 qui
1126 1032 1225 1073 vos
1269 1016 1484 1072 vocavit
1532 1016 1588 1071 in
1639 1016 1874 1088 gratiam
1912 1015 2193 1079 Christi.)

1948 1016 2193 1079 ihristi.)
2311 1023 2405 1076 τοῦ
2435 1024 2758 1088 καλέσαντος
2786 1026 2929 1097 ὑμᾶς
2962 1028 3020 1079 ἐν
3038 1028 3220 1097 χάριτι
3244 1027 3501 1097 Χριστοῦ.
3531 1046 3546 1077 ι

705 1104 820 1161 Hoc
848 1106 1005 1170 mihi,
1060 1106 1260 1176 inquit,
1308 1117 1591 1176 stuporem
1623 1108 1856 1173 creavit,
1892 1107 2035 1176 quod
2071 1102 2194 1161 cbm

2383 1114 2552 1168 Τοῦτό
2609 1134 2718 1186 μοι,
2767 1121 2921 1187 φησὶ,
2994 1119 3094 1189 τὴν
3147 1118 3347 1187 πολλὴν
3399 1118 3640 1185 ἔκπληξιν
3680 1123 3802 1191 ἢγει-

631 1196 955 1266 mysterium
987 1197 1177 1266 gratia:
1204 1196 1289 1252 sic
1329 1197 1511 1251 cdocti
1536 1205 1751 1263 essent,
1782 1209 1840 1251 ut
1867 1208 1921 1251 et
1944 1198 2196 1252 doctores

2313 1227 2421 1279 ρεν,
2477 1211 2557 1263 ὅτι
2590 1212 2637 1262 οἱ
2670 1210 2843 1271 οὕτως
2875 1209 2935 1263 τὸ
2962 1210 3062 1279 τῆς
3106 1210 3327 1281 χάριτος
3386 1209 3697 1280 διδαχθέντες
3730 1230 3805 1283 μυ-

633 1287 751 1343 ﬁeri
802 1297 1031 1358 possent
1071 1290 1327 1353 aliorum,
1359 1287 1416 1343 hi
1478 1296 1591 1343 tam
1628 1289 1790 1345 facile
1824 1290 2203 1359 deceptoribus

2307 1301 2560 1372 στήριον,
2612 1300 2688 1364 ὡς
2732 1300 2995 1354 δύνασθαι
3039 1303 3135 1353 καὶ
3191 1300 3393 1371 ἐτέρων
3429 1300 3708 1355 διδάσκαλοι
3745 1304 3808 1370 γί-

632 1381 1086 1439 auscultaverim.

2303 1398 2507 1459 νεσθαι,
2538 1387 2683 1447 οὗτοι
2730 1391 2974 1463 εὐχερῶς
3005 1392 3177 1455 οὕτως
3222 1394 3335 1455 τοῖς
3375 1392 3615 1446 ἀπατῶσι
3648 1394 3813 1446 πεῖθον·

2302 1500 2409 1538 ται.

707 1574 726 1607 ι
763 1557 823 1613 In
859 1556 1008 1612 aliud
1058 1556 1439 1628 Evangelium,
1488 1556 1637 1627 quod
1685 1573 1792 1611 non
1847 1566 1931 1612 est
1980 1556 2149 1610 aliud.
2179 1574 2198 1607 ι

2302 1502 2409 1538 ται.

2096 1557 2149 1610 d-
2179 1574 2198 1607 ³
2392 1593 2410 1625 ι
2459 1574 2549 1637 Εἰς
2569 1574 2756 1646 ἕτερον
2790 1572 3142 1641 Εὑαγγέλιον,
3175 1571 3321 1625 ὄοὺκ
3352 1571 3496 1625 ἐστιν
3521 1571 3655 1626 ἄλλο.
3681 1593 3694 1622 ι

902 1651 1038 1707 Nam
1090 1662 1150 1706 ut
1178 1651 1379 1708 Petrus
1423 1649 1564 1706 dicit
1609 1670 1624 1707 :
1663 1650 1787 1704 Non
1835 1660 1910 1704 est
1939 1649 2087 1703 aliud
2119 1667 2206 1703 no-

2384 1665 2471 1728 Ὤς
2491 1666 2599 1734 γὰρ
2619 1667 2646 1718 ὁ
2670 1663 2873 1735 Πέτρος
2902 1663 3065 1734 φησὶν
3084 1703 3100 1728 ,
3136 1664 3219 1716 ὅτι
3280 1664 3401 1716 Οὐκ
3454 1662 3615 1716 ἔστιν
3656 1663 3816 1730 ἕτερον

630 1758 748 1797 men
791 1744 887 1797 sub
932 1743 1060 1799 caelo
1100 1743 1286 1797 datum
1335 1742 1661 1807 hominibus,
1718 1744 1773 1796 in
1817 1759 1918 1811 quo
1970 1751 2205 1810 oporteat

2305 1756 2493 1826 ὄνομα
2522 1759 2638 1811 ὑπὸ
2676 1757 2783 1809 τὸν
2817 1754 3078 1824 οὐρανὸν
3102 1756 3169 1807 τὸ
3200 1754 3523 1823 δεδομένον
3546 1754 3610 1807 ἐν
3643 1754 3818 1821 ἀνθρώ-

632 1849 728 1886 n08
761 1832 935 1887 εαιυοδ
968 1834 1086 1895 ﬁeri
1116 1835 1183 1888 ’³ο
2234 1841 2277 1895 Β
2304 1865 2471 1917 ποις,
2498 1850 2567 1902 ἐν
2592 1843 2640 1915 ᾧ
2669 1848 2764 1903 δεῖ
2787 1847 3054 1918 σωθῆναι
3084 1846 3259 1918 ἡμᾶς.

708 1942 727 1975 ι
763 1923 879 1979 Nisi
925 1926 1094 1995 aliqui
1139 1935 1296 1991 sunt,
1349 1927 1444 1996 qui
1493 1942 1593 1982 vos
1643 1926 2001 1991 conturbant,
2030 1934 2083 1980 et
2114 1941 2204 1980 vo-

2383 1961 2401 1994 (
2436 1943 2499 1995 Εἰ
2530 1944 2603 2014 μή
2635 1942 2781 2005 τινές
2809 1942 2947 1994 εἰσιν
2973 1942 3023 1994 οἱ
3046 1941 3411 2009 ταράσσοντες
3464 1940 3620 2007 ὑμᾶς,
3659 1940 3737 1990 καὶ
3758 1938 3822 1989 es

632 2017 752 2072 lunt
777 2029 1103 2072 convertere
1138 2015 1495 2089 Evangelium
1523 2017 1754 2073 Christi.
1787 2036 1805 2068 ι

2304 2037 2490 2096 λοντες
2553 2034 2923 2105 μεταστρέψαι
2951 2033 3014 2086 τὸ
3042 2032 3379 2100 Εὑαγγέλιον
3422 2030 3515 2084 τοῦ
3547 2031 3769 2101 Χριστοῦ.
3800 2049 3812 2078 ι

701 2106 875 2163 Recte
905 2107 1003 2172 ait,
1036 2108 1127 2179 qui
1158 2125 1249 2163 vos
1283 2109 1630 2176 conturbant,
1665 2124 1808 2174 non,
1844 2109 1936 2179 qui
1972 2107 2204 2175 docent;

2377 2122 2451 2181 Εὖ
2514 2126 2608 2192 τὸ,
2676 2124 3090 2194 ταράσσοντες
3114 2164 3129 2189 ,
3188 2124 3251 2177 οὐ
3308 2123 3672 2186 διδάσκοντες,
3728 2120 3818 2174 oili

632 2208 692 2254 ut
719 2199 977 2256 ostendat
1002 2214 1123 2255 eam
1153 2215 1270 2256 rem
1306 2214 1515 2257 meram
1543 2216 1669 2257 esse
1699 2202 2100 2272 deceptionem.

2307 2218 2583 2281 πείθοντες
2602 2235 2615 2249 ο
2646 2217 2729 2270 {va
2745 2216 2891 2289 δείξῃ
2921 2216 3134 2286 ἀπάτης
3155 2216 3321 2286 μόνης
3335 2214 3397 2268 τὸ
3431 2215 3652 2284 πρᾶγμα.
3676 2212 3744 2265 ὅν.

703 2292 870 2350 Vsus.
904 2293 958 2348 8.
993 2293 1047 2349 9.
1112 2312 1130 2346 ι
1186 2294 1297 2351 Sed
1332 2296 1463 2351 licet
1522 2311 1647 2361 nos,
1711 2304 1807 2350 aut
1860 2296 2089 2367 angelus
2138 2296 2207 2352 de

2384 2328 2403 2362 ι
2444 2309 2603 2363 Ἀ).λά
2660 2310 2755 2363 καὶ
2809 2310 2903 2363 ἐὰν
2943 2311 3101 2380 ἡμεῖς
3127 2309 3163 2379 ἢ
3190 2307 3421 2375 ἄγγελος
3452 2306 3510 2370 ἐξ
3534 2303 3737 2375 οὐρανοῦ
3758 2302 3821 2354 εὖ·

632 2388 778 2442 οωιο
809 2387 1154 2458 evangelizet
1186 2388 1347 2442 vobis
1395 2398 1765 2459 praeterquam
1794 2388 1943 2459 quod
1974 2402 2207 2458 evange-

2308 2401 2663 2472 αγγελίζηται
2694 2404 2827 2469 παρ’
2863 2401 2892 2455 ὃ
2922 2400 3395 2471 εὐηγγελισάμεθα
3438 2400 3562 2469 ὑμῖν
3585 2438 3599 2459 ,
3630 2395 3822 2462 ἀνάθεμα

632 2478 922 2535 lizavimus
953 2480 1135 2542 vobis,
1170 2481 1464 2536 anathema
1497 2480 1591 2537 sit.
1632 2479 1790 2537 Sicut
1826 2480 2205 2551 praediximus,

2308 2497 2468 2550 ἔστω.
2508 2498 2594 2560 Ὠς
2636 2496 3066 2566 προειρήκαμεν,
3116 2494 3212 2545 καὶ
3263 2492 3390 2563 ἄρτι
3429 2491 3587 2544 πάλιν
3628 2489 3764 2556 λέγον
3788 2484 3822 2537 εἰ

631 2582 686 2625 et
716 2586 868 2626 nunc
897 2571 1093 2625 iterum
1124 2571 1248 2627 dico
1273 2588 1286 2624 :
1321 2570 1368 2625 si
1400 2570 1527 2641 quis
1564 2570 1718 2627 vobis
1746 2567 2210 2642 evangelizaverit

2308 2607 2391 2653 τις
2425 2589 2570 2659 ὑμᾶς
2595 2586 3004 2656 εὐαγγελίζεται
3038 2586 3168 2655 παρ’
3187 2584 3217 2637 ὃ
3246 2583 3609 2655 παρελάϐετε,
3630 2578 3821 2645 ἀνάθεμα

632 2671 829 2735 praeter
853 2663 906 2717 id
936 2662 1083 2733 quod
1112 2661 1426 2732 accepistis,
1459 2661 1752 2718 anathema
1784 2660 1875 2717 sit.
1916 2679 1935 2714 ι
2309 2683 2468 2735 ἔστω,
2506 2701 2526 2734 ,

704 2754 837 2811 Vide
893 2754 1249 2825 prudentiam
1300 2754 1599 2825 Apostoli:
1661 2753 1741 2811 Ne
1795 2754 1922 2823 quis
1979 2753 2205 2819 diceret,

2383 2776 2524 2846 Ὅρα
2562 2772 2777 2827 σύνεσιν
2804 2771 3188 2842 ἀποστολικήν·
3227 2771 3347 2824 Ἰνα
3371 2769 3482 2840 γάρ
3516 2768 3587 2838 μή
3614 2783 3687 2828 τις
3710 2763 3822 2831 λέγῃ.

631 2865 753 2905 cum
804 2849 990 2906 inanis
1038 2847 1229 2919 gloria:
1267 2848 1545 2904 desiderio
1579 2846 1804 2919 propria
1840 2848 2045 2918 placita
2074 2860 2205 2902 νειμ

2310 2870 2393 2923 ὅτι
2446 2867 2754 2933 κενοδοξίας
2807 2866 2994 2920 ἕνεκεν
3018 2864 3087 2917 τά
3114 2863 3223 2917 ἴδια
3278 2862 3571 2933 συγκροτεῖ
3613 2858 3824 2925 δόγματα,

630 2943 832 3008 ditare,
862 2949 1038 2998 semct
1065 2940 1407 2995 anathemati
1438 2942 1711 2997 devovere
1754 2954 1867 2995 non
1910 2938 2209 2995 dubitavit.

2312 2959 2406 3013 καὶ
2464 2958 2626 3012 αὑτὸν
2672 2956 3083 3026 ἁνεθεμάτισεν·
3139 2953 3329 3023 ἐπειδὴ
3362 2938 3437 3005 ’δὲ
3489 2952 3566 3014 εἰς
3597 2947 3830 3017 ἀξιώματι

633 3031 698 3087 Et
728 3033 860 3103 quia
888 3032 971 3086 illi
1006 3033 1075 3086 ad
1103 3033 1466 3087 auctoritates
1494 3031 1913 3102 confugiebant,
1939 3029 2208 3086 Joannem

2312 3051 2640 3120 κατέφυγον,
2688 3050 2947 3105 Ἰάκωϐον
2987 3049 3082 3101 καὶ
3114 3046 3387 3116 Ἰωάννην,
3438 3044 3527 3097 διὰ
3578 3039 3717 3093 τοῦτο
3759 3033 3826 3087 καὶ

631 3132 762 3196 puta
786 3132 841 3180 et
869 3122 1181 3188 Iacobum;
1211 3138 1332 3179 eam
1368 3123 1441 3178 ob
1470 3139 1583 3177 rem
1620 3123 1844 3192 angelos
1870 3136 2205 3177 commemo-

2238 3193 2278 3214 η
2312 3146 2559 3214 ἀγγέλων
2627 3143 2896 3214 ἐμνήσθη.
2979 3140 3074 3212 Μὴ
3125 3139 3235 3209 γάρ
3290 3154 3382 3208 μοι
3421 3132 3667 3188 Ἰάικωῦον
3711 3128 3828 3195 εῑπῃς

633 3193 794 3272 ravit.
836 3215 1037 3286 Neque.
1072 3214 1219 3271 enim
1266 3214 1403 3275 milii
1450 3213 1718 3269 Jacobqu
1752 3224 1805 3269 et
1828 3214 2096 3270 Joannem
2127 3216 2204 3270 ci-

2236 3193 2280 3275 β
2316 3193 2409 3295 uel:
2486 3193 2765 3308 ’devuqv:
2837 3193 2956 3290 Ιξᾶν
3003 3193 3149 3306 γάρ.
3181 3193 3304 3286 τῶν.
3345 3226 3581 3299 πρώτων
3637 3219 3827 3291 ἀγγέλων

632 3307 841 3363 taveris
869 3324 883 3361 :
926 3322 1053 3361 nam
1079 3306 1333 3377 quamvis
1359 3320 1425 3362 ex
1453 3305 1795 3375 primoribus
1821 3306 2032 3377 angelis
2066 3320 2211 3361 unus

632 3318 841 3363 taverts
869 3324 883 3361 :
926 3322 1053 3361 nam
1079 3321 1333 3377 quamvis
1359 3320 1425 3362 ex
1453 3318 1795 3375 pl‘ImOI'lDllS
1821 3318 2032 3377 angens
2066 3320 2211 3361 unus

632 3400 724 3467 sit,
758 3400 857 3471 qui
908 3398 1354 3471 praedicationem
1420 3398 1737 3464 labefactet,
1797 3399 1889 3453 ille
1949 3400 2024 3454 sit
2077 3413 2206 3453 ana-

2310 3334 2464 3413 ᾖτις,
2490 3338 2675 3406 φησὶν,
2704 3333 3033 3402 διαφθείρων
3052 3331 3112 3383 τὸ
3134 3330 3421 3399 κήρυγμα,
3447 3323 3687 3392 ἀνάθεμα
3705 3318 3826 3371 ἔστω.

633 3490 864 3548 thema?

702 3579 869 3652 Vsus.
916 3581 1006 3639 10.
1039 3598 1059 3634 ι
1118 3580 1281 3639 Modo
1313 3581 1463 3637 enim
1505 3581 1830 3637 hominibus
1877 3582 2105 3650 suadeo,
2142 3599 2209 3637 an

633 3669 789 3729 Deo?
819 3691 840 3727 ι

2156 3599 2209 3637 In
2389 3619 2406 3652 ι
2448 3600 2606 3672 Ἀρτι
2630 3598 2740 3668 γὰρ
2778 3595 3102 3666 ἀνθρώπους
3136 3591 3345 3656 πείθω,
3381 3591 3417 3662 ἢ
3448 3591 3538 3644 τὸν
3561 3586 3715 3651 Θεόν;
3737 3600 3754 3635 ι

710 3687 840 3729 οἵ)

700 3764 839 3821 Nam
869 3767 974 3823 etsi
997 3766 1116 3822 haec
1140 3765 1391 3822 docendo
1414 3781 1513 3823 vos
1535 3767 1754 3840 decipio
1773 3811 1788 3835 ,
1822 3770 2002 3840 inquit
2024 3811 2040 3836 ,
2070 3787 2213 3825 nun-

2387 3784 2450 3836 Εἰ
2484 3782 2580 3835 καὶ
2611 3780 2756 3851 ὑμᾶς
2779 3779 3028 3849 ἠπάτων,
3055 3775 3213 3845 φησὶ,
3253 3773 3436 3827 ταῦτα
3466 3772 3654 3839 λέγων,
3685 3765 3747 3836 μὴ
3768 3763 3831 3815 καὶ

632 3860 767 3933 quid
805 3868 869 3919 et.
904 3859 1019 3921 Deo
1046 3860 1257 3929 valeam
1290 3859 1601 3931 imponere,
1634 3862 1727 3916 cui
1757 3871 2047 3933 perspecta
2078 3873 2206 3918 sunt

2312 3876 2403 3929 τὸν
2429 3875 2562 3928 Θεὸν
2594 3869 3070 3943 παραλογίσασθαι
3103 3868 3363 3937 δύναμαι,
3398 3866 3494 3919 τὸν
3513 3864 3581 3917 τά
3602 3860 3833 3931 ἀπόρρητα

633 3967 834 4008 arcana
877 3952 1259 4024 cogitationis,
1306 3960 1361 4008 et
1391 3953 1481 4008 cui
1511 3967 1609 4023 per
1648 3956 1834 4009 omnia
1869 3958 2095 4026 placere
2126 3962 2205 4010 to.

2314 3970 2412 4037 τῆς
2441 3966 2679 4029 διανοίας
2706 3965 2906 4027 εἰδότα,
2938 3964 3033 4015 καὶ
3055 3956 3099 4031 ᾧ
3127 3962 3281 4014 πᾶσά
3313 3977 3406 4031 μοι
3448 3956 3647 4025 σπουδὴ
3665 3954 3745 4007 καὶ
3770 3951 3832 4003 διὰ

632 4046 706 4103 tis
739 4045 941 4102 studiis
970 4046 1274 4105 contendo.

1263 4086 1274 4100 ·
2315 4060 2534 4111 πάντων
2563 4057 2822 4127 ἀρέσκειν
2846 4074 2861 4121 ;

707 4157 727 4190 ι
761 4138 819 4193 Si
859 4137 1041 4194 adhuc
1093 4138 1411 4197 hominibus
1441 4139 1736 4208 placerem,
1773 4156 1968 4195 servus
2006 4141 2212 4196 Christi

2400 4170 2419 4202 ι
2456 4150 2521 4203 Et
2580 4147 2663 4202 ἔτι
2720 4146 3029 4217 ἀνθρώποις
3078 4146 3353 4216 ἤρεσκον,
3408 4140 3645 4215 Χριστοῦ
3695 4134 3832 4192 δοῦλος

634 4245 742 4285 non
782 4244 991 4287 essem.
1027 4227 1220 4300 Heus.
1258 4228 1371 4301 1L]
1406 4230 1612 4285 Notum
1657 4232 1806 4284 enim
1840 4232 2001 4288 vobis
2037 4231 2205 4298 facio,

2316 4244 2383 4298 ἂν
2406 4245 2573 4315 ἢμην.
2641 4238 2900 4311 Γνωρίζω
2944 4238 3052 4307 γάρ
3102 4238 3254 4307 ὑμῖν,
3284 4234 3529 4303 ἀδελφοὶ,
3560 4233 3619 4287 τδ
3641 4224 3832 4293 Εὐαγγέ-

636 4321 854 4387 fratres,
880 4320 1259 4390 Evangelium,
1293 4319 1441 4391 quod
1463 4323 1901 4393 evangelizatum
1929 4332 2016 4380 est
2045 4340 2075 4379 a
2104 4340 2211 4389 me,

2314 4337 2448 4403 λιον,
2472 4336 2534 4388 τὸ
2561 4330 2949 4402 εὐαγγελισθὲν
3001 4328 3091 4383 ὑπ’
3116 4328 3275 4401 ἐμοῦ,
3312 4332 3395 4382 ὄτι
3445 4328 3547 4381 οὐκ
3580 4326 3685 4376 ἐστι
3731 4315 3832 4371 κατὰ

634 4412 764 4483 quia
792 4427 905 4466 non
934 4420 1022 4468 est
1054 4412 1359 4468 secundum
1397 4413 1707 4470 hominem.
1746 4434 1766 4467 ι

1066 4412 1359 4468 secundum
1397 4413 1707 4470 hominem.
1746 4434 1766 4467 ι
2317 4431 2621 4502 ἄνθρωπον.
2646 4448 2664 4481 ›

710 4503 767 4557 Si
798 4503 1119 4560 hominibus
1155 4506 1375 4575 placere
1426 4506 1731 4573 studerem,
1780 4507 1963 4564 adhuc
2006 4517 2211 4565 starem
2246 4536 2290 4592 ι)

2246 4536 2290 4592 ι)
2396 4524 2458 4577 Εἰ
2490 4522 2681 4593 ἤθελον
2718 4518 3028 4591 ἀνθρώποις
3085 4516 3300 4589 ἀρέσαι,
3374 4514 3567 4585 φησίν,
3620 4510 3693 4563 ἔτι
3734 4502 3835 4593 μετᾶ

635 4608 667 4647 a
720 4591 1037 4648 Iudaeorum
1087 4594 1363 4665 partibus,
1394 4603 1450 4652 et
1477 4595 1787 4653 Ecclesiam
1839 4599 2213 4655 devastarem.

2253 4591 2260 4592 ί
2328 4591 2600 4666 Ἰουδαίων
2643 4612 2811 4682 ήμην,
2864 4610 2961 4663 καὶ
3003 4608 3102 4679 τὴν
3138 4606 3475 4676 Ἐκκλησίαν
3517 4592 3834 4673 ὲπόρθονν.Εἱ

634 4685 775 4739 Cum
824 4699 957 4741 vero
993 4694 1164 4741 totam
1207 4695 1450 4760 gentem,
1482 4691 1930 4761 consanguineos
1965 4700 2020 4747 et
2050 4692 2217 4747 clari-

2316 4704 2373 4781 δὲ
2400 4704 2587 4768 ἔθνους
2611 4702 2908 4773 ὁλοκλήρου
2937 4703 3034 4755 καὶ
3092 4699 3372 4769 συγγενῶν
3423 4700 3522 4752 καὶ
3563 4696 3709 4764 δόξης

636 4782 807 4829 tatem
840 4780 1063 4845 generis
1093 4789 1428 4849 aspernatus
1467 4780 1598 4847 sim,
1651 4782 1835 4853 iisque
1868 4786 2218 4855 persecutio-

2320 4778 2624 4871 ἐφρόνησα,
2657 4796 2754 4849 καὶ
2800 4792 3221 4865 ἁντηλλαξάμην
3245 4794 3546 4862 διωγμοὺς,
3586 4787 3674 4841 καὶ
3718 4778 3832 4871 mli?

594 4902 604 4925 ι
635 4884 758 4934 nes,
791 4868 957 4938 bella,
1007 4873 1363 4942 quotidianas
1416 4883 1625 4933 mortes
1653 4878 2064 4943 commutarim,
2092 4894 2192 4946 per

2321 4868 2477 4961 μονς,
2511 4868 2605 4942 καὶ
2638 4887 2907 4949 θανάτους
2932 4885 3362 4957 καθημερινοὺς.
3405 4881 3630 4952 εὖδηλον
3665 4878 3735 4930 ὅτι
3771 4869 3835 4923 καὶ

636 4961 897 5032 spicuum
932 4971 1017 5019 est
1061 4979 1125 5018 ea
1162 4980 1287 5034 quae
1324 4983 1471 5024 nunc
1503 4968 1736 5035 alIirmo,
1771 4985 1881 5024 non
1919 4970 2109 5041 gloriae
2149 4971 2218 5025 ab

2316 4982 2490 5036 ’ταῦτα
2516 4980 2551 5035 ά
2580 4980 2725 5049 λέγω
2752 4978 2868 5044 νῦν,
2898 4979 2959 5032 οὐ
2993 4979 3095 5048 τῆς
3113 4978 3225 5031 τῶν
3255 4976 3568 5047 ἀνθρώπων
3607 4969 3835 5041 ἐφιέμενος

638 5055 958 5113 hominibus
987 5054 1245 5127 paranda:
1274 5061 1453 5130 gratia
1486 5062 1619 5118 dici.
1656 5062 1785 5119 Haec
1817 5079 1984 5134 porro
2017 5064 2115 5128 ait,
2150 5079 2216 5119 eo

2318 5075 2472 5146 δόξης
2525 5073 2692 5143 λέγω.
2750 5073 2924 5126 Τοῦτο
2941 5072 2999 5127 δὲ
3029 5072 3274 5143 εἴρηκεν,
3330 5069 3521 5140 ἐπειδὴ
3569 5064 3734 5137 μέλλει
3774 5056 3838 5109 καὶ

637 5148 787 5215 quod
815 5149 1106 5218 pristinam
1160 5166 1316 5209 suam
1365 5154 1586 5210 vivendi
1643 5159 1919 5213 rationem
1980 5157 2217 5212 subinde

2319 5167 2411 5219 τὸν
2466 5166 2731 5237 πρότερον
2785 5164 2953 5220 αὑτοῦ
3001 5164 3306 5236 διηγεῖσθαι
3340 5162 3477 5233 βίον.
3512 5162 3625 5213 Ἵνα
3669 5149 3749 5208 οὖν
3785 5146 3838 5216 μὴ

641 5248 967 5295 narraturus
1021 5251 1159 5296 erat.
1211 5243 1291 5299 Ne
1338 5260 1471 5315 ergo
1523 5256 1813 5317 putarent,
1842 5250 1948 5305 hoc
1982 5266 2108 5305 eum
2136 5250 2219 5303 fa-

2320 5259 2638 5329 νομίσωσιν,
2668 5257 2752 5309 ὃτι
2783 5255 2967 5319 αὐτοῖς
3006 5254 3455 5323 ἀπολογούμενος
3512 5247 3666 5303 τοῦτο
3714 5239 3838 5295 ποιεῖν

641 5346 766 5387 uere
794 5343 855 5386 ut
887 5350 946 5388 se
975 5334 1257 5404 defendat,
1294 5348 1460 5410 atque
1489 5340 1619 5398 inde
1670 5343 2045 5413 superbirent,
2095 5344 2220 5399 ideo

2323 5328 2416 5405 καὶ
2449 5349 2788 5421 ὲπαρθῶσιν,
2826 5350 2914 5404 διὰ
2946 5346 3105 5402 τοῦτο
3134 5363 3319 5417 φησιν’
3341 5347 3509 5415 ’Ἄρτι
3536 5343 3640 5413 γὰρ
3663 5328 3838 5399 ἀνθρώ·

642 5423 785 5478 dixit
823 5442 837 5477 :
875 5425 1060 5479 Adhuc
1088 5430 1228 5483 enim
1254 5430 1554 5488 hominibus
1596 5437 1814 5489 suadeo.

1108 5430 1228 5483 mim
1254 5430 1554 5488 hominibus
1596 5437 1814 5489 suadeo.
2322 5459 2474 5506 ,πους
2506 5440 2706 5493 πείθω.

686 5512 747 5572 3'
774 5541 898 5595 Act.
927 5557 1001 5607 IV,
1029 5542 1116 5597 ιε.

1965 5646 2201 5704 ΥΑῐὶΙᾹῖ.
2233 5649 2639 5706 LEC'I'IONES.

647 5729 807 5816 99"".
852 5730 1119 5816 Εωιετυῐη
1139 5735 1464 5816 Pamgspeni
1495 5755 1693 5795 sensus
1725 5742 1798 5816 ita
1831 5743 2080 5799 redditur
2118 5745 2261 5815 apud
2289 5745 2714 5814 (Ecumenium,
2749 5756 2807 5801 ut
2839 5747 3094 5802 swrulum
3127 5759 3358 5816 nequam
3398 5741 3542 5796 idem
3572 5744 3767 5809 quoque
3791 5725 3845 5780 Si

646 5810 810 5872 atque
852 5802 1221 5877 διεφθαρμένη
1260 5806 1393 5878 ζωὴ,
1426 5821 1675 5880 corrupta
1714 5814 1841 5869 vita.
