  <div class='ocr_page' id='page_1' title='image "/cluster/home/n/w/nwhite01/storage/ocr_20150623/95/hvd.32044019208057/396.png"; bbox 0 0 4048 6424; ppageno 0'>
   <div class='ocr_carea' id='block_1_1' title="bbox 225 390 327 457">
    <p class='ocr_par' dir='ltr' id='par_1_1' title="bbox 225 390 327 457">
     <span class='ocr_line' id='line_1_1' title="bbox 225 390 327 457; baseline 0 0"><span class='ocrx_word' id='word_1_1' title='bbox 225 390 327 457; x_wconf 83' lang='grc'><strong>781</strong></span> 
     </span>
    </p>
   </div>
   <div class='ocr_carea' id='block_1_2' title="bbox 1387 384 2276 446">
    <p class='ocr_par' dir='ltr' id='par_1_2' title="bbox 1387 384 2276 446">
     <span class='ocr_line' id='line_1_2' title="bbox 1387 384 2276 446; baseline -0.004 0"><span class='ocrx_word' id='word_1_2' title='bbox 1387 385 1467 446; x_wconf 84' lang='lat' dir='ltr'><strong>IN</strong></span> <span class='ocrx_word' id='word_1_3' title='bbox 1514 384 1749 444; x_wconf 85' lang='lat' dir='ltr'><strong>EPIST.</strong></span> <span class='ocrx_word' id='word_1_4' title='bbox 1785 384 1883 443; x_wconf 81' lang='lat' dir='ltr'><strong>AD</strong></span> <span class='ocrx_word' id='word_1_5' title='bbox 1923 384 2276 443; x_wconf 85' lang='lat' dir='ltr'><strong>GALATAS.</strong></span> 
     </span>
    </p>
   </div>
   <div class='ocr_carea' id='block_1_3' title="bbox 3349 389 3453 454">
    <p class='ocr_par' dir='ltr' id='par_1_3' title="bbox 3349 389 3453 454">
     <span class='ocr_line' id='line_1_3' title="bbox 3349 389 3453 454; baseline 0 -1"><span class='ocrx_word' id='word_1_6' title='bbox 3349 389 3453 454; x_wconf 78' lang='grc'><strong>782</strong></span> 
     </span>
    </p>
   </div>
   <div class='ocr_carea' id='block_1_4' title="bbox 300 489 1808 570">
    <p class='ocr_par' dir='ltr' id='par_1_4' title="bbox 300 492 1789 570">
     <span class='ocr_line' id='line_1_4' title="bbox 300 492 1789 570; baseline -0.009 -14"><span class='ocrx_word' id='word_1_7' title='bbox 300 523 318 555; x_wconf 79' lang='grc' dir='ltr'><strong>ι</strong></span> <span class='ocrx_word' id='word_1_8' title='bbox 356 502 491 555; x_wconf 78' lang='grc' dir='ltr'>Οὐδὲ</span> <span class='ocrx_word' id='word_1_9' title='bbox 519 501 629 569; x_wconf 75' lang='grc' dir='ltr'>γὰρ</span> <span class='ocrx_word' id='word_1_10' title='bbox 671 502 781 569; x_wconf 70' lang='grc' dir='ltr'>ἔγω</span> <span class='ocrx_word' id='word_1_11' title='bbox 824 499 953 570; x_wconf 80' lang='grc' dir='ltr'>παρ’</span> <span class='ocrx_word' id='word_1_12' title='bbox 1004 496 1292 569; x_wconf 79' lang='grc' dir='ltr'>ἀνθρώπου</span> <span class='ocrx_word' id='word_1_13' title='bbox 1355 492 1658 563; x_wconf 78' lang='grc' dir='ltr'>παρέλαϐον</span> <span class='ocrx_word' id='word_1_14' title='bbox 1694 492 1789 543; x_wconf 79' lang='grc' dir='ltr'>αὐ-</span> 
     </span>
    </p>
   </div>
   <div class='ocr_carea' id='block_1_5' title="bbox 1911 489 3453 570">
    <p class='ocr_par' dir='ltr' id='par_1_5' title="bbox 1960 489 3453 565">
     <span class='ocr_line' id='line_1_5' title="bbox 1960 489 3453 565; baseline 0.006 -20"><span class='ocrx_word' id='word_1_15' title='bbox 1960 490 2124 546; x_wconf 79' lang='lat' dir='ltr'><strong>Vens.</strong></span> <span class='ocrx_word' id='word_1_16' title='bbox 2176 491 2265 544; x_wconf 72' lang='lat'><strong>19..</strong></span> <span class='ocrx_word' id='word_1_17' title='bbox 2301 511 2319 543; x_wconf 75' lang='grc' dir='ltr'><strong>ι</strong></span> <span class='ocrx_word' id='word_1_18' title='bbox 2359 489 2548 563; x_wconf 68' lang='lat' dir='ltr'><strong>Nellue</strong></span> <span class='ocrx_word' id='word_1_19' title='bbox 2593 496 2737 549; x_wconf 91' lang='lat' dir='ltr'><strong>enim</strong></span> <span class='ocrx_word' id='word_1_20' title='bbox 2767 508 2867 565; x_wconf 89' lang='lat' dir='ltr'><strong>ego</strong></span> <span class='ocrx_word' id='word_1_21' title='bbox 2910 493 2978 548; x_wconf 88' lang='lat' dir='ltr'><strong>ab</strong></span> <span class='ocrx_word' id='word_1_22' title='bbox 3019 496 3239 550; x_wconf 85' lang='lat' dir='ltr'><strong>homine</strong></span> <span class='ocrx_word' id='word_1_23' title='bbox 3268 502 3453 565; x_wconf 87' lang='lat' dir='ltr'><strong>accepi</strong></span> 
     </span>
    </p>
   </div>
   <div class='ocr_carea' id='block_1_6' title="bbox 226 583 1808 669">
    <p class='ocr_par' dir='ltr' id='par_1_6' title="bbox 226 583 1788 665">
     <span class='ocr_line' id='line_1_6' title="bbox 226 583 1788 665; baseline -0.009 -17"><span class='ocrx_word' id='word_1_24' title='bbox 226 597 301 656; x_wconf 76' lang='grc' dir='ltr'><strong>τὸ.</strong></span> <span class='ocrx_word' id='word_1_25' title='bbox 333 595 451 648; x_wconf 75' lang='grc' dir='ltr'>οὐδὲ</span> <span class='ocrx_word' id='word_1_26' title='bbox 496 593 778 665; x_wconf 79' lang='grc' dir='ltr'><strong>ἐδιδάχθην</strong></span> <span class='ocrx_word' id='word_1_27' title='bbox 807 608 822 623; x_wconf 86' lang='grc'>⁶</span> <span class='ocrx_word' id='word_1_28' title='bbox 882 592 1022 645; x_wconf 73' lang='grc' dir='ltr'>ἀλλὰ</span> <span class='ocrx_word' id='word_1_29' title='bbox 1059 591 1127 642; x_wconf 85' lang='grc' dir='ltr'>δι’</span> <span class='ocrx_word' id='word_1_30' title='bbox 1166 585 1564 653; x_wconf 78' lang='grc' dir='ltr'><strong>ἀποκαλύψεως</strong></span> <span class='ocrx_word' id='word_1_31' title='bbox 1615 583 1788 653; x_wconf 80' lang='grc' dir='ltr'>Ἰησοῦ</span> 
     </span>
    </p>
   </div>
   <div class='ocr_carea' id='block_1_7' title="bbox 1911 583 3489 669">
    <p class='ocr_par' dir='ltr' id='par_1_7' title="bbox 1913 583 3489 669">
     <span class='ocr_line' id='line_1_7' title="bbox 1913 583 3489 669; baseline 0.006 -32"><span class='ocrx_word' id='word_1_32' title='bbox 1913 584 2046 647; x_wconf 84' lang='lat' dir='ltr'><strong>llud,</strong></span> <span class='ocrx_word' id='word_1_33' title='bbox 2107 598 2287 653; x_wconf 90' lang='lat' dir='ltr'><strong>neque</strong></span> <span class='ocrx_word' id='word_1_34' title='bbox 2339 583 2545 651; x_wconf 84' lang='lat' dir='ltr'><strong>didici;</strong></span> <span class='ocrx_word' id='word_1_35' title='bbox 2599 587 2695 641; x_wconf 87' lang='lat' dir='ltr'><strong>sed</strong></span> <span class='ocrx_word' id='word_1_36' title='bbox 2746 601 2843 657; x_wconf 87' lang='lat' dir='ltr'><strong>per</strong></span> <span class='ocrx_word' id='word_1_37' title='bbox 2897 589 3289 644; x_wconf 87' lang='lat' dir='ltr'><strong>revelatiouem</strong></span> <span class='ocrx_word' id='word_1_38' title='bbox 3322 590 3489 669; x_wconf 21' lang='lat' dir='ltr'><strong>Jesul</strong></span> 
     </span>
    </p>
   </div>
   <div class='ocr_carea' id='block_1_8' title="bbox 217 688 532 759">
    <p class='ocr_par' dir='ltr' id='par_1_8' title="bbox 217 688 532 759">
     <span class='ocr_line' id='line_1_8' title="bbox 217 688 532 759; baseline -0.006 -19"><span class='ocrx_word' id='word_1_39' title='bbox 217 688 478 759; x_wconf 81' lang='grc' dir='ltr'>Χριστοῦ.</span> <span class='ocrx_word' id='word_1_40' title='bbox 512 706 532 738; x_wconf 74' lang='grc' dir='ltr'><strong>ι</strong></span> 
     </span>
    </p>
   </div>
   <div class='ocr_carea' id='block_1_9' title="bbox 296 764 1789 849">
    <p class='ocr_par' dir='ltr' id='par_1_9' title="bbox 296 764 1789 849">
     <span class='ocr_line' id='line_1_9' title="bbox 296 764 1789 849; baseline -0.011 -15"><span class='ocrx_word' id='word_1_41' title='bbox 296 782 437 849; x_wconf 87' lang='grc' dir='ltr'><strong>Ὅρα</strong></span> <span class='ocrx_word' id='word_1_42' title='bbox 483 780 600 843; x_wconf 84' lang='grc' dir='ltr'><strong>πῶς</strong></span> <span class='ocrx_word' id='word_1_43' title='bbox 638 779 752 832; x_wconf 75' lang='grc' dir='ltr'><strong>ἀνω</strong></span> <span class='ocrx_word' id='word_1_44' title='bbox 788 778 883 831; x_wconf 68' lang='grc' dir='ltr'>καὶ</span> <span class='ocrx_word' id='word_1_45' title='bbox 940 776 1088 829; x_wconf 87' lang='grc' dir='ltr'>κάτω</span> <span class='ocrx_word' id='word_1_46' title='bbox 1136 770 1567 843; x_wconf 77' lang='grc' dir='ltr'>διισχυρίζεται.</span> <span class='ocrx_word' id='word_1_47' title='bbox 1597 768 1672 831; x_wconf 83' lang='grc' dir='ltr'>ὼς</span> <span class='ocrx_word' id='word_1_48' title='bbox 1695 764 1789 818; x_wconf 89' lang='grc' dir='ltr'><strong>τοῦ</strong></span> 
     </span>
    </p>
   </div>
   <div class='ocr_carea' id='block_1_10' title="bbox 218 860 1789 940">
    <p class='ocr_par' dir='ltr' id='par_1_10' title="bbox 218 860 1789 940">
     <span class='ocr_line' id='line_1_10' title="bbox 218 860 1789 940; baseline -0.008 -17"><span class='ocrx_word' id='word_1_49' title='bbox 218 872 360 924; x_wconf 83' lang='grc' dir='ltr'>Θεοῦ</span> <span class='ocrx_word' id='word_1_50' title='bbox 402 872 591 940; x_wconf 81' lang='grc' dir='ltr'>γέγονε</span> <span class='ocrx_word' id='word_1_51' title='bbox 651 870 919 940; x_wconf 82' lang='grc' dir='ltr'>μαθητὴς,</span> <span class='ocrx_word' id='word_1_52' title='bbox 970 868 1057 921; x_wconf 78' lang='grc' dir='ltr'>διὰ</span> <span class='ocrx_word' id='word_1_53' title='bbox 1102 868 1163 919; x_wconf 80' lang='grc' dir='ltr'>τὸ</span> <span class='ocrx_word' id='word_1_54' title='bbox 1195 866 1324 928; x_wconf 82' lang='grc' dir='ltr'>τοὺς</span> <span class='ocrx_word' id='word_1_55' title='bbox 1382 860 1789 929; x_wconf 78' lang='grc' dir='ltr'><strong>ἀναγκάζοντας</strong></span> 
     </span>
    </p>
   </div>
   <div class='ocr_carea' id='block_1_11' title="bbox 216 950 1793 1033">
    <p class='ocr_par' dir='ltr' id='par_1_11' title="bbox 216 950 1793 1033">
     <span class='ocr_line' id='line_1_11' title="bbox 216 950 1793 1033; baseline -0.008 -18"><span class='ocrx_word' id='word_1_56' title='bbox 216 963 647 1033; x_wconf 76' lang='grc' dir='ltr'>περιτέμνεσθαι</span> <span class='ocrx_word' id='word_1_57' title='bbox 708 962 976 1027; x_wconf 79' lang='grc' dir='ltr'><strong>Γαλάτας,</strong></span> <span class='ocrx_word' id='word_1_58' title='bbox 1034 960 1213 1028; x_wconf 84' lang='grc' dir='ltr'>λέγειν</span> <span class='ocrx_word' id='word_1_59' title='bbox 1240 975 1252 986; x_wconf 90' lang='grc'>·</span> <span class='ocrx_word' id='word_1_60' title='bbox 1281 955 1355 1018; x_wconf 80' lang='grc' dir='ltr'>ὡς</span> <span class='ocrx_word' id='word_1_61' title='bbox 1409 956 1603 1007; x_wconf 78' lang='grc' dir='ltr'>ἐκεῖνοι</span> <span class='ocrx_word' id='word_1_62' title='bbox 1628 954 1676 1004; x_wconf 90' lang='grc' dir='ltr'>οἱ</span> <span class='ocrx_word' id='word_1_63' title='bbox 1699 950 1793 1003; x_wconf 87' lang='grc' dir='ltr'><strong>τοῦ</strong></span> 
     </span>
    </p>
   </div>
   <div class='ocr_carea' id='block_1_12' title="bbox 218 1042 1794 1126">
    <p class='ocr_par' dir='ltr' id='par_1_12' title="bbox 218 1042 1794 1126">
     <span class='ocr_line' id='line_1_12' title="bbox 218 1042 1794 1126; baseline -0.008 -19"><span class='ocrx_word' id='word_1_64' title='bbox 218 1055 467 1126; x_wconf 77' lang='grc' dir='ltr'><strong>Χριστοῦ</strong></span> <span class='ocrx_word' id='word_1_65' title='bbox 507 1055 788 1123; x_wconf 79' lang='grc' dir='ltr'>γεγονότες</span> <span class='ocrx_word' id='word_1_66' title='bbox 838 1054 1099 1124; x_wconf 68' lang='grc' dir='ltr'>μαθηταὶ,</span> <span class='ocrx_word' id='word_1_67' title='bbox 1160 1051 1363 1121; x_wconf 79' lang='grc' dir='ltr'>Πέτρος</span> <span class='ocrx_word' id='word_1_68' title='bbox 1415 1048 1508 1099; x_wconf 82' lang='grc' dir='ltr'><strong>καὶ</strong></span> <span class='ocrx_word' id='word_1_69' title='bbox 1543 1042 1794 1104; x_wconf 76' lang='grc' dir='ltr'>Ἰάκωϐος</span> 
     </span>
    </p>
   </div>
   <div class='ocr_carea' id='block_1_13' title="bbox 216 1134 1797 1217">
    <p class='ocr_par' dir='ltr' id='par_1_13' title="bbox 216 1134 1797 1217">
     <span class='ocr_line' id='line_1_13' title="bbox 216 1134 1797 1217; baseline -0.008 -19"><span class='ocrx_word' id='word_1_70' title='bbox 216 1148 320 1198; x_wconf 72' lang='grc' dir='ltr'>καὶ</span> <span class='ocrx_word' id='word_1_71' title='bbox 360 1147 629 1217; x_wconf 79' lang='grc' dir='ltr'>Ἰωάννης,</span> <span class='ocrx_word' id='word_1_72' title='bbox 657 1146 787 1199; x_wconf 77' lang='grc' dir='ltr'>ἐῶσι</span> <span class='ocrx_word' id='word_1_73' title='bbox 825 1145 923 1214; x_wconf 83' lang='grc' dir='ltr'>τὴν</span> <span class='ocrx_word' id='word_1_74' title='bbox 987 1141 1310 1213; x_wconf 84' lang='grc' dir='ltr'>περιτομὴν.</span> <span class='ocrx_word' id='word_1_75' title='bbox 1363 1134 1589 1197; x_wconf 74' lang='grc' dir='ltr'>οὗτοςδὲ</span> <span class='ocrx_word' id='word_1_76' title='bbox 1624 1134 1797 1205; x_wconf 84' lang='grc' dir='ltr'>μαθη-</span> 
     </span>
    </p>
   </div>
   <div class='ocr_carea' id='block_1_14' title="bbox 217 1224 1799 1307">
    <p class='ocr_par' dir='ltr' id='par_1_14' title="bbox 217 1224 1799 1307">
     <span class='ocr_line' id='line_1_14' title="bbox 217 1224 1799 1307; baseline -0.009 -17"><span class='ocrx_word' id='word_1_77' title='bbox 217 1236 333 1290; x_wconf 81' lang='grc' dir='ltr'><strong>τῶν</strong></span> <span class='ocrx_word' id='word_1_78' title='bbox 352 1236 748 1307; x_wconf 81' lang='grc' dir='ltr'>ὲστιματηθὴς,</span> <span class='ocrx_word' id='word_1_79' title='bbox 793 1237 886 1288; x_wconf 81' lang='grc' dir='ltr'><strong>καὶ</strong></span> <span class='ocrx_word' id='word_1_80' title='bbox 915 1236 976 1287; x_wconf 81' lang='grc' dir='ltr'><strong>οὐ</strong></span> <span class='ocrx_word' id='word_1_81' title='bbox 1006 1234 1088 1286; x_wconf 85' lang='grc' dir='ltr'><strong>δεῖ</strong></span> <span class='ocrx_word' id='word_1_82' title='bbox 1116 1232 1347 1293; x_wconf 76' lang='grc' dir='ltr'>ἐκείνοις</span> <span class='ocrx_word' id='word_1_83' title='bbox 1376 1228 1574 1300; x_wconf 67' lang='grc' dir='ltr'>μᾶλλον</span> <span class='ocrx_word' id='word_1_84' title='bbox 1604 1226 1636 1295; x_wconf 83' lang='grc' dir='ltr'><strong>ἢ</strong></span> <span class='ocrx_word' id='word_1_85' title='bbox 1672 1224 1799 1277; x_wconf 76' lang='grc' dir='ltr'>τού-</span> 
     </span>
    </p>
   </div>
   <div class='ocr_carea' id='block_1_15' title="bbox 220 1329 663 1399">
    <p class='ocr_par' dir='ltr' id='par_1_15' title="bbox 220 1329 663 1399">
     <span class='ocr_line' id='line_1_15' title="bbox 220 1329 663 1399; baseline 0.002 -20"><span class='ocrx_word' id='word_1_86' title='bbox 220 1345 302 1399; x_wconf 82' lang='grc' dir='ltr'>τῳ</span> <span class='ocrx_word' id='word_1_87' title='bbox 337 1329 625 1398; x_wconf 78' lang='grc' dir='ltr'>προσέχειν</span> <span class='ocrx_word' id='word_1_88' title='bbox 648 1344 663 1392; x_wconf 86' lang='grc'>;</span> 
     </span>
    </p>
   </div>
   <div class='ocr_carea' id='block_1_16' title="bbox 301 1408 1800 1486">
    <p class='ocr_par' dir='ltr' id='par_1_16' title="bbox 301 1408 1800 1486">
     <span class='ocr_line' id='line_1_16' title="bbox 301 1408 1800 1486; baseline -0.006 -19"><span class='ocrx_word' id='word_1_89' title='bbox 301 1434 322 1467; x_wconf 72' lang='grc' dir='ltr'><strong>ι</strong></span> <span class='ocrx_word' id='word_1_90' title='bbox 371 1419 668 1470; x_wconf 73' lang='grc' dir='ltr'>Ἠκούσατε</span> <span class='ocrx_word' id='word_1_91' title='bbox 699 1417 804 1486; x_wconf 77' lang='grc' dir='ltr'><strong>γὰρ</strong></span> <span class='ocrx_word' id='word_1_92' title='bbox 854 1416 951 1485; x_wconf 88' lang='grc' dir='ltr'><strong>τὴν</strong></span> <span class='ocrx_word' id='word_1_93' title='bbox 1006 1415 1145 1485; x_wconf 76' lang='grc' dir='ltr'>ἐμὴν</span> <span class='ocrx_word' id='word_1_94' title='bbox 1183 1410 1531 1481; x_wconf 82' lang='grc' dir='ltr'>ἀναστροφήν</span> <span class='ocrx_word' id='word_1_95' title='bbox 1568 1424 1698 1460; x_wconf 79' lang='grc' dir='ltr'>ποτε</span> <span class='ocrx_word' id='word_1_96' title='bbox 1742 1408 1800 1459; x_wconf 83' lang='grc' dir='ltr'><strong>ἐν</strong></span> 
     </span>
    </p>
   </div>
   <div class='ocr_carea' id='block_1_17' title="bbox 225 1500 1798 1577">
    <p class='ocr_par' dir='ltr' id='par_1_17' title="bbox 225 1500 1798 1577">
     <span class='ocr_line' id='line_1_17' title="bbox 225 1500 1798 1577; baseline -0.006 -17"><span class='ocrx_word' id='word_1_97' title='bbox 225 1508 304 1577; x_wconf 81' lang='grc' dir='ltr'>τῷ</span> <span class='ocrx_word' id='word_1_98' title='bbox 347 1506 683 1577; x_wconf 81' lang='grc' dir='ltr'>Ἰουδαϊσμῷ,</span> <span class='ocrx_word' id='word_1_99' title='bbox 709 1508 790 1560; x_wconf 85' lang='grc' dir='ltr'>ὅτι</span> <span class='ocrx_word' id='word_1_100' title='bbox 817 1506 937 1560; x_wconf 88' lang='grc' dir='ltr'>καθ’</span> <span class='ocrx_word' id='word_1_101' title='bbox 962 1502 1270 1576; x_wconf 72' lang='grc' dir='ltr'>ὑπερϐολὴν</span> <span class='ocrx_word' id='word_1_102' title='bbox 1297 1502 1516 1554; x_wconf 77' lang='grc' dir='ltr'>ἐδίωκον</span> <span class='ocrx_word' id='word_1_103' title='bbox 1553 1501 1650 1570; x_wconf 83' lang='grc' dir='ltr'>τὴν</span> <span class='ocrx_word' id='word_1_104' title='bbox 1679 1500 1798 1551; x_wconf 85' lang='grc' dir='ltr'>Ἐκ·</span> 
     </span>
    </p>
   </div>
   <div class='ocr_carea' id='block_1_18' title="bbox 228 1593 1801 1669">
    <p class='ocr_par' dir='ltr' id='par_1_18' title="bbox 228 1593 1801 1669">
     <span class='ocr_line' id='line_1_18' title="bbox 228 1593 1801 1669; baseline -0.005 -18"><span class='ocrx_word' id='word_1_105' title='bbox 228 1599 459 1669; x_wconf 83' lang='grc' dir='ltr'>κλησίαν</span> <span class='ocrx_word' id='word_1_106' title='bbox 486 1600 579 1651; x_wconf 87' lang='grc' dir='ltr'><strong>τοῦ</strong></span> <span class='ocrx_word' id='word_1_107' title='bbox 611 1600 743 1653; x_wconf 86' lang='grc' dir='ltr'>Θεοῦ</span> <span class='ocrx_word' id='word_1_108' title='bbox 766 1643 782 1664; x_wconf 88' lang='grc'><strong>,</strong></span> <span class='ocrx_word' id='word_1_109' title='bbox 837 1600 931 1652; x_wconf 75' lang='grc' dir='ltr'><strong>καὶ</strong></span> <span class='ocrx_word' id='word_1_110' title='bbox 986 1598 1253 1667; x_wconf 76' lang='grc' dir='ltr'>ἐπόρθουν</span> <span class='ocrx_word' id='word_1_111' title='bbox 1295 1596 1499 1664; x_wconf 78' lang='grc' dir='ltr'>αὐτὴν,</span> <span class='ocrx_word' id='word_1_112' title='bbox 1544 1593 1636 1645; x_wconf 74' lang='grc' dir='ltr'><strong>καὶ</strong></span> <span class='ocrx_word' id='word_1_113' title='bbox 1675 1607 1801 1661; x_wconf 84' lang='grc' dir='ltr'>προ·</span> 
     </span>
    </p>
   </div>
   <div class='ocr_carea' id='block_1_19' title="bbox 229 1681 1803 1760">
    <p class='ocr_par' dir='ltr' id='par_1_19' title="bbox 229 1681 1803 1760">
     <span class='ocr_line' id='line_1_19' title="bbox 229 1681 1803 1760; baseline -0.004 -20"><span class='ocrx_word' id='word_1_114' title='bbox 229 1690 461 1741; x_wconf 82' lang='grc' dir='ltr'>ἐκοπτον</span> <span class='ocrx_word' id='word_1_115' title='bbox 489 1691 545 1741; x_wconf 83' lang='grc' dir='ltr'>ὲν</span> <span class='ocrx_word' id='word_1_116' title='bbox 570 1690 644 1760; x_wconf 78' lang='grc' dir='ltr'><strong>τῷ</strong></span> <span class='ocrx_word' id='word_1_117' title='bbox 661 1689 977 1759; x_wconf 83' lang='grc' dir='ltr'>Ἰουδαϊσμῷ</span> <span class='ocrx_word' id='word_1_118' title='bbox 1005 1689 1140 1755; x_wconf 80' lang='grc' dir='ltr'>ὑπὲρ</span> <span class='ocrx_word' id='word_1_119' title='bbox 1170 1685 1397 1747; x_wconf 79' lang='grc' dir='ltr'>πολλοὺς</span> <span class='ocrx_word' id='word_1_120' title='bbox 1415 1681 1803 1755; x_wconf 78' lang='grc' dir='ltr'>συνηλικιώτας</span> 
     </span>
    </p>
   </div>
   <div class='ocr_carea' id='block_1_20' title="bbox 1890 676 2164 732">
    <p class='ocr_par' dir='ltr' id='par_1_20' title="bbox 1890 676 2164 732">
     <span class='ocr_line' id='line_1_20' title="bbox 1890 676 2164 732; baseline -0.015 -1"><span class='ocrx_word' id='word_1_121' title='bbox 1890 676 2115 732; x_wconf 89' lang='lat' dir='ltr'><strong>Christi.</strong></span> <span class='ocrx_word' id='word_1_122' title='bbox 2147 696 2164 727; x_wconf 76' lang='grc' dir='ltr'><strong>ι</strong></span> 
     </span>
    </p>
   </div>
   <div class='ocr_carea' id='block_1_21' title="bbox 1967 768 3460 841">
    <p class='ocr_par' dir='ltr' id='par_1_21' title="bbox 1967 768 3460 841">
     <span class='ocr_line' id='line_1_21' title="bbox 1967 768 3460 841; baseline 0.005 -21"><span class='ocrx_word' id='word_1_123' title='bbox 1967 768 2099 823; x_wconf 88' lang='lat' dir='ltr'><strong>Vide</strong></span> <span class='ocrx_word' id='word_1_124' title='bbox 2129 786 2244 841; x_wconf 92' lang='lat' dir='ltr'><strong>quo</strong></span> <span class='ocrx_word' id='word_1_125' title='bbox 2279 782 2436 841; x_wconf 86' lang='lat' dir='ltr'><strong>pacto</strong></span> <span class='ocrx_word' id='word_1_126' title='bbox 2470 784 2690 825; x_wconf 88' lang='lat' dir='ltr'><strong>sursum</strong></span> <span class='ocrx_word' id='word_1_127' title='bbox 2718 769 2978 824; x_wconf 86' lang='lat' dir='ltr'><strong>deorsum</strong></span> <span class='ocrx_word' id='word_1_128' title='bbox 3015 768 3249 824; x_wconf 75' lang='lat' dir='ltr'><strong>adirmat</strong></span> <span class='ocrx_word' id='word_1_129' title='bbox 3276 770 3368 825; x_wconf 85' lang='lat' dir='ltr'><strong>Dei</strong></span> <span class='ocrx_word' id='word_1_130' title='bbox 3400 788 3460 827; x_wconf 89' lang='lat' dir='ltr'><strong>se</strong></span> 
     </span>
    </p>
   </div>
   <div class='ocr_carea' id='block_1_22' title="bbox 1896 860 3461 934">
    <p class='ocr_par' dir='ltr' id='par_1_22' title="bbox 1896 860 3461 934">
     <span class='ocr_line' id='line_1_22' title="bbox 1896 860 3461 934; baseline 0.004 -22"><span class='ocrx_word' id='word_1_131' title='bbox 1896 860 2066 915; x_wconf 85' lang='lat' dir='ltr'><strong>fuisse</strong></span> <span class='ocrx_word' id='word_1_132' title='bbox 2121 863 2488 934; x_wconf 89' lang='lat' dir='ltr'><strong>discipulum;</strong></span> <span class='ocrx_word' id='word_1_133' title='bbox 2535 870 2821 932; x_wconf 87' lang='lat' dir='ltr'><strong>propterea</strong></span> <span class='ocrx_word' id='word_1_134' title='bbox 2885 863 3033 931; x_wconf 91' lang='lat' dir='ltr'><strong>quod</strong></span> <span class='ocrx_word' id='word_1_135' title='bbox 3092 865 3183 932; x_wconf 88' lang='lat' dir='ltr'><strong>qui</strong></span> <span class='ocrx_word' id='word_1_136' title='bbox 3244 862 3461 919; x_wconf 77' lang='lat' dir='ltr'><strong>Galatas</strong></span> 
     </span>
    </p>
   </div>
   <div class='ocr_carea' id='block_1_23' title="bbox 1897 952 3460 1025">
    <p class='ocr_par' dir='ltr' id='par_1_23' title="bbox 1897 952 3460 1025">
     <span class='ocr_line' id='line_1_23' title="bbox 1897 952 3460 1025; baseline 0.003 -20"><span class='ocrx_word' id='word_1_137' title='bbox 1897 962 2156 1023; x_wconf 88' lang='lat' dir='ltr'><strong>cogerent</strong></span> <span class='ocrx_word' id='word_1_138' title='bbox 2191 956 2541 1021; x_wconf 87' lang='lat' dir='ltr'><strong>circumcidi,</strong></span> <span class='ocrx_word' id='word_1_139' title='bbox 2577 956 2681 1008; x_wconf 85' lang='lat' dir='ltr'><strong>hoc</strong></span> <span class='ocrx_word' id='word_1_140' title='bbox 2729 955 3049 1009; x_wconf 87' lang='lat' dir='ltr'><strong>dictitarent</strong></span> <span class='ocrx_word' id='word_1_141' title='bbox 3083 972 3097 1007; x_wconf 90' lang='lat'><strong>:</strong></span> <span class='ocrx_word' id='word_1_142' title='bbox 3141 952 3224 1009; x_wconf 90' lang='lat' dir='ltr'><strong>Illi</strong></span> <span class='ocrx_word' id='word_1_143' title='bbox 3256 956 3348 1025; x_wconf 87' lang='lat' dir='ltr'><strong>qui</strong></span> <span class='ocrx_word' id='word_1_144' title='bbox 3375 956 3460 1010; x_wconf 89' lang='lat' dir='ltr'><strong>di-</strong></span> 
     </span>
    </p>
   </div>
   <div class='ocr_carea' id='block_1_24' title="bbox 1897 1046 3464 1115">
    <p class='ocr_par' dir='ltr' id='par_1_24' title="bbox 1897 1046 3464 1115">
     <span class='ocr_line' id='line_1_24' title="bbox 1897 1046 3464 1115; baseline 0.002 -15"><span class='ocrx_word' id='word_1_145' title='bbox 1897 1047 2097 1115; x_wconf 87' lang='lat' dir='ltr'><strong>scipuli</strong></span> <span class='ocrx_word' id='word_1_146' title='bbox 2147 1046 2352 1101; x_wconf 80' lang='lat' dir='ltr'><strong>Christi</strong></span> <span class='ocrx_word' id='word_1_147' title='bbox 2403 1047 2595 1110; x_wconf 79' lang='lat' dir='ltr'><strong>fuere.</strong></span> <span class='ocrx_word' id='word_1_148' title='bbox 2641 1047 2838 1103; x_wconf 86' lang='lat' dir='ltr'><strong>Petrus</strong></span> <span class='ocrx_word' id='word_1_149' title='bbox 2885 1047 3175 1113; x_wconf 83' lang='lat' dir='ltr'><strong>videlicet,</strong></span> <span class='ocrx_word' id='word_1_150' title='bbox 3225 1046 3464 1104; x_wconf 83' lang='lat' dir='ltr'><strong>Jacobus</strong></span> 
     </span>
    </p>
   </div>
   <div class='ocr_carea' id='block_1_25' title="bbox 1897 1130 3467 1208">
    <p class='ocr_par' dir='ltr' id='par_1_25' title="bbox 1897 1130 3467 1208">
     <span class='ocr_line' id='line_1_25' title="bbox 1897 1130 3467 1208; baseline 0.003 -18"><span class='ocrx_word' id='word_1_151' title='bbox 1897 1146 1944 1190; x_wconf 87' lang='lat' dir='ltr'><strong>et</strong></span> <span class='ocrx_word' id='word_1_152' title='bbox 1977 1130 2240 1201; x_wconf 80' lang='lat' dir='ltr'><strong>Joannes,</strong></span> <span class='ocrx_word' id='word_1_153' title='bbox 2282 1138 2769 1193; x_wconf 90' lang='lat' dir='ltr'><strong>circumcisionem</strong></span> <span class='ocrx_word' id='word_1_154' title='bbox 2826 1140 3194 1208; x_wconf 87' lang='lat' dir='ltr'><strong>permittunt;</strong></span> <span class='ocrx_word' id='word_1_155' title='bbox 3255 1140 3303 1194; x_wconf 89' lang='lat' dir='ltr'><strong>is</strong></span> <span class='ocrx_word' id='word_1_156' title='bbox 3334 1155 3467 1195; x_wconf 88' lang='lat' dir='ltr'><strong>vero</strong></span> 
     </span>
    </p>
   </div>
   <div class='ocr_carea' id='block_1_26' title="bbox 1900 1228 3468 1300">
    <p class='ocr_par' dir='ltr' id='par_1_26' title="bbox 1900 1228 3468 1300">
     <span class='ocr_line' id='line_1_26' title="bbox 1900 1228 3468 1300; baseline 0.003 -19"><span class='ocrx_word' id='word_1_157' title='bbox 1900 1228 2298 1297; x_wconf 84' lang='lat' dir='ltr'><strong>discipulorum</strong></span> <span class='ocrx_word' id='word_1_158' title='bbox 2349 1229 2657 1299; x_wconf 72' lang='lat' dir='ltr'><strong>discipulus</strong></span> <span class='ocrx_word' id='word_1_159' title='bbox 2689 1231 2946 1297; x_wconf 85' lang='lat' dir='ltr'><strong>exsistit;</strong></span> <span class='ocrx_word' id='word_1_160' title='bbox 2990 1246 3172 1284; x_wconf 90' lang='lat' dir='ltr'><strong>annon</strong></span> <span class='ocrx_word' id='word_1_161' title='bbox 3215 1244 3349 1300; x_wconf 88' lang='lat' dir='ltr'><strong>ergo</strong></span> <span class='ocrx_word' id='word_1_162' title='bbox 3378 1247 3468 1286; x_wconf 86' lang='lat' dir='ltr'><strong>sa-</strong></span> 
     </span>
    </p>
   </div>
   <div class='ocr_carea' id='block_1_27' title="bbox 1903 1321 3165 1393">
    <p class='ocr_par' dir='ltr' id='par_1_27' title="bbox 1903 1321 3165 1393">
     <span class='ocr_line' id='line_1_27' title="bbox 1903 1321 3165 1393; baseline 0.002 -20"><span class='ocrx_word' id='word_1_163' title='bbox 1903 1321 2014 1375; x_wconf 83' lang='lat' dir='ltr'><strong>tius</strong></span> <span class='ocrx_word' id='word_1_164' title='bbox 2048 1330 2133 1375; x_wconf 88' lang='lat' dir='ltr'><strong>est</strong></span> <span class='ocrx_word' id='word_1_165' title='bbox 2164 1321 2296 1382; x_wconf 88' lang='lat' dir='ltr'><strong>illis,</strong></span> <span class='ocrx_word' id='word_1_166' title='bbox 2340 1337 2506 1391; x_wconf 85' lang='lat' dir='ltr'><strong>quam</strong></span> <span class='ocrx_word' id='word_1_167' title='bbox 2544 1322 2658 1387; x_wconf 87' lang='lat' dir='ltr'><strong>isti,</strong></span> <span class='ocrx_word' id='word_1_168' title='bbox 2694 1338 2902 1377; x_wconf 89' lang='lat' dir='ltr'><strong>morem</strong></span> <span class='ocrx_word' id='word_1_169' title='bbox 2931 1323 3165 1393; x_wconf 78' lang='lat' dir='ltr'><strong>gerere?</strong></span> 
     </span>
    </p>
   </div>
   <div class='ocr_carea' id='block_1_28' title="bbox 1972 1411 3467 1472">
    <p class='ocr_par' dir='ltr' id='par_1_28' title="bbox 1972 1411 3467 1472">
     <span class='ocr_line' id='line_1_28' title="bbox 1972 1411 3467 1472; baseline 0.003 -7"><span class='ocrx_word' id='word_1_170' title='bbox 1972 1411 2140 1468; x_wconf 76' lang='lat' dir='ltr'><strong>Vens.</strong></span> <span class='ocrx_word' id='word_1_171' title='bbox 2198 1415 2386 1469; x_wconf 71' lang='lat'><strong>15-15.</strong></span> <span class='ocrx_word' id='word_1_172' title='bbox 2432 1434 2450 1466; x_wconf 77' lang='grc' dir='ltr'><strong>ι</strong></span> <span class='ocrx_word' id='word_1_173' title='bbox 2490 1415 2741 1472; x_wconf 85' lang='lat' dir='ltr'><strong>Audistis</strong></span> <span class='ocrx_word' id='word_1_174' title='bbox 2788 1417 2935 1470; x_wconf 90' lang='lat' dir='ltr'><strong>enim</strong></span> <span class='ocrx_word' id='word_1_175' title='bbox 2984 1416 3467 1471; x_wconf 83' lang='lat' dir='ltr'><strong>conversationem</strong></span> 
     </span>
    </p>
   </div>
   <div class='ocr_carea' id='block_1_29' title="bbox 1903 1504 3471 1576">
    <p class='ocr_par' dir='ltr' id='par_1_29' title="bbox 1903 1504 3471 1576">
     <span class='ocr_line' id='line_1_29' title="bbox 1903 1504 3471 1576; baseline 0.004 -21"><span class='ocrx_word' id='word_1_176' title='bbox 1903 1517 2079 1556; x_wconf 90' lang='lat' dir='ltr'><strong>meam</strong></span> <span class='ocrx_word' id='word_1_177' title='bbox 2138 1504 2436 1574; x_wconf 79' lang='lat' dir='ltr'><strong>aliquando</strong></span> <span class='ocrx_word' id='word_1_178' title='bbox 2486 1506 2541 1559; x_wconf 88' lang='lat' dir='ltr'><strong>in</strong></span> <span class='ocrx_word' id='word_1_179' title='bbox 2589 1504 2926 1572; x_wconf 85' lang='lat' dir='ltr'><strong>Judaismo;</strong></span> <span class='ocrx_word' id='word_1_180' title='bbox 2979 1507 3241 1576; x_wconf 88' lang='lat' dir='ltr'><strong>quoniam</strong></span> <span class='ocrx_word' id='word_1_181' title='bbox 3303 1522 3471 1576; x_wconf 86' lang='lat' dir='ltr'><strong>supra</strong></span> 
     </span>
    </p>
   </div>
   <div class='ocr_carea' id='block_1_30' title="bbox 1902 1594 3467 1669">
    <p class='ocr_par' dir='ltr' id='par_1_30' title="bbox 1902 1594 3467 1669">
     <span class='ocr_line' id='line_1_30' title="bbox 1902 1594 3467 1669; baseline 0.003 -22"><span class='ocrx_word' id='word_1_182' title='bbox 1902 1594 2123 1647; x_wconf 84' lang='lat' dir='ltr'><strong>modum</strong></span> <span class='ocrx_word' id='word_1_183' title='bbox 2166 1597 2535 1665; x_wconf 84' lang='lat' dir='ltr'><strong>persequebar</strong></span> <span class='ocrx_word' id='word_1_184' title='bbox 2582 1596 2888 1653; x_wconf 87' lang='lat' dir='ltr'><strong>Ecclesiam</strong></span> <span class='ocrx_word' id='word_1_185' title='bbox 2927 1597 3044 1661; x_wconf 89' lang='lat' dir='ltr'><strong>Dei,</strong></span> <span class='ocrx_word' id='word_1_186' title='bbox 3098 1608 3154 1653; x_wconf 91' lang='lat' dir='ltr'><strong>et</strong></span> <span class='ocrx_word' id='word_1_187' title='bbox 3183 1614 3467 1669; x_wconf 74' lang='lat' dir='ltr'><strong>expugna-</strong></span> 
     </span>
    </p>
   </div>
   <div class='ocr_carea' id='block_1_31' title="bbox 1903 1688 3474 1759">
    <p class='ocr_par' dir='ltr' id='par_1_31' title="bbox 1903 1688 3474 1759">
     <span class='ocr_line' id='line_1_31' title="bbox 1903 1688 3474 1759; baseline 0.003 -19"><span class='ocrx_word' id='word_1_188' title='bbox 1903 1688 2028 1740; x_wconf 86' lang='lat' dir='ltr'><strong>bam</strong></span> <span class='ocrx_word' id='word_1_189' title='bbox 2058 1688 2230 1753; x_wconf 85' lang='lat' dir='ltr'><strong>illam,</strong></span> <span class='ocrx_word' id='word_1_190' title='bbox 2263 1699 2316 1742; x_wconf 88' lang='lat' dir='ltr'><strong>et</strong></span> <span class='ocrx_word' id='word_1_191' title='bbox 2342 1688 2697 1758; x_wconf 75' lang='lat' dir='ltr'><strong>proﬁciebam</strong></span> <span class='ocrx_word' id='word_1_192' title='bbox 2731 1690 2787 1743; x_wconf 90' lang='lat' dir='ltr'><strong>in</strong></span> <span class='ocrx_word' id='word_1_193' title='bbox 2812 1688 3100 1744; x_wconf 79' lang='lat' dir='ltr'><strong>Judaismo</strong></span> <span class='ocrx_word' id='word_1_194' title='bbox 3136 1705 3303 1759; x_wconf 88' lang='lat' dir='ltr'><strong>supra</strong></span> <span class='ocrx_word' id='word_1_195' title='bbox 3333 1692 3474 1746; x_wconf 32' lang='lat' dir='ltr'><strong>mule</strong></span> 
     </span>
    </p>
   </div>
   <div class='ocr_carea' id='block_1_32' title="bbox 230 1776 1808 1851">
    <p class='ocr_par' dir='ltr' id='par_1_32' title="bbox 230 1776 1803 1851">
     <span class='ocr_line' id='line_1_32' title="bbox 230 1776 1803 1851; baseline 0.006 -19"><span class='ocrx_word' id='word_1_196' title='bbox 230 1782 290 1832; x_wconf 78' lang='grc' dir='ltr'>ὲν</span> <span class='ocrx_word' id='word_1_197' title='bbox 324 1780 400 1849; x_wconf 78' lang='grc' dir='ltr'>τῷ</span> <span class='ocrx_word' id='word_1_198' title='bbox 426 1781 568 1848; x_wconf 78' lang='grc' dir='ltr'>γένει</span> <span class='ocrx_word' id='word_1_199' title='bbox 610 1798 735 1851; x_wconf 91' lang='grc' dir='ltr'>μου,</span> <span class='ocrx_word' id='word_1_200' title='bbox 770 1782 1173 1851; x_wconf 76' lang='grc' dir='ltr'>περισσοτέρως</span> <span class='ocrx_word' id='word_1_201' title='bbox 1237 1776 1484 1846; x_wconf 75' lang='grc' dir='ltr'>ζηλωτὴς</span> <span class='ocrx_word' id='word_1_202' title='bbox 1541 1776 1803 1845; x_wconf 77' lang='grc' dir='ltr'>ὑπάρχων</span> 
     </span>
    </p>
   </div>
   <div class='ocr_carea' id='block_1_33' title="bbox 1911 1776 3472 1851">
    <p class='ocr_par' dir='ltr' id='par_1_33' title="bbox 1911 1783 3472 1850">
     <span class='ocr_line' id='line_1_33' title="bbox 1911 1783 3472 1850; baseline 0.003 -18"><span class='ocrx_word' id='word_1_203' title='bbox 1911 1787 1991 1833; x_wconf 88' lang='lat' dir='ltr'><strong>tos</strong></span> <span class='ocrx_word' id='word_1_204' title='bbox 2024 1788 2331 1835; x_wconf 63' lang='lat' dir='ltr'><strong>coaetaneus</strong></span> <span class='ocrx_word' id='word_1_205' title='bbox 2379 1797 2530 1836; x_wconf 89' lang='lat' dir='ltr'><strong>meos</strong></span> <span class='ocrx_word' id='word_1_206' title='bbox 2569 1783 2624 1835; x_wconf 91' lang='lat' dir='ltr'><strong>in</strong></span> <span class='ocrx_word' id='word_1_207' title='bbox 2662 1796 2859 1850; x_wconf 81' lang='lat' dir='ltr'><strong>genere</strong></span> <span class='ocrx_word' id='word_1_208' title='bbox 2909 1797 3055 1846; x_wconf 88' lang='lat' dir='ltr'><strong>meo,</strong></span> <span class='ocrx_word' id='word_1_209' title='bbox 3093 1784 3472 1837; x_wconf 73' lang='lat' dir='ltr'><strong>abundantius</strong></span> 
     </span>
    </p>
   </div>
   <div class='ocr_carea' id='block_1_34' title="bbox 229 1868 1803 1943">
    <p class='ocr_par' dir='ltr' id='par_1_34' title="bbox 229 1868 1803 1943">
     <span class='ocr_line' id='line_1_34' title="bbox 229 1868 1803 1943; baseline -0.002 -20"><span class='ocrx_word' id='word_1_210' title='bbox 229 1873 342 1923; x_wconf 84' lang='grc' dir='ltr'><strong>τῶν</strong></span> <span class='ocrx_word' id='word_1_211' title='bbox 371 1871 653 1942; x_wconf 85' lang='grc' dir='ltr'>πατρικῶν</span> <span class='ocrx_word' id='word_1_212' title='bbox 701 1889 805 1941; x_wconf 87' lang='grc' dir='ltr'><strong>μου</strong></span> <span class='ocrx_word' id='word_1_213' title='bbox 852 1871 1221 1943; x_wconf 84' lang='grc' dir='ltr'>παραδόσεων.</span> <span class='ocrx_word' id='word_1_214' title='bbox 1250 1868 1380 1920; x_wconf 84' lang='grc' dir='ltr'>Ὅτε</span> <span class='ocrx_word' id='word_1_215' title='bbox 1419 1869 1475 1921; x_wconf 80' lang='grc' dir='ltr'><strong>δὲ</strong></span> <span class='ocrx_word' id='word_1_216' title='bbox 1510 1869 1803 1937; x_wconf 78' lang='grc' dir='ltr'>εὐδόκησεν</span> 
     </span>
    </p>
   </div>
   <div class='ocr_carea' id='block_1_35' title="bbox 229 1964 493 2026">
    <p class='ocr_par' dir='ltr' id='par_1_35' title="bbox 229 1964 493 2026">
     <span class='ocr_line' id='line_1_35' title="bbox 229 1964 493 2026; baseline -0.008 -11"><span class='ocrx_word' id='word_1_217' title='bbox 229 1965 261 2015; x_wconf 82' lang='grc' dir='ltr'>ὁ</span> <span class='ocrx_word' id='word_1_218' title='bbox 288 1964 442 2026; x_wconf 75' lang='grc' dir='ltr'>Θεὸς.</span> <span class='ocrx_word' id='word_1_219' title='bbox 477 1982 493 2013; x_wconf 78' lang='grc' dir='ltr'><strong>ι</strong></span> 
     </span>
    </p>
   </div>
   <div class='ocr_carea' id='block_1_36' title="bbox 311 2054 1806 2127">
    <p class='ocr_par' dir='ltr' id='par_1_36' title="bbox 311 2054 1806 2127">
     <span class='ocr_line' id='line_1_36' title="bbox 311 2054 1806 2127; baseline -0.002 -18"><span class='ocrx_word' id='word_1_220' title='bbox 311 2056 473 2109; x_wconf 81' lang='grc' dir='ltr'>Ἐστι</span> <span class='ocrx_word' id='word_1_221' title='bbox 521 2058 620 2127; x_wconf 84' lang='grc' dir='ltr'><strong>μὲν</strong></span> <span class='ocrx_word' id='word_1_222' title='bbox 659 2057 718 2109; x_wconf 81' lang='grc' dir='ltr'>τὸ</span> <span class='ocrx_word' id='word_1_223' title='bbox 755 2056 1303 2126; x_wconf 74' lang='grc' dir='ltr'>κατασκευαζόμενον</span> <span class='ocrx_word' id='word_1_224' title='bbox 1352 2056 1471 2109; x_wconf 82' lang='grc' dir='ltr'>ὅλον</span> <span class='ocrx_word' id='word_1_225' title='bbox 1534 2054 1806 2118; x_wconf 82' lang='grc' dir='ltr'>ἀπόδειξις</span> 
     </span>
    </p>
   </div>
   <div class='ocr_carea' id='block_1_37' title="bbox 222 2144 1807 2217">
    <p class='ocr_par' dir='ltr' id='par_1_37' title="bbox 222 2144 1807 2217">
     <span class='ocr_line' id='line_1_37' title="bbox 222 2144 1807 2217; baseline -0.001 -20"><span class='ocrx_word' id='word_1_226' title='bbox 222 2146 329 2199; x_wconf 78' lang='grc' dir='ltr'><strong>τοῦ</strong></span> <span class='ocrx_word' id='word_1_227' title='bbox 364 2147 437 2217; x_wconf 76' lang='grc' dir='ltr'>μὴ</span> <span class='ocrx_word' id='word_1_228' title='bbox 482 2146 612 2217; x_wconf 83' lang='grc' dir='ltr'>παρ’</span> <span class='ocrx_word' id='word_1_229' title='bbox 655 2146 968 2215; x_wconf 80' lang='grc' dir='ltr'>ἀνθρώπου,</span> <span class='ocrx_word' id='word_1_230' title='bbox 1017 2146 1356 2215; x_wconf 76' lang='grc' dir='ltr'>παραλαῦεῐν</span> <span class='ocrx_word' id='word_1_231' title='bbox 1413 2144 1576 2196; x_wconf 68' lang='grc' dir='ltr'>αὑτὸν</span> <span class='ocrx_word' id='word_1_232' title='bbox 1619 2144 1681 2196; x_wconf 85' lang='grc' dir='ltr'><strong>τὸ</strong></span> <span class='ocrx_word' id='word_1_233' title='bbox 1709 2161 1807 2213; x_wconf 85' lang='grc' dir='ltr'>μυ-</span> 
     </span>
    </p>
   </div>
   <div class='ocr_carea' id='block_1_38' title="bbox 228 2236 1808 2309">
    <p class='ocr_par' dir='ltr' id='par_1_38' title="bbox 228 2236 1808 2309">
     <span class='ocr_line' id='line_1_38' title="bbox 228 2236 1808 2309; baseline -0.003 -18"><span class='ocrx_word' id='word_1_234' title='bbox 228 2241 480 2308; x_wconf 75' lang='grc' dir='ltr'>στήριον.</span> <span class='ocrx_word' id='word_1_235' title='bbox 517 2238 581 2290; x_wconf 82' lang='grc' dir='ltr'><strong>Ἠ</strong></span> <span class='ocrx_word' id='word_1_236' title='bbox 609 2238 717 2309; x_wconf 82' lang='grc' dir='ltr'><strong>γὰρ</strong></span> <span class='ocrx_word' id='word_1_237' title='bbox 778 2238 1014 2306; x_wconf 78' lang='grc' dir='ltr'>τοσαύτη</span> <span class='ocrx_word' id='word_1_238' title='bbox 1064 2238 1278 2308; x_wconf 87' lang='grc' dir='ltr'>ἁθρόως</span> <span class='ocrx_word' id='word_1_239' title='bbox 1307 2236 1581 2305; x_wconf 75' lang='grc' dir='ltr'>γενομένη</span> <span class='ocrx_word' id='word_1_240' title='bbox 1645 2252 1808 2303; x_wconf 84' lang='grc' dir='ltr'>μετα-</span> 
     </span>
    </p>
   </div>
   <div class='ocr_carea' id='block_1_39' title="bbox 226 2327 1807 2404">
    <p class='ocr_par' dir='ltr' id='par_1_39' title="bbox 226 2327 1807 2404">
     <span class='ocr_line' id='line_1_39' title="bbox 226 2327 1807 2404; baseline -0.003 -20"><span class='ocrx_word' id='word_1_241' title='bbox 226 2331 368 2402; x_wconf 76' lang='grc' dir='ltr'>δολὴ</span> <span class='ocrx_word' id='word_1_242' title='bbox 424 2332 526 2384; x_wconf 80' lang='grc' dir='ltr'><strong>οὐκ</strong></span> <span class='ocrx_word' id='word_1_243' title='bbox 576 2332 644 2385; x_wconf 87' lang='grc' dir='ltr'>ἂν</span> <span class='ocrx_word' id='word_1_244' title='bbox 668 2331 735 2384; x_wconf 84' lang='grc' dir='ltr'>δι’</span> <span class='ocrx_word' id='word_1_245' title='bbox 778 2327 1127 2404; x_wconf 84' lang='grc' dir='ltr'>ἀνθρώπου</span> <span class='ocrx_word' id='word_1_246' title='bbox 1156 2331 1380 2384; x_wconf 84' lang='grc' dir='ltr'>δυνατὸν</span> <span class='ocrx_word' id='word_1_247' title='bbox 1440 2327 1703 2398; x_wconf 88' lang='grc' dir='ltr'>γίνεσθαι.</span> <span class='ocrx_word' id='word_1_248' title='bbox 1744 2328 1807 2380; x_wconf 86' lang='grc' dir='ltr'><em>Ἢ</em></span> 
     </span>
    </p>
   </div>
   <div class='ocr_carea' id='block_1_40' title="bbox 226 2422 1806 2496">
    <p class='ocr_par' dir='ltr' id='par_1_40' title="bbox 226 2422 1806 2496">
     <span class='ocr_line' id='line_1_40' title="bbox 226 2422 1806 2496; baseline -0.004 -18"><span class='ocrx_word' id='word_1_249' title='bbox 226 2428 342 2496; x_wconf 73' lang='grc' dir='ltr'><strong>γὰρ</strong></span> <span class='ocrx_word' id='word_1_250' title='bbox 361 2424 421 2489; x_wconf 77' lang='grc' dir='ltr'>ἐξ</span> <span class='ocrx_word' id='word_1_251' title='bbox 452 2423 754 2496; x_wconf 84' lang='grc' dir='ltr'>ἀνθρώπων</span> <span class='ocrx_word' id='word_1_252' title='bbox 774 2424 1092 2477; x_wconf 85' lang='grc' dir='ltr'>διδασκαλία</span> <span class='ocrx_word' id='word_1_253' title='bbox 1122 2425 1242 2477; x_wconf 85' lang='grc' dir='ltr'>κατ’</span> <span class='ocrx_word' id='word_1_254' title='bbox 1296 2422 1481 2490; x_wconf 77' lang='grc' dir='ltr'>ὀλίγον</span> <span class='ocrx_word' id='word_1_255' title='bbox 1531 2422 1648 2473; x_wconf 69' lang='grc' dir='ltr'>ἐστὶ</span> <span class='ocrx_word' id='word_1_256' title='bbox 1670 2437 1806 2491; x_wconf 87' lang='grc' dir='ltr'>προ-</span> 
     </span>
    </p>
   </div>
   <div class='ocr_carea' id='block_1_41' title="bbox 225 2514 1810 2587">
    <p class='ocr_par' dir='ltr' id='par_1_41' title="bbox 225 2514 1810 2587">
     <span class='ocr_line' id='line_1_41' title="bbox 225 2514 1810 2587; baseline -0.002 -17"><span class='ocrx_word' id='word_1_257' title='bbox 225 2518 536 2571; x_wconf 81' lang='grc' dir='ltr'>κόπτουσα.</span> <span class='ocrx_word' id='word_1_258' title='bbox 594 2517 747 2587; x_wconf 86' lang='grc' dir='ltr'>Ἔχει</span> <span class='ocrx_word' id='word_1_259' title='bbox 793 2518 850 2570; x_wconf 85' lang='grc' dir='ltr'>δὲ</span> <span class='ocrx_word' id='word_1_260' title='bbox 895 2516 990 2571; x_wconf 69' lang='grc' dir='ltr'><strong>καὶ</strong></span> <span class='ocrx_word' id='word_1_261' title='bbox 1041 2516 1209 2587; x_wconf 84' lang='grc' dir='ltr'>ἀλλην</span> <span class='ocrx_word' id='word_1_262' title='bbox 1266 2515 1389 2569; x_wconf 83' lang='grc' dir='ltr'>τινὰ</span> <span class='ocrx_word' id='word_1_263' title='bbox 1441 2514 1810 2569; x_wconf 81' lang='grc' dir='ltr'>λανθάνουσαν</span> 
     </span>
    </p>
   </div>
   <div class='ocr_carea' id='block_1_42' title="bbox 226 2605 1811 2680">
    <p class='ocr_par' dir='ltr' id='par_1_42' title="bbox 226 2605 1811 2680">
     <span class='ocr_line' id='line_1_42' title="bbox 226 2605 1811 2680; baseline -0.004 -18"><span class='ocrx_word' id='word_1_264' title='bbox 226 2608 610 2677; x_wconf 80' lang='grc' dir='ltr'>κατασκευήν.</span> <span class='ocrx_word' id='word_1_265' title='bbox 648 2607 862 2680; x_wconf 80' lang='grc' dir='ltr'>Ἠρέμα</span> <span class='ocrx_word' id='word_1_266' title='bbox 903 2608 1012 2678; x_wconf 82' lang='grc' dir='ltr'>γὰρ</span> <span class='ocrx_word' id='word_1_267' title='bbox 1050 2608 1248 2670; x_wconf 82' lang='grc' dir='ltr'>αὐτοὺς</span> <span class='ocrx_word' id='word_1_268' title='bbox 1270 2606 1507 2659; x_wconf 86' lang='grc' dir='ltr'>διδάσκει</span> <span class='ocrx_word' id='word_1_269' title='bbox 1539 2605 1613 2677; x_wconf 79' lang='grc' dir='ltr'>μὴ</span> <span class='ocrx_word' id='word_1_270' title='bbox 1636 2605 1811 2675; x_wconf 83' lang='grc' dir='ltr'>πράσ-</span> 
     </span>
    </p>
   </div>
   <div class='ocr_carea' id='block_1_43' title="bbox 230 2696 1812 2770">
    <p class='ocr_par' dir='ltr' id='par_1_43' title="bbox 230 2696 1812 2770">
     <span class='ocr_line' id='line_1_43' title="bbox 230 2696 1812 2770; baseline -0.002 -19"><span class='ocrx_word' id='word_1_271' title='bbox 230 2715 353 2752; x_wconf 87' lang='grc' dir='ltr'>σειν</span> <span class='ocrx_word' id='word_1_272' title='bbox 376 2701 445 2753; x_wconf 75' lang='grc' dir='ltr'><strong>τά</strong></span> <span class='ocrx_word' id='word_1_273' title='bbox 472 2700 671 2770; x_wconf 85' lang='grc' dir='ltr'>νομικά</span> <span class='ocrx_word' id='word_1_274' title='bbox 697 2716 711 2731; x_wconf 77' lang='grc'><strong>⁸</strong></span> <span class='ocrx_word' id='word_1_275' title='bbox 747 2701 795 2751; x_wconf 83' lang='grc' dir='ltr'><strong>εί</strong></span> <span class='ocrx_word' id='word_1_276' title='bbox 833 2699 943 2769; x_wconf 83' lang='grc' dir='ltr'>γὰρ</span> <span class='ocrx_word' id='word_1_277' title='bbox 969 2702 997 2752; x_wconf 85' lang='grc' dir='ltr'>ὁ</span> <span class='ocrx_word' id='word_1_278' title='bbox 1035 2698 1327 2769; x_wconf 80' lang='grc' dir='ltr'>τοσαύτην,</span> <span class='ocrx_word' id='word_1_279' title='bbox 1384 2698 1539 2768; x_wconf 72' lang='grc' dir='ltr'>φησὶ,</span> <span class='ocrx_word' id='word_1_280' title='bbox 1577 2696 1812 2767; x_wconf 85' lang='grc' dir='ltr'>σπουδὴν</span> 
     </span>
    </p>
   </div>
   <div class='ocr_carea' id='block_1_44' title="bbox 231 2789 1811 2863">
    <p class='ocr_par' dir='ltr' id='par_1_44' title="bbox 231 2789 1811 2863">
     <span class='ocr_line' id='line_1_44' title="bbox 231 2789 1811 2863; baseline -0.002 -20"><span class='ocrx_word' id='word_1_281' title='bbox 231 2793 293 2843; x_wconf 80' lang='grc' dir='ltr'>ὲν</span> <span class='ocrx_word' id='word_1_282' title='bbox 312 2790 395 2861; x_wconf 79' lang='grc' dir='ltr'><strong>τῷ</strong></span> <span class='ocrx_word' id='word_1_283' title='bbox 422 2791 572 2863; x_wconf 83' lang='grc' dir='ltr'>νόμῳ</span> <span class='ocrx_word' id='word_1_284' title='bbox 614 2791 1008 2862; x_wconf 74' lang='grc' dir='ltr'>ἐνδειξάμενος,</span> <span class='ocrx_word' id='word_1_285' title='bbox 1051 2792 1121 2843; x_wconf 85' lang='grc' dir='ltr'><strong>τά</strong></span> <span class='ocrx_word' id='word_1_286' title='bbox 1152 2790 1246 2843; x_wconf 83' lang='grc' dir='ltr'><strong>τοῦ</strong></span> <span class='ocrx_word' id='word_1_287' title='bbox 1302 2791 1466 2861; x_wconf 87' lang='grc' dir='ltr'>νόμου</span> <span class='ocrx_word' id='word_1_288' title='bbox 1502 2790 1680 2858; x_wconf 78' lang='grc' dir='ltr'>ἀφεὶς,</span> <span class='ocrx_word' id='word_1_289' title='bbox 1720 2789 1811 2841; x_wconf 74' lang='grc' dir='ltr'>ἐπὶ</span> 
     </span>
    </p>
   </div>
   <div class='ocr_carea' id='block_1_45' title="bbox 230 2879 1811 2955">
    <p class='ocr_par' dir='ltr' id='par_1_45' title="bbox 230 2879 1811 2955">
     <span class='ocr_line' id='line_1_45' title="bbox 230 2879 1811 2955; baseline -0.001 -22"><span class='ocrx_word' id='word_1_290' title='bbox 230 2884 337 2953; x_wconf 75' lang='grc' dir='ltr'>’τὴν</span> <span class='ocrx_word' id='word_1_291' title='bbox 368 2883 433 2935; x_wconf 76' lang='grc' dir='ltr'><strong>ἐκ</strong></span> <span class='ocrx_word' id='word_1_292' title='bbox 462 2883 699 2946; x_wconf 86' lang='grc' dir='ltr'>πίστεως</span> <span class='ocrx_word' id='word_1_293' title='bbox 726 2880 860 2955; x_wconf 78' lang='grc' dir='ltr'>ἦλθε</span> <span class='ocrx_word' id='word_1_294' title='bbox 907 2882 1202 2953; x_wconf 82' lang='grc' dir='ltr'>σωτηρίαν,</span> <span class='ocrx_word' id='word_1_295' title='bbox 1240 2879 1461 2953; x_wconf 74' lang='grc' dir='ltr'>εὖδηλον</span> <span class='ocrx_word' id='word_1_296' title='bbox 1491 2880 1566 2944; x_wconf 85' lang='grc' dir='ltr'>ὡς</span> <span class='ocrx_word' id='word_1_297' title='bbox 1591 2879 1811 2932; x_wconf 79' lang='grc' dir='ltr'>τελειῶ-</span> 
     </span>
    </p>
   </div>
   <div class='ocr_carea' id='block_1_46' title="bbox 238 2971 1811 3047">
    <p class='ocr_par' dir='ltr' id='par_1_46' title="bbox 238 2971 1811 3047">
     <span class='ocr_line' id='line_1_46' title="bbox 238 2971 1811 3047; baseline -0.002 -21"><span class='ocrx_word' id='word_1_298' title='bbox 238 2991 337 3027; x_wconf 88' lang='grc' dir='ltr'><strong>σαι</strong></span> <span class='ocrx_word' id='word_1_299' title='bbox 380 2976 469 3028; x_wconf 83' lang='grc' dir='ltr'><strong>τδν</strong></span> <span class='ocrx_word' id='word_1_300' title='bbox 509 2976 673 3045; x_wconf 87' lang='grc' dir='ltr'>νόμον</span> <span class='ocrx_word' id='word_1_301' title='bbox 726 2976 801 3047; x_wconf 76' lang='grc' dir='ltr'>μὴ</span> <span class='ocrx_word' id='word_1_302' title='bbox 836 2976 1137 3046; x_wconf 80' lang='grc' dir='ltr'>δυνηθέντα</span> <span class='ocrx_word' id='word_1_303' title='bbox 1186 2975 1566 3029; x_wconf 83' lang='grc' dir='ltr'>καταλέλοιπε.</span> <span class='ocrx_word' id='word_1_304' title='bbox 1624 2971 1811 3043; x_wconf 83' lang='grc' dir='ltr'>Πολλῴ</span> 
     </span>
    </p>
   </div>
   <div class='ocr_carea' id='block_1_47' title="bbox 234 3061 1812 3137">
    <p class='ocr_par' dir='ltr' id='par_1_47' title="bbox 234 3061 1812 3137">
     <span class='ocr_line' id='line_1_47' title="bbox 234 3061 1812 3137; baseline -0.001 -20"><span class='ocrx_word' id='word_1_305' title='bbox 234 3061 335 3117; x_wconf 86' lang='grc' dir='ltr'>οὖν</span> <span class='ocrx_word' id='word_1_306' title='bbox 396 3065 592 3133; x_wconf 80' lang='grc' dir='ltr'>μᾶλλον</span> <span class='ocrx_word' id='word_1_307' title='bbox 638 3066 688 3117; x_wconf 82' lang='grc' dir='ltr'>οἱ</span> <span class='ocrx_word' id='word_1_308' title='bbox 743 3068 810 3137; x_wconf 81' lang='grc' dir='ltr'><strong>τῇ</strong></span> <span class='ocrx_word' id='word_1_309' title='bbox 871 3066 1051 3118; x_wconf 84' lang='grc' dir='ltr'>πίστει</span> <span class='ocrx_word' id='word_1_310' title='bbox 1100 3064 1668 3136; x_wconf 85' lang='grc' dir='ltr'>προσδεδραμηκότες,</span> <span class='ocrx_word' id='word_1_311' title='bbox 1710 3066 1812 3116; x_wconf 83' lang='grc' dir='ltr'><strong>οὐκ</strong></span> 
     </span>
    </p>
   </div>
   <div class='ocr_carea' id='block_1_48' title="bbox 229 3155 1577 3228">
    <p class='ocr_par' dir='ltr' id='par_1_48' title="bbox 229 3155 1577 3228">
     <span class='ocr_line' id='line_1_48' title="bbox 229 3155 1577 3228; baseline 0.003 -21"><span class='ocrx_word' id='word_1_312' title='bbox 229 3156 513 3224; x_wconf 75' lang='grc' dir='ltr'>ὀφείλουσι</span> <span class='ocrx_word' id='word_1_313' title='bbox 541 3155 757 3210; x_wconf 86' lang='grc' dir='ltr'>διώκειν</span> <span class='ocrx_word' id='word_1_314' title='bbox 772 3156 862 3211; x_wconf 86' lang='grc' dir='ltr'>τὸν</span> <span class='ocrx_word' id='word_1_315' title='bbox 888 3156 962 3228; x_wconf 81' lang='grc' dir='ltr'>μὴ</span> <span class='ocrx_word' id='word_1_316' title='bbox 982 3156 1279 3227; x_wconf 81' lang='grc' dir='ltr'>δυνάμενον</span> <span class='ocrx_word' id='word_1_317' title='bbox 1315 3155 1577 3211; x_wconf 85' lang='grc' dir='ltr'>τελειοῦν.</span> 
     </span>
    </p>
   </div>
   <div class='ocr_carea' id='block_1_49' title="bbox 314 3432 1813 3506">
    <p class='ocr_par' dir='ltr' id='par_1_49' title="bbox 314 3432 1813 3506">
     <span class='ocr_line' id='line_1_49' title="bbox 314 3432 1813 3506; baseline 0.003 -23"><span class='ocrx_word' id='word_1_318' title='bbox 314 3449 335 3483; x_wconf 76' lang='grc' dir='ltr'><strong>ι</strong></span> <span class='ocrx_word' id='word_1_319' title='bbox 390 3433 452 3486; x_wconf 87' lang='grc' dir='ltr'>Ὀ</span> <span class='ocrx_word' id='word_1_320' title='bbox 485 3432 754 3503; x_wconf 78' lang='grc' dir='ltr'>ἀφορίσας</span> <span class='ocrx_word' id='word_1_321' title='bbox 803 3450 872 3504; x_wconf 89' lang='grc' dir='ltr'><strong>με</strong></span> <span class='ocrx_word' id='word_1_322' title='bbox 898 3436 961 3487; x_wconf 78' lang='grc' dir='ltr'>ὲκ</span> <span class='ocrx_word' id='word_1_323' title='bbox 996 3433 1202 3497; x_wconf 84' lang='grc' dir='ltr'>κοιλίας</span> <span class='ocrx_word' id='word_1_324' title='bbox 1264 3434 1473 3506; x_wconf 79' lang='grc' dir='ltr'>μητρός</span> <span class='ocrx_word' id='word_1_325' title='bbox 1533 3451 1657 3505; x_wconf 91' lang='grc' dir='ltr'>μου,</span> <span class='ocrx_word' id='word_1_326' title='bbox 1720 3436 1813 3487; x_wconf 77' lang='grc' dir='ltr'><strong>καὶ</strong></span> 
     </span>
    </p>
   </div>
   <div class='ocr_carea' id='block_1_50' title="bbox 230 3512 1814 3597">
    <p class='ocr_par' dir='ltr' id='par_1_50' title="bbox 230 3512 1814 3597">
     <span class='ocr_line' id='line_1_50' title="bbox 230 3512 1814 3597; baseline -0.001 -18"><span class='ocrx_word' id='word_1_327' title='bbox 230 3524 479 3588; x_wconf 80' lang='grc' dir='ltr'>καλέσας</span> <span class='ocrx_word' id='word_1_328' title='bbox 522 3512 611 3578; x_wconf 76' lang='grc' dir='ltr'><strong>διὰ</strong></span> <span class='ocrx_word' id='word_1_329' title='bbox 671 3527 896 3597; x_wconf 87' lang='grc' dir='ltr'>χάριτος</span> <span class='ocrx_word' id='word_1_330' title='bbox 932 3526 1095 3579; x_wconf 82' lang='grc' dir='ltr'>αὑτοῦ</span> <span class='ocrx_word' id='word_1_331' title='bbox 1152 3527 1500 3596; x_wconf 82' lang='grc' dir='ltr'>ἀποκαλύψαι</span> <span class='ocrx_word' id='word_1_332' title='bbox 1547 3528 1640 3579; x_wconf 84' lang='grc' dir='ltr'><strong>τὸν</strong></span> <span class='ocrx_word' id='word_1_333' title='bbox 1688 3526 1814 3579; x_wconf 80' lang='grc' dir='ltr'>Υίδν</span> 
     </span>
    </p>
   </div>
   <div class='ocr_carea' id='block_1_51' title="bbox 230 3616 1813 3689">
    <p class='ocr_par' dir='ltr' id='par_1_51' title="bbox 230 3616 1813 3689">
     <span class='ocr_line' id='line_1_51' title="bbox 230 3616 1813 3689; baseline -0.002 -17"><span class='ocrx_word' id='word_1_334' title='bbox 230 3616 409 3672; x_wconf 72' lang='grc' dir='ltr'>αὑτοῦ</span> <span class='ocrx_word' id='word_1_335' title='bbox 448 3618 508 3669; x_wconf 82' lang='grc' dir='ltr'>ὲν</span> <span class='ocrx_word' id='word_1_336' title='bbox 536 3618 688 3689; x_wconf 56' lang='grc' dir='ltr'>ἐμοὶ,</span> <span class='ocrx_word' id='word_1_337' title='bbox 747 3618 835 3672; x_wconf 76' lang='grc' dir='ltr'><strong>ἵνα</strong></span> <span class='ocrx_word' id='word_1_338' title='bbox 895 3618 1337 3688; x_wconf 76' lang='grc' dir='ltr'>εὐαγγελίζωμαι</span> <span class='ocrx_word' id='word_1_339' title='bbox 1402 3620 1564 3672; x_wconf 68' lang='grc' dir='ltr'>αὑτὸν</span> <span class='ocrx_word' id='word_1_340' title='bbox 1603 3620 1661 3672; x_wconf 84' lang='grc' dir='ltr'>ὲν</span> <span class='ocrx_word' id='word_1_341' title='bbox 1701 3621 1813 3683; x_wconf 85' lang='grc' dir='ltr'>τοῖς</span> 
     </span>
    </p>
   </div>
   <div class='ocr_carea' id='block_1_52' title="bbox 227 3711 523 3767">
    <p class='ocr_par' dir='ltr' id='par_1_52' title="bbox 227 3711 523 3767">
     <span class='ocr_line' id='line_1_52' title="bbox 227 3711 523 3767; baseline 0.01 -3"><span class='ocrx_word' id='word_1_342' title='bbox 227 3711 474 3764; x_wconf 72' lang='grc' dir='ltr'>ἔθνεσιν.</span> <span class='ocrx_word' id='word_1_343' title='bbox 498 3729 523 3767; x_wconf 82' lang='grc'><em>›</em></span> 
     </span>
    </p>
   </div>
   <div class='ocr_carea' id='block_1_53' title="bbox 309 3800 1816 3873">
    <p class='ocr_par' dir='ltr' id='par_1_53' title="bbox 309 3800 1816 3873">
     <span class='ocr_line' id='line_1_53' title="bbox 309 3800 1816 3873; baseline 0.002 -20"><span class='ocrx_word' id='word_1_344' title='bbox 309 3801 461 3854; x_wconf 71' lang='grc' dir='ltr'>Είὲκ</span> <span class='ocrx_word' id='word_1_345' title='bbox 480 3800 689 3864; x_wconf 84' lang='grc' dir='ltr'>κοιλίας</span> <span class='ocrx_word' id='word_1_346' title='bbox 712 3800 914 3871; x_wconf 80' lang='grc' dir='ltr'>ἐκλήθη</span> <span class='ocrx_word' id='word_1_347' title='bbox 939 3802 1163 3873; x_wconf 80' lang='grc' dir='ltr'>μητρὸς,</span> <span class='ocrx_word' id='word_1_348' title='bbox 1187 3804 1266 3865; x_wconf 86' lang='grc' dir='ltr'>εἰς</span> <span class='ocrx_word' id='word_1_349' title='bbox 1283 3803 1383 3871; x_wconf 82' lang='grc' dir='ltr'>τὴν</span> <span class='ocrx_word' id='word_1_350' title='bbox 1400 3803 1706 3873; x_wconf 77' lang='grc' dir='ltr'>ἀποστολὴν</span> <span class='ocrx_word' id='word_1_351' title='bbox 1722 3805 1816 3873; x_wconf 84' lang='grc' dir='ltr'>δη-</span> 
     </span>
    </p>
   </div>
   <div class='ocr_carea' id='block_1_54' title="bbox 228 3892 1815 3965">
    <p class='ocr_par' dir='ltr' id='par_1_54' title="bbox 228 3892 1815 3965">
     <span class='ocr_line' id='line_1_54' title="bbox 228 3892 1815 3965; baseline 0.002 -20"><span class='ocrx_word' id='word_1_352' title='bbox 228 3893 442 3957; x_wconf 83' lang='grc' dir='ltr'>λονότι,</span> <span class='ocrx_word' id='word_1_353' title='bbox 489 3892 606 3956; x_wconf 73' lang='grc' dir='ltr'><strong>πῶς</strong></span> <span class='ocrx_word' id='word_1_354' title='bbox 669 3892 903 3963; x_wconf 85' lang='grc' dir='ltr'>διώκτης</span> <span class='ocrx_word' id='word_1_355' title='bbox 938 3895 1191 3961; x_wconf 78' lang='grc' dir='ltr'>ἐγένετο;</span> <span class='ocrx_word' id='word_1_356' title='bbox 1222 3894 1392 3945; x_wconf 85' lang='grc' dir='ltr'>Τοῦτο</span> <span class='ocrx_word' id='word_1_357' title='bbox 1439 3894 1580 3945; x_wconf 69' lang='grc' dir='ltr'>ὃὲ-έτὸ</span> <span class='ocrx_word' id='word_1_358' title='bbox 1614 3895 1815 3965; x_wconf 81' lang='grc' dir='ltr'>ἄπορον</span> 
     </span>
    </p>
   </div>
   <div class='ocr_carea' id='block_1_55' title="bbox 231 3985 1816 4057">
    <p class='ocr_par' dir='ltr' id='par_1_55' title="bbox 231 3985 1816 4057">
     <span class='ocr_line' id='line_1_55' title="bbox 231 3985 1816 4057; baseline 0.001 -18"><span class='ocrx_word' id='word_1_359' title='bbox 231 3985 405 4048; x_wconf 68' lang='grc' dir='ltr'>αὐτὸς</span> <span class='ocrx_word' id='word_1_360' title='bbox 427 3987 484 4038; x_wconf 84' lang='grc' dir='ltr'>ὲν</span> <span class='ocrx_word' id='word_1_361' title='bbox 514 3985 685 4055; x_wconf 74' lang='grc' dir='ltr'>ἑτέρῳ</span> <span class='ocrx_word' id='word_1_362' title='bbox 715 3985 905 4038; x_wconf 74' lang='grc' dir='ltr'>ἔλυσεν</span> <span class='ocrx_word' id='word_1_363' title='bbox 932 3987 1101 4055; x_wconf 83' lang='grc' dir='ltr'>τόπῳ,</span> <span class='ocrx_word' id='word_1_364' title='bbox 1128 3985 1299 4038; x_wconf 82' lang='grc' dir='ltr'>εἰπών</span> <span class='ocrx_word' id='word_1_365' title='bbox 1328 4002 1343 4017; x_wconf 89' lang='grc'><strong>·</strong></span> <span class='ocrx_word' id='word_1_366' title='bbox 1386 4002 1405 4036; x_wconf 79' lang='grc' dir='ltr'><strong>ι</strong></span> <span class='ocrx_word' id='word_1_367' title='bbox 1448 3985 1566 4039; x_wconf 84' lang='grc' dir='ltr'>Ἵνα</span> <span class='ocrx_word' id='word_1_368' title='bbox 1608 3988 1665 4038; x_wconf 73' lang='grc' dir='ltr'>ἐν</span> <span class='ocrx_word' id='word_1_369' title='bbox 1693 3991 1816 4057; x_wconf 75' lang='grc' dir='ltr'>ἐμοὶ</span> 
     </span>
    </p>
   </div>
   <div class='ocr_carea' id='block_1_56' title="bbox 232 4077 1809 4151">
    <p class='ocr_par' dir='ltr' id='par_1_56' title="bbox 232 4077 1809 4151">
     <span class='ocr_line' id='line_1_56' title="bbox 232 4077 1809 4151; baseline 0.002 -21"><span class='ocrx_word' id='word_1_370' title='bbox 232 4077 460 4149; x_wconf 82' lang='grc' dir='ltr'>πρῶτον</span> <span class='ocrx_word' id='word_1_371' title='bbox 513 4077 813 4149; x_wconf 75' lang='grc' dir='ltr'>ἐνδείξηται</span> <span class='ocrx_word' id='word_1_372' title='bbox 844 4080 1078 4149; x_wconf 83' lang='grc' dir='ltr'>Χριστὸς</span> <span class='ocrx_word' id='word_1_373' title='bbox 1125 4079 1225 4149; x_wconf 81' lang='grc' dir='ltr'>τὴν</span> <span class='ocrx_word' id='word_1_374' title='bbox 1253 4077 1474 4132; x_wconf 69' lang='grc' dir='ltr'>ἃπασαν</span> <span class='ocrx_word' id='word_1_375' title='bbox 1530 4083 1809 4151; x_wconf 82' lang='grc' dir='ltr'>μακροθυ-</span> 
     </span>
    </p>
   </div>
   <div class='ocr_carea' id='block_1_57' title="bbox 236 4167 1813 4240">
    <p class='ocr_par' dir='ltr' id='par_1_57' title="bbox 236 4167 1813 4240">
     <span class='ocr_line' id='line_1_57' title="bbox 236 4167 1813 4240; baseline 0.004 -21"><span class='ocrx_word' id='word_1_376' title='bbox 236 4170 373 4238; x_wconf 83' lang='grc' dir='ltr'>μίαν</span> <span class='ocrx_word' id='word_1_377' title='bbox 395 4167 584 4231; x_wconf 78' lang='grc' dir='ltr'>αὒτοῦ,</span> <span class='ocrx_word' id='word_1_378' title='bbox 606 4171 686 4232; x_wconf 84' lang='grc' dir='ltr'><strong>είς</strong></span> <span class='ocrx_word' id='word_1_379' title='bbox 715 4168 1065 4222; x_wconf 76' lang='grc' dir='ltr'>ὑποτύπωσιν</span> <span class='ocrx_word' id='word_1_380' title='bbox 1081 4168 1188 4223; x_wconf 83' lang='grc' dir='ltr'><strong>τῶν</strong></span> <span class='ocrx_word' id='word_1_381' title='bbox 1211 4169 1513 4240; x_wconf 83' lang='grc' dir='ltr'>μελλόντων</span> <span class='ocrx_word' id='word_1_382' title='bbox 1539 4172 1813 4225; x_wconf 73' lang='grc' dir='ltr'>πιστεύειν</span> 
     </span>
    </p>
   </div>
   <div class='ocr_carea' id='block_1_58' title="bbox 230 4258 1060 4329">
    <p class='ocr_par' dir='ltr' id='par_1_58' title="bbox 230 4258 1060 4329">
     <span class='ocr_line' id='line_1_58' title="bbox 230 4258 1060 4329; baseline 0.004 -19"><span class='ocrx_word' id='word_1_383' title='bbox 230 4261 324 4311; x_wconf 70' lang='grc' dir='ltr'><strong>ἐπ’</strong></span> <span class='ocrx_word' id='word_1_384' title='bbox 346 4258 500 4329; x_wconf 76' lang='grc' dir='ltr'>αῦτῷ</span> <span class='ocrx_word' id='word_1_385' title='bbox 529 4259 610 4323; x_wconf 81' lang='grc' dir='ltr'><strong>είς</strong></span> <span class='ocrx_word' id='word_1_386' title='bbox 642 4260 789 4329; x_wconf 77' lang='grc' dir='ltr'>ζωὴν</span> <span class='ocrx_word' id='word_1_387' title='bbox 822 4261 1060 4314; x_wconf 72' lang='grc' dir='ltr'>αἰώνιον.</span> 
     </span>
    </p>
   </div>
   <div class='ocr_carea' id='block_1_59' title="bbox 314 4350 1809 4426">
    <p class='ocr_par' dir='ltr' id='par_1_59' title="bbox 314 4350 1809 4426">
     <span class='ocr_line' id='line_1_59' title="bbox 314 4350 1809 4426; baseline 0.007 -27"><span class='ocrx_word' id='word_1_388' title='bbox 314 4368 336 4398; x_wconf 73' lang='grc' dir='ltr'><strong>ι</strong></span> <span class='ocrx_word' id='word_1_389' title='bbox 372 4350 593 4414; x_wconf 80' lang='grc' dir='ltr'>Εὐθέως</span> <span class='ocrx_word' id='word_1_390' title='bbox 653 4353 716 4404; x_wconf 86' lang='grc' dir='ltr'><strong>οὐ</strong></span> <span class='ocrx_word' id='word_1_391' title='bbox 767 4352 1151 4424; x_wconf 86' lang='grc' dir='ltr'>προανεθέμην</span> <span class='ocrx_word' id='word_1_392' title='bbox 1208 4355 1374 4422; x_wconf 79' lang='grc' dir='ltr'>σαρκὶ</span> <span class='ocrx_word' id='word_1_393' title='bbox 1435 4355 1528 4407; x_wconf 82' lang='grc' dir='ltr'><strong>καὶ</strong></span> <span class='ocrx_word' id='word_1_394' title='bbox 1582 4355 1809 4426; x_wconf 82' lang='grc' dir='ltr'>αἵματι,</span> 
     </span>
    </p>
   </div>
   <div class='ocr_carea' id='block_1_60' title="bbox 229 4444 1812 4521">
    <p class='ocr_par' dir='ltr' id='par_1_60' title="bbox 229 4444 1812 4521">
     <span class='ocr_line' id='line_1_60' title="bbox 229 4444 1812 4521; baseline 0.004 -24"><span class='ocrx_word' id='word_1_395' title='bbox 229 4444 359 4497; x_wconf 69' lang='grc' dir='ltr'>οὐδὲ</span> <span class='ocrx_word' id='word_1_396' title='bbox 386 4445 621 4514; x_wconf 82' lang='grc' dir='ltr'>ἀνῆλθον</span> <span class='ocrx_word' id='word_1_397' title='bbox 653 4448 735 4509; x_wconf 87' lang='grc' dir='ltr'><strong>είς</strong></span> <span class='ocrx_word' id='word_1_398' title='bbox 778 4445 1135 4517; x_wconf 84' lang='grc' dir='ltr'>Ἰερουσαλὴμ</span> <span class='ocrx_word' id='word_1_399' title='bbox 1184 4448 1320 4516; x_wconf 84' lang='grc' dir='ltr'>πρὸς</span> <span class='ocrx_word' id='word_1_400' title='bbox 1370 4449 1495 4511; x_wconf 85' lang='grc' dir='ltr'>τοὺς</span> <span class='ocrx_word' id='word_1_401' title='bbox 1538 4450 1644 4521; x_wconf 81' lang='grc' dir='ltr'><strong>πρὸ</strong></span> <span class='ocrx_word' id='word_1_402' title='bbox 1676 4450 1812 4520; x_wconf 72' lang='grc' dir='ltr'>ἐμοῦ</span> 
     </span>
    </p>
   </div>
   <div class='ocr_carea' id='block_1_61' title="bbox 1906 1872 3473 1943">
    <p class='ocr_par' dir='ltr' id='par_1_61' title="bbox 1906 1872 3473 1943">
     <span class='ocr_line' id='line_1_61' title="bbox 1906 1872 3473 1943; baseline 0.002 -17"><span class='ocrx_word' id='word_1_403' title='bbox 1906 1872 2192 1926; x_wconf 80' lang='lat' dir='ltr'><strong>aemulator</strong></span> <span class='ocrx_word' id='word_1_404' title='bbox 2219 1872 2497 1929; x_wconf 81' lang='lat' dir='ltr'><strong>exsistens</strong></span> <span class='ocrx_word' id='word_1_405' title='bbox 2531 1880 2891 1943; x_wconf 87' lang='lat' dir='ltr'><strong>paternarum</strong></span> <span class='ocrx_word' id='word_1_406' title='bbox 2937 1889 3185 1928; x_wconf 86' lang='lat' dir='ltr'><strong>mearum</strong></span> <span class='ocrx_word' id='word_1_407' title='bbox 3216 1876 3473 1929; x_wconf 81' lang='lat' dir='ltr'><strong>traditio-</strong></span> 
     </span>
    </p>
   </div>
   <div class='ocr_carea' id='block_1_62' title="bbox 1906 1966 3011 2035">
    <p class='ocr_par' dir='ltr' id='par_1_62' title="bbox 1906 1966 3011 2035">
     <span class='ocr_line' id='line_1_62' title="bbox 1906 1966 3011 2035; baseline -0.001 -17"><span class='ocrx_word' id='word_1_408' title='bbox 1906 1980 2054 2019; x_wconf 93' lang='lat' dir='ltr'><strong>uum.</strong></span> <span class='ocrx_word' id='word_1_409' title='bbox 2090 1966 2226 2018; x_wconf 89' lang='lat' dir='ltr'><strong>Cum</strong></span> <span class='ocrx_word' id='word_1_410' title='bbox 2254 1975 2435 2020; x_wconf 85' lang='lat' dir='ltr'><strong>autem</strong></span> <span class='ocrx_word' id='word_1_411' title='bbox 2466 1966 2799 2035; x_wconf 86' lang='lat' dir='ltr'><strong>complacuit</strong></span> <span class='ocrx_word' id='word_1_412' title='bbox 2833 1966 3011 2020; x_wconf 67' lang='lat' dir='ltr'><strong>Deo.&#39;i</strong></span> 
     </span>
    </p>
   </div>
   <div class='ocr_carea' id='block_1_63' title="bbox 1977 2058 3478 2130">
    <p class='ocr_par' dir='ltr' id='par_1_63' title="bbox 1977 2058 3478 2130">
     <span class='ocr_line' id='line_1_63' title="bbox 1977 2058 3478 2130; baseline 0.001 -19"><span class='ocrx_word' id='word_1_413' title='bbox 1977 2058 2032 2112; x_wconf 90' lang='lat' dir='ltr'><strong>ld</strong></span> <span class='ocrx_word' id='word_1_414' title='bbox 2061 2060 2203 2128; x_wconf 87' lang='lat' dir='ltr'><strong>quod</strong></span> <span class='ocrx_word' id='word_1_415' title='bbox 2232 2061 2395 2114; x_wconf 87' lang='lat' dir='ltr'><strong>modo</strong></span> <span class='ocrx_word' id='word_1_416' title='bbox 2420 2060 2716 2124; x_wconf 89' lang='lat' dir='ltr'><strong>astruitur,</strong></span> <span class='ocrx_word' id='word_1_417' title='bbox 2745 2060 2907 2129; x_wconf 87' lang='lat' dir='ltr'><strong>plane</strong></span> <span class='ocrx_word' id='word_1_418' title='bbox 2942 2061 3286 2115; x_wconf 81' lang='lat' dir='ltr'><strong>demonstrat</strong></span> <span class='ocrx_word' id='word_1_419' title='bbox 3318 2059 3478 2130; x_wconf 78' lang='lat'><strong>159</strong></span> 
     </span>
    </p>
   </div>
   <div class='ocr_carea' id='block_1_64' title="bbox 1906 2153 3479 2224">
    <p class='ocr_par' dir='ltr' id='par_1_64' title="bbox 1906 2153 3479 2224">
     <span class='ocr_line' id='line_1_64' title="bbox 1906 2153 3479 2224; baseline 0.002 -19"><span class='ocrx_word' id='word_1_420' title='bbox 1906 2167 2030 2205; x_wconf 90' lang='lat' dir='ltr'><strong>cum</strong></span> <span class='ocrx_word' id='word_1_421' title='bbox 2068 2168 2175 2205; x_wconf 88' lang='lat' dir='ltr'><strong>non</strong></span> <span class='ocrx_word' id='word_1_422' title='bbox 2208 2154 2276 2207; x_wconf 86' lang='lat' dir='ltr'><strong>ab</strong></span> <span class='ocrx_word' id='word_1_423' title='bbox 2313 2153 2633 2207; x_wconf 87' lang='lat' dir='ltr'><strong>hominibus</strong></span> <span class='ocrx_word' id='word_1_424' title='bbox 2662 2153 2944 2222; x_wconf 82' lang='lat' dir='ltr'><strong>accepisse</strong></span> <span class='ocrx_word' id='word_1_425' title='bbox 2988 2154 3337 2224; x_wconf 75' lang='lat' dir='ltr'><strong>mysterium.</strong></span> <span class='ocrx_word' id='word_1_426' title='bbox 3370 2154 3479 2219; x_wconf 82' lang='lat' dir='ltr'><strong>Ta-</strong></span> 
     </span>
    </p>
   </div>
   <div class='ocr_carea' id='block_1_65' title="bbox 1910 2246 3479 2316">
    <p class='ocr_par' dir='ltr' id='par_1_65' title="bbox 1910 2246 3479 2316">
     <span class='ocr_line' id='line_1_65' title="bbox 1910 2246 3479 2316; baseline 0.003 -19"><span class='ocrx_word' id='word_1_427' title='bbox 1910 2246 1976 2299; x_wconf 87' lang='lat' dir='ltr'><strong>lis</strong></span> <span class='ocrx_word' id='word_1_428' title='bbox 2017 2246 2289 2316; x_wconf 86' lang='lat' dir='ltr'><strong>siquidem</strong></span> <span class='ocrx_word' id='word_1_429' title='bbox 2344 2255 2606 2315; x_wconf 89' lang='lat' dir='ltr'><strong>tantaque</strong></span> <span class='ocrx_word' id='word_1_430' title='bbox 2655 2246 2891 2301; x_wconf 89' lang='lat' dir='ltr'><strong>mutatio</strong></span> <span class='ocrx_word' id='word_1_431' title='bbox 2937 2264 3059 2316; x_wconf 80' lang='lat' dir='ltr'><strong>quae</strong></span> <span class='ocrx_word' id='word_1_432' title='bbox 3105 2248 3289 2303; x_wconf 86' lang='lat' dir='ltr'><strong>subito</strong></span> <span class='ocrx_word' id='word_1_433' title='bbox 3334 2247 3479 2303; x_wconf 79' lang='lat' dir='ltr'><strong>facta</strong></span> 
     </span>
    </p>
   </div>
   <div class='ocr_carea' id='block_1_66' title="bbox 1908 2335 3480 2407">
    <p class='ocr_par' dir='ltr' id='par_1_66' title="bbox 1908 2335 3480 2407">
     <span class='ocr_line' id='line_1_66' title="bbox 1908 2335 3480 2407; baseline 0.003 -18"><span class='ocrx_word' id='word_1_434' title='bbox 1908 2346 2014 2397; x_wconf 89' lang='lat' dir='ltr'><strong>est,</strong></span> <span class='ocrx_word' id='word_1_435' title='bbox 2056 2350 2401 2406; x_wconf 83' lang='lat' dir='ltr'><strong>nequaquam</strong></span> <span class='ocrx_word' id='word_1_436' title='bbox 2438 2336 2505 2391; x_wconf 91' lang='lat' dir='ltr'><strong>ab</strong></span> <span class='ocrx_word' id='word_1_437' title='bbox 2544 2336 2769 2390; x_wconf 84' lang='lat' dir='ltr'><strong>homine</strong></span> <span class='ocrx_word' id='word_1_438' title='bbox 2816 2335 2956 2391; x_wconf 81' lang='lat' dir='ltr'><strong>efﬁci</strong></span> <span class='ocrx_word' id='word_1_439' title='bbox 2988 2338 3255 2407; x_wconf 85' lang='lat' dir='ltr'><strong>potuerit.</strong></span> <span class='ocrx_word' id='word_1_440' title='bbox 3288 2336 3480 2393; x_wconf 87' lang='lat' dir='ltr'><strong>llomi-</strong></span> 
     </span>
    </p>
   </div>
   <div class='ocr_carea' id='block_1_67' title="bbox 1908 2428 3479 2499">
    <p class='ocr_par' dir='ltr' id='par_1_67' title="bbox 1908 2428 3479 2499">
     <span class='ocr_line' id='line_1_67' title="bbox 1908 2428 3479 2499; baseline 0.002 -18"><span class='ocrx_word' id='word_1_441' title='bbox 1908 2442 2040 2481; x_wconf 88' lang='lat' dir='ltr'><strong>num</strong></span> <span class='ocrx_word' id='word_1_442' title='bbox 2111 2428 2317 2499; x_wconf 89' lang='lat' dir='ltr'><strong>quippe</strong></span> <span class='ocrx_word' id='word_1_443' title='bbox 2351 2428 2604 2483; x_wconf 75' lang='lat' dir='ltr'><strong>doctrina</strong></span> <span class='ocrx_word' id='word_1_444' title='bbox 2648 2429 2913 2497; x_wconf 85' lang='lat' dir='ltr'><strong>paulatim</strong></span> <span class='ocrx_word' id='word_1_445' title='bbox 2965 2429 3335 2499; x_wconf 81' lang='lat' dir='ltr'><strong>progreditur.</strong></span> <span class='ocrx_word' id='word_1_446' title='bbox 3397 2430 3479 2484; x_wconf 85' lang='lat' dir='ltr'><strong>Ad</strong></span> 
     </span>
    </p>
   </div>
   <div class='ocr_carea' id='block_1_68' title="bbox 1911 2520 3479 2592">
    <p class='ocr_par' dir='ltr' id='par_1_68' title="bbox 1911 2520 3479 2592">
     <span class='ocr_line' id='line_1_68' title="bbox 1911 2520 3479 2592; baseline 0.003 -18"><span class='ocrx_word' id='word_1_447' title='bbox 1911 2520 2025 2574; x_wconf 76' lang='lat' dir='ltr'><strong>haec</strong></span> <span class='ocrx_word' id='word_1_448' title='bbox 2052 2536 2149 2590; x_wconf 89' lang='lat' dir='ltr'><strong>per</strong></span> <span class='ocrx_word' id='word_1_449' title='bbox 2180 2521 2283 2575; x_wconf 91' lang='lat' dir='ltr'><strong>hoc</strong></span> <span class='ocrx_word' id='word_1_450' title='bbox 2331 2522 2613 2592; x_wconf 89' lang='lat' dir='ltr'><strong>quidpiam</strong></span> <span class='ocrx_word' id='word_1_451' title='bbox 2654 2522 2806 2576; x_wconf 88' lang='lat' dir='ltr'><strong>aliud</strong></span> <span class='ocrx_word' id='word_1_452' title='bbox 2853 2523 3081 2577; x_wconf 85' lang='lat' dir='ltr'><strong>evincit.</strong></span> <span class='ocrx_word' id='word_1_453' title='bbox 3133 2523 3285 2579; x_wconf 83' lang='lat' dir='ltr'><strong>Clam</strong></span> <span class='ocrx_word' id='word_1_454' title='bbox 3332 2524 3479 2579; x_wconf 89' lang='lat' dir='ltr'><strong>enim</strong></span> 
     </span>
    </p>
   </div>
   <div class='ocr_carea' id='block_1_69' title="bbox 1912 2610 3482 2683">
    <p class='ocr_par' dir='ltr' id='par_1_69' title="bbox 1912 2610 3482 2683">
     <span class='ocr_line' id='line_1_69' title="bbox 1912 2610 3482 2683; baseline 0.005 -21"><span class='ocrx_word' id='word_1_455' title='bbox 1912 2610 2149 2665; x_wconf 83' lang='lat' dir='ltr'><strong>deterret</strong></span> <span class='ocrx_word' id='word_1_456' title='bbox 2181 2626 2208 2665; x_wconf 92' lang='lat' dir='ltr'><strong>a</strong></span> <span class='ocrx_word' id='word_1_457' title='bbox 2266 2612 2535 2682; x_wconf 82' lang='lat' dir='ltr'><strong>legalibus</strong></span> <span class='ocrx_word' id='word_1_458' title='bbox 2582 2613 2941 2683; x_wconf 58' lang='lat' dir='ltr'><strong>praestandis.</strong></span> <span class='ocrx_word' id='word_1_459' title='bbox 2984 2612 3277 2669; x_wconf 86' lang='lat' dir='ltr'><strong>Enimvero</strong></span> <span class='ocrx_word' id='word_1_460' title='bbox 3314 2616 3363 2670; x_wconf 84' lang='lat' dir='ltr'><strong>si</strong></span> <span class='ocrx_word' id='word_1_461' title='bbox 3391 2616 3482 2670; x_wconf 92' lang='lat' dir='ltr'><strong>ille</strong></span> 
     </span>
    </p>
   </div>
   <div class='ocr_carea' id='block_1_70' title="bbox 1912 2703 3481 2775">
    <p class='ocr_par' dir='ltr' id='par_1_70' title="bbox 1912 2703 3481 2775">
     <span class='ocr_line' id='line_1_70' title="bbox 1912 2703 3481 2775; baseline 0.003 -21"><span class='ocrx_word' id='word_1_462' title='bbox 1912 2703 2002 2771; x_wconf 88' lang='lat' dir='ltr'><strong>qui</strong></span> <span class='ocrx_word' id='word_1_463' title='bbox 2036 2711 2250 2757; x_wconf 86' lang='lat' dir='ltr'><strong>tantum</strong></span> <span class='ocrx_word' id='word_1_464' title='bbox 2304 2704 2559 2759; x_wconf 88' lang='lat' dir='ltr'><strong>ardorem</strong></span> <span class='ocrx_word' id='word_1_465' title='bbox 2600 2704 2842 2774; x_wconf 75' lang='lat' dir='ltr'><strong>praetulit</strong></span> <span class='ocrx_word' id='word_1_466' title='bbox 2887 2704 3019 2758; x_wconf 90' lang='lat' dir='ltr'><strong>dum</strong></span> <span class='ocrx_word' id='word_1_467' title='bbox 3057 2706 3161 2758; x_wconf 86' lang='lat' dir='ltr'><strong>sub</strong></span> <span class='ocrx_word' id='word_1_468' title='bbox 3198 2704 3315 2775; x_wconf 86' lang='lat' dir='ltr'><strong>lege</strong></span> <span class='ocrx_word' id='word_1_469' title='bbox 3348 2720 3481 2774; x_wconf 86' lang='lat' dir='ltr'><strong>age-</strong></span> 
     </span>
    </p>
   </div>
   <div class='ocr_carea' id='block_1_71' title="bbox 1912 2796 3484 2867">
    <p class='ocr_par' dir='ltr' id='par_1_71' title="bbox 1912 2796 3484 2867">
     <span class='ocr_line' id='line_1_71' title="bbox 1912 2796 3484 2867; baseline 0.003 -19"><span class='ocrx_word' id='word_1_470' title='bbox 1912 2796 2025 2858; x_wconf 83' lang='lat' dir='ltr'><strong>bat,</strong></span> <span class='ocrx_word' id='word_1_471' title='bbox 2059 2796 2308 2851; x_wconf 89' lang='lat' dir='ltr'><strong>dimissis</strong></span> <span class='ocrx_word' id='word_1_472' title='bbox 2333 2797 2473 2867; x_wconf 85' lang='lat' dir='ltr'><strong>legis</strong></span> <span class='ocrx_word' id='word_1_473' title='bbox 2502 2796 2741 2852; x_wconf 88' lang='lat' dir='ltr'><strong>decretis</strong></span> <span class='ocrx_word' id='word_1_474' title='bbox 2778 2797 2845 2850; x_wconf 86' lang='lat' dir='ltr'><strong>ad</strong></span> <span class='ocrx_word' id='word_1_475' title='bbox 2893 2798 3131 2853; x_wconf 86' lang='lat' dir='ltr'><strong>salutem</strong></span> <span class='ocrx_word' id='word_1_476' title='bbox 3163 2797 3316 2852; x_wconf 80' lang='lat' dir='ltr'><strong>venit</strong></span> <span class='ocrx_word' id='word_1_477' title='bbox 3360 2811 3484 2867; x_wconf 66' lang='lat' dir='ltr'><strong>qua</strong></span> 
     </span>
    </p>
   </div>
   <div class='ocr_carea' id='block_1_72' title="bbox 1914 2888 3485 2965">
    <p class='ocr_par' dir='ltr' id='par_1_72' title="bbox 1914 2888 3485 2965">
     <span class='ocr_line' id='line_1_72' title="bbox 1914 2888 3485 2965; baseline 0.003 -24"><span class='ocrx_word' id='word_1_478' title='bbox 1914 2888 2015 2944; x_wconf 78' lang='lat' dir='ltr'><strong>{ide</strong></span> <span class='ocrx_word' id='word_1_479' title='bbox 2066 2890 2391 2958; x_wconf 86' lang='lat' dir='ltr'><strong>acquiritur,</strong></span> <span class='ocrx_word' id='word_1_480' title='bbox 2448 2889 2809 2945; x_wconf 78' lang='lat' dir='ltr'><strong>manifestum</strong></span> <span class='ocrx_word' id='word_1_481' title='bbox 2858 2899 2943 2945; x_wconf 88' lang='lat' dir='ltr'><strong>est</strong></span> <span class='ocrx_word' id='word_1_482' title='bbox 2978 2891 3160 2961; x_wconf 89' lang='lat' dir='ltr'><strong>ipsum</strong></span> <span class='ocrx_word' id='word_1_483' title='bbox 3202 2891 3307 2962; x_wconf 80' lang='lat' dir='ltr'><strong>legi</strong></span> <span class='ocrx_word' id='word_1_484' title='bbox 3338 2907 3485 2965; x_wconf 55' lang='lat' dir='ltr'><strong>nunc</strong></span> 
     </span>
    </p>
   </div>
   <div class='ocr_carea' id='block_1_73' title="bbox 1914 2982 3487 3053">
    <p class='ocr_par' dir='ltr' id='par_1_73' title="bbox 1914 2982 3487 3053">
     <span class='ocr_line' id='line_1_73' title="bbox 1914 2982 3487 3053; baseline 0.003 -20"><span class='ocrx_word' id='word_1_485' title='bbox 1914 2982 2047 3034; x_wconf 92' lang='lat' dir='ltr'><strong>tium</strong></span> <span class='ocrx_word' id='word_1_486' title='bbox 2090 2983 2395 3045; x_wconf 89' lang='lat' dir='ltr'><strong>remisisse,</strong></span> <span class='ocrx_word' id='word_1_487' title='bbox 2453 2997 2552 3051; x_wconf 88' lang='lat' dir='ltr'><strong>per</strong></span> <span class='ocrx_word' id='word_1_488' title='bbox 2607 2998 2774 3051; x_wconf 83' lang='lat' dir='ltr'><strong>quam</strong></span> <span class='ocrx_word' id='word_1_489' title='bbox 2830 2983 2946 3037; x_wconf 80' lang='lat' dir='ltr'><strong>ﬁeri</strong></span> <span class='ocrx_word' id='word_1_490' title='bbox 2997 2999 3109 3037; x_wconf 91' lang='lat' dir='ltr'><strong>non</strong></span> <span class='ocrx_word' id='word_1_491' title='bbox 3178 2991 3395 3053; x_wconf 80' lang='lat' dir='ltr'><strong>poterat</strong></span> <span class='ocrx_word' id='word_1_492' title='bbox 3427 2991 3487 3038; x_wconf 89' lang='lat' dir='ltr'><strong>ut</strong></span> 
     </span>
    </p>
   </div>
   <div class='ocr_carea' id='block_1_74' title="bbox 1913 3071 3486 3145">
    <p class='ocr_par' dir='ltr' id='par_1_74' title="bbox 1913 3071 3486 3145">
     <span class='ocr_line' id='line_1_74' title="bbox 1913 3071 3486 3145; baseline 0.003 -19"><span class='ocrx_word' id='word_1_493' title='bbox 1913 3071 2191 3141; x_wconf 79' lang='lat' dir='ltr'><strong>perlectus</strong></span> <span class='ocrx_word' id='word_1_494' title='bbox 2218 3074 2500 3129; x_wconf 83' lang='lat' dir='ltr'><strong>evaderet.</strong></span> <span class='ocrx_word' id='word_1_495' title='bbox 2554 3073 2743 3145; x_wconf 85' lang='lat' dir='ltr'><strong>Longe</strong></span> <span class='ocrx_word' id='word_1_496' title='bbox 2792 3073 2961 3143; x_wconf 85' lang='lat' dir='ltr'><strong>igitur</strong></span> <span class='ocrx_word' id='word_1_497' title='bbox 2994 3076 3194 3144; x_wconf 90' lang='lat' dir='ltr'><strong>potiori</strong></span> <span class='ocrx_word' id='word_1_498' title='bbox 3221 3075 3350 3145; x_wconf 90' lang='lat' dir='ltr'><strong>jure</strong></span> <span class='ocrx_word' id='word_1_499' title='bbox 3375 3091 3486 3130; x_wconf 88' lang='lat' dir='ltr'><strong>non</strong></span> 
     </span>
    </p>
   </div>
   <div class='ocr_carea' id='block_1_75' title="bbox 1913 3165 3489 3235">
    <p class='ocr_par' dir='ltr' id='par_1_75' title="bbox 1913 3165 3489 3235">
     <span class='ocr_line' id='line_1_75' title="bbox 1913 3165 3489 3235; baseline 0.002 -16"><span class='ocrx_word' id='word_1_500' title='bbox 1913 3165 2114 3219; x_wconf 86' lang='lat' dir='ltr'><strong>debent</strong></span> <span class='ocrx_word' id='word_1_501' title='bbox 2172 3166 2249 3219; x_wconf 91' lang='lat' dir='ltr'><strong>illi</strong></span> <span class='ocrx_word' id='word_1_502' title='bbox 2297 3165 2391 3235; x_wconf 91' lang='lat' dir='ltr'><strong>qui</strong></span> <span class='ocrx_word' id='word_1_503' title='bbox 2441 3166 2505 3220; x_wconf 90' lang='lat' dir='ltr'><strong>ad</strong></span> <span class='ocrx_word' id='word_1_504' title='bbox 2560 3166 2723 3220; x_wconf 83' lang='lat' dir='ltr'><strong>Iidem</strong></span> <span class='ocrx_word' id='word_1_505' title='bbox 2770 3174 3156 3231; x_wconf 84' lang='lat' dir='ltr'><strong>accurrerunt,</strong></span> <span class='ocrx_word' id='word_1_506' title='bbox 3189 3175 3341 3221; x_wconf 84' lang='lat' dir='ltr'><strong>tanto</strong></span> <span class='ocrx_word' id='word_1_507' title='bbox 3371 3176 3489 3222; x_wconf 67' lang='lat' dir='ltr'><strong>stuc</strong></span> 
     </span>
    </p>
   </div>
   <div class='ocr_carea' id='block_1_76' title="bbox 1913 3255 3489 3326">
    <p class='ocr_par' dir='ltr' id='par_1_76' title="bbox 1913 3255 3489 3326">
     <span class='ocr_line' id='line_1_76' title="bbox 1913 3255 3489 3326; baseline 0.001 -18"><span class='ocrx_word' id='word_1_508' title='bbox 1913 3255 2005 3310; x_wconf 90' lang='lat' dir='ltr'><strong>dio</strong></span> <span class='ocrx_word' id='word_1_509' title='bbox 2066 3256 2214 3310; x_wconf 89' lang='lat' dir='ltr'><strong>illam</strong></span> <span class='ocrx_word' id='word_1_510' title='bbox 2270 3256 2531 3326; x_wconf 88' lang='lat' dir='ltr'><strong>persequi</strong></span> <span class='ocrx_word' id='word_1_511' title='bbox 2581 3270 2703 3324; x_wconf 66' lang='lat' dir='ltr'><strong>qua:</strong></span> <span class='ocrx_word' id='word_1_512' title='bbox 2753 3255 3149 3324; x_wconf 82' lang='lat' dir='ltr'><strong>perfectionem</strong></span> <span class='ocrx_word' id='word_1_513' title='bbox 3182 3255 3489 3311; x_wconf 84' lang='lat' dir='ltr'><strong>conciliare</strong></span> 
     </span>
    </p>
   </div>
   <div class='ocr_carea' id='block_1_77' title="bbox 1915 3348 2588 3428">
    <p class='ocr_par' dir='ltr' id='par_1_77' title="bbox 1915 3348 2588 3428">
     <span class='ocr_line' id='line_1_77' title="bbox 1915 3348 2588 3428; baseline -0.001 -29"><span class='ocrx_word' id='word_1_514' title='bbox 1915 3362 2021 3401; x_wconf 92' lang='lat' dir='ltr'><strong>non</strong></span> <span class='ocrx_word' id='word_1_515' title='bbox 2053 3348 2214 3399; x_wconf 89' lang='lat' dir='ltr'><strong>valet.</strong></span> <span class='ocrx_word' id='word_1_516' title='bbox 2584 3412 2588 3428; x_wconf 44' lang='grc' dir='ltr'>ι</span> 
     </span>
    </p>
   </div>
   <div class='ocr_carea' id='block_1_78' title="bbox 1991 3438 3490 3509">
    <p class='ocr_par' dir='ltr' id='par_1_78' title="bbox 1991 3438 3490 3509">
     <span class='ocr_line' id='line_1_78' title="bbox 1991 3438 3490 3509; baseline 0.002 -20"><span class='ocrx_word' id='word_1_517' title='bbox 1991 3457 2009 3490; x_wconf 82' lang='grc' dir='ltr'><strong>ι</strong></span> <span class='ocrx_word' id='word_1_518' title='bbox 2040 3438 2143 3504; x_wconf 85' lang='lat' dir='ltr'><strong>Qui</strong></span> <span class='ocrx_word' id='word_1_519' title='bbox 2194 3452 2281 3493; x_wconf 90' lang='lat' dir='ltr'><strong>me</strong></span> <span class='ocrx_word' id='word_1_520' title='bbox 2326 3439 2633 3509; x_wconf 77' lang='lat' dir='ltr'><strong>segregavit</strong></span> <span class='ocrx_word' id='word_1_521' title='bbox 2658 3456 2723 3494; x_wconf 78' lang='lat' dir='ltr'><strong>ex</strong></span> <span class='ocrx_word' id='word_1_522' title='bbox 2777 3448 2932 3494; x_wconf 90' lang='lat' dir='ltr'><strong>utero</strong></span> <span class='ocrx_word' id='word_1_523' title='bbox 2984 3440 3178 3497; x_wconf 83' lang='lat' dir='ltr'><strong>matris</strong></span> <span class='ocrx_word' id='word_1_524' title='bbox 3223 3454 3390 3501; x_wconf 66' lang='lat' dir='ltr'><strong>meat.</strong></span> <span class='ocrx_word' id='word_1_525' title='bbox 3433 3444 3490 3494; x_wconf 87' lang='lat' dir='ltr'><strong>et</strong></span> 
     </span>
    </p>
   </div>
   <div class='ocr_carea' id='block_1_79' title="bbox 1915 3528 3491 3605">
    <p class='ocr_par' dir='ltr' id='par_1_79' title="bbox 1915 3528 3491 3605">
     <span class='ocr_line' id='line_1_79' title="bbox 1915 3528 3491 3605; baseline -0.001 -21"><span class='ocrx_word' id='word_1_526' title='bbox 1915 3532 2128 3586; x_wconf 83' lang='lat' dir='ltr'><strong>vocavit</strong></span> <span class='ocrx_word' id='word_1_527' title='bbox 2159 3546 2254 3601; x_wconf 89' lang='lat' dir='ltr'><strong>per</strong></span> <span class='ocrx_word' id='word_1_528' title='bbox 2291 3532 2524 3601; x_wconf 84' lang='lat' dir='ltr'><strong>gratiam</strong></span> <span class='ocrx_word' id='word_1_529' title='bbox 2556 3547 2737 3597; x_wconf 89' lang='lat' dir='ltr'><strong>suam,</strong></span> <span class='ocrx_word' id='word_1_530' title='bbox 2770 3532 2961 3605; x_wconf 52' lang='lat' dir='ltr'><strong>[Vens</strong></span> <span class='ocrx_word' id='word_1_531' title='bbox 2993 3531 3082 3604; x_wconf 73' lang='lat'><strong>16}</strong></span> <span class='ocrx_word' id='word_1_532' title='bbox 3128 3531 3371 3587; x_wconf 83' lang='lat' dir='ltr'><strong>revelare</strong></span> <span class='ocrx_word' id='word_1_533' title='bbox 3404 3528 3491 3584; x_wconf 78' lang='lat' dir='ltr'><strong>Fi-</strong></span> 
     </span>
    </p>
   </div>
   <div class='ocr_carea' id='block_1_80' title="bbox 1916 3626 3491 3695">
    <p class='ocr_par' dir='ltr' id='par_1_80' title="bbox 1916 3626 3491 3695">
     <span class='ocr_line' id='line_1_80' title="bbox 1916 3626 3491 3695; baseline -0.001 -17"><span class='ocrx_word' id='word_1_534' title='bbox 1916 3626 2049 3679; x_wconf 91' lang='lat' dir='ltr'><strong>lium</strong></span> <span class='ocrx_word' id='word_1_535' title='bbox 2094 3639 2254 3679; x_wconf 86' lang='lat' dir='ltr'><strong>suum</strong></span> <span class='ocrx_word' id='word_1_536' title='bbox 2296 3626 2351 3678; x_wconf 93' lang='lat' dir='ltr'><strong>in</strong></span> <span class='ocrx_word' id='word_1_537' title='bbox 2378 3640 2484 3688; x_wconf 72' lang='lat' dir='ltr'><strong>nte,</strong></span> <span class='ocrx_word' id='word_1_538' title='bbox 2520 3634 2575 3679; x_wconf 92' lang='lat' dir='ltr'><strong>ut</strong></span> <span class='ocrx_word' id='word_1_539' title='bbox 2616 3627 3047 3694; x_wconf 83' lang='lat' dir='ltr'><strong>evangeiizarem</strong></span> <span class='ocrx_word' id='word_1_540' title='bbox 3075 3626 3227 3679; x_wconf 90' lang='lat' dir='ltr'><strong>illum</strong></span> <span class='ocrx_word' id='word_1_541' title='bbox 3272 3626 3327 3681; x_wconf 81' lang='lat' dir='ltr'><strong>in</strong></span> <span class='ocrx_word' id='word_1_542' title='bbox 3360 3639 3491 3695; x_wconf 83' lang='lat' dir='ltr'><strong>gen-</strong></span> 
     </span>
    </p>
   </div>
   <div class='ocr_carea' id='block_1_81' title="bbox 1916 3718 2141 3773">
    <p class='ocr_par' dir='ltr' id='par_1_81' title="bbox 1916 3718 2141 3773">
     <span class='ocr_line' id='line_1_81' title="bbox 1916 3718 2141 3773; baseline -0.009 -2"><span class='ocrx_word' id='word_1_543' title='bbox 1916 3718 2084 3773; x_wconf 85' lang='lat' dir='ltr'><strong>tibus.</strong></span> <span class='ocrx_word' id='word_1_544' title='bbox 2122 3737 2141 3769; x_wconf 70' lang='grc' dir='ltr'><strong>ι</strong></span> 
     </span>
    </p>
   </div>
   <div class='ocr_carea' id='block_1_82' title="bbox 1990 3805 3491 3874">
    <p class='ocr_par' dir='ltr' id='par_1_82' title="bbox 1990 3805 3491 3874">
     <span class='ocr_line' id='line_1_82' title="bbox 1990 3805 3491 3874; baseline -0.003 -12"><span class='ocrx_word' id='word_1_545' title='bbox 1990 3807 2046 3862; x_wconf 83' lang='lat' dir='ltr'><strong>Si</strong></span> <span class='ocrx_word' id='word_1_546' title='bbox 2089 3825 2156 3863; x_wconf 76' lang='lat' dir='ltr'><strong>ex</strong></span> <span class='ocrx_word' id='word_1_547' title='bbox 2187 3817 2344 3863; x_wconf 91' lang='lat' dir='ltr'><strong>utero</strong></span> <span class='ocrx_word' id='word_1_548' title='bbox 2380 3818 2608 3863; x_wconf 84' lang='lat' dir='ltr'><strong>vocatus</strong></span> <span class='ocrx_word' id='word_1_549' title='bbox 2636 3817 2721 3863; x_wconf 90' lang='lat' dir='ltr'><strong>est</strong></span> <span class='ocrx_word' id='word_1_550' title='bbox 2752 3808 2966 3872; x_wconf 82' lang='lat' dir='ltr'><strong>matris,</strong></span> <span class='ocrx_word' id='word_1_551' title='bbox 3010 3806 3077 3860; x_wconf 87' lang='lat' dir='ltr'><strong>ad</strong></span> <span class='ocrx_word' id='word_1_552' title='bbox 3129 3805 3491 3874; x_wconf 82' lang='lat' dir='ltr'><strong>apostolatum</strong></span> 
     </span>
    </p>
   </div>
   <div class='ocr_carea' id='block_1_83' title="bbox 1918 3899 3494 3971">
    <p class='ocr_par' dir='ltr' id='par_1_83' title="bbox 1918 3899 3494 3971">
     <span class='ocr_line' id='line_1_83' title="bbox 1918 3899 3494 3971; baseline -0.001 -20"><span class='ocrx_word' id='word_1_553' title='bbox 1918 3910 2068 3971; x_wconf 81' lang='lat' dir='ltr'><strong>puta,</strong></span> <span class='ocrx_word' id='word_1_554' title='bbox 2101 3903 2321 3971; x_wconf 89' lang='lat' dir='ltr'><strong>quinam</strong></span> <span class='ocrx_word' id='word_1_555' title='bbox 2360 3900 2463 3956; x_wconf 77' lang='lat' dir='ltr'><strong>fuit</strong></span> <span class='ocrx_word' id='word_1_556' title='bbox 2499 3902 2853 3971; x_wconf 81' lang='lat' dir='ltr'><strong>persecutor?</strong></span> <span class='ocrx_word' id='word_1_557' title='bbox 2884 3900 3113 3954; x_wconf 84' lang='lat' dir='ltr'><strong>Dubium</strong></span> <span class='ocrx_word' id='word_1_558' title='bbox 3142 3900 3245 3954; x_wconf 83' lang='lat' dir='ltr'><strong>hoc</strong></span> <span class='ocrx_word' id='word_1_559' title='bbox 3287 3900 3342 3954; x_wconf 86' lang='lat' dir='ltr'><strong>in</strong></span> <span class='ocrx_word' id='word_1_560' title='bbox 3385 3899 3494 3952; x_wconf 90' lang='lat' dir='ltr'><strong>alio</strong></span> 
     </span>
    </p>
   </div>
   <div class='ocr_carea' id='block_1_84' title="bbox 1921 3988 3493 4060">
    <p class='ocr_par' dir='ltr' id='par_1_84' title="bbox 1921 3988 3493 4060">
     <span class='ocr_line' id='line_1_84' title="bbox 1921 3988 3493 4060; baseline -0.002 -16"><span class='ocrx_word' id='word_1_561' title='bbox 1921 4001 2041 4046; x_wconf 86' lang='lat' dir='ltr'><strong>loco</strong></span> <span class='ocrx_word' id='word_1_562' title='bbox 2064 3995 2246 4055; x_wconf 85' lang='lat' dir='ltr'><strong>solvit,</strong></span> <span class='ocrx_word' id='word_1_563' title='bbox 2293 3994 2421 4046; x_wconf 88' lang='lat' dir='ltr'><strong>dum</strong></span> <span class='ocrx_word' id='word_1_564' title='bbox 2458 3994 2555 4055; x_wconf 85' lang='lat' dir='ltr'><strong>ait,</strong></span> <span class='ocrx_word' id='word_1_565' title='bbox 2607 4002 2663 4045; x_wconf 90' lang='lat' dir='ltr'><strong>ut</strong></span> <span class='ocrx_word' id='word_1_566' title='bbox 2695 3993 2747 4045; x_wconf 87' lang='lat' dir='ltr'><strong>in</strong></span> <span class='ocrx_word' id='word_1_567' title='bbox 2798 4007 2882 4045; x_wconf 82' lang='lat' dir='ltr'><strong>tne</strong></span> <span class='ocrx_word' id='word_1_568' title='bbox 2922 3991 3157 4060; x_wconf 87' lang='lat' dir='ltr'><strong>primum</strong></span> <span class='ocrx_word' id='word_1_569' title='bbox 3184 3988 3493 4044; x_wconf 87' lang='lat' dir='ltr'><strong>ostenderet</strong></span> 
     </span>
    </p>
   </div>
   <div class='ocr_carea' id='block_1_85' title="bbox 1915 4080 3494 4152">
    <p class='ocr_par' dir='ltr' id='par_1_85' title="bbox 1915 4080 3494 4152">
     <span class='ocr_line' id='line_1_85' title="bbox 1915 4080 3494 4152; baseline -0.002 -15"><span class='ocrx_word' id='word_1_570' title='bbox 1915 4083 2170 4137; x_wconf 89' lang='lat' dir='ltr'><strong>Christus</strong></span> <span class='ocrx_word' id='word_1_571' title='bbox 2202 4098 2419 4137; x_wconf 86' lang='lat' dir='ltr'><strong>omnem</strong></span> <span class='ocrx_word' id='word_1_572' title='bbox 2466 4084 2779 4152; x_wconf 81' lang='lat' dir='ltr'><strong>patientiam</strong></span> <span class='ocrx_word' id='word_1_573' title='bbox 2831 4098 3013 4145; x_wconf 82' lang='lat' dir='ltr'><strong>suam,</strong></span> <span class='ocrx_word' id='word_1_574' title='bbox 3045 4081 3112 4136; x_wconf 88' lang='lat' dir='ltr'><strong>ad</strong></span> <span class='ocrx_word' id='word_1_575' title='bbox 3156 4080 3494 4137; x_wconf 77' lang='lat' dir='ltr'><strong>informatio-</strong></span> 
     </span>
    </p>
   </div>
   <div class='ocr_carea' id='block_1_86' title="bbox 1917 4172 3491 4245">
    <p class='ocr_par' dir='ltr' id='par_1_86' title="bbox 1917 4172 3491 4245">
     <span class='ocr_line' id='line_1_86' title="bbox 1917 4172 3491 4245; baseline -0.004 -15"><span class='ocrx_word' id='word_1_576' title='bbox 1917 4192 2039 4230; x_wconf 90' lang='lat' dir='ltr'><strong>nem</strong></span> <span class='ocrx_word' id='word_1_577' title='bbox 2065 4190 2256 4229; x_wconf 85' lang='lat' dir='ltr'><strong>eorum</strong></span> <span class='ocrx_word' id='word_1_578' title='bbox 2297 4176 2391 4245; x_wconf 81' lang='lat' dir='ltr'><strong>qui</strong></span> <span class='ocrx_word' id='word_1_579' title='bbox 2425 4175 2478 4228; x_wconf 83' lang='lat' dir='ltr'><strong>in</strong></span> <span class='ocrx_word' id='word_1_580' title='bbox 2522 4174 2699 4244; x_wconf 83' lang='lat' dir='ltr'><strong>ipsum</strong></span> <span class='ocrx_word' id='word_1_581' title='bbox 2727 4173 2993 4229; x_wconf 83' lang='lat' dir='ltr'><strong>credituri</strong></span> <span class='ocrx_word' id='word_1_582' title='bbox 3039 4182 3196 4227; x_wconf 80' lang='lat' dir='ltr'><strong>erant</strong></span> <span class='ocrx_word' id='word_1_583' title='bbox 3231 4172 3301 4227; x_wconf 83' lang='lat' dir='ltr'><strong>ad</strong></span> <span class='ocrx_word' id='word_1_584' title='bbox 3330 4173 3491 4227; x_wconf 84' lang='lat' dir='ltr'><strong>vitam</strong></span> 
     </span>
    </p>
   </div>
   <div class='ocr_carea' id='block_1_87' title="bbox 1914 4268 2255 4322">
    <p class='ocr_par' dir='ltr' id='par_1_87' title="bbox 1914 4268 2255 4322">
     <span class='ocr_line' id='line_1_87' title="bbox 1914 4268 2255 4322; baseline -0.003 0"><span class='ocrx_word' id='word_1_585' title='bbox 1914 4278 2170 4322; x_wconf 67' lang='lat' dir='ltr'><strong>aeternam</strong></span> <span class='ocrx_word' id='word_1_586' title='bbox 2190 4268 2255 4321; x_wconf 76' lang='grc'><strong>³³.</strong></span> 
     </span>
    </p>
   </div>
   <div class='ocr_carea' id='block_1_88' title="bbox 1991 4353 3490 4426">
    <p class='ocr_par' dir='ltr' id='par_1_88' title="bbox 1991 4353 3490 4426">
     <span class='ocr_line' id='line_1_88' title="bbox 1991 4353 3490 4426; baseline -0.002 -17"><span class='ocrx_word' id='word_1_587' title='bbox 1991 4377 2011 4409; x_wconf 89' lang='grc'><em>‹</em></span> <span class='ocrx_word' id='word_1_588' title='bbox 2051 4359 2330 4412; x_wconf 85' lang='lat' dir='ltr'><strong>Continuo</strong></span> <span class='ocrx_word' id='word_1_589' title='bbox 2387 4374 2493 4412; x_wconf 86' lang='lat' dir='ltr'><strong>non</strong></span> <span class='ocrx_word' id='word_1_590' title='bbox 2557 4358 2805 4426; x_wconf 86' lang='lat' dir='ltr'><strong>acquievi</strong></span> <span class='ocrx_word' id='word_1_591' title='bbox 2868 4355 3021 4409; x_wconf 86' lang='lat' dir='ltr'><strong>carni</strong></span> <span class='ocrx_word' id='word_1_592' title='bbox 3084 4362 3139 4409; x_wconf 90' lang='lat' dir='ltr'><strong>et</strong></span> <span class='ocrx_word' id='word_1_593' title='bbox 3199 4353 3490 4423; x_wconf 78' lang='lat' dir='ltr'><strong>sanguini,</strong></span> 
     </span>
    </p>
   </div>
   <div class='ocr_carea' id='block_1_89' title="bbox 1917 4444 3493 4520">
    <p class='ocr_par' dir='ltr' id='par_1_89' title="bbox 1917 4444 3493 4520">
     <span class='ocr_line' id='line_1_89' title="bbox 1917 4444 3493 4520; baseline -0.003 -19"><span class='ocrx_word' id='word_1_594' title='bbox 1917 4448 2108 4520; x_wconf 59' lang='lat' dir='ltr'><strong>ﬂens.</strong></span> <span class='ocrx_word' id='word_1_595' title='bbox 2145 4447 2233 4519; x_wconf 83' lang='grc'><strong>17]</strong></span> <span class='ocrx_word' id='word_1_596' title='bbox 2274 4464 2450 4517; x_wconf 90' lang='lat' dir='ltr'><strong>neque</strong></span> <span class='ocrx_word' id='word_1_597' title='bbox 2483 4448 2602 4502; x_wconf 87' lang='lat' dir='ltr'><strong>veni</strong></span> <span class='ocrx_word' id='word_1_598' title='bbox 2635 4448 3072 4516; x_wconf 85' lang='lat' dir='ltr'><strong>Hierosolymam</strong></span> <span class='ocrx_word' id='word_1_599' title='bbox 3092 4444 3156 4498; x_wconf 90' lang='lat' dir='ltr'><strong>ad</strong></span> <span class='ocrx_word' id='word_1_600' title='bbox 3175 4453 3493 4501; x_wconf 80' lang='lat' dir='ltr'><strong>antecesso-</strong></span> 
     </span>
    </p>
   </div>
   <div class='ocr_carea' id='block_1_90' title="bbox 229 4538 1808 4611">
    <p class='ocr_par' dir='ltr' id='par_1_90' title="bbox 229 4538 1808 4611">
     <span class='ocr_line' id='line_1_90' title="bbox 229 4538 1808 4611; baseline 0.006 -20"><span class='ocrx_word' id='word_1_601' title='bbox 229 4538 597 4606; x_wconf 78' lang='grc' dir='ltr'>ἀποστόλους,</span> <span class='ocrx_word' id='word_1_602' title='bbox 630 4539 764 4593; x_wconf 85' lang='grc' dir='ltr'><strong>ἀλλά</strong></span> <span class='ocrx_word' id='word_1_603' title='bbox 792 4539 1034 4610; x_wconf 80' lang='grc' dir='ltr'>ἀπῆλθον</span> <span class='ocrx_word' id='word_1_604' title='bbox 1065 4542 1144 4603; x_wconf 80' lang='grc' dir='ltr'>εἰς</span> <span class='ocrx_word' id='word_1_605' title='bbox 1190 4540 1468 4611; x_wconf 79' lang='grc' dir='ltr'>Ἀραϐίαν,</span> <span class='ocrx_word' id='word_1_606' title='bbox 1508 4544 1601 4595; x_wconf 72' lang='grc' dir='ltr'>καὶ</span> <span class='ocrx_word' id='word_1_607' title='bbox 1652 4547 1808 4600; x_wconf 83' lang='grc' dir='ltr'>πάλιν</span> 
     </span>
    </p>
   </div>
   <div class='ocr_carea' id='block_1_91' title="bbox 1911 4538 3494 4611">
    <p class='ocr_par' dir='ltr' id='par_1_91' title="bbox 1922 4538 3494 4611">
     <span class='ocr_line' id='line_1_91' title="bbox 1922 4538 3494 4611; baseline -0.003 -16"><span class='ocrx_word' id='word_1_608' title='bbox 1922 4558 2011 4597; x_wconf 87' lang='lat' dir='ltr'><strong>res</strong></span> <span class='ocrx_word' id='word_1_609' title='bbox 2050 4556 2198 4595; x_wconf 89' lang='lat' dir='ltr'><strong>meos</strong></span> <span class='ocrx_word' id='word_1_610' title='bbox 2228 4543 2527 4611; x_wconf 85' lang='lat' dir='ltr'><strong>apostolos,</strong></span> <span class='ocrx_word' id='word_1_611' title='bbox 2562 4541 2657 4595; x_wconf 87' lang='lat' dir='ltr'><strong>sed</strong></span> <span class='ocrx_word' id='word_1_612' title='bbox 2685 4541 2794 4594; x_wconf 87' lang='lat' dir='ltr'><strong>abii</strong></span> <span class='ocrx_word' id='word_1_613' title='bbox 2824 4541 2879 4593; x_wconf 91' lang='lat' dir='ltr'><strong>in</strong></span> <span class='ocrx_word' id='word_1_614' title='bbox 2905 4539 3183 4602; x_wconf 86' lang='lat' dir='ltr'><strong>Arabiam,</strong></span> <span class='ocrx_word' id='word_1_615' title='bbox 3211 4547 3264 4593; x_wconf 89' lang='lat' dir='ltr'><strong>et</strong></span> <span class='ocrx_word' id='word_1_616' title='bbox 3296 4538 3494 4593; x_wconf 88' lang='lat' dir='ltr'><strong>iterum</strong></span> 
     </span>
    </p>
   </div>
   <div class='ocr_carea' id='block_1_92' title="bbox 230 4629 1050 4699">
    <p class='ocr_par' dir='ltr' id='par_1_92' title="bbox 230 4629 1050 4699">
     <span class='ocr_line' id='line_1_92' title="bbox 230 4629 1050 4699; baseline 0.009 -21"><span class='ocrx_word' id='word_1_617' title='bbox 230 4629 557 4699; x_wconf 73' lang='grc' dir='ltr'>ἐπέστρεψα</span> <span class='ocrx_word' id='word_1_618' title='bbox 579 4630 664 4692; x_wconf 72' lang='grc' dir='ltr'><strong>εἰς</strong></span> <span class='ocrx_word' id='word_1_619' title='bbox 690 4633 998 4699; x_wconf 85' lang='grc' dir='ltr'>Δαμασκόν.</span> <span class='ocrx_word' id='word_1_620' title='bbox 1030 4652 1050 4685; x_wconf 74' lang='grc' dir='ltr'><strong>ι</strong></span> 
     </span>
    </p>
   </div>
   <div class='ocr_carea' id='block_1_93' title="bbox 308 4720 1817 4799">
    <p class='ocr_par' dir='ltr' id='par_1_93' title="bbox 308 4720 1817 4799">
     <span class='ocr_line' id='line_1_93' title="bbox 308 4720 1817 4799; baseline 0.004 -24"><span class='ocrx_word' id='word_1_621' title='bbox 308 4720 483 4775; x_wconf 73' lang='grc' dir='ltr'>Πάλιν</span> <span class='ocrx_word' id='word_1_622' title='bbox 552 4724 1074 4789; x_wconf 81' lang='grc' dir='ltr'>κατασκευαστικὸν,</span> <span class='ocrx_word' id='word_1_623' title='bbox 1115 4725 1177 4778; x_wconf 75' lang='grc' dir='ltr'>τὸ</span> <span class='ocrx_word' id='word_1_624' title='bbox 1215 4725 1289 4796; x_wconf 81' lang='grc' dir='ltr'><strong>μὴ</strong></span> <span class='ocrx_word' id='word_1_625' title='bbox 1344 4725 1473 4796; x_wconf 76' lang='grc' dir='ltr'>παρ’</span> <span class='ocrx_word' id='word_1_626' title='bbox 1513 4725 1817 4799; x_wconf 83' lang='grc' dir='ltr'>ἀνθρώπων</span> 
     </span>
    </p>
   </div>
   <div class='ocr_carea' id='block_1_94' title="bbox 233 4813 1818 4885">
    <p class='ocr_par' dir='ltr' id='par_1_94' title="bbox 233 4813 1818 4885">
     <span class='ocr_line' id='line_1_94' title="bbox 233 4813 1818 4885; baseline 0.007 -21"><span class='ocrx_word' id='word_1_627' title='bbox 233 4813 403 4865; x_wconf 77' lang='grc' dir='ltr'>αὑτὸν</span> <span class='ocrx_word' id='word_1_628' title='bbox 438 4814 538 4883; x_wconf 81' lang='grc' dir='ltr'>τὴν</span> <span class='ocrx_word' id='word_1_629' title='bbox 569 4816 698 4884; x_wconf 78' lang='grc' dir='ltr'>περὶ</span> <span class='ocrx_word' id='word_1_630' title='bbox 730 4815 972 4885; x_wconf 87' lang='grc' dir='ltr'>Χριστοῦ</span> <span class='ocrx_word' id='word_1_631' title='bbox 1000 4816 1355 4869; x_wconf 81' lang='grc' dir='ltr'>διδασκαλίαν</span> <span class='ocrx_word' id='word_1_632' title='bbox 1382 4815 1661 4880; x_wconf 78' lang='grc' dir='ltr'>δέξασθαι.</span> <span class='ocrx_word' id='word_1_633' title='bbox 1694 4818 1818 4880; x_wconf 80' lang='grc' dir='ltr'><strong>Πῶς</strong></span> 
     </span>
    </p>
   </div>
   <div class='ocr_carea' id='block_1_95' title="bbox 237 4903 1818 4976">
    <p class='ocr_par' dir='ltr' id='par_1_95' title="bbox 237 4903 1818 4976">
     <span class='ocr_line' id='line_1_95' title="bbox 237 4903 1818 4976; baseline 0.001 -20"><span class='ocrx_word' id='word_1_634' title='bbox 237 4905 355 4974; x_wconf 74' lang='grc' dir='ltr'>γὰρ</span> <span class='ocrx_word' id='word_1_635' title='bbox 378 4906 475 4957; x_wconf 70' lang='grc' dir='ltr'><strong>καὶ</strong></span> <span class='ocrx_word' id='word_1_636' title='bbox 512 4904 737 4974; x_wconf 72' lang='grc' dir='ltr'>ἔμελλεν</span> <span class='ocrx_word' id='word_1_637' title='bbox 768 4904 1077 4976; x_wconf 81' lang='grc' dir='ltr'>ἀνθρώποις</span> <span class='ocrx_word' id='word_1_638' title='bbox 1105 4903 1425 4971; x_wconf 82' lang='grc' dir='ltr'>ἀναθέσθαι,</span> <span class='ocrx_word' id='word_1_639' title='bbox 1464 4908 1493 4959; x_wconf 79' lang='grc' dir='ltr'>ὁ</span> <span class='ocrx_word' id='word_1_640' title='bbox 1516 4910 1615 4976; x_wconf 79' lang='grc' dir='ltr'><strong>τῆς</strong></span> <span class='ocrx_word' id='word_1_641' title='bbox 1677 4909 1818 4961; x_wconf 68' lang='grc' dir='ltr'>ἄνωο</span> 
     </span>
    </p>
   </div>
   <div class='ocr_carea' id='block_1_96' title="bbox 234 4999 1069 5071">
    <p class='ocr_par' dir='ltr' id='par_1_96' title="bbox 234 4999 1069 5071">
     <span class='ocr_line' id='line_1_96' title="bbox 234 4999 1069 5071; baseline 0.001 -18"><span class='ocrx_word' id='word_1_642' title='bbox 234 5000 335 5054; x_wconf 85' lang='grc' dir='ltr'><strong>θεν</strong></span> <span class='ocrx_word' id='word_1_643' title='bbox 362 4999 709 5062; x_wconf 82' lang='grc' dir='ltr'>διδασκαλίας</span> <span class='ocrx_word' id='word_1_644' title='bbox 734 5000 1069 5071; x_wconf 77' lang='grc' dir='ltr'>ἡξιωμὲνος;</span> 
     </span>
    </p>
   </div>
   <div class='ocr_carea' id='block_1_97' title="bbox 318 5089 1814 5161">
    <p class='ocr_par' dir='ltr' id='par_1_97' title="bbox 318 5089 1814 5161">
     <span class='ocr_line' id='line_1_97' title="bbox 318 5089 1814 5161; baseline 0 -19"><span class='ocrx_word' id='word_1_645' title='bbox 318 5110 339 5142; x_wconf 79' lang='grc' dir='ltr'><strong>ι</strong></span> <span class='ocrx_word' id='word_1_646' title='bbox 372 5091 609 5143; x_wconf 86' lang='grc' dir='ltr'>Ἔπειτα</span> <span class='ocrx_word' id='word_1_647' title='bbox 633 5091 770 5159; x_wconf 83' lang='grc' dir='ltr'><strong>μετά</strong></span> <span class='ocrx_word' id='word_1_648' title='bbox 790 5091 917 5161; x_wconf 85' lang='grc' dir='ltr'>τρία</span> <span class='ocrx_word' id='word_1_649' title='bbox 950 5090 1045 5161; x_wconf 79' lang='grc' dir='ltr'>ἐτη</span> <span class='ocrx_word' id='word_1_650' title='bbox 1076 5090 1304 5161; x_wconf 85' lang='grc' dir='ltr'>ἀνῆλθον</span> <span class='ocrx_word' id='word_1_651' title='bbox 1335 5092 1414 5153; x_wconf 82' lang='grc' dir='ltr'>εἰς</span> <span class='ocrx_word' id='word_1_652' title='bbox 1448 5089 1814 5160; x_wconf 86' lang='grc' dir='ltr'>Ἰεροσόλυμα,</span> 
     </span>
    </p>
   </div>
   <div class='ocr_carea' id='block_1_98' title="bbox 229 5181 1819 5252">
    <p class='ocr_par' dir='ltr' id='par_1_98' title="bbox 229 5181 1819 5252">
     <span class='ocr_line' id='line_1_98' title="bbox 229 5181 1819 5252; baseline 0.001 -20"><span class='ocrx_word' id='word_1_653' title='bbox 229 5181 533 5252; x_wconf 70' lang='grc' dir='ltr'>ἱστορῆσαι</span> <span class='ocrx_word' id='word_1_654' title='bbox 568 5181 801 5252; x_wconf 80' lang='grc' dir='ltr'>Πέτρον,</span> <span class='ocrx_word' id='word_1_655' title='bbox 824 5182 921 5234; x_wconf 78' lang='grc' dir='ltr'><strong>καὶ</strong></span> <span class='ocrx_word' id='word_1_656' title='bbox 960 5182 1226 5251; x_wconf 77' lang='grc' dir='ltr'>ἐπέμεινα</span> <span class='ocrx_word' id='word_1_657' title='bbox 1282 5182 1420 5252; x_wconf 83' lang='grc' dir='ltr'>πρὸς</span> <span class='ocrx_word' id='word_1_658' title='bbox 1464 5181 1624 5234; x_wconf 76' lang='grc' dir='ltr'>αὐτὸν</span> <span class='ocrx_word' id='word_1_659' title='bbox 1682 5182 1819 5251; x_wconf 77' lang='grc' dir='ltr'><strong>ἡμέ-</strong></span> 
     </span>
    </p>
   </div>
   <div class='ocr_carea' id='block_1_99' title="bbox 233 5272 1820 5346">
    <p class='ocr_par' dir='ltr' id='par_1_99' title="bbox 233 5272 1820 5346">
     <span class='ocr_line' id='line_1_99' title="bbox 233 5272 1820 5346; baseline 0 -21"><span class='ocrx_word' id='word_1_660' title='bbox 233 5290 345 5346; x_wconf 78' lang='grc' dir='ltr'><strong>ρας</strong></span> <span class='ocrx_word' id='word_1_661' title='bbox 395 5273 533 5325; x_wconf 76' lang='grc' dir='ltr'>δέκα</span> <span class='ocrx_word' id='word_1_662' title='bbox 578 5272 674 5325; x_wconf 71' lang='grc' dir='ltr'><strong>καὶ</strong></span> <span class='ocrx_word' id='word_1_663' title='bbox 738 5276 898 5325; x_wconf 81' lang='grc' dir='ltr'>πέντε</span> <span class='ocrx_word' id='word_1_664' title='bbox 918 5290 944 5317; x_wconf 58' lang='grc' dir='ltr'><strong>ς·</strong></span> <span class='ocrx_word' id='word_1_665' title='bbox 1012 5272 1198 5343; x_wconf 72' lang='grc' dir='ltr'>ἕτερον</span> <span class='ocrx_word' id='word_1_666' title='bbox 1241 5274 1298 5327; x_wconf 85' lang='grc' dir='ltr'>δὲ</span> <span class='ocrx_word' id='word_1_667' title='bbox 1336 5274 1447 5326; x_wconf 84' lang='grc' dir='ltr'><strong>τῶν</strong></span> <span class='ocrx_word' id='word_1_668' title='bbox 1505 5274 1820 5326; x_wconf 73' lang='grc' dir='ltr'>ἀποστόλων</span> 
     </span>
    </p>
   </div>
   <div class='ocr_carea' id='block_1_100' title="bbox 232 5362 1815 5438">
    <p class='ocr_par' dir='ltr' id='par_1_100' title="bbox 232 5362 1815 5438">
     <span class='ocr_line' id='line_1_100' title="bbox 232 5362 1815 5438; baseline -0.001 -18"><span class='ocrx_word' id='word_1_669' title='bbox 232 5367 343 5420; x_wconf 68' lang='grc' dir='ltr'><strong>οὐκ</strong></span> <span class='ocrx_word' id='word_1_670' title='bbox 376 5362 537 5429; x_wconf 75' lang='grc' dir='ltr'>εἶδον,</span> <span class='ocrx_word' id='word_1_671' title='bbox 567 5369 616 5419; x_wconf 85' lang='grc' dir='ltr'>εἰ</span> <span class='ocrx_word' id='word_1_672' title='bbox 652 5366 724 5438; x_wconf 82' lang='grc' dir='ltr'>μὴ</span> <span class='ocrx_word' id='word_1_673' title='bbox 754 5367 1010 5421; x_wconf 76' lang='grc' dir='ltr'>Ἰάκωϐον</span> <span class='ocrx_word' id='word_1_674' title='bbox 1050 5369 1142 5420; x_wconf 82' lang='grc' dir='ltr'><strong>τὸν</strong></span> <span class='ocrx_word' id='word_1_675' title='bbox 1196 5368 1427 5437; x_wconf 79' lang='grc' dir='ltr'>ἀδελφὸν</span> <span class='ocrx_word' id='word_1_676' title='bbox 1459 5367 1554 5419; x_wconf 79' lang='grc' dir='ltr'><strong>τοῦ</strong></span> <span class='ocrx_word' id='word_1_677' title='bbox 1588 5368 1815 5437; x_wconf 86' lang='grc' dir='ltr'>Κυρίου.</span> 
     </span>
    </p>
   </div>
   <div class='ocr_carea' id='block_1_101' title="bbox 239 5456 1813 5527">
    <p class='ocr_par' dir='ltr' id='par_1_101' title="bbox 239 5456 1813 5527">
     <span class='ocr_line' id='line_1_101' title="bbox 239 5456 1813 5527; baseline -0.003 -16"><span class='ocrx_word' id='word_1_678' title='bbox 239 5459 314 5511; x_wconf 82' lang='grc' dir='ltr'><strong>’Δ</strong></span> <span class='ocrx_word' id='word_1_679' title='bbox 334 5458 395 5510; x_wconf 79' lang='grc' dir='ltr'>δὲ</span> <span class='ocrx_word' id='word_1_680' title='bbox 422 5457 622 5525; x_wconf 76' lang='grc' dir='ltr'>γράφω</span> <span class='ocrx_word' id='word_1_681' title='bbox 674 5459 821 5527; x_wconf 81' lang='grc' dir='ltr'>ὑμῖν,</span> <span class='ocrx_word' id='word_1_682' title='bbox 876 5458 986 5512; x_wconf 81' lang='grc' dir='ltr'>ίδοὺ</span> <span class='ocrx_word' id='word_1_683' title='bbox 1032 5458 1262 5512; x_wconf 82' lang='grc' dir='ltr'>ἐνώπιον</span> <span class='ocrx_word' id='word_1_684' title='bbox 1317 5457 1409 5509; x_wconf 90' lang='grc' dir='ltr'><strong>τοῦ</strong></span> <span class='ocrx_word' id='word_1_685' title='bbox 1465 5457 1623 5519; x_wconf 77' lang='grc' dir='ltr'>θεοῦ,</span> <span class='ocrx_word' id='word_1_686' title='bbox 1652 5456 1813 5511; x_wconf 84' lang='grc' dir='ltr'>ὅτιού</span> 
     </span>
    </p>
   </div>
   <div class='ocr_carea' id='block_1_102' title="bbox 228 5544 1815 5619">
    <p class='ocr_par' dir='ltr' id='par_1_102' title="bbox 228 5544 1815 5619">
     <span class='ocr_line' id='line_1_102' title="bbox 228 5544 1815 5619; baseline -0.001 -19"><span class='ocrx_word' id='word_1_687' title='bbox 228 5548 531 5619; x_wconf 68' lang='grc' dir='ltr'>ψεύδομαι.</span> <span class='ocrx_word' id='word_1_688' title='bbox 566 5549 796 5601; x_wconf 81' lang='grc' dir='ltr'>Ἔπειτα</span> <span class='ocrx_word' id='word_1_689' title='bbox 849 5544 1015 5619; x_wconf 78' lang='grc' dir='ltr'>ἦλθον</span> <span class='ocrx_word' id='word_1_690' title='bbox 1068 5551 1148 5610; x_wconf 80' lang='grc' dir='ltr'><strong>είς</strong></span> <span class='ocrx_word' id='word_1_691' title='bbox 1180 5550 1248 5601; x_wconf 73' lang='grc' dir='ltr'><strong>τὰ</strong></span> <span class='ocrx_word' id='word_1_692' title='bbox 1284 5548 1522 5618; x_wconf 82' lang='grc' dir='ltr'>κλίματα</span> <span class='ocrx_word' id='word_1_693' title='bbox 1563 5550 1662 5618; x_wconf 85' lang='grc' dir='ltr'><strong>τῆς</strong></span> <span class='ocrx_word' id='word_1_694' title='bbox 1715 5549 1815 5598; x_wconf 89' lang='grc' dir='ltr'><strong>Συ-</strong></span> 
     </span>
    </p>
   </div>
   <div class='ocr_carea' id='block_1_103' title="bbox 235 5640 1814 5714">
    <p class='ocr_par' dir='ltr' id='par_1_103' title="bbox 235 5640 1814 5714">
     <span class='ocr_line' id='line_1_103' title="bbox 235 5640 1814 5714; baseline -0.001 -21"><span class='ocrx_word' id='word_1_695' title='bbox 235 5643 367 5714; x_wconf 64' lang='grc' dir='ltr'>ρίας</span> <span class='ocrx_word' id='word_1_696' title='bbox 404 5641 503 5693; x_wconf 75' lang='grc' dir='ltr'><strong>καὶ</strong></span> <span class='ocrx_word' id='word_1_697' title='bbox 550 5640 649 5707; x_wconf 80' lang='grc' dir='ltr'>τῆς</span> <span class='ocrx_word' id='word_1_698' title='bbox 709 5641 981 5705; x_wconf 85' lang='grc' dir='ltr'>Κιλικίας.</span> <span class='ocrx_word' id='word_1_699' title='bbox 1019 5642 1203 5713; x_wconf 84' lang='grc' dir='ltr'>Ἤμην</span> <span class='ocrx_word' id='word_1_700' title='bbox 1238 5642 1292 5694; x_wconf 82' lang='grc' dir='ltr'>δὲ</span> <span class='ocrx_word' id='word_1_701' title='bbox 1332 5640 1693 5710; x_wconf 74' lang='grc' dir='ltr'>ἀγνοούμενος</span> <span class='ocrx_word' id='word_1_702' title='bbox 1738 5641 1814 5711; x_wconf 79' lang='grc' dir='ltr'><strong>τῷ</strong></span> 
     </span>
    </p>
   </div>
   <div class='ocr_carea' id='block_1_104' title="bbox 303 5818 746 5882">
    <p class='ocr_par' dir='ltr' id='par_1_104' title="bbox 303 5818 746 5882">
     <span class='ocr_line' id='line_1_104' title="bbox 303 5818 746 5882; baseline -0.007 -10"><span class='ocrx_word' id='word_1_703' title='bbox 303 5819 385 5872; x_wconf 80' lang='grc'><strong>⁸³1</strong></span> <span class='ocrx_word' id='word_1_704' title='bbox 418 5818 562 5872; x_wconf 80' lang='lat' dir='ltr'><strong>Tim.</strong></span> <span class='ocrx_word' id='word_1_705' title='bbox 595 5819 746 5882; x_wconf 77' lang='lat' dir='ltr'><strong>t,1(‘.</strong></span> 
     </span>
    </p>
   </div>
   <div class='ocr_carea' id='block_1_105' title="bbox 1919 4633 2746 4689">
    <p class='ocr_par' dir='ltr' id='par_1_105' title="bbox 1919 4633 2746 4689">
     <span class='ocr_line' id='line_1_105' title="bbox 1919 4633 2746 4689; baseline -0.006 -1"><span class='ocrx_word' id='word_1_706' title='bbox 1919 4649 2172 4689; x_wconf 80' lang='lat' dir='ltr'><strong>reversus</strong></span> <span class='ocrx_word' id='word_1_707' title='bbox 2194 4650 2311 4688; x_wconf 88' lang='lat' dir='ltr'><strong>sum</strong></span> <span class='ocrx_word' id='word_1_708' title='bbox 2338 4633 2683 4687; x_wconf 68' lang='lat' dir='ltr'><strong>ltainascum.</strong></span> <span class='ocrx_word' id='word_1_709' title='bbox 2726 4650 2746 4683; x_wconf 78' lang='grc' dir='ltr'><strong>ι</strong></span> 
     </span>
    </p>
   </div>
   <div class='ocr_carea' id='block_1_106' title="bbox 1988 4721 3498 4793">
    <p class='ocr_par' dir='ltr' id='par_1_106' title="bbox 1988 4721 3498 4793">
     <span class='ocr_line' id='line_1_106' title="bbox 1988 4721 3498 4793; baseline -0.002 -15"><span class='ocrx_word' id='word_1_710' title='bbox 1988 4724 2321 4793; x_wconf 86' lang='lat' dir='ltr'><strong>Comprobat</strong></span> <span class='ocrx_word' id='word_1_711' title='bbox 2354 4725 2574 4784; x_wconf 87' lang='lat' dir='ltr'><strong>iterum,</strong></span> <span class='ocrx_word' id='word_1_712' title='bbox 2616 4722 3037 4791; x_wconf 83' lang='lat' dir='ltr'><strong>haudquaquam</strong></span> <span class='ocrx_word' id='word_1_713' title='bbox 3088 4721 3154 4775; x_wconf 87' lang='lat' dir='ltr'><strong>ab</strong></span> <span class='ocrx_word' id='word_1_714' title='bbox 3184 4721 3498 4776; x_wconf 85' lang='lat' dir='ltr'><strong>nominibus</strong></span> 
     </span>
    </p>
   </div>
   <div class='ocr_carea' id='block_1_107' title="bbox 1920 4813 3498 4884">
    <p class='ocr_par' dir='ltr' id='par_1_107' title="bbox 1920 4813 3498 4884">
     <span class='ocr_line' id='line_1_107' title="bbox 1920 4813 3498 4884; baseline -0.003 -11"><span class='ocrx_word' id='word_1_715' title='bbox 1920 4819 2226 4873; x_wconf 87' lang='lat' dir='ltr'><strong>doctrinam</strong></span> <span class='ocrx_word' id='word_1_716' title='bbox 2279 4816 2482 4871; x_wconf 86' lang='lat' dir='ltr'><strong>Christi</strong></span> <span class='ocrx_word' id='word_1_717' title='bbox 2524 4833 2582 4870; x_wconf 89' lang='lat' dir='ltr'><strong>se</strong></span> <span class='ocrx_word' id='word_1_718' title='bbox 2633 4816 2933 4884; x_wconf 86' lang='lat' dir='ltr'><strong>accepisse.</strong></span> <span class='ocrx_word' id='word_1_719' title='bbox 2994 4813 3115 4880; x_wconf 88' lang='lat' dir='ltr'><strong>Quo</strong></span> <span class='ocrx_word' id='word_1_720' title='bbox 3163 4822 3320 4883; x_wconf 84' lang='lat' dir='ltr'><strong>pacto</strong></span> <span class='ocrx_word' id='word_1_721' title='bbox 3354 4815 3498 4868; x_wconf 89' lang='lat' dir='ltr'><strong>enim</strong></span> 
     </span>
    </p>
   </div>
   <div class='ocr_carea' id='block_1_108' title="bbox 1920 4907 3497 4978">
    <p class='ocr_par' dir='ltr' id='par_1_108' title="bbox 1920 4907 3497 4978">
     <span class='ocr_line' id='line_1_108' title="bbox 1920 4907 3497 4978; baseline -0.003 -14"><span class='ocrx_word' id='word_1_722' title='bbox 1920 4911 2167 4964; x_wconf 83' lang='lat' dir='ltr'><strong>futurum</strong></span> <span class='ocrx_word' id='word_1_723' title='bbox 2206 4917 2323 4963; x_wconf 89' lang='lat' dir='ltr'><strong>erat</strong></span> <span class='ocrx_word' id='word_1_724' title='bbox 2356 4919 2411 4961; x_wconf 92' lang='lat' dir='ltr'><strong>ut</strong></span> <span class='ocrx_word' id='word_1_725' title='bbox 2462 4923 2521 4962; x_wconf 92' lang='lat' dir='ltr'><strong>se</strong></span> <span class='ocrx_word' id='word_1_726' title='bbox 2556 4909 2673 4978; x_wconf 88' lang='lat' dir='ltr'><strong>ipse</strong></span> <span class='ocrx_word' id='word_1_727' title='bbox 2725 4907 3039 4962; x_wconf 87' lang='lat' dir='ltr'><strong>hominibus</strong></span> <span class='ocrx_word' id='word_1_728' title='bbox 3073 4908 3373 4971; x_wconf 84' lang='lat' dir='ltr'><strong>addiceret,</strong></span> <span class='ocrx_word' id='word_1_729' title='bbox 3405 4907 3497 4976; x_wconf 88' lang='lat' dir='ltr'><strong>qui</strong></span> 
     </span>
    </p>
   </div>
   <div class='ocr_carea' id='block_1_109' title="bbox 1884 4998 3306 5071">
    <p class='ocr_par' dir='ltr' id='par_1_109' title="bbox 1884 4998 3306 5071">
     <span class='ocr_line' id='line_1_109' title="bbox 1884 4998 3306 5071; baseline -0.006 -13"><span class='ocrx_word' id='word_1_730' title='bbox 1884 5027 1889 5035; x_wconf 67' lang='grc' dir='ltr'><strong>ο</strong></span> <span class='ocrx_word' id='word_1_731' title='bbox 1920 5012 2155 5071; x_wconf 87' lang='lat' dir='ltr'><strong>superna</strong></span> <span class='ocrx_word' id='word_1_732' title='bbox 2190 5001 2421 5055; x_wconf 89' lang='lat' dir='ltr'><strong>scientia</strong></span> <span class='ocrx_word' id='word_1_733' title='bbox 2447 4998 2704 5070; x_wconf 85' lang='lat' dir='ltr'><strong>dignatus</strong></span> <span class='ocrx_word' id='word_1_734' title='bbox 2734 5010 3069 5069; x_wconf 76' lang='lat' dir='ltr'><strong>ornatusque</strong></span> <span class='ocrx_word' id='word_1_735' title='bbox 3093 4998 3306 5053; x_wconf 79' lang='lat' dir='ltr'><strong>fuerat?</strong></span> 
     </span>
    </p>
   </div>
   <div class='ocr_carea' id='block_1_110' title="bbox 1993 5086 3498 5160">
    <p class='ocr_par' dir='ltr' id='par_1_110' title="bbox 1993 5086 3498 5160">
     <span class='ocr_line' id='line_1_110' title="bbox 1993 5086 3498 5160; baseline -0.003 -13"><span class='ocrx_word' id='word_1_736' title='bbox 1993 5092 2161 5147; x_wconf 74' lang='lat' dir='ltr'><strong>Vens.</strong></span> <span class='ocrx_word' id='word_1_737' title='bbox 2199 5090 2387 5144; x_wconf 63' lang='grc' dir='ltr'>ιε-ει.</span> <span class='ocrx_word' id='word_1_738' title='bbox 2428 5108 2446 5141; x_wconf 80' lang='grc' dir='ltr'><strong>ι</strong></span> <span class='ocrx_word' id='word_1_739' title='bbox 2484 5090 2690 5144; x_wconf 86' lang='lat' dir='ltr'><strong>Deinde</strong></span> <span class='ocrx_word' id='word_1_740' title='bbox 2724 5098 2846 5160; x_wconf 87' lang='lat' dir='ltr'><strong>post</strong></span> <span class='ocrx_word' id='word_1_741' title='bbox 2873 5099 2987 5146; x_wconf 87' lang='lat' dir='ltr'><strong>tres</strong></span> <span class='ocrx_word' id='word_1_742' title='bbox 3016 5105 3189 5143; x_wconf 89' lang='lat' dir='ltr'><strong>annos</strong></span> <span class='ocrx_word' id='word_1_743' title='bbox 3210 5089 3333 5143; x_wconf 81' lang='lat' dir='ltr'><strong>veni</strong></span> <span class='ocrx_word' id='word_1_744' title='bbox 3368 5086 3498 5142; x_wconf 82' lang='lat' dir='ltr'><strong>Hie-</strong></span> 
     </span>
    </p>
   </div>
   <div class='ocr_carea' id='block_1_111' title="bbox 1918 5178 3498 5253">
    <p class='ocr_par' dir='ltr' id='par_1_111' title="bbox 1918 5178 3498 5253">
     <span class='ocr_line' id='line_1_111' title="bbox 1918 5178 3498 5253; baseline -0.004 -15"><span class='ocrx_word' id='word_1_745' title='bbox 1918 5185 2254 5253; x_wconf 85' lang='lat' dir='ltr'><strong>rosolymam</strong></span> <span class='ocrx_word' id='word_1_746' title='bbox 2302 5181 2487 5235; x_wconf 88' lang='lat' dir='ltr'><strong>videre</strong></span> <span class='ocrx_word' id='word_1_747' title='bbox 2535 5179 2794 5243; x_wconf 84' lang='lat' dir='ltr'><strong>Petrum,</strong></span> <span class='ocrx_word' id='word_1_748' title='bbox 2848 5188 2905 5234; x_wconf 89' lang='lat' dir='ltr'><strong>et</strong></span> <span class='ocrx_word' id='word_1_749' title='bbox 2963 5180 3137 5234; x_wconf 89' lang='lat' dir='ltr'><strong>mansi</strong></span> <span class='ocrx_word' id='word_1_750' title='bbox 3194 5178 3338 5248; x_wconf 88' lang='lat' dir='ltr'><strong>apud</strong></span> <span class='ocrx_word' id='word_1_751' title='bbox 3375 5193 3498 5231; x_wconf 91' lang='lat' dir='ltr'><strong>eum</strong></span> 
     </span>
    </p>
   </div>
   <div class='ocr_carea' id='block_1_112' title="bbox 1919 5270 3499 5344">
    <p class='ocr_par' dir='ltr' id='par_1_112' title="bbox 1919 5270 3499 5344">
     <span class='ocr_line' id='line_1_112' title="bbox 1919 5270 3499 5344; baseline -0.005 -15"><span class='ocrx_word' id='word_1_752' title='bbox 1919 5277 2115 5331; x_wconf 86' lang='lat' dir='ltr'><strong>diebus</strong></span> <span class='ocrx_word' id='word_1_753' title='bbox 2153 5273 2466 5344; x_wconf 87' lang='lat' dir='ltr'><strong>quindecim</strong></span> <span class='ocrx_word' id='word_1_754' title='bbox 2511 5290 2525 5326; x_wconf 91' lang='lat'><strong>:</strong></span> <span class='ocrx_word' id='word_1_755' title='bbox 2576 5274 2743 5326; x_wconf 84' lang='lat' dir='ltr'><strong>alium</strong></span> <span class='ocrx_word' id='word_1_756' title='bbox 2774 5281 2956 5327; x_wconf 85' lang='lat' dir='ltr'><strong>autem</strong></span> <span class='ocrx_word' id='word_1_757' title='bbox 2986 5272 3359 5341; x_wconf 86' lang='lat' dir='ltr'><strong>apostolorum</strong></span> <span class='ocrx_word' id='word_1_758' title='bbox 3393 5270 3499 5324; x_wconf 90' lang='lat' dir='ltr'><strong>vidi</strong></span> 
     </span>
    </p>
   </div>
   <div class='ocr_carea' id='block_1_113' title="bbox 1923 5361 3502 5429">
    <p class='ocr_par' dir='ltr' id='par_1_113' title="bbox 1923 5361 3502 5429">
     <span class='ocr_line' id='line_1_113' title="bbox 1923 5361 3502 5429; baseline -0.006 -8"><span class='ocrx_word' id='word_1_759' title='bbox 1923 5368 2221 5429; x_wconf 88' lang='lat' dir='ltr'><strong>neminem,</strong></span> <span class='ocrx_word' id='word_1_760' title='bbox 2255 5366 2360 5420; x_wconf 88' lang='lat' dir='ltr'><strong>nisi</strong></span> <span class='ocrx_word' id='word_1_761' title='bbox 2390 5363 2652 5419; x_wconf 84' lang='lat' dir='ltr'><strong>Jacobum</strong></span> <span class='ocrx_word' id='word_1_762' title='bbox 2685 5363 2908 5418; x_wconf 81' lang='lat' dir='ltr'><strong>fratrem</strong></span> <span class='ocrx_word' id='word_1_763' title='bbox 2960 5363 3198 5419; x_wconf 89' lang='lat' dir='ltr'><strong>Domini.</strong></span> <span class='ocrx_word' id='word_1_764' title='bbox 3235 5361 3367 5428; x_wconf 79' lang='lat' dir='ltr'><strong>Qua:</strong></span> <span class='ocrx_word' id='word_1_765' title='bbox 3403 5377 3502 5416; x_wconf 89' lang='lat' dir='ltr'><strong>au-</strong></span> 
     </span>
    </p>
   </div>
   <div class='ocr_carea' id='block_1_114' title="bbox 1923 5452 3502 5520">
    <p class='ocr_par' dir='ltr' id='par_1_114' title="bbox 1923 5452 3502 5520">
     <span class='ocr_line' id='line_1_114' title="bbox 1923 5452 3502 5520; baseline -0.005 -9"><span class='ocrx_word' id='word_1_766' title='bbox 1923 5466 2032 5511; x_wconf 88' lang='lat' dir='ltr'><strong>tem</strong></span> <span class='ocrx_word' id='word_1_767' title='bbox 2068 5457 2249 5511; x_wconf 89' lang='lat' dir='ltr'><strong>scribo</strong></span> <span class='ocrx_word' id='word_1_768' title='bbox 2290 5456 2468 5518; x_wconf 86' lang='lat' dir='ltr'><strong>vobis,</strong></span> <span class='ocrx_word' id='word_1_769' title='bbox 2498 5469 2629 5509; x_wconf 88' lang='lat' dir='ltr'><strong>ecce</strong></span> <span class='ocrx_word' id='word_1_770' title='bbox 2658 5468 2843 5509; x_wconf 83' lang='lat' dir='ltr'><strong>coram</strong></span> <span class='ocrx_word' id='word_1_771' title='bbox 2878 5452 3008 5517; x_wconf 84' lang='lat' dir='ltr'><strong>Deo,</strong></span> <span class='ocrx_word' id='word_1_772' title='bbox 3040 5453 3170 5520; x_wconf 82' lang='lat' dir='ltr'><strong>quia</strong></span> <span class='ocrx_word' id='word_1_773' title='bbox 3207 5466 3317 5506; x_wconf 91' lang='lat' dir='ltr'><strong>non</strong></span> <span class='ocrx_word' id='word_1_774' title='bbox 3347 5465 3502 5505; x_wconf 87' lang='lat' dir='ltr'><strong>men-</strong></span> 
     </span>
    </p>
   </div>
   <div class='ocr_carea' id='block_1_115' title="bbox 1926 5543 3503 5617">
    <p class='ocr_par' dir='ltr' id='par_1_115' title="bbox 1926 5543 3503 5617">
     <span class='ocr_line' id='line_1_115' title="bbox 1926 5543 3503 5617; baseline -0.004 -14"><span class='ocrx_word' id='word_1_775' title='bbox 1926 5552 2052 5603; x_wconf 89' lang='lat' dir='ltr'><strong>tior.</strong></span> <span class='ocrx_word' id='word_1_776' title='bbox 2083 5549 2286 5604; x_wconf 87' lang='lat' dir='ltr'><strong>Deinde</strong></span> <span class='ocrx_word' id='word_1_777' title='bbox 2320 5549 2439 5602; x_wconf 89' lang='lat' dir='ltr'><strong>veni</strong></span> <span class='ocrx_word' id='word_1_778' title='bbox 2474 5552 2529 5601; x_wconf 77' lang='lat' dir='ltr'><strong>in</strong></span> <span class='ocrx_word' id='word_1_779' title='bbox 2558 5557 2740 5617; x_wconf 85' lang='lat' dir='ltr'><strong>partes</strong></span> <span class='ocrx_word' id='word_1_780' title='bbox 2771 5545 2945 5616; x_wconf 72' lang='lat' dir='ltr'><strong>Syriae</strong></span> <span class='ocrx_word' id='word_1_781' title='bbox 2976 5554 3031 5600; x_wconf 88' lang='lat' dir='ltr'><strong>et</strong></span> <span class='ocrx_word' id='word_1_782' title='bbox 3068 5545 3296 5600; x_wconf 68' lang='lat' dir='ltr'><strong>Ciliciae.</strong></span> <span class='ocrx_word' id='word_1_783' title='bbox 3341 5543 3503 5598; x_wconf 86' lang='lat' dir='ltr'><strong>Eram</strong></span> 
     </span>
    </p>
   </div>
   <div class='ocr_carea' id='block_1_116' title="bbox 1926 5635 3503 5719">
    <p class='ocr_par' dir='ltr' id='par_1_116' title="bbox 1926 5635 3503 5719">
     <span class='ocr_line' id='line_1_116' title="bbox 1926 5635 3503 5719; baseline -0.003 -25"><span class='ocrx_word' id='word_1_784' title='bbox 1926 5648 2107 5695; x_wconf 89' lang='lat' dir='ltr'><strong>autem</strong></span> <span class='ocrx_word' id='word_1_785' title='bbox 2138 5640 2355 5719; x_wconf 83' lang='lat' dir='ltr'><strong>ignotus</strong></span> <span class='ocrx_word' id='word_1_786' title='bbox 2390 5638 2532 5694; x_wconf 85' lang='lat' dir='ltr'><strong>faeie</strong></span> <span class='ocrx_word' id='word_1_787' title='bbox 2562 5637 2825 5695; x_wconf 86' lang='lat' dir='ltr'><strong>Ecclesiis</strong></span> <span class='ocrx_word' id='word_1_788' title='bbox 2855 5635 3080 5703; x_wconf 69' lang='lat' dir='ltr'><strong>Iudaeae,</strong></span> <span class='ocrx_word' id='word_1_789' title='bbox 3108 5653 3232 5709; x_wconf 66' lang='lat' dir='ltr'><strong>qua:</strong></span> <span class='ocrx_word' id='word_1_790' title='bbox 3263 5644 3421 5694; x_wconf 86' lang='lat' dir='ltr'><strong>erant</strong></span> <span class='ocrx_word' id='word_1_791' title='bbox 3449 5636 3503 5690; x_wconf 87' lang='lat' dir='ltr'><strong>in</strong></span> 
     </span>
    </p>
   </div>
  </div>
