4048 6454
644 412 751 477 783

1818 413 1877 473 S.
1916 411 2235 472 JOANNIS
2273 411 2699 473 DAMASCENI
3726 436 3801 498 78i

640 522 861 578 Christo
901 540 914 575 :
950 530 1163 575 tantum
1201 528 1384 575 autem
1437 519 1685 573 auditum
1732 521 2043 584 habebant,
2087 531 2217 588 quo-

2328 517 2605 588 προσώπῳ
2652 519 2773 582 ταῖς
2811 519 3159 592 Ἐκκλησίαις
3218 522 3319 593 τῆς
3361 524 3596 593 Ἰουδαίας
3634 538 3727 599 ταῖς
3761 544 3801 594 ἐν

640 612 786 668 niam
801 613 891 682 qui
917 611 1345 682 persequebatur
1362 625 1462 666 nos
1484 610 1797 680 aliquando,
1826 624 1967 663 nunc
1987 623 2217 678 evange-

2321 609 2543 681 Χριστῷ
2563 625 2576 640 ο
2614 611 2774 680 μόνον
2803 610 2861 665 δὲ
2898 612 3236 679 ἀκούσαντες
3261 612 3422 687 ἦσαν,
3453 618 3528 671 ὅτι
3564 622 3614 675 '0
3649 626 3805 683 διώκων

640 707 768 760 lizat
801 705 981 769 fidem,
1016 721 1179 775 quam
1213 703 1509 775 aliquando
1542 703 1927 773 expugnabat;
1965 708 2019 756 et
2049 700 2103 754 in
2131 714 2217 754 me

2317 704 2468 772 ἡμᾶς
2523 719 2685 767 ποτε,
2718 704 2812 757 νῦν
2864 705 3277 775 εὐαγγελίζεται
3303 710 3403 781 τὴν
3452 714 3612 768 πίστιν
3637 718 3689 787 ἦν
3711 738 3803 776 ποτε

638 797 1006 853 clariﬁcabant
1039 797 1225 852 Deum.
1264 815 1283 847 ι

1308 933 1460 990 CAP.
1495 935 1562 988 ll.

706 1053 871 1109 Vens.
897 1054 949 1119 l,
974 1053 1027 1106 2.
1064 1070 1083 1103 ι
1107 1050 1308 1106 Deinde
1334 1060 1457 1120 post
1480 1062 1653 1103 annos
1674 1046 1988 1117 quindecim
2019 1045 2215 1099 iterum

637 1142 859 1198 ascendi
886 1140 1317 1211 Hierosolymam
1379 1152 1501 1191 cum
1552 1135 1828 1199 Barnaba,
1854 1142 1908 1188 et
1937 1138 2219 1202 assumpto

637 1230 782 1286 Tito.
816 1230 1052 1286 Ascendi
1082 1237 1261 1284 autem
1301 1227 1602 1283 secundum
1639 1226 2054 1281 revelationem.
2088 1242 2107 1276 ι

706 1325 824 1379 Νοη
870 1332 930 1379 ut
968 1324 1195 1377 docerer
1230 1322 1378 1387 veni,
1419 1320 1515 1376 sed
1569 1327 1629 1373 ut
1684 1320 2013 1385 inviserem;
2072 1314 2220 1387 quod

637 1419 861 1474 honoris
891 1418 1159 1472 duntaxat
1182 1430 1309 1485 erga
1350 1414 1504 1467 illum
1528 1420 1906 1483 argumentem
1938 1416 2040 1465 est.

722 1532 741 1565 ι
780 1511 847 1565 Ει
876 1508 1085 1564 contuli
1126 1508 1238 1562 illis
1274 1506 1627 1577 Evangelium
1656 1545 1671 1568 ,
1719 1503 1866 1574 quod
1896 1502 2130 1573 praedico
2163 1501 2220 1556 in

636 1607 920 1674 gentibus;
972 1618 1224 1658 seorsum
1262 1611 1455 1655 autem
1515 1600 1584 1653 iis
1630 1599 1727 1668 qui
1761 1598 2090 1652 videbantur
2121 1594 2222 1648 alio

636 1699 768 1770 quid
796 1710 953 1754 esse:
985 1709 1053 1750 ne
1076 1694 1217 1748 forte
1244 1693 1297 1745 in
1322 1706 1553 1746 vacuum
1582 1704 1883 1753 currerem,
1905 1694 1997 1741 aut
2028 1701 2223 1741 cucur-

636 1793 854 1847 rissem.
891 1809 909 1839 ι

2319 794 2542 866 ἐπόρθει
2578 812 2593 827 ο
2630 800 2726 850 καὶ
2754 796 3007 865 ἐδόξαζον
3032 802 3088 854 ὲν
3110 803 3234 872 ἐμοὶ
3255 803 3348 855 τὸν
3378 804 3525 857 Θεόν.
3550 825 3567 858 ι

2921 938 3172 993 ΚΕΦΛΛ.
3199 938 3273 994 Β⁹.

2395 1067 2415 1100 ι
2466 1049 2696 1103 Ἔπειτα
2728 1051 2818 1104 διά
2842 1050 3258 1123 δεκατεσσάρων
3284 1053 3421 1107 ἐτῶν
3478 1054 3619 1109 πάλιν
3662 1062 3810 1131 ἀνέδην

2321 1140 2402 1202 εἰς
2440 1140 2790 1212 Ἱεροσόλυμα
2828 1144 2966 1212 μετὰ
3000 1144 3279 1215 Βαρνάϐα,
3319 1148 3721 1219 συμπαραλαόὼν
3746 1157 3812 1207 καὶ

2322 1233 2482 1286 Τίτον
2508 1250 2523 1265 ·
2558 1234 2758 1305 ἀνέϐην
2783 1235 2840 1288 δὲ
2862 1237 3006 1290 κατὰ
3022 1238 3386 1308 ἀποκάλυψιν.
3413 1258 3431 1290 ›

2398 1327 2513 1380 Οὐκ
2559 1323 2723 1397 ἦλθον
2751 1327 3092 1399 διδαχθῆναι,
3149 1332 3337 1400 φησὶν,
3388 1333 3501 1386 ἀλλ’
3559 1337 3813 1407 ἱστορῆσαν

2323 1421 2461 1491 ὅπερ
2492 1422 2609 1474 ἐστὶ
2638 1422 2797 1492 μόνον
2827 1422 3102 1493 τιμῶντος
3134 1426 3319 1481 αὐτόν.

2400 1534 2418 1565 ι
2451 1517 2562 1569 Καὶ
2585 1516 2861 1587 ἀνεθέμην
2892 1518 3076 1581 αὐτοῖς
3104 1519 3163 1573 1b
3187 1519 3549 1589 Εὐαγγέλιον,
3567 1522 3593 1575 ὃ
3617 1522 3817 1593 κηρύσσω

2324 1611 2383 1663 ἐν
2411 1613 2525 1673 τοῖς
2568 1609 2779 1664 ἔθνεσι·
2828 1614 2950 1665 κατ’
3011 1612 3229 1666 ιδίανδὲ
3261 1616 3373 1677 τοῖς
3422 1613 3625 1667 δοκοῦσι
3673 1615 3821 1685 μήπως

2327 1705 2407 1765 εἰς
2436 1701 2588 1755 κενὸν
2636 1702 2874 1773 τρέχωῆ
2904 1702 3157 1773 ἔδραμον.
3197 1724 3216 1756 ι

704 1880 937 1950 Quando
955 1878 1188 1951 primum
1207 1872 1452 1943 suscepit
1472 1870 1852 1940 Evangelium,
1885 1884 1992 1922 non
2025 1882 2217 1923 ascen-

2397 1878 2534 1930 Ka1‘
2563 1875 2737 1946 ἀρχὰς
2768 1876 2867 1947 μὲν
2896 1876 2991 1930 τοῦ
3021 1876 3276 1942 δέξασθαι
3300 1878 3364 1931 τὸ
3412 1879 3714 1947 Εύαγγέλιον
3753 1880 3823 1933 οἰκ

635 1974 737 2040 dit,
775 1979 838 2027 ut
869 1987 993 2026 cum
1040 1966 1306 2037 apostolis
1333 1965 1400 2020 de
1426 1979 1493 2019 eo
1523 1961 1823 2017 conferret.
1858 1958 2044 2029 Neque
2074 1958 2219 2014 enim

635 2065 888 2122 doctrina
918 2077 1107 2117 eorum
1141 2058 1447 2130 indigebat,
1487 2055 1583 2126 qui
1618 2054 1884 2109 didicerat
1915 2068 1943 2105 a
1974 2050 2216 2106 Christo.

636 2156 971 2213 Procedente
996 2166 1127 2208 vero
1153 2160 1418 2220 tempore,
1469 2160 1593 2201 cum
1628 2142 1989 2214 Evangelium
2019 2140 2221 2195 omissa

636 2248 1056 2309 circumcisione
1106 2242 1454 2313 praedicaret,
1511 2236 1704 2293 oﬂensi
1759 2235 1981 2305 quidam
2042 2231 2218 2296 fuere,

639 2342 788 2414 quod
854 2339 1053 2395 Petrus
1091 2332 1415 2392 circumcidi
1467 2345 1580 2386 non
1630 2328 1965 2401 prohiberet,
2016 2323 2221 2378 Paulus

636 2452 765 2492 vero
813 2433 962 2491 solus
1016 2430 1073 2486 id
1126 2427 1389 2484 auferret.
1451 2423 1728 2493 Quocirca
1788 2437 1913 2477 cum
1981 2417 2220 2489 Spiritus

634 2538 856 2585 sanctus
883 2525 1045 2581 vellet
1078 2520 1469 2577 offendiculum
1507 2519 1611 2573 hoc
1641 2529 1869 2587 prorsus
1909 2517 2217 2582 amputare,

598 2619 889 2691 praecepit
948 2623 1009 2671 ut
1060 2614 1295 2670 testibus
1355 2610 1656 2680 assumptis
1687 2614 1992 2678 pergeret,
2057 2610 2221 2673 atque

632 2711 896 2784 apostolis
921 2707 1271 2765 denuntiaret
1300 2719 1362 2760 se
1388 2701 1707 2774 posthabita
1724 2698 1949 2754 omnino
1975 2695 2218 2751 circum-

632 2806 845 2861 cisione
902 2801 1231 2872 praedicare,
1288 2803 1443 2850 utet
1492 2794 1560 2849 de
1609 2800 1896 2862 compacto
1946 2789 2216 2859 ipsorum,

632 2897 1021 2954 olTendiculutu
1053 2891 1201 2947 istud
1230 2889 1513 2945 hominum
1544 2886 1899 2940 adimeretur.

708 3074 867 3147 160
920 3071 1086 3127 Vens.
1113 3070 1170 3125 ὅ.
1213 3089 1233 3121 ι
1275 3067 1385 3124 Sed
1416 3079 1596 3134 neque
1639 3062 1829 3128 Titus,
1871 3062 1967 3132 qui
2001 3074 2215 3115 mecum

632 3181 773 3237 erat,
818 3184 944 3223 cum
1004 3175 1153 3224 esset
1202 3163 1447 3238 gentilis,
1497 3160 1815 3232 compulsus
1861 3166 1946 3213 est
1978 3160 2215 3212 circum-

631 3265 761 3318 cidi.
794 3281 814 3316 ι
1654 3252 1655 3255 “

707 3356 791 3408 Ab
832 3351 1098 3423 apostolis
1139 3348 1417 3405 videlicet.
1471 3344 1629 3414 Quod
1678 3344 1839 3417 plane
1899 3340 2215 3399 certissimo

634 3452 963 3517 argumento
987 3451 1128 3509 erat,
1179 3442 1251 3497 ab
1300 3441 1411 3496 illis
1455 3456 1563 3495 non
1622 3454 1746 3495 esse
1789 3436 2215 3493 condemnatum

631 3537 980 3609 Apostolum,
1021 3534 1152 3607 quia
1190 3542 1380 3606 gentes
1406 3548 1516 3588 non
1538 3530 1988 3587 circumcideret.

710 3630 871 3688 Vens.
925 3630 980 3685 4.
1035 3648 1052 3681 ι
1104 3626 1213 3682 Sed
1274 3634 1498 3697 propter
1553 3621 2009 3679 subintroductos
2044 3618 2215 3675 falsos

634 3725 870 3789 fratres,
928 3721 1023 3793 qui
1076 3719 1515 3776 subintroierunt
1560 3715 1846 3786 explorare
1900 3714 2212 3770 libertatem

632 3825 876 3873 nostram
910 3828 1077 3885 quam
1103 3812 1368 3867 habemus
1392 3811 1449 3866 in
1471 3808 1695 3864 Christo
1723 3807 1875 3863 Jesu.
1906 3826 1925 3859 ι

706 3906 950 3977 Propter,
992 3904 1079 3958 hic
1129 3902 1369 3974 positum
1409 3906 1496 3956 est
1536 3914 1656 3969 pro,
1689 3897 2004 3952 secundum.
2035 3897 2215 3965 Atque

633 3997 681 4052 is
715 4003 803 4053 est
851 4010 1075 4051 sensus.
1129 3990 1417 4064 Apostoli.
1482 3988 1699 4060 inquit,
1758 4003 1864 4043 non
1915 3995 2214 4058 coegerunt

631 4087 818 4144 Titum
844 4086 939 4159 qui
966 4084 1293 4157 prmputium
1334 4080 1597 4145 habebat,
1640 4078 2002 4134 circumcidi:
2035 4092 2214 4148 quan-

631 4195 797 4252 quam
828 4178 1131 4249 subjectitii
1172 4174 1399 4247 quidam
1428 4172 1557 4228 falsi
1605 4170 1807 4225 fratres
1835 4170 1933 4241 qui
1979 4170 2083 4223 hoc
2115 4169 2216 4224 ob-

631 4272 952 4337 servabant,
976 4270 1269 4326 voluerunt
1286 4274 1348 4320 ut
1366 4262 1877 4322 circumcideretur.
1920 4261 2025 4317 Ubi
2076 4261 2214 4316 alie-

632 4381 737 4423 nos
758 4381 858 4422 eos
883 4364 1066 4420 innuit
1087 4378 1119 4418 a
1150 4362 1407 4424 veritate,
1434 4373 1574 4430 quos
1606 4357 2015 4429 exploratorum
2042 4355 2218 4411 instar

632 4456 850 4514 habeat.

714 4565 738 4599 ‹
777 4544 852 4601 Ut
888 4559 990 4600 nos
1023 4543 1080 4599 in
1109 4541 1430 4599 servitutem
1462 4540 1793 4611 redigerent.
1823 4560 1843 4594 ι

706 4635 775 4692 Ut
828 4636 933 4708 legi
972 4649 1168 4692 rursus
1216 4633 1618 4704 manciparent.
1674 4633 1943 4699 Quocirca
1994 4632 2102 4687 alio
2158 4632 2214 4685 in

632 4728 755 4784 loco
788 4728 923 4784 dicit
963 4746 980 4785 :
1033 4726 1279 4783 Christus
1326 4725 1548 4780 redemit
1595 4740 1687 4779 nos
1729 4725 1793 4779 de
1829 4724 2106 4780 maledicto
2139 4725 2216 4780 le-

632 4819 711 4874 nis
738 4818 806 4873 ".

708 4908 871 4965 Vsus.
901 4910 957 4968 5.
994 4928 1013 4962 ι
1044 4909 1255 4978 Quibus
1280 4924 1461 4980 neque
1478 4909 1545 4964 ad
1571 4909 1760 4964 horam
1787 4907 2059 4964 cessimus
2088 4906 2216 4963 sub-

630 5000 906 5071 iectione,
965 5010 1026 5056 ut
1073 5002 1281 5056 veritas
1355 4999 1637 5070 Evangelii
1702 5007 2025 5070 permaneat
2072 4997 2215 5069 apud

631 5108 756 5150 νος.
787 5111 807 5147 ι

703 5185 782 5242 Ne
818 5186 905 5242 vel
944 5195 1230 5242 momento
1285 5184 1507 5256 quidem
1561 5185 1644 5240 eis
1696 5200 1801 5242 nos
1861 5185 2217 5256 subiecimus.

2321 1964 2577 2035 ἀνῆλθεν,
2610 1965 2733 2019 οὐδὲ
2765 1965 2986 2019 ἀνέθετο
3038 1966 3168 2020 αὐτὸ
3222 1969 3337 2030 τοῖς
3377 1967 3697 2031 ἀποστόλοις.
3728 1966 3827 2022 om

2320 2056 2429 2126 γὰρ
2460 2057 2630 2110 ἐδεῖτο
2675 2056 2829 2128 παρά
2864 2057 3104 2129 Χριστοῦ
3134 2057 3323 2128 μαθὼν
3357 2059 3461 2129 τῆς
3495 2061 3694 2113 ἐκείνων
3720 2059 3828 2112 διδα-

2323 2147 2577 2212 σκαλίας.
2624 2149 2914 2221 Προϊόντος
2940 2150 2996 2204 δὲ
3019 2150 3113 2204 τοῦ
3139 2150 3360 2221 χρόνου,
3391 2153 3486 2204 καὶ
3531 2152 3828 2223 κηρύττοντος

2321 2240 2486 2293 αὑτοῦ
2516 2241 2631 2304 τοῖς
2667 2240 2877 2295 ἔθνεσιν
2924 2242 3054 2296 ἄνευ
3110 2243 3419 2316 περιτομῆς
3454 2245 3512 2297 τὸ
3538 2244 3829 2314 Εὑαγγὲλιον,

2320 2332 2768 2398 ὲσκανδαλὶζοντό
2796 2352 2961 2400 τινες,
2988 2336 3101 2389 τῶν
3122 2338 3219 2407 μὲν
3246 2340 3376 2409 περὶ
3404 2338 3604 2409 Πέτρον
3632 2337 3699 2409 μὴ
3721 2340 3831 2391 ἀντι·

2320 2425 2560 2496 ρούντων
2581 2426 2680 2498 τὴν
2709 2428 3037 2499 περιτομὴν,
3089 2429 3281 2483 τούτου
3312 2430 3371 2483 δὲ
3408 2431 3568 2500 μόνου
3604 2428 3831 2497 ἀναιροῦν-

2318 2535 2428 2581 τος.
2462 2519 2554 2572 Διὸ
2588 2518 2749 2572 τοῦτο
2774 2519 2836 2573 1b
2871 2520 3168 2575 σκάνδαλον
3218 2522 3329 2575 τῶν
3381 2523 3557 2576 ἄλλων
3583 2520 3640 2575 1b
3661 2518 3832 2587 Πνεῦμα

2318 2610 2379 2664 1b
2402 2610 2557 2702 ἅγιόν
2586 2609 2819 2680 ἐκκόψαι
2839 2610 3183 2683 βουλόμενον,
3209 2612 3548 2683 προσέταξεν
3578 2610 3708 2679 αὐτῷ
3733 2607 3832 2679 μετὰ

2324 2697 2619 2771 μαρτύρων
2649 2699 2912 2767 ἀνελθεῖν,
2947 2702 3042 2755 καὶ
3082 2701 3376 2756 ἀναθέσθαι
3417 2704 3526 2765 τοῖς
3580 2697 3831 2757 ἀποστόλοις

2317 2795 2378 2848 τὸ
2400 2795 2530 2848 ἄνευ
2552 2796 2855 2867 περιτομῆς
2869 2795 3164 2867 κηρύσσειν
3183 2835 3197 2858 ,
3220 2796 3308 2849 ἵνα
3332 2795 3430 2848 καὶ
3456 2792 3668 2847 ἐκείνων
3693 2788 3832 2843 συνθε-

2323 2885 2499 2955 μένων
2540 2885 2710 2956 αύτῷ,
2745 2886 2904 2939 τοῦτο
2933 2886 3067 2958 λυθῇ
3100 2886 3210 2939 τῶν
3247 2885 3555 2957 ἀνθρώπων
3580 2883 3636 2935 τὸ
3660 2877 3834 2934 σκάνδα-

2317 2976 2428 3031 λον.

2390 3089 2411 3121 ‹
2454 3068 2591 3123 Ἀλλ’
2652 3069 2775 3123 οὐδὲ
2816 3069 2972 3132 Τίτος
3003 3069 3033 3120 ό
3060 3067 3161 3122 σὺν
3188 3068 3336 3139 ἐμοὶ,
3368 3065 3573 3136 Ἕλλην
3600 3062 3687 3128 ὢν,
3708 3062 3834 3130 ἡναγ-

2317 3163 2497 3234 κάσθη
2529 3161 2951 3234 περιτμηθῆναι.
2981 3180 3000 3212 ι

2400 3343 2538 3398 Ὑπὸ
2581 3342 2689 3397 τῶν
2737 3340 3058 3397 ἀποστόλων
3093 3340 3335 3413 δηλονότι
3365 3357 3381 3373 ’
3428 3343 3569 3412 ὅπερ
3618 3332 3837 3398 ἀπόδειξις

2315 3435 2384 3511 ἦν
2410 3437 2644 3509 μεγίστη
2672 3434 2769 3489 τοῦ
2800 3435 2875 3507 μὴ
2895 3432 3331 3504 καταγινώσκειν
3359 3432 3563 3496 αὐτοὺς
3589 3429 3677 3484 τοῦ
3713 3429 3835 3480 ’Δποο

2318 3531 2529 3595 στόλου,
2558 3529 2629 3582 τὰ
2661 3527 2787 3600 ἔθνη
2818 3528 2893 3599 μὴ
2922 3524 3363 3598 περιτέμνοντος.

2391 3639 2410 3673 ι
2444 3618 2544 3674 Διά
2569 3619 2629 3674 δὲ
2652 3620 2783 3682 τοὺς
2819 3616 3223 3689 παρεισάκτους
3271 3616 3688 3687 ψευδαδέλφους,
3740 3608 3839 3663 011t-

2315 3733 2404 3780 νες
2429 3712 2797 3787 παρεισῆλθον
2814 3712 3231 3783 κατασκοπῆσαι
3258 3710 3358 3782 τὴν
3376 3708 3688 3781 ἐλευθερίαν
3704 3700 3841 3776 ἡμῶν,

2314 3810 2383 3882 ἣν
2411 3807 2608 3880 ἔχομεν
2641 3808 2702 3861 ὲν
2727 3804 2947 3877 Χριστῷ
2987 3803 3183 3876 Ἰησοῦ.
3214 3822 3233 3857 ι

2386 3905 2460 3958 Τὸ
2504 3904 2623 3971 διὰ,
2649 3903 2773 3958 ἀντι
2796 3902 2921 3967 τοῦ,
2951 3904 3122 3969 κατὰ,
3152 3903 3350 3956 κεῖται.
3395 3899 3461 3953 '0
3490 3898 3550 3953 δὲ
3569 3895 3687 3959 νοῦς
3707 3882 3843 3952 οὗτος·

2314 3996 2381 4050 Oi
2405 3996 2716 4061 ἀπόστολοι,
2772 3996 2939 4066 φησιν
2961 4036 2979 4062 ,
3039 3995 3138 4048 οὐκ
3179 3993 3508 4063 ἠνάγκασαν
3560 3985 3843 4061 ἀκρόὸυστυν

2313 4088 2444 4144 ὄντα
2477 4086 2573 4142 τόν
2602 4086 2762 4141 Τίτον
2807 4084 3236 4157 περιτμηθῆναι,
3290 4082 3477 4137 καίτοι
3507 4079 3617 4135 τῶν
3662 4085 3843 4146 mpetu-

2316 4179 2497 4234 ἀκτων
2525 4177 2913 4249 ψευδαδέλφων
2946 4175 3087 4229 αὐτὸ
3112 4173 3270 4229 τοῦτο
3290 4169 3758 4245 παρατηρούντων.
3777 4160 3845 4216 καὶ

2315 4268 2734 4340 ἀναγκαζόντων
2792 4267 3143 4339 περιτέμνειν
3165 4282 3182 4299 θ
3220 4272 3248 4301 ι
3272 4263 3335 4319 τδ
3390 4264 3548 4331 ξένον
3607 4258 3724 4329 περὶ
3767 4252 3840 4321 τὴν

2316 4362 2575 4435 ἀλήθειαν
2607 4363 2666 4416 ὲν
2694 4360 2847 4429 τάξει
2884 4362 3253 4415 κατασκόπων
3313 4352 3756 4428 προσαγορεύσας
3778 4344 3848 4398 αὗ-

2315 4457 2464 4523 τούς.

2238 4570 2293 4632 ι)
2396 4570 2415 4604 ι
2454 4551 2571 4605 Ἰνα
2600 4550 2749 4621 ἡμᾶς
2773 4545 3275 4601 καταδουλώσωσιν.
3305 4562 3325 4596 ι

2383 4644 2479 4709 Εἰς
2512 4608 2939 4714 τὴνηδουλείαν,
2990 4638 3147 4709 φησι,
3199 4637 3365 4692 πάλιν
3414 4608 3847 4714 grauari-m1?

2313 4735 2501 4807 νόμον.
2530 4711 2622 4788 Δίδ
2650 4734 2746 4788 καὶ
2777 4730 3014 4802 ἀλλαχοῦ
3064 4747 3199 4800 φησι
3234 4745 3248 4759 ·
3280 4728 3546 4798 Χριστὸς
3597 4726 3740 4793 ἡμας
3778 4711 3851 4775 ‘5’

2313 4828 2615 4899 ηγόρασεν
2634 4825 2704 4879 ἐκ
2728 4824 2839 4893 τῆς
2872 4822 3133 4892 κατάρας
3159 4821 3265 4876 τοῦ
3298 4820 3519 4891 νόμου.

2391 4896 2546 4981 «Οἷς
2597 4916 2722 4971 οὐδὲ
2778 4915 2917 4989 πρὸς
2971 4914 3122 4987 ὥραν
3149 4913 3375 4984 εἴξαμεν
3405 4914 3478 4983 τῇ
3508 4904 3763 4973 ὑποταγῇ,
3786 4896 3851 4949 ἴνα

2315 5011 2351 5080 ή
2368 5008 2594 5079 ἀλήθεια
2622 5006 2719 5062 τοῦ
2750 5006 3088 5078 Εὑαγγελιου
3115 5005 3369 5077 διαμείνῃ
3393 5003 3544 5075 πρὸς
3576 4998 3729 5070 ὑμᾶς.
3752 5010 3768 5042 ι

2386 5193 2524 5248 Οὐδὲ
2578 5192 2717 5264 πρὸς
2770 5191 2967 5263 βραχὺ,
3027 5190 3193 5261 φησιν
3220 5228 3236 5253 ,
3283 5186 3646 5256 ὑπετάγημεν
3688 5169 3853 5264 αὐτοξῖ

635 5274 853 5345 inquit;
914 5274 1358 5332 subintroductis
1396 5276 1520 5332 istis
1561 5277 1824 5333 nimirum
1859 5296 1872 5331 :
1919 5294 1990 5333 ne
2024 5278 2217 5347 depre-

2318 5256 2710 5358 παρεισάκτοις
2747 5256 3013 5356 δηλονότι,
3039 5256 3135 5337 ⁷ἵνα
3173 5282 3246 5353 μὴ
3297 5279 3437 5336 ἀλλα
3481 5276 3721 5331 εἰπόντες

634 5366 1003 5423 henderemur
1036 5370 1144 5424 alia
1179 5368 1401 5440 quidem
1432 5369 1501 5425 de
1542 5368 1836 5443 Evangelio
1868 5372 2217 5441 annuntiare,

2318 5348 2413 5431 τού
2443 5348 2963 5446 Εὐαγγελήίουξάλλα
2995 5348 3325 5448 πράττοντες
3370 5368 3708 5441 εὑρεθῶμεν.
3736 5355 3796 5448 Ti
3814 5348 3856 5401 δὲ

635 5457 741 5512 alia
786 5468 970 5514 autem
1004 5473 1190 5531 agere.
1222 5460 1365 5530 Quid
1394 5478 1557 5534 porro
1590 5462 1657 5519 de
1705 5462 2004 5535 Evangelia
2036 5466 2213 5521 dixit?

2320 5469 2468 5538 εἷπε,
2516 5444 2646 5542 περὶ
2701 5472 2796 5526 τοῦ
2845 5444 3214 5541 Εὐαγγέλίοω
3245 5467 3430 5521 Ὥστε
3456 5461 3518 5516 ει
3556 5474 3646 5523 τις
3670 5452 3732 5506 ὲν
3760 5444 3859 5512 Χριο

684 5642 733 5675 ³⁸
764 5640 942 5698 Galat.
975 5654 1059 5709 tu,
1086 5644 1175 5700 15.

1906 5764 2137 5823 VARI/13
2172 5766 2575 5826 LECTIONES.

700 5869 732 5903 8
760 5857 921 5919 Deest
942 5856 1125 5927 aliqua
1153 5872 1257 5913 vox
1283 5875 1297 5924 ;
1334 5855 1474 5914 forte
1492 5858 1597 5937 διά.
