  <div class='ocr_page' id='page_1' title='image "/cluster/home/n/w/nwhite01/storage/ocr_20150623/95/hvd.32044019208057/398.png"; bbox 0 0 4048 6416; ppageno 0'>
   <div class='ocr_carea' id='block_1_1' title="bbox 260 382 370 446">
    <p class='ocr_par' dir='ltr' id='par_1_1' title="bbox 260 382 370 446">
     <span class='ocr_line' id='line_1_1' title="bbox 260 382 370 446; baseline 0.009 -1"><span class='ocrx_word' id='word_1_1' title='bbox 260 382 370 446; x_wconf 80' lang='grc'><strong>735</strong></span> 
     </span>
    </p>
   </div>
   <div class='ocr_carea' id='block_1_2' title="bbox 1431 386 2315 448">
    <p class='ocr_par' dir='ltr' id='par_1_2' title="bbox 1431 386 2315 448">
     <span class='ocr_line' id='line_1_2' title="bbox 1431 386 2315 448; baseline 0.001 -1"><span class='ocrx_word' id='word_1_2' title='bbox 1431 386 1511 448; x_wconf 88' lang='grc' dir='ltr'><strong>ΙΝ</strong></span> <span class='ocrx_word' id='word_1_3' title='bbox 1551 387 1790 448; x_wconf 89' lang='lat' dir='ltr'><strong>EPIST.</strong></span> <span class='ocrx_word' id='word_1_4' title='bbox 1828 388 1926 446; x_wconf 78' lang='lat' dir='ltr'><strong>AD</strong></span> <span class='ocrx_word' id='word_1_5' title='bbox 1963 388 2315 448; x_wconf 63' lang='lat' dir='ltr'><strong>GALATAS.</strong></span> 
     </span>
    </p>
   </div>
   <div class='ocr_carea' id='block_1_3' title="bbox 3392 386 3499 449">
    <p class='ocr_par' dir='ltr' id='par_1_3' title="bbox 3392 386 3499 449">
     <span class='ocr_line' id='line_1_3' title="bbox 3392 386 3499 449; baseline 0.009 -1"><span class='ocrx_word' id='word_1_6' title='bbox 3392 386 3499 449; x_wconf 85' lang='lat'><strong>786</strong></span> 
     </span>
    </p>
   </div>
   <div class='ocr_carea' id='block_1_4' title="bbox 254 491 1832 567">
    <p class='ocr_par' dir='ltr' id='par_1_4' title="bbox 254 492 1824 567">
     <span class='ocr_line' id='line_1_4' title="bbox 254 492 1824 567; baseline 0 -19"><span class='ocrx_word' id='word_1_7' title='bbox 254 494 409 557; x_wconf 79' lang='grc' dir='ltr'>στῶ,</span> <span class='ocrx_word' id='word_1_8' title='bbox 442 495 617 560; x_wconf 82' lang='grc' dir='ltr'>καινὴ</span> <span class='ocrx_word' id='word_1_9' title='bbox 685 492 901 560; x_wconf 81' lang='grc' dir='ltr'><strong>κτίσις.</strong></span> <span class='ocrx_word' id='word_1_10' title='bbox 960 495 1184 557; x_wconf 82' lang='grc' dir='ltr'>Κα“ι,τὰ</span> <span class='ocrx_word' id='word_1_11' title='bbox 1215 497 1432 566; x_wconf 79' lang='grc' dir='ltr'>ἀρχαῖα</span> <span class='ocrx_word' id='word_1_12' title='bbox 1494 496 1824 567; x_wconf 77' lang='grc' dir='ltr'>παρῆλθεν,</span> 
     </span>
    </p>
   </div>
   <div class='ocr_carea' id='block_1_5' title="bbox 1936 491 3499 567">
    <p class='ocr_par' dir='ltr' id='par_1_5' title="bbox 1936 491 3499 561">
     <span class='ocr_line' id='line_1_5' title="bbox 1936 491 3499 561; baseline 0.001 -15"><span class='ocrx_word' id='word_1_13' title='bbox 1936 491 1999 546; x_wconf 82' lang='grc' dir='ltr'><strong>1η-</strong></span> <span class='ocrx_word' id='word_1_14' title='bbox 2022 491 2233 549; x_wconf 78' lang='lat' dir='ltr'><strong>Christo</strong></span> <span class='ocrx_word' id='word_1_15' title='bbox 2275 509 2465 547; x_wconf 83' lang='lat' dir='ltr'><strong>novam</strong></span> <span class='ocrx_word' id='word_1_16' title='bbox 2503 509 2614 548; x_wconf 79' lang='lat' dir='ltr'><strong>esse</strong></span> <span class='ocrx_word' id='word_1_17' title='bbox 2641 502 2942 547; x_wconf 72' lang='lat' dir='ltr'><strong><em>creaturam</em></strong></span> <span class='ocrx_word' id='word_1_18' title='bbox 2958 493 3025 545; x_wconf 81' lang='lat'><strong>&quot;.</strong></span> <span class='ocrx_word' id='word_1_19' title='bbox 3063 492 3306 561; x_wconf 84' lang='lat' dir='ltr'><strong>Itemque</strong></span> <span class='ocrx_word' id='word_1_20' title='bbox 3342 511 3355 546; x_wconf 89' lang='lat'><strong>:</strong></span> <span class='ocrx_word' id='word_1_21' title='bbox 3405 493 3499 547; x_wconf 83' lang='lat' dir='ltr'><strong>Ve-</strong></span> 
     </span>
    </p>
   </div>
   <div class='ocr_carea' id='block_1_6' title="bbox 259 585 1828 658">
    <p class='ocr_par' dir='ltr' id='par_1_6' title="bbox 259 585 1828 658">
     <span class='ocr_line' id='line_1_6' title="bbox 259 585 1828 658; baseline 0.001 -20"><span class='ocrx_word' id='word_1_22' title='bbox 259 585 396 639; x_wconf 70' lang='grc' dir='ltr'>ἰδοὺ</span> <span class='ocrx_word' id='word_1_23' title='bbox 437 585 643 656; x_wconf 70' lang='grc' dir='ltr'>γέγονε</span> <span class='ocrx_word' id='word_1_24' title='bbox 667 585 741 639; x_wconf 84' lang='grc' dir='ltr'>τὰ</span> <span class='ocrx_word' id='word_1_25' title='bbox 766 585 964 640; x_wconf 71' lang='grc' dir='ltr'>πάντα</span> <span class='ocrx_word' id='word_1_26' title='bbox 1002 586 1197 641; x_wconf 82' lang='grc' dir='ltr'>καινά.</span> <span class='ocrx_word' id='word_1_27' title='bbox 1256 590 1385 654; x_wconf 74' lang='grc' dir='ltr'>Καὶ,</span> <span class='ocrx_word' id='word_1_28' title='bbox 1419 589 1493 658; x_wconf 78' lang='grc' dir='ltr'>τῇ</span> <span class='ocrx_word' id='word_1_29' title='bbox 1519 589 1828 656; x_wconf 73' lang='grc' dir='ltr'>ἐλευθερίᾳ</span> 
     </span>
    </p>
   </div>
   <div class='ocr_carea' id='block_1_7' title="bbox 254 679 1180 751">
    <p class='ocr_par' dir='ltr' id='par_1_7' title="bbox 254 679 1180 751">
     <span class='ocr_line' id='line_1_7' title="bbox 254 679 1180 751; baseline 0 -16"><span class='ocrx_word' id='word_1_30' title='bbox 254 679 421 751; x_wconf 72' lang='grc' dir='ltr'>ἡμᾶς</span> <span class='ocrx_word' id='word_1_31' title='bbox 455 680 708 749; x_wconf 77' lang='grc' dir='ltr'>Χριστὸς</span> <span class='ocrx_word' id='word_1_32' title='bbox 742 679 1180 748; x_wconf 59' lang='grc' dir='ltr'>ἡλευθέροωεν.</span> 
     </span>
    </p>
   </div>
   <div class='ocr_carea' id='block_1_8' title="bbox 337 764 1826 833">
    <p class='ocr_par' dir='ltr' id='par_1_8' title="bbox 337 764 1826 833">
     <span class='ocr_line' id='line_1_8' title="bbox 337 764 1826 833; baseline 0.002 -11"><span class='ocrx_word' id='word_1_33' title='bbox 337 790 357 822; x_wconf 77' lang='grc' dir='ltr'><strong>ι</strong></span> <span class='ocrx_word' id='word_1_34' title='bbox 407 771 538 824; x_wconf 79' lang='grc' dir='ltr'><strong>Ἀπὸ</strong></span> <span class='ocrx_word' id='word_1_35' title='bbox 574 770 631 824; x_wconf 81' lang='grc' dir='ltr'>δὲ</span> <span class='ocrx_word' id='word_1_36' title='bbox 670 769 779 824; x_wconf 84' lang='grc' dir='ltr'>τῶν</span> <span class='ocrx_word' id='word_1_37' title='bbox 826 770 1126 824; x_wconf 80' lang='grc' dir='ltr'><strong>δοκούντων</strong></span> <span class='ocrx_word' id='word_1_38' title='bbox 1188 764 1331 825; x_wconf 81' lang='grc' dir='ltr'>εἷναί</span> <span class='ocrx_word' id='word_1_39' title='bbox 1353 788 1438 833; x_wconf 90' lang='grc' dir='ltr'><strong>τι,</strong></span> <span class='ocrx_word' id='word_1_40' title='bbox 1468 771 1641 825; x_wconf 84' lang='grc' dir='ltr'>ὁποῖοί</span> <span class='ocrx_word' id='word_1_41' title='bbox 1693 789 1826 825; x_wconf 87' lang='grc' dir='ltr'>ποτε</span> 
     </span>
    </p>
   </div>
   <div class='ocr_carea' id='block_1_9' title="bbox 252 856 1829 933">
    <p class='ocr_par' dir='ltr' id='par_1_9' title="bbox 252 856 1829 933">
     <span class='ocr_line' id='line_1_9' title="bbox 252 856 1829 933; baseline -0.001 -18"><span class='ocrx_word' id='word_1_42' title='bbox 252 856 424 932; x_wconf 76' lang='grc' dir='ltr'>ἦσαν,</span> <span class='ocrx_word' id='word_1_43' title='bbox 483 861 637 915; x_wconf 78' lang='grc' dir='ltr'>οὐδέν</span> <span class='ocrx_word' id='word_1_44' title='bbox 667 878 759 930; x_wconf 87' lang='grc' dir='ltr'><strong>μοι</strong></span> <span class='ocrx_word' id='word_1_45' title='bbox 803 860 1052 933; x_wconf 81' lang='grc' dir='ltr'><strong>διαφέρει</strong></span> <span class='ocrx_word' id='word_1_46' title='bbox 1074 877 1088 892; x_wconf 76' lang='grc' dir='ltr'><strong><em>ο</em></strong></span> <span class='ocrx_word' id='word_1_47' title='bbox 1124 862 1411 933; x_wconf 86' lang='grc' dir='ltr'>πρόσωπον</span> <span class='ocrx_word' id='word_1_48' title='bbox 1440 861 1574 924; x_wconf 81' lang='grc' dir='ltr'>Θεὸς</span> <span class='ocrx_word' id='word_1_49' title='bbox 1621 861 1829 933; x_wconf 84' lang='grc' dir='ltr'>ἀνθρὼ-</span> 
     </span>
    </p>
   </div>
   <div class='ocr_carea' id='block_1_10' title="bbox 252 951 1829 1024">
    <p class='ocr_par' dir='ltr' id='par_1_10' title="bbox 252 951 1829 1024">
     <span class='ocr_line' id='line_1_10' title="bbox 252 951 1829 1024; baseline 0.002 -19"><span class='ocrx_word' id='word_1_50' title='bbox 252 970 375 1005; x_wconf 65' lang='grc' dir='ltr'>πουι</span> <span class='ocrx_word' id='word_1_51' title='bbox 411 952 470 1006; x_wconf 85' lang='grc' dir='ltr'>οὐ</span> <span class='ocrx_word' id='word_1_52' title='bbox 517 952 806 1023; x_wconf 79' lang='grc' dir='ltr'>λαμϐάνει.</span> <span class='ocrx_word' id='word_1_53' title='bbox 846 952 1001 1024; x_wconf 81' lang='grc' dir='ltr'>Ἐμοὶ</span> <span class='ocrx_word' id='word_1_54' title='bbox 1048 951 1156 1024; x_wconf 84' lang='grc' dir='ltr'><strong>γὰρ</strong></span> <span class='ocrx_word' id='word_1_55' title='bbox 1211 953 1259 1007; x_wconf 81' lang='lat' dir='ltr'><strong>oi</strong></span> <span class='ocrx_word' id='word_1_56' title='bbox 1307 953 1629 1022; x_wconf 84' lang='grc' dir='ltr'>δοκοῦντες,</span> <span class='ocrx_word' id='word_1_57' title='bbox 1675 954 1829 1008; x_wconf 79' lang='grc' dir='ltr'>οὐδὲν</span> 
     </span>
    </p>
   </div>
   <div class='ocr_carea' id='block_1_11' title="bbox 253 1044 721 1115">
    <p class='ocr_par' dir='ltr' id='par_1_11' title="bbox 253 1044 721 1115">
     <span class='ocr_line' id='line_1_11' title="bbox 253 1044 721 1115; baseline 0.002 -18"><span class='ocrx_word' id='word_1_58' title='bbox 253 1044 676 1115; x_wconf 84' lang='grc' dir='ltr'>προσανέθεντο.</span> <span class='ocrx_word' id='word_1_59' title='bbox 702 1063 721 1097; x_wconf 76' lang='grc' dir='ltr'><strong>ι</strong></span> 
     </span>
    </p>
   </div>
   <div class='ocr_carea' id='block_1_12' title="bbox 330 1134 1827 1206">
    <p class='ocr_par' dir='ltr' id='par_1_12' title="bbox 330 1134 1827 1206">
     <span class='ocr_line' id='line_1_12' title="bbox 330 1134 1827 1206; baseline 0.001 -18"><span class='ocrx_word' id='word_1_60' title='bbox 330 1136 407 1188; x_wconf 83' lang='grc' dir='ltr'>Τὸ</span> <span class='ocrx_word' id='word_1_61' title='bbox 458 1135 579 1206; x_wconf 78' lang='grc' dir='ltr'>μὲν,</span> <span class='ocrx_word' id='word_1_62' title='bbox 618 1134 979 1202; x_wconf 72' lang='grc' dir='ltr'><strong>δοκούντων,</strong></span> <span class='ocrx_word' id='word_1_63' title='bbox 1035 1136 1158 1191; x_wconf 76' lang='grc' dir='ltr'>ἀντὶ</span> <span class='ocrx_word' id='word_1_64' title='bbox 1179 1135 1295 1201; x_wconf 79' lang='grc' dir='ltr'>τοῦ,</span> <span class='ocrx_word' id='word_1_65' title='bbox 1351 1136 1559 1190; x_wconf 81' lang='grc' dir='ltr'>ὄντων·</span> <span class='ocrx_word' id='word_1_66' title='bbox 1607 1136 1684 1200; x_wconf 79' lang='grc' dir='ltr'><strong>ὡς</strong></span> <span class='ocrx_word' id='word_1_67' title='bbox 1731 1140 1827 1191; x_wconf 75' lang='grc' dir='ltr'>καὶ</span> 
     </span>
    </p>
   </div>
   <div class='ocr_carea' id='block_1_13' title="bbox 255 1224 1831 1300">
    <p class='ocr_par' dir='ltr' id='par_1_13' title="bbox 255 1224 1831 1300">
     <span class='ocr_line' id='line_1_13' title="bbox 255 1224 1831 1300; baseline 0.004 -20"><span class='ocrx_word' id='word_1_68' title='bbox 255 1227 394 1298; x_wconf 74' lang='grc' dir='ltr'>περὶ</span> <span class='ocrx_word' id='word_1_69' title='bbox 439 1226 632 1281; x_wconf 68' lang='grc' dir='ltr'>ἑαυτοῦ</span> <span class='ocrx_word' id='word_1_70' title='bbox 685 1224 807 1281; x_wconf 76' lang='grc' dir='ltr'>εἷπε</span> <span class='ocrx_word' id='word_1_71' title='bbox 835 1244 851 1261; x_wconf 78' lang='grc' dir='ltr'><strong>ο</strong></span> <span class='ocrx_word' id='word_1_72' title='bbox 886 1226 1049 1283; x_wconf 83' lang='grc' dir='ltr'>Δοκῶ</span> <span class='ocrx_word' id='word_1_73' title='bbox 1081 1227 1151 1282; x_wconf 80' lang='grc' dir='ltr'>δὲ</span> <span class='ocrx_word' id='word_1_74' title='bbox 1184 1229 1345 1299; x_wconf 71' lang='grc' dir='ltr'>κάγὼ</span> <span class='ocrx_word' id='word_1_75' title='bbox 1374 1229 1629 1300; x_wconf 81' lang='grc' dir='ltr'>’Πνεῦμα</span> <span class='ocrx_word' id='word_1_76' title='bbox 1681 1232 1831 1286; x_wconf 86' lang='grc' dir='ltr'><strong>Θεοῦ</strong></span> 
     </span>
    </p>
   </div>
   <div class='ocr_carea' id='block_1_14' title="bbox 255 1314 1831 1395">
    <p class='ocr_par' dir='ltr' id='par_1_14' title="bbox 255 1314 1831 1395">
     <span class='ocr_line' id='line_1_14' title="bbox 255 1314 1831 1395; baseline 0.004 -23"><span class='ocrx_word' id='word_1_77' title='bbox 255 1320 447 1387; x_wconf 76' lang='grc' dir='ltr'>ἔχειν.</span> <span class='ocrx_word' id='word_1_78' title='bbox 480 1319 541 1373; x_wconf 86' lang='grc'><strong>’0</strong></span> <span class='ocrx_word' id='word_1_79' title='bbox 570 1319 627 1373; x_wconf 85' lang='grc' dir='ltr'>δὲ</span> <span class='ocrx_word' id='word_1_80' title='bbox 652 1320 776 1384; x_wconf 83' lang='grc' dir='ltr'>νοῦς</span> <span class='ocrx_word' id='word_1_81' title='bbox 804 1314 961 1385; x_wconf 77' lang='grc' dir='ltr'>οὗτος</span> <span class='ocrx_word' id='word_1_82' title='bbox 989 1336 1003 1350; x_wconf 82' lang='lat'><strong><em>°</em></strong></span> <span class='ocrx_word' id='word_1_83' title='bbox 1044 1321 1110 1373; x_wconf 74' lang='grc' dir='ltr'><strong>Οἱ</strong></span> <span class='ocrx_word' id='word_1_84' title='bbox 1132 1322 1261 1393; x_wconf 74' lang='grc' dir='ltr'>περὶ</span> <span class='ocrx_word' id='word_1_85' title='bbox 1303 1322 1532 1394; x_wconf 85' lang='grc' dir='ltr'>Πέτρον,</span> <span class='ocrx_word' id='word_1_86' title='bbox 1585 1325 1750 1395; x_wconf 78' lang='grc' dir='ltr'>φησὶ,</span> <span class='ocrx_word' id='word_1_87' title='bbox 1779 1326 1831 1379; x_wconf 87' lang='grc' dir='ltr'><strong>τί</strong></span> 
     </span>
    </p>
   </div>
   <div class='ocr_carea' id='block_1_15' title="bbox 258 1412 1831 1489">
    <p class='ocr_par' dir='ltr' id='par_1_15' title="bbox 258 1412 1831 1489">
     <span class='ocr_line' id='line_1_15' title="bbox 258 1412 1831 1489; baseline 0.004 -23"><span class='ocrx_word' id='word_1_88' title='bbox 258 1430 398 1467; x_wconf 84' lang='grc' dir='ltr'>ποτε</span> <span class='ocrx_word' id='word_1_89' title='bbox 450 1412 781 1477; x_wconf 82' lang='grc' dir='ltr'><strong>σκοποῦντες</strong></span> <span class='ocrx_word' id='word_1_90' title='bbox 817 1414 1242 1483; x_wconf 85' lang='grc' dir='ltr'>συγκατέϐαινον</span> <span class='ocrx_word' id='word_1_91' title='bbox 1265 1418 1332 1486; x_wconf 80' lang='grc' dir='ltr'>τῇ</span> <span class='ocrx_word' id='word_1_92' title='bbox 1385 1420 1676 1489; x_wconf 78' lang='grc' dir='ltr'><strong>περιτομῇ,</strong></span> <span class='ocrx_word' id='word_1_93' title='bbox 1732 1419 1831 1472; x_wconf 78' lang='grc' dir='ltr'>οὐκ</span> 
     </span>
    </p>
   </div>
   <div class='ocr_carea' id='block_1_16' title="bbox 258 1500 1827 1578">
    <p class='ocr_par' dir='ltr' id='par_1_16' title="bbox 258 1500 1827 1578">
     <span class='ocr_line' id='line_1_16' title="bbox 258 1500 1827 1578; baseline 0.003 -21"><span class='ocrx_word' id='word_1_94' title='bbox 258 1503 406 1567; x_wconf 73' lang='grc' dir='ltr'>οἶδα,</span> <span class='ocrx_word' id='word_1_95' title='bbox 456 1504 577 1557; x_wconf 83' lang='grc' dir='ltr'>οὐδὲ</span> <span class='ocrx_word' id='word_1_96' title='bbox 619 1505 909 1573; x_wconf 83' lang='grc' dir='ltr'>φιλονεικῶ</span> <span class='ocrx_word' id='word_1_97' title='bbox 944 1506 1073 1578; x_wconf 76' lang='grc' dir='ltr'>περὶ</span> <span class='ocrx_word' id='word_1_98' title='bbox 1116 1506 1309 1560; x_wconf 90' lang='grc' dir='ltr'>τούτου</span> <span class='ocrx_word' id='word_1_99' title='bbox 1336 1523 1353 1536; x_wconf 66' lang='grc' dir='ltr'><strong><em>ν</em></strong></span> <span class='ocrx_word' id='word_1_100' title='bbox 1389 1500 1533 1562; x_wconf 72' lang='grc' dir='ltr'>οὗτοι</span> <span class='ocrx_word' id='word_1_101' title='bbox 1563 1507 1619 1561; x_wconf 81' lang='grc' dir='ltr'>δὲ</span> <span class='ocrx_word' id='word_1_102' title='bbox 1664 1508 1827 1571; x_wconf 79' lang='grc' dir='ltr'>ἴσασι,</span> 
     </span>
    </p>
   </div>
   <div class='ocr_carea' id='block_1_17' title="bbox 257 1595 1832 1669">
    <p class='ocr_par' dir='ltr' id='par_1_17' title="bbox 257 1595 1832 1669">
     <span class='ocr_line' id='line_1_17' title="bbox 257 1595 1832 1669; baseline 0.003 -21"><span class='ocrx_word' id='word_1_103' title='bbox 257 1597 338 1658; x_wconf 81' lang='grc' dir='ltr'>ὡς</span> <span class='ocrx_word' id='word_1_104' title='bbox 375 1595 534 1665; x_wconf 87' lang='grc' dir='ltr'>λόγον</span> <span class='ocrx_word' id='word_1_105' title='bbox 576 1595 839 1661; x_wconf 85' lang='grc' dir='ltr'>δώσοντες</span> <span class='ocrx_word' id='word_1_106' title='bbox 869 1597 945 1668; x_wconf 85' lang='grc' dir='ltr'>τῷ</span> <span class='ocrx_word' id='word_1_107' title='bbox 977 1596 1118 1669; x_wconf 82' lang='grc' dir='ltr'>Θεῷ.</span> <span class='ocrx_word' id='word_1_108' title='bbox 1146 1599 1247 1652; x_wconf 84' lang='grc' dir='ltr'>Ἓν</span> <span class='ocrx_word' id='word_1_109' title='bbox 1268 1595 1480 1665; x_wconf 75' lang='grc' dir='ltr'>δὲοῑδα,</span> <span class='ocrx_word' id='word_1_110' title='bbox 1504 1601 1586 1654; x_wconf 81' lang='grc' dir='ltr'>ὅτι</span> <span class='ocrx_word' id='word_1_111' title='bbox 1626 1599 1832 1653; x_wconf 78' lang='grc' dir='ltr'><strong>ἐλθόντι</strong></span> 
     </span>
    </p>
   </div>
   <div class='ocr_carea' id='block_1_18' title="bbox 257 1680 1832 1760">
    <p class='ocr_par' dir='ltr' id='par_1_18' title="bbox 257 1680 1832 1760">
     <span class='ocr_line' id='line_1_18' title="bbox 257 1680 1832 1760; baseline 0.004 -23"><span class='ocrx_word' id='word_1_112' title='bbox 257 1684 415 1738; x_wconf 73' lang='grc' dir='ltr'>οὐδὲν</span> <span class='ocrx_word' id='word_1_113' title='bbox 461 1684 621 1738; x_wconf 82' lang='grc' dir='ltr'>πλέον</span> <span class='ocrx_word' id='word_1_114' title='bbox 650 1680 804 1739; x_wconf 86' lang='grc' dir='ltr'>εἷπον</span> <span class='ocrx_word' id='word_1_115' title='bbox 831 1686 963 1757; x_wconf 80' lang='grc' dir='ltr'>περὶ</span> <span class='ocrx_word' id='word_1_116' title='bbox 1013 1687 1108 1741; x_wconf 76' lang='grc' dir='ltr'>τοῦ</span> <span class='ocrx_word' id='word_1_117' title='bbox 1164 1688 1537 1760; x_wconf 78' lang='grc' dir='ltr'><strong>κηρύγματος.</strong></span> <span class='ocrx_word' id='word_1_118' title='bbox 1564 1685 1636 1743; x_wconf 81' lang='grc' dir='ltr'><strong>Εὖ</strong></span> <span class='ocrx_word' id='word_1_119' title='bbox 1659 1699 1689 1739; x_wconf 71' lang='grc'><strong><em>1</em></strong></span> <span class='ocrx_word' id='word_1_120' title='bbox 1709 1684 1832 1743; x_wconf 74' lang='grc' dir='ltr'>εἷπε</span> 
     </span>
    </p>
   </div>
   <div class='ocr_carea' id='block_1_19' title="bbox 261 1770 1828 1851">
    <p class='ocr_par' dir='ltr' id='par_1_19' title="bbox 261 1770 1828 1851">
     <span class='ocr_line' id='line_1_19' title="bbox 261 1770 1828 1851; baseline 0.006 -25"><span class='ocrx_word' id='word_1_121' title='bbox 261 1774 361 1827; x_wconf 75' lang='grc' dir='ltr'>καὶ</span> <span class='ocrx_word' id='word_1_122' title='bbox 387 1773 448 1827; x_wconf 82' lang='grc' dir='ltr'><strong>τὸ</strong></span> <span class='ocrx_word' id='word_1_123' title='bbox 486 1772 679 1829; x_wconf 78' lang='grc' dir='ltr'>ὁποῖοι</span> <span class='ocrx_word' id='word_1_124' title='bbox 716 1770 900 1844; x_wconf 79' lang='grc' dir='ltr'>ἦσαν,</span> <span class='ocrx_word' id='word_1_125' title='bbox 933 1775 1046 1830; x_wconf 83' lang='grc' dir='ltr'>ἀλλ’</span> <span class='ocrx_word' id='word_1_126' title='bbox 1074 1776 1176 1832; x_wconf 86' lang='grc' dir='ltr'>οὐκ</span> <span class='ocrx_word' id='word_1_127' title='bbox 1223 1779 1362 1833; x_wconf 80' lang='grc' dir='ltr'>είσὶν</span> <span class='ocrx_word' id='word_1_128' title='bbox 1383 1820 1398 1845; x_wconf 87' lang='grc'><strong>,</strong></span> <span class='ocrx_word' id='word_1_129' title='bbox 1458 1779 1548 1833; x_wconf 72' lang='grc' dir='ltr'>ἵνα</span> <span class='ocrx_word' id='word_1_130' title='bbox 1583 1781 1648 1850; x_wconf 84' lang='grc' dir='ltr'>τῇ</span> <span class='ocrx_word' id='word_1_131' title='bbox 1686 1780 1828 1851; x_wconf 81' lang='grc' dir='ltr'>ἀρχῇ</span> 
     </span>
    </p>
   </div>
   <div class='ocr_carea' id='block_1_20' title="bbox 260 1863 1830 1943">
    <p class='ocr_par' dir='ltr' id='par_1_20' title="bbox 260 1863 1830 1943">
     <span class='ocr_line' id='line_1_20' title="bbox 260 1863 1830 1943; baseline 0.006 -27"><span class='ocrx_word' id='word_1_132' title='bbox 260 1863 356 1917; x_wconf 73' lang='grc' dir='ltr'><strong>τοῦ</strong></span> <span class='ocrx_word' id='word_1_133' title='bbox 428 1865 783 1937; x_wconf 80' lang='grc' dir='ltr'><strong>κηρύγματος</strong></span> <span class='ocrx_word' id='word_1_134' title='bbox 840 1866 917 1939; x_wconf 84' lang='grc' dir='ltr'><strong>δῷ</strong></span> <span class='ocrx_word' id='word_1_135' title='bbox 973 1869 1250 1924; x_wconf 78' lang='grc' dir='ltr'>κάκείνων</span> <span class='ocrx_word' id='word_1_136' title='bbox 1307 1869 1408 1943; x_wconf 76' lang='grc' dir='ltr'>τὴν</span> <span class='ocrx_word' id='word_1_137' title='bbox 1479 1872 1830 1940; x_wconf 87' lang='grc' dir='ltr'>συγκατάϐα-</span> 
     </span>
    </p>
   </div>
   <div class='ocr_carea' id='block_1_21' title="bbox 260 1973 371 2010">
    <p class='ocr_par' dir='ltr' id='par_1_21' title="bbox 260 1973 371 2010">
     <span class='ocr_line' id='line_1_21' title="bbox 260 1973 371 2010; baseline 0.018 -2"><span class='ocrx_word' id='word_1_138' title='bbox 260 1973 371 2010; x_wconf 86' lang='grc' dir='ltr'>σιν.</span> 
     </span>
    </p>
   </div>
   <div class='ocr_carea' id='block_1_22' title="bbox 340 2233 1093 2313">
    <p class='ocr_par' dir='ltr' id='par_1_22' title="bbox 340 2233 1093 2313">
     <span class='ocr_line' id='line_1_22' title="bbox 340 2233 1093 2313; baseline 0.009 -23"><span class='ocrx_word' id='word_1_139' title='bbox 340 2233 490 2290; x_wconf 60' lang='grc' dir='ltr'><strong>Ἄντλ⁵</strong></span> <span class='ocrx_word' id='word_1_140' title='bbox 518 2235 635 2305; x_wconf 80' lang='grc' dir='ltr'>τοῦ,</span> <span class='ocrx_word' id='word_1_141' title='bbox 670 2239 1093 2313; x_wconf 78' lang='grc' dir='ltr'>ὲναντιὼθησαν.</span> 
     </span>
    </p>
   </div>
   <div class='ocr_carea' id='block_1_23' title="bbox 347 2328 1830 2413">
    <p class='ocr_par' dir='ltr' id='par_1_23' title="bbox 347 2328 1830 2413">
     <span class='ocr_line' id='line_1_23' title="bbox 347 2328 1830 2413; baseline 0.012 -33"><span class='ocrx_word' id='word_1_142' title='bbox 347 2332 360 2369; x_wconf 71' lang='grc' dir='ltr'><strong>ι</strong></span> <span class='ocrx_word' id='word_1_143' title='bbox 408 2328 569 2384; x_wconf 80' lang='grc' dir='ltr'>Ἀλλά</span> <span class='ocrx_word' id='word_1_144' title='bbox 607 2331 918 2389; x_wconf 81' lang='grc' dir='ltr'>τούναντίον</span> <span class='ocrx_word' id='word_1_145' title='bbox 951 2335 1182 2402; x_wconf 69' lang='grc' dir='ltr'>ἰδόντες,</span> <span class='ocrx_word' id='word_1_146' title='bbox 1224 2339 1306 2393; x_wconf 82' lang='grc' dir='ltr'>ὅτι</span> <span class='ocrx_word' id='word_1_147' title='bbox 1357 2340 1729 2413; x_wconf 76' lang='grc' dir='ltr'><strong>πεπίστευμαι</strong></span> <span class='ocrx_word' id='word_1_148' title='bbox 1765 2344 1830 2398; x_wconf 80' lang='grc' dir='ltr'>τὸ</span> 
     </span>
    </p>
   </div>
   <div class='ocr_carea' id='block_1_24' title="bbox 253 2420 1830 2509">
    <p class='ocr_par' dir='ltr' id='par_1_24' title="bbox 253 2420 1830 2509">
     <span class='ocr_line' id='line_1_24' title="bbox 253 2420 1830 2509; baseline 0.012 -37"><span class='ocrx_word' id='word_1_149' title='bbox 253 2420 592 2489; x_wconf 82' lang='grc' dir='ltr'>Εὑαγγέλιον</span> <span class='ocrx_word' id='word_1_150' title='bbox 640 2424 741 2495; x_wconf 81' lang='grc' dir='ltr'>τῆς</span> <span class='ocrx_word' id='word_1_151' title='bbox 790 2427 1196 2499; x_wconf 82' lang='grc' dir='ltr'>ἀκροϐυστίας,</span> <span class='ocrx_word' id='word_1_152' title='bbox 1250 2431 1434 2498; x_wconf 85' lang='grc' dir='ltr'>καθὼς</span> <span class='ocrx_word' id='word_1_153' title='bbox 1482 2434 1689 2508; x_wconf 81' lang='grc' dir='ltr'><strong>Πέτρος</strong></span> <span class='ocrx_word' id='word_1_154' title='bbox 1730 2437 1830 2509; x_wconf 80' lang='grc' dir='ltr'><strong>τῆς</strong></span> 
     </span>
    </p>
   </div>
   <div class='ocr_carea' id='block_1_25' title="bbox 252 2515 1825 2600">
    <p class='ocr_par' dir='ltr' id='par_1_25' title="bbox 252 2515 1825 2600">
     <span class='ocr_line' id='line_1_25' title="bbox 252 2515 1825 2600; baseline 0.011 -36"><span class='ocrx_word' id='word_1_155' title='bbox 252 2515 561 2584; x_wconf 80' lang='grc' dir='ltr'>περιτομῆς</span> <span class='ocrx_word' id='word_1_156' title='bbox 597 2515 646 2587; x_wconf 86' lang='grc' dir='ltr'><strong>(ὁ</strong></span> <span class='ocrx_word' id='word_1_157' title='bbox 671 2517 780 2588; x_wconf 79' lang='grc' dir='ltr'>γὰρ</span> <span class='ocrx_word' id='word_1_158' title='bbox 812 2520 1119 2592; x_wconf 77' lang='grc' dir='ltr'>ἐνεργήσας</span> <span class='ocrx_word' id='word_1_159' title='bbox 1168 2523 1362 2596; x_wconf 84' lang='grc' dir='ltr'>Πέτρῳ</span> <span class='ocrx_word' id='word_1_160' title='bbox 1389 2527 1472 2590; x_wconf 81' lang='grc' dir='ltr'><strong>είς</strong></span> <span class='ocrx_word' id='word_1_161' title='bbox 1502 2527 1825 2600; x_wconf 82' lang='grc' dir='ltr'>περιτομὴν,</span> 
     </span>
    </p>
   </div>
   <div class='ocr_carea' id='block_1_26' title="bbox 250 2606 1829 2693">
    <p class='ocr_par' dir='ltr' id='par_1_26' title="bbox 250 2606 1829 2693">
     <span class='ocr_line' id='line_1_26' title="bbox 250 2606 1829 2693; baseline 0.013 -38"><span class='ocrx_word' id='word_1_162' title='bbox 250 2606 531 2677; x_wconf 76' lang='grc' dir='ltr'>ἐνήργησε</span> <span class='ocrx_word' id='word_1_163' title='bbox 567 2608 737 2680; x_wconf 75' lang='grc' dir='ltr'>κάμοὶ</span> <span class='ocrx_word' id='word_1_164' title='bbox 768 2610 849 2674; x_wconf 83' lang='grc' dir='ltr'>εἰς</span> <span class='ocrx_word' id='word_1_165' title='bbox 864 2611 935 2665; x_wconf 81' lang='grc' dir='ltr'>τὰ</span> <span class='ocrx_word' id='word_1_166' title='bbox 958 2612 1111 2686; x_wconf 76' lang='grc' dir='ltr'>ἔθνη)</span> <span class='ocrx_word' id='word_1_167' title='bbox 1132 2631 1146 2645; x_wconf 86' lang='grc'><strong>·</strong></span> <span class='ocrx_word' id='word_1_168' title='bbox 1173 2615 1271 2669; x_wconf 73' lang='grc' dir='ltr'><strong>καὶ</strong></span> <span class='ocrx_word' id='word_1_169' title='bbox 1298 2616 1518 2685; x_wconf 85' lang='grc' dir='ltr'>γνόντες</span> <span class='ocrx_word' id='word_1_170' title='bbox 1545 2621 1646 2693; x_wconf 79' lang='grc' dir='ltr'>τὴν</span> <span class='ocrx_word' id='word_1_171' title='bbox 1670 2620 1829 2693; x_wconf 81' lang='grc' dir='ltr'>χάριν</span> 
     </span>
    </p>
   </div>
   <div class='ocr_carea' id='block_1_27' title="bbox 247 2696 1831 2779">
    <p class='ocr_par' dir='ltr' id='par_1_27' title="bbox 247 2696 1831 2779">
     <span class='ocr_line' id='line_1_27' title="bbox 247 2696 1831 2779; baseline 0.014 -33"><span class='ocrx_word' id='word_1_172' title='bbox 247 2696 355 2765; x_wconf 82' lang='grc' dir='ltr'>τὴν</span> <span class='ocrx_word' id='word_1_173' title='bbox 383 2696 630 2751; x_wconf 86' lang='grc' dir='ltr'>δοθεῖσάν</span> <span class='ocrx_word' id='word_1_174' title='bbox 663 2716 775 2771; x_wconf 87' lang='grc' dir='ltr'>μοι,</span> <span class='ocrx_word' id='word_1_175' title='bbox 814 2701 1091 2770; x_wconf 85' lang='grc' dir='ltr'>Ἰάκωϐος,</span> <span class='ocrx_word' id='word_1_176' title='bbox 1127 2706 1221 2759; x_wconf 74' lang='grc' dir='ltr'>καὶ</span> <span class='ocrx_word' id='word_1_177' title='bbox 1246 2708 1443 2779; x_wconf 83' lang='grc' dir='ltr'>Κηφᾶς</span> <span class='ocrx_word' id='word_1_178' title='bbox 1463 2750 1478 2772; x_wconf 87' lang='grc'><strong>,</strong></span> <span class='ocrx_word' id='word_1_179' title='bbox 1516 2712 1612 2765; x_wconf 72' lang='grc' dir='ltr'><strong>καὶ</strong></span> <span class='ocrx_word' id='word_1_180' title='bbox 1650 2713 1831 2768; x_wconf 59' lang='grc' dir='ltr'>Ἰωάνα</span> 
     </span>
    </p>
   </div>
   <div class='ocr_carea' id='block_1_28' title="bbox 249 2789 1831 2876">
    <p class='ocr_par' dir='ltr' id='par_1_28' title="bbox 249 2789 1831 2876">
     <span class='ocr_line' id='line_1_28' title="bbox 249 2789 1831 2876; baseline 0.013 -37"><span class='ocrx_word' id='word_1_181' title='bbox 249 2804 379 2857; x_wconf 80' lang='grc' dir='ltr'>νης,</span> <span class='ocrx_word' id='word_1_182' title='bbox 414 2789 463 2841; x_wconf 81' lang='grc' dir='ltr'>οἱ</span> <span class='ocrx_word' id='word_1_183' title='bbox 487 2790 768 2857; x_wconf 84' lang='grc' dir='ltr'>δοκοῦντες</span> <span class='ocrx_word' id='word_1_184' title='bbox 815 2794 997 2849; x_wconf 86' lang='grc' dir='ltr'>στύλοι</span> <span class='ocrx_word' id='word_1_185' title='bbox 1030 2791 1194 2863; x_wconf 77' lang='grc' dir='ltr'>εἶναι,</span> <span class='ocrx_word' id='word_1_186' title='bbox 1219 2799 1400 2867; x_wconf 78' lang='grc' dir='ltr'>δεξιὰς</span> <span class='ocrx_word' id='word_1_187' title='bbox 1450 2802 1659 2857; x_wconf 77' lang='grc' dir='ltr'>ἔδωκαν</span> <span class='ocrx_word' id='word_1_188' title='bbox 1706 2806 1831 2876; x_wconf 74' lang='grc' dir='ltr'>ἐμοὶ</span> 
     </span>
    </p>
   </div>
   <div class='ocr_carea' id='block_1_29' title="bbox 255 2878 1827 2970">
    <p class='ocr_par' dir='ltr' id='par_1_29' title="bbox 255 2878 1827 2970">
     <span class='ocr_line' id='line_1_29' title="bbox 255 2878 1827 2970; baseline 0.016 -42"><span class='ocrx_word' id='word_1_189' title='bbox 255 2879 359 2970; x_wconf 71' lang='grc' dir='ltr'>καὶ</span> <span class='ocrx_word' id='word_1_190' title='bbox 390 2878 645 2954; x_wconf 79' lang='grc' dir='ltr'>Βαρνάϐᾳ</span> <span class='ocrx_word' id='word_1_191' title='bbox 674 2886 960 2951; x_wconf 80' lang='grc' dir='ltr'>κοινωνίας</span> <span class='ocrx_word' id='word_1_192' title='bbox 983 2927 998 2952; x_wconf 91' lang='grc'><strong>,</strong></span> <span class='ocrx_word' id='word_1_193' title='bbox 1036 2888 1125 2943; x_wconf 75' lang='grc' dir='ltr'>ἵνα</span> <span class='ocrx_word' id='word_1_194' title='bbox 1150 2892 1314 2962; x_wconf 80' lang='grc' dir='ltr'>ἡμεῖς</span> <span class='ocrx_word' id='word_1_195' title='bbox 1343 2894 1442 2962; x_wconf 83' lang='grc' dir='ltr'>μὲν</span> <span class='ocrx_word' id='word_1_196' title='bbox 1472 2895 1553 2961; x_wconf 84' lang='grc' dir='ltr'><strong>είς</strong></span> <span class='ocrx_word' id='word_1_197' title='bbox 1581 2897 1648 2951; x_wconf 84' lang='grc' dir='ltr'><strong>τά</strong></span> <span class='ocrx_word' id='word_1_198' title='bbox 1676 2897 1827 2970; x_wconf 74' lang='grc' dir='ltr'>ἔθνη,</span> 
     </span>
    </p>
   </div>
   <div class='ocr_carea' id='block_1_30' title="bbox 261 2968 1127 3052">
    <p class='ocr_par' dir='ltr' id='par_1_30' title="bbox 261 2968 1127 3052">
     <span class='ocr_line' id='line_1_30' title="bbox 261 2968 1127 3052; baseline 0.013 -30"><span class='ocrx_word' id='word_1_199' title='bbox 261 2968 423 3023; x_wconf 77' lang='grc' dir='ltr'>αὐτοὶ</span> <span class='ocrx_word' id='word_1_200' title='bbox 441 2971 495 3025; x_wconf 88' lang='grc' dir='ltr'>δὲ</span> <span class='ocrx_word' id='word_1_201' title='bbox 522 2974 601 3038; x_wconf 87' lang='grc' dir='ltr'><strong>είς</strong></span> <span class='ocrx_word' id='word_1_202' title='bbox 625 2974 725 3047; x_wconf 80' lang='grc' dir='ltr'>τὴν</span> <span class='ocrx_word' id='word_1_203' title='bbox 754 2980 1081 3052; x_wconf 86' lang='grc' dir='ltr'>περιτομήν.</span> <span class='ocrx_word' id='word_1_204' title='bbox 1107 3000 1127 3033; x_wconf 73' lang='grc' dir='ltr'><strong>ι</strong></span> 
     </span>
    </p>
   </div>
   <div class='ocr_carea' id='block_1_31' title="bbox 1929 584 3498 655">
    <p class='ocr_par' dir='ltr' id='par_1_31' title="bbox 1929 584 3498 655">
     <span class='ocr_line' id='line_1_31' title="bbox 1929 584 3498 655; baseline 0 -18"><span class='ocrx_word' id='word_1_205' title='bbox 1929 587 2412 649; x_wconf 79' lang='lat' dir='ltr'><strong>teratramierunt,</strong></span> <span class='ocrx_word' id='word_1_206' title='bbox 2439 601 2563 639; x_wconf 79' lang='lat' dir='ltr'><strong>ecce</strong></span> <span class='ocrx_word' id='word_1_207' title='bbox 2586 584 2732 655; x_wconf 77' lang='lat' dir='ltr'><strong>facta</strong></span> <span class='ocrx_word' id='word_1_208' title='bbox 2765 594 2885 637; x_wconf 79' lang='lat' dir='ltr'><strong>sunt</strong></span> <span class='ocrx_word' id='word_1_209' title='bbox 2919 584 3099 637; x_wconf 75' lang='lat' dir='ltr'><strong>omnia</strong></span> <span class='ocrx_word' id='word_1_210' title='bbox 3129 600 3260 637; x_wconf 84' lang='lat' dir='ltr'><strong>nova</strong></span> <span class='ocrx_word' id='word_1_211' title='bbox 3284 584 3351 640; x_wconf 83' lang='lat'><strong>“.</strong></span> <span class='ocrx_word' id='word_1_212' title='bbox 3388 586 3449 637; x_wconf 81' lang='lat' dir='ltr'><strong>Et</strong></span> <span class='ocrx_word' id='word_1_213' title='bbox 3483 603 3498 618; x_wconf 82' lang='lat'><strong>-</strong></span> 
     </span>
    </p>
   </div>
   <div class='ocr_carea' id='block_1_32' title="bbox 1929 673 3068 740">
    <p class='ocr_par' dir='ltr' id='par_1_32' title="bbox 1929 673 3068 740">
     <span class='ocr_line' id='line_1_32' title="bbox 1929 673 3068 740; baseline 0.001 -12"><span class='ocrx_word' id='word_1_214' title='bbox 1929 675 2048 740; x_wconf 85' lang='lat' dir='ltr'><strong>Qua</strong></span> <span class='ocrx_word' id='word_1_215' title='bbox 2070 675 2309 730; x_wconf 81' lang='lat' dir='ltr'><strong><em>libertate</em></strong></span> <span class='ocrx_word' id='word_1_216' title='bbox 2336 692 2433 730; x_wconf 78' lang='lat' dir='ltr'><strong>nos</strong></span> <span class='ocrx_word' id='word_1_217' title='bbox 2464 675 2705 730; x_wconf 71' lang='lat' dir='ltr'><strong>Christus</strong></span> <span class='ocrx_word' id='word_1_218' title='bbox 2740 674 2977 728; x_wconf 77' lang='lat' dir='ltr'><strong>liberavit</strong></span> <span class='ocrx_word' id='word_1_219' title='bbox 2998 673 3068 729; x_wconf 80' lang='lat'><strong>&quot;.</strong></span> 
     </span>
    </p>
   </div>
   <div class='ocr_carea' id='block_1_33' title="bbox 2000 764 3501 836">
    <p class='ocr_par' dir='ltr' id='par_1_33' title="bbox 2000 764 3501 836">
     <span class='ocr_line' id='line_1_33' title="bbox 2000 764 3501 836; baseline -0.001 -15"><span class='ocrx_word' id='word_1_220' title='bbox 2000 764 2164 822; x_wconf 71' lang='lat' dir='ltr'><strong>Vens.</strong></span> <span class='ocrx_word' id='word_1_221' title='bbox 2195 767 2250 822; x_wconf 88' lang='lat'><strong>6.</strong></span> <span class='ocrx_word' id='word_1_222' title='bbox 2307 786 2326 819; x_wconf 82' lang='grc' dir='ltr'><strong>ι</strong></span> <span class='ocrx_word' id='word_1_223' title='bbox 2365 769 2448 823; x_wconf 81' lang='lat' dir='ltr'><strong>Ah</strong></span> <span class='ocrx_word' id='word_1_224' title='bbox 2482 767 2551 823; x_wconf 87' lang='lat' dir='ltr'><strong>iis</strong></span> <span class='ocrx_word' id='word_1_225' title='bbox 2586 775 2766 821; x_wconf 88' lang='lat' dir='ltr'><strong>autem</strong></span> <span class='ocrx_word' id='word_1_226' title='bbox 2810 765 2908 836; x_wconf 98' lang='lat' dir='ltr'><strong>qui</strong></span> <span class='ocrx_word' id='word_1_227' title='bbox 2940 765 3269 821; x_wconf 86' lang='lat' dir='ltr'><strong>videbantur</strong></span> <span class='ocrx_word' id='word_1_228' title='bbox 3298 765 3501 835; x_wconf 83' lang='lat' dir='ltr'><strong>aliquid</strong></span> 
     </span>
    </p>
   </div>
   <div class='ocr_carea' id='block_1_34' title="bbox 1927 855 3503 927">
    <p class='ocr_par' dir='ltr' id='par_1_34' title="bbox 1927 855 3503 927">
     <span class='ocr_line' id='line_1_34' title="bbox 1927 855 3503 927; baseline 0 -16"><span class='ocrx_word' id='word_1_229' title='bbox 1927 871 2051 912; x_wconf 88' lang='lat' dir='ltr'><strong>esse</strong></span> <span class='ocrx_word' id='word_1_230' title='bbox 2081 857 2294 926; x_wconf 80' lang='lat' dir='ltr'><strong>(quales</strong></span> <span class='ocrx_word' id='word_1_231' title='bbox 2335 855 2629 927; x_wconf 81' lang='lat' dir='ltr'><strong>aliquando</strong></span> <span class='ocrx_word' id='word_1_232' title='bbox 2669 856 2897 921; x_wconf 80' lang='lat' dir='ltr'><strong>fuerint,</strong></span> <span class='ocrx_word' id='word_1_233' title='bbox 2934 856 3073 910; x_wconf 88' lang='lat' dir='ltr'><strong><em>nihil</em></strong></span> <span class='ocrx_word' id='word_1_234' title='bbox 3104 870 3225 911; x_wconf 89' lang='lat' dir='ltr'><strong>mea</strong></span> <span class='ocrx_word' id='word_1_235' title='bbox 3255 855 3503 912; x_wconf 77' lang='lat' dir='ltr'><strong><em>interest.</em></strong></span> 
     </span>
    </p>
   </div>
   <div class='ocr_carea' id='block_1_35' title="bbox 1931 946 3502 1018">
    <p class='ocr_par' dir='ltr' id='par_1_35' title="bbox 1931 946 3502 1018">
     <span class='ocr_line' id='line_1_35' title="bbox 1931 946 3502 1018; baseline 0.001 -19"><span class='ocrx_word' id='word_1_236' title='bbox 1931 946 2074 1003; x_wconf 90' lang='lat' dir='ltr'><strong>Deus</strong></span> <span class='ocrx_word' id='word_1_237' title='bbox 2100 962 2391 1018; x_wconf 83' lang='lat' dir='ltr'><strong>personam</strong></span> <span class='ocrx_word' id='word_1_238' title='bbox 2427 949 2711 1004; x_wconf 87' lang='lat' dir='ltr'><strong>hominum</strong></span> <span class='ocrx_word' id='word_1_239' title='bbox 2748 964 2861 1004; x_wconf 91' lang='lat' dir='ltr'><strong>non</strong></span> <span class='ocrx_word' id='word_1_240' title='bbox 2901 947 3152 1018; x_wconf 82' lang='lat' dir='ltr'><strong>accipit);</strong></span> <span class='ocrx_word' id='word_1_241' title='bbox 3188 947 3320 1002; x_wconf 90' lang='lat' dir='ltr'><strong>mihi</strong></span> <span class='ocrx_word' id='word_1_242' title='bbox 3359 948 3502 1002; x_wconf 89' lang='lat' dir='ltr'><strong>enim</strong></span> 
     </span>
    </p>
   </div>
   <div class='ocr_carea' id='block_1_36' title="bbox 1930 1039 3448 1112">
    <p class='ocr_par' dir='ltr' id='par_1_36' title="bbox 1930 1039 3448 1112">
     <span class='ocr_line' id='line_1_36' title="bbox 1930 1039 3448 1112; baseline -0.003 -18"><span class='ocrx_word' id='word_1_243' title='bbox 1930 1039 2023 1109; x_wconf 89' lang='lat' dir='ltr'><strong>qui</strong></span> <span class='ocrx_word' id='word_1_244' title='bbox 2051 1040 2382 1095; x_wconf 78' lang='lat' dir='ltr'><strong>videbantur</strong></span> <span class='ocrx_word' id='word_1_245' title='bbox 2409 1056 2535 1097; x_wconf 89' lang='lat' dir='ltr'><strong>esse</strong></span> <span class='ocrx_word' id='word_1_246' title='bbox 2575 1040 2806 1112; x_wconf 79' lang='lat' dir='ltr'><strong>aliquid,</strong></span> <span class='ocrx_word' id='word_1_247' title='bbox 2838 1039 2975 1095; x_wconf 89' lang='lat' dir='ltr'><strong>nihil</strong></span> <span class='ocrx_word' id='word_1_248' title='bbox 3014 1040 3385 1094; x_wconf 87' lang='lat' dir='ltr'><strong>contulerunt.</strong></span> <span class='ocrx_word' id='word_1_249' title='bbox 3428 1058 3448 1089; x_wconf 74' lang='grc' dir='ltr'><strong>ι</strong></span> 
     </span>
    </p>
   </div>
   <div class='ocr_carea' id='block_1_37' title="bbox 2002 1129 3507 1201">
    <p class='ocr_par' dir='ltr' id='par_1_37' title="bbox 2002 1129 3507 1201">
     <span class='ocr_line' id='line_1_37' title="bbox 2002 1129 3507 1201; baseline -0.003 -18"><span class='ocrx_word' id='word_1_250' title='bbox 2002 1129 2108 1196; x_wconf 80' lang='lat' dir='ltr'><strong>Qui</strong></span> <span class='ocrx_word' id='word_1_251' title='bbox 2130 1130 2458 1195; x_wconf 81' lang='lat' dir='ltr'><strong>videbantur,</strong></span> <span class='ocrx_word' id='word_1_252' title='bbox 2498 1132 2592 1196; x_wconf 90' lang='lat' dir='ltr'><strong>ait,</strong></span> <span class='ocrx_word' id='word_1_253' title='bbox 2617 1131 2670 1186; x_wconf 88' lang='lat' dir='ltr'><strong>id</strong></span> <span class='ocrx_word' id='word_1_254' title='bbox 2701 1138 2786 1187; x_wconf 85' lang='lat' dir='ltr'><strong>est</strong></span> <span class='ocrx_word' id='word_1_255' title='bbox 2814 1131 2903 1201; x_wconf 85' lang='lat' dir='ltr'><strong>qui</strong></span> <span class='ocrx_word' id='word_1_256' title='bbox 2930 1140 3084 1185; x_wconf 86' lang='lat' dir='ltr'><strong>erant</strong></span> <span class='ocrx_word' id='word_1_257' title='bbox 3115 1146 3133 1185; x_wconf 91' lang='lat'><strong><em>:</em></strong></span> <span class='ocrx_word' id='word_1_258' title='bbox 3175 1129 3318 1183; x_wconf 83' lang='lat' dir='ltr'><strong>haud</strong></span> <span class='ocrx_word' id='word_1_259' title='bbox 3348 1143 3507 1183; x_wconf 82' lang='lat' dir='ltr'><strong>secus</strong></span> 
     </span>
    </p>
   </div>
   <div class='ocr_carea' id='block_1_38' title="bbox 1932 1220 3506 1293">
    <p class='ocr_par' dir='ltr' id='par_1_38' title="bbox 1932 1220 3506 1293">
     <span class='ocr_line' id='line_1_38' title="bbox 1932 1220 3506 1293; baseline -0.001 -19"><span class='ocrx_word' id='word_1_260' title='bbox 1932 1235 1996 1274; x_wconf 84' lang='lat' dir='ltr'><strong>ac</strong></span> <span class='ocrx_word' id='word_1_261' title='bbox 2024 1220 2091 1277; x_wconf 88' lang='lat' dir='ltr'><strong>de</strong></span> <span class='ocrx_word' id='word_1_262' title='bbox 2113 1236 2171 1278; x_wconf 88' lang='lat' dir='ltr'><strong>se</strong></span> <span class='ocrx_word' id='word_1_263' title='bbox 2208 1223 2327 1293; x_wconf 88' lang='lat' dir='ltr'><strong>ipse</strong></span> <span class='ocrx_word' id='word_1_264' title='bbox 2353 1222 2605 1279; x_wconf 86' lang='lat' dir='ltr'><strong>dicebat:</strong></span> <span class='ocrx_word' id='word_1_265' title='bbox 2649 1222 2840 1277; x_wconf 86' lang='lat' dir='ltr'><strong>Videor</strong></span> <span class='ocrx_word' id='word_1_266' title='bbox 2867 1230 3044 1277; x_wconf 84' lang='lat' dir='ltr'><strong>autem</strong></span> <span class='ocrx_word' id='word_1_267' title='bbox 3079 1221 3207 1276; x_wconf 87' lang='lat' dir='ltr'><strong>mihi</strong></span> <span class='ocrx_word' id='word_1_268' title='bbox 3245 1221 3506 1291; x_wconf 84' lang='lat' dir='ltr'><strong><em>Spiritum</em></strong></span> 
     </span>
    </p>
   </div>
   <div class='ocr_carea' id='block_1_39' title="bbox 1937 1310 3506 1385">
    <p class='ocr_par' dir='ltr' id='par_1_39' title="bbox 1937 1310 3506 1385">
     <span class='ocr_line' id='line_1_39' title="bbox 1937 1310 3506 1385; baseline -0.001 -20"><span class='ocrx_word' id='word_1_269' title='bbox 1937 1310 2031 1366; x_wconf 88' lang='lat' dir='ltr'><strong><em>Dei</em></strong></span> <span class='ocrx_word' id='word_1_270' title='bbox 2054 1313 2263 1368; x_wconf 81' lang='lat' dir='ltr'><strong>habere.</strong></span> <span class='ocrx_word' id='word_1_271' title='bbox 2297 1314 2463 1385; x_wconf 82' lang='lat' dir='ltr'><strong>Atqui</strong></span> <span class='ocrx_word' id='word_1_272' title='bbox 2513 1315 2601 1370; x_wconf 91' lang='lat' dir='ltr'><strong>hic</strong></span> <span class='ocrx_word' id='word_1_273' title='bbox 2629 1330 2828 1371; x_wconf 87' lang='lat' dir='ltr'><strong>sensus</strong></span> <span class='ocrx_word' id='word_1_274' title='bbox 2863 1322 2948 1371; x_wconf 88' lang='lat' dir='ltr'><strong>est</strong></span> <span class='ocrx_word' id='word_1_275' title='bbox 2977 1335 2990 1370; x_wconf 86' lang='lat'>:</span> <span class='ocrx_word' id='word_1_276' title='bbox 3024 1314 3122 1385; x_wconf 91' lang='lat' dir='ltr'><strong>qui</strong></span> <span class='ocrx_word' id='word_1_277' title='bbox 3152 1329 3184 1367; x_wconf 92' lang='lat' dir='ltr'><strong>a</strong></span> <span class='ocrx_word' id='word_1_278' title='bbox 3212 1312 3372 1368; x_wconf 87' lang='lat' dir='ltr'><strong>Petro</strong></span> <span class='ocrx_word' id='word_1_279' title='bbox 3394 1319 3506 1367; x_wconf 87' lang='lat' dir='ltr'><strong>sta-</strong></span> 
     </span>
    </p>
   </div>
   <div class='ocr_carea' id='block_1_40' title="bbox 1933 1404 3507 1477">
    <p class='ocr_par' dir='ltr' id='par_1_40' title="bbox 1933 1404 3507 1477">
     <span class='ocr_line' id='line_1_40' title="bbox 1933 1404 3507 1477; baseline -0.003 -18"><span class='ocrx_word' id='word_1_280' title='bbox 1933 1404 2086 1469; x_wconf 83' lang='lat' dir='ltr'><strong>bant,</strong></span> <span class='ocrx_word' id='word_1_281' title='bbox 2100 1420 2227 1475; x_wconf 83' lang='lat' dir='ltr'><strong>erga</strong></span> <span class='ocrx_word' id='word_1_282' title='bbox 2247 1405 2726 1462; x_wconf 87' lang='lat' dir='ltr'><strong>circumcisionem</strong></span> <span class='ocrx_word' id='word_1_283' title='bbox 2748 1406 3179 1477; x_wconf 79' lang='lat' dir='ltr'><strong>indulgentiores</strong></span> <span class='ocrx_word' id='word_1_284' title='bbox 3202 1412 3383 1467; x_wconf 85' lang='lat' dir='ltr'><strong>erant,</strong></span> <span class='ocrx_word' id='word_1_285' title='bbox 3399 1415 3507 1473; x_wconf 85' lang='lat' dir='ltr'><strong>qua</strong></span> 
     </span>
    </p>
   </div>
   <div class='ocr_carea' id='block_1_41' title="bbox 1932 1493 3507 1566">
    <p class='ocr_par' dir='ltr' id='par_1_41' title="bbox 1932 1493 3507 1566">
     <span class='ocr_line' id='line_1_41' title="bbox 1932 1493 3507 1566; baseline -0.003 -18"><span class='ocrx_word' id='word_1_286' title='bbox 1932 1493 2001 1549; x_wconf 89' lang='lat' dir='ltr'><strong>de</strong></span> <span class='ocrx_word' id='word_1_287' title='bbox 2037 1509 2205 1550; x_wconf 87' lang='lat' dir='ltr'><strong>causa</strong></span> <span class='ocrx_word' id='word_1_288' title='bbox 2235 1495 2444 1560; x_wconf 88' lang='lat' dir='ltr'><strong>nescio,</strong></span> <span class='ocrx_word' id='word_1_289' title='bbox 2467 1510 2631 1565; x_wconf 90' lang='lat' dir='ltr'><strong>quam</strong></span> <span class='ocrx_word' id='word_1_290' title='bbox 2663 1496 2948 1566; x_wconf 86' lang='lat' dir='ltr'><strong>inquirere</strong></span> <span class='ocrx_word' id='word_1_291' title='bbox 2969 1510 3080 1551; x_wconf 90' lang='lat' dir='ltr'><strong>non</strong></span> <span class='ocrx_word' id='word_1_292' title='bbox 3107 1509 3244 1551; x_wconf 86' lang='lat' dir='ltr'><strong>curo</strong></span> <span class='ocrx_word' id='word_1_293' title='bbox 3271 1513 3284 1548; x_wconf 92' lang='lat'><strong>:</strong></span> <span class='ocrx_word' id='word_1_294' title='bbox 3310 1493 3381 1549; x_wconf 89' lang='lat' dir='ltr'><strong>de</strong></span> <span class='ocrx_word' id='word_1_295' title='bbox 3399 1508 3507 1563; x_wconf 76' lang='lat' dir='ltr'><strong>qua</strong></span> 
     </span>
    </p>
   </div>
   <div class='ocr_carea' id='block_1_42' title="bbox 1932 1583 3509 1659">
    <p class='ocr_par' dir='ltr' id='par_1_42' title="bbox 1932 1583 3509 1659">
     <span class='ocr_line' id='line_1_42' title="bbox 1932 1583 3509 1659; baseline -0.001 -20"><span class='ocrx_word' id='word_1_296' title='bbox 1932 1601 2033 1641; x_wconf 85' lang='lat' dir='ltr'><strong>nec</strong></span> <span class='ocrx_word' id='word_1_297' title='bbox 2049 1583 2385 1656; x_wconf 89' lang='lat' dir='ltr'><strong>vitilitigandi</strong></span> <span class='ocrx_word' id='word_1_298' title='bbox 2407 1587 2628 1642; x_wconf 89' lang='lat' dir='ltr'><strong>animus</strong></span> <span class='ocrx_word' id='word_1_299' title='bbox 2656 1597 2771 1653; x_wconf 89' lang='lat' dir='ltr'><strong>est;</strong></span> <span class='ocrx_word' id='word_1_300' title='bbox 2823 1588 2878 1643; x_wconf 90' lang='lat' dir='ltr'><strong>id</strong></span> <span class='ocrx_word' id='word_1_301' title='bbox 2922 1588 3040 1659; x_wconf 29' lang='lat' dir='ltr'><strong>ipsi.</strong></span> <span class='ocrx_word' id='word_1_302' title='bbox 3074 1587 3352 1650; x_wconf 89' lang='lat' dir='ltr'><strong>noverint,</strong></span> <span class='ocrx_word' id='word_1_303' title='bbox 3385 1594 3509 1638; x_wconf 82' lang='lat' dir='ltr'><strong>tau-</strong></span> 
     </span>
    </p>
   </div>
   <div class='ocr_carea' id='block_1_43' title="bbox 1933 1677 3506 1748">
    <p class='ocr_par' dir='ltr' id='par_1_43' title="bbox 1933 1677 3506 1748">
     <span class='ocr_line' id='line_1_43' title="bbox 1933 1677 3506 1748; baseline -0.003 -17"><span class='ocrx_word' id='word_1_304' title='bbox 1933 1692 2095 1748; x_wconf 86' lang='lat' dir='ltr'><strong>quam</strong></span> <span class='ocrx_word' id='word_1_305' title='bbox 2154 1677 2421 1734; x_wconf 83' lang='lat' dir='ltr'><strong>reddituri</strong></span> <span class='ocrx_word' id='word_1_306' title='bbox 2454 1678 2726 1735; x_wconf 90' lang='lat' dir='ltr'><strong>rationem</strong></span> <span class='ocrx_word' id='word_1_307' title='bbox 2764 1679 2899 1736; x_wconf 91' lang='lat' dir='ltr'><strong>Deo.</strong></span> <span class='ocrx_word' id='word_1_308' title='bbox 2958 1681 3076 1735; x_wconf 86' lang='lat' dir='ltr'><strong>Hoc</strong></span> <span class='ocrx_word' id='word_1_309' title='bbox 3123 1687 3306 1734; x_wconf 89' lang='lat' dir='ltr'><strong>autem</strong></span> <span class='ocrx_word' id='word_1_310' title='bbox 3339 1691 3506 1731; x_wconf 84' lang='lat' dir='ltr'><strong>unum</strong></span> 
     </span>
    </p>
   </div>
   <div class='ocr_carea' id='block_1_44' title="bbox 1934 1767 3508 1842">
    <p class='ocr_par' dir='ltr' id='par_1_44' title="bbox 1934 1767 3508 1842">
     <span class='ocr_line' id='line_1_44' title="bbox 1934 1767 3508 1842; baseline -0.002 -21"><span class='ocrx_word' id='word_1_311' title='bbox 1934 1767 2071 1830; x_wconf 90' lang='lat' dir='ltr'><strong>scio,</strong></span> <span class='ocrx_word' id='word_1_312' title='bbox 2122 1767 2259 1823; x_wconf 85' lang='lat' dir='ltr'><strong>nihil</strong></span> <span class='ocrx_word' id='word_1_313' title='bbox 2298 1784 2395 1824; x_wconf 89' lang='lat' dir='ltr'><strong>eos</strong></span> <span class='ocrx_word' id='word_1_314' title='bbox 2422 1768 2555 1824; x_wconf 89' lang='lat' dir='ltr'><strong>mihi</strong></span> <span class='ocrx_word' id='word_1_315' title='bbox 2600 1770 2839 1840; x_wconf 85' lang='lat' dir='ltr'><strong>amplius</strong></span> <span class='ocrx_word' id='word_1_316' title='bbox 2876 1770 2947 1827; x_wconf 91' lang='lat' dir='ltr'><strong>de</strong></span> <span class='ocrx_word' id='word_1_317' title='bbox 2974 1767 3363 1842; x_wconf 69' lang='lat' dir='ltr'><strong>praedicatione</strong></span> <span class='ocrx_word' id='word_1_318' title='bbox 3388 1780 3508 1819; x_wconf 73' lang='lat' dir='ltr'><strong>mea</strong></span> 
     </span>
    </p>
   </div>
   <div class='ocr_carea' id='block_1_45' title="bbox 1931 1858 3507 1933">
    <p class='ocr_par' dir='ltr' id='par_1_45' title="bbox 1931 1858 3507 1933">
     <span class='ocr_line' id='line_1_45' title="bbox 1931 1858 3507 1933; baseline -0.003 -19"><span class='ocrx_word' id='word_1_319' title='bbox 1931 1859 2224 1930; x_wconf 73' lang='lat' dir='ltr'><strong>obiecisse,</strong></span> <span class='ocrx_word' id='word_1_320' title='bbox 2262 1861 2486 1932; x_wconf 88' lang='lat' dir='ltr'><strong>quando</strong></span> <span class='ocrx_word' id='word_1_321' title='bbox 2515 1867 2670 1933; x_wconf 81' lang='lat' dir='ltr'><strong>ipsos</strong></span> <span class='ocrx_word' id='word_1_322' title='bbox 2700 1862 2956 1919; x_wconf 84' lang='lat' dir='ltr'><strong>conveni.</strong></span> <span class='ocrx_word' id='word_1_323' title='bbox 2990 1862 3159 1918; x_wconf 80' lang='lat' dir='ltr'><strong>Recte</strong></span> <span class='ocrx_word' id='word_1_324' title='bbox 3201 1858 3507 1920; x_wconf 84' lang='lat' dir='ltr'><strong>autemait,</strong></span> 
     </span>
    </p>
   </div>
   <div class='ocr_carea' id='block_1_46' title="bbox 1930 1950 3513 2026">
    <p class='ocr_par' dir='ltr' id='par_1_46' title="bbox 1930 1950 3513 2026">
     <span class='ocr_line' id='line_1_46' title="bbox 1930 1950 3513 2026; baseline -0.001 -20"><span class='ocrx_word' id='word_1_325' title='bbox 1930 1954 2111 2023; x_wconf 74' lang='lat' dir='ltr'><strong>quales</strong></span> <span class='ocrx_word' id='word_1_326' title='bbox 2142 1953 2362 2024; x_wconf 80' lang='lat' dir='ltr'><strong>fuerint,</strong></span> <span class='ocrx_word' id='word_1_327' title='bbox 2398 1970 2509 2010; x_wconf 94' lang='lat' dir='ltr'><strong>non</strong></span> <span class='ocrx_word' id='word_1_328' title='bbox 2548 1956 2740 2026; x_wconf 84' lang='lat' dir='ltr'><strong>quales</strong></span> <span class='ocrx_word' id='word_1_329' title='bbox 2787 1957 2921 2020; x_wconf 87' lang='lat' dir='ltr'><strong>sint,</strong></span> <span class='ocrx_word' id='word_1_330' title='bbox 2955 1963 3017 2011; x_wconf 91' lang='lat' dir='ltr'><strong>ut</strong></span> <span class='ocrx_word' id='word_1_331' title='bbox 3043 1952 3310 2011; x_wconf 90' lang='lat' dir='ltr'><strong>concedat</strong></span> <span class='ocrx_word' id='word_1_332' title='bbox 3345 1950 3513 2005; x_wconf 88' lang='lat' dir='ltr'><strong>initio</strong></span> 
     </span>
    </p>
   </div>
   <div class='ocr_carea' id='block_1_47' title="bbox 1930 2042 3510 2118">
    <p class='ocr_par' dir='ltr' id='par_1_47' title="bbox 1930 2042 3510 2118">
     <span class='ocr_line' id='line_1_47' title="bbox 1930 2042 3510 2118; baseline -0.004 -19"><span class='ocrx_word' id='word_1_333' title='bbox 1930 2044 2341 2114; x_wconf 63' lang='lat' dir='ltr'><strong>praedicationis</strong></span> <span class='ocrx_word' id='word_1_334' title='bbox 2386 2045 2665 2118; x_wconf 79' lang='lat' dir='ltr'><strong>Evangelii</strong></span> <span class='ocrx_word' id='word_1_335' title='bbox 2723 2045 2931 2103; x_wconf 77' lang='lat' dir='ltr'><strong>Judaeis</strong></span> <span class='ocrx_word' id='word_1_336' title='bbox 2989 2044 3201 2116; x_wconf 89' lang='lat' dir='ltr'><strong>aliquid</strong></span> <span class='ocrx_word' id='word_1_337' title='bbox 3235 2042 3510 2098; x_wconf 83' lang='lat' dir='ltr'><strong>indultum</strong></span> 
     </span>
    </p>
   </div>
   <div class='ocr_carea' id='block_1_48' title="bbox 1933 2136 2131 2193">
    <p class='ocr_par' dir='ltr' id='par_1_48' title="bbox 1933 2136 2131 2193">
     <span class='ocr_line' id='line_1_48' title="bbox 1933 2136 2131 2193; baseline 0.01 -3"><span class='ocrx_word' id='word_1_338' title='bbox 1933 2136 2131 2193; x_wconf 81' lang='lat' dir='ltr'><strong>fuisse.</strong></span> 
     </span>
    </p>
   </div>
   <div class='ocr_carea' id='block_1_49' title="bbox 2000 2226 2988 2298">
    <p class='ocr_par' dir='ltr' id='par_1_49' title="bbox 2000 2226 2988 2298">
     <span class='ocr_line' id='line_1_49' title="bbox 2000 2226 2988 2298; baseline 0.004 -17"><span class='ocrx_word' id='word_1_339' title='bbox 2000 2226 2146 2284; x_wconf 85' lang='lat' dir='ltr'><strong>Idem</strong></span> <span class='ocrx_word' id='word_1_340' title='bbox 2171 2235 2360 2298; x_wconf 88' lang='lat' dir='ltr'><strong>atque,</strong></span> <span class='ocrx_word' id='word_1_341' title='bbox 2390 2228 2672 2286; x_wconf 83' lang='lat' dir='ltr'><strong>adversati</strong></span> <span class='ocrx_word' id='word_1_342' title='bbox 2702 2244 2809 2284; x_wconf 90' lang='lat' dir='ltr'><strong>non</strong></span> <span class='ocrx_word' id='word_1_343' title='bbox 2839 2237 2988 2286; x_wconf 89' lang='lat' dir='ltr'><strong>sunt.</strong></span> 
     </span>
    </p>
   </div>
   <div class='ocr_carea' id='block_1_50' title="bbox 2000 2316 3510 2386">
    <p class='ocr_par' dir='ltr' id='par_1_50' title="bbox 2000 2316 3510 2386">
     <span class='ocr_line' id='line_1_50' title="bbox 2000 2316 3510 2386; baseline -0.005 -11"><span class='ocrx_word' id='word_1_344' title='bbox 2000 2319 2167 2378; x_wconf 76' lang='lat' dir='ltr'><strong>Vens.</strong></span> <span class='ocrx_word' id='word_1_345' title='bbox 2196 2321 2311 2378; x_wconf 87' lang='lat'><strong>7-9.</strong></span> <span class='ocrx_word' id='word_1_346' title='bbox 2368 2341 2388 2375; x_wconf 81' lang='grc' dir='ltr'><strong>ι</strong></span> <span class='ocrx_word' id='word_1_347' title='bbox 2428 2320 2536 2379; x_wconf 87' lang='lat' dir='ltr'><strong>Sed</strong></span> <span class='ocrx_word' id='word_1_348' title='bbox 2560 2338 2592 2379; x_wconf 90' lang='lat' dir='ltr'><strong>e</strong></span> <span class='ocrx_word' id='word_1_349' title='bbox 2628 2330 2821 2379; x_wconf 78' lang='lat' dir='ltr'><strong>contra</strong></span> <span class='ocrx_word' id='word_1_350' title='bbox 2868 2337 2995 2376; x_wconf 90' lang='lat' dir='ltr'><strong>cum</strong></span> <span class='ocrx_word' id='word_1_351' title='bbox 3035 2320 3327 2381; x_wconf 86' lang='lat' dir='ltr'><strong>vidissent,</strong></span> <span class='ocrx_word' id='word_1_352' title='bbox 3364 2316 3510 2386; x_wconf 84' lang='lat' dir='ltr'><strong>quod</strong></span> 
     </span>
    </p>
   </div>
   <div class='ocr_carea' id='block_1_51' title="bbox 1930 2410 3512 2485">
    <p class='ocr_par' dir='ltr' id='par_1_51' title="bbox 1930 2410 3512 2485">
     <span class='ocr_line' id='line_1_51' title="bbox 1930 2410 3512 2485; baseline -0.004 -17"><span class='ocrx_word' id='word_1_353' title='bbox 1930 2412 2199 2469; x_wconf 89' lang='lat' dir='ltr'><strong>creditum</strong></span> <span class='ocrx_word' id='word_1_354' title='bbox 2247 2424 2333 2470; x_wconf 88' lang='lat' dir='ltr'><strong>est</strong></span> <span class='ocrx_word' id='word_1_355' title='bbox 2379 2413 2515 2469; x_wconf 83' lang='lat' dir='ltr'><strong>mihi</strong></span> <span class='ocrx_word' id='word_1_356' title='bbox 2564 2414 2919 2485; x_wconf 84' lang='lat' dir='ltr'><strong>Evangelium</strong></span> <span class='ocrx_word' id='word_1_357' title='bbox 2970 2411 3226 2483; x_wconf 62' lang='lat' dir='ltr'><strong>praeputii</strong></span> <span class='ocrx_word' id='word_1_358' title='bbox 3279 2410 3425 2466; x_wconf 89' lang='lat' dir='ltr'><strong>sicut</strong></span> <span class='ocrx_word' id='word_1_359' title='bbox 3461 2418 3512 2461; x_wconf 81' lang='lat' dir='ltr'><strong>nt</strong></span> 
     </span>
    </p>
   </div>
   <div class='ocr_carea' id='block_1_52' title="bbox 1929 2500 3511 2577">
    <p class='ocr_par' dir='ltr' id='par_1_52' title="bbox 1929 2500 3511 2577">
     <span class='ocr_line' id='line_1_52' title="bbox 1929 2500 3511 2577; baseline -0.005 -18"><span class='ocrx_word' id='word_1_360' title='bbox 1929 2505 2374 2561; x_wconf 86' lang='lat' dir='ltr'><strong>circumcisionis</strong></span> <span class='ocrx_word' id='word_1_361' title='bbox 2424 2506 2539 2577; x_wconf 89' lang='lat' dir='ltr'><strong>(qui</strong></span> <span class='ocrx_word' id='word_1_362' title='bbox 2597 2507 2743 2562; x_wconf 89' lang='lat' dir='ltr'><strong>enim</strong></span> <span class='ocrx_word' id='word_1_363' title='bbox 2802 2514 3062 2577; x_wconf 88' lang='lat' dir='ltr'><strong>operatus</strong></span> <span class='ocrx_word' id='word_1_364' title='bbox 3116 2511 3203 2559; x_wconf 88' lang='lat' dir='ltr'><strong>est</strong></span> <span class='ocrx_word' id='word_1_365' title='bbox 3253 2500 3414 2557; x_wconf 85' lang='lat' dir='ltr'><strong>Petro</strong></span> <span class='ocrx_word' id='word_1_366' title='bbox 3458 2500 3511 2553; x_wconf 83' lang='lat' dir='ltr'><strong>in</strong></span> 
     </span>
    </p>
   </div>
   <div class='ocr_carea' id='block_1_53' title="bbox 1930 2591 3511 2668">
    <p class='ocr_par' dir='ltr' id='par_1_53' title="bbox 1930 2591 3511 2668">
     <span class='ocr_line' id='line_1_53' title="bbox 1930 2591 3511 2668; baseline -0.006 -18"><span class='ocrx_word' id='word_1_367' title='bbox 1930 2596 2298 2666; x_wconf 86' lang='lat' dir='ltr'><strong>apostolatum</strong></span> <span class='ocrx_word' id='word_1_368' title='bbox 2328 2597 2797 2662; x_wconf 83' lang='lat' dir='ltr'><strong>circumcisionis,</strong></span> <span class='ocrx_word' id='word_1_369' title='bbox 2829 2605 3089 2668; x_wconf 87' lang='lat' dir='ltr'><strong>operatus</strong></span> <span class='ocrx_word' id='word_1_370' title='bbox 3135 2603 3222 2650; x_wconf 89' lang='lat' dir='ltr'><strong>est</strong></span> <span class='ocrx_word' id='word_1_371' title='bbox 3269 2601 3323 2647; x_wconf 89' lang='lat' dir='ltr'><strong>et</strong></span> <span class='ocrx_word' id='word_1_372' title='bbox 3381 2591 3511 2644; x_wconf 78' lang='lat' dir='ltr'><strong>mihi</strong></span> 
     </span>
    </p>
   </div>
   <div class='ocr_carea' id='block_1_54' title="bbox 1929 2684 3514 2761">
    <p class='ocr_par' dir='ltr' id='par_1_54' title="bbox 1929 2684 3514 2761">
     <span class='ocr_line' id='line_1_54' title="bbox 1929 2684 3514 2761; baseline -0.003 -18"><span class='ocrx_word' id='word_1_373' title='bbox 1929 2688 2076 2744; x_wconf 90' lang='lat' dir='ltr'><strong>inter</strong></span> <span class='ocrx_word' id='word_1_374' title='bbox 2119 2689 2368 2760; x_wconf 82' lang='lat' dir='ltr'><strong>gentes),</strong></span> <span class='ocrx_word' id='word_1_375' title='bbox 2406 2698 2462 2745; x_wconf 91' lang='lat' dir='ltr'><strong>et</strong></span> <span class='ocrx_word' id='word_1_376' title='bbox 2508 2705 2633 2746; x_wconf 92' lang='lat' dir='ltr'><strong>cum</strong></span> <span class='ocrx_word' id='word_1_377' title='bbox 2689 2690 3079 2761; x_wconf 78' lang='lat' dir='ltr'><strong>cognovissent</strong></span> <span class='ocrx_word' id='word_1_378' title='bbox 3131 2684 3360 2756; x_wconf 77' lang='lat' dir='ltr'><strong>gratiam</strong></span> <span class='ocrx_word' id='word_1_379' title='bbox 3393 2698 3514 2753; x_wconf 44' lang='lat' dir='ltr'><strong>quae</strong></span> 
     </span>
    </p>
   </div>
   <div class='ocr_carea' id='block_1_55' title="bbox 1930 2772 3515 2852">
    <p class='ocr_par' dir='ltr' id='par_1_55' title="bbox 1930 2772 3515 2852">
     <span class='ocr_line' id='line_1_55' title="bbox 1930 2772 3515 2852; baseline -0.006 -16"><span class='ocrx_word' id='word_1_380' title='bbox 1930 2779 2056 2836; x_wconf 89' lang='lat' dir='ltr'><strong>dala</strong></span> <span class='ocrx_word' id='word_1_381' title='bbox 2091 2788 2177 2835; x_wconf 91' lang='lat' dir='ltr'><strong>est</strong></span> <span class='ocrx_word' id='word_1_382' title='bbox 2204 2780 2363 2844; x_wconf 89' lang='lat' dir='ltr'><strong>mihi,</strong></span> <span class='ocrx_word' id='word_1_383' title='bbox 2391 2779 2658 2845; x_wconf 80' lang='lat' dir='ltr'><strong>Jacobus,</strong></span> <span class='ocrx_word' id='word_1_384' title='bbox 2682 2792 2736 2837; x_wconf 91' lang='lat' dir='ltr'><strong>et</strong></span> <span class='ocrx_word' id='word_1_385' title='bbox 2769 2781 3005 2852; x_wconf 87' lang='lat' dir='ltr'><strong>Cephas,</strong></span> <span class='ocrx_word' id='word_1_386' title='bbox 3035 2786 3091 2834; x_wconf 88' lang='lat' dir='ltr'><strong>et</strong></span> <span class='ocrx_word' id='word_1_387' title='bbox 3119 2776 3380 2839; x_wconf 83' lang='lat' dir='ltr'><strong>Joannes,</strong></span> <span class='ocrx_word' id='word_1_388' title='bbox 3421 2772 3515 2843; x_wconf 84' lang='lat' dir='ltr'><strong>qui</strong></span> 
     </span>
    </p>
   </div>
   <div class='ocr_carea' id='block_1_56' title="bbox 1929 2864 3514 2937">
    <p class='ocr_par' dir='ltr' id='par_1_56' title="bbox 1929 2864 3514 2937">
     <span class='ocr_line' id='line_1_56' title="bbox 1929 2864 3514 2937; baseline -0.006 -11"><span class='ocrx_word' id='word_1_389' title='bbox 1929 2871 2261 2927; x_wconf 86' lang='lat' dir='ltr'><strong>videbantur</strong></span> <span class='ocrx_word' id='word_1_390' title='bbox 2300 2873 2571 2928; x_wconf 62' lang='lat' dir='ltr'><strong>columna!</strong></span> <span class='ocrx_word' id='word_1_391' title='bbox 2601 2888 2749 2937; x_wconf 86' lang='lat' dir='ltr'><strong>esse,</strong></span> <span class='ocrx_word' id='word_1_392' title='bbox 2794 2873 3021 2928; x_wconf 79' lang='lat' dir='ltr'><strong>dextras</strong></span> <span class='ocrx_word' id='word_1_393' title='bbox 3072 2868 3342 2924; x_wconf 89' lang='lat' dir='ltr'><strong>dederunt</strong></span> <span class='ocrx_word' id='word_1_394' title='bbox 3381 2864 3514 2919; x_wconf 90' lang='lat' dir='ltr'><strong>mihi</strong></span> 
     </span>
    </p>
   </div>
   <div class='ocr_carea' id='block_1_57' title="bbox 1931 2960 3511 3035">
    <p class='ocr_par' dir='ltr' id='par_1_57' title="bbox 1931 2960 3511 3035">
     <span class='ocr_line' id='line_1_57' title="bbox 1931 2960 3511 3035; baseline -0.007 -14"><span class='ocrx_word' id='word_1_395' title='bbox 1931 2972 1988 3021; x_wconf 90' lang='lat' dir='ltr'><strong>et</strong></span> <span class='ocrx_word' id='word_1_396' title='bbox 2027 2964 2297 3021; x_wconf 76' lang='lat' dir='ltr'><strong>Barnabas</strong></span> <span class='ocrx_word' id='word_1_397' title='bbox 2327 2966 2652 3022; x_wconf 88' lang='lat' dir='ltr'><strong>societatis:</strong></span> <span class='ocrx_word' id='word_1_398' title='bbox 2687 2972 2747 3020; x_wconf 89' lang='lat' dir='ltr'><strong>ut</strong></span> <span class='ocrx_word' id='word_1_399' title='bbox 2781 2972 2886 3021; x_wconf 84' lang='lat' dir='ltr'><strong>nos</strong></span> <span class='ocrx_word' id='word_1_400' title='bbox 2914 2962 3137 3035; x_wconf 88' lang='lat' dir='ltr'><strong>quidem</strong></span> <span class='ocrx_word' id='word_1_401' title='bbox 3185 2960 3237 3015; x_wconf 93' lang='lat' dir='ltr'><strong>in</strong></span> <span class='ocrx_word' id='word_1_402' title='bbox 3287 2965 3511 3030; x_wconf 81' lang='lat' dir='ltr'><strong>gentes;</strong></span> 
     </span>
    </p>
   </div>
   <div class='ocr_carea' id='block_1_58' title="bbox 1931 3055 2930 3126">
    <p class='ocr_par' dir='ltr' id='par_1_58' title="bbox 1931 3055 2930 3126">
     <span class='ocr_line' id='line_1_58' title="bbox 1931 3055 2930 3126; baseline -0.002 -17"><span class='ocrx_word' id='word_1_403' title='bbox 1931 3055 2034 3126; x_wconf 87' lang='lat' dir='ltr'><strong>ipsi</strong></span> <span class='ocrx_word' id='word_1_404' title='bbox 2063 3064 2244 3110; x_wconf 88' lang='lat' dir='ltr'><strong>autem</strong></span> <span class='ocrx_word' id='word_1_405' title='bbox 2286 3056 2340 3110; x_wconf 91' lang='lat' dir='ltr'><strong>in</strong></span> <span class='ocrx_word' id='word_1_406' title='bbox 2375 3057 2884 3112; x_wconf 83' lang='lat' dir='ltr'><strong>circumcisionem.</strong></span> <span class='ocrx_word' id='word_1_407' title='bbox 2911 3074 2930 3106; x_wconf 74' lang='grc' dir='ltr'><strong>ι</strong></span> 
     </span>
    </p>
   </div>
   <div class='ocr_carea' id='block_1_59' title="bbox 329 3144 1832 3239">
    <p class='ocr_par' dir='ltr' id='par_1_59' title="bbox 329 3150 1822 3239">
     <span class='ocr_line' id='line_1_59' title="bbox 329 3150 1822 3239; baseline 0.017 -36"><span class='ocrx_word' id='word_1_408' title='bbox 329 3150 442 3222; x_wconf 82' lang='grc' dir='ltr'>Τῷ,</span> <span class='ocrx_word' id='word_1_409' title='bbox 473 3153 635 3208; x_wconf 72' lang='grc' dir='ltr'><em>ἀλλὰ</em></span> <span class='ocrx_word' id='word_1_410' title='bbox 683 3158 1040 3216; x_wconf 83' lang='grc' dir='ltr'>τούναντίον</span> <span class='ocrx_word' id='word_1_411' title='bbox 1095 3162 1345 3233; x_wconf 82' lang='grc' dir='ltr'>ίδόντες,</span> <span class='ocrx_word' id='word_1_412' title='bbox 1405 3170 1701 3226; x_wconf 84' lang='grc' dir='ltr'>συναπτέον</span> <span class='ocrx_word' id='word_1_413' title='bbox 1725 3174 1785 3228; x_wconf 77' lang='grc' dir='ltr'>τὸ</span> <span class='ocrx_word' id='word_1_414' title='bbox 1808 3215 1822 3239; x_wconf 91' lang='grc'><strong>,</strong></span> 
     </span>
    </p>
   </div>
   <div class='ocr_carea' id='block_1_60' title="bbox 1936 3144 3515 3239">
    <p class='ocr_par' dir='ltr' id='par_1_60' title="bbox 2006 3144 3515 3213">
     <span class='ocr_line' id='line_1_60' title="bbox 2006 3144 3515 3213; baseline -0.005 -12"><span class='ocrx_word' id='word_1_415' title='bbox 2006 3147 2142 3203; x_wconf 87' lang='lat' dir='ltr'><strong>Huic</strong></span> <span class='ocrx_word' id='word_1_416' title='bbox 2191 3150 2472 3213; x_wconf 87' lang='lat' dir='ltr'><strong>commati,</strong></span> <span class='ocrx_word' id='word_1_417' title='bbox 2521 3150 2611 3204; x_wconf 85' lang='lat' dir='ltr'><strong>sed</strong></span> <span class='ocrx_word' id='word_1_418' title='bbox 2642 3167 2669 3203; x_wconf 78' lang='grc' dir='ltr'><strong>ε</strong></span> <span class='ocrx_word' id='word_1_419' title='bbox 2698 3158 2882 3203; x_wconf 83' lang='lat' dir='ltr'><strong>contra</strong></span> <span class='ocrx_word' id='word_1_420' title='bbox 2913 3164 3028 3201; x_wconf 84' lang='lat' dir='ltr'><strong>cum</strong></span> <span class='ocrx_word' id='word_1_421' title='bbox 3077 3146 3350 3206; x_wconf 77' lang='lat' dir='ltr'><strong>vidissent,</strong></span> <span class='ocrx_word' id='word_1_422' title='bbox 3388 3144 3515 3208; x_wconf 81' lang='lat' dir='ltr'><strong>jun-</strong></span> 
     </span>
    </p>
   </div>
   <div class='ocr_carea' id='block_1_61' title="bbox 249 3235 1832 3329">
    <p class='ocr_par' dir='ltr' id='par_1_61' title="bbox 249 3235 1830 3329">
     <span class='ocr_line' id='line_1_61' title="bbox 249 3235 1830 3329; baseline 0.016 -35"><span class='ocrx_word' id='word_1_423' title='bbox 249 3240 464 3308; x_wconf 79' lang='grc' dir='ltr'>δεξιὰς</span> <span class='ocrx_word' id='word_1_424' title='bbox 501 3244 731 3301; x_wconf 76' lang='grc' dir='ltr'>ἔδωκαν</span> <span class='ocrx_word' id='word_1_425' title='bbox 757 3247 887 3319; x_wconf 76' lang='grc' dir='ltr'>ἐμοὶ</span> <span class='ocrx_word' id='word_1_426' title='bbox 912 3251 1012 3305; x_wconf 79' lang='grc' dir='ltr'>καὶ</span> <span class='ocrx_word' id='word_1_427' title='bbox 1039 3254 1333 3323; x_wconf 79' lang='grc' dir='ltr'>Βαρνάϐᾳ.</span> <span class='ocrx_word' id='word_1_428' title='bbox 1368 3259 1529 3329; x_wconf 83' lang='grc' dir='ltr'>Λέγει</span> <span class='ocrx_word' id='word_1_429' title='bbox 1559 3262 1616 3316; x_wconf 77' lang='grc' dir='ltr'>δὲ</span> <span class='ocrx_word' id='word_1_430' title='bbox 1640 3263 1710 3318; x_wconf 80' lang='grc' dir='ltr'><strong>τά</strong></span> <span class='ocrx_word' id='word_1_431' title='bbox 1741 3235 1830 3321; x_wconf 79' lang='grc' dir='ltr'><strong>διά</strong></span> 
     </span>
    </p>
   </div>
   <div class='ocr_carea' id='block_1_62' title="bbox 1936 3235 3517 3329">
    <p class='ocr_par' dir='ltr' id='par_1_62' title="bbox 1936 3235 3517 3311">
     <span class='ocr_line' id='line_1_62' title="bbox 1936 3235 3517 3311; baseline -0.006 -15"><span class='ocrx_word' id='word_1_432' title='bbox 1936 3241 2169 3311; x_wconf 83' lang='lat' dir='ltr'><strong>gendum</strong></span> <span class='ocrx_word' id='word_1_433' title='bbox 2203 3242 2350 3297; x_wconf 86' lang='lat' dir='ltr'><strong>istud</strong></span> <span class='ocrx_word' id='word_1_434' title='bbox 2378 3252 2481 3307; x_wconf 90' lang='lat' dir='ltr'><strong>est,</strong></span> <span class='ocrx_word' id='word_1_435' title='bbox 2518 3242 2734 3296; x_wconf 79' lang='lat' dir='ltr'><strong>dextras</strong></span> <span class='ocrx_word' id='word_1_436' title='bbox 2761 3241 3016 3295; x_wconf 87' lang='lat' dir='ltr'><strong>dederunt</strong></span> <span class='ocrx_word' id='word_1_437' title='bbox 3038 3239 3167 3293; x_wconf 77' lang='lat' dir='ltr'><strong>mihi</strong></span> <span class='ocrx_word' id='word_1_438' title='bbox 3186 3247 3236 3292; x_wconf 88' lang='lat' dir='ltr'><strong><em>et</em></strong></span> <span class='ocrx_word' id='word_1_439' title='bbox 3254 3235 3517 3291; x_wconf 68' lang='lat' dir='ltr'><strong>Barnabas</strong></span> 
     </span>
    </p>
   </div>
   <div class='ocr_carea' id='block_1_63' title="bbox 252 3333 1832 3420">
    <p class='ocr_par' dir='ltr' id='par_1_63' title="bbox 252 3333 1832 3420">
     <span class='ocr_line' id='line_1_63' title="bbox 252 3333 1832 3420; baseline 0.015 -34"><span class='ocrx_word' id='word_1_440' title='bbox 252 3333 453 3404; x_wconf 79' lang='grc' dir='ltr'>μέσου,</span> <span class='ocrx_word' id='word_1_441' title='bbox 490 3336 656 3390; x_wconf 80' lang='grc' dir='ltr'>πάλιν</span> <span class='ocrx_word' id='word_1_442' title='bbox 675 3339 911 3408; x_wconf 78' lang='grc' dir='ltr'>δεικνὺς,</span> <span class='ocrx_word' id='word_1_443' title='bbox 943 3342 1021 3406; x_wconf 86' lang='grc' dir='ltr'>ὡς</span> <span class='ocrx_word' id='word_1_444' title='bbox 1048 3344 1109 3397; x_wconf 84' lang='grc' dir='ltr'><strong>ού</strong></span> <span class='ocrx_word' id='word_1_445' title='bbox 1142 3346 1295 3418; x_wconf 88' lang='grc' dir='ltr'><strong>παρά</strong></span> <span class='ocrx_word' id='word_1_446' title='bbox 1323 3348 1629 3420; x_wconf 79' lang='grc' dir='ltr'>ἀνθρώπων</span> <span class='ocrx_word' id='word_1_447' title='bbox 1660 3358 1744 3420; x_wconf 83' lang='grc' dir='ltr'><strong>είς</strong></span> <span class='ocrx_word' id='word_1_448' title='bbox 1771 3358 1832 3410; x_wconf 88' lang='grc' dir='ltr'>τὸ</span> 
     </span>
    </p>
   </div>
   <div class='ocr_carea' id='block_1_64' title="bbox 247 3424 1833 3517">
    <p class='ocr_par' dir='ltr' id='par_1_64' title="bbox 247 3424 1833 3517">
     <span class='ocr_line' id='line_1_64' title="bbox 247 3424 1833 3517; baseline 0.016 -42"><span class='ocrx_word' id='word_1_449' title='bbox 247 3424 556 3517; x_wconf 52' lang='grc' dir='ltr'>κηρύσσειν</span> <span class='ocrx_word' id='word_1_450' title='bbox 578 3431 690 3492; x_wconf 82' lang='grc' dir='ltr'>τοῖς</span> <span class='ocrx_word' id='word_1_451' title='bbox 718 3428 899 3486; x_wconf 78' lang='grc' dir='ltr'>ἔθνεσι</span> <span class='ocrx_word' id='word_1_452' title='bbox 931 3437 1397 3510; x_wconf 81' lang='grc' dir='ltr'>κεχειροτόνηται,</span> <span class='ocrx_word' id='word_1_453' title='bbox 1427 3441 1562 3510; x_wconf 84' lang='grc' dir='ltr'>ὅπερ</span> <span class='ocrx_word' id='word_1_454' title='bbox 1581 3446 1628 3497; x_wconf 81' lang='grc' dir='ltr'>οἱ</span> <span class='ocrx_word' id='word_1_455' title='bbox 1648 3446 1833 3517; x_wconf 82' lang='grc' dir='ltr'>ὲχθροὶ</span> 
     </span>
    </p>
   </div>
   <div class='ocr_carea' id='block_1_65' title="bbox 247 3514 817 3591">
    <p class='ocr_par' dir='ltr' id='par_1_65' title="bbox 247 3514 817 3591">
     <span class='ocr_line' id='line_1_65' title="bbox 247 3514 817 3591; baseline 0.018 -22"><span class='ocrx_word' id='word_1_456' title='bbox 247 3514 445 3586; x_wconf 70' lang='grc' dir='ltr'>ελεγον</span> <span class='ocrx_word' id='word_1_457' title='bbox 470 3519 601 3591; x_wconf 78' lang='grc' dir='ltr'>περὶ</span> <span class='ocrx_word' id='word_1_458' title='bbox 628 3521 817 3580; x_wconf 74' lang='grc' dir='ltr'>αὐτοῦ.</span> 
     </span>
    </p>
   </div>
   <div class='ocr_carea' id='block_1_66' title="bbox 331 3699 1835 3786">
    <p class='ocr_par' dir='ltr' id='par_1_66' title="bbox 331 3699 1835 3786">
     <span class='ocr_line' id='line_1_66' title="bbox 331 3699 1835 3786; baseline 0.016 -36"><span class='ocrx_word' id='word_1_459' title='bbox 331 3714 352 3750; x_wconf 79' lang='grc' dir='ltr'><strong>ι</strong></span> <span class='ocrx_word' id='word_1_460' title='bbox 395 3699 574 3754; x_wconf 83' lang='grc' dir='ltr'>Μόνον</span> <span class='ocrx_word' id='word_1_461' title='bbox 606 3702 714 3756; x_wconf 86' lang='grc' dir='ltr'><strong>τῶν</strong></span> <span class='ocrx_word' id='word_1_462' title='bbox 760 3705 994 3783; x_wconf 81' lang='grc' dir='ltr'>πτωχῶν</span> <span class='ocrx_word' id='word_1_463' title='bbox 1042 3708 1133 3764; x_wconf 59' lang='grc' dir='ltr'>ἵνα</span> <span class='ocrx_word' id='word_1_464' title='bbox 1189 3714 1640 3786; x_wconf 83' lang='grc' dir='ltr'>μνημονεύωμεν,</span> <span class='ocrx_word' id='word_1_465' title='bbox 1677 3718 1705 3771; x_wconf 85' lang='grc' dir='ltr'>ὃ</span> <span class='ocrx_word' id='word_1_466' title='bbox 1742 3722 1835 3775; x_wconf 77' lang='grc' dir='ltr'>καὶ</span> 
     </span>
    </p>
   </div>
   <div class='ocr_carea' id='block_1_67' title="bbox 246 3789 1242 3871">
    <p class='ocr_par' dir='ltr' id='par_1_67' title="bbox 246 3789 1242 3871">
     <span class='ocr_line' id='line_1_67' title="bbox 246 3789 1242 3871; baseline 0.014 -30"><span class='ocrx_word' id='word_1_467' title='bbox 246 3789 571 3845; x_wconf 71' lang='grc' dir='ltr'>ἐσπούδασα</span> <span class='ocrx_word' id='word_1_468' title='bbox 600 3794 732 3849; x_wconf 84' lang='grc' dir='ltr'>αὐτὸ</span> <span class='ocrx_word' id='word_1_469' title='bbox 760 3796 919 3851; x_wconf 84' lang='grc' dir='ltr'>τοῦτο</span> <span class='ocrx_word' id='word_1_470' title='bbox 948 3800 1193 3871; x_wconf 83' lang='grc' dir='ltr'>ποιῆσαι.</span> <span class='ocrx_word' id='word_1_471' title='bbox 1222 3821 1242 3855; x_wconf 76' lang='grc' dir='ltr'><strong>ι</strong></span> 
     </span>
    </p>
   </div>
   <div class='ocr_carea' id='block_1_68' title="bbox 324 3963 1835 4045">
    <p class='ocr_par' dir='ltr' id='par_1_68' title="bbox 324 3963 1835 4045">
     <span class='ocr_line' id='line_1_68' title="bbox 324 3963 1835 4045; baseline 0.013 -31"><span class='ocrx_word' id='word_1_472' title='bbox 324 3963 393 4015; x_wconf 78' lang='lat' dir='ltr'><strong>Ai</strong></span> <span class='ocrx_word' id='word_1_473' title='bbox 432 3963 718 4033; x_wconf 84' lang='grc' dir='ltr'>συνθῆκαι,</span> <span class='ocrx_word' id='word_1_474' title='bbox 765 3969 920 4039; x_wconf 79' lang='grc' dir='ltr'>φησὶ,</span> <span class='ocrx_word' id='word_1_475' title='bbox 955 3970 1201 4027; x_wconf 80' lang='grc' dir='ltr'>τοιαῦται</span> <span class='ocrx_word' id='word_1_476' title='bbox 1233 3976 1513 4045; x_wconf 86' lang='grc' dir='ltr'>γεγόνασι,</span> <span class='ocrx_word' id='word_1_477' title='bbox 1551 3978 1693 4033; x_wconf 82' lang='grc' dir='ltr'>ὥστε</span> <span class='ocrx_word' id='word_1_478' title='bbox 1740 3981 1835 4037; x_wconf 77' lang='grc' dir='ltr'>καὶ</span> 
     </span>
    </p>
   </div>
   <div class='ocr_carea' id='block_1_69' title="bbox 247 4242 1836 4327">
    <p class='ocr_par' dir='ltr' id='par_1_69' title="bbox 247 4242 1836 4327">
     <span class='ocr_line' id='line_1_69' title="bbox 247 4242 1836 4327; baseline 0.013 -35"><span class='ocrx_word' id='word_1_479' title='bbox 247 4242 513 4311; x_wconf 82' lang='grc' dir='ltr'>πενήτων</span> <span class='ocrx_word' id='word_1_480' title='bbox 569 4246 813 4315; x_wconf 86' lang='grc' dir='ltr'>φροντίς.</span> <span class='ocrx_word' id='word_1_481' title='bbox 868 4248 1031 4304; x_wconf 76' lang='grc' dir='ltr'>Οὗτοι</span> <span class='ocrx_word' id='word_1_482' title='bbox 1058 4251 1117 4305; x_wconf 64' lang='grc' dir='ltr'>δὲ</span> <span class='ocrx_word' id='word_1_483' title='bbox 1144 4248 1284 4325; x_wconf 80' lang='grc' dir='ltr'>ἦσαν</span> <span class='ocrx_word' id='word_1_484' title='bbox 1312 4256 1361 4307; x_wconf 82' lang='grc' dir='ltr'>οἱ</span> <span class='ocrx_word' id='word_1_485' title='bbox 1403 4256 1636 4327; x_wconf 84' lang='grc' dir='ltr'>πένητες</span> <span class='ocrx_word' id='word_1_486' title='bbox 1656 4298 1670 4323; x_wconf 91' lang='grc'><strong>,</strong></span> <span class='ocrx_word' id='word_1_487' title='bbox 1693 4262 1739 4312; x_wconf 84' lang='grc' dir='ltr'>οἱ</span> <span class='ocrx_word' id='word_1_488' title='bbox 1776 4260 1836 4326; x_wconf 78' lang='grc' dir='ltr'><strong>ἐξ</strong></span> 
     </span>
    </p>
   </div>
   <div class='ocr_carea' id='block_1_70' title="bbox 263 4330 1834 4415">
    <p class='ocr_par' dir='ltr' id='par_1_70' title="bbox 263 4330 1834 4415">
     <span class='ocr_line' id='line_1_70' title="bbox 263 4330 1834 4415; baseline 0.013 -30"><span class='ocrx_word' id='word_1_489' title='bbox 263 4330 545 4388; x_wconf 82' lang='grc' dir='ltr'>Ἰουδαίων</span> <span class='ocrx_word' id='word_1_490' title='bbox 567 4338 957 4406; x_wconf 83' lang='grc' dir='ltr'>πιστεύσαντες</span> <span class='ocrx_word' id='word_1_491' title='bbox 972 4342 1053 4407; x_wconf 76' lang='grc' dir='ltr'><strong>εἰς</strong></span> <span class='ocrx_word' id='word_1_492' title='bbox 1083 4344 1339 4415; x_wconf 78' lang='grc' dir='ltr'>Χριστὸν,</span> <span class='ocrx_word' id='word_1_493' title='bbox 1365 4347 1416 4400; x_wconf 81' lang='grc' dir='ltr'>οἳ</span> <span class='ocrx_word' id='word_1_494' title='bbox 1443 4349 1665 4403; x_wconf 73' lang='grc' dir='ltr'>καὶτῶν</span> <span class='ocrx_word' id='word_1_495' title='bbox 1690 4351 1834 4405; x_wconf 82' lang='grc' dir='ltr'>ἰδίων</span> 
     </span>
    </p>
   </div>
   <div class='ocr_carea' id='block_1_71' title="bbox 249 4422 1838 4511">
    <p class='ocr_par' dir='ltr' id='par_1_71' title="bbox 249 4422 1838 4511">
     <span class='ocr_line' id='line_1_71' title="bbox 249 4422 1838 4511; baseline 0.014 -36"><span class='ocrx_word' id='word_1_496' title='bbox 249 4422 425 4477; x_wconf 74' lang='grc' dir='ltr'>οἴκων</span> <span class='ocrx_word' id='word_1_497' title='bbox 472 4426 578 4481; x_wconf 80' lang='grc' dir='ltr'><strong>ὑπὸ</strong></span> <span class='ocrx_word' id='word_1_498' title='bbox 632 4430 744 4485; x_wconf 83' lang='grc' dir='ltr'>τῶν</span> <span class='ocrx_word' id='word_1_499' title='bbox 785 4432 1057 4488; x_wconf 80' lang='grc' dir='ltr'>Ἰουδαίων</span> <span class='ocrx_word' id='word_1_500' title='bbox 1102 4437 1592 4511; x_wconf 85' lang='grc' dir='ltr'>ἀπεστερήθησαν·</span> <span class='ocrx_word' id='word_1_501' title='bbox 1624 4444 1719 4496; x_wconf 73' lang='grc' dir='ltr'><strong>καὶ</strong></span> <span class='ocrx_word' id='word_1_502' title='bbox 1747 4438 1838 4497; x_wconf 72' lang='grc' dir='ltr'>οὗ-</span> 
     </span>
    </p>
   </div>
   <div class='ocr_carea' id='block_1_72' title="bbox 1937 3328 3517 3402">
    <p class='ocr_par' dir='ltr' id='par_1_72' title="bbox 1937 3328 3517 3402">
     <span class='ocr_line' id='line_1_72' title="bbox 1937 3328 3517 3402; baseline -0.006 -15"><span class='ocrx_word' id='word_1_503' title='bbox 1937 3333 2227 3388; x_wconf 80' lang='lat' dir='ltr'><strong>societatis.</strong></span> <span class='ocrx_word' id='word_1_504' title='bbox 2279 3334 2410 3399; x_wconf 81' lang='lat' dir='ltr'><strong>Quae</strong></span> <span class='ocrx_word' id='word_1_505' title='bbox 2470 3348 2599 3387; x_wconf 85' lang='lat' dir='ltr'><strong>vero</strong></span> <span class='ocrx_word' id='word_1_506' title='bbox 2647 3332 2937 3402; x_wconf 81' lang='lat' dir='ltr'><strong>interjeeta</strong></span> <span class='ocrx_word' id='word_1_507' title='bbox 2994 3341 3157 3395; x_wconf 90' lang='lat' dir='ltr'><strong>sunt,</strong></span> <span class='ocrx_word' id='word_1_508' title='bbox 3216 3328 3517 3383; x_wconf 84' lang='lat' dir='ltr'><strong>ostendunt</strong></span> 
     </span>
    </p>
   </div>
   <div class='ocr_carea' id='block_1_73' title="bbox 1937 3420 3518 3492">
    <p class='ocr_par' dir='ltr' id='par_1_73' title="bbox 1937 3420 3518 3492">
     <span class='ocr_line' id='line_1_73' title="bbox 1937 3420 3518 3492; baseline -0.008 -10"><span class='ocrx_word' id='word_1_509' title='bbox 1937 3442 2064 3482; x_wconf 88' lang='lat' dir='ltr'><strong>eum</strong></span> <span class='ocrx_word' id='word_1_510' title='bbox 2095 3442 2204 3481; x_wconf 91' lang='lat' dir='ltr'><strong>non</strong></span> <span class='ocrx_word' id='word_1_511' title='bbox 2234 3426 2302 3480; x_wconf 91' lang='lat' dir='ltr'><strong>ab</strong></span> <span class='ocrx_word' id='word_1_512' title='bbox 2342 3426 2656 3481; x_wconf 87' lang='lat' dir='ltr'><strong>hominibus</strong></span> <span class='ocrx_word' id='word_1_513' title='bbox 2704 3426 3015 3481; x_wconf 89' lang='lat' dir='ltr'><strong>ordinatum</strong></span> <span class='ocrx_word' id='word_1_514' title='bbox 3059 3438 3181 3479; x_wconf 88' lang='lat' dir='ltr'><strong>esse</strong></span> <span class='ocrx_word' id='word_1_515' title='bbox 3214 3430 3276 3477; x_wconf 90' lang='lat' dir='ltr'><strong>ut</strong></span> <span class='ocrx_word' id='word_1_516' title='bbox 3321 3420 3518 3492; x_wconf 12' lang='lat' dir='ltr'><strong>praedis</strong></span> 
     </span>
    </p>
   </div>
   <div class='ocr_carea' id='block_1_74' title="bbox 1939 3514 3519 3589">
    <p class='ocr_par' dir='ltr' id='par_1_74' title="bbox 1939 3514 3519 3589">
     <span class='ocr_line' id='line_1_74' title="bbox 1939 3514 3519 3589; baseline -0.005 -18"><span class='ocrx_word' id='word_1_517' title='bbox 1939 3529 2091 3572; x_wconf 87' lang='lat' dir='ltr'><strong>caret</strong></span> <span class='ocrx_word' id='word_1_518' title='bbox 2122 3519 2381 3589; x_wconf 85' lang='lat' dir='ltr'><strong>gentibus</strong></span> <span class='ocrx_word' id='word_1_519' title='bbox 2414 3536 2428 3572; x_wconf 87' lang='lat'><strong>:</strong></span> <span class='ocrx_word' id='word_1_520' title='bbox 2471 3518 2526 3573; x_wconf 92' lang='lat' dir='ltr'><strong>id</strong></span> <span class='ocrx_word' id='word_1_521' title='bbox 2558 3518 2704 3589; x_wconf 88' lang='lat' dir='ltr'><strong>quod</strong></span> <span class='ocrx_word' id='word_1_522' title='bbox 2738 3519 2806 3573; x_wconf 90' lang='lat' dir='ltr'><strong>de</strong></span> <span class='ocrx_word' id='word_1_523' title='bbox 2849 3518 2968 3587; x_wconf 89' lang='lat' dir='ltr'><strong>ipso</strong></span> <span class='ocrx_word' id='word_1_524' title='bbox 3006 3514 3307 3571; x_wconf 86' lang='lat' dir='ltr'><strong>adversarii</strong></span> <span class='ocrx_word' id='word_1_525' title='bbox 3361 3527 3519 3583; x_wconf 76' lang='lat' dir='ltr'><strong>spar-</strong></span> 
     </span>
    </p>
   </div>
   <div class='ocr_carea' id='block_1_75' title="bbox 1942 3610 2161 3680">
    <p class='ocr_par' dir='ltr' id='par_1_75' title="bbox 1942 3610 2161 3680">
     <span class='ocr_line' id='line_1_75' title="bbox 1942 3610 2161 3680; baseline -0.005 -16"><span class='ocrx_word' id='word_1_526' title='bbox 1942 3610 2161 3680; x_wconf 84' lang='lat' dir='ltr'><strong>gebaut.</strong></span> 
     </span>
    </p>
   </div>
   <div class='ocr_carea' id='block_1_76' title="bbox 2016 3700 3525 3772">
    <p class='ocr_par' dir='ltr' id='par_1_76' title="bbox 2016 3700 3525 3772">
     <span class='ocr_line' id='line_1_76' title="bbox 2016 3700 3525 3772; baseline -0.008 -14"><span class='ocrx_word' id='word_1_527' title='bbox 2016 3702 2169 3772; x_wconf 78' lang='lat'><strong>161</strong></span> <span class='ocrx_word' id='word_1_528' title='bbox 2204 3700 2369 3757; x_wconf 73' lang='lat' dir='ltr'><strong>Vens.</strong></span> <span class='ocrx_word' id='word_1_529' title='bbox 2418 3704 2507 3757; x_wconf 84' lang='grc'><strong>10.</strong></span> <span class='ocrx_word' id='word_1_530' title='bbox 2544 3721 2562 3754; x_wconf 77' lang='grc' dir='ltr'><strong>ι</strong></span> <span class='ocrx_word' id='word_1_531' title='bbox 2594 3700 2829 3757; x_wconf 85' lang='lat' dir='ltr'><strong>Tantum</strong></span> <span class='ocrx_word' id='word_1_532' title='bbox 2876 3709 2936 3756; x_wconf 89' lang='lat' dir='ltr'><strong>ut</strong></span> <span class='ocrx_word' id='word_1_533' title='bbox 2975 3714 3277 3771; x_wconf 88' lang='lat' dir='ltr'><strong>pauperum</strong></span> <span class='ocrx_word' id='word_1_534' title='bbox 3310 3712 3525 3752; x_wconf 72' lang='lat' dir='ltr'><strong>memo-</strong></span> 
     </span>
    </p>
   </div>
   <div class='ocr_carea' id='block_1_77' title="bbox 1942 3790 3517 3864">
    <p class='ocr_par' dir='ltr' id='par_1_77' title="bbox 1942 3790 3517 3864">
     <span class='ocr_line' id='line_1_77' title="bbox 1942 3790 3517 3864; baseline -0.001 -19"><span class='ocrx_word' id='word_1_535' title='bbox 1942 3806 2031 3848; x_wconf 89' lang='lat' dir='ltr'><strong>res</strong></span> <span class='ocrx_word' id='word_1_536' title='bbox 2060 3808 2308 3849; x_wconf 88' lang='lat' dir='ltr'><strong>essemus</strong></span> <span class='ocrx_word' id='word_1_537' title='bbox 2341 3812 2356 3848; x_wconf 92' lang='lat'><strong>:</strong></span> <span class='ocrx_word' id='word_1_538' title='bbox 2394 3794 2541 3864; x_wconf 92' lang='lat' dir='ltr'><strong>quod</strong></span> <span class='ocrx_word' id='word_1_539' title='bbox 2574 3795 2736 3850; x_wconf 85' lang='lat' dir='ltr'><strong>etiam</strong></span> <span class='ocrx_word' id='word_1_540' title='bbox 2765 3792 3039 3849; x_wconf 91' lang='lat' dir='ltr'><strong>sollicitus</strong></span> <span class='ocrx_word' id='word_1_541' title='bbox 3069 3790 3145 3846; x_wconf 85' lang='lat' dir='ltr'><strong>fui</strong></span> <span class='ocrx_word' id='word_1_542' title='bbox 3188 3791 3291 3844; x_wconf 86' lang='lat' dir='ltr'><strong>hoc</strong></span> <span class='ocrx_word' id='word_1_543' title='bbox 3337 3790 3517 3859; x_wconf 87' lang='lat' dir='ltr'><strong>ipsum</strong></span> 
     </span>
    </p>
   </div>
   <div class='ocr_carea' id='block_1_78' title="bbox 1943 3884 2195 3940">
    <p class='ocr_par' dir='ltr' id='par_1_78' title="bbox 1943 3884 2195 3940">
     <span class='ocr_line' id='line_1_78' title="bbox 1943 3884 2195 3940; baseline 0 -3"><span class='ocrx_word' id='word_1_544' title='bbox 1943 3884 2141 3940; x_wconf 82' lang='lat' dir='ltr'><strong>facere.</strong></span> <span class='ocrx_word' id='word_1_545' title='bbox 2177 3905 2195 3937; x_wconf 75' lang='grc' dir='ltr'><strong>ι</strong></span> 
     </span>
    </p>
   </div>
   <div class='ocr_carea' id='block_1_79' title="bbox 1986 3972 3516 4045">
    <p class='ocr_par' dir='ltr' id='par_1_79' title="bbox 1986 3972 3516 4045">
     <span class='ocr_line' id='line_1_79' title="bbox 1986 3972 3516 4045; baseline -0.003 -18"><span class='ocrx_word' id='word_1_546' title='bbox 1986 3974 2305 4037; x_wconf 57' lang='grc' dir='ltr'>,Ροοιὶοιιοε</span> <span class='ocrx_word' id='word_1_547' title='bbox 2342 3973 2612 4045; x_wconf 89' lang='lat' dir='ltr'><strong>ejusmodi</strong></span> <span class='ocrx_word' id='word_1_548' title='bbox 2656 3982 2949 4030; x_wconf 63' lang='lat' dir='ltr'><strong>transacta:</strong></span> <span class='ocrx_word' id='word_1_549' title='bbox 2997 3980 3159 4037; x_wconf 87' lang='lat' dir='ltr'><strong>sunt,</strong></span> <span class='ocrx_word' id='word_1_550' title='bbox 3214 3972 3411 4043; x_wconf 89' lang='lat' dir='ltr'><strong>inquit,</strong></span> <span class='ocrx_word' id='word_1_551' title='bbox 3458 3980 3516 4024; x_wconf 86' lang='lat' dir='ltr'><strong>ut</strong></span> 
     </span>
    </p>
   </div>
   <div class='ocr_carea' id='block_1_80' title="bbox 1943 4065 3517 4138">
    <p class='ocr_par' dir='ltr' id='par_1_80' title="bbox 1943 4065 3517 4138">
     <span class='ocr_line' id='line_1_80' title="bbox 1943 4065 3517 4138; baseline -0.003 -17"><span class='ocrx_word' id='word_1_552' title='bbox 1943 4067 2019 4122; x_wconf 92' lang='lat' dir='ltr'><strong>illi</strong></span> <span class='ocrx_word' id='word_1_553' title='bbox 2071 4068 2287 4138; x_wconf 87' lang='lat' dir='ltr'><strong>quidem</strong></span> <span class='ocrx_word' id='word_1_554' title='bbox 2323 4066 2547 4131; x_wconf 68' lang='lat' dir='ltr'><strong>Iudaeis,</strong></span> <span class='ocrx_word' id='word_1_555' title='bbox 2580 4083 2683 4122; x_wconf 88' lang='lat' dir='ltr'><strong>nos</strong></span> <span class='ocrx_word' id='word_1_556' title='bbox 2731 4082 2862 4122; x_wconf 90' lang='lat' dir='ltr'><strong>vero</strong></span> <span class='ocrx_word' id='word_1_557' title='bbox 2904 4066 3160 4136; x_wconf 86' lang='lat' dir='ltr'><strong>gentibus</strong></span> <span class='ocrx_word' id='word_1_558' title='bbox 3186 4065 3517 4135; x_wconf 76' lang='lat' dir='ltr'><strong>praedicare-</strong></span> 
     </span>
    </p>
   </div>
   <div class='ocr_carea' id='block_1_81' title="bbox 1942 4155 3520 4230">
    <p class='ocr_par' dir='ltr' id='par_1_81' title="bbox 1942 4155 3520 4230">
     <span class='ocr_line' id='line_1_81' title="bbox 1942 4155 3520 4230; baseline -0.003 -16"><span class='ocrx_word' id='word_1_559' title='bbox 1942 4176 2084 4215; x_wconf 89' lang='lat' dir='ltr'><strong>mus.</strong></span> <span class='ocrx_word' id='word_1_560' title='bbox 2138 4160 2452 4217; x_wconf 90' lang='lat' dir='ltr'><strong>Communis</strong></span> <span class='ocrx_word' id='word_1_561' title='bbox 2498 4176 2631 4216; x_wconf 85' lang='lat' dir='ltr'><strong>vero</strong></span> <span class='ocrx_word' id='word_1_562' title='bbox 2674 4160 2933 4230; x_wconf 85' lang='lat' dir='ltr'><strong>utrisque</strong></span> <span class='ocrx_word' id='word_1_563' title='bbox 2967 4158 3071 4213; x_wconf 81' lang='lat' dir='ltr'><strong>fuit</strong></span> <span class='ocrx_word' id='word_1_564' title='bbox 3114 4155 3431 4212; x_wconf 89' lang='lat' dir='ltr'><strong>sollicitudo</strong></span> <span class='ocrx_word' id='word_1_565' title='bbox 3463 4162 3520 4210; x_wconf 84' lang='lat' dir='ltr'><strong>et</strong></span> 
     </span>
    </p>
   </div>
   <div class='ocr_carea' id='block_1_82' title="bbox 1942 4251 3516 4325">
    <p class='ocr_par' dir='ltr' id='par_1_82' title="bbox 1942 4251 3516 4325">
     <span class='ocr_line' id='line_1_82' title="bbox 1942 4251 3516 4325; baseline -0.004 -18"><span class='ocrx_word' id='word_1_566' title='bbox 1942 4268 2074 4307; x_wconf 86' lang='lat' dir='ltr'><strong>cura</strong></span> <span class='ocrx_word' id='word_1_567' title='bbox 2106 4270 2431 4325; x_wconf 88' lang='lat' dir='ltr'><strong>pauperum.</strong></span> <span class='ocrx_word' id='word_1_568' title='bbox 2481 4254 2647 4325; x_wconf 86' lang='lat' dir='ltr'><strong>Atqui</strong></span> <span class='ocrx_word' id='word_1_569' title='bbox 2678 4254 2768 4310; x_wconf 91' lang='lat' dir='ltr'><strong>isti</strong></span> <span class='ocrx_word' id='word_1_570' title='bbox 2792 4268 3061 4324; x_wconf 87' lang='lat' dir='ltr'><strong>pauperes</strong></span> <span class='ocrx_word' id='word_1_571' title='bbox 3086 4251 3305 4322; x_wconf 72' lang='lat' dir='ltr'><strong>ipsinaet</strong></span> <span class='ocrx_word' id='word_1_572' title='bbox 3337 4261 3516 4309; x_wconf 84' lang='lat' dir='ltr'><strong>erant.</strong></span> 
     </span>
    </p>
   </div>
   <div class='ocr_carea' id='block_1_83' title="bbox 1942 4343 3517 4415">
    <p class='ocr_par' dir='ltr' id='par_1_83' title="bbox 1942 4343 3517 4415">
     <span class='ocr_line' id='line_1_83' title="bbox 1942 4343 3517 4415; baseline -0.006 -15"><span class='ocrx_word' id='word_1_573' title='bbox 1942 4345 2035 4415; x_wconf 90' lang='lat' dir='ltr'><strong>qui</strong></span> <span class='ocrx_word' id='word_1_574' title='bbox 2077 4361 2145 4400; x_wconf 85' lang='lat' dir='ltr'><strong>ex</strong></span> <span class='ocrx_word' id='word_1_575' title='bbox 2177 4344 2383 4401; x_wconf 71' lang='lat' dir='ltr'><strong>Iudaeis</strong></span> <span class='ocrx_word' id='word_1_576' title='bbox 2420 4345 2773 4401; x_wconf 88' lang='lat' dir='ltr'><strong>crediderant</strong></span> <span class='ocrx_word' id='word_1_577' title='bbox 2827 4347 2884 4399; x_wconf 93' lang='lat' dir='ltr'><strong>in</strong></span> <span class='ocrx_word' id='word_1_578' title='bbox 2928 4343 3235 4405; x_wconf 87' lang='lat' dir='ltr'><strong>Christum,</strong></span> <span class='ocrx_word' id='word_1_579' title='bbox 3282 4356 3517 4411; x_wconf 85' lang='lat' dir='ltr'><strong>quorum</strong></span> 
     </span>
    </p>
   </div>
   <div class='ocr_carea' id='block_1_84' title="bbox 1943 4433 3515 4509">
    <p class='ocr_par' dir='ltr' id='par_1_84' title="bbox 1943 4433 3515 4509">
     <span class='ocr_line' id='line_1_84' title="bbox 1943 4433 3515 4509; baseline -0.006 -16"><span class='ocrx_word' id='word_1_580' title='bbox 1943 4439 2140 4494; x_wconf 89' lang='lat' dir='ltr'><strong>domus</strong></span> <span class='ocrx_word' id='word_1_581' title='bbox 2169 4438 2445 4509; x_wconf 63' lang='lat' dir='ltr'><strong>direptaea</strong></span> <span class='ocrx_word' id='word_1_582' title='bbox 2476 4438 2882 4494; x_wconf 90' lang='lat' dir='ltr'><strong>contribulibus</strong></span> <span class='ocrx_word' id='word_1_583' title='bbox 2918 4435 3138 4491; x_wconf 88' lang='lat' dir='ltr'><strong>fuerant</strong></span> <span class='ocrx_word' id='word_1_584' title='bbox 3177 4454 3191 4489; x_wconf 85' lang='lat'><strong>:</strong></span> <span class='ocrx_word' id='word_1_585' title='bbox 3234 4433 3328 4488; x_wconf 90' lang='lat' dir='ltr'><strong>isti</strong></span> <span class='ocrx_word' id='word_1_586' title='bbox 3369 4440 3515 4495; x_wconf 91' lang='lat' dir='ltr'><strong>sunt,</strong></span> 
     </span>
    </p>
   </div>
   <div class='ocr_carea' id='block_1_85' title="bbox 250 4515 1832 4601">
    <p class='ocr_par' dir='ltr' id='par_1_85' title="bbox 250 4515 1832 4601">
     <span class='ocr_line' id='line_1_85' title="bbox 250 4515 1832 4601; baseline 0.014 -34"><span class='ocrx_word' id='word_1_587' title='bbox 250 4516 342 4569; x_wconf 82' lang='grc' dir='ltr'><strong>τοί</strong></span> <span class='ocrx_word' id='word_1_588' title='bbox 365 4518 504 4571; x_wconf 75' lang='grc' dir='ltr'>εἰσιν</span> <span class='ocrx_word' id='word_1_589' title='bbox 530 4515 611 4584; x_wconf 74' lang='grc' dir='ltr'>οἷς</span> <span class='ocrx_word' id='word_1_590' title='bbox 647 4522 907 4596; x_wconf 75' lang='grc' dir='ltr'>ἔγραφεν,</span> <span class='ocrx_word' id='word_1_591' title='bbox 940 4528 1052 4582; x_wconf 78' lang='grc' dir='ltr'>Καὶ</span> <span class='ocrx_word' id='word_1_592' title='bbox 1100 4529 1214 4598; x_wconf 76' lang='grc' dir='ltr'>τὴν</span> <span class='ocrx_word' id='word_1_593' title='bbox 1249 4530 1530 4601; x_wconf 78' lang='grc' dir='ltr'>ἁρπαγὴν</span> <span class='ocrx_word' id='word_1_594' title='bbox 1577 4533 1695 4588; x_wconf 82' lang='grc' dir='ltr'>τῶν</span> <span class='ocrx_word' id='word_1_595' title='bbox 1723 4537 1832 4590; x_wconf 84' lang='grc' dir='ltr'><strong>ὐπ-</strong></span> 
     </span>
    </p>
   </div>
   <div class='ocr_carea' id='block_1_86' title="bbox 1936 4515 3519 4601">
    <p class='ocr_par' dir='ltr' id='par_1_86' title="bbox 1942 4516 3519 4601">
     <span class='ocr_line' id='line_1_86' title="bbox 1942 4516 3519 4601; baseline -0.008 -16"><span class='ocrx_word' id='word_1_596' title='bbox 1942 4532 2195 4601; x_wconf 85' lang='lat' dir='ltr'><strong>inquam,</strong></span> <span class='ocrx_word' id='word_1_597' title='bbox 2249 4530 2313 4584; x_wconf 89' lang='lat' dir='ltr'><strong>ad</strong></span> <span class='ocrx_word' id='word_1_598' title='bbox 2350 4544 2490 4600; x_wconf 90' lang='lat' dir='ltr'><strong>quos</strong></span> <span class='ocrx_word' id='word_1_599' title='bbox 2522 4516 2837 4584; x_wconf 75' lang='lat' dir='ltr'><strong>scribebat:</strong></span> <span class='ocrx_word' id='word_1_600' title='bbox 2872 4526 2941 4579; x_wconf 85' lang='lat' dir='ltr'><strong>Et</strong></span> <span class='ocrx_word' id='word_1_601' title='bbox 2971 4526 3212 4593; x_wconf 75' lang='lat' dir='ltr'><strong>rapinam</strong></span> <span class='ocrx_word' id='word_1_602' title='bbox 3267 4522 3519 4575; x_wconf 86' lang='lat' dir='ltr'><strong>bonorum</strong></span> 
     </span>
    </p>
   </div>
   <div class='ocr_carea' id='block_1_87' title="bbox 252 4609 1643 4690">
    <p class='ocr_par' dir='ltr' id='par_1_87' title="bbox 252 4609 1643 4690">
     <span class='ocr_line' id='line_1_87' title="bbox 252 4609 1643 4690; baseline 0.017 -31"><span class='ocrx_word' id='word_1_603' title='bbox 252 4609 572 4674; x_wconf 76' lang='grc' dir='ltr'>ἀρχόντων</span> <span class='ocrx_word' id='word_1_604' title='bbox 593 4614 764 4682; x_wconf 81' lang='grc' dir='ltr'>ἡμῶν</span> <span class='ocrx_word' id='word_1_605' title='bbox 778 4618 929 4686; x_wconf 82' lang='grc' dir='ltr'>μετὰ</span> <span class='ocrx_word' id='word_1_606' title='bbox 950 4619 1151 4689; x_wconf 67' lang='grc' dir='ltr'>χαρᾶς</span> <span class='ocrx_word' id='word_1_607' title='bbox 1177 4624 1643 4690; x_wconf 78' lang='grc' dir='ltr'>προσεδέξασθε.</span> 
     </span>
    </p>
   </div>
   <div class='ocr_carea' id='block_1_88' title="bbox 340 4701 1840 4793">
    <p class='ocr_par' dir='ltr' id='par_1_88' title="bbox 340 4701 1840 4793">
     <span class='ocr_line' id='line_1_88' title="bbox 340 4701 1840 4793; baseline 0.017 -42"><span class='ocrx_word' id='word_1_608' title='bbox 340 4718 361 4751; x_wconf 80' lang='grc' dir='ltr'><strong>ι</strong></span> <span class='ocrx_word' id='word_1_609' title='bbox 400 4701 531 4755; x_wconf 85' lang='grc' dir='ltr'><strong>Ὅτε</strong></span> <span class='ocrx_word' id='word_1_610' title='bbox 566 4704 621 4758; x_wconf 82' lang='grc' dir='ltr'>δὲ</span> <span class='ocrx_word' id='word_1_611' title='bbox 650 4701 781 4779; x_wconf 83' lang='grc' dir='ltr'>ἦλθε</span> <span class='ocrx_word' id='word_1_612' title='bbox 807 4711 1006 4782; x_wconf 82' lang='grc' dir='ltr'>Κηφᾶς</span> <span class='ocrx_word' id='word_1_613' title='bbox 1026 4714 1107 4777; x_wconf 87' lang='grc' dir='ltr'><strong>είς</strong></span> <span class='ocrx_word' id='word_1_614' title='bbox 1134 4714 1483 4786; x_wconf 81' lang='grc' dir='ltr'>Ἀντιόχειαν,</span> <span class='ocrx_word' id='word_1_615' title='bbox 1504 4720 1643 4773; x_wconf 87' lang='grc' dir='ltr'><strong>κατά</strong></span> <span class='ocrx_word' id='word_1_616' title='bbox 1669 4723 1840 4793; x_wconf 83' lang='grc' dir='ltr'>πρόσ-</span> 
     </span>
    </p>
   </div>
   <div class='ocr_carea' id='block_1_89' title="bbox 258 4794 949 4872">
    <p class='ocr_par' dir='ltr' id='par_1_89' title="bbox 258 4794 949 4872">
     <span class='ocr_line' id='line_1_89' title="bbox 258 4794 949 4872; baseline 0.009 -25"><span class='ocrx_word' id='word_1_617' title='bbox 258 4810 416 4847; x_wconf 82' lang='grc' dir='ltr'>ωπον</span> <span class='ocrx_word' id='word_1_618' title='bbox 432 4794 581 4866; x_wconf 85' lang='grc' dir='ltr'>αὐτῷ</span> <span class='ocrx_word' id='word_1_619' title='bbox 608 4798 894 4872; x_wconf 86' lang='grc' dir='ltr'>ἀντέστην.</span> <span class='ocrx_word' id='word_1_620' title='bbox 930 4822 949 4853; x_wconf 72' lang='grc' dir='ltr'><strong>ι</strong></span> 
     </span>
    </p>
   </div>
   <div class='ocr_carea' id='block_1_90' title="bbox 349 4886 1841 4975">
    <p class='ocr_par' dir='ltr' id='par_1_90' title="bbox 349 4886 1841 4975">
     <span class='ocr_line' id='line_1_90' title="bbox 349 4886 1841 4975; baseline 0.012 -38"><span class='ocrx_word' id='word_1_621' title='bbox 349 4886 438 4938; x_wconf 84' lang='grc' dir='ltr'><strong>Ἐν</strong></span> <span class='ocrx_word' id='word_1_622' title='bbox 477 4887 873 4963; x_wconf 83' lang='grc' dir='ltr'>Ἰεροσολύμοις</span> <span class='ocrx_word' id='word_1_623' title='bbox 929 4897 1195 4969; x_wconf 77' lang='grc' dir='ltr'>ὑπάρχων</span> <span class='ocrx_word' id='word_1_624' title='bbox 1236 4902 1265 4953; x_wconf 88' lang='grc' dir='ltr'>ὁ</span> <span class='ocrx_word' id='word_1_625' title='bbox 1304 4903 1513 4975; x_wconf 84' lang='grc' dir='ltr'>Πέτρος</span> <span class='ocrx_word' id='word_1_626' title='bbox 1538 4942 1554 4960; x_wconf 94' lang='grc'><strong>.</strong></span> <span class='ocrx_word' id='word_1_627' title='bbox 1600 4919 1841 4971; x_wconf 82' lang='grc' dir='ltr'>συγκατ-</span> 
     </span>
    </p>
   </div>
   <div class='ocr_carea' id='block_1_91' title="bbox 261 4976 1839 5067">
    <p class='ocr_par' dir='ltr' id='par_1_91' title="bbox 261 4976 1839 5067">
     <span class='ocr_line' id='line_1_91' title="bbox 261 4976 1839 5067; baseline 0.013 -38"><span class='ocrx_word' id='word_1_628' title='bbox 261 4976 453 5031; x_wconf 82' lang='grc' dir='ltr'>έϐαινε</span> <span class='ocrx_word' id='word_1_629' title='bbox 481 4980 558 5051; x_wconf 81' lang='grc' dir='ltr'>τῷ</span> <span class='ocrx_word' id='word_1_630' title='bbox 593 4983 935 5059; x_wconf 78' lang='grc' dir='ltr'>Ἰουδαϊσμῷ,</span> <span class='ocrx_word' id='word_1_631' title='bbox 991 4991 1064 5061; x_wconf 86' lang='grc' dir='ltr'>μὴ</span> <span class='ocrx_word' id='word_1_632' title='bbox 1099 4992 1327 5047; x_wconf 86' lang='grc' dir='ltr'>κωλύων</span> <span class='ocrx_word' id='word_1_633' title='bbox 1377 4997 1478 5063; x_wconf 79' lang='grc' dir='ltr'>τὴν</span> <span class='ocrx_word' id='word_1_634' title='bbox 1533 4996 1839 5067; x_wconf 78' lang='grc' dir='ltr'>περιτομὴν</span> 
     </span>
    </p>
   </div>
   <div class='ocr_carea' id='block_1_92' title="bbox 256 5070 1836 5159">
    <p class='ocr_par' dir='ltr' id='par_1_92' title="bbox 256 5070 1836 5159">
     <span class='ocr_line' id='line_1_92' title="bbox 256 5070 1836 5159; baseline 0.011 -36"><span class='ocrx_word' id='word_1_635' title='bbox 256 5070 423 5137; x_wconf 84' lang='grc' dir='ltr'>τέως,</span> <span class='ocrx_word' id='word_1_636' title='bbox 461 5074 597 5146; x_wconf 81' lang='grc' dir='ltr'>μήτε</span> <span class='ocrx_word' id='word_1_637' title='bbox 625 5078 693 5132; x_wconf 73' lang='grc' dir='ltr'><strong>τὰ</strong></span> <span class='ocrx_word' id='word_1_638' title='bbox 742 5080 1017 5137; x_wconf 87' lang='grc' dir='ltr'>Σάϐϐατα.</span> <span class='ocrx_word' id='word_1_639' title='bbox 1066 5088 1361 5141; x_wconf 86' lang='grc' dir='ltr'>Κατελθὼν</span> <span class='ocrx_word' id='word_1_640' title='bbox 1391 5089 1447 5142; x_wconf 79' lang='grc' dir='ltr'>δὲ</span> <span class='ocrx_word' id='word_1_641' title='bbox 1477 5090 1557 5153; x_wconf 79' lang='grc' dir='ltr'><strong>εἰς</strong></span> <span class='ocrx_word' id='word_1_642' title='bbox 1581 5089 1679 5159; x_wconf 86' lang='grc' dir='ltr'>τὴν</span> <span class='ocrx_word' id='word_1_643' title='bbox 1716 5090 1836 5141; x_wconf 79' lang='grc' dir='ltr'><strong>’Λνο</strong></span> 
     </span>
    </p>
   </div>
   <div class='ocr_carea' id='block_1_93' title="bbox 257 5163 1842 5246">
    <p class='ocr_par' dir='ltr' id='par_1_93' title="bbox 257 5163 1842 5246">
     <span class='ocr_line' id='line_1_93' title="bbox 257 5163 1842 5246; baseline 0.011 -31"><span class='ocrx_word' id='word_1_644' title='bbox 257 5163 524 5235; x_wconf 85' lang='grc' dir='ltr'>τιόχειαν,</span> <span class='ocrx_word' id='word_1_645' title='bbox 573 5168 885 5243; x_wconf 76' lang='grc' dir='ltr'>ἀδιαφόρως</span> <span class='ocrx_word' id='word_1_646' title='bbox 934 5176 1191 5246; x_wconf 84' lang='grc' dir='ltr'>συνήσθιε</span> <span class='ocrx_word' id='word_1_647' title='bbox 1243 5181 1356 5242; x_wconf 84' lang='grc' dir='ltr'>τοῖς</span> <span class='ocrx_word' id='word_1_648' title='bbox 1394 5178 1751 5233; x_wconf 84' lang='grc' dir='ltr'>πιστεύσασιν</span> <span class='ocrx_word' id='word_1_649' title='bbox 1783 5178 1842 5244; x_wconf 76' lang='grc' dir='ltr'><strong>ἐξ</strong></span> 
     </span>
    </p>
   </div>
   <div class='ocr_carea' id='block_1_94' title="bbox 261 5255 1844 5335">
    <p class='ocr_par' dir='ltr' id='par_1_94' title="bbox 261 5255 1844 5335">
     <span class='ocr_line' id='line_1_94' title="bbox 261 5255 1844 5335; baseline 0.01 -28"><span class='ocrx_word' id='word_1_650' title='bbox 261 5255 437 5310; x_wconf 74' lang='grc' dir='ltr'>ἐθνῶν</span> <span class='ocrx_word' id='word_1_651' title='bbox 468 5260 548 5322; x_wconf 79' lang='grc' dir='ltr'><strong>εἰς</strong></span> <span class='ocrx_word' id='word_1_652' title='bbox 568 5261 661 5315; x_wconf 81' lang='grc' dir='ltr'><strong>τὸν</strong></span> <span class='ocrx_word' id='word_1_653' title='bbox 688 5262 916 5335; x_wconf 84' lang='grc' dir='ltr'>Κύριον.</span> <span class='ocrx_word' id='word_1_654' title='bbox 960 5263 1092 5321; x_wconf 82' lang='grc' dir='ltr'>Εῐτα</span> <span class='ocrx_word' id='word_1_655' title='bbox 1124 5270 1493 5325; x_wconf 84' lang='grc' dir='ltr'>κατελθόντων</span> <span class='ocrx_word' id='word_1_656' title='bbox 1535 5271 1697 5325; x_wconf 82' lang='grc' dir='ltr'>τινῶν</span> <span class='ocrx_word' id='word_1_657' title='bbox 1736 5271 1844 5324; x_wconf 85' lang='grc' dir='ltr'>ἀπὸ</span> 
     </span>
    </p>
   </div>
   <div class='ocr_carea' id='block_1_95' title="bbox 272 5344 1842 5428">
    <p class='ocr_par' dir='ltr' id='par_1_95' title="bbox 272 5344 1842 5428">
     <span class='ocr_line' id='line_1_95' title="bbox 272 5344 1842 5428; baseline 0.011 -31"><span class='ocrx_word' id='word_1_658' title='bbox 272 5344 688 5420; x_wconf 83' lang='grc' dir='ltr'>Ἰεροσολύμων,</span> <span class='ocrx_word' id='word_1_659' title='bbox 757 5353 1000 5428; x_wconf 77' lang='grc' dir='ltr'>ἐφοϐήθη</span> <span class='ocrx_word' id='word_1_660' title='bbox 1061 5360 1413 5416; x_wconf 73' lang='grc' dir='ltr'>σκανδαλίσαι</span> <span class='ocrx_word' id='word_1_661' title='bbox 1463 5363 1695 5426; x_wconf 82' lang='grc' dir='ltr'>αὐτοὺς,</span> <span class='ocrx_word' id='word_1_662' title='bbox 1748 5362 1842 5415; x_wconf 78' lang='grc' dir='ltr'><strong>καὶ</strong></span> 
     </span>
    </p>
   </div>
   <div class='ocr_carea' id='block_1_96' title="bbox 265 5438 1841 5526">
    <p class='ocr_par' dir='ltr' id='par_1_96' title="bbox 265 5438 1841 5526">
     <span class='ocr_line' id='line_1_96' title="bbox 265 5438 1841 5526; baseline 0.01 -35"><span class='ocrx_word' id='word_1_663' title='bbox 265 5438 533 5511; x_wconf 70' lang='grc' dir='ltr'>ἐχώρισεν</span> <span class='ocrx_word' id='word_1_664' title='bbox 571 5442 764 5500; x_wconf 79' lang='grc' dir='ltr'>ἑαυτὸν</span> <span class='ocrx_word' id='word_1_665' title='bbox 820 5448 916 5502; x_wconf 87' lang='grc' dir='ltr'><strong>ἀπ’</strong></span> <span class='ocrx_word' id='word_1_666' title='bbox 963 5451 1220 5519; x_wconf 79' lang='grc' dir='ltr'>ἐκείνων,</span> <span class='ocrx_word' id='word_1_667' title='bbox 1283 5454 1402 5525; x_wconf 83' lang='grc' dir='ltr'>μεθ’</span> <span class='ocrx_word' id='word_1_668' title='bbox 1439 5451 1514 5510; x_wconf 81' lang='grc' dir='ltr'>ὧν</span> <span class='ocrx_word' id='word_1_669' title='bbox 1553 5455 1841 5526; x_wconf 82' lang='grc' dir='ltr'>συδιῃτᾶτο</span> 
     </span>
    </p>
   </div>
   <div class='ocr_carea' id='block_1_97' title="bbox 1941 4618 3040 4692">
    <p class='ocr_par' dir='ltr' id='par_1_97' title="bbox 1941 4618 3040 4692">
     <span class='ocr_line' id='line_1_97' title="bbox 1941 4618 3040 4692; baseline -0.004 -16"><span class='ocrx_word' id='word_1_670' title='bbox 1941 4631 2231 4677; x_wconf 76' lang='lat' dir='ltr'><strong>vestrorum</strong></span> <span class='ocrx_word' id='word_1_671' title='bbox 2264 4638 2383 4675; x_wconf 83' lang='lat' dir='ltr'><strong>cum</strong></span> <span class='ocrx_word' id='word_1_672' title='bbox 2417 4622 2627 4692; x_wconf 82' lang='lat' dir='ltr'><strong>gaudio-</strong></span> <span class='ocrx_word' id='word_1_673' title='bbox 2646 4619 2946 4688; x_wconf 78' lang='lat' dir='ltr'><strong>suscepistis</strong></span> <span class='ocrx_word' id='word_1_674' title='bbox 2974 4618 3040 4672; x_wconf 79' lang='grc'><strong>³⁸.</strong></span> 
     </span>
    </p>
   </div>
   <div class='ocr_carea' id='block_1_98' title="bbox 2016 4702 3517 4778">
    <p class='ocr_par' dir='ltr' id='par_1_98' title="bbox 2016 4702 3517 4778">
     <span class='ocr_line' id='line_1_98' title="bbox 2016 4702 3517 4778; baseline -0.005 -13"><span class='ocrx_word' id='word_1_675' title='bbox 2016 4712 2181 4768; x_wconf 80' lang='lat' dir='ltr'><strong>Vens.</strong></span> <span class='ocrx_word' id='word_1_676' title='bbox 2224 4713 2314 4768; x_wconf 78' lang='grc' dir='ltr'>Η.</span> <span class='ocrx_word' id='word_1_677' title='bbox 2362 4730 2381 4763; x_wconf 80' lang='grc' dir='ltr'><strong>ι</strong></span> <span class='ocrx_word' id='word_1_678' title='bbox 2416 4711 2552 4767; x_wconf 88' lang='lat' dir='ltr'><strong>Cum</strong></span> <span class='ocrx_word' id='word_1_679' title='bbox 2599 4720 2782 4767; x_wconf 90' lang='lat' dir='ltr'><strong>autem</strong></span> <span class='ocrx_word' id='word_1_680' title='bbox 2811 4710 3051 4765; x_wconf 87' lang='lat' dir='ltr'><strong>venisset</strong></span> <span class='ocrx_word' id='word_1_681' title='bbox 3080 4707 3301 4778; x_wconf 81' lang='lat' dir='ltr'><strong>Cephas</strong></span> <span class='ocrx_word' id='word_1_682' title='bbox 3322 4702 3517 4760; x_wconf 48' lang='lat' dir='ltr'><strong>Antio-9</strong></span> 
     </span>
    </p>
   </div>
   <div class='ocr_carea' id='block_1_99' title="bbox 1939 4804 2830 4870">
    <p class='ocr_par' dir='ltr' id='par_1_99' title="bbox 1939 4804 2830 4870">
     <span class='ocr_line' id='line_1_99' title="bbox 1939 4804 2830 4870; baseline -0.008 -8"><span class='ocrx_word' id='word_1_683' title='bbox 1939 4805 2142 4870; x_wconf 88' lang='lat' dir='ltr'><strong>chiam,</strong></span> <span class='ocrx_word' id='word_1_684' title='bbox 2176 4806 2231 4859; x_wconf 93' lang='lat' dir='ltr'><strong>in</strong></span> <span class='ocrx_word' id='word_1_685' title='bbox 2264 4804 2460 4860; x_wconf 83' lang='lat' dir='ltr'><strong>faciem</strong></span> <span class='ocrx_word' id='word_1_686' title='bbox 2498 4805 2544 4860; x_wconf 92' lang='lat' dir='ltr'><strong>ei</strong></span> <span class='ocrx_word' id='word_1_687' title='bbox 2580 4804 2776 4859; x_wconf 85' lang='lat' dir='ltr'><strong>restiti.</strong></span> <span class='ocrx_word' id='word_1_688' title='bbox 2811 4822 2830 4855; x_wconf 75' lang='grc' dir='ltr'><strong>ι</strong></span> 
     </span>
    </p>
   </div>
   <div class='ocr_carea' id='block_1_100' title="bbox 2013 4892 3515 4966">
    <p class='ocr_par' dir='ltr' id='par_1_100' title="bbox 2013 4892 3515 4966">
     <span class='ocr_line' id='line_1_100' title="bbox 2013 4892 3515 4966; baseline -0.006 -16"><span class='ocrx_word' id='word_1_689' title='bbox 2013 4895 2244 4962; x_wconf 87' lang='lat' dir='ltr'><strong>Quando</strong></span> <span class='ocrx_word' id='word_1_690' title='bbox 2298 4894 2492 4950; x_wconf 90' lang='lat' dir='ltr'><strong>Petrus</strong></span> <span class='ocrx_word' id='word_1_691' title='bbox 2550 4893 2964 4966; x_wconf 72' lang='lat' dir='ltr'><strong>Hierosolymis</strong></span> <span class='ocrx_word' id='word_1_692' title='bbox 3001 4899 3013 4923; x_wconf 89' lang='lat'><strong>’</strong></span> <span class='ocrx_word' id='word_1_693' title='bbox 3039 4892 3515 4949; x_wconf 86' lang='lat' dir='ltr'><strong>commorabatur,</strong></span> 
     </span>
    </p>
   </div>
   <div class='ocr_carea' id='block_1_101' title="bbox 1940 4985 3515 5058">
    <p class='ocr_par' dir='ltr' id='par_1_101' title="bbox 1940 4985 3515 5058">
     <span class='ocr_line' id='line_1_101' title="bbox 1940 4985 3515 5058; baseline -0.006 -15"><span class='ocrx_word' id='word_1_694' title='bbox 1940 4988 2226 5045; x_wconf 89' lang='lat' dir='ltr'><strong>Judaismo</strong></span> <span class='ocrx_word' id='word_1_695' title='bbox 2264 4988 2369 5043; x_wconf 94' lang='lat' dir='ltr'><strong>hoc</strong></span> <span class='ocrx_word' id='word_1_696' title='bbox 2403 4986 2738 5058; x_wconf 82' lang='lat' dir='ltr'><strong>indulgebat,</strong></span> <span class='ocrx_word' id='word_1_697' title='bbox 2777 4995 2835 5041; x_wconf 92' lang='lat' dir='ltr'><strong>ut</strong></span> <span class='ocrx_word' id='word_1_698' title='bbox 2873 4985 3351 5043; x_wconf 86' lang='lat' dir='ltr'><strong>circumcisionem</strong></span> <span class='ocrx_word' id='word_1_699' title='bbox 3407 4996 3515 5034; x_wconf 86' lang='lat' dir='ltr'><strong>non</strong></span> 
     </span>
    </p>
   </div>
   <div class='ocr_carea' id='block_1_102' title="bbox 1940 5077 3519 5153">
    <p class='ocr_par' dir='ltr' id='par_1_102' title="bbox 1940 5077 3519 5153">
     <span class='ocr_line' id='line_1_102' title="bbox 1940 5077 3519 5153; baseline -0.006 -17"><span class='ocrx_word' id='word_1_700' title='bbox 1940 5083 2169 5137; x_wconf 91' lang='lat' dir='ltr'><strong>omnino</strong></span> <span class='ocrx_word' id='word_1_701' title='bbox 2229 5081 2580 5153; x_wconf 87' lang='lat' dir='ltr'><strong>prohiberet,</strong></span> <span class='ocrx_word' id='word_1_702' title='bbox 2646 5098 2827 5152; x_wconf 89' lang='lat' dir='ltr'><strong>neque</strong></span> <span class='ocrx_word' id='word_1_703' title='bbox 2882 5081 3145 5135; x_wconf 86' lang='lat' dir='ltr'><strong>Sabbata.</strong></span> <span class='ocrx_word' id='word_1_704' title='bbox 3201 5077 3337 5131; x_wconf 86' lang='lat' dir='ltr'><strong>Cum</strong></span> <span class='ocrx_word' id='word_1_705' title='bbox 3370 5089 3519 5128; x_wconf 86' lang='lat' dir='ltr'><strong>vero</strong></span> 
     </span>
    </p>
   </div>
   <div class='ocr_carea' id='block_1_103' title="bbox 1938 5166 3519 5239">
    <p class='ocr_par' dir='ltr' id='par_1_103' title="bbox 1938 5166 3519 5239">
     <span class='ocr_line' id='line_1_103' title="bbox 1938 5166 3519 5239; baseline -0.007 -11"><span class='ocrx_word' id='word_1_706' title='bbox 1938 5174 2287 5230; x_wconf 80' lang='lat' dir='ltr'><strong>Antiochiam</strong></span> <span class='ocrx_word' id='word_1_707' title='bbox 2340 5174 2605 5239; x_wconf 90' lang='lat' dir='ltr'><strong>venisset,</strong></span> <span class='ocrx_word' id='word_1_708' title='bbox 2646 5174 3132 5230; x_wconf 84' lang='lat' dir='ltr'><strong>indiscriminatim</strong></span> <span class='ocrx_word' id='word_1_709' title='bbox 3191 5166 3519 5223; x_wconf 85' lang='lat' dir='ltr'><strong>convivaba-</strong></span> 
     </span>
    </p>
   </div>
   <div class='ocr_carea' id='block_1_104' title="bbox 1941 5257 3519 5338">
    <p class='ocr_par' dir='ltr' id='par_1_104' title="bbox 1941 5257 3519 5338">
     <span class='ocr_line' id='line_1_104' title="bbox 1941 5257 3519 5338; baseline -0.01 -15"><span class='ocrx_word' id='word_1_710' title='bbox 1941 5276 2033 5325; x_wconf 91' lang='lat' dir='ltr'><strong>tur</strong></span> <span class='ocrx_word' id='word_1_711' title='bbox 2054 5284 2181 5325; x_wconf 92' lang='lat' dir='ltr'><strong>cum</strong></span> <span class='ocrx_word' id='word_1_712' title='bbox 2212 5269 2279 5323; x_wconf 91' lang='lat' dir='ltr'><strong>iis</strong></span> <span class='ocrx_word' id='word_1_713' title='bbox 2310 5268 2403 5334; x_wconf 90' lang='lat' dir='ltr'><strong>qui</strong></span> <span class='ocrx_word' id='word_1_714' title='bbox 2443 5283 2508 5323; x_wconf 83' lang='lat' dir='ltr'><strong>ex</strong></span> <span class='ocrx_word' id='word_1_715' title='bbox 2548 5266 2807 5338; x_wconf 86' lang='lat' dir='ltr'><strong>gentibus</strong></span> <span class='ocrx_word' id='word_1_716' title='bbox 2831 5263 3194 5321; x_wconf 89' lang='lat' dir='ltr'><strong>credidissent</strong></span> <span class='ocrx_word' id='word_1_717' title='bbox 3240 5260 3295 5313; x_wconf 92' lang='lat' dir='ltr'><strong>in</strong></span> <span class='ocrx_word' id='word_1_718' title='bbox 3335 5257 3519 5311; x_wconf 85' lang='lat' dir='ltr'><strong>Domi-</strong></span> 
     </span>
    </p>
   </div>
   <div class='ocr_carea' id='block_1_105' title="bbox 1943 5351 3518 5428">
    <p class='ocr_par' dir='ltr' id='par_1_105' title="bbox 1943 5351 3518 5428">
     <span class='ocr_line' id='line_1_105' title="bbox 1943 5351 3518 5428; baseline -0.013 -9"><span class='ocrx_word' id='word_1_719' title='bbox 1943 5379 2099 5419; x_wconf 89' lang='lat' dir='ltr'><strong>num.</strong></span> <span class='ocrx_word' id='word_1_720' title='bbox 2177 5361 2380 5417; x_wconf 86' lang='lat' dir='ltr'><strong>Deinde</strong></span> <span class='ocrx_word' id='word_1_721' title='bbox 2438 5375 2563 5415; x_wconf 79' lang='lat' dir='ltr'><strong>cum</strong></span> <span class='ocrx_word' id='word_1_722' title='bbox 2632 5359 2766 5413; x_wconf 90' lang='lat' dir='ltr'><strong>illuc</strong></span> <span class='ocrx_word' id='word_1_723' title='bbox 2834 5356 3056 5428; x_wconf 87' lang='lat' dir='ltr'><strong>quidam</strong></span> <span class='ocrx_word' id='word_1_724' title='bbox 3124 5351 3518 5423; x_wconf 75' lang='lat' dir='ltr'><strong>Hierosolymis</strong></span> 
     </span>
    </p>
   </div>
   <div class='ocr_carea' id='block_1_106' title="bbox 1949 5440 3519 5519">
    <p class='ocr_par' dir='ltr' id='par_1_106' title="bbox 1949 5440 3519 5519">
     <span class='ocr_line' id='line_1_106' title="bbox 1949 5440 3519 5519; baseline -0.01 -10"><span class='ocrx_word' id='word_1_725' title='bbox 1949 5451 2386 5519; x_wconf 89' lang='lat' dir='ltr'><strong>descendissent,</strong></span> <span class='ocrx_word' id='word_1_726' title='bbox 2419 5450 2625 5508; x_wconf 89' lang='lat' dir='ltr'><strong>veritus</strong></span> <span class='ocrx_word' id='word_1_727' title='bbox 2677 5465 2744 5505; x_wconf 89' lang='lat' dir='ltr'><strong>ne</strong></span> <span class='ocrx_word' id='word_1_728' title='bbox 2794 5445 3223 5511; x_wconf 76' lang='lat' dir='ltr'><strong>oﬂ‘enderentur,</strong></span> <span class='ocrx_word' id='word_1_729' title='bbox 3278 5440 3519 5517; x_wconf 76' lang='lat' dir='ltr'><strong>sejunxit</strong></span> 
     </span>
    </p>
   </div>
   <div class='ocr_carea' id='block_1_107' title="bbox 336 5592 2157 5685">
    <p class='ocr_par' dir='ltr' id='par_1_107' title="bbox 336 5592 2157 5685">
     <span class='ocr_line' id='line_1_107' title="bbox 336 5592 2157 5685; baseline 0.01 -39"><span class='ocrx_word' id='word_1_730' title='bbox 336 5592 381 5623; x_wconf 78' lang='lat'>&quot;</span> <span class='ocrx_word' id='word_1_731' title='bbox 416 5592 459 5648; x_wconf 87' lang='lat' dir='ltr'><strong>Il</strong></span> <span class='ocrx_word' id='word_1_732' title='bbox 485 5594 616 5654; x_wconf 87' lang='lat' dir='ltr'><strong>Cor.</strong></span> <span class='ocrx_word' id='word_1_733' title='bbox 650 5613 707 5666; x_wconf 71' lang='grc' dir='ltr'><strong>ν,</strong></span> <span class='ocrx_word' id='word_1_734' title='bbox 740 5601 806 5656; x_wconf 81' lang='grc' dir='ltr'><strong>ΓΙ</strong></span> <span class='ocrx_word' id='word_1_735' title='bbox 900 5604 946 5637; x_wconf 82' lang='lat'>“</span> <span class='ocrx_word' id='word_1_736' title='bbox 967 5603 1105 5661; x_wconf 85' lang='lat' dir='ltr'><strong>ibid.</strong></span> <span class='ocrx_word' id='word_1_737' title='bbox 1187 5608 1235 5639; x_wconf 80' lang='grc'><strong>’⁷</strong></span> <span class='ocrx_word' id='word_1_738' title='bbox 1266 5607 1443 5666; x_wconf 87' lang='lat' dir='ltr'><strong>Galat.</strong></span> <span class='ocrx_word' id='word_1_739' title='bbox 1471 5627 1527 5677; x_wconf 77' lang='grc' dir='ltr'>γ,</span> <span class='ocrx_word' id='word_1_740' title='bbox 1559 5609 1612 5663; x_wconf 77' lang='grc'>1.</span> <span class='ocrx_word' id='word_1_741' title='bbox 1692 5609 1738 5641; x_wconf 78' lang='grc'><strong>’⁸</strong></span> <span class='ocrx_word' id='word_1_742' title='bbox 1765 5607 1931 5663; x_wconf 77' lang='lat' dir='ltr'><strong>Hebr.</strong></span> <span class='ocrx_word' id='word_1_743' title='bbox 1972 5623 2031 5673; x_wconf 87' lang='lat' dir='ltr'><strong>x,</strong></span> <span class='ocrx_word' id='word_1_744' title='bbox 2065 5606 2157 5685; x_wconf 49' lang='grc' dir='ltr'><strong>ζῆ.</strong></span> 
     </span>
    </p>
   </div>
   <div class='ocr_carea' id='block_1_108' title="bbox 1548 5717 2220 5776">
    <p class='ocr_par' dir='ltr' id='par_1_108' title="bbox 1548 5717 2220 5776">
     <span class='ocr_line' id='line_1_108' title="bbox 1548 5717 2220 5776; baseline -0.001 -1"><span class='ocrx_word' id='word_1_745' title='bbox 1548 5720 1781 5776; x_wconf 63' lang='grc' dir='ltr'>γΑιιιΑι</span> <span class='ocrx_word' id='word_1_746' title='bbox 1817 5717 2220 5776; x_wconf 83' lang='lat' dir='ltr'><strong>LECTIONES.</strong></span> 
     </span>
    </p>
   </div>
   <div class='ocr_carea' id='block_1_109' title="bbox 345 5801 757 5867">
    <p class='ocr_par' dir='ltr' id='par_1_109' title="bbox 345 5801 757 5867">
     <span class='ocr_line' id='line_1_109' title="bbox 345 5801 757 5867; baseline 0.024 -11"><span class='ocrx_word' id='word_1_747' title='bbox 345 5808 378 5855; x_wconf 71' lang='grc' dir='ltr'><strong>ι</strong></span> <span class='ocrx_word' id='word_1_748' title='bbox 401 5801 568 5862; x_wconf 76' lang='lat' dir='ltr'><strong>Forte</strong></span> <span class='ocrx_word' id='word_1_749' title='bbox 593 5801 653 5862; x_wconf 80' lang='grc' dir='ltr'><strong>ιύ</strong></span> <span class='ocrx_word' id='word_1_750' title='bbox 676 5806 757 5867; x_wconf 80' lang='grc' dir='ltr'><strong>δέ.</strong></span> 
     </span>
    </p>
   </div>
  </div>
