4048 6408
651 357 756 424 137
1847 375 1907 435 s.
1946 375 2263 436 JOANNIS
2301 373 2727 443 DAMASCENI
3738 384 3816 464 783

653 485 715 525 se
743 469 811 523 ab
831 468 940 524 illis
974 470 1299 539 quibuscum
1331 484 1458 530 ante
1490 480 1828 534 versabatur.
1858 481 2057 568 \ferum
2082 481 2222 536 Pau-
2249 538 2251 542 Α

2217 514 2222 521 -
2249 490 2292 544 Α
2323 486 2536 557 πρώην.
2585 491 2748 545 Ἀλλὰ
2775 494 3042 566 πεποίηκέ
3073 511 3193 548 τινα
3221 497 3526 567 οἰκονομίαν
3553 503 3656 569 μετ’
3691 511 3815 562 αὑτοῦ

652 561 739 616 lus
773 561 1184 632 dispensatione
1226 568 1458 635 quadam
1518 585 1642 624 cum
1704 588 1769 627 eo
1825 553 1960 628 usus
2005 583 2106 638 est,
2164 585 2222 628 ut

2322 581 2350 631 ὁ
2372 553 2612 646 -Παύλος,
2647 553 2974 655 ἔμπροσθεν’
2988 588 3207 641 πάντων
3240 553 3564 660 ἐπιτιμήσας
3583 553 3820 666 uti:nd

649 651 829 723 ipsum
857 667 1040 708 coram
1070 657 1325 713 omnibus
1374 661 1821 730 reprehenderet,
1848 665 1994 734 quod
2029 674 2220 734 gentes

2322 671 2383 724 τὸ
2409 651 2741 742 ἀναγκάζειν
2770 651 3082 743 ζἰουδαΐζειν
3102 679 3169 732 τὰ
3197 679 3348 749 ἔθνη,
3369 651 3512 745 ὅπως
3529 651 3589 736 αν
3607 651 3819 742 τοῦ.

648 751 869 815 cogeret
915 745 1234 815 judaizare;
1281 751 1357 804 uti
1391 753 1655 821 magistro
1692 755 1807 811 tunc
1855 758 2134 823 audiente,
2165 766 2220 812 et

2325 764 2524 818 σκὰλου
2554 765 2726 820 ταῦτα
2759 769 3049 834 ἀκούοντος
3077 773 3171 825 καὶ
3205 772 3530 838 σιωπῶντος,
3575 776 3740 831 ἐκεῖνοι
3757 782 3822 834 διὰ

650 843 884 900 tacente,
917 839 1038 909 ejus
1071 840 1453 911 objurgatione
1480 846 1554 898 illi
1584 846 1936 910 docerentur,
1959 847 2220 905 Judaicos

2321 853 2422 921 τῆς
2446 856 2816 927 ἐπιτιμήσεως
2845 860 3012 914 αὑτοῦ
3037 861 3132 914 τοῦ
3163 851 3484 916 διδασκάλου
3529 865 3739 934 μάθωσιν
3767 871 3823 933 ὡς

649 928 788 984 ritus
819 945 928 984 non
977 947 1098 987 esse
1127 935 1446 990 servandos.
1498 939 1696 992 Totum
1729 955 1894 1009 porro
1941 942 2216 1011 negotium

2319 945 2379 994 ού
2423 944 2506 997 δεῖ
2551 947 2843 1013 φυλάττειν
2882 950 2950 1004 τὰ
2983 951 3250 1004 Ἰουδαῖκὰ
3298 951 3416 1023 ἔθη.
3465 928 3730 1025 Οίκονομὶα

649 1018 754 1072 hoc
799 1034 947 1075 mera
999 1022 1338 1091 dispensatio
1405 1036 1542 1090 erat,
1601 1039 1832 1100 utroque
1887 1034 2218 1088 connivente

2320 1035 2440 1087 ὅλον
2479 1036 2540 1088 τὸ
2579 1040 2813 1109 πρᾶγμα
2868 1035 2968 1111 ἦν,
3003 1043 3067 1094 ἐκ
3102 1018 3394 1106 συνέσεως-
3432 1018 3725 1115 ἀμφοτέρων
3760 1047 3824 1100 διὰ

648 1119 873 1181 propter
922 1113 1317 1183 discipulorum
1381 1120 1696 1176 utilitatem.
1751 1125 2044 1190 Quocirca,
2105 1126 2220 1180 sive

2319 1127 2418 1197 τὴν
2439 1128 2707 1195 ὠφέλειαν
2742 1130 2852 1185 τῶν
2889 1130 3166 1201 μαθητῶν,
3192 1131 3336 1186 ὥστε
3367 1133 3470 1186 κᾶν
3498 1135 3824 1205 ὑποκρίνεσθαι

644 1199 866 1256 Petrum
920 1204 1211 1260 simulasse
1243 1207 1409 1272 dicat,
1446 1211 1562 1265 sive
1593 1228 1700 1268 non
1731 1223 1882 1270 recte
1927 1217 2218 1272 incessisse

2319 1218 2453 1291 λέγῃ
2478 1219 2566 1272 τὸν
2597 1221 2826 1292 Πέτρον,
2849 1199 2954 1276 κᾶν
2979 1199 3052 1294 μὴ
3075 1225 3388 1296 δρθοποδεῖν
3414 1226 3546 1297 πρὸς
3560 1199 3822 1296 ὼφυέλειανι,

644 1293 712 1345 ad
744 1293 1047 1358 veritatem,
1107 1300 1434 1355 necessaria:
1480 1300 1879 1373 dispensationi
1923 1321 2086 1362 voces
2119 1307 2218 1379 has

2149 1325 2218 1379 las
2318 1309 2383 1376 τῇ
2401 1309 2679 1379 οἰκονομίᾳ
2707 1310 2806 1379 τῆς
2835 1293 3049 1381 χρείας,
3073 1293 3174 1376 τας
3203 1315 3389 1384 φωνὰς
3414 1293 3747 1384 λογισώμεθα.

639 1383 796 1453 juvat
825 1386 1120 1443 ascribere.
2895 1411 2902 1415 ‘

721 1493 742 1527 ι
783 1475 920 1542 Quia
953 1480 1405 1550 reprehensibil'is
1453 1497 1591 1541 erat.
1642 1487 1832 1559 [Vens
1879 1489 1992 1563 ιε]
2055 1491 2217 1548 Prius
2289 1549 2294 1564 ,

2289 1549 2294 1564 ,
2396 1503 2415 1535 ι
2455 1483 2580 1539 Ὀτι
2634 1490 3084 1559 κατεγνωσμένος
3124 1487 3210 1561 ἦν.
3247 1492 3362 1563 Πρὸ
3411 1491 3505 1544 τοῦ
3541 1492 3644 1562 γὰρ
3693 1491 3826 1544 ἐλθεῖν

637 1570 784 1624 enim
813 1587 977 1640 quam
1007 1575 1258 1632 venirent
1287 1579 1506 1648 quidam
1540 1595 1569 1635 a
1615 1581 1840 1646 Jacobo.
1883 1599 2004 1638 cum
2032 1588 2217 1655 genti-

2317 1591 2471 1639 τινας
2499 1576 2609 1630 ἀπὸ
2642 1569 2926 1644 Ἰακώϐου,
2980 1583 3120 1650 μετὰ
3170 1583 3278 1635 τῶν
3310 1583 3537 1636 ἐθνικῶν
3575 1583 3824 1652 συνήσθιεν·

637 1660 744 1717 bus
771 1659 1008 1719 edebat:
1045 1681 1171 1721 cum
1211 1677 1394 1725 autem
1442 1673 1744 1741 venissent,
1778 1676 2136 1732 subtrahebat
2163 1689 2216 1734 et

2117 1687 2136 1731 ι
2163 1689 2216 1734 ει
2317 1670 2404 1722 ὅτε
2431 1670 2490 1723 δὲ
2506 1666 2688 1742 ἦλθον,
2717 1673 3028 1737 ύπέστελλε,
3057 1677 3152 1729 καὶ
3173 1675 3452 1746 ἀφώριζεν
3477 1675 3670 1729 ἑαυτόν.
3699 1693 3713 1724 ι

639 1756 956 1826 s’egregabat
991 1773 1068 1813 se.
1098 1778 1119 1812 ι
2594 1785 2596 1787 '

710 1835 910 1917 Utique
969 1850 1040 1904 ab
1101 1848 1213 1906 illis
1289 1853 1380 1922 qui
1455 1853 1848 1926 Hierosolymis
1915 1831 2288 1912 descende-B

2246 1831 2288 1886 Β
2397 1847 2532 1901 Ὑπὸ
2589 1849 2698 1902 τῶν
2745 1850 3114 1906 κατελθόντων
3155 1853 3397 1924 δηλονότι
3439 1854 3546 1907 ἀπὸ
3582 1853 3824 1924 Ἰεροσολύ-

636 1945 783 1990 rant.
2316 1957 2454 2010 μων.

714 2046 733 2078 ι
771 2026 994 2086 Timens
1024 2047 1120 2087 eos
1143 2033 1235 2101 qui
1267 2050 1332 2087 ex
1365 2035 1789 2093 circumcisione
1811 2047 1984 2093 erant.
2019 2058 2039 2090 ι

1823 2047 1984 2093 erant.
2019 2058 2039 2090 ι
2391 2049 2410 2081 ι
2441 2031 2779 2102 Φοόούμενος
2810 2035 2936 2097 τοὺς
2956 2036 3374 2106 ἐκπεριτομῆς,
3402 2056 3421 2088 ι

706 2117 976 2176 Nimirum
1028 2139 1096 2177 ne
1147 2124 1412 2192 prmberct
1468 2127 1549 2181 eis
1608 2128 2038 2196 oﬂ‘endiculunt;
2101 2144 2210 2183 non

2382 2119 2472 2190 Μὴ
2502 2122 2826 2195 σκανδαλίσῃ
2859 2125 3075 2191 αὐτοὺς,
3107 2125 3371 2196 δηλονότι,
3406 2126 3481 2196 μή
3515 2143 3566 2177 τι
3593 2125 3723 2198 πάθῃ
3749 2124 3829 2178 δειι

637 2221 814 2265 autem
851 2229 919 2268 ne
952 2214 1083 2281 quid
1113 2217 1181 2270 ab
1207 2218 1343 2286 ipsis
1374 2227 1653 2286 pateretur
1685 2221 1834 2274 ntali.

1179 2244 1181 2258 ι
1207 2218 1343 2286 ipsis
1374 2227 1653 2286 pateretur
1685 2221 1834 2274 ntali.
2312 2211 2400 2266 νὺν
2423 2214 2554 2283 παρ’
2581 2214 2777 2268 αὐτῶν.

706 2301 872 2358 Vens.
922 2306 1010 2360 15.
1071 2326 1093 2358 ι
1144 2309 1208 2362 Ει
1244 2309 1578 2364 simulationi
1635 2313 1755 2379 ejus
1811 2326 2208 2371 consenserunt

2387 2325 2405 2356 ι
2447 2307 2558 2359 Καὶ
2620 2307 3099 2380 συνυπεκρίθησαν
3159 2305 3310 2376 αὐτῷ
3342 2308 3441 2360 καὶ
3467 2308 3517 2359 οἱ
3542 2307 3702 2360 λοιποὶ
3728 2306 3823 2357 Ἰου-

636 2395 819 2447 cmteri
855 2392 1063 2462 Juda-i;
1105 2398 1178 2451 ita
1215 2410 1274 2450 ut
1305 2397 1590 2454 Barnabas
1635 2399 1932 2456 duceretur
1977 2419 2100 2458 cum
2128 2406 2209 2458 eis

2307 2398 2464 2462 δαῖοι,
2515 2398 2654 2453 ὥστε
2696 2403 2788 2456 καὶ
2835 2401 3088 2469 Βαρνάϐα
3142 2400 3541 2470 συναναχθῆναι
3588 2400 3742 2453 αὐτῶν

589 2491 597 2502 '
635 2483 863 2554 inillam
891 2487 1317 2544 simulationem
1353 2510 1373 2542 ›

1070 2489 1317 2544 itionem.
1353 2510 1373 2542 ι
2309 2490 2616 2559 ὑποκρίσει.
2651 2512 2668 2542 ι

705 2575 1112 2633 Si-mulationem
1162 2583 1426 2645 nominat,
1479 2584 1916 2640 observationem
1963 2585 2116 2656 legis,
2147 2595 2208 2641 ut

2391 2584 2449 2634 Ὺ
2449 2585 2755 2651 πόκρισιν,
2791 2584 2890 2655 τὴν
2933 2583 3178 2654 φυλακὴν
3209 2583 3302 2637 τοῦ
3333 2583 3500 2653 νόμου
3525 2583 3686 2645 καλεῖ,
3714 2580 3821 2633 διδά-

631 2667 827 2724 doceat
853 2671 975 2727 illos
1015 2673 1082 2727 ab
1119 2690 1179 2726 ea
1208 2675 1491 2730 secedere.

1457 2691 1491 2730 ε.
2309 2693 2454 2728 σκων
2485 2676 2684 2746 ταύτης
2709 2675 3055 2746 χωρίζεσθαι.

703 2758 989 2816 “3113.”.
1032 2781 1050 2813 ι
1089 2764 1192 2818 Sed
1229 2782 1352 2820 cum
1394 2766 1652 2821 vidissem
1703 2769 1849 2838 quod
1901 2785 2008 2823 non
2061 2778 2206 2825 recte

2384 2785 2402 2817 ι
2449 2766 2591 2818 Ἀλλ’
2625 2768 2714 2819 ὅτε
2744 2763 2904 2831 εἶδον,
2949 2769 3031 2821 ὅτι
3064 2767 3164 2820 οὐκ
3209 2767 3563 2837 ὀρθοποδοῦσι
3595 2765 3716 2835 πρὸς
3749 2762 3822 2833 τὴν

631 2854 976 2910 ambularent
1033 2857 1100 2911 ad
1157 2861 1435 2916 veritatem
1501 2863 1819 2933 Evangelii,
1877 2864 1990 2917 dixi
2046 2864 2205 2917 Petro

2305 2858 2565 2927 ἀλήθειαν
2591 2858 2686 2911 τοῦ
2713 2859 3070 2927 Εὑαγγελίου,
3086 2855 3239 2912 εἷπον
3255 2859 3332 2928 τῷ
3352 2859 3548 2929 Πέτρῳ
3567 2854 3821 2928 ἑμπροσθεν

629 2957 813 2998 coram
845 2947 1116 3001 omnibus.
1141 2968 1160 3000 ›

1005 2948 1116 3001 bus.
1141 2968 1160 3000 ι
2305 2950 2545 3004 πάντων.
2587 2969 2603 3001 ι

701 3035 814 3091 Hoc
847 3047 950 3102 est,
977 3041 1123 3110 quod
1159 3057 1266 3095 non
1300 3058 1365 3097 ex
1395 3052 1510 3096 toto
1537 3043 1794 3097 traditam
1827 3045 2000 3114 legem
2039 3045 2203 3098 omit-

2379 3040 2661 3102 Τουτέστι,
2696 3039 2976 3103 παντελῶς
3009 3041 3070 3093 οὐ
3111 3039 3383 3094 παύεσθαι
3420 3039 3522 3109 τῆς
3555 3037 3645 3091 τοῦ
3695 3036 3822 3106 νόμον

627 3139 828 3187 terent.
857 3130 1034 3188 Voces
1064 3143 1265 3200 autem,
1293 3141 1354 3187 ut
1387 3134 1550 3188 modo
1580 3135 1922 3193 dicebamus.
1964 3137 2034 3188 ita
2070 3151 2198 3189 con-
2223 3207 2225 3214 Α

2224 3168 2270 3226 c
2305 3133 2678 3201 παραδόσεως.
2716 3132 2805 3195 Ὠς
2833 3132 2891 3186 δὲ
2924 3131 3150 3226 εἴπομεν
3198 3131 3320 3226 ἤδη,
3345 3133 3413 3201 τῇ
3452 3131 3610 3226 χρεία
3657 3128 3745 3226 τῇς
3765 3127 3822 3226 ol-

627 3222 1035 3294 fortnat,prout
1059 3226 1397 3295 dispensatio
1419 3227 1751 3296 postulabat.
1776 3225 1972 3279 Totum
2001 3227 2199 3296 quippe

2235 3217 2269 3226 ⁷
2303 3223 2562 3294 κονομίας
2594 3224 2819 3278 πλάττει
2842 3223 2941 3286 τὰς
2970 3224 3154 3294 φωνάς
3178 3240 3193 3255 ο
3225 3222 3512 3292 οἰκονομία
3530 3221 3633 3292 γὰρ
3661 3219 3761 3274 ὅλον
3779 3217 3822 3269 τὸ

628 3315 1041 3385 dispensatione
1081 3318 1411 3386 gerebatur,
1460 3334 1580 3372 cum
1639 3319 1950 3389 objurgatio
2004 3318 2194 3378 Pauli.

2300 3318 2588 3389 γινόμενον
2629 3314 2720 3390 ἦν,
2768 3317 2916 3386 καὶὴ
2941 3315 3232 3384 ὲπίπληξις
3277 3314 3374 3368 τοῦ
3418 3314 3662 3375 Παύλου,
3703 3312 3820 3378 καὶὴ

626 3417 741 3460 tum
774 3408 1049 3462 silentium
1077 3418 1130 3462 et
1155 3424 1420 3464 assensus
1453 3408 1623 3464 Petri.
1658 3409 1834 3464 Unum
1859 3411 2003 3464 enim
2038 3413 2198 3463 ambo

2301 3412 2479 3481 σιωπὴ
2507 3412 2602 3464 καὶ
2640 3409 3042 3479 συγκατάθεσις
3065 3408 3159 3462 τοῦ
3191 3407 3425 3478 Πέτρου.
3454 3407 3551 3460 Ἕν
3581 3406 3682 3475 γὰρ
3723 3402 3819 3471 ἒζή·

625 3500 960 3569 quaerebant,
1003 3509 1060 3554 ut
1101 3499 1306 3557 Christi
1353 3502 1539 3558 lideles
1581 3502 1650 3558 ab
1699 3503 2038 3558 observanda
2083 3503 2197 3572 lege

2297 3518 2425 3554 τουν
2447 3501 2768 3570 ἀμφότεροι,
2793 3500 2853 3552 τὸ
2880 3497 3087 3552 παῦσαι
3105 3497 3230 3559 τοὺς
3254 3495 3616 3557 πιστεύοντας
3635 3491 3820 3560 είςΧρε-

623 3593 1046 3649 deterrerentur.

2299 3595 2424 3648 στὸν
2453 3594 2548 3648 τοῦ
2584 3595 2675 3647 τὸν
2705 3593 2868 3664 νόμον
2896 3594 3195 3663 ἐπιτηρεῖν.
3677 3677 3690 3692 ι
3761 3673 3772 3692 ν
3804 3673 3813 3688 .

699 3703 719 3735 ι
752 3683 809 3740 Si
851 3694 910 3740 ttt
936 3685 1155 3743 Judmus
1182 3703 1304 3744 cum
1337 3691 1436 3753 sis,
1483 3689 1757 3759 gentiliter
1796 3689 1959 3754 vivis,
1991 3700 2045 3746 et
2085 3707 2192 3746 non

2328 3728 2335 3734 .
2375 3705 2394 3737 ι
2426 3688 2490 3740 Εἰ
2519 3688 2583 3740 σὺ
2627 3685 2878 3748 Ἰουδαῖος
2904 3684 3174 3755 ὑπάρχων
3196 3681 3431 3745 ἐθνικῶς
3457 3681 3578 3752 ζῇς,
3611 3677 3699 3732 καὶ
3731 3677 3821 3743 οὐχὶ

621 3776 863 3841 Iudaico,
900 3799 920 3832 ι

2307 3779 2632 3841 Ἰουδαϊκῶς.
2659 3796 2676 3829 ι
3411 3863 3424 3870 Δ
3665 3858 3681 3870 ι
3757 3854 3766 3870 1

695 3870 751 3925 Id
787 3880 892 3938 est,
920 3874 1242 3928 observator
1275 3891 1385 3930 non
1420 3890 1483 3929 es
1513 3876 1668 3944 legis,
1707 3875 1801 3930 sed
1835 3876 2192 3944 quemadmo-

2366 3870 2680 3932 Τουτέστιν,
2716 3869 2790 3923 Οὐ
2824 3869 3012 3938 τηρεῖς
3059 3867 3159 3935 τὴν
3215 3863 3308 3917 τοῦ
3333 3863 3537 3966 ⁸νόμου
3597 3858 3817 3966 munitum

621 3967 750 4017 dum
781 3964 859 4018 illi
892 3966 980 4033 qui
1020 3966 1368 4020 crediderunt
1399 3981 1461 4019 ex
1499 3967 1778 4035 gentibus,
1835 3980 1936 4020 nec
1970 3967 2191 4021 Nconte-

2293 3961 2408 4016 ἀλλ’
2429 3961 2619 4030 ὥσπερ
2647 3961 2697 4014 οἱ
2725 3958 3112 4020 πιστεύσαντες
3154 3955 3265 4008 τῶν
3327 3954 3528 4018 ἐθνῶν,
3580 3950 3693 4006 οὔτε
3711 3947 3817 4000 Νου-

621 4057 764 4119 nias,
799 4071 899 4109 nec
931 4055 1170 4110 Sabbata
1201 4056 1445 4110 custodis
1479 4058 1735 4126 amplius.

2294 4053 2512 4125 μηνίας,
2545 4051 2669 4106 οὕτε
2704 4050 2960 4105 Σάϐϐατα
2980 4047 3267 4118 φυλάττεις
3285 4045 3389 4099 ἔτι.

695 4166 714 4198 ι
748 4146 1032 4210 Quomodo
1065 4163 1195 4216 ergo
1221 4157 1408 4218 gentes
1443 4148 1594 4217 cogis
1616 4149 1914 4216 judaizare.
1955 4167 1974 4198 ι

2365 4162 2385 4196 ι
2425 4142 2550 4206 Πῶς
2572 4141 2642 4194 τὰ
2674 4139 2804 4210 ἔθνη
2828 4136 3158 4208 ἀναγκάζεις
3181 4135 3539 4201 Ἰουδαΐζεινς
3564 4151 3582 4186 ι

694 4236 849 4306 162
885 4236 1046 4304 Atqui
1073 4251 1136 4289 ex
1163 4236 1264 4290 hoc
1292 4251 1508 4306 quoque
1537 4239 1714 4304 capite
1747 4239 1946 4306 negotii
1970 4237 2190 4306 dispen-

2360 4235 2470 4289 Καὶ
2498 4235 2564 4289 ὲκ
2589 4233 2780 4288 τούτου
2807 4234 2838 4303 ἡ
2863 4231 3144 4302 οἰκονομία
3167 4228 3263 4285 τοῦ
3301 4229 3626 4299 πράγματος
3644 4222 3815 4276 δείκνυ-

618 4325 759 4378 satio
798 4325 1164 4393 pernoscitnr.
1194 4322 1328 4378 Nam
1361 4327 1614 4394 quamvis
1648 4325 1845 4382 Petrus
1886 4343 2064 4397 neque
2096 4343 2190 4382 co-

2287 4345 2399 4382 ται.
2441 4327 2632 4380 Καίτοι
2651 4343 2714 4394 γε
2753 4325 2826 4396 μὴ
2875 4324 3277 4392 ἀναγκάζοντος
3316 4321 3508 4384 αὑτοῦ,

619 4415 847 4482 egisset,
875 4431 1053 4485 neque
1084 4416 1352 4471 suasisset
1379 4417 1443 4471 ad
1467 4415 1724 4473 Judaicos
1761 4434 1940 4474 mores
1961 4434 2187 4488 sequen-

2289 4419 2470 4479 θοντος
2517 4417 2824 4480 ’ἰουδαΐζειν
2869 4415 2940 4468 τὰ
2973 4414 3121 4483 ἔθνη,
3169 4410 3328 4464 τοῦτό
3381 4427 3551 4480 φησιν
3579 4410 3606 4460 ὁ
3648 4402 3815 4461 Παῦλος

618 4503 739 4565 dos,
767 4502 869 4557 hoc
909 4512 1091 4559 tamen
1130 4504 1334 4560 Paulus
1371 4506 1442 4560 ab
1471 4506 1588 4574 ipso
1626 4506 1826 4561 factum
1869 4509 2034 4570 dixit,
2075 4523 2184 4578 quo

2217 4504 2264 4556 D
2289 4510 2483 4569 ποιεῖν,
2517 4507 2604 4560 ἵνα
2661 4507 2974 4576 εύὰφορμος
3032 4503 3180 4571 αὐτῷ
3206 4501 3282 4565 ὡς
3312 4500 3456 4572 ὑπὲρ
3489 4500 3633 4554 ἰδίων
3669 4493 3813 4566 μαθη·

619 4594 836 4648 Petrum
866 4595 1208 4665 objurgando
1247 4598 1588 4652 occasionem
1621 4599 1846 4652 haberet
1891 4599 2190 4670 discipulos

2287 4600 2395 4653 τῶν
2420 4601 2453 4669 ἡ
2497 4599 2633 4668 πρὸς
2685 4598 2774 4650 τὸν
2808 4598 3012 4667 Πέτρον
3050 4594 3368 4664 ἐπιτίμησις
3420 4588 3638 4660 εὖρεθῇ.
3673 4583 3811 4650 Δελη-

618 4683 928 4740 erudiendi.
985 4686 1136 4743 Clam
1181 4705 1314 4744 vero
1361 4689 1616 4744 universa
1649 4690 1820 4746 haece
1872 4696 2190 4748 narratione

2289 4691 2458 4755 θότως
2483 4691 2540 4744 δὲ
2569 4691 2658 4744 διὰ
2688 4691 2886 4753 παντὸς
2911 4688 3003 4742 τοῦ
3048 4687 3208 4759 διηγή
3219 4703 3410 4758 ματος,
3461 4681 3695 4738 παιδεύει
3732 4676 3813 4728 Γα-

617 4776 842 4831 Galatas
885 4787 1089 4843 monet,
1143 4790 1202 4834 ut
1247 4783 1642 4853 increpationis
1699 4799 1812 4839 suae
1863 4785 2185 4854 gravitatem

2287 4782 2455 4846 λάταξ
2485 4782 2544 4834 τὸ
2589 4781 2729 4851 βαρὺ
2775 4781 2873 4849 τῆς
2917 4775 3259 4848 ὲπιπλήξεως
3301 4774 3505 4846 ῥᾳδίως
3562 4763 3811 4842 φέρειν.Ει

614 4881 772 4933 :equo
804 4868 986 4922 animo
1024 4869 1278 4924 tolerent.
1315 4871 1451 4927 Nam
1489 4873 1545 4928 si
1591 4871 1817 4936 Petrus,
1869 4889 1936 4928 ex
1981 4871 2188 4929 Judaeis

2285 4873 2392 4942 γὰρ
2422 4876 2451 4927 ὁ
2472 4873 2676 4944 Πέτρος
2696 4872 2756 4937 ἐξ
2795 4871 3062 4926 Ἰουδαίων
3094 4871 3191 4934 ὢν,
3249 4869 3346 4924 καὶ
3384 4866 3690 4929 ’ἰουδαΐζειν
3721 4857 3810 4913 ταί-

613 4974 737 5014 cum
770 4968 939 5024 esset,
989 4962 1436 5033 permitteretqtm
1469 4964 1776 5034 judaizare,
1824 4965 2190 5033 reprehensus

2289 4967 2397 5020 θων
2454 4965 2782 5037 ἐπετιμήθη,
2831 4965 2925 5018 καὶ
2965 4965 3198 5034 ἤνεγκεν
3242 4964 3344 5034 τὴν
3391 4962 3721 5054 ἐπιτίμησιν,
3754 4948 3810 5054 (ξὸ

615 5051 752 5121 fuit,
819 5055 1414 5126 reprehensionemque
1475 5057 1698 5111 admisit
1753 5067 2015 5128 tanquam
2083 5058 2187 5111 rite

2287 5056 2468 5121 καλῶς
2518 5057 2830 5127 γινομένην,
2890 5054 3069 5131 πολλῷ
3124 5054 3284 5108 πλέον
3320 5053 3564 5107 Γαλάται
3589 5049 3646 5114 ἐξ
3674 5045 3811 5099 ἐθνῶν

613 5142 810 5197 factam
836 5162 851 5210 ;
882 5145 1053 5198 multo
1077 5144 1252 5214 magis
1279 5143 1507 5210 Galatae,
1540 5146 1656 5214 qui,
1689 5147 1812 5201 licet
1839 5156 2025 5202 essent
2048 5162 2183 5216 gen-

2281 5148 2454 5214 ὅντες,
2489 5150 2582 5202 καὶ
2604 5147 2998 5210 πιστεύσαντες
3021 5149 3102 5206 είς
3123 5145 3356 5216 Χριστὸν
3373 5186 3388 5208 ,
3410 5146 3510 5198 καὶ
3538 5143 3688 5196 πάλιν
3707 5138 3809 5189 ὑπο-

609 5232 759 5297 tiles,
800 5242 855 5287 et
891 5233 1334 5288 credidissentiu
1364 5234 1823 5305 Christum,jugo
1844 5245 2022 5290 tamen
2043 5237 2185 5304 legis

2281 5239 2466 5302 θέντες
2493 5241 2721 5302 ἑαυτοὺς
2740 5242 2807 5310 τῇ
2834 5238 3048 5308 δουλείᾳ
3065 5236 3159 5290 τοῦ
3180 5236 3368 5306 νόμου,
3392 5230 3807 5305 επιπληττόμενοι

610 5339 732 5378 sese
775 5340 995 5379 rursum
1033 5326 1504 5396 inancipaverant,
1541 5327 1974 5399 objurgationem
2010 5329 2184 5398 ipsius

1708 5330 1974 5399 gationem
2010 5329 2184 5398 ipsius
2277 5334 2528 5404 δέχεσθαι
2565 5332 2840 5401 ὀφείλουσι
2867 5333 2965 5401 τὴν
2997 5327 3305 5400 ἐπίπληξιν.

608 5415 880 5472 debebant
905 5416 1068 5472 ferre.
2697 5509 2704 5511 _
2839 5508 2874 5511 __
2949 5505 2969 5511 Α
3013 5508 3033 5511 _
3205 5504 3216 5511 _
3291 5505 3304 5511 _
3382 5501 3433 5511 ,-
3474 5501 3520 5511 _-
3567 5499 3593 5511 -

680 5503 852 5563 Vens.
880 5509 967 5572 15,
995 5511 1082 5564 16.
1122 5529 1140 5562 ι
1171 5508 1279 5567 Nos
1308 5521 1506 5567 natura
1528 5511 1725 5580 Judaﬁ,
1753 5523 1930 5570 etnon
1950 5529 2015 5568 ex
2043 5528 2174 5583 gen-

2360 5529 2379 5560 ι
2427 5506 2618 5578 Ἡμεῖς
2637 5509 2796 5577 φύσει
2838 5505 3106 5571 Ἰουδαῖοι,
3133 5504 3228 5560 καὶ
3250 5505 3351 5558 οὐκ
3378 5501 3437 5566 ἐξ
3463 5499 3632 5555 ἐθνῶν
3657 5497 3804 5565 ἁμαρ-

1904 5692 2136 5751 νΑΒιΑε
2182 5689 2589 5750 LECTIONES.

674 5783 696 5812 ³
717 5773 865 5847 Lego
887 5774 1166 5847 ἀλήθειαν.
