4048 6426
221 384 333 449 789

1398 332 1477 442 IN
1518 380 1755 441 EPIST.
1792 380 1893 439 AD
1928 379 2287 439 GALATAS.

3362 372 3468 435 790

218 498 406 551 τωλοί.
430 496 644 560 Είδότες
670 498 753 552 ὅτι
775 497 838 550 οὐ
866 496 1175 551 δικαιοῦται
1207 497 1493 567 ἄνθρωπος
1523 496 1582 561 ἐξ
1614 495 1791 566 ἔργων

1921 493 2044 548 ibus
2076 502 2419 564 peccatores.
2472 491 2721 545 Scientes
2777 488 2924 559 quod
2970 501 3077 541 non
3127 486 3465 557 justil‘tcatur

221 590 426 659 νόμου,
475 588 573 642 ἐὰν
609 588 684 659 μὴ
730 588 820 642 διὰ
879 589 1116 653 πίστεως
1150 589 1328 660 Ἰησοῦ
1375 591 1649 659 Χριστου,
1700 588 1794 640 καὶ

220 685 386 752 ἡμεῖς
435 684 517 745 είς
569 682 803 752 Χριστὸν
852 681 1059 751 Ἰησοῦν
1119 682 1544 749 ἐπιστεύσαμεν,
1602 681 1688 733 ἵνα
1711 680 1794 732 δι-

223 773 556 844 καιωθῶμεν
586 776 651 827 ὲκ
680 773 915 836 πίστεως
948 773 1185 841 Χριστοῦ
1206 816 1220 837 ,
1253 774 1347 826 καὶ
1395 774 1495 826 οὐκ
1526 770 1587 836 ἐξ
1616 772 1794 843 ἔργων

223 864 417 933 νόμου,
456 864 591 916 δίοτι
620 862 678 926 ἐξ
697 862 874 933 ἔργων
905 863 1067 932 νόμου
1091 864 1150 916 οὐ
1183 863 1609 933 δικαιωθήσεται
1645 863 1794 914 πᾶσα

225 956 258 1023 ὴ
292 955 451 1024 σάρξ.
483 973 501 1005 ι

296 1045 734 1109 Κατασκευάσας
764 1048 828 1099 ὲκ
863 1045 972 1099 τῶν
1027 1045 1157 1117 περὶ
1203 1045 1410 1118 Πέτρον
1445 1046 1508 1100 τὸ
1560 1048 1635 1118 μὴ
1687 1049 1799 1101 δεῖν

227 1137 677 1208 περιτέμνεσθαι,
710 1136 1147 1209 καθολικώτερον
1169 1137 1329 1192 τοῦτο
1372 1141 1795 1206 κατασκευάζει.

228 1230 292 1280 Ei
327 1230 438 1299 γὰρ
481 1231 531 1282 οἱ
583 1231 648 1282 ὲκ
695 1230 885 1293 παιδὸς
930 1230 1193 1297 Ἰουδαῖοι,
1230 1232 1323 1284 καὶ
1356 1233 1417 1284 ού
1446 1233 1797 1304 προσήλυτοι,

225 1317 347 1369 ἀλλ’
377 1318 733 1388 ἐντραφέντες
758 1317 836 1387 τῷ
865 1319 1034 1388 νόμῳ,
1069 1319 1169 1388 τὴν
1190 1320 1474 1375 ἀσθένειαν
1499 1323 1802 1393 ἑωρακότες

225 1410 327 1461 τοῦ
368 1410 535 1478 νόμου
566 1412 646 1473 είς
681 1411 742 1463 τὺ
773 1411 1061 1464 δικαιῶσαι
1095 1414 1186 1464 τὸν
1227 1412 1537 1484 ἄνθρωπον,
1573 1418 1653 1480 εἰς
1703 1418 1801 1487 τὴν

226 1500 319 1553 διὰ
345 1500 585 1563 πίστεως
645 1502 984 1573 μετέστησαν
1016 1503 1196 1574 χάριν,
1234 1506 1386 1574 πόσῳ
1438 1505 1635 1575 μᾶλλον
1665 1508 1714 1559 οἱ
1745 1507 1803 1572 ἐξ

228 1592 409 1661 ἀρχῆς
437 1591 514 1662 μὴ
540 1591 692 1655 ὄντες
714 1592 809 1646 τοῦ
841 1594 1033 1663 νόμου,
1058 1594 1175 1646 ἀλλ’
1200 1596 1263 1647 ὲκ
1288 1596 1396 1648 τῶν
1436 1596 1626 1661 ἐθνῶν,
1684 1592 1804 1652 εἶτα

231 1681 623 1746 πιστεύσαντες
659 1686 740 1747 είς
771 1684 1026 1756 Χριστὸν,
1059 1686 1157 1739 οὐκ
1176 1686 1448 1754 ὀφείλουσι
1483 1689 1804 1760 προσκλῖναι

238 1773 320 1843 τῷ
352 1774 665 1828 ἀσθενοῦντι
700 1775 840 1846 πρὸς
860 1775 1146 1849 διόρθωσιν
1176 1777 1346 1848 νόμῳ.

314 1971 333 2002 σ
374 1954 434 2006 El
458 1953 515 2006 δὲ
547 1952 831 2023 ζητοῦντες
857 1955 1287 2027 δικαιωθῆναιὲν
1315 1960 1556 2031 Χριστῷ,
1583 1962 1812 2034 εὑρέθη-

236 2063 338 2113 μεν
384 2046 653 2098 καίαύτοὶ
693 2047 1032 2117 ἁμαρτωλοὶ,
1064 2045 1175 2118 ἆρα
1233 2051 1468 2122 Χριστὸς
1532 2055 1812 2126 ἁμαρτίας

230 2136 482 2199 διάκονος
499 2154 513 2203 ;
529 2156 546 2187 ι

308 2226 457 2295 Ὅρα
489 2228 569 2289 είς
594 2226 726 2296 ὅσην
752 2228 987 2283 ἀτοπίαν
1022 2229 1210 2300 ἐξάγει
1233 2236 1359 2297 τοὺς
1380 2237 1813 2308 προσκειμένους

230 2312 315 2380 τῷ
339 2314 512 2385 νόμῳ.
542 2316 605 2369 El
637 2318 738 2369 οὐκ
770 2317 968 2387 ίσχύει,
1002 2320 1187 2391 φησὶν,
1217 2323 1352 2392 ήείς
1374 2325 1610 2394 Χριστὸν
1631 2326 1815 2390 πίστις

230 2402 547 2468 δικαιῶσαι,
613 2404 748 2459 ἀλλά
780 2407 994 2478 ἀνάγκη
1052 2410 1215 2463 »πάλιν
1243 2411 1322 2480 τῷ
1368 2412 1518 2483 νόμῳ
1569 2413 1810 2485 ἔχεσθαι,

231 2493 331 2545 τὸν
356 2494 522 2563 νόμον
553 2495 781 2562 ἀφέντες
813 2496 903 2550 διὰ
934 2499 1193 2569 Χριστὸν,
1215 2500 1309 2553 καὶ
1349 2502 1408 2555 οὐ
1446 2502 1815 2575 δικαιούμενοι

236 2586 309 2638 ἐκ
335 2584 440 2655 τῆς
460 2584 728 2653 ἀφέσεως,
754 2588 888 2642 ἀλλά
915 2591 1390 2664 κατακρινόμενοι,
1416 2596 1515 2665 τῆς
1552 2598 1817 2669 κατακρί·

239 2692 386 2735 σεως
435 2677 741 2747 εὑρήσομεν
798 2678 960 2732 αὑτὸν
1018 2682 1150 2752 ἡμῖν
1194 2683 1478 2755 γινόμενον
1528 2686 1723 2752 αἴτιον,
1749 2688 1815 2742 δι’

235 2767 301 2821 ὃν
355 2766 449 2821 τὸν
513 2768 676 2839 νόμον
722 2770 952 2839 ἀφέντες
1008 2774 1144 2846 πρὸς
1189 2775 1287 2848 τὴν
1340 2778 1525 2833 πίστιν
1583 2780 1818 2853 ὲδράμο-

246 2875 371 2927 μεν.

339 2966 358 2997 ι
388 2948 476 3018 Μὴ
506 2950 739 3015 γένοιτο.
767 2970 783 3003 ι

344 3039 629 3111 Ἑωρακὼς
680 3041 778 3110 τὴν
838 3043 1243 3113 συμὸαίνουσαν
1290 3051 1354 3101 ὲκ
1396 3050 1491 3103 τοῦ
1548 3052 1819 3124 δόγματος

1899 585 2064 639 homo
2087 600 2153 640 ex
2174 584 2434 655 operibus
2458 583 2614 653 legis,
2647 582 2751 637 nisi
2774 595 2872 652 per
2898 580 3056 635 [idem
3077 577 3209 635 Jesu
3232 578 3468 641 Christi;

1898 684 1955 729 et
1988 689 2090 729 nos
2129 674 2185 728 in
2213 674 2435 729 Christo
2476 671 2606 729 Jesu
2637 671 2996 736 credidimus,
3029 667 3473 739 utjustillcemur

1899 780 1964 820 ex
1999 764 2105 819 tide
2134 765 2361 831 Christi,
2392 771 2447 819 et
2488 779 2597 818 non
2639 778 2703 818 ex
2735 761 2997 832 operibus
3036 761 3193 831 legis.
3243 759 3474 830 Pmpter

1901 858 2047 928 quod
2083 872 2151 912 ex
2214 858 2478 927 operibus
2519 857 2656 928 legis
2705 872 2814 910 non
2860 852 3252 927 justiﬂcabitur
3296 852 3475 912 omnis

1900 961 2050 1002 031⁵0.
2083 965 2101 999 Ι
2374 963 2378 966 ’

1973 1037 2267 1108 Postquam
2292 1053 2357 1094 ex
2388 1036 2459 1092 iis
2496 1051 2619 1107 quae
2643 1035 2808 1091 Petro
2846 1035 3188 1101 acciderant,
3221 1046 3477 1103 compro-

1906 1129 2072 1194 bavit,
2108 1145 2215 1184 non
2249 1138 2503 1199 oportere
2537 1127 2882 1192 circumcidi,
2910 1127 3052 1182 idem
3076 1124 3281 1181 evincit
3306 1139 3477 1195 gene-

1905 1220 2092 1274 ralinri
2134 1220 2372 1275 ratione.
2402 1218 2537 1273 Nam
2573 1221 2622 1275 si
2670 1219 2765 1289 qui
2814 1233 2847 1273 a
2888 1230 3060 1286 puero
3102 1213 3277 1272 Judaei
3326 1220 3475 1275 sunt,

1905 1324 2081 1379 neque
2111 1310 2402 1380 proselyti,
2443 1308 2695 1377 quinimo
2725 1304 2953 1362 enutriti
2986 1305 3041 1360 in
3083 1302 3221 1375 lege,
3259 1304 3483 1373 cognita

1906 1404 2040 1473 legis
2087 1404 2153 1456 ad
2204 1403 2483 1457 hominem
2535 1401 2745 1470 justum
2796 1397 3110 1454 faciendum
3139 1395 3479 1457 inﬁrmitate.

1906 1496 1970 1550 ad
2007 1495 2237 1565 gratiam
2259 1510 2378 1565 quae
2406 1493 2510 1548 nde
2533 1499 2846 1562 prastatur,
2866 1489 3213 1545 transierunt
3236 1503 3251 1542 :
3272 1495 3489 1557 quanto

1907 1588 2106 1658 potiori
2134 1588 2283 1658 jure,
2316 1586 2413 1657 qui
2453 1600 2483 1639 a
2513 1584 2791 1655 principio
2842 1594 2954 1637 non
2996 1588 3159 1636 erant
3202 1578 3311 1635 sub
3340 1578 3480 1648 lege,

1908 1679 2003 1734 sed
2029 1694 2093 1735 ex
2112 1678 2388 1748 gentibus,
2421 1688 2536 1732 tum
2554 1676 2755 1731 deinde
2781 1676 2838 1729 in
2864 1673 3149 1730 Christum
3172 1670 3481 1736 credidere,

1909 1770 2162 1825 addicere
2194 1784 2255 1825 se
2290 1785 2404 1823 non
2437 1768 2639 1824 debent
2682 1765 2810 1836 legi,
2845 1779 2971 1836 quae
2996 1760 3209 1820 rectum
3252 1760 3484 1817 reddere

1835 1835 1879 1892 Β
1911 1875 2017 1915 non
2046 1859 2213 1916 valet.

1980 1953 2148 2010 Vsus.
2200 1954 2285 2007 17.
2342 1970 2362 2003 ι
2399 1949 2554 2018 Quod
2609 1950 2656 2005 si
2718 1954 3027 2020 quaerentes
3085 1943 3378 2012 justiﬁcari
3427 1942 3489 1995 in

1909 2046 2155 2110 Christo,
2190 2028 2403 2100 inventi
2448 2057 2641 2099 sumus
2685 2048 2742 2099 et
2789 2040 2896 2111 ipsi
2940 2044 3297 2111 peccatores;
3351 2049 3486 2104 ergo

1910 2138 2166 2196 Christus
2194 2137 2406 2207 peccati
2432 2136 2687 2190 minister
2712 2142 2799 2189 est
2819 2134 2845 2188 ‘l
2878 2152 2897 2187 ι

1982 2230 2204 2287 Videsis
2255 2231 2312 2283 in
2362 2238 2629 2299 quantam
2662 2225 3058 2281 absurditatem
3090 2223 3213 2277 illos
3249 2219 3489 2276 deducat

1911 2324 2009 2396 qui
2042 2322 2245 2379 addicti
2277 2332 2407 2378 sunt
2432 2322 2561 2393 legi.
2588 2319 2646 2374 Si
2679 2318 2816 2375 ﬁdes
2838 2318 2894 2373 in
2914 2316 3194 2373 Christum
3218 2329 3325 2370 non
3344 2312 3488 2367 valet

1914 2414 2098 2483 facere
2127 2413 2362 2483 justum,
2395 2411 2492 2466 sed
2520 2422 2750 2465 necesse
2790 2414 2878 2463 est
2903 2404 3103 2460 iterum
3137 2402 3240 2472 legi
3276 2414 3493 2456 morem-

1914 2518 2125 2575 gerere,
2166 2517 2267 2557 nos
2295 2500 2388 2571 qui
2441 2502 2614 2570 legem
2646 2503 2874 2567 propter
2911 2493 3193 2551 Christum
3239 2489 3488 2546 deserui-

1917 2610 2063 2658 mus,
2094 2608 2195 2649 nec
2233 2592 2354 2662 ejus
2382 2588 2684 2645 emissione
2722 2586 2860 2658 justi
2889 2583 3195 2645 evasimus,
3225 2578 3325 2635 sed
3355 2592 3489 2633 con-

1917 2683 2530 2751 demuati,inveniemus
2545 2679 2707 2751 plane
2723 2672 3196 2733 condemnationis
3209 2677 3491 2725 auctorem

1918 2782 2078 2836 nobis
2107 2779 2260 2834 illum
2287 2774 2593 2838 exstitisse,
2615 2775 2841 2843 propter
2867 2781 3031 2839 quem
3059 2764 3252 2821 relicta
3279 2763 3401 2832 lege
3424 2760 3495 2814 ad

1919 2871 2078 2927 ﬁdem
2110 2865 2480 2924 cucurrimus.

1995 2981 2014 3015 ι
2051 2960 2230 3016 Absit.
2276 2977 2295 3010 ι

1933 3111 1937 3115 ,
1988 3054 2125 3110 Cum
2152 3051 2362 3108 videret
2389 3044 2781 3104 absurditatem
2810 3057 2935 3113 quae
2976 3055 3043 3096 ex
3073 3036 3327 3094 doctrina
3359 3033 3494 3087 alio-

238 3130 497 3195 ἀτοπίαν,
530 3132 739 3203 ταχέως
790 3135 1064 3208 ἀποπηδᾷ,
1091 3136 1187 3208 τῷ,
1211 3139 1306 3208 Μὴ
1329 3139 1578 3211 γένοιτο,
1605 3146 1815 3218 χρώμε-

1922 3163 2042 3203 rum
2075 3142 2431 3215 sequebatur,
2478 3139 2590 3194 cito
2640 3134 2841 3198 resilit.
2890 3131 3132 3187 adhibita
3178 3128 3285 3182 hac
3334 3138 3491 3190 voce,

237 3238 354 3286 νος.

317 3333 340 3366 ι
389 3316 452 3369 Ei
484 3316 647 3387 γάρά
668 3318 961 3385 κατέλυσα,
993 3321 1167 3375 ταῦτα
1202 3324 1365 3379 πάλιν
1390 3326 1678 3399 οἰκοδομῶ,
1712 3348 1816 3384 πα-

240 3407 497 3477 ραϐάτην
522 3409 755 3477 ἐμαυτὸν
777 3410 998 3482 συνίστη
1008 3430 1089 3482 μι.
1124 3432 1143 3464 ι

328 3496 588 3551 Ἑκείνων
622 3498 909 3566 λεγόντων,
942 3501 1017 3564 ὡς
1039 3502 1068 3554 ὁ
1104 3504 1178 3572 μὴ
1214 3504 1498 3573 φυλάττων
1520 3508 1612 3561 τὸν
1652 3510 1817 3581 νόμον

239 3587 578 3657 παραϐάτης
617 3588 787 3654 ἐστὶν,
834 3589 1009 3655 οὕτως
1037 3592 1100 3645 ὲκ
1133 3594 1226 3647 τοῦ
1255 3596 1497 3650 ἐναντίου
1558 3601 1811 3672 παραϐά-

236 3695 347 3749 την
380 3679 572 3732 ἑαυτὸν
599 3681 756 3733 καλεῖ
789 3682 1129 3750 φυλάττοντα
1157 3686 1247 3739 τὸν
1282 3688 1463 3758 νόμον.
1501 3693 1726 3763 Ὅμοιον
1761 3698 1818 3752 δὲ

237 3770 385 3829 ὡςεὶ
410 3770 559 3837 λέγοι
584 3772 904 3858 οῇΠέπαυται
931 3775 959 3828 ὁ
980 3775 1163 3843 νόμος,
1197 3779 1292 3831 καὶ
1327 3779 1485 3835 τοῦτο
1528 3784 1817 3858 ὡμολογή-

242 3876 461 3927 σαμεν,
493 3860 561 3912 δι’
595 3853 675 3914 ὧν
728 3862 956 3929 ἀφέντες
1011 3865 1177 3919 αὐτὸν
1214 3868 1305 3920 ἐπὶ
1332 3870 1430 3939 τὴν
1472 3872 1536 3925 ὲκ
1580 3853 1819 3942 πίστεως

241 3949 635 4019 κατεφύγομεν
658 3953 955 4024 σωτηρίαν.
991 3957 1088 4008 Ἂν
1128 3957 1309 4011 τοίνυν
1349 3961 1819 4038 φιλονεικήσωμεν

242 4040 450 4110 στῆσαι
477 4042 570 4094 τὸν
592 4041 777 4111 νόμον,
821 4044 971 4116 αὐτῷ
996 4045 1171 4117 τούτῳ
1200 4050 1511 4120 παραϐάται
1530 4055 1817 4128 γινόμεθα,

239 4130 319 4184 τὰ
344 4131 499 4199 παρά
520 4132 656 4186 Θεοῦ
679 4132 907 4189 λυθέντα
935 4137 1363 4206 φιλονεικοῦντες
1384 4146 1594 4216 τηρεῖν.

326 4348 347 4383 r
388 4328 534 4397 Ἐγὼ
570 4332 680 4403 γάρ
707 4331 795 4387 διὰ
832 4332 997 4403 νόμου
1026 4335 1177 4405 νόμῳ
1226 4337 1494 4392 ἀπέθανον
1515 4381 1530 4407 ,
1566 4340 1655 4396 ἵνα
1706 4341 1824 4413 Θεῷ

244 4421 428 4492 ζήσω.
459 4420 681 4491 Χριστῷ
718 4424 1197 4495 συνεσταύρωμαι.
1232 4445 1251 4479 ι

1916 3241 2156 3385 Marias.
2192 3326 2280 3385 l8.
2318 3345 2337 3378 ι
2371 3324 2429 3380 Si
2460 3322 2607 3379 enim
2651 3337 2774 3393 qua:
2811 3318 3093 3383 destruxi,
3134 3318 3332 3373 iterum
3376 3314 3499 3369 haec

1915 3423 2145 3485 aediﬁco,
2180 3417 2657 3489 praevaricatorem
2684 3428 2772 3467 me
2800 3411 3099 3467 constituo.
3130 3426 3151 3461 ι

1986 3512 2126 3579 Quia
2161 3511 2382 3565 aiebant
2420 3508 2522 3573 illi,
2551 3504 3031 3576 praevaricatorem
3072 3517 3197 3556 esse
3243 3498 3339 3570 qui
3384 3512 3501 3551 non

1918 3611 2166 3661 servaret
2196 3601 2390 3671 legem,
2422 3597 2652 3669 perinde
2682 3610 2905 3666 quoque
2932 3610 2961 3649 a
2994 3590 3272 3647 contrario
3296 3591 3412 3660 ipse
3437 3601 3498 3642 se

1917 3694 2395 3767 praevaricatorem
2426 3689 2543 3745 fore
2585 3687 2744 3752 dicit,
2777 3687 2822 3742 si
2872 3686 2975 3755 legi
3026 3684 3387 3752 obsequatur.
3421 3680 3502 3733 Ac

1918 3786 2028 3841 tale
2056 3782 2339 3854 quidpiam
2392 3780 2514 3835 ait:
2562 3776 2738 3834 Desiit
2780 3779 2887 3838 lex,
2922 3777 3087 3845 idque
3129 3772 3367 3844 professi
3405 3786 3502 3827 su-

1918 3892 2061 3943 mus,
2090 3874 2185 3929 ubi
2216 3873 2442 3929 dimissa
2476 3872 2591 3941 lege
2621 3870 2689 3925 ad
2722 3869 2961 3925 salutem
2992 3882 3118 3937 qua:
3152 3871 3235 3919 cst
3273 3879 3339 3919 ex
3374 3862 3500 3923 ﬁde.

1918 3969 2287 4041 confugimus.
2318 3964 2476 4033 Quod
2505 3960 2551 4019 si
2581 3963 2747 4036 igitur
2769 3961 2942 4032 legem
2975 3957 3241 4013 roborare
3268 3964 3501 4010 conten-

1919 4064 2134 4126 damus,
2167 4062 2269 4115 hoc
2304 4059 2425 4128 ipso
2476 4054 2931 4127 praevaricatores
2979 4044 3195 4115 sumus,
3242 4050 3336 4119 qui
3384 4063 3501 4104 Ser-

1921 4169 2050 4208 vare
2091 4153 2330 4207 nitamur
2363 4164 2426 4204 ea
2466 4163 2588 4220 quae
2637 4162 2668 4201 a
2717 4145 2829 4200 Deo
2876 4143 3062 4200 soluta
3105 4140 3504 4210 antiquamque

1922 4251 2073 4301 sunt.

1993 4336 2160 4392 Vens.
2194 4336 2281 4392 l9.
2340 4353 2362 4385 «η
2395 4333 2510 4405 Ego
2551 4330 2697 4387 enim
2728 4345 2827 4401 per
2869 4328 3047 4400 legem
3096 4325 3203 4398 legi
3253 4332 3517 4380 mortuus»

1925 4440 2071 4488 sum,
2104 4435 2163 4478 ut
2194 4422 2306 4478 Deo
2336 4422 2536 4476 vivam.
2573 4418 2797 4475 Christo
2828 4415 3081 4473 conﬁxus
3119 4428 3241 4470 sum
3271 4412 3442 4468 cruci.
3482 4430 3517 4465 ι-

332 4511 543 4581 Διπλῆν
572 4511 686 4582 ἔχει
745 4513 904 4568 τοῦτο
965 4515 1216 4585 θεωρίαν.
1249 4519 1319 4570 Ἢ
1348 4518 1456 4589 γάρ
1511 4520 1678 4589 νόμον
1729 4521 1815 4574 τὸν

1998 4516 2208 4587 Duplex
2239 4514 2373 4569 dicti
2422 4511 2587 4582 hujus
2634 4507 3009 4567 consideratio
3052 4513 3157 4562 est.
3206 4503 3305 4560 Vel
3360 4504 3526 4560 enim.

242 4602 349 4673 τῆς
377 4601 605 4673 χάριτός
631 4621 815 4675 φησιν,
837 4605 871 4675 ἢ
903 4606 1066 4675 μόνον
1104 4606 1197 4659 τὸν
1241 4608 1468 4663 παλαιὸν
1511 4609 1683 4679 λέγει,
1721 4610 1829 4665 δει-

247 4693 384 4756 κνὺς
406 4694 492 4746 ὅτι
513 4693 581 4746 δι’
602 4694 768 4748 αὐτοῦ
813 4695 906 4749 τοῦ
939 4696 1109 4766 νόμου
1149 4698 1300 4768 νόμῳ
1352 4699 1643 4755 ἀπέθανεν.
1675 4704 1738 4755 Ὃ
1772 4702 1829 4755 δὲ

247 4782 402 4851 λέγει
422 4783 666 4838 τοιοῦτόν
712 4786 886 4840 ἐστιν’
914 4787 1086 4850 Αὐτὸς
1104 4790 1133 4842 ὁ
1154 4788 1316 4857 νόμος
1357 4806 1423 4860 με
1450 4789 1720 4860 ἐξήγαγεν
1752 4795 1831 4854 εἰς

248 4876 313 4931 τὺ
344 4878 638 4949 προσέχειν
665 4878 833 4951 αὐτῷ.
865 4881 929 4933 Εἰ
958 4880 1140 4935 τοίνυν
1186 4880 1436 4951 μέλλοιμι
1465 4882 1617 4953 αὐτῷ
1659 4900 1831 4954 προσ-

250 4969 426 5040 έχειν,
456 4971 553 5023 καὶ
595 4971 760 5024 αὑτὸν
816 4972 1151 5041 παραϐαίνω
1176 4990 1189 5004 ο
1217 4973 1335 5037 πῶς
1357 5013 1372 5039 ,
1406 4974 1502 5027 καὶ
1525 4975 1630 5028 τίνι
1650 4975 1835 5046 τρόπῳ

251 5062 500 5130 Μωῦσῆς
545 5057 717 5115 εἶπεν
750 5064 882 5122 ’Ότι
931 5065 1253 5134 προφήτην
1304 5066 1642 5135 ἀναστήσει
1690 5067 1837 5137 ὑμῖν

252 5150 479 5217 Κύριος
515 5151 584 5204 ἐκ
642 5152 760 5205 τῶν
806 5152 1087 5223 ἀδελφῶν
1133 5155 1302 5224 ὑμῶν
1337 5157 1417 5222 ὡς
1449 5156 1588 5227 ἐμέ·
1646 5160 1833 5213 αὐτοῦ

252 5242 623 5307 ἀκούσεσθε,
661 5246 790 5315 περὶ
814 5246 1053 5317 Χριστοῦ
1089 5246 1291 5315 λέγων;
1320 5248 1480 5302 Ὥστε
1514 5251 1565 5302 oi
1605 5250 1680 5321 μὴ
1707 5251 1833 5304 τού-

254 5351 335 5403 τῳ
366 5333 701 5405 πειθόμενοι,
725 5337 1127 5407 παραϐαίνουσι
1161 5341 1251 5393 τὸν
1286 5340 1464 5411 νόμον.
1501 5341 1565 5394 Τί
1598 5341 1655 5395 δέ
1692 5344 1827 5408 ἐστι,

256 5422 340 5488 τῷ
370 5426 535 5492 νόμῳ
574 5424 916 5493 (laedar-or;
948 5430 1157 5500 Ὥσπερ
1178 5431 1271 5485 τὸν
1293 5430 1484 5503 νεκρδν
1531 5433 1633 5487 οὐκ
1683 5433 1830 5488 ἐστιν

259 5513 611 5579 ὑπαγαγείνι
645 5517 765 5579 ταῖς
818 5516 1059 5580 ὲντολαῖς
1118 5517 1213 5571 τοῦ
1241 5518 1429 5588 νόμου,
1471 5518 1647 5583 οὕτως
1705 5520 1830 5573 οὐδὲ

346 5658 390 5685 ’θ
420 5653 875 5721 Deut.xvm,15.

1926 4609 2119 4681 gratiae
2144 4608 2317 4677 legem
2351 4603 2502 4668 dicit,
2537 4602 2624 4658 vel
2660 4601 2837 4671 legem
2863 4599 3171 4669 antiquam,
3200 4595 3296 4651 ubi
3317 4602 3512 4650 osten-

1927 4701 2007 4756 dit
2045 4715 2142 4770 per
2184 4699 2357 4768 legem
2403 4711 2462 4750 se
2495 4702 2776 4749 mortuum
2821 4706 2944 4747 esse
2982 4687 3292 4761 Iegi.‘Quod
3323 4694 3525 4741 auten

1929 4795 2026 4856 ait,
2055 4794 2201 4848 hunc
2242 4805 2471 4846 sensum
2503 4788 2686 4843 habet.
2729 4785 2839 4842 Lex
2872 4783 2993 4855 ipsa
3023 4797 3112 4838 me
3138 4780 3413 4837 deterruit
3437 4792 3521 4831 ne-

1931 4886 2037 4941 sihi
2090 4884 2526 4953 obtemperarem
2570 4898 2583 4933 :
2624 4878 2769 4933 unde
2827 4877 2875 4932 si
2934 4874 3041 4946 ipsi
3098 4872 3527 4928 auscultavero,

1932 4976 2104 5047 legem
2139 4976 2312 5045 ipsam
2347 4974 2513 5027 violo.
2549 4969 2783 5037 Quinam
2815 4982 2968 5035 vero,
3015 4979 3194 5037 quave
3236 4961 3392 5033 163
3423 4974 3512 5013 ra-

1933 5069 2105 5133 tione,
2146 5066 2363 5137 Moyses
2399 5064 2596 5121 eﬂ‘atus
2618 5070 2703 5117 est
2731 5077 2745 5113 :
2774 5058 2915 5127 Quia
2948 5058 3260 5128 prophetam
3284 5052 3512 5107 suscita-

1934 5159 2009 5213 bit
2053 5158 2192 5213 vobis
2229 5156 2488 5212 Dominus
2527 5156 2590 5207 de
2635 5152 2890 5223 fratribus
2938 5148 3151 5211 vestris,
3197 5144 3332 5198 sicut
3382 5155 3513 5195 me:

1934 5250 2106 5318 ipsum
2136 5245 2364 5300 audietis
2380 5246 2460 5311 ”;
2490 5258 2613 5314 quae
2640 5242 2707 5297 de
2744 5239 2971 5295 Christo
3011 5236 3160 5291 dicta
3197 5238 3320 5287 sunt
3349 5228 3373 5281 ἲ
3406 5227 3521 5293 Qui

1932 5354 2063 5409 ergo
2085 5338 2212 5392 huic
2240 5337 2462 5408 quidem
2496 5349 2608 5389 non
2645 5332 3048 5400 obsequuntur,
3082 5326 3255 5395 legem
3281 5320 3511 5375 violant.

1937 5432 2078 5498 Quid
2105 5437 2285 5485 autem
2324 5430 2429 5484 hoc
2468 5434 2573 5493 est,
2606 5426 2708 5496 legi
2744 5432 2984 5478 mortuus
3042 5419 3198 5476 sum?
3239 5414 3513 5481 Quemad-

1941 5523 2167 5579 modum
2194 5522 2385 5593 utique
2418 5520 2533 5577 ﬁeri
2562 5534 2672 5576 non
2700 5523 2885 5589 petest
2903 5522 2964 5570 ut
2990 5513 3083 5584 qui
3116 5506 3535 5568 mortemobiitc

1554 5781 1782 5839 VARIE
1826 5786 2231 5845 LECTIONES.

330 5881 354 5910 ι
382 5867 528 5937 Lego
560 5883 626 5924 ex
670 5867 925 5938 Chrysot.
957 5869 1268 5925 ὑπακούειν.
