4048 6414
613 337 712 403 791

1816 347 1876 406 S.
1916 344 2235 406 JOANNIS
2272 345 2698 411 DAMASCENI
3704 371 3783 436 792

615 449 905 520 pncceptis
933 449 1073 521 legis
1102 450 1456 521 subjiciatur,
1490 451 1562 505 ita
1593 468 1691 507 nec
1733 467 1853 523 ego,
1898 454 1988 522 qui
2028 452 2195 506 male-

2305 455 2397 524 ὲμὲ
2450 458 2539 509 τὸν
2596 462 2660 513 ἐκ
2716 460 2818 531 τῆς
2849 463 3096 535 κατάρας
3154 464 3249 518 τοῦ
3308 464 3467 537 νόμου
3507 470 3593 541 τῆς
3624 476 3782 539 ἐκείνου

614 541 857 597 dictione
894 541 1027 612 legis
1078 553 1334 598 mortuus
1384 560 1527 600 sum.
1568 542 1678 598 Lex
1723 544 1926 614 quippe
1956 544 2089 597 diris
2138 550 2195 595 et

617 634 990 690 maledictioni
1029 636 1234 691 addicit
1266 637 1442 700 illum,
1470 636 1561 706 qui
1609 638 1794 690 omnia
1842 649 1949 689 non
2000 635 2194 705 imple.

615 730 896 800 veritqua:
934 730 1054 801 lege
1074 731 1394 802 praescripta
1430 738 1581 785 sunt.
1622 728 1833 784 Nemini
1871 737 2055 783 autem
2091 728 2196 783 hoc

617 822 884 893 possibile
910 834 1049 878 erat.

689 913 853 969 Vens.
884 914 975 970 ‘20.
1011 933 1031 968 ι
1070 914 1204 969 Vivo
1222 921 1432 978 autem,
1462 913 1574 984 jam
1606 928 1715 969 non
1745 927 1885 983 ego:
1912 912 2045 966 vivit
2064 926 2194 967 vero

616 1005 670 1058 in
702 1020 789 1061 me
816 1004 1094 1061 Christus.
1127 1004 1283 1071 Quod
1306 1013 1488 1060 autem
1512 1020 1661 1060 nunc
1686 1005 1814 1060 vivo
1845 1004 1900 1059 in
1927 1019 2111 1066 carne,
2137 1004 2192 1058 in

618 1098 722 1153 tlde
752 1098 875 1153 vivo
924 1096 1046 1153 Filii
1099 1097 1219 1165 Dei,
1279 1098 1375 1168 qui
1432 1098 1627 1154 dilexit
1683 1113 1800 1164 me,
1859 1107 1914 1153 et
1967 1097 2193 1154 tradidit

617 1190 970 1261 semetipsum
1003 1205 1100 1258 pro
1128 1206 1234 1245 me.
1274 1209 1294 1243 ι

684 1281 803 1337 Jam
845 1296 953 1336 non
1007 1282 1111 1353 legi
1165 1282 1332 1350 vivo,
1380 1284 1595 1356 inquit,
1644 1298 1822 1355 neque
1890 1281 2193 1338 secundum

615 1374 807 1443 legem.

688 1464 853 1521 Vens.
878 1466 969 1523 2|.
1010 1485 1030 1519 ι
1067 1466 1187 1523 Non
1212 1468 1417 1539 abjicio
1447 1468 1682 1541 gratiam
1706 1468 1824 1524 Dei.
1854 1486 1873 1519 ι

684 1557 789 1613 l‘er
811 1560 1066 1630 gratiam,
1097 1561 1296 1632 inquit,
1325 1561 1468 1618 liber
1492 1561 1666 1618 evasi.
1691 1560 2046 1631 Nequaquam
2063 1574 2197 1630 ergo

614 1651 684 1708 ad
716 1653 887 1725 legem
924 1654 1225 1721 redeundo,
1261 1656 1437 1725 gratia
1494 1654 1759 1726 injuriam
1794 1652 1994 1719 infero,
2044 1667 2108 1708 ac
2150 1653 2194 1708 si

614 1761 724 1801 non
748 1746 955 1803 valeret
976 1749 1147 1804 vitam
1176 1757 1459 1820 praestare.

690 1857 709 1889 ι
753 1838 809 1893 Si
864 1839 1012 1895 enim
1062 1855 1163 1911 per
1211 1839 1386 1912 legem
1449 1840 1711 1912 justitia;
1762 1856 1892 1913 ergo
1942 1840 2196 1897 Christus

612 1934 788 2004 gratis
814 1944 1067 1990 mortuus
1096 1942 1202 1990 est.
1236 1954 1255 1987 ι

682 2027 937 2083 Christus
967 2036 1222 2085 mortuus
1273 2036 1356 2085 est
1391 2042 1493 2100 pro
1546 2028 1729 2095 nobis,
1756 2028 1962 2099 inquit,
1999 2035 2058 2083 ut
2096 2040 2199 2082 nos

612 2118 904 2181 excitaret,
926 2117 1201 2188 justitiam
1243 2117 1519 2189 praebens,
1549 2126 1605 2174 et
1635 2126 1921 2189 peccatum
1954 2132 1987 2171 e
2016 2116 2199 2172 medio

614 2208 895 2266 auferens.
953 2210 1049 2266 Sin
1109 2226 1277 2280 vero,
1344 2212 1663 2283 quicunque
1716 2211 2196 2267 circumcisionem

613 2304 869 2367 suadent.
899 2320 999 2375 per
1026 2305 1199 2376 legem
1225 2304 1441 2376 justum
1469 2306 1749 2361 hominem
1778 2304 1895 2360 ﬁeri
1919 2313 2195 2369 asserunt,

613 2410 1024 2469 supervacanea
1046 2406 1133 2454 est
1160 2413 1311 2454 mors
1338 2397 1566 2455 Christi.

1263 2525 1418 2583 CAP.
1460 2525 1550 2583 Ill.

683 2634 848 2694 Vsus.
881 2637 935 2692 1.
972 2657 991 2690 ι
1019 2636 1067 2693 0
1095 2637 1367 2696 inseusati
1408 2637 1635 2694 Galatae.
1678 2657 1698 2689 ι

683 2732 921 2787 Ostensa
950 2731 1297 2789 absurditate
1338 2741 1394 2788 et
1439 2731 1531 2789 Dei
1590 2732 1818 2803 injuria,
1855 2732 2197 2804 prandenter

611 2822 763 2879 addit
796 2824 1263 2895 objurgationem.

689 2934 709 2968 ι
747 2915 884 2985 Quis
903 2918 1060 2974 vobis
1085 2918 1304 2983 invidit,
1331 2931 1403 2974 ne
1431 2918 1736 2974 obediretis
1769 2918 2028 2976 veritati?
2063 2937 2083 2971 ι

682 3094 1035 3151 Demonstrat
1077 3110 1174 3150 eos
1207 3094 1396 3151 felices
1424 3096 1728 3159 exstitisse,
1758 3093 2003 3167 quandiu
2031 3094 2189 3151 ﬁdem

2292 552 2716 623 τελευτήσαντα.
2749 556 2808 608 ’0
2854 555 2962 627 γὰρ
3012 557 3176 629 νόμος
3224 559 3608 633 ὲπικατάρατον
3652 571 3785 630 ἐποίει

2293 644 2471 699 πάντα
2491 646 2584 697 τὸν
2613 647 2687 717 μὴ
2720 646 3031 718 πληροῦντα
3070 649 3140 704 τὰ
3186 651 3245 705 ὲν
3274 650 3354 723 τῷ
3380 651 3539 724 νόμῳ.
3570 659 3724 726 Οὐδεὶς
3744 666 3785 718 δὲ

2293 737 2521 802 δυνατὸς
2541 739 2831 810 πληρῶσαι
2856 736 2946 811 ἦν.

2372 934 2391 966 ι
2432 918 2519 969 Ζῶ
2537 914 2615 979 δὲ,
2648 915 2749 968 οὐκ
2777 915 2858 968 ἔτι
2887 915 3021 984 ἐγὼ,
3052 914 3119 987 ζῇ
3160 916 3219 970 δὲ
3252 918 3309 969 ἰν
3353 918 3473 986 ἐμοὶ
3507 920 3720 989 Χριστός.
3746 928 3793 980 '0

2291 1007 2350 1062 δὲ
2379 1007 2475 1061 νῦν
2521 1008 2600 1072 ζῶ
2643 1010 2701 1061 ἐν
2739 1010 2926 1079 σαρκὶ,
2958 1010 3017 1062 ὲν
3046 1012 3228 1063 πίστει
3265 1009 3343 1074 ζῶ
3383 1013 3450 1081 τῇ
3476 1013 3562 1065 τοῦ
3589 1012 3697 1066 Υίοῦ
3725 1017 3794 1070 τοῦ

2293 1099 2460 1165 Θεοῦ,
2482 1100 2574 1154 τοῦ
2619 1101 3009 1173 ἀγαπήσαντός
3050 1118 3118 1172 με
3139 1141 3158 1166 ,
3185 1102 3281 1156 καὶ
3313 1102 3620 1173 παραδόντος
3652 1106 3796 1160 ἑαυτὸν

2293 1192 2434 1262 ὑπὲρ
2459 1191 2615 1263 ἐμοῦ.
2646 1210 2665 1244 ι

2364 1283 2457 1355 Τῷ
2484 1283 2653 1355 νόμῳ,
2684 1283 2871 1357 φησιν,
2897 1284 2931 1356 ἢ
2964 1285 3089 1339 ὅσον
3122 1284 3266 1340 κατά
3290 1285 3383 1339 τὸν
3402 1285 3579 1357 νόμον.

2372 1484 2393 1518 α
2434 1466 2549 1521 Οὐκ
2574 1465 2755 1521 ἀθετῶ
2794 1465 2894 1538 τὴν
2922 1466 3083 1539 χάριν
3107 1464 3202 1521 τοῦ
3232 1465 3390 1520 Θεοῦ.
3423 1484 3444 1519 ι

2365 1559 2466 1614 Διὰ
2489 1559 2592 1631 τῆς
2618 1560 2841 1634 χάριτος
2868 1558 3270 1632 ἠλευθέρωμαι,
3308 1557 3491 1628 φησίν.
3528 1555 3710 1610 Οὐκοῦν
3735 1557 3806 1625 οὐχ

2295 1651 2651 1722 ὑποστρέφων
2685 1650 2849 1706 πάλιν
2879 1651 2960 1715 είς
2982 1650 3074 1705 τὸν
3105 1651 3289 1721 νόμον,
3330 1648 3533 1722 ὐόρίζω
3555 1647 3645 1719 τὴν
3668 1648 3804 1720 χάριν,

2296 1742 2374 1806 ὡς
2402 1742 2475 1813 μὴ
2506 1744 2814 1815 δυναμένην
2845 1745 3150 1810 ζωοποιεῖν.

2378 1854 2397 1886 ε
2435 1837 2499 1890 Εί
2520 1836 2630 1907 γάρ
2659 1837 2749 1890 διὰ
2795 1837 2959 1908 νόμου
2995 1836 3345 1910 δικαιοσύνη,
3370 1837 3483 1909 ἄρα
3506 1835 3810 1909 Χριστδςδω-

2303 1945 2363 1999 ρε
2373 1927 2434 1979 ἀν
2465 1926 2756 1982 ἀπέθανεν.
2793 1946 2812 1980 ι

2383 2019 2668 2085 Ἀπέθανε,
2695 2021 2881 2091 φησὶν,
2906 2019 3049 2089 ὑπὲρ
3082 2018 3243 2092 ἡμῶν
3268 2020 3297 2073 ὁ
3322 2020 3573 2091 Χριστὸς,
3605 2018 3680 2070 ῐνα
3698 2017 3812 2087 ἡμᾶς

2298 2116 2601 2186 ἀναστήσῃ,
2646 2114 2964 2178 δικαιώσας,
2990 2114 3085 2166 καὶ
3130 2112 3231 2184 τὴν
3269 2112 3544 2184 ἁμαρτίαν
3584 2111 3753 2179 ποιήσῃ
3767 2111 3813 2163 ὲκ

2302 2206 2490 2277 μέσου.
2526 2206 2587 2261 Et
2622 2206 2680 2259 δὲ
2719 2207 2833 2260 ὅσοι
2886 2205 3236 2275 περιτέμνειν
3283 2204 3591 2267 πείθοντες,
3615 2202 3813 2270 λέγουσιν

2299 2300 2358 2352 ἐν
2383 2299 2533 2369 νόμῳ
2558 2297 2899 2352 δικαιοῦσθαι
2933 2298 3024 2352 τὸν
3055 2296 3343 2367 ἄνθρωπον
3366 2337 3383 2362 ,
3410 2295 3647 2366 περιττὸς
3668 2294 3694 2347 ὁ
3714 2292 3813 2361 Χρι-

2301 2390 2428 2445 στοῦ
2463 2391 2692 2455 θάνατος
2723 2391 2968 2460 γέγονεν.

2908 2523 3161 2578 ΚΕΦᾹΛ.
3211 2522 3285 2576 Γ’.

2376 2660 2394 2691 ι
2430 2636 2501 2692 Ὦ
2527 2639 2749 2709 ἀνόητοι
2782 2637 3041 2693 Γαλάται.
3080 2655 3099 2687 ι

2370 2734 2558 2801 Δείξας
2587 2734 2647 2787 τὸ
2668 2734 2867 2788 ἄτοπον
2897 2732 2994 2785 καὶ
3041 2731 3102 2784 τὸ
3143 2730 3463 2801 βλάσφημον
3482 2767 3496 2791 ,
3537 2725 3730 2798 θαρρῶν
3750 2725 3820 2774 ir:-

2298 2827 2475 2898 ήγαγε
2513 2829 2611 2897 τὴν
2643 2823 2953 2895 ἐπίπληξιν.

2375 2934 2394 2966 ι
2449 2916 2546 2978 Τίς
2604 2916 2747 2985 ὑμᾶς
2805 2913 3109 2967 ἐϐάσκανεν
3158 2915 3223 2984 τῇ
3274 2910 3509 2983 ἀληθείᾳ
3556 2909 3628 2980 μὴ
3680 2905 3821 2959 πείθε-

2298 3008 2423 3062 σθαι
2447 3025 2461 3072 ;
2501 3027 2519 3058 ι

2379 3100 2617 3164 Ἔδειξεν
2639 3098 2816 3161 καλῶς
2838 3114 3173 3168 πράττοντας
3204 3097 3563 3167 πειθομένους
3589 3097 3648 3164 τῇ
3669 3092 3822 3145 πίστει.

615 3192 929 3241 tenuerant.
960 3185 1265 3242 Invidentia
1298 3188 1501 3257 quippe
1524 3188 1726 3243 lacessi
1757 3164 1869 3242 non
1916 3187 2198 3251 dicuntur,

2305 3192 2368 3247 Εἰ
2401 3194 2474 3263 μὴ
2506 3193 2613 3261 γὰρ
2660 3191 2767 3244 τῶν
2819 3164 3171 3261 πραττόντων
3216 3164 3396 3251 καλῶς
3446 3190 3479 3257 ὴ
3512 3182 3748 3256 βασκανία
3780 3179 3822 3229 οὐ

616 3279 729 3334 nisi
763 3279 966 3349 quibus
1000 3294 1089 3334 res
1120 3294 1383 3349 prospere
1414 3280 1739 3335 succedunt.
1765 3280 1932 3349 Atqui
1970 3277 2053 3333 his
2083 3294 2204 3332 ver-

618 3373 703 3426 bis
750 3387 944 3427 rursus
976 3386 1071 3426 eos
1105 3380 1326 3427 revocat
1372 3373 1437 3427 ad
1500 3374 1761 3443 gratiam,
1805 3388 1928 3444 qua:
1962 3370 2065 3426 ﬁde
2110 3386 2205 3438 pa-

615 3472 792 3517 ratur.

693 3573 711 3605 ‹
748 3555 891 3612 Ante
934 3570 1172 3626 quorum
1212 3556 1405 3610 oculos
1442 3555 1608 3611 .Icsus
1641 3555 1897 3611 Christus
1949 3557 2205 3627 prazscri-

616 3658 744 3716 pttls
778 3655 885 3715 est,
924 3648 982 3703 in
1011 3648 1167 3704 vobis
1195 3648 1517 3705 cruciﬁxus.
1551 3647 1839 3722 [Vens.2.]
1875 3647 1989 3703 lloc
2023 3650 2200 3704 solum

618 3760 645 3793 ει
680 3740 833 3796 vobis
870 3742 995 3797 volo
1026 3742 1263 3799 discere.
1302 3761 1321 3795 ι

689 3829 748 3886 ln
797 3832 1121 3897 memoriam
1181 3846 1277 3888 eos
1329 3840 1595 3902 perpetuo
1645 3840 1873 3888 revocat
1928 3832 2122 3887 mortis
2148 3839 2203 3886 et

619 3924 823 3987 crucis,
857 3939 954 3994 per
1003 3939 1124 3994 quae
1151 3924 1332 3979 deleto
1358 3933 1584 3993 peccato
1621 3923 1882 3978 viximus.
1908 3924 2045 3978 Cum
2101 3940 2201 3977 au-

620 4027 729 4071 tem
762 4017 838 4070 ait
868 4035 883 4071 :
912 4015 1052 4071 Ante
1090 4016 1269 4070 oculos
1299 4017 1644 4085 prwscriptu:
1675 4025 1777 4080 est,
1804 4014 2083 4085 signiﬁcat
2114 4016 2200 4069 iu-

621 4104 927 4159 satiabilem
976 4106 1255 4175 quondam
1308 4105 1479 4159 fuisse
1516 4120 1709 4160 eorum
1760 4120 1888 4173 erga
1920 4105 2198 4159 Christum

616 4212 883 4261 amorem,
910 4193 985 4248 ita
1008 4201 1065 4246 ut
1085 4192 1201 4262 ejus
1221 4194 1534 4263 mysterium
1549 4203 1674 4250 ante
1702 4196 1893 4251 oculos
1951 4197 2198 4266 ipsorum

617 4286 995 4344 indesinenter
1024 4295 1359 4342 versaretur.

628 4428 635 4437 ,η
692 4400 711 4432 ι
750 4380 826 4434 Ex
858 4381 1116 4449 operibus
1162 4380 1297 4451 legis
1344 4379 1610 4449 Spiritum
1657 4380 1979 4450 accepistis;
2031 4396 2100 4435 an
2134 4397 2199 4437 ex

618 4475 810 4529 auditu
843 4472 1004 4528 ﬁdei?
1036 4471 1225 4541 Ινειιδ.
1256 4472 1334 4545 5.]
1366 4472 1461 4528 Sic
1495 4472 1643 4526 stulti
1682 4473 1837 4527 estis.
1872 4492 1891 4524 ι

686 4563 919 4619 Plurimi
946 4579 1141 4619 eorum
1166 4564 1262 4633 qui
1294 4564 1349 4619 in
1386 4563 1608 4619 Christo
1649 4564 1908 4634 haptizati
1937 4571 2119 4628 erant,
2145 4572 2201 4619 et

616 4666 950 4727 acceperant
982 4658 1247 4727 Spiritum
1286 4665 1568 4721 sanctum,
1600 4659 1803 4713 multas
1849 4662 2199 4728 operationes

616 4768 717 4823 per
769 4753 949 4822 ipsum
996 4751 1351 4823 praestabant,
1383 4760 1439 4806 et
1493 4766 1687 4821 magna
1739 4750 2007 4823 prodigia.
2072 4750 2199 4806 ΙΙωο

615 4846 781 4916 igitur
814 4845 899 4901 eis
946 4852 1364 4899 commemorat.
1415 4842 1475 4896 Si
1530 4843 1647 4914 lege
1698 4844 1883 4897 divina
1932 4844 2198 4898 miracula

617 4946 835 5009 patrare
856 4952 1184 4993 concessum
1214 4951 1324 4990 non
1355 4942 1460 5001 cst,
1483 4936 1576 4990 sed
1607 4936 1780 5006 gratia
1806 4936 2068 5005 Spiritus,
2098 4951 2200 4990 cur

617 5034 809 5089 relicto
835 5032 929 5085 illo
951 5031 1044 5102 qui
1094 5039 1251 5085 tanta
1299 5030 1417 5083 haec
1465 5028 1720 5099 praebuit,
1752 5028 2088 5099 confugiatis
2131 5029 2199 5082 ad

618 5127 812 5194 legem,
842 5141 963 5195 quae
991 5126 1200 5181 viribus
1240 5126 1540 5181 deﬁcitur?

690 5236 709 5269 ι
750 5215 821 5273 Ut
850 5233 977 5272 cum
1016 5218 1211 5287 spiritu
1240 5218 1545 5287 cmperitis,
1575 5234 1723 5271 nunc
1751 5234 1917 5272 carne
1942 5233 2198 5271 consum-

615 5311 870 5367 mcmini?
908 5330 927 5362 ι

686 5423 941 5478 Ostendit
979 5438 1078 5478 eos
1122 5423 1373 5477 ordinem
1421 5422 1733 5477 invertisse.
1766 5422 1813 5475 Α
1857 5424 2199 5491 spiritalibus

622 5514 781 5586 164
830 5515 975 5569 enim
1027 5514 1095 5569 ad
1146 5514 1519 5585 spiritualiora
1580 5515 1893 5583 proceditur
1949 5534 1961 5569 :
2008 5523 2200 5569 contra

617 5622 751 5659 vero
792 5606 895 5671 illi,
933 5606 1176 5676 acceptis
1220 5607 1458 5676 primum
1510 5607 1918 5677 spiritualibus,
1967 5607 2033 5660 ad
2078 5622 2200 5662 car-

621 5698 765 5751 nalia
790 5698 1150 5761 transierant,
1177 5698 1243 5752 ad
1267 5698 1747 5755 circumcisionem
1780 5700 2009 5755 scilicet.
2056 5698 2203 5755 Bene

621 5805 749 5845 vero
777 5789 933 5857 dicit,
994 5791 1472 5847 consummamini:
1527 5793 1581 5848 id
1632 5794 1775 5864 quod
1824 5795 2008 5863 posuit
2046 5811 2109 5849 ac
2154 5795 2200 5852 si

2304 3285 2547 3354 λέγεται.
2584 3284 2754 3337 Τοῦτο
2791 3284 2848 3336 δὲ
2880 3282 3075 3351 λέγων,
3115 3281 3432 3335 ἐκκαλεῖται
3482 3279 3638 3332 πάλιν
3665 3277 3731 3338 είς
3758 3272 3826 3339 τὴν

2303 3378 2391 3433 διὰ
2420 3378 2651 3439 πίστεως
2680 3378 2860 3448 χάριν.

2378 3579 2396 3610 ι
2428 3554 2522 3621 Οἷς
2545 3558 2663 3611 κατ’
2691 3555 3005 3625 ὀφθαλμοὺς
3032 3551 3241 3622 Ἰησοῦς
3282 3551 3521 3622 Χριστὸς
3560 3544 3826 3618 προεγράφη

2302 3655 2359 3705 ὲν
2406 3653 2533 3721 ὑμῖν
2568 3648 3003 3720 ἐσταυρωμένος.
3050 3646 3224 3701 Τοῦτο
3283 3647 3448 3716 μόνον
3507 3643 3640 3696 θέλω
3685 3638 3829 3709 μαθεῖν

2302 3744 2395 3811 ἀφ’
2426 3744 2600 3814 ὑμῶν.
2644 3762 2662 3795 ι

2374 3835 2619 3905 Συνεχῶς
2670 3836 3079 3906 ἀναμιμνήσκει
3124 3832 3323 3894 αὐτοὺς
3368 3830 3467 3884 τοῦ
3520 3827 3732 3883 θανάτου
3764 3822 3832 3873 καί

2301 3926 2394 3978 τοῦ
2448 3924 2683 3995 σταυροῦ
2714 3966 2728 3989 ,
2760 3925 2828 3977 δι’
2864 3919 2926 3979 οὗ
2994 3924 3095 3993 τῆς
3151 3922 3429 3994 ἁμαρτίας
3484 3916 3831 3983 ἀπαλλαγέντες

2304 4020 2596 4088 ἐζήσαμεν.
2627 4018 2699 4070 Τὸ
2750 4018 2827 4081 δὲ,
2855 4014 3205 4085 Προεγράεεη
3254 4014 3367 4082 πρὸ
3423 4008 3747 4081 ὀφθαλμῶν.
3774 4003 3829 4055 εἶ-

2306 4108 2439 4179 ρηκε
2465 4150 2479 4171 ,
2511 4108 2725 4171 δεικνὺς
2755 4108 2847 4160 τὸν
2897 4107 3174 4176 ἄπληστον
3227 4103 3410 4159 αὐτῶν
3455 4104 3705 4173 πρότερον
3739 4093 3832 4161 περὶ

2301 4206 2390 4256 τὴν
2414 4204 2646 4274 Χριστὸν
2677 4202 2861 4265 πόθον,
2884 4202 2959 4265 ὡς
2993 4200 3080 4254 διὰ
3104 4200 3303 4262 παντὸς
3335 4199 3395 4250 ἐν
3424 4193 3713 4267 ὀφθαλμοῖς
3736 4186 3833 4258 ὁρᾷ*

2301 4297 2361 4349 τὸ
2394 4296 2717 4366 μυστήριον.

2379 4410 2397 4439 ί
2448 4389 2535 4454 Ἐξ
2564 4389 2740 4458 ἔργων
2768 4387 2936 4457 νόμου
2963 4387 3022 4440 τὸ
3052 4385 3273 4456 Πνεῦμα
3292 4384 3542 4448 ἐλάϐετε,
3572 4381 3604 4452 ἦ
3630 4378 3682 4442 ἐξ
3708 4370 3834 4439 ἀκοῆἶ

2230 4507 2276 4562 D
2306 4480 2579 4543 πίστεως;
2622 4481 2809 4540 Οὕτως
2834 4478 3052 4548 ἀνόητοί
3086 4480 3227 4532 ἐστε.
3264 4496 3282 4527 ι

2378 4574 2569 4626 Πολλοὶ
2598 4572 2706 4625 τῶν
2733 4570 3141 4641 βαπτισθέντων
3167 4570 3246 4631 είς
3273 4565 3514 4636 Χριστὸν
3534 4563 3669 4629 ,καὶ
3690 4556 3837 4611 λαϐὁνο

2306 4684 2412 4719 των
2447 4663 2670 4732 Πνεῦμα
2697 4662 2851 4729 ἅγιον
2886 4660 3086 4722 πολλὰς
3121 4656 3399 4727 ἐνεργείας
3446 4654 3664 4708 ἐποίουν
3686 4648 3743 4702 δι’
3767 4644 3839 4696 οὐ·

2306 4757 2400 4810 τοῦ
2438 4757 2531 4809 καὶ
2548 4758 2748 4825 σημεῖα
2799 4752 3031 4822 μεγάλα.
3062 4750 3250 4803 Αὐτῶν
3288 4744 3381 4801 οὖν
3416 4746 3643 4799 ἐκείνων
3686 4737 3838 4793 αὐτοὺς

2305 4847 2836 4919 ἀναμιμνήσκεις-Εἰ
2886 4844 2982 4907 τὰς
3018 4842 3365 4913 θεοσημείας,
3397 4840 3587 4910 φησὶν,
3612 4837 3702 4903 οὐχ
3735 4828 3839 4884 6v)-

2310 4961 2407 5013 μος
2435 4941 2673 5010 παρέσχε
2696 4938 3069 5005 ποιεῖν,ἀλλ’ἡ
3106 4935 3199 4989 τοῦ
3226 4933 3548 5001 Πνεῦματος
3577 4920 3838 4999 χάριςνπῶξ

2306 5038 2398 5090 τὸν
2450 5037 2517 5089 τὰ
2568 5034 2871 5107 τηλικαῦτα
2922 5031 3309 5102 παρεσχηκότα
3346 5028 3620 5097 ἀφέντες,
3650 5019 3733 5074 ἐπὶ
3773 5014 3841 5066 τδν

2305 5129 2635 5183 ἀσθενοῦντα
2670 5126 3034 5197 κατατρέχετε
3081 5127 3278 5194 νόμον;

2384 5244 2402 5275 ι
2471 5221 2860 5293 Ἐναρξάμενοι
2906 5220 3180 5289 πνεύματι
3209 5259 3224 5283 ,
3261 5217 3355 5269 νῦν
3402 5215 3571 5287 σαρκὶ
3626 5205 3842 5264 ἐπιτελεῖ-

2308 5316 2449 5379 σοε;
2497 5334 2517 5367 ›

2382 5427 2621 5491 Ἐδειξεν
2651 5426 2845 5487 αὐτοὺς
2868 5422 2965 5493 τὴν
2994 5421 3150 5487 τάξιν
3176 5419 3702 5493 ἀντι[σ]τρέψαντας.
3751 5406 3843 5463 Απὸ

2308 5520 2417 5588 γὰρ
2448 5519 2555 5571 τῶν
2588 5514 2917 5587 σωματικῶν
2950 5515 3043 5568 ἐπὶ
3086 5516 3155 5566 τὰ
3201 5507 3685 5581 πνευματικώτερα
3722 5500 3843 5569 ἔρχι·

2307 5628 2435 5663 ται·
2464 5612 2514 5662 οί
2552 5609 2609 5662 δὲ
2640 5607 2972 5672 τούναντίον,
3009 5606 3228 5678 πρῶτον
3257 5604 3511 5665 λαϐόντες
3544 5602 3613 5654 τά
3639 5607 3843 5662 mauu!-

2307 5702 2458 5767 τικὰ,
2495 5702 2836 5773 μετέστησαν
2866 5702 2947 5764 εἰς
2997 5700 3067 5756 τά
3118 5698 3377 5769 σαρκικὰ,
3419 5695 3523 5766 τὴν
3582 5685 3845 5762 περιτομήν

2312 5813 2475 5863 φημι.
2502 5790 2574 5849 Εὖ
2610 5795 2668 5849 δὲ
2704 5796 2797 5850 καὶ
2824 5794 2885 5848 τὸ
2908 5835 2921 5862 ,
2949 5792 3321 5848 ἐπιτελεῖσθε
3339 5832 3352 5857 ,
3378 5792 3448 5854 ὡς
3510 5788 3601 5842 ἐπὶ
3652 5783 3847 5849 ἁλότωνν
