4048 6426
210 369 321 437 793

1369 375 1449 437 IN
1488 370 1752 436 EPIST.”
1765 376 1889 437 Al)“
1909 377 2269 438 GALATAS.

3352 374 3457 437 794.

201 480 389 544 αὐτοῖς
422 482 754 555 παρέθηκεν,
784 483 861 548 ὡς
892 484 939 538 εί
983 483 1135 555 ἔλεγε
1163 485 1496 555 σαφέστερον
1517 501 1531 515 ο
1558 484 1767 555 Ὠσπερ

1884 484 1940 560 :le
1968 483 2275 552 pecudibus
2308 495 2491 536 sermo
2525 479 2683 536 foret.
2712 477 2877 534 Velut
2913 476 2959 534 si
2992 446 3332 534 manifestius
3370 478 3459 534 di-

200 571 375 640 ἄλογα
420 572 712 644 θρέμματα
766 575 1036 646 παρέχετε
1082 576 1309 640 ἑαυτοὺς
1363 580 1442 639 είς
1497 576 1559 629 τὸ
1598 591 1769 629 κατα-

201 664 522 733 ⁶τέμνεσθαι.

278 776 299 809 ι
333 757 582 814 Τοσαῦτα
614 758 845 813 ἐπάθετε
869 758 1023 831 εἰκῆ;
1052 761 1118 814 Et
1152 778 1217 829 γε
1259 762 1353 816 καὶ
1395 764 1541 831 εἰκῆ.
1563 780 1582 813 ι

272 934 397 988 Τῶν
420 934 645 1003 ἀγώνων
675 936 900 990 ἐκείνων
930 939 1024 991 καὶ
1071 938 1182 991 τῶν
1209 937 1386 992 ἄθλων
1415 938 1612 1002 αὐτοὺς
1638 938 1775 992 ἀνα-

198 1029 531 1117 μζιμνήσκει,
561 1021 637 1082 ὧν
670 1027 875 1083 ἔπαθον
906 1029 994 1083 διὰ
1026 1030 1086 1083 τὸ
1131 1030 1411 1101 κήρυγμα.
1448 1031 1611 1099 Λέγει
1644 1025 1739 1084 οὖν
1759 1047 1773 1062 ’

196 1121 293 1189 Μὴ
324 1120 416 1174 τὸν
444 1120 711 1193 πρότερον
759 1120 913 1191 ὑμῶν
940 1122 1146 1175 ἐκεῖνον
1187 1123 1364 1176 πάντα
1409 1121 1576 1177 κόπον
1609 1121 1777 1193 ἀργὸν

196 1213 540 1283 ἐργάσησθε.
571 1212 744 1267 Τοῦτο
769 1215 879 1285 γὰρ
900 1214 1050 1285 δηλοῖ
1072 1215 1150 1278 τὸ,
1169 1215 1240 1268 ΕΖ
1266 1231 1332 1285 γε
1352 1216 1448 1269 καὶ
1479 1213 1634 1285 εικῆ,
1658 1214 1777 1269 ἀντὶ

192 1304 326 1370 τοῦ,
343 1305 404 1358 Et
435 1304 509 1376 μὴ
535 1306 959 1378 μετανοήσαντες
994 1307 1157 1361 αὑτὸν
1189 1305 1478 1379 φυλάξητε.

280 1502 301 1537 ι
352 1485 410 1538 ’0
438 1484 532 1539 οὖν
569 1484 917 1555 ἐπιχορηγῶν
950 1483 1079 1555 ὑμῖν
1116 1482 1179 1536 τὸ
1211 1482 1457 1553 Πνεῦμα,
1488 1484 1583 1535 καὶ
1621 1484 1777 1556 ἐνερ-

196 1578 321 1645 γῶν
354 1576 611 1646 δυνάμεις
640 1577 702 1630 ἐν
737 1576 886 1647 ὑμῖν,
922 1573 981 1640 ἐξ
1025 1574 1203 1646 ἔργων
1238 1573 1430 1645 νόμου,
1455 1573 1488 1644 ἢ
1517 1573 1578 1638 ἐξ
1607 1576 1778 1644 ἀκοῆς

196 1670 446 1728 πίστεως
467 1685 482 1734 ;
512 1688 531 1721 ι

284 1762 351 1815 '0
392 1757 548 1815 εἶπεν
592 1758 849 1832 ἀνωτέρω
873 1798 890 1825 ,
920 1758 1019 1813 καὶ
1046 1758 1164 1813 νυνὶ
1209 1760 1593 1832 ἐπιλαμϐάνει,
1618 1760 1777 1814 ἐκδυ-

1871 584 2026 630 ceret
2070 594 2083 630 :
2142 575 2415 645 pecudum
2469 573 2643 629 instar
2673 587 2772 627 vos
2817 572 2921 642 ipsi
2968 570 3337 626 concidendos
3366 570 3455 625 of-

1871 666 2048 722 fertis.
2370 708 2373 711 ς

1944 757 2111 813 Vnus.
2134 758 2187 812 4.
2227 777 2245 809 ι
2274 758 2449 812 Tanta
2476 756 2625 828 passi
2649 755 2786 810 estis
2809 755 2928 809 sine
2950 753 3157 809 causa?
3191 753 3248 807 Si
3275 760 3456 809 tamen

1875 851 1993 905 sine
2016 864 2207 905 causa.
2240 867 2259 899 ›

1947 941 2264 995 Memoriam
2298 938 2527 994 rel‘ricat
2560 951 2793 1009 agonum
2840 944 2894 991 et
2926 936 3297 991 certaminum
3332 935 3457 989 illo-

1876 1049 2034 1096 rum,
2090 1049 2214 1107 quae
2267 1042 2489 1103 propter
2539 1030 2983 1102 praedicationem
3041 1028 3314 1083 obierant.
3368 1027 3460 1079 Ait

1875 1141 2007 1196 ergo
2059 1144 2072 1180 :
2127 1124 2309 1181 Nolite
2360 1124 2656 1195 pristinum
2720 1123 2876 1176 illum
2936 1135 3155 1174 omnem
3216 1119 3458 1173 laborem

1876 1220 2125 1277 inutilem
2154 1232 2207 1275 et
2247 1236 2449 1275 vanum
2480 1219 2729 1274 reddere.
2786 1216 2899 1273 Hoc
2937 1216 3084 1272 enim
3127 1214 3307 1268 verbis
3337 1211 3459 1267 istis

1876 1313 2255 1384 signiﬁcatur:
2283 1312 2343 1368 Si
2370 1323 2544 1366 tamen
2565 1312 2677 1366 sine
2707 1328 2907 1375 causa;
2936 1310 2989 1363 id
3016 1317 3098 1363 est
3126 1308 3229 1361 nisi
3256 1306 3457 1360 factum

1876 1407 2143 1462 mutando
2168 1407 2438 1476 integrum
2464 1419 2589 1459 eum
2627 1402 2977 1459 custodiatis.

1948 1499 2116 1554 Vsus.
2147 1499 2201 1554 5.
2257 1517 2275 1550 ι
2318 1498 2420 1564 Qui
2460 1512 2590 1567 ergo
2633 1497 2826 1551 tribuit
2857 1495 3015 1550 vobis
3064 1491 3359 1563 Spiritum,
3405 1501 3461 1547 et

1874 1601 2133 1658 operatur
2158 1589 2390 1644 virtutes
2434 1588 2489 1641 in
2514 1587 2693 1651 vobis,
2721 1601 2788 1641 ex
2817 1585 3080 1656 operibus
3108 1583 3263 1654 legis,
3296 1598 3365 1635 an
3392 1597 3459 1636 ex

1875 1682 2063 1736 auditu
2096 1680 2220 1735 ﬁdei
2242 1680 2265 1734 ’ἒ
2302 1697 2320 1731 ›

1945 1772 2103 1829 Nunc
2132 1786 2351 1843 quoque
2378 1770 2608 1827 resumit
2659 1767 2795 1824 illud
2839 1766 2986 1838 quod
3024 1780 3191 1835 supra
3225 1766 3459 1827 dixerat,

203 1853 411 1907 συητῶν
462 1853 662 1916 αὐτοὺς
704 1856 771 1925 τῇ
806 1852 985 1925 δωρεᾷ
1034 1845 1110 1908 ὧν
1160 1852 1455 1925 εἰλήφεσαν
1499 1854 1774 1926 χαρισμά-

1884 1874 1939 1922 ut
1966 1881 2063 1921 eos
2094 1863 2431 1935 pudefaciat.
2458 1863 2683 1933 objecto
2720 1875 2948 1915 munere
2979 1859 3280 1929 gratiarum
3320 1870 3460 1927 quas

194 1961 237 1997 τ
237 1963 335 2002 ων.

290 2056 311 2090 ι
353 2035 550 2101 Καθὼς
582 2035 835 2107 Ἀϐραὰμ
855 2036 1145 2091 ἐπίστευσε
1181 2036 1263 2108 τῷ
1302 2034 1421 2108 Θεῷ
1440 2074 1456 2102 ,
1488 2038 1584 2090 καὶ
1610 2036 1780 2106 ἐλογί-

197 2132 311 2200 σθη
341 2129 494 2200 αὐτῷ
518 2131 601 2193 είς
641 2128 1014 2200 δικαιοσύνην.
1053 2148 1071 2181 ι

285 2222 506 2293 Ἐπειδὴ
539 2223 587 2275 ot
614 2222 922 2286 ’ἰουδαΐζειν
953 2222 1377 2291 ἀναγκάζοντες,
1409 2221 1778 2293 πρεσϐύτερον

190 2317 393 2384 ελεγον
411 2316 505 2369 τὸν
523 2315 686 2386 νόμον
706 2315 806 2387 τῆς
826 2314 1085 2381 πίστεως,
1107 2317 1171 2369 ἐκ
1189 2314 1283 2369 τοῦ
1307 2315 1550 2369 ἐναντίου
1566 2314 1777 2369 δείκνυ-

188 2424 286 2459 σιν
311 2408 342 2460 ὁ
375 2405 586 2469 Παῦλος
625 2406 1009 2478 πρεσϐυτέραν
1038 2404 1140 2476 τὴν
1173 2406 1356 2459 πίστιν
1383 2408 1448 2459 ἐκ
1490 2406 1591 2476 τῆς
1616 2423 1777 2477 περι-

185 2497 401 2566 τομῆς.
438 2498 547 2550 Καὶ
597 2496 785 2568 ἐπειδὴ
838 2497 982 2569 μέγα
1029 2498 1294 2570 ἐφρόνουν
1349 2496 1427 2568 τῷ
1469 2498 1776 2569 προπάτορι

200 2589 486 2660 Ἀϐραὰμ,
508 2589 602 2644 καὶ
622 2590 687 2644 ἐκ
712 2589 903 2644 τούτου
939 2590 1102 2645 πάλιν
1131 2592 1329 2654 αὐτοὺς
1368 2591 1689 2644 ἐκδυσωπεῖ.
1711 2591 1776 2644 Εί

190 2687 309 2755 γὰρ
342 2685 596 2757 Ἀϐραὰμ
620 2687 703 2755 ἐφ’
727 2678 773 2754 ᾧ
802 2685 1057 2758 φρονοῦσι
1082 2685 1245 2757 μέγα,
1277 2685 1530 2755 φαίνεται
1560 2684 1778 2757 πρῶτος

186 2776 295 2846 τὴν
325 2775 512 2829 πίστιν
534 2776 847 2848 δεξάμενος,
874 2778 970 2830 καὶ
1008 2777 1074 2831 δι’
1106 2776 1279 2846 αὐτῆς
1307 2775 1461 2846 φίλος
1501 2792 1776 2848 προσηγο-

193 2869 495 2940 ρευόμενος
514 2869 671 2936 Θεοῦ,
697 2870 849 2941 πόσῳ
882 2871 1082 2941 μᾶλλον
1115 2864 1263 2926 οὗτοι
1302 2868 1776 2941 προσδραμοῦνται

193 2959 370 3031 αὐτῇ,
401 2960 451 3013 εί
472 2978 536 3029 γε
567 2961 667 3034 τὴν
700 2962 910 3016 ἐκείνου
940 2962 1166 3033 αὑχοῦσι
1201 2964 1523 3032 συγγένειαν
1549 2978 1563 3027 ;

1879 1965 2225 2029 acceperant.

1950 2048 2115 2104 Vens.
2149 2046 2202 2103 6.
2251 2066 2270 2100 ι
2308 2046 2465 2102 Sicut
2498 2044 2772 2099 Abraham
2798 2038 3037 2096 credidit
3070 2038 3198 2097 Deo.
3223 2046 3275 2093 ct
3302 2052 3462 2109 repu-

1878 2151 2050 2198 tatum
2082 2149 2168 2196 est
2198 2141 2275 2195 illi
2306 2141 2374 2194 ad
2404 2138 2699 2209 justitiam.
2732 2154 2751 2187 ι

1947 2232 2424 2304 Quandoquidem,
2470 2229 2563 2300 qui
2608 2226 2895 2298 judaizare
2948 2223 3240 2294 cogebant,
3287 2221 3459 2293 legem

1876 2327 2246 2398 antiquiorem
2271 2338 2392 2380 esse
2415 2321 2519 2377 ﬁde
2558 2318 2906 2392 garriebant;
2935 2324 3129 2372 contra
3158 2314 3362 2369 Paulus
3392 2328 3461 2368 ex

1877 2416 2320 2474 oircumcisionis
2365 2414 2653 2470 sanctione
2692 2411 2897 2466 evincit
2942 2409 3103 2464 ﬁdem
3146 2422 3272 2462 esse
3321 2405 3463 2460 anti-

1876 2512 2147 2581 quiorem.
2170 2508 2233 2562 Et
2252 2507 2384 2579 quia
2409 2520 2613 2577 proavo
2638 2502 2916 2559 Abraham
2942 2499 3235 2554 admodum
3266 2513 3463 2569 super-

1878 2603 2124 2667 biebant,
2156 2616 2225 2656 ex
2268 2600 2504 2669 ipsomet
2534 2595 2799 2666 pudorem
2851 2594 2933 2648 eis
2994 2606 3214 2646 rursum
3254 2589 3453 2658 injicit.

1877 2694 2013 2750 Nam
2041 2692 2089 2749 si
2118 2691 2395 2747 Abraham
2422 2688 2583 2758 cujus
2613 2686 2794 2757 gratia
2818 2684 3049 2738 multum
3070 2689 3332 2751 arrogant
3356 2680 3463 2736 sibi

1876 2787 2116 2858 primum
2181 2783 2443 2839 habuisse
2502 2780 2659 2834 ﬁdem
2717 2778 3013 2848 reperitur,
3062 2788 3273 2846 perque
3340 2787 3462 2827 eam

1877 2881 2090 2935 amicus
2116 2876 2213 2932 Dei
2246 2883 2600 2943 nuncupatus
2629 2879 2748 2937 est;
2800 2877 3008 2939 quanto
3038 2866 3213 2937 magis
3240 2865 3305 2919 ad
3343 2878 3463 2918 eam

1876 2972 1967 3028 isti
1984 2963 2636 3027 deberentaccurrere,si
2657 2960 3140 3032 consanguinitate
3169 2958 3318 3013 illius
3344 2957 3463 3028 glo-

1878 3066 2113 3119 riantur.

273 3164 295 3196 ι
339 3145 642 3199 Γινώσκετε
668 3146 775 3217 ἄρα
795 3146 879 3200 ὅτι
897 3146 947 3200 οἱ
964 3148 1031 3199 ἐκ
1061 3145 1318 3211 πίστεως,
1335 3136 1482 3198 οὗτοί
1509 3142 1648 3196 είσιν
1670 3142 1775 3195 υἱοὶ

1951 3155 2118 3211 Vsus.
2143 3154 2192 3209 7.
2231 3171 2250 3205 ‹
2286 3149 2613 3221 Cognoscite
2640 3162 2793 3218 ergo,
2818 3145 2945 3216 quia
2970 3143 3059 3214 qui
3080 3158 3144 3197 ex
3181 3142 3281 3196 ﬁde
3312 3148 3462 3200 sunt.

202 3238 487 3309 Ἀϐραάμ.
528 3258 548 3291 ι

260 3331 551 3384 Δείκνυσιν
566 3330 635 3383 τὰ
653 3328 780 3401 ἔθνη
814 3329 1014 3404 μᾶλλον
1028 3329 1114 3383 διὰ
1129 3329 1225 3401 τῆς
1249 3329 1485 3391 πίστεως
1508 3325 1777 3397 αὑχοῦντα

185 3423 412 3493 πατέρα
441 3421 532 3475 τὸν
573 3420 846 3492 Ἀϐραὰμ,
876 3421 910 3493 ἢ
946 3421 1073 3485 τοὺς
1102 3421 1167 3473 ἐκ
1199 3420 1521 3490 περιτομῆς.
1545 3418 1648 3471 Τὸν
1667 3419 1776 3488 γὰρ

196 3514 465 3587 Ἀϐραὰμ
495 3514 647 3585 φίλον
702 3513 925 3584 ἐποίησε
952 3513 1086 3566 Θεοῦ
1116 3513 1151 3583 ἡ
1196 3512 1401 3577 πίστις,
1432 3512 1529 3580 οὐχ
1554 3512 1587 3581 ἡ
1622 3527 1778 3581 περι-

182 3608 361 3677 τομὴ,
392 3606 448 3659 εί
472 3623 537 3675 γε
571 3606 809 3679 σφραγὶς
834 3606 929 3659 καὶ
960 3607 1186 3676 σημεῖον
1210 3605 1314 3674 τῆς
1343 3602 1580 3666 πίστεως
1616 3603 1774 3671 γέγο-

184 3716 284 3751 νεν
305 3699 339 3769 η
358 3698 655 3768 περιτομήο
672 3696 732 3750 τὸ
751 3695 810 3748 δὲ
835 3698 1058 3767 σημεῖον
1070 3695 1278 3748 ἐκείνου
1291 3688 1353 3748 οὗ
1375 3696 1492 3746 ἐστι
1526 3695 1773 3763 σημεῖον,

183 3788 428 3842 ἔλασσόν
456 3789 625 3851 ἐστιν,
657 3785 800 3840 ὥστε
826 3788 873 3839 οἱ
902 3787 969 3839 ἐκ
997 3785 1253 3850 πίστεως,
1291 3784 1491 3855 μᾶλλον
1525 3782 1777 3853 κληθεῖεν

181 3880 423 3942 εἰκότως
456 3877 552 3932 τοῦ
591 3877 842 3950 Ἀϐραὰμ
889 3876 1013 3940 υἱοὶ,
1049 3876 1157 3948 ἢοὶ
1212 3877 1273 3928 ἐκ
1310 3878 1409 3948 τῆς
1449 3873 1774 3945 περιτομῆς,

183 3976 290 4029 καὶ
315 3972 563 4044 τοσούτῳ
592 3972 702 4044 ὅσῳ
728 3971 927 4043 χρυσὸς
956 3970 1055 4042 τῆς
1087 3969 1378 4041 σφραγίδος
1410 3966 1599 4022 αὐτοῦ.

268 4180 287 4211 ‹
323 4157 632 4230 Προῖδοῦσα
658 4159 691 4228 ἡ
721 4155 936 4229 Γραφὴ,
969 4157 1050 4210 ὅτι
1103 4155 1167 4208 ἐκ
1211 4155 1448 4217 πίστεως
1477 4154 1677 4206 δικαιοί
1708 4151 1778 4205 τὰ

183 4254 322 4324 ἔθνη
358 4254 388 4305 ὁ
418 4250 571 4313 Θεός.
606 4270 624 4302 ›

261 4348 387 4400 Ἵνα
422 4345 497 4415 μὴ
520 4344 645 4416 δόξῃ
672 4341 1127 4415 ἐνθυμηματικῶς
1143 4339 1300 4395 τοῦτο
1322 4337 1773 4405 κατασκευάζειν,

186 4441 289 4505 καὶ
320 4441 419 4509 τὴν
452 4437 674 4509 Γραφὴν
714 4438 844 4509 περὶ
879 4436 1069 4489 τούτου
1116 4432 1499 4506 μαρτυροῦσαν
1529 4432 1703 4503 φέρει.

267 4548 287 4579 ι
331 4526 847 4599 Προευηγγελίσατο
890 4524 968 4596 τῷ
1009 4524 1277 4596 Ἀϐραάμ.
1319 4542 1337 4574 ι

263 4622 416 4691 Ὀρα
464 4620 582 4682 πῶς
634 4618 733 4689 τὴν
772 4618 903 4688 περὶ
956 4616 1065 4670 τῶν
1118 4616 1287 4669 ἐθνῶν
1327 4616 1650 4684 συγγένειαν
1686 4632 1773 4685 γι-

190 4713 443 4783 νομένην
490 4711 628 4783 πρὸς
686 4708 971 4780 Ἀϐραὰμ,
1001 4708 1372 4779 Εὑαγγέλιον
1425 4708 1683 4762 ἐκάλεσεν
1745 4709 1779 4779 ἡ

188 4806 418 4877 Γραφή.

272 4938 290 4967 ι
334 4917 463 4971 Ὅτι
505 4914 1022 4986 ἐνευλογηθήσονται
1065 4915 1122 4967 ἐν
1172 4914 1253 4967 σοὶ
1297 4912 1476 4966 πάντα
1517 4912 1584 4965 τὰ
1624 4911 1773 4981 ἔθνη.

190 5012 368 5063 Ὥστε
416 5010 469 5062 οἱ
515 5011 581 5062 ἐκ
638 5008 872 5072 πίστεως
922 5006 1273 5076 εὐλογοῦνται
1329 5007 1426 5059 σὺν
1479 5005 1557 5076 τῷ
1602 5005 1779 5076 πιστῷ

203 5101 494 5175 Ἁϐραάμ.
538 5120 557 5153 ι

267 5220 374 5274 Διὰ
408 5218 515 5289 τῆς
542 5217 732 5289 ὁμοίας
759 5216 1016 5280 πίστεως.

277 5352 298 5384 ι
342 5333 506 5386 ὐσοι
526 5331 637 5401 γὰρ
664 5332 722 5398 ἐξ
770 5331 948 5402 ἔργων
990 5331 1155 5399 νόμου
1197 5332 1333 5384 εἰσιν
1360 5371 1374 5395 ,
1406 5330 1512 5384 ὑπὸ
1544 5329 1788 5400 κατάραν

190 5425 359 5479 εἰσίν.
384 5424 705 5495 Γέγραπται
724 5424 961 5495 γὰρ,ὅτι
994 5425 1424 5494 Ἐπικατάρατος
1454 5425 1561 5484 πᾶς
1592 5423 1650 5487 ὃς
1681 5424 1782 5477 οὐκ

191 5518 442 5589 ἐμμένει
487 5519 624 5572 πᾶσι
648 5520 759 5581 τοῖς
809 5517 1215 5588 γεγραμμένοις
1240 5519 1298 5569 ἐν
1334 5515 1411 5586 τῷ
1455 5516 1644 5587 βιϐλίῳ
1687 5516 1780 5570 τοῦ

192 5612 371 5683 νόμου
392 5609 490 5665 τοῦ
516 5611 740 5681 ποιῆσαι
770 5611 929 5666 αὑτά.
970 5630 991 5663 ι

276 5726 473 5791 Δείξας
501 5725 578 5791 ὼς
604 5726 639 5797 ἡ
674 5726 858 5790 πίστις
906 5726 975 5781 τὰ
1025 5726 1151 5797 ἔθνη
1194 5727 1410 5793 δικαιοῖ,
1443 5727 1539 5780 καὶ
1590 5726 1783 5780 τούτου

200 5818 522 5890 μαρτυρίαν
567 5819 632 5875 ἐκ
657 5819 754 5891 τῆς
797 5818 949 5883 θείας
993 5819 1215 5890 Γραφῆς
1266 5819 1547 5884 δεδωκὼς,
1577 5817 1784 5874 δείκνυ·-

1880 3249 1918 3305 ii
1953 3255 2081 3305 sunt
2109 3246 2201 3300 ﬁlii
2233 3243 2487 3298 Abrahae.
2520 3260 2538 3293 ι

1947 3337 2198 3395 Ostendit
2244 3335 2487 3406 gentiles
2528 3330 2897 3385 Abrahamum
2929 3326 3034 3381 sibi
3086 3323 3285 3393 potiori
3342 3320 3468 3391 jure

1876 3438 2153 3504 parentem
2201 3429 2415 3482 ratione
2470 3424 2595 3479 ﬁdei
2647 3421 2964 3481 vindicare,
3022 3432 3185 3487 quam
3242 3416 3336 3484 qui
3399 3429 3468 3467 ex

1875 3521 2303 3579 circumcisione
2343 3525 2552 3574 essent.
2599 3514 2761 3568 Fides
2792 3513 2996 3581 quippe
3023 3508 3296 3563 Abraham
3331 3506 3469 3559 ami-

1874 3632 1999 3671 cum
2033 3614 2163 3669 fecit
2198 3611 2315 3675 Dei,
2346 3623 2457 3663 non
2488 3605 2861 3661 circumcisio.
2906 3600 3190 3671 Siquidem
3226 3599 3467 3652 circum—

1875 3707 2013 3762 cisio
2044 3703 2395 3775 signaculum
2425 3708 2480 3753 et
2510 3706 2640 3752 nota
2675 3695 2797 3750 ﬁdei
2821 3694 3034 3749 exstitit
3066 3710 3080 3746 :
3111 3699 3238 3744 nota
3285 3694 3466 3741 autem

1876 3799 2058 3853 minor
2086 3802 2169 3851 est
2194 3808 2260 3848 eo
2291 3792 2454 3861 cujus
2483 3799 2568 3844 est
2610 3796 2739 3843 nota
2777 3804 2791 3841 :
2835 3785 3096 3855 quocirca
3125 3782 3221 3852 qui
3265 3796 3330 3833 ex
3363 3778 3469 3833 ﬁde

1876 3894 2021 3951 sntit,
2054 3884 2262 3939 rectius
2293 3879 2638 3951 appellentur
2667 3873 2967 3930 Abrahami
3002 3872 3118 3934 ﬁlii,
3165 3884 3328 3940 quam
3375 3870 3469 3937 qui

1869 3978 1943 4036 ‘ex
1968 3975 2392 4033 circumcisione
2420 3989 2435 4025 :
2466 3985 2532 4025 eo
2567 3968 2744 4040 magis
2770 3966 2914 4037 quod
2958 3978 3153 4018 aurum
3184 3959 3470 4031 signaculo

1876 4087 1978 4129 suo
1999 4067 2293 4141 pretiosius
2315 4071 2418 4120 est.

1947 4164 2116 4218 Vens.
2164 4160 2220 4216 8.
2274 4176 2293 4211 ι
2345 4155 2649 4211 Providens
2702 4149 3012 4220 Scriptura,
3072 4162 3204 4217 quia
3248 4163 3313 4200 ex
3369 4145 3471 4199 ﬁde

1872 4251 2140 4325 justiﬁcat
2168 4257 2361 4320 gentes
2393 4245 2557 4300 Deus.
2600 4263 2618 4294 ι

1948 4344 2025 4399 Νε
2079 4342 2330 4397 videatur
2384 4333 2964 4409 argumentationibus
3026 4329 3132 4384 hoc
3199 4337 3468 4395 astruere,

1880 4435 2219 4505 Scripturatn
2251 4446 2471 4503 quoque
2503 4438 2697 4483 testem
2729 4426 2972 4482 adducit.

1806 4554 1851 4609 Β
1956 4550 1976 4583 ι
2018 4523 2686 4583 ΡηειιυηιὶςινίιΛῦηιὴιε.
2726 4539 2745 4571 ι

1950 4622 2169 4677 Videsis
2210 4617 2484 4689 quomodo
2544 4612 2833 4683 Scriptura
2886 4617 3164 4681 peractam
3226 4606 3467 4677 gentium

1881 4732 2005 4771 cum
2043 4714 2317 4768 Abraham
2355 4706 2921 4775 consanguinitatem,
2962 4701 3320 4771 Εὐαγγέλιον,
3354 4698 3473 4751 sive

1876 4810 2083 4864 bonum
2128 4804 2385 4858 mtutium
2418 4792 2655 4853 vocavit.

1954 4938 1971 4969 ι
2012 4915 2148 4982 Quia
2174 4912 2569 4968 benedicentur
2616 4910 2669 4962 in
2703 4915 2755 4962 te
2798 4921 2991 4962 omnes
3029 4913 3237 4974 gentes.
3279 4898 3469 4983 Dicas.

1879 5011 1958 5084 9.]
1990 5011 2161 5079 Igitur
2184 5007 2279 5077 qui
2305 5022 2372 5061 ex
2398 5004 2502 5059 ﬁde
2532 5011 2682 5069 sunt,
2723 4999 3122 5055 benedicentur
3158 5010 3283 5049 cum
3328 4989 3470 5047 ﬁdel'

1881 5103 2176 5160 Abraham.
2217 5118 2235 5151 ι

1954 5214 2035 5270 Ob
2065 5210 2408 5268 consimilem
2445 5207 2627 5262 ﬁdem.

1957 5327 2122 5381 Vens.
2165 5325 2253 5378 l0.
2300 5341 2318 5373 ι
2352 5321 2683 5389 Quicunque
2719 5315 2865 5372 enim
2896 5329 2965 5368 ex
3015 5309 3277 5381 operibus
3335 5309 3471 5379 legis

1887 5428 2038 5484 sunt,
2070 5418 2173 5474 sub
2207 5415 2496 5471 maledicto
2530 5419 2677 5467 sunt.
2704 5409 2981 5478 Scriptum
3001 5413 3085 5461 est
3110 5404 3253 5458 enim
3273 5421 3286 5457 :
3308 5400 3473 5457 Male-

1886 5515 2069 5571 dictus
2095 5512 2276 5568 omnis
2306 5510 2401 5580 qui
2426 5523 2537 5563 non
2569 5502 2942 5576 permanserit
2972 5501 3027 5555 in
3059 5498 3317 5553 omnibus
3350 5511 3473 5568 qua:

1889 5608 2094 5677 scripta
2133 5612 2262 5661 sunt
2299 5603 2355 5657 in
2398 5602 2538 5656 libro
2568 5600 2726 5666 legis,
2754 5604 2817 5651 ut
2853 5594 3019 5649 faciat
3046 5607 3133 5648 ea.
3164 5610 3181 5643 ι

1960 5716 2255 5787 Postquam
2300 5712 2554 5785 probavit
2606 5727 2704 5782 per
2758 5708 2921 5764 ﬁdem
2956 5712 3147 5778 gentes
3198 5701 3468 5774 justitiam

1895 5810 2052 5884 165
2083 5808 2337 5881 adipisci,
2375 5806 2606 5879 ejusque
2642 5804 2723 5862 rei
2769 5799 3145 5859 testimonium
3185 5812 3251 5853 ex
3310 5794 3465 5853 Scri-
