4048 6414
654 344 759 408 795

1855 346 1915 406 S.
1956 341 2274 406 JOANNIS
2311 343 2739 404 DAMASCENI
3729 352 3807 416 ηπ

655 462 814 523 ptnra
862 450 1108 521 protulit,
1162 450 1409 507 ostendit
1461 451 1687 522 insuper
1738 454 2062 509 maledictos
2108 467 2223 508 esse

2330 469 2416 506 σιν
2462 452 2537 517 ὡς
2568 453 2664 508 καὶ
2714 452 3012 524 κατάρατοι
3071 449 3311 520 γίνονται
3350 453 3394 503 ot
3444 452 3725 521 ἐμμένοντες
3753 463 3809 530 τῷ

653 546 746 617 qui
776 546 879 615 legi
916 544 1270 613 pertinaciter
1308 544 1709 601 adhaerescunt.

732 639 896 691 Vens.
946 638 1031 700 ll,
1066 637 1155 691 12.
1213 657 1231 689 ι
1262 639 1528 705 Quoniam
1580 649 1760 694 autem
1811 639 1865 692 in
1906 638 2022 706 lege
2067 651 2226 693 nemo

648 727 984 796 justilicatur
1018 727 1158 797 apud
1193 726 1385 790 Deum,
1414 726 1759 782 manifestum
1780 739 1862 784 est
1887 730 2015 799 quia
2041 729 2227 798 justus

654 834 720 872 es
759 817 863 871 ﬁde
900 818 1059 872 vivet.
1092 816 1198 871 Lex
1234 828 1413 871 autem
1445 833 1550 870 non
1588 827 1672 872 est
1695 833 1759 871 ex
1785 816 1888 873 lide
1918 837 1931 874 :
1970 818 2067 873 sed
2132 818 2225 887 qui

657 910 850 964 fecerit
882 922 970 972 ea,
1003 908 1151 963 vivet
1178 908 1231 961 in
1268 908 1394 961 illis.
1428 926 1445 958 ›

728 996 841 1050 lloc
876 1012 972 1051 ceu
1002 1006 1181 1075 ratum
1234 998 1561 1065 lirmumque
1600 998 1821 1059 statuit,
1852 998 2131 1054 neminem
2170 998 2224 1052 in

656 1087 774 1158 lege
798 1088 1010 1156 justum
1042 1088 1296 1142 evadere.
1338 1086 1476 1141 Cum
1509 1089 1652 1143 enim
1686 1090 1948 1158 praelatus
1984 1091 2078 1153 sit,
2113 1105 2228 1143 ma-

656 1178 912 1233 ledictum
965 1191 1087 1231 esse
1124 1175 1439 1245 quicunque
1470 1184 1639 1230 totam
1674 1178 1847 1247 legem
1892 1194 1999 1231 non
2034 1178 2227 1249 imple-

653 1269 813 1332 verit,
846 1284 945 1322 nec
974 1267 1089 1321 ﬁeri
1142 1282 1306 1336 posse
1341 1276 1400 1321 ut
1433 1269 1571 1323 hanc
1618 1269 1837 1339 impleat
1895 1270 2091 1336 homo;
2144 1270 2227 1323 id-

651 1361 799 1414 circo
836 1359 1097 1413 audacter
1122 1361 1447 1413 sententiam
1477 1362 1850 1430 pronuntiavit
1884 1379 1897 1415 :

724 1450 890 1505 Vens.
942 1453 1031 1505 15.
1078 1470 1097 1503 ι
1139 1452 1393 1506 Christus
1427 1468 1526 1507 nos
1579 1454 1810 1509 redemit
1840 1456 1906 1508 de
1935 1454 2228 1508 maledicto

656 1544 810 1613 legis,
839 1542 1021 1596 factus
1056 1557 1153 1613 pro
1185 1544 1347 1599 nobis
1373 1545 1724 1598 maledictum
1760 1564 1772 1599 :
1801 1546 1931 1616 quia
1963 1545 2226 1613 scriptum

652 1641 736 1687 est
770 1651 785 1686 :
822 1633 1143 1688 Maledictus
1178 1636 1356 1690 omnis
1386 1637 1474 1705 qui
1510 1636 1707 1706 pendet
1740 1637 1797 1690 in
1840 1637 2007 1706 ligno.
2038 1654 2055 1687 ι

2330 563 2500 615 νομῳ.
2524 596 2525 599 η

2405 660 2423 691 ι
2470 640 2591 693 Ὀτι
2613 639 2670 692 δὲ
2704 640 2762 691 ἐν
2783 638 2932 709 νόμῳ
2951 637 3126 700 οὐδεὶς
3153 636 3452 690 δικαιοῦται
3480 639 3614 707 παρά
3632 640 3809 713 τῷΘεῷ,

2325 732 2481 802 δῆλον
2506 732 2586 785 ὅτι
2614 732 2642 783 6
2669 731 2878 794 δίκαιος
2921 731 2985 783 ἐκ
3021 730 3255 790 πίστεως
3284 728 3518 798 ζήσεται.
3552 731 3606 783 ’0
3629 731 3814 801 δὲνόμος

2326 822 2426 874 οὐκ
2453 821 2598 873 ἐστιν
2631 823 2693 873 ἐκ
2723 820 2975 883 πίστεως,
3001 820 3134 873 ἀλλὰ
3188 822 3216 872 6
3247 820 3481 889 ποιήσας
3526 821 3666 885 αὐτὰ,
3694 823 3814 892 ζήσε-

2326 928 2419 964 ται
2452 913 2510 963 ἐν
2544 912 2748 973 αὐτοῖς.
2764 931 2782 964 ι

2408 1003 2497 1067 Ὠς
2544 1002 2972 1073 ὁμολογούμενον
3017 1002 3236 1066 ἐδέξατο
3272 1001 3334 1055 τδ
3363 1001 3437 1071 μὴ
3463 1002 3757 1057 δικαιοῦσθαι
3778 1011 3819 1057 ὲν

2326 1093 2477 1165 νόμῳ
2528 1094 2668 1149 τινά.
2716 1092 2935 1163 Ἐπειδὴ
2993 1092 3103 1163 γάρ
3152 1095 3440 1162 προεῖπεν,
3489 1093 3819 1163 ἐπικατάρατον

2326 1184 2455 1237 ὄντα
2497 1184 2587 1237 τὸν
2624 1185 2697 1254 μὴ
2730 1184 3039 1256 πληροῦντα
3099 1184 3270 1236 πάντα
3298 1183 3389 1236 τὸν
3422 1183 3594 1251 νόμον,
3618 1184 3821 1238 ἀδύνατον

2326 1277 2383 1330 δέ
2419 1272 2485 1347 ἦν
2512 1277 2796 1346 ἄνθρωπον
2826 1275 3113 1346 πληρῶσαι
3142 1275 3325 1338 αὐτὸν,
3356 1272 3543 1327 τούτου
3574 1276 3708 1346 χάριν
3728 1277 3822 1347 θαρο

2330 1368 2440 1437 ρὦ
2460 1369 2797 1439 ἀπεφήνατο.

2404 1481 2422 1513 ι
2460 1462 2693 1532 Χριστὸς
2740 1462 2885 1532 ὑμᾶς
2918 1461 3247 1533 ἐξηγόρασεν
3288 1464 3353 1514 ἐκ
3383 1461 3481 1528 τῆς
3527 1462 3738 1527 κατάρας
3758 1461 3823 1512 το]

2326 1552 2493 1623 νόμου
2514 1594 2528 1617 ,
2566 1554 2854 1624 γενόμενος
2887 1554 3027 1625 ὑπὲρ
3087 1554 3245 1623 ἡμῶν
3294 1554 3543 1619 κατάραο
3570 1554 3643 1604 ὅτι
3677 1554 3826 1621 γέγρα-

2329 1664 2461 1700 πται
2488 1663 2502 1678 '
2562 1647 2998 1718 Ἐπικατάρατος
3044 1649 3153 1709 πᾶς
3201 1648 3230 1699 6
3270 1647 3610 1716 κρεμάμενος
3647 1646 3724 1697 ἐπὶ
3762 1645 3827 1710 id.

2329 1737 2444 1791 λου.
2472 1754 2491 1788 ι

724 1808 1003 1865 Olmoxius
1057 1809 1278 1878 quidem
1345 1811 1579 1879 populus
1630 1819 1749 1864 erat
1810 1810 2218 1873 maledictioni,

2332 1787 2340 1789 ὴ
2368 1787 2596 1897 τὸμὲν
2622 1826 2747 1888 λαὸς
2778 1825 2993 1896 κατάρᾳ
3035 1824 3334 1888 ὑπεύθυνος
3378 1819 3451 1894 ἦν
3481 1826 3543 1893 τῇ
3588 1824 3828 1877 καταδικα-

653 1917 760 1969 qua
791 1901 1263 1955 condemnabatur
1315 1901 1567 1971 quisquis
1613 1917 1719 1954 non
1763 1910 2110 1977 permaneret
2164 1901 2219 1954 in

654 1994 910 2048 omnibus
966 2008 1088 2063 qua:
1152 1992 1363 2063 scripta
1428 2003 1613 2057 essent
1674 1994 1725 2047 in
1787 1994 1929 2047 libro
1968 1993 2121 2062 legis
2150 1992 2216 2045 ³ο.

651 2084 902 2139 Christus
934 2100 1061 2138 vero
1114 2084 1557 2152 imprecationem
1594 2086 1733 2139 hanc
1778 2086 1949 2140 altera
1994 2080 2219 2154 permu-

653 2177 808 2242 tavit,
843 2191 949 2247 qua
985 2176 1265 2232 ferebatur
1295 2195 1307 2232 :
1350 2175 1667 2232 Maledictus
1699 2179 1868 2231 omnis
1915 2178 2003 2246 qui
2037 2176 2219 2244 pendet

652 2269 705 2320 in
738 2268 963 2337 ligno".
1000 2266 1271 2332 Quoniam
1318 2283 1470 2337 ergo,
1516 2277 1629 2320 tum
1681 2266 1771 2321 ille
1803 2266 1897 2337 qui
1933 2268 2131 2337 pendet
2175 2266 2219 2318 is

653 2361 975 2415 maledictus
1002 2371 1108 2423 est,
1142 2370 1256 2414 tum
1285 2361 1375 2414 ille
1418 2360 1509 2429 qui
1537 2361 1713 2430 legem
1748 2360 1937 2425 violat,
1969 2369 2053 2415 est
2082 2376 2220 2445 quo;

651 2470 758 2524 que
792 2454 1153 2521 maledictus;
1196 2470 1375 2523 neque
1405 2464 1832 2508 consentaneum
1862 2462 2001 2517 erat,
2036 2464 2095 2507 ut
2126 2454 2218 2522 qui

651 2547 1085 2602 exsecrationem
1158 2547 1299 2600 hanc
1367 2547 1636 2609 solveret,
1694 2544 1869 2599 eidem
1936 2544 2219 2612 subjectus

652 2637 836 2692 foret:
875 2638 970 2693 sed
1028 2639 1313 2708 oportebat
1373 2646 1429 2692 ut
1473 2637 1905 2693 exsecrationem
1957 2637 2114 2691 istam
2164 2636 2218 2689 in

652 2747 783 2805 sese,
807 2718 1075 2801 reciperet
1102 2746 1199 2800 pro
1233 2732 1425 2801 altera,
1456 2746 1562 2801 qua
1592 2731 1883 2785 damnatus
1905 2738 2020 2785 erat
2040 2730 2132 2800 qni
2164 2730 2218 2783 in

649 2823 718 2877 iis
750 2839 871 2893 qua:
901 2824 1109 2893 scripta
1140 2832 1267 2878 sunt
1295 2838 1403 2876 non
1437 2830 1778 2892 permaneret
1803 2841 1816 2876 :
1840 2832 2127 2891 eapropter
2150 2820 2219 2876 ab

651 2914 754 2968 hac
788 2914 1006 2983 quidem
1036 2915 1298 2968 immunis
1332 2915 1453 2967 fuit.
1485 2912 1610 2967 Non
1638 2914 1776 2967 enim
1799 2912 1951 2966 dolus
1982 2914 2218 2967 inventus

650 3005 751 3075 fuit
780 3006 835 3058 in
868 3022 959 3060 ore
986 3005 1099 3074 ejus
1122 3006 1167 3037 ³²
1211 3024 1224 3061 :
1277 3006 1423 3058 illam
1485 3021 1612 3059 vero
1649 3005 1889 3069 admisit,
1919 3003 2008 3059 cui
2053 3003 2218 3058 devo-

650 3094 880 3148 vebatur
911 3095 1093 3151 omnis
1123 3095 1215 3165 qui
1246 3095 1507 3165 penderet
1534 3097 1588 3149 in
1626 3096 1791 3167 ligno.
1828 3110 2032 3165 perque
2057 3094 2216 3151 istam

664 3144 870 3148 ππ---
916 3144 1091 3151 --_____-
1126 3144 1215 3165 τ--
1246 3144 1504 3165 rw"---
1648 3144 1791 3167 π--.
1829 3144 2030 3165 τπγ-
2058 3144 2216 3151 ---ηπ

652 3186 873 3240 sustulit
923 3186 1083 3239 aliam
1121 3204 1134 3241 :
1182 3195 1235 3242 et
1266 3187 1411 3242 sicut
1444 3204 1555 3241 uno
1604 3187 1859 3256 quopiam
1912 3186 2211 3241 morti'ad-
2246 3144 2292 3206 ρ

652 3277 822 3343 dicto,
857 3279 900 3333 si
936 3279 1060 3350 quis
1091 3280 1282 3334 insons
1317 3281 1467 3335 illius
1494 3281 1617 3333 vice
1670 3289 1866 3348 sponte
1897 3279 2037 3333 mori
2066 3280 2219 3343 velit,

653 3372 800 3427 hunc
836 3389 995 3443 ptena
1035 3373 1221 3443 eripit,
1255 3371 1531 3425 consimili
1562 3370 1727 3426 etiam
1763 3372 1925 3425 modo
1969 3370 2223 3425 Christus

654 3467 803 3521 fecit.
842 3465 1028 3536 Itaque
1065 3466 1524 3535 quemadmodum
1563 3463 1682 3519 sine
1713 3465 1945 3520 crimine
1992 3474 2223 3519 mortem

650 3560 923 3623 obeundo,
956 3574 984 3611 a
1021 3568 1196 3612 morte
1224 3557 1427 3611 exemit
1461 3557 1583 3610 illos
1613 3556 1710 3625 qui
1739 3557 1899 3610 morti
1935 3564 2091 3609 erant
2124 3555 2225 3608 ob-

651 3654 827 3716 noxii,
860 3654 931 3707 ita
958 3667 1179 3719 quoque
1204 3650 1642 3705 exsecrationem
1670 3650 1919 3712 subiens,
1962 3648 2030 3703 ab
2065 3663 2226 3702 exse-

651 3746 903 3801 oratione
929 3745 1053 3799 illos
1082 3744 1355 3797 liberavit.

725 3839 889 3893 Vens.
928 3838 1016 3890 li.
1071 3855 1090 3886 ι
1132 3835 1202 3891 Ut
1252 3839 1303 3890 in
1361 3836 1616 3909 gentibus
1648 3836 1960 3891 benedictio
1996 3836 2226 3889 Abrahaa

654 3928 803 3983 ﬁeret
835 3929 889 3982 in
919 3927 1141 3981 Christo
1166 3926 1316 3982 .lesu.
1358 3948 1375 3979 ι

722 4016 1009 4083 Quomodo
1050 4017 1104 4070 in
1154 4018 1451 4088 gentibus?
1516 4017 1583 4071 In
1626 4019 1843 4080 semine,
1886 4016 2086 4084 inquit,
2138 4025 2227 4067 tuo

654 4110 1024 4165 benedicentur
1057 4119 1233 4180 gentes
1259 4112 1343 4177 ³³;
1386 4110 1489 4164 hoc
1532 4122 1619 4164 est
1665 4108 1719 4161 in
1756 4107 2005 4159 Domino.
2037 4104 2225 4159 Enim-

653 4217 781 4257 vero
813 4210 871 4254 ut
904 4202 1021 4272 ipse
1058 4202 1257 4260 alicubi
1283 4202 1400 4255 ait:
1439 4200 1563 4253 Non
1606 4200 1763 4263 dixit,
1816 4200 1868 4251 in
1919 4198 2225 4263 seminibus,

653 4292 805 4360 quasi
828 4292 881 4343 in
908 4291 1089 4343 multis
1116 4309 1133 4353 ;
1166 4289 1254 4344 sed
1286 4293 1342 4343 in
1372 4290 1566 4344 semine
1596 4302 1706 4352 tuo,
1730 4290 1881 4358 quasi
1906 4290 2103 4355 inuno,
2133 4290 2228 4342 hoc

653 4391 729 4435 est
757 4380 968 4435 Christo
1000 4381 1063 4435 “.
1091 4380 1226 4435 Nam
1258 4382 1371 4437 lieri
1413 4397 1520 4437 non
1551 4390 1764 4452 poterat
1798 4390 1856 4436 ut
1892 4398 1988 4452 per
2011 4382 2227 4438 Jndreos

2326 1916 2493 1989 ζούσῃ
2542 1917 2633 1969 τὸν
2688 1916 2762 1987 μὴ
2817 1914 3122 1984 ἐμμένοντα
3152 1918 3285 1968 πᾶσι
3325 1917 3439 1977 τοῖς
3493 1914 3830 1984 γεγραμμένοις

2326 2010 2383 2061 ἐν
2438 2008 2514 2077 τῷ
2569 2007 2757 2077 βιϐλίῳ
2814 2006 2907 2059 τοῦ
2955 2007 3142 2075 νόμου.
3192 2006 3249 2060 Ὀ
3305 2005 3364 2059 δὲ
3423 2007 3644 2076 Χριστὸς
3688 2006 3831 2073 ἑτέραν

2326 2100 2568 2171 κατάραν
2594 2098 2799 2166 ταύτης
2856 2098 3221 2167 ἀντηλλάξατο
3256 2099 3354 2167 τὴν
3387 2098 3675 2164 λέγουσαν·
3716 2098 3832 2148 Ἐπι-

2324 2190 2649 2257 κατάρατος
2676 2188 2794 2254 πᾶς
2819 2191 2849 2242 ό
2871 2189 3233 2258 κρεμάμενος
3250 2189 3351 2242 ἐπὶ
3379 2189 3589 2252 ξύλου.
3620 2187 3751 2239 Ἐπεὶ
3769 2186 3834 2237 οὖν

2325 2281 2419 2333 καὶ
2464 2283 2491 2333 6
2523 2281 2868 2354 κρεμάμενος
2910 2282 3352 2350 ἐπικατάρατος,
3396 2280 3491 2332 καὶ
3536 2281 3563 2332 6
3606 2279 3685 2330 τὸν
3717 2278 3835 2346 νόμον

2328 2372 2680 2444 παραϐαίνων
2712 2374 3143 2442 ἐπικατάρατος,
3174 2372 3266 2425 τὸν
3301 2372 3567 2442 μέλλοντα
3596 2370 3649 2422 δὲ
3674 2370 3835 2435 ἐκείνην

2324 2462 2473 2516 λύειν
2513 2464 2609 2532 τὴν
2664 2464 2910 2533 κατάραν
2935 2506 2951 2526 ,
2982 2462 3280 2516 ὑπεύθυνον
3334 2464 3439 2514 οὐκ
3496 2462 3599 2514 ἔδει
3642 2459 3835 2527 γενέσθαι

2323 2556 2483 2625 αὐτῇ,
2515 2555 2621 2609 ἔδει
2673 2555 2730 2608 δὲ
2763 2554 3020 2619 δέξασθαι
3069 2554 3310 2624 κατάραν
3360 2554 3478 2606 ἀντ’
3521 2553 3746 2619 ἐκείνης.
3771 2552 3836 2615 τῆς

2326 2648 2801 2718 καταδικαζούσης
2829 2648 2974 2714 λέγω
2994 2689 3009 2712 ,
3038 2646 3129 2699 τὸν
3176 2646 3251 2715 μὴ
3287 2645 3598 2715 ἐμμένοντα
3626 2646 3740 2695 πᾶσι
3759 2643 3837 2701 τοῖς

2325 2739 2751 2813 γεγραμμένοις,
2784 2740 2976 2792 τούτου
3013 2737 3174 2807 χάριν
3194 2776 3209 2799 ,
3231 2737 3332 2806 τῆς
3363 2737 3465 2805 μὲν
3494 2734 3751 2802 ἐλεύθερος
3775 2732 3839 2796 γέ-

2324 2849 2479 2900 γονεν
2500 2849 2513 2863 '
2548 2834 2668 2901 Οὐχ
2706 2833 2918 2898 εὑρέθη
2947 2830 3057 2899 γὰρ
3077 2830 3256 2890 δόλος
3284 2829 3353 2880 ὲν
3383 2826 3467 2892 τῷ
3507 2827 3731 2894 στόματι
3764 2823 3839 2873 αὺ-

2324 2922 2428 2977 τοῦ
2449 2941 2462 2954 ⁶
2492 2923 2695 2992 ταύτην
2743 2922 2799 2975 δὲ
2830 2922 3041 2983 ἔλαϐεν,
3068 2920 3167 2991 τὴν
3198 2918 3506 2972 ὑπεύθυνον
3532 2918 3684 2983 ἑαυτῇ
3710 2910 3841 2965 ποιοῦ·

2327 3027 2425 3063 σαν
2447 3010 2537 3064 τὸν
2571 3012 2920 3081 κρεμάμενον
2943 3012 3035 3064 ἐπὶ
3058 3009 3240 3075 ξύλου,
3272 3008 3367 3061 καὶ
3387 3008 3458 3060 δι’
3492 3006 3657 3073 αὐτῆς
3678 3002 3840 3065 ἐκείνην

2324 3103 2511 3157 ἔλυσεν
2550 3120 2564 3135 ·
2616 3104 2709 3157 καὶ
2762 3103 3009 3172 καθάπερ
3041 3101 3183 3165 τινὸς
3226 3096 3706 3154 καταδικασθέντος
3742 3091 3842 3142 ἀπο·

2323 3195 2507 3249 θανεῖν
2538 3240 2552 3260 ,
2601 3196 2790 3265 ’ἐτερος
2845 3193 3134 3255 ἀνεύθυνος
3191 3190 3452 3259 ἐλόμενος
3502 3184 3639 3254 ὑπὲρ
3685 3179 3841 3233 ἐκείνου

2324 3285 2619 3339 ἀποθανεῖν
2649 3284 2947 3353 ἐξαρπάζει
2980 3284 3077 3353 τῆς
3106 3281 3380 3352 τιμωρίας
3427 3276 3613 3338 αὑτὸν,
3641 3272 3761 3325 οὕτω
3780 3270 3845 3321 καί

2323 3377 2353 3430 6
2390 3375 2623 3445 Χριστὸς
2664 3374 2921 3444 ἐποίησεν
2948 3392 2960 3403 ·
2995 3372 3189 3443 ὥσπερ
3217 3367 3312 3424 οὖν
3350 3370 3379 3421 6
3428 3363 3707 3421 ἀποθανὼν
3729 3359 3846 3413 ἀνεύ·

2325 3471 2479 3533 θυνος
2505 3470 2630 3531 τοὺς
2657 3468 2942 3521 ἀποθανεῖν
2967 3466 3257 3538 μέλλοντας
3286 3461 3529 3528 ἐξείλετο
3572 3456 3774 3512 θανάτου

2327 3562 2520 3618 ἑαυτοῦ
2556 3562 2786 3631 θανάτῳ,
2816 3560 2959 3614 οὔτω
2984 3562 3079 3613 καὶ
3108 3559 3354 3629 κατάραν
3382 3553 3677 3623 δεξάμενος
3702 3548 3727 3598 δ
3753 3545 3847 3613 x?"

2327 3656 2473 3718 στος,
2496 3655 2597 3725 τῆς
2618 3654 2861 3725 κατάρας
2886 3650 3224 3724 ἀπήλλαξεν.

2404 3851 2422 3882 ‹
2460 3833 2576 3885 Ἵνα
2608 3832 2689 3892 εἰς
2713 3830 2781 3884 τά
2801 3828 2928 3897 ἔθνη
2967 3831 3000 3897 ἡ
3040 3825 3261 3895 εὐλογία
3309 3823 3405 3877 τοῦ
3456 3819 3702 3891 Ἀϐραάμ
3727 3812 3850 3882 γένη-

2326 3942 2414 3976 ται
2444 3924 2502 3976 ἐν
2540 3919 2763 3992 Χριστῷ
2804 3918 3001 3989 Ἰησοῦ.
3041 3938 3058 3967 ι

2398 4015 2517 4077 Ιιῶς
2538 4017 2617 4076 είς
2645 4014 2714 4065 τὰ.
2748 4012 2876 4082 ἔθνη
2905 4030 2921 4077 ;
2955 4010 3065 4063 Ἐν
3105 4009 3185 4074 τῷ
3210 4006 3512 4074 σπέρματί
3541 4020 3653 4057 σου
3671 4042 3685 4063 ,
3710 3993 3850 4065 φησὶν.

2325 4104 2839 4175 εὐλογηθήσονται
2901 4104 2974 4157 τὰ
3020 4101 3199 4165 ἔθνη,
3233 4097 3489 4152 τουτέστι
3553 4084 3853 4175 Κυρίου.

2326 4198 2433 4267 γάρ
2462 4174 2620 4259 αὑτός
2645 4195 2748 4247 πού
2783 4194 3103 4265 φησινοούκ
3129 4187 3282 4249 εἷπε,
3309 4185 3421 4241 Καὶ
3455 4185 3583 4249 τοῖς
3605 4174 3853 4267 σπέρμασί

2327 4264 2462 4351 σοι),
2488 4288 2567 4353 ὡς
2583 4286 2681 4340 ἐπὶ
2712 4264 2975 4349 πολλῶν,
3006 4284 3186 4345 ἀλλὰ,
3211 4278 3293 4345 Τῷ
3332 4274 3635 4345 σπερματί
3660 4288 3774 4330 σου,

2326 4381 2417 4448 ἐφ’
2447 4350 2584 4444 ένὸνς
2607 4419 2621 4442 ν
2646 4377 2919 4432 τουτέστι
2966 4371 3214 4444 Χριστῷ.
3267 4370 3398 4423 οὐδὲ
3451 4368 3563 4437 γὰρ
3591 4360 3785 4417 δυνατὸν
3807 4350 3853 4422 ἦν

654 4480 844 4542 gentes
874 4472 1358 4528 benedicerentnr.
1386 4472 1504 4540 Quo
1525 4447 1671 4528 enim
1707 4481 1866 4543 pacto
1894 4447 1988 4544 qui
2017 4489 2083 4528 ex
2114 4476 2223 4545 lege

2328 4447 2417 4524 διὰ
2442 4470 2549 4524 τῶν
2590 4469 2856 4523 Ἰουδαίων
2896 4464 3235 4535 εὐλογεῖσθαι
3262 4462 3329 4515 τὰ
3374 4458 3532 4528 ἔθνη.
3577 4447 3855 4545 Πῶςγὰριά

655 4565 789 4619 diris
839 4563 1022 4619 devoti
1058 4566 1301 4632 fuerunt,
1352 4573 1608 4621 auctores
1664 4566 1791 4622 aliis
1829 4566 2223 4623 benedictionis

2327 4566 2393 4617 ἐκ
2424 4562 2519 4615 τοῦ
2556 4562 2719 4632 νόμου
2768 4561 2921 4623 ὄντες
2963 4557 3387 4625 ἐπικατάρατοι,
3413 4550 3627 4619 ἑτέροις
3662 4537 3857 4605 εὐλογίας

658 4656 858 4711 forent.

732 4765 750 4796 ‹
799 4745 866 4799 Ut
927 4745 1378 4815 pollicitationem
1444 4744 1690 4817 Spiritus
1749 4747 2092 4818 accipiamus
2128 4762 2228 4818 per

658 4836 841 4890 ﬁdem.
882 4857 901 4887 ι

728 4924 863 4983 Nam
899 4928 1028 4997 quia
1067 4930 1331 4997 possibile
1374 4947 1484 4987 non
1519 4943 1638 4987 erat
1676 4944 1736 4988 ut
1770 4935 1947 5003 gratia
1989 4936 2226 5005 Spiritus

658 5020 726 5075 ad
764 5020 1106 5075 immundum
1142 5030 1197 5076 et
1243 5033 1528 5078 nocentem
1576 5026 1939 5093 derivaretur,
1966 5041 2224 5081 exsecra-

660 5115 806 5169 tione
836 5114 1073 5177 sublata,
1110 5114 1350 5184 primum
1378 5115 1798 5185 benedicuntur,
1836 5118 2032 5173 deinde
2055 5117 2222 5188 justi-

658 5204 730 5256 tia
770 5218 865 5272 per
896 5202 1051 5258 [idem
1088 5216 1333 5275 accepta,
1368 5205 1605 5274 Spinitus
1644 5210 1877 5277 gratiam
1913 5210 2217 5263 attrahunt.

658 5296 834 5363 Atque
884 5294 1019 5348 adeo
1071 5310 1208 5349 crux
1258 5295 1479 5366 quidem
1528 5299 1961 5352 exsecrationem
2019 5300 2213 5364 solvit,

661 5386 792 5441 lides
820 5400 949 5441 vero
986 5385 1260 5453 justitiam
1304 5387 1576 5456 praestitit,
1638 5397 1692 5443 et
1738 5388 1953 5457 justitia
1989 5390 2227 5459 gratiam

662 5477 900 5549 Spiritus
929 5479 1137 5533 allexit.

730 5570 893 5625 Vens.
914 5572 1101 5628 15-18.
1141 5593 1159 5625 ι
1191 5572 1502 5629 Secundum
1537 5573 1809 5629 hominem
1838 5574 1981 5639 dico,
2008 5573 2226 5638 fratres,

2328 4654 2568 4723 γίνονται
2593 4651 2845 4723 πρόξενοι
2870 4667 2884 4713 ;
3385 4708 3391 4714 .

2402 4767 2419 4797 ι
2467 4747 2583 4798 Ἵνα
2614 4744 2710 4814 τὴν
2762 4740 3094 4809 ἐπαγγελίαν
3136 4735 3235 4790 τοῦ
3288 4731 3613 4801 Πνεύματος
3656 4722 3858 4787 λάθωμεν

2324 4838 2413 4891 διὰ
2446 4838 2546 4906 τῆς
2577 4837 2835 4897 πίστεως.
2881 4853 2899 4883 ι

2410 4901 2629 4998 Ἐπειδὴ
2660 4925 2767 4995 γὰρ
2791 4926 2891 4977 οὐκ
2914 4919 2982 4994 ἦν
3028 4921 3128 4991 τὴν
3157 4918 3319 4989 χάριν
3348 4912 3443 4968 τοῦ
3477 4910 3776 5004 ῐῐνεύματος
3800 4901 3858 4957 εἰς

2325 5019 2635 5090 ἀκάθαρτον
2666 5016 2761 5070 καὶ
2795 5010 3279 5085 προσκεκρουκότα
3317 5006 3520 5071 ἐλθεῖν,
3564 5002 3858 5092 abiero-‘3‘“?

2324 5086 2568 5181 πρῶτά,
2606 5109 2707 5178 τῆς
2763 5106 3008 5176 κατάρας
3050 5098 3442 5173 ἀφαιρεθείσης
3469 5114 3483 5128 ο
3517 5091 3637 5148 εἶτα
3678 5086 3756 5140 διὰ
3785 5086 3859 5147 τῆς

2316 5202 2553 5261 πίστεως
2602 5198 2979 5260 δικαιωθέντες
3026 5192 3369 5248 ἐπισπῶνται
3423 5187 3524 5241 τοῦ
3577 5180 3845 5248 [Ινεύμιιτος

2328 5297 2427 5365 τὴν
2449 5295 2626 5365 χάριν.
2653 5295 2811 5346 Ὥστε
2834 5293 2862 5345 6
2900 5292 3000 5361 μὲν
3028 5287 3258 5355 σταυρὸς
3299 5284 3395 5355 τὴν
3424 5281 3670 5349 κατάραν
3690 5273 3860 5325 ἔλυσεν.

2331 5394 2365 5461 ἡ
2391 5390 2446 5443 δὲ
2471 5390 2653 5453 πίστις
2672 5390 2772 5457 τὴν
2807 5383 3158 5453 δικαιοσύνην
3198 5382 3520 5447 εἰσήγαγεν,
3552 5376 3586 5443 ἡ
3616 5372 3671 5425 δέ
3694 5369 3861 5421 Sumo-

2336 5481 2467 5550 σύνη
2493 5481 2592 5549 τὴν
2616 5481 2775 5549 χάριν
2805 5478 2898 5531 τοῦ
2940 5474 3258 5543 Πνεύματος
3292 5468 3661 5523 ἐπεσπάσατο.

2411 5592 2429 5625 ι
2456 5546 2615 5626 Κατὰ
2638 5546 2939 5643 Ἵάνθρωπον
2979 5567 3145 5635 λέγω,
3165 5562 3385 5633 ἀδελφοί
3403 5579 3415 5591 ·
3439 5561 3591 5627 ὅμως
3621 5546 3865 5622 ἀνθρώπω

796 5744 951 5799 Dent.
983 5762 1147 5807 xxvn.
1177 5749 1268 5805 26.
1308 5749 1349 5780 “
1388 5748 1542 5805 Deut.
1584 5765 1697 5812 xxv,
1731 5747 1821 5802 9.8.
1875 5748 1917 5780 ³³
1975 5746 2077 5803 lsa.
2107 5763 2223 5811 LIII,

2326 5788 2338 5801 .
2373 5746 2415 5779 ³³
2474 5743 2608 5801 Gen.
2652 5759 2784 5808 xxii,
2825 5741 2908 5797 i8.
2979 5742 3021 5773 ”
3065 5738 3199 5795 Vide
3230 5735 3392 5799 infra,
3424 5746 3473 5785 ν.
3523 5726 3608 5783 l6.
