4048 6422
183 375 291 440 797

1350 379 1432 438 IN
1469 378 1704 444 EPIST.
1744 381 1842 441 AD
1878 381 2234 442 GALATAS.

3319 361 3428 453 798

187 489 585 562 κεκυρωμένην
630 491 896 565 διαθήκην
939 496 1116 560 οὐδεὶς
1146 493 1330 550 ἀθετεῖ
1351 496 1423 565 ,ἢ
1458 493 1762 548 ἐπιδιατάσ·

1864 492 2022 558 plane
2079 491 2320 545 hominis
2381 493 2763 548 conﬁrmatum
2821 503 3208 553 testamentum
3265 513 3428 553 nemo

188 601 361 636 σεται.
387 583 478 655 Τῷ
502 585 560 638 δέ
605 584 854 658 Ἀϐραὰμ
885 589 1190 658 ἐρρέθησαν
1222 592 1276 642 αἱ
1303 587 1649 656 ἐπαγγελίαι,
1667 585 1762 640 καὶ

185 677 266 747 τῷ
298 678 576 749 σπέρματι
606 680 792 734 αὐτοῦ.
829 681 904 734 Οὐ
937 681 1107 750 λέγει,
1137 683 1248 736 Καὶ
1279 685 1392 745 τοῖς
1429 682 1760 752 σπέρμασιν,

185 768 263 830 ῶς
289 768 385 820 ἐπὶ
420 769 651 833 πολλῶν,
687 769 803 824 ἀλλ’
833 771 909 834 ὡς
942 774 1028 842 ἐφ’
1062 773 1200 837 ἐνὸς,
1231 774 1343 826 Καὶ
1376 771 1455 842 τῷ
1489 771 1766 843 σπέρματί

189 858 384 921 σου,δς
416 860 532 911 ἐστι
563 860 818 930 Χριστός.
844 861 1016 916 Τοῦτο
1040 862 1096 916 δέ
1133 863 1296 930 λέγω,
1328 861 1592 933 διαθήκην
1627 877 1767 933 προ-

191 951 586 1022 κεκυρωμένην
613 953 720 1006 ὒπδ
748 953 841 1006 τοῦ
865 953 1030 1019 Θεοῦ,
1058 959 1088 1009 ὁ
1139 956 1275 1025 μετὰ
1302 955 1630 1026 τετρακόσια
1671 957 1765 1008 καὶ

186 1045 484 1115 τριάκοντα
537 1045 629 1117 ἔτη
681 1047 916 1116 γεγονὼς
969 1049 1131 1118 νόμος
1182 1051 1284 1104 οὐκ
1332 1050 1532 1120 ἀκυροῖ
1576 1051 1656 1114 είς
1705 1050 1766 1103 τὸ

188 1137 539 1207 καταργῆσαι
563 1139 662 1209 τὴν
689 1140 1041 1209 ἐπαγγελίαν.
1061 1143 1124 1195 Ei
1147 1142 1255 1215 γὰρ
1281 1143 1345 1196 ἐκ
1382 1142 1546 1213 νόμου
1571 1143 1604 1214 ἡ
1630 1141 1764 1211 κλη-

187 1229 441 1299 ρονομία,
477 1230 660 1283 οὐκέτι
710 1230 771 1296 ἐξ
821 1234 1176 1301 ἐπαγγελίας.
1207 1233 1299 1305 Τῷ
1335 1234 1392 1288 δὲ
1426 1235 1676 1307 Ἀϐραὰμ
1695 1235 1765 1289 δι’

186 1320 529 1388 ἐπαγγελίας
549 1323 871 1394 κεχάρισται
893 1328 920 1378 6
945 1326 1101 1389 Θεὸς.
1140 1345 1159 1378 ι

272 1410 368 1476 Ἐξ
412 1410 768 1483 ἀνθρωπίνων
829 1415 929 1485 μὲν
983 1417 1446 1490 παραδειγμάτων
1497 1422 1525 1474 6
1561 1420 1717 1490 λόγος
1746 1461 1762 1486 ,

185 1503 326 1571 φησί
349 1521 363 1533 ·
389 1503 552 1557 τοῦτο
595 1506 704 1576 γάρ
733 1508 848 1560 ἐστι
894 1507 956 1560 τδ
981 1548 996 1571 ,
1028 1510 1194 1583 κατὰ,
1231 1510 1546 1580 ἄνθρωπον
1589 1515 1762 1582 λέγω.

198 1592 262 1642 ὐ
299 1591 362 1642 δέ
409 1591 533 1656 νοῦς
577 1589 730 1656 οὗτος
755 1610 768 1624 °
808 1596 1207 1667 Ἐπηγγείλατο
1257 1601 1335 1672 τῷ
1382 1599 1638 1674 Ἀϐραὰμ
1678 1603 1766 1658 διὰ

187 1683 506 1752 σπέρματος
525 1685 689 1740 αὑτοῦ
712 1688 1006 1760 εὐλογῆσαι
1031 1691 1098 1746 τὰ
1131 1691 1257 1764 ἔθνη
1279 1709 1294 1725 ·
1326 1695 1548 1766 σπέρμα
1575 1696 1632 1749 δέ
1669 1698 1766 1751 a6-

184 1772 284 1826 τοῦ
307 1776 420 1826 ἐστι
443 1775 584 1829 κατά
609 1776 789 1848 σάρκα
811 1781 838 1833 6
869 1782 1121 1852 Χριστός.
1147 1782 1324 1859 ’Ἡλθει
1372 1789 1513 1858 μετὰ
1566 1807 1760 1862 τετρα-

186 1864 352 1918 κόσια
393 1867 489 1918 καὶ
522 1868 816 1937 τριάκοντα
843 1870 940 1939 ἐτη
979 1874 1160 1944 νόμος.
1199 1876 1263 1930 El
1312 1878 1492 1932 τοίνυν
1535 1880 1563 1932 6
1601 1880 1762 1952 νόμος

186 1955 588 2024 χαρίζεταιτὰς
611 1959 861 2034 εὐλογίας
890 1964 985 2016 καὶ
1003 1966 1102 2035 τὴν
1135 1966 1280 2036 ζωὴν
1314 1968 1408 2020 καὶ
1429 1970 1527 2040 τὴν
1562 1970 1767 2024 δικαιο-

185 2043 380 2114 σύνην,
411 2048 444 2116 ἠ
476 2047 774 2116 ἐπαγγελία
818 2051 1001 2123 ἐκείνη
1054 2053 1257 2124 ἄκυρός
1303 2055 1470 2110 ἐστιν.
1511 2053 1643 2110 Εἶτα
1676 2058 1769 2110 ἀν-

183 2137 414 2208 θρώπου
443 2138 544 2208 μὲν
601 2141 781 2205 οὐδεὶς
826 2143 1014 2197 ἀθετεῖ
1051 2145 1314 2216 διαθήκην
1339 2163 1353 2176 ·
1378 2148 1471 2200 τοῦ
1512 2148 1569 2200 δὲ
1625 2149 1761 2201 Θεοῦ

183 2229 331 2296 μετὰ
363 2232 684 2302 τετρακόσια
712 2233 806 2287 καὶ
823 2236 1111 2305 τριάκοντα
1135 2238 1232 2309 ἐτη
1263 2241 1618 2312 ἀκυροῦταιὴ
1647 2242 1766 2294 δια-

180 2321 355 2390 θήκη.
392 2321 456 2374 El
483 2322 590 2393 γὰρ
617 2323 654 2377 ἃ
680 2325 1047 2394 ἐπηγγείλατο
1097 2328 1301 2399 ἐκείνη,
1328 2331 1429 2382 οὐκ
1455 2331 1636 2401 ἐκείνη
1685 2331 1764 2382 δί-

178 2415 384 2478 δωσιν,
413 2416 528 2469 ἀλλ’
559 2418 742 2488 ’έτερος
790 2420 903 2473 ἀντ’
930 2420 1148 2492 ἐκείνης
1170 2463 1186 2487 ,
1209 2422 1485 2475 τουτέστιν
1522 2425 1550 2475 6
1581 2424 1762 2492 νόμος,

179 2505 522 2578 ἐπιϐέϐληται
548 2511 581 2581 ἡ
611 2509 846 2582 διαθήκη
865 2539 868 2542 ~
887 2527 904 2544 ο
937 2513 1032 2566 καὶ
1061 2512 1178 2577 πῶς
1213 2513 1280 2567 ἂν
1329 2513 1442 2585 ἔχοι
1471 2514 1629 2568 τοῦτο
1673 2516 1763 2568 λό-

179 2612 283 2662 γον
309 2614 325 2660 ;

269 2691 420 2743 Ἀντὶ
449 2691 564 2753 τοῦ,
589 2692 620 2763 ἢ
655 2693 1036 2766 προστίθησιν.

262 2801 283 2832 ι
328 2784 397 2835 Τί
424 2781 518 2838 οῦν
553 2786 582 2837 6
616 2786 810 2857 νόμος;
838 2789 946 2841 τῶν
977 2790 1345 2860 παραϐάσεων
1385 2791 1549 2864 χάριν
1591 2809 1763 2863 προσ-

182 2874 377 2943 ετέθη.
417 2894 436 2926 ι
1680 2894 1681 2897 ‘

266 2966 390 3018 Ἵνα
413 2968 485 3036 μή
519 2985 603 3030 τις
630 2969 826 3043 νομίσῃ
857 2976 1115 3042 περιττὸν
1147 2974 1239 3026 τὸν
1267 2975 1450 3043 νόμον,
1479 2976 1574 3028 καὶ
1603 2973 1762 3028 τοῦτο

181 3055 496 3124 διορθοῦται
518 3058 578 3108 τὸ
609 3058 793 3128 μέρος,
813 3060 1027 3123 δεικνὺς
1053 3062 1132 3114 δτί
1163 3065 1261 3116 οὐκ
1290 3066 1434 3136 εἰκῆ,
1457 3064 1592 3118 ἀλλὰ
1618 3067 1759 3119 πάνυ

1867 579 2094 648 spernit,
2123 589 2218 632 aut
2251 583 2656 649 superordinat.
2691 584 2924 639 Abrahae
2955 586 3114 639 dieue
3147 595 3275 639 sunt
3305 602 3432 655 pro-

1865 670 2157 726 missiones
2180 679 2235 726 et
2270 673 2466 727 semini
2495 673 2635 741 ejus.
2672 676 2789 730 Non
2820 675 2956 730 dicit
2993 695 3006 731 :
3038 685 3095 732 et
3124 680 3430 733 seminibus

1863 763 2019 832 quasi
2057 764 2112 818 in
2142 763 2330 820 multis
2351 805 2366 829 ,
2423 765 2518 820 sed
2547 769 2706 836 quasi
2745 768 2802 820 in
2828 782 2963 834 uno,
2999 777 3052 824 et
3079 771 3272 823 semini
3310 779 3426 833 tuo,

1863 852 1957 922 qui
1973 861 2059 907 est
2079 852 2354 910 Christus.
2377 853 2493 910 Hoc
2513 863 2695 910 autem
2715 856 2837 911 dico
2859 865 3238 913 testamentum
3268 853 3428 930 166

1865 945 2240 1001 conﬁrmatum
2270 963 2299 1000 a
2318 947 2470 1015 ,Deo,
2495 965 2618 1019 quae
2647 961 2771 1020 post
2791 951 3222 1021 quadringentos
3251 961 3305 1008 et
3333 955 3430 1007 tri-

1864 1036 2011 1107 ginta
2042 1052 2217 1094 annos
2243 1039 2386 1094 facta
2412 1051 2496 1097 est
2523 1043 2628 1105 lex,
2658 1059 2767 1098 non
2793 1043 3010 1098 irritum
3046 1044 3177 1099 facit
3206 1047 3270 1099 ad
3301 1062 3429 1101 eva-

1864 1128 2130 1184 euandam
2171 1123 2613 1202 promissionem.
2639 1134 2775 1191 Nam
2803 1137 2847 1190 si
2877 1151 2941 1192 ex
2967 1137 3080 1207 lege
3111 1139 3426 1203 baxeditas,

1860 1223 1970 1292 jam
2005 1238 2114 1276 non
2145 1241 2212 1278 ex
2235 1228 2626 1294 promissione.
2660 1230 2894 1284 Abrahae
2919 1238 3100 1284 autem
3134 1245 3226 1298 per
3251 1247 3430 1300 repro-

1865 1314 2179 1369 missionem
2207 1317 2434 1371 donavit
2462 1317 2628 1373 Deus.
2667 1339 2688 1370 ι

1931 1401 2200 1460 Humanis
2237 1415 2366 1460 utor
2397 1409 2684 1477 exemplis,
2741 1409 2922 1478 inquit
2955 1427 2971 1463 :
3013 1410 3113 1463 hoc
3164 1411 3308 1464 enim
3349 1419 3431 1462 est

1864 1496 2006 1566 quod
2029 1499 2124 1562 ait,
2155 1499 2442 1552 secundum
2461 1501 2723 1554 hominem
2751 1501 2891 1554 dico.
2914 1499 3087 1567 Hujus
3115 1512 3292 1564 autem
3323 1501 3426 1555 loci

1864 1606 2058 1646 sensus
2075 1601 2178 1647 est.
2202 1592 2515 1647 Abraliamo
2543 1593 2682 1649 Deus
2705 1595 2984 1664 pollicitus
3011 1605 3091 1648 est
3116 1595 3429 1653 benedictu-

1865 1699 1985 1737 rum
2011 1700 2069 1738 se
2101 1694 2290 1754 gentes
2313 1701 2408 1754 per
2424 1701 2611 1740 semen
2645 1685 2818 1755 ipsius
2846 1706 2860 1741 :
2892 1703 3078 1742 semen
3106 1696 3286 1742 autem
3310 1689 3430 1758 ejus

1865 1777 2164 1831 secundum
2203 1791 2424 1831 carnem
2455 1776 2709 1832 Christus
2737 1788 2822 1832 est
2859 1795 2874 1832 :
2911 1789 3034 1848 post
3079 1795 3253 1834 annos
3292 1781 3427 1835 sub-

1867 1867 1993 1921 inde
2029 1867 2460 1938 quadringentos
2517 1877 2573 1921 et
2631 1869 2853 1938 triginta
2909 1869 2995 1923 lex
3057 1868 3278 1938 prodiit]
3319 1890 3332 1925 :
3379 1873 3426 1924 si

1870 1959 2296 2023 benedictiones,
2324 1961 2434 2014 vita
2473 1967 2530 2012 et
2565 1959 2780 2028 iustitia
2811 1960 2926 2030 lege
2955 1959 3252 2023 donantur,
3271 1963 3427 2015 irrita

1867 2068 1996 2124 ergo
2025 2051 2128 2106 fuit
2173 2052 2265 2105 illa
2304 2052 2621 2122 promissio.
2671 2051 2752 2105 Ad
2803 2051 2953 2117 haec,
2996 2059 3158 2106 neuio
3207 2053 3426 2117 quidem

1869 2145 2106 2199 hominis
2133 2152 2522 2200 testa-mentum
2559 2136 2847 2198 resc'iderit
2875 2161 2896 2199 :
2939 2143 3034 2199 Dei
3086 2159 3216 2200 vero
3263 2153 3430 2200 testa—

1868 2245 2112 2291 mentum
2147 2249 2268 2305 post
2298 2223 2728 2306 quadringentos
2755 2245 2810 2290 et
2843 2235 3065 2308 triginta
3099 2251 3274 2292 annos
3303 2237 3440 2320 irri-o

1867 2340 1977 2383 tum
2009 2328 2211 2398 factum
2229 2329 2360 2384 erit.
2384 2328 2518 2383 Nam
2543 2330 2590 2385 si
2619 2345 2742 2399 quae
2769 2328 2905 2384 illud
2937 2330 3282 2400 promiserat,
3315 2329 3428 2384 hac

1864 2422 2042 2492 ipsum
2078 2437 2185 2476 non
2216 2423 2486 2492 praestitit,
2527 2423 2619 2478 sed
2660 2423 2806 2476 aliud
2839 2423 2960 2491 ejus
3006 2423 3149 2485 loco,
3197 2423 3283 2478 lex
3344 2423 3427 2477 ni-

1866 2514 2094 2579 mirum;
2145 2521 2532 2568 testamentum
2570 2514 2738 2582 igitur
2763 2513 3088 2584 abrogatum
3123 2514 3252 2569 erit.
3294 2512 3428 2579 Qui-

1864 2619 1995 2660 nam
2025 2619 2156 2658 vero
2183 2605 2301 2659 haec
2333 2622 2459 2660 cum
2495 2607 2706 2661 ratione
2743 2607 2958 2676 possint
2983 2606 3336 2676 congruere?

1935 2697 2078 2752 Idem
2113 2706 2196 2752 est
2225 2704 2408 2768 atque,
2447 2708 2538 2752 aut
2569 2698 2782 2767 adjicit.

1934 2787 2101 2844 Vens.
2139 2789 2224 2843 l9.
2260 2808 2280 2841 ι
2319 2787 2462 2856 Quid
2494 2789 2660 2861 igitur
2689 2791 2815 2846 lex?
2861 2801 3084 2862 prapter
3110 2801 3426 2862 transgres-

1862 2883 2048 2936 siones
2079 2882 2252 2949 posita
2289 2893 2394 2944 est,
2433 2901 2450 2933 ο

1931 2975 2013 3028 Ne
2036 2976 2161 3040 quis
2187 2975 2358 3045 legem
2387 2973 2717 3044 superﬂuam
2736 2974 2765 3028 ί
2767 2973 2915 3028 uisse
2940 2974 3256 3040 arbitretur,
3286 2974 3427 3028 hanc

1863 3082 2078 3135 quoque
2138 3075 2348 3135 partem
2386 3067 2576 3130 sarcit,
2611 3065 2993 3121 demonstrans
3023 3080 3166 3130 eam,
3194 3081 3302 3120 non
3339 3073 3426 3120 te-

179 3146 478 3216 χρησίμως
510 3149 790 3219 ἐδόθη,ἱ’να
822 3151 896 3222 μὴ
945 3152 1039 3223 ἐξῇ
1088 3154 1376 3218 Ἰουδαίους
1423 3157 1589 3219 ἀδεῶς
1638 3156 1756 3227 ζῇν,

1865 3174 2011 3212 mere
2036 3167 2092 3210 et
2121 3156 2346 3219 frustra,
2377 3156 2471 3211 sed
2502 3156 2794 3210 admodum
2827 3157 3035 3212 utiliter
3055 3171 3180 3210 esse
3206 3156 3422 3210 datam:

179 3239 280 3292 καὶ
310 3242 395 3301 είς
419 3240 652 3310 ἔσχατον
678 3243 1062 3307 ἐξολισθαίνειν
1099 3247 1318 3313 κακίας,
1349 3249 1484 3302 ἀλλὰ
1519 3251 1640 3304 ἀντὶ
1663 3267 1761 3320 χα-

177 3328 330 3380 λινοῦ
355 3331 386 3381 6
412 3329 578 3400 νόμος
631 3332 812 3396 αὐτοῖς
867 3335 1217 3405 ἐπικείμενος
1250 3333 1306 3409 ᾗ,
1340 3339 1636 3404 παιδεύων,
1671 3342 1766 3408 ῥυ-

178 3421 420 3491 θμίζων,
453 3422 678 3476 κωλύων
707 3425 1088 3494 παραϐαίνειν,
1119 3431 1166 3481 εἰ
1189 3431 1281 3482 καὶ
1311 3431 1387 3500 μὴ
1423 3431 1624 3496 πάσας,
1647 3430 1762 3484 ἀλλ’

174 3514 337 3582 ὅμως
373 3513 481 3567 κᾶν
511 3514 660 3579 ἐνίας
693 3516 802 3570 τῶν
841 3518 1089 3573 ἐντολῶν.
1129 3521 1292 3574 Ὥστε
1339 3522 1399 3574 ού
1459 3522 1656 3592 μικρὸν
1705 3523 1764 3574 τὸ

175 3605 380 3674 κέῷος
426 3605 520 3656 τοῦ
558 3606 742 3673 νόμου.
781 3607 920 3660 Ἀλλ’
950 3609 1078 3678 ἄχρι
1108 3609 1284 3676 τίνος;
1317 3611 1510 3680 Ἂχρις
1531 3603 1592 3662 οὗ
1636 3611 1763 3682 ἔλθῃ

171 3698 236 3748 τὸ
263 3696 492 3765 σπέρμα
513 3688 556 3762 ᾧ
581 3696 958 3766 ἐπηγγείλατο.

261 3806 283 3837 ι
322 3789 522 3856 Ἀχρις
576 3782 638 3841 οὗ
692 3788 821 3861 ἔλθῃ
861 3789 924 3842 τὸ
974 3790 1199 3860 σπέρμα
1237 3790 1266 3844 6
1297 3791 1628 3863 ἐπήγγελται
1675 3793 1764 3847 διὰ

172 3876 455 3945 διαταγῆς
484 3877 550 3929 δι’
578 3878 846 3946 ἀγγέλων.
887 3899 905 3931 ι
1192 3928 1194 3931 .

249 3967 501 4035 Σπέρμα
530 3969 625 4043 μὲν
652 3969 744 4021 τὸν
796 3970 1031 4040 Χριστόν
1075 3988 1228 4041 φησι.
1259 3972 1421 4040 Λέγει
1457 3973 1553 4026 δέ’
1586 3973 1762 4044 Μέχρι

173 4056 280 4125 τῆς
339 4058 579 4126 Χριστοῦ
625 4059 929 4129 παρουσίας
952 4062 1162 4115 δέδοται
1196 4078 1210 4092 ⁸
1238 4064 1292 4116 τί
1325 4064 1637 4135 περαιτέρω
1668 4064 1762 4118 καὶ

174 4150 336 4220 παρὰ
363 4150 556 4220 καιρὸν
589 4151 750 4202 αὑτὸν
781 4151 998 4218 ἐλκειςς

251 4284 277 4318 ε
321 4265 414 4318 Ἐν
435 4266 577 4336 χειρὶ
605 4265 864 4320 Μεσίτου.
893 4267 950 4321 Ὀ
975 4267 1030 4320 δέ
1054 4267 1298 4340 Μεσίτης
1324 4267 1444 4332 ἐνὸς
1472 4267 1571 4321 οὐκ
1592 4267 1757 4321 ἐστιν·

173 4361 203 4413 6
231 4358 296 4412 δέ
323 4357 462 4420 Θεὸς
491 4353 572 4420 εἷς
603 4358 772 4412 ἐστιν.
807 4377 825 4410 ι
1198 4352 1208 4364 ’

248 4469 363 4522 Τὸν
392 4470 628 4540 Χριστὸν
658 4470 891 4524 ἐνταῦθά
934 4489 1084 4542 φησι,
1114 4471 1206 4525 τὸν
1236 4471 1332 4524 καὶ
1380 4471 1546 4526 πάλαι
1593 4473 1758 4526 δεδω-

175 4562 318 4614 κότα
351 4561 448 4612 τὸν
485 4560 666 4630 νόμον.
703 4561 767 4614 El
794 4561 851 4614 δὲ
891 4561 983 4614 τὸν
1026 4561 1190 4632 νόμον
1234 4563 1396 4626 αὐτὸς
1433 4563 1623 4631 ἔδωκε,
1656 4563 1756 4618 κύ-

181 4669 302 4724 ριος
333 4652 402 4705 ἂν
437 4651 523 4722 εἴη
563 4653 658 4706 καὶ
685 4652 848 4706 λῦσαι
875 4654 1058 4708 πάλιν.

258 4785 280 4819 ι
329 4767 393 4820 Ὀ
443 4761 535 4819 οῦν
579 4766 735 4836 νόμος
771 4765 914 4820 κατὰ
941 4766 1051 4819 τῶν
1080 4766 1424 4835 ἐπαγγελιῶν
1454 4767 1548 4820 τοῦ
1585 4767 1758 4834 Θεοῦ;

179 4860 260 4927 μὴ
297 4857 534 4924 γένοιτο.
568 4859 631 4909 El
676 4857 786 4928 γὰρ
837 4857 991 4926 ἐδόθη
1037 4857 1201 4927 νόμος
1245 4859 1274 4910 6
1305 4857 1603 4928 δυνάμενος
1632 4860 1764 4924 ζωο-

178 4951 437 5019 ποιῆσαι,
468 4947 636 5011 ὃντως
657 4950 720 5002 ἐκ
757 4948 920 5018 νόμου
947 4944 1015 5016 ἦν
1039 4951 1072 5017 ἡ
1103 4941 1442 5020 δικαιοσύνη,
1477 4969 1496 5002 ι

254 5061 324 5115 El
352 5060 467 5129 γὰρ
501 5059 581 5132 τῷ
618 5060 891 5132 σπέρματι
921 5061 1014 5114 τοῦ
1053 5060 1305 5132 Ἀϐραὰμ
1328 5061 1386 5114 αἱ
1415 5058 1657 5129 εὐλογίαι
1678 5062 1764 5115 δέ-

176 5156 392 5219 δονται,
419 5155 449 5206 6
472 5153 528 5206 δέ
569 5154 732 5224 νόμος
775 5154 1017 5225 κατάραν
1047 5153 1281 5220 εἰσάγει,
1315 5153 1424 5223 ἄρα
1471 5154 1613 5208 κατὰ
1653 5154 1764 5207 τῶν

175 5243 536 5313 ἐπαγγελιῶν
560 5244 653 5297 τοῦ
686 5243 822 5298 Θεοῦ
856 5246 884 5298 6
909 5245 1090 5314 νόμος.
1125 5244 1249 5308 Πῶς
1281 5240 1375 5300 οὖν
1415 5244 1532 5298 λύει
1575 5246 1761 5309 αὑτὸν,

178 5337 406 5391 σκόπει.
427 5333 651 5405 Πρῶτον
686 5336 782 5405 μὲν
809 5338 875 5407 τῇ
899 5334 1266 5406 ἀπαγορεύσει
1287 5335 1366 5399 τὸ,
1383 5336 1481 5404 Μὴ
1512 5335 1760 5405 γένοιτο,

175 5428 364 5497 λέγων
387 5445 401 5458 ·
421 5421 687 5498 ὅπερ
705 5428 907 5497 σφόδρα
937 5427 1528 5494 ἀτοπιῖηατον,τίθεται
1576 5428 1765 5480 ἔπειτα

176 5520 438 5590 λογισμῷ
487 5519 708 5590 βεϐαίῳ.
729 5520 884 5572 Ἔστι
929 5520 985 5572 δὲ
1012 5514 1187 5583 οὗτος·
1229 5519 1292 5572 El
1340 5520 1439 5590 μὲν
1484 5521 1544 5572 ἐν
1591 5519 1760 5589 αὐτῷ,

179 5613 347 5684 φησι,
373 5611 456 5683 τῷ
482 5611 631 5682 νόμῳ
673 5609 771 5680 τὴν
801 5610 989 5664 ἐλπίδα
1035 5611 1136 5679 τῆς
1181 5610 1326 5682 ζωῆς
1352 5610 1591 5680 εἴχομεν,
1629 5610 1763 5673 ἴσως

181 5704 372 5767 καλῶς
423 5701 597 5755 ταῦτα
647 5701 850 5770 ἔλεγον.
878 5704 937 5756 Et
970 5703 1030 5756 δέ
1060 5702 1169 5755 ἀπὸ
1197 5702 1296 5773 τῆς
1320 5703 1556 5767 πίστεως
1591 5705 1624 5772 ἠ
1659 5720 1762 5755 σω-

179 5795 356 5868 τηρία
383 5796 518 5867 ἡμῖν
548 5795 640 5848 καὶ
667 5795 702 5864 ἡ
729 5791 870 5865 ζωὴ,
905 5795 1008 5850 κᾶν
1043 5794 1482 5864 ἐπικαταράτους
1522 5794 1762 5858 ἐκείνους

1866 3267 1932 3304 ne
1969 3251 2178 3305 scilicet
2209 3248 2412 3305 Judmis
2445 3249 2630 3304 liceret
2654 3249 2806 3302 nullo
2831 3249 3028 3302 timore
3058 3249 3262 3312 vivere,
3296 3258 3350 3303 et
3371 3248 3426 3301 in

1862 3344 2160 3390 extremam
2211 3337 2424 3405 prolabi
2489 3337 2778 3390 malitiam.
2838 3334 3184 3405 Quapropter
3249 3335 3424 3406 legem

1864 3427 2040 3480 insmr
2063 3427 2200 3481 ireni
2233 3428 2544 3498 impositam
2569 3429 2652 3482 eis
2684 3426 2876 3488 fuisse,
2903 3441 3026 3496 qua:
3059 3427 3210 3495 ipsos
3238 3425 3424 3480 erudi-

1863 3525 1966 3580 ret,
1999 3525 2482 3589 componeretque.
2516 3533 2616 3572 nec
2667 3517 3173 3581 sineret,.violare,
3219 3517 3267 3572 si
3314 3533 3425 3572 non

1863 3607 2064 3670 omnia,
2099 3615 2247 3661 certe
2279 3608 2490 3676 aliquot
2535 3614 2830 3676 praecepta.
2864 3604 3159 3676 Usquequo
3205 3607 3429 3660 autem?

1865 3697 2047 3765 Usque
2068 3697 2195 3751 dum
2223 3699 2432 3754 veniret
2465 3714 2650 3754 semen
2679 3698 2769 3755 cui
2797 3697 3125 3767 promiserat

1939 3803 1957 3836 ι
1995 3786 2176 3842 Donec
2202 3788 2414 3842 veniret
2451 3803 2660 3853 semen,
2693 3786 2780 3842 c'ui
2811 3787 3108 3856 promissio
3143 3783 3283 3841 facta
3319 3793 3428 3850 est,

1862 3877 2112 3932 ordinata
2150 3893 2248 3947 per
2273 3879 2514 3945 angelos.
2539 3897 2558 3930 ι

1931 3967 2210 4024 Christum
2238 3969 2453 4039 quidem
2479 3986 2654 4026 semen
2705 3968 2860 4024 dicit.
2890 3968 2980 4025 Ait
3005 3982 3140 4024 vero
3176 3986 3192 4024 ι
3235 3968 3417 4038 Usque

1861 4062 1930 4116 ad
1963 4061 2251 4116 adventum
2272 4061 2476 4118 Christi
2511 4065 2595 4116 lex
2626 4062 2752 4116 data
2789 4071 2902 4127 est;
2937 4076 3038 4117 cur
3061 4077 3182 4124 eam
3210 4061 3433 4132 longius

1861 4161 1916 4210 et
1943 4154 2088 4208 ultra
2122 4161 2336 4224 tempus
2368 4153 2676 4224 prorogas?
2751 4223 2756 4228 _

1935 4285 1954 4317 ι
1985 4264 2046 4320 in
2074 4281 2241 4321 manu
2265 4265 2605 4322 Mediatoris.
2649 4265 2840 4338 Heus.
2872 4264 2991 4336 Ωιι]
3033 4265 3297 4322 Mediator
3331 4280 3430 4320 au-

1862 4364 1969 4412 tem
2007 4357 2172 4413 unius
2201 4373 2312 4412 non
2349 4367 2437 4413 est
2469 4375 2483 4413 :
2525 4356 2672 4414 Deus
2702 4373 2833 4413 vero
2857 4373 3001 4412 unus
3033 4367 3138 4412 est.
3179 4375 3200 4408 ›

1933 4469 2034 4526 Hic
2063 4471 2340 4526 Christum
2369 4463 2571 4536 innuit,
2594 4470 2684 4540 qui
2707 4477 2760 4525 et
2782 4470 2951 4540 legem
2984 4470 3259 4540 quondam
3292 4485 3426 4541 pra:-

1865 4565 2010 4633 buitl
2043 4565 2198 4630 Quod
2237 4563 2282 4618 si
2321 4565 2368 4619 is
2399 4564 2569 4634 legem
2604 4563 2752 4626 tulit,
2791 4578 2958 4632 penes
3011 4564 3165 4616 illum
3201 4577 3424 4633 quoque

1864 4658 1936 4714 sit
1965 4665 2184 4726 oportet
2213 4671 2335 4711 eam
2366 4655 2549 4711 denuo
2578 4655 2814 4710 solvere.

1934 4772 2098 4828 Vens.
2136 4772 2228 4826 2|.
2269 4789 2289 4822 ι
2325 4769 2438 4825 Lex
2495 4785 2628 4838 ergo
2663 4767 2928 4825 adversus
2963 4767 3232 4839 promissa
3293 4765 3436 4820 Dei?

1863 4864 2029 4919 absit.
2058 4863 2116 4918 Si
2141 4862 2289 4916 enim
2306 4861 2436 4915 data
2471 4867 2617 4916 esset
2650 4859 2734 4915 lex
2759 4875 2882 4929 quae
2905 4866 3093 4929 posset
3127 4856 3428 4921 viviﬁcare,

1863 4971 2094 5013 vereex
2132 4956 2249 5025 lege
2277 4963 2422 5009 esset
2453 4953 2693 5022 justitia.
2733 4971 2752 5003 ι

1932 5066 2064 5121 Nam
2085 5065 2132 5120 si
2163 5063 2359 5120 semini
2382 5063 2654 5116 Abraham
2679 5062 2818 5116 data:
2841 5059 3246 5116 benedictiones
3272 5051 3426 5124 sunt,

1861 5155 1947 5208 lex
1984 5160 2162 5207 autem
2193 5151 2628 5206 exsecrationem
2672 5150 2930 5213 adducit;
2966 5150 3048 5204 lex
3095 5147 3264 5218 igitur
3297 5163 3429 5216 pro-

1861 5242 2218 5300 missionibus
2259 5239 2352 5294 Dei
2378 5240 2719 5295 adversatur.
2777 5239 2989 5309 Inspice
3027 5252 3157 5292 vero
3201 5236 3428 5306 quinam

1863 5336 1966 5389 hoc
2013 5335 2207 5389 solvat.
2255 5331 2500 5387 Primum
2552 5331 2775 5401 quidem
2838 5329 3186 5401 abuegando,
3213 5327 3428 5392 dicens,

1864 5427 2032 5488 Absit,
2073 5439 2298 5494 remque
2327 5424 2466 5478 adeo
2501 5421 2962 5478 absurdissimam
3006 5428 3194 5475 censet
3241 5437 3256 5474 :
3311 5415 3427 5472 tum

1862 5517 2060 5573 deinde
2087 5515 2268 5572 valida
2297 5513 2743 5581 ratiocinatione,
2773 5528 2895 5582 qua:
2914 5509 3180 5580 ejusmodi
3215 5517 3300 5567 est
3327 5523 3342 5563 ι
3367 5507 3427 5564 Si

1861 5610 1916 5664 in
1944 5611 2061 5680 lege
2083 5610 2205 5663 vitae
2236 5622 2385 5678 Spem
2416 5606 2824 5669 habuissemus,
2863 5605 3059 5674 inquit,
3093 5603 3206 5658 haec
3242 5601 3426 5657 forsan

1863 5704 2012 5752 recte
2043 5696 2121 5751 illi
2147 5696 2394 5752 dicerent
2425 5712 2441 5752 :
2480 5695 2569 5751 sin
2621 5709 2756 5750 vero
2797 5709 2826 5748 a
2880 5693 2985 5749 fide
3023 5693 3174 5748 sals
3205 5692 3428 5761 vitaque

1863 5795 2150 5860 parantur,
2182 5787 2400 5845 tametsi
2451 5787 2536 5845 lex
2578 5787 2718 5846 diris
2764 5785 2906 5845 alios
2960 5785 3249 5852 devoveat,
3287 5783 3426 5841 n’hil
