4048 6416
637 357 747 423 799

1792 360 1858 422 s.
1893 358 2212 421 JOANNIS
2248 358 2677 420 DAMASCENI
3723 374 3803 439 εω

643 471 771 528 inde
798 468 985 526 damni
1023 468 1361 541 accepimus,
1408 467 1501 523 ubi
1552 469 1703 525 venit
1736 470 1893 535 ﬁdes,
1920 478 1976 527 et
2011 479 2208 526 cuncta

2318 470 2507 541 ποιήσῃ
2525 506 2555 534 ,ι
2572 468 2727 524 οὐδὲν
2782 464 3094 539 ἐδλάῦημεν
3144 468 3444 541 ἐρχομένης
3495 472 3802 547 ἐκείνηςααε

641 563 917 621 dissolvit.

689 655 880 711 'Vnns.
921 655 1015 720 22,
1062 653 1156 710 23.
1193 673 1213 707 ι
1247 652 1354 710 Sed
1378 652 1654 708 conclusit
1686 650 1989 723 ,Scriptura
2022 652 2206 707 omnia

642 748 748 804 sub
775 754 1020 818 peccato,
1061 754 1124 801 ut
1151 745 1452 817 promissio
1471 760 1535 801 ex
1571 744 1675 799 ﬁtle
1703 743 1836 800 Jesu
1864 742 2073 800 Christi
2106 745 2209 799 da-

641 851 797 898 retur
822 840 1191 898 credentibus.
1214 839 1374 894 Prius
1399 846 1578 894 autem
1609 853 1774 908 quam
1808 838 2020 893 veniret
2050 836 2207 906 ﬁdes,

643 935 749 989 sub
779 934 894 1004 lege
916 930 1365 988 custodiebamur
1386 929 1661 995 conclusi,
1688 930 1746 985 in
1767 944 1887 985 eam
1913 944 2063 1000 spem
2085 943 2209 1000 quae

642 1023 932 1081 revelanda
962 1030 1101 1077 erat.
1132 1039 1153 1073 ι

717 1117 873 1189 167
891 1118 1025 1172 Cum
1046 1114 1219 1171 Judaei
1246 1114 1533 1171 admodum
1548 1114 1914 1185 superbirent,
1930 1122 1986 1172 et
2002 1114 2207 1173 idcirco

644 1206 879 1262 miseriis
924 1206 1328 1271 obtererentur,
1382 1218 1502 1260 eam
1547 1205 1620 1261 ob
1664 1220 1780 1261 rem
1813 1205 1899 1262 lex
1942 1205 2052 1263 illis
2082 1207 2205 1263 data

640 1305 747 1363 est,
796 1311 903 1365 qua
940 1303 1229 1366 peccatum
1256 1306 1647 1364 coargueretur
1691 1295 1954 1366 ipsorum,
2005 1311 2209 1367 eosque

638 1386 903 1440 obnoxios
939 1385 1315 1455 imprecationi
1353 1385 1626 1454 redderet,
1674 1396 1737 1441 ut
1768 1395 2129 1455 agnoscentes
2148 1400 2208 1442 se

641 1477 696 1531 in
727 1476 992 1533 extremis
1023 1492 1203 1546 agere,
1256 1476 1459 1533 Christi
1496 1476 1658 1535 ﬁdem
1691 1486 2066 1549 peroptarent,
2098 1492 2205 1549 qua

638 1578 919 1639 peccatum
948 1584 1168 1639 quoque
1194 1568 1497 1625 tolleretur.
1974 1584 1986 1597 ·

709 1657 876 1715 Vens.
911 1660 1004 1728 24,
1028 1661 1121 1717 25.
1164 1680 1184 1714 ι
1220 1661 1412 1732 Itaque
1433 1661 1519 1718 lex
1545 1662 1869 1736 paedagogus
1901 1677 2087 1721 noster
2107 1665 2206 1722 fuit

642 1749 697 1804 in
722 1749 967 1819 Christo,
991 1762 1048 1808 ut
1073 1769 1141 1809 ex
1169 1752 1278 1809 ﬁde
1318 1755 1710 1825 justiﬁcemur.
1737 1756 1810 1812 At
1842 1756 1933 1813 ubi
1970 1760 2115 1814 venit
2138 1759 2205 1813 ﬁ-

640 1841 756 1905 des,
782 1840 895 1909 jam
927 1857 1030 1898 non
1069 1858 1257 1901 sumus
1288 1846 1390 1901 sub
1429 1846 1748 1921 paedagogo.
1793 1867 1814 1903 ο

709 1930 879 2001 Atqui
924 1933 1255 2006 paedagogus
1303 1938 1561 2008 magistro
1607 1940 1923 1998 contrarius
1962 1957 2069 2000 non
2099 1954 2205 2013 est,

643 2022 742 2079 sed
764 2024 814 2079 ei
844 2026 987 2081 viam
1017 2029 1231 2085 sternit.
1254 2029 1411 2097 Quod
1439 2030 1486 2087 si
1516 2032 1640 2103 quis
1666 2032 1928 2090 doctrina:
1965 2036 2207 2092 habitum

645 2116 872 2186 adeptus
894 2132 925 2172 a
956 2120 1219 2192 magistro
1265 2130 1373 2189 est,
1416 2132 1529 2179 tum
1560 2123 1741 2195 ipsum
1773 2130 1939 2197 pudet
1989 2144 2209 2185 manere

644 2209 748 2291 sub
781 2209 1091 2282 paedagogo.

716 2296 885 2354 Vens.
911 2299 1002 2355 26.
1034 2318 1052 2353 ι
1088 2298 1291 2357 Omnes
1315 2302 1458 2358 enim
1483 2302 1577 2360 ﬁlii
1607 2303 1703 2362 Dei
1729 2307 1864 2363 estis
1894 2322 1994 2378 per
2024 2307 2209 2377 ﬁdem,

645 2406 769 2463 quae
798 2400 880 2448 est
918 2394 974 2447 in
1006 2391 1229 2451 Christo
1254 2392 1407 2452 Iesu.
1438 2414 1457 2449 ι

714 2487 786 2541 At
808 2502 912 2543 nos
940 2502 1037 2556 per
1066 2486 1260 2557 legem,
1277 2488 1475 2560 inquit.

718 2576 881 2632 Vsns.
917 2579 1010 2633 27.
1038 2598 1057 2632 ι
1090 2579 1413 2653 Quicunque
1437 2581 1582 2637 enim
1605 2581 1661 2638 in
1690 2582 1913 2641 Christo
1942 2584 2208 2655 baptizati

649 2670 805 2735 estis,
837 2670 1113 2727 Christum
1144 2673 1424 2731 induistis.
1460 2692 1481 2728 ι

715 2760 983 2827 Quoniam
1019 2763 1276 2820 eximium
1328 2765 1461 2837 quid
1502 2774 1557 2823 et
1599 2766 1925 2826 admirabile
1969 2784 2213 2839 pronun-

645 2853 824 2919 tiavit,
875 2868 973 2915 eos
1004 2855 1258 2912 nimirum
1290 2859 1384 2928 qui
1424 2861 1790 2917 exsecrationi
1822 2862 1957 2934 legis
2009 2865 2214 2923 subditi

645 2954 823 3011 erant,
873 2962 971 3017 per
1005 2947 1161 3004 ﬁdem
1218 2950 1362 3009 ﬁlios
1394 2953 1488 3008 Dei
1534 2955 1835 3023 appellatos
1878 2956 2073 3024 fuisse,
2108 2960 2213 3018 hoc

646 3038 823 3104 ipsum
855 3037 1062 3093 evincit
1094 3039 1351 3110 primum,
1394 3044 1522 3113 quia
1566 3044 1853 3102 Christum
1895 3048 2209 3110 induerunt.

2233 1805 2281 1866 B

2308 559 2487 614 πάντα
2518 558 2773 630 λυούσης.

2383 670 2405 703 ι
2449 650 2609 706 Ἀλλὰ
2640 650 2981 705 συνέκλεισεν
3009 651 3044 722 ἠ
3094 650 3288 723 Γραφὴ
3341 651 3546 709 ἅπαντα
3566 660 3644 729 ὑφ’
3667 664 3805 738 ἁμαρ.

2305 743 2445 810 τίαν,
2476 744 2562 797 ἵνα
2603 744 2637 814 ἡ
2669 742 2973 813 ἐπαγγελία
3002 745 3068 798 ἐκ
3100 744 3341 809 πίστεως
3401 747 3563 817 Ἰησοῦ
3615 754 3803 824 Χριστοῇ

2306 837 2433 908 δοθῇ
2454 838 2567 901 τοῖς
2606 835 2945 893 πιστεύουσι.
2974 837 3089 908 Πρὸ
3114 836 3208 891 τοῦ
3243 837 3301 891 δέ
3334 837 3503 895 ἐλθεῖν
3528 842 3617 913 τὴν
3647 847 3805 912 πίστιν,

2308 928 2416 983 ὑπὸ
2436 928 2601 1000 νόμον
2625 928 3042 1001 ἐφρουρούμεθα
3077 929 3483 1001 συγκλειόμενοι
3508 934 3581 998 είς
3606 936 3690 1007 τὴν
3709 940 3807 1009 μέλ.

2308 1019 2504 1074 λουσαν
2531 1020 2716 1074 πίστιν
2740 1020 3218 1091 ἀποκαλυφθῆναι.
3255 1039 3275 1074 ι

2391 1110 2609 1182 Ἐπειδὴ
2639 1110 2851 1182 μεγάλα
2880 1112 3140 1183 ἐφρόνουν
3197 1113 3459 1177 Ἰουδαῖοι,
3504 1116 3589 1169 καὶ
3610 1117 3739 1173 τοῦτο
3760 1117 3809 1192 ἦν

2306 1200 2503 1265 αὐτοὺς
2522 1199 2583 1254 τὸ
2608 1199 2988 1272 ταλαιπώρους
3017 1203 3413 1274 ἐργασάμενον,
3437 1206 3612 1261 τούτου
3644 1210 3814 1281 χάρινό

2306 1293 2469 1363 νόμος
2495 1291 2673 1364 ἐδόθη,
2713 1292 2951 1363 ἐλέγχων
2980 1294 3160 1349 αὐτῶν
3195 1294 3293 1368 τὴν
3327 1297 3609 1370 ἁμαρτίαν,
3632 1303 3713 1355 καὶ
3735 1302 3813 1357 ὑπὸ

2306 1386 2547 1457 κατάραν
2573 1383 2766 1449 ποιῶν,
2798 1384 2888 1439 ῖνα
2914 1384 3116 1449 εἰδότες
3146 1385 3223 1450 ὡς
3261 1387 3321 1441 ἐν
3357 1388 3595 1459 ἐσχάτοις
3615 1392 3724 1455 eisi,
3744 1394 3815 1462 τὴν

2307 1474 2488 1529 πίστιν
2514 1473 2797 1548 ποθήσωσι
2824 1475 2925 1547 τὴν
2952 1475 3042 1530 διὰ
3084 1477 3347 1548 Χριστοῦ,
3386 1478 3486 1551 τὴν
3528 1480 3614 1533 καὶ
3634 1480 3815 1537 meum

2305 1565 2403 1638 τὴν
2430 1566 2723 1640 ἁμαρτίαν.

2382 1675 2401 1710 ι
2439 1658 2600 1711 Ὥστε
2655 1660 2684 1712 6
2723 1658 2889 1731 νόμος
2934 1658 3285 1729 παιδαγωγὸς
3326 1659 3485 1730 ἡμῶν
3518 1661 3717 1730 γέγονεν
3761 1665 3817 1727 είς

2306 1748 2560 1819 Χριστὸν,
2592 1748 2681 1803 ἵνα
2706 1750 2773 1803 ἐκ
2792 1749 3029 1815 πίστεως
3049 1749 3453 1820 δικαιωθῶμεν.
3503 1751 3759 1824 Ἐλθούσης
3780 1754 3823 1807 δι

2309 1840 2409 1911 τῆς
2431 1839 2683 1907 πίστεως,
2713 1841 2896 1895 οὐκέτι
2925 1841 3032 1896 ὑπὸ
3057 1840 3406 1911 παιδαγωγόν
3438 1843 3617 1913 ἐσμεν.
3654 1862 3671 1897 ι

2391 1931 2452 1985 '0
2482 1932 2541 1986 δέ
2593 1932 2941 2003 παιδαγωγὸς
2973 1934 3073 1987 οὐκ
3126 1932 3372 1997 ἐναντίος
3427 1932 3505 2004 τῷ
3551 1934 3823 2006 διδασκάλῳ,

2311 2022 2447 2078 ἀλλὰ
2477 2022 2843 2094 προοδοποιῶν
2894 2023 3063 2096 αὐτῷ.
3113 2026 3177 2079 El
3212 2024 3271 2079 δέ
3304 2042 3390 2089 τις
3419 2025 3477 2079 ἐν
3507 2026 3612 2092 seu
3648 2028 3826 2097 γένηται

2316 2112 2652 2186 μαθημάτων
2685 2116 2836 2187 παρὰ
2861 2114 2954 2169 τοῦ
2980 2115 3321 2183 διδασκάλου,
3360 2116 3663 2189 αίσχύνετιι
3685 2117 3827 2171 λοιπὸν

2313 2208 2571 2279 ἐμμένειν
2588 2207 2669 2263 ἔτι
2696 2208 2775 2279 τῷ
2806 2208 3162 2281 παιδαγωγῷ.

2387 2317 2409 2352 ι
2445 2300 2653 2365 Πάντες
2680 2302 2788 2371 γὰρ
2818 2302 2926 2355 υἱοὶ
2952 2302 3089 2357 Θεοῦ
3116 2304 3241 2357 ἐστε
3282 2303 3372 2357 διὰ
3409 2303 3510 2376 τῆς
3549 2304 3754 2367 πίστεως
3786 2302 3831 2355 ἐν

2312 2392 2532 2464 Χριστῷ
2573 2392 2768 2465 Ἰησοῦ.
2796 2412 2818 2446 ι

2396 2483 2535 2539 Ἀλλ’
2562 2485 2624 2539 ού
2654 2485 2744 2540 διὰ
2770 2484 2866 2540 τοῦ
2896 2485 3067 2557 νόμου
3102 2487 3292 2556 φησίν.

2391 2593 2410 2629 ι
2443 2577 2601 2631 Ὅσοι
2650 2577 2759 2650 γὰρ
2809 2579 2891 2643 είς
2930 2578 3169 2650 Χριστὸν
3214 2578 3603 2649 ἐϐαπτίσθητε,
3650 2579 3832 2649 Χριστὸν

2314 2666 2654 2722 ἐνεδύσασθε.
2696 2686 2716 2720 ι

2397 2758 2617 2831 Ἐπειδὴ
2640 2757 2784 2831 μέγα
2812 2754 2956 2827 εἷπε,
2976 2760 3073 2815 καὶ
3087 2759 3425 2831 θαυμαστὸν,
3446 2760 3570 2823 τοὺς
3589 2760 3687 2814 ὑπὸ
3707 2759 3835 2814 κατά-

2319 2868 2422 2923 ραν
2469 2853 2534 2905 ἐκ
2560 2851 2655 2906 τοῦ
2708 2852 2873 2922 νόμου
2904 2853 3325 2923 γεγενημένους,
3384 2852 3474 2907 διὰ
3530 2854 3624 2923 τῆς
3652 2853 3835 2915 πίστεως

2318 2943 2469 3006 υἱοὺς
2512 2943 3023 3015 προσαγορευθῆναι
3072 2942 3231 3010 Θεοῦ,
3278 2944 3677 3007 κατασκευάζει
3722 2944 3836 3002 αὐτὸ,

2318 3033 2535 3103 πρῶτον
2567 3034 2665 3106 μὲν
2693 3034 2771 3104 τῷ
2801 3034 3128 3088 ἐνδύσασθαι
3154 3034 3247 3089 τὸν
3265 3035 3526 3106 Χριστόν.
3551 3037 3609 3088 Ei
3628 3036 3678 3087 δέ
3698 3037 3721 3088 6
3740 3035 3836 3103 Χρι-

644 3127 822 3184 Porro
850 3130 894 3184 si
923 3129 1175 3188 Christus
1202 3131 1373 3189 Filius
1401 3135 1615 3190 exsistit
1634 3136 1749 3202 Dei,
1786 3139 1979 3209 inquit,
2007 3153 2061 3196 tu
2083 3159 2211 3200 vero

2322 3126 2445 3190 στὸς
2493 3125 2623 3189 Υἱὸς
2672 3126 2827 3194 Θεοῦ,
2867 3126 2932 3179 σὺ
2971 3126 3029 3180 δὲ
3076 3126 3240 3182 αὐτὸν
3289 3128 3553 3192 ἐνεδύσω,
3606 3128 3743 3198 φησὶ,
3776 3124 3841 3177 τὸν

645 3235 769 3274 eum
799 3220 1048 3287 induisti,
1099 3238 1223 3278 cum
1259 3222 1459 3279 Filium
1502 3230 1555 3281 in
1603 3237 1656 3283 te
1703 3229 1931 3297 habeas,
1980 3233 2210 3305 ejusque

2318 3219 2443 3272 Υἰὸν
2470 3218 2607 3289 ἔχων
2634 3220 2692 3272 ἐν
2726 3219 2929 3290 σαυτῷ,
2963 3219 3058 3273 καὶ
3105 3218 3242 3292 πρὸς
3273 3220 3440 3273 αὑτὸν
3494 3218 3833 3291 ἀφομοιωθεὶς,

646 3311 842 3369 similis
890 3314 1151 3383 evaseris,
1196 3315 1249 3370 in
1299 3314 1394 3372 Dei
1439 3317 1600 3388 plane
1654 3323 2115 3394 propinquitatem
2150 3346 2211 3385 es

645 3413 957 3475 cooptatus.

721 3493 870 3551 Vens
901 3496 993 3553 28.
1035 3517 1057 3551 ι
1113 3496 1230 3555 Non
1286 3510 1372 3556 est
1421 3499 1661 3571 Iudaeus,
1719 3521 1895 3577 neque
1951 3506 2211 3577 Graecus;

647 3602 754 3642 non
786 3597 870 3643 est
897 3604 1108 3655 servus,
1168 3607 1345 3662 neque
1395 3593 1569 3660 liber;
1629 3612 1735 3653 non
1784 3607 1869 3655 est
1913 3603 2209 3669 masculus,

646 3695 823 3751 neque
862 3679 1082 3739 femina.
1112 3681 1315 3740 Omnes
1359 3686 1505 3741 enim
1549 3703 1664 3755 vos,
1707 3706 1846 3748 unus
1891 3693 1945 3747 in
1991 3694 2212 3754 Christo

643 3764 793 3825 Iesu.
835 3786 857 3823 ι

716 3860 885 3933 Magis
932 3878 999 3920 ac
1061 3866 1233 3937 magis
1292 3869 1534 3938 explicat
1586 3871 1887 3929 bonitatem
1935 3874 2053 3947 Dei,
2104 3895 2213 3952 qua

646 3956 862 4012 cunctis
880 3958 1092 4026 aequale
1113 3959 1315 4015 donum
1350 3962 1577 4034 largitus
1613 3967 1703 4021 sit.

716 4048 885 4106 Vens.
920 4050 1011 4107 29.
1063 4052 1124 4108 Si
1175 4062 1356 4110 autem
1406 4072 1501 4113 vos
1550 4058 1775 4124 Christi,
1841 4077 1975 4133 ergo
2028 4080 2211 4123 semen

643 4138 879 4197 Abrahae
915 4143 1069 4209 estis,
1106 4146 1403 4201 secundum
1435 4150 1856 4218 promissionem
1887 4154 2157 4215 haeredes.
2189 4179 2208 4212 ι

717 4232 775 4290 Si
825 4233 1083 4291 Christus
1132 4251 1317 4292 semen
1377 4248 1464 4294 est
1512 4241 1812 4309 Abraham,
1869 4262 1969 4302 vos
2030 4258 2211 4306 autem

646 4322 924 4379 Christum
972 4325 1254 4391 induistis.
1292 4336 1346 4381 et
1409 4344 1609 4399 corpus
1674 4333 1796 4403 ejus
1869 4335 2000 4392 facti
2056 4340 2213 4408 estis,

648 4413 1003 4469 manifestum
1016 4424 1101 4470 est
1125 4431 1226 4472 vos
1243 4431 1367 4472 esse
1394 4433 1579 4475 semen
1608 4422 1909 4493 Abraham,
1942 4442 2007 4483 ac
2029 4432 2216 4500 proin-

2313 3311 2393 3373 είς
2418 3308 2545 3380 μίαν
2567 3309 2887 3379 συγγένειαν
2911 3310 3108 3381 ἧχθης.

2388 3511 2406 3543 ‹
2449 3493 2561 3547 Οὐκ
2588 3491 2666 3547 ἔνι
2709 3494 2984 3560 Ἰουδαῖος,
3030 3493 3155 3547 ούδέ
3186 3492 3392 3564 Ἕλλην
3411 3509 3425 3523 ·
3455 3494 3558 3547 οὒκ
3587 3493 3662 3548 ἐνι
3680 3490 3842 3551 δοῦλος.

2313 3585 2433 3638 ούδέ
2455 3584 2767 3656 ἐλεύθεροςο
2794 3586 2896 3639 οὐκ
2926 3586 3005 3639 ἔνι
3034 3585 3201 3657 ἄρσεν
3221 3586 3315 3639 καὶ
3339 3585 3503 3657 θῆλυ.
3538 3587 3733 3648 Πάντες
3759 3585 3842 3651 γὰρ

2315 3678 2475 3747 ὑμεῖς
2503 3670 2584 3734 εἷς
2611 3678 2667 3729 ἐν
2696 3677 2917 3750 Χριστῷ
2957 3677 3157 3748 Ἰησοῦ.
3198 3697 3218 3730 ι

2396 3857 2520 3910 Ἐπὶ
2566 3856 2748 3910 πλεῖον
2777 3856 3045 3926 διηγεῖται
3081 3856 3181 3928 τὴν
3228 3857 3554 3927 ἀγαθότητα
3605 3856 3694 3912 τοῦ
3717 3851 3844 3916 Θεοῦ,

2314 3952 2445 4005 ὃπου
2469 3968 2534 4019 γε
2558 3950 2692 4004 πᾶσι
2720 3950 2821 4020 τὴν
2853 3949 2975 4020 ἴσην
3002 3949 3204 4003 δέδωκε
3232 3949 3470 4021 δωρεάν.

2390 4060 2409 4092 ι
2448 4042 2511 4094 Et
2535 4040 2593 4094 δὲ
2612 4042 2770 4111 ὑμεῖς
2819 4040 3077 4111 Χριστοῦ,
3110 4041 3219 4112 ἄρα
3239 4041 3336 4095 τοῦ
3383 4042 3642 4115 Ἀϐραὰμ
3669 4039 3846 4112 σπέρμα

2313 4133 2462 4196 ἐστὲ,
2490 4134 2614 4187 κατ’
2647 4133 2982 4202 ἐπαγγελίαν
3014 4132 3370 4205 κληρονόμοι.
3410 4153 3432 4186 ι

2385 4226 2447 4279 Εἰ
2473 4226 2502 4277 6
2528 4225 2763 4296 Χριστὸς
2793 4226 3014 4298 σπέρμα
3041 4225 3136 4279 τοῦ
3183 4225 3460 4297 Ἀϐραὰμ,
3494 4225 3651 4297 ὑμεῖς
3677 4223 3727 4277 δὲ
3746 4223 3848 4293 Χρι-

2317 4318 2440 4371 στὸν
2483 4316 2806 4374 ἐνεδύσασθε
2831 4360 2847 4383 ,
2872 4320 2979 4374 καὶ
3007 4319 3168 4389 σῶμα
3199 4319 3366 4373 αὐτοῦ
3401 4321 3691 4389 γεγόνατε,
3732 4316 3853 4387 δῆλον

2315 4411 2396 4464 ὃτι
2431 4411 2649 4483 σπέρμα
2676 4412 2771 4465 τοῦ
2813 4412 3063 4483 Ἀϐραάμ
3090 4413 3236 4467 ἐστε.
3268 4412 3488 4466 Οὐκοῦν
3512 4411 3609 4466 καὶ
3640 4406 3851 4481 κληρονό-

648 4505 716 4561 de
766 4505 1025 4563 heredes.
1095 4506 1178 4563 Ad
1219 4524 1408 4565 semen
1460 4511 1662 4583 quippe
1716 4516 1863 4574 illius
1915 4522 2211 4590 promissio

2322 4520 2432 4575 μοι.
2469 4504 2559 4561 Τῶ
2589 4504 2863 4578 σπέρματι
2887 4506 2996 4578 γὰρ
3025 4505 3176 4577 αύτῷ
3199 4507 3231 4577 ἡ
3257 4506 3594 4576 ἐπαγγελία.

650 4597 908 4668 pertinet.

1281 4716 1435 4775 CAP.
1462 4717 1553 4776 IV.

723 4819 898 4880 Vens.
933 4826 1045 4882 1-5.
1068 4847 1087 4880 ι
1114 4829 1244 4886 Dico
1268 4843 1452 4888 autem
1477 4850 1492 4888 :
1530 4843 1739 4904 quanto
1761 4844 2008 4910 tempore
2040 4843 2217 4903 haeres

647 4919 906 4987 parvulus
934 4929 1037 4985 est,
1065 4923 1203 4978 nihil
1231 4924 1417 4982 diﬁ‘ert
1442 4943 1471 4981 a
1507 4946 1688 4999 servo,
1712 4949 1838 4989 cum
1858 4934 1931 4990 sit
1952 4936 2216 4995 Dominus

648 5011 915 5102 omnium,
947 5013 1042 5069 sed
1070 5014 1172 5071 sub
1203 5019 1486 5076 tutoribus
1514 5029 1570 5078 et
1594 5025 1873 5082 actoribus
1899 5039 2007 5096 est,
2044 5045 2219 5102 usque

646 5100 715 5157 ad
745 5101 1075 5172 prazﬁnitum
1138 5112 1357 5178 tempus
1403 5126 1436 5164 a
1473 5109 1680 5168 Patre:
1725 5114 1799 5170 ita
1834 5126 1889 5171 et
1941 5135 2044 5176 nos
2093 5100 2217 5177 com

647 5208 898 5250 essemus
928 5195 1166 5266 parvuli,
1210 5198 1315 5254 sub
1356 5200 1645 5258 elementis
1676 5206 1865 5261 mundi
1903 5207 2069 5278 hujus
2098 5225 2219 5266 era-

648 5301 775 5341 mus
820 5287 1144 5346 servientes.
1214 5289 1446 5357 Quando
1499 5303 1683 5350 autem
1741 5300 1893 5353 venit
1935 5302 2218 5370 plenitudo

536 5406 539 5409 -
649 5377 937 5448 temporis,
969 5380 1121 5438 misit
1156 5381 1301 5439 Deus
1342 5385 1543 5442 Filium
1570 5403 1752 5456 suum,
1779 5400 1970 5447 natum
2000 5408 2067 5450 ex
2093 5412 2217 5451 mu-

649 5465 809 5612 lliere,
831 5479 1021 5526 natum
1049 5473 1152 5528 sub
1174 5474 1313 5546 lege,
1340 5483 1401 5532 ut
1426 5492 1523 5535 eos
1545 5480 1638 5552 qui
1671 5482 1777 5539 sub
1801 5484 1921 5556 lege
1948 5496 2106 5543 erant
2128 5503 2217 5545 re-

693 5570 904 5612 niteret.
939 5581 959 5612 ι

693 5570 904 5618 tttterct.
939 5581 959 5616 ι

722 5669 1019 5731 Parvulum
1054 5674 1212 5744 dicit,
1239 5694 1349 5737 non
1388 5690 1576 5753 aetate,
1613 5687 1712 5743 sed
1740 5689 1965 5756 animo;
1999 5691 2218 5764 signiﬁ-

656 5777 789 5821 cans
817 5764 985 5825 Deum
1014 5768 1170 5829 initia
1203 5772 1319 5831 hzec
1338 5790 1559 5849 quoque
1581 5779 1820 5839 voluisse
1838 5783 2049 5855 largiri.
2071 5782 2214 5851 Quia

1344 5976 1385 6012 ο

2924 4729 3175 4784 ΚΕΦΑΛ.
3208 4731 3262 4783 Δ⁹
3285 4758 3299 4773 ν

2396 4859 2416 4894 ι
2443 4840 2602 4911 Λέγω
2629 4840 2688 4895 δὲ
2720 4842 2806 4912 ἐφ’
2850 4841 2974 4895 ὅσον
3019 4841 3211 4911 χρόνον
3241 4842 3271 4895 6
3315 4841 3662 4913 κληρονόμος
3709 4838 3858 4909 νήπιος

2320 4931 2492 4997 ἐστιν,
2523 4932 2681 4986 οὐδὲν
2730 4931 2977 5002 διαφέρει
3026 4930 3238 4995 δούλου,
3272 4932 3489 5003 Κύριος
3540 4932 3747 4985 πάντων
3787 4925 3860 4983 ὢν,

2318 5023 2435 5079 ἀλλ’
2458 5024 2563 5079 ὑπὸ
2604 5025 2932 5095 ἐπιτρόπους
2960 5023 3078 5077 ἐστὶ
3126 5024 3221 5077 καὶ
3244 5024 3597 5095 οἰκονόμους,
3645 5023 3760 5094 ἄχρι
3784 5016 3860 5086 τῆς

2320 5117 2655 5188 προθεσμίας
2681 5115 2776 5169 τοῦ
2801 5116 3035 5188 Πατρός.
3066 5115 3223 5170 Οὕτω
3262 5116 3358 5170 καὶ
3399 5118 3595 5188 ἡμεῖς,
3645 5116 3725 5168 ὅτε
3751 5107 3862 5181 ἦμεν

2320 5210 2525 5281 νήπιοι,
2557 5206 2663 5261 ὑπὸ
2690 5207 2757 5261 τὰ
2806 5208 3045 5278 στοιχεῖα
3085 5205 3181 5260 τοῦ
3216 5206 3424 5277 κόσμου
3456 5201 3608 5277 ἦμεν
3647 5198 3864 5256 δεδουλω-

2322 5305 2494 5375 μένοι.
2532 5303 2661 5355 Ὅτε
2686 5300 2745 5354 δέ
2780 5298 2915 5372 ἦλθε
2939 5302 2999 5353 τὸ
3029 5300 3305 5371 πλήρωμα
3343 5297 3442 5352 τοῦ
3493 5299 3709 5370 χρόνου,
3727 5292 3865 5357 £511:-

2322 5396 2559 5452 έστειλεν
2594 5396 2623 5448 6
2661 5394 2792 5458 Θεὸς
2816 5394 2906 5447 τὸν
2937 5393 3064 5448 Υἰὸν
3098 5390 3263 5446 αὑτοῦ
3282 5393 3672 5461 ,γεννώμενον
3704 5389 3763 5439 ἐκ
3784 5400 3865 5452 γυι

2321 5485 2528 5552 ναικὸς,
2552 5483 2892 5555 γεννώμενον
2932 5484 3038 5538 ὑπὸ
3082 5483 3270 5554 νόμου,
3306 5483 3393 5536 ἴνα
3442 5482 3579 5545 τοὺς
3610 5478 3709 5532 ὑπὸ
3736 5475 3868 5542 νόμον

2322 5578 2652 5650 ἐξαγοράσῃ.
2684 5598 2704 5631 ι

2394 5694 2629 5765 Νήπιος,
2649 5694 2710 5749 οὐ
2742 5695 2842 5765 τὴν
2865 5693 3104 5765 ἡλικίαν,
3130 5691 3269 5747 ἀλλὰ
3301 5690 3399 5762 τὴν
3459 5690 3691 5761 γνώμην
3730 5682 3867 5783 φησί·

2322 5786 2541 5851 δεικνὺς
2570 5786 2653 5841 ὅτι
2670 5787 2766 5841 καὶ
2792 5785 2853 5851 ἐξ
2879 5785 3055 5859 ἀρχῆς
3097 5784 3197 5857 μὲν
3229 5783 3484 5838 ἐϐούλετο
3515 5785 3547 5838 6
3572 5781 3702 5846 Θεὸς
3723 5781 3869 5832 ταῦτα
