4048 6418
196 361 297 429 801

1374 368 1456 429 ΙΝ
1496 366 1735 429 EPIST.
1774 368 1875 429 AD
1906 366 2264 428 GALATAS.

3348 362 3454 432 802

198 475 549 547 χαρίσασθαι.
611 475 829 547 Ἐπειδὴ
869 477 926 531 δὲ
980 478 1061 532 ἔτι
1116 477 1547 550 νηπιωδέστερον
1585 477 1775 532 διεκεί-

1882 494 2016 534 vero
2044 476 2333 550 pueriliter
2367 475 2550 531 adhuc
2579 475 2763 532 aﬁ‘ecti
2790 490 3032 543 eramus,
3052 476 3171 548 ipse
3193 490 3292 532 nos
3316 477 3454 533 sivit

200 562 607 639 μεθα,ἀ‹ρῆκεν
661 567 766 621 ὑπὸ
821 568 889 622 τὰ
943 571 1184 639 στοιχεῖα
1214 568 1307 621 τοῦ
1357 569 1563 640 κόσμου
1611 564 1775 634 εἶναι,

197 656 443 711 τουτέστι
478 658 795 728 Νουμηνίας
851 659 944 712 καὶ
991 659 1266 712 Σάϐϐατα.
1303 661 1370 711 Ai.
1419 662 1526 731 γὰρ
1570 660 1778 732 ἡμέραι

197 749 305 801 ἀπὸ
335 749 540 820 δρόμου
594 752 826 820 σελήνης
880 752 974 804 καὶ
1006 750 1158 820 ήλίου
1194 751 1453 819 γίνονται.
1494 751 1555 803 Εἰ
1600 750 1656 803 δὲ
1688 750 1781 805 καὶ

196 839 294 892 νῦν
325 842 471 910 ἡμᾶς
508 841 613 894 ὑπὸ
641 841 805 911 νόμον
836 842 1078 909 ἄγουσιν,
1114 842 1267 895 οὐδὲν
1293 841 1479 911 ἕτερον
1508 839 1777 901 ποιοῦσιν,

198 929 377 1001 ἀλλ’ἢ
419 932 513 986 καὶ
566 934 626 985 ἐν
663 932 742 1003 τῷ
780 934 957 1004 χρόνῳ
1007 933 1107 1003 τῆς
1142 933 1356 995 τελείας
1419 933 1655 1003 ἡλικίας,
1700 935 1779 994 εἰς

196 1022 443 1076 τούπίσω
464 1024 627 1079 πάλιν
655 1024 954 1093 ἀπάγουσι,
978 1025 1073 1078 καὶ
1098 1025 1299 1079 δούλων
1323 1025 1475 1078 οῦδὲν
1502 1023 1781 1094 διαφέρειν

198 1113 471 1168 ποιοῦσιν.

276 1224 297 1257 ι
342 1208 463 1260 Ἰνα
489 1207 588 1276 τὴν
610 1207 883 1261 υἱοθεσίαν
906 1207 1290 1279 ἀπολάϐωμεν.
1329 1227 1349 1262 ι

268 1300 471 1363 Καλῶς
493 1296 667 1365 εἶπεν,
699 1299 1114 1369 ἀπολάϐωμεν,
1146 1302 1359 1365 δεικνὺς
1402 1300 1776 1371 ὀφειλομένην.

208 1391 455 1445 Ἀνωθεν
485 1392 590 1463 γὰρ
625 1392 991 1463 ἐπηγγείλατο
1018 1394 1110 1447 ἐπὶ
1139 1392 1233 1446 τοῦ
1274 1393 1541 1464 Ἀδραάμ.

276 1588 297 1622 ι
335 1571 458 1623 Ὅτι
498 1570 558 1623 δέ
611 1572 731 1624 ἐστε
788 1572 911 1633 υίοὶ,
942 1573 1288 1636 ἐξαπέστειλε
1332 1574 1391 1625 τὸ
1423 1573 1643 1643 Πνεῦμα
1670 1572 1761 1626 τοῦ

201 1661 336 1715 Υἱοῦ
362 1662 526 1715 αὑτοῦ
554 1664 634 1725 είς
658 1664 760 1728 τὰς
785 1665 1017 1733 καρδίας
1045 1664 1219 1734 ὑμῶν,
1252 1665 1472 1736 κρᾶζον,
1534 1666 1720 1729 Ἀ66ᾶ,
1751 1668 1779 1719 ό

202 1755 416 1826 Πατήρ.
446 1755 609 1808 ’Ὥστε
634 1757 816 1809 οὐκέτι
846 1755 898 1810 εί
920 1757 1124 1822 δοῦλος,
1156 1758 1291 1810 ἀλλὰ
1312 1760 1450 1821 υἱός.
1480 1759 1541 1810 El
1562 1758 1619 1810 δὲ
1640 1758 1774 1822 υἱὸς,

202 1848 302 1902 καὶ
333 1848 666 1918 κληρονόμος
700 1849 833 1902 Θεοῦ
864 1850 960 1903 διὰ
990 1851 1244 1921 Χριστόν.
1281 1869 1299 1901 ι

275 1938 427 1990 Ἀνω
454 1938 549 1990 καὶ
576 1940 729 1991 κάτω
749 1938 842 1991 τὸν
868 1942 996 2009 περὶ
1016 1940 1117 2009 τῆς
1138 1939 1409 2004 υἱοθεσίας
1439 1940 1621 2003 αὐτοῖς
1644 1958 1777 2011 προ-

199 2027 361 2098 φέρει
390 2026 569 2095 λόγον.
629 2029 740 2081 Καὶ
793 2029 892 2100 ήδη
934 2030 1033 2100 μὲν
1058 2029 1259 2095 ἔδειξεν
1290 2032 1347 2082 ἐν
1376 2034 1488 2094 τοῖς
1516 2032 1776 2101 ἀνωτέρω

196 2119 287 2173 διὰ
329 2119 423 2173 τοῦ
461 2123 657 2185 εἰπεῖν,
716 2123 973 2190 Χριστὸν
1005 2124 1411 2177 ἐνεδύσασθε*
1451 2123 1543 2178 νῦν
1583 2123 1640 2177 δὲ
1686 2125 1779 2179 καὶ

197 2211 390 2283 ἐτέρου
419 2212 513 2265 τοῦ
546 2214 741 2279 εἰπεῖν,
772 2215 855 2267 ὅτι
880 2216 981 2268 οὐκ
1011 2216 1076 2269 ἂν
1110 2214 1411 2286 ἐδυνάμεθα
1433 2216 1648 2288 Πατέρα
1676 2236 1776 2270 κα-

194 2303 309 2357 λεῖν
336 2304 429 2357 τὸν
463 2305 617 2371 Θεὸν,
658 2307 749 2359 καὶ
797 2306 859 2359 τὸ
893 2307 1121 2378 Πνεῦμα
1168 2307 1335 2360 αὐτοῦ
1380 2307 1588 2374 λαϐεῖν,
1618 2310 1666 2362 εί
1700 2312 1776 2382 μὴ

192 2397 307 2450 υἱοὶ
345 2396 510 2450 αὑτοῦ
542 2398 914 2469 ἐγεγόνειμεν.

272 2509 293 2542 ι
343 2490 508 2544 Ἀλλὰ
534 2492 653 2545 τότε
698 2492 796 2563 μὲν
843 2492 942 2545 οὐκ
998 2493 1200 2556 εἰδότες
1232 2493 1386 2560 Θεὸν,
1425 2494 1776 2547 ἐδουλεύσατε

196 2583 311 2644 τοῖς
343 2580 503 2649 φύσει
535 2582 608 2652 μὴ
629 2578 747 2635 οὖσι
773 2581 936 2645 θεοῖς.
968 2582 1083 2635 Νῦν
1115 2582 1170 2635 δὲ
1194 2583 1411 2647 γνόντες
1448 2583 1600 2647 Θεὸν,
1639 2583 1776 2653 μᾶλ-

194 2673 287 2726 λον
310 2674 371 2726 δὲ
406 2673 738 2741 γνωσθέντες
764 2674 869 2727 ὑπὸ
900 2674 1058 2737 Θεοῦ,
1081 2674 1198 2738 πῶς
1227 2674 1581 2745 ἐπιστρέφετε
1616 2674 1775 2728 πάλιν

194 2766 292 2817 ἐπὶ
315 2764 384 2817 τὰ
412 2764 615 2835 ἀσθενῆ
646 2765 740 2818 καὶ
772 2765 966 2836 πτωχά
997 2768 1237 2836 στοιχεῖα
1263 2807 1277 2832 ,
1312 2759 1392 2829 οἷς
1440 2765 1603 2818 πάλιν
1633 2766 1774 2819 ἄνω-

192 2855 293 2909 θεν
320 2856 588 2910 δουλεύειν
611 2856 793 2910 θέλετε
815 2875 830 2924 ;
872 2875 891 2909 ι
1340 2876 1341 2879 η

288 3027 552 3084 Ἐνταῦθα
586 3029 723 3101 πρὸς
749 3029 874 3093 τοὺς
897 3030 955 3097 ἐξ
985 3028 1155 3084 ἐθνῶν
1182 3030 1581 3094 πιστεύσαντας
1635 3031 1773 3084 ἀπο-

188 3122 470 3176 τείνεται·
497 3123 581 3176 ὅτι
608 3123 706 3176 καὶ
730 3122 1149 3194 εἰδωλολατρεία
1185 3122 1246 3175 τὸ
1271 3121 1513 3176 τοιοῦτόν
1541 3126 1711 3188 ἐστιν,
1738 3124 1772 3195 ἡ

190 3213 295 3283 τῆς
330 3212 441 3266 τῶν
469 3213 695 3286 ἡμερῶν
721 3214 1161 3285 παρατηρήσεως
1193 3214 1434 3283 φυλακή.

272 3322 292 3355 ι
334 3304 580 3378 Ἡμέρας
608 3307 1043 3378 παρατηρεῖσθε,
1068 3307 1160 3360 καὶ
1189 3307 1382 3378 μῆνας,
1411 3308 1505 3361 καὶ
1526 3307 1773 3378 καιροὺς,

191 3396 288 3448 καὶ
315 3395 617 3460 ἐνιαυτούς.
654 3398 691 3466 »ξ

274 3488 373 3540 Ἐκ
397 3487 603 3541 τούτων
645 3487 827 3560 δῆλον,
880 3490 963 3543 ὅτι
990 3489 1052 3543 οὐ
1087 3490 1247 3562 μόνον
1284 3490 1591 3562 περιτομὴν
1619 3491 1775 3545 αὐτοὶ

185 3579 495 3651 ι’κήρυττον
523 3579 739 3652 ἐκείνην
776 3584 969 3653 μόνην,
1005 3581 1142 3637 ἀλλὰ
1174 3582 1396 3646 καὶτὰς
1438 3582 1653 3655 ἑορτὰς,
1681 3583 1777 3637 καὶ

187 3672 294 3736 τὰς
327 3671 647 3742 Νουμηνίας
680 3677 889 3746 τηρεῖν.

272 3784 293 3817 ι
325 3766 608 3838 Φοὸοῦμαι
670 3768 850 3839 ὑμᾶς,
902 3769 1101 3841 μήπως
1157 3768 1282 3840 εἰκῆ
1333 3768 1643 3824 κεκοπίακα
1694 3769 1775 3833 είς

188 3858 361 3929 ὑμᾶς.
404 3876 425 3910 ›

198 3998 201 3999 ν
262 3947 536 4013 Δέδοικα,
570 3949 757 4019 φησὶν,
802 3949 863 4003 οὐ
901 3950 1008 4022 μὴν
1058 3950 1378 4021 ἀπέγνωκα.
1436 3950 1631 4022 Κύριοι
1665 3950 1777 4021 γὰρ

188 4039 357 4110 ὑμεῖς
384 4038 445 4091 τὸ
470 4040 582 4093 πᾶν
610 4039 926 4112 διορθῶσαι.
1607 4046 1616 4062 ⁸

270 4146 291 4179 ι
324 4126 552 4181 Γίνεσθε
582 4128 656 4192 ὡς
684 4128 819 4198 ἐγὼ,
867 4130 949 4183 ὅτι
996 4129 1151 4199 κάγὼ
1194 4130 1271 4196 ὡς
1303 4131 1493 4202 ὑμεῖς,
1526 4132 1771 4202 ἀδελφοὶ,

188 4218 395 4289 δέομαι
428 4218 604 4290 ὑμῶν.
637 4220 806 4275 Οὐδέν
842 4237 911 4291 με
934 4221 1253 4294 ἠδικήσατε.
1291 4242 1310 4275 ι

263 4306 455 4362 Ταῦτα
478 4309 617 4382 πρὸς
639 4311 766 4374 τοὺς
792 4310 853 4377 ἐξ
891 4311 1159 4367 Ἰουδαίων
1187 4311 1355 4382 λέγει.
1390 4314 1481 4367 Διὸ
1522 4314 1617 4369 καὶ
1649 4314 1769 4369 Ecu-

183 4401 285 4456 τὸν
314 4404 399 4466 εἰς
431 4402 598 4474 μέσον
647 4404 795 4473 ἄγει,
833 4404 1039 4458 πείθων
1072 4406 1266 4471 αὐτοὺς
1318 4406 1624 4479 ἀποστῆναι
1661 4408 1770 4463 τῶν

185 4492 467 4561 παλαιῶν,
502 4496 875 4568 μιμουμένους
900 4494 1086 4551 αὐτόν.

265 4711 291 4743 ς
316 4690 538 4755 Οἴδατε,
568 4692 651 4745 δτι
679 4692 747 4747 δι’
775 4692 1060 4748 ἀσθένειαν
1097 4694 1197 4764 τῆς
1240 4694 1445 4764 σαρκὸς
1486 4696 1774 4766 εὐηγγελι-

192 4784 382 4856 σάμην
404 4785 537 4855 ὑμῖν
555 4786 617 4839 τὸ
644 4787 928 4859 πρότερον,
960 4790 1055 4841 καὶ
1077 4788 1169 4842 τὸν
1191 4789 1499 4861 πειρασμόν
1532 4807 1656 4860 μου,
1682 4789 1776 4844 τὸν

189 4876 292 4929 ἐπὶ
336 4878 408 4946 τῇ
465 4876 628 4948 σαρκί
661 4895 761 4947 μου
799 4878 898 4932 οὐκ
945 4878 1357 4950 ἐξουθενήσατε,
1389 4880 1509 4934 οὐδὲ
1548 4880 1776 4948 ἐξεπτύ-

191 4983 353 5033 σατε,
380 4966 500 5020 ἀλλ’
530 4967 605 5032 ὡς
633 4968 865 5039 ἄγγελον
894 4969 1032 5024 Θεοῦ
1080 4970 1338 5039 ἐδέξασθε
1366 4972 1490 5043 ἐμὲ,
1535 4971 1610 5036 ὡς
1641 4973 1776 5043 Χρι-

193 5057 326 5111 στὸν
366 5057 599 5129 Ἰησοῦν.
635 5079 656 5111 ι

265 5148 584 5221 Κηρύσσων
612 5152 740 5223 ὑμῖν
760 5195 776 5220 ,
801 5154 966 5226 φησὶν
987 5196 1004 5222 ,
1052 5153 1401 5227 ὴλαυνόμην,
1445 5154 1773 5225 ἐμαστιγοῦ-

194 5259 330 5313 μην,
360 5242 627 5308 θανάτους
656 5245 949 5316 ὑπέμενον,
985 5246 1079 5300 καὶ
1126 5247 1247 5301 οὐδὲ
1272 5246 1416 5301 οὕτω
1441 5248 1777 5318 κατεφρονή-

194 5333 329 5387 σατέ
354 5350 480 5405 μου.
517 5336 688 5390 Τοῦτο
714 5338 823 5408 γάρ
845 5340 984 5403 ἐστι,
1021 5339 1133 5394 Τὸν
1160 5340 1494 5409 πειρασμόν
1518 5355 1640 5407 μου
1666 5337 1775 5392 τὸν

190 5426 265 5479 ἐν
285 5424 365 5495 τῇ
391 5428 577 5496 σαρκί
585 5446 705 5498 μου
730 5431 839 5484 οὐκ
865 5429 1328 5498 ἐξουθενήσατε,
1353 5431 1496 5485 οὐδὲ
1525 5430 1773 5495 ἐξεπτύ-

191 5532 369 5572 σατε.
403 5518 531 5584 Πῶς
565 5515 661 5573 οῦν
690 5521 789 5574 οὐκ
820 5520 1044 5587 ἄτοπον,
1075 5522 1407 5593 διωκόμενον
1431 5522 1506 5585 ὠς
1544 5522 1773 5591 ἄγγελον

191 5609 472 5680 δέχεσθαι,
545 5612 912 5683 παραινοῦντα
970 5614 1029 5667 δὲ
1085 5614 1153 5668 τὰ
1213 5614 1420 5681 δέοντα,
1490 5613 1567 5684 μὴ
1620 5612 1770 5683 δέχεο

199 5702 331 5758 σθαι
344 5749 365 5759 -

1883 569 1988 623 sub
2020 568 2308 624 elementis
2354 568 2543 622 mundi
2594 582 2796 638 agere;
2828 576 2963 639 puta
2998 570 3102 623 sub
3131 565 3456 623 Neomeniis

1879 672 1933 717 et
1958 662 2229 717 Sabhatis.
2252 660 2387 715 Nam
2422 661 2541 716 dies
2579 674 2743 719 cursu
2768 661 2905 716 solis
2928 668 2981 714 et
3004 661 3149 716 luna:
3185 675 3457 731 peragun-

1900 764 2009 808 tur.
2046 754 2103 807 Si
2129 762 2311 808 autem
2345 768 2443 806 nos
2482 752 2585 807 sub
2616 752 2788 822 legem
2834 752 3110 823 redigunt,
3142 752 3276 806 nihil
3305 750 3455 805 aliud

1879 844 2110 910 faciunt,
2145 858 2309 913 quam
2339 844 2386 898 si
2456 857 2556 896 nos
2595 842 2773 897 aetatis
2816 842 3015 897 adulta:
3061 849 3313 911 tempore
3366 840 3439 893 ad

1884 944 2213 990 retroactain
2238 943 2453 990 aetatem
2494 935 2675 990 denuo
2721 942 3063 999 revocarent,
3091 942 3150 988 ut
3197 948 3227 986 a
3272 931 3453 988 servis

1879 1030 2015 1083 nihil
2047 1028 2357 1084 diﬁ‘crenles
2393 1029 2589 1083 simus.

1960 1226 1979 1258 ‹
2014 1206 2087 1262 Ut
2114 1206 2461 1276 adoptionem
2495 1207 2731 1260 ﬁliorum
2768 1206 3167 1275 reciperenius.
3214 1223 3234 1258 ›

1950 1300 2111 1370 168
2137 1299 2305 1353 [tecte
2330 1298 2492 1360 dixit,
2539 1298 2906 1365 reciperemus,
2951 1306 3011 1351 ut
3050 1312 3170 1351 eam
3209 1290 3451 1350 debitam

1882 1395 2040 1448 nobis
2091 1382 2261 1447 fuisse
2322 1392 2657 1446 ostenderet.
2710 1392 2853 1445 Olim
2922 1392 3069 1445 enim
3105 1389 3249 1445 Deus
3299 1388 3445 1443 hanc

1880 1487 2194 1540 Abrahamo
2232 1486 2584 1553 promiserat.

1950 1578 2118 1633 Vens.
2162 1579 2215 1643 6,
2253 1578 2306 1633 7.
2369 1595 2387 1628 ι
2429 1577 2701 1642 Quoniam
2748 1578 2879 1632 estis
2931 1577 3050 1641 ﬁlii,
3099 1576 3250 1630 misit
3307 1574 3451 1630 Deus

1882 1669 2144 1740 Spiritum
2181 1669 2301 1723 Filii
2345 1670 2425 1724 sui
2470 1670 2525 1723 in
2586 1669 2755 1724 corda
2807 1679 3014 1732 vestra,
3079 1668 3448 1722 clamantem:

1882 1763 2057 1827 Abba,
2087 1761 2268 1817 Pater.
2298 1761 2485 1829 Itaque
2510 1762 2624 1829 jam
2662 1777 2770 1816 non
2821 1776 2881 1815 es
2912 1775 3125 1824 servus,
3155 1760 3253 1814 sed
3287 1759 3449 1812 ﬁlius.

1808 1855 1850 1910 Β
1878 1856 2031 1921 Quod
2060 1857 2103 1911 si
2140 1854 2304 1920 ﬁlius,
2335 1864 2388 1910 et
2417 1855 2591 1910 haeres
2633 1853 2725 1909 Dei
2768 1869 2863 1923 per
2900 1853 3203 1907 Christum.
3252 1871 3271 1902 ι

1954 1947 2183 2002 Sursum
2218 1946 2473 2001 deorsum
2523 1947 2591 2000 de
2641 1944 2936 2014 adoptione
2975 1958 3283 1998 sermonem
3331 1956 3451 1995 mo-

1878 2047 1987 2095 vet.
2036 2036 2266 2108 Jamque
2320 2038 2577 2105 superius
2621 2036 2840 2106 quidem
2879 2050 3001 2090 eam
3044 2033 3330 2092 indicavit.
3364 2034 3450 2087 di-

1885 2130 2081 2197 cendo,
2113 2129 2384 2185 Christum
2425 2131 2715 2185 induistis:
2753 2146 2899 2185 nunc
2946 2138 3127 2183 autem
3161 2127 3267 2182 alio
3290 2127 3453 2182 modo

1878 2238 2000 2277 cum
2028 2224 2127 2287 ait,
2163 2238 2273 2277 non
2315 2237 2413 2277 nos
2443 2238 2603 2293 posse
2636 2221 2807 2276 Deum
2846 2235 3049 2276 vocare
3084 2219 3325 2278 Patrem.
3360 2234 3453 2273 ne-

1877 2330 1984 2384 que
2008 2314 2269 2383 Spiritum
2301 2313 2371 2368 ab
2410 2329 2476 2369 eo
2540 2314 2813 2383 accipere,
2846 2313 2954 2367 nisi
2986 2310 3081 2365 ﬁlii
3110 2311 3287 2381 ipsius
3320 2310 3450 2364 facti

1876 2406 2070 2461 simus.
2418 2474 2422 2479 θ

1956 2498 2121 2553 Vsus.
2158 2498 2211 2564 8,
2244 2498 2297 2553 9.
2334 2517 2351 2549 ι
2388 2497 2491 2553 Sed
2515 2506 2640 2553 tunc
2661 2497 2882 2565 quidem
2918 2496 3232 2565 ignorantes
3258 2494 3448 2556 Deum,

1877 2588 1945 2642 iis
1982 2589 2074 2657 qui
2106 2600 2296 2643 natura
2327 2602 2433 2641 non
2465 2597 2595 2641 sunt
2628 2586 2724 2649 dii,
2764 2586 3089 2640 serviebatis
3111 2625 3125 2640 .
3166 2584 3323 2638 Nunc
3347 2599 3447 2636 au-

1879 2690 1985 2733 tem
2037 2694 2160 2733 cum
2203 2680 2576 2750 cognoveritis
2624 2677 2819 2743 Deum,
2854 2679 2962 2731 imo
3004 2677 3206 2743 cogniti
3247 2675 3370 2730 sitis
3417 2689 3450 2728 a

1875 2770 2005 2835 Deo,
2034 2772 2307 2841 quomodo
2345 2770 2736 2825 convertemini
2814 2769 3012 2822 iterum
3056 2767 3122 2820 ad
3156 2766 3369 2819 inﬁrma
3397 2774 3451 2816 et

1874 2879 2040 2934 egena
2084 2864 2379 2926 elementa,
2415 2863 2615 2933 quibus
2663 2860 2844 2915 denuo
2881 2860 2950 2913 ab
2998 2860 3210 2929 integro
3241 2857 3450 2912 servire

1873 2955 2073 3010 vultis?
2119 2973 2137 3004 ι

1946 3047 2063 3102 Hoc
2101 3046 2209 3101 ioci
2246 3045 2371 3100 illos
2403 3043 2700 3113 alloquitur
2738 3060 2803 3096 ex
2842 3041 3100 3113 gentibus
3131 3039 3225 3111 qui
3259 3038 3442 3093 credi-

1875 3139 2103 3195 derant:
2137 3138 2397 3208 quoniam
2444 3146 2502 3193 et
2543 3135 2858 3192 observatio
2910 3136 3123 3192 dierum
3175 3133 3448 3189 idolorqu

1798 3199 1844 3261 ο
1875 3199 2252 3301 superstitioni
2282 3229 2477 3285 similis
2498 3236 2636 3284 erat.

1946 3322 2115 3376 Vens.
2147 3320 2236 3376 lo.
2275 3339 2295 3372 ι
2342 3320 2470 3377 Dies
2497 3320 2835 3385 observatis,
2860 3328 2917 3376 et
2950 3334 3188 3387 menses,
3231 3329 3285 3375 et
3312 3328 3448 3374 teni~

1875 3426 2026 3483 pora,
2062 3419 2116 3466 et
2142 3425 2340 3465 annos.
2380 3428 2397 3462 ο

1945 3502 2025 3558 Ex
2061 3502 2183 3558 istis
2214 3512 2558 3571 compertum
2602 3501 2683 3567 ﬁt,
2720 3517 2827 3556 non
2874 3501 3051 3556 solum
3079 3515 3175 3557 eos
3202 3500 3446 3556 circum-

1873 3594 2136 3651 cisionem
2172 3592 2525 3663 praedicasse,
2586 3608 2773 3648 verum
2808 3592 2973 3648 etiam
3024 3592 3192 3648 festus
3233 3594 3349 3647 dies
3392 3597 3449 3647 et

1872 3684 2202 3742 Neomenias
2230 3686 2442 3740 servari
2473 3684 2689 3739 debere.

1948 3775 2113 3832 Vsus.
2146 3776 2235 3831 li.
2269 3794 2289 3829 ι
2311 3774 2503 3830 Timeo
2533 3790 2650 3839 vos,
2682 3790 2751 3830 ne
2779 3773 2919 3829 forte
2942 3773 3065 3830 sine
3092 3787 3264 3829 causa
3290 3772 3449 3829 labo~

1873 3870 2109 3925 raverim
2144 3869 2199 3923 in
2224 3869 2403 3924 vobis.
2437 3888 2457 3921 ι

1948 3958 2157 4026 Timeo,
2183 3960 2382 4031 inquit,
2419 3974 2530 4014 non
2570 3958 2819 4031 despero.
2849 3956 2985 4014 Nam
3030 3957 3086 4014 in
3130 3964 3314 4013 vestra
3346 3970 3446 4028 po-

1873 4061 2072 4109 testate
2105 4059 2192 4108 est
2225 4061 2398 4107 totum
2427 4050 2742 4107 emendare.

1944 4144 2112 4201 Vsus.
2144 4142 2232 4199 ιε.
2267 4163 2285 4196 ι
2327 4141 2514 4199 Estote
2556 4142 2702 4199 sicut
2748 4156 2871 4213 ego,
2900 4150 2954 4197 et
2993 4156 3095 4210 ego
3139 4141 3284 4196 sicut
3310 4154 3443 4196 vos:

1876 4232 2101 4299 fratres,
2130 4234 2361 4289 obsecro
2388 4247 2509 4289 vos.
2556 4231 2705 4287 Nihil
2733 4247 2821 4288 me
2846 4231 3118 4288 laesistis.»

1941 4326 2068 4383 Haec
2106 4327 2355 4399 loquitur
2389 4326 2457 4381 ad
2489 4325 2612 4382 illos
2636 4326 2729 4395 qui
2755 4340 2821 4381 ex
2848 4323 3052 4380 Iudaeis
3084 4332 3261 4381 erant.
3297 4322 3444 4390 Quo-

1872 4418 2019 4475 circa
2075 4428 2248 4474 semet
2306 4419 2428 4490 ipse
2486 4416 2695 4487 profert
2744 4416 2800 4472 in
2858 4416 3120 4480 medium,
3177 4431 3287 4486 quo
3321 4416 3446 4487 illos

1803 4542 1849 4598 υ
1876 4512 2123 4579 exemplo
2146 4524 2246 4566 suo
2276 4508 2607 4581 persuadeat
2636 4523 2666 4562 a
2702 4507 2904 4579 priscis
2932 4507 3129 4562 ritibus
3163 4506 3281 4562 suis
3348 4507 3443 4561 de-

1876 4617 2133 4660 sciscere.

1946 4678 2112 4751 vias.
2153 4694 2240 4753 l5.
2263 4694 2353 4747 14.
2389 4711 2408 4744 ‹
2448 4691 2617 4750 Scitis
2645 4699 2827 4747 autem
2858 4694 2987 4764 quia
3018 4708 3113 4762 per
3148 4692 3442 4749 inﬁrmita-

1877 4794 1985 4841 tem
2018 4784 2201 4839 carnis
2229 4784 2602 4855 evangelizavi
2632 4783 2787 4839 vobis
2817 4784 3173 4856 jampridem.
3218 4795 3276 4841 et
3315 4797 3440 4841 ten-

1875 4877 2138 4929 tationem
2172 4888 2348 4929 meam
2376 4873 2432 4929 in
2460 4888 2629 4929 carne
2650 4888 2767 4927 mea
2802 4888 2910 4928 non
2936 4875 3242 4944 sprevistis,
3267 4889 3444 4945 neque

1875 4967 2202 5038 respuistis;
2240 4965 2336 5022 sed
2385 4966 2529 5022 sicut
2561 4966 2812 5037 angelum
2848 4964 2946 5022 Dei
2992 4967 3289 5038 excepistis
3332 4982 3441 5032 me,

1875 5058 2019 5112 sicut
2044 5057 2322 5114 Christum
2356 5055 2567 5114 Jesum.
2612 5077 2633 5112 ι

1938 5149 2171 5216 Quando
2192 5149 2475 5207 Christum
2502 5149 2887 5220 praedicabam,
2930 5150 3130 5220 inquit,
3157 5148 3438 5218 ejiciebar,

1875 5242 2222 5312 vapulabam,
2274 5250 2482 5298 mortes
2512 5241 2813 5297 tolerabam
2838 5258 2855 5307 ;
2881 5255 2946 5296 ac
2997 5256 3065 5295 ne
3090 5240 3174 5296 sic
3210 5238 3433 5309 quidem

1877 5348 1966 5387 me
1995 5331 2455 5389 contemnebatis.
2482 5330 2618 5387 Nam
2642 5332 2695 5388 id
2728 5330 3075 5402 signiﬁcatur
3102 5331 3189 5386 his
3214 5330 3399 5386 verbis
3424 5350 3439 5387 :

1880 5425 2242 5478 Teutationem
2271 5440 2443 5478 meam
2468 5424 2523 5478 in
2555 5438 2717 5478 carne
2748 5439 2865 5476 mea
2890 5438 2994 5475 non
3025 5421 3321 5490 sprevistis,
3348 5438 3439 5476 no-

1876 5533 1975 5587 que
2004 5518 2305 5585 respuistis.
2342 5515 2627 5584 Quomodo
2663 5514 2833 5586 igitur
2876 5530 2983 5570 non
3015 5515 3314 5570 absurdum
3345 5515 3442 5579 sit,

1874 5623 1999 5662 eum
2041 5609 2137 5679 qui
2184 5610 2582 5681 cxsgitaretur,
2628 5617 2887 5677 tanquam
2956 5607 3207 5678 angelum
3254 5622 3443 5663 susce-

1876 5706 2029 5769 ptum
2068 5715 2212 5769 esse,
2249 5716 2314 5757 ac
2347 5716 2456 5757 non
2490 5701 2644 5761 item.
2673 5699 2801 5756 dum
2825 5713 2890 5755 ea
2928 5716 3050 5771 quae
3090 5716 3231 5772 opus
3271 5710 3434 5768 sunt,

1877 5793 2113 5849 suadet?
