3844 6402
623 369 730 432 803

625 570 1025 626 Testimonium
1065 570 1209 625 enim
1256 570 1520 640 perhibeo
1562 572 1739 633 vobis,
1799 571 1927 639 quia
1977 572 2021 623 si
2081 570 2195 624 ﬁeri

626 670 830 732 posset,
856 654 1047 715 oculos
1078 672 1291 716 vestros
1310 662 1618 725 eruissetis,
1640 671 1693 716 et
1725 661 2020 717 dedissetis
2042 662 2192 716 mihi.

627 750 769 821 Ergo
814 752 1071 807 inimicus
1123 752 1279 806 vobis
1323 752 1500 805 factus
1564 768 1709 816 sum,
1772 767 1959 805 verum
2008 751 2196 806 dicens

628 843 827 898 vobis?
856 862 875 895 ι

700 932 800 987 Hic
831 933 1048 988 haesitat
1094 941 1147 989 et
1179 934 1542 1003 obstupescit,
1575 942 1742 1003 atque
1783 935 1849 988 ab
1877 936 1958 989 eis
1986 936 2198 990 discere

632 1023 953 1079 mutationis
977 1040 1198 1079 causam
1260 1027 1471 1095 quaerit.
1501 1024 1750 1094 Nunquid
1786 1042 1886 1079 uou
1912 1044 2007 1081 vos
2041 1029 2195 1092 estis,

632 1117 925 1186 inquit,qui
946 1132 1031 1171 me
1055 1116 1321 1172 fovebatis
1340 1098 2052 1188 colebatisque,vestrisque
2074 1136 2197 1188 pre-

632 1209 917 1277 tiosiorem
942 1210 1115 1264 oculis
1143 1210 1464 1264 ducehatis?
1494 1210 1777 1264 Undenam
1810 1227 1937 1279 ergo
1963 1212 2196 1265 inimici-

631 1303 705 1356 tia
738 1302 893 1356 hazc?
926 1304 1069 1356 unde
1110 1303 1389 1372 suspicio?
1420 1304 1624 1373 quippe
1650 1320 1774 1357 cum
1802 1303 1959 1373 169
1990 1319 2050 1357 ea
2080 1319 2199 1373 qua}

632 1410 755 1449 vera
797 1404 925 1448 sunt
957 1394 1191 1448 dixerim
1226 1396 1402 1450 vobis.
1447 1398 1621 1450 Aliam
1662 1397 1863 1467 quippe
1920 1399 2080 1464 hujus
2120 1398 2197 1451 rei

629 1498 851 1539 causam
872 1500 979 1538 non
1009 1485 1190 1553 video,
1217 1486 1325 1539 nisi
1343 1489 1486 1559 quod
1509 1490 1788 1542 veritatem
1815 1489 1967 1541 vobis
1986 1488 2199 1542 locutus

628 1576 756 1632 sim.

699 1668 862 1723 Vens.
899 1667 1007 1721 i7.
1031 1686 1048 1719 ι
1084 1666 1441 1723 Ᾰζῐηιιιοηιυι·
1468 1685 1582 1732 vos,
1612 1686 1720 1723 non
1756 1671 1947 1725 bene»

691 1760 774 1815 Ad
803 1762 1207 1815 aetuulatiouem
1250 1776 1349 1816 vos
1385 1762 1650 1823 excitant,
1686 1762 1903 1830 inquit,
1963 1761 2053 1815 sed
2088 1777 2195 1816 non

1787 372 1844 432 S.
1882 370 2201 432 JOANNIS
2240 372 2666 433 DAMASCENI
3677 376 3739 435 illi

698 479 865 533 Vsus.
910 479 993 545 15,
1041 476 1126 532 ιο.
1165 498 1183 530 «
1222 476 1327 534 Ubi
1369 487 1455 534 est
1486 490 1616 547 ergo
1646 477 1922 534 beatitudo
1968 478 2194 533 vestra?
2230 483 2272 539 Α

2376 500 2394 531 ι
2436 477 2546 535 Ποῦ
2578 478 2669 535 οῦν
2709 485 2736 534 ὁ
2786 482 3131 552 μακαρισμὸς
3180 480 3363 550 ὐμῶν;
3411 481 3637 549 Μαρτυρῶ
3674 488 3739 550 γὰρ

2299 574 2448 642 ὑμῖν,
2479 576 2559 626 ὅτι
2590 576 2636 626 εί
2661 573 2886 625 δυνατὸν
2904 576 3032 635 τοὺς
3052 572 3356 642 ὀφθαλμοὺς
3384 570 3518 642 ὑμῶν
3545 573 3742 641 ἐξορύξινο

2295 685 2387 731 τες
2410 666 2645 719 ἐδώκατέ
2673 686 2781 738 μοι.
2805 669 2966 720 Ὥστε
2990 666 3181 738 ἐχθρὸς
3199 666 3345 736 ὑμῶν
3360 665 3535 733 γέγονα
3551 666 3745 734 ἀληθεύων

2299 760 2452 829 api“);
2493 778 2511 811 ι

2382 928 2643 988 Ἐνταῦθα
2661 936 2909 1005 διαπορεῖ
2938 935 3033 989 καὶ
3064 934 3436 1005 ἐκπλήττεται,
3461 936 3540 988 καὶ
3564 936 3662 1004 παρ’
3688 937 3748 987 1-3-

2297 1028 2406 1080 τῶν
2450 1026 2601 1097 ζητεῖ
2655 1029 2755 1097 τὴν
2784 1028 2960 1079 αίτίαν
3002 1030 3101 1097 τῆς
3146 1028 3437 1096 μεταϐολῆς
3472 1028 3641 1097 μαθεῖν.
3680 1029 3749 1094 Οὖχ

2299 1120 2454 1189 ὑμεῖς
2482 1116 2600 1189 ἦτε,
2640 1122 2825 1187 φησὶν,
2858 1120 2910 1172 οῖ
2943 1137 3009 1190 με
3050 1118 3373 1189 μεθέποντες
3402 1120 3486 1169 καὶ
3511 1117 3748 1187 θεραπεία-ιο
3784 1172 3785 1187 γ

2298 1228 2408 1273 τες,
2436 1211 2649 1263 καὶτῶν
2680 1210 2974 1281 ὀφθαλμῶν
3004 1210 3295 1281 ἡγούμενοι
3323 1209 3623 1278 τιμιώτεῳν.
3644 1210 3747 1259 Πίθεν

2298 1300 2391 1357 οῦν
2422 1307 2454 1374 ἡ
2488 1304 2656 1375 ἔχθρα
2684 1321 2698 1369 ;
2731 1304 2897 1357 πόθεν
2948 1306 2981 1374 ἡ
3016 1304 3253 1372 iamiam;
3284 1303 3364 1354 ὅτι
3407 1301 3467 1353 τὰ
3490 1300 3634 1371 ἀληθῆ
3668 1302 3747 1368 τεὺς

2299 1399 2445 1468 ὑμᾶς
2476 1394 2627 1450 εἷπον
2647 1414 2660 1427 ·
2691 1397 2801 1465 ἐγὼ
2832 1397 2963 1466 γὰρ,
2992 1396 3177 1465 φησὶν,
3198 1396 3298 1447 οὐκ
3324 1389 3434 1446 οῖδα
3461 1394 3601 1461 ἀλλην
3620 1396 3744 1453 sitim,

2299 1490 2332 1560 ἢ
2365 1488 2425 1541 τὸ
2455 1488 2664 1559 τάληθῆ
2693 1487 2873 1557 λέγειν
2910 1490 3057 1557 ὑμῖν.

2377 1684 2397 1716 ι
2426 1664 2687 1732 Ζηλοῦσιν
2716 1666 2883 1735 ὑμᾶς.
2919 1666 2979 1717 οὐ
3013 1663 3214 1726 καλῶς.
3251 1682 3269 1715 ι

2372 1760 2538 1829 Ζῆλον
2567 1760 2730 1828 ὑμᾶς,
2772 1760 2937 1827 φησὶν
2962 1798 2976 1821 ,
3026 1757 3366 1826 ἐρεθίζουσιν
3395 1754 3543 1825 ἔχειν,
3569 1754 3616 1806 οὐ
3637 1753 3747 1805 καλᾶν.

632 1861 859 1909 rectam.
893 1851 1014 1918 Quo
1058 1854 1205 1907 enim
1266 1862 1426 1924 pacto
1456 1857 1733 1908 aemulatio
1780 1856 1869 1907 illa
1914 1856 2054 1908 bona
2103 1855 2196 1917 sit,

2309 1822 2568 1924 Πῶς-γὰρ
2598 1822 2800 1913 ἐκεῖνος
2836 1822 3035 1914 καλὸς,
3060 1822 3095 1902 -ὀ
3124 1850 3286 1903 πάλιν
3330 1822 3524 1912 είς-τὸν
3570 1847 3752 1913 Caviis)-

631 1960 752 2015 quze
777 1945 831 1998 in
858 1944 1050 2015 jugum
1081 1962 1175 2001 eos
1210 1947 1492 2001 servitutis
1522 1947 1873 2001 detruderet?

714 2054 733 2088 ι
766 2037 876 2092 Sed
932 2038 1230 2094 excludere
1277 2054 1378 2095 vos
1411 2042 1620 2115 volunt,
1688 2050 1745 2096 ut
1803 2041 1923 2094 illos
1979 2041 2201 2095 azmule-

629 2126 789 2183 mini.
836 2146 857 2182 ι

702 2218 1005 2275 Excludere
1032 2220 1291 2275 nimirum
1323 2235 1352 2275 a
1374 2221 1551 2292 gratia
1590 2220 1893 2293 Evangelii.
1926 2221 2041 2278 Hoc
2058 2223 2203 2279 enim

633 2314 991 2381 praestabant,
1022 2314 1119 2383 qui
1160 2314 1309 2384 ipsos
1334 2316 1538 2370 vellent
1568 2330 1596 2368 a
1626 2316 1865 2385 perfecta
1894 2317 2205 2386 cognitione

634 2404 877 2473 abigere.
938 2412 994 2460 et
1046 2404 1112 2458 ad
1180 2408 1427 2475 spuriam
1473 2422 1694 2462 rursum
1740 2407 2044 2473 deducere;
2094 2423 2203 2462 non

633 2497 797 2550 aliam
830 2498 902 2552 ob
932 2512 1178 2563 causam,
1214 2499 1327 2554 nisi
1358 2507 1417 2553 ut
1446 2498 1553 2570 ipsi
1586 2502 1639 2554 in
1673 2501 1793 2555 loco
1822 2504 2202 2571 magistrorum

634 2590 911 2659 sederent,
950 2593 1173 2649 Galatas
1209 2608 1336 2649 vero
1373 2594 1427 2648 in
1455 2595 1634 2650 classe
1660 2596 2055 2666 discipulorum
2094 2606 2205 2651 sta-

632 2689 871 2739 tuerent.
1450 2688 1455 2693 ‘

702 2773 871 2831 Vzns.
910 2775 1001 2830 18.
1049 2795 1068 2828 ‹
1115 2775 1260 2833 Bene
1317 2784 1502 2833 autem
1556 2778 1893 2835 aamulamini
1953 2779 2011 2835 in
2061 2778 2205 2834 bene

635 2881 874 2938 semper,
918 2875 974 2924 et
1020 2883 1131 2925 non
1170 2877 1383 2925 tantum
1438 2885 1562 2926 cum
1598 2886 1845 2942 praesens
1884 2886 2008 2925 sum
2059 2866 2207 2941 apud

633 2973 751 3013 νος.
800 2975 821 3011 ὶ

702 3044 835 3103 Istic
864 3051 1085 3113 annuit,
1119 3050 1427 3105 absentiam
1472 3066 1627 3106 suam
1670 3052 1836 3108 totius
1891 3053 2017 3107 mali
2071 3068 2203 3108 cau-

2301 1947 2428 2009 τοὺς
2459 1945 2783 2016 καταφέρων
2813 1944 2913 2013 τῆς
2936 1943 3172 2006 δουλείας
3197 1962 3211 2002 :

2378 2059 2397 2092 ι
2434 2038 2594 2092 Ἀλλὰ
2627 2038 2903 2091 ἐκκλεῖσαι
2934 2039 3078 2107 ὑμᾶς
3109 2036 3376 2099 θέλουσιν,
3414 2034 3492 2087 ἴνα
3528 2033 3677 2093 αὐτοὺς
3700 2032 3754 2099 b.-

2303 2134 2462 2186 λῶτε.
2502 2151 2521 2183 ι
3792 2184 3793 2209 1

2386 2222 2692 2277 Ἐκκλεῖσαι
2742 2223 2841 2292 μὲν
2870 2222 2967 2291 τῆς
3010 2220 3370 2291 εὐαγγελικῆς
3414 2220 3617 2290 χάριτος.
3653 2212 3755 2266 τοῦτο

2302 2317 2410 2388 γὰρ
2440 2316 2677 2383 ἐποίουν.
2713 2318 2839 2378 τοὺς
2869 2315 2967 2384 μὲν
2998 2314 3153 2385 [γὰρ]
3179 2312 3389 2375 τελείας
3415 2310 3632 2379 γνώσεως
3655 2307 3752 2359 £16:-

2302 2408 2413 2461 λεῖν
2448 2409 2720 2472 θέλοντες,
2762 2409 2843 2470 είς
2867 2407 2925 2459 δὲ
2962 2406 3058 2477 τὴν
3088 2406 3239 2458 νόθον
3268 2405 3429 2458 πάλιν
3454 2403 3696 2468 ἀνάγοντες.
3716 2395 3753 2445 δι’

2303 2502 2455 2554 οὐδὲν
2481 2501 2566 2554 ἓτε
2578 2518 2688 2570 ρον,
2718 2499 2833 2553 ἀλλ’
2860 2501 2946 2552 ἵνα
2968 2499 3122 2552 αὐτοὶ
3151 2498 3248 2567 μὲν
3284 2501 3341 2550 ἐν
3370 2495 3511 2562 τάξει
3529 2490 3751 2546 ὃιδσσιέὶωδ

2302 2592 2592 2661 γένωνται,
2623 2589 2869 2654 Γαλάτας
2901 2590 2957 2642 δὲ
2989 2591 3046 2641 ἐν
3080 2587 3231 2651 τάξει
3266 2587 3616 2655 καταστήσωσι
3646 2578 3754 2649 p10;-

2299 2683 2429 2740 τῶν.

2376 2793 2397 2828 t
2434 2773 2632 2839 Καλῶς
2673 2774 2731 2829 δὲ
2776 2772 3040 2847 ζηλοῦσθε
3094 2774 3154 2827 ἐν
3184 2772 3338 2844 καλῷ
3391 2759 3755 2826 πάντοτε.κιὶμὴ

2308 2869 2467 2941 μόνον
2496 2870 2553 2920 ἐν
2578 2866 2656 2938 τῷ
2688 2866 2944 2937 παρεῖναί
2970 2884 3036 2936 με
3060 2865 3196 2937 πρὸς
3234 2867 3400 2936 ὑμᾶς.
3440 2882 3459 2915 ι

2403 3051 2668 3107 Ἐνταῦθα
2714 3051 3028 3115 αἰνίττεται,
3063 3051 3143 3103 ὅτι
3182 3051 3215 3121 ἡ
3246 3054 3475 3104 ἀπουσια
3506 3046 3636 3098 αὐτου
3658 3036 3756 3090 uit:

636 3154 753 3194 sam
781 3140 972 3207 fuisse,
1006 3142 1222 3211 hocque
1256 3158 1371 3196 rem
1404 3143 1541 3198 bene
1569 3145 1886 3206 succedere,
1914 3146 1957 3198 si
1982 3146 2205 3200 absente

2311 3146 2625 3216 εἰργάσατο.
2658 3144 2755 3199 καὶ
2792 3145 2875 3198 δτι
2906 3144 3066 3198 τοῦτο
3110 3143 3403 3215 μακάριον,
3430 3140 3485 3192 τὺ
3515 3138 3591 3191 καὶ
3616 3135 3757 3185 meo;

637 3231 907 3301 magistro
953 3232 1208 3303 discipuli
1247 3235 1667 3290 convenientem
1708 3251 1869 3291 suum
1906 3235 2086 3289 locum
2125 3244 2208 3289 te-

636 3328 808 3374 neant

709 3408 879 3469 Vsus.
910 3414 998 3469 19.
1046 3432 1065 3466 ι
1120 3415 1300 3471 Filioli
1359 3418 1486 3485 mei,
1522 3434 1659 3488 quos
1702 3420 1895 3474 iterum
1941 3421 2206 3490 parturio,

637 3503 811 3561 donec
840 3506 1109 3564 formetur
1131 3508 1388 3564 Christus
1421 3512 1470 3564 in
1504 3512 1683 3565 vobis.
1725 3531 1744 3564 ι

708 3596 1015 3671 Imaginem
1064 3601 1455 3669 labefactaStis,
1488 3604 1703 3674 inquit;
1751 3605 1980 3660 formam
2030 3606 2210 3677 perdi-

640 3688 839 3757 distis;
877 3692 1046 3747 altera
1076 3694 1234 3749 vobis
1280 3698 1688 3766 regeneratione
1736 3704 1790 3751 et
1825 3696 2212 3753 reformatione

644 3794 785 3852 opus
819 3791 924 3848 est,
956 3782 1208 3839 doctrina
1254 3787 1486 3841 scilicet.
1544 3787 1747 3841 lterum
1780 3803 1878 3843 vos
1922 3789 2086 3859 gigno
2118 3802 2213 3859 per

640 3874 1028 3931 eruditionem.

715 3966 885 4023 Vens.
911 3967 1003 4026 20.
1042 3988 1059 4021 ι
1099 3966 1352 4025 Volebam
1377 3982 1557 4025 autem
1586 3985 1710 4025 esse
1730 3970 1876 4040 apud
1905 3986 1999 4025 vos
2027 3972 2211 4035 modo,

642 4068 694 4118 et
725 4070 940 4118 mutare
968 4078 1153 4118 vocem
1184 4078 1383 4117 meam.
1419 4082 1437 4114 ι

712 4174 828 4240 Qua
859 4175 926 4230 de
977 4190 1143 4229 causa
1190 4190 1426 4243 praesens
1490 4191 1616 4231 esse
1676 4178 1943 4246 optabat;
1998 4178 2101 4231 nisi
2158 4186 2217 4232 ut

647 4278 888 4322 mutaret
934 4282 1145 4333 vocem,
1186 4268 1291 4322 hoc
1334 4278 1417 4323 est
1464 4269 1542 4322 uti
1584 4270 1851 4340 lacrymas
1893 4270 2214 4335 effunderet,

648 4358 1347 4430 Iugeret,etingemisceret,
1385 4370 1439 4415 et
1468 4362 1632 4416 simul
1659 4378 1846 4417 omnes
1879 4364 1943 4416 ad
1985 4365 2216 4417 lamenta

646 4452 944 4507 evocaret?
1011 4449 1146 4506 Nam
1213 4452 1330 4507 ﬁeri
1390 4454 1613 4508 minime
1646 4462 1878 4523 poterat.
1922 4463 1978 4508 ut
2016 4455 2068 4508 iu
2102 4456 2218 4524 epi-

2308 3236 2406 3289 τοῦ
2426 3234 2744 3289 διδασκάλου
2768 3233 2868 3305 τὴν
2892 3233 3117 3286 δέουσαν
3150 3231 3309 3296 τάξιν
3340 3230 3520 3294 σώζειν
3540 3226 3636 3285 τοὺς
3657 3218 3760 3291 μιθῖ·

2305 3330 2423 3392 τάς.

2384 3441 2403 3474 ‹
2431 3420 2631 3475 Τεκνία
2654 3418 2903 3491 μου,νοῦς
2928 3418 3089 3473 πάλιν
3115 3417 3313 3481 ὠδίνω,
3344 3417 3497 3486 ἄχρις
3510 3406 3560 3466 οὗ
3592 3400 3759 3478 μορὲίθῖ

2309 3514 2543 3583 Χριστὸς
2575 3515 2631 3565 ἐν
2661 3514 2809 3583 ὑμῖν.
2839 3531 2857 3564 ι

2394 3604 2734 3676 Ἐφθείρατε,
2759 3604 2914 3674 φησὶ,
2934 3602 3031 3671 τὴν
3058 3600 3262 3662 εἰκόνα,
3284 3596 3580 3675 ἀπωλέσατε
3598 3588 3669 3657 τὴν
3687 3596 3763 3649 μορ·

2311 3698 2438 3772 φὴν,
2462 3699 2873 3767 ἀναγεννήσεως
2905 3694 3098 3765 ἐτέρας
3122 3694 3249 3762 ὑμῖν
3275 3693 3363 3745 δεῖ
3387 3690 3474 3743 καὶ
3494 3680 3761 3740 ἀναπλάσεωξο

2309 3784 2528 3855 διδαχῆς
2553 3784 2793 3855 δηλονότι
2811 3800 2826 3812 ο
2860 3783 3020 3836 πάλιν
3050 3780 3222 3851 γεννῶ
3245 3780 3335 3834 διὰ
3362 3775 3679 3847 κατηχήσεως-

2389 3974 2409 4008 ι
2454 3957 2681 4008 Ἥθελον
2704 3953 2761 4007 δὲ
2783 3954 3039 4024 παρεῖναι
3068 3949 3205 4021 πρὸς
3237 3949 3383 4019 ὑμᾶς
3416 3947 3548 4018 ἄρτι,
3576 3939 3648 3994 καὶ

2316 4050 2401 4115 ξαι
2426 4048 2522 4119 τὴν
2541 4049 2723 4117 φωνήν
2753 4063 2874 4116 μου.
2912 4064 2930 4097 ›

2389 4161 2547 4226 Τίνος
2573 4157 2759 4212 ἕνεκεν
2790 4158 2945 4229 ζητεῖ
2963 4158 3061 4229 τὴν
3083 4156 3385 4227 παρουσίαν
3419 4153 3569 4219 λέγει,
3597 4143 3664 4245 καὶ
3682 4136 3763 4251 τίνεξ

2316 4254 2349 4325 ἢ
2388 4253 2481 4307 τοῦ
2524 4251 2747 4317 ἀλλάξαι
2783 4252 2882 4321 τὴν
2925 4250 3128 4320 φωνὴν,
3173 4248 3295 4301 ἀντὶ
3350 4244 3437 4298 τοῦ
3479 4236 3764 4329 δακρῦεῖξι.Ιωῑ

2318 4324 2605 4419 θρηνῆσαι,
2642 4346 2737 4399 καὶ
2780 4343 3171 4415 ὀλοφύρασθαι,
3214 4342 3306 4394 καὶ
3337 4340 3530 4397 πάντας
3554 4332 3617 4390 εἰς
3646 4324 3765 4421 opif.”

2320 4437 2687 4503 ἐπισπᾶσθαι;
2720 4437 2818 4490 Διά
2848 4437 2956 4508 γάρ
2989 4435 3278 4503 ἐπιστολῆς
3302 4433 3400 4486 οὐκ
3431 4426 3493 4501 ἦν
3524 4424 3683 4491 δάκρυα
3703 4425 3766 4461 εει·

651 4546 806 4601 stolis
874 4546 990 4600 suis
1065 4545 1335 4603 lacrvmas
1405 4548 1741 4616 gemitumve
1819 4564 1977 4603 suum
2056 4548 2209 4602 exhi-

2325 4530 2433 4598 ξαι,
2462 4532 2579 4585 οὐδὲ
2611 4529 2933 4601 ὀλοφυρμόν.

650 4637 822 4692 heret.

726 4764 745 4799 ι
776 4746 1044 4814 Quoniam
1080 4751 1386 4807 confundor
1420 4751 1472 4806 in
1504 4752 1683 4807 vobis.
1732 4770 1750 4803 ι

718 4857 839 4915 Non
868 4861 1036 4927 enim,
1068 4864 1266 4934 inquit,
1294 4878 1425 4935 quid
1448 4866 1623 4919 aleam
1646 4860 1821 4919 habeo
1845 4882 1860 4930 ;
1889 4864 1981 4933 qui
2012 4863 2216 4918 factum

651 4952 743 5017 sit,
784 4962 843 5008 ttt
870 4956 962 5024 qui
988 4956 1143 5024 prius
1176 4957 1243 5010 ad
1279 4952 1465 5027 ipSum'
1491 4972 1667 5026 usque
1693 4956 1819 5009 caeli
1843 4956 2105 5010 verticem
2131 4970 2219 5009 as-

651 5040 984 5108 cenderatis,
1014 5044 1213 5112 partim
1249 5045 1319 5099 ob
1362 5045 1603 5114 pericula
1630 5059 1756 5114 quae
1788 5043 1911 5097 ﬁdei
1938 5057 2102 5097 causa
2134 5052 2219 5097 to-

652 5132 890 5199 lerastis,
933 5136 1127 5204 partim
1156 5135 1225 5190 ob
1259 5136 1507 5205 prodigia
1530 5148 1651 5205 quae
1698 5150 1795 5204 per
1827 5133 1987 5188 ﬁdem
2018 5134 2221 5189 edidis-

652 5224 744 5289 tis,
774 5239 922 5279 nunc
948 5232 1171 5294 repente
1197 5224 1334 5278 adeo
1369 5225 1435 5278 ad
1476 5232 1681 5277 tantam
1724 5222 1990 5278 vilitatem
2020 5223 2219 5291 dejecti

653 5318 797 5384 sitis,
824 5325 884 5372 ut
916 5315 984 5371 ad
1030 5315 1504 5371 circumcisionem
1550 5323 1604 5369 et
1644 5313 1884 5369 Sabbata
1936 5315 2222 5384 pertraha-

654 5409 808 5463 mini.

732 5540 751 5573 ι
790 5520 958 5575 Vsus.
988 5522 1177 5575 21—23.
1213 5540 1231 5571 ι
1266 5519 1441 5573 Dicite
1471 5519 1628 5583 mihi,
1666 5519 1755 5586 qui
1800 5519 1903 5574 sub
1952 5518 2068 5588 lege
2100 5533 2221 5570 vut-

658 5613 729 5666 tis
761 5629 906 5675 esse,
946 5612 1117 5681 legem
1163 5628 1270 5666 non
1315 5611 1574 5681 legistis?
1619 5610 1899 5679 Scriptum
1935 5620 2020 5664 est
2050 5610 2219 5669 enim,

658 5699 928 5765 Quoniam
982 5699 1253 5754 Abraham
1307 5698 1446 5752 duos
1502 5696 1642 5753 ﬁlios
1697 5697 1909 5761 habuit,
1954 5712 2122 5749 unum
2157 5698 2223 5751 de

662 5791 880 5859 ancilla,
910 5802 964 5847 et
993 5807 1163 5845 unum
1193 5791 1261 5847 de
1282 5790 1474 5847 libera.
1518 5788 1625 5845 Sed
1653 5789 1747 5861 qui
1783 5788 1854 5844 de
1881 5789 2099 5853 ancilla,
2131 5804 2219 5843 se-

2394 4748 2412 4781 ι
2455 4732 2575 4783 Ὅτι
2605 4726 2914 4799 ἀποροῦμαι
2948 4727 3005 4778 ἐν
3027 4726 3173 4796 ὑμῖν.
3214 4744 3233 4777 ι

2392 4846 2503 4897 Οὐκ
2532 4844 2639 4914 ἔχω
2664 4844 2791 4913 γάρ,
2822 4843 2974 4911 φησὶ,
3006 4842 3060 4892 τί
3087 4842 3225 4892 εἰπω
3244 4855 3257 4870 ·
3282 4836 3440 4889 πόθεν
3475 4828 3645 4898 οἱ

2319 4937 2620 4999 ἀναϐάντες
2657 4934 2748 4988 τοῦ
2771 4934 3000 5004 οὐρανοῦ
3030 4934 3125 5003 τὴν
3159 4932 3404 5002 κορυφὴν
3443 4928 3521 4979 διὰ
3552 4922 3765 5007 :5»:fo-

2320 5048 2425 5084 νων
2456 5025 2529 5082 ὧν
2562 5029 2890 5096 ὑπεμείνατε
2921 5027 3062 5095 ὑπὲρ
3091 5027 3187 5094 τῆς
3240 5025 3487 5082 πίστεως,
3510 5016 3589 5068 καὶ
3614 5007 3767 5101 Gri-1f”

2324 5124 2564 5193 σημείων
2586 5119 2658 5176 ὧν
2688 5120 3001 5184 omanem
3024 5118 3113 5172 διὰ
3146 5118 3241 5187 τῆς
3271 5117 3517 5173 πίστεως,
3548 5106 3623 5158 νῦν
3648 5097 3770 5190 αορθξ¹

2322 5218 2494 5280 οὕτως
2524 5219 2603 5281 εἰς
2646 5214 2915 5284 τοσαύτην
2955 5212 3230 5266 εὐτέλειαν
3270 5192 3697 5277 κατηνέχθητε.ὼς
3724 5197 3769 5236 εεε

2324 5311 2623 5381 περιτομὴν
2651 5308 2745 5361 καὶ
2776 5304 3032 5361 Σάϐϐατα
3060 5301 3480 5374 κατασύρεσθαι.

3738 5470 3773 5518 ω

2401 5529 2419 5561 α
2464 5507 2665 5576 Λέγετέ
2711 5524 2839 5576 μοι,
2871 5507 2919 5557 οἱ
2970 5504 3076 5557 ὑπὸ
3102 5502 3266 5571 νόμον
3315 5499 3541 5555 θέλοντες
3580 5484 3736 5576 sivi}?

2325 5604 2487 5673 νόμον
2525 5562 2625 5653 οῦκ
2676 5562 2932 5660 ἀκούετε-η
2985 5562 3301 5664 Γέγραπται
3351 5589 3473 5659 γὰρ,
3506 5585 3575 5636 ὅτι

2324 5656 2418 5749 δύξ,
2446 5694 2594 5756 υἱοὺς
2623 5692 2800 5760 ἔσχεν,
2844 5656 2941 5743 at
2982 5689 3046 5741 ἐκ
3066 5656 3176 5757 *τῆς
3220 5656 3517 5749 παιδίσκης,
3543 5672 3619 5727 καὶ
3652 5656 3773 5760 aut?

2453 5742 2943 5855 agisafm
2974 5782 3003 5834 ε
3056 5742 3251 5849 μιξοίκ
3283 5776 3376 5847 τῆς
3406 5742 3662 5829 erat“:va
3685 5742 3772 5802 κατ’
