4022 6416
202 359 305 423 805

1380 356 1457 415 ΙΝ
1494 354 1730 417 EPIST.
1764 353 1865 412 AD
1898 354 2249 415 GALATAS.

204 474 382 540 σάρκα
413 474 753 545 γεγέννηται,
786 475 815 527 6
839 472 897 527 δὲ
924 472 987 525 ὲκ
1027 468 1128 538 τῆς
1157 466 1471 538 ἐλευθέρας,
1502 466 1567 518 δι’
1598 468 1767 532 ἐπαγ-

1875 466 2113 520 cundum
2148 481 2368 521 carnem
2418 475 2578 522 natus
2624 476 2740 533 est;
2775 465 2867 537 qui
2908 474 3085 522 autem
3123 465 3190 520 de
3234 466 3426 534 libera,

204 565 407 630 γελίας.
444 585 465 615 ι

288 657 511 725 νιεττειδὴ
541 655 744 723 ἔλεγεν,
793 654 877 706 ὅτι
911 655 944 724 ή
982 652 1165 713 πίστις
1208 650 1354 720 ὑμᾶς
1402 647 1665 700 συνάπτει
1695 644 1773 715 τῷ

216 746 489 816 Ἀϐραὰμ,
538 747 632 800 κα)⁵
658 746 831 799 ἐδόκει
854 747 971 807 τοῖς
1009 740 1298 795 ἁκούουσιν
1344 739 1604 793 ἀπίθανον
1633 733 1772 789 εἶναι

203 840 281 901 εἰς
306 840 433 901 τοὺς
464 838 541 909 μὴ
579 836 951 906 γεννωμένους
987 834 1047 899 ἐξ
1084 833 1316 893 ἐκείνου,
1354 829 1577 891 τούτους
1623 828 1771 890 υἱούς

203 944 369 995 φησιν
396 924 779 990 εἷναιὲκείνου,
802 925 1074 980 δείκνυσιν
1096 925 1177 976 ὃτι
1207 923 1266 975 τὸ
1293 919 1594 992 παράδοξον
1615 918 1772 971 τοῦτο

202 1016 409 1068 ἄνωθεν
429 1015 671 1084 γέγονεν.
716 1015 773 1067 Ὀ
799 1013 907 1084 γὰρ
947 1011 1131 1065 Ἰσαὰκ
1157 1012 1217 1064 οὐ
1248 1010 1390 1063 κατὰ
1412 1008 1626 1077 φύσεως
1644 1007 1772 1058 ἁκο-

201 1111 442 1176 λουθίαν,
471 1112 593 1165 οὐδὲ
623 1110 764 1164 κατά
797 1111 977 1180 γάμου
1020 1109 1206 1179 νόμον,
1241 1106 1361 1160 οὐδὲ
1391 1103 1536 1158 κατὰ
1568 1101 1769 1176 σαρκὸς

199 1202 429 1272 δύναμιν
456 1199 813 1271 γεννώμενος,
848 1201 943 1253 καὶ
972 1200 1087 1263 υίὸς
1110 1239 1125 1264 ,
1156 1198 1253 1252 καὶ
1286 1198 1505 1266 γνήσιος
1537 1190 1627 1265 ἦν,
1660 1191 1769 1245 ἀπὸ

199 1295 412 1364 νεκρῶν
460 1294 728 1364 σωμάτων
781 1292 947 1361 φῦναι
977 1290 1311 1352 κελευσθείς.
1340 1288 1432 1357 Μὴ
1475 1284 1769 1357 θορυϐείτω

200 1384 379 1438 τοίνυν
413 1385 579 1455 ὑμᾶς,
615 1383 772 1453 φησὶ,
794 1382 856 1435 τὸ
887 1382 960 1452 μὴ
992 1380 1134 1434 κατὰ
1163 1379 1340 1449 σάρκα
1390 1374 1767 1446 γεγεννῆσθαι.

198 1474 299 1527 Διά
328 1473 436 1545 γὰρ
456 1472 613 1526 τοῦτο
646 1472 879 1543 μάλιστα
910 1471 1188 1538 συγγενεῖς
1210 1469 1366 1538 ὑμεῖς
1389 1465 1575 1527 αὑτοῦ,
1604 1466 1683 1518 ὅτι
1707 1465 1766 1516 οὐ

207 1564 352 1619 κατὰ
378 1564 559 1635 σάρκα
613 1561 959 1633 ὲγεννήθητε.
996 1563 1070 1612 υύ
1097 1560 1202 1628 γὰρ
1231 1557 1590 1628 τιμιωτέρους
1612 1555 1769 1608 τοῦτο

201 1658 261 1707 τὸ
308 1655 452 1709 κατὰ
492 1655 692 1724 σάρκα,
748 1653 887 1705 ἀλλὰ
919 1653 1013 1704 καὶ
1058 1649 1426 1719 ἁτιμωτέρους
1454 1646 1763 1718 ἐργάζεται.

200 1746 651 1817 Θαυμαστότερος
682 1748 789 1814 γάρ
815 1745 843 1795 6
871 1744 1048 1806 τόκος,
1087 1744 1116 1795 6
1157 1742 1231 1812 μὴ
1273 1740 1412 1793 κατὰ
1445 1740 1642 1809 σάρκα,
1676 1739 1768 1790 καὶ

203 1836 735 1906 πνευματικώτερος.
770 1836 880 1887 Καὶ
897 1835 1054 1905 δῆλον
1084 1835 1148 1887 ὲκ
1180 1834 1287 1885 τῶν
1312 1831 1518 1886 ἄνωθεν
1546 1832 1764 1899 τεχθέν-

200 1946 329 1980 των.
368 1928 591 1997 Ἐτέχθη
644 1927 784 1980 κατὰ
816 1928 997 1997 σάρκα
1030 1927 1057 1977 6
1107 1925 1353 1995 Ἰσμαὴλ.
1411 1925 1547 1977 ἀλλὰ
1584 1922 1768 1985 δοῦλος

196 2016 287 2088 ἦν,
330 2020 424 2072 καὶ
467 2019 530 2070 ού
561 2018 719 2070 τοῦτο
758 2018 938 2088 μόνον,
978 2018 1112 2070 ἀλλὰ
1158 2019 1254 2070 καὶ
1306 2014 1622 2080 ὲξεόἀλλετο
1672 2015 1769 2084 τῆς

198 2110 465 2179 πατρῴας
519 2109 714 2171 οἰκίας.
780 2108 836 2162 '0
888 2108 947 2163 δὲ
999 2110 1116 2162 κατ’
1175 2107 1505 2175 ἐπαγγελίαν
1559 2105 1769 2174 τεχθεὶς

210 2201 422 2265 Ἰσαὰκ,
459 2201 554 2254 ita
588 2200 702 2262 υἱὸς
729 2198 803 2252 ὢν
842 2200 1064 2271 γνήσιος
1105 2200 1197 2252 καὶ
1244 2197 1549 2270 ἐλεύθερος,
1584 2196 1769 2266 κύριος

194 2292 458 2346 ἁπάντων
481 2288 571 2363 ἦν.

272 2571 293 2604 t
331 2549 531 2604 ’Ἀτινά
554 2552 699 2604 ἐστιν
725 2547 1191 2619 ἀλληγορούμενα.
1233 2566 1252 2599 ι

276 2645 347 2696 Ἦ
375 2642 476 2711 μὲν
499 2642 707 2713 ἱστορία
733 2641 893 2711 αὐτὴ,
920 2641 1104 2709 φησὶν,
1135 2640 1195 2691 ού
1221 2638 1377 2691 τοῦτο
1406 2639 1461 2690 δὲ
1482 2638 1639 2707 μόνον
1660 2654 1769 2690 πα-

198 2733 426 2805 ραδηλοί
452 2734 588 2802 ὅπερ
607 2732 876 2801 φαίνεται,
908 2730 1042 2785 ἀλλὰ
1069 2731 1164 2783 καὶ
1196 2729 1329 2783 ἄλλα
1350 2730 1469 2781 τινὰ
1494 2729 1765 2800 ἀγορεύει·

194 2826 281 2880 διδ
311 2827 405 2877 καὶ
433 2824 733 2894 ἀλληγορία
764 2823 1029 2876 καλεῖται.

281 2936 300 2967 ι
338 2913 502 2970 Αὒται
535 2916 645 2986 γάρ
676 2916 782 2966 εἰσι
808 2914 902 2966 δύο
926 2912 1199 2981 διαθῆκαι.
1234 2933 1252 2964 ι

278 3008 344 3060 Ol
369 3006 457 3058 δύο
479 3007 651 3075 νόμοι,
675 3007 703 3057 6
738 3004 961 3074 νομικὸς
988 3004 1082 3057 καὶ
1119 3006 1147 3055 6
1176 3003 1551 3073 εύαγγελικός.

277 3115 297 3147 ι
332 3095 445 3148 Μία
486 3095 584 3164 μὲν
618 3094 724 3147 ἀπὸ
747 3095 903 3165 ὅρους
933 3094 1081 3158 Σινᾶ,
1112 3097 1191 3157 εἰς
1224 3095 1467 3147 δουλείαν
1499 3097 1764 3163 γεννῶσα,

192 3188 323 3258 ¹ήτις
383 3186 537 3239 ἐστὶν
570 3185 771 3256 Ἅγαρ.
805 3186 877 3239 Τὸ
906 3185 1016 3255 γὰρ
1036 3185 1165 3261 Σινᾶ
1194 3185 1316 3256 ὅρος
1348 3188 1490 3238 ἐστὶν
1513 3188 1568 3240 ἐν
1612 3188 1769 3261 Ἀρα-

192 3280 309 3333 ϐία.
352 3297 372 3330 ι

271 3373 457 3439 ’Δγαρ
501 3368 719 3438 ἐλέγετο
764 3371 798 3441 ή
845 3368 1027 3439 δούλη.
1075 3368 1149 3421 Τὸ
1169 3368 1223 3421 δὲ
1270 3371 1399 3421 Σινᾶ
1428 3369 1589 3439 ῥρος,
1628 3368 1769 3423 οὕτω

193 3463 669 3534 μεθερμηνεύεται
708 3465 774 3533 τῇ
831 3463 1109 3534 ἐπιχωρίῳ
1131 3462 1310 3515 αὐτῶν
1330 3462 1593 3533 διαλέκτῳ
1612 3478 1625 3491 ·
1659 3461 1770 3516 ὦσ-

189 3571 254 3609 τε
285 3557 416 3617 τοὺς
447 3558 511 3606 ὲκ
542 3555 640 3625 τῆς
663 3553 896 3616 παλαιᾶς
919 3553 1291 3624 τικτομένους,
1318 3553 1523 3613 πάντας
1556 3553 1767 3624 ἀνάγκη

186 3647 419 3709 δούλους
452 3641 613 3702 εἶναι.

271 3754 291 3788 ι
331 3736 618 3806 Συστοιχεί
642 3736 698 3788 δὲ
739 3738 805 3806 τῇ
846 3734 939 3787 νῦν
982 3731 1371 3805 Ἰερουσαλήμ·
1424 3733 1665 3786 δουλεύει
1712 3735 1768 3787 δὲ

193 3830 342 3899 μετὰ
373 3828 482 3880 τῶν
510 3830 713 3881 τέκνων
744 3828 938 3896 αὐτῆς.
976 3846 994 3877 ι

266 3921 346 3974 Οὐ
378 3920 559 3991 μόνον,
592 3922 755 3990 φησὶν
778 3961 793 3985 ,
831 3922 1015 3990 ἐκείνη
1051 3919 1211 3989 δούλη
1245 3916 1334 3991 ἦν,
1360 3920 1495 3971 ἀλλὰ
1528 3919 1618 3973 καὶ
1650 3918 1771 3971 δού-

1874 572 1972 626 per
2000 557 2499 626 repromissionem.
2532 576 2550 607 ι

1934 645 2202 712 Quoniam
2235 647 2409 702 dixit:
2464 646 2596 700 ﬁdes
2633 659 2727 697 vos
2767 645 3054 713 coniungit
3093 645 3427 705 Abrahamo,

1871 748 2033 806 atque
2067 738 2386 792 incredibile
2435 737 2777 791 auditoribus
2809 738 3117 803 videbatur,
3155 736 3326 804 utqui
3365 752 3434 791 ex

1872 829 1964 883 illo
1992 829 2217 884 minime
2250 830 2498 899 prognati
2538 839 2743 893 essent,
2772 829 2864 882 ﬁlii
2896 837 3073 882 tamen
3105 829 3281 897 ipsius
3311 842 3435 884 esse

1870 923 2200 985 dicerentur,
2223 924 2465 978 ostendit
2517 923 2851 993 paradoxum
2898 921 3045 976 istud
3106 921 3431 990 jampridem

1868 1015 2135 1069 evenisse.
2161 1000 2487 1077 Namllsaac,
2521 1015 2612 1084 qui
2638 1029 2745 1066 non
2775 1012 2964 1067 ordine
2997 1024 3223 1076 naturae,
3263 1027 3436 1079 neque

1870 1109 2027 1164 solita
2043 1110 2156 1177 lege
2172 1108 2565 1176 coniugiorum,
2585 1121 2760 1175 neque
2781 1106 3079 1160 secundum
3099 1104 3279 1160 carnis
3293 1103 3436 1156 vires

1869 1210 2030 1254 natus
2056 1198 2174 1263 fuit,
2193 1208 2246 1253 et
2266 1200 2425 1265 ﬁlius,
2453 1208 2505 1254 et
2526 1212 2816 1269 germanus
2843 1207 3118 1262 erat,cum
3142 1212 3208 1249 ex
3234 1209 3433 1263 corpo-

1870 1292 2023 1347 ribus
2042 1291 2301 1346 emortuis
2320 1290 2668 1359 uascijussus
2683 1297 2849 1345 esset.
2869 1287 3054 1358 Neque
3071 1287 3175 1341 hoc
3197 1302 3292 1340 vos
3312 1301 3410 1341 con
3424 1315 3438 1325 -

1869 1384 2070 1442 turbet.
2102 1383 2299 1452 inquit,
2331 1382 2740 1452 quisecundum
2766 1397 2984 1436 carnem
3016 1381 3129 1435 nati
3158 1396 3263 1433 non
3279 1379 3432 1434 estis.

1868 1471 2003 1527 Nam
2030 1474 2132 1526 hoc
2157 1473 2329 1539 ipsum
2359 1486 2452 1525 vos
2482 1486 2642 1539 quam
2668 1470 2898 1524 maxime
2928 1469 3259 1539 propinquos
3293 1467 3435 1519 illius

1870 1568 2017 1631 facit,
2038 1566 2181 1637 quod
2208 1566 2504 1621 secundum
2532 1580 2755 1619 carnem
2786 1580 2894 1618 non
2926 1564 3061 1618 estis
3087 1564 3220 1616 nati.
3246 1561 3435 1615 Enim-

1869 1674 1995 1713 vero
2022 1657 2316 1713 secundum
2356 1671 2576 1711 carnem
2607 1670 2726 1710 esse
2758 1661 2962 1718 uatum,
2984 1653 3087 1706 hoc
3129 1668 3235 1706 non
3260 1650 3437 1705 solum

1873 1747 2029 1816 17o
2062 1762 2166 1799 non
2220 1746 2394 1799 reddit
2456 1744 2875 1806 honoratiores,
2915 1757 3104 1796 verum
3156 1752 3212 1794 et
3256 1740 3437 1793 minus

1868 1839 2211 1893 honorabiles
2233 1837 2385 1890 facit.
2405 1837 2601 1890 Partus
2632 1835 2834 1905 quippe
2868 1833 3092 1887 minime
3118 1831 3355 1885 carnalis
3381 1840 3436 1883 et

1869 1928 2251 1997 spiritualioris
2274 1926 2511 1995 generis,
2530 1925 2688 1994 longe
2716 1923 3017 1976 mirabilior
3034 1919 3297 1985 est.Quod
3316 1933 3434 1988 per-

1870 2021 2118 2090 spicuum
2148 2018 2205 2070 ﬁt
2230 2033 2293 2072 ex
2325 2018 2390 2071 iis
2421 2016 2512 2082 qui
2540 2016 2651 2085 jam
2675 2016 2802 2068 olim
2834 2015 2948 2067 nati
2970 2021 3119 2067 sunt.
3145 2010 3323 2064 Natus
3353 2018 3439 2065 est

1870 2110 2062 2166 lsmael
2092 2109 2393 2164 secundum
2427 2123 2671 2171 carnem,
2710 2107 2806 2161 sed
2849 2121 3040 2160 servus
3073 2103 3213 2169 fuit;
3243 2117 3342 2156 nec
3384 2102 3438 2155 id

1870 2208 2070 2273 solum,
2104 2222 2292 2260 verum
2326 2216 2380 2261 et
2411 2214 2636 2261 exactus
2683 2212 2769 2259 est
2804 2220 2869 2257 ex
2918 2202 3161 2272 paternis
3204 2198 3432 2270 aedibus.

1871 2298 1973 2364 Qui
2004 2313 2133 2353 vero
2180 2299 2480 2353 secundum
2528 2296 3034 2366 repromissionem,
3084 2295 3238 2348 Isaac
3273 2292 3434 2345 nimi-

1869 2406 2015 2455 rum,
2063 2390 2150 2444 hic
2199 2398 2461 2459 tanquam
2505 2389 2782 2459 genuinus
2820 2387 2966 2441 ﬁlius
3006 2401 3069 2438 ae
3122 2385 3283 2450 liber,
3321 2397 3443 2436 om«

1819 2494 1832 2507 ‘
1870 2485 2020 2537 nium
2045 2484 2301 2537 dominus
2338 2484 2462 2537 fuit.

1940 2571 2225 2626 Vens.24.
2268 2590 2286 2625 t
2327 2572 2458 2637 Qum
2487 2580 2618 2626 sunt
2654 2586 2749 2641 per
2776 2569 3089 2639 allegoriam
3128 2568 3295 2622 dicta.
3344 2587 3362 2617 ι

1935 2665 2055 2732 Ipsa
2083 2663 2303 2733 quidem
2346 2664 2602 2727 historia,
2649 2663 2849 2731 inquit,
2912 2676 3021 2715 non
3077 2661 3207 2713 illud
3258 2659 3433 2713 solum

1869 2756 2015 2825 quod
2048 2764 2274 2824 apparet
2310 2754 2579 2817 enuntiat,
2609 2769 2794 2807 verum
2830 2762 2882 2807 et
2904 2753 3008 2806 alia
3033 2752 3282 2820 qumdam
3312 2766 3437 2819 pro-

1871 2848 2133 2917 loquitur.
2175 2844 2330 2900 Unde
2360 2849 2523 2899 etiam
2560 2845 2816 2914 allegoria
2845 2834 3066 2898 dicitur.

1933 2956 1951 2988 ι
1983 2935 2106 2990 Hmc
2141 2937 2286 2990 enim
2323 2945 2453 2989 sunt
2476 2935 2585 2989 duo
2604 2944 2953 2988 testamenta.
2993 2952 3011 2983 ι

1935 3026 2063 3080 θυαε
2087 3029 2273 3096 utique
2296 3026 2461 3095 leges,
2493 3025 2681 3095 legalis
2710 3031 2762 3078 et
2782 3024 3114 3092 evangelica.

1948 3135 1968 3170 t
2008 3117 2189 3174 Unum
2232 3118 2453 3187 quidem
2488 3132 2518 3170 a
2570 3127 2757 3170 monte
2816 3112 2970 3174 Sina,
3021 3113 3076 3165 in
3117 3112 3436 3165 servitutem

1872 3225 2161 3281 generans,
2216 3224 2336 3279 quae
2371 3218 2454 3264 est
2500 3208 2666 3276 Agar.
2703 3204 2898 3279 [Vens
2947 3203 3064 3276 9.5.]
3114 3202 3245 3257 Sina
3289 3204 3437 3255 enim

1870 3317 2027 3356 mons
2055 3311 2137 3355 est
2166 3301 2220 3354 in
2257 3301 2481 3354 Arabia.
2524 3316 2544 3351 ι

1928 3392 2070 3459 Agar
2123 3390 2324 3442 ancilla
2372 3388 2675 3442 dicebatur.
2733 3386 2888 3441 Mons
2927 3400 3059 3440 vero
3110 3383 3242 3436 Sina
3290 3382 3435 3436 idem

1870 3489 2028 3536 sonat
2060 3482 2208 3534 illius
2243 3481 2420 3548 gentis
2462 3480 2681 3547 lingua:
2724 3478 2868 3531 unde
2918 3490 3107 3530 omnes
3139 3476 3233 3543 qui
3264 3489 3328 3527 ex
3359 3482 3435 3525 te-

1871 3580 2144 3627 stamento
2171 3572 2337 3625 veteri
2365 3572 2477 3624 uati
2510 3581 2657 3637 sunt,
2689 3586 2811 3625 esse
2831 3584 3020 3625 servos
3051 3574 3288 3636 Oportet.

1937 3769 1955 3800 (
1988 3748 2330 3816 Conjuuctus
2355 3754 2540 3799 autent
2572 3752 2655 3799 est
2695 3743 2743 3797 ei
2783 3758 2905 3814 quae
2955 3756 3104 3795 nunc
3150 3749 3236 3795 est
3277 3738 3435 3793 Jeru-

1870 3840 2059 3903 salem,
2089 3847 2142 3893 et
2167 3838 2338 3891 servit
2360 3851 2485 3889 cum
2518 3833 2642 3887 liliis
2676 3833 2813 3887 suis.
2849 3852 2867 3883 ι

1935 3930 2053 3985 Νοη
2099 3930 2260 3983 modo
2302 3929 2415 3982 haec
2448 3941 2606 3980 serva
2651 3931 2760 3987 est,
2787 3923 2986 3992 inquit,
3025 3920 3117 3975 sed
3150 3930 3202 3975 et
3241 3935 3435 3975 servos

189 4014 322 4076 λους
348 4012 556 4064 ἔτεκεν.
599 4011 757 4065 Ἀλλὰ
777 4013 869 4064 καὶ
896 4013 1035 4082 αὑτὴ
1057 4015 1090 4083 ή
1118 4012 1369 4083 διαθήκη,
1398 4014 1673 4065 τουτέστιν
1702 4008 1767 4082 ἧς

1868 4027 2042 4099 gignit
2072 4042 2086 4089 ;
2125 4023 2233 4077 imo
2263 4031 2316 4074 ct
2337 4027 2725 4075 testamentum
2761 4018 2965 4086 ipsum,
3005 4015 3137 4068 illud
3166 4013 3430 4066 nimirum

188 4104 365 4166 τύπος
419 4102 663 4173 ήδούλη.
697 4103 805 4155 Καὶ
845 4102 949 4174 γάρ
1005 4102 1466 4173 Ἰερουσαλὴμτὲκ
1510 4103 1767 4170 γειτόνων

188 4197 373 4248 κεῖται
406 4195 482 4263 τῷ
519 4194 633 4264 ὄρει
684 4192 762 4263 τῷ
790 4193 1066 4264 ὁμωνύμῳ
1095 4197 1159 4264 τῇ
1192 4194 1351 4264 δούλῃ
1372 4210 1385 4224 ⁸
1423 4194 1482 4245 ὲν
1509 4193 1680 4263 τούτῳ
1709 4193 1768 4247 δὲ

186 4286 270 4357 τῷ
300 4286 421 4356 ὄρει
451 4286 545 4338 καὶ
574 4288 607 4354 ἡ
642 4285 873 4356 διαθήκη
900 4285 1130 4339 δέδοται.

267 4397 288 4429 ι
346 4376 415 4430 'H
451 4376 508 4429 δὲ
535 4378 645 4431 ἄνω
694 4377 1048 4448 Ἰερουσαλὴμ
1098 4376 1357 4449 ἐλευθέρα
1412 4380 1579 4441 ἐστὶν,
1647 4380 1766 4449 ἥτις

1868 4121 2027 4186 cujus
2054 4116 2225 4186 ﬁgura
2253 4113 2451 4166 ancilla
2476 4119 2581 4166 est.
2618 4109 2749 4162 Nam
2801 4106 3107 4173 Jerusalem
3144 4106 3327 4183 alliuis
3348 4110 3435 4158 est

1868 4209 2038 4264 monti
2080 4206 2171 4276 qui
2221 4205 2439 4259 ancilla:
2489 4197 2834 4271 cognominis
2866 4204 2969 4252 est.
3017 4197 3178 4265 Atqui
3219 4196 3273 4249 in
3329 4195 3434 4248 hoc

1867 4315 2049 4358 monte
2071 4300 2257 4353 datum
2301 4302 2683 4352 testamentum
2712 4307 2927 4363 quoque
2956 4292 3079 4345 fuit.

1935 4393 2100 4445 Vsus.
2128 4390 2217 4451 ‘26,
2251 4388 2339 4440 27.
2372 4405 2390 4437 ι
2429 4385 2559 4450 Qum
2608 4391 2787 4436 autem
2824 4394 3041 4436 sursum
3084 4388 3169 4431 est
3202 4374 3430 4429 Jerusa-

186 4471 310 4522 ἐστὶ
334 4470 521 4539 μήτηρ
552 4468 768 4521 πάντων
803 4469 976 4538 ήμῶν.
1004 4469 1317 4539 Γέγραπται
1339 4469 1444 4539 γάρ
1466 4485 1478 4497 ·
1514 4471 1761 4540 Εὐφράν-

1868 4481 1993 4545 lem,
2028 4480 2198 4531 libera
2229 4484 2335 4536 est,
2367 4488 2489 4542 qua:
2533 4480 2616 4525 est
2646 4480 2819 4523 mater
2857 4466 3103 4520 omnium
3156 4474 3427 4518 u05trum.

187 4562 317 4632 θητι
338 4602 354 4625 ,
406 4564 590 4631 στεῖρα
614 4602 630 4627 ,
669 4562 701 4631 ἡ
746 4560 805 4613 οὐ
854 4560 1109 4614 τίκτουσα
1133 4578 1145 4589 ·
1182 4562 1341 4633 ῥῆξον
1370 4564 1463 4615 καὶ
1490 4562 1703 4634 βόησον,
1734 4565 1767 4634 ἡ

185 4654 293 4705 οὐκ
330 4651 607 4705 ὠδίνουσα
618 4692 629 4705 .
670 4672 687 4704 ι

257 4746 373 4814 Τῆς
401 4747 503 4815 μὲν
541 4746 894 4816 Ἰερουσαλὴμ
943 4747 1043 4816 τῆς
1073 4745 1225 4799 κάτω
1254 4746 1424 4809 τύπος
1464 4748 1497 4818 ή
1553 4749 1763 4819 Ἀγαρ·

183 4838 281 4890 καὶ
303 4837 469 4905 δῆλον
501 4839 565 4888 ἐκ
591 4838 685 4889 τοῦ
710 4839 869 4909 ὅρους
896 4838 991 4891 τοῦ
1013 4840 1155 4891 οὕτω
1181 4838 1515 4908 καλουμένου
1536 4856 1550 4868 ⁸
1585 4840 1681 4910 τῆς
1712 4841 1767 4893 δὲ

184 4928 301 4980 ἅνω
329 4931 364 4999 ἡ
401 4928 608 4997 Σάρρα.
652 4930 799 4982 Ἀνω
818 4929 873 4982 δὲ
914 4929 1270 5002 Ἰερουσαλὴμ
1319 4930 1486 4999 καλή·
1511 4932 1602 4983 καί
1628 4930 1765 4999 αὕτη

182 5017 295 5085 γὰρ
324 5013 395 5086 ἦν
434 5017 601 5070 πάλαι
630 5022 837 5087 στεῖρα,
870 5017 1058 5090 ὥσπερ
1105 5021 1255 5089 καὶὴ
1292 5019 1494 5089 Σάρρα.
1539 5021 1663 5073 "Ott
1708 5021 1764 5073 δὲ

184 5106 320 5177 περὶ
342 5106 450 5174 τῆς
489 5107 811 5178 Ἐκκλησίας
835 5110 863 5161 6
886 5110 1061 5178 λόγος,
1092 5110 1294 5163 καὶτὸν
1325 5112 1607 5181 προφήτην
1625 5128 1765 5183 παρ-

183 5198 404 5267 ήγαγεν
426 5198 676 5269 μάρτυρα
709 5198 962 5267 λέγοντα·
989 5199 1385 5269 Εὐφράνθητι,
1409 5202 1613 5271 στεῖρα
1635 5204 1671 5270 ἡ
1690 5204 1762 5257 οὐ

183 5292 500 5344 τίκτουσα.

258 5484 279 5515 ι
314 5465 439 5517 Ὅτι
472 5464 644 5516 πολλὰ
669 5468 735 5519 τὰ
765 5468 927 5521 τέκνα
960 5469 1059 5538 τῆς
1087 5471 1317 5541 ἐρήμου,
1344 5471 1375 5543 ἢ
1403 5474 1498 5544 τῆς
1528 5472 1756 5542 ἐχούσης

188 5556 272 5609 σὸν
291 5556 485 5627 ἄνδρα.
531 5575 550 5607 ι

257 5736 307 5767 ⁸⁸
338 5734 442 5791 lsa.
476 5751 587 5798 Liv,
625 5734 677 5789 l.

1869 4569 2145 4634 Scriptum
2171 4571 2253 4618 est
2278 4564 2463 4615 enim:
2510 4560 2738 4623 Laetare,
2776 4556 2980 4610 sterilis
3009 4568 3131 4622 qua:
3188 4568 3294 4606 non
3330 4566 3428 4621 pa-

1866 4662 1960 4721 ris,
1998 4672 2220 4725 erumpe
2247 4666 2298 4707 et
2326 4655 2527 4717 clama,
2558 4665 2680 4720 qua:
2708 4663 2815 4701 non
2844 4646 3110 4716 parturis.
3148 4662 3167 4694 ι

1932 4750 2217 4806 Inferioris
2272 4746 2488 4816 quidem
2550 4742 2700 4796 illius
2745 4738 3056 4793 Jerusalem
3117 4737 3289 4808 ﬁgura
3344 4741 3430 4787 est

1865 4846 2042 4913 Agar;
2080 4840 2243 4909 idque
2283 4835 2632 4890 manifestum
2663 4842 2747 4887 est
2790 4847 2852 4886 ex
2889 4830 3137 4900 ejusdem
3185 4828 3429 4883 nominis

1867 4941 2053 4989 monte
2085 4952 2097 4964 ·
2135 4933 2269 4984 Sara
2317 4943 2447 4981 vero
2490 4923 2815 4995 superioris.
2867 4923 3030 4992 Atqui
3064 4935 3305 4990 superna
3337 4919 3427 4971 illa

1857 5023 2165 5081 Jerusalem
2204 5034 2404 5091 Sponsa
2443 5028 2546 5071 est.
2587 5014 2723 5069 Nam
2760 5025 2810 5068 et
2844 5003 2962 5081 ipsa
3000 5011 3276 5081 quondam
3313 5018 3426 5062 ste-

1859 5119 1978 5171 rilis
2001 5124 2139 5179 erat,
2171 5108 2632 5183 quemadmodum
2666 5114 2718 5159 et
2751 5105 2907 5159 Sara.
2946 5103 3104 5168 Quod
3137 5110 3316 5153 autem
3360 5096 3427 5150 de

1856 5206 2107 5261 Ecclesia
2172 5203 2224 5256 id
2284 5201 2490 5255 dictqu
2540 5196 2726 5260 fuerit,
2779 5194 3059 5265 propheta:
3108 5187 3427 5245 testimonio

1863 5298 2205 5366 comprobat,
2252 5293 2342 5345 ubi
2389 5305 2581 5360 nempe
2639 5289 2721 5343 sic
2749 5286 2841 5341 ille
2885 5284 3159 5353 loquitur:
3190 5279 3422 5340 Ltetare,

1863 5389 2060 5445 sterilis
2083 5403 2197 5456 qua:
2236 5402 2337 5437 non
2370 5384 2517 5451 paris
2552 5381 2616 5436 ³⁵.

1918 5499 1936 5529 ι
1978 5480 2112 5545 Quia
2152 5478 2303 5529 multi
2339 5476 2432 5529 lilii
2472 5477 2726 5538 desertae,
2755 5471 2934 5543 magis
2964 5484 3127 5537 quam
3155 5466 3275 5535 ejus
3300 5478 3425 5533 quae

1864 5574 2021 5627 habet
2058 5573 2253 5623 virum.
2295 5588 2312 5619 ι

3326 346 3533 419 806“
