4022 6424
621 371 729 437 scr
1807 365 1867 424 s.
1905 361 2223 425 JOANNIS
2259 360 2691 425 DAMASCENI
3690 380 3764 444 ωε

690 480 966 535 Desertam
1004 484 1170 534 vocat
1226 474 1525 530 Ecclesiam
1567 471 1831 543 gentium,
1871 486 1993 542 quae
2021 485 2197 541 quon-
2226 478 2275 536 Α

2176 499 2197 510 -
2226 478 2275 536 Α
2375 474 2654 542 Ἔρημον,
2706 471 2805 544 τὴν
2852 471 2912 539 ἐξ
2947 470 3117 526 ἐθνῶν
3158 469 3472 543 Ἐκκλησίαν
3520 477 3658 549 λέγει,
3697 491 3764 557 τὴν

622 576 749 630 dam
777 572 830 627 iu
864 571 1162 626 solitudine
1187 577 1243 622 et
1285 566 1600 637 ignorantia
1642 562 1737 617 Dei
1765 563 1961 633 egerit.
1994 560 2069 613 Ea
2095 575 2192 614 au-

2178 590 2192 599 -
2292 562 2459 616 πάλαι
2495 563 2556 616 ιν
2576 562 2786 635 ἐρημίᾳ
2822 563 2917 616 καὶ
2957 561 3200 634 ἀγνωσία
3220 562 3542 633 ὑπάρχουσαν
3563 570 3639 623 τοῦ
3655 573 3766 633 Θεοῦ.

625 675 731 721 tem
772 678 896 734 quae
924 663 1100 716 virum
1133 659 1347 723 habuit,
1393 657 1679 726 Synagoga
1717 667 1825 719 est,
1867 653 2069 722 quippe
2105 652 2192 705 cui

2182 652 2192 705 i
2296 656 2565 725 Ἔχουσαν
2592 655 2650 709 δὲ
2681 655 2772 709 τὸν
2792 655 2981 727 ἄνδρα,
3017 655 3116 725 τὴν
3140 656 3474 726 συναγωγὴν,
3507 658 3583 713 διὰ
3603 664 3652 716 τδ
3667 664 3770 720 δεδό-

623 760 751 811 data
785 757 869 810 lex
914 754 1114 807 fuerat.
1164 750 1539 804 Nihilominus
1592 748 1752 814 longe
1799 745 1984 815 plures
2042 742 2197 797 fuere

2186 758 2197 795 Ξ
2297 748 2420 802 σθαι
2452 748 2591 818 αὐτῇ
2612 747 2705 801 τὸν
2732 747 2918 818 νόμον.
2960 747 3106 803 Ἀλλ’
3128 748 3278 819 ὅμως
3302 747 3609 804 πολυπλάσια
3635 755 3774 823 γέγονε

624 850 720 903 ﬁlii
746 848 952 904 sterilis
978 864 993 912 ;
1026 853 1211 913 utpote
1233 841 1377 911 quod
1410 854 1530 910 quae
1556 838 1795 891 habebat
1809 836 2007 899 virum,
2032 848 2196 888 unam

2186 849 2196 885 ι
2294 842 2393 910 τῆς
2430 840 2647 911 στείρας
2677 840 2743 894 τὰ
2771 841 2934 894 τέκνα
2956 857 2971 870 ο
3001 842 3136 894 καθὸ
3163 842 3197 911 ἡ
3220 839 3320 909 μὲν
3341 838 3521 909 ἔχουσα
3542 843 3615 896 τὸν
3636 846 3774 916 ἇνδρι,

626 942 893 996 duntaxat
932 948 1145 1009 gentem
1191 933 1422 1004 genuit:
1470 930 1679 985 sterilis
1714 942 1848 1005 vero
1909 928 2199 980 universas

2192 940 2199 978 ί
2298 933 2357 986 ἒν
2380 935 2539 1004 μόνον
2564 933 2749 987 ἔτεκεν
2772 932 2943 998 ἔθνος,
2970 936 3004 1005 η
3029 934 3085 987 δὲ
3115 936 3320 1003 στεῖρα,
3354 934 3516 987 πάντα
3541 935 3780 1007 ἐποίησετὰ

665 1042 819 1086 entes
844 1029 1036 1085 edidit.
2299 1027 2448 1086 ἔθνη.

628 1044 819 1104 gentes
844 1044 1036 1085 conm.

690 1127 971 1182 Vsus.9.8.
1010 1142 1029 1175 ι
1071 1122 1181 1176 Nos
1210 1129 1417 1186 autem,
1456 1118 1678 1183 fratres,
1714 1116 2018 1171 secundum
2046 1112 2201 1167 Isaac

2299 1044 2389 1080 εον
2436 1069 2448 1082 .

2194 1129 2201 1164 ι
2377 1044 2427 1171 «η
2442 1120 2631 1191 Ἡμεῖς
2680 1120 2761 1185 δὲ,
2814 1121 3054 1190 ἀδελφοὶ,
3110 1120 3255 1174 κατὰ
3295 1120 3474 1174 Ἰσαὰκ
3522 1123 3782 1191 ὲτιαγγελὶι;

628 1217 1012 1290 promissionis
1035 1214 1132 1267 ﬁlii
1163 1226 1377 1266 sumus.
1427 1228 1445 1260 3

1163 1226 1377 1266 sumus.
1427 1228 1445 1260 3
2301 1211 2467 1265 τέκνα
2492 1212 2678 1279 ἐσμέν.
2723 1231 2741 1264 3

687 1311 805 1366 Non
838 1307 1001 1362 modo
1030 1305 1290 1373 quoniam
1326 1300 1536 1355 sterilis
1558 1309 1675 1354 erat
1708 1297 1981 1360 Ecclesia,
2014 1311 2206 1364 quem-

2196 1325 2206 1335 ·
2375 1306 2449 1358 Οὐ
2482 1304 2589 1375 γὰρ
2624 1305 2782 1376 μόνον
2825 1306 2908 1358 ὅτι
2956 1307 3144 1374 στεῖρα
3181 1305 3215 1375 ἡ
3256 1304 3570 1374 Ἐκκλησία,
3596 1306 3784 1378 ὥσπερὴ

630 1397 924 1453 admodum
977 1395 1154 1460 Sara;
1209 1407 1396 1446 verum
1440 1402 1512 1455 et,
1561 1392 1705 1443 sicut
1758 1390 1901 1441 illam
1955 1402 2059 1440 non
2105 1401 2206 1439 na-

2199 1413 2206 1426 ·
2306 1396 2512 1468 Σάρρα,
2550 1399 2684 1451 ἀλλὰ
2713 1398 2963 1468 καθάπερ
3003 1398 3187 1469 ἐκείνῃ
3220 1397 3319 1466 οὐχ
3368 1398 3400 1467 ἡ
3448 1397 3608 1465 φύσις.
3637 1398 3787 1468 allii}

630 1502 775 1554 tura,
804 1486 901 1542 sed
948 1484 1249 1555 promissio
1299 1483 1391 1536 Dei
1424 1479 1715 1535 fecundam
1753 1478 2020 1544 reddidit;
2048 1479 2120 1531 ita
2155 1486 2207 1531 et

2202 1492 2207 1531 ι
2308 1489 2605 1557 ἐπαγγελία
2638 1490 2732 1543 τοῦ
2777 1490 2911 1543 Θεοῦ
2948 1489 3217 1559 πεποίηκε
3244 1488 3347 1558 τὴν
3376 1488 3549 1559 γονὴν,
3574 1489 3691 1542 οὕτω
3727 1496 3790 1543 καὶ

627 1580 683 1634 in
717 1580 887 1633 altera
913 1584 1105 1631 nostra
1147 1572 1527 1643 generatione,
1561 1578 1757 1625 natura
1785 1569 1959 1632 nulla,
1994 1567 2087 1621 sed
2108 1565 2207 1621 Dei

2204 1606 2207 1619 ι
2310 1580 2401 1631 ἐπὶ
2422 1579 2523 1649 τῆς
2548 1582 2958 1650 ἀναγεννήσεως
2991 1582 3089 1649 τῆς
3118 1578 3415 1649 ἡμετέρας,
3447 1578 3593 1645 φύσις
3629 1580 3706 1647 μὲν
3731 1580 3792 1630 οῦ-

626 1672 815 1734 verba,
857 1684 982 1740 qua:
1042 1674 1251 1721 norunt
1299 1663 1511 1726 ﬁdeles,
1556 1663 1611 1715 in
1657 1674 1925 1731 aquarum
1975 1660 2206 1727 piscina,

2204 1702 2206 1715 ι
2310 1670 2472 1741 δεμία
2494 1709 2509 1734 ,
2557 1671 2624 1723 τὰ
2650 1670 2706 1722 δὲ
2738 1672 2959 1741 ῥήματα
2998 1669 3091 1722 τοῦ
3130 1668 3289 1732 Θεοῦ,
3315 1668 3351 1721 ἃ.
3380 1668 3546 1721 ἴσασιν
3574 1669 3616 1719 οἱ
3645 1668 3792 1727 πιστοὶ,

631 1771 893 1829 tanquam
929 1760 983 1812 iu
1024 1768 1185 1811 utero
1213 1753 1476 1825 quodam,
1512 1751 1757 1804 formant
1794 1760 1846 1804 et
1886 1760 2208 1820 regenerant

2207 1798 2208 1801 η
2314 1762 2371 1813 ὲν
2398 1764 2464 1832 τῇ
2492 1761 2851 1832 κολυμϐήθρᾳ
2880 1761 2989 1814 τῶν
3044 1760 3253 1814 ὑδάτων
3275 1801 3291 1825 ,
3335 1759 3573 1829 καθάπερ
3608 1761 3656 1811 ὲν
3690 1759 3795 1827 νηδύϊ

630 1854 787 1907 illum
812 1851 907 1921 qui
938 1850 1274 1920 baptizatur.
1305 1844 1491 1914 Itaque
1523 1844 1569 1899 si
1612 1843 1819 1898 sterilis
1858 1841 1957 1895 ﬁlii
1988 1857 2200 1907 sumus,

2236 1837 2276 1891 Β
2307 1854 2412 1906 τινὶ
2463 1854 2802 1918 διαπλάττει,
2853 1854 2946 1907 καὶ
3009 1854 3280 1923 ἀναγεννᾷ
3315 1852 3403 1905 τὸν
3462 1850 3793 1921 βαπτιζόμενον.

632 1945 787 1998 liberi
814 1956 1030 1995 sumus.

2308 1944 2519 1999 Οὐκοῦν
2547 1948 2596 1999 εἰ
2618 1946 2717 2015 τῆς
2753 1945 2974 2017 στείρας
3005 1945 3191 2015 ἐσμὲν,
3225 1944 3497 2013 ἐλεύθεροί
3525 1944 3683 2011 ἐσμεν.

709 2034 864 2104 171
901 2032 1065 2085 Vens.
1100 2030 1192 2084 ‘29.
1244 2047 1261 2079 α
1303 2026 1408 2082 Sed
1442 2025 1722 2095 quomodo
1757 2033 1889 2078 tunc
1923 2024 1970 2078 is
1999 2024 2092 2094 qui
2122 2040 2202 2079 se-

2386 2056 2404 2087 c
2457 2036 2597 2089 Ἀλλ’
2613 2035 2802 2088 ὥσπερ
2824 2037 2946 2089 τότε
2965 2038 2994 2089 ὁ
3017 2038 3160 2089 κατὰ
3189 2035 3370 2106 σάρκα
3383 2034 3641 2103 γεννηθεὶς
3667 2032 3799 2084 ἐδίωκε

634 2130 877 2179 cundum
918 2138 1139 2178 carnem
1171 2131 1333 2175 natus
1360 2119 1564 2184 fuerat,
1597 2118 2031 2188 persequebatur
2059 2133 2205 2181 eum,

1747 2118 2031 2187 :quebalur
2059 2133 2205 2181 eum.
2307 2126 2398 2180 τὸν
2426 2126 2567 2180 κατὰ
2598 2126 2841 2197 πνεῦμα,
2867 2126 3008 2180 οὕτω
3037 2128 3133 2181 καὶ
3161 2126 3277 2181 νῦν.
3317 2146 3335 2179 3

634 2221 727 2287 qui
766 2216 1069 2270 secundum
1104 2214 1363 2284 Spiritum
1397 2228 1411 2265 :
1447 2213 1522 2263 ita
1552 2220 1606 2266 et
1643 2226 1811 2264 nunc.
1848 2229 1865 2261 3

704 2307 781 2363 Ne
848 2308 1117 2376 objiciunt
1177 2320 1191 2358 :
1245 2304 1573 2373 Ecqumnam
1640 2310 1725 2356 est
1796 2302 1899 2355 ista
1956 2303 2206 2362 libertas.

2384 2304 2499 2356 Ἵνα
2537 2306 2611 2373 μὴ
2640 2303 2856 2371 λέγωσιο
2881 2305 2991 2358 Καὶ
3014 2305 3141 2358 ποία
3182 2304 3323 2376 αὓτη
3352 2306 3386 2375 ἡ
3422 2302 3694 2371 ἐλευθερία,
3716 2302 3806 2352 ὅπου

635 2400 859 2482 quando
889 2397 1061 2452 Judaei
1092 2397 1503 2465 constringunt,
1541 2402 1597 2448 et
1632 2393 1933 2448 verberant
1960 2394 2081 2448 illos
2115 2394 2209 2462 qui

2325 2396 2566 2450 Ἰουδαῖοι
2599 2397 2890 2466 κατέχουσι
2937 2397 3032 2450 καὶ
3072 2398 3394 2468 μαστίζουσι
3458 2397 3577 2459 τοὺς
3615 2392 3804 2451 πιστούςς

635 2492 954 2547 credidere?
1004 2489 1247 2545 ostendit
1294 2488 1415 2556 ejus
1451 2502 1671 2558 quoque
1726 2486 1801 2539 rei
1829 2486 1942 2551 jam
1991 2487 2119 2540 olim
2153 2487 2210 2539 li—

2054 2487 2119 2539 im
2153 2487 2210 2539 lie
2313 2489 2582 2542 δείκνυσιν
2612 2490 2705 2542 καὶ
2734 2489 2923 2543 τούτου
2955 2490 3046 2543 τὸν
3074 2490 3242 2544 τύπον
3288 2490 3495 2545 ἄνωθεν
3523 2490 3642 2543 δντα

636 2602 829 2658 guram
859 2585 1174 2639 exstitisse.

712 2680 873 2734 Vsus.
905 2677 996 2738 50,
1028 2676 1117 2731 51.
1153 2695 1171 2726 ι
1209 2675 1318 2729 Sed
1354 2673 1485 2742 quid
1532 2673 1665 2727 dicit
1710 2670 2038 2742 Scriptura?
2069 2668 2213 2738 Ejice

2396 2670 2556 2723 Ἀλλὰ
2581 2671 2633 2724 τί
2658 2671 2803 2740 λέγει
2827 2673 2859 2742 ἠ
2887 2672 3075 2743 Γραφή
3100 2688 3115 2736 ;
3154 2670 3394 2725 Ἔκϐαλε
3453 2669 3548 2741 τὴν
3571 2666 3810 2728 παιδίσκην.

637 2772 896 2826 ancillam
954 2777 1007 2823 et
1040 2769 1211 2822 lilium
1250 2767 1370 2836 ejus
1411 2786 1424 2822 :
1480 2784 1585 2819 non
1619 2767 1765 2819 enim
1806 2767 1978 2818 hzeres
2006 2763 2110 2816 erit
2148 2762 2211 2815 ﬁ-

2317 2762 2409 2815 καὶ
2450 2762 2540 2814 τὸν
2572 2762 2686 2816 υἱὸν
2712 2763 2901 2832 αὐτῆς.
2934 2764 3009 2816 Οὐ
3052 2762 3161 2832 γάρ
3197 2763 3270 2833 μὴ
3302 2763 3669 2832 κληρονομησῃ
3695 2756 3808 2813 eiul";

637 2865 744 2917 lius
776 2862 989 2916 ancilla:
1014 2876 1138 2915 cum
1186 2858 1298 2913 ﬁlio
1331 2861 1539 2913 liberae.
1574 2857 1789 2927 Itaque,
1842 2857 2069 2920 fratres,
2099 2870 2212 2908 non

2315 2855 2412 2923 τῆς
2436 2855 2729 2925 παίδίσκηῖ
2758 2856 2899 2925 μετὰ
2926 2855 3021 2909 τοῦ
3052 2855 3167 2909 υἱοῦ
3215 2857 3316 2927 τῆς
3351 2854 3649 2925 ἐλευθέρας.
3682 2848 3814 2917 Ἡμεῖς

638 2971 853 3011 sumus.
888 2974 906 3008 δ

2316 2946 2393 3013 δὲ,
2420 2947 2638 3017 ἀδελφοὶ⁵
2659 2949 2757 3001 οὐκ
2781 2948 2969 3019 ἐσμέν.
3008 2968 3026 3001 3

713 3047 966 3101 Exhibita
1024 3046 1182 3116 prius
1243 3043 1653 3114 persecutionis
1711 3043 1907 3111 ﬁgura,
1963 3054 2069 3093 non
2116 3054 2215 3094 eos

2387 3041 2577 3105 Δείξας
2633 3040 2839 3095 ἄνωθεν
2894 3041 2986 3093 τὸν
3034 3041 3205 3095 τύπον
3257 3042 3355 3095 τοῦ
3398 3042 3649 3112 διωγμοῦ,
3673 3044 3751 3096 οὐκ
3781 3042 3820 3110 ἑᾷ

638 3138 773 3193 sinit
808 3138 1055 3191 animum
1095 3136 1460 3205 despondere.
1497 3134 1594 3189 sed
1653 3150 1721 3188 ex
1771 3133 2004 3187 historia
2055 3131 2217 3185 docet

2241 3173 2283 3231 C
2319 3134 2686 3187 καταπίπτειν
2720 3134 2801 3197 εἰς
2851 3132 3079 3203 ἀκηδίαν
3125 3135 3360 3201 αὐτοὺς,
3395 3134 3647 3189 διδάσκων
3683 3136 3734 3187 ὲκ
3758 3137 3821 3201 τῆς

640 3228 867 3290 iterum,
904 3226 1083 3296 qualis
1133 3226 1357 3279 futurus
1397 3225 1472 3280 sit
1510 3226 1905 3279 insectatorum
1970 3222 2115 3285 ﬁnis,
2156 3229 2215 3275 ut

2248 3222 2283 3231 '
2322 3224 2557 3297 ἱστορίας
2590 3224 2753 3279 πάλιν
2795 3226 2892 3279 καὶ⁵
2926 3227 3075 3278 ποῖον
3104 3226 3258 3278 ἔσται
3285 3225 3398 3279 τῶν
3432 3226 3663 3279 διωκτῶν
3698 3224 3821 3285 τέλος,

640 3331 757 3370 non
790 3313 956 3369 modo
982 3315 1100 3370 suis
1136 3313 1351 3369 aedibus
1398 3314 1718 3385 abigantur,
1755 3312 1851 3369 sed
1886 3320 1942 3368 et
1972 3310 2217 3366 faculta-

2315 3316 2378 3368 τὸ
2408 3317 2483 3387 μὴ
2519 3315 2680 3387 μόνον
2712 3315 3045 3385 ὲκὸληθῆναι
3078 3317 3179 3387 τῆς
3222 3318 3405 3381 οίκίας
3429 3357 3446 3381 ,
3501 3318 3630 3371 ἀλλὰ
3665 3314 3825 3380 καὶτῆς

644 3416 760 3461 tum
786 3406 1065 3477 jacturam
1101 3405 1333 3461 faciant.
1373 3405 1649 3462 Caeterum
1695 3416 1845 3462 recte
1873 3404 2046 3475 ﬁlium
2078 3417 2216 3474 quo-

2316 3408 2505 3473 οὐσίας
2522 3408 2798 3463 ἔκπτωσιν
2823 3409 3138 3479 ὑπομεῖναι.
3162 3404 3238 3463 Εὖ
3289 3410 3351 3463 δὲ
3398 3410 3496 3464 καὶ
3539 3409 3663 3464 υιὸν
3689 3406 3826 3460 παιδί-

641 3514 752 3571 que
810 3499 948 3554 dixit
1000 3500 1235 3567 ancilla,
1290 3514 1402 3555 non
1450 3499 1787 3565 Abrahami,
1837 3507 1895 3553 ut
1944 3513 1975 3552 a
2032 3495 2215 3552 viliori

2317 3514 2478 3569 σκης
2508 3498 2680 3566 εἶπεν,
2734 3502 2827 3554 καὶ
2857 3500 2933 3573 μὴ
2989 3501 3241 3574 Ἀϐραάμ
3260 3519 3275 3533 ·
3302 3503 3394 3557 ἵνα
3427 3502 3537 3557 ἀπὸ
3568 3502 3655 3575 ’φῦ
3684 3500 3827 3569 φαυλο-

644 3605 804 3666 parte
833 3608 929 3648 eos
961 3594 1298 3648 nominaret.

2317 3592 2477 3663 τέρου
2504 3591 2703 3655 αὐτοὺς
2732 3592 3172 3665 προσαγορεύσει.

716 3703 737 3737 ι
771 3684 999 3739 Ancillae
1033 3685 1154 3749 lilii,
1209 3682 1308 3740 sed
1340 3682 1549 3741 liberae.
1599 3682 1883 3740 Libertate
1914 3681 2083 3755 igitur
2111 3696 2217 3740 nos

2394 3684 2692 3755 Παιδίσκης
2720 3683 2910 3748 τέκνα,
2935 3684 3069 3738 ἀλλὰ
3106 3686 3202 3756 τῆς
3228 3685 3551 3758 ἐλευθέρας.
3573 3688 3644 3757 Τῇ
3676 3682 3831 3737 ἐλευθε-

643 3773 905 3833 Christus
943 3776 1221 3832 liberavit.
1266 3794 1287 3828 3

2322 3764 2417 3852 βίᾳ
2440 3770 2533 3832 οὖν
2562 3777 2797 3848 Χριστὸς
2819 3776 2968 3847 ἡμᾶς
2996 3777 3365 3851 ἠλευθέρωσε.
3404 3797 3423 3832 ι

1297 3910 1454 3968 CAP.
1492 3910 1558 3967 ν.

2938 3912 3188 3967 ΚΕΦᾹΛ.
3220 3911 3293 3966 E'.

711 4025 880 4083 Vens.
913 4026 966 4081 l.
999 4044 1020 4079 ι
1059 4026 1241 4091 State,
1272 4033 1327 4081 et
1357 4024 1531 4080 nolite
1572 4024 1777 4080 iterum
1809 4024 1942 4096 jngo
1984 4026 2219 4081 servitu-

2384 4043 2404 4078 ι
2442 4024 2702 4095 Στήκετε,
2733 4023 2827 4077 καὶ
2856 4021 2931 4095 μὴ
2953 4022 3113 4077 πάλιν
3145 4023 3298 4095 ζυγῷ
3327 4022 3577 4086 δουλείας
3594 4016 3830 4091 ἐνέχεσθε.»

645 4117 718 4174 tis
746 4117 1043 4173 contineri.
1075 4135 1095 4170 3

715 4225 961 4281 Alteram
1010 4225 1165 4280 addit
1208 4238 1464 4290 causam,
1519 4242 1628 4295 qua
1658 4224 1887 4283 suadeat
1932 4242 2028 4283 eos
2055 4227 2223 4283 disci-

2399 4226 2627 4298 Ἑτέραν
2651 4223 2832 4280 αίτίαν
2864 4223 3071 4295 τίθησι,
3104 4224 3204 4296 τὴν
3228 4225 3539 4281 πείθουσαν
3572 4222 3746 4284 αὐτοὺς
3769 4218 3834 4288 μὲ-

646 4319 810 4391 plinaa
863 4335 977 4376 sua:
1038 4318 1439 4373 adhaerescere.
1484 4319 1578 4373 Ait
1623 4328 1864 4374 autem:
1919 4335 2019 4374 nec
2076 4321 2221 4374 enim

2322 4335 2432 4373 νειν
2461 4320 2555 4371 ἐπὶ
2593 4318 2701 4371 τῶν
2745 4316 3050 4388 δογμάτων.
3100 4318 3265 4387 Λέγει
3287 4318 3347 4373 δέ
3375 4336 3391 4350 ο
3422 4319 3518 4389 Μὴ
3550 4318 3653 4387 γὰρ
3673 4311 3837 4368 eme;

646 4418 705 4472 in
760 4415 1068 4472 libertatem
1126 4428 1225 4467 vos
1292 4413 1642 4469 vindicastis.
1685 4413 1844 4469 Alius
1885 4414 2092 4483 estqui
2128 4430 2223 4469 vos

2322 4397 2736 4486 ἠλευθερώσατε
2774 4430 2789 4479 ;
2828 4412 3020 4478 ’Δλλος
3075 4413 3224 4467 ἐστὶν
3276 4414 3431 4484 ὑμᾶς
3486 4416 3515 4468 ὁ
3578 4404 3836 4483 ἠγορακὼς·

645 4509 919 4564 redemit:
969 4508 1113 4561 alius
1150 4516 1239 4561 est
1274 4505 1369 4575 qui
1418 4508 1662 4575 pretium
1694 4521 1796 4576 pro
1840 4506 2000 4561 nobis
2033 4507 2218 4561 solvit.

2252 4524 2296 4580 ι)
2324 4504 2482 4569 ἄλλος
2507 4506 2537 4559 ὁ
2557 4506 2723 4578 τιμὴν
2744 4507 2866 4571 δοὺς
2882 4505 3024 4577 ὑπὲρ
3041 4504 3213 4577 ὑμῶν.
3231 4506 3304 4559 Τὸ
3322 4506 3383 4560 δὲ
3410 4505 3679 4574 στήκετε,
3700 4496 3837 4554 εἰπὼν.

650 4598 896 4654 Dicendo
949 4607 1158 4663 autem,
1218 4606 1379 4663 state,
1434 4597 1729 4667 procellam
1777 4613 1899 4665 qua:
1943 4597 2220 4651 acciderat

2321 4598 2413 4655 τὸν
2443 4598 2605 4654 σάλον
2640 4600 2732 4653 τὸν
2783 4598 3150 4669 γεγενημένον
3203 4597 3375 4667 ἔδειξε
3404 4616 3421 4630 ο
3468 4598 3547 4666 τῷ
3592 4596 3665 4660 δὲ,
3693 4587 3838 4658 ζυγοῦ,

650 4691 915 4747 indicavit
952 4709 966 4746 :
1008 4689 1228 4746 nomine
1261 4705 1392 4744 vero
1429 4688 1552 4759 jugi
1589 4689 1668 4745 rei
1714 4689 2037 4759 gravitatem
2084 4689 2219 4760 ipsis

2320 4690 2545 4763 ὀνόματι
2576 4691 2638 4746 τὸ
2688 4691 2826 4764 βαρὺ
2875 4692 2972 4745 τοῦ
3029 4692 3355 4763 πράγματος
3412 4692 3600 4754 αὐτοῖς
3652 4699 3838 4744 κατεῖπ’

650 4782 1004 4855 signiﬁcavit.
1062 4782 1208 4848 Quin
1241 4790 1297 4836 et
1351 4781 1483 4836 dum
1538 4782 1636 4844 ait,
1692 4797 1934 4846 rursum,
1989 4782 2219 4835 nimium

2325 4784 2526 4855 μαίνει.
2580 4783 2654 4836 Τὸ
2697 4784 2754 4838 δὲ
2815 4783 3023 4847 πάλιν,
3065 4783 3256 4850 εἰπὼν,
3306 4783 3517 4855 πολλὴν
3568 4778 3729 4835 αὐτῶν

650 4876 902 4947 ipsorum
943 4882 1228 4944 stuporem
1260 4883 1432 4928 notat.
1480 4873 1614 4928 Nam
1647 4875 1693 4929 si
1728 4874 2037 4929 molestiam
2082 4874 2223 4928 hanc

2322 4898 2510 4934 κνυσιν
2559 4879 2939 4952 ἀναισθησίαν.
2996 4879 3058 4933 El
3110 4881 3211 4952 μὲν
3256 4882 3369 4953 γάρ
3415 4882 3637 4949 ἄπειροι
3665 4872 3745 4928 τοῦ
3764 4872 3835 4920 πά·

648 4983 761 5023 non
792 4966 1039 5022 fuissetis
1092 4966 1327 5037 experti,
1366 4966 1513 5021 haud
1562 4967 1731 5022 eratis
1795 4973 2076 5020 tantorum
2117 4965 2223 5019 cri-

2325 4969 2449 5032 θους
2478 4967 2575 5041 ἦτε
2605 4971 3041 5043 ἐκείνου,φησὶν,
3089 4973 3151 5025 οὐ
3186 4972 3467 5027 τοσούτων
3494 4967 3594 5043 ἦτε
3627 4961 3842 5037 ἐγκλημά-

648 5063 857 5115 minum
891 5059 992 5115 rei.

2323 5074 2431 5111 των
2457 5058 2614 5124 ἄξιοι.

723 5170 891 5229 Vens.
919 5171 975 5249 2.
1012 5189 1030 5223 ι
1064 5169 1208 5226 Ecce
1238 5184 1339 5242 ego
1372 5168 1573 5226 Paulus
1607 5172 1733 5225 dlCO
1764 5170 1945 5226 vobis.
1994 5189 2013 5221 ι
2296 5234 2304 5250 ,

1778 5170 1945 5226 vobis.
1994 5189 2013 5221 3
2296 5234 2304 5250 '
2404 5192 2422 5224 ι
2459 5173 2593 5227 Ἰδοὺ
2625 5173 2736 5243 ἐγὼ
2757 5174 2967 5239 Παῦλος
2991 5176 3134 5246 λέγω
3163 5178 3307 5248 ὑμῖν.
3344 5195 3366 5229 3

717 5285 838 5341 Vox
866 5285 971 5341 ista
1002 5284 1153 5340 illius
1182 5293 1268 5340 est
1291 5284 1385 5354 qui
1422 5283 1767 5354 praeﬁdenter
1798 5284 2077 5353 loquatur.

1422 5283 1767 5354 prmﬁdeuter
1798 5284 2077 5353 loquatur.
2394 5282 2788 5355 Θαρροὖντοςή
2826 5286 2997 5356 φωνή.

726 5416 746 5451 ‹
784 5397 1061 5464 Quoniam
1096 5398 1143 5453 si
1196 5396 1700 5460 circumcidamiui,
1764 5398 2019 5453 Christus
2067 5400 2224 5454 vobis

2399 5412 2417 5444 ι
2441 5393 2562 5447 Ὀτι
2584 5394 2681 5448 ὲὰν
2705 5394 3129 5467 περιτέμνησθε,
3152 5396 3390 5469 Χριστὸς
3419 5397 3567 5468 ὑμᾶς
3594 5393 3729 5450 οὐδὲν
3744 5390 3850 5458 ὠτε-

653 5489 791 5546 nibil
812 5490 1083 5561 proderit.
1117 5509 1135 5542 3

970 5490 1083 5545 :rit.
1117 5509 1135 5542 3
2325 5485 2500 5556 λήσει.
2542 5505 2558 5536 3

720 5601 827 5669 Qui
854 5619 988 5658 vero
1015 5602 1159 5657 nihil
1200 5602 1731 5673 proderitChristus
1762 5601 1809 5655 ei
1859 5604 1952 5671 qui
1985 5603 2226 5658 circum—

2394 5599 2517 5662 Πῶς
2540 5600 2691 5652 οὐδὲν
2738 5600 3008 5671 ὠφελήσει
3065 5601 3157 5653 τὸν
3210 5604 3671 5673 περιτεμνόμενον
3701 5596 3850 5664 6X9:-

656 5696 810 5751 clsus
837 5695 990 5751 erit?
1021 5696 1299 5750 ausculta.
1351 5692 1454 5759 Qui
1491 5693 1934 5759 circumciditur,
1960 5701 2223 5767 tanquam

2328 5692 2485 5757 616;;
2517 5692 2705 5747 ἄκουε.
2749 5693 2806 5744 ’0
2842 5693 3318 5764 περιτεμνόμενος,
3355 5694 3438 5757 ὡς
3462 5696 3623 5765 νόμον
3648 5684 3852 5744 διδουςιά

658 5788 829 5860 legem
878 5786 1247 5843 reformidans
1297 5784 1740 5841 circumciditur.
1792 5783 1897 5850 Qui
1940 5800 2071 5842 vero
2106 5785 2223 5842 for-

2326 5782 2730 5854 περιτέμνεται.
2770 5782 2831 5836 '0
2874 5782 2930 5835 δὲ
2976 5782 3250 5849 δεδοικὼς,
3308 5784 3539 5838 ἀπιστεί
3566 5787 3631 5855 τῇ
3670 5777 3854 5847 δυνάμει
