4022 6410
191 397 292 459 809

1330 395 1410 455 ΙΝ
1451 396 1687 456 EPIST.
1728 398 1828 457 AD
1864 398 2219 459 GALATAS.

3314 416 3419 481 810

189 508 283 576 τῆς
311 504 565 574 χάριτσς’
594 502 623 554 ὁ
679 500 736 554 δὲ
791 500 1057 569 ἀπιστῶν,
1107 504 1259 558 οὐδὲν
1296 507 1566 577 κερδαίνει
1600 506 1749 578 παρά

1856 510 2044 577 midat,
2069 511 2263 567 virtuti
2319 516 2509 583 gratia}
2544 518 2865 579 incredulus
2900 533 2985 581 est
3014 543 3029 581 :
3061 541 3154 596 qui
3195 528 3416 585 demum

188 598 282 667 τῆς
308 593 742 665 ἀπιστουμένης.

257 795 279 828 ι
309 774 673 846 Μαρτύρομαι
726 774 785 829 δὲ
842 776 1004 830 πάλιν
1058 777 1223 829 παντὶ
1279 773 1550 846 ἀνθρώπῳ
1601 794 1752 849 περι-

183 867 520 938 τεμνομένῳ,
540 868 620 919 ὄτι
643 866 925 935 ὀφειλέτης
953 868 1100 921 ἐστὶν
1121 868 1241 921 ὅλον
1273 866 1365 919 τὸν
1402 867 1567 939 νόμον
1591 870 1749 941 ποιῆ-

184 974 298 1014 σαι.
332 957 731 1030 Κατηργήθητε
761 958 974 1013 ἀπὸτοῦ
996 958 1253 1029 Χριστοῦ.
1290 977 1309 1010 ι

249 1054 370 1104 ’ἶνα
393 1051 502 1122 γάρ
536 1051 610 1122 μὴ
641 1051 869 1123 νομίσῃς
895 1055 1017 1107 κατ’
1033 1051 1237 1123 ἔχθραν
1267 1051 1442 1106 ταῦτα
1473 1051 1750 1122 λέγεσθαι,

178 1144 281 1215 οὐχ
316 1145 443 1215 ὑμῖν
499 1144 658 1215 μόνον
718 1143 884 1212 λέγω,
944 1145 1129 1215 φησιν,
1172 1145 1308 1199 ἀλλά
1353 1146 1447 1200 καὶ
1471 1147 1635 1200 παντὶ
1659 1148 1753 1201 ἀν·-

178 1235 385 1308 θρὼπῳ
416 1236 885 1307 περιτεμνομένῳ,
915 1237 996 1290 ὅτι
1021 1236 1303 1309 ὀφειλέτης
1334 1238 1483 1291 ἐστὶν
1511 1239 1629 1294 ὅλον
1662 1240 1754 1293 τὸν

177 1329 348 1399 νόμον
388 1328 696 1401 πληρῶσαι.
731 1329 1003 1400 Ἀλλήλων
1024 1330 1133 1399 γὰρ
1178 1330 1362 1400 ἔχεται
1420 1330 1489 1384 τά
1522 1331 1750 1402 νόμιμα.

177 1420 295 1474 Καὶ
325 1422 441 1485 πῶς
462 1462 476 1485 ,
508 1422 692 1475 ἄκουε.
735 1422 801 1474 Ἡ
832 1420 1104 1493 περιτομὴ
1139 1420 1327 1475 Θυσίαν
1362 1422 1476 1493 ἕχει
1504 1423 1754 1487 συνεξευ-

177 1514 412 1585 γμένην,
445 1514 654 1585 ἡμέρας
710 1515 1127 1585 παρατήρησιν’
1162 1516 1194 1584 ἡ
1229 1513 1393 1568 θυσία
1434 1515 1615 1579 πάλιν,
1661 1517 1755 1569 καὶ

179 1610 397 1681 ἡμέρας
429 1609 523 1662 καὶ
554 1609 718 1662 τόπου
744 1608 994 1678 φυλακήν
1013 1624 1024 1636 ·
1056 1609 1085 1660 ὁ
1113 1607 1299 1672 τόπος,
1326 1609 1535 1680 μυρίων
1555 1608 1756 1680 καθαρ-

183 1700 308 1771 μῶν
332 1701 590 1772 τρόπους.
620 1700 685 1755 Οἱ
742 1700 1039 1771 καθαρμοὶ,
1090 1698 1291 1770 πλῆθος
1317 1700 1754 1770 παρατηρήσεων

179 1791 515 1859 εἰσάγουσιν.
548 1790 661 1844 Οὐκ
715 1790 868 1843 ἐᾶται
914 1788 1022 1861 γὰρ
1083 1788 1391 1859 ἀκάθαρτος
1442 1787 1610 1855 θύειν,
1656 1790 1755 1861 οὐχ

1856 603 2175 661 incredulus
2208 616 2313 672 est,
2350 609 2484 663 nihil
2530 612 2761 681 juvatur
2809 616 2880 670 ab
2914 620 3112 673 ea,cui
3144 619 3277 673 ﬁdes
3311 638 3417 674 nun

1852 697 2104 754 habetur.

1914 787 2081 844 Vens.
2112 791 2168 856 '5,
2194 792 2249 846 4.
2296 811 2313 843 ι
2362 792 2650 848 I‘cstiflcor
2698 806 2879 852 autem
2925 814 3121 853 rursus
3150 774 3296 853 omni
3328 801 3420 852 liu-

1852 881 1987 935 mini
2024 883 2440 941 circumcidenti
2493 904 2574 955 se,
2624 890 2888 959 quoniam
2933 892 3149 946 debitor
3180 904 3262 947 εει
3300 896 3421 946 ιιιιῐ-

1852 988 2025 1030 versae
2064 976 2204 1047 legis
2247 977 2540 1035 faciendae.
2593 980 2854 1036 Evacuati
2893 984 3022 1038 estis
3064 998 3093 1037 a
3118 982 3359 1037 Christo.
3397 1004 3414 1033 ι

1923 1067 2138 1123 Etenim
2185 1084 2255 1125 ne
2305 1072 2592 1129 existimes
2631 1072 2747 1127 her
2793 1074 3019 1129 inimico
3046 1074 3153 1129 dici
3190 1075 3418 1129 animo:

1854 1174 1965 1214 non
1999 1162 2152 1218 vobis
2197 1163 2376 1219 solum
2425 1166 2569 1229 dico,
2607 1166 2807 1236 inquit,
2859 1168 2954 1223 sed
3001 1174 3057 1221 et
3104 1169 3421 1239 cuicunque

1855 1249 2080 1315 homini,
2128 1255 2382 1323 quiSquis
2421 1256 2858 1325 circumciditur,
2916 1259 3063 1329 quod
3103 1260 3318 1314 debitor
3346 1259 3419 1312 sit

1855 1345 2025 1399 totius
2077 1345 2212 1415 legis
2260 1347 2574 1417 implendas.
2620 1349 2757 1405 Nam
2788 1350 2926 1421 legis
2974 1361 3245 1421 praecepta
3276 1352 3420 1403 inter

1854 1450 1914 1488 se
1966 1435 2260 1491 cohaerent.
2315 1438 2431 1503 Qua
2484 1455 2615 1494 vero
2673 1442 2924 1496 ratione?
2979 1440 3173 1496 audias
3234 1433 3414 1495 velim.

1854 1527 2217 1582 Circumcisio
2292 1530 2727 1585 immolationem
2807 1533 3158 1587 victimarum
3227 1533 3421 1601 adjun-

1854 1627 1998 1671 ctam
2032 1620 2215 1684 habet,
2255 1629 2310 1675 et
2344 1621 2559 1677 dierum
2606 1623 3072 1689 observationem,
3121 1625 3419 1678 immolatio

1856 1725 2076 1764 rursum
2130 1721 2184 1765 et
2226 1713 2338 1767 diei
2370 1724 2426 1769 et
2456 1715 2560 1769 loci
2596 1715 2909 1770 cautionem
2940 1736 2954 1770 :
2987 1717 3163 1780 locus,
3195 1716 3263 1771 ad
3293 1732 3419 1771 sex~

1854 1810 2048 1855 centes
2102 1802 2498 1859 lustrationum
2581 1806 2745 1871 ritus,
2824 1807 3291 1876 lustrationesque
3353 1804 3420 1858 ad

184 1884 350 1956 ἱερῶν
386 1882 685 1939 ἐπιϐαίνειν
707 1883 935 1946 ἀδύτων,
990 1882 1087 1933 οὐκ
1115 1880 1241 1935 ἄλλο
1270 1898 1323 1933 τι
1368 1879 1477 1934 τῶν
1497 1880 1754 1934 τοιούτων

1857 1908 2081 1948 examen
2130 1896 2411 1963 quoddam
2469 1898 2918 1953 Observationum
2979 1900 3247 1969 obligant.
3304 1886 3429 1950 Non.

178 1981 360 2030 ποιεῖν
382 1976 559 2046 θέμις.
604 1976 695 2028 Διὺ
721 1976 816 2029 καὶ
856 1973 1029 2027 πολλὰ
1069 1973 1358 2043 ἐφέλκεται
1385 1972 1476 2026 διὰ
1508 1975 1637 2044 μιᾶς
1669 1975 1755 2026 ὲν-

177 2069 343 2133 τολῆς
371 2071 399 2122 ὁ
418 2070 598 2139 νόμος.
624 2070 721 2120 Ἂν
747 2068 927 2121 τοίνυν
949 2062 1507 2138 περιτίε]μ[ν]ηθείης
1532 2066 1648 2134 μὲν,
1680 2067 1755 2137 μὴ

176 2162 233 2213 ἐν
265 2162 341 2230 τῇ
381 2158 538 2230 ὀγδόη
594 2160 799 2231 ἡμέρᾳ,
836 2158 951 2229 ἢέν
974 2160 1039 2229 τῇ
1069 2156 1229 2229 ὀγδόῃ
1265 2158 1478 2229 μὲννμὴ
1502 2156 1668 2230 θύσης
1696 2158 1754 2211 δὲ

176 2254 207 2325 ἦ
236 2254 416 2326 θύσῃς
451 2252 569 2324 μὲν,
609 2253 683 2324 μὴ
714 2255 770 2305 ἐν
798 2250 875 2322 τῷ
907 2250 1198 2322 ὡρισμένῳ
1224 2252 1280 2304 δὲ
1307 2250 1484 2322 τόπῳ·
1517 2250 1551 2322 ἢ
1597 2254 1653 2305 ἐν
1679 2250 1755 2324 τῷ

175 2346 475 2417 ὡρισμένῳ
504 2344 672 2415 τόπῳ,
708 2342 875 2415 μὴτά
914 2342 1281 2415 νενομισμένα
1322 2342 1377 2395 δέ
1399 2360 1411 2373 ·
1445 2342 1479 2414 ἢ
1508 2343 1576 2396 τὰ
1605 2361 1756 2397 νενο-

179 2439 429 2509 μισμένα
462 2436 577 2507 μὲν,
633 2436 708 2506 μὴ
753 2433 992 2504 καθαρὸς
1023 2434 1110 2486 δέ·
1170 2433 1203 2503 ἢ
1255 2433 1496 2505 καθαρὸς
1525 2434 1625 2505 μὲν
1657 2434 1751 2499 ὢν,

174 2533 235 2584 οὐ
275 2534 395 2592 τοῖς
442 2530 775 2599 προσήκουσι
813 2525 872 2578 δὲ
935 2526 1158 2595 θεσμοῖς
1214 2524 1529 2596 καθαρθεὶς,
1580 2527 1754 2579 πάντα.

176 2624 391 2693 οἴχεται
450 2623 650 2674 ἐκεῖνα.
696 2617 797 2671 Διὰ
846 2616 1003 2671 τοῦτό
1044 2633 1231 2684 φησιν,
1284 2617 1366 2670 ὅτι
1411 2616 1753 2686 Ὀφειλέτης

177 2710 356 2765 ἐστὶν
382 2708 531 2762 ὅλον
562 2710 668 2762 τὸν
687 2709 874 2776 νόμον
890 2704 1226 2773 πληρῶσαι.

272 2976 525 3041 «Οἴτινες
576 2977 633 3029 ἐν
685 2974 836 3046 νόμῳ
886 2973 1218 3039 δικαιοῦσθε,
1268 2972 1365 3043 τῆς
1422 2974 1640 3046 χάριτος
1670 2975 1753 3043 ἐξ

180 3073 430 3127 επέσετε.
466 3090 483 3123 ι

247 3162 367 3221 Καὶ
407 3151 494 3219 δίά
523 3165 620 3236 τῆς
653 3163 927 3225 κολάσεως
960 3162 1204 3231 ἐκφοϐεῖ.
1244 3166 1308 3218 Τί
1351 3165 1458 3236 γὰρ
1480 3166 1539 3218 τὸ
1565 3165 1750 3218 λειπό-
1779 3205 1825 3267 C

181 3277 346 3332 μενον
395 3260 494 3329 τῆς
552 3259 771 3331 χάριτος
826 3254 1215 3322 ἐκπίπτουσιν,
1259 3259 1406 3311 ’ἀλλ’
1452 3259 1485 3330 ἢ
1531 3258 1753 3322 κόλασις

177 3352 559 3424 ἀπαραίτητος
578 3368 594 3419 ;

255 3463 273 3495 ι
317 3445 513 3514 Ἡμεῖς
551 3445 657 3514 γὰρ
714 3439 987 3512 πνεύματι
1037 3443 1102 3494 ἐκ
1134 3441 1387 3507 πίστεως,
1438 3440 1628 3497 ἐλπίδα
1673 3440 1754 3493 δι-

176 3538 486 3609 καιοσύνης
522 3536 953 3607 ἀπεκδεχόμεθα.
1001 3555 1019 3587 ι

247 3633 508 3701 Πτοήσας
572 3630 661 3682 διὰ
704 3630 802 3699 τῆς
849 3627 1155 3693 κολάσεως,
1211 3628 1373 3682 πάλιν
1421 3627 1516 3681 ἐπὶ
1561 3626 1757 3698 λιμένα

173 3721 537 3793 παραμυθίας
563 3720 758 3783 αὐτοὺς
787 3720 930 3789 ἄγει,
952 3719 1126 3788 λέγων
1154 3736 1167 3750 ·
1205 3719 1366 3773 Οὐδὲν
1396 3718 1619 3771 ἐκείνων
1651 3716 1758 3770 δεό-

179 3816 328 3887 μεθα
359 3814 471 3867 τῶν
500 3813 766 3883 νομίμων,
792 3812 977 3883 φησίν.
1015 3812 1202 3882 Ἀρκεῖ
1234 3810 1341 3881 γὰρ
1368 3813 1401 3883 ἡ
1428 3810 1606 3873 πίστις
1626 3810 1756 3880 ἡμῖν

98 3960 112 3971 ,
174 3908 416 3977 Πνεῦμα
448 3906 772 3975 παρασχεῖν,
814 3902 910 3956 καὶ
934 3903 1001 3956 δι’
1045 3903 1214 3973 αὐτῆς
1251 3901 1620 3971 δικαιοσύνην,
1662 3902 1756 3957 καὶ

178 3998 359 4052 πολλά
388 3995 597 4067 μεγάλα
620 3994 818 4063 ἀγαθά.

262 4212 284 4246 ι
325 4192 419 4247 Ἐν
438 4194 545 4266 γὰρ
568 4194 793 4265 Χριστῷ
833 4194 1008 4265 Ἰησοῦ
1033 4193 1157 4249 οὔτε
1186 4197 1453 4266 περιτομή
1484 4213 1537 4250 τι
1561 4196 1753 4265 ἰσχύει,

171 4287 311 4342 οὔτε
342 4286 697 4357 ἀκροϐυστία,
740 4286 880 4340 ἀλλά
930 4286 1114 4349 πίστις
1158 4286 1224 4339 δι’
1255 4287 1477 4356 ἀγάπης
1509 4290 1755 4358 ἐνεργου-

178 4376 349 4447 μένη.
393 4376 673 4447 Ἐτρέχετε
699 4374 903 4443 καλῶς,
933 4376 1015 4440 τίς
1031 4376 1175 4447 ὑμᾶς
1197 4376 1419 4448 ἐνέκοψε
1442 4379 1508 4449 τῇ
1530 4378 1759 4449 ἀληθείᾳ

175 4469 262 4540 μὴ
295 4468 584 4523 πείθεσθαι
600 4486 616 4535 ;
658 4489 677 4521 ι

1856 1986 2000 2038 enim
2028 1987 2249 2057 impuro
2292 1988 2374 2043 fas
2408 1998 2493 2043 est
2541 1988 2848 2055 immolare,
2877 2006 2986 2044 non
3017 2005 3171 2044 sacra
3208 1989 3421 2059 ingredi

1852 2077 2040 2147 adyta,
2099 2093 2212 2131 non
2260 2077 2484 2147 quidvis
2536 2080 2687 2134 aliud
2740 2079 2943 2136 facere.
2990 2079 3259 2147 Quocirca
3311 2095 3421 2133 uno

1852 2176 2128 2241 praecepto
2157 2170 2333 2225 multa
2366 2171 2453 2226 lex
2488 2172 2679 2227 trahit.
2713 2171 2996 2243 Siquidem
3029 2187 3162 2244 ergo
3191 2173 3422 2226 circum-

1853 2260 2077 2329 cidaris,
2107 2278 2218 2317 non
2251 2270 2434 2318 autem
2465 2275 2662 2320 octava
2693 2266 2816 2332 die;
2862 2274 2957 2321 aut
2991 2266 3038 2320 si
3086 2272 3277 2320 octava
3312 2263 3418 2328 die,

1854 2362 1911 2407 at
1943 2371 2054 2410 non
2108 2356 2522 2426 immolaveris;
2559 2367 2657 2413 aut
2687 2360 2735 2413 si
2783 2360 3055 2425 immoles,
3100 2375 3210 2413 non
3242 2366 3419 2412 autem

1853 2447 1911 2502 in
1939 2448 2065 2503 loco
2094 2450 2456 2520 praescripto;
2491 2452 2578 2506 sin
2619 2452 2783 2507 etiam
2832 2452 2888 2507 in
2922 2453 3246 2522 praascripto
3276 2451 3419 2508 loco.

1855 2555 1966 2595 non
2005 2557 2136 2596 vero
2169 2558 2290 2612 qua:
2344 2543 2433 2599 lex
2485 2545 2786 2611 decernat;
2842 2545 2927 2599 vel
2978 2545 3025 2600 si
3056 2561 3117 2599 ea
3153 2559 3273 2615 quae
3307 2544 3421 2613 lege

1854 2634 2250 2700 decernuntur,
2308 2651 2502 2691 verum
2556 2652 2662 2693 non
2699 2639 2777 2693 sis
2813 2637 3094 2692 mundus:
3149 2636 3306 2706 172
3341 2636 3419 2690 vel

1851 2726 1897 2782 si
1925 2727 2184 2793 mundus,
2226 2743 2339 2784 non
2374 2737 2559 2785 autem
2599 2730 3067 2786 convenientibus
3090 2729 3288 2784 ritibus
3325 2745 3421 2799 pu-

1852 2817 2125 2885 rilicatus,
2185 2827 2386 2875 cuncta
2442 2822 2536 2875 illa
2596 2828 2845 2891 pereunt.
2901 2820 3267 2888 Quamobrem
3297 2822 3418 2875 ait:

1856 2907 2072 2964 Debitor
2109 2919 2186 2965 est
2220 2913 2382 2966 totius
2410 2912 2539 2982 legis
2570 2912 2867 2980 implendw.

1865 3058 1871 3063 ,
1920 3021 1940 3054 ι
1973 3002 2075 3068 Qui
2102 3004 2158 3057 in
2194 3004 2312 3075 lege
2334 3003 2744 3074 justiﬁeamini.
2792 3004 2973 3076 gratia
3003 3003 3312 3059 excidistis.
3339 3021 3358 3055 ι

1923 3178 2382 3235 lnterminatione
2461 3180 2633 3235 etiam
2710 3179 2969 3251 supplicii
3030 3188 3219 3236 terret.
3279 3178 3419 3245 Quid

1854 3269 2000 3325 enim
2037 3269 2185 3323 aliud
2219 3270 2460 3340 supersit
2494 3271 2606 3326 illis
2646 3270 2740 3340 qui
2778 3285 2807 3324 a
2839 3272 3019 3342 gratia
3059 3270 3409 3333 exciderunt,

1853 3361 1961 3418 nisi
1992 3362 2325 3432 supplicium
2354 3362 2799 3433 indeprecabile?

1925 3451 2094 3507 Vens.
2129 3453 2182 3507 5.
2220 3472 2238 3505 ι
2270 3452 2381 3508 Nos
2409 3454 2553 3509 enim
2585 3454 2784 3523 spiritu
2815 3469 2883 3509 ex
2923 3453 3051 3518 ﬁde,
3084 3450 3419 3523 spemjusti-

1856 3544 1943 3600 tim
1976 3553 2388 3614 exspectamus.

1923 3635 2294 3707 Posteaquam
2361 3638 2637 3707 supplicio
2683 3652 2781 3693 eos
2810 3637 3069 3707 perculit,
3107 3637 3175 3691 ad
3203 3647 3416 3708 portum

1855 3745 2051 3786 rursus
2072 3729 2473 3786 consolationis
2504 3730 2628 3785 illos
2658 3737 2902 3797 revocat,
2940 3730 3028 3785 his
3072 3730 3181 3786 fere
3214 3730 3416 3784 verbis.

1853 3822 2001 3876 Nihil
2048 3821 2203 3877 hisce
2229 3822 2517 3892 prmeeptis
2558 3822 2691 3892 legis
2723 3838 2860 3891 opus
2893 3822 3178 3885 habemus,
3217 3822 3418 3892 inquit.

1853 3913 1991 3970 Nam
2018 3913 2219 3970 sullicit
2258 3914 2389 3969 lides
2416 3915 2483 3969 ad
2516 3914 2619 3968 hoc
2656 3923 2713 3967 ut
2750 3914 2917 3969 donet
2942 3915 3102 3970 nobis
3128 3915 3420 3984 Spiritum,

1767 4017 1776 4026 '
1857 4022 2080 4077 unaque
2126 4006 2426 4077 justitiam,
2462 4017 2516 4063 et
2563 4007 2799 4078 plurima
2852 4008 3085 4078 insuper
3130 4016 3186 4063 et
3226 4022 3421 4078 magna

1854 4099 2090 4244 “32;”.
2122 4189 2176 4255 6,
2212 4189 2263 4244 7.
2327 4207 2346 4241 ι
2380 4188 2514 4244 Nam
2562 4190 2619 4243 in
2644 4188 2867 4244 Christo
2913 4186 3044 4244 Jesu
3100 4204 3277 4258 neque
3311 4187 3423 4241 cir-

1856 4282 2134 4339 cumcisio
2164 4282 2377 4353 aliquid
2418 4283 2584 4349 valet,
2622 4297 2802 4353 neque
2845 4282 3191 4352 praeputium,
3227 4280 3320 4336 sed
3357 4282 3421 4334 ﬁ-

1855 4376 1953 4432 des
2010 4392 2134 4448 quae
2187 4392 2284 4459 per
2358 4377 2691 4430 charitatem
2761 4383 3038 4445 cperatur.
3103 4373 3423 4428 Currebatis

1857 4470 2034 4526 bene:
2067 4469 2195 4540 quis
2225 4484 2323 4524 vos
2372 4468 2657 4538 impedivit
2691 4467 2909 4521 veritati
2940 4481 3052 4520 non
3090 4465 3353 4521 obedire?
3400 4486 3417 4515 ›

263 4561 326 4613 '0
357 4560 469 4630 γὰρ
499 4561 588 4614 τὸν
648 4562 880 4633 Χριστὸν
916 4563 1295 4633 ἐνδυσάμενος,
1336 4561 1533 4632 μηκέτι
1576 4562 1749 4618 ταῦτα

1918 4562 2053 4618 Nam
2084 4563 2177 4633 qui
2209 4562 2375 4617 semel
2406 4562 2684 4617 Christum
2718 4559 2921 4623 induit,
2947 4569 3177 4625 caveat,
3209 4560 3378 4630 inquit
3406 4600 3421 4623 ,

178 4670 341 4723 περιε
352 4653 654 4722 ργαζέσθω,
688 4656 873 4724 φησίν.

262 4766 281 4797 σ
314 4747 381 4798 Ἦ
409 4746 694 4816 πεισμονὴ,
727 4748 827 4800 οὐκ
848 4749 911 4801 ἐκ
935 4747 1027 4801 τοῦ
1058 4748 1347 4813 καλοῦντος
1381 4750 1545 4820 ὑμᾶς.
1589 4767 1607 4800 ι

252 4924 328 4977 Ού
363 4923 453 4981 διὰ
474 4922 631 4976 τοῦτο
677 4925 939 4978 ἐκάλεσεν
980 4926 1124 4995 ὑμᾶς
1155 4927 1183 4978 ὁ
1221 4923 1421 4990 καλῶν,
1446 4923 1589 4977 ὥστε
1615 4925 1757 4979 οὓτω

186 5014 514 5068 σαλεύεσθαι
537 5032 549 5047 ο
573 5015 695 5068 οὔτε
717 5015 1130 5086 ἐνομοθέτησεν,
1158 5015 1304 5069 ὥστε
1341 5016 1673 5079 Ἰουδαΐζειν.

265 5215 284 5248 ι
317 5194 510 5265 Μικρά
539 5195 684 5267 ζύμη
721 5196 841 5249 ὅλον
860 5196 921 5248 τὸ
952 5194 1178 5267 φύραμα
1204 5196 1384 5266 ζυμοῖ.
1420 5212 1438 5247 ι

261 5390 381 5445 Ἵνα
449 5389 523 5462 μή
582 5406 666 5454 τις
726 5391 880 5461 λέγῃ,
912 5390 978 5443 Τί
1007 5390 1066 5444 τὸ
1117 5392 1345 5460 πρᾶγμα
1379 5388 1629 5459 ἐπαίρεις
1680 5385 1757 5457 τῷ

180 5485 363 5555 mm);
402 5486 529 5552 μίαν
572 5482 789 5553 ἐντολὴν
832 5482 999 5553 μόνην
1058 5481 1402 5550 ἐφυλάξαμεν
1428 5479 1523 5532 τοῦ
1568 5478 1754 5548 νόμου,

182 5576 285 5630 καὶ
319 5572 563 5627 τοσαῦτα
578 5572 851 5642 θορυῦεἶςς
882 5571 1113 5625 ἄκουσον
1150 5570 1263 5633 πῶς
1296 5570 1520 5639 ἐκφοϐεῖ
1546 5568 1633 5621 διὰ
1661 5566 1755 5621 τοῦ

180 5666 653 5737 παραδείγματος.
697 5665 763 5716 '0
789 5664 845 5718 δὲ
878 5662 1045 5731 λέγει,
1071 5663 1308 5717 τοιοῦτόν
1339 5665 1507 5716 ἐστιν·
1547 5660 1758 5733 Ὥσπερ

181 5761 223 5828 ἡ
256 5759 406 5831 ζύμη
442 5758 616 5828 μικρά
645 5772 729 5821 τις
750 5752 885 5810 οὖσα
918 5756 1039 5810 ὅλον
1079 5754 1142 5808 τὸ
1179 5753 1407 5826 φύραμα
1452 5755 1531 5817 είς
1558 5753 1757 5824 ἑαυτὴν

187 5847 570 5919 μετατίθησιν,
596 5845 736 5899 οὕτω
764 5847 859 5899 καὶ
880 5846 1028 5916 ὑμᾶς
1070 5845 1313 5909 δύναται,
1358 5844 1541 5915 φησιν,
1574 5843 1632 5897 τὸ
1662 5862 1753 5914 μι-

492 5940 759 6001 Panos.
797 5941 908 6001 Gn.
932 5940 1103 6000 XCV.

1858 4672 1925 4711 ne
1956 4666 2077 4724 post
2105 4655 2295 4708 talium
2337 4654 2409 4708 sit
2440 4654 2721 4708 curiosus.

1929 4744 2097 4801 Vens.
2125 4747 2180 4801 8.
2219 4765 2236 4797 ι
2272 4744 2565 4800 Persuasio
2600 4746 2713 4799 haac
2748 4758 2857 4799 non
2887 4753 2972 4800 est
3017 4761 3080 4800 ex
3114 4761 3180 4800 eo
3205 4745 3299 4815 qui
3331 4761 3421 4797 vn-

1857 4846 1947 4893 cat
1974 4854 2093 4893 vos.
2125 4858 2143 4889 ι

1919 4928 2038 4984 Non
2097 4929 2164 4983 ad
2220 4928 2325 4983 hoc
2372 4930 2588 4983 vocavit
2643 4943 2764 4993 vos,
2814 4928 2905 4998 qui
2940 4928 3175 4989 vocavit,
3231 4934 3291 4982 ut
3322 4928 3422 4980 hoc

1858 5021 2024 5077 modo
2054 5021 2441 5085 ﬂuctuaretis;
2498 5036 2598 5075 nec
2634 5022 2807 5090 legem
2863 5021 3196 5091 praescripsit
3245 5019 3420 5083 vobis,

1859 5124 1919 5169 ut
1949 5112 2209 5168 Judaicos
2244 5127 2427 5168 mores
2454 5113 2827 5168 sectaremini.

1932 5203 2102 5259 Vens.
2129 5203 2185 5259 9.
2224 5221 2242 5255 ι
2285 5203 2560 5259 Modicum
2605 5203 2933 5259 fermentum
2985 5212 3154 5257 totam
3184 5218 3418 5256 massam

1857 5297 2183 5364 corrumpit.
2214 5316 2232 5346 ι

1926 5388 2002 5442 Ne
2029 5389 2178 5443 dicat
2205 5388 2406 5461 aliquis
2440 5388 2620 5455 :Quid
2644 5390 2718 5445 ita
2746 5389 2927 5443 verbis
2964 5402 3077 5441 rem
3124 5388 3423 5456 exegeras?

1860 5495 2028 5532 unum
2084 5479 2219 5550 legis
2272 5481 2589 5535 mandatum
2652 5474 3089 5544 observavimus,
3136 5488 3191 5535 et
3238 5488 3421 5531 tantes

1859 5572 1970 5626 cies
2020 5572 2329 5626 tumultus?
2384 5574 2509 5627 vide
2562 5573 2839 5642 quomodo
2898 5583 3163 5627 terrorem
3225 5571 3423 5624 incutit

1859 5662 2094 5719 adducto
2137 5663 2411 5732 exemplo.
2460 5664 2615 5728 Quod
2665 5679 2830 5733 porro
2876 5664 3030 5729 dicit,
3075 5665 3220 5718 hunc
3263 5663 3424 5717 habet

1860 5770 2103 5810 sensum.
2138 5756 2612 5822 Quemadmodum
2656 5759 3005 5820 fermentum,
3050 5760 3261 5813 tametsi
3302 5757 3421 5812 exi-

1860 5858 2024 5915 guum
2059 5846 2153 5913 sit,
2198 5854 2370 5901 totam
2414 5849 2863 5918 eonspersionem
2900 5850 2954 5902 in
3017 5865 3075 5904 sc
3116 5850 3383 5904 convertit
3408 5887 3422 5909 ,

2911 5941 2983 6000 26
