4022 6420
220 443 318 511 813

1346 445 1424 505 ΙΝ
1467 446 1701 505 EPIST.
1743 448 1843 506 AD
1882 447 2234 509 GALATAS.

3331 458 3437 524 814

213 555 319 627 γὰρ
346 556 452 618 πᾶς
478 553 639 624 νόμος
672 555 730 607 έν
760 554 839 606 ἐνὶ
869 553 1011 625 λόγῳ
1036 552 1355 624 πληροῦται,
1383 556 1441 605 ὲν
1470 552 1569 622 τῷ,
1611 554 1768 622 Ἀγα-

1874 555 2065 627 [Vens
2101 557 2310 629 14—16.]
2363 563 2553 616 Omnis
2610 564 2757 616 enim
2808 564 2893 619 lex
2936 567 2991 619 in
3026 582 3136 622 uno
3181 585 3435 626 sermone

211 652 404 719 πήσεις
428 647 520 701 τὸν
549 648 775 718 πλησιόν
799 663 893 700 σου
929 647 1005 711 ὡς
1046 647 1290 700 σεαυτόν.
1328 646 1391 698 Ei
1425 644 1482 697 δὲ
1510 646 1771 713 ἀλλήλους

207 740 430 795 δάκνετε
467 739 563 794 καί¹
613 739 953 801 κατεσθίετε,
1003 737 1229 808 βλέπετε
1265 737 1339 808 μὴ
1373 736 1479 789 ὑπὸ
1528 736 1769 808 ἀλλήλων

204 831 536 902 ἀναλωθῆτε.
577 833 735 900 Λέγω
781 831 858 899 δὲ,
915 830 1193 900 Πνεύματι
1253 832 1625 901 περιπατεῖτε,
1677 831 1770 884 καὶ

203 922 499 995 ἐπιθυμίαν
533 923 734 994 σαρκὸς
759 924 821 977 οὐ
860 924 934 995 μὴ
961 922 1238 992 τελέσητε.
1275 940 1294 973 ι

269 1099 521 1150 Δείκνυσι
546 1098 637 1149 τὸν
674 1097 875 1167 τρόπον
929 1096 998 1148 δι’
1037 1089 1098 1150 οῦ
1130 1095 1327 1166 ῥαδίως
1363 1095 1454 1149 τὸν
1485 1094 1770 1163 εὐαγγελι-

200 1187 300 1241 κὺν
321 1188 651 1259 πληρώσωσι
679 1189 861 1258 νόμον,
889 1187 1007 1257 ἅμα
1030 1189 1085 1242 δὲ
1111 1190 1204 1243 καὶ
1227 1189 1389 1243 πόθεν
1423 1189 1641 1256 γέγονεν
1670 1188 1768 1258 τῆς

197 1278 502 1349 περιτομῆς
525 1280 557 1347 ἡ
582 1278 745 1349 ἀρχή.
790 1277 1006 1346 Ἐπειδὴ
1030 1278 1136 1348 γὰρ
1170 1278 1413 1347 ἀλλήλων
1432 1277 1621 1346 ἄρχειν
1639 1274 1765 1345 βου-

192 1368 251 1421 λύ
259 1386 436 1439 μενοι,
466 1368 771 1439 ὲσχίσθητε,
803 1370 957 1438 φησι,
977 1367 1299 1421 δουλεύσατε
1323 1368 1592 1437 ἀλλήλοις.
1611 1366 1765 1419 Οὕτω

192 1461 309 1531 γὰρ
341 1460 743 1529 συναχθήσεσθε
774 1461 957 1514 πάλιν.
982 1460 1295 1532 Λεληθότως
1332 1460 1387 1512 δὲ
1402 1459 1559 1512 τοῦτο
1592 1457 1762 1525 λέγει,

192 1554 294 1605 καὶ
331 1554 388 1605 ού
423 1552 688 1623 φανερῶς.

268 1742 292 1778 α
340 1726 404 1778 Ἠ
434 1727 544 1796 γάρ
580 1723 714 1794 σὰρξ
735 1723 991 1794 ἐπιθυμεῖ
1020 1722 1161 1777 κατὰ
1196 1722 1289 1776 τοῦ
1336 1721 1662 1791 πνεύματος.
1702 1720 1764 1773 τὸ

191 1817 247 1873 δὲ
272 1815 489 1886 πνεῦμα
547 1814 688 1869 κατά
743 1816 840 1884 τῆς
884 1815 1115 1886 σαρκός·
1148 1814 1333 1868 Ταῦτα
1370 1813 1425 1867 δὲ
1462 1813 1762 1866 ἀντίκειται

190 1908 464 1979 ἀλλήλοις,
499 1906 584 1960 ἵνα
615 1906 689 1977 μὴ
727 1906 763 1961 ἃ
788 1906 856 1960 ἂν
889 1907 1102 1977 θέλητε,
1138 1906 1311 1960 ταῦτα
1338 1906 1551 1975 ποιῆτε.
1586 1923 1605 1956 ι

254 2088 468 2156 Σάρκα
517 2088 671 2157 φησὶ,
685 2086 784 2157 τὴν
800 2085 1114 2158 προαίρεσιν
1135 2086 1232 2158 τὴν
1249 2086 1510 2159 πονηρὰν,
1546 2083 1761 2157 πνεῦμα

183 2177 263 2241 δὲ,
302 2179 404 2249 τὴν
464 2178 778 2248 προαίρεσιν
831 2175 926 2248 τὴν
980 2176 1212 2248 ἀγαθὴν,
1254 2178 1351 2248 τὴν
1395 2178 1507 2231 ἄνω
1546 2177 1761 2248 τρέχειν

184 2270 620 2334 σπουδάζουσαν.

259 2360 343 2414 Ἦ
370 2362 468 2432 μὲν
498 2361 665 2416 κακία
708 2363 1009 2417 ἀντίκειται
1064 2365 1133 2435 τῇ
1177 2363 1345 2432 ἀρετῇ
1371 2377 1386 2392 ’
1432 2362 1464 2432 ἡ
1507 2360 1563 2414 δὲ
1592 2360 1762 2433 ἀρετὴ

180 2453 359 2507 πάλιν
390 2452 726 2507 ἐναντιοῦται
751 2457 818 2525 τῇ
841 2453 1028 2526 κακίᾳ,
1056 2451 1404 2521 παιδαγωγοῦ
1434 2468 1579 2515 τινος
1606 2452 1761 2517 τάξιν

181 2544 603 2615 ἀναπληροῦσα,
633 2546 726 2599 καὶ
755 2546 827 2617 μὴ
858 2545 1006 2599 ἐῶσα
1025 2545 1169 2615 ὑμᾶς
1190 2543 1333 2598 κατὰ
1354 2542 1452 2607 τὰς
1471 2542 1762 2613 ἐπιθυμίας

181 2635 286 2700 τὰς
323 2635 532 2703 φαύλας
560 2636 905 2707 πορεύεσθαι.

264 2746 286 2778 ι
324 2728 384 2779 Εἰ
416 2726 473 2778 δὲ
506 2725 782 2797 Πνεύματι
834 2724 1053 2794 ἄγεσθε,
1094 2726 1194 2779 οὐκ
1240 2723 1364 2777 ἐστὲ
1425 2724 1526 2777 ὑπὸ
1576 2722 1760 2793 νόμον.

184 2818 407 2888 Φανερά
426 2818 483 2871 δέ
517 2820 633 2871 ἐστι
656 2817 724 2870 τὰ
752 2817 888 2888 ἔργα
924 2816 1023 2886 τῆς
1057 2814 1281 2886 σαρκὸς,
1306 2813 1465 2868 ἅτινά
1491 2815 1609 2866 ἐστι
1642 2829 1763 2883 μοι·

190 2910 348 2982 χεία,
377 2910 618 2980 πορνεία,
645 2908 981 2980 ἀκαθαρσία,
1020 2906 1296 2974 ἀσέλγεια,
1334 2905 1761 2976 εἰδωλολατρεία,

196 3006 539 3079 φαρμακεία,
606 3004 817 3074 ἔχθραι,
867 3004 1030 3072 ἕρεις,
1079 3000 1252 3072 ζῆλοι,
1293 3000 1475 3071 θυμοὶ,
1513 3000 1760 3070 ὲριθεῖαι,

190 3100 552 3170 διχοστασίαι,
574 3098 835 3168 αἱρέσεις,
869 3096 1074 3166 φθόνοι,
1138 3094 1307 3162 φόνοι,
1354 3092 1533 3163 μέθαι,
1564 3093 1761 3163 κῶμοι,

190 3194 292 3246 καὶ
349 3191 417 3244 τὰ
468 3192 629 3260 ὅμοια
686 3189 919 3252 τούτοις,
955 3187 990 3241 ἃ
1022 3187 1268 3258 προλέγω
1286 3188 1433 3256 ύμῖν,
1466 3184 1647 3248 καθὼς
1671 3186 1764 3238 καὶ

190 3287 481 3356 προεῖπον,
510 3285 591 3337 ὃτι
615 3284 663 3335 οἱ
693 3283 865 3335 ταῦτα
918 3281 1257 3351 πράσσοντες
1310 3280 1586 3349 βασιλείαν
1628 3275 1763 3330 Θεοῦ
1793 3260 1835 3317 C

189 3378 255 3430 ού
282 3377 809 3447 κληρονομήσουσιν.
860 3374 918 3427 '0
947 3374 1005 3427 δὲ
1051 3373 1258 3443 καρπὸς
1301 3371 1394 3424 τοῦ
1449 3370 1765 3440 Πνεύματός

189 3470 339 3535 ἔστι,
371 3469 581 3538 ἀγάπη,
606 3466 771 3538 χαρὰ,
804 3467 1017 3537 εἰρήνη,
1042 3464 1409 3537 μακροθυμία,
1441 3464 1767 3534 χρηστότης,

188 3559 539 3627 ἀγαθοσύνη,
579 3559 782 3622 πίστις,
839 3557 1098 3628 πραότης,
1127 3555 1441 3626 ἐγκράτεια.
1474 3553 1632 3607 Κατά
1660 3554 1769 3606 τῶν

185 3649 460 3702 τοιούτων
484 3648 584 3699 ούκ
619 3646 733 3700 ἐστι
758 3648 939 3717 νόμος,
980 3664 999 3696 ι

276 3844 342 3896 Ὀ
377 3842 598 3913 Πνεῦμα
622 3842 759 3913 ἔχων
787 3839 861 3904 ὡς
890 3840 1016 3912 χρὴ,
1055 3839 1141 3893 διὰ
1174 3839 1365 3893 τούτου
1397 3839 1644 3892 σϐέννυσι
1673 3856 1771 3892 πο-

187 3937 377 4007 νηρὰν
408 3934 699 4005 ἐπιθυμίαν
723 3936 961 3988 ἃπασαν.
998 3934 1057 3987 'U
1093 3932 1149 3986 δὲ
1181 3933 1384 3986 τούτων
1409 3932 1767 4001 ἀπαλλαγεὶς,

189 4029 255 4080 οὐ
287 4028 471 4081 δεῖται
500 4026 598 4096 τῆς
663 4026 769 4081 ἀπὸ
814 4025 906 4081 τοῦ
934 4026 1098 4096 νόμου
1134 4024 1407 4103 βοηθείας,
1439 4024 1771 4094 ὑψηλότερος

188 4118 386 4189 πολλῷ
407 4120 504 4187 τῆς
524 4118 731 4172 ἐκείνου
763 4117 1083 4187 εὐαγγελίας
1128 4117 1440 4188 γενόμενος.
1474 4110 1665 4187 Ὀγὰρ
1696 4116 1770 4187 μὴ

187 4213 582 4284 ὀργιζόμενος,
636 4210 753 4273 πῶς
797 4211 967 4264 δεῖται
1015 4209 1253 4272 ἀκούειν,
1294 4211 1376 4263 Οὐ
1418 4210 1769 4278 spor-stivam;

185 4308 219 4358 ὁ
248 4306 326 4375 μὴ
365 4302 577 4373 βλέπων
618 4302 938 4365 ἀκολάστοις
966 4300 1282 4371 ὀφθαλμοῖς,
1325 4301 1441 4365 πῶς
1466 4300 1654 4371 χρῄζει
1674 4299 1769 4352 τοῦ

188 4395 553 4459 παιδεύοντος
582 4394 654 4465 μὴ
696 4394 965 4466 μοιχεύειν
990 4410 1006 4459 ;
1036 4393 1130 4457 Τίς
1168 4394 1275 4462 γὰρ
1312 4393 1611 4458 διαλέξεται
1640 4393 1770 4463 ’περὶΙ

185 4488 295 4543 τοῦ
327 4488 544 4559 καρποῦ
569 4489 670 4559 τῆς
692 4489 908 4555 κακίας,
932 4486 1114 4558 τῷτὴν
1142 4486 1296 4556 ῥίζαν
1326 4487 1495 4557 αὐτῆς
1521 4485 1771 4540 ἀνασπά-

191 4594 362 4630 σαντι
387 4594 404 4643 ;

283 4666 452 4737 Ὁρᾷς
478 4667 556 4719 ὅτι
584 4668 643 4719 οὐ
676 4668 771 4739 τὴν
805 4667 983 4739 σάρκα
1032 4669 1194 4737 φησὶν
1242 4666 1496 4728 ἐνταῦθα,
1525 4668 1660 4721 ἀλλὰ
1682 4668 1773 4722 τὸν

191 4756 381 4828 γεώδη
423 4758 701 4828 λογισμόν.
734 4760 801 4813 Αἱ
826 4759 932 4830 γὰρ
965 4760 1176 4829 ἔχθραι,
1198 4761 1288 4814 καὶ
1319 4761 1368 4813 οἱ
1390 4759 1558 4830 ζῆλοι,
1592 4761 1685 4813 καὶ
1714 4761 1773 4812 αἰ

192 4851 468 4921 αἱρέσεις,
505 4850 620 4915 πῶς
650 4852 713 4904 ἂν
743 4848 852 4906 εἶεν
884 4852 1083 4923 σαρκός
1109 4869 1123 4917 ;

282 5057 303 5091 ι
340 5040 407 5091 Οἱ
438 5038 496 5091 δὲ
519 5039 612 5092 τοῦ
639 5040 873 5111 Χριστοῦ
917 5040 1112 5110 Ἰησοῦ,
1169 5041 1267 5112 τὴν
1301 5041 1478 5113 σάρκα
1500 5041 1777 5113 ἐσταύρω-

195 5144 307 5181 σαν
336 5129 437 5180 σὺν
474 5132 586 5191 τοῖς
609 5129 895 5201 παθήμασι
924 5133 1019 5185 καὶ
1040 5131 1378 5203 ἐπιθυμίαις.
1419 5152 1438 5184 ο

274 5220 481 5289 Σὰρκα
538 5219 697 5274 πάλιν
767 5221 1020 5286 ἐνταῦθα,
1079 5222 1178 5285 τὰς
1238 5222 1480 5294 πονηρὰς
1549 5221 1776 5293 πράξεις

188 5309 392 5365 καλῶν
400 5350 416 5363 .

285 5421 305 5455 ι
333 5403 397 5454 Ei
429 5400 612 5472 ζῶμεν
642 5402 930 5473 πνεύματι,
960 5401 1230 5474 πνεύματι
1264 5405 1356 5456 καὶ
1384 5403 1707 5474 στοιχῶμεν.
1750 5421 1769 5453 ι

282 5596 442 5649 Κατά
471 5595 598 5657 τοὺς
654 5596 862 5648 ἐκείνου
904 5595 1100 5667 νόμους
1138 5594 1563 5665 πολιτευώμεθα.
1606 5594 1776 5649 Τοῦτο

188 5690 314 5761 γάρ
342 5692 461 5741 ἐστι
484 5688 563 5751 τὸ,
594 5687 944 5757 στοιχῶμεν.
975 5689 1137 5757 Λέγει
1171 5688 1254 5740 δέ’
1309 5688 1688 5758 Ἀρκεσθῶμεν
1709 5690 1774 5758 τῇ

186 5777 297 5832 τοῦ
324 5776 639 5846 ιινεύματος
668 5776 912 5848 δυνάμει,
945 5780 1037 5831 καὶ
1055 5777 1132 5849 μὴ
1164 5778 1508 5851 ὲπιζητῶμεν
1546 5777 1645 5849 τὴν
1668 5779 1774 5831 ἀπὸ

185 5869 299 5927 τοῦ
321 5870 489 5941 νόμου
512 5870 825 5942 προσθήκην

1872 646 2166 716 impletur:
2202 648 2409 719 Diliges
2443 653 2757 719 proximum
2799 661 2952 708 tuum
2996 656 3142 710 sicut
3174 659 3433 729 teipsum.

1870 735 2027 803 Quod
2077 739 2123 793 si
2166 739 2403 795 invicem
2463 742 2731 799 mordetis
2785 753 2839 799 et
2891 747 3206 814 comeditis,
3255 752 3437 808 videte

1869 845 1941 885 ne
1963 831 2056 901 (ab
2094 832 2328 887 invicem
2368 836 2791 891 consumamini.
2841 837 2975 891 Dico
3036 848 3224 895 autem
3257 860 3272 900 :
3310 842 3436 913 Spi-

1868 920 1977 974 ritu
2038 922 2335 990 ambulate,
2397 933 2452 980 et
2496 926 2774 981 desideria
2842 930 3026 984 carnis
3080 946 3191 985 non
3274 935 3437 1003 perfi-

1870 1010 2053 1067 cietis.
2094 1031 2112 1064 ι

1938 1102 2171 1171 Modum}
2216 1107 2421 1177 aperit,
2465 1122 2574 1176 quo
2620 1106 2769 1163 facili
2803 1111 3027 1179 negotio
3068 1114 3435 1184 evangelicam

1868 1194 2043 1263 legem
2083 1196 2387 1267 impleant;
2416 1201 2642 1269 insuper
2677 1209 2730 1256 et
2760 1218 2867 1272 qua
2905 1204 2972 1257 de
2999 1220 3166 1260 causa
3195 1208 3437 1262 circum-

1867 1287 2006 1342 cisio
2057 1289 2200 1358 apud
2250 1290 2404 1359 ipsos
2451 1292 2666 1346 invecta
2722 1301 2896 1348 esset.
2953 1294 3088 1349 Nam
3120 1297 3271 1365 quia,
3300 1298 3435 1352 dum

1867 1381 2010 1436 alter
2057 1382 2214 1436 alteri
2273 1385 2445 1439 vultis
2488 1384 2785 1449 dominari,
2829 1387 2992 1443 divisi
3025 1388 3183 1452 estis,
3231 1390 3431 1460 inquit,

1864 1474 2025 1529 vobis
2068 1474 2302 1530 invicem
2356 1477 2579 1531 servile.
2639 1478 2731 1531 Sic
2764 1479 2910 1532 enim
2956 1481 3011 1533 in
3047 1497 3215 1535 unum
3252 1484 3434 1537 denuo

1865 1569 2318 1638 compingemini.
2371 1569 2483 1624 Hoc
2527 1586 2654 1625 vero
2698 1572 3077 1641 subobscuris,
3136 1592 3245 1629 non
3309 1593 3435 1646 per-

1866 1662 2075 1730 Spicuis
2102 1663 2283 1717 verbis
2312 1663 2594 1717 edisserit.

1934 1749 2098 1804 Vens.
2148 1751 2233 1804 17.
2293 1770 2311 1803 ι
2367 1751 2508 1808 Caro
2561 1754 2709 1808 enim
2757 1756 3111 1826 concupiscit
3166 1755 3434 1813 adversus

1864 1842 2151 1912 spiritum:
2192 1844 2424 1911 spiritus
2467 1854 2650 1899 autem
2700 1846 2967 1902 adversus
3014 1862 3266 1903 carnem.
3302 1848 3430 1903 Haec

1866 1946 2053 1988 autem
2090 1933 2195 1988 sibi
2227 1935 2461 1989 invicem
2510 1938 2909 2007 adversantur;
2946 1949 3003 1994 ut
3033 1955 3140 1994 non
3171 1955 3435 2009 quaecun-

1866 2039 1974 2095 que
2008 2025 2194 2089 vultis,
2228 2026 2322 2079 illa
2355 2025 2594 2082 faciatis.
2629 2044 2646 2079 ι

1937 2115 2165 2169 Carnem
2231 2117 2391 2181 dicit,
2455 2119 2794 2175 voluntatem
2871 2123 3114 2177 malum:
3177 2108 3432 2194 spiritum

1869 2217 2075 2274 autem,
2100 2210 2437 2265 voluntatem
2490 2211 2712 2277 bonam,
2767 2229 2889 2284 qum
2926 2231 3147 2270 sursum
3189 2216 3270 2271 ire
3294 2233 3433 2272 eon-

1869 2298 2077 2355 tendat.

1942 2390 2147 2447 Vitium
2216 2394 2439 2464 quidem
2495 2397 2684 2451 virtuti
2731 2397 3092 2451 adversatur:
3133 2397 3312 2453 virtus
3341 2414 3435 2453 ve-

1869 2497 1931 2536 ro
1975 2498 2195 2538 rursum
2257 2485 2583 2541 adversatur
2624 2488 2778 2551 vitio,
2834 2495 2889 2543 et
2942 2487 3224 2556 cujusdam
3255 2489 3436 2559 parda-

1868 2575 1991 2645 gogi
2024 2575 2175 2629 vices
2216 2579 2564 2648 exsequitur,
2604 2594 2714 2634 non
2762 2594 2866 2634 nos
2897 2581 3090 2636 sinens
3135 2583 3435 2636 secundum

1869 2666 2201 2734 cupiditates
2230 2670 2404 2722 malas
2441 2669 2715 2724 incedere.

1942 2752 2113 2809 Vens.
2168 2756 2353 2811 18-23.
2403 2778 2423 2808 ι
2456 2757 2612 2824 Quod
2661 2760 2703 2813 si
2736 2758 2943 2829 Spiritu
2994 2761 3089 2815 Dei
3146 2762 3436 2827 ducimini,

1870 2865 1977 2904 non
2007 2852 2144 2907 estis
2191 2853 2294 2908 sub
2339 2854 2475 2923 lege.
2512 2853 2799 2909 lllanil‘esm
2850 2864 3035 2912 autem
3090 2867 3218 2912 sunt
3265 2874 3439 2929 opera

1870 2946 2053 3000 carnis
2083 2963 2097 2999 :
2131 2962 2251 3015 qua:
2285 2955 2413 3000 sunt
2440 2947 2799 3013 adulterium,
2832 2948 3153 3013 fornicatio.
3201 2951 3441 3005 immun-

1870 3037 2028 3098 ditia.
2085 3038 2448 3108 impudicitia,
2482 3041 2752 3093 idolorum
2822 3042 3090 3107 servitus,
3150 3044 3438 3111 veneﬁcia,

1872 3128 2196 3195 inimicitia},
2229 3133 2644 3198 contentiones,
2695 3134 3096 3199 aemulationes,
3131 3135 3248 3199 irae,
3282 3136 3436 3197 rixae,

1872 3225 2271 3289 dissensiones,
2326 3236 2509 3291 sectae,
2550 3227 2791 3290 invidia},
2849 3228 3167 3291 homicidia,
3197 3230 3439 3283 ebrieta-

1872 3327 1975 3383 tes,
2013 3320 2472 3381 comessationes,
2504 3328 2558 3373 et
2605 3321 2689 3373 bis
2741 3321 2974 3385 similia;
3027 3338 3151 3390 qua:
3201 3320 3440 3389 prazdico

1873 3409 2049 3475 vobis,
2103 3411 2247 3464 sicut
2300 3412 2550 3479 praedixi,
2610 3414 2868 3481 quoniam
2932 3413 3023 3481 qui
3078 3415 3208 3466 talia
3250 3426 3438 3483 agunt,

1871 3515 2098 3570 regnum
2163 3500 2260 3555 Dei
2314 3518 2418 3555 non
2472 3512 2902 3571 consequentur.
2962 3502 3198 3558 Fructus
3255 3515 3439 3559 autem

1875 3591 2117 3659 Spiritus
2167 3603 2254 3645 est
2295 3593 2577 3655 Charitas,
2636 3592 2794 3665 174
2845 3594 3127 3661 gaudium,
3179 3611 3302 3663 pax,
3343 3612 3471 3665 pa-_

1872 3683 2087 3745 tientia,
2140 3682 2469 3752 benignitas,
2531 3686 2769 3748 bonitas,
2828 3686 2986 3749 fides.
3048 3688 3434 3753 mansuetudo,

1871 3774 2237 3826 continentia.
2277 3774 2552 3828 Adversus
2580 3774 2854 3844 ejusmodi
2896 3786 3116 3829 nonest
3150 3776 3256 3829 lex.
3298 3795 3316 3827 ι

1945 3864 2049 3930 Qui
2094 3864 2363 3935 Spiritum
2420 3867 2607 3928 habet,
2658 3867 2804 3921 sicut
2864 3876 3104 3938 Oportet,
3160 3868 3284 3936 ejus
3335 3884 3439 3938 ope

1874 3971 2098 4026 pravam
2150 3972 2368 4011 onmem
2421 3959 2778 4027 cupiditatem
2817 3960 3138 4029 exstinguit.
3168 3959 3273 4025 Qui
3312 3976 3442 4014 vero

1873 4048 1944 4101 ab
1989 4047 2076 4102 bis
2114 4057 2403 4117 exemptus
2460 4058 2568 4115 est,
2619 4050 2826 4103 auxilio
2876 4050 3011 4118 legis
3055 4066 3163 4103 non
3207 4051 3435 4120 indiget,

1873 4148 1932 4193 ut
1961 4141 2050 4208 qui
2080 4141 2367 4209 prmceptis
2397 4140 2520 4210 ejus
2552 4141 2716 4194 altior
2749 4142 3004 4195 evaserit.
3035 4140 3168 4194 Nam
3210 4143 3303 4211 qui
3329 4158 3437 4197 non

1872 4232 2157 4293 irascitur,
2187 4233 2317 4301 quid
2350 4234 2460 4301 jam
2500 4248 2640 4302 opus
2670 4233 2835 4288 habet
2868 4243 2923 4285 ut
2957 4233 3164 4297 audiat,
3207 4236 3326 4288 Non
3349 4250 3439 4287 oc-

1874 4326 2058 4380 cides?
2106 4325 2199 4394 qui
2259 4342 2366 4379 non
2426 4328 2676 4380 intuetur
2724 4326 3021 4394 impudicis
3073 4328 3273 4392 oculis,
3306 4328 3439 4397 quid

1875 4433 2013 4487 opus
2036 4429 2122 4471 est
2158 4428 2214 4472 ut
2242 4419 2530 4481 doceatur,
2579 4433 2688 4471 non
2726 4432 2848 4471 esse
2881 4417 3307 4472 mmcbaudum?
3341 4419 3442 4473 Ec~

1876 4510 2000 4577 quis
2032 4510 2177 4562 enim
2234 4508 2301 4561 de
2350 4508 2533 4561 fructu
2588 4508 2809 4561 malitia:
2846 4522 3153 4561 sermonem
3179 4509 3248 4561 ad
3284 4509 3437 4561 illum

1804 4596 1848 4650 D
1879 4598 2095 4662 habeat,
2127 4598 2219 4667 qui
2262 4599 2499 4651 radicem
2535 4598 2657 4665 ejus
2683 4598 2795 4667 jam
2826 4599 3028 4652 evulsit
3056 4599 3078 4650 ?

1953 4687 2117 4742 Vides
2150 4704 2273 4742 eum
2305 4689 2431 4741 istic
2459 4704 2566 4742 non
2602 4690 2750 4757 loqui
2785 4690 2852 4744 de
2882 4704 3070 4750 carne.
3106 4689 3199 4743 sed
3235 4689 3302 4742 de
3329 4698 3439 4743 ter-

1876 4795 2006 4834 rena
2049 4780 2405 4848 cogitatione.
2440 4776 2573 4831 Nam
2599 4779 2920 4843 inimicitiae,
2953 4780 3437 4844 et'conlentiones,

1876 4883 1929 4925 et
1965 4879 2147 4934 sectzn,
2201 4871 2282 4924 vel
2328 4870 2592 4935 haareses,
2639 4887 2880 4941 quonam
2921 4872 3081 4925 modo
3119 4873 3183 4926 ad
3217 4886 3437 4928 carnem

1876 4963 2289 5032 Spectaveriut?

1953 5052 2115 5108 Vens.
2151 5055 2243 5109 24.
2311 5074 2329 5105 ι
2378 5053 2483 5120 Qui
2518 5062 2697 5108 autem
2761 5065 2892 5107 sunt
2934 5054 3163 5115 Christi.
3220 5070 3439 5109 carnem

1877 5160 2032 5201 suam
2056 5145 2453 5200 crucilixerunt
2483 5160 2605 5198 cum
2631 5146 2782 5199 vitiis
2813 5154 2867 5198 et
2900 5144 3384 5212 concupiscentiis.
3414 5162 3438 5190 ο

1950 5235 2178 5289 Carnem
2226 5236 2312 5291 hic
2348 5252 2569 5291 rursum
2605 5236 2847 5306 appellat
2886 5248 3241 5303 quascunque
3272 5234 3441 5288 malas

1878 5329 2145 5382 actiones.

1952 5416 2120 5473 Vens.
2150 5418 2243 5473 25.
2277 5438 2296 5472 ι
2361 5418 2418 5473 Si
2457 5418 2656 5490 spiritu
2709 5420 2965 5482 vivimus,
3013 5419 3206 5487 spiritu
3241 5430 3295 5473 et
3326 5435 3441 5472 aiu-

1880 5509 2156 5564 bulemus.
2199 5529 2216 5559 ι

1958 5599 2273 5653 Secundum
2331 5602 2553 5671 regulas
2617 5601 2765 5655 illius
2839 5600 3002 5653 vitam
3070 5599 3439 5653 instituamus.

1881 5686 2016 5741 Nam
2057 5688 2162 5742 hoc
2208 5689 2487 5759 signiﬁcat
2526 5691 2775 5750 verbum.
2820 5688 3170 5742 ambulemus.
3228 5688 3317 5741 Ait
3343 5703 3444 5739 au-

1881 5790 1989 5833 tem
2022 5797 2035 5833 :
2076 5779 2313 5849 Spiritus
2346 5783 2549 5836 virtute
2587 5782 2826 5835 contenti
2875 5780 3071 5844 simus,
3099 5794 3198 5833 nec
3231 5792 3445 5846 quaera-

1883 5884 2006 5923 mus
2036 5869 2260 5941 insuper
2287 5871 2735 5927 additamentum
2760 5883 2813 5927 et
2839 5870 3192 5940 appendicem
3222 5883 3286 5923 ex
3325 5869 3442 5937 lege

1878 5962 2138 6017 mutuari.
