4022 6484
318 410 431 472 817

1462 415 1544 474 IN
1582 416 1815 475 EPIST.
1853 416 1952 475 AD
1987 416 2346 478 GALATAS.

3456 416 3591 476 818.:

315 521 433 592 ἄρα
466 519 649 590 βούλῃ,
685 517 759 590 μὴ
806 519 947 573 κατά
992 520 1086 574 τοῦ
1118 520 1365 591 πλησίον,
1398 523 1473 588 ὡς
1521 527 1550 579 6
1580 527 1884 596 Φαρισαῖος.

1996 526 2118 580 dem
2148 526 2373 580 minime
2403 526 2659 581 convenit
2686 541 2701 579 :
2726 525 2811 579 sin
2837 532 3020 578 autem
3050 524 3253 580 lubeat.
3284 530 3340 576 at
3369 524 3559 578 saltem

314 612 431 665 Καὶ
457 610 613 665 τοῦτο
636 610 692 663 δὲ
722 609 1117 680 συνεχώρησεν,
1173 615 1258 667 ἵνα
1290 614 1350 668 τὸ
1373 615 1494 669 ὅλον
1525 618 1665 671 κατὰ
1693 619 1884 689 μικρὸν

309 704 496 775 ἐξέλῃ.
534 703 593 757 '0
626 703 734 774 γάρ
771 705 1104 769 συνεθισθεὶς
1133 709 1213 771 εἰς
1243 708 1433 761 ἑαυτὸν
1476 709 1654 780 μόνον,
1682 711 1777 763 καὶ
1811 712 1884 786 μὴ

310 798 442 850 καθ’
466 797 689 867 ἑτέρων,
718 796 813 851 καὶ
837 795 996 851 τοῦτο
1025 799 1234 870 ταχέως
1262 799 1616 872 διορθώσεται
1645 801 1707 854 τὸ
1730 801 1886 855 ἐλάτ-

311 903 502 955 τωμα.

400 1098 418 1131 ι
460 1078 728 1144 Ἕκαστος
752 1080 861 1152 γάρ
887 1081 948 1133 τὸ
978 1080 1107 1135 ἴδιον
1155 1083 1377 1154 φορτίον
1407 1082 1688 1155 βαστάσει.
1722 1104 1741 1138 ι

391 1255 547 1308 Δοκεῖ
575 1255 672 1326 μὲν
704 1256 911 1310 τιθέναι
932 1257 1192 1328 λογισμὸν
1230 1259 1506 1315 κωλύοντα
1537 1262 1664 1315 καθ’
1698 1261 1886 1334 ἑτέρου

310 1346 649 1415 καυχᾶσθαι.
683 1348 1001 1420 Διορθοῦται
1051 1351 1108 1405 δὲ
1169 1352 1261 1406 τὸν
1315 1354 1689 1425 καυχώμενον,
1744 1354 1885 1409 ὥστε

315 1437 458 1506 μηδὲ
486 1438 570 1506 ἐφ’
604 1438 782 1509 ἑαυτῷ
816 1441 959 1511 μέγα
990 1446 1226 1513 φρονεῖν,
1278 1446 1359 1507 εἰς
1409 1445 1618 1500 ἔννοιαν
1663 1445 1887 1515 ἀγαγὼν

313 1527 483 1581 αὐτὸν
512 1528 620 1582 τῶν
650 1531 865 1584 οἰκείων
886 1533 1297 1604 ἁμαρτημάτων
1323 1576 1338 1599 ,
1375 1536 1471 1588 καὶ
1504 1538 1615 1601 τοῖς
1660 1538 1887 1609 ὀνόμασι

313 1618 416 1672 τοῦ
446 1621 669 1692 φορτίου
697 1623 899 1688 πιέζων
925 1625 1089 1678 αὐτοῦ
1115 1626 1176 1679 τὸ
1206 1627 1464 1693 συνειδός.

397 1816 416 1849 ι
452 1798 793 1854 Κοινωνείτω
845 1802 903 1855 δὲ
957 1804 986 1856 6
1012 1804 1419 1876 κατηχούμενος
1460 1807 1554 1862 τὸν
1601 1808 1759 1878 λόγον
1806 1810 1887 1882 τῷ

1995 631 2104 670 non
2152 617 2418 672 adversus
2471 616 2816 687 proximum;
2877 616 3025 671 velut
3081 614 3175 670 ille
3228 612 3558 668 Phariszeus.

1992 707 2159 777 Atqui
2205 711 2306 763 hoc
2361 710 2664 774 concessit,
2698 717 2758 762 ut
2784 707 3047 778 paulatim
3082 715 3255 761 totum
3293 704 3557 759 auferret.

1993 798 2129 853 Nam
2160 801 2254 869 qui
2308 801 2361 855 in
2394 816 2547 856 more
2587 800 2840 854 habuerit
2880 799 2935 852 in
2970 798 3151 867 seipso
3179 796 3559 851 tantummodo

1994 896 2224 965 gloriam
2272 895 2497 957 habere,
2547 902 2601 948 et
2648 910 2755 949 non
2804 893 3067 948 adversus
3117 893 3278 958 alios,
3325 892 3374 946 is
3406 892 3557 946 brevi

1992 989 2097 1041 hoc
2127 1002 2346 1057 quoque
2372 988 2564 1042 vitium
2601 986 2925 1041 correxerit.

2055 1079 2224 1134 Vsus.
2275 1078 2328 1133 5.
2370 1096 2388 1129 ι
2445 1076 2835 1148 Unusquisque
2873 1075 3018 1131 enim
3050 1089 3190 1130 onus
3231 1088 3392 1129 suum
3433 1088 3557 1143 por-

1993 1170 2147 1224 tabit.
2183 1188 2202 1222 ι

2062 1258 2289 1314 Videtur
2325 1275 2637 1331 proponere
2671 1259 2940 1313 rationem
2989 1272 3110 1327 quae
3140 1256 3429 1327 prohibeat
3459 1255 3556 1310 ad-

1991 1364 2185 1405 versus
2242 1350 2408 1403 alium
2490 1350 2733 1420 gloriari.
2795 1350 3060 1404 Caeterum
3127 1348 3553 1419 gloriabundum

1990 1441 2241 1511 corrigit,
2276 1457 2344 1495 ne
2385 1441 2491 1495 sibi
2523 1441 2681 1498 valde
2712 1441 2951 1510 placeat,
2992 1456 3259 1497 revocans
3292 1441 3445 1496 illum
3487 1442 3556 1496 ad

1993 1532 2341 1602 propriorum
2391 1540 2750 1602 peccatorum
2816 1532 3344 1597 considerationem,
3396 1532 3556 1587 adhi-

1998 1624 2117 1679 bito
2152 1625 2380 1694 insuper
2430 1626 2605 1680 oneris
2645 1634 2694 1678 el
2730 1625 2961 1685 sarcinae
2998 1625 3238 1686 nomine,
3273 1640 3384 1695 quo
3426 1641 3555 1681 con-

1993 1716 2282 1770 scientiam
2320 1715 2468 1769 illius
2494 1727 2724 1785 premat.

2065 1807 2230 1864 Vens.
2279 1808 2400 1863 6-9.
2466 1825 2484 1859 ι
2544 1808 2924 1862 Communicet
2982 1815 3167 1861 autem
3204 1806 3250 1862 is
3283 1807 3375 1877 qui
3408 1816 3558 1861 cate-

320 1887 644 1957 κατηχοῦντι
668 1891 725 1943 ὲν
756 1892 919 1945 πᾶσιν
949 1894 1193 1962 ἀγαθοῖς.
1218 1897 1310 1969 Μὴ
1340 1897 1637 1965 πλανᾶσθε,
1670 1901 1801 1966 Θεὸς
1821 1906 1881 1957 οὐ

1986 1896 2235 1952 chizatur
2262 1899 2450 1964 verbo,
2480 1897 2529 1951 ei
2585 1897 2679 1967 qui
2715 1913 2772 1951 se
2808 1897 3133 1959 catechizat,
3177 1896 3230 1949 in
3297 1899 3558 1951 omnibus

316 1975 737 2045 μυκτηρίζεται.
781 1980 847 2032 ’Ὀ
876 1982 984 2052 γὰρ
1029 1983 1124 2037 ἐὰν
1156 1986 1354 2058 σπείρῃ
1389 1987 1696 2060 ἅνθρωπος,
1726 1992 1885 2046 τοῦτο

308 2067 413 2120 καὶ
440 2066 663 2137 θερίσει.
699 2069 821 2124 Ὀτι
853 2072 881 2124 6
911 2075 1151 2146 σπείρων
1184 2080 1264 2142 εἰς
1313 2079 1413 2151 τὴν
1444 2082 1625 2153 σάρκα
1652 2082 1881 2150 ἑαυτοῦ,

309 2160 382 2211 ὲκ
407 2159 507 2229 τῆς
540 2161 738 2231 σαρκὸς
758 2162 961 2234 θερίσει
990 2167 1217 2238 φθοράν.
1260 2171 1320 2226 '0
1357 2174 1414 2227 δὲ
1444 2175 1685 2246 σπείρων
1720 2178 1799 2241 εἰς
1824 2178 1885 2231 τὸ

310 2251 555 2320 πνεῦμα,
587 2254 648 2306 ὲκ
682 2255 775 2308 τοῦ
803 2257 1115 2328 πνεύματος
1138 2262 1341 2333 θερίσει
1370 2266 1518 2339 ζωὴν
1549 2267 1792 2335 αἰώνιον,
1823 2269 1885 2323 τὸ

306 2340 369 2394 δὲ
403 2343 565 2396 καλὸν
594 2345 891 2412 ποιοῦντες,
926 2352 1000 2421 μὴ
1026 2353 1370 2425 ὲκκακῶμεν.
1404 2376 1425 2409 ›

399 2518 663 2575 Ἐνταῦθα
686 2523 815 2592 περὶ
837 2523 949 2577 τῶν
967 2525 1307 2582 διδασκάλων
1336 2531 1497 2585 πάλιν
1525 2534 1554 2587 6
1596 2534 1754 2604 λόγος
1785 2537 1884 2592 αύ-

304 2610 414 2681 τῷ,
442 2611 583 2667 ὥστε
618 2614 819 2685 πολλῆς
857 2617 1153 2672 ἀπολαύειν
1181 2622 1333 2690 παρὰ
1358 2623 1466 2676 τῶν
1511 2627 1884 2700 μαθητευομέ-

306 2721 421 2757 νων
468 2703 783 2776 θεραπείας.
814 2708 983 2763 Τοῦτο
1036 2712 1132 2765 καὶ
1160 2713 1187 2765 6
1217 2715 1450 2783 Χριστὸς
1498 2718 1877 2790 ἐνομοθέτησε.

306 2794 425 2847 Καὶ
448 2793 536 2847 διά
558 2796 611 2849 τί
635 2814 650 2863 ;
681 2798 865 2855 ἄκουε.
909 2799 1130 2872 Ἐπειδὴ
1167 2803 1228 2855 τὸ
1255 2804 1637 2861 διδασκαλικὸν
1666 2810 1881 2882 ἀξίωμα

318 2885 576 2952 πολλάκις
602 2890 885 2959 κατεφύσα
915 2895 1044 2957 τοὺς
1082 2894 1325 2965 ἔχοντας,
1360 2900 1682 2955 καταπαίων
1703 2904 1883 2958 αὐτῶν

314 2978 381 3030 τὸ
413 2981 683 3051 φρόνημα,
718 2985 798 3046 εἰς
827 2985 1071 3055 ἀνάγκην
1099 2987 1294 3052 αὐτοὺς
1319 2989 1619 3060 κατέστησε
1647 2991 1741 3045 τοῦ
1772 2993 1882 3047 δεῖ·

317 3068 445 3122 σθαι
478 3071 581 3124 τῶν
613 3073 1089 3145 μαθητευομένων,
1116 3080 1401 3145 κάκείνους
1429 3080 1588 3135 πάλιν
1613 3084 1693 3147 εἰς
1713 3085 1885 3156 ἀφορ-

308 3157 424 3229 μήν
475 3162 680 3233 ἤγαγεν
730 3164 825 3219 τοῦ
854 3168 993 3235 πρὸς
1020 3168 1274 3223 εὐποιίαν
1303 3172 1702 3244 εὐκολωτέρους
1738 3176 1884 3243 γίνε-

308 3253 460 3318 σθαι,
501 3258 790 3327 γυμνάζων
835 3262 1033 3326 αὐτοὺς
1089 3265 1327 3336 ἡμέρους
1356 3263 1514 3321 εἶναι.
1544 3269 1683 3339 Φησὶ
1705 3269 1780 3331 δὲ,
1813 3271 1883 3324 ἐν

302 3341 507 3400 πᾶσιν
534 3349 807 3416 ἀγαθοῖς,
851 3350 992 3405 ὥστε
1027 3354 1205 3409 πᾶσαν
1239 3355 1642 3411 ἐπιδείκνυσθαι
1681 3360 1762 3424 εἰς
1786 3361 1883 3414 αύ-

304 3437 439 3500 τοὺς
466 3437 762 3509 δαψίλειαν.

386 3636 411 3670 ε
442 3618 635 3690 Καιρῷ
665 3620 772 3691 γάρ
807 3620 920 3691 ἰδίῳ
948 3620 1256 3692 θερίσομεν,
1289 3624 1364 3694 μὴ
1396 3624 1735 3695 ἐκλυόμενοι.
1783 3644 1803 3677 ι

378 3710 495 3779 Ούχ
526 3709 717 3781 ὥσπερ
749 3714 776 3765 6
806 3704 1090 3783 σαρκικὸς
1112 3714 1336 3786 ἄπορος,
1368 3718 1521 3786 φησὶ,
1576 3718 1672 3771 καὶ
1722 3720 1780 3771 ἐν
1808 3716 1885 3788 τῷ

303 3801 513 3872 ἀμητῷ
544 3803 710 3857 πολὺν
739 3803 853 3873 ἔχει
889 3805 1077 3869 κόπον,
1119 3806 1260 3860 οὕτω
1283 3808 1377 3861 καὶ
1413 3810 1442 3863 ὁ
1491 3810 1881 3880 πνευματικὸς,

304 3894 431 3949 ἀλλ’
456 3897 515 3949 ὲν
540 3896 842 3950 ἀναπαύσει
879 3897 1089 3967 γίνεται
1110 3899 1302 3972 πολλῇ.

389 4103 415 4139 ε
462 4086 621 4141 Ἀλλά
648 4086 741 4141 οὖν
774 4088 849 4152 ὡς
899 4089 1090 4160 καιρὸν
1140 4089 1355 4161 ἔχομεν,
1417 4091 1779 4164 ἐργαζώμεθα
1822 4092 1885 4147 τὸ

307 4178 519 4246 ἀγαθὸν
542 4179 675 4249 πρὸς
692 4180 922 4245 πάντας,
960 4181 1192 4251 μάλιστα
1226 4183 1362 4253 πρὸς
1387 4186 1511 4249 τοὺς
1535 4186 1766 4251 οἰκείους
1784 4186 1884 4257 τῆς

309 4271 571 4335 πίστεως.
603 4290 623 4324 ι

383 4354 567 4434 ΤάχοΞ
610 4365 704 4418 καὶ
733 4365 967 4437 σπουδὴν
993 4366 1122 4436 περὶ
1152 4365 1253 4438 τὴν
1296 4367 1667 4440 ἐλεημοσύνην
1701 4371 1884 4440 εἰσφέ-

312 4474 435 4527 ρειν
491 4457 943 4527 παρακελεύεται.
998 4458 1137 4513 Ούτε
1170 4462 1279 4531 γὰρ
1308 4461 1537 4516 πάντοτε
1585 4465 1680 4517 τοῦ
1713 4465 1883 4519 ἐλεεῖν

1985 1992 2167 2046 bonis.
2234 1989 2413 2044 Nolite
2468 2005 2679 2053 errare,
2737 1991 2881 2044 Deus
2940 2004 3049 2043 non
3103 1989 3387 2045 irridetur.
3424 1988 3557 2053 Quae

1983 2084 2128 2137 enim
2180 2080 2535 2137 seminaverit
2572 2080 2757 2141 homo.
2812 2080 2928 2135 haec
2974 2089 3028 2134 et
3061 2089 3247 2135 metet.
3282 2078 3556 2145 Quoniam

1984 2172 2077 2242 qui
2107 2172 2342 2227 seminat
2377 2171 2447 2225 de
2474 2186 2642 2225 carne
2678 2185 2798 2233 sua,
2832 2169 2899 2224 de
2936 2184 3103 2224 carne
3149 2178 3312 2224 metet
3354 2183 3550 2221 corru-

1984 2265 2248 2333 ptionem.
2285 2262 2388 2330 Qui
2421 2272 2603 2317 autem
2644 2263 2879 2317 seminat
2911 2263 2967 2317 in
3011 2262 3317 2332 spiritu,de
3355 2261 3555 2329 spiritu

1984 2363 2152 2410 metet
2178 2357 2344 2409 vitam
2376 2364 2658 2410 :eternam.
2691 2354 2902 2408 Bonum
2936 2363 3117 2409 autem
3143 2352 3409 2408 facientes
3444 2367 3555 2405 non

1983 2443 2324 2498 deficiamus.
2364 2461 2384 2495 ι

2059 2535 2177 2590 Hoc
2212 2549 2433 2592 rursum
2467 2535 2573 2591 loci
2608 2534 2675 2590 de
2700 2534 3020 2589 doctoribus
3052 2533 3321 2604 loquitur,
3353 2549 3492 2605 quos
3525 2550 3552 2587 τι

1984 2627 2277 2697 discipulis
2325 2628 2444 2683 suis
2491 2629 2658 2680 multa
2724 2626 3096 2681 sollicitudine
3152 2626 3336 2680 curari
3402 2626 3552 2680 vult:

1984 2718 2191 2787 quippe
2222 2732 2346 2771 cum
2379 2719 2453 2770 ita
2489 2716 2604 2771 fieri
2628 2717 2884 2771 Christus
2920 2716 3036 2786 ipse
3066 2715 3332 2771 sanxerit.
3373 2716 3556 2781 Quare

1984 2811 2154 2864 vero?
2205 2808 2423 2865 audias.
2462 2809 2731 2876 Quoniam
2780 2809 2850 2863 ob
2898 2808 3129 2863 docendi
3170 2808 3560 2861 auctoritatem

1985 2898 2128 2954 fastu
2183 2898 2513 2955 inflabantur
2544 2900 2621 2954 illi
2666 2902 2758 2969 qui
2794 2916 2856 2955 ea
2887 2901 3073 2955 ornati
3118 2910 3311 2965 erant;
3354 2901 3553 2954 horum

1986 2996 2047 3044 ut
2074 2998 2451 3059 compesceret
2507 2990 2907 3061 arrogantiam,
2952 2990 3004 3043 iu
3051 2990 3193 3044 hanc
3220 3003 3316 3044 eos
3356 3002 3557 3044 neces~

1985 3081 2206 3137 sitatem
2257 3081 2460 3151 coegit.
2511 3090 2571 3135 ut
2609 3080 2713 3150 ipsi
2755 3080 3049 3151 discipulis
3078 3095 3216 3150 opus
3258 3081 3549 3135 haberent:

1986 3171 2096 3227 illis
2134 3187 2269 3227 vero
2316 3187 2537 3227 rursum
2588 3172 2794 3241 praebet
2828 3173 3178 3225 occasionem
3215 3179 3275 3225 ut
3314 3171 3380 3224 ad
3416 3171 3555 3224 bene

1985 3262 2052 3319 de
2075 3263 2199 3319 aliis
2238 3263 2562 3318 merendum
2598 3262 2876 3317 faciliores
2930 3260 3080 3327 flant,
3114 3262 3263 3331 ipsos
3293 3276 3567 3315 exercens.

1983 3355 2053 3410 ad
2107 3355 2553 3411 benevolentiam
2623 3371 2752 3425 erga
2809 3354 3104 3425 magistros
3163 3352 3553 3424 prmstandam.

1984 3449 2075 3502 Ait
2107 3458 2317 3513 autem,
2350 3450 2404 3503 in
2435 3448 2676 3503 omnibus
2724 3448 2901 3511 bonis,
2938 3455 2997 3500 ut
3026 3461 3240 3501 omnem
3274 3446 3329 3500 in
3358 3460 3454 3501 eos
3484 3445 3553 3497 li-

1984 3540 2327 3594 beralitatem
2369 3539 2712 3610 impendant.

2064 3649 2083 3682 ι
2122 3629 2395 3699 Tempore
2418 3632 2563 3685 enim
2594 3645 2695 3684 suo
2726 3640 2994 3684 metemus
3024 3643 3134 3683 non
3159 3626 3500 3681 deficientes.
3529 3643 3561 3676 »-

2051 3721 2168 3775 Non
2204 3724 2283 3777 uti
2312 3723 2556 3777 carnalis
2606 3737 2840 3787 messor,
2882 3721 3079 3791 inquit,
3137 3719 3229 3789 qui
3267 3717 3404 3771 nihil
3435 3716 3554 3770 fru-

1985 3823 2175 3868 ctuum
2231 3816 2490 3885 percipit,
2539 3817 2843 3886 quamlibet
2893 3812 3150 3869 metendo
3196 3811 3430 3865 multum
3477 3810 3556 3862 la-

1989 3910 2160 3973 boret,
2193 3910 2273 3964 sic
2320 3918 2407 3964 est
2460 3910 2785 3979 spiritualis.
2840 3909 2943 3963 llic
2991 3906 3139 3962 enim
3171 3903 3356 3974 quiete
3384 3905 3567 3956 multa».

1986 4001 2219 4072 potitur.

2057 4090 2222 4147 Vens.
2250 4091 2337 4146 10.
2368 4109 2388 4144 ι
2433 4090 2579 4162 Ergo
2610 4091 2738 4145 dum
2778 4102 2999 4160 tempus
3038 4089 3330 4151 habemus,
3357 4102 3553 4157 Opere-

1986 4199 2114 4237 mur
2170 4184 2375 4238 bonum
2429 4183 2589 4254 176
2635 4181 2703 4236 ad
2731 4196 2947 4247 omnes,
2978 4181 3220 4236 maxime
3259 4180 3327 4234 ad
3362 4180 3555 4233 dome-

1986 4275 2159 4332 sticos
2192 4275 2339 4330 ﬁdei.
2380 4293 2398 4326 ι

2052 4366 2320 4422 Hortatur
2351 4375 2411 4421 ut
2446 4367 2864 4423 festinationem
2896 4375 2954 4423 ct
3001 4365 3343 4437 diligentiam
3396 4365 3555 4419 adhi-

1985 4460 2154 4514 beant
2181 4462 2249 4514 ad
2288 4461 2698 4531 eleemosynam
2746 4460 3103 4529 erogandam.
3158 4456 3277 4511 Non
3319 4459 3466 4511 enim
3499 4458 3569 4510 iw

309 4554 481 4619 ἔσμεν
517 4549 713 4620 κύριοι.
746 4549 913 4621 Ὅταν
945 4551 1050 4622 γὰρ
1072 4552 1320 4606 ἐντεῦθεν
1349 4555 1755 4627 ἀπενεχθῶμεν,
1778 4559 1882 4612 κᾶν

1988 4560 2264 4621 potestate
2294 4555 2503 4620 fnostra
2550 4561 2635 4606 est
2676 4567 2896 4621 semper
2935 4561 2990 4605 et
3032 4550 3238 4619 ubique
3272 4549 3575 4605 misereri-

314 4642 580 4712 μυριάκις
620 4640 992 4711 βουληθῶμεν,
1037 4643 1187 4695 οὐδὲν
1237 4646 1569 4717 περαίνομεν
1604 4648 1785 4703 πλέον.
1813 4650 1888 4703 Τὸ

309 4732 389 4794 δὲ,
420 4732 570 4799 πρὸς
593 4730 843 4799 πάντας.
874 4730 1010 4803 πρὸς
1036 4733 1440 4807 ἀντιδιαστολὴν
1463 4740 1562 4807 τῆς
1589 4734 1887 4811 Ἰουδαϊκῆς

308 4824 721 4893 ταπεινότητος.
766 4825 1025 4887 Ἐκείνοις
1074 4824 1173 4894 μὲν
1229 4826 1337 4896 γὰρ
1361 4827 1429 4879 τὰ
1456 4829 1554 4897 τῆς
1587 4829 1888 4901 φιλανθρω-

309 4914 447 4976 πίας
476 4912 695 4968 ἅπαντα
721 4915 857 4985 πρὸς
882 4916 1009 4978 τοὺς
1037 4915 1342 4985 ὁμοφύλους
1364 4912 1452 4988 ἧν.
1489 4919 1553 4971 Ἡ
1582 4920 1637 4972 δὲ
1671 4920 1770 4989 τῆς
1792 4922 1887 4991 χά-

308 5022 463 5076 ριτος
497 5005 893 5077 φιλανθρωπία,
929 5005 1035 5076 γῆν
1059 5008 1195 5077 ὁμοῦ
1246 5009 1629 5069 καὶ,θάλατταν
1670 5013 1762 5066 ἐπὶ
1788 5013 1885 5084 τὴν

302 5097 411 5165 τῆς
446 5097 814 5168 ἐλεημοσύνης
840 5099 1142 5170 μετάληψιν
1173 5100 1349 5163 καλεῖ,
1383 5103 1477 5154 καὶ
1504 5103 1723 5157 πλείονα
1748 5105 1886 5175 πρὸς

302 5190 441 5253 τοὺς
463 5190 693 5254 οἰκείους
721 5191 819 5260 τὴν
852 5192 1086 5263 σπουδὴν
1112 5193 1497 5248 ἐπιδείκνυται.

389 5392 410 5425 ι
447 5374 617 5427 Ἴδετε
652 5373 902 5443 πηλίκοις
926 5374 1055 5445 ὑμῖν
1084 5376 1405 5445 γράμμασιν
1439 5374 1651 5446 ἔγραψα
1674 5378 1738 5446 τῇ
1769 5378 1874 5448 ἐμῇ

345 5465 477 5519 ειοί.
515 5483 534 5516 ι

345 5484 395 5519 ει
443 5483 477 5518 ι.
515 5483 534 5516 ι

306 5487 342 5539 χ
382 5483 571 5611 ϐάντα
595 5556 842 5626 δέχεσθαι
872 5556 963 5609 τὸν
1002 5556 1161 5625 λόγον
1187 5556 1350 5609 αὑτοῦ
1382 5561 1634 5627 παραινεῖ
1655 5601 1671 5627 ,
1702 5560 1795 5614 καὶ
1819 5563 1881 5615 τὸ

311 5648 552 5724 μέγεθος
587 5649 695 5702 τῶν
746 5650 1054 5719 δογμάτων,
1105 5649 1193 5703 διά
1232 5649 1312 5718 τὸ,
1354 5652 1650 5718 πηλίκοις,
1685 5654 1880 5720 εἰπεῖν,

460 5834 505 5868 ³⁸
537 5832 667 5888 Luc.
699 5851 852 5902 mu,
904 5836 986 5889 lO.

1983 4644 2219 4710 Quando
2245 4645 2392 4699 enim
2433 4660 2501 4698 ex
2546 4644 2653 4697 hoc
2683 4644 2887 4699 saeculo
2934 4643 3143 4711 egressi
3179 4641 3419 4706 erimus,
3449 4641 3569 4694 etsi

1984 4739 2185 4793 millies
2216 4739 2490 4804 volemus,
2529 4738 2669 4792 nihil
2721 4736 2863 4790 ultra
2917 4735 3299 4805 perficiemus.
3338 4733 3429 4786 Ait
3459 4748 3557 4785 au-

1985 4836 2116 4889 tem,
2151 4826 2220 4881 ad
2269 4844 2476 4890 omnes,
2508 4827 2577 4880 ad
2617 4825 2984 4880 differentiam
3039 4820 3286 4878 Judaicaa
3334 4822 3554 4875 humili-

1984 4920 2135 4971 tatis.
2172 4916 2306 4971 Nam
2339 4919 2524 4971 omnia
2556 4916 2844 4971 charitatis
2876 4916 3099 4969 illorum
3127 4913 3302 4968 ofﬁcia
3334 4913 3389 4966 in
3420 4928 3556 4967 con—

1984 5008 2216 5062 tribules
2251 5007 2432 5062 solum
2483 5005 2947 5075 impendebantur
2982 5023 2996 5059 :
3044 5013 3101 5058 at
3132 5003 3322 5074 gratiae
3356 5004 3551 5056 huma-

1985 5101 2152 5163 nitas,
2206 5107 2406 5155 terram
2467 5099 2675 5169 pariter
2731 5106 2786 5153 et
2839 5113 2991 5151 mare
3058 5096 3124 5150 ad
3175 5094 3564 5150 beneficentia:-

1986 5192 2472 5262 participationem
2530 5191 2747 5251 invitat,
2809 5198 2868 5242 ut
2937 5197 3121 5241 tamen
3180 5187 3551 5255 copiosiorem

1984 5298 2114 5353 erga
2145 5284 2483 5338 domesticos
2513 5282 2638 5337 fidei
2673 5280 3109 5336 sollicitudinem
3148 5277 3426 5347 praeferat.

2062 5373 2226 5430 Vrsas.
2288 5375 2375 5428 Η.
2440 5392 2459 5426 ι
2518 5371 2715 5429 Videte
2775 5371 3037 5443 qualibus
3096 5368 3298 5423 litteris
3349 5364 3555 5434 scripsi

1989 5467 2147 5522 vobis
2180 5482 2295 5521 mea
2324 5482 2513 5520 manu.
2545 5485 2564 5519 ι

2066 5559 2269 5614 Suadet
2319 5567 2377 5613 ut
2418 5566 2590 5613 totum
2642 5571 2953 5614 sermonem
3021 5568 3183 5610 suum
3246 5549 3548 5618 excipiant,

1992 5652 2359 5723 dicendoque,
2402 5653 2669 5723 qualibus,
2708 5659 2785 5716 et,
2840 5664 3000 5703 manu
3046 5664 3184 5714 mea,
3230 5642 3547 5701 sublimitas-
