4022 6420
619 317 727 385 819

617 440 724 485 tem
753 434 1018 492 doctrina!
1065 457 1179 497 suae
1229 446 1527 517 signiﬁcat.

612 540 722 593 que
756 527 958 584 innuit.
988 531 1273 597 Quodnam
1309 556 1437 596 vero
1482 544 1680 600 istud?
1731 551 1994 619 quoniam
2031 551 2173 605 hanc

612 615 717 681 ipsi
747 620 1079 677 calumniam
1116 631 1427 698 struebant,
1462 649 1525 689 ac
1558 638 1606 692 si
1637 653 1761 693 cum
1792 640 2174 696 circumcisio-

608 721 733 760 nem
765 711 1133 780 proﬁteretur,
1172 720 1459 778 simularet
1496 735 1679 782 tamen
1718 744 1829 783 non
1875 732 2121 800 proﬁteri
2152 750 2167 798 ;

607 797 730 852 illeo
765 807 1084 872 compulsus
1115 820 1200 864 est
1227 815 1519 881 epistolam
1555 834 1721 874 manu
1763 825 1984 891 propria
2024 828 2168 881 scri-

603 886 765 953 bere;
808 894 949 960 apud
1007 912 1103 953 eos
1162 903 1538 959 testimonium
1587 907 1869 977 deponens
1905 925 2006 964 sua
2035 928 2167 967 exa-

600 989 777 1033 ratum
807 999 995 1041 manu.

668 1070 833 1128 Vens.
869 1077 954 1131 12.
992 1099 1010 1129 ι
1044 1080 1374 1155 Quicunque
1409 1089 1605 1145 volunt
1634 1092 1854 1163 placere
1885 1096 1941 1151 in
1972 1111 2160 1165 carne,

600 1160 652 1213 hi
684 1176 889 1231 cogunt
918 1186 1014 1225 vos
1048 1176 1397 1234 circumcidi.
1434 1200 1453 1232 ι

669 1253 1019 1315 Demonstrat
1064 1265 1188 1321 illos
1242 1271 1429 1338 gloria:
1481 1274 1747 1330 duntaxat
1801 1280 1985 1335 studio
2019 1297 2161 1352 prae-

592 1342 850 1401 dicationi
879 1365 1101 1419 operam
1150 1357 1304 1423 dare,
1339 1378 1448 1417 non
1491 1366 1639 1434 quod
1682 1367 1791 1422 hoc
1831 1386 2035 1428 munus
2066 1389 2161 1428 ex-

594 1433 748 1501 sequi
783 1434 919 1504 ipsis
946 1439 1315 1500 incumberet.

670 1542 690 1575 ι
727 1524 967 1584 Tantum
1023 1544 1082 1588 ut
1146 1541 1332 1596 crucis
1386 1547 1824 1612 persecutionem
1894 1567 2002 1606 non
2062 1569 2156 1624 pa-

594 1613 824 1674 tiantur.
866 1639 886 1672 ι

1810 350 1871 406 5.
1912 348 2230 409 JUANNIS
2264 354 2691 420 DAMASCENI

1568 453 1649 508 Ad
1689 454 1803 511 hac
1852 458 1999 512 aliud
2038 474 2141 528 quo

2242 492 2251 518 ι
2282 469 2675 536 κατασημάνας
2694 511 2710 534 ,
2754 473 2850 526 καὶ
2876 475 2956 539 τὸ,
2998 476 3071 544 τῇ
3098 478 3212 547 ἐμῇ
3245 484 3428 549 χειρί·
3456 486 3551 538 καὶ
3596 485 3727 539 ἄλλο
3759 489 3844 538 καὶ

3756 378 3844 440 820

2278 554 2362 608 διὰ
2388 557 2578 611 τούτου
2611 561 2882 633 δηλοῦται.
2916 568 3106 636 Ποῖον;
3152 572 3367 644 Ἐπειδὴ
3387 576 3843 643 συκοφαντοῦντες

2277 648 2439 701 αὐτὸν
2487 651 2673 721 ελεγον
2729 661 3028 731 περιτομὴν
3077 664 3240 717 αὑτὸν
3289 668 3722 737 καταγγέλλειν,
3754 671 3841 723 καὶ

2277 740 2683 812 ὑποκρίνεσθαι,
2724 747 2800 812 ὡς
2850 752 2909 804 ού
2963 756 3344 823 καταγγέλλει,
3380 759 3467 813 διὰ
3494 760 3653 814 τοῦτο
3679 762 3838 831 ἠναγο

2275 831 2452 901 κάσθη
2488 834 2797 908 ἱδιόγραφον
2818 844 3149 913 ποιήσασθαι
3176 847 3274 918 τὴν
3304 851 3617 924 ἐπιστολὴν,
3642 871 3839 925 μαρτυ-

2277 924 2396 992 ρεαν
2422 925 2699 998 ἔγγραφον
2719 934 3073 1006 ἀποθέμενος.

2347 1115 2365 1149 ι
2405 1100 2557 1154 Ὅσοι
2588 1102 2833 1160 θέλουσιν
2881 1109 3312 1182 εὐπροσωπῆσαι
3352 1117 3410 1169 ὲν
3464 1118 3631 1188 σαρκί
3655 1157 3671 1181 ,
3698 1112 3834 1173 οὗτοι

2267 1189 2667 1258 ἀναγκάζουσιν
2690 1197 2836 1266 ὑμᾶς
2862 1203 3308 1273 περιτέμνεσθαι.
3342 1226 3363 1259 ›

2335 1285 2587 1340 Δείκνυσι
2614 1290 2899 1356 κάκείνους
2929 1294 3015 1347 διὰ
3047 1296 3355 1363 φιλοδοξίαν
3386 1300 3548 1371 μόνον
3571 1303 3831 1373 ποιουμέ-

2265 1392 2389 1439 νους
2406 1377 2466 1430 τὸ
2496 1380 2775 1452 κήρυγμα,
2802 1385 2863 1437 ού
2896 1386 2961 1438 δι’
2984 1387 3115 1441 αὐτὸ
3145 1390 3206 1443 τὸ
3228 1391 3401 1456 οῦτως
3432 1394 3650 1463 ὀφεῖλον
3684 1396 3831 1463 γενέο

2339 1575 2357 1608 ι
2396 1560 2572 1614 Μόνον
2606 1565 2694 1617 ἵνα
2722 1565 2797 1637 μὴ
2833 1567 2910 1638 τῷ
2939 1570 3155 1643 σταυρῷ
3179 1572 3275 1625 τοῦ
3321 1574 3562 1645 Χριστοῦ
3589 1576 3825 1633 διωκων·

2259 1663 2367 1701 ται.
2412 1666 2431 1700 ι

2344 1737 2534 1810 Ἑτέρα
2564 1743 2727 1796 πάλιν
2755 1746 2905 1799 αἰτία
2924 1748 3018 1801 τοῦ
3057 1749 3130 1821 μὴ
3156 1751 3264 1804 ἀπὸ
3284 1752 3509 1823 γνώμης
3537 1754 3827 1824 κηρύττειν

588 1805 739 1861 cent,
803 1800 921 1858 haec
965 1814 1072 1873 est,
1133 1825 1201 1865 ne
1248 1827 1278 1866 a
1326 1812 1533 1873 Iudaeis
1575 1822 1944 1892 exagitentur.
1984 1828 2141 1899 Atqui

2254 1800 2477 1896 αὐτοὺς,
2513 1833 2575 1887 τὺ
2616 1836 2691 1906 μὴ
2728 1800 3019 1895 διώκεσθαι
3057 1800 3216 1914 ἱπαρὰ
3261 1800 3372 1899 τών
3401 1800 3692 1901 ῗίδυδαξων
3732 1848 3827 1901 αύ-

589 1888 709 1944 sive
742 1892 962 1962 timore,
997 1899 1112 1955 sive
1158 1904 1459 1962 ambitione
1487 1911 1540 1963 id
1573 1922 1861 1980 prastent,
1920 1920 2150 1987 proinde

590 1993 697 2033 non
751 1989 1015 2054 tanquam
1066 1992 1336 2051 debitum.
1389 1997 1760 2065 Quamobrem
1802 2010 1904 2062 etsi
1952 2013 2149 2079 praedi-

586 2074 718 2122 cant
743 2072 1225 2136 circumcisionem
1280 2101 1393 2141 non
1427 2097 1606 2145 tamen
1640 2093 1721 2147 uti
1754 2100 2145 2153 necessariam.

656 2234 825 2295 Vens.
878 2243 965 2300 15.
1007 2266 1027 2299 ι
1067 2249 1258 2321 Neque
1305 2258 1450 2311 enim
1497 2262 1593 2329 qui
1644 2264 2145 2336 circumciduntur,

586 2325 756 2397 legem
790 2336 1139 2405 custodiunt,
1180 2346 1275 2399 sed
1313 2350 1508 2404 volunt
1532 2367 1634 2408 vos
1669 2356 2021 2413 circumcidi.
2052 2379 2071 2412 ι

655 2418 1064 2485 Demonstratio
1100 2432 1215 2489 haec
1252 2446 1358 2502 est,
1396 2455 1493 2498 eos
1539 2459 1649 2499 non
1681 2461 1749 2501 ex
1793 2450 1979 2505 animo
2003 2467 2146 2521 pra:-

580 2506 805 2579 dicare;
855 2522 1303 2594 quandoquidem
1354 2547 1464 2586 non
1525 2550 1590 2590 ea
1642 2552 1766 2607 qua:
1819 2506 2143 2610 prmdiéanl.

579 2602 901 2666 observant.

651 2715 671 2749 ι
715 2698 783 2756 Ut
806 2707 860 2758 in
892 2722 1062 2767 carne
1086 2724 1269 2771 vestra
1298 2718 1628 2788 glorientur.
1665 2744 1684 2777 ι

649 2793 729 2848 Eo
759 2800 905 2866 quod
938 2802 1247 2875 discipulos
1275 2813 1536 2881 habeant,
1563 2827 1618 2871 et
1648 2818 1908 2876 doctores
1936 2824 2067 2879 sint.

649 2885 814 2942 Vsus.
875 2892 960 2947 14.
1000 2914 1019 2946 ι
1055 2897 1184 2954 Mihi
1241 2913 1424 2958 autem
1459 2908 1608 2963 absit
1655 2904 1917 2980 gloriari,
1954 2917 2059 2971 nisi
2084 2917 2139 2971 in

575 2992 737 3033 cruce
768 2980 986 3040 Domini
1018 2993 1202 3046 nostri
1233 2992 1365 3050 Jesu
1399 2996 1627 3055 Christi.
1666 3019 1687 3053 ι

645 3072 791 3139 Quid
844 3086 928 3132 est
979 3095 1151 3137 cruce
1195 3085 1457 3156 gloriari?
1486 3091 1635 3159 quod
1668 3092 1926 3152 Christus
1958 3095 2136 3152 forma

573 3166 721 3220 servi
752 3178 979 3240 accepta
1006 3188 1202 3242 passus
1229 3186 1350 3246 est;
1388 3195 1610 3249 passus,
1640 3185 1889 3255 inquam,
1917 3200 2139 3261 propter

573 3273 682 3321 me,
729 3262 826 3329 qui
876 3279 1072 3322 servus
1108 3283 1283 3335 eram,
1316 3274 1411 3342 qui
1458 3274 1657 3343 hostis,
1698 3279 1792 3349 qui
1823 3280 2053 3339 insanus
2084 3294 2139 3341 et

574 3350 844 3421 ingratus.
878 3353 973 3410 Sic
1008 3373 1095 3413 me
1118 3360 1341 3428 dilexit,
1382 3373 1444 3418 ut
1474 3366 1721 3437 seipsum
1754 3372 2069 3431 tradiderit.

650 3460 670 3492 ι
701 3440 807 3497 Per
838 3459 998 3514 quem
1036 3450 1169 3504 mihi
1206 3456 1446 3511 mundus
1485 3459 1791 3515 cruciﬁxus
1829 3474 1934 3519 est.
1971 3482 1991 3517 ›

641 3530 905 3590 Mundum
937 3548 1096 3593 vocat
1121 3556 1213 3598 res
1255 3545 1419 3614 hujus
1460 3550 1669 3615 saeculi,
1700 3551 1988 3611 hominum
2017 3558 2138 3613 lau-

568 3622 687 3689 des,
760 3628 1103 3696 satellitium,
1183 3635 1440 3705 gloriam.
1498 3639 1718 3711 lsthaec,
1758 3643 1963 3715 inquit,
2023 3658 2133 3705 tam

568 3717 880 3786 splendida,
911 3730 1021 3778 tam
1061 3730 1376 3798 magniﬁca,
1408 3732 1545 3789 mihi
1572 3745 1789 3792 mortua
1814 3737 1961 3795 facta
1980 3751 2131 3798 sunt.

637 3905 659 3941 ι
690 3886 758 3943 Ει
795 3906 897 3963 ego
932 3897 1163 3953 mundo.
1210 3919 1230 3952 ι

634 3978 921 4050 Duplicem
970 3997 1202 4045 mortem
1250 3992 1477 4056 innuit:
1536 4000 1773 4066 scilicet,
1835 4006 1962 4075 quia
2014 4016 2128 4062 tum

560 4072 652 4125 illa
688 4073 823 4129 mihi
857 4086 1074 4132 mortua
1106 4092 1256 4149 sunt,
1296 4094 1411 4139 tum
1438 4103 1543 4158 ego
1573 4090 1708 4158 illis,
1757 4094 1831 4148 ita
1852 4072 1918 4150 ut
1949 4114 2130 4168 neque

561 4177 648 4215 me
684 4163 909 4219 valeant
967 4167 1309 4240 interimere,
1361 4192 1543 4245 neque
1577 4195 1882 4249 superare:
1929 4190 2129 4259 quippe

563 4250 721 4320 177
778 4269 903 4324 qua:
960 4261 1129 4313 semel
1172 4271 1387 4319 mortua
1445 4267 1597 4335 sint;
1649 4287 1749 4327 nec
1803 4291 1903 4347 ego
1932 4294 2124 4337 eorum

558 4357 781 4410 possum
829 4347 1111 4405 desiderio
1166 4357 1387 4413 teneri:
1443 4375 1567 4415 nam
1624 4373 1680 4418 et
1731 4366 1870 4437 ipsis
1911 4384 2124 4443 egomet

557 4450 779 4504 quoque
806 4450 1057 4499 mortuus
1091 4460 1241 4501 sum.

630 4525 797 4585 Vens.
846 4532 934 4587 l5.
975 4552 993 4585 ι
1044 4535 1099 4590 In
1138 4538 1362 4597 Christo
1399 4544 1546 4600 enim
1581 4546 1710 4604 Jesu
1772 4568 1953 4623 neque
2007 4557 2121 4611 cir—

556 4621 821 4675 cumcisio
852 4625 1053 4695 aliquid
1081 4632 1249 4700 valet,
1284 4650 1459 4706 neque
1488 4642 1833 4711 prmputium,
1871 4648 1963 4701 sed
1988 4664 2126 4705 nova

554 4719 827 4764 creatura.
858 4732 877 4764 ι

624 4795 760 4855 Vide
813 4812 1073 4872 quantam
1128 4810 1385 4868 virtutem
1446 4819 1695 4875 attribuit
1755 4824 1932 4889 cruci,
1993 4840 2114 4896 qua:

554 4904 667 4945 non
699 4894 878 4948 solum
915 4913 1004 4953 res
1031 4913 1223 4956 omnes
1251 4907 1561 4965 mundanas
1592 4913 1694 4981 ipsi
1723 4925 1966 4973 mortuas
1997 4920 2121 4974 red-

552 4981 777 5051 diderit,
807 4989 903 5042 sed
939 4998 993 5044 et
1046 4991 1226 5061 ipsum
1275 5003 1443 5053 veteri
1492 5000 1747 5058 instituto
1800 5006 1956 5078 longe
2007 5012 2119 5065 cel-

551 5075 754 5133 siorem
786 5080 1000 5136 fecerit.
1030 5084 1198 5155 Atqui
1238 5104 1424 5142 novam
1457 5104 1759 5149 creaturam
1798 5098 1956 5168 dicit,
1997 5118 2117 5172 qum

554 5180 649 5227 per
679 5167 839 5223 ﬁdem
873 5172 1023 5226 edita
1056 5184 1161 5229 est.

620 5256 785 5315 Vsus.
816 5262 903 5318 16.
948 5283 967 5316 ι
1004 5264 1069 5319 Ει
1109 5268 1431 5341 quicunque
1473 5273 1615 5331 hanc
1662 5281 1909 5351 regulam
1940 5285 2116 5338 secuti

458 5403 462 5407 .
551 5349 778 5417 fuerint,
811 5371 915 5425 pax
956 5376 1125 5432 super
1166 5364 1292 5421 illos
1328 5374 1384 5420 et
1427 5349 1833 5441 misericordia,
1862 5387 1915 5430 et
1950 5393 2117 5447 super

549 5441 719 5499 lsrael
757 5445 874 5502 Dei.
915 5470 934 5501 ι

2148 4499 2199 4558 D

2250 1923 2409 1987 τούς’
2440 1925 2500 1977 τὸ
2532 1926 2589 1979 δὲ
2614 1929 2757 1983 κατὰ
2786 1931 2970 1999 φόϐον,
3003 1934 3036 2005 ἦ
3085 1938 3228 1989 κατὰ
3263 1938 3570 2003 κενοδοξίαν
3608 1937 3827 2008 γινόμε-

2251 2030 2362 2078 νον,
2390 2016 2548 2069 τοῦτο
2599 2019 2697 2089 ούχ
2749 2021 2824 2087 ὡς
2865 2025 3219 2096 ὀφειλόμενον
3256 2028 3582 2098 πράττεται.
3615 2029 3824 2085 Οὐκοῦν

2250 2107 2299 2159 εἰ
2351 2110 2445 2162 καὶ
2488 2113 2824 2185 κηρύσσεται
2870 2118 3140 2189 περιτομὴ
3173 2120 3315 2191 ,παρ’
3355 2120 3559 2187 αὐτῶν,
3604 2122 3705 2193 ούχ
3748 2121 3825 2188 ὡς

2249 2199 2521 2269 ἀναγκαία
2555 2204 2910 2275 κηρύσσεται.

2326 2309 2346 2342 ι
2385 2293 2517 2346 Οὐδὲ
2546 2295 2655 2366 γὰρ
2698 2298 2749 2349 0i
2801 2300 3271 2371 περιτεμνόμενοι,
3316 2303 3468 2356 αὐτοὶ
3507 2303 3677 2375 νόμον
3716 2322 3820 2375 φν-

2249 2381 2560 2448 λάσσουσιν,
2588 2387 2721 2441 ἀλλὰ
2755 2389 2998 2445 θέλουσιν
3028 2393 3172 2463 ὑμᾶς
3209 2395 3652 2464 περιτέμνεσθαι.
3690 2414 3711 2448 ι

2330 2473 2626 2542 Ἀπόδειξις
2667 2478 2762 2531 τοῦ
2811 2480 2887 2551 μὴ
2938 2482 3077 2535 κατὰ
3109 2482 3333 2555 γνώμην
3370 2484 3674 2557 κηρύσσειν
3719 2484 3820 2539 αὑ-

2246 2564 2392 2629 τοὺς,
2429 2566 2490 2619 τὸ
2524 2567 2597 2637 μὴ
2630 2569 2919 2637 φυλάττειν
2939 2574 3136 2639 αὐτοὺς
3167 2574 3339 2628 ταῦτα
3360 2575 3397 2629 ἃ.
3421 2576 3812 2647 κηρύσσουσιν.

2321 2765 2340 2798 ι
2382 2747 2499 2800 Ἵνα
2527 2749 2585 2803 ὲν
2616 2752 2678 2820 τῇ
2716 2751 2959 2826 ὑμετέρᾳ
2992 2757 3157 2826 σαρκὶ
3196 2762 3602 2830 καυχήσωνται.
3646 2780 3668 2816 ι

2307 2840 2574 2910 Μαθητὰς
2595 2841 2829 2912 ἔχοντες,
2862 2846 2956 2898 καὶ
2994 2847 3147 2911 ὄντες
3171 2848 3506 2905 διδάσκαλοι.

2318 2950 2337 2982 ι
2388 2931 2543 3002 Ἐμοὶ
2599 2934 2655 2988 δὲ
2696 2935 2770 3006 μὴ
2819 2937 3028 3005 γένοιτο
3077 2941 3404 3010 καυχᾶσθαι,
3450 2945 3497 2995 εἰ
3526 2944 3599 3014 μὴ
3642 2944 3700 2998 ἐν
3728 2944 3813 3016 τῷ

2243 3022 2462 3093 σταυρῷ
2491 3024 2585 3077 τοῦ
2617 3027 2822 3097 Κυρίου
2846 3029 3002 3097 ἡμῶν
3050 3031 3221 3099 Ἰησοῦ
3252 3032 3510 3102 Χριστοῦ.
3554 3054 3573 3088 ι

2314 3113 2379 3165 Τί
2409 3115 2525 3168 ἐστι
2558 3116 2617 3169 τὸ
2668 3117 2931 3190 καύχημα
2972 3121 3066 3175 τοῦ
3102 3125 3374 3196 σταυροῦ;
3406 3126 3489 3180 ὅτι
3518 3127 3548 3180 6
3575 3127 3811 3199 Χριστὸς

2240 3202 2426 3257 δούλου
2457 3207 2673 3278 μορφὴν
2702 3208 2914 3275 ἔλαϐεν,
2941 3213 3035 3265 καὶ
3061 3212 3260 3268 ἔπαθεν
3287 3254 3303 3281 ,
3342 3217 3486 3287 ειπερ
3516 3217 3714 3272 ἔπαθεν
3735 3219 3811 3272 δι’

2238 3295 2338 3364 ἐμὲ
2366 3296 2457 3349 τὸν
2505 3297 2692 3351 δοῦλον
2716 3341 2732 3365 ,
2776 3302 2867 3355 τὸν
2907 3304 3121 3374 ἐχθρὸν,
3154 3306 3246 3360 τὸν
3292 3307 3535 3379 ἄφρονα·
3568 3309 3709 3364 οὕτω
3734 3328 3811 3383 με

2238 3387 2545 3459 ἠγάπησεν,
2581 3390 2655 3453 ὡς
2678 3392 2868 3445 ἑαυτὸν
2895 3395 3161 3450 ἐκδοῦναι.

2313 3497 2333 3529 ι
2374 3480 2451 3532 Δι’
2483 3475 2543 3535 οῦ
2572 3482 2695 3551 ἐμοὶ
2730 3484 2933 3554 κόσμος
2959 3487 3317 3559 ἐσταύρωται.
3358 3507 3377 3541 ι

2308 3568 2548 3639 Κόσμον,
2581 3571 2651 3624 τὰ
2680 3571 2912 3641 βιωτικὰ
2946 3576 3244 3647 πράγματά
3285 3596 3483 3650 φησιν·
3524 3580 3616 3635 τὸν
3650 3581 3806 3636 ἐπαι-

2235 3676 2324 3712 νον
2348 3659 2440 3712 τὸν
2468 3662 2616 3732 παρὰ
2646 3662 2970 3733 ἀνθρώπιον,
3007 3666 3103 3738 τὴν
3134 3668 3481 3740 δορυφορίαν,
3505 3670 3605 3741 τὴν
3625 3672 3803 3737 δόξαν.

2235 3750 2438 3817 Ταῦτα,
2486 3755 2671 3824 φησιν,
2721 3756 2847 3825 ἐμοὶ
2876 3758 3044 3831 νεκρὰ
3078 3759 3289 3829 γέγονε,
3314 3762 3383 3814 τὰ
3411 3761 3556 3816 οῦτω
3579 3764 3805 3836 λαμπρὰ

2234 3843 2328 3895 καὶ⁵
2359 3844 2590 3912 μεγάλα.

2309 3954 2328 3987 ι
2364 3936 2535 4003 Κάγὼ
2557 3938 2635 4008 τῷ
2656 3939 2866 4011 κόσμῳ.
2900 3958 2918 3991 ι

2303 4027 2506 4099 Διπλῆν
2542 4029 2640 4096 τὴν
2669 4030 2935 4101 νέκρωσιν
2988 4031 3154 4101 λέγει,
3207 4033 3289 4085 ὅτι
3328 4034 3422 4085 καὶ
3454 4026 3641 4087 ἐκεῖνα
3679 4033 3801 4104 ἐμοὶ

2230 4121 2418 4194 νεκρὰ,
2445 4123 2537 4174 καὶ
2567 4120 2677 4189 ἐγὼ
2722 4123 2974 4187 ἐκείνοις,
3007 4125 3099 4176 καὶ
3142 4123 3265 4176 οὔτε
3295 4125 3438 4177 αὐτὰ
3483 4127 3695 4179 ἀνελεῖν
3730 4142 3799 4195 με

2228 4211 2500 4276 δύνανται,
2534 4215 2630 4267 καὶ
2653 4214 3053 4286 χειρώσασθαι·
3094 4218 3263 4287 νεκρὰ
3292 4216 3399 4287 γάρ
3436 4219 3587 4270 ἐστιν
3618 4216 3793 4283 ἅπαξ·

2227 4298 2350 4353 οὔτε
2380 4299 2489 4368 ἐγὼ
2518 4301 2857 4373 ἐπιθυμῆσαι
2882 4303 3063 4360 αὐτῶν
3084 4321 3097 4335 ⁸
3126 4306 3312 4377 νεκρὸς
3340 4308 3452 4379 γὰρ
3479 4309 3664 4372 αὺτοῖς
3682 4309 3798 4378 εἰμι

2227 4390 2400 4459 κάγώ.

2301 4563 2321 4597 ι
2352 4546 2440 4600 Ἐν
2472 4547 2578 4617 γὰρ
2606 4548 2826 4619 Χριστῷ
2849 4549 3023 4619 Ἰησοῦ
3054 4549 3174 4603 οὔτε
3214 4555 3488 4625 περιτομή
3512 4571 3565 4607 τι
3601 4554 3790 4625 ἰσχύει,

2222 4635 2344 4690 οὕτε
2372 4638 2727 4709 ἀκροϐυστία,
2758 4640 2894 4695 ἀλλὰ
2920 4640 3083 4711 καινὴ
3115 4643 3310 4705 κτίσις.
3344 4662 3363 4695 ι

2286 4808 2459 4862 Βλέπε
2484 4810 2659 4881 πόσην
2703 4813 2961 4883 κηρύττει
2988 4814 3086 4885 τὴν
3128 4815 3356 4885 δύναμιν
3389 4815 3482 4869 τοῦ
3519 4813 3785 4887 σταυροῦ⁶

2216 4899 2276 4951 ού
2310 4900 2418 4972 γὰρ
2458 4900 2521 4970 δὴ
2551 4903 2710 4971 μόνον
2744 4903 2812 4957 τὰ
2847 4905 2936 4957 τοῦ
2960 4906 3165 4975 κόσμου
3203 4907 3507 4977 πράγματα
3552 4908 3789 4977 ἑνέκρω.

2214 5006 2307 5043 σεν
2338 4995 2395 5043 ἐν
2425 4993 2600 5064 ἑαυτῷ
2634 4995 2831 5060 πάντα,
2863 4996 2997 5050 ἀλλὰ
3022 4998 3233 5068 καὶτῆς
3263 4998 3536 5062 πολιτείας
3561 4999 3656 5067 τῆς
3677 5016 3785 5051 παι

2214 5078 2371 5142 λαιᾶς
2421 5082 2680 5152 ἀνωτέρω
2739 5085 2918 5155 πολλῷ
2980 5089 3332 5156 κατέστησεν.
3377 5088 3537 5155 Λέγει
3582 5087 3633 5139 δὲ
3682 5089 3783 5160 τὴν

2213 5173 2433 5241 καινὴν
2460 5176 2682 5239 κτίσιν,
2702 5178 2803 5248 τὴν
2832 5177 3119 5249 δεδομένην
3148 5177 3234 5231 διὰ
3262 5179 3518 5239 πίστεως.

2289 5305 2307 5336 ι
2344 5286 2456 5339 Καὶ
2479 5287 2594 5340 ὅσοι
2620 5287 2696 5357 τῷ
2722 5288 2908 5343 κανόνι
2939 5290 3115 5361 τούτῳ
3164 5291 3555 5361 στοιχήσουσιν,
3584 5288 3778 5358 εἰρήνη

2211 5377 2300 5428 ἐπ’
2354 5377 2573 5442 αὐτοὺς,
2618 5381 2710 5432 καὶ
2761 5380 2931 5446 ἕλεος,
2986 5382 3082 5434 καὶ
3137 5382 3230 5433 ἐπὶ
3277 5382 3366 5434 τὸν
3436 5378 3643 5452 Ἰσραὴλ
3678 5378 3777 5431 τοῦ

2208 5466 2362 5522 Θεοῦ.
2396 5490 2413 5520 ι

1821 5642 2047 5701 νΑΙῖΙέΕ
2088 5648 2491 5704 LECTIONES.

649 5723 675 5755 ⁸
708 5717 1037 5778 lnconcinna
1066 5741 1295 5796 prorsus
1334 5729 1526 5799 dictio,
1553 5749 1672 5804 quae.
1703 5735 1784 5791 sic
1816 5740 2032 5795 restitui
2064 5743 2237 5811 possit
2263 5744 2353 5797 :“0
2370 5741 2469 5812 οὐχ
2497 5741 2666 5806 οὕτως
2710 5740 2939 5812 ὤφειλεν
2972 5743 3245 5812 γενέσθαι·
