4022 6422
578 334 682 400 823
764 347 883 375 τί

1754 364 1820 428 S.
1849 363 2167 428 JOANNIS
2205 369 2635 437 DAMASCENI

3721 382 3815 444 824

658 477 674 505 ι
711 456 813 521 Qui
864 458 1143 519 benedixit
1186 482 1290 525 nos
1340 473 1491 527 omni
1548 470 1934 536 benedictione
1971 483 2110 553 spiri

658 548 798 571 ..ειη
1190 560 1201 571 .
1276 561 1328 571 Α.
1387 566 1397 571 -

2214 534 2219 549 ,
2324 506 2344 541 ι
2383 491 2441 543 Ὀ
2464 491 2764 562 εὐλογήσας
2794 493 2939 563 ὑμᾶς
2956 495 3013 547 ἐν
3048 495 3197 567 πάσῃ
3227 494 3452 564 εὐλογίᾳ
3478 503 3813 571 πνευματικῇ

578 548 712 603 tuali
747 551 802 603 in
841 554 1159 615 coelestibus
1188 560 1243 615 in
1270 561 1514 621 Christo.
1546 587 1565 620 ι

649 640 751 709 Ipsi
788 646 915 706 erit.
952 647 1157 719 inquit,
1195 652 1505 713 benedictio
1548 669 1732 719 nostra
1763 682 1777 717 :
1816 667 1867 722 id
1907 678 2012 737 est,
2043 671 2143 729 do-

575 746 707 785 num
739 750 768 786 a
804 734 913 790 Deo
941 753 1291 813 concessum,
1330 764 1445 818 quo
1478 753 1783 822 spiritualis
1818 758 1980 817 bonis
2014 779 2142 833 per-

577 824 849 884 fruamur.
883 830 1093 888 Horum
1123 843 1405 907 possessio
1445 845 1498 899 in
1538 853 1687 901 terra
1721 866 1831 906 non
1867 854 2135 915 habetur:

573 917 705 985 quia
735 923 991 980 carnales
1029 944 1136 982 non
1193 942 1322 987 sunt
1370 935 1811 1010 benedictiones,
1846 947 1943 1002 sed
1972 958 2135 1007 aeter-

572 1024 677 1062 nus
712 1013 1073 1086 coelestisque
1100 1028 1183 1074 est
1219 1038 1409 1079 earum
1444 1027 1621 1085 locus.

646 1100 807 1156 Vens.
869 1104 925 1167 4,
977 1106 1028 1159 5.
1067 1127 1086 1160 α
1152 1108 1311 1166 Sicut
1371 1116 1535 1188 elegit
1593 1137 1697 1178 nos
1746 1124 1802 1179 in
1834 1126 1956 1197 ipso
2007 1140 2138 1187 ante

570 1193 758 1246 mundi
798 1198 1273 1271 constitutionem,
1310 1214 1369 1260 ut
1412 1224 1665 1270 essemus
1702 1220 1880 1273 sancti
1925 1230 1979 1274 et
2030 1223 2137 1276 im-

571 1285 831 1338 maculati
861 1287 917 1342 in
955 1305 1254 1364 conspectu
1299 1300 1418 1367 ejus
1453 1303 1504 1356 in
1537 1305 1827 1365 charitate.
1857 1312 1959 1378 Qui
1997 1331 2135 1385 prae-

567 1370 865 1431 destinavit
898 1394 999 1435 nos
1037 1382 1090 1436 in
1144 1386 1494 1458 adoptionem
1543 1394 1783 1454 ﬁliorum
1820 1418 1918 1473 per
1944 1403 2131 1461 Jesum

566 1461 850 1521 Christum
883 1468 935 1523 in
971 1472 1237 1543 seipsum.
1280 1499 1298 1530 ι

564 1654 692 1702 ante
721 1665 855 1706 vero
884 1654 1193 1715 exsistebat
1237 1640 1306 1720 ab
1348 1670 1509 1725 initio
1538 1676 1683 1743 apud
1715 1677 1909 1739 Deum.
1945 1690 2000 1737 et
2029 1684 2132 1738 im-

526 1790 527 1799 ,
560 1738 907 1804 pertiebatur
942 1744 1160 1815 electis,
1194 1769 1335 1823 quos
1379 1770 1432 1814 et
1461 1738 1872 1831 praedestinavit
1901 1783 1961 1827 ut
1990 1776 2127 1829 assi-

559 1835 770 1884 sterent
816 1830 946 1899 Deo,
982 1852 1252 1898 concessa
1286 1846 1424 1915 ipsis
1457 1830 1584 1907 vitae
1610 1858 1995 1914 sanctimonia.

639 1937 661 1971 ι
753 1922 1076 1985 Secundum
1166 1939 1512 2007 propositum
1607 1948 1914 2008 voluntatis
1982 1970 2124 2021 suae,

561 2005 751 2080 (Vens.
788 2013 931 2089 6-8.]
963 2018 1017 2073 in
1044 2005 1493 2100 laudemigloriae
1528 2036 1720 2106 gratiae
1751 2005 2123 2117 sumen—qua

555 2103 885 2183 gratificavit
914 2125 1038 2167 nos.
1077 2133 1097 2166 ι

625 2192 983 2257 Gratilicatus
1041 2214 1127 2260 est
1160 2210 1322 2267 nobis
1373 2224 1676 2285 spontanea
1733 2227 1948 2295 gratia;
2009 2246 2120 2287 non

552 2293 735 2341 autem
791 2297 1242 2356 remuneratione
1288 2318 1539 2375 operum,
1588 2311 1641 2365 in
1683 2313 1830 2371 ﬁlios
1882 2333 1982 2374 nos
2018 2322 2118 2375 ad-

549 2380 808 2445 Optantio.

622 2465 679 2523 ln
708 2472 909 2529 dilecto
942 2476 1055 2534 {illo
1083 2492 1208 2548 suo,
1244 2484 1300 2539 in
1332 2502 1443 2557 quo
1477 2491 1742 2552 habemus
1784 2500 2116 2574 redemptio-

546 2574 670 2614 nem
720 2578 818 2633 per
866 2571 1194 2642 sanguinem
1245 2578 1391 2648 ejus,
1440 2586 1826 2645 remissionem
1862 2609 2114 2663 peccato-

544 2660 687 2716 rum,
744 2660 1047 2717 secundum
1106 2666 1330 2725 divitias
1361 2676 1552 2743 gratiae
1583 2680 1727 2749 ejus,
1759 2699 1881 2753 quae
1917 2702 2107 2758 super-

541 2743 849 2803 abundavit
892 2752 949 2807 in
1000 2757 1160 2815 nobis
1194 2760 1252 2816 in
1286 2766 1435 2821 omni
1478 2743 1749 2839 sapientia
1775 2743 1837 2831 et
1869 2743 2108 2847 pruden-

539 2835 637 2890 tia.
671 2855 691 2890 ι

612 2929 1075 3002 Quandoquidem
1127 2942 1431 3018 Scriptura:
1480 2968 1701 3011 sursum
1740 2959 1999 3031 deorsum
2027 2966 2111 3022 di-

538 3032 692 3086 cunt,
733 3024 1011 3085 Christum
1044 3036 1110 3090 ad
1138 3050 1368 3095 mortem
1402 3059 1576 3115 usque
1607 3048 1954 3108 obedientem
1986 3074 2108 3115 esse

541 3118 741 3170 tactum
771 3118 913 3176 Patri
941 3141 955 3190 ;
991 3136 1046 3179 ct
1102 3131 1229 3197 quia
1263 3132 1517 3190 Christus
1543 3137 1660 3207 ipse
1682 3142 1886 3210 aiebat,
1929 3146 2093 3216 Deus,

534 3203 678 3261 Deus
726 3225 893 3275 meus,
922 3230 1086 3284 quare
1114 3236 1197 3274 me
1232 3203 1682 3295 dereliquisti"?
1717 3232 1795 3290 Ne
1829 3237 2103 3309 quispiam

532 3298 622 3352 vel
680 3302 995 3372 suspicetur
1046 3325 1237 3367 revera
1314 3330 1441 3370 eum
1502 3320 1674 3378 fuisse
1752 3325 2100 3396 derelictum,

532 3390 739 3462 quippe
793 3410 918 3452 cum
980 3416 1048 3456 ex
1103 3413 1294 3459 nostra
1349 3424 1589 3477 persona
1632 3416 1905 3485 ejusmodi
1937 3438 2101 3481 voces

531 3485 999 3555 pronuntiaverit,
1052 3508 1172 3547 eam
1205 3496 1276 3549 ob
1317 3514 1430 3553 rem
1484 3502 1687 3575 ubique
1726 3511 1933 3579 passim
1969 3516 2102 3572 dile-

530 3580 681 3626 ctum
718 3575 873 3631 illum
905 3589 961 3635 et
1006 3582 1353 3643 redamatum
1404 3591 1589 3649 divina
1626 3575 1913 3670 Scriptura
1959 3621 2097 3676 pra:-

529 3660 699 3717 dicat.

600 3751 769 3810 Vens.
796 3758 850 3813 9.
888 3776 907 3810 ι
944 3759 1015 3815 Ut
1050 3772 1249 3821 notum
1306 3768 1513 3831 faceret
1568 3778 1727 3837 nobis
1777 3798 2094 3844 sacramen-

529 3854 642 3899 tum
685 3849 984 3908 voluntatis
1025 3870 1161 3913 suaa.
1198 3878 1219 3913 ι

597 3937 715 3994 Hoc
738 3944 883 3997 enim
925 3945 1202 4009 duntaxat
1232 3958 1396 4014 modo
1423 3960 1631 4020 Christi
1672 3971 1847 4039 gratia
1874 3973 2093 4032 confer-

525 4040 634 4101 tur,
668 4054 765 4108 per
805 4040 1179 4111 cognitionem
1217 4066 1229 4100 :
1284 4051 1431 4119 quod
1489 4070 1601 4113 non
1651 4065 1912 4121 convenit
1942 4067 2094 4138 ignoe

522 4130 795 4185 rantibus.

598 4239 617 4271 ι
660 4225 973 4281 Secundum
1030 4228 1432 4301 beneplacitum
1496 4239 1640 4309 ejus,
1692 4247 1838 4315 quod
1893 4266 2092 4322 propo-

520 4313 632 4367 suit
660 4315 714 4367 in
780 4333 844 4372 eo
880 4318 1073 4390 [νεηε.
1106 4323 1196 4396 16]
1244 4327 1300 4381 in
1333 4313 1755 4401 dispensatione
1786 4313 2089 4410 plenitudi-

518 4405 606 4460 nis
649 4416 979 4477 tcmporum.
1013 4431 1033 4463 ι

2246 582 2305 635 ἐν
2341 585 2453 647 τοῖς
2481 585 2826 655 ἐπουρανίοις
2858 586 2915 638 ἐν
2944 585 3187 655 Χριστῷ.
3228 604 3246 637 ι
3281 604 3289 613 ·

2314 674 2485 738 Αὐτὸς
2512 675 2687 740 ἔσται,
2724 677 2910 746 φησὶν,
2939 680 2970 747 ἡ
3009 677 3227 746 εὐλογία
3256 677 3441 749 ήμῶν·
3472 680 3752 732 τουτέστιν
3784 683 3813 750 ή

2243 765 2421 836 δωρεά
2454 767 2487 834 ἡ
2519 767 2672 838 παρὰ
2702 768 2860 831 Θεοῦ,
2889 771 2969 830 εἰς
2999 769 3060 822 τὺ
3099 770 3489 840 πνευματικῶν
3514 772 3664 841 ἡμᾶς
3687 775 3813 825 ἀπο·

2240 858 2437 913 λαῦσαι
2474 860 2715 928 ἀγαθῶν.
2778 860 2995 915 Τούτων
3031 862 3089 915 δὲ
3140 864 3173 933 ἡ
3212 864 3515 928 ἀπόλαυσις
3543 866 3643 917 οὐκ
3674 866 3811 917 ἐστιν

2240 953 2333 1005 ἐπὶ
2357 954 2462 1024 γῆς
2484 969 2496 982 ·
2533 955 2656 1008 ἐπεὶ
2688 955 2808 1009 οὐδέ
2846 960 3108 1029 σαρκικαὶ
3125 962 3180 1014 αἱ
3206 960 3471 1030 εὐλογίαι,
3500 961 3620 1016 ἀλλ’
3648 960 3811 1024 ἀΐδιος

2239 1046 2401 1109 τόπος
2424 1048 2607 1112 αὐτοῖς
2636 1050 2664 1102 6
2696 1049 2962 1120 οὐράνιος.

2317 1157 2334 1189 ι
2366 1139 2565 1201 Καθὼς
2595 1141 2876 1207 ἐξελέξατο
2923 1147 3070 1216 ἡμᾶς
3114 1147 3173 1201 ἐν
3200 1146 3349 1217 αὐτῷ
3372 1146 3478 1217 πρὸ
3505 1148 3806 1218 καταϐολῆς

2238 1232 2467 1303 κόσμου,
2495 1232 2634 1289 εἶναι
2667 1238 2815 1307 ἡμᾶς
2840 1239 3029 1308 ἁγίους
3062 1241 3154 1294 καὶ
3175 1242 3442 1313 ἀμώμους
3471 1242 3804 1295 κατενώπιον

2235 1324 2401 1378 αὐτοῦ
2432 1328 2489 1379 ἐν
2536 1328 2745 1400 ἀγάπῃ,
2777 1332 3073 1401 προορίσας
3105 1334 3254 1404 ἡμᾶς
3287 1335 3369 1398 είς
3421 1332 3698 1387 υἱοθεσίαν
3723 1334 3801 1388 διὰ

2249 1414 2426 1486 Ἰησοῦ
2454 1418 2694 1489 Χριστοῦ
2721 1422 2799 1485 είς
2834 1422 3047 1477 ἑαυτόν.
3079 1440 3098 1475 ι

2314 1590 2380 1643 Ἦ
2433 1591 2597 1664 χάρις
2649 1592 2744 1646 τοῦ
2801 1595 3120 1666 Πνεύματος
3175 1595 3494 1666 ἐφανερώθη
3541 1595 3643 1666 μὲν
3690 1598 3795 1663 νῦν,

2232 1684 2553 1756 προϋπῆρχε
2581 1684 2636 1738 δὲ
2667 1685 2725 1752 ἐξ
2745 1687 2919 1758 ἀρχῆς
2944 1686 3097 1758 παρά
3114 1687 3233 1759 Θεῷ
3253 1692 3366 1751 τοῖς
3387 1688 3668 1751 ἐκλεκτοῖς
3692 1690 3794 1741 ἐπι-

2231 1777 2547 1847 νεμομένη,
2610 1777 2706 1841 οὒς
2756 1780 2850 1833 καὶ
2895 1780 3201 1853 προώρισεν
3250 1781 3610 1852 παραστάτας
3670 1778 3794 1836 εἶναι

2160 1847 2201 1901 Β
2230 1867 2391 1937 Θεοῦ,
2426 1869 2514 1922 διὰ
2540 1869 2642 1939 τῆς
2673 1847 2965 1943 δεδομένης
2997 1847 3309 1943 ἁγιότητος.

2301 1981 2320 2015 ι
2358 1961 2516 2015 Κατὰ
2547 1962 2647 2035 τὴν
2678 1963 2927 2016 εὐδοκίαν
2974 1962 3069 2016 τοῦ
3134 1964 3437 2036 θελήματος
3497 1965 3689 2030 αὐτοῦ,
3725 1969 3792 2030 είς

2223 2054 2445 2111 ἔπαινον
2464 2055 2620 2127 δόξης
2644 2055 2868 2127 χάριτος
2889 2057 3076 2126 αὐτοῦ,
3097 2057 3155 2109 ὲν
3237 2057 3570 2136 ἐχαρίτωσεν
3595 2060 3792 2129 ἡμᾶς.»

2288 2236 2654 2308 Ἐχαρίτωσεν
2676 2237 2827 2308 ἡμᾶς
2854 2237 3085 2308 ἑκουσίῳ
3112 2238 3315 2309 χάριτι,
3340 2238 3402 2292 οὐ
3432 2241 3501 2311 τῇ
3533 2238 3594 2304 ἐξ
3621 2239 3797 2311 ἔργων
3838 2260 3842 2265 ο

2219 2329 2375 2399 ἡμῶν
2396 2329 2682 2396 ἁντιδόσει,
2711 2329 2935 2400 θέμενος
2962 2332 3109 2401 ἡμᾶς
3143 2331 3311 2396 υίούς.

2289 2525 2308 2557 ι
2356 2506 2443 2559 Ἐν
2477 2505 2553 2577 τῷ
2584 2508 2945 2581 ἠγαπημένῳ,
2971 2512 3028 2564 ἐν
3057 2503 3101 2578 ᾧ
3127 2510 3322 2581 ἔχομεν
3344 2524 3444 2583 την
3468 2511 3788 2583 ἀπολύτρω-

2216 2616 2299 2651 σιν
2331 2598 2419 2652 διά
2449 2599 2543 2653 τοῦ
2599 2601 2833 2672 αἵματος
2880 2602 3069 2670 αὐτοῦ,
3102 2603 3201 2675 τὴν
3230 2604 3423 2674 ἄφεσιν
3468 2605 3578 2658 τῶν
3613 2623 3785 2677 παρα-

2213 2689 2545 2759 πτωμάτων,
2574 2691 2717 2746 κατά
2747 2690 2836 2747 τὸν
2866 2693 3096 2747 πλοῦτον
3124 2694 3227 2766 τῆς
3259 2697 3477 2767 χάριτος
3512 2697 3697 2759 αὐτοῦ,
3721 2694 3789 2769 ἧς

2213 2785 2605 2858 ἐπερίσσευσεν
2620 2789 2698 2852 είς
2722 2788 2870 2859 ἡμᾶς
2897 2790 2955 2845 ἐν
2984 2791 3131 2864 πάσῃ
3160 2790 3324 2864 σοφία
3340 2795 3436 2847 καὶ
3465 2796 3783 2866 φρονήσει.»

2282 2962 2503 3035 Ἐπειδὴ
2536 2963 2648 3019 ἄνω
2679 2966 2774 3019 καὶ
2804 2942 2975 3021 ’κάτω
3024 2967 3273 3037 λέγουσιν
3307 2972 3362 3024 αί
3412 2971 3653 3043 Γραφαί,
3700 2972 3783 3024 ὅτι

2209 3056 2452 3127 ὑπήκοος
2470 3057 2692 3125 γέγονεν
2711 3057 2789 3128 τῷ
2810 3058 2985 3128 Πατρὶ
3008 3060 3166 3130 μέχρι
3188 3060 3440 3125 θανάτου,
3471 3063 3564 3115 καὶ
3593 3061 3782 3133 ἐπειδὴ

2208 3147 2391 3215 ἔλεγεν
2419 3150 2447 3200 6
2497 3147 2751 3218 Χριστός-
2807 3150 2868 3201 '0
2914 3152 3079 3215 Θεὸς,
3135 3152 3280 3217 Θεός
3319 3169 3459 3220 μου,
3488 3156 3570 3213 είς
3602 3152 3662 3204 τί
3700 3169 3782 3220 με

2205 3238 2625 3305 ἑγκατέλιπες;
2660 3238 2746 3291 ἵνα
2783 3239 2857 3309 μή
2889 3257 2971 3299 τις
2988 3240 3250 3313 ίύπολάϐῃ
3297 3241 3512 3311 ἀληθῶς
3545 3244 3781 3309 ἐγκατα-

2206 3329 2481 3399 λελεῖφθαι
2514 3330 2677 3384 αὐτόν
2698 3348 2712 3362 ο
2744 3334 2792 3385 εἰ
2837 3333 2933 3385 καὶ
2973 3332 3149 3403 ὐπὲρτ
3176 3333 3238 3386 οῦ
3284 3332 3446 3403 ἡμῶν
3482 3335 3783 3404 προσώπου

2202 3422 2302 3485 τὰς
2330 3421 2588 3486 τοιαύτας
2626 3422 2779 3492 ἔλεγε
2827 3422 3037 3491 φωνάς’
3070 3424 3263 3478 τούτου
3310 3425 3470 3494 χάριν
3501 3426 3781 3495 πανταχοῦ

2202 3514 2560 3585 ἠγαπημένον
2593 3514 2687 3568 καὶ
2740 3514 3024 3587 ἀγαπητὸν
3082 3516 3247 3569 αὐτὸν
3295 3518 3329 3588 ή
3368 3516 3492 3570 θεία
3520 3519 3781 3588 κηρύττει

2202 3602 2417 3673 Γραφή.

2273 3793 2291 3825 ί
2330 3771 2609 3845 Γνωρίσας
2633 3773 2765 3845 ἡμῖν
2795 3772 2858 3826 τὸ
2889 3773 3189 3846 μυστήριον
3225 3772 3320 3827 τοῦ
3347 3773 3654 3845 θελήματος
3682 3774 3780 3826 αὐ-

2197 3885 2314 3921 του.
2365 3886 2383 3918 1

2268 3960 2423 4013 Οὐτω
2443 3958 2552 4029 γὰρ
2576 3959 2755 4029 μόνως
2776 3960 2856 4021 είς
2880 3960 3026 4030 ήμᾶς
3056 3963 3089 4031 ἡ
3120 3961 3356 4031 Χριστοῦ
3393 3962 3555 4033 χάρις
3578 3965 3775 4032 χωρεῖ-

2193 4070 2283 4106 ται
2310 4052 2399 4105 διὰ
2419 4051 2520 4122 τῆς
2537 4052 2791 4122 γνώσεως
2807 4069 2823 4084 ’
2856 4052 2886 4105 6
2916 4054 3010 4105 ἐπὶ
3032 4055 3146 4117 τοῖς
3170 4052 3457 4123 ἀγνοοῦσιν
3478 4056 3581 4107 οὐκ
3605 4058 3772 4127 ὲφαρ·

2198 4143 2443 4215 μόζεται.
3141 4237 3163 4252 ἢ
3356 4238 3399 4252 m
3537 4241 3551 4252 .
3670 4241 3683 4252 .
3733 4240 3759 4252 ο

2268 4257 2286 4289 ι
2326 4238 2483 4291 Κατά
2506 4236 2605 4309 τὴν
2638 4237 2891 4292 εὐδοκίαν
2924 4236 3111 4302 αὐτοῦ,
3136 4237 3205 4308 ἢν
3235 4238 3501 4309 προέθετο
3535 4241 3594 4294 ἐν
3626 4240 3771 4312 αὐτῷ

2193 4330 2274 4395 είς
2299 4330 2607 4400 οἰκονομίαν
2639 4330 2750 4401 ιτοῦ
2782 4330 3153 4403 πληρώματος
3188 4330 3296 4385 τῶν
3326 4330 3563 4403 καιρῶν.
3604 4353 3621 4385 ι

588 4495 725 4550 Nam
769 4508 896 4556 ante
948 4508 1150 4562 saecula
1206 4514 1595 4583 complacitum
1635 4521 1711 4577 illi
1754 4524 1858 4581 fuit
1889 4545 1953 4584 ea
1986 4531 2081 4588 be-

2258 4508 2532 4578 Εὐδόκησε
2553 4509 2663 4580 γὰρ
2686 4509 2782 4562 ἐπὶ
2806 4512 2872 4581 τῇ
2902 4508 3192 4581 εὐεργεσίᾳ
3220 4511 3392 4582 ταύτῃ
3421 4513 3533 4579 πρὸ
3553 4513 3763 4573 αἰῶνοςο

519 4589 807 4645 nelicentia
841 4595 958 4664 uti;
990 4600 1080 4653 cui
1123 4609 1305 4660 tamen
1346 4606 1631 4665 deﬁnitum
1671 4626 1792 4669 erat
1843 4626 2085 4692 tempus,

517 4682 712 4751 inquo
754 4686 913 4741 ﬁnem
960 4705 1354 4765 congruentem
1416 4703 1721 4763 habuerunt
1775 4726 1897 4781 quae
1950 4682 2087 4785 prce-

517 4773 790 4830 destinata
823 4778 1061 4841 fuerant.

592 4884 610 4916 (
642 4864 955 4929 lnstaurare
993 4880 1178 4934 omnia
1210 4882 1266 4936 in
1300 4884 1547 4955 Christo,
1584 4906 1707 4962 quae
1732 4893 1784 4947 in
1814 4897 1991 4967 caelis,
2030 4910 2086 4957 et

517 4971 639 5027 quae
672 4958 727 5013 in
769 4969 915 5019 terra
946 4977 1099 5024 sunt.
1139 4989 1157 5022 ι

585 5049 863 5117 Quantum
888 5058 1066 5115 Adam
1099 5062 1187 5121 his
1216 5072 1472 5129 omnibus
1514 5082 1791 5146 peccando
1816 5085 2085 5151 spoliatus

513 5152 623 5209 est,
662 5150 1006 5207 tantumdem
1054 5164 1391 5218 restauratio
1437 5167 1581 5224 facta
1620 5183 1706 5227 est
1744 5175 1798 5228 in
1838 5150 2082 5234 Christo.

514 5232 857 5300 Quibusnam
900 5244 1072 5317 igitur
1106 5254 1377 5319 spoliatus
1412 5260 1557 5317 fuit?
1593 5269 1854 5324 nimirum
1897 5272 2083 5327 incor-

2187 4600 2388 4673 ὥριστο
2408 4601 2463 4655 δὲ
2492 4603 2627 4672 αὐτῇ
2656 4602 2757 4654 καὶ
2778 4603 2988 4674 χρόνος,
3028 4603 3116 4656 ὅτε
3153 4604 3221 4656 τὰ
3249 4607 3646 4675 προωρισμένα
3672 4603 3764 4657 1:6-

2189 4711 2290 4764 ρας
2318 4692 2533 4758 ἐδέξατο
2573 4693 2775 4747 ἱκανόν.

2256 4911 2273 4942 ι
2310 4888 2927 4959 Ἀνακεφαλαιώσασθαι
2963 4890 3034 4944 τὰ
3083 4890 3263 4945 πάντα
3297 4892 3356 4945 ἐν
3403 4891 3483 4962 τῷ
3521 4893 3760 4963 Χριστῷ,

2185 4984 2255 5037 τὰ
2282 4984 2374 5036 ἐπὶ
2404 4986 2517 5046 τοῖς
2547 4982 2796 5054 οὐρανοῖς
2826 4982 2920 5035 καὶ
2949 4982 3019 5035 τὰ
3042 4983 3134 5036 ἐπὶ¹
3161 4986 3262 5053 τῆς
3291 4983 3396 5054 γῆς
3424 4986 3485 5037 ἐν
3523 4985 3689 5055 αὐτῷ.
3728 5004 3747 5036 ι

2258 5075 2420 5128 Ὅσον
2476 5077 2504 5127 6
2549 5074 2721 5145 Ἀδὰμ
2783 5074 3107 5146 ἁμαρτήσας
3157 5076 3506 5149 ἀπεστερήθη
3559 5080 3763 5133 τούτων

2186 5168 2426 5230 πάντων,
2467 5166 2767 5229 ἀνανέωσις
2803 5165 3027 5236 γέγονεν
3055 5178 3078 5207 ο
3101 5168 3159 5221 ἐν
3189 5170 3432 5239 Χριστῷ.
3465 5171 3638 5225 Τίνων
3663 5168 3761 5224 οὖν

2184 5257 2534 5331 ἀπεστερήθη
2555 5274 2569 5324 ;
2591 5257 2867 5329 ἄφθαρτος
2886 5257 2983 5320 ὣν,
3001 5258 3081 5322 είς
3106 5258 3311 5331 φθορὰν
3332 5255 3489 5330 ἦλθε,
3507 5264 3602 5314 καὶ
3624 5261 3761 5316 ἀθάο

2183 5372 2343 5418 νατος
2370 5353 2466 5420 ὣν,
2491 5354 2570 5417 είς
2604 5351 2853 5420 θάνατον,
2881 5353 2976 5408 καί.
2999 5352 3108 5408 ἀπὸ
3136 5353 3489 5425 παραδείσου,
3519 5356 3623 5421 ἔξω
3647 5373 3755 5407 πα-

1811 5558 2040 5615 ΥΑΒΙᾹΞ
2068 5558 2475 5615 LECTIONES.

581 5632 605 5661 ο
648 5623 994 5699 Ἀνανέωσις
1019 5635 1286 5707 γέγονεν.
1324 5641 1543 5699 Diversa
1572 5644 1686 5699 haec
1725 5657 1854 5701 sunt
1880 5664 1907 5701 τι
1942 5664 2103 5705 sensu
2134 5652 2540 5723 Chrysostomi.
2573 5656 2659 5708 οιιῖ
2698 5656 3298 5755 ἀνακεφαλαιώσασθῇξς
3350 5667 3717 5755 ΞῖικέἾΜηξῗ

581 5710 644 5746 νη
677 5696 928 5755 redigere.
964 5720 1072 5755 non
1140 5711 1440 5755 instauran
1485 5724 1571 5755 nul
1596 5718 1843 5755 innmomro
1891 5720 1991 5755 Ιὶιιὶ
2029 5738 2125 5755 ιιιυ-
2160 5726 2310 5755 nlui-0|
2350 5727 2451 5755 ulla
2486 5740 2605 5755 ηηηι
2641 5726 3054 5755 οιιιιοηηιιιιιιΙ-ι-
3129 5746 3155 5755 ,ι
3302 5745 3345 5755 ..-

1518 5696 1543 5698 η
1942 5696 2103 5705 Νη-..
2138 5696 2234 5706 ν...
2285 5696 2540 5717 .,ν,.ν....,
2575 5696 2659 5708 ν...
2699 5696 3298 5742 ..ηηὝνηηηωμηηεη
3350 5696 3438 5712 να.
3595 5696 3717 5711 .-.η

506 5709 644 5746 "mm
677 5696 928 5769 νεάίυετε,
964 5696 1073 5761 non
1097 5696 1109 5707 ’
1140 5696 1862 5780 instaurare,autinnavare.
1891 5720 1991 5786 Qui
2027 5738 2127 5777 nec
2159 5696 2314 5793 plura
2348 5727 2454 5778 alia
2485 5740 2606 5793 qua:
2641 5726 3076 5796 subsequuntur,
3127 5746 3168 5785 ει
3214 5728 3601 5799 Lhrysostomo
3650 5746 3751 5781 ac-

508 5775 665 5799 “nul-1
696 5778 816 5799 ullnl

508 5775 667 5827 cepta
696 5778 843 5820 sunt.
