4022 6416
174 395 279 454 εει

1297 384 1377 445 IN
1417 383 1653 444 EPIST.
1694 382 1794 440 AD
1831 376 2200 438 EPHESIOS

3297 372 3404 430 826

178 498 449 566 ραδείοου.
488 493 676 549 Ταῦτα
710 490 804 552 οῦν
837 497 1124 568 προέκειτο
1156 495 1307 566 παρὰ
1340 493 1494 563 Θεῷ,
1549 493 1629 555 εἰς
1681 491 1741 544 τὸ

1844 497 1991 543 esset
2064 483 2415 545 immortalis,
2479 482 2533 534 in
2575 487 2807 534 mortem
2866 467 3121 537 incurrit,
3183 484 3405 545 atquee

173 588 751 657 ἀνακεφαλαιώσασθαι
784 589 878 641 καὶ
904 586 1224 652 ἀνανεῶσαι,
1248 584 1341 639 καὶ
1377 584 1516 654 ὑπὲρ
1540 582 1745 636 τούτων

176 683 398 751 γέγονεν
418 682 446 734 ό
478 678 785 752 Μονογενὴς
814 679 1096 749 ἄνθρωπος
1113 719 1127 743 ,
1154 678 1241 731 ἵνα
1268 676 1546 746 καταλύσῃ
1576 674 1740 728 θᾰινα⁶

172 790 289 838 τον,
310 774 403 827 καὶ
427 773 590 844 ἀνέλῃ
617 772 717 844 τὴν
743 772 966 842 φθορὰν,
986 772 1078 825 καὶ
1096 770 1193 843 τὴν
1213 768 1488 840 ἁμαρτίαν
1514 766 1738 837 ἐκϐάλῃ,

172 865 201 920 ὃ
229 869 323 921 καὶ
356 865 544 935 γέγονε
562 866 1004 938 παραγενομένου
1038 867 1080 919 Χ
1090 862 1293 937 ριστοῦ.
1320 863 1393 916 Τὸ
1417 862 1494 927 δὲ,
1520 862 1590 915 ἐν
1616 862 1743 925 τοῖς

173 961 474 1028 οὐρανοῖς,
514 960 697 1014 τοῦτον
732 960 843 1030 ἔχει
868 959 958 1012 τὸν
985 960 1184 1029 τρόπον
1209 974 1223 987 ο
1250 958 1330 1010 ὅτι
1373 955 1515 1026 λύπη
1541 949 1613 1025 ἦν
1648 970 1741 1024 με·

172 1055 314 1123 γάλη
340 1056 433 1107 καὶ
461 1052 799 1114 ἀδιάλειπτος
840 1051 934 1105 τοῦ
966 1052 1166 1121 κόσμου
1202 1048 1602 1119 ἁμαρτάνοντος
1627 1048 1740 1108 τοῖς

171 1142 448 1211 ἀγγέλοις,
479 1142 573 1195 καὶ
611 1142 715 1194 ὑπὸ
750 1143 992 1211 κατάραν
1013 1139 1192 1201 ὄντοςο
1244 1138 1335 1191 καὶ
1365 1136 1522 1205 δῆλον
1554 1136 1612 1188 ἐν
1660 1132 1738 1203 τῷ

170 1234 349 1286 εἰπεῖν
382 1232 469 1285 τὸν
502 1233 725 1303 Κύριον,
753 1232 833 1285 ὅτι
867 1229 1026 1299 Χαρὰ
1052 1230 1122 1283 ἐν
1149 1212 1379 1297 οὐρανίῷ
1398 1226 1618 1296 γίνεται
1639 1224 1735 1278 ἐπὶ

170 1320 265 1374 ἐνὶ
292 1320 612 1390 ἁμαρτωλῷ
636 1317 1027 1390 μετανοοῦντι
1046 1335 1061 1350 ο
1094 1317 1241 1386 λέγει
1271 1312 1383 1382 οὖν,
1419 1315 1493 1379 ὼς
1515 1312 1682 1367 ἐλθὼν
1710 1315 1739 1367 ό

170 1410 380 1483 Κύριος
403 1454 416 1477 ,
453 1411 545 1466 καὶ
600 1412 669 1465 τὰ
714 1412 806 1465 ἐπὶ
855 1413 953 1481 τῆς
973 1410 1077 1480 γῆς
1113 1408 1426 1475 ἀνενέωσεν,
1466 1408 1558 1461 καὶ
1582 1406 1653 1460 τὰ
1680 1407 1739 1459 ἐν

167 1508 282 1568 τοῖς
308 1507 573 1576 οὐρανοῖς,
607 1502 823 1576 ἐκείνης
844 1504 1056 1566 παύσας
1082 1504 1207 1565 τοὺς
1233 1500 1496 1570 ἀγγέλους
1518 1500 1617 1569 τῆς
1648 1496 1740 1551 λύ-

168 1614 304 1666 πης,
336 1593 406 1669 ἧς
451 1597 741 1651 ἐλυποῦντο
795 1597 889 1650 ἐπὶ
920 1598 986 1667 τῇ
1030 1595 1139 1649 τῶν
1192 1592 1494 1665 ἀνθρώπων
1540 1591 1735 1662 φθορᾷ.

180 1688 453 1757 Ἀνήγαγε
481 1687 589 1755 γὰρ
618 1687 814 1750 αὑτοὺς
841 1684 934 1739 ἐπὶ
960 1686 1059 1758 τὴν
1100 1684 1375 1759 προτέραν
1416 1682 1611 1754 χαράν,
1640 1679 1739 1751 τὴν

170 1778 318 1851 ὑπὲρ
340 1778 449 1831 τῶν
480 1778 820 1849 σωζομένων.

246 2077 267 2112 ι
296 2061 387 2113 Ἐν
432 2052 477 2129 ᾧ
531 2057 625 2113 καὶ
676 2058 1086 2131 ἐκληρώθημεν,
1135 2057 1551 2130 προορισθέντες
1593 2055 1736 2110 κατὰ

160 2150 432 2222 πρόθεσιν
452 2150 546 2203 τοῦ
570 2149 640 2203 τὰ
662 2151 837 2205 πάντα
864 2151 1214 2222 ἐνεργοῦντος
1247 2148 1387 2203 κατὰ
1411 2148 1509 2219 τὴν
1542 2146 1736 2218 βουλὴν

156 2243 261 2296 τοῦ
295 2242 597 2312 θελήματος
629 2241 814 2305 αὑτοῦ,
842 2243 920 2306 είς
956 2243 1015 2296 τὸ
1046 2238 1185 2296 εἷναι
1232 2242 1379 2313 ἡμᾶς
1406 2243 1484 2305 είς
1518 2240 1749 2294 ἔπαινον

151 2332 329 2404 δόξης
359 2333 544 2400 αὑτοῦ,
568 2333 695 2396 τοὺς
724 2333 1131 2405 προηλπικότας
1166 2334 1225 2386 ἐν
1251 2332 1331 2403 τῷ
1359 2331 1598 2403 Χριστῷ.
1640 2350 1658 2381 ι

151 2594 201 2653 Θ
242 2509 337 2610 'l-Zv
366 2510 606 2581 Χριστῷ,
666 2510 829 2582 φησὶ,
881 2509 1225 2582 γιγνόμενοι,
1281 2511 1439 2583 μερὶς
1472 2510 1734 2583 γινόμεθα

206 2614 321 2653 εου.

206 2614 321 2654 εου.

236 2712 255 2743 ι
310 2692 400 2745 Ἐν
428 2685 471 2761 ᾧ
489 2696 579 2745 καὶ
605 2693 762 2763 ὑμεῖς
808 2691 1141 2757 ἀκούσαντες
1180 2694 1272 2747 τὸν
1301 2699 1454 2762 Λόγον
1479 2694 1579 2764 τῆς
1602 2694 1734 2765 ἀλη-

154 2783 340 2851 θείας,
374 2786 436 2838 τδ
478 2784 805 2853 Εὑαγγέλιον
835 2786 936 2855 τῆς
969 2785 1242 2853 σωτηρίας
1272 2784 1447 2855 ὑμῶν,
1479 2787 1535 2838 ἐν
1565 2776 1609 2852 ᾧ
1642 2786 1735 2838 καὶ

152 2879 553 2940 πιστεύσαντες
574 2876 939 2949 ἐφραγίσθητε
968 2876 1046 2948 τῷ
1070 2876 1347 2948 Πνεύματι
1373 2880 1471 2948 τῆς
1500 2878 1737 2946 ἐπαγγε-

153 2966 290 3030 λίας
318 2968 392 3039 τῷ
424 2969 583 3039 ἁγίῳ.
613 2987 634 3022 ›

236 3059 360 3113 Τῶν
406 3058 872 3130 προεγνωσμένων
928 3057 1053 3112 ἐστέ
1086 3059 1179 3113 καὶ
1214 3058 1394 3130 ὑμεῖς,
1421 3058 1605 3129 φησὶν,
1657 3060 1730 3112 oio

1843 577 2102 649 paradiso
2140 576 2333 646 pulsus
2363 581 2447 629 est
2492 574 2660 626 foras.
2696 568 2822 624 Haec
2860 570 3047 637 itaque
3079 566 3238 635 179
3281 581 3407 634 pro-

1843 678 2102 742 posuerat
2138 669 2279 723 Deus
2320 666 2716 736 redintegrare,
2757 671 2813 718 et
2852 676 3154 723 renovare;
3191 667 3245 712 et
3280 673 3405 726 pro-

1842 773 2027 834 pterea
2078 759 2409 830 Uuigenitus
2462 758 2641 811 factus
2677 763 2764 809 est
2821 754 3003 815 homo,
3066 760 3122 804 ut
3168 759 3401 801 mortem

1842 857 2173 916 destrueret,
2227 851 2578 919 auferretque
2626 846 3055 914 corruptionem,
3097 851 3150 894 ut
3211 857 3401 909 pecca-

1842 956 1956 1001 tum
2000 946 2348 1015 expelleret:
2397 942 2453 997 id
2502 939 2649 1012 quod
2686 939 3012 993 adveniente
3050 933 3271 988 Christo
3312 948 3404 999 pa-

1840 1046 2045 1093 tratum
2077 1036 2202 1090 tuit.
2234 1033 2389 1100 Quod
2431 1019 2613 1086 autem
2646 1030 2699 1083 in
2730 1029 2872 1083 caelis
2911 1026 3064 1088 dicit,
3110 1026 3210 1077 hoc
3244 1024 3401 1076 modo

1840 1129 2094 1201 contigit.
2126 1126 2418 1194 :Quoniam
2474 1124 2655 1195 angeli
2699 1122 2972 1192 ingentem
3002 1120 3212 1172 luctum
3248 1115 3405 1168 iude—

1838 1224 2082 1279 sinenter
2122 1222 2357 1290 agebant
2407 1216 2477 1271 de
2513 1216 2757 1286 peccatis
2805 1213 3020 1277 mundi,
3064 1209 3325 1279 quodque
3356 1206 3403 1260 is

1838 1314 2206 1372 exsecrationi
2239 1321 2358 1366 erat
2390 1309 2669 1364 obnoxius
2701 1307 2873 1376 (atqui
2906 1304 3012 1359 hoc
3050 1300 3403 1357 manifestum

1838 1417 1924 1465 est
1959 1408 2116 1462 hisce
2150 1403 2365 1458 Domini
2394 1403 2617 1457 verbis:
2655 1398 2918 1453 Gaudium
2959 1406 3031 1450 est
3069 1398 3123 1447 in
3155 1393 3280 1447 caelo
3307 1408 3403 1445 su-

1837 1516 1929 1571 per
1959 1514 2061 1553 uno
2096 1505 2368 1565 peccatore
2408 1492 2767 1564 paenitentiam
2825 1499 3009 1559 agente
3037 1485 3143 1555 ³⁸);
3195 1482 3404 1537 idcirco

1840 1596 1939 1657 ait,
1977 1593 2265 1647 Dominum
2320 1588 2559 1644 adventu
2596 1600 2719 1650 suo,
2770 1597 2892 1638 eum
2925 1596 2988 1635 ea
3018 1594 3137 1648 quae
3179 1577 3231 1629 in
3258 1585 3401 1629 terra

1842 1695 1973 1744 sunt
2004 1697 2325 1746 renovasse,
2374 1689 2490 1734 tum
2532 1693 2656 1749 quae
2698 1678 2755 1731 in
2781 1672 2981 1745 temlis,
3022 1670 3210 1725 sedato
3239 1680 3403 1734 ange-

1841 1778 2019 1832 lorum
2072 1775 2246 1835 luclu,
2296 1785 2460 1841 quem
2515 1779 2741 1840 propter
2795 1762 3076 1818 interitum
3119 1757 3401 1811 hominum

1769 1850 1813 1905 B
1841 1868 2136 1925 ducebant.
2162 1865 2255 1920 Eis
2287 1864 2490 1934 quippe
2518 1859 2776 1931 gaudium
2810 1854 3106 1927 pristinum
3140 1847 3398 1909 reddidit,

1838 1961 2015 2017 salute
2049 1956 2368 2013 hominibus
2404 1965 2692 2007 concessa.

1947 2049 2116 2105 Vens.
2147 2048 2237 2113 11,
2274 2048 2363 2101 12.
2400 2062 2418 2097 ι
2460 2043 2520 2098 In
2549 2057 2660 2113 quo
2690 2048 2744 2095 et
2775 2053 2876 2094 nos
2909 2044 3061 2091 sorte
3094 2033 3275 2088 vocati
3308 2047 3403 2086 su-

1837 2162 1984 2210 mus,
2024 2138 2399 2215 praedestinati
2421 2135 2723 2193 secundum
2753 2128 3090 2202 prepositum
3134 2123 3286 2193 ejus,-
3308 2124 3402 2192 qui

1838 2246 2101 2309 Operatur
2160 2232 2344 2290 omnia
2378 2227 2683 2286 secundum
2748 2221 3045 2279 consilium
3098 2215 3400 2270 voluntatis

1839 2347 1977 2397 suae,
2007 2340 2067 2385 ut
2107 2330 2281 2384 simus
2312 2327 2366 2380 in
2396 2325 2608 2377 laudem
2632 2319 2818 2391 gloriae
2849 2314 2979 2371 eius
3015 2328 3134 2376 nos,
3160 2310 3253 2381 qui
3278 2318 3405 2362 ante

1839 2424 2187 2495 speravimus
2220 2420 2273 2474 in
2304 2417 2543 2473 Christo.
2579 2432 2598 2465 ›

1909 2518 2046 2570 Dum
2071 2517 2125 2570 in
2152 2513 2374 2569 Christo
2409 2523 2625 2570 sumus,
2658 2504 2858 2575 inquit,
2888 2500 3071 2574 portio
3097 2499 3191 2554 Dei
3255 2496 3399 2552 exsi-

1839 2610 2057 2668 stimus.

1911 2701 2075 2756 Vens.
2114 2699 2199 2755 15.
2236 2717 2253 2751 ι
2284 2697 2340 2752 ln
2373 2712 2483 2765 quo
2540 2693 2707 2749 etiam
2740 2699 2794 2745 et
2834 2694 2931 2743 vos
2963 2684 3249 2739 audientes
3280 2694 3402 2735 ver-

1835 2796 1966 2851 bum
2005 2787 2667 2861 veritatis(Evangelium
2701 2782 2894 2838 salutis
2933 2776 3179 2846 vestrae),
3205 2775 3259 2827 in
3294 2788 3403 2843 quo

1836 2897 1892 2943 et
1944 2888 2235 2942 credentes
2290 2881 2495 2953 signati
2548 2878 2704 2941 estis,
2759 2874 2967 2944 Spiritu
3015 2865 3405 2940 promissionis

1838 2988 2052 3037 sancto.
2078 2996 2097 3030 ι

1906 3068 2019 3124 Vos
2071 3080 2292 3138 quoque
2347 3079 2411 3117 ex
2443 3057 2794 3131 praecognitis
2841 3054 2999 3117 estis,
3048 3048 3251 3118 inquit,
3308 3046 3404 3115 qui

148 3154 471 3223 κειούμενοι
499 3152 722 3225 Χριστῷ
747 3151 814 3207 δι’
845 3152 1120 3224 ὑπακοῆς,
1149 3154 1245 3206 καὶ
1265 3153 1366 3223 τῆς
1388 3153 1482 3206 ἐπὶ⁵
1510 3155 1574 3224 τῇ
1598 3153 1732 3223 ἀκοῇ

1837 3162 2058 3219 Christo
2085 3156 2489 3228 conjungimini
2526 3168 2623 3223 per
2646 3148 3012 3205 obedientiam
3047 3154 3101 3199 et
3129 3157 3223 3213 per
3242 3138 3403 3195 (idem

149 3246 399 3308 πίστεως
426 3285 443 3310 ,
499 3246 592 3298 καὶ
642 3246 737 3299 τοῦ
770 3246 863 3299 ἐπὶ
902 3247 969 3317 τῇ
1031 3246 1211 3299 πίστει
1253 3244 1626 3315 σφραγισμοῦ,
1674 3247 1733 3309 ὃς

1840 3255 2065 3311 auditus
2094 3248 2495 3307 consectariam
2515 3285 2529 3309 ,
2555 3258 2655 3299 nee
2674 3257 2781 3296 non
2804 3254 2901 3309 per
2920 3236 3263 3307 signaculum
3295 3246 3407 3302 quo

148 3341 306 3393 ἐστιν
342 3339 605 3409 ὁμοίωσις
632 3338 769 3410 πρὸς
797 3340 1032 3411 Χριστὸν
1066 3340 1151 3394 διὰ
1168 3338 1269 3409 τῆς
1300 3338 1395 3392 τοῦ
1418 3338 1733 3409 Πνεύματος

1837 3348 1973 3403 ﬁdes
2022 3345 2289 3407 munitur,
2351 3340 2607 3411 quodque
2637 3333 2849 3389 Christi
2889 3327 3197 3386 similitudo
3218 3332 3302 3380 est
3333 3324 3403 3379 ob

152 3431 544 3501 μεταλήψεως.
598 3432 756 3503 Παρὰ
784 3433 931 3496 τίνος
963 3434 1019 3486 δέ
1048 3434 1288 3503 ἤκουσαν
1316 3431 1410 3485 τὸν
1452 3431 1610 3500 λόγον
1637 3430 1735 3501 τῆς

1837 3437 2077 3509 Spiritus
2108 3432 2610 3506 participationem.
2651 3428 2693 3479 A
2724 3436 2967 3494 quonam
3011 3433 3144 3473 vero
3176 3415 3404 3470 verbum

146 3519 441 3591 ἀληθείας,
493 3520 528 3591 ἦ
579 3522 730 3592 παρὰ
759 3522 1005 3576 Ἰωάννου
1040 3522 1133 3575 τοῦ
1171 3516 1588 3591 εὐαγγελιστοῦ;
1621 3522 1737 3574 ἐκεῖ

145 3613 266 3682 γὰρ
298 3613 605 3683 ἐκήρυττεν
625 3628 639 3643 ·
669 3613 749 3666 διὸ
782 3613 876 3666 καλ⁵
906 3612 1237 3684 ὑψηλότερον
1277 3614 1460 3677 αὐτοῖς
1492 3612 1737 3682 διαλέγε-

148 3722 245 3757 ται
265 3707 294 3758 ὁ
312 3703 543 3771 Παῦλος,
572 3706 666 3759 ἅτε
694 3708 758 3759 ἐκ
777 3709 876 3775 τῆς
904 3706 1112 3759 ἐκείνου
1130 3706 1475 3769 διδασκαλίας
1496 3723 1737 3776 προκατ-

149 3798 534 3868 ηρτισμὲνοις.
558 3796 692 3852 Λίαν
726 3797 832 3868 γὰρ
866 3797 1071 3869 ὑψηλὸς
1104 3800 1184 3862 είς
1213 3797 1488 3867 θεολογίαν
1514 3800 1541 3853 ὁ
1571 3800 1733 3871 ἀνήρ.

233 3994 260 4028 ι
297 3974 406 4038 ’⁸ος
435 3975 584 4028 ἐστιν
612 3974 872 4048 apparas»
903 3973 1001 4047 τῆς
1051 3975 1417 4048 κληρονομίας
1468 3978 1626 4049 ἡμῶν
1659 3978 1737 4042 είς
1768 4040 1769 4043 η

149 4065 547 4137 ἀπολύτρωσιν
570 4068 670 4136 τῆς
701 4066 1129 4139 περιποιήσεως,
1161 4070 1238 4132 εἰς
1271 4067 1490 4123 ἔπαινον
1524 4069 1623 4137 τῆς
1655 4067 1740 4122 δό-

146 4158 260 4230 ξης
278 4155 465 4211 αὑτοῦ.
493 4174 513 4207 ι

221 4249 560 4321 Ἀῥραϐῶνα
608 4250 756 4320 λέγει
808 4250 983 4321 ἀρχὴν
1008 4252 1274 4321 κτήσεως.
1306 4254 1476 4325 Φησὶν
1497 4254 1611 4319 οῦν,
1663 4252 1763 4317 ὡς,

144 4347 463 4417 Δεξάμενοι
494 4345 553 4398 τὸ
586 4344 832 4415 Πνεῦμα,
858 4343 1146 4415 ἠρξάμεθα
1173 4345 1276 4417 ἤδη
1309 4348 1564 4418 κτήματα
1600 4342 1739 4400 εἶναι

145 4434 405 4508 Χριστοῦ
434 4437 527 4490 καὶ
556 4436 713 4490 Θεοῦ.

1833 3508 2084 3586 veritatis
2139 3524 2363 3596 Ephesii
2414 3520 2734 3581 audierunt,
2773 3514 2881 3568 nisi
2918 3527 2946 3564 a
2983 3508 3195 3563 Joanne
3234 3519 3404 3559 evan-

1836 3617 2055 3689 gelista,
2086 3594 2323 3683 qui-illic
2365 3606 2743 3682 praedicabat?
2771 3602 3042 3670 Quocirca
3065 3594 3407 3655 sublimioris

1836 3685 2033 3765 sensus
2074 3708 2239 3762 verba
2264 3704 2330 3757 ad
2360 3704 2483 3757 illos
2520 3699 2649 3755 facit
2681 3696 2913 3757 Paulus,
2949 3707 3049 3747 ceu
3077 3691 3169 3760 qui
3197 3688 3307 3755 jam
3339 3685 3405 3739 il-

1836 3802 1945 3856 lius
1958 3807 2144 3855 essent
2164 3796 2419 3851 doctrina
2443 3790 2705 3850 instituti.
2732 3789 2781 3844 ls
2802 3787 3002 3858 quippe
3021 3784 3105 3838 vir
3128 3780 3408 3836 altissima

1839 3891 2125 3961 theologia:
2147 3900 2282 3946 erat.

1908 3985 2077 4039 Vens.
2146 3984 2233 4037 H.
2268 4000 2288 4034 ι
2317 3980 2422 4047 Qui
2448 3986 2534 4034 est
2568 3977 2766 4047 pignus
2796 3969 3140 4028 lizereditatis
3182 3971 3405 4026 nostrae,

1839 4078 1893 4133 in
1922 4078 2355 4145 redemptionem
2393 4068 2807 4142 aequisitionis,
2850 4065 2907 4119 in
2951 4060 3168 4117 laudem
3221 4056 3412 4128 gloria:

1839 4170 2037 4242 ipsius.
2071 4187 2090 4221 ι

1906 4259 2112 4329 Pignus
2161 4265 2215 4312 et
2270 4256 2488 4308 arrham
2538 4258 2699 4307 vocat
2734 4248 2957 4305 initium
2998 4238 3407 4312 acquisitionis.

1838 4354 1927 4409 Ait
1954 4366 2109 4422 ergo,
2142 4355 2402 4416 suscepto
2433 4345 2640 4415 Spiritu
2670 4340 2945 4411 incepisse
2961 4349 3065 4389 nos
3106 4331 3412 4403 possessio-

1839 4458 1963 4499 nem
2003 4450 2058 4497 ει
2083 4440 2358 4512 peculium
2383 4436 2593 4491 Christi
2617 4446 2672 4491 et
2702 4432 2798 4487 Dei
2834 4430 2971 4487 ﬁeri.

228 4550 255 4582 ‹
288 4529 396 4582 Διά
442 4528 600 4582 τοῦτο
634 4528 791 4597 κάγὼ
820 4528 1055 4595 ἀκούσας
1087 4530 1185 4601 τὴν
1215 4530 1338 4583 καθ’
1377 4532 1521 4602 ὑμᾶς
1558 4529 1737 4585 πίστιν

1907 4533 2076 4588 Vens.
2131 4530 2317 4586 15-17.
2360 4548 2379 4581 ι
2410 4528 2708 4597 Propterea
2742 4532 2795 4579 et
2824 4540 2924 4594 ego
2955 4525 3188 4580 audiens
3250 4522 3409 4577 iidem

144 4626 210 4676 ἐν
231 4624 318 4695 τῷ
344 4622 535 4693 Κυρίῳ
562 4622 761 4691 Ἰησοῦ,
788 4625 883 4677 καὶ
915 4624 1014 4693 τὴν
1047 4624 1268 4696 ἀγάπην
1286 4625 1386 4694 τὴν
1419 4627 1498 4688 είς
1531 4628 1739 4689 πάντας

145 4717 286 4777 τοὺς
338 4713 555 4780 ἁγίους,
600 4712 662 4766 οὑ
715 4713 961 4784 παύομαι
1009 4714 1344 4786 εὐχαριστῶν
1393 4716 1534 4786 ὑπὲρ
1565 4716 1741 4787 ὑμῶν,

148 4806 363 4875 μνείαν
398 4797 551 4875 ὑμῶν
574 4803 895 4874 ποιούμενος
920 4804 1013 4858 ἐπὶ
1036 4806 1145 4857 τῶν
1169 4804 1486 4875 προσευχῶν
1511 4822 1635 4871 μου,
1656 4807 1743 4859 ἴνα

144 4900 179 4952 ὁ
217 4896 364 4960 Θεὸς
388 4895 483 4950 τοῦ
516 4897 721 4968 Κυρίου
745 4895 901 4968 ἡμῶν
948 4895 1124 4968 Ἰησοῦ
1162 4898 1421 4968 Χριστοῦ.
1469 4916 1489 4947 ι

225 4986 548 5057 Ἀκηκοὼς,
579 4989 731 5059 φησὶ,
764 4990 863 5059 τὴν
887 4989 1072 5042 πίστιν
1102 4989 1275 5060 ὑμῶν,
1309 4989 1430 5043 καθ’
1462 4993 1528 5061 ἦν
1545 4990 1745 5059 ἀναφέ-

146 5077 331 5152 ρεσθε
362 5079 447 5142 είς
470 5079 726 5150 Χριστὸν,
743 5078 839 5133 καὶ
858 5078 959 5151 τὴν
994 5079 1218 5152 ἀγάπην
1256 5081 1353 5151 τὴν
1374 5081 1649 5153 ἑπομένην
1675 5084 1741 5152 τῇ

144 5174 378 5237 πίστει,
415 5172 573 5243 χάριν
623 5172 881 5244 ἀναφέρω
909 5171 1051 5243 ὑπὲρ
1077 5171 1253 5242 ὑμῶν,
1285 5172 1381 5225 καὶ
1413 5171 1615 5243 ταύτην
1646 5173 1746 5227 οὐκ

144 5264 242 5328 είς
271 5260 449 5326 ἅπαξ.
483 5261 621 5319 ἀλλὰ
645 5262 740 5315 καὶ
774 5260 865 5315 διὰ
893 5261 1115 5324 παντός.

236 5372 262 5404 ι
320 5354 384 5408 '0
418 5354 608 5427 Πατὴρ
625 5353 726 5425 τῆς
757 5353 934 5425 δόξης.
981 5369 1000 5403 ι

227 5447 560 5513 Τουτέστιν,
584 5448 826 5521 ἀρχηγὸς
852 5449 1050 5511 παντὸς
1077 5445 1173 5500 τοῦ
1191 5446 1465 5520 διδομένου
1488 5446 1567 5511 είς
1599 5447 1746 5520 ἡμᾶς

148 5541 324 5596 θείου
358 5541 714 5612 χαρίσματος,
748 5543 886 5615 ὅπερ
922 5544 981 5597 ἐν
1006 5542 1285 5615 Πνεύματι
1324 5541 1412 5597 διὰ
1437 5542 1532 5596 τοῦ
1571 5540 1744 5611 Λόγου

149 5634 519 5705 χορηγεῖται.

241 5808 306 5845 ⁸⁸
362 5810 493 5864 Luc.
526 5824 611 5871 xv,
672 5807 753 5864 10.

1836 4637 2076 4682 vestram
2100 4640 2221 4695 qua:
2248 4632 2331 4678 est
2363 4622 2419 4676 in
2454 4621 2679 4675 Domino
2706 4617 2858 4683 Jesu,
2893 4626 2946 4673 et
2973 4617 3322 4672 dilectionem
3354 4616 3410 4669 in

1837 4731 2028 4772 omnes
2055 4722 2300 4778 sanctos,
2338 4726 2450 4765 non
2471 4724 2630 4764 cesso
2668 4707 2874 4779 gratias
2901 4722 3069 4778 agens
3095 4722 3198 4778 pro
3228 4706 3409 4768 vobis,

1838 4810 2161 4866 memoriam
2200 4807 2375 4862 vestri
2410 4804 2618 4859 faciens
2667 4804 2723 4856 in
2750 4802 3102 4857 orationibus
3142 4800 3307 4866 meis,
3351 4806 3414 4854 ut

1843 4901 1986 4957 Deus
2028 4899 2240 4954 Domini
2277 4898 2452 4953 nostri
2485 4895 2611 4951 Jesu
2647 4894 2876 4959 Christi,
2917 4913 2935 4945 ι

1911 4991 2136 5054 Audita,
2162 4989 2364 5059 inquit,
2391 4995 2568 5042 vestra
2588 4986 2694 5042 [ide
2726 5001 2837 5056 qua
2867 4984 3091 5040 Christo
3112 4996 3211 5037 vos
3236 4981 3409 5034 devo-

1840 5084 2005 5150 vetis,
2043 5097 2146 5138 nec
2180 5097 2290 5136 non
2351 5080 2652 5135 dilectione
2708 5093 2831 5149 quae
2883 5072 3219 5145 respondeat
3262 5073 3410 5137 ﬁdei,

1841 5186 2024 5248 grates
2062 5174 2244 5230 refero
2274 5187 2372 5243 pro
2397 5172 2572 5237 vobis,
2615 5185 2716 5225 nec
2748 5184 2857 5224 una
2903 5173 3115 5221 tantum
3141 5164 3281 5229 vice,
3313 5162 3409 5218 sed

1843 5266 2245 5323 indesinenter.

1926 5375 1944 5409 ι
1979 5355 2142 5410 Pater
2170 5354 2376 5426 gloriae,
2415 5372 2433 5405 ι

1922 5445 2036 5502 Hoc
2066 5455 2173 5510 est,
2204 5455 2403 5500 auctor
2450 5443 2632 5498 omnis
2689 5440 2839 5496 illius
2898 5438 3028 5493 doni
3058 5435 3231 5492 divini
3265 5434 3411 5506 quod

1851 5553 2180 5597 concessum
2210 5548 2297 5593 est
2331 5537 2530 5601 nobis;
2566 5532 2713 5606 quod
2742 5532 2963 5605 quidem
3004 5530 3060 5587 in
3085 5528 3293 5601 Spiritu
3318 5543 3419 5600 per

1854 5630 2091 5688 Verbum
2113 5628 2579 5687 subministratur.
