4022 6426
622 356 727 421 827

1801 352 1863 412 S.
1894 353 2209 412 JOANNIS
2250 353 2680 409 UAMASL'ENI

696 487 716 521 ι
750 467 851 523 Det
874 466 1032 522 vobis
1087 465 1359 537 Spiritum
1416 465 1706 535 sapientiae
1740 474 1797 520 et
1822 465 2175 521 revelationis

2357 484 2375 515 ε
2406 464 2524 533 Δῴη
2572 467 2700 536 ὑμῖν
2736 466 2957 537 Πνεῦμα
2996 469 3185 538 σοφίας
3218 471 3312 524 xui.
3364 468 3764 538 ἀποκαλύψεως
3798 472 3852 525 ἐν

622 564 679 619 in
714 562 992 633 agnitione
1015 560 1135 629 ejus
1156 558 1407 631 ;[Vens.
1459 559 1586 631 18.]
1625 559 1967 613 illuminatos
1996 557 2189 613 oculos

620 655 807 711 cordis
853 655 1044 715 vestri,
1100 661 1161 707 ut
1206 653 1395 709 sciatis
1437 668 1562 723 qua;
1606 654 1679 707 sit
1729 666 1857 721 spes
1880 650 2189 706 vocationis

620 749 761 818 ejus,
794 756 848 801 et
876 763 996 817 qua:
1023 745 1232 801 divitiae
1261 746 1450 816 glorize
1478 744 1817 800 hereditatis
1844 743 1967 813 ejus
1986 744 2043 797 in
2063 758 2192 798 san-

622 838 749 893 ctis.
771 857 789 888 ι

716 929 773 985 Id
810 928 957 998 quod
1012 926 1495 992 desiderabantur,
1552 924 1825 996 sapientia
1850 934 1905 981 et
1959 926 2190 982 scientia

622 1030 764 1085 erat,
796 1031 963 1090 utque
988 1034 1241 1074 sermone
1268 1027 1322 1072 et
1348 1018 1622 1088 sapientia
1653 1027 1981 1088 praestarent
2008 1017 2188 1073 cilicia

623 1113 928 1177 charitatis,
979 1116 1373 1180 cognoscentes
1416 1110 1672 1163 nimirum
1702 1124 1930 1165 causam
1967 1110 2184 1178 agendi,

628 1205 787 1274 180
830 1218 1010 1273 quove
1052 1202 1177 1265 (ine,
1204 1212 1259 1256 et
1286 1202 1618 1270 quibusnam
1652 1202 1813 1257 donis
1858 1201 2069 1272 dignati
2099 1216 2191 1256 es-

624 1304 748 1351 sent
774 1310 868 1364 per
904 1294 1132 1364 gratiam
1156 1306 1483 1349 concessam
1521 1292 1650 1347 sibi.

694 1384 858 1440 Vens.
893 1386 977 1439 l9.
1017 1406 1035 1436 ι
1057 1385 1120 1439 Ει
1151 1401 1274 1455 qua:
1296 1386 1371 1440 sit
1404 1386 1824 1456 supereminens
1852 1384 2175 1455 magnitudo

623 1482 844 1536 virtutis
873 1481 995 1548 ejus
1027 1481 1082 1533 in
1114 1494 1239 1540 nos.
1278 1478 1373 1548 qui
1408 1479 1687 1533 credimus
1722 1479 2025 1534 secundum
2055 1491 2193 1548 ope-

626 1574 893 1628 rationem
927 1572 1190 1641 potentiae
1214 1571 1445 1625 virtutis
1473 1571 1613 1637 ejus.
1651 1589 1668 1620 ι

696 1664 1022 1720 lmmensam
1081 1664 1231 1717 illam
1269 1665 1496 1719 virtutis
1552 1663 1999 1733 exsuperantiam
2032 1662 2188 1731 dicit,

625 1771 747 1826 quae
765 1756 1226 1809 resurrectionem
1251 1764 1596 1808 mortuorum
1628 1756 1887 1824 patravit.
1915 1754 2191 1815 Eximiutn

627 1850 826 1917 quippe
850 1858 934 1903 est
962 1863 1055 1901 eos
1084 1848 1178 1918 qui
1207 1848 1420 1917 pridem
1454 1847 1657 1900 mortui
1688 1854 1845 1901 erant
1876 1861 2184 1916 resurgere,

629 1938 1061 2008 brevissimoque
1093 1939 1363 2005 temporis
1396 1939 1623 1993 instanti
1660 1938 1962 1994 viventium
2000 1948 2187 1993 astare

629 2030 1060 2085 multitudinem.
1158 2031 1434 2094 Quocirca
1493 2030 1795 2083 incredulis
1848 2028 2190 2082 incredibilis

629 2124 715 2171 est
750 2117 875 2172 hac
929 2120 1319 2188 exsuperantia
1368 2120 1651 2188 potentiaz,
1708 2118 2008 2174 secundum
2054 2117 2191 2171 illud

2290 560 2581 626 ἐπιγνώσει
2628 560 2814 625 αὑτοῦ,
2874 564 3316 631 πεφωτισμένους
3372 562 3497 626 τοὺς
3544 562 3850 631 ὀφθαλμοπ

2288 650 2388 720 τῆς
2428 651 2657 721 καρδίας
2691 653 2845 723 ὑμῶν
2876 657 2954 717 εἰς
2981 656 3041 708 rb
3077 655 3277 709 εἰδέναι
3311 656 3477 725 ὑμᾶς,
3525 656 3604 719 τίς
3639 658 3786 708 ἐστιν
3814 658 3846 728 ἡ

2290 741 2442 804 ἐλπὶς
2472 741 2572 810 τῆς
2598 742 2842 813 κλήσεως
2870 743 3056 807 αὑτοῦ,
3091 745 3183 798 καὶ⁵
3205 746 3287 808 τίς
3318 748 3347 799 ό
3378 744 3608 808 πλοῦτος
3648 749 3747 813 τῆς
3768 746 3847 799 δό-

2292 833 2386 903 ξης
2418 832 2517 902 τῆς
2546 832 2911 904 κληρονομίας
2940 833 3104 887 αὑτοῦ
3148 836 3206 887 ἐν
3234 838 3348 897 τοῖς
3382 836 3578 903 ἀγίοις.
3620 854 3639 885 ι

2362 923 2435 977 Τὸ
2472 923 2717 977 ἐλλεῖπον
2736 921 2853 996 ἦνή
2884 927 3045 995 σοφία
3071 927 3165 980 xal.
3186 928 3219 997 ἡ
3244 928 3465 996 γνῶσις,
3488 928 3580 980 καὶ
3607 929 3695 980 ἵνα
3718 928 3849 996 λόγῳ

2291 1016 2388 1069 καὶ
2418 1016 2579 1087 σοφίᾳ
2609 1017 2889 1087 πράττωσι
2936 1017 3006 1070 τὰ
3044 1018 3145 1088 τῆς
3174 1020 3412 1089 ἀγάπης,
3462 1020 3663 1083 εἰδότες
3685 1060 3700 1081 ,
3734 1020 3798 1072 δι’
3821 1021 3847 1072 ὅ

2292 1106 2589 1176 πράττουσι
2632 1108 2727 1161 καὶ
2770 1109 2861 1162 ἐπὶ
2909 1109 3046 1179 ποίῳ
3073 1110 3235 1175 τέλει,
3266 1112 3359 1163 καὶ
3387 1111 3547 1164 τίνων
3591 1112 3700 1181 ήδη
3728 1130 3847 1165 κατ-
3922 1170 3931 1177 _

2290 1198 2547 1269 ηξίωνται
2570 1200 2711 1254 κατά
2738 1201 2835 1271 τὴν
2856 1200 3101 1255 δοθεῖσαν
3127 1202 3306 1273 χάριν.

2368 1402 2387 1435 ι
2416 1384 2525 1437 Καὶ
2548 1383 2600 1436 τί
2634 1383 2694 1437 rb
2720 1381 3055 1454 ὑπερϐάλλον
3081 1381 3312 1452 μέγεθος
3335 1383 3433 1453 τῆς
3450 1383 3739 1454 δυνάμεως
3756 1385 3843 1439 αὑ-

2292 1475 2385 1529 τοῦ
2416 1478 2495 1540 είς
2540 1476 2686 1547 ἡμᾶς
2708 1517 2721 1539 ,
2755 1478 2881 1538 τοὺς
2913 1473 3265 1539 πιστεύοντας
3292 1475 3433 1530 κατά
3453 1474 3552 1546 τὴν
3575 1476 3847 1547 ἐνέργειαν

2292 1568 2384 1622 τοῦ
2420 1568 2653 1639 κράτους
2680 1568 2779 1638 τῆς
2819 1568 3001 1638 ίσχὺος
3032 1567 3217 1622 αὑτοῦ.
3251 1587 3269 1618 ι

2361 1662 2639 1732 Μεγίστην
2669 1661 2972 1731 ὑπερϐολὴν
2995 1661 3277 1731 δυνάμεως
3312 1660 3483 1730 λέγει,
3514 1660 3851 1732 χορηγούσης

2292 1755 2371 1817 εἰς
2403 1756 2552 1824 ἡμᾶς
2581 1752 2678 1825 τὴν
2704 1754 2913 1825 νεκρῶν
2942 1754 3290 1823 ζωοποίησιν.
3322 1754 3479 1823 Μέγα
3507 1754 3620 1823 γὰρ
3651 1754 3714 1806 τὸ
3740 1756 3851 1815 τοὺς

2291 1847 2350 1912 ἐξ
2377 1847 2570 1909 αἰῶνος
2589 1846 2885 1915 ἀναστῆναι
2914 1845 3162 1917 θνητοὺς,
3196 1844 3273 1915 τῷ
3298 1845 3476 1915 πλήθη
3500 1846 3713 1909 ζῶντας
3742 1844 3761 1883 ί
3793 1844 3851 1897 δι’

2291 1936 2471 2004 ὀλίγου
2491 1934 2853 2006 παραστῆναι.
2879 1934 2969 1987 Διὸ
2986 1937 3096 1997 τοῖς
3115 1934 3364 1997 ἀπίστοις
3381 1933 3611 1995 ἄπιστος
3635 1935 3669 2000 ή
3695 1934 3852 2001 ὑπερ-

2291 2024 2438 2097 ϐολὴ,
2472 2024 2613 2078 κατά
2642 2024 2704 2077 rb
2729 2023 3016 2094 εἰρημένον
3038 2040 3049 2052 ·
3097 2024 3199 2079 Ἐν
3232 2022 3311 2090 τῷ
3353 2024 3571 2091 πλήθει
3615 2023 3731 2089 τῆς
3753 2023 3848 2077 ὃν·

2290 2116 2518 2187 νάμεώς
2546 2132 2662 2172 σου
2694 2117 3029 2186 ψεύσονται
3048 2133 3121 2173 σε
3152 2119 3207 2171 οἱ
3240 2118 3440 2186 ἐχθροί
3470 2134 3611 2172 σου.

628 2208 846 2263 effatum
888 2228 901 2262 :
938 2208 1002 2263 In
1053 2211 1389 2265 multitudine
1438 2212 1646 2265 virtutis
1713 2222 1817 2265 tute
1875 2212 2191 2265 mentiantur
2282 2244 2285 2247 -

630 2299 724 2353 tibi
752 2301 955 2354 inimici
987 2302 1062 2354 tui
1095 2302 1160 2355 ”.

700 2388 863 2446 Vens.
926 2390 1019 2454 ‘20,
1048 2392 1135 2444 21.
1178 2410 1195 2441 ε
1223 2391 1395 2457 Quam
1429 2400 1690 2461 operatus
1735 2401 1819 2447 est
1849 2392 1901 2446 in
1944 2394 2188 2458 Christo,

629 2484 905 2537 suscitans
945 2483 1096 2537 illum
1132 2500 1160 2536 a
1196 2484 1449 2547 mortuis.
1484 2493 1538 2539 et
1585 2485 1872 2539 constituit
1902 2486 1967 2539 ad
2003 2486 2193 2540 dexte-

629 2588 742 2626 ram
768 2590 919 2629 suam
941 2575 996 2628 in
1018 2576 1359 2641 cmlestibus,
1385 2593 1550 2646 supra
1579 2591 1795 2631 omnem
1821 2578 2187 2649 principatum

625 2673 680 2717 et
718 2672 1039 2734 potestatem
1068 2708 1082 2730 ,
1132 2677 1185 2721 et
1241 2667 1495 2722 virtutem
1545 2677 1599 2724 et
1648 2669 2103 2738 dominationem,
2136 2680 2191 2726 et

624 2769 786 2809 omne
808 2772 1005 2811 nomen
1041 2758 1188 2826 quod
1218 2761 1550 2814 nominatur.
1595 2782 1613 2813 ι

694 2844 944 2902 Ostendit
973 2849 1133 2903 nobis
1158 2851 1321 2909 Deus.
1356 2853 1551 2923 inquit,
1617 2854 1669 2907 in
1704 2854 1925 2911 Christo
1979 2857 2189 2927 magni-

623 2937 865 2992 tudinem
908 2948 962 2993 et
995 2942 1415 3008 praecellentiam
1441 2960 1629 2999 eorum
1658 2962 1780 3015 quae
1833 2948 1992 3002 nobis
2024 2949 2189 3019 largi-

622 3034 713 3082 tus
752 3036 856 3083 est.
912 3028 1021 3085 Nos
1050 3032 1252 3101 quippe
1286 3050 1392 3087 una
1426 3038 1761 3091 resuscitavit
1813 3048 1865 3092 et
1910 3041 2187 3095 consedere

2366 2399 2386 2431 ι
2423 2381 2525 2433 Ἢν
2556 2380 2856 2451 ἐνήργησεν
2882 2382 2941 2435 ἐν
2960 2381 3036 2451 τῷ
3072 2381 3313 2453 Χριστῷ,
3350 2382 3573 2454 ἐγείρας
3594 2383 3762 2437 αὑτὸν
3795 2387 3849 2438 ἐκ

2289 2470 2517 2542 νεκρῶν,
2551 2472 2645 2525 καὶ
2671 2473 2922 2526 ἐκάθισεν
2952 2475 3009 2526 ἐν
3034 2474 3180 2544 δεξιᾷ
3209 2472 3373 2527 αὑτοῦ
3402 2475 3460 2526 ἐν
3478 2477 3591 2538 τοῖς
3624 2477 3847 2545 ἐπουραο

2291 2564 2443 2626 νίοις,
2478 2565 2731 2636 ὑπεράνω
2758 2565 2939 2635 πάσης
2974 2566 3168 2638 ἀρχῆς,
3206 2568 3300 2619 καὶ
3338 2566 3609 2632 ἐξουσίας,
3642 2568 3736 2621 καὶ
3768 2569 3847 2621 δυο

2290 2656 2537 2725 νάμεως,
2580 2658 2674 2714 καὶ
2714 2658 3175 2731 κυριότητολκαὶ
3203 2659 3402 2723 παντὸς
3443 2658 3707 2732 ὀνόματος
3738 2660 3847 2713 ὀνο-

2292 2752 2615 2821 μαζομένου.
2653 2771 2672 2804 ο

2362 2842 2590 2907 Ἐδειξε,
2624 2844 2809 2913 φησὶν,
2841 2845 2971 2915 ἡμῖν
2989 2845 3018 2897 ό
3044 2843 3175 2908 Θεὸς
3198 2847 3255 2898 ἐν
3288 2845 3509 2916 Χριστῷ
3537 2845 3601 2898 rb
3632 2844 3849 2916 μέγεθος

2289 2935 2383 2990 καὶ
2408 2936 2505 3007 τὴν
2547 2936 2849 3009 ὑπερϐολὴν
2880 2931 2955 2991 ῶν
2988 2940 3119 3009 ἡμῖν
3145 2938 3453 3008 ἐχαρίσατο.
3491 2938 3847 3007 Συνήτειρεν

2287 3028 2395 3101 γάρ
2416 3027 2572 3098 ἡμᾶς
2593 3030 2690 3089 καί
2712 3031 3111 3095 συνεκάθισεν
3127 3032 3196 3085 ἐν
3209 3029 3438 3101 Χριστῷ
3449 3032 3520 3085 ἐν
3534 3031 3658 3097 τοῖς
3676 3032 3845 3085 excv-

622 3118 826 3187 fecitin
858 3122 1179 3177 cwleslibus.
1221 3124 1357 3179 Cum
1398 3128 1543 3181 enim
1578 3144 1780 3200 corpus
1803 3144 2052 3188 nostrum
2077 3150 2181 3190 non

2288 3122 2533 3189 ρανὼις.
2570 3123 2785 3196 Ἐπειδὴ
2834 3127 2942 3196 γάρ
2981 3126 3080 3179 οὐκ
3109 3120 3176 3197 ἦν
3204 3126 3267 3179 τὸ
3296 3125 3455 3196 σῶμα
3484 3124 3549 3178 τὸ
3590 3125 3849 3194 ἡμέτερον

622 3224 722 3281 per
774 3228 833 3267 se
885 3214 1069 3282 quiret
1125 3218 1379 3286 excipere
1410 3220 1671 3274 virtutem
1720 3232 1775 3277 et
1804 3224 2182 3281 ellicacitatem

620 3318 730 3374 qua
778 3304 887 3359 vita
951 3309 1319 3376 praeberetur;
1380 3313 1584 3381 quippe
1640 3315 1789 3383 quod
1821 3331 2028 3387 corpus
2059 3328 2181 3373 erat

620 3397 836 3461 mortis,
903 3398 1180 3456 residente
1242 3401 1294 3456 in
1356 3402 1478 3471 ipso
1514 3419 1613 3475 per
1670 3409 2181 3476 praevaricationem

621 3499 872 3555 peccato,
907 3506 1028 3545 eam
1061 3492 1130 3547 ob
1147 3509 1259 3548 rem
1290 3494 1615 3565 Unigenitus
1645 3497 1735 3552 Dei
1763 3499 1898 3554 illud
1931 3501 2038 3556 sibi
2060 3517 2185 3571 pro-

619 3580 797 3649 prium
832 3582 978 3644 fecit,
1008 3592 1063 3639 ut
1098 3586 1231 3640 illud
1297 3602 1327 3639 a
1358 3594 1582 3656 pec'cato
1648 3606 1875 3648 servans
1927 3594 2183 3649 idoneum

620 3672 894 3736 redderet,
935 3692 1061 3731 cum
1094 3677 1239 3742 vitae,
1270 3687 1384 3733 tum
1412 3682 1596 3751 gloria:
1624 3686 1970 3754 accipiendas.
2008 3687 2185 3758 Atque

619 3765 723 3819 hoc
751 3767 1091 3836 signiﬁcatur
1117 3770 1204 3825 his
1235 3772 1441 3840 verbis,
1464 3776 1896 3831 conresuscilavit
1921 3788 1971 3833 et
2000 3795 2184 3838 conse-

616 3853 739 3910 dere
770 3858 888 3925 [ει-ὴ
927 3859 981 3912 in
1026 3860 1346 3917 caelestibus.

695 3966 715 3999 ‹
737 3947 851 4003 Non
884 3951 1061 4005 solum
1085 3952 1139 4005 in
1173 3954 1277 4008 hoc
1300 3955 1525 4020 saaculo,
1556 3957 1651 4013 sed
1696 3959 1861 4013 etiam
1890 3960 1945 4015 in
1974 3962 2181 4017 futuro.

617 4037 820 4113 [νεεδ.
868 4042 985 4115 22].
1014 4044 1082 4097 Et
1114 4047 1297 4100 omnia
1346 4048 1703 4115 subjecitsub
1729 4052 1963 4121 pedibus
1984 4055 2126 4125 ejus.
2158 4074 2178 4108 ι

2284 3212 2353 3266 δι’
2381 3213 2577 3267 ἑαυτοῦ
2608 3214 2853 3270 δεκτικὸν
2877 3217 2975 3288 τῆς
3002 3217 3283 3289 δυνάμεως
3310 3217 3405 3271 καὶ
3440 3216 3540 3284 τῆς
3572 3216 3847 3285 ἐνεργείας

2284 3302 2381 3372 τῆς
2415 3303 2703 3369 ζωοποιοῦ,
2739 3305 2821 3357 ὅτι
2850 3300 2920 3377 ἦν
2950 3305 3107 3376 σῶμα
3156 3305 3409 3372 Θανάτου,
3454 3305 3557 3375 ⁴τῆς
3579 3305 3846 3376 ἁμαρτίας

2285 3394 2342 3448 ἐν
2392 3394 2542 3465 αὐτῷ
2574 3396 3053 3469 ἐγκατῳκισμένης
3105 3398 3191 3452 διά
3240 3398 3338 3468 τὴν
3384 3397 3723 3472 παράϐασιν,
3771 3397 3849 3451 διὰ

2284 3486 2439 3541 τοῦτο
2460 3488 2592 3541 ῐδιον
2616 3487 2747 3541 αὑτὸ
2768 3489 2795 3540 ὁ
2820 3490 3129 3561 Μονογενὴς
3155 3490 3466 3561 ἐποιήσατο,
3498 3491 3586 3544 ἵνα
3613 3490 3852 3560 ἀναμάρ-

2282 3593 2445 3647 τητον
2494 3578 2628 3631 αὑτὸ
2669 3578 2910 3647 φυλάξεις
2934 3619 2949 3643 ,
2986 3580 3077 3634 καὶ
3105 3580 3205 3650 τῆς
3235 3579 3401 3650 ζωῆς,
3453 3582 3549 3635 καὶ
3576 3582 3682 3652 τῆς
3705 3581 3851 3650 δόξης

2284 3666 2417 3721 αὑτὸ
2445 3670 2842 3749 παρασκευάσῃ
2867 3670 3114 3740 γινέσθαι
3137 3672 3407 3729 δεκτικόν.
3426 3674 3541 3726 Καὶ
3555 3673 3719 3728 τοῦτό
3744 3676 3848 3726 ἐστι

2284 3762 2364 3826 rb,
2412 3761 2774 3832 συνήγειρεν
2805 3764 2901 3818 καί
2946 3764 3349 3821 συνεκάθισεν
3380 3765 3454 3818 ἐν
3504 3766 3636 3833 τοῖς
3686 3770 3849 3836 οὐρα·

2284 3857 2455 3921 νίοις.

2358 3968 2376 3999 ‹
2417 3948 2489 4002 Οὑ
2528 3948 2686 4020 μόνον
2712 3950 2769 4002 ἐν
2818 3948 2897 4019 τῷ
2927 3948 3085 4003 αἰῶνι
3128 3948 3324 4018 τούτῳ,
3377 3948 3516 4003 ἀλλά
3546 3949 3645 4002 καὶ
3681 3953 3741 4004 ἐν
3779 3948 3849 4018 τῷ

2286 4040 2560 4109 μέλλοντι’
2593 4042 2688 4095 καὶ
2725 4041 2899 4096 πάντα
2926 4041 3191 4109 ὑπέταξεν
3229 4039 3338 4096 ὑπὸ
3359 4040 3486 4104 τοὺς
3538 4041 3715 4106 πόδας
3760 4044 3847 4097 αὑ.

2282 4150 2396 4186 του.
2440 4152 2457 4184 ι

2350 4223 2613 4295 Διηνεκὴς
2644 4225 2677 4293 ή
2706 4222 2848 4289 δόξα,
2881 4224 3159 4295 ἀρξαμένη
3201 4224 3299 4293 μὲν
3318 4223 3425 4277 ἀπὸ
3454 4222 3551 4277 τοῦ
3592 4224 3851 4294 παρόντος

687 4220 869 4276 Gloria
924 4233 1187 4293 perpetua
1242 4234 1361 4291 est;
1398 4243 1520 4294 qua:
1571 4230 1789 4299 quidem
1826 4248 1951 4288 cum
1980 4234 2048 4290 ab
2080 4236 2184 4295 hoc

616 4326 731 4364 aevo
755 4312 999 4381 incipiat,
1030 4316 1083 4368 in
1108 4318 1368 4370 saeculum
1400 4322 1577 4375 omnis
1601 4338 1797 4391 expers
1822 4327 1946 4385 linis
1987 4339 2181 4386 exten-

2288 4317 2497 4381 αἰῶνος,
2527 4316 2925 4388 παρατείνουσα
2972 4315 3028 4369 δέ
3060 4316 3140 4378 είς
3166 4314 3258 4367 τὸν
3284 4314 3514 4383 ἄπειρον
3540 4315 3716 4367 αἰῶνα
3737 4332 3753 4346 ·
3775 4314 3851 4366 ὅτι

616 4401 778 4492 ditur.
805 4402 861 4456 In
894 4405 994 4458 hoc
1024 4407 1228 4476 quippe
1253 4411 1514 4466 consistit
1537 4415 1714 4472 virtus
1762 4420 2098 4492 incorruptae
2126 4435 2181 4482 et

2288 4405 2436 4459 τοῦτο
2469 4409 2501 4476 ἡ
2526 4406 2756 4475 δύναμις
2783 4408 2881 4476 τῆς
2912 4407 3186 4477 ἀφθάρτου
3214 4408 3307 4460 καὶ
3341 4406 3554 4472 ἐνδόξου
3595 4407 3850 4479 διαμονῆς

613 4491 866 4559 gloriosa:
900 4500 1322 4564 permansionis,
1346 4504 1493 4571 quod
1524 4506 1646 4561 vita:
1668 4518 1865 4565 auctor
1891 4513 1947 4570 in
1979 4491 2179 4572 saecula

2288 4498 2464 4567 ἡμῶν,
2506 4498 2569 4551 τὸ
2596 4497 2687 4551 τὸν
2726 4499 2965 4569 ἀρχηγὸν
2993 4499 3093 4568 τῆς
3120 4498 3263 4568 ζωῆς
3306 4498 3585 4569 διαμένειν
3617 4502 3697 4563 είς
3728 4498 3849 4552 αἰῶ-

612 4592 816 4641 κιειιιιε
850 4588 1139 4658 ζρετείειαι.
2210 4600 2255 4656 D
2282 4608 2397 4653 νας.

688 4693 708 4727 ι
760 4676 827 4732 Et
880 4679 1058 4749 ipsum
1102 4681 1255 4738 dedit
1295 4693 1461 4756 caput
1493 4703 1663 4761 super
1713 4710 1935 4753 omnem
1991 4699 2183 4759 Eccle-

2356 4703 2374 4733 ε
2413 4682 2523 4736 Καὶ
2566 4682 2727 4736 αὑτὸν
2766 4682 2932 4735 ἔδωκε
2954 4684 3192 4755 κεφαλὴν
3220 4684 3359 4755 ὑπὲρ
3388 4685 3571 4739 πάντα
3618 4687 3685 4755 τῇ
3727 4684 3846 4737 Ἐκ-

617 4769 776 4821 siam.
808 4788 827 4821 ι

2288 4774 2499 4847 κλησίᾳ.
2538 4794 2556 4827 ι

690 4857 778 4913 Uti
819 4876 925 4916 non
975 4866 1210 4935 amplius
1237 4877 1402 4939 caput
1462 4884 1717 4933 nostrum
1774 4881 1887 4936 sint
1934 4883 2171 4943 virtutes

2361 4867 2446 4932 Ὠς
2474 4869 2671 4939 μηκέτι
2701 4868 2799 4932 τάς
2824 4868 3104 4938 οὐρανίους
3128 4869 3383 4940 δυνάμεις
3420 4866 3563 4925 εἶναι
3606 4869 3841 4940 κεφαλὴν

613 4949 891 5017 caelestes.
940 4955 1046 5010 nisi
1079 4968 1346 5026 quatenus
1399 4978 1788 5034 procuratores
1818 4976 1995 5029 nostri
2044 4988 2176 5033 sunt

2288 4946 2367 5028 ἐφ’
2394 4962 2546 5031 ἡμῖν.
2579 4958 2715 5013 καθὸ
2737 4958 2830 5012 καὶ
2861 4960 2966 5012 ὑπὸ
3001 4960 3329 5030 ἐπιτρόπους
3352 4962 3377 5000 ε
3406 4960 3502 5013 καὶ
3531 4961 3843 5029 οἰκονόμους

613 5050 667 5097 et
712 5044 1143 5134 dispensatores,
1192 5056 1495 5111 secundum
1534 5076 1750 5115 sacram
1780 5063 2028 5134 Apostoli
2082 5084 2179 5124 vo-

2288 5049 2454 5119 ἡμῶν,
2486 5049 2624 5103 κατὰ
2639 5047 2736 5119 τὴν
2765 5048 2915 5119 ἱερὰν
2942 5048 3034 5100 τοῦ
3072 5048 3398 5101 Ἀποστόλου
3433 5051 3634 5120 φωνήν.

612 5146 730 5187 cem
748 5133 814 5189 ⁸ο.

686 5222 849 5293 Vens.
871 5228 959 5283 2'5.
1005 5250 1021 5281 ι
1047 5230 1177 5297 Qua:
1210 5244 1295 5289 est
1327 5254 1528 5307 corpus
1566 5240 1757 5307 ipsius.
1799 5262 1817 5295 ι

682 5316 896 5389 Corpus
942 5322 1061 5388 ejus
1091 5332 1175 5378 est
1236 5326 1500 5395 Ecclesia,
1546 5343 1766 5402 propter
1793 5344 2171 5399 communica-

611 5409 813 5464 tionem
833 5411 1069 5481 Spiritus
1090 5420 1287 5475 sancti.

2348 5273 2367 5305 t
2410 5256 2567 5317 ’Ἡτις
2596 5254 2715 5307 ἐστὶ
2738 5255 2798 5309 rb
2826 5257 2984 5324 σῶμα
3006 5255 3192 5309 αὑτοῦ.
3233 5272 3252 5305 ι

2340 5346 2507 5417 Σῶμα
2528 5346 2715 5411 αὑτοῦ,
2744 5348 2777 5418 ἡ
2818 5347 3110 5418 Ἐκκλησία
3136 5346 3277 5400 κατά
3306 5346 3405 5419 τὴν
3426 5344 3728 5419 μετάληψιν
3750 5342 3846 5397 τώ

2275 5440 2427 5509 ἁγίου
2455 5437 2594 5493 Ι]νεὺ
2603 5456 2789 5510 ματος.

665 5585 712 5620 ⁸³
746 5588 883 5641 Psal.
922 5604 1085 5651 uxv,
1112 5592 1165 5647 3.
1236 5595 1281 5625 ⁸ο
1308 5594 1471 5653 Hebr.
1512 5616 1550 5662 ι,
1583 5602 1668 5656 H.

1876 5701 2109 5759 VARUE
2149 5706 2551 5763 LECTIONES.

690 5770 710 5810 ί
738 5771 1000 5842 Suspecta
1040 5794 1179 5834 vox:
1208 5781 1365 5850 forte,
1394 5785 1453 5837 rb
1484 5784 1659 5858 πλήθη
1691 5788 1883 5854 ζῶντα.
1964 5799 1989 5836 ε
2014 5798 2103 5853 Sic
2132 5798 2324 5870 legero,
2350 5803 2394 5854 εἰ
2432 5800 2507 5873 μὴ
2526 5800 2665 5855 κατὰ
2697 5800 2753 5855 rb
2776 5797 2912 5855 εἶναι
2943 5801 3123 5873 ὲπιτρ.
