4022 6416
1275 372 1355 431 ΙΝ
1395 372 1634 433 EPIST.
1674 372 1772 432 AD
1808 371 2199 433 EPHESlOS.

3277 373 3382 436 830

226 490 249 525 ε
278 474 351 527 Τὸ
380 474 652 547 πλήρωμα
678 476 774 531 τοῦ
820 478 889 532 τὰ
931 480 1105 534 πάντα
1132 481 1191 531 ἐν
1231 482 1367 534 πᾶσι
1394 481 1702 552 πληρουμέ-

1890 500 1910 531 ‹
1938 480 2225 535 Plenitudo
2242 480 2386 550 ejus,
2413 479 2505 548 qui
2538 480 2723 535 omnia
2756 480 2811 535 in
2849 478 3166 534 hominibus
3192 477 3371 531 adim-

149 580 263 621 νου.
305 583 327 617 ι

225 656 292 710 Ἥ
332 658 625 729 Ἐκκλησία
653 661 820 726 ἐστὶν,
851 663 884 733 ἡ
912 663 1155 727 δεκτικὴ,
1182 666 1334 734 φησὶ,
1368 665 1459 718 τοῦ
1492 665 1711 736 διήκον-

143 764 255 813 τος,
286 749 397 803 τῶν
420 751 682 823 οὐρανίων
720 753 818 823 μὲν
848 754 1034 821 πάλαι,
1075 756 1169 810 νῦν
1196 757 1253 810 δὲ
1287 758 1383 811 καὶ
1419 758 1708 825 ἐπιγείων.

725 969 975 1024 ΚΕΦΑΛ.
1010 970 1086 1027 Β’.

215 1091 237 1123 ι
274 1074 386 1127 Καὶ
420 1075 563 1147 ὑμᾶς
592 1078 749 1141 ὄντας
782 1082 1014 1152 νεκροὺς
1041 1083 1152 1145 τοῖς
1181 1084 1589 1156 παραπτώμασι
1615 1087 1709 1141 καὶ

80 1156 98 1171 ⁸
137 1168 260 1230 ταῖς
283 1169 599 1237 ἁμαρτίαις,
622 1173 679 1224 ἐν
701 1165 787 1235 αἷς
818 1190 947 1225 ποτε
984 1178 1424 1247 περιεπατήσατε
1452 1180 1591 1232 κατὰ
1616 1180 1708 1232 τὸν

138 1257 314 1311 αἰῶνα
345 1260 439 1314 τοῦ
470 1262 673 1333 κόσμου
729 1264 950 1332 τούτου,
1009 1268 1150 1321 κατὰ
1198 1269 1290 1322 τὸν
1344 1270 1577 1340 ἄρχοντα
1609 1272 1708 1343 τῆς

138 1350 389 1414 ἐξουσίας
418 1352 510 1405 τοῦ
554 1354 731 1421 ἀέρος,
771 1354 863 1407 τοῦ
894 1355 1200 1426 πνεύματος
1235 1358 1329 1412 τοῦ
1362 1361 1706 1431 ἐνεργοῦντος

138 1440 195 1491 ἐν
231 1442 347 1504 τοῖς
384 1442 517 1505 υἱοῖς
565 1444 851 1506 ἀπειθείας
880 1487 895 1510 ,
952 1446 1008 1497 ἐν
1059 1441 1139 1509 οἷς
1178 1448 1271 1500 καὶ
1300 1450 1462 1519 ἡμεῖς
1507 1451 1706 1517 πάντες

136 1532 557 1602 ἀνεστράφημέν
605 1550 734 1585 ποτε
786 1536 841 1586 ἐν
876 1538 993 1597 ταῖς
1033 1536 1349 1606 ἐπιθυμίαις
1378 1540 1475 1609 τῆς
1504 1540 1705 1611 σαρκὸς

136 1623 318 1691 ημῶν,
365 1625 644 1689 ποιοῦντες
680 1626 748 1679 τὰ
801 1626 1084 1696 θελήματα
1110 1628 1208 1697 τῆς
1239 1631 1439 1699 σαρκὸς
1473 1632 1567 1684 καὶ
1598 1633 1705 1684 τῶν

136 1716 405 1781 διανοιῶν,
460 1719 553 1772 καὶ
606 1715 749 1789 ἦμεν
798 1721 963 1775 τέκνα
994 1722 1150 1792 φύσει
1177 1723 1369 1795 ὀργῆς,
1419 1725 1494 1789 ὡς
1536 1728 1631 1779 καὶ
1655 1728 1702 1779 οί

1722 620 1737 635 ,
1813 572 1940 643 plet.
1973 591 1991 623 )

1883 661 2127 716 Ecclesia
2180 668 2285 725 est,
2327 660 2525 729 inquit,
2578 676 2702 729 ηοω
2726 660 2877 715 illum
2914 660 3083 729 capit,
3119 659 3211 727 qui
3237 657 3369 711 olim

1811 752 2029 822 quidem
2097 751 2344 806 caelestia
2394 751 2726 820 pervadebat
2824 764 2970 804 nunc
3026 758 3208 803 autem
3263 756 3376 801 ter-

1812 856 1966 897 rena.

2438 976 2590 1033 CAP.
2626 975 2694 1031 ll.

1878 1083 2042 1140 Vens.
2092 1087 2208 1141 1-5.
2256 1105 2275 1139 ι
2307 1086 2373 1141 Ει
2417 1103 2510 1142 vos
2565 1101 2690 1140 cum
2746 1087 2951 1141 mortui
3004 1086 3202 1140 essetis
3242 1085 3379 1139 deli-

1810 1178 1914 1233 ctis
1966 1178 2163 1233 vestris
2190 1187 2245 1233 et
2278 1179 2542 1247 peccatis,
2566 1178 2622 1232 in
2667 1179 2873 1248 quibus
2923 1177 3224 1246 aliquando
3260 1192 3379 1229 am-

1808 1269 2037 1325 bulastis
2091 1270 2389 1324 secundum
2424 1272 2683 1325 saeculum
2738 1270 3142 1339 mundihujus,
3179 1284 3379 1323 secun-

1808 1360 1935 1413 dum
1985 1360 2291 1430 principem
2353 1362 2497 1416 aeris
2550 1362 2737 1432 hujus,
2790 1362 3018 1433 spiritus
3079 1362 3170 1431 qui
3229 1375 3377 1414 nunc

1806 1457 2068 1518 operatur
2090 1451 2145 1503 in
2181 1450 2325 1504 ﬁlios
2353 1451 2703 1519 diliidentiae;
2740 1452 2796 1506 in
2820 1453 3023 1522 quibus
3049 1458 3104 1505 et
3137 1465 3237 1505 nos
3259 1464 3379 1503 om-

1807 1555 1904 1595 nes
1926 1541 2221 1609 aliquando
2245 1542 2553 1596 conversati
2581 1559 2771 1600 sumus
2802 1544 2853 1597 in
2874 1543 3166 1597 desideriis
3190 1541 3378 1597 carnis

1808 1639 2010 1687 nostra:
2036 1631 2301 1688 facientes
2313 1633 2648 1689 voluntatem
2673 1634 2863 1689 carnis
2883 1643 2936 1688 et
2955 1634 3372 1701 cogitationum,

1805 1734 1859 1779 et
1912 1739 2136 1779 eramus
2189 1735 2384 1778 natura
2420 1725 2518 1778 ﬁlii
2568 1725 2687 1791 irae,
2720 1726 2862 1779 sicut
2888 1724 3168 1778 etczeteri.
3231 1721 3375 1777 Deus

136 1808 334 1862 Αοιποί.
379 1809 436 1862 Ὀ
480 1811 538 1863 δὲ
582 1811 714 1875 Θεὸς
757 1812 1011 1877 πλούσιος
1055 1813 1129 1867 ὣν
1172 1816 1229 1868 ἐν
1277 1816 1458 1883 ἐλέει,
1492 1817 1580 1871 διὰ
1603 1818 1702 1888 τὴν

1806 1824 1985 1870 autem
2020 1816 2116 1886 qui
2154 1815 2306 1872 dives
2334 1827 2421 1873 est
2452 1817 2508 1871 in
2549 1817 2963 1880 misericordia,
3016 1827 3244 1885 propter
3292 1815 3375 1868 ni-

134 1901 336 1972 πολλὴν
357 1902 578 1974 ἀγάπην
603 1905 792 1970 αὐτοῦ,
821 1906 887 1975 ἣν
914 1907 1196 1978 ἠγάπησεν
1234 1909 1401 1978 ἡμᾶς,
1433 1910 1527 1962 κα)⁹
1547 1910 1705 1975 ὄντας

133 1993 281 2062 ἡμᾶς
313 1995 538 2066 νεκροὺς
566 1997 678 2058 τοῖς
724 1997 1188 2068 παραπτώμασιν,
1244 1995 1705 2072 συνεζωοποίηάεν

131 2085 192 2136 ἐν
219 2084 298 2155 τῷ
328 2086 567 2156 Χριστῷ.
600 2088 796 2159 Χάριτί
843 2091 965 2141 ἐστε
995 2092 1348 2162 σεσωσμένοι.
1392 2113 1411 2145 ι

211 2173 411 2243 Ὑμεῖς,
441 2177 594 2246 φησὶ,
625 2178 751 2240 τοὺς
782 2177 841 2243 ἐξ
873 2178 1043 2232 ἐθνῶν
1086 2180 1395 2251 ἐξαιρέτους
1421 2182 1580 2247 ὄντας
1608 2182 1703 2237 τοῦ

128 2265 377 2322 θανάτου
411 2268 496 2322 διὰ
520 2270 618 2339 τὴν
640 2271 914 2342 ἁμαρτίαν
940 2273 996 2325 ἐν
1094 2274 1254 2345 ἐζῆτε
1283 2276 1386 2328 ὑπὸ
1416 2274 1508 2329 τοῦ
1540 2293 1706 2348 πονη-

130 2358 226 2427 ροῦ
250 2358 509 2429 δαίμονος
534 2360 627 2414 τοῦ
674 2361 937 2433 ἄρξαντος
969 2365 1057 2418 διὰ
1083 2365 1191 2419 τῶν
1236 2368 1705 2438 εἰσπορευομένων

128 2451 263 2521 ὑμῖν
320 2452 578 2522 πονηρῶν
626 2454 843 2508 ἐννοιῶν
868 2495 884 2519 ,
921 2456 1070 2509 ἐλέου
1106 2456 1346 2522 ἀξιώσας
1386 2460 1414 2511 ὁ
1446 2459 1577 2523 Θεὸς
1610 2459 1705 2512 καὶ

125 2544 355 2613 χάριτος
408 2543 676 2609 ἑκουσίου,
729 2544 826 2616 τὴν
885 2547 942 2598 ἐν
996 2549 1061 2617 τῇ
1113 2548 1357 2620 ἁμαρτίᾳ
1405 2548 1705 2619 νεκρότητα

126 2636 287 2701 ὑμῶν
322 2637 618 2706 μετέϐαλεν
649 2640 729 2702 είς
760 2638 905 2710 ζωὴν
932 2641 1186 2711 κοινωνίᾳ
1204 2643 1268 2713 τῇ
1293 2642 1428 2712 πρὸς
1449 2642 1540 2695 τὸν
1566 2644 1706 2714 Χρι-

125 2727 277 2782 στόν.
335 2729 513 2799 Ὅπερ
548 2728 655 2800 γάρ
700 2731 818 2783 ἐστι
869 2731 947 2801 τῷ
978 2731 1220 2802 Χριστῷ,
1255 2732 1413 2786 τοῦτο
1443 2736 1523 2796 είς
1557 2735 1706 2805 ἡμᾶς

122 2820 303 2889 χωρεῖ
324 2820 765 2889 συναπτομένους
790 2820 957 2890 αὐτῷ.
984 2821 1093 2875 Καὶ
1123 2822 1248 2885 τοὺς
1292 2820 1512 2892 ἔχοντας
1540 2822 1595 2874 δὲ
1622 2823 1706 2875 νό-

124 2925 262 2979 μον,
304 2909 375 2960 τὰ
430 2909 588 2980 ὅμοια
646 2908 755 2963 τῶν
802 2911 970 2965 ἐθνῶν
1020 2911 1366 2979 πεπονθέναι,
1418 2913 1704 2982 ῳησὶν,ἐν

119 3000 471 3071 ἁμαρτίαις,
522 3002 609 3055 ἵνα
658 3003 718 3055 τὸ
758 3001 983 3072 μέγεθος
1031 3003 1331 3074 ἐνδείξηται
1367 3003 1467 3072 τῆς
1494 3003 1704 3074 δωρεᾶς

116 3091 226 3146 τοῦ
256 3092 394 3145 Θεοῦ
415 3133 428 3155 ,
460 3094 542 3146 ὅτι
571 3094 705 3156 τοὺς
743 3095 952 3159 πάντας
983 3096 1403 3167 ,κρατουμένους
1449 3097 1553 3150 ὑπὸ
1605 3098 1705 3170 τῆς

118 3181 339 3255 φθορᾶς
358 3183 601 3238 διέσωσε.

198 3292 221 3326 ι
260 3275 376 3328 Καὶ
411 3277 699 3347 συνήγειρε
724 3278 819 3331 καὶ
849 3279 1205 3334 συνεκάθισεν
1234 3281 1294 3333 ἐν
1320 3284 1432 3345 τοῖς
1460 3282 1699 3353 ἐπουρα-

116 3365 255 3430 νίοις
283 3368 344 3420 ἐν
372 3366 591 3438 Χριστῷ
637 3369 834 3439 Ἰησοῦ,
860 3370 948 3423 ἵνα
978 3369 1279 3442 ἐνδείξηται
1306 3373 1365 3426 ἐν
1396 3374 1508 3437 τοῖς
1540 3374 1699 3429 αίῶσι

117 3463 236 3522 τοῖς
282 3460 676 3530 ἐπερχομένοις
724 3461 816 3516 τὸν
874 3462 1282 3532 ὑπερϐάλλοντα
1339 3464 1570 3519 πλοῦτον
1601 3467 1700 3538 τῆς

115 3549 346 3619 χάριτος
371 3550 537 3604 αὐτοῦ
564 3591 577 3615 ,
607 3551 666 3604 ἐν
698 3554 1027 3624 χρηστότητι
1073 3554 1157 3624 ἐφ’
1197 3556 1344 3625 ἡμᾶς
1394 3557 1451 3608 ἐν
1479 3556 1699 3627 Χριστῷ

116 3641 322 3710 Ἰησοῦ.
361 3640 440 3714 Τῇ
484 3642 590 3714 γὰρ
621 3644 805 3715 χάριτί
854 3647 978 3698 ἐστε
1009 3647 1346 3717 σεσωσμένοι
1373 3647 1460 3702 διὰ
1479 3650 1576 3719 τῆς
1604 3649 1696 3702 πί-

117 3750 317 3797 στεως.
352 3735 627 3788 καὶτοῦτο
646 3736 744 3789 οὐκ
773 3734 833 3801 ἐξ
868 3737 1047 3808 ἡμῶν.
1093 3757 1111 3789 ι

185 3826 339 3894 Σάρξ
373 3830 540 3896 ἐσμεν
558 3828 652 3881 τοῦ
683 3830 941 3899 Χριστοῦ,
965 3831 1059 3883 καὶ
1089 3831 1244 3901 μέλη,
1278 3833 1372 3885 καὶ
1398 3834 1579 3903 σῶμα,
1604 3834 1700 3886 καὶ

114 3920 372 3989 κεφαλὴν
410 3921 567 3991 ἡμῶν
618 3920 779 3975 αὑτὸν
826 3923 1024 3976 ἔδωκεν
1055 3925 1083 3977 ὁ
1121 3925 1332 3995 Πατήρ.
1364 3926 1499 3997 Ἤδη
1531 3926 1698 3996 ἐσμὲν

115 4010 175 4062 ἐν
200 4011 444 4081 οὐρανῷ,
478 4011 610 4064 καθό
637 4013 802 4083 ἐσμεν
852 4013 911 4065 ὲν
945 4013 1186 4085 Χριστῷ,
1220 4016 1445 4068 καὶτῶν
1470 4016 1692 4084 ἀγαθῶν

113 4100 215 4169 τὴν
248 4100 551 4153 ἀπόλαυσιν
577 4102 771 4173 ἕξομεν
800 4104 880 4167 είς
908 4102 1154 4177 ὕστερον,
1179 4107 1268 4159 ὅτε
1299 4106 1366 4160 τὰ
1396 4109 1452 4160 ἐν
1474 4108 1698 4179 Χριστῷ

116 4195 306 4261 ἁγαθὰ
328 4196 576 4266 πρόεισιν
600 4199 679 4258 είς
699 4196 757 4249 τὸ
786 4198 1042 4268 ἐμφανὲς,
1072 4199 1379 4272 ἁνεξήγητα
1405 4202 1533 4255 ὄντα
1558 4203 1697 4269 νυνὶ,

113 4287 211 4337 καὶ
242 4284 685 4357 ἀνεξαρίθμητα·
723 4288 802 4341 διὸ
852 4289 946 4342 καὶ
978 4288 1208 4344 πλοῦτον
1233 4292 1396 4345 αὑτὸν
1417 4292 1564 4362 λέγει
1598 4294 1696 4364 χά-

115 4394 272 4447 ριτος
305 4378 739 4449 ὑπερϐάλλοντα.

194 4577 216 4609 ι
251 4554 397 4609 Θεοῦ
421 4556 480 4608 τὸ
510 4557 702 4627 δῶρον.
741 4576 760 4610 ι

185 4652 397 4720 Χάρις,
420 4650 480 4702 τὸ
511 4652 662 4720 παρὰ
690 4649 845 4712 Θεοῦ,
876 4650 1077 4718 πίστις,
1096 4652 1157 4706 τὸ
1183 4655 1308 4723 παρ’
1338 4654 1513 4723 ἡμῶν.
1535 4654 1698 4709 Ὅθεν

116 4738 213 4795 οὖν
237 4740 321 4805 οἷς
358 4743 433 4813 μὴ
459 4743 687 4812 πάρεστι
707 4743 766 4797 τὸ
792 4744 1059 4805 δεκτικὸν,
1095 4746 1216 4799 οὐδὲ
1264 4747 1297 4816 ἡ
1328 4746 1486 4816 χάρις
1525 4764 1701 4818 παρα-

116 4835 357 4899 γίνεται.
393 4836 506 4887 Οὐκ
538 4835 595 4901 ἐξ
628 4836 783 4905 ἡμῶν
813 4833 923 4899 οὖν,
953 4837 1087 4890 ἀλλὰ
1117 4836 1251 4890 Θεοῦ
1282 4838 1340 4891 τὸ
1359 4837 1530 4909 δῶρον
1552 4854 1564 4867 ·
1601 4839 1702 4891 οὐκ

118 4928 178 4977 ἐν
221 4926 304 4996 τῷ
340 4926 695 4995 λαμϐάνοντι,
730 4927 845 4981 ἀλλ’
874 4928 934 4981 ἐν
958 4929 1036 5000 τῷ
1065 4930 1283 4993 διδόντι,
1320 4929 1380 4982 τὸ
1407 4929 1698 5001 εὐεργετῆ-

117 5035 237 5073 σαι.

199 5232 219 5262 ι
257 5211 377 5263 Οὐκ
407 5210 465 5276 ἐξ
504 5210 697 5280 ἔργων,
728 5210 815 5264 ἵνα
846 5213 921 5283 μή
954 5230 1037 5277 τις
1067 5214 1428 5285 καυχήσηται.
1466 5232 1485 5267 ι

194 5300 328 5354 Ὀτι
357 5300 453 5352 καὶ
480 5300 588 5352 τῶν
626 5301 803 5371 ἔργων
832 5302 1020 5365 ὄντων,
1045 5303 1143 5356 οὐκ
1173 5304 1232 5369 ἐξ
1267 5303 1444 5357 αὐτῶν
1472 5305 1505 5375 ἡ
1530 5320 1702 5374 σωτη-

121 5394 241 5466 ρῑα,
280 5393 382 5446 καὶ
419 5390 491 5463 μὴ
522 5392 708 5457 ὄντων,
753 5394 1081 5463 παρεγένετο
1107 5398 1219 5459 τοῖς
1244 5395 1564 5449 πιστεύσασι
1602 5393 1700 5464 τῆς

120 5483 411 5556 σωτηρίας
446 5486 478 5555 ή
512 5484 791 5539 κοινωνία.

200 5616 221 5649 ι
255 5595 441 5650 Αὐτοῦ
467 5595 576 5664 γάρ
609 5595 771 5665 ἐσμεν
795 5595 1028 5668 ποίημα,
1056 5598 1369 5664 κτισθέντες
1401 5602 1457 5654 ἐν
1479 5601 1701 5673 Χριστῷ

134 5688 321 5761 ’ἰησοῦ
351 5686 442 5741 ἐπ’
470 5685 650 5758 ἔργοις
676 5685 922 5755 ἀγαθοῖς,
954 5681 1037 5750 οἷς
1063 5691 1462 5762 προητοίμασεν
1494 5693 1523 5746 ὁ
1547 5692 1698 5759 Θεὸς,

124 5779 217 5834 ἵνα
238 5782 301 5832 ἐν
332 5777 520 5841 αὐτοῖς
549 5775 1045 5852 περιπατήσωμεν,
1069 5795 1102 5860 ζ

1808 1909 1970 1962 niiam
2006 1910 2324 1965 charitatem
2377 1926 2534 1965 suam
2575 1912 2730 1981 181
2767 1925 2872 1980 qua
2919 1908 3111 1962 dilexit
3160 1922 3283 1971 nos,
3320 1918 3375 1960 et

1807 2013 1928 2053 cum
1950 2015 2197 2055 essemus
2222 2003 2420 2055 mortui
2454 2004 2716 2071 peccatis,
2749 1999 3154 2056 convivilicavit
3179 2015 3282 2053 nos
3312 1998 3367 2051 in

1805 2089 2027 2145 Christo
2054 2109 2067 2143 :
2093 2093 2265 2161 gratia
2297 2094 2432 2145 estis
2474 2092 2694 2146 salvati.
2741 2110 2761 2143 ι

1876 2181 1985 2235 Vos
2017 2182 2269 2250 gentiles,
2308 2182 2507 2251 inquit,
2542 2198 2663 2237 cum
2712 2181 2921 2237 addicti
2949 2181 3149 2236 essetis
3204 2180 3373 2233 morti

1805 2282 2028 2342 propter
2062 2281 2350 2342 peccatum
2388 2275 2443 2327 in
2497 2289 2607 2342 quo
2639 2274 2929 2338 vivebatis,
2969 2272 3131 2341 cujus
3156 2273 3368 2326 daemon

1804 2361 2086 2430 improbus
2108 2364 2290 2431 pravis
2320 2363 2748 2433 cogitationibus
2776 2363 2996 2431 injectis
3011 2370 3203 2415 auctor
3229 2369 3371 2422 erat,

1804 2453 2183 2508 misericordia
2218 2454 2462 2524 dignavit
2495 2454 2659 2520 Deus,
2683 2455 3047 2524 ultroneaque
3080 2454 3275 2523 gratia,
3310 2468 3375 2507 ac

1804 2551 2042 2598 vestram
2068 2543 2121 2598 in
2157 2554 2381 2614 peccato
2409 2547 3065 2601 mortalitatem‘mutavit
3095 2546 3149 2599 in
3180 2546 3370 2606 vitam,

1804 2649 1903 2704 per
1953 2637 2291 2691 consortium
2353 2653 2476 2691 cum
2514 2636 2755 2693 Christo.
2786 2635 2923 2691 Nam
2978 2638 3121 2707 quod
3150 2637 3373 2691 Christo

1805 2726 2083 2796 proprium
2125 2736 2225 2794 est,
2264 2729 2367 2782 hoc
2411 2729 2475 2783 ad
2508 2744 2611 2784 nos
2638 2727 2944 2792 derivatur,
2977 2729 3071 2797 qui
3104 2727 3209 2797 ipsi
3237 2742 3375 2782 con-

1799 2816 2109 2887 jungimur.
2140 2818 2342 2889 Aitque
2372 2835 2467 2873 eos
2518 2822 2610 2889 qui
2640 2820 2811 2889 legem
2839 2819 3134 2883 habebant,
3174 2818 3373 2873 similia

1804 2923 1867 2962 ac
1918 2910 2149 2979 gentiles
2183 2925 2376 2979 passos
2412 2919 2643 2981 propter
2677 2920 2925 2982 peccata,
2959 2921 3019 2966 ut
3059 2910 3377 2965 ostendere-

1804 3008 1892 3052 tur
1939 3000 2251 3069 magnitudo
2313 3000 2483 3054 divini
2551 3002 2819 3064 rnuneris,
2882 3018 2991 3071 qua
3050 3016 3240 3056 omnes
3269 3000 3365 3070 qui

1805 3099 2075 3162 corruptae
2100 3093 2327 3162 subjecti
2357 3100 2534 3156 erant,
2564 3094 2746 3148 salvos
2775 3093 2925 3149 fecit.

1867 3293 2033 3349 Vens.
2068 3294 2173 3350 6.8.
2213 3314 2231 3347 ι
2276 3293 2339 3348 Et
2380 3295 2840 3351 conresuscitavit
2862 3303 2917 3349 et
2941 3292 3245 3350 consedere
3282 3292 3368 3349 fe-

1799 3388 1874 3442 cit
1905 3390 1958 3443 in
2010 3389 2332 3445 cmlestihus
2368 3387 2425 3443 in
2472 3387 2696 3443 Christo
2728 3387 2882 3452 Jesu,
2924 3397 2985 3442 ut
3043 3385 3371 3442 ostenderet

1800 3481 2017 3536 saculis
2043 3479 2561 3550 supervenientibus
2600 3479 2943 3534 abundantes
2981 3478 3206 3532 divitias
3242 3493 3370 3546 gra-

1800 3574 1890 3627 tiae
1940 3589 2073 3640 suae,
2130 3574 2185 3627 in
2232 3572 2477 3627 bonitate
2534 3587 2699 3641 super
2740 3587 2843 3626 nos
2874 3572 2928 3624 in
2964 3570 3187 3625 Christo
3217 3569 3370 3625 Jesn.

1799 3664 1983 3718 Gratia
2035 3667 2168 3722 estis
2198 3664 2402 3721 salvati
2432 3680 2528 3735 per
2556 3665 2741 3729 Iidem,
2789 3672 2844 3719 et
2873 3667 2981 3717 hoc
3021 3679 3134 3717 non
3168 3679 3234 3717 ex
3274 3677 3373 3715 vo-

1800 3758 1907 3812 bis.
1953 3777 1970 3807 ι

1869 3848 2011 3902 Caro
2044 3864 2232 3903 sumus
2258 3846 2483 3916 Christi,
2515 3847 2760 3901 membra
2804 3829 3031 3917 quoque
3057 3855 3109 3901 et
3135 3860 3369 3913 corpus;

1799 3941 2053 4010 huncque
2083 3939 2244 3993 Pater
2274 3940 2433 3995 nobis
2488 3948 2651 4008 caput
2708 3939 2884 3994 dedit.
2938 3938 3059 3993 Jam
3094 3954 3285 3994 sumus
3318 3938 3371 3991 in

1800 4032 1963 4096 caelo,
2021 4040 2294 4101 quatenus
2327 4046 2518 4085 sumus
2542 4030 2598 4083 in
2641 4029 2885 4095 Christo,
2921 4046 2984 4084 ac
3023 4030 3237 4085 tandem
3272 4034 3372 4084 ho~

1799 4136 1993 4174 norum
2055 4130 2332 4190 compotes
2362 4120 2595 4180 erimus,
2646 4120 2870 4187 quando
2921 4119 3069 4173 bona
3127 4120 3218 4174 illa
3250 4136 3372 4189 qua:

1799 4209 2051 4264 Christus
2084 4211 2398 4279 acquisivit,
2444 4226 2673 4279 qumque
2707 4226 2852 4264 nunc
2880 4211 3285 4282 inexplicabilia
3318 4219 3373 4266 et

1799 4317 2031 4355 numero
2106 4301 2313 4370 majora
2366 4309 2514 4363 sunt,
2577 4303 2631 4354 in
2694 4309 2942 4370 apertum
3002 4300 3368 4368 proferentur.

1799 4392 2067 4459 Quocirca
2100 4393 2213 4448 hac
2245 4395 2359 4463 ipsa
2396 4402 2580 4458 vocat,
2607 4393 2939 4446 abundantes
2978 4391 3192 4446 divitias
3246 4409 3373 4462 gra-

1728 4523 1775 4577 ι)
1805 4486 1956 4561 tiae._

1879 4598 1897 4629 ι
1935 4579 2023 4632 Dei
2057 4579 2261 4632 donum
2288 4586 2392 4632 est.
2426 4594 2443 4627 ι

1873 4665 2063 4721 Gratia
2103 4673 2184 4719 est
2216 4665 2271 4719 id
2312 4664 2458 4735 quod
2486 4670 2571 4718 est
2598 4678 2628 4716 a
2654 4661 2766 4717 Deo
2806 4680 2820 4717 :
2860 4660 2997 4716 fides
3019 4670 3199 4717 autem
3235 4661 3370 4715 illud

1803 4760 1947 4831 quod
2006 4768 2300 4830 prazslatur
2358 4774 2388 4812 a
2436 4756 2622 4812 nobis.
2656 4755 2815 4810 Unde
2845 4756 3046 4825 quibus
3081 4771 3188 4809 non
3217 4756 3362 4809 inest

1803 4866 1911 4920 quo
1969 4849 2290 4916 suscipiant,
2346 4862 2447 4902 nec
2476 4846 2647 4916 gratia
2682 4846 3067 4916 subsequitur.
3099 4844 3216 4899 Non
3242 4861 3371 4916 ergo

1802 4957 1864 4996 ex
1901 4941 2060 4995 nobis
2082 4940 2222 4994 hanc
2249 4937 2650 5008 habemushsed
2682 4937 2774 4993 Dei
2805 4939 3007 4993 donum
3037 4945 3160 5003 est;
3186 4951 3366 5004 neque

1801 5030 2170 5086 beneﬁcentia
2199 5046 2366 5102 penes
2390 5029 2545 5084 illum
2575 5038 2659 5084 est
2693 5030 2786 5101 qui
2823 5030 3045 5099 accipit,
3081 5027 3172 5082 sed
3202 5040 3370 5097 penes

1802 5122 2149 5188 largitorem.
2584 5162 2591 5167 .

1874 5211 2038 5267 Vens.
2063 5214 2115 5266 9.
2164 5231 2182 5263 ι
2211 5210 2330 5267 Non
2363 5226 2431 5267 ex
2454 5211 2739 5281 operibus.
2769 5224 2837 5265 ne
2860 5210 2982 5279 quis
3012 5209 3297 5278 glorietur.
3342 5224 3361 5257 ι

1872 5305 2012 5373 Quia
2061 5307 2321 5360 nimirum
2379 5321 2503 5360 cum
2541 5306 2840 5361 ederentur
2873 5317 3064 5372 opera,
3097 5309 3248 5371 parta
3300 5316 3366 5355 ex

1802 5395 1912 5451 illis
1938 5397 2090 5451 salus
2121 5411 2232 5450 non
2267 5404 2372 5460 est,
2394 5404 2447 5450 et
2472 5396 2595 5450 sine
2626 5396 2712 5449 his
2751 5392 3186 5448 communicatio
3219 5390 3364 5445 facta

1802 5495 1887 5543 est
1908 5486 2104 5540 salutis
2131 5486 2241 5540 illis
2267 5490 2358 5556 qui
2381 5487 2763 5542 crediderunt.

1871 5600 2035 5657 Vens.
2085 5600 2173 5656 10.
2212 5619 2229 5651 ι
2258 5600 2436 5669 Ipsius
2497 5600 2643 5656 enim
2689 5600 2902 5652 factura
2936 5612 3148 5660 sumus,
3193 5593 3365 5649 creati

1804 5694 1860 5750 in
1884 5692 2104 5748 Christo
2135 5693 2191 5747 in
2228 5693 2491 5761 cperibus
2518 5692 2677 5750 bonis
2707 5707 2828 5764 qua:
2862 5689 3188 5762 praeparavit
3219 5685 3364 5742 Deus

1805 5792 1865 5841 ut
1896 5787 1951 5841 in
1983 5782 2119 5841 insis
2151 5784 2513 5840 ambulemus.
2548 5803 2566 5837 ι
