4022 6422
1796 400 1859 459 S.
1888 386 2206 458 JOANNIS
2252 383 2678 447 DAMASCENI

3736 375 3831 438 832

676 505 792 558 Non
822 519 944 568 nos,
968 504 1237 576 inquit,in
1270 519 1468 558 novam
1510 512 1819 558 creaturam
1840 501 1942 572 ipsi
1967 500 2170 554 forma-

2343 496 2454 565 Οὐχ
2481 495 2726 555 ἑαυτοὺς,
2758 489 2914 562 φησι,
2943 488 3138 560 καινὴν
3170 488 3348 541 κτίσιν
3372 485 3832 556 ἀπεργαζόμεθα·

602 595 801 647 vimus.
824 590 1014 662 Neque
1034 593 1176 646 enim
1212 591 1315 646 hoc
1349 592 1462 646 lieri
1497 598 1731 660 poterat.
1762 589 1865 644 Sed
1895 587 2040 641 Deus
2061 592 2166 648 est,

605 687 697 756 qui
735 701 833 741 nos
881 693 1032 740 creat
1056 687 1112 739 in
1143 685 1391 749 Christo,
1422 684 1580 750 cujus
1610 681 2028 737 similitudinem
2062 693 2169 733 ex-

607 777 898 849 primimus
941 777 1255 831 imitatione
1295 789 1522 845 operum
1575 787 1694 843 quae
1725 772 1843 842 ipse
1873 772 2072 842 gessit.
2112 774 2172 821 ut

606 875 942 935 praepararet
971 865 1131 920 nobis
1160 864 1243 918 sui
1277 862 1752 934 participationem
1789 867 1843 915 et
1868 857 2172 914 conformi-

607 963 798 1010 tatem.

679 1045 844 1100 Vens.
874 1045 961 1101 ll.
1004 1064 1022 1097 ι
1065 1044 1291 1114 Pr0pter
1319 1044 1466 1113 quod
1524 1059 1792 1100 memores
1823 1045 1997 1099 est’ote
2027 1040 2174 1112 quod

611 1140 908 1209 aliquando
938 1155 1039 1196 vos
1070 1148 1261 1210 gentes
1284 1143 1338 1194 in
1370 1155 1560 1194 carne.
1591 1159 1610 1191 ι

680 1231 947 1298 Quoniam
976 1231 1287 1286 recordatio
1343 1232 1752 1302 prieteritorum
1780 1228 1846 1282 ad
1877 1235 2062 1299 grates
2108 1224 2177 1280 de

614 1323 978 1393 prmsentibus
1051 1323 1333 1379 habendas
1388 1338 1492 1378 nos
1549 1329 1863 1391 comparat,
1926 1319 2178 1373 hortatur

611 1413 876 1485 Ephesios
899 1422 958 1468 ut
981 1415 1198 1469 illorum
1232 1416 1686 1472 reminiscantur.

687 1526 707 1559 ι
743 1507 846 1572 Qui
889 1505 1145 1561 dicimini
1208 1507 1557 1577 praeputium,
1597 1506 1664 1560 ab
1702 1519 1765 1560 ea
1799 1519 1920 1573 qua:
1968 1503 2180 1558 dicitur

613 1601 968 1657 circumcisio
1019 1600 1074 1654 in
1150 1615 1354 1664 carne,
1419 1598 1734 1654 manufacta
1781 1595 2025 1670 τινας.
2077 1593 2181 1667 12]

615 1694 745 1764 quia
792 1693 964 1748 eratis
1005 1693 1102 1747 illo
1127 1693 1180 1746 in
1207 1699 1456 1761 tempore
1473 1693 1592 1746 sine
1629 1690 1869 1752 Christo,
1896 1688 2115 1742 alienati
2152 1705 2183 1742 a

615 1783 1040 1838 conversatione
1059 1782 1248 1847 Israel,
1279 1789 1335 1836 et
1365 1781 1616 1851 hospites
1646 1789 2118 1836 testamentorum.
2155 1798 2175 1831 ι

687 1874 917 1944 Propria
933 1877 1115 1930 carnis
1133 1883 1282 1941 sunt,
1303 1883 1418 1929 tum
1441 1874 1786 1944 praeputium,
1807 1881 1921 1928 tum
1940 1873 2146 1929 circum
2161 1901 2182 1912 -

616 1965 776 2021 cisio.
803 1967 1071 2021 Caeterum
1122 1967 1367 2022 carnalia
1406 1982 1534 2022 vere
1581 1982 1688 2022 non
1717 1968 2006 2022 exsistunt.
2040 1964 2186 2030 Qua-

619 2065 847 2128 propter
887 2073 950 2113 ea
982 2059 1090 2112 dici
1117 2059 1215 2113 ait.
1247 2057 1487 2115 Noverat
1525 2059 1726 2129 quippe
1751 2058 1910 2129 182
1943 2059 2186 2112 circum-

620 2149 889 2204 cisionem
930 2165 1142 2214 veram,
1173 2167 1282 2221 qua
1310 2153 1365 2206 in
1410 2150 1579 2206 corde
1611 2151 2184 2218 circumamputeutur

618 2255 961 2310 quaecunque
997 2250 1193 2312 praeter
1253 2243 1560 2297 naturalem
1603 2241 2053 2297 constitutionem
2086 2237 2186 2293 ad-

620 2339 750 2387 nata
821 2341 968 2387 sunt.
1013 2333 1167 2400 Quod
1224 2334 1269 2390 si
1301 2335 1402 2389 hoc
1437 2334 1652 2404 proprie
1681 2331 2034 2388 circumcisio
2067 2337 2173 2396 est,

563 2459 572 2472 ι
622 2425 945 2496 praeputium
988 2443 1174 2482 verum
1212 2427 1349 2481 nihil
1377 2426 1525 2481 aliud
1553 2434 1660 2491 est,
1690 2427 1798 2480 nisi
1835 2439 1961 2478 vera
1999 2422 2186 2478 cordis

621 2515 988 2569 immunditia.

696 2624 714 2657 ι
740 2605 1126 2665 Promis’sionis
1158 2625 1306 2680 spem
1333 2623 1440 2663 non
1467 2609 1749 2675 habentes,
1767 2615 1822 2662 et
1844 2607 1963 2663 sine
1990 2605 2099 2662 Deo
2131 2605 2184 2660 in

621 2695 726 2751 hoc
755 2697 980 2754 mundo.
1018 2718 1037 2750 ι

683 2788 928 2845 Diversae
957 2790 1180 2862 quidem
1226 2791 1632 2862 promissiones
1665 2800 1818 2855 sunt,
1855 2796 1911 2844 ut
1942 2797 1996 2844 et
2022 2797 2190 2844 testa-

622 2891 825 2936 menta.
858 2880 1033 2937 Unam
1067 2898 1202 2938 vero
1237 2884 1379 2936 hanc
1409 2883 1878 2947 commemoravit,
1911 2892 2184 2952 quatenus

625 2971 877 3029 Christus
905 2989 1096 3028 omnes
1124 2976 1177 3029 in
1207 2990 1376 3030 unum
1411 2974 1714 3043 coniungit.

695 3063 859 3121 Vens.
891 3067 976 3120 15.
1006 3084 1024 3116 ι
1065 3065 1221 3119 Nunc
1247 3074 1430 3119 autem
1481 3066 1537 3118 in
1563 3065 1783 3119 Christo
1813 3062 1943 3119 Iesu
1966 3077 2063 3117 vos
2099 3061 2192 3131 qui

2270 586 2393 640 οὐδὲ
2424 586 2531 658 γὰρ
2557 583 2803 638 δυνατόν.
2841 581 2980 636 Ἀλλ’
3007 583 3036 634 ὁ
3068 577 3268 642 κτίζων
3309 579 3458 648 ἡμᾶς
3485 578 3603 628 ἐστι
3627 575 3759 638 Θεδς
3787 578 3837 629 ἰν

2271 677 2514 749 Χριστῷ,
2551 671 2610 732 οὗ
2639 676 2738 748 τὴν
2784 675 3042 746 ὁμοίωσιν
3086 670 3448 741 ἐπιτελοῦμεν
3501 672 3569 740 τῇ
3614 669 3837 738 μιμήσει
3926 745 3932 750 .

2270 771 2380 824 τῶν
2434 769 2629 842 ἔργων,
2670 768 2815 838 ἅπερ
2867 765 3029 829 αὐτὸς
3084 764 3398 835 εἰργάσατο,
3431 762 3841 832 προετοιμάζων

2273 862 2406 933 ήμῖν
2431 861 2528 931 τὴν
2556 858 2861 930 μετάληψιν
2890 856 2984 909 καὶ
3007 855 3290 926 ὁμοίωσιν.

2352 1055 2371 1088 ι
2413 1033 2505 1087 Διὸ
2537 1029 2905 1104 μνημονεύετε
2933 1071 2948 1097 ,
2988 1030 3070 1083 ὃτι
3127 1029 3287 1099 ὑμεῖς
3333 1031 3466 1080 ποτε
3509 1024 3582 1079 τά
3636 1022 3767 1091 ἔθνη
3799 1023 3846 1074 ὲν

2278 1127 2460 1198 σαρκί.
2506 1144 2524 1177 ›

2348 1217 2571 1284 Ἐπειδὴ
2625 1220 2658 1286 ή
2701 1215 2810 1269 τῶν
2841 1212 3123 1286 προτέρων
3152 1210 3458 1280 ἀνάμνησις
3489 1205 3592 1277 τὴν
3619 1208 3714 1259 ἐπὶ
3757 1205 3847 1258 τοῦ

2279 1310 2545 1379 παρόντος
2596 1305 2946 1375 εὐχαριστίαν
2995 1301 3419 1363 κατασκευάζει,
3487 1294 3849 1368 μνημονεύειν

2279 1397 2504 1451 ἐκείνων
2537 1392 2988 1466 παρακελεύεται.

2357 1509 2374 1541 ι
2412 1490 2476 1542 Ol
2533 1487 2816 1557 λεγόμενοι
2869 1482 3204 1556 ἀκροϐυστία
3259 1479 3366 1534 ἀπὸ
3417 1479 3515 1546 τῆς
3551 1476 3851 1547 λεγομένης

2281 1583 2583 1652 περιτομῆς
2626 1580 2684 1631 ὲν
2737 1576 2902 1648 σαρκὶ
2955 1573 3367 1647 χειροποιήτου·
3429 1571 3511 1624 ὃτι
3547 1570 3644 1638 ἦτε
3685 1569 3743 1620 ὲν
3787 1567 3854 1637 τῷ

2284 1672 2463 1744 καιρῷ
2492 1671 2685 1741 ἐκείνῳ
2730 1669 2898 1740 χωρὶς
2938 1665 3196 1738 Χριστοῦ,
3227 1661 3733 1734 ἀπηλλοτριωμένοι
3760 1660 3855 1728 τῆς

2286 1765 2562 1827 πολιτείας
2585 1761 2678 1816 τοῦ
2709 1759 2951 1831 Ἰσραήλ,
2985 1759 3080 1811 καὶ
3108 1756 3247 1821 ξένοι
3283 1755 3390 1809 τῶν
3419 1753 3719 1822 διαθηκῶν.
3765 1770 3788 1802 ι

2355 1855 2624 1926 Σαρκικδν
2653 1852 2901 1922 ίδίωμαή
2924 1846 3255 1918 ἀκροϐυστία
3279 1847 3373 1900 καὶ
3394 1847 3428 1917 ή
3456 1844 3729 1916 περιτομή
3755 1861 3770 1871 ·
3797 1843 3853 1894 τὰ

2281 1949 2340 2002 δὲ
2373 1945 2610 2019 σαρκικὰ
2655 1945 2754 1997 οὐκ
2798 1943 2969 2005 ὅντως
3000 1939 3128 1993 ὄντα
3159 1939 3295 1992 ὲστί.
3329 1938 3423 1990 Διὸ
3452 1938 3750 2006 λεγόμενα
3782 1928 3852 1986 εἶ-

2284 2057 2386 2095 πεν
2414 2038 2573 2092 αὐτά.
2626 2033 2748 2090 Οῐδε
2802 2033 2911 2104 γάρ
2941 2032 3039 2104 τὴν
3068 2031 3242 2103 άληθῆ
3295 2027 3618 2099 περιτομήν.
3671 2026 3776 2096 τήν
3809 2027 3856 2077 ἐν

2285 2131 2484 2204 καρδίᾳ
2507 2127 2846 2200 περιαίρεσιν
2861 2124 2971 2178 τῶν
2986 2121 3378 2192 ἐπιγινομένων
3401 2121 3466 2191 τῇ
3488 2119 3687 2188 καρδίᾳ
3712 2116 3856 2185 παρᾶ

2283 2223 2383 2295 τὴν
2420 2220 2658 2292 φυσικὴν
2683 2215 3050 2286 κατασκευήν.
3074 2215 3136 2266 El
3159 2213 3216 2265 δὲ
3249 2211 3408 2264 τοῦτο
3431 2208 3704 2295 περιτομή
3725 2209 3857 2276 ἀληο

2288 2287 2785 2387 θήςίάκροϐυστία
2814 2308 3020 2380 ἀληθής
3068 2307 3216 2360 ἐστιν
3245 2305 3280 2376 ή
3327 2303 3424 2374 τῆς
3459 2287 3694 2371 καρδίας
3721 2301 3857 2353 ἀκα-

2288 2410 2505 2480 θαρσία.
3393 2414 3398 2426 ’

2365 2609 2384 2644 ι
2422 2591 2535 2660 Τῆς
2590 2587 2924 2656 ἐπαγγελίας
2974 2578 3167 2634 ἐλπίδα
3212 2575 3288 2648 μή
3320 2574 3556 2646 ἔχοντες,
3591 2576 3688 2624 καὶ
3713 2572 3855 2624 ἄθεοι

2289 2685 2346 2738 ὲν
2372 2683 2451 2753 τῷ
2475 2681 2685 2752 κόσμῳ.
2715 2698 2734 2730 ι

2361 2751 2621 2844 Διάφοροι
2653 2770 2752 2842 μὲν
2783 2769 2837 2822 αί
2877 2758 3220 2834 ἐπαγγελίαι,
3247 2758 3434 2828 ὥσπερ
3467 2756 3563 2808 καὶ
3598 2755 3656 2808 αί
3683 2751 3858 2818 διαθῆ-

2291 2885 2404 2922 και.
2437 2865 2580 2920 Μίαν
2609 2863 2692 2917 se
2713 2860 2885 2933 αὐτὴν
2932 2854 3052 2912 εἷπε
3075 2896 3090 2922 ,
3125 2852 3262 2909 καθὸ
3292 2850 3502 2912 πάντας
3533 2849 3614 2910 είς
3654 2845 3712 2897 ἓν
3742 2845 3859 2912 ἄγει

2292 2957 2548 3031 Χριστός.

2371 3067 2389 3100 ι
2427 3046 2565 3100 Νυνὶ
2589 3047 2646 3097 ὲν
2676 3040 2895 3114 Χριστῷ
2944 3037 3118 3110 Ἰησοῦ
3145 3037 3306 3107 ὑμεῖς
3337 3032 3391 3086 οἵ
3419 3046 3548 3084 ποτε
3577 3028 3729 3090 ὄντες
3762 3042 3858 3095 μαι

627 3157 794 3212 eratis
819 3157 997 3227 longe,
1026 3157 1159 3211 facti
1188 3157 1325 3212 estis
1360 3170 1530 3225 prope
1561 3155 1614 3208 in
1641 3155 1906 3223 sanguine
1926 3153 2150 3208 Christi.
2170 3170 2188 3203 ι

2297 3141 2458 3214 κράν,
2494 3139 2658 3207 ἐγγὺς
2683 3133 2980 3202 ἐγενήθητε
3015 3133 3074 3184 ὲν
3095 3128 3171 3200 τῷ
3206 3127 3398 3196 αἵματι
3422 3122 3516 3176 τοῦ
3548 3122 3806 3191 Χριστοῦ.
3838 3136 3855 3168 ι

2380 3235 2421 3236 νί
2548 3232 2556 3236 -
2641 3225 2667 3236 ν
2808 3227 2841 3236 Α
2911 3225 2936 3235 ·-
3003 3225 3029 3236 -
3075 3222 3101 3236 ν
3149 3223 3175 3236 ~
3249 3222 3275 3236 ι-
3354 3216 3545 3236 κ---.ηει
3587 3209 3842 3236 ι----.-,,ι

707 3243 889 3314 Longe
917 3259 1137 3297 eramus
1175 3259 1202 3296 a
1224 3243 1467 3305 Christo,
1502 3241 1694 3295 mundi
1733 3240 1895 3310 hujus
1925 3239 2195 3294 institutis

630 3343 688 3391 et
747 3335 992 3389 moribus
1027 3337 1286 3402 separati.
1317 3334 1522 3389 Horum
1585 3335 1932 3390 abolitionem
1955 3333 2195 3404 patravit

633 3437 785 3477 mors
816 3420 1040 3484 Christi,
1063 3431 1115 3475 et
1151 3423 1244 3491 qui
1279 3423 1406 3476 huic
1434 3420 1872 3486 conformantur,
1901 3436 2011 3475 non
2040 3421 2200 3490 longe

635 3512 871 3584 amplius
894 3520 1022 3567 sunt
1047 3528 1075 3564 a
1099 3511 1229 3575 Deo.
1254 3515 1348 3568 sed
1371 3513 1604 3581 proximi
1631 3512 1768 3566 fiunt
1789 3528 1882 3582 per
1901 3511 2198 3582 Spiritum;

635 3605 832 3661 conﬁxi
866 3605 1122 3659 nimirum
1153 3607 1305 3661 cruci
1331 3621 1454 3660 cum
1479 3604 1787 3670 Christo“,
1821 3615 1879 3658 ut
1909 3603 2202 3675 Apostolus

637 3700 778 3756 idem
814 3699 1072 3769 loquitur.

709 3791 873 3848 Vens.
933 3792 1021 3855 M,
1048 3792 1135 3847 l5.
1187 3809 1205 3842 ι
1238 3790 1355 3861 Ipse
1389 3791 1536 3844 enim
1587 3799 1674 3845 est
1727 3804 1832 3858 pax
1866 3795 2078 3852 nostra,
2108 3785 2203 3857 qui

637 3883 766 3940 fecit
797 3895 1030 3954 utraque
1066 3898 1255 3944 unum,
1285 3888 1338 3935 et
1370 3882 1611 3937 medium
1649 3881 1912 3950 parietem
1946 3881 2206 3933 maceriae

639 3971 968 4038 dissolvens,
999 3971 1319 4026 inimicitias
1349 3971 1402 4024 in
1434 3985 1602 4024 carne
1634 3986 1757 4032 sua,
1792 3969 1959 4040 legem
1981 3969 2206 4023 manda-

642 4071 819 4117 torum
853 4063 907 4116 in
937 4063 1180 4118 decretis
1216 4076 1515 4124 evacuans,
1553 4070 1612 4115 ut
1642 4061 1782 4115 duos
1811 4059 2015 4114 condat
2042 4059 2097 4114 in
2122 4075 2209 4116 se-

644 4155 897 4223 metipso.
938 4173 955 4205 ι

721 4246 775 4299 ld
814 4245 962 4316 quod
993 4247 1308 4315 separabat,
1333 4245 1609 4300 sublatum
1643 4253 1727 4299 est
1754 4259 1784 4298 e
1811 4246 1991 4301 medio
2023 4264 2036 4299 :
2062 4245 2210 4315 quod

644 4337 868 4409 quidem
895 4346 980 4392 est
1009 4352 1140 4392 caro
1169 4339 1288 4407 ipsa
1320 4346 1544 4406 prOpter
1574 4348 1855 4406 peccatum
1893 4339 1947 4392 in
1974 4353 2042 4391 ea
2069 4338 2210 4392 resi-

646 4430 828 4484 dens:
863 4431 1061 4500 quippe
1125 4445 1247 4501 quae
1304 4429 1564 4484 intutum
1625 4431 1894 4485 alienaret
1934 4431 2057 4487 illos
2115 4429 2210 4500 qui

2368 3232 2602 3300 Μακρὰν
2639 3225 2782 3299 ἦμεν
2803 3225 2938 3279 Θεοῦ
2967 3225 3035 3295 τῇ
3069 3222 3180 3290 ζωῇ
3217 3222 3281 3290 τῇ
3309 3216 3549 3286 κοσμικῇ
3583 3209 3866 3280 διωρισμέ-

2299 3346 2400 3384 νοι,
2432 3325 2646 3395 Ταύτης
2677 3323 2732 3376 δὲ
2759 3320 2913 3373 λύσιν
2946 3316 3241 3387 εἰργάσατο
3266 3313 3294 3363 ὀ
3331 3309 3562 3368 Θάνατος
3600 3304 3697 3358 τοῦ
3732 3304 3864 3373 Χρι-

2305 3417 2454 3484 στοῦ,
2485 3415 2580 3469 καὶ
2601 3417 2649 3468 οἱ
2677 3412 2851 3482 τούτῳ
2896 3403 3401 3479 συμμορφούμενοι,
3431 3398 3614 3454 οὐκέτι
3656 3395 3866 3466 μακράν

2302 3509 2406 3560 εἱσι
2441 3503 2596 3568 Θεοῦ,
2632 3501 2746 3555 ἀλλ’
2795 3497 3068 3568 ἐγγύτητα
3119 3492 3457 3565 λαμϐάνουσι
3497 3489 3596 3559 τὴν
3620 3489 3681 3540 ὲν
3709 3484 3866 3538 πνεᾶ-

2307 3617 2455 3672 ματι,
2482 3594 2943 3666 συσταυρούμενοι
2967 3588 3207 3661 Χριστῷ,
3238 3583 3378 3640 κατά
3399 3583 3492 3637 τὸν
3523 3579 3865 3636 Ἀπόστολον.

2382 3794 2401 3828 ι
2444 3773 2615 3837 Αὐτὸς
2644 3771 2754 3842 γάρ
2801 3771 2948 3822 ἐστιν
2975 3769 3009 3838 ἡ
3043 3765 3234 3836 εἰρήνη
3262 3763 3445 3835 ήμῶν,
3493 3764 3523 3816 ὁ
3550 3763 3781 3833 ποιήσας
3803 3758 3867 3811 τὰ

2309 3870 2594 3942 ἀμφότερα
2624 3865 2702 3928 ἓν,
2737 3861 2833 3915 καὶ⁹
2866 3859 2930 3913 τδ
2955 3858 3267 3930 μεσότοιχον
3287 3855 3378 3908 τοῦ
3408 3852 3671 3926 φραγμοῦ
3690 3852 3862 3912 λύσας,

2311 3941 2411 4034 τήν
2437 3959 2632 4031 ἔχθραν
2668 3958 2726 4008 ὲν
2753 3956 2820 4024 τῇ
2856 3949 3019 4022 σαρκὶ⁹
3060 3945 3246 4012 αὐτοῦ,
3281 3945 3370 3998 τὸν
3398 3945 3567 4014 νόμον
3592 3941 3703 3994 τῶν
3731 3943 3866 3994 ἐντο-

2308 4033 2414 4107 λῶν
2448 4055 2504 4105 ὲν
2530 4050 2760 4120 δόγμασι
2788 4043 3167 4115 καταργήσας,
3215 4040 3305 4093 ἵνα
3353 4039 3482 4100 τοὺς
3508 4035 3604 4088 δύο
3635 4034 3789 4102 mla-5
3813 4033 3865 4083 ἐν

2310 4143 2508 4215 ἐαυτῷ.
2540 4161 2558 4194 ι

2380 4213 2467 4289 Τι’
2505 4233 2736 4304 διορίζον
2772 4227 3030 4296 ἐξέκοψεν
3083 4226 3146 4278 ἐκ
3186 4223 3376 4294 μέσου,
3430 4221 3571 4288 ὅπερ
3595 4217 3716 4271 ἐστὶ
3746 4213 3864 4282 σὰρξ

2311 4330 2399 4384 διὰ
2422 4329 2520 4398 τὴν
2549 4329 2606 4378 ὲν
2638 4327 2772 4394 αὐτῇ
2799 4320 3092 4394 ἁμαρτίαν,
3122 4318 3296 4384 πάντη
3328 4313 3425 4384 μὲν
3447 4307 3866 4382 ἁπαλλοτριοῦεα

2312 4419 2438 4479 τοὺς
2471 4415 2592 4468 οὐδὲ
2623 4415 2790 4483 νόμου
2843 4409 3243 4480 χωριζομένους
3297 4403 3404 4457 ἀπὸ
3463 4402 3565 4471 τῆς
3619 4397 3869 4472 σαρκικῆς

647 4520 940 4592 nequidem
978 4522 1115 4592 legis
1150 4536 1254 4592 ope
1291 4536 1321 4575 a
1347 4523 1591 4592 nequitia
1619 4522 1827 4577 carnali
1850 4523 2193 4578 secerneban‘

2314 4509 2532 4572 κακίας,
2558 4507 2619 4560 οὐ
2657 4505 2762 4576 μὴν
2785 4503 2904 4558 οὐδὲ
2931 4503 3057 4564 τοὺς
3082 4499 3188 4552 ὑπὸ
3217 4497 3382 4566 νόμον
3419 4495 3586 4556 ὄντας
3611 4491 3867 4592 καθαρούς

649 4624 772 4681 tur;
809 4613 939 4685 quin
968 4629 1070 4670 nec
1097 4629 1194 4670 eos
1222 4615 1318 4684 qui
1345 4614 1448 4670 sub
1475 4616 1592 4685 lege
1613 4614 1872 4685 agebant,
1905 4629 2073 4684 puros
2096 4613 2219 4668 red-

650 4707 801 4762 deret
821 4705 888 4760 ab
906 4707 1238 4762 alienatione
1254 4723 1419 4776 quam
1442 4716 1726 4778 peccatum
1749 4716 2054 4777 pepererat.
2080 4705 2220 4771 Quo-

652 4797 797 4852 circa
826 4795 917 4850 ille
944 4796 1035 4866 qui
1066 4795 1341 4852 destruxit
1368 4809 1674 4867 peccatum,
1705 4773 1851 4868 quod
1875 4811 1971 4866 per
1997 4809 2193 4849 carnen

2319 4783 2555 4856 περιεῖλε
2589 4779 2682 4834 τὸν
2730 4778 2824 4832 ἐπὶ
2879 4777 3044 4846 σαρκὶ
3089 4773 3332 4828 τεθέντα.

2315 4601 2538 4669 ἀφιεῖσα
2574 4597 2675 4668 τῆς
2718 4595 2785 4648 δι’
2838 4592 3010 4664 αὐτὴν
3065 4586 3494 4659 ἀλλοτριώσεως.
3544 4579 3866 4649 Ὀθενότὴν

2313 4691 2593 4762 ἁμαρτίαν
2639 4687 2782 4742 λύων
2821 4685 2922 4757 τήν
2966 4684 3054 4738 διὰ
3085 4681 3306 4752 σαρκὸς,
3337 4679 3456 4749 ἅμα
3483 4678 3584 4732 καὶ
3609 4676 3702 4730 τὸν
3725 4675 3864 4762 νόμον

3381 4770 3771 4838 Ἀντεισήγαγε
3812 4761 3861 4812 δὲ

654 4887 954 4958 prodierat,
1005 4903 1114 4942 una
1157 4902 1382 4958 quoque
1417 4887 1592 4957 legem
1643 4887 1699 4942 in
1754 4901 1924 4941 carne
1986 4886 2193 4956 positau

2319 4876 2442 4930 ἀντὶ
2469 4873 2634 4943 νόμου
2669 4870 2864 4940 δόγμα,
2911 4869 3049 4938 ὅπερ
3079 4865 3195 4920 ἐστὶ
3219 4864 3278 4917 τὸ
3313 4863 3414 4932 τῆς
3434 4861 3615 4932 ψυχῆς
3647 4857 3858 4912 ἑκούσιον

657 4976 898 5034 sustulit.
931 4976 1038 5032 Pro
1078 4977 1196 5047 lege
1232 4986 1416 5032 autem
1474 4977 1758 5033 decretum
1815 4977 2043 5039 invexit,
2080 4976 2217 5031 libe-

657 5086 773 5126 ram
804 5069 994 5140 utique
1021 5069 1192 5124 animi
1225 5071 1556 5125 voluntatem
1587 5069 1698 5123 Deo
1723 5069 2020 5124 serviendi.

729 5158 888 5215 Vers.
921 5161 1008 5224 16,
1059 5161 1146 5214 17.
1185 5177 1205 5211 ι
1237 5159 1297 5214 1η
1330 5158 1500 5215 unum
1551 5175 1754 5215 novum
1789 5159 2088 5224 hominem,
2147 5156 2227 5212 fa-

661 5252 811 5307 ciens
840 5266 1051 5322 pacem,
1081 5259 1138 5307 et
1164 5250 1486 5307 reconciliet
1503 5252 1694 5306 ambos
1737 5251 1792 5306 in
1834 5265 1944 5305 uno
1996 5265 2193 5320 corpor

2323 5231 2744 5302 ἀποκαταλλάξῃ

665 5343 774 5398 lteo
801 5359 894 5412 per
922 5358 1164 5407 crucem,
1196 5341 1532 5399 interﬁciens
1589 5341 1905 5398 inimicitias
1935 5343 1990 5399 in
2023 5350 2223 5399 semet-

664 5436 786 5504 ipso
817 5449 832 5487 :
867 5442 921 5488 et
944 5433 1167 5488 veniens
1203 5451 1222 5486 ι

740 5523 916 5578 Finita
975 5539 1073 5593 per
1098 5539 1316 5580 crucem
1346 5523 1600 5595 praesenti
1631 5529 1764 5587 vlta,
1796 5531 1849 5578 et
1895 5523 2224 5579 circumcisa

673 5631 855 5676 carne,
886 5631 1030 5670 unus
1060 5615 1224 5671 homo
1275 5617 1606 5682 ostenditur,
1651 5617 1902 5688 quisquis
1932 5631 2028 5688 per
2055 5619 2222 5671 vitam

740 5789 778 5818 “
814 5788 991 5844 (λειω.
1054 5805 1114 5851 ιι,
1161 5789 1243 5844 l5.

2319 4969 2400 5030 είς
2421 4961 2677 5035 λατρείαν
2701 4957 2859 5014 Θεοῦ.

2398 5161 2418 5196 ι
2457 5141 2550 5205 El;
2605 5139 2704 5192 ἕνα
2749 5135 2934 5190 καινὸν
2975 5132 3282 5202 ἄνθρωπον,
3322 5126 3492 5182 ποιῶν
3518 5126 3758 5197 εἰρήνην,
3786 5121 3866 5175 καὶ

2794 5229 2922 5288 τοὺς
2953 5221 3295 5296 ἀμφοτέρους
3349 5221 3408 5272 ὲν
3441 5219 3523 5272 ἑνὶ
3573 5218 3770 5287 σώματι
3797 5209 3870 5279 τῷ

2325 5327 2444 5398 Θεῷ
2474 5325 2560 5379 διά
2585 5323 2680 5378 τοῦ
2715 5318 2971 5393 σταυροῦ,
3003 5314 3330 5377 ἀποκτείνας
3350 5311 3452 5382 τὴν
3477 5309 3676 5382 ἔχθραν
3701 5309 3753 5360 ἐν
3779 5304 3868 5357 αὖ·

2324 5419 2424 5490 τῷ,
2461 5419 2556 5472 καὶ
2579 5413 2766 5468 ἐλθών.
2805 5432 2823 5464 ι

2401 5512 2508 5567 Τοῦ
2537 5506 2771 5580 σταυροῦ
2798 5505 2968 5576 πέρας
2995 5499 3273 5560 ἐπιθέντος
3299 5499 3368 5568 τῇ
3396 5498 3509 5566 ζωῃ
3533 5499 3599 5566 τῇ
3622 5503 3864 5563 παρούσῃ.

2333 5609 2428 5665 καὶ
2456 5603 2553 5677 τὴν
2590 5602 2770 5674 σάρκα
2815 5592 3225 5668 περιτεμάντος,
3259 5583 3339 5654 εἷς
3368 5587 3654 5659 ἄνθρωπος
3679 5580 3869 5639 ἀποδεε-
