4022 6424
134 450 230 508 833

1254 429 1329 487 ΙΝ
1373 426 1612 486 EPIST.
1653 424 1752 482 AD
1790 420 2185 483 EPHESIOS.

3260 416 3367 484 834

134 580 319 618 κνυται
353 562 461 623 πᾶς
489 559 518 611 6
538 556 678 611 κατά
724 553 959 625 Χριστὸν
990 547 1551 621 χαρακτηριζόμενος,
1582 546 1692 599 εἴτε
1722 549 1746 605 Α

1849 554 2026 603 ovam,
2090 537 2206 593 sive
2236 537 2292 591 in
2325 536 2749 593 circumcisione
2779 537 2872 603 sit,
2921 538 3037 594 sive
3071 540 3125 594 in
3157 554 3367 611 praepu-

132 658 187 708 ὲν
219 653 514 724 περιτομῇ,
548 650 659 702 εἴτε
702 647 760 699 ἐν
804 642 1142 716 ἀκροϐυστίᾳ
1171 639 1315 694 κατὰ
1361 639 1460 708 τὴν
1504 636 1697 694 καινὴν

1852 646 1906 697 o,
1962 631 2165 686 Christi
2204 638 2334 684 nota
2386 628 2700 699 iusignitur.
2756 630 2970 699 Corpus
3028 631 3197 702 igitur
3223 632 3366 701 quod

66 754 67 757 ‘
131 722 306 811 ζωήν.
333 738 560 808 Θανάτῳ
611 736 707 788 ιιὲν
763 733 855 786 οῦν
888 732 949 785 τὸ
1003 730 1163 800 σῶμα
1214 726 1541 797 παραδοθὲν,
1599 724 1699 795 τὴν

1849 724 2066 780 'aditum
2096 724 2203 779 fuit
2226 722 2412 789 morti,
2441 722 2764 778 inimicitias
2794 722 2995 778 delevit
3032 740 3045 777 :
3080 725 3209 779 dum
3240 739 3372 779 vero

131 830 330 901 ἔχθραν
360 828 546 881 ἔλυσεν
576 842 589 856 °
624 826 703 888 εἰς
734 821 879 895 ζωὴν
908 820 965 873 δέ
995 817 1257 883 ἀναστὰν,
1286 819 1385 889 τὴν
1414 815 1592 885 φιλίαν
1622 815 1701 879 είς

1849 815 1875 871 d
1905 816 2073 871 vitam
2132 814 2459 883 resurrexit,
2488 822 2754 869 πίει-ηοω
2807 816 3104 870 amicitiam
3137 816 3371 886 paravit.

132 924 302 977 αίῶνα
332 916 753 975 κατεσκεύασεν.

206 1033 228 1066 ι
256 1009 663 1082 Εὑηγγελίσατο
707 1004 933 1076 είρήνην
990 1002 1120 1072 ὑμῖν
1172 1001 1283 1063 τοῖς
1341 997 1578 1069 μακρὰν,
1608 998 1701 1052 καὶ

134 1106 245 1167 τοῖς
275 1100 465 1168 ἐγγύς.
506 1118 526 1150 ι

204 1188 443 1261 Μακρὰν
473 1187 541 1239 τὰ
570 1185 719 1255 ἔθνη,
747 1182 900 1253 φησὶ,
921 1181 1011 1235 διὰ
1036 1180 1136 1250 τὴν
1166 1176 1373 1248 πλάνην
1394 1193 1407 1207 ⁸
1457 1177 1623 1245 ἐγγὺς
1648 1177 1706 1229 δὲ

137 1283 260 1338 τοὺς
288 1280 377 1332 διὰ
404 1278 568 1348 νόμου
588 1316 602 1338 ,
640 1272 734 1327 τοῦ
764 1268 1002 1343 Χριστοῦ
1040 1266 1458 1337 διδασκομένους
1502 1267 1706 1339 μυστή-

143 1390 275 1445 ριον.

213 1483 234 1516 ι
275 1465 397 1515 Ὅτι
422 1461 489 1514 δι’
515 1459 681 1513 αὑτοῦ
716 1457 912 1528 ἔχομεν
942 1456 1040 1525 τὴν
1062 1453 1430 1526 προσαγωγὴν
1454 1453 1503 1506 οἱ
1532 1448 1711 1522 sues.

1885 1014 1904 1047 ι
1928 990 2331 1062 Evangelizavit
2360 1004 2548 1060 pacem
2579 990 2734 1045 vobis
2759 990 2854 1060 qui
2884 990 3045 1060 longe
3070 988 3253 1044 fuistis
3281 1030 3293 1051 ,
3326 999 3377 1043 et

1812 1089 1882 1146 iis
1912 1088 2006 1157 qui
2036 1102 2225 1158 prope.
2260 1105 2279 1138 ι

1876 1181 2064 1249 Longe
2094 1177 2316 1248 quidem
2372 1176 2618 1232 abfuisse
2650 1175 2882 1247 gentiles
2911 1172 3009 1235 ait,
3035 1180 3256 1242 propter
3285 1186 3379 1226 er-

1811 1287 1995 1328 rorem
2030 1287 2046 1325 :
2078 1285 2248 1341 prope
2272 1277 2454 1325 autem
2486 1268 2611 1324 illos
2641 1271 2734 1338 qui
2766 1266 2870 1337 legi
2901 1265 3191 1336 parebant,
3212 1263 3377 1319 Chri-

1814 1365 1881 1421 sti
1908 1363 2227 1435 mysterium
2259 1361 2503 1417 eductos.

1876 1455 2042 1512 Vens.
2102 1453 2292 1510 18-20.
2349 1473 2368 1505 ι
2407 1452 2676 1519 Quoniam
2724 1466 2820 1521 per
2876 1451 3055 1520 ipsum
3119 1448 3386 1505 habemus

140 1574 310 1628 τεροι,
344 1557 400 1608 ἐν
429 1555 510 1606 ἐνὶ
556 1551 828 1621 πνεύματι
858 1549 994 1620 πρὸς
1026 1548 1117 1601 τὸν
1170 1547 1411 1619 Πατέρα.
1444 1546 1588 1615 Ἀρα
1616 1542 1709 1596 οῦν

1849 1563 2105 1603 .ccessum
2162 1547 2324 1601 ambo
2368 1547 2424 1600 in
2483 1558 2595 1598 uno
2629 1544 2827 1613 spiritu
2859 1542 2927 1597 ad
2966 1542 3203 1597 Patrem.
3244 1541 3388 1610 Ergo

144 1651 326 1703 οὐκέτι
356 1645 478 1699 ἐστέ
506 1644 644 1709 ξένοι
674 1642 768 1696 καὶ
794 1641 1066 1711 πάροικοι,
1089 1638 1226 1692 ἀλλὰ
1261 1636 1585 1709 συμπολίται
1603 1635 1711 1687 τῶν

1849 1656 1926 1694 am
1975 1656 2083 1694 non
2114 1639 2250 1694 estis
2281 1637 2532 1708 hospites
2570 1644 2625 1691 et
2656 1636 2900 1698 advenae,
2937 1634 3033 1690 sed
3064 1634 3205 1689 estis
3236 1633 3386 1687 cives

147 1742 339 1807 ἁγίων,
368 1739 461 1790 καὶ
495 1737 685 1789 οἰκεῖοι
711 1733 803 1786 τοῦ
835 1731 970 1785 Θεοῦ
995 1771 1011 1796 ,
1060 1730 1573 1802 ἐποικοδομηθέντες
1621 1728 1714 1780 ἐπὶ

1850 1730 2137 1787 anetorum
2167 1740 2225 1785 et
2274 1730 2559 1784 domestici
2591 1729 2713 1789 Dei,
2752 1727 3180 1797 superredilicati
3218 1740 3386 1797 supra

146 1833 226 1903 τῷ
280 1829 508 1901 θεμελίῳ
558 1826 666 1880 τῶν
708 1824 1020 1880 ἀποστόλων
1068 1825 1160 1877 καὶ
1216 1821 1531 1894 προφητῶν,
1563 1821 1715 1883 ὄντος

1849 1822 2235 1879 undamentum
2284 1820 2658 1890 apostolorum
2710 1827 2763 1874 et
2822 1818 3240 1888 prophetarum,
3273 1818 3392 1886 ipso

150 1918 549 1991 ἀκρογωνιαίου
582 1915 747 1968 αὐτοῦ
790 1914 963 1985 Ἰησοῦ
994 1912 1252 1984 Χριστοῦ.
1291 1930 1309 1963 ι

216 2011 387 2065 Οὐδὲν
422 2008 620 2079 μᾶλλον
654 2004 833 2077 ήμῶν,
891 2004 1075 2075 φησιν,
1109 2003 1325 2066 οἰκείως
1375 2003 1560 2073 ἔχουσι
1588 2002 1725 2073 πρὸς

150 2102 281 2156 Θεὸν
304 2102 352 2154 οἱ
394 2100 656 2169 πρότερον
676 2096 827 2159 ὄντες
860 2096 1049 2161 ἐγγὺς,
1085 2093 1219 2145 ἀλλὰ
1247 2092 1346 2163 μία
1396 2092 1725 2161 ἀμφοτέρων

152 2190 520 2264 προσαγωγὴ,
574 2188 641 2241 δι’
675 2188 793 2249 ἐνὸς
839 2186 996 2253 ἁγίου
1051 2183 1394 2255 Πνεύματος.
1441 2183 1526 2236 Ἐν
1557 2184 1637 2235 ἐνί
1669 2182 1727 2235 δὲ

151 2287 371 2356 σώματι
400 2280 673 2353 προειπὼν
693 2280 843 2350 ἡμᾶς
874 2276 1247 2348 κατηλλάχθαι
1277 2275 1420 2347 Θεῷ,
1439 2275 1534 2328 νῦν
1564 2277 1621 2327 ἐν
1647 2273 1728 2326 ἐνὶ

153 2376 430 2446 πνεύματι
460 2373 728 2445 προῆχθαι
781 2369 901 2440 Θεῷ
936 2386 1091 2439 φησι,
1146 2368 1406 2439 μετόχους
1469 2365 1728 2420 δεικνύων

152 2467 245 2519 τοῦ
302 2465 424 2527 ἐνὸς
473 2462 780 2532 πνεύματος
810 2461 899 2514 διὰ
932 2458 1029 2512 τοῦ
1062 2458 1179 2521 ἐνὸς
1219 2457 1473 2528 σώματος
1501 2455 1730 2526 γενομέ-

154 2574 303 2620 νους.
346 2556 500 2624 Ἔχει
527 2553 585 2606 δὲ
633 2551 729 2605 καὶ
785 2553 818 2622 ἡ
849 2551 956 2605 τῶν
989 2550 1269 2620 ὀνομάτων
1309 2546 1624 2620 παράληψις
1656 2547 1732 2599 oi.-

157 2650 341 2712 κείως.
379 2648 552 2700 Ὅπου
604 2646 704 2717 μὲν
762 2644 871 2717 γὰρ
925 2643 1317 2712 καταλλαγὴν
1377 2636 1521 2705 εἷπε,
1587 2638 1734 2692 Θεὸν

157 2744 404 2813 εἴρηκεν.
428 2741 613 2793 ’Ὅπου
643 2739 699 2792 δὲ
738 2736 1137 2807 προσαγωγὴν
1175 2736 1344 2804 λέγει,
1375 2732 1619 2804 Πνεῦμα
1642 2748 1734 2786 κα-

159 2832 261 2886 λεί.

243 2943 262 2973 ι
304 2924 393 2974 Ἑν
412 2940 453 2988 ῳ
493 2922 645 2974 πᾶσα
672 2920 925 2989 οἰκοδομὴ
959 2915 1538 2990 συναρμολογουμένη,
1577 2914 1731 2981 αὔξει

165 3016 251 3077 είς
275 3016 401 3068 ναὸν
432 3013 580 3080 ἅγιον
604 3014 660 3064 ἐν
685 3012 893 3084 Κυρίῳ,
923 3031 941 3063 ι

236 3105 657 3175 Παραδείγματι
685 3103 965 3174 χρώμενος
988 3100 1066 3170 τῷ
1101 3101 1336 3173 γωνιαίῳ
1356 3100 1509 3171 λίθῳ,
1536 3100 1613 3171 τῷ
1640 3100 1737 3171 τὴν

1750 1912 1793 1968 Β
1822 1929 2039 1970 summo
2079 1911 2326 1982 angulari
2361 1909 2541 1980 lapide
2570 1908 2795 1963 Christo
2825 1907 2981 1962 Jesu.
3027 1925 3046 1959 ι

1903 2003 2050 2059 Nihil
2080 2019 2249 2074 supra
2279 2017 2380 2057 nos
2411 2001 2639 2066 habent,
2672 2000 2873 2070 inquit,
2907 1998 3051 2069 apud
3082 1998 3392 2066 Deum,qui

1826 2096 2100 2165 quondam
2131 2102 2290 2150 erant
2316 2109 2507 2164 prope,
2544 2094 2640 2148 sed
2670 2107 2817 2147 unus
2840 2097 2927 2147 est
2957 2104 3219 2145 accessus
3239 2097 3395 2143 utro-

1825 2204 2061 2260 rumque
2090 2204 2186 2259 per
2215 2201 2383 2242 unum
2418 2184 2683 2255 Spiritum
2708 2194 2985 2241 sanctum.
3015 2182 3152 2237 Cum
3210 2190 3394 2235 autem

1828 2283 2059 2338 dixisset
2092 2281 2247 2352 prius
2272 2281 2326 2335 in
2358 2294 2470 2334 uno
2506 2293 2739 2349 corpore
2768 2292 2869 2332 nos
2924 2290 3048 2331 esse
3077 2273 3394 2329 reconcilia-

1830 2384 1917 2429 tos
1946 2376 2081 2436 Deo,
2112 2372 2339 2427 nuncin
2371 2385 2481 2425 uno
2506 2369 2701 2440 spiritu
2736 2368 3026 2437 proximos
3065 2380 3185 2421 esse
3219 2364 3398 2419 factos

1831 2467 1936 2532 ait;
1975 2473 2033 2519 ut
2061 2464 2329 2533 signiticet
2362 2471 2584 2533 propter
2614 2476 2785 2514 unum
2843 2475 3072 2528 corpus.
3103 2458 3269 2513 unius
3300 2471 3403 2510 nos

1832 2556 2064 2625 spiritus
2097 2555 2215 2609 fieri
2273 2553 2592 2623 participes.
2650 2549 2795 2614 Quin
2825 2556 2882 2602 et
2937 2548 3097 2618 183
3135 2547 3404 2617 appositis

1830 2646 1992 2716 plane
2024 2652 2078 2697 et
2107 2643 2317 2696 idoneis
2347 2640 2633 2695 vocabulis
2688 2638 2886 2692 utitur.
2920 2635 3056 2690 Nam
3090 2636 3181 2690 ubi
3212 2651 3401 2689 recon-

1832 2737 2160 2792 ciliationem
2213 2733 2375 2800 dixit,
2442 2732 2604 2785 Deum
2658 2730 3011 2794 nominavit;
3066 2729 3158 2784 ubi
3219 2736 3404 2783 autem

1835 2836 2126 2878 accessum,
2154 2816 2413 2884 Spiritum
2440 2813 2804 2885 nuncupavit.

1909 2912 2068 2966 Vens.
2104 2911 2194 2965 21.
2234 2927 2252 2958 ι
2302 2908 2359 2961 lu
2391 2922 2499 2977 quo
2536 2906 2715 2960 omnis
2751 2902 3044 2957 aedificatio
3073 2909 3395 2955 constructa

1836 3005 2033 3060 crescit
2069 3004 2121 3057 in
2158 3001 2418 3071 templum
2472 3005 2723 3054 sanctum
2771 2996 2824 3050 in
2864 2993 3116 3049 Domino.
3148 3011 3167 3046 ι

1907 3096 2203 3163 Assumpto
2230 3094 2284 3146 in
2316 3090 2621 3161 exemplum
2654 3086 2905 3157 angulari
2938 3086 3141 3155 lapide,
3184 3099 3292 3155 quo
3328 3095 3413 3139 to-

164 3198 298 3268 ὅλην
322 3196 613 3267 οἰκοδομὴν
654 3194 1093 3265 ὑποστηρίζοντι,
1123 3193 1364 3247 διδάσκει
1411 3194 1493 3246 ὅτι
1524 3194 1580 3245 ἐν
1607 3193 1740 3262 Χρι-

1849 3201 1956 3246 tum
1988 3189 2279 3245 aedificium
2315 3188 2582 3250 firmatur,
2614 3183 2777 3238 docet
2807 3183 2863 3237 in
2903 3181 3126 3236 Christo
3160 3196 3261 3235 nos
3294 3194 3415 3248 per-

170 3287 281 3358 στῷ
314 3286 709 3357 στηριζόμεθα.
744 3286 927 3340 Λίθον
950 3285 1007 3337 δὲ
1050 3284 1238 3349 εἰπὼν,
1284 3285 1379 3338 καὶ
1413 3285 1738 3355 συνάρτησιν

1849 3284 1969 3337 inde
2027 3281 2229 3336 fulciri.
2291 3278 2543 3347 Lapidem
2600 3286 2784 3330 autem
2859 3272 3136 3336 dicendo,
3187 3271 3418 3341 ejusque

167 3378 341 3434 αὑτοῦ
386 3379 486 3447 τὴν
537 3378 673 3447 πρὸς
727 3378 854 3441 τοὺς
897 3376 1400 3446 οἱκοδομουμένους,
1456 3376 1554 3446 τὴν
1601 3377 1737 3447 πρὸς

166 3473 323 3541 ἡμεῖς
357 3470 676 3538 ὁμογένειαν
706 3469 896 3535 ἔδειξε,
926 3471 1023 3540 τῆς
1053 3467 1195 3521 κατά
1226 3468 1406 3538 σάρκα
1442 3469 1745 3538 γεννήσεως

165 3564 261 3617 τοῦ
298 3562 660 3631 Μονογενοῦς.
702 3562 935 3630 Ἐπειδὴ
969 3561 1099 3633 γὰρ,
1133 3560 1287 3632 φησὶ,
1319 3560 1391 3613 τὰ
1420 3559 1626 3613 παιδία
1652 3575 1746 3611 κε-

168 3658 551 3723 κοινώνηκεν
577 3658 824 3727 αἵματος
864 3656 966 3710 καὶ
1008 3654 1257 3723 σαρκὸς,
1289 3652 1389 3707 καὶ
1423 3652 1606 3718 αὐτὸς
1633 3667 1745 3705 πα-

158 3751 531 3823 ραπλησίως
562 3748 825 3818 μετέσχε
856 3748 975 3802 τῶν
1005 3746 1223 3802 αὐτῶν.

245 3860 266 3891 σ
309 3842 406 3893 Ἐν
432 3834 476 3906 ᾧ
511 3841 606 3892 καὶ
647 3840 803 3909 ὑμεῖς
854 3835 1326 3907 συνοικοδομεῖσθε
1358 3836 1439 3899 είς
1484 3851 1749 3906 κατοικη-

165 3935 375 4002 ςήριον
401 3930 494 3983 τοῦ
520 3929 655 3982 Θεοῦ
681 3932 739 3982 ἐν
765 3930 1065 4000 Πνεύματι.
1096 3946 1115 3979 ι

241 4026 293 4079 Ν
301 4025 392 4095 αῴ
422 4025 686 4096 δηλονότι.

785 4156 1010 4209 ΚΕΦΑΛ
1023 4197 1035 4210 .
1082 4155 1153 4208 Γ.

251 4295 273 4329 ε
309 4274 523 4327 Τούτου
545 4274 706 4344 χάριν
732 4274 839 4343 ἐγὼ
862 4273 1070 4335 Παῦλος
1096 4274 1123 4324 6
1147 4272 1364 4340 δέσμιος
1394 4268 1489 4324 τοῦ
1519 4267 1755 4341 Χριστοῦ

1843 3373 2375 3445 coagmentationem
2400 3385 2526 3424 cum
2552 3368 2619 3422 iis
2637 3367 2845 3435 quibus
2867 3364 3416 3428 constataadilicium,

1844 3468 2088 3522 declarat
2116 3463 2500 3534 cognationem
2534 3467 2781 3515 nostram
2812 3472 2935 3512 cum
2972 3454 3269 3524 Unigenito
3302 3453 3417 3515 Dei,

1845 3566 2115 3627 quatenus
2152 3553 2457 3610 secundum
2503 3566 2724 3606 carnem
2760 3557 2924 3603 natus
2973 3555 3078 3601 est.
3126 3543 3260 3598 Nam
3295 3547 3420 3614 quia

1846 3652 1995 3723 pueri
2024 3650 2473 3705 communicarunt
2507 3646 2742 3717 carnioet
2774 3641 3060 3712 sanguini,
3100 3649 3150 3693 et
3196 3639 3307 3707 ipse
3343 3637 3421 3691 si-

1850 3746 2047 3800 militer
2086 3742 2425 3812 participaui!
2463 3738 2658 3794 eisdem
2687 3736 2759 3791 δ’.

1921 3836 2089 3891 Vens.
2119 3835 2209 3888 22.
2247 3853 2265 3885 ι
2318 3833 2375 3886 ln
2410 3846 2519 3900 quo
2547 3838 2602 3884 et
2633 3843 2734 3883 vos
2782 3821 3200 3880 corediflcamini
3234 3820 3295 3875 in
3326 3819 3424 3874 ha-

1852 3927 2156 3985 bitaculum
2190 3926 2281 3980 Dei
2316 3925 2371 3978 in
2412 3921 2647 3992 Spiritu.
2687 3937 2705 3970 ι

1928 4023 1988 4078 ln
2024 4022 2228 4089 templo
2262 4016 2500 4073 scilicet.

2488 4145 2640 4201 CAP.
2692 4143 2780 4198 111.

1928 4268 2097 4323 Vens.
2142 4266 2249 4320 1-4.
2304 4281 2321 4314 ‹
2373 4262 2549 4331 Hujus
2592 4258 2671 4313 rei
2703 4256 2883 4328 gratia
2918 4270 3019 4326 ego
3050 4253 3257 4308 Paulus
3304 4252 3430 4307 vin—

181 4368 406 4439 Ἰησοῦ,
441 4368 580 4437 ὑπὲρ
604 4366 756 4437 ὑμῶν
785 4365 897 4417 τῶν
943 4362 1135 4429 ἐθνῶν,
1180 4362 1231 4414 εἴ
1263 4379 1326 4430 γε
1349 4361 1619 4430 ἠκούσατε
1659 4360 1746 4429 τὴι

1858 4370 1981 4418 ctus
2032 4357 2235 4414 Christi
2267 4354 2398 4411 Jesu
2445 4368 2542 4424 pro
2588 4352 2747 4406 vobis
2805 4349 3100 4420 gentibus;
3152 4347 3197 4401 si
3251 4353 3431 4400 tamen

171 4433 511 4528 οἰκονομίαν
549 4433 660 4527 -τῆς
696 4457 921 4527 χάριτος
948 4455 1041 4508 τοῦ
1092 4453 1226 4507 Θεοῦ
1260 4456 1358 4523 τῆς
1392 4452 1637 4521 δοθείσης
1670 4470 1746 4522 μοι

1862 4451 2096 4507 audistis
2123 4445 2591 4517 dispensationem
2631 4441 2823 4511 gratiae
2857 4453 2977 4506 quae
3029 4438 3153 4489 data
3186 4444 3270 4490 est
3301 4433 3432 4487 mihi

170 4554 259 4614 εἰς
304 4550 483 4619 ὑμᾶς,
534 4548 615 4601 ὅτι
668 4547 811 4600 κατὰ
861 4545 1203 4614 ἀποκάλυψιν
1232 4541 1525 4613 ἐγνώρισεν
1556 4560 1645 4609 μοι
1698 4543 1746 4595 τὶ

1864 4545 1919 4598 in
1946 4543 2101 4596 vobis
2130 4557 2145 4593 :
2177 4537 2439 4608 quoniam
2482 4532 2787 4589 secundum
2830 4528 3216 4584 revelationem
3242 4534 3436 4581 notum

176 4642 523 4715 μυστήριον.
558 4658 576 4690 ι

248 4733 508 4801 Ταύτης,
540 4730 725 4799 φησὶν,
752 4731 851 4801 τῆς
892 4730 971 4793 είς
1006 4730 1150 4801 ὑμᾶς
1213 4730 1434 4800 χάριτος
1485 4727 1764 4797 ὑπηρέτης

131 4875 138 4881 .
174 4825 296 4894 ἐγὼ
329 4824 434 4877 καὶ
466 4821 774 4891 ἀγωνιστὴς
803 4821 931 4892 ἄχρι
964 4819 1200 4891 δεσμῶν,
1229 4819 1322 4872 καὶ
1349 4819 1436 4873 διὰ
1467 4819 1625 4871 τοῦτο
1661 4835 1766 4887 μυ-

174 4920 422 4988 στήριον
478 4910 861 4983 ἀπεκαλύφθη,
896 4912 983 4965 ἵνα
1042 4912 1122 4968 είς
1174 4911 1320 4980 ὑμᾶς
1372 4908 1672 4979 ἐξαγγελθῇ
1701 4907 1767 4960 δι’

172 5009 349 5080 ἐμοῦ.

251 5121 276 5155 ι
324 5098 538 5161 Καθὼς
590 5096 915 5169 προέγραψα
964 5098 1021 5150 ἐν
1063 5095 1258 5166 ὀλίγῳο
1303 5094 1443 5167 πρὸς
1473 5093 1503 5147 ὃ
1542 5090 1770 5153 δύνασθε

171 5191 675 5260 ἀναγινώσκοντες
704 5191 891 5259 νοῆσαι
917 5188 1013 5260 τὴν
1044 5188 1259 5242 σύνεσίν
1295 5204 1397 5259 μου
1445 5188 1504 5239 ἐν
1555 5184 1634 5254 τῷ
1671 5202 1773 5255 μυ-

173 5286 413 5358 στηρίῳ
437 5281 533 5335 τοῦ
561 5278 823 5352 Χριστοῦ.

251 5378 493 5449 Βραχὺς
521 5376 547 5427 6
574 5373 751 5441 λόγος,
777 5370 932 5441 φησὶ,
957 5368 1053 5423 καὶ
1083 5368 1346 5437 σύντομος
1367 5368 1401 5437 ή
1432 5364 1773 5428 διδασκαλία,

171 5474 280 5529 καὶ
309 5469 505 5535 ὀλίγον
524 5466 593 5518 τά
624 5462 794 5518 πολλὰ
823 5459 1213 5532 σπερματικῶς
1245 5458 1483 5522 ἐδίδαξα,
1520 5456 1771 5510 τοσοῦτον

171 5557 587 5626 ἀποκαλύψας,
622 5555 707 5623 ἐφ’
752 5554 876 5606 ὅσον
920 5552 1015 5605 καὶ
1049 5550 1288 5605 συνιέναι
1332 5547 1592 5604 δύνασθε·
1650 5563 1772 5599 συν-

174 5658 341 5712 ιέναι
378 5651 437 5703 δὲ
474 5651 541 5702 ἐκ
575 5646 820 5710 πλείονος
849 5642 1229 5715 ἀναγνώσεως,
1265 5642 1363 5697 οὐκ
1392 5642 1458 5696 ἐκ
1491 5640 1771 5711 παρέργου

170 5755 210 5823 ἢ
249 5744 663 5817 παραδρομῆς.

262 5886 322 5920 ι’
356 5879 530 5935 Hebr.
561 5893 623 5943 ιι,
648 5876 734 5932 14.

1867 4634 2003 4690 mihi
2047 4632 2179 4685 fecit
2212 4627 2559 4699 mysterium.
2606 4643 2624 4674 ι

1940 4723 2117 4794 Hujus
2156 4737 2277 4791 qua:
2318 4718 2445 4772 data
2482 4715 2645 4769 nobis
2693 4721 2779 4767 est
2832 4711 3046 4782 gratiae,
3098 4709 3298 4779 inquit,
3340 4721 3440 4775 ego

1871 4818 2122 4872 minister
2154 4826 2275 4867 sum
2325 4816 2379 4863 et
2420 4811 2804 4875 propugnator
2838 4817 3013 4872 usque
3062 4800 3129 4853 ad
3184 4799 3438 4857 vincula,

1872 4919 1930 4965 et
1961 4908 2166 4963 idcirco
2212 4901 2536 4973 mysterium
2584 4897 2718 4951 mihi
2769 4893 3176 4949 manifestatum
3225 4890 3351 4955 fuit,
3386 4898 3443 4944 ut

1877 5020 1975 5078 per
2016 5016 2103 5056 me
2136 4998 2291 5053 vobis
2322 4992 2764 5049 annnntiaretur.

1948 5114 1967 5146 ι
2009 5094 2166 5149 Sicut
2212 5101 2381 5157 supra
2415 5082 2615 5151 scripsi
2664 5081 2719 5135 in
2752 5079 2943 5144 brevi;
2983 5082 3153 5146 prout
3213 5071 3445 5141 potestis

1870 5189 2119 5257 legentes
2146 5179 2460 5250 intelligere
2494 5173 2845 5247 prudentiam
2880 5184 3052 5224 meam
3081 5167 3136 5221 in
3174 5165 3440 5235 mysterio

1871 5275 2104 5334 Christi.
2140 5290 2161 5325 ι

1946 5363 2234 5421 Doctrina,
2285 5356 2488 5426 inquit,
2536 5365 2657 5405 mea
2712 5346 2886 5410 brevi,
2942 5344 3279 5411 concisoq-ue
3326 5355 3443 5392 ser-

1878 5474 2042 5514 mone
2068 5453 2364 5515 clauditur,
2396 5456 2452 5503 et
2478 5445 2651 5500 multa
2687 5441 2877 5512 paucis
2926 5446 3188 5507 tanquam
3234 5434 3445 5488 semitm

1880 5549 2066 5611 docui,
2101 5541 2437 5601 tantumdem
2468 5536 2629 5591 vobis
2677 5531 2993 5603 aperiendo,
3025 5537 3290 5599 quantum
3321 5536 3447 5591 pos-

1879 5644 2014 5702 setis
2050 5638 2387 5706 intelligere:
2409 5630 2727 5698 iutelligere,
2759 5624 2982 5695 inquam
3004 5662 3019 5689 ,
3042 5615 3365 5675 accuratiori
3393 5622 3447 5665 et

1881 5725 2243 5803 frequentiori
2271 5722 2524 5787 lectione,
2556 5735 2666 5776 non
2693 5718 2899 5773 cursim
2936 5721 3030 5768 aut
3051 5706 3444 5784 perfunctorie.
