4022 6422
719 413 825 480 835

723 624 964 692 agnitum
1019 624 1143 676 ﬁliis
1183 623 1487 684 hominum,
1554 627 1721 678 sicuti
1782 642 1927 679 nunc
1981 628 2279 681 revelatum

719 724 800 767 est
833 714 1036 767 sanctis
1079 714 1342 783 apostolis
1385 713 1504 782 ejus
1534 724 1589 768 et
1624 717 1905 782 prophetis
1949 717 2002 769 in
2050 717 2278 787 Spiritu,

722 813 908 872 gentes
942 819 1064 859 esse
1108 805 1418 858 cohaeredes
1462 815 1516 859 et
1548 809 1993 875 concorporales,
2042 819 2096 863 et
2139 825 2283 863 com-

721 895 1018 963 participes
1053 894 1433 959 promissionis
1484 893 1605 962 ejus
1656 895 1709 948 in
1742 895 1965 951 Christo
2004 896 2131 953 Jcsu
2186 916 2283 969 per

722 985 1071 1053 Evangelium
1104 1002 1117 1037 :
1148 984 1302 1053 cujus
1331 984 1509 1038 factus
1544 1000 1662 1038 sum
1698 988 1946 1042 minister
1975 991 2279 1044 secundum

721 1076 921 1130 donum
952 1078 1145 1147 gratiae
1176 1076 1286 1140 Dei,
1322 1093 1443 1146 qua:
1488 1078 1613 1132 data
1660 1088 1744 1134 est
1794 1082 1925 1135 tnihi
1976 1084 2280 1137 secundum

720 1170 1091 1239 Operatiouem
1118 1168 1335 1224 virtutis
1369 1170 1513 1237 ejus.
1546 1189 1562 1221 ι

786 1260 1078 1314 Enimvero
1114 1262 1214 1315 etsi
1270 1266 1549 1332 prophetae
1593 1265 1658 1318 de
1694 1267 1951 1336 mysterio
1985 1267 2089 1321 hoc
2116 1268 2278 1321 locuti

721 1353 959 1416 fuerant,
994 1354 1462 1422 obstupescebaut
1489 1354 1639 1409 Petri
1676 1363 1905 1411 comites
1937 1377 1949 1411 :
1985 1360 2107 1426 ipse
2150 1374 2276 1413 vero

714 1442 910 1497 Petrus
942 1452 1073 1498 tunc
1104 1446 1385 1514 temporis,
1418 1446 1625 1516 Spiritu
1666 1447 2073 1511 manifestante,
2108 1450 2273 1504 in'el-

715 1537 846 1590 lexit
873 1545 1155 1605 susceptas
1220 1552 1438 1606 quoque
1469 1553 1592 1593 esse
1622 1553 1808 1607 gentes
1843 1554 1870 1591 a
1912 1539 2039 1594 Deo.
2083 1540 2280 1595 Hacte-

713 1643 817 1681 nus
838 1630 979 1682 enim
1016 1628 1070 1681 in
1092 1628 1596 1698 obscurojacebant
1622 1632 1835 1700 eloquia
1866 1635 2273 1702 prophetarum,

606 1736 613 1759 ο
712 1729 763 1772 et
793 1720 1099 1789 aeuigmatis
1152 1729 1213 1772 ut
1262 1720 1559 1789 plurimum
1612 1724 2054 1788 involvebantur,
2088 1742 2279 1795 exspe-

710 1809 1041 1877 ctabantque
1078 1820 1133 1863 ut
1162 1811 1534 1880 experimento
1566 1822 1844 1882 comperta
1904 1815 2117 1870 tierent.
2164 1816 2274 1871 Illis

1884 422 1945 480 s.
1973 422 2292 482 JOANNIS
2334 424 2767 487 DAMASCENI
3746 458 3815 521 εδδ

796 529 953 586 Vens.
990 530 1103 585 5-7.
1142 550 1161 583 ι
1212 531 1369 597 Quod
1402 532 1523 588 aliis
1571 535 2020 601 generationibus
2056 552 2163 589 non
2198 546 2281 590 est
2310 544 2355 597 Α

2464 559 2482 590 ί
2509 540 2575 595 ..Ο
2597 543 2810 613 ἑτέραις
2834 547 3049 612 γενεαῖς
3070 546 3167 599 οὐκ
3199 548 3487 622 ἐγνωρίσθη
3511 559 3602 618 τοῖς
3626 562 3727 627 υἱοῖς
3746 570 3821 621 τῶν

2383 632 2479 684 ἀνθ
2491 634 2707 704 ρώπων,
2745 637 2819 699 ὡς
2860 637 2953 690 νῦν
2981 640 3339 713 ἀπεκαλύφθη
3369 647 3472 705 τοῖς
3497 647 3640 714 ἁγίοις
3661 657 3823 713 ams-:4.

2382 724 2493 789 λοις
2521 728 2682 780 αὑτοῦ
2731 732 2823 783 καὶ
2878 733 3185 801 προφήταις
3223 736 3280 788 ἐν
3331 737 3608 807 Πνεύματι,
3649 740 3751 801 εἶναι
3778 756 3824 806 τὰ

2383 818 2506 890 ἔθνη
2545 821 2982 893 συγκληρονόμα,
3018 826 3111 877 καὶ
3150 826 3431 896 σύσσωμα,
3478 834 3559 885 καὶ
3598 841 3828 913 συμμέτοχα

2380 909 2481 978 τῆς
2511 912 2840 978 ἐπαγγελίας
2875 914 3037 967 αὐτοῦ
3069 918 3126 968 ἐν
3154 917 3230 987 τῷ
3261 920 3477 990 Χριστῷ
3498 923 3571 977 διὰ
3597 928 3671 981 τοῦ
3703 909 3827 1001 Εὑαῇ

2380 1000 2584 1067 γελίου,
2618 996 2677 1054 οὗ
2714 1004 2981 1073 ἐγενόμην
3025 1008 3269 1072 διάκονος
3307 1014 3443 1066 κατὰ
3468 1016 3553 1084 τὴν
3578 1018 3739 1089 δωρεὰν
3763 1028 3830 1094 ti;

2380 1093 2601 1163 χάριτος
2631 1095 2724 1147 τοῦ
2758 1097 2914 1164 Θεοῦ,
2943 1100 3040 1169 τὴν
3071 1101 3315 1154 δοθεῖσαν
3346 1120 3433 1171 μοι
3472 1108 3593 1159 κατὰ
3620 1110 3695 1180 τὴν
3724 1093 3825 1185 aut.

2379 1201 2533 1252 γειαν
2565 1188 2664 1257 τῆς
2695 1190 2976 1260 δυνάμεως
3002 1193 3187 1246 αὐτοῦ,
3222 1214 3238 1244 ι

2451 1280 2560 1331 Καὶ
2586 1280 2913 1352 λαλούμενον
2950 1285 3058 1356 γὰρ
3093 1290 3150 1339 ἐν
3180 1291 3481 1358 προφήταις
3509 1294 3751 1364 μυστήριον
3764 1294 3827 1365 ἦν’

2380 1368 2771 1441 ἐξεπλήττοντο
2804 1375 2933 1441 γοῦν
2961 1379 3008 1429 οἱ
3042 1380 3177 1447 μετὰ
3219 1379 3313 1431 τοῦ
3360 1381 3569 1451 Πέτρου.
3598 1386 3686 1437 Καὶ
3727 1389 3831 1452 αὐτὶ,

2381 1460 2438 1513 δὲ
2465 1463 2585 1515 τότε
2617 1464 2644 1515 ό
2676 1466 2880 1537 Πέτρος
2913 1469 3083 1521 συνίει
3107 1470 3193 1523 διὰ
3222 1473 3320 1541 τῆς
3344 1471 3435 1524 τοῦ
3468 1475 3729 1543 Πνεῦματος
3748 1481 3830 1531 ἀπο-

2380 1551 2686 1621 καλύψεως,
2720 1555 2801 1606 ὅτι
2830 1555 2923 1607 καὶ
2953 1556 3021 1609 τὰ
3054 1556 3180 1627 ἔθνη
3204 1558 3571 1628 προσδέδεκται
3596 1562 3754 1625 ὁθεός.
3778 1565 3832 1615 Ἐν

2380 1642 2558 1712 ἀδήλῳ
2588 1644 2696 1715 γὰρ
2725 1645 2803 1697 ἔτι
2835 1647 2902 1699 τὰ
2924 1648 3030 1700 τῶν
3071 1652 3367 1721 προφητῶν
3396 1652 3574 1714 ἔκειτο,
3610 1656 3687 1707 καὶ
3716 1655 3831 1709 661i-

2378 1737 2658 1805 νιγμάτων
2690 1737 2756 1789 τὰ
2787 1738 2958 1792 πολλὰ
2993 1741 3088 1793 καὶ
3117 1743 3215 1811 τῆς
3250 1743 3446 1811 πείρας
3485 1746 3731 1812 ἐπίγνωσιν
3752 1748 3832 1817 ἔμε·

2377 1844 2485 1879 νεν.
2528 1829 2654 1892 Τοῖς
2696 1827 2789 1884 οὖν
2822 1832 3091 1901 μετόχοις,
3142 1836 3296 1905 φησὶ,
3339 1836 3441 1905 τῆς
3485 1837 3567 1890 τοῦ
3609 1840 3833 1907 ΙΙνεύματος

715 1901 906 1971 igitur,
934 1902 1026 1970 qui
1059 1903 1286 1970 gratiam
1324 1901 1567 1972 Spiritus
1609 1906 2029 1975 participavere,
2073 1909 2267 1977 inquit,

2328 1901 2347 1954 ἶ
2379 1920 2600 1990 χάριτος
2631 1922 2806 1992 σαφὴς
2846 1925 3293 1980 ἀποκεκάλυπται
3337 1928 3431 1981 νῦν
3460 1932 3491 1998 ἡ
3529 1933 3739 1983 κοινωνία
3769 1932 3833 1982 τῶν

714 2008 861 2047 nunc
901 1992 1187 2047 manifeste
1214 1992 1485 2063 patefacta
1520 2003 1603 2048 cst
1648 1998 1970 2062 eoujunctio
2004 2000 2277 2055 societas-

711 2099 818 2153 que
844 2085 1085 2155 gentium
1137 2099 1261 2137 cum
1311 2083 1516 2150 Israel;
1562 2087 1862 2154 gentilibus
1922 2090 2179 2145 nimirum
2211 2092 2275 2145 ad

706 2176 1131 2245 promissionem
1190 2175 1437 2230 eamdem
1497 2176 1759 2232 adductis
1826 2189 2052 2251 propter
2106 2197 2277 2238 unum

705 2281 990 2321 accessum
1031 2267 1097 2321 ad
1126 2266 1437 2331 Christum.

779 2356 945 2411 Vens.
989 2358 1022 2413 8
1048 2398 1062 2422 ,
1103 2358 1157 2412 9.
1196 2376 1213 2410 ι
1258 2357 1390 2413 Mihi
1421 2361 1663 2417 omnium
1697 2371 2016 2419 sanctorum
2051 2366 2276 2422 minimo

707 2446 832 2503 data
854 2458 939 2503 est
967 2448 1141 2518 gratia
1168 2447 1304 2515 haec,
1344 2449 1400 2504 in
1440 2451 1697 2518 gentibus
1738 2456 2139 2523 evangelizare.
2182 2476 2201 2509 ι

781 2540 1029 2610 Seipsum
1064 2548 1372 2595 sanctorum
1403 2542 1681 2596 minimum
1717 2544 1873 2609 dicit,
1918 2549 2047 2616 quia
2086 2544 2274 2604 Ecclei-

705 2633 843 2688 siam
888 2631 1046 2704 185
1075 2632 1203 2687 olim
1260 2633 1565 2690 insectatus
1609 2644 1748 2700 crat,
1801 2648 1855 2692 et
1908 2640 2033 2696 illos
2080 2640 2273 2710 majori

705 2725 912 2780 honore
948 2726 1141 2795 dignos
1181 2724 1367 2790 habet,
1401 2726 1494 2795 qui
1530 2736 1656 2782 ante
1685 2744 1743 2784 se
1767 2731 1945 2783 vocati
1974 2740 2183 2797 essent,
2215 2740 2272 2787 et

708 2819 1024 2889 priusquam
1075 2818 1302 2888 sanguis
1344 2826 1570 2874 sanctus
1614 2820 2004 2890 ell‘undcretur,
2052 2832 2273 2895 aposto-

688 2911 852 2963 ‘latus
900 2924 1100 2962 munus
1151 2910 1519 2978 accepissent.

780 3017 799 3051 ε
844 2996 1261 3068 luvestigabiles
1316 2998 1541 3054 divitias
1582 2997 1814 3058 Christi,
1863 3007 1916 3052 et
1964 2998 2273 3058 illuminare

702 3104 912 3152 omnes,
945 3104 1066 3158 qua:
1095 3088 1165 3143 sit
1200 3088 1540 3159 dispensatio
1575 3090 1904 3145 sacramenti
1956 3092 2270 3148 absconditi

2379 2010 2567 2074 ἐθνῶν,
2602 2013 2633 2081 ἡ
2667 2014 2801 2083 πρὸς
2835 2016 2923 2067 τὸν
2960 2016 3192 2088 Ἰσραὴλ,
3220 2020 3295 2082 είς
3337 2018 3434 2089 τὴν
3469 2020 3749 2087 ἐπαγγελίαν
3776 2025 3834 2087 τὴν

2379 2102 2548 2170 αὐτὴν
2579 2104 2952 2172 εἰσαγομένων
2981 2107 3074 2159 καὶ
3101 2108 3209 2161 τῶν
3239 2107 3433 2173 ἐθνῶν,
3464 2108 3545 2162 διὰ
3568 2110 3653 2179 τὴν
3681 2110 3773 2179 μίαν
3791 2112 3835 2171 εἰς

2376 2194 2612 2265 Χριστὸν
2652 2198 3041 2268 προσαγωγὴν.

2453 2389 2472 2422 ι
2512 2371 2669 2442 Ἐμοὶ
2698 2370 3095 2445 ἐλαχιστοτέρῳ
3127 2374 3345 2427 πάντων
3376 2374 3540 2444 ἁγίων
3566 2374 3698 2445 ἐδόθη
3724 2375 3749 2444 ή
3777 2371 3839 2442 χά-

2380 2478 2462 2532 ρις
2489 2461 2651 2533 αὕτη,
2678 2464 2737 2517 ἐν
2768 2466 2880 2526 τοῖς
2911 2463 3121 2518 ἔθνεσιν
3144 2466 3610 2535 εὐαγγελίσασθαι.
3637 2485 3652 2517 i

2459 2552 2814 2623 Ἐλὰχιστον
2842 2554 2960 2610 τῶν
2986 2558 3169 2626 ἁγίων
3197 2557 3389 2611 ἑαυτὸν
3417 2559 3582 2623 καλεῖ,
3606 2558 3681 2611 διὰ
3699 2559 3746 2611 τὸ
3761 2575 3842 2629 προ-

2372 2643 2560 2710 διῶξαι
2594 2644 2692 2717 τὴν
2736 2646 3081 2718 Ἐκκλησίαν,
3104 2649 3529 2721 προτιμοτέρους
3547 2650 3712 2703 ἑαυτοῦ
3733 2651 3839 2713 τιθεὶς

2371 2736 2498 2800 τοὺς
2530 2738 3029 2809 προκεκλημένους,
3072 2741 3167 2794 καὶ
3204 2743 3310 2813 πρὸ
3350 2743 3615 2811 ἐκχύσεως
3641 2744 3771 2811 ἁγίων
3788 2744 3840 2794 αἱ·

2377 2829 2565 2898 μάτων
2591 2830 2687 2900 τὴν
2718 2832 3022 2903 ἀποστολὴν
3059 2833 3521 2903 ἐγχειρισθέντας.

2448 3034 2466 3065 ι
2498 3013 2603 3067 Τὸν
2634 3012 3033 3085 ἀνεξιχνίαστον
3066 3018 3293 3071 πλοῦτον
3320 3020 3418 3073 τοῦ
3445 3021 3842 3093 Χριστοῦ,καὶφωο

2369 3106 2516 3159 τίσαι
2550 3106 2892 3172 πάντας,’τίς
2943 3111 2975 3179 ἡ
3021 3112 3299 3181 οἰκονομία
3339 3114 3435 3166 τοῦ
3490 3115 3747 3184 μυστηρίου
3785 3111 3844 3163 τοῦ

703 3198 733 3234 a
791 3182 1013 3236 sacculis
1046 3182 1101 3235 in
1134 3180 1267 3249 Deo,
1301 3181 1399 3251 qui
1447 3181 1632 3236 omnia
1681 3182 1886 3236 creavit
1928 3199 2026 3253 per
2076 3183 2261 3240 Jesum

703 3273 974 3294 m_:_.____
1045 3291 1057 3294 _

2328 3236 2340 3291 Ξ
2374 3198 2889 3268 ἀποκεκρυμμένου,
2917 3200 3025 3252 ἀπὸ
3050 3202 3156 3253 τῶν
3184 3205 3397 3256 αἰώνων
3420 3207 3476 3256 ἐν
3505 3205 3575 3275 τῷ
3598 3204 3713 3274 Θεῷ,
3805 3203 3845 3253 τὰ

700 3273 1002 3329 Christum.
1044 3291 1063 3325 ι

772 3367 1070 3422 Immensas
1120 3366 1319 3421 Clu-isti
1356 3365 1571 3421 divitias
1620 3377 1797 3433 vocat,
1850 3369 2037 3423 mundi
2099 3368 2267 3423 totius

702 3456 931 3510 salutem
966 3474 977 3511 :
1011 3456 1449 3525 dispensationem
1485 3473 1615 3511 vero
1646 3459 2005 3520 sacramenti,
2047 3459 2267 3513 univer-

702 3564 889 3602 sorum
933 3548 1214 3602 hominum
1268 3550 1323 3602 in
1371 3564 1479 3603 uno
1533 3549 1753 3603 Christo
1806 3549 2262 3619 assumptionem.

704 3638 818 3693 [loc
870 3654 1032 3709 porro
1076 3647 1515 3715 sacramentum,
1567 3639 1769 3708 inquit,
1823 3656 1929 3694 non
1988 3651 2265 3709 postremo

702 3732 919 3785 tandem
951 3731 1053 3784 hoc
1088 3744 1203 3785 aevo
1238 3731 1608 3798 excogitatum
1642 3731 1743 3784 fuit
1777 3745 1806 3783 a
1829 3730 1958 3792 Dco,
1994 3730 2082 3783 cui
2114 3730 2263 3783 nulla

701 3825 951 3877 voluntas
986 3838 1178 3877 recens
1210 3822 1427 3887 accidit,
1465 3822 1559 3877 sed
1605 3838 1671 3876 ex
1716 3831 1831 3876 toto
1874 3834 2138 3875 aeternum
2168 3837 2263 3875 ex-

700 3913 862 3977 sistit,
896 3911 1011 3967 sive
1041 3910 1184 3967 Deus
1215 3912 1471 3975 eondere,
1503 3912 1617 3967 sive
1646 3913 1881 3967 salutem
1911 3909 2103 3965 aﬂerre
2133 3925 2261 3980 pro-

697 4013 885 4078 perac

767 4091 933 4148 Vens.
971 4094 1056 4148 10.
1092 4112 1110 4145 ι
1146 4093 1216 4148 Ut
1246 4095 1556 4149 innotescat
1599 4110 1745 4148 nunc
1778 4095 2178 4164 principatibus
2208 4104 2262 4149 et

697 4182 1061 4252 potestatibus
1108 4184 1161 4237 in
1204 4184 1527 4239 coelestibus
1579 4200 1676 4254 per
1722 4184 2025 4240 Ecclesiam
2073 4186 2261 4240 multi-

695 4273 890 4329 formis
930 4274 1196 4343 sapientia
1240 4274 1357 4329 Dei.
1392 4293 1411 4325 ι

770 4364 854 4420 Uti
906 4367 1183 4436 principes
1218 4366 1430 4427 tnundi,
1484 4366 1681 4435 inquit,
1733 4366 1933 4435 quibus
1981 4367 2257 4438 incognita

694 4457 966 4526 sapientia
990 4457 1085 4511 illa
1115 4465 1255 4520 erat,
1283 4472 1404 4527 quae
1438 4458 1645 4526 pridem
1672 4457 1828 4512 nobis
1858 4460 2123 4512 destinata
2150 4467 2255 4525 est,

693 4558 995 4618 agnoscant
1041 4550 1255 4604 tandem
1301 4564 1368 4603 ex
1409 4547 1768 4605 aediﬁcatione
1806 4551 2062 4605 Ecclesiae
2103 4566 2256 4605 nova:

692 4639 989 4693 creationis
1025 4647 1329 4703 auctorem,
1362 4638 1454 4707 qui
1502 4637 1721 4708 quidem
1758 4652 1931 4695 morte
1963 4656 2059 4695 sua
2093 4641 2251 4696 ﬁnem

694 4727 958 4797 imposuit
987 4728 1156 4797 priori
1175 4735 1473 4793 creaturae;
1499 4743 1596 4796 per
1622 4730 2075 4784 resurrectionem
2102 4746 2251 4794 vero,

693 4831 845 4871 nova:
877 4817 1208 4887 principium
1246 4817 1480 4870 invexit.

766 4906 926 4963 Vens.
963 4907 1149 4961 11-15.
1187 4924 1205 4956 ι
1258 4906 1568 4961 Secundum
1618 4909 2032 4979 praeﬁnitionem
2083 4925 2253 4965 sazcu-

692 4998 889 5061 lorum,
931 5012 1096 5066 quam
1125 4995 1251 5051 fecit
1278 4997 1334 5050 in
1366 4997 1589 5054 Christo
1624 4999 1755 5056 Jesu
1788 5002 2013 5057 Domino
2041 5012 2250 5067 nostro,

693 5093 744 5144 in
784 5104 896 5159 quo
946 5089 1212 5143 habemus
1251 5088 1503 5144 ﬁduciam
1552 5102 1608 5146 et
1656 5107 1938 5148 accessum
1985 5093 2043 5148 in
2076 5092 2251 5148 conli-

692 5179 875 5233 dentia
922 5193 1016 5246 per
1047 5177 1203 5231 ﬁdem
1241 5178 1379 5247 ejus.
1409 5178 1641 5250 Propter
1679 5183 1823 5251 quod
1870 5190 1997 5252 peto
2022 5200 2091 5238 ne
2115 5184 2248 5238 deli-

692 5267 847 5321 ciatis
893 5266 949 5318 iu
994 5267 1444 5325 tribulationibus
1477 5272 1615 5327 meis
1657 5287 1761 5343 pro
1790 5274 1978 5337 vobis;
2011 5288 2132 5344 qua:
2166 5282 2251 5329 est

690 5359 858 5427 gloria
894 5367 1095 5411 vestra.
1137 5375 1155 5408 ι

771 5449 815 5500 Δ
871 5448 1108 5513 saeculis,
1167 5449 1370 5521 inquit,
1433 5453 1703 5523 sapientia
1758 5455 1853 5509 Dei
1918 5456 2243 5525 proposuit,

690 5537 1090 5608 praastituitque
1131 5543 1363 5598 salutem
1411 5559 1575 5612 quam
1629 5545 1885 5601 Christus
1929 5548 2131 5611 attulit,
2191 5550 2245 5603 in

690 5629 809 5698 ipso
837 5629 1078 5688 condens
1102 5634 1518 5703 przelinitionem
1551 5652 1764 5690 onmem
1789 5637 2242 5706 diSpensationis,

2372 3289 2547 3341 πάντα
2570 3290 2813 3345 κτίσαντι
2844 3292 2931 3345 διὰ
2967 3291 3136 3363 Ἰησοῦ
3169 3296 3432 3366 Χριστοῦ.
3472 3316 3491 3348 ι

2438 3380 2712 3435 Πλοῦτον
2735 3382 3039 3455 ἀμέτρητον
3064 3387 3320 3453 Χριστοῦ
3350 3387 3522 3455 λέγει,
3553 3389 3641 3459 τὴν
3665 3387 3739 3440 τοῦ
3758 3404 3846 3439 τινι

2365 3472 2457 3535 τὸς
2486 3472 2694 3541 κόσμου
2738 3476 3041 3545 σωτηρίαν·
3070 3480 3421 3545 οἰκονομίαν
3465 3480 3520 3533 δὲ
3558 3479 3654 3534 τοῦ
3683 3494 3848 3547 μυστη·

2358 3565 2496 3630 ρίου
2525 3566 2625 3632 τὴν
2658 3566 2925 3634 ἀνάληψιν
2957 3568 3173 3621 πάντων
3211 3569 3520 3641 ἀνθρώπων
3565 3572 3637 3634 είς
3662 3572 3736 3623 ἕνα
3760 3571 3849 3638 Χρι-

2368 3656 2512 3708 στόν.
2544 3655 2713 3708 Τοῦτο
2755 3656 2811 3708 δὲ
2855 3658 2914 3709 τὸ
2967 3661 3283 3729 μυστήριον,
3325 3665 3517 3732 φησὶν,
3570 3663 3659 3732 οὐχ
3691 3660 3849 3728 ὕστερον

2366 3747 2675 3814 ἐπεσκέφθη
2712 3747 2862 3817 παρὰ
2890 3748 3027 3817 Θεῷ,
3051 3752 3130 3803 ὅτι
3164 3752 3330 3823 μηδὲν
3380 3755 3737 3824 ἐπιγενόμενον
3770 3750 3851 3821 $05-

2364 3837 2426 3907 λη
2438 3856 2510 3907 μα
2538 3841 2668 3909 παρ’
2701 3839 2869 3909 αὐτῷ,
2904 3840 3039 3894 ἀλλά
3079 3842 3294 3897 αἰώνιον
3338 3847 3511 3907 ἅπαν,
3548 3849 3653 3917 ἅμα
3680 3846 3745 3917 τῷ
3774 3842 3850 3895 κτί-

2363 3930 2497 3994 ζειν,
2531 3931 2627 3983 καὶ
2654 3932 2753 4002 τὴν
2778 3932 3050 4003 σωτηρίαν
3086 3935 3575 4009 καταϐαλλομένῳ.

2437 4125 2454 4156 ι
2486 4106 2604 4157 Ἵνα
2647 4108 2922 4177 γνωρισθῇ
2946 4106 3040 4159 νῦν
3070 4111 3190 4171 ταῖς
3234 4111 3458 4181 ἀρχαῖς,
3485 4112 3575 4164 καὶ
3621 4114 3722 4172 ταῖς
3752 4108 3852 4171 ἐξου-

2364 4195 2506 4259 σίαις
2538 4198 2594 4249 ἐν
2624 4200 2737 4260 τοῖς
2769 4199 3113 4270 ἐπουρανίοις
3140 4200 3226 4254 διὰ
3265 4201 3372 4271 τῆς
3423 4200 3769 4272 Ἐχκλησίαςή
3791 4212 3846 4248 πθ

2359 4290 2673 4353 λυποίκιλος
2695 4292 2855 4359 σοφία
2886 4291 2979 4345 τοῦ
3013 4293 3169 4346 Θεοῦ.
3196 4313 3214 4345 ι

2432 4383 2549 4434 Ἵνα
2581 4384 2631 4435 οἱ
2659 4385 2936 4454 ἄρχοντες,
2964 4388 3118 4456 φησὶ,
3145 4386 3239 4439 τοῦ
3272 4388 3512 4457 κόσμου,
3533 4389 3581 4440 oi
3610 4387 3695 4454 τὴν
3720 4383 3851 4449 σῡᾷίαν

2359 4476 2749 4545 ἀγνοήσαντες,
2783 4480 2883 4548 τὴν
2928 4481 3062 4549 πρὸς
3099 4483 3247 4551 ἡμᾶς
3307 4485 3741 4554 προορισθεῖσιν,
3780 4479 3857 4527 ἑτι-

2285 4582 2331 4638 D
2358 4567 2468 4631 γνῶ
2484 4583 2534 4617 σι
2566 4566 2659 4619 νῦν
2699 4570 2763 4620 ἐκ
2808 4570 2905 4639 τῆς
2958 4570 3282 4641 Ἑκκλησίας
3331 4572 3763 4643 οἰκοδομουμένης
3793 4565 3853 4614 τὸν

2357 4654 2580 4723 κτίστην
2613 4657 2711 4725 τῆς
2742 4657 2867 4721 νέας
2912 4659 3164 4724 κτίσεως,
3222 4663 3399 4733 πέρας
3434 4664 3534 4735 μὲν
3570 4662 3787 4716 ἐπιθέντα
3810 4654 3852 4721 τῇ

2359 4747 2596 4816 προτέρᾳ
2628 4747 2802 4799 κτίσει
2835 4749 2922 4802 διὰ
2953 4750 3048 4802 τοῦ
3083 4752 3336 4817 θανάτου,
3372 4757 3552 4825 ἀρχὴν
3590 4756 3641 4807 δὲ
3668 4753 3748 4820 τῆς
3774 4749 3851 4799 δεν-

2354 4835 2517 4903 τέρας
2544 4837 2927 4905 εἰσαγαγόντος
2952 4840 3038 4894 διὰ
3068 4842 3167 4911 τῆς
3197 4844 3573 4909 ἀναστάσεως.

2431 4944 2448 4975 ι
2490 4926 2646 4978 Κατά
2666 4928 2921 4996 πρόθεσιν
2944 4932 3050 4983 τῶν
3077 4932 3312 4998 αἰώνων,
3341 4939 3411 5002 ἦν
3437 4939 3682 5007 ἐποίησεν
3711 4932 3853 4998 ἐνΧρι·

2355 5011 2464 5079 στῷ
2498 5012 2669 5081 Ἰησοῦ
2701 5014 2778 5083 τῷ
2812 5018 3001 5087 Κυρίῳ
3031 5020 3209 5089 ἡμῶν,
3250 5024 3308 5074 ἐν
3335 5018 3381 5091 ᾧ
3417 5025 3612 5095 ἔχομεν
3644 5023 3727 5093 τὴν
3755 5018 3853 5088 tu?

2354 5101 2545 5171 ῥησίαν
2582 5105 2675 5156 καὶ
2719 5106 2818 5175 τὴν
2866 5112 3228 5182 προσαγωγὴν
3269 5116 3325 5167 ἐν
3366 5116 3680 5184 πεποιθήσει
3704 5114 3771 5165 διὰ
3789 5109 3855 5174 τῆς

2353 5194 2587 5257 πίστεως
2615 5197 2797 5251 αὐτοῦ.
2836 5200 2929 5251 Διὸ
2966 5203 3225 5272 αἰτοῦμαι
3261 5206 3333 5275 μὴ
3384 5208 3649 5259 ἐκκακεῑν
3689 5206 3738 5256 ἐν
3770 5200 3854 5259 ταῖς

2352 5282 2562 5353 θλίψεσί
2592 5304 2695 5356 μου
2728 5289 2868 5361 ὑπὲρ
2896 5292 3070 5363 ὑμῶν,
3094 5296 3215 5365 ἥτις
3244 5298 3363 5350 ἐστὶ
3391 5299 3525 5363 δόξα
3554 5297 3710 5368 ὑμῶν.
3736 5315 3750 5345 ι

2436 5463 2527 5528 Ἐξ
2561 5465 2794 5529 ατώνων,
2837 5470 3022 5537 φησὶν,
3057 5472 3088 5541 ὴ
3121 5472 3217 5524 τοῦ
3255 5472 3393 5524 Θεοῦ
3430 5474 3593 5543 σοφία
3637 5468 3857 5539 προέθετο.

2351 5556 2441 5608 καὶ
2470 5557 2854 5628 πρώιατέταχε
2878 5561 2977 5631 τὴν
3006 5564 3062 5615 ἐν
3090 5565 3309 5634 Χριστῷ
3343 5567 3647 5636 σωτηρίαν,
3675 5563 3724 5612 ἐν
3746 5554 3857 5622 αὐτῷ

2350 5648 2692 5717 ποιησαμένη
2724 5648 2821 5719 τὴν
2852 5650 2979 5718 ὃλην
3014 5653 3269 5722 πρόθεσιν
3295 5652 3401 5722 τῆς
3420 5653 3736 5723 οἰκονομίας.
3759 5644 3861 5698 κ²θδ

688 5727 957 5787 quatenus
994 5720 1109 5778 haec
1137 5723 1319 5778 futura
1355 5737 1475 5779 erat
1513 5736 1677 5794 caput
1724 5734 1777 5780 et
1819 5742 2032 5780 summa
2076 5733 2246 5784 totius

2347 5735 2410 5803 δὴ
2438 5736 2629 5804 ἔμελλε
2664 5739 2959 5806 κεφάλαιον
2988 5720 3209 5799 ἔσεσθαι
3254 5720 3363 5815 τῆς-
3386 5720 3859 5801 πάντωνάναχαινί-

691 5811 1079 5870 renovationis.
1117 5815 1177 5871 In
1210 5816 1365 5873 nobis
1397 5818 1538 5873 enim
1583 5818 1904 5888 expurgatio
1938 5818 2080 5875 facta
2118 5830 2239 5887 est;

2350 5843 2504 5891 σεως-
2544 5829 2631 5885 Ἑν
2654 5832 2785 5902 ἡμῖν
2810 5832 2919 5906 γὰρ
2948 5837 2981 5907 ἠ
3013 5837 3297 5908 κάθαρσις,
3318 5839 3378 5891 ὲν
3401 5838 3559 5911 αὑτῷ
3594 5839 3645 5893 δὲ
3674 5839 3703 5905 ἡ
3734 5831 3864 5886 καθα·
