3844 6442
37 465 149 526 837
1168 464 1251 524 1N
1290 461 1531 523 EPIST.
1571 458 1669 516 AI)
1707 460 2091 526 EPHESIOS.
2450 542 2464 553 ν
3169 469 3273 533 838

37 577 235 647 ρότης”
267 575 360 627 καὶ
390 575 424 645 ἡ
453 574 543 628 διὰ
570 575 669 647 τῆς
696 575 932 640 πίστεως
955 577 1219 646 συνάφεια
1251 574 1550 647 μεταδίδωσ

1754 592 1760 627 I
1803 576 1893 631 illo
1942 589 2123 632 autem
2180 581 2470 636 mundities
2520 588 2575 637 et
2624 583 2834 653 puritas
2889 582 3095 637 exstitit
3144 602 3157 638 :
3220 594 3272 638 et

33 670 171 738 ἡμῖν
204 668 302 737 τῆς
326 667 394 719 δι’
424 666 593 720 αὐτοῦ
619 669 952 738 παρρησίας.

1750 666 2021 735 )njunctio
2055 685 2175 740 qum
2221 687 2317 741 per
2368 670 2526 726 ﬁdem
2563 682 2833 742 patratur,
2884 672 3268 728 coulidentiam

1702 759 1860 815 nobis
1896 763 2295 827 communicat,
2329 765 2489 836 cujus
2524 765 2639 834 ipse
2670 774 2950 835 sequester
2978 764 3098 821 fuit.

112 944 131 977 ι
158 926 362 980 Τούτου
396 927 556 998 χάριν
586 927 825 999 κάμπτω
851 929 921 982 τά
956 929 1161 998 γόνατά
1192 946 1293 1000 μου
1321 928 1461 1017 πρδς
1508 927 1599 981 τὸν

1779 940 1945 996 Vens.
1995 943 2099 1007 ﬂ,
2142 945 2231 1000 15.
2274 964 2293 996 ι
2331 945 2507 1015 Hujus
2540 947 2617 1001 rei
2672 946 2845 1017 gratia
2882 946 3044 1000 ﬂecto
3094 963 3265 1016 genua

28 1018 253 1089 Πατέρα
278 1018 370 1072 τοῦ
399 1021 601 1091 Κυρίου
625 1022 781 1091 ἡμῶν
806 1021 978 1092 Ἰησοῦ
1003 1021 1264 1093 Χριστοῦ,
1287 1020 1346 1085 ἐξ
1367 1014 1427 1074 οὗ
1450 1020 1546 1073 πᾶς

1746 1047 1821 1086 nea
1866 1032 1931 1086 ad
1981 1033 2195 1089 Patrem
2253 1014 2468 1091 Domini
2505 1014 2697 1093 nostri
2725 1037 2855 1092 Jesu
2908 1014 3148 1100 Christi,
3198 1054 3264 1093 ex

26 1110 240 1181 πατριά
269 1112 327 1163 ὲν
350 1111 597 1182 οὐρανοῖς
622 1114 716 1166 καὶ
738 1115 829 1167 ἐπὶ
866 1116 969 1184 γῆς
996 1114 1344 1184 ὀνομάζεται.
1380 1132 1398 1164 ι

1747 1138 1808 1176 uo
1837 1126 2016 1179 omnis
2048 1128 2350 1196 paternitas
2400 1130 2455 1183 in
2498 1129 2658 1185 caelis
2698 1137 2752 1185 et
2786 1131 2842 1184 in
2889 1138 3035 1185 terra
3086 1132 3265 1185 nomi-

1697 1225 1877 1269 natur.
1918 1235 1936 1267 ι

99 1288 335 1342 Διπλοῦν
357 1289 416 1341 τὸ
444 1288 605 1359 ἔργον
633 1290 742 1341 τῶν
775 1290 1111 1355 ἀποστόλων,
1143 1291 1465 1346 διδασκαλία
1500 1290 1595 1344 καὶ

1779 1305 2012 1363 Functio
2049 1309 2252 1382 duplex
2302 1314 2679 1382 apostolorum
2735 1313 2855 1378 fuit,
2918 1312 3168 1367 doctrina
3211 1322 3261 1368 et

28 1383 331 1451 προσευχὴ,
383 1381 504 1434 καθ’
543 1381 582 1434 ἀ
632 1382 879 1447 λέγουσιν
926 1384 977 1436 οἱ
1025 1385 1154 1454 περὶ
1203 1384 1296 1436 τὸν
1350 1384 1546 1453 Πέτρον

1746 1398 1913 1454 ὀιὶοε
1963 1381 2421 1470 quemadmodum
2473 1404 2668 1460 Petrus
2720 1406 2949 1473 ejusque
2994 1405 3127 1458 socii
3180 1405 3264 1458 di-

38 1470 240 1539 Ἢμεῖς
275 1470 344 1523 δὲ
368 1470 443 1538 τῇ
477 1471 789 1540 προσευχῇ
822 1472 916 1526 καὶ
962 1472 1035 1540 τῇ
1061 1473 1331 1541 διακονίᾳ
1354 1475 1459 1528 τοῦ
1500 1478 1556 1529 λι

1743 1502 1824 1545 int
1859 1510 1872 1546 :
1925 1490 2039 1546 Nos
2089 1503 2264 1547 autem
2302 1496 2539 1549 orationi
2580 1504 2629 1548 et
2668 1496 2959 1548 ministerio
3007 1496 3146 1548 verbi
3179 1495 3261 1548 in-

30 1578 137 1631 του
185 1562 811 1630 προσκαρτερήσομεν.
856 1563 921 1615 Ἣ
965 1564 1020 1617 δὲ
1057 1564 1167 1617 τῶν
1212 1564 1457 1632 γονάτων
1486 1566 1548 1620 κλ

1745 1591 1890 1636 antes
1915 1585 2108 1637 erimus
2140 1581 2224 1639 ⁸⁵⁸,
2243 1586 2410 1640 Porro
2443 1604 2535 1658 per
2569 1587 2993 1641 submissiouem
3024 1601 3258 1657 genuum

33 1673 114 1717 σις
139 1654 234 1707 τὸν
275 1656 690 1725 προσπίπτοντα
735 1656 814 1726 τῷ
858 1656 978 1728 Θεῷ
1027 1656 1197 1727 δηλοῖ.
1249 1658 1482 1728 Πατριαὶ
1533 1660 1551 1712 ε

1743 1672 1783 1725 le
1820 1672 2108 1728 denotatur
2143 1676 2235 1744 qui
2272 1654 2459 1731 coram
2492 1677 2601 1733 Deo
2650 1678 2910 1748 procidit.
2954 1654 3261 1731 Paternita-

30 1746 123 1799 νῦν
144 1746 172 1785 ιι
211 1747 304 1799 ἐπὶ
332 1747 430 1816 τῆς
460 1747 561 1815 γῆς
594 1747 755 1817 διχῶς
786 1749 1162 1818 ὀνομάζονται,
1184 1749 1293 1802 τῶν
1325 1750 1423 1817 μὲν
1451 1767 1548 1803 κατ

1741 1779 1772 1819 s
1810 1775 1990 1819 autem
2040 1767 2092 1820 iu
2135 1775 2279 1822 terra
2326 1769 2618 1838 dupliciter
2663 1770 3036 1830 nominantur,
3079 1777 3135 1823 ut
3166 1768 3259 1823 alii

35 1839 206 1907 σάρκα
239 1838 346 1891 τῶν
397 1838 454 1891 δὲ
508 1840 649 1893 κατὰ
706 1841 924 1911 πνεῦμα
979 1842 1230 1911 πατέρων
1267 1842 1453 1895 ὄντων.
1498 1842 1553 1895 Ἐ

1741 1854 1990 1908 :cundum
2027 1871 2248 1911 carnem
2282 1860 2389 1913 sint
2418 1868 2623 1929 patres,
2666 1860 2761 1914 alii
2812 1860 3113 1915 secundum
3147 1861 3259 1931 spi-

32 1928 238 2000 οὗρανῷ
257 1930 313 1983 δὲ
334 1930 713 2018 πνευματικῶς
730 1932 901 2001 μόνως
922 1931 1282 2003 ὀνομάζεσθαι
1309 1933 1550 1987 δύνανται

1742 1952 1854 1997 tum
1887 1963 1900 1999 :
1942 1945 1997 1999 in
2030 1949 2171 2002 cmlo
2220 1956 2399 2004 autem
2420 1922 2713 2020 —spirituali
2760 1951 3025 2005 duntaxat
3054 1952 3260 2007 ratione

31 2016 233 2091 Οἷοςῆν
274 2022 303 2075 ὁ
334 2022 427 2074 τοῦ
470 2010 680 2094 Ἰσραὴλ
700 2023 1035 2087 διδάσκαλος,
1067 2026 1095 2077 ὁ
1116 2024 1206 2077 τὸν
1232 2025 1395 2095 νόμον
1429 2026 1549 2095 κομι

1742 2045 1924 2090 )ssunt
1954 2038 2247 2092 nominari.
2292 2040 2469 2108 Atque
2512 2041 2782 2109 ejusmodi
2815 2048 2931 2094 erat
2968 2040 3157 2094 doctor
3180 2040 3260 2096 ls-

31 2129 122 2175 σας
166 2112 419 2181 ἄγγελος.
466 2114 642 2167 Πολλά
680 2114 735 2168 δὲ
791 2118 885 2167 καὶ
922 2116 1143 2184 μείζονα
1195 2116 1461 2183 ἀγγέλων,
1494 2135 1549 2171 κα

1740 2126 1875 2189 telis,
1928 2128 2177 2196 angelus,
2216 2128 2460 2199 inquam,
2500 2130 2590 2184 ille
2622 2131 2715 2200 qui
2750 2129 2922 2200 legem
2971 2128 3114 2181 tulit.
3150 2128 3258 2182 Ca:-

29 2202 468 2273 ἠγεμονικώτερά
495 2205 608 2256 ἐστι
635 2204 919 2274 πνεύματα
937 2222 950 2235 ο
976 2204 1051 2267 ὡς
1091 2204 1317 2269 Ἡσαΐας
1337 2205 1547 2276 δηλοίλέ

1746 2233 1861 2270 rum
1894 2219 2051 2272 multi
2096 2220 2325 2289 Spiritus
2358 2230 2487 2274 sunt
2525 2236 2591 2276 ac
2628 2222 2785 2290 longe
2824 2219 3176 2274 sublimiores
3205 2227 3259 2273 et

26 2307 149 2356 γων·
185 2294 270 2345 Οὐ
299 2291 585 2360 πρέσϐυς,
611 2296 722 2347 οὐκ
769 2294 1041 2363 ἄγγελος,
1076 2295 1257 2366 μεῖζόν
1288 2313 1341 2349 τι
1368 2295 1460 2350 τοῦ
1494 2297 1544 2361 ἀγ

1739 2306 2094 2363 tiritualiores
2147 2310 2377 2379 augetis,
2430 2310 2595 2364 veluti
2646 2309 2820 2366 Isaias
2886 2309 3126 2364 declarat
3175 2307 3257 2362 di-

24 2381 176 2447 γέλου
197 2383 291 2435 τὸν
320 2383 559 2453 πρέσϐυν
579 2383 774 2453 δηλῶν,
814 2385 873 2438 ὃν
898 2385 994 2440 καὶ
1035 2387 1265 2455 Πατέρα
1295 2387 1542 2441 ἀκόλουθε

1741 2411 1815 2450 τηε
1849 2414 1862 2450 :
1901 2394 2024 2451 Non
2055 2398 2279 2469 legatus,
2330 2417 2433 2453 non
2474 2401 2688 2471 angelus
2722 2400 2804 2467 “;
2838 2415 2948 2470 quo
2986 2400 3259 2469 signiﬁcat

23 2474 301 2528 καλεῖσθαι
330 2475 477 2547 παρά
508 2474 585 2547 τῷ
629 2475 954 2546 Ἀποστόλῳ.

1736 2498 1792 2538 π]
1819 2485 1951 2538 nihil
1980 2487 2175 2555 angelo
2198 2491 2634 2558 praestantiorem
2660 2505 2782 2545 esse
2807 2490 3068 2560 legatum,
3093 2505 3254 2560 quem

1682 2573 1912 2643 proinde
1940 2574 2231 2643 Apostolus
2261 2578 2424 2632 etiam
2447 2578 2661 2632 Patrem
2684 2581 2940 2649 appellat.

95 2662 117 2697 ι
139 2647 264 2700 Ἵνα
280 2646 393 2718 δῴη
414 2648 541 2719 ὑμῖν
569 2650 711 2705 κατά
739 2650 830 2705 τὸν
855 2652 1083 2706 πλοῦτον
1098 2654 1198 2725 τῆς
1217 2654 1374 2728 δόξης
1394 2656 1580 2724 αὐτοῦ,

1754 2667 1912 2738 135
1948 2665 2112 2725 Vm.
2155 2669 2332 2725 16-18.
2369 2688 2387 2722 ι
2433 2668 2502 2725 Ut
2528 2670 2619 2725 det
2645 2646 2803 2727 vobis
2833 2671 3134 2727 secundum
3166 2670 3254 2726 di-

26 2732 240 2806 δυνάμει
270 2737 682 2809 κραταιωθῆναι
716 2740 805 2795 διὰ
837 2742 932 2796 τοῦ
962 2744 1275 2815 Πνεύματος
1303 2746 1468 2801 αὑτοῦ
1503 2749 1544 2802 el

1729 2757 1844 2815 itias
1878 2761 2067 2830 gloriae
2092 2776 2208 2816 suae
2243 2762 2442 2819 virtute
2476 2762 2831 2817 corroborari
2858 2778 2955 2833 per
2977 2763 3247 2833 Spiritum

26 2826 107 2878 τὸν
134 2828 247 2881 ἔσω
275 2826 580 2900 ἄνθρωπον,
612 2833 937 2903 κατοικῆσαι
966 2836 1057 2889 τὸν
1089 2837 1323 2908 Χριστὸν
1360 2839 1447 2894 διὰ
1476 2839 1541 2911 τῆ

1737 2874 1740 2904 i
1792 2826 2111 2908 interiorem
2164 2853 2439 2910 hominem
2465 2862 2493 2921 ,’
2529 2854 2778 2909 habitare
2832 2855 3113 2911 Christum
3162 2872 3255 2926 per

27 2919 252 2984 πίστεως
282 2922 343 2974 ἐν
370 2925 487 2986 ταῖς
523 2923 772 2993 καρδίαις
805 2926 957 2995 ὑμῶν
986 2942 1001 2957 ⁸
1033 2929 1089 2980 ὲν
1122 2928 1310 3004 ἀγάπῃ
1346 2932 1545 3003 ὲρριζω

1736 2943 1841 2997 lem
1878 2944 1931 2999 in
1961 2946 2227 3002 cordibus
2268 2949 2490 3013 vestris,
2524 2965 2577 3003 m
2619 2949 2888 3004 charitate
2940 2949 3169 3004 radicati
3200 2960 3254 3006 et

34 3010 195 3078 μένοι,
221 3012 318 3065 καὶ
344 3013 823 3086 τεθεμελιωμένοι,
861 3018 947 3072 ἵνα
983 3018 1305 3091 ἐξισχύσητε
1338 3022 1552 3077 καταλα·

1734 3037 1919 3104 ιιιιιιιιί,
1949 3049 2008 3093 ιιι
2046 3040 2277 3109 possitis
2309 3042 2779 3112 comprehendere
2812 3056 2937 3097 cum
2988 3042 3252 3099 omnibus

28 3100 205 3154 δέσθαι
236 3102 335 3155 σὺν
363 3104 497 3156 πᾶσι
523 3108 634 3169 τοῖς
659 3107 857 3175 ἁγίοις.
893 3127 912 3160 ι

466 3121 497 3155 τι
523 3108 634 3169 τοῖς
659 3107 857 3175 ἁγίοις.
893 3127 912 3160 ι
1684 3100 1916 3180 sanCtis.
1966 3145 1984 3179 ι

96 3196 158 3247 Ἡ
189 3197 408 3266 αἴτησις
435 3197 665 3269 μεγάλη,
702 3199 777 3263 ὡς
807 3200 960 3271 παρὰ
999 3202 1258 3272 μεγάλου,
1292 3204 1445 3274 φησὶ,
1481 3203 1577 3259 τοῦ
1604 3191 1614 3240 ⁴

1753 3216 1948 3289 Magna
2009 3223 2224 3291 petitio,
2282 3222 2483 3292 inquit,
2521 3222 2654 3292 quia
2705 3237 2735 3277 a
2786 3239 2984 3293 magno
3032 3224 3246 3278 datore.

30 3283 262 3349 διδόντος.
295 3286 413 3339 Νῦν
438 3288 543 3360 γάρ
571 3286 648 3358 τῷ
673 3287 786 3342 δντι
812 3289 978 3357 ἀξίως
1002 3293 1103 3361 τῆς
1129 3292 1225 3346 τοῦ
1249 3293 1385 3347 θεοῦ
1418 3295 1541 3367 δόξη

1734 3325 1843 3364 uuc
1896 3311 2042 3366 enim
2076 3328 2207 3367 vere
2239 3312 2537 3369 didicimus
2587 3316 2784 3385 dignas
2840 3317 3122 3387 majestate
3155 3314 3250 3371 Dei

30 3374 109 3436 τὰς
141 3376 308 3447 εὐχάς
336 3377 715 3450 ἐδιδάχθημεν,
744 3380 833 3433 ὅτε
885 3382 961 3452 μὴ
1002 3385 1166 3453 γήϊνα
1194 3384 1377 3454 ζητεῖν
1425 3386 1548 3439 ὲπαι

1731 3402 2031 3475 recationes
2088 3403 2341 3469 fundere,
2395 3406 2614 3475 quando
2660 3407 2838 3461 edocti
2890 3424 3083 3464 sumus
3139 3423 3249 3462 nos:

30 3465 300 3538 ὁεύθημεν,
332 3470 450 3523 ἀλλ’
484 3471 730 3542 οὐράνια.
777 3470 843 3527 Ἢ
866 3474 921 3528 δὲ
959 3475 1195 3544 αἴτησις,
1235 3477 1543 3531 ἀνακαίνισι

1732 3460 1900 3548 :rreiia
1931 3509 2201 3564 quterere,
2246 3496 2341 3551 sed
2383 3498 2657 3554 etelestia.
2697 3498 2894 3553 Petilio
2939 3510 3120 3554 autem
3164 3514 3250 3555 re-

28 3556 186 3632 ᾁυχῆς
232 3561 327 3615 καὶ
372 3562 636 3635 ἐπισκευὴ
665 3567 744 3630 εἰς
788 3566 850 3619 τὸ
908 3568 966 3621 ἐν
1002 3568 1278 3638 Πνεύματι
1327 3569 1546 3624 δυνατὸν

1729 3583 1904 3638 ovatio
1934 3594 2018 3639 est
2050 3586 2240 3651 animi,
2294 3596 2351 3639 et
2399 3590 2727 3643 instauratio
2778 3590 3000 3644 virtutis
3048 3605 3247 3645 secun-

28 3652 199 3727 ὥσπερ
232 3658 382 3727 ἡμᾶς
415 3658 761 3715 ἀπολελοίπει
792 3661 1113 3726 διαστάντας
1138 3663 1295 3717 Θεοῦ.

1730 3691 1809 3729 um
1861 3676 2146 3745 Spiritum,
2195 3693 2303 3748 qua
2344 3679 2593 3735 destituti
2649 3680 2852 3736 fuimus
2902 3681 3032 3735 dum
3073 3695 3103 3733 a
3137 3677 3248 3736 Deo

1680 3768 2039 3823 descivimus.

88 3853 105 3885 ι
155 3836 225 3888 Τί
274 3838 339 3890 τὺ
391 3837 613 3907 πλάτος,
672 3844 768 3897 καὶ
825 3845 1031 3916 μῆκος,
1090 3847 1185 3901 καὶ
1234 3846 1433 3919 βάθος,
1480 3848 1575 3903 καὶ

1758 3878 1778 3911 ι
1807 3860 1937 3925 Quae
1960 3861 2036 3916 sit
2070 3859 2324 3929 latitudo,
2353 3869 2411 3917 et
2447 3862 2753 3933 longitudo,
2786 3870 2842 3917 et
2882 3863 3243 3934 profundum,

30 3924 161 3993 ὕψος.
196 3946 218 3981 ι

1679 3962 1737 4009 et
1764 3954 2097 4009 sublimitas.
2145 3973 2164 4005 ι

83 4020 148 4072 Τὸ
180 4020 288 4088 μὲν
327 4019 618 4091 ἀσώματον
646 4024 793 4078 ἐστὶν
825 4025 1153 4099 ἀμέτρητον,
1190 4032 1324 4087 ἀλλὰ
1353 4034 1442 4089 διὰ
1465 4036 1575 4090 τῶν

1750 4043 1905 4112 Quod
1969 4047 2355 4115 incorporeum
2386 4055 2489 4110 est,
2538 4046 2845 4099 mensurari
2894 4062 3002 4100 nou
3032 4056 3240 4118 potest;

31 4111 400 4181 μετρουμένων
424 4115 691 4184 σωμάτων
736 4117 1013 4185 ὑπέδειξεν
1047 4121 1214 4175 αὐτοῦ
1249 4123 1310 4175 τὸ
1351 4125 1549 4198 ἄπειρα

1726 4135 1779 4189 :d
1816 4150 1913 4205 per
1945 4149 2175 4205 corpora
2211 4151 2331 4205 qua:
2377 4135 2480 4192 sub
2532 4150 2848 4190 mensuram
2890 4136 3118 4203 cadunt,
3165 4139 3244 4193 si-

29 4203 105 4253 xal
133 4204 529 4275 ἀπερίληπτον.
569 4206 739 4277 ’Ὕψος
770 4208 826 4300 δε
856 4211 950 4265 καὶ⁵
986 4211 1147 4282 βάθος
1172 4217 1325 4287 φησι,
1352 4219 1491 4272 κατά
1514 4238 1545 4273 τ

1724 4203 1960 4280 nilieavit
2011 4203 2438 4282 immensitatem
2496 4242 2675 4292 suam,
2714 4226 2971 4297 quodque
3004 4238 3242 4300 nequeat

29 4294 301 4365 εἰρημένον
330 4298 436 4351 ὑπὸ
461 4298 552 4351 τοῦ
576 4290 829 4369 ἀγγέλου*
852 4305 1005 4370 Δόξα
1026 4306 1095 4360 ἐν
1118 4309 1401 4377 ὑψίστοις
1431 4312 1547 4379 Θεῷ

1732 4316 2092 4386 imprehendi.
2147 4315 2471 4386 Sublimitas
2519 4290 3116 4389 veroid-profundum,
3160 4321 3245 4375 in-

29 4389 109 4479 καὶ
129 4390 230 4479 ἐπὶ
254 4389 368 4479 τῆς
384 4391 611 4479 ειρήνη.
640 4395 748 4447 Καὶ
774 4397 886 4460 τοῖς
908 4398 1000 4450 ἐπὶ
1024 4399 1129 4470 γῆς
1149 4401 1256 4476 γάρ
1283 4404 1547 4475 ὲφήπλωση

1723 4408 1822 4471 uit,
1850 4421 1959 4473 quo
1982 4424 2147 4464 sensu
2192 4409 2418 4479 angelus
2445 4408 2662 4465 dixerat
2696 4427 2710 4465 :
2743 4411 2926 4467 Gloria
2954 4412 3006 4465 in
3040 4414 3241 4468 altissi-

32 4474 109 4546 τὴν
128 4476 290 4549 χάριν
319 4478 407 4532 διὰ
434 4482 532 4551 τῆς
551 4480 646 4536 τοῦ
687 4482 864 4553 Λόγου
895 4474 1235 4558 παρουσίαςξ

1722 4502 1779 4555 iis
1820 4501 1949 4566 Deo,
1990 4511 2039 4554 et
2068 4502 2125 4555 in
2156 4513 2296 4555 terra
2324 4518 2431 4571 pax
2462 4503 2530 4558 “.
2581 4502 2717 4556 Nam
2748 4503 2802 4558 in
2837 4512 2981 4559 terra
3023 4521 3240 4576 quoque

1682 4544 1779 4555 η..-
1820 4544 1949 4566 ην,
1990 4544 2039 4554 ν-
2156 4544 2296 4555 .-....
2324 4544 2429 4571 νη..
2516 4544 2530 4558 .
2581 4544 2717 4556 .,.....
2839 4544 2981 4559 ω...
3023 4544 3240 4576 quoque

1602 4544 1650 4602 Β
1675 4592 1905 4660 gratiam
1939 4593 2237 4662 explicavit
2271 4609 2427 4648 suam
2459 4608 2556 4664 per
2585 4593 2884 4649 adventum
2914 4604 2969 4649 et
3001 4611 3240 4666 praesen-

1677 4681 1807 4735 tiam
1844 4680 2029 4737 Verbi.

95 4763 111 4796 ι
148 4748 361 4801 Γνῶναι
401 4766 459 4802 τε
504 4751 604 4821 τὴν
670 4750 1114 4824 ὑπερϐάλλουσαν
1160 4756 1260 4828 τῆς
1315 4759 1574 4828 γνώσεως

1742 4769 1910 4827 Vsus.
1950 4772 2036 4826 l9.
2074 4792 2092 4825 ι
2134 4772 2286 4826 Scire
2313 4774 2478 4828 etiam
2507 4773 3007 4844 supereminentem
3058 4777 3237 4833 scien-

31 4840 228 4911 ὰγάπην
256 4839 354 4893 τοῦ
384 4842 641 4910 Χριστοῦ.
682 4861 700 4894 ι

1674 4862 1760 4914 tie
1785 4860 2111 4915 charitatem
2151 4861 2384 4916 Christi.
2426 4881 2445 4913 ι

96 4931 176 4982 Ἐν
203 4934 271 5001 τῇ
303 4931 603 5003 μεταλήψει
636 4933 730 4988 τοῦ
774 4935 1012 5004 Χριστοῦ
1040 4942 1072 5009 ἡ
1099 4939 1303 5011 ἀληθὴς
1334 4942 1532 5010 γνῶσις
1554 4961 1569 4977 ·

1743 4952 2140 5007 Communione
2160 4968 2285 5008 cum
2308 4952 2530 5008 Christo
2557 4955 2786 5010 scientia
2808 4971 2935 5011 vera
2964 4956 3232 5013 habetur:

31 5019 101 5071 διὰ
123 5024 175 5076 δὲ
203 5024 302 5093 τῆς
330 5022 582 5091 γνώσεως
614 5026 647 5096 ἠ
691 5027 883 5099 ἀγάπη
936 5028 1080 5083 ἔνδον
1133 5032 1227 5085 ἐπὶ
1276 5036 1375 5105 τῆς
1401 5035 1545 5106 ψυχῆ

1716 5042 1917 5098 haritas
1946 5052 2126 5098 autem
2187 5046 2334 5100 intus
2372 5047 2427 5099 in
2476 5047 2658 5100 anima
2688 5063 2786 5118 per
2818 5049 3107 5104 scientiam
3137 5064 3234 5103 ex-

34 5111 167 5177 οὖτα,
192 5115 287 5168 καὶ
313 5117 715 5189 γινωσκομένη,
749 5120 951 5188 γνῶσιν
987 5122 1298 5195 ἀπόρρητον
1327 5131 1487 5192 ποιεῖ,
1512 5130 1552 5199 ῆι

1711 5134 1881 5189 istens
1910 5146 1963 5189 et
1993 5136 2229 5205 cognita,
2265 5152 2525 5192 arcanam
2568 5139 2820 5193 notitiam
2867 5140 3033 5209 parit,
3066 5154 3229 5208 quam

33 5206 108 5256 ut
144 5206 365 5275 μείζονα
398 5208 546 5279 λέγει
572 5212 672 5283 τῆς
715 5213 995 5282 ἐμφανοῦς
1019 5216 1113 5268 καὶ
1150 5215 1236 5270 διά
1267 5217 1442 5287 λόγων
1489 5238 1551 5288 γιη

1715 5225 2023 5295 tmajorem
2070 5242 2195 5283 esse
2240 5228 2378 5283 dicit
2420 5230 2516 5284 illa
2562 5247 2683 5301 quae
2735 5206 3025 5301 perspicua
3077 5206 3233 5286 nobis

33 5300 259 5368 νομένης.

1676 5326 1779 5381 est,
1807 5325 1860 5373 et
1894 5320 2075 5375 verbis
2106 5335 2171 5375 ac
2196 5320 2397 5377 litteris
2434 5332 2676 5394 paratur.

92 5472 130 5505 δ’
153 5478 274 5531 Act.
307 5491 381 5540 v1,
410 5478 465 5532 4.
522 5479 567 5509 ⁸³
593 5480 695 5533 lsa.
724 5495 877 5544 unt,
910 5484 961 5537 9.
1022 5484 1068 5516 “
1093 5483 1229 5539 Luc.
1263 5500 1325 5550 ιι,
1362 5488 1450 5543 li.

1268 5638 1504 5695 VARIIE
1544 5640 1954 5704 LECTIONES.

118 5718 425 5809 linatpcal
582 5724 720 5809 νῦζ.
758 5723 942 5795 Neque
1002 5728 1113 5782 haec
1168 5744 1197 5782 a
1247 5730 1638 5809 phrysostpmo
1688 5745 1909 5806 accepta
1967 5746 2116 5809 sunt,
2178 5741 2257 5793 uti
2304 5753 2406 5809 nec
2441 5740 2547 5793 alia
2576 5742 2876 5809 complura.
2906 5740 3104 5797 Vocem
3133 5758 3233 5795 παι

34 5789 161 5881 τρία,
217 5792 406 5881 eodem
474 5808 636 5881 sensfu
673 5789 1305 5881 Damascenusaccepit.
1341 5789 1451 5881 quo
1479 5800 1742 5872 Vulgatus
1776 5789 2275 5881 noster‘intErpi-es
2304 5789 2715 5881 fiatiiiiiéfﬁio'
2737 5789 3086 5881 ᾗάἦέηιὶιᾶἶο,
3121 5828 3228 5867 ηοιι

36 5869 117 5923 pro
140 5862 447 5933 cognatione
473 5872 564 5916 aut
588 5863 793 5934 familia
823 5882 842 5920 :
865 5882 971 5936 qua
997 5866 1161 5924 etiam
1187 5862 1254 5925 ab
1287 5862 1510 5927 auctore
1536 5862 1724 5929 nostro
1755 5875 1992 5931 sumitur
2020 5862 2115 5933 lib.
2142 5862 2336 5947 lle/id.
2378 5879 2511 5932 ortlt.
2530 5862 2658 5946 ἑοῖ).
2684 5862 2741 5935 δέ
