4022 6408
156 289 240 358 841

1308 295 1389 355 IN
1428 294 1669 356 EPIST.
1711 294 1810 355 AD
1849 293 2244 354 EPHESIOS.

3267 300 3372 363 842

212 420 229 451 ι
264 397 373 453 Ἐν).
400 401 454 454 δὲ
488 401 700 473 ἑκάστῳ
728 402 885 474 ἡμῶν
916 404 1070 476 ἐδόθη
1115 407 1276 476 χάρις
1309 404 1450 458 κατὰ
1492 404 1554 458 τδ
1593 407 1691 474 μέ-

1871 402 2034 457 Vens.
2071 403 2127 467 7,
2160 404 2214 459 8.
2253 424 2271 454 ι
2310 402 2620 473 Unicuique
2668 413 2914 459 nostrum
2960 405 3088 461 data
3120 417 3207 463 est
3240 425 3369 480 gra-

148 510 257 566 τρον
281 494 379 565 τῆς
423 495 632 566 δωρεᾶς
663 496 757 549 τοῦ
807 497 1065 567 Χριστοῦ.
1097 499 1187 552 Διὸ
1237 497 1419 568 λέγει’
1458 498 1696 563 ’Δναϐἀς

148 588 214 649 εὶς
242 584 365 655 ὕψος
396 586 820 658 ᾐχμαλώτευσεν
855 590 1260 661 αἰχμαλωσίαν.
1294 618 1315 649 ι

204 758 262 815 El
288 759 377 814 καὶ
409 761 662 835 διάφορα,
690 764 846 835 φησὶ,
874 767 945 819 τά
975 765 1322 837 χαρίσματα,
1382 768 1695 841 μετρουμέ-

144 869 226 920 νης
243 848 339 920 τῆς
367 852 591 921 χάριτος
640 854 777 925 πρὸς
808 856 910 924 τὴν
967 857 1199 910 ἑκάστου
1233 857 1460 930 δύναμίν
1510 877 1569 915 τε
1604 862 1697 915 καὶ

146 939 405 1012 πρόθεσιν.
434 940 548 994 ἀλλ’
584 940 733 1013 ὅμως
757 944 837 1017 μὴ
866 945 1175 1017 μεριζέσθω
1201 949 1269 1003 τὰ
1290 949 1389 1021 τῆς
1420 948 1694 1023 ἐνότητος.

204 1130 221 1165 ι
256 1114 365 1167 Καὶ
387 1114 555 1170 ἔδωκε
582 1117 792 1188 δόματα
825 1122 938 1185 τοῖς
970 1122 1305 1193 ἀνθρώποις.
1354 1144 1374 1179 ι

198 1209 375 1280 Δηλοῑ,
415 1211 569 1280 φησι,
600 1212 693 1264 καὶ
742 1215 771 1265 ὁ
811 1213 1100 1285 ψαλμῳδὸς
1138 1217 1199 1271 τὸ
1222 1219 1425 1290 πλῆθος
1457 1220 1566 1275 τῶν
1612 1221 1693 1276 δο-

146 1300 339 1371 μάτων,
365 1299 474 1353 τῶν
499 1302 635 1371 μετὰ
652 1302 750 1374 τὴν
774 1304 962 1359 ἄνοδον
975 1306 1070 1361 τοῦ
1095 1308 1346 1381 Σωτῆρος
1363 1311 1417 1365 δε
1433 1312 1695 1384 δομένων,

142 1393 219 1444 ὅτε
259 1390 392 1455 τοὺς
422 1392 965 1463 αἰχμαλωτισθέντας
1017 1399 1123 1452 ὑπὸ
1149 1400 1244 1455 τοῦ
1278 1402 1537 1471 θανάτου,
1568 1406 1696 1459 άντ-

144 1480 527 1553 ῃχμαλώτευσε
554 1484 642 1538 διά
672 1486 772 1556 τῆς
795 1488 929 1552 ἰδίας
954 1488 1099 1562 ζωῆς
1128 1509 1188 1545 τε
1209 1494 1304 1547 καὶ⁸
1324 1494 1693 1563 ἀναϐιώσεως.

143 1573 351 1628 Δέδωκε
379 1573 437 1627 δὲ
461 1574 656 1644 είπὼν,
685 1579 804 1632 ἀντὶ
833 1580 927 1634 τοῦ
954 1584 1244 1654 εἰρημένου
1270 1586 1328 1639 ἐν
1358 1587 1436 1658 τῷ
1469 1586 1692 1661 ψαλμῷ,

145 1663 327 1733 ἔλαϐε,
351 1666 621 1723 δείκνυσιν
663 1671 745 1725 ὅτι
778 1672 847 1726 τά
896 1676 990 1727 ἐπὶ
1032 1676 1269 1745 Χριστοῦ
1302 1680 1578 1751 σαρκικῶς
1606 1682 1695 1735 λε·-

142 1756 334 1826 γόμενα
366 1758 467 1811 οὐκ
492 1760 814 1832 ἀναιρετικά
837 1765 946 1818 τῶν
978 1769 1367 1838 πνευματικῶν
1400 1772 1496 1825 καὶ
1540 1772 1698 1827 θείων
1732 1752 1773 1806 Β

145 1848 291 1909 ἐστὶν,
346 1848 466 1903 οὐδὲ
494 1850 576 1905 ὅτι
613 1852 695 1917 τὸ,
731 1855 932 1922 ἔλαϐε,
963 1858 1025 1910 τὸ
1078 1859 1434 1932 ἀνθρωπίνως
1470 1863 1699 1935 λεγόμε-

147 1958 239 2008 νον,
272 1942 494 2014 ἀναιρεῖ
517 1945 600 2010 τὸ,
630 1946 837 2011 ἔδωκε,
861 1949 920 2002 τὸ
948 1948 1165 2015 θεῖκῶς.

206 2112 333 2206 «ΑΤὺ
367 2113 423 2166 δὲ
461 2115 649 2187 ἀνέϐη,
707 2118 762 2172 τί
804 2118 974 2187 ἐστιν,
1017 2123 1067 2176 εί
1102 2124 1178 2197 μὴ
1226 2127 1309 2182 ὅτι
1358 2130 1453 2184 καὶ
1487 2132 1696 2206 κατέϐη

143 2202 348 2272 πρῶτον
383 2207 464 2268 είς
491 2207 561 2260 τά
604 2209 892 2283 κατώτερα
943 2214 1084 2286 μέρη
1113 2217 1214 2287 τῆς
1244 2220 1387 2291 γῆς;
1430 2222 1489 2275 Ὀ
1529 2202 1700 2280 καταλ

141 2294 229 2359 ϐάς
253 2298 422 2361 αὑτός
452 2300 567 2353 ἐστι
590 2302 686 2354 καὶ
715 2303 743 2354 ὁ
775 2303 983 2370 ἀναϐὰς
1005 2307 1264 2380 ὑπεράνω
1289 2311 1397 2366 τῶν
1427 2315 1695 2384 οὐρανῶν,

139 2388 215 2442 ἶνα
241 2389 508 2464 πληρώσῃ
538 2394 607 2447 τά
646 2395 842 2451 πάντα.
881 2416 901 2450 ι

199 2481 514 2554 ’Δναϐἦναι,
552 2488 739 2557 φησὶν,
791 2490 892 2544 οὐκ
920 2489 1034 2545 ἐστι
1084 2492 1238 2561 Θεὸν,
1273 2495 1365 2552 τὸν
1405 2500 1480 2571 μὴ
1529 2518 1699 2557 κατα-

141 2574 326 2641 ϐάντα,
358 2580 456 2632 καὶ
487 2578 644 2650 δῆλον
673 2582 755 2636 ὅτι
785 2584 903 2637 ἐκεῖ
932 2587 964 2657 ἡ
998 2588 1289 2655 ἀνάϐασις,
1318 2592 1494 2667 ὄθενή
1526 2599 1698 2653 κατά-

141 2668 301 2733 ϐασις.
334 2671 493 2725 Ἐπεὶ
516 2673 697 2727 τοίνυν
738 2675 798 2741 ἐξ
839 2677 1072 2750 οὐρανοῦ
1119 2683 1524 2757 καταϐέϐηκεν,
1558 2690 1697 2743 ἀνα-

141 2760 295 2821 ϐαίνει
366 2762 623 2836 ὑπεράνω
680 2768 901 2825 πάντων
960 2762 1248 2845 οὐρανῶνο
1303 2780 1594 2846 καταϐάς,
1639 2785 1699 2836 οὐ

145 2854 289 2922 μόνον
320 2856 406 2920 είς
454 2859 579 2929 γῆν,
630 2860 767 2915 ἀλλὰ
805 2867 901 2919 καὶ
938 2865 1043 2919 ὑπὸ
1075 2869 1198 2939 γῆν.
1230 2871 1491 2938 Καταϐὰς
1516 2874 1573 2929 δὲ
1614 2874 1702 2930 διά

142 2944 307 3011 τοῦτο,
335 2948 635 3004 ῖνανπάντα
731 2955 1152 3029 πεπληρωμένα
1176 2960 1453 3035 θεότητος.

209 3138 230 3171 ‹
265 3122 375 3175 Καὶ
423 3125 588 3190 αὐτὸς
633 3127 823 3194 ἔδωκε,
866 3132 996 3197 τοὺς
1030 3133 1128 3204 μὲν
1183 3137 1541 3209 ἀποστόλους,
1576 3142 1703 3207 τοὺς

134 3208 515 3284 δὲπροφήτας.
541 3218 669 3281 τοὺς
697 3220 753 3274 δὲ
780 3220 1196 3292 εὐαγγελιστάς,
1236 3229 1365 3294 τοὺς
1403 3230 1460 3286 δὲ
1505 3235 1704 3305 ποιμέ-

142 3323 227 3370 νας
262 3312 358 3363 καὶ
417 3310 812 3378 διδασκάλους,
859 3316 997 3387 πρὸς
1044 3318 1134 3370 τὸν
1177 3324 1551 3393 καταρτισμὸν
1594 3326 1705 3379 τῶν

140 3396 297 3464 ἁγίων
328 3402 417 3463 είς
442 3400 601 3472 ἔργον
634 3403 910 3470 διακονίας
944 3406 1032 3460 ἐπ’
1068 3410 1357 3482 οἰκοδομὴν
1382 3413 1476 3467 τοῦ
1513 3415 1705 3486 σώμα-

140 3503 220 3551 τος
241 3490 334 3543 τοῦ
397 3492 656 3560 Χριστοῦ,
710 3495 873 3567 μέχρι
921 3500 1354 3571 καταντήσωμεν
1395 3504 1446 3556 οί
1503 3506 1706 3573 πάντες

138 3582 208 3643 εἰς
236 3582 333 3653 τὴν
380 3585 611 3654 ἑνότητα
646 3586 746 3656 τῆς
788 3588 1055 3654 πίστεως,
1088 3593 1184 3645 καὶ
1220 3595 1320 3665 τῆς
1360 3596 1708 3665 ἐπιγνώσεως

135 3673 223 3726 τοῦ
252 3672 389 3728 Υίοῦ
436 3676 595 3742 Θεοῦ,
638 3680 720 3742 είς
772 3678 944 3752 ἄνδρα
973 3683 1198 3751 τέλειον,
1247 3688 1328 3751 εἰς
1366 3688 1567 3761 μέτρον
1592 3692 1708 3761 ἠλι-

137 3766 253 3854 κίας
291 3768 397 3823 τοῦ
445 3769 814 3842 πληρώματος
883 3773 979 3828 τοῦ
1027 3777 1272 3849 Χριστοῦ
1301 3794 1317 3809 ·
1368 3781 1455 3834 ἵνα
1506 3783 1707 3854 μηκέτι

136 3850 276 3924 ὦμεν
341 3859 572 3929 νήπιοι,
618 3860 1067 3935 κλυδωνιζόμενοι
1128 3869 1219 3923 καὶ
1287 3850 1707 3944 περιφερόμενοι.

138 3951 292 4002 παντὶ
316 3950 513 4022 ἀνέμῳ
532 3953 630 4023 τῆς
660 3953 1032 4021 διδασκαλίας,
1056 3960 1116 4013 ἐν
1141 3964 1208 4032 τῇ
1241 3963 1439 4036 κυϐεία
1468 3965 1579 4019 τῶν
1611 3969 1707 4021 άν-

140 4038 391 4110 θρὼπων,
425 4044 482 4096 ὲν
506 4048 814 4119 πανουργία
846 4049 983 4120 πρὸς
1005 4053 1105 4122 τὴν
1136 4053 1417 4123 μεθοδείαν
1443 4057 1544 4126 τῆς
1571 4057 1709 4113 πλά-

136 4150 242 4202 νης.
278 4135 672 4206 Ἀληθεύοντες
693 4139 750 4193 δὲ
776 4142 834 4194 ἐν
860 4142 1071 4216 ἀγάπῃ,
1092 4145 1416 4219 αὐξήσωμεν
1444 4152 1526 4215 είς
1546 4152 1709 4206 αὐτὸν

139 4225 203 4278 τά
235 4230 427 4283 πάντα
451 4246 464 4262 ·
492 4231 550 4294 ὃς
576 4234 778 4304 ἐστινή
820 4236 1031 4308 κεφαλὴ
1060 4239 1312 4310 Χριστὸς,
1340 4240 1400 4307 ἐξ
1424 4238 1485 4299 οὗ
1519 4247 1627 4299 πᾶν
1649 4246 1711 4299 τὸ

138 4318 291 4387 σῶμα
351 4324 939 4397 συναρμολογούμενον
979 4331 1074 4384 καὶ
1114 4332 1588 4406 συμϐιϐαζόμενον
1621 4338 1708 4393 διὰ

1798 495 1895 557 tia.
1930 496 2236 552 secundum
2278 510 2591 551 mensuram
2624 495 2942 552 donationis
2969 497 3199 555 Christi.
3231 499 3367 555 Pro-

1796 595 1921 658 pter
1969 589 2116 658 quod
2169 587 2344 643 dicit:
2378 587 2698 644 Ascendens
2745 589 2803 643 in
2856 590 3054 653 altum,
3098 592 3371 662 captivam

1797 678 1955 733 duxit
1985 680 2380 748 captivitatem.
2421 699 2441 732 ι

1868 770 2108 827 Tametsi
2158 771 2470 828 differentia
2503 771 2646 827 dona
2674 778 2827 834 sunt,
2857 771 3057 842 inquit.
3104 786 3375 831 concessa

1796 860 2058 915 nimirum
2092 860 2284 931 gratiae
2314 876 2571 917 mensura
2601 860 2907 916 secundum
2930 861 3377 932 uniuscujusque

1796 953 1943 1008 vires
1978 963 2034 1009 et
2080 954 2506 1010 destinationem
2552 953 2760 1019 animi;
2798 968 3150 1024 nequaquam
3187 966 3375 1012 tamen

1798 1044 1915 1115 ipsa
1943 1056 2273 1117 separentur
2310 1063 2377 1103 ex
2406 1047 2611 1117 quibus
2637 1047 2823 1101 unitas
2848 1056 3092 1102 constat.

1873 1156 1892 1187 ι
1927 1137 1992 1192 Ει
2022 1138 2169 1193 dedit
2203 1139 2345 1194 dona
2382 1139 2569 1193 homin
2597 1143 2720 1194 bus.
2773 1158 2793 1192 ι

1867 1230 2013 1297 Quin
2044 1240 2098 1285 et
2125 1240 2324 1287 auctor
2364 1231 2713 1287 Psalmorum
2751 1232 2797 1264 ⁸⁸
2839 1230 3246 1287 multitudinem
3278 1247 3376 1287 ex-

1797 1323 1963 1393 plicat
2010 1324 2308 1390 donorum,
2358 1338 2499 1394 quae,
2530 1339 2595 1379 ex
2639 1339 2752 1394 quo
2804 1323 3064 1380 Christus
3100 1324 3372 1387 ascendit,

1798 1431 2064 1471 concessa
2098 1415 2290 1483 luere;
2327 1417 2551 1487 quando
2578 1430 2772 1486 nempe
2806 1430 2947 1484 quos
2975 1431 3125 1471 mors
3151 1415 3376 1470 tenebat

1797 1508 2068 1576 captivos,
2101 1516 2217 1561 tum
2254 1509 2386 1572 vita,
2413 1517 2530 1561 tum
2554 1507 2960 1562 resurrectione
2998 1521 3097 1560 sua
3131 1506 3374 1562 vicissim

1796 1606 1882 1654 est
1928 1599 2044 1666 ipse
2091 1598 2389 1668 praedatus.
2450 1596 2696 1653 Dicendo
2741 1610 2871 1651 vero
2915 1596 3082 1659 dedit,
3126 1611 3253 1651 cum
3318 1596 3372 1650 in

1798 1691 2011 1759 psalmo
2038 1690 2303 1744 habeatur
2337 1691 2561 1759 accepit,
2597 1688 2873 1760 signiﬁcat
2908 1704 2972 1744 ea
3015 1705 3136 1759 quae
3166 1689 3373 1743 carnali

1801 1797 1952 1836 more
1989 1781 2057 1835 de
2087 1780 2312 1836 Christo
2345 1782 2734 1843 enuntiantur,
2768 1781 3079 1850 spiritualia
3107 1789 3162 1835 et
3189 1782 3372 1835 divina

1800 1888 1908 1927 non
1953 1872 2259 1939 destruere,
2320 1888 2439 1938 nec,
2490 1874 2640 1944 quod
2689 1873 2934 1927 humano
2968 1872 3129 1927 modo
3173 1872 3377 1926 dicitur

1800 1964 2023 2033 accepit,
2048 1964 2245 2021 tollere
2291 1964 2425 2020 illud
2471 1963 2639 2029 dedit,
2672 1979 2784 2035 quo
2812 1964 3060 2019 divinum
3097 1963 3232 2036 quid
3274 1979 3374 2019 ex-

1799 2058 2080 2128 primitur.

1869 2147 2035 2205 Vsns.
2069 2150 2124 2212 9,
2156 2146 2243 2202 10.
2292 2164 2312 2199 ι
2344 2145 2500 2213 Quod
2554 2158 2736 2201 autem
2779 2147 3051 2214 ascendit,
3093 2148 3226 2219 quid
3266 2157 3371 2215 est,

1798 2240 1906 2295 nisi
1944 2241 2073 2311 quia
2113 2249 2168 2295 et
2199 2240 2488 2295 descendit
2517 2241 2756 2309 primum
2809 2240 2863 2294 in
2911 2239 3203 2295 interiores
3245 2254 3373 2310 par-

1798 2335 1883 2383 tes
1922 2328 2125 2381 terrae?
2155 2326 2260 2394 Qui
2289 2327 2578 2382 descendit
2607 2327 2727 2398 ipse
2760 2337 2844 2383 est
2873 2336 2931 2385 et
2969 2331 3065 2399 qui
3119 2332 3375 2389 ascendit

1801 2431 1969 2486 super
1997 2431 2189 2472 omnes
2216 2417 2411 2481 cmlos,
2440 2427 2501 2471 ut
2535 2417 2790 2488 impleret
2818 2420 3024 2475 omnia.
3055 2440 3075 2472 ι

1870 2510 2201 2565 Ascendisse
2256 2525 2371 2565 non
2429 2512 2610 2579 potuit
2658 2511 2825 2575 Deus,
2869 2512 3076 2583 inquit,
3115 2514 3217 2570 nisi
3250 2525 3376 2572 ante

1801 2600 2151 2656 descenderit
2179 2620 2192 2656 :
2220 2610 2275 2655 et
2306 2600 2662 2670 perspicuum
2702 2610 2787 2656 est
2813 2602 2947 2661 illuc
2993 2605 3373 2661 ascensionem

1802 2693 1994 2758 fuisse,
2044 2691 2187 2747 unde
2237 2692 2528 2748 descensio
2575 2691 2778 2749 fuerat.
2806 2692 3114 2765 Postquam
3140 2710 3277 2766 ergo
3306 2696 3376 2752 de

1801 2786 1947 2840 ccelo
2014 2783 2327 2850 descendit,
2391 2784 2640 2840 ascendit
2712 2801 2905 2842 rursus
2958 2802 3124 2856 super
3183 2803 3376 2844 omnes

1803 2877 1974 2932 caelos
1996 2894 2011 2944 ;
2036 2877 2130 2946 qui
2158 2876 2545 2941 descenderat,
2574 2890 2685 2931 non
2714 2876 2892 2931 solum
2918 2877 2973 2931 in
3010 2887 3239 2945 terram,
3275 2879 3376 2934 sed

1804 2978 1860 3023 et
1882 2970 2074 3024 snhter
2103 2978 2331 3024 terram.
2374 2969 2502 3024 ldeo
2529 2977 2715 3024 autem
2743 2968 3130 3037 descenderat,
3162 2980 3221 3024 ut
3251 2971 3377 3026 uni-

1805 3077 1963 3118 versa
1984 3062 2275 3117 divinitate
2300 3076 2398 3117 sua
2429 3062 2797 3132 replerentur.

1873 3152 2042 3208 Vens.
2076 3152 2267 3207 11-16.
2328 3171 2347 3204 ι
2384 3151 2451 3204 Ει
2488 3153 2607 3223 ipse
2647 3152 2802 3207 dedit
2856 3153 3127 3222 quosdam
3159 3155 3377 3224 quidem

1804 3246 2108 3316 apostolos,
2158 3243 2429 3315 quosdam
2468 3254 2649 3299 autem
2709 3244 3029 3313 prOphetas,
3071 3246 3209 3302 alios
3248 3261 3381 3303 vero

1804 3337 2193 3409 evangelistas,
2244 3337 2384 3392 alios
2427 3345 2612 3390 autem
2649 3346 2900 3407 pastores
2931 3345 2986 3391 et
3019 3335 3273 3392 doctores
3306 3337 3376 3392 ad

1805 3428 2336 3484 consummationem
2367 3437 2709 3493 sanctorum,
2737 3428 2791 3481 in
2824 3442 2964 3497 opus
2990 3428 3303 3491 ministerii,
3323 3430 3377 3483 in

1806 3518 2224 3573 atdiﬁcationem
2257 3517 2508 3587 corporis
2534 3517 2764 3582 Christi,
2809 3518 2985 3572 donec
3020 3532 3381 3574 occurramus

1806 3624 1997 3663 omnes
2022 3609 2078 3663 in
2118 3608 2387 3662 unitatem
2417 3608 2562 3674 fidei,
2597 3616 2651 3661 ct
2684 3608 2987 3675 agnitionis
3008 3609 3132 3663 Filii
3168 3609 3284 3674 Dei,
3320 3610 3377 3664 in

1806 3701 1986 3754 virum
2022 3699 2349 3770 perfectum,
2382 3701 2439 3754 in
2465 3714 2780 3754 mensuram
2805 3702 2985 3754 atatis
3014 3700 3380 3771 plenitudinis

1807 3790 2014 3847 Christi
2046 3808 2058 3844 :
2091 3800 2151 3844 ut
2185 3806 2294 3845 non
2322 3790 2435 3861 jam
2480 3791 2657 3845 simus
2684 3791 2900 3860 parvuli
2941 3790 3290 3856 ﬂuctuantes,
3325 3801 3381 3847 et

1809 3883 2277 3939 circumferamur
2308 3883 2457 3938 omni
2499 3892 2660 3938 vento
2708 3881 2995 3948 doctrinae,
3034 3884 3089 3937 in
3132 3884 3379 3953 nequitia

1810 3975 2118 4041 bomimnn,
2149 3976 2204 4030 in
2234 3975 2434 4029 astutia
2476 3976 2541 4029 ad
2592 3975 3118 4031 circumventionem
3153 3976 3379 4031 erroris.

1811 4064 2109 4122 Veritatem
2188 4067 2346 4137 187
2405 4076 2587 4121 autem
2653 4064 2919 4121 facientes
2974 4065 3031 4119 in
3088 4064 3381 4130 charitate,

1809 4174 2128 4214 crescamus
2184 4160 2239 4212 in
2288 4160 2382 4213 illo
2411 4174 2506 4227 per
2532 4157 2743 4223 omnia,
2775 4157 2871 4227 qui
2910 4168 2996 4212 est
3025 4164 3192 4227 caput
3224 4156 3386 4211 Chri-

1810 4259 1964 4313 stus,
1997 4266 2061 4305 ex
2108 4264 2217 4318 quo
2267 4257 2445 4303 totum
2494 4264 2700 4319 corpus
2743 4258 3094 4318 compactum
3147 4255 3203 4303 et
3245 4261 3384 4301 eon-

1811 4358 2010 4398 nexum
2062 4357 2160 4413 per
2217 4356 2436 4397 omnem
2479 4341 2803 4411 juncturam
2839 4340 3386 4407 subministrationis

136 4412 312 4483 πάσης
342 4415 496 4483 ἁφῆς
546 4416 645 4487 τῆς
703 4420 1065 4492 ἐπιχορηγίας
1110 4426 1251 4479 κατά
1304 4430 1606 4499 ἐνέργειαν,
1649 4432 1707 4485 ὲν

1812 4435 2116 4491 secundum
2133 4435 2531 4503 operationem,
2558 4434 2616 4487 in
2647 4449 2908 4488 mensura
2943 4433 3388 4502 uniuscujusque

138 4504 318 4576 μέτρῳ
348 4507 475 4570 ἑνὸς
503 4508 736 4563 ἑκάστου
775 4512 978 4582 μέρους
997 4515 1097 4587 τὴν
1138 4517 1367 4591 αὔξησιν
1397 4521 1493 4575 τοῦ
1523 4524 1711 4594 σῶμα·

134 4610 217 4658 τος
235 4601 484 4652 ποιεῖται
506 4601 587 4662 είς
611 4603 903 4677 οἰκοδομὴν
932 4608 1130 4663 ἑαυτοῦ
1160 4613 1217 4663 ἐν
1242 4614 1451 4689 ἀγάπῃ.
1492 4634 1510 4665 ι

208 4690 306 4754 Ὃς
368 4693 474 4761 μὲν
520 4695 882 4769 άποστολικὴν
939 4700 1098 4755 ἔλαϐε
1146 4705 1328 4776 χάριν,
1380 4708 1563 4778 φησὶν,
1620 4710 1714 4762 καὶ

136 4780 458 4851 ἐξαγγέλλει
503 4786 603 4858 τὴν
642 4788 962 4861 ἀπόκρυφον
1004 4796 1196 4864 σοφίαν
1228 4799 1326 4868 τῆς
1359 4801 1671 4870 οἰκονομίας
1694 4820 1710 4837 ο

132 4870 191 4935 ὃς
215 4874 274 4927 δὲ
316 4878 672 4950 προφητικὴν
710 4880 1014 4954 ὑπουργίαν
1061 4887 1347 4959 ὑπουργεῖ,
1384 4891 1463 4954 είς
1488 4891 1711 4960 ἔνδειξιν

132 4966 227 5035 τῆς
266 4969 328 5021 ὲν
355 4971 494 5039 ἡμῖν
526 4972 591 5024 ὲκ
631 4973 944 5044 πνεύματος
999 4981 1384 5049 προγνώσεως.
1426 4985 1618 5051 Ἀλλος
1654 4987 1714 5040 δὲ

129 5054 558 5131 Εὐαγγελισμὸν
587 5069 841 5134 ποιεῖται,
875 5068 962 5123 διὰ
988 5070 1211 5143 λόγωνῆ
1243 5076 1609 5147 γραμμάτων,
1640 5080 1717 5143 ὡς

126 5148 406 5216 Φίλιππος
445 5154 545 5224 μὲν
572 5155 659 5211 διὰ
690 5157 884 5226 λόγων,
918 5163 967 5215 oi
996 5163 1053 5216 δὲ
1100 5165 1409 5235 γράψαντες
1436 5169 1504 5223 τὰ
1535 5171 1717 5239 Εὐαγ-

129 5242 309 5310 γέλια,
356 5244 455 5299 διὰ
493 5252 839 5319 γραμμάτων
874 5270 889 5283 ν
936 5254 994 5317 ὃς
1029 5255 1086 5308 δὲ
1120 5258 1445 5330 Ἐκκλησίαν
1476 5263 1714 5334 ἐγχειρι-

130 5334 280 5400 σθεὶς
312 5339 660 5407 ποιμαίνειν.
695 5343 881 5397 Πάντα
934 5345 1028 5399 οῦν
1056 5347 1125 5402 τὰ
1176 5351 1516 5422 χαρίσματα,
1555 5357 1710 5426 φησι,

133 5426 269 5496 πρὸς
316 5426 386 5479 τὸ
423 5429 548 5491 τοὺς
585 5430 946 5497 ἁγιασθέντας
979 5436 1037 5488 ἐν
1067 5437 1248 5492 πίστει
1287 5442 1711 5512 καταρτίζεσθαι

131 5517 270 5586 πρὸς
300 5518 617 5586 τελείωσιν,
649 5523 1041 5584 διακονούντων
1070 5532 1152 5593 εἰς
1199 5532 1258 5585 τὸ
1302 5535 1478 5592 κοινὸν
1507 5535 1616 5594 τῶν
1642 5537 1711 5593 τὰ
1746 5544 1749 5547 ’

186 5697 235 5746 ⁸9
256 5696 422 5753 ?sal.
450 5712 620 5765 um,
646 5702 701 5755 4.

472 5794 733 5855 [Ἀτιιοιη
776 5795 891 5860 Gn.
930 5793 1098 5857 XCV.

1808 4527 2043 4582 membri
2067 4534 2423 4595 augmentum
2438 4525 2691 4597 corporis
2716 4525 2872 4593 facit,
2893 4526 2947 4581 in
2968 4526 3385 4581 tedilieationem

1807 4620 1893 4676 sui
1930 4618 1984 4671 in
2016 4617 2310 4672 charitate.
2349 4635 2369 4669 ι

1877 4708 2032 4763 Alius
2057 4707 2277 4777 quidem
2311 4705 2698 4777 apostolicam,
2730 4706 2932 4778 inquit,
2963 4710 3196 4779 gratiam
3230 4729 3388 4771 acce-

1810 4798 1911 4868 pit,
1940 4805 1995 4852 et
2026 4811 2289 4851 arcanam
2322 4795 2759 4866 dispensationis
2799 4800 3127 4867 sapientiam
3174 4818 3386 4859 annun-

1813 4892 1918 4946 tiat
1954 4909 1969 4959 ;
2002 4891 2147 4945 alius
2182 4905 2313 4944 vero
2349 4889 2640 4944 inslinctui
2673 4893 3001 4962 prophetico
3035 4898 3387 4967 obsequitur,

1812 4982 1883 5037 ad
1922 4982 2318 5038 declarandum
2370 4979 2500 5049 quid
2550 4982 2747 5051 spiritu
2796 4986 2947 5040 intus
2996 4990 3391 5059 prtecognitum

1814 5077 1907 5133 Sil.
1966 5076 2119 5130 Alter
2171 5072 2457 5144 Evangelii
2504 5074 2882 5145 praedicationi
2931 5079 3237 5149 incumbit,
3274 5084 3393 5139 sive

1814 5170 2021 5233 verbis,
2058 5167 2177 5225 sive
2207 5168 2430 5236 scriptis
2460 5187 2473 5222 :
2503 5169 2685 5225 verbis
2719 5171 2965 5239 quidem,
2993 5181 3054 5227 ut
3080 5173 3390 5246 Philippus;

1821 5263 2046 5333 scriptis
2076 5276 2228 5324 vero,
2263 5260 2358 5331 qui
2396 5259 2692 5332 Evangelia
2726 5263 2928 5318 litteris
2953 5266 3195 5322 edidere.
3218 5267 3391 5323 Alteri

1820 5352 2106 5425 pascentia:
2154 5352 2410 5408 Ecclesiae
2444 5369 2649 5409 munus
2684 5354 2989 5424 injunctum
3035 5365 3141 5412 est.
3194 5358 3393 5414 Omnia

1820 5463 1952 5517 ergo
1995 5450 2160 5510 dona,
2192 5445 2393 5513 inquit,
2426 5460 2494 5500 eo
2536 5453 2808 5515 spectant,
2847 5458 2906 5501 ut
2954 5450 3047 5517 qui
3077 5449 3185 5505 ﬁde
3214 5451 3390 5505 sancti

1820 5539 1951 5595 facti
1994 5546 2142 5607 sunt,
2182 5536 2575 5608 perfectionem
2611 5538 2921 5596 absolutam
2969 5541 3286 5611 obtineant;
3324 5544 3392 5603 iis

2990 5809 3060 5876 27
