4022 6460
586 328 689 396 843

1781 331 1840 390 s.
1877 327 2196 390 JOANNIS
2236 312 2666 388 DAMASCENI

3739 313 3832 388 8ίί

583 445 678 515 qui
739 444 884 498 dona
948 458 1232 514 accepere,
1291 441 1664 498 ministerium
1720 456 1878 499 suum
1933 442 1988 496 in
2046 455 2164 495 rem

2275 439 2590 510 χαρίσματα
2639 435 2962 508 εἰληφότων.
3013 435 3310 505 Ἀναγκαία
3361 426 3416 488 δὲ
3463 436 3498 505 ἡ
3553 434 3661 486 τῶν
3699 452 3834 507 ιαρις

579 551 927 592 communem
969 536 1436 607 impendentibus.
1487 537 1816 591 Necessaria
1857 548 2024 605 porro
2075 541 2162 588 est

581 633 855 686 donorum
885 629 1209 693 emcacitas,
1243 629 1421 685 donec
1448 631 1544 699 qui
1576 628 1742 683 modo
1764 627 1977 698 parvuli
2010 633 2161 690 sunt,

581 721 814 790 perfecti
857 720 1012 784 fiant,
1063 719 1403 791 perfectione
1451 719 1746 788 Spirituali,
1779 734 1901 788 quae
1923 719 1976 772 in
2009 718 2164 774 simi-

578 812 815 866 litudine
844 826 972 866 cum
1003 811 1230 866 Christo
1262 812 1554 876 consistit;
1595 811 1668 864 ita
1702 821 1757 865 ut
1804 826 1914 864 non
1941 811 2053 881 jam
2091 813 2163 866 sit

578 904 867 973 parvulus,
898 903 1089 958 multis
1119 911 1313 973 patens
1343 902 1763 967 mutationibus,
1792 918 1932 972 quas
1961 919 2162 958 sermo-

579 1009 678 1048 nes
717 1002 939 1049 versute
997 994 1335 1063 pronuntiati
1371 1000 1425 1047 et
1472 993 1538 1047 ad
1585 993 1960 1064 deceptionem
2009 1010 2161 1049 corn-

578 1084 746 1154 positi
791 1083 1044 1147 faciant;
1093 1083 1212 1148 sed,
1261 1091 1320 1136 ut
1373 1083 1433 1136 fit
1466 1082 1520 1136 in
1558 1091 1724 1138 auctu
1777 1087 2049 1155 corporis,
2094 1086 2160 1140 ad

577 1193 700 1232 eam
758 1192 951 1233 omnes
1013 1177 1386 1231 excelsitatem
1442 1175 1872 1247 perveniamus,
1929 1187 1984 1232 et
2035 1193 2160 1232 cum

577 1267 826 1332 Christo,
874 1266 969 1336 qui
1025 1274 1191 1335 caput
1241 1275 1492 1320 nostrum
1537 1273 1648 1332 est,
1683 1269 2159 1338 compaginemur.

579 1357 674 1414 llle
720 1359 869 1414 enim
928 1373 1053 1412 cum
1105 1373 1208 1429 pro
1237 1358 1419 1413 divina
1452 1374 1553 1414 sua
1593 1360 1965 1429 praecellentia
1998 1361 2162 1418 nobis

578 1450 890 1520 praesideat,
939 1465 1060 1505 sese
1093 1449 1253 1504 nobis
1296 1450 1632 1521 impertitur,
1683 1451 2162 1522 coagmentatione

577 1541 1012 1612 dispensationis
1065 1557 1181 1597 suae
1235 1557 1338 1597 nos
1389 1543 1497 1598 sibi
1552 1550 1606 1597 et
1660 1542 1897 1597 invicem
1935 1543 2161 1613 conjun-

577 1648 735 1702 gens,
803 1641 864 1688 ut
921 1633 1174 1688 eamdem
1239 1640 1433 1687 mutuo
1490 1633 1894 1702 coaptationem
1955 1634 2161 1690 hahea-

581 1741 726 1792 mus,
777 1726 929 1780 velut
961 1726 1016 1779 in
1056 1724 1313 1791 aedificio,
1363 1735 1418 1780 et
1455 1727 1842 1796 unusquisque
1887 1727 2159 1784 submini-

2271 529 2498 599 σμάτων
2545 530 2813 600 ἐνέργεια,
2853 528 3048 599 μέχρις
3101 527 3169 580 ἂν
3199 528 3248 580 oi
3297 525 3390 578 νῦν
3418 527 3610 596 νήπιοι
3648 525 3840 578 τέλειοι

2268 621 2536 690 γένωνται
2574 621 2718 674 κατὰ
2747 620 2842 689 τὴν
2890 618 3271 690 πνευματικὴν
3311 617 3598 669 τελείωσιν
3659 617 3760 686 τὴν
3789 621 3842 670 ὲν

2267 713 2524 785 ὁμοιώσει
2547 713 2807 785 Χριστοῦ,
2840 712 2932 765 καὶ
2961 713 3160 782 μηκέτι
3192 711 3385 781 νήπιός
3415 727 3500 771 τις
3539 705 3598 784 ᾖ,
3647 709 3843 770 πολλὰς

2267 807 2553 877 δεχόμενος
2582 806 2791 877 τροπὰς
2821 806 2885 858 ἐκ
2921 806 3030 858 τῶν
3069 804 3342 876 διαφόρων
3399 803 3574 870 λόγων
3634 801 3747 852 τῶν
3793 804 3847 854 ἐν

2269 899 2578 971 πανουργίᾳ
2631 897 3084 969 προσαγομένων,
3143 898 3237 950 καὶ
3295 895 3654 958 πλανώντων,
3714 894 3848 947 ἀλλὰ

2267 989 2457 1060 ὥσπερ
2491 991 2549 1042 ὲν
2576 988 2828 1060 σώματος
2859 988 3103 1058 αὐξήσει,
3129 988 3430 1058 φθάσωμεν
3460 989 3540 1051 εἰς
3595 987 3849 1040 τοσοῦτον

2269 1081 2403 1153 ὕψος
2427 1084 2688 1148 ἅπαντες,
2722 1084 2798 1146 ὡς
2819 1083 2956 1154 πρὸς
2980 1083 3079 1154 τὴν
3113 1082 3358 1152 κεφαλὴν
3384 1080 3543 1152 ἡμῶν
3574 1097 3849 1150 συναρμο-

2269 1175 2459 1247 σθῆναι
2502 1175 2593 1227 τδν
2642 1174 2896 1245 Χριστόν.
2933 1175 3030 1236 ’ος
3093 1172 3341 1242 ἐφεστὼς
3393 1173 3527 1242 ἡμῖν
3574 1172 3727 1224 κατὰ
3759 1170 3847 1239 τὴν

2268 1268 2455 1339 θεῖκὴν
2490 1267 2703 1339 ἐξοχὴν,
2738 1266 3092 1338 μεταδίδωσιν
3136 1267 3267 1337 ἡμῖν
3303 1267 3497 1318 ἑαυτὸν
3547 1264 3698 1318 κατὰ
3755 1264 3843 1332 τὴν

2267 1363 2580 1432 οἰκονομίας
2628 1361 2946 1431 συνάφειαν,
2996 1358 3177 1430 ἑαυτῷ
3225 1357 3516 1412 συνάπτων
3560 1357 3717 1426 ἡμᾶς
3765 1356 3844 1407 καὶ

2269 1454 2544 1524 ἀλλήλοις,
2587 1453 2712 1507 καθ’
2753 1455 2823 1524 ἣν
2851 1454 3046 1525 ἔχομεν
3095 1453 3230 1524 πρὸς
3271 1451 3536 1519 ἀλλήλους
3570 1449 3771 1518 ῶσπερ
3798 1449 3842 1499 ἑν

2267 1548 2520 1618 οἰκοδομῇ
2553 1546 2928 1617 συναρμογὴν,
2965 1545 3058 1600 καὶ
3076 1543 3212 1598 καθὸ
3235 1543 3331 1614 τὴν
3353 1541 3728 1613 ὲπιχορηγίαν
3761 1537 3844 1590 τοῦ

2269 1638 2587 1710 Πνεύματος
2630 1639 2864 1703 ἕκαστος
2897 1638 3119 1692 δύναται
3174 1635 3452 1706 δέχεσθαι,
3486 1636 3588 1704 τῆς
3635 1632 3736 1686 ἐπὶ
3790 1634 3842 1700 τῇ

2270 1735 2496 1804 αὐξήσει
2523 1733 2859 1796 τελειώσεως
2884 1734 3211 1812 είςβιγάπην
3248 1726 3842 1799 συνκεφαλαιουμένης.

581 1821 905 1873 strationem
960 1822 1132 1890 possit
1187 1819 1432 1892 Spiritus
1501 1822 1773 1892 accipere,
1834 1822 2159 1882 incrementi
2202 1831 2558 1900 perfectione,
2597 1846 2722 1898 quae
2769 1830 2824 1883 in
2891 1828 3471 1894 charitatevtanouam
3541 1825 3598 1878 in
3638 1837 3845 1878 Summi

579 1909 953 1966 Concluditur.

652 2001 820 2058 Vens.
866 2001 1058 2056 17-20.
1114 2019 1134 2053 ι
1173 2001 1286 2056 Hoc
1334 2001 1501 2071 igitur
1531 2003 1655 2057 dico
1694 2013 1745 2058 et
1792 1973 2066 2061 testificor
2113 2008 2168 2062 in
2205 2012 2247 2071 Β

584 2095 833 2158 Domino,
867 2101 924 2146 ut
947 2093 1062 2161 jam
1093 2109 1202 2146 non
1230 2094 1553 2158 ambuletis,
1588 2095 1735 2149 sicut
1767 2105 1818 2149 et
1849 2107 2039 2168 gentes
2062 2113 2170 2152 am-

582 2190 801 2254 bulant,
845 2187 901 2240 in
940 2187 1189 2241 vanitate
1214 2202 1416 2242 sensus
1445 2189 1568 2252 sui,
1606 2189 1861 2245 tenebris
1896 2191 2170 2246 obscura-

581 2291 698 2336 tum
739 2280 1010 2336 habentes
1050 2279 1415 2345 intellectum,
1448 2281 1675 2335 alienati
1703 2295 1733 2334 a
1764 2288 1878 2336 vita
1911 2284 2026 2347 Dei,
2073 2301 2172 2355 per

582 2374 952 2446 ignorantiam
1000 2369 1121 2443 qua:
1169 2373 1223 2427 in
1273 2372 1384 2429 illis
1435 2383 1552 2439 est,
1593 2384 1820 2445 propter
1867 2377 2170 2432 caecitatem

581 2466 768 2521 cordis
815 2466 1104 2536 ipsorum;
1149 2466 1241 2535 qui
1275 2466 1660 2536 desperantes,
1699 2468 2031 2536 semetipsos
2059 2478 2172 2522 tra-

583 2557 841 2613 diderunt
875 2557 1238 2627 impudicitiae
1281 2558 1349 2611 ad
1389 2559 1770 2627 operationem
1808 2559 2174 2616 immunditiae

583 2653 791 2706 omnis.
837 2669 856 2702 ι

654 2743 834 2799 Veluti
883 2743 1090 2799 Christi
1155 2752 1324 2800 testes
1388 2754 1442 2800 et
1499 2752 1772 2816 martyres
1837 2753 2043 2814 monet,
2113 2753 2174 2800 ut

583 2838 1008 2893 rcminiscantur
1052 2853 1112 2892 se
1175 2849 1402 2892 vocatos
1440 2852 1564 2892 esse
1596 2837 1663 2891 ad
1714 2838 2171 2904 sanctimoniam,

586 2943 689 2984 nec
739 2938 1086 2984 revertantur
1116 2929 1182 2982 ad
1219 2929 1368 2983 illam
1420 2929 1646 2983 vivendi
1682 2930 1954 2984 rationem
2008 2946 2173 2999 quant

587 3029 718 3074 ante
755 3021 1100 3074 vocationem
1135 3035 1290 3073 suam
1316 3028 1563 3089 egerant,
1605 3021 1848 3089 quando,
1878 3020 2032 3074 nullo
2070 3021 2172 3077 sibi

589 3115 896 3184 praestituto
928 3113 1052 3175 fine,
1088 3111 1388 3167 temerario
1412 3113 1620 3182 impetu
1653 3112 1996 3168 ferebantur.

665 3223 684 3256 ‹
739 3204 796 3258 In
865 3203 1119 3258 avaritia.
1173 3201 1287 3260 Vos
1343 3216 1524 3258 autem
1581 3218 1694 3259 non
1759 3205 1835 3258 ita
1902 3205 2175 3261 didicistis

589 3297 900 3354 Christum.
940 3315 960 3347 ι

2357 2029 2374 2061 ι
2411 2008 2586 2062 Τοῦτο
2606 2003 2698 2062 οὖν
2721 2008 2868 2078 λέγω
2897 2004 2991 2061 καὶ
3025 2005 3378 2077 μαρτύρομαι
3407 2007 3464 2058 ἐν
3499 2005 3718 2076 Κυρίῳ,
3758 2015 3848 2076 μη·

2272 2102 2390 2156 κέτι
2416 2102 2560 2171 ὑμᾶς
2599 2103 2944 2172 περιπατεῖν,
2967 2100 3151 2161 καθὼς
3187 2099 3282 2152 καὶ
3310 2099 3378 2152 τὰ
3401 2098 3562 2152 λοιπὰ
3594 2097 3729 2168 ἔθνη
3769 2115 3849 2149 πει

2273 2199 2514 2267 ριπατεῖ,
2547 2199 2604 2249 ὲν
2642 2197 2966 2266 ματαιότητι
2996 2193 3090 2246 τοῦ
3120 2193 3238 2257 νοὸς
3283 2192 3488 2258 αὐτῶν,
3522 2193 3847 2262 ὲσκοτισμέο

2271 2304 2352 2341 νοι
2383 2290 2450 2358 τῇ
2501 2287 2732 2358 διανοίᾳ,
2795 2286 2949 2348 ὄντες
2993 2281 3502 2356 ἀπηλλοτριωμένοι
3551 2284 3657 2354 τῆς
3707 2284 3848 2353 ζωῆς

2271 2375 2364 2430 τοῦ
2392 2376 2547 2441 Θεοῦ,
2578 2377 2667 2430 διὰ
2694 2375 2794 2448 τὴν
2823 2375 3047 2444 ἄγνοιαν
3097 2376 3196 2446 τὴν
3233 2372 3402 2430 οὖσαν
3449 2378 3505 2428 ὲν
3532 2377 3750 2439 αὐτοῖς,
3776 2376 3848 2428 διὰ

2272 2471 2374 2540 τὴν
2402 2469 2662 2540 πώρωσιν
2691 2470 2789 2540 τῆς
2815 2469 3047 2540 καρδίας
3074 2469 3278 2522 αὐτῶν.
3313 2470 3380 2521 Οί
3420 2485 3564 2530 τινες
3595 2467 3846 2538 annim-

2273 2565 2450 2626 κότες,
2484 2564 2712 2625 ἑαυτοὺς
2741 2562 3066 2634 παρέδωκαν
3091 2566 3158 2634 τῇ
3189 2561 3451 2634 ἀσελγείᾳ
3487 2564 3563 2624 είς
3587 2562 3848 2633 ἐργασίαν

2272 2653 2621 2724 ἀκαθαρσίας
2655 2652 2860 2724 πάσης.
2907 2672 2926 2704 ι

2356 2745 2444 2807 Ὡς
2472 2745 2565 2796 ἐπὶ
2599 2744 2836 2817 Χριστοῦ
2891 2745 3170 2816 μάρτυρος
3219 2743 3389 2813 λέγει,
3428 2745 3491 2798 τὸ
3536 2745 3844 2815 μεμνῆσθαι

2273 2836 2372 2906 τῆς
2407 2834 2655 2907 κλήσεως
2684 2838 2786 2906 τῆς
2833 2837 2926 2889 ἐπὶ
2954 2836 3252 2906 ἁγιασμόν,
3281 2838 3377 2888 καὶ
3411 2836 3485 2906 μὴ
3530 2836 3848 2906 ἀνατρέχειν

2277 2930 2355 2992 είς
2383 2927 2475 2981 τὸν
2510 2928 2616 3000 πρὸ
2648 2928 2894 2998 κλήσεως
2949 2926 3085 2998 βίον,
3135 2927 3227 2980 τὸν
3259 2927 3360 2980 οὐκ
3395 2927 3586 2997 ἔχοντα
3623 2930 3847 2994 σκοπὸν,

2275 3019 2394 3072 οὐδὲ
2427 3019 2598 3086 τέλος,
2639 3018 2776 3074 ἀλλὰ
2808 3019 3052 3089 ματαίως
3081 3019 3402 3091 φερόμενον.

2353 3222 2372 3259 ι
2421 3202 2508 3256 Ἐν
2545 3201 2850 3274 πλεονεξίᾳ.
2887 3203 3077 3274 Ὑμεῖς
3102 3203 3158 3256 δὲ
3183 3203 3285 3272 οὐχ
3308 3201 3483 3266 οὕτως
3509 3201 3754 3274 ἐμάθετε
3774 3205 3852 3256 τίον

2277 3297 2533 3368 Χριστόν.
2575 3314 2594 3346 ›

658 3389 904 3443 Avaritia
933 3387 1283 3443 dilectionem
1311 3388 1494 3442 carnis
1527 3388 1849 3442 necessario
1877 3391 2173 3459 consequi-

2350 3387 2639 3453 Πλεονεξία
2671 3387 3029 3459 φιλοσαρκίας
3081 3389 3229 3443 ἐστὶν
3271 3390 3574 3458 ἀναγκαῖον
3605 3405 3854 3458 παρεικο-

591 3491 711 3545 tur;
767 3481 896 3552 quia
957 3482 1302 3536 tantumdem
1366 3481 1572 3535 habere
1635 3481 1886 3536 homines
1945 3483 2174 3551 volunt,

591 3581 860 3645 quantum
897 3573 951 3626 in
986 3573 1300 3642 voluptates
1324 3572 1662 3642 expendant.

661 3664 827 3720 Vens.
851 3663 1042 3718 21-35.
1079 3683 1097 3715 ι
1134 3664 1190 3718 Si
1225 3672 1403 3718 tamen
1436 3663 1589 3717 illum
1614 3664 1871 3728 audistis,
1897 3673 1952 3720 et
1979 3665 2032 3720 in
2057 3667 2178 3738 ipso

589 3755 770 3812 edocti
800 3757 963 3821 estis,
991 3757 1135 3812 sicut
1166 3766 1252 3811 est
1296 3755 1501 3810 veritas
1531 3756 1587 3810 in
1622 3755 1845 3812 Christo
1874 3756 2025 3826 Jesu,
2069 3760 2167 3815 de-

592 3867 798 3922 ponere
846 3865 942 3906 vos
990 3849 1300 3905 secundum
1354 3849 1640 3918 pristinam
1701 3853 2176 3909 conversationem

591 3953 830 3999 veterem
869 3943 1172 4007 hominem,
1205 3940 1303 4011 qui
1336 3942 1721 4012 corrumpitur
1749 3943 2058 3999 secundum
2086 3945 2181 4000 de-

593 4036 795 4092 sideria
849 4035 1080 4090 erroris.
1138 4033 1412 4088 Renovari
1475 4041 1657 4088 autem
1716 4035 1917 4105 spiritu
1980 4037 2178 4092 mentis

593 4136 813 4192 vestrae,
853 4137 908 4181 et
939 4126 1174 4180 induere
1207 4139 1407 4177 novum
1441 4124 1716 4179 hominem
1744 4127 1844 4196 'qui
1875 4127 2175 4182 secundum

593 4219 762 4274 Deum
793 4229 1010 4272 creatus
1035 4227 1118 4271 est
1147 4216 1201 4269 in
1237 4215 1458 4284 iustitia
1491 4223 1545 4269 et
1580 4217 1879 4272 sanctitate
1903 4220 2176 4274 veritatis.

594 4311 826 4382 Propter
873 4309 1019 4380 quod
1071 4309 1414 4378 deponentes
1464 4308 1832 4372 mendacium,
1889 4309 2220 4380 loquimini,

595 4406 879 4464 veritatem
914 4400 1298 4470 unusquisque
1329 4413 1454 4454 cum
1484 4400 1736 4469 proximo
1766 4417 1890 4466 suo,
1915 4404 2178 4474 quoniam

597 4512 788 4553 sumus
826 4495 1060 4550 invicem
1094 4492 1358 4548 membra.
1401 4511 1420 4543 ι

671 4589 728 4642 ln
763 4590 905 4641 hune
932 4587 1151 4640 modum
1181 4585 1448 4655 loquitur,
1475 4585 1601 4656 quia
1633 4601 1743 4640 non
1777 4587 1846 4642 ab
1876 4584 2178 4658 188ipso

601 4689 762 4734 erant
796 4679 1000 4740 edocti,
1035 4678 1129 4733 sed
1163 4694 1194 4731 a
1231 4676 1444 4733 Joanne
1474 4680 1830 4748 evangelista.
1880 4681 1971 4734 Ait
2007 4697 2173 4749 ergo:

606 4773 860 4828 Doctrina
920 4772 1010 4824 illa
1045 4787 1166 4840 quae
1206 4771 1409 4824 tradita
1453 4771 1612 4826 vobis
1644 4780 1763 4836 est,
1813 4788 1936 4827 cum
1992 4789 2180 4828 revera

605 4845 804 4916 tradita
865 4863 938 4917 sit
974 4861 1276 4915 secundum
1309 4861 1616 4926 Christum,
1654 4877 1766 4916 non
1797 4864 2180 4932 voluptuosam

599 4965 653 5010 et
698 4954 1023 5024 ignorantiae
1061 4953 1308 5007 tenebris
1351 4953 1616 5007 sufl'usam
1667 4955 1835 5007 vitam
1887 4957 2180 5025 permittit,

600 5049 806 5118 alioqui
841 5048 979 5102 nihil
1008 5047 1159 5111 boni,
1191 5045 1440 5114 nihilque
1459 5045 1571 5099 veri
1597 5048 1902 5115 pra'ferret.
1927 5044 2062 5102 Nam
2089 5045 2184 5119 qui

597 5141 900 5196 secundum
926 5138 1207 5194 Christum
1241 5137 1516 5202 eruditur,
1548 5137 1752 5192 bonum
1785 5139 1977 5195 didicit
2008 5150 2060 5194 et
2093 5157 2186 5195 ve-

598 5250 743 5299 rum,
777 5246 968 5304 utpote
996 5234 1088 5304 qui
1136 5235 1258 5286 vitae
1295 5231 1537 5285 carnalis
1573 5240 1903 5289 vetustatem
1936 5235 1989 5288 in
2027 5237 2184 5288 novi-

600 5336 767 5385 tatem
809 5329 1053 5401 Spiritus
1081 5337 1298 5383 mutare
1325 5327 1610 5381 doceatur.

2278 3479 2548 3549 λούθημα,
2588 3479 2676 3533 διὰ
2726 3481 2788 3532 τὸ
2826 3481 3078 3534 τοσοῦτον
3133 3482 3338 3535 ἐθέλειν
3378 3483 3548 3552 ἔχειν,
3580 3482 3755 3535 πόθεν
3784 3485 3855 3544 εἰς

2277 3570 2376 3635 τὰς
2399 3571 2593 3641 ἡδονὰς
2618 3571 3010 3626 ἀναλώσουσιν.
3628 3565 3636 3571 ’

2357 3687 2374 3715 ε
2411 3664 2477 3717 Εἴ
2500 3681 2561 3732 γε
2598 3663 2762 3718 αὑτὸν
2793 3664 3088 3734 ἠκούσατε,
3121 3667 3214 3719 καὶ
3239 3666 3296 3719 ὲν
3345 3663 3498 3736 αὐτῷ
3517 3664 3852 3735 ἐδιδάχθητε.

2281 3752 2464 3815 καθώς
2496 3754 2642 3805 ἐστιν
2670 3753 2898 3824 ἀλήθεια
2926 3755 2982 3806 ὲν
3014 3754 3092 3825 τῷ
3132 3755 3330 3826 Ἰησοῦ,
3367 3755 3676 3810 ἀποθέσθαι
3710 3757 3851 3827 ὑμᾶς

2280 3844 2423 3898 κατὰ
2452 3845 2551 3916 τὴν
2581 3845 2853 3917 προτέραν
2878 3847 3222 3918 ἀναστροφὴν
3248 3848 3337 3902 τὸν
3385 3848 3618 3903 παλαιὸν
3650 3848 3851 3917 ἂνθρω-

2281 3955 2402 4000 πον,
2428 3938 2516 3990 τὸν
2546 3938 2904 4009 φθειρόμενον
2947 3942 3089 3994 κατὰ
3117 3943 3218 4004 τὰς
3248 3939 3550 4012 ἐπιθυμίας
3581 3940 3685 4011 τῆς
3719 3940 3850 3993 am-

2286 4048 2406 4100 της.
2451 4032 2836 4086 Ἀνανεοῦσθαι
2863 4033 2920 4085 δὲ
2949 4033 3024 4102 τῷ
3075 4033 3347 4104 πνεύματι
3399 4034 3495 4087 τοῦ
3534 4035 3654 4097 νοὸς
3684 4033 3847 4102 ὑμῶν,

2282 4126 2373 4179 καὶ
2405 4119 2724 4178 ἐνδύσασθαι
2744 4125 2836 4177 τὸν
2863 4124 3046 4178 καινὸν
3074 4126 3378 4195 ἄνθρωπον,
3424 4126 3519 4178 τὸν
3564 4125 3708 4178 κατὰ
3729 4123 3849 4178 Θεὸν

2282 4217 2569 4270 κτισθέντα
2595 4219 2652 4269 έν
2685 4216 3023 4290 δικαιοσύνῃ,
3056 4219 3154 4272 καὶ
3182 4217 3427 4286 ὁσιότητι
3447 4220 3550 4284 τῆς
3577 4218 3845 4287 ἀληθείας.

2281 4308 2372 4363 Διὸ
2428 4310 2755 4381 ἀποθέμενοι
2787 4310 2847 4362 τὸ
2873 4309 3090 4379 ψεῦδος,
3141 4309 3354 4364 λαλεῖτε
3410 4311 3678 4381 ἀλήθειαν
3727 4312 3849 4363 ἐκι-

2283 4420 2406 4465 στος
2443 4404 2581 4473 μετὰ
2625 4402 2719 4455 τοῦ
2773 4405 3002 4475 πλησίον
3043 4402 3230 4467 αὑτοῦ,
3278 4403 3361 4455 ὃτι
3403 4403 3578 4473 ἐσμὲν
3615 4403 3851 4471 ἀλλήλων

2284 4496 2440 4566 μέλη.
2475 4515 2494 4546 ι

2351 4583 2521 4641 Ὺοῦτό
2553 4606 2740 4659 φησιν,
2775 4592 2962 4660 ἐπειδη
3015 4607 3076 4642 ου
3126 4590 3257 4660 παρ’
3302 4587 3475 4641 αὑτοῦ
3521 4587 3851 4658 διδαχθέντες

2281 4681 2441 4755 ἦσαν,
2477 4683 2614 4735 ἀλλὰ
2644 4680 2830 4752 παρὰὲ
2865 4682 2960 4734 τοῦ
3017 4683 3263 4735 Ἰωάννου
3295 4681 3391 4734 τοῦ
3445 4676 3845 4748 εὐαγγελιστοῦ.

2285 4771 2450 4843 Λέγει
2479 4769 2571 4826 οὖν
2593 4768 2695 4845 ἤδη
2725 4776 2860 4842 πρὸς
2895 4773 3040 4841 ὑμᾶς
3070 4771 3298 4825 ἐλθοῦσα
3327 4771 3671 4835 διδασκαλία,
3703 4773 3846 4836 εἴπερ

2280 4863 2444 4937 ἦλθεν
2471 4865 2547 4936 τῷ
2571 4866 2684 4919 ὄντι
2721 4865 2863 4917 κατὰ
2899 4865 3156 4935 Χριστὸν,
3185 4866 3244 4917 οὐ
3292 4863 3390 4933 τὴν
3432 4863 3728 4932 φιλήδονον,
3760 4860 3848 4912 καὶ

2287 4960 2387 5028 τὴν
2418 4960 2475 5011 ἐν
2515 4959 2710 5029 ἀγνοίᾳ
2748 4958 2892 5029 ζωὴν
2940 4958 3250 5030 ἐπιτρέπει,
3296 4959 3418 5028 ἥτις
3468 4957 3624 5010 οὐδὲν
3661 4956 3851 5022 ἀγαθόν

2282 5051 2419 5121 ἔχει,
2454 5051 2576 5104 οὐδὲ
2609 5049 2828 5120 ἀληθές.
2872 5049 2928 5103 '0
2965 5049 3072 5118 γὰρ
3107 5050 3250 5103 κατὰ
3288 5049 3528 5120 Χριστὸν
3558 5047 3756 5118 μαθὼν,
3791 5047 3851 5095 τὸ

2282 5141 2486 5211 ἀγαθὸν
2526 5143 2814 5214 μεμάθηκε
2850 5143 2942 5194 καὶ
2987 5143 3048 5196 τὸ
3098 5141 3317 5214 ἀληθὲς,
3372 5144 3474 5211 τὴν
3523 5145 3583 5194 ἐν
3623 5137 3856 5211 σαρκικῷ

2287 5238 2387 5307 βίῳ
2415 5237 2719 5292 παλαίωσιν
2753 5233 3111 5304 μεταϐάλλειν
3136 5234 3528 5306 διδασκόμενος
3557 5237 3638 5298 είς
3675 5232 3853 5285 καινός

2287 5347 2429 5400 τητα
2454 5329 2554 5398 τὴν
2587 5330 2646 5380 ὲν
2679 5324 2980 5395 Πνεύματι.

1874 5507 2111 5565 VARUE
2151 5507 2559 5565 LECTIONES.

675 5621 692 5672 ἱ
722 5621 1118 5696 ’Ἀλλὰῄπαρὰ
1156 5629 1258 5682 τοῦ
1292 5629 1595 5686 Ἰωάννου.
1633 5629 1758 5685 Haec
1789 5629 2179 5685 subobseurius
2214 5630 2288 5682 ita
2325 5621 2626 5682 redduntur
2661 5625 2806 5696 apud
2857 5624 3276 5696 Oﬁcuntenium.
3325 5626 3391 5678 τὸ
3421 5626 3499 5686 δὲ,
3527 5626 3578 5680 εί
3603 5639 3660 5690 γε
3688 5619 3856 5673 cuit-’th

600 5691 1082 5773 taedeat-adyto;
1125 5699 1376 5773 Ἰωάννης
1399 5699 1752 5770 βεϐαιωτικὸν
1793 5699 2032 5766 ἐδέξατο.
2063 5700 2306 5767 Quorum
2338 5699 2627 5755 verborum
2655 5691 2850 5753 sensus
2883 5711 2954 5751 ex
3005 5695 3324 5754 Damasceni
3383 5696 3709 5768 expositione
3755 5705 3856 5745 acc

602 5766 711 5836 τινὶ
745 5771 945 5835 potest.
