4022 6430
131 380 222 449 845
1270 385 1353 445 ΙΝ
1392 385 1634 446 EPIST.
1675 394 1693 443 Α

1812 384 2203 446 EPHESIOS.

3248 388 3351 450 846

195 516 211 546 ι
253 492 589 564 Ὀργξζεσθε,
631 492 725 548 καὶ
777 492 852 566 μὴ
905 493 1286 566 ἁμαρτάνετε·
1337 497 1366 548 6
1410 495 1560 565 ἣλιος
1602 494 1675 564 μὴ

1866 492 2035 551 Vens.
2069 493 2261 549 26—29.
2305 514 2322 546 ι
2364 492 2669 551 lraseimini
2696 503 2752 552 et
2794 496 2959 551 nolite
2994 511 3236 566 peccare,
3268 499 3351 553 sol

126 587 370 646 ἐπιδυέτω
404 587 496 639 ἐπὶ
546 586 623 657 τῷ
665 585 1031 659 παροργισμῷ
1081 586 1257 657 ὐμῶν.
1307 586 1459 657 Μηδὲ
1506 585 1679 638 δίδοτε

124 681 268 735 τόπον
298 678 373 748 τῷ
407 677 657 746 διαϐόλῳ.
696 679 754 733 '0
802 679 1072 742 κλέπτων,
1134 679 1331 749 μηκέτι
1371 677 1674 743 κλεπτέτω,

126 772 310 844 μᾶλλον
331 770 387 823 δὲ
416 771 686 835 κοπιάτω,
712 770 1083 842 ἐργαζόμενος
1100 771 1159 823 τὸ
1184 770 1386 839 ἀγαθὸν
1412 771 1532 832 ταῖς
1552 786 1681 839 χερ-

126 867 216 929 σὶν,
253 864 338 917 ἵνα
370 862 467 935 ἔχῃ
503 863 842 934 μεταδιδόναι
870 863 949 935 τῷ
981 864 1170 935 χρείαν
1216 863 1414 934 ἔχοντι.
1451 863 1565 925 Πᾶς
1593 860 1682 914 λόο

125 974 206 1027 γος
231 956 464 1027 σκληρὸς
487 959 550 1009 ὲκ
578 955 671 1010 τοῦ
695 957 963 1027 στόματος
990 957 1143 1025 ὐμῶν
1175 958 1249 1028 μὴ
1277 953 1679 1025 ἐκπορευέσθω,

124 1049 222 1105 ἀλλ’
245 1048 407 1113 εἴτις
442 1048 668 1118 ἀγαθὸς,
712 1049 850 1119 πρὸς
884 1049 1173 1122 οἰκοδομὴν
1202 1050 1303 1120 τῆς
1340 1049 1555 1120 χρείας,
1589 1046 1678 1099 ἴνα

124 1141 187 1213 δῷ
216 1142 376 1212 χάριν
403 1144 515 1205 τοῖς
546 1140 855 1196 ἁκούουσιν.
894 1162 914 1194 ι

183 1235 241 1287 Εἰ
268 1233 365 1287 καὶ
402 1234 538 1305 ὀργῇ
572 1233 893 1305 προσπέσοι,
934 1234 1089 1306 φησὶ,
1122 1234 1196 1306 μὴ
1230 1234 1311 1299 εἰς
1335 1234 1397 1288 τὸ
1430 1231 1683 1305 ἁμαρτά-

126 1345 220 1383 νειν
261 1326 654 1398 ὲπικρατείτω,
701 1327 836 1381 ἀλλὰ
891 1328 987 1381 καὶ
1044 1328 1150 1399 πρὸ
1179 1328 1273 1381 τοῦ
1306 1327 1520 1399 ἡμέραν
1557 1329 1681 1380 ὲπι-

125 1422 303 1492 στῆναι
328 1420 606 1491 δευτέραν,
634 1420 911 1475 παυέσθω.
954 1419 1084 1473 Ἐάν
1109 1420 1217 1492 γὰρ
1251 1419 1423 1473 ταῦτα
1447 1421 1506 1473 ὲν
1555 1420 1684 1489 ὑμῖν

126 1516 304 1585 κρατῇ,
340 1512 584 1567 διαϐόλου
634 1511 941 1584 διδάγματα
979 1513 1129 1579 ὄντα,
1174 1514 1201 1565 6
1234 1512 1555 1576 διδάσκαλος
1596 1510 1685 1565 διὰ

124 1608 215 1663 τῶν
243 1608 392 1662 ἰδίων
420 1606 587 1661 αὐτοῦ
612 1605 958 1677 διδαγμάτων
993 1606 1474 1663 ὲπεισελεύσεται.1

190 1799 208 1832 ι
251 1779 366 1833 Καὶ
424 1780 500 1850 μὴ
534 1778 757 1833 λυπεῖτε
788 1779 848 1833 τὸ
907 1779 1134 1852 Πνεῦμα
1191 1778 1285 1833 τοῦ
1343 1777 1503 1844 Θεοῦ,
1553 1778 1612 1832 ὲν
1641 1768 1687 1846 ᾧ

125 1872 516 1945 ἐσφραγίσθητε
546 1873 627 1937 είς
653 1873 867 1943 ἡμέραν
899 1870 1353 1944 ἀπολυτρώσεως.
1408 1891 1427 1923 ι

181 2050 248 2103 Τὸ
270 2049 498 2121 Πνεῦμα
525 2050 669 2121 ὑμᾶς
696 2050 1204 2121 ἀποστραφήσεται,
1238 2050 1392 2120 φησὶ,
1434 2046 1686 2121 καθάπερ

122 2142 472 2213 λυπούμενον,
519 2142 600 2195 ὅτι
650 2141 840 2213 ὥσπερ
892 2142 951 2197 ὲν
989 2139 1323 2212 σφραγισμῷ
1365 2138 1517 2193 δοθὲν
1558 2140 1688 2208 ὑμῖν

121 2237 191 2298 εἰς
214 2236 434 2298 ἕνωσιν,
487 2235 586 2287 οὐκ
634 2234 976 2306 ἐπιτηδείους
1019 2233 1157 2305 πρὸς
1200 2234 1393 2286 ἕνωσιν
1446 2232 1687 2301 εὑρίσκει

122 2323 234 2387 τοὺς
262 2323 628 2394 δεδεγμένους
678 2324 780 2396 τὴν
828 2324 989 2394 χάριν
1047 2325 1129 2387 είς
1162 2324 1224 2377 τὸ
1274 2322 1560 2393 διαφυγεῖν
1589 2323 1689 2394 τὴν

123 2414 335 2469 κόλασιν
356 2415 459 2486 τῆς
484 2414 806 2487 διαφθορᾶς.

186 2613 205 2647 ι
258 2594 429 2647 Πᾶσα
466 2591 681 2663 πικρία,
722 2593 817 2645 καὶ
849 2591 1039 2663 θυμὸς,
1075 2592 1171 2645 καὶ
1219 2591 1379 2663 ὀργὴ,
1430 2593 1524 2645 καὶ
1556 2592 1688 2664 βλα-

121 2683 325 2754 σφημία
351 2681 579 2753 ἀρθήτω
608 2682 703 2752 ἀφ’
735 2682 889 2753 ὑμῶν
928 2683 1024 2736 σὺν
1056 2682 1205 2755 πάσῃ
1237 2684 1428 2753 κακίᾳ.
1466 2682 1689 2736 Γίνεσθε

116 2776 264 2840 δὲεὶς
298 2774 569 2845 ἀλλήλους
616 2776 866 2845 χρηστοὶ,
906 2774 1292 2845 εὔσπλαγχνοι,
1329 2774 1685 2847 χαριζόμενοι

118 2869 348 2933 ἑαυτοῖς,
382 2866 565 2930 καθὼς
597 2867 692 2920 καὶ
723 2868 752 2919 6
781 2866 916 2931 Θεὸς
950 2867 1265 2939 ἐχαρίσατο.
1312 2886 1330 2919 ι

189 3046 371 3117 Ἀπερ
404 3042 544 3107 ἐστὶ,
577 3046 731 3114 φησὶ,
768 3045 870 3115 τῆς
900 3046 1170 3115 σαρκικῆς
1200 3045 1495 3113 ἀγνωσίας,
1520 3044 1694 3099 ταῦτα

115 3136 463 3191 ἀπολειπέτω
485 3139 516 3191 6
549 3137 1094 3208 κατασκευαζόμενος
1119 3139 1528 3210 πνευματικῶς.

724 3386 975 3443 ΚΕΦΑΛ.
1018 3388 1094 3441 Ε’.

182 3520 202 3553 ι
243 3502 477 3556 Γίνεσθε
510 3501 605 3556 οὖν
639 3502 877 3574 μιμηταὶ
908 3503 1003 3558 τοῦ
1049 3506 1206 3574 Θεοῦ,
1257 3509 1332 3573 ὡς
1365 3509 1531 3565 τέκνα
1560 3512 1700 3580 ἁγα-

1784 602 1895 643 non
1941 587 2159 642 occidat
2187 603 2354 658 super
2384 588 2725 644 iracundiam
2755 600 3017 643 vestram.
3048 588 3225 643 Nolite
3272 590 3355 643 lo-

1783 690 1909 729 cum
1949 676 2084 731 dare
2104 675 2343 731 diabolo.
2367 675 2470 742 Qui
2506 677 2812 741 iurabatur,
2837 679 2949 749 jam
2983 695 3091 732 non
3122 679 3353 733 furetur.

1784 766 1953 838 Magis
1980 777 2161 822 autem
2195 767 2407 823 laboret
2431 769 2712 839 operando
2752 769 2955 824 bonum
2990 770 3267 834 inanibus,
3299 777 3360 823 ut

1784 860 1983 913 habeat
2016 859 2164 914 unde
2198 860 2405 915 tribuat
2435 862 2822 917 necessitatem
2870 862 3118 932 patienti.
3169 861 3361 918 Omnis

1784 964 1967 1005 sermo
1999 949 2178 1004 malus
2216 965 2282 1005 ex
2314 965 2410 1006 ore
2442 960 2632 1006 vestro
2683 967 2795 1007 non
2837 952 3098 1022 procedat
3131 972 3142 1007 :
3183 954 3279 1008 sed
3314 954 3361 1008 si

1784 1043 1908 1113 quis
1935 1042 2114 1097 bonus
2142 1044 2210 1097 ad
2236 1043 2656 1101 aediﬁcationem
2699 1044 2849 1113 ﬁdei,
2893 1053 2952 1099 ut
2999 1045 3089 1101 det
3126 1046 3361 1118 gratiam

1784 1135 2155 1192 audientibus.
2197 1156 2217 1190 ι

1863 1225 1929 1282 Ει
1972 1228 2020 1285 si
2068 1229 2194 1300 quis
2239 1228 2296 1284 in
2346 1228 2483 1283 iram
2535 1228 2748 1293 incidit,
2794 1243 2903 1285 non
2942 1237 3260 1300 perseveret
3288 1231 3368 1285 ita

1787 1328 1848 1376 ut
1902 1329 2133 1392 peccet;
2180 1322 2277 1379 sed
2335 1331 2463 1378 ante
2514 1321 2767 1392 placetur
2813 1337 2977 1395 quam
3030 1322 3201 1378 altera
3249 1322 3368 1377 dies

1787 1413 2064 1467 succedat.
2105 1410 2240 1466 Nam
2270 1412 2317 1468 si
2349 1414 2407 1468 in
2442 1412 2603 1469 vobis
2634 1414 2739 1469 ista
2772 1420 2989 1484 vrgeant
3014 1428 3136 1484 quae
3162 1413 3370 1470 diaboli

1748 1503 1949 1575 plane
1995 1506 2241 1561 instituta
2291 1512 2441 1571 sunt,
2500 1504 2761 1575 magister
2816 1505 2936 1576 ipse
2987 1505 3369 1573 superveniet,

1788 1605 2012 1667 propter
2060 1598 2388 1669 placitorum
2438 1612 2663 1654 suorum
2705 1596 3146 1653 observationem
3182 1610 3371 1651 accer-

1790 1690 1951 1746 situs.

1860 1782 2028 1841 Vens.
2061 1784 2149 1840 50.
2183 1804 2199 1837 ι
2235 1784 2306 1840 Ει
2338 1784 2508 1840 nolite
2552 1784 2887 1839 contristare
2928 1783 3195 1854 Spiritum
3238 1798 3372 1838 san-

1718 1862 1943 1932 Bctum
1994 1876 2123 1944 Dei,
2174 1877 2231 1932 in
2283 1892 2392 1948 quo
2446 1876 2651 1947 signati
2705 1876 2842 1932 estis
2875 1875 2929 1929 in
2964 1875 3107 1930 diem
3153 1874 3374 1930 redem-

1795 1967 2023 2041 ptionis.
2070 1988 2090 2020 ι

1866 2058 2131 2130 Spiritus,
2183 2057 2402 2129 inquit,
2457 2070 2685 2112 aversus
2735 2054 2842 2111 erit
2896 2068 2927 2107 a
2973 2053 3172 2116 vobis,
3224 2051 3377 2107 velut

1792 2151 2006 2206 luctum
2044 2165 2249 2222 agens,
2298 2148 2462 2220 quia,
2512 2164 2635 2204 cum
2685 2148 2738 2202 in
2786 2146 3171 2216 obsignatione
3212 2144 3376 2199 datus

1795 2246 1866 2299 sit
1895 2244 2053 2299 vobis
2089 2252 2149 2297 ut
2182 2240 2700 2312 conjungeremini,
2761 2255 2858 2295 vos
2905 2250 3092 2293 tamen
3142 2252 3252 2291 non
3301 2250 3379 2289 re-

1794 2336 1972 2407 periet
2022 2334 2094 2389 ad
2145 2334 2251 2389 hoc
2301 2335 2553 2397 idoneos,
2602 2332 2817 2387 tametsi
2874 2332 3104 2402 gratiam
3150 2343 3379 2398 recepe-

1796 2429 1939 2495 ritis,
1976 2443 2085 2498 qua
2138 2442 2356 2499 pmnam
2406 2426 2667 2482 interitus
2710 2433 2765 2480 et
2821 2422 3191 2494 corruptionis
3240 2420 3379 2477 etfu-

1798 2522 2023 2592 geretis.

1877 2611 2039 2667 Vens.
2077 2611 2169 2674 51,
2206 2610 2295 2665 '52.
2341 2629 2358 2662 ι
2389 2608 2580 2665 Omnis
2611 2609 2944 2675 amaritudo,
2980 2617 3034 2663 et
3075 2609 3180 2670 ira,
3217 2615 3272 2661 et
3296 2607 3380 2660 in-

1798 2704 2069 2776 dignatio,
2099 2712 2154 2758 et
2185 2704 2415 2765 clamor,
2448 2710 2501 2757 et
2526 2701 2869 2771 blasphemia
2903 2700 3178 2755 tollatura
3204 2700 3379 2765 vobis,

1799 2814 1924 2854 cum
1952 2796 2101 2852 omni
2130 2795 2360 2850 malitia.
2408 2792 2598 2849 Estote
2635 2804 2815 2847 autem
2853 2793 3085 2847 invicem
3133 2792 3378 2861 benigni,

1800 2886 2206 2950 misericordes,
2248 2884 2520 2941 donantes
2551 2884 2813 2949 invicem,
2857 2884 3000 2939 sicut
3045 2891 3101 2939 et
3150 2882 3292 2939 Deus
3324 2883 3382 2936 in

1801 2979 2025 3035 Christo
2054 2976 2280 3032 donavit
2304 2977 2484 3033 vobis.
2532 2995 2552 3029 ι

1871 3070 2222 3141 Quaecunque
2269 3068 2515 3125 carnalis
2568 3077 2696 3123 sunt
2743 3065 3145 3138 ignobilitatis,
3180 3066 3382 3137 inquit,

1803 3163 1918 3217 haec
1976 3163 2275 3234 relinquat,
2337 3162 2433 3233 qui
2499 3162 2776 3232 spirituali
2838 3175 2993 3215 more
3047 3175 3169 3217 sese
3227 3175 3383 3215 coni-

1725 3234 1768 3293 ο
1800 3262 1979 3325 parat.

2454 3387 2611 3444 CAP.
2654 3388 2722 3445 V.

1872 3497 2038 3554 Vens.
2072 3499 2124 3563 1,
2163 3497 2219 3552 2.
2258 3517 2277 3550 ι
2328 3496 2516 3554 Estote
2563 3514 2695 3570 ergo
2751 3500 3061 3555 imitatores
3102 3499 3196 3555 Dei
3244 3500 3387 3575 sicut

1803 3591 1897 3647 lilii
1925 3591 2265 3655 charissimi,
2306 3602 2359 3647 et
2407 3592 2691 3647 ambulate
2721 3593 2774 3646 in
2810 3592 3126 3658 dilectione,
3164 3593 3307 3647 sicut
3332 3603 3387 3647 et

1801 3684 2056 3740 Christus
2096 3684 2290 3738 dilexit
2357 3701 2482 3748 nos,
2515 3693 2569 3741 et
2614 3685 2844 3739 tradidit
2884 3685 3239 3754 semetipsum
3286 3701 3388 3756 pro

1803 3778 1961 3833 nobis
1990 3776 2321 3833 oblationem
2354 3786 2409 3833 et
2443 3778 2685 3833 hostiam
2718 3776 2830 3833 Deo
2881 3778 2934 3832 in
2973 3777 3200 3833 odorem
3258 3795 3389 3835 sua-

1806 3868 2015 3923 vitatis.
2055 3887 2074 3919 ι

1875 3958 2084 4014 Imitari
2116 3958 2287 4013 Deum
2318 3965 2560 4028 oportet,
2614 3957 2819 4028 inquit,
2850 3958 2917 4012 iis
2949 3958 3041 4027 qui
3096 3972 3198 4012 nos
3224 3956 3391 4012 oﬂ‘en-

1806 4054 2011 4109 derunt
2092 4051 2450 4122 indulgendo,
2501 4063 2561 4105 ut
2614 4051 2712 4106 Dei
2768 4052 3123 4106 annulatores
3188 4051 3386 4105 simus.

1805 4146 1970 4215 Atqui
2017 4144 2222 4199 Christi
2272 4153 2528 4208 mortem,
2581 4161 2693 4199 nun
2741 4154 2979 4199 mortem
3016 4144 3255 4209 vocavit,
3294 4145 3392 4199 sed

1808 4237 2148 4291 oblationem.
2199 4235 2318 4290 Non
2388 4240 2532 4291 enim
2606 4236 2868 4291 Dominus
2937 4237 3117 4306 praeda
3198 4239 3392 4290 mortis

1807 4328 2042 4393 exstitit,
2098 4328 2193 4382 sed
2242 4327 2309 4381 ad
2356 4329 2524 4381 vitam
2571 4328 2730 4381 duxit
2770 4328 3021 4397 captivos
3049 4342 3188 4397 quos
3239 4344 3392 4381 mors

1811 4421 2060 4483 tenebat;
2116 4436 2217 4475 nec
2268 4436 2297 4474 a
2349 4429 2527 4475 morte
2579 4421 2839 4475 detentus
2884 4420 3013 4484 fuit,
3065 4421 3197 4489 quin
3235 4435 3391 4474 acce-

1811 4520 1935 4581 ptns
1966 4519 2098 4566 tunc
2144 4520 2268 4566 erat
2316 4512 2424 4567 Deo
2458 4524 2510 4566 et
2544 4512 2922 4577 honorabilis,
2964 4513 3393 4577 suavissimiquu

1737 4601 1781 4657 D
1812 4613 2038 4675 propter
2086 4607 2437 4660 sanctitatem
2492 4604 2682 4658 odoris
2733 4620 2932 4658 munus
2986 4621 3085 4672 pro
3136 4605 3394 4658 universo

1810 4702 2032 4754 mundo.

176 4796 196 4827 ι
237 4777 493 4848 Πορνεία
525 4778 605 4841 δὲ,
639 4779 731 4830 καὶ
765 4780 916 4831 πᾶσα
963 4781 1299 4850 ἀκαθαρσία.
1349 4783 1383 4853 ἢ
1419 4784 1693 4850 πλεονεξία

1877 4791 2042 4848 Vens.
2083 4794 2138 4861 5,
2170 4794 2223 4847 4.
2265 4810 2281 4843 ι
2316 4790 2635 4846 Fornicatio
2670 4798 2923 4845 autemet
2952 4791 3132 4843 omnis
3159 4790 3395 4845 immun-

102 4870 242 4940 μηδὲ
294 4870 668 4937 ὀνομαζέσθω
726 4874 784 4924 ἐν
821 4872 971 4941 ὑμῖν,
1018 4872 1201 4937 καθὼς
1263 4876 1469 4943 πρέπει
1503 4876 1693 4943 ἁγίοιςΙ

1807 4886 1968 4953 ditia,
2001 4895 2096 4941 aut
2135 4886 2389 4949 avaritia,
2434 4902 2531 4940 nec
2566 4885 2881 4939 nominetur
2914 4884 2968 4937 in
3013 4885 3195 4947 vobis,
3246 4885 3391 4937 sicut

98 4968 195 5020 καὶ
220 4966 563 5035 αἰσχρότης,
615 4965 709 5017 καὶ
747 4964 1075 5036 μωρολογία,
1113 4968 1208 5019 καὶ
1245 4968 1603 5039 εὐτραπελία,
1637 4970 1693 5022 τά

1807 4979 1965 5035 decet
1999 4987 2258 5045 sanctos;
2300 4992 2401 5031 nec
2448 4974 2750 5045 turpitudo,
2808 4982 2903 5028 aut
2955 4974 3387 5043 stultiloquium,

96 5060 197 5111 οὐκ
231 5060 552 5130 ἀνήκοντα,
579 5058 713 5112 ἀλλὰ
742 5060 943 5130 μᾶλλον
978 5061 1325 5132 εὐχαριστία.
1363 5080 1381 5112 ι

1811 5080 1906 5128 aut
1934 5071 2271 5134 scurrilitas,
2302 5085 2425 5139 quae
2452 5069 2516 5122 ad
2546 5084 2659 5121 rem
2684 5084 2794 5122 non
2820 5068 3120 5139 pertinent,
3155 5066 3250 5121 sed
3283 5081 3394 5119 ma-

1810 5167 1895 5236 gis
1922 5165 2227 5235 gratiarum
2256 5162 2420 5216 actio.
2463 5180 2481 5212 ι

1886 5253 2194 5309 Recensitis
2230 5268 2350 5323 quae
2383 5253 2609 5306 utilitati
2666 5262 2867 5308 mutuae
2908 5253 3219 5318 conferant,
3257 5250 3392 5308 suh-

1810 5347 1993 5415 jungit
2023 5346 2075 5401 id
2109 5362 2219 5415 quo
2253 5345 2489 5414 quisque
2532 5360 2699 5413 penes
2729 5363 2787 5401 se
2822 5354 3013 5400 castus
3056 5352 3112 5399 et
3156 5344 3393 5398 mundus

1821 5438 1983 5508 189
2018 5438 2109 5493 sit.
2170 5435 2356 5506 Neque
2406 5436 2495 5490 hic
2539 5437 2675 5507 legis
2735 5438 2941 5508 regulis
2989 5436 3239 5499 inhaeret,
3297 5433 3394 5490 sed

1817 5532 1959 5581 ultra
2022 5525 2393 5597 progreditur.
2452 5525 2570 5580 Illic
2626 5528 2771 5581 enim
2827 5528 3029 5581 dicitur
3068 5545 3080 5579 :
3119 5542 3228 5580 non
3290 5525 3398 5578 erit

1818 5629 2114 5682 scortator,
2143 5635 2319 5688 neque
2350 5620 2652 5677 scortum“
2684 5642 2695 5675 :
2726 5620 2815 5676 hic
2857 5635 3008 5687 vero,
3042 5636 3129 5675 nec
3158 5618 3393 5675 nomine—

1825 5721 1909 5765 tur
1944 5753 1956 5777 ,
1989 5727 2088 5767 nec
2116 5711 2397 5767 audiatur.

110 3592 277 3661 πητὰ,
308 3594 410 3646 καὶ
439 3597 797 3664 περιπατεῖτε
824 3595 882 3646 ἐν
932 3596 1144 3669 ἀγάπῃ,
1197 3600 1383 3664 καθὼς
1411 3602 1439 3654 ό
1464 3602 1702 3673 Χριστὸς

112 3685 401 3757 ἠγάπησεν
430 3687 464 3756 ἡ
476 3687 606 3755 μᾶς,
650 3687 744 3740 καὶ
784 3688 1107 3758 παρέδωκεν
1139 3691 1332 3746 ἑαυτὸν
1358 3693 1499 3765 ὑπὲρ
1542 3695 1701 3766 ἡμῶν

110 3777 436 3849 προσφορὰν
467 3780 563 3831 καὶ
589 3778 781 3833 θυσίαν
808 3780 887 3853 τῷ
921 3780 1042 3853 Θεῷ
1069 3784 1151 3847 είς
1179 3782 1354 3855 ὀσμὴν
1382 3785 1635 3851 εὐωδίας.
1676 3805 1694 3837 ι

172 3954 286 4018 Δεῖ,
318 3952 485 4024 φησι,
521 3953 810 4025 μιμεῖσθαι
861 3955 993 4009 Θεὸν
1025 3957 1106 4020 είς
1136 3957 1199 4011 τὸ
1229 3958 1547 4029 χαρίζεσθαι
1590 3961 1705 4024 τοῖς

109 4048 530 4120 ἁμαρτάνουσιν
576 4052 657 4114 εἰς
694 4052 865 4122 ἡμᾶς,
924 4053 1010 4106 ἵνα
1060 4046 1210 4124 ὦμεν
1249 4057 1486 4126 μιμηταὶ
1541 4054 1699 4109 Θεοῦ.

108 4140 206 4195 Τὸν
233 4143 293 4195 δὲ
330 4142 592 4205 θάνατον,
631 4144 691 4196 οὐ
749 4143 981 4199 θάνατον
1034 4146 1338 4218 ὠνόμασεν,
1386 4148 1522 4202 ἀλλὰ
1566 4148 1703 4202 Θεοῦ

107 4233 478 4302 προσφοράν
506 4248 522 4262 ⁸
553 4235 615 4287 οὐ
663 4236 771 4306 γάρ
796 4232 865 4309 ἦν
900 4236 1135 4290 θανάτου
1172 4238 1371 4292 σκῦλον
1411 4240 1438 4291 6
1470 4239 1701 4312 Κύριος,

103 4324 240 4378 ἀλλὰ
271 4326 708 4396 αίχμαλωτίζων
759 4332 839 4393 εἰς
883 4329 1028 4400 ζωὴν
1061 4332 1187 4394 τούς
1226 4333 1283 4384 ἐν
1312 4332 1550 4403 θανάτῳ,
1582 4334 1705 4387 οὐδὲ

106 4417 210 4469 ὐπὸ
245 4418 497 4471 θανάτου
522 4420 913 4489 κατεχόμενος,
940 4422 1077 4476 ἀλλὰ
1108 4425 1260 4495 παρὰ
1280 4424 1422 4491 Θεῷ,
1451 4426 1546 4478 καὶ
1577 4428 1699 4479 τότε

102 4507 177 4561 ὧν
204 4510 413 4573 δεκτὸς
436 4512 533 4563 καὶ
569 4512 773 4581 τίμιος,
816 4514 910 4567 καὶ
935 4514 1106 4585 δῶρον
1142 4516 1282 4586 ὑπὲρ
1323 4516 1531 4587 κόσμου
1568 4535 1702 4570 παν-

102 4602 192 4662 τὸς
227 4602 615 4656 εὐωδέστατον
644 4595 791 4657 ’κατὰ
820 4605 920 4676 τὴν
956 4606 1238 4677 άγιότητα,

166 5240 255 5293 Τὰ
291 5239 446 5310 πρὸς
470 5239 739 5309 ἀλλήλους
762 5241 1019 5312 ὠφέλιμα
1047 5242 1292 5309 διελθὼν,
1334 5247 1397 5298 τὸ
1422 5246 1546 5299 καθ’
1579 5248 1707 5301 ἑαυσ

92 5337 185 5387 τὸν
222 5336 484 5387 ἑκάστου
510 5335 726 5403 σῶφρον
750 5335 845 5388 καὶ
867 5336 1111 5407 καθαρὸν
1150 5338 1424 5409 ἐπιφέρει.
1462 5339 1594 5393 Οὐδὲ
1620 5341 1707 5391 ἐν·

92 5430 279 5483 ταῦθα
310 5428 422 5481 τοῦ
447 5429 611 5498 νόμου
641 5430 827 5502 μέτρῳ
878 5432 1182 5502 χρώμενος,
1208 5433 1322 5487 ἀλλ’
1350 5434 1493 5505 ὑπὲρ
1526 5435 1705 5489 τοῦτο.

104 5525 262 5577 Ἐκεῖ
304 5522 425 5593 μὲν
455 5521 565 5590 γὰρ
594 5522 678 5585 τὸ,
724 5524 824 5577 οὐκ
881 5524 1034 5578 ἔσται
1068 5525 1372 5597 πορνεύων,
1408 5528 1527 5581 οὐδὲ
1569 5546 1707 5599 πορ-

91 5614 349 5669 νεύουσα
372 5630 391 5644 υ
422 5612 657 5681 λέγεται,
680 5614 916 5671 ἐνταῦθα
937 5617 1095 5683 δὲτὸ,
1121 5618 1280 5689 μηδὲ
1309 5619 1703 5689 ὀνομαζέσθω,

90 5707 122 5775 ἦ
156 5701 499 5761 iactr/£50m.
925 5722 929 5725 ‘

174 5842 225 5872 “
263 5840 452 5895 Deut.
492 5854 651 5908 uin,
686 5840 777 5898 17.
