4022 6426
694 397 797 465 8ἒῖ

1867 395 1927 453 s.
1966 392 2289 455 JOANNIS
2324 392 2755 455 DAMASCENI
3735 402 3804 475 an

768 512 931 567 Vens.
972 511 1127 567 5-H.
1168 533 1187 561 ι
1249 508 1367 564 Hoc
1430 509 1573 564 enim
1625 515 1802 564 estote
1853 506 2260 577 intelligentes,

2445 526 2463 557 ι
2497 506 2667 561 Τοῦτο
2698 508 2806 579 γάρ
2829 507 2951 562 ἐστε
2984 506 3367 575 γινώσκοντες,
3392 508 3465 563 δτι
3492 513 3581 577 πᾶς
3605 516 3765 588 πόρνος,
3784 525 3808 592 ἢ

692 606 953 676 quoniam
1010 606 1196 659 omnis
1249 603 1584 669 fornicator,
1639 610 1733 657 aut
1780 601 2119 662 immundus,
2175 606 2269 654 aut

692 713 915 761 avarus,
968 697 1117 767 quod
1174 704 1258 751 est
1315 695 1589 751 idolorum
1641 694 1902 753 servitus.
1960 707 2071 746 non
2110 692 2269 747 habet

691 788 1065 842 hereditatem
1094 786 1151 840 in
1183 801 1355 858 regno
1388 786 1595 841 Christi
1622 794 1676 841 et
1711 785 1827 839 Dei.
1859 781 2031 837 Nemo
2060 798 2158 838 vos
2185 798 2270 837 sc-

691 880 855 935 ducat
884 879 1143 939 inanibus
1173 880 1357 935 verbis
1385 898 1397 932 :
1434 890 1659 949 propter
1689 878 1804 932 haec
1828 877 1973 931 enim
2007 878 2157 932 venit
2188 876 2269 930 ira

693 972 788 1029 Dei
819 974 871 1027 in
912 972 1057 1027 lilios
1088 970 1419 1026 diﬂidentiae.
1468 970 1647 1026 Nolite
1692 985 1824 1041 ergo
1856 970 1995 1025 eﬂici
2040 969 2269 1039 partici-

691 1077 788 1134 pes
832 1078 1044 1118 eorum.
1080 1061 1258 1117 Eratis
1292 1064 1439 1117 enim
1484 1063 1786 1134 aliquando
1821 1062 2085 1126 tenebrae,
2123 1075 2271 1115 nunc

694 1164 875 1210 autem
931 1156 1024 1208 lux
1069 1154 1123 1208 in
1176 1155 1427 1209 Domino.
1486 1155 1559 1211 Ut
1630 1156 1727 1210 lilii
1786 1155 1925 1209 lucis
1972 1154 2266 1209 ambulate.

692 1242 926 1300 Fructus
959 1246 1106 1300 enim
1135 1246 1277 1301 lucis
1308 1254 1394 1301 est
1444 1244 1501 1301 in
1535 1242 1687 1302 omni
1720 1246 1990 1313 bonitate,
2029 1254 2084 1301 et
2106 1246 2271 1315 justi-

690 1340 789 1401 tia,
817 1345 871 1392 et
900 1339 1147 1404 veritate,
1205 1339 1504 1409 probantes
1555 1340 1687 1408 quid
1738 1342 1809 1395 sit
1868 1340 2267 1411 beneplacitum

691 1428 803 1484 Deo
831 1445 847 1483 :
876 1437 932 1485 et
962 1432 1135 1485 nolite
1177 1434 1586 1489 communicare
1614 1434 1869 1505 operibus
1910 1422 2270 1489 infructuosis

692 1524 1079 1592 tenebrarum;
1110 1526 1287 1597 magis
1325 1536 1507 1581 autem
1538 1527 1873 1597 redarguite.
1911 1547 1929 1579 ι

690 1614 957 1683 ‘Nolite,
1008 1618 1207 1688 inquit,
1276 1619 1596 1675 existimare
1657 1620 1763 1674 ﬁde
1822 1637 1921 1675 vos
1982 1627 2270 1677 consortes

693 1709 808 1763 fore
839 1712 990 1776 regni
1033 1708 1261 1775 Christi,
1306 1712 1452 1782 qutod
1487 1720 1573 1767 est
1606 1729 1833 1787 regnum
1867 1713 1979 1777 Dei,
2015 1714 2123 1768 nisi
2160 1713 2267 1783 vita

692 1799 816 1853 lidei
851 1800 1181 1870 respOndeat
1207 1818 1221 1856 :
1260 1816 1359 1856 nec
1388 1790 1683 1873 quisquam
1709 1817 1808 1859 vos
1840 1802 1991 1858 inani
2016 1819 2269 1860 sermone

689 1891 947 1962 decipiat,
984 1894 1140 1963 quasi
1171 1908 1357 1948 veram
1390 1894 1555 1949 ﬁdem
1583 1900 1806 1949 teneant
1837 1896 1914 1950 illi
1946 1896 2042 1966 qui
2096 1896 2267 1952 scele-

692 1992 811 2039 rate
848 1986 1060 2049 vivunt,
1107 1986 1332 2056 haecque
1373 1987 1521 2058 ipsos
1578 1988 1751 2057 possit
1813 1988 1995 2046 salvos
2050 1990 2265 2054 facere,

691 2072 925 2145 quorum
956 2092 1122 2132 causa
1148 2064 1438 2135 adversus
1477 2082 1740 2135 mundum
1782 2070 2069 2137 Succenset
2100 2080 2264 2137 Deus.

694 2168 1005 2223 Ahsurdum
1038 2172 1240 2241 quippe
1288 2183 1391 2237 est,
1429 2181 1487 2228 ut
1516 2187 1639 2243 quae
1684 2184 1814 2229 sunt
1862 2174 2267 2231 incredulitatis

691 2267 1034 2330 argumenta,
1071 2262 1124 2316 in
1159 2262 1283 2318 ﬁliis
1311 2264 1407 2318 Dei
1438 2266 1807 2335 reperiantur,
1843 2281 2057 2336 nosque
2085 2268 2267 2323 socios

691 2354 865 2407 simus
916 2352 1130 2407 illorum
1173 2370 1315 2425 quos
1364 2355 1497 2411 lides
1536 2358 1809 2427 separavit
1844 2376 1858 2412 :
1916 2358 2013 2414 sed
2052 2365 2268 2429 oportet

691 2451 751 2495 ut
787 2459 924 2497 nova
956 2446 1237 2516 generatio
1264 2454 1453 2501 nostra
1504 2448 1825 2503 testimonio
1855 2463 2082 2518 operum
2117 2465 2269 2505 com-

690 2533 971 2600 probctur,
1009 2551 1221 2606 uosque
1249 2538 1408 2592 nobis
1454 2538 1561 2609 ipsi
1592 2540 1675 2595 lex
1726 2540 2269 2615 simus,coarguen-

691 2633 772 2678 tes
804 2640 1114 2695 perversam
1148 2629 1433 2683 hominum
1468 2631 1637 2684 vitam
1685 2633 1890 2703 Optima
1917 2641 2107 2689 nostra
2136 2648 2267 2689 con-

690 2718 1024 2772 versatione.

762 2812 925 2867 Vens.
968 2813 1157 2867 12-15.
1199 2832 1217 2865 ι
1264 2812 1396 2881 Quae
1440 2818 1585 2870 enim
1637 2818 1691 2871 in
1730 2818 1954 2873 occulto
2010 2818 2149 2874 ﬁunt
2198 2819 2267 2875 ab

689 2904 845 2973 ipsis,
877 2916 1033 2976 turpe
1069 2916 1154 2960 est
1199 2915 1253 2960 et
1303 2905 1508 2962 dicere.
1559 2907 1755 2963 Omnia
1805 2912 1951 2965 enim
2001 2928 2124 2983 quae
2178 2926 2268 2968 ar-

690 3006 978 3064 guuntur,
1031 3011 1061 3049 a
1116 2996 1323 3051 lumine
1380 2998 1826 3054 utanil‘estantur.
1889 3000 2063 3057 Omne
2121 3003 2266 3057 enim

689 3084 836 3156 quod
886 3072 1299 3153 manifestatur,
1345 3090 1525 3144 lumen
1569 3099 1673 3145 est.
1722 3091 1950 3162 Propter
1998 3095 2145 3163 quod
2183 3095 2268 3149 di-

690 3180 765 3231 cit
816 3196 830 3231 :
874 3177 1068 3246 Surge,
1101 3180 1193 3248 qui
1243 3179 1471 3245 dormis,
1503 3188 1556 3235 et
1574 3196 1805 3253 exsurge
1847 3198 1878 3236 a
1927 3184 2178 3249 mortuis,
2215 3193 2268 3240 et

691 3267 1022 3322 illuminabit
1072 3272 1129 3324 te'
1173 3269 1449 3326 Christus.
1514 3270 1705 3328 Videte
1770 3289 1925 3344 ergo,
1988 3275 2267 3347 quomodo

690 3372 853 3413 caute
892 3359 1203 3416 ambuletis.
1236 3380 1254 3413 ι

760 3459 1010 3528 Ejusdem
1035 3464 1295 3518 momenti
1338 3480 1445 3519 non
1481 3476 1584 3529 est.
1632 3468 1833 3538 inquit,
1861 3469 2045 3525 verbis
2079 3470 2266 3527 redar-

689 3564 857 3621 guere
894 3566 957 3605 ac
1009 3552 1189 3607 factis.
1229 3552 1411 3625 Turpe
1449 3555 1717 3626 siquidem
1752 3566 1836 3614 est
1876 3560 1961 3614 vel
2011 3576 2273 3617 sermone

688 3637 900 3720 eiferre,
926 3654 1046 3708 qua:
1093 3640 1170 3694 illi
1213 3650 1418 3711 agunt;
1460 3659 1582 3712 qua:
1618 3644 1718 3714 ipsi
1762 3662 1981 3717 quoque
2019 3664 2129 3719 pra:
2167 3665 2268 3720 pu-

687 3718 821 3780 dore
860 3734 1044 3796 tegere
1094 3738 1371 3800 satagunt.
1410 3729 1509 3787 Sin
1556 3747 1685 3789 vero
1724 3733 1911 3791 lumen
1959 3718 2185 3804 sumus,
2213 3747 2273 3793 et

690 3811 943 3869 tenebras
998 3829 1293 3885 possumus
1351 3815 1631 3874 illustrare
1697 3823 2044 3892 appositione
2094 3823 2266 3890 lucis,

686 3908 900 3977 optima
934 3906 1049 3963 haec
1081 3909 1437 3979 reprehensio
1480 3909 1665 3967 fuerit.
1696 3912 1768 3967 At
1801 3929 1932 3969 vero
1961 3915 2147 3970 lumen
2176 3932 2270 3972 ex-

693 4001 973 4063 sisteinus,
1023 3999 1068 4054 si
1122 4016 1153 4053 a
1204 3999 1419 4055 letifero
1464 4016 1657 4057 somno
1706 4014 2013 4075 surgentes,
2063 4006 2277 4079 Christi.

687 4101 975 4165 consortes
1014 4094 1210 4155 simus,
1259 4096 1559 4148 secundum
1608 4096 1711 4150 hoc
1755 4099 2023 4153 effatum:
2078 4100 2270 4170 Surge.

686 4184 776 4252 qui
825 4182 1047 4235 dormis.
1109 4180 1230 4235 Non
1281 4182 1418 4236 dixit
1470 4185 1593 4253 quis
1654 4186 1756 4240 hoc
1808 4190 2271 4257 pronuntiaverit,

689 4282 784 4326 aut
832 4287 945 4343 quo
981 4272 1036 4325 in
1092 4270 1501 4340 Scripturarum
1555 4289 1847 4330 sacrarum
1897 4278 2020 4333 loco
2065 4280 2267 4350 jaceat.

686 4365 953 4418 Caeterum
995 4360 1165 4414 multa
1212 4368 1345 4415 tunc
1392 4364 1655 4433 temporis
1691 4363 1903 4435 Spiritu
1951 4382 2144 4426 sancto
2172 4388 2271 4426 au-

687 4462 839 4507 ctore
900 4448 1320 4521 proferebantur
1379 4467 1500 4523 qua:
1550 4455 1771 4526 scriptis
1818 4458 2046 4516 minime
2085 4464 2265 4519 consi-

2242 1519 2334 1583 In.

2369 600 2711 673 ἀκάθαρτος,
2744 602 2781 673 ἢ
2818 602 3152 672 πλεονέκτης
3172 641 3187 666 ,
3239 602 3297 665 ὃς
3336 601 3467 656 ἐστιν
3492 606 3810 682 εἰδωλολάτρης.

2369 695 2470 747 οὐκ
2512 695 2624 773 ἔχει
2668 696 3037 767 κληρονομίαν
3083 696 3142 747 ὲν
3177 697 3246 767 τῇ
3287 693 3511 767 βασιλεία
3542 700 3619 752 τοῦ
3647 702 3812 773 Χριστοῦ

2370 787 2466 840 καὶ
2495 772 2652 841 Θεοῦ.
2682 789 2888 858 Μηδεὶς
2918 789 3063 859 ὑμᾶς
3096 788 3359 842 ἀπατάτω
3393 792 3547 852 κενοῖς
3569 772 3724 861 λόγοις.
3751 800 3818 852 Διὰ

2368 876 2543 930 ταῦτα
2580 878 2688 949 γάρ
2727 878 2947 949 ἔρχεται
2977 881 3011 949 ἡ
3050 878 3187 949 ὀργὴ
3216 878 3309 933 τοῦ
3340 877 3464 932 Θεοῦ
3490 881 3568 933 ἐπὶ
3594 885 3690 947 τοὺς
3717 888 3817 950 uio-3;
3922 876 3923 901 ξ

2368 968 2471 1038 τῆς
2510 956 2815 1033 ἀπειθείας.
2851 971 2943 1041 Μὴ
2992 966 3084 1024 οῦν
3128 970 3345 1039 γίνεσθε
3381 972 3661 1043 συμμέτοχοι
3684 978 3818 1033 αὑτῶν.

2368 1054 2507 1113 ἸΙ-τε
2548 1062 2655 1133 γάρ
2706 1080 2835 1116 ποτε
2867 1063 3058 1126 σκότος
3079 1102 3093 1125 ,
3124 1061 3219 1116 νῦν
3255 1060 3312 1114 δὲ
3351 1061 3455 1130 φῶς
3488 1063 3539 1115 ἐν
3572 1065 3732 1135 Κυρίῳ.
3765 1069 3821 1132 Ὡς

2369 1153 2537 1207 τέκνα
2575 1155 2751 1223 φωτὸς
2776 1148 3148 1226 περιπατεῖτε,
3194 1154 3251 1207 '0
3276 1152 3382 1223 γὰρ
3403 1155 3587 1225 καρπὸς
3610 1157 3687 1209 τοῦ
3709 1160 3821 1213 Πνεῦ-

2375 1264 2543 1316 ματος
2593 1251 2651 1302 ὲν
2710 1249 2858 1321 πάσῃ
2933 1248 3243 1322 ἀγαθοσύνῃ
3311 1248 3402 1301 καὶ
3438 1248 3730 1324 δικαιοσύνῃ,
3764 1254 3819 1306 καὶ

2369 1340 2620 1413 ἀληθείᾳ,
2645 1342 3030 1414 δοκιμάζοντες
3058 1341 3111 1403 τί
3144 1343 3293 1395 ἐστιν
3318 1340 3584 1411 εὐάρεστον
3603 1341 3667 1413 τῷ
3683 1344 3818 1414 Κυρίῳ,
3926 1370 3927 1389 ι

2370 1426 2465 1488 καὶ
2499 1436 2573 1507 μὴ
2606 1438 3021 1504 συγκοινωνεῖτε
3049 1438 3161 1498 τοῖς
3190 1434 3373 1505 ἔργοις
3398 1435 3638 1505 ἀκάρποις
3658 1434 3727 1487 τοῦ
3748 1438 3819 1488 σκό-

2369 1545 2495 1589 τους
2516 1568 2529 1590 ,
2567 1527 2768 1598 μᾶλλον
2797 1527 2853 1580 δὲ
2884 1528 2980 1581 καὶ
3004 1527 3279 1596 ἐλέγχετε.
3323 1546 3341 1577 ι

2439 1617 2531 1688 Μὴ
2560 1616 2809 1687 νομίζετε
2840 1657 2855 1680 ,
2901 1616 3089 1687 φησὶν,
3120 1616 3231 1669 ἀπὸ
3267 1614 3361 1668 τοῦ
3397 1613 3504 1686 βίου
3530 1616 3588 1686 τῇ
3624 1616 3759 1670 πίστει
3780 1618 3821 1685 μὴ

2372 1708 2791 1780 συμπαρόντος,
2815 1708 2913 1781 τὴν
2942 1708 3127 1761 πίστιν
3158 1708 3303 1778 ὑμᾶς
3333 1709 3573 1778 μετόχους
3602 1709 3823 1777 ἀποφαίνειν

2369 1802 2470 1873 τῆς
2500 1799 2736 1872 Χριστοῦ
2789 1799 3107 1872 βασιλείας,
3154 1799 3277 1869 ἥτις
3316 1801 3430 1853 ἐστὶ
3472 1798 3560 1852 τοῦ
3599 1798 3707 1854 Θεοῦ
3731 1798 3823 1868 $13:-

2370 1894 2524 1947 λεία⁹
2563 1892 2699 1963 μηδέ
2737 1908 2822 1955 τις
2862 1892 3129 1945 ἀπατάτω
3176 1889 3320 1960 κενῷ
3364 1890 3534 1960 λόγῳ,
3574 1888 3638 1953 ὡς
3673 1890 3824 1953 πίστιος

2370 1987 2604 2059 ἀληθοῦς
2636 1986 2804 2055 οῦσης
2846 1986 2903 2038 ὲν
2935 1988 3049 2048 τοῖς
3078 1985 3433 2055 παρανόμως,
3456 1982 3645 2053 βιοῦσι,
3670 1983 3741 2035 καὶ
3766 1980 3825 2034 οὑ-

2370 2078 2485 2144 ζειν
2529 2080 2727 2142 αὐτοὺς
2758 2077 3063 2149 δυναμένης
3082 2116 3097 2140 ,
3126 2076 3210 2146 ἐφ’
3240 2069 3322 2139 οἷς
3353 2072 3614 2146 ὀργίζεται
3649 2075 3754 2127 κατὰ
3774 2070 3827 2125 :05

2369 2170 2577 2243 κόσμου
2623 2171 2775 2235 Θεός.
2830 2168 2899 2223 Ἀ
2945 2169 3053 2241 γάρ
3100 2170 3215 2222 ἐστι
3260 2168 3605 2238 γνωρίσματα
3633 2170 3711 2237 τῆς
3733 2167 3828 2218 ἀπει-

2369 2265 2539 2330 θείας,
2566 2264 2767 2318 ἄτοπον
2790 2262 2967 2316 ταῦτα
2986 2264 3242 2333 παρεῖναι
3264 2264 3377 2325 τοῖς
3399 2263 3529 2324 υἱοῖς
3547 2262 3635 2330 τῆς
3659 2260 3828 2320 πίστεως.

2368 2356 2463 2411 καὶ
2494 2356 2786 2419 κοινωνοὺς
2816 2355 2965 2425 ἡμᾶς
2993 2350 3132 2407 εἶναι
3157 2354 3364 2407 τούτων
3387 2394 3403 2418 ,
3430 2346 3501 2408 ὧν
3524 2354 3557 2425 ἠ
3583 2353 3731 2416 πίστις
3750 2353 3831 2421 ἐχώ-

2370 2467 2540 2523 ρισεν.
2598 2449 2761 2503 Ἀλλὰ
2816 2450 2900 2503 δεῖ
2942 2448 3042 2520 τὴν
3069 2450 3149 2512 είς
3205 2447 3323 2517 φῶς
3376 2446 3700 2515 ἀναγέννησιν
3736 2445 3829 2513 ipim

2368 2543 2551 2616 ἔργοις
2598 2540 3022 2614 μαρτυρεῖσθαι,
3062 2541 3157 2595 καὶ
3200 2540 3366 2611 νόμον
3400 2540 3587 2605 αὐτοὺς
3615 2538 3734 2608 ἡμᾶς
3757 2538 3832 2588 ἐου-

2367 2638 2481 2700 τοῖς
2513 2634 2760 2705 γίνεσθαι
2792 2633 3013 2705 ἔλεγχον
3050 2632 3155 2703 τῆς
3180 2634 3427 2702 πονηρᾶς
3456 2630 3719 2702 ἀνθρώπων
3745 2628 3833 2695 ζωῆς

2371 2729 2781 2803 παρεχομένους
2801 2769 2816 2795 ,
2844 2726 2943 2799 τὴν
2975 2725 3187 2797 ἀγαθὴν
3216 2725 3376 2800 ἡμῶν
3411 2723 3665 2778 πολιτείαν

2447 2843 2465 2875 ι
2516 2823 2597 2876 Τὰ
2629 2822 2738 2892 γὰρ
2786 2820 2975 2892 κρυφῆ
3025 2818 3290 2889 γινόμενα
3334 2819 3427 2872 ὑπ’
3472 2816 3663 2878 αὐτῶν,
3692 2812 3838 2881 aiam!

2369 2916 2486 2969 ἐστι
2530 2914 2625 2968 καὶ⁸
2653 2914 2855 2983 λέγειν.
2891 2910 2974 2966 Τὰ
3017 2913 3076 2967 δὲ
3112 2911 3295 2965 πάντα
3328 2911 3667 2981 ἐλεγχόμενα,
3692 2906 3767 2959 ὑπὸ
3784 2903 3839 2955 τοι)

2377 3008 2554 3077 φωτὸς
2593 3005 2944 3077 φανεροῦται.
2990 3006 3105 3060 Πᾶν
3138 3004 3247 3076 γὰρ
3271 3004 3336 3057 τὸ
3365 3000 3748 3074 φανερούμενον,
3772 2995 3839 3063 φῶς

2370 3102 2507 3156 ἐστι.
2538 3100 2629 3154 Διὸ
2662 3099 2812 3168 λέγει
2832 3114 2846 3128 ’
2882 3096 3493 3169 Ἔγειραιόκαθεύδων,
3520 3093 3605 3147 καὶ
3632 3091 3787 3147 ἀνάστα
3807 3088 3846 3137 ὶι

2371 3192 2481 3245 τῶν
2512 3190 2751 3261 νεκρῶν,
2780 3189 2871 3243 καὶ
2920 3188 3214 3257 ἐπιφαύσει
3246 3205 3331 3242 σοι
3363 3190 3392 3242 ό
3431 3184 3664 3258 Χριστός.
3690 3180 3843 3235 Βλέπετε
3934 3224 3935 3227 η

2367 3278 2459 3338 οὖν
2488 3282 2604 3347 πῶς
2634 3281 2878 3353 ἀκριϐῶς
2910 3283 3288 3352 περιπατεῖτε.
3331 3299 3351 3333 ι

2440 3459 2516 3513 Οὐ
2550 3458 2629 3529 τῷ
2652 3457 2820 3529 λόγῳ,
2866 3457 3053 3529 φησὶν,
3092 3456 3313 3525 ἐλέγξαι
3350 3455 3583 3510 τοιοῦτόν
3608 3454 3743 3512 ἐστιν,
3774 3440 3844 3498 οῦν

2366 3552 2430 3605 τὸ
2474 3552 2542 3606 δι’
2571 3551 2787 3623 ἔργων·
2832 3548 2976 3621 λόγῳ
3006 3550 3104 3621 μὲν
3148 3550 3256 3621 γὰρ
3301 3548 3528 3619 αἰσχρὸν
3572 3546 3654 3599 καὶ
3681 3534 3853 3609 λέγεινᾶ

2368 3634 2701 3713 πράττουσιν
2728 3684 2743 3709 ,
2789 3640 2935 3711 ἅπερ
2977 3640 3074 3694 καὶ
3108 3641 3263 3694 αὐτοὶ
3312 3639 3678 3710 αἰσχυνόμενοι
3713 3644 3853 3695 συγκι-

2368 3735 2682 3788 λυπτουσιν.
2722 3733 2847 3786 Ἐὰν
2877 3733 2934 3786 δὲ
2967 3731 3081 3802 φῶς
3110 3726 3283 3803 ὦμεν,
3326 3733 3423 3785 καὶ
3446 3726 3692 3799 φανεροῦν
3711 3724 3756 3777 τὸ
3775 3718 3855 3771 σκό-

2369 3845 2459 3891 τος
2481 3826 2760 3897 δυνάμεθα
2786 3828 2851 3896 τῇ
2879 3824 2973 3879 τοῦ
3009 3826 3188 3895 φωτὸς
3220 3824 3519 3889 ἀντιθέσει,
3547 3821 3735 3887 ἔλεγχος
3754 3808 3851 3869 οὗτος

2370 3923 2399 3974 ὁ
2436 3920 2740 3982 κάλλιστος.
2782 3919 2903 3982 Φῶς
2932 3919 2991 3971 δὲ
3018 3917 3259 3988 ἐσόμεθα
3296 3915 3674 3973 διαναστάντες
3700 3900 3853 3962 ἀπὸτςῦ

2373 4013 2543 4067 ὕπνου
2568 4012 2661 4066 τοῦ
2693 4010 3071 4081 θανατηφόρου
3094 4050 3109 4072 ,
3144 4010 3239 4063 καὶ
3269 4008 3628 4078 μετασχόντες
3660 3993 3851 4071 Χριποῦο

2372 4104 2513 4158 κατὰ
2537 4104 2598 4157 τὸ
2624 4103 2918 4174 λεγόμενον
2934 4120 2947 4132 ·
2979 4102 3232 4170 Ἔγειραι
3252 4099 3285 4151 ό
3300 4098 3621 4154 καθεύδων.
3649 4094 3739 4147 Οὐκ
3758 4084 3855 4140 εἶπεν

2371 4198 2454 4261 τίς
2482 4199 2512 4251 ό
2539 4197 2739 4265 λέγων,
2781 4196 2813 4267 ἦ
2848 4194 2952 4248 ποῦ
2982 4194 3091 4247 τῶν
3122 4193 3291 4262 ἁγίων
3332 4192 3665 4265 γραμμάτων
3687 4184 3855 4253 γέγραπ-

2371 4309 2464 4345 ται
2486 4308 2499 4322 ’
2530 4284 2639 4343 ἀλλ’
2684 4284 2752 4361 ἦν
2787 4287 2960 4341 πολλὰ
2994 4288 3053 4352 ἐξ
3081 4288 3237 4356 ἁγίου
3282 4286 3603 4358 Πνεῦματος
3638 4278 3858 4345 λαλούμενι

2374 4384 2432 4435 ὲν
2458 4385 2571 4446 τοῖς
2596 4382 2717 4435 τότε
2734 4420 2750 4445 ,
2780 4382 2874 4435 καί⁸
2904 4379 2980 4451 μὴ
3008 4378 3353 4450 γραφόμενα.

688 4557 851 4619 gnata
880 4554 1032 4602 sunt.
2298 4552 2342 4608 υ

763 4638 899 4693 Ευιη
929 4638 1083 4705 dicit,
1114 4639 1207 4709 qui
1244 4639 1296 4693 in
1337 4640 1579 4710 peccatis
1608 4641 1773 4696 vitam
1804 4644 1936 4714 agit.

766 4750 787 4782 ι
830 4729 949 4784 Non
991 4731 1149 4799 quasi
1191 4733 1535 4802 insipientes,
1588 4731 1776 4805 [Vens.
1816 4734 2007 4807 16-19]
2052 4735 2145 4789 sed
2208 4748 2264 4790 ut

691 4822 1004 4892 sapientes;
1043 4823 1374 4880 redimentes
1402 4833 1641 4896 tempus,
1677 4826 1939 4896 quoniam
1972 4827 2090 4882 dies
2136 4830 2267 4883 mali

695 4920 870 4967 sunt:
908 4920 1198 4983 propterea
1238 4913 1408 4969 nolite
1442 4915 1559 4970 ﬁeri
1603 4916 1998 4987 imprudentes,
2040 4919 2135 4974 sed
2175 4920 2263 4972 iu-

693 5005 997 5073 telligentes
1026 5020 1147 5074 qua:
1176 5004 1247 5059 sit
1275 5006 1527 5062 voluntas
1552 5007 1668 5063 Dei.
1707 5008 1774 5063 Et
1803 5010 1972 5065 nolite
2001 5010 2261 5066 inebriari

691 5096 838 5156 vino.
881 5095 937 5148 in
968 5108 1078 5164 quo
1110 5101 1197 5149 est
1244 5093 1485 5159 luxuria,
1530 5097 1626 5150 sed
1678 5097 1985 5168 implemini
2030 5099 2259 5169 Spiritu,

691 5187 977 5257 loquentes
1004 5186 1418 5257 vobismetipsis
1449 5188 1504 5242 in
1534 5189 1782 5258 psalmis,
1818 5203 1872 5247 et
1927 5191 2165 5264 hymnis,
2208 5204 2264 5249 et

691 5280 923 5335 canticis
956 5278 1355 5349 spiritualibus.
1398 5286 1689 5335 cantantes
1728 5291 1782 5337 et
1807 5284 2124 5353 psallentes.
2167 5306 2186 5339 ι

761 5371 962 5434 Nolite,
995 5371 1191 5441 inquit,
1222 5371 1371 5425 velut
1404 5371 1728 5440 insipientes
1760 5374 2020 5439 inescari,
2058 5379 2151 5434 sed
2182 5379 2260 5433 uti

2441 4641 2545 4696 Τὸν
2578 4643 2635 4695 ὲν
2664 4641 2963 4713 ἁμαρτίαις
2994 4639 3178 4709 φησίν.

2449 4755 2467 4787 ι
2507 4734 2600 4806 Μὴ
2627 4734 2701 4797 ὡς
2734 4735 2965 4801 ἄσοφοι,
2994 4732 3111 4786 ἀλλ’
3147 4732 3224 4794 ὡς
3258 4731 3456 4801 σοφοίο
3493 4720 3855 4796 ἐξαγοραζόμενει

2369 4826 2459 4880 τὸν
2483 4826 2704 4897 καιρὸν,
2739 4826 2822 4878 ὅτι
2858 4827 2912 4878 αἱ
2950 4824 3159 4896 ἡμέραι
3196 4823 3447 4895 πονηραί,
3471 4825 3630 4875 εἰσιν
3662 4816 3735 4871 διὰ
3756 4807 3857 4864 τοῦπ

2374 4920 2449 4989 μὴ
2499 4918 2713 4987 γίνεσθε
2746 4919 3012 4987 ἄφρονες,
3063 4916 3200 4971 ἀλλὰ
3245 4918 3529 4980 συνιέντες
3559 4914 3609 4967 τί
3634 4911 3689 4963 τὸ
3716 4905 3860 4970 Θέλημι

2370 5009 2463 5063 τοῦ
2513 5010 2743 5080 Κυρίου.
2802 5010 2914 5063 Καὶ
2944 5008 3019 5079 μὴ
3080 5008 3427 5079 μεθύσκεσθε
3469 5009 3595 5077 οἴνῳ
3624 5005 3674 5057 ὲν
3706 4992 3862 5067 thiam

2371 5099 2576 5154 ἀσωτία
2602 5138 2618 5163 .
2664 5100 2800 5152 ἀλλὰ
2830 5099 3139 5171 πληροῦσθε
3190 5103 3249 5154 ἐν
3299 5102 3611 5171 Πνεῦματι,
3656 5091 3863 5147 λαλοῦντες

2371 5192 2581 5257 ἑαυτοῖς
2600 5193 2836 5262 ψαλμοῖς
2862 5194 2956 5247 καὶ
2980 5192 3193 5263 ὕμνοις,
3219 5194 3315 5248 καὶ
3332 5192 3505 5264 ᾠδαῖς
3529 5179 3865 5259 πνευματικαῖὴ

2372 5287 2591 5359 ᾅδοντες
2622 5285 2715 5339 καὶ
2744 5284 3055 5355 ψάλλοντες.
3088 5304 3107 5337 ι

2442 5380 2527 5448 Μὴ
2556 5379 2630 5441 ὡς
2669 5379 2861 5446 ἄσοφοι
2882 5418 2897 5441 ,
2947 5378 3114 5449 φησὶ,
3144 5377 3468 5441 δελεάζεσθε
3489 5418 3504 5439 .
3537 5374 3644 5429 ἀλλ’
3668 5372 3730 5433 ὡς
3761 5360 3870 5429 σοφῶ-

2368 5470 2469 5540 τὴν
2521 5469 2654 5522 ίδὲαν
2684 5469 2801 5521 ὁδὸν
2842 5469 3145 5537 φυλάσσετε
3166 5510 3184 5537 ,
3210 5470 3290 5541 τῷ
3322 5470 3402 5540 μὴ
3441 5463 3796 5539 ἑφελκυσθῆναι
3819 5451 3872 5521 τῷ

2370 5561 2548 5631 καιρῷ
2578 5560 2677 5629 τῆς
2710 5560 2996 5630 πονηρίας.

2444 5677 2462 5705 ι
2517 5656 2605 5707 Ἐν
2638 5656 2702 5723 τῇ
2738 5654 2933 5725 καρδίᾳ
2964 5654 3119 5723 ὑμῶν
3144 5654 3222 5725 τῷ
3253 5654 3462 5727 Κυρίῳ.
3504 5674 3523 5706 ι

2438 5745 2610 5799 Τοῦτό
2640 5762 2834 5815 φησιν,
2875 5746 2963 5799 ἵνα
2991 5745 3112 5809 ὅλος
3145 5748 3303 5818 ἡμῶν
3338 5744 3369 5800 ό
3404 5746 3532 5810 νοῦς
3564 5743 3687 5817 πρὸς
3719 5735 3874 5805 Κύριον

2370 5839 2729 5909 συντείνηται,
2762 5839 2856 5895 καὶ
2890 5839 2965 5913 μὴ
2996 5840 3156 5912 μόνον
3188 5842 3520 5915 μελῳδῶμεν
3546 5842 3653 5903 τοῖς
3674 5834 3873 5907 χείλεσιν.

692 5462 970 5531 sapientes
1004 5463 1143 5517 viam
1180 5470 1416 5518 vestram
1439 5463 1734 5531 custodite,
1773 5481 1841 5522 ne
1864 5470 2260 5538 pertrahamini

692 5554 748 5608 in
779 5561 1024 5623 tempore
1049 5552 1311 5623 nequitia

768 5662 790 5697 ι
839 5645 897 5699 In
924 5644 1093 5698 corde
1118 5654 1302 5699 vestro
1340 5645 1592 5701 Domino.
1638 5664 1657 5699 ι

762 5737 878 5792 Hoc
902 5736 1057 5799 dicit,
1091 5744 1152 5789 ut
1200 5745 1349 5793 totus
1382 5754 1581 5795 sensus
1622 5746 1810 5795 noster
1854 5742 1926 5795 sit
1972 5741 2040 5795 ad
2071 5741 2256 5798 Domie

693 5847 824 5887 num
855 5830 1118 5896 intentus,
1152 5846 1252 5886 nec
1280 5831 1735 5904 labiisduntaxat
1778 5833 2144 5891 modulemur.
