4022 6408
126 380 212 450 849
1253 400 1338 461 ΙΝ
1375 402 1615 466 EPIST.

1794 408 2182 479 EPHESIOS.

180 510 198 543 ι
229 489 686 563 Εὑχαριστοῦντες
727 498 958 555 πάντοτε
1000 502 1142 576 ὑπὲρ
1184 506 1400 564 πάντων
1434 512 1495 565 ὲν
1537 512 1653 566 δνό-
1682 515 1731 574 Δ
1830 521 1991 594 190
2026 523 2185 583 Vens.

122 601 227 657 μστι
247 584 336 638 τοῦ
365 587 571 659 Κυρίου
603 590 760 661 ἡμῶν
806 592 981 666 Ἰησοῦ
1011 598 1270 669 Χριστοῦ,
1294 604 1374 674 τῷ
1401 604 1520 677 Θεῷ
1564 606 1661 662 καλ⁸

117 675 285 747 Πατρί.
326 696 347 730 ι

168 770 446 842 Μυστήρια
478 773 556 844 τῷ
594 774 715 848 Θεῷ
773 781 1044 854 προσήκει
1096 783 1302 853 τελεῖν,
1352 787 1658 860 ὑμνοῦντας

115 861 277 925 αὐτὸν,
313 864 409 919 καὶ
442 864 736 934 διεξίοντας
777 871 878 937 τὰς
946 874 1267 947 εὐεργεσίας
1316 879 1383 943 ἃς.
1411 881 1664 953 ,ἐπιτελεῖ

114 954 342 1025 Χριστός.

170 1063 189 1098 r
238 1042 697 1123 ’Υποτασσόμενοι
722 1054 975 1131 ἀλλήλοις
1005 1060 1064 1115 ὲν
1099 1063 1251 1135 φόϐῳ
1276 1064 1436 1123 Θεοῦ.
1476 1087 1498 1123 ι

169 1136 369 1209 Ὠσπερ
399 1142 434 1212 η
468 1144 837 1214 ἐπανάστασις
873 1151 907 1223 ἡ
947 1152 1034 1205 ἐπ’
1061 1138 1346 1227 ἀλλήλους,
1383 1148 1661 1216 διάστασιν

112 1231 262 1297 ποιεῖ,
294 1231 472 1297 οὕτως
519 1237 553 1307 ἠ
600 1238 848 1312 ὑποταγὴ
897 1244 1217 1315 συνάφειαν.
1266 1250 1559 1325 ,Ἀλλήλοις
1602 1255 1660 1309 δὲ

113 1322 486 1381 ὑποτάσσεσθαι
515 1329 598 1383 δεῖ
619 1330 707 1388 διὰ
728 1334 991 1407 Χριστὸν,
1025 1340 1101 1405 ὡς
1126 1343 1349 1417 Χριστῷ
1377 1322 1659 1422 λάτρευμα

110 1415 236 1469 τοῦτο
266 1416 570 1485 τελοῦντες.

168 1633 184 1666 ι
219 1614 281 1669 Αἱ
312 1621 575 1685 γυναῖκες
621 1624 735 1688 τοῖς
785 1625 938 1692 ἰδίοις
988 1626 1247 1705 ἀνδράσιν
1286 1636 1658 1694 ὑποτάσσεσθε

108 1704 168 1767 ὼς
195 1703 266 1770 τῷ
296 1708 492 1781 Κυρίῳ
514 1727 528 1741 ·
564 1712 647 1765 ὅτι
681 1714 823 1786 ἀνήρ
854 1718 970 1772 ἐστι
997 1703 1207 1795 κειραλὴ
1240 1725 1338 1797 τῆς
1380 1729 1655 1798 γυναικὸς,

3236 442 3342 504 850

2237 529 2327 585 20.
2372 550 2393 583 ι
2433 533 2649 593 Gratias
2696 551 2920 613 agentes
2968 560 3184 618 semper
3232 566 3329 620 pra

1767 616 2024 672 omnibus
2073 618 2126 673 in
2194 625 2417 682 nomine
2467 627 2681 687 Domini
2731 637 2905 692 nostri
2953 637 3083 695 Jcsu
3130 641 3341 698 Christi

1768 703 1878 785 Deo
1910 717 1966 766 et
1989 710 2162 773 Patri.
2203 736 2221 768 ι

1835 798 2095 874 Mysteria
2148 809 2258 867 Deo
2313 828 2571 883 peragere
2618 822 2898 887 convenit,
2957 823 3175 896 hymnis
3212 844 3335 884 eum

1764 900 2173 968 prosequendo,
2216 920 2427 963 necnon
2460 913 2770 969 enarrando
2800 931 2921 986 quae
2947 915 3203 976 Christus
3241 923 3339 977 be-

1763 986 1956 1047 neﬁcia
1990 995 2328 1061 praestiterit.

1834 1075 1998 1134 Vens.
2026 1082 2117 1139 21.
2150 1103 2170 1137 ι
2206 1085 2450 1156 subjecti
2484 1093 2719 1153 invicem
2745 1099 2798 1153 in
2831 1100 3023 1158 timore
3053 1102 3166 1159 Dei.
3206 1123 3226 1158 ι
3260 1156 3273 1161 -

1832 1167 2306 1236 Quemadmodum
2346 1182 2394 1239 si
2441 1184 2580 1241 alter
2622 1191 2889 1248 adversus
2927 1193 3155 1250 alterum
3203 1212 3337 1252 con-

1762 1270 1971 1333 surgat,
1999 1266 2290 1326 dissidium
2312 1275 2511 1343 oritur,
2548 1280 2621 1335 ita
2657 1285 2989 1352 conjunctio
3027 1288 3337 1347 humilitate

1761 1360 1998 1411 constat.
2055 1356 2291 1417 Invicem
2346 1377 2530 1424 autem
2583 1383 2809 1442 oportet
2864 1378 3059 1447 subjici
3113 1390 3336 1451 prapter

1760 1444 2063 1515 Christum,
2114 1460 2372 1525 tanquam
2412 1461 2738 1536 obsequium
2792 1469 2894 1526 hoc
2940 1444 3164 1528 Christo
3198 1444 3335 1544 pen-

1758 1536 1974 1596 dentes.

1832 1644 1997 1705 Vsns.
2043 1650 2235 1710 22-25.
2284 1675 2302 1708 ι
2351 1657 2625 1730 Mulieres,
2656 1665 2792 1722 viris
2824 1673 3063 1742 propriis
3098 1679 3329 1737 subditae

1757 1745 1953 1806 estote,
1988 1742 2134 1799 sicut
2163 1744 2397 1805 Domino
2415 1769 2436 1816 ,ο
2460 1755 2591 1823 quia
2621 1757 2708 1811 vir
2738 1770 2901 1830 caput
2943 1774 3030 1819 est
3059 1770 3328 1836 mulieris,

106 1797 169 1861 ὡς
190 1797 271 1851 καί
300 1800 330 1852 6
354 1801 589 1872 Χριστὸς
618 1808 830 1880 κεφαλὴ
860 1812 958 1881 τῆς
1000 1814 1347 1889 Ἐκκλησίας,
1372 1823 1466 1875 καὶ
1494 1824 1644 1891 αὑτός

106 1889 200 1927 tm
232 1891 415 1927 “me...
455 1895 548 1927 -..π
586 1896 869 1927 -.ε.....----
914 1904 1025 1927 ιη,
1063 1907 1090 1927 ρ
1118 1926 1133 1927 γ
1288 1914 1301 1927 .
1355 1914 1410 1927 ..η
1488 1916 1503 1927 .
1600 1917 1611 1927 .

1941 1797 1952 1806 ,
2092 1797 2128 1799 η
2163 1797 2431 1816 _-__-_...,,
2503 1797 2591 1810 υ...
2633 1797 2697 1811 υ..
2738 1797 2797 1814 ω-
2845 1797 2901 1816 ιιι
2943 1797 3030 1819 σοι
3060 1797 3328 1836 muucns,

1756 1832 1902 1888 sicut
1934 1834 2191 1895 Christus
2226 1850 2311 1896 est
2332 1797 2497 1915 caput
2523 1797 2839 1909 Ecclesiae:
2877 1864 2932 1911 et
2961 1856 3079 1927 ipse
3112 1870 3196 1916 est
3225 1866 3332 1919 sal-

106 1889 201 1941 ὲστι
232 1891 415 1965 σωτὴρ
455 1895 549 1949 τοῦ
584 1896 869 1969 σώματος·
907 1904 1025 1958 ἀλλ’
1055 1907 1244 1982 ὥσπερ
1277 1914 1309 1983 ἡ
1355 1889 1651 1988 Ἐκκλησία

104 1980 442 2038 ὑποτάσσεται
473 1985 552 2057 τῷ
593 1986 836 2062 Χριστῷ,
867 1992 1011 2049 οὕτω
1036 2002 1131 2053 καὶ
1162 2004 1218 2055 αί
1250 2007 1507 2071 γυναῖκες
1534 2012 1648 2075 τοῖς

104 2075 227 2141 ἰδίοις
256 2079 517 2152 ἀνδράσιν
577 2085 636 2139 ὲν
674 2089 857 2143 παντί.
907 2093 971 2146 Ol
1005 2093 1217 2169 ἄνδρες,
1251 2100 1503 2168 ἀγαπᾶτε
1548 2104 1646 2171 τὰς

99 2170 334 2235 γυναῖκας
370 2174 597 2232 ἑαυτῶν.
633 2197 653 2230 ι

154 2283 273 2353 Περὶ
304 2285 420 2340 τῶν
453 2289 510 2343 ὲν
538 2290 711 2359 οἴκοις
745 2295 1095 2370 καθηκόντων
1120 2303 1451 2375 διαλέγεται,
1485 2311 1645 2369 ἅτινά

102 2372 216 2426 ἑστιν
236 2377 545 2449 ήγεμονικὰ
574 2384 668 2438 καὶ
699 2386 967 2462 ὐππαγῆ.
1006 2393 1143 2463 Τρία
1168 2396 1225 2450 δὲ
1259 2372 1374 2470 ε-τδη
1396 2372 1604 2458 τούτων
1628 2424 1643 2438 ο

101 2466 171 2520 δὺο
195 2468 284 2538 μὲν
318 2471 396 2525 τὰ
427 2475 566 2529 κατὰ
599 2477 783 2546 φύσιν,
814 2484 950 2556 γυνὴ
991 2486 1085 2539 καὶ
1125 2488 1303 2560 ἀνὴρ,
1342 2466 1508 2549 τέκνα
1552 2499 1647 2552 καὶ

100 2564 247 2624 γονεῖς
266 2578 279 2593 ο
325 2564 391 2617 ἓν
421 2565 479 2620 δὲ
514 2568 576 2621 τὸ
605 2571 747 2625 κατὰ
783 2573 969 2645 νόμον.
1008 2576 1178 2633 Τοῦτο
1206 2582 1317 2654 γάρ
1346 2585 1495 2640 ἐστιν
1525 2588 1646 2642 δοῦ-

99 2650 170 2716 λός
193 2672 245 2707 τε
277 2657 379 2709 καὶ
404 2659 689 2732 δεσπότης.
724 2664 814 2736 Τῷ
842 2668 939 2737 μὲν
967 2665 1060 2724 οὖν
1089 2650 1348 2746 ὑπηκόιρ,
1380 2678 1481 2750 τὴν
1510 2680 1644 2734 ὑπο-

98 2744 245 2815 ταγην
286 2748 627 2819 εἰσηγεῖταιο
685 2755 765 2826 τῷ
818 2758 877 2812 δὲ
922 2759 1143 2832 ἄρχοντι
1185 2765 1246 2818 τὸ
1287 2744 1646 2840 κηδεμονικὸν

97 2834 213 2902 πρὸς
256 2837 317 2891 τὸ
369 2839 630 2913 ὑπήκοον.
658 2844 828 2920 Τόπῳ
860 2849 953 2905 οὖν
982 2853 1060 2923 τῷ
1106 2855 1245 2925 πρὸς
1284 2834 1521 2932 Χριστὸν
1550 2882 1644 2919 κεσ-

94 2923 225 2981 λεύει
262 2930 362 3001 τὴν
396 2936 631 3001 γυναῖκα
672 2939 1068 3002 ὑποτάττεσθαι
1109 2923 1189 3020 τῷ
1220 2923 1398 3023 ἀνδρὶ,
1438 2955 1526 3010 ἵνα
1569 2958 1645 3030 μὴ

95 3023 386 3090 σωματικὸν
479 3027 540 3083 τὸ
563 3031 662 3103 τῆς
683 3033 967 3109 ὑποταγῆς
999 3040 1181 3111 μόνον,
1204 3044 1339 3099 ἀλλὰ
1365 3049 1460 3102 καὶ
1484 3023 1645 3106 meo;

94 3111 298 3177 ματικὸν
328 3117 577 3189 γένηται.

152 3330 171 3414 ι
206 3314 407 3383 Καθὼς
428 3320 522 3374 καὶ
543 3323 572 3376 ὁ
599 3324 835 3395 Χριστὸς
861 3329 1119 3405 ἠγάπησε
1152 3334 1252 3407 τὴν
1292 3338 1643 3414 Ἐκκλησίαν,

91 3404 170 3456 καὶ
217 3407 415 3463 ἑαυτὸν
470 3414 790 3484 παρέδωκεν
850 3420 991 3494 ὑπὲρ
1054 3404 1268 3498 αὐτῆς,
1327 3430 1417 3487 ἵνα
1475 3404 1646 3507 αὐτὴν

90 3495 284 3596 rinion,
310 3502 621 3577 καθαρίσας
648 3508 726 3581 τῷ
755 3511 966 3586 λουτρῷ
984 3516 1079 3571 τοῦ
1111 3495 1303 3587 ὓδατος
1330 3525 1389 3577 ἐν
1416 3495 1643 3596 ῥήματι,

88 3586 159 3641 ἵνα
190 3595 525 3671 παραστήσῃ
578 3599 749 3672 αὐτὴν
788 3604 965 3678 ἐαυτῷ
1013 3607 1224 3677 ἔνδοξον
1268 3614 1370 3687 τὴν
1416 3586 1648 3691 arma;

92 3682 190 3737 τίαν
210 3729 224 3753 ,
250 3689 326 3760 μὴ
354 3690 590 3761 ἔχουσαν
626 3697 812 3753 σπίλον
831 3739 847 3765 ,
878 3701 911 3773 ἢ
950 3704 1139 3773 ῥυτίδα
1160 3747 1175 3773 ,
1201 3708 1235 3779 ἦ
1263 3682 1450 3766 τιντῶν
1477 3682 1646 3769 τοιοὺ-

85 3789 205 3827 των-
238 3780 356 3834 ἀλλ’
392 3782 482 3837 ἵνα
598 3786 728 3856 ἁγία
758 3790 854 3845 καὶ
891 3794 1145 3867 ἄμωμος.
1180 3797 1367 3865 Οὕτως
1395 3803 1645 3874 ὀφείλου-

90 3882 159 3919 σιν
182 3870 228 3923 οἱ
267 3871 470 3945 ἄνδρες
498 3878 721 3952 ἀγαπᾷν
752 3882 967 3939 ἑαυτῶν
996 3887 1097 3952 τὰς
1134 3870 1541 3960 γυναῖκαςξὼς
1576 3897 1647 3952 τὰ

86 3959 273 4017 ἑαυτῶν
312 3966 573 4039 σώματα.
618 3973 676 4028 '0
718 3975 953 4045 ἀγαπῶν
991 3979 1090 4052 τὴν
1138 3983 1332 4038 ἑαυτοῦ
1372 3991 1641 4055 γυναῖκα,

86 4052 251 4110 ἑαυτὸν
280 4059 498 4132 ἀγαπᾷ.
536 4082 554 4113 ι

139 4146 203 4200 Τὸ
222 4151 562 4223 ἡγεμονικὸν
587 4156 648 4209 οὑ
677 4156 927 4229 βούλεται
958 4165 1193 4237 σκληρὸν
1223 4163 1362 4223 εἶναι
1395 4170 1473 4241 τῷ
1502 4171 1643 4245 ὑπη-

82 4235 186 4307 κόῳ.
219 4241 399 4315 Ἀυτη
427 4245 539 4317 γὰρ
568 4248 774 4321 ἀληθὴς
804 4253 969 4326 ἀρχὴ,
996 4235 1345 4330 τὸν-ἄρχοντα
1376 4235 1639 4334 κήδεσθαι

75 4327 168 4381 τῶν
198 4331 286 4400 ὑφ’
321 4336 514 4404 αὑτὸν,
549 4339 670 4410 ἥτις
711 4345 769 4396 ὲν
801 4346 1021 4418 Χριστῷ
1049 4327 1289 4422 πέφηνεν
1310 4392 1325 4416 ,
1356 4327 1445 4424 μὴ.
1470 4354 1640 4428 ζητὴο

77 4434 211 4474 σαντι
240 4426 298 4479 τὸ
334 4429 521 4500 ἑαυτῷ
550 4432 784 4504 πρέπον,
812 4436 949 4491 ἀλλὰ
979 4438 1041 4493 τὸ
1074 4444 1139 4513 τῇ
1185 4443 1481 4519 Ἐκκλησία
1508 4426 1643 4518 συμ-

72 4512 240 4581 φέῳν.
288 4519 356 4573 Ἥ
398 4520 503 4591 μὲν
534 4524 643 4596 γὰρ
674 4527 840 4581 αὐτοῦ
870 4529 997 4597 δόξα
1030 4533 1089 4585 ὲν
1114 4512 1384 4609 ἀθανασία
1546 4512 1639 4593 καὶ

72 4604 195 4678 αὑτὴ
212 4609 551 4685 ὀφειλομένη
574 4634 633 4670 τε
664 4621 760 4674 καὶ
782 4622 1068 4691 πρέπουσα
1085 4642 1101 4657 ⁸
1132 4628 1165 4697 ἡ
1188 4627 1244 4681 δὲ
1410 4604 1640 4701 Ἐκκλη-

72 4696 179 4761 cia;
222 4705 481 4776 σωτηρία
520 4709 578 4762 ἐν
618 4710 890 4784 καθάρσει
942 4716 1044 4785 τῆς
1076 4696 1348 4789 ἁμαρτίαε
1384 4721 1505 4792 ἥτις
1541 4696 1640 4796 οὖνλ

70 4788 237 4887 eam;
274 4795 530 4864 ἐγίνετο,
564 4801 613 4854 εί
657 4803 733 4875 μὴ
759 4805 859 4876 τῆς
897 4788 1247 4882 ρυπωθείσης
1288 4788 1434 4885 ζωῆξ
1470 4788 1639 4887 μετάξ

68 4876 200 4977 θεσιν
232 4887 545 4957 εἰργάσατο
568 4890 826 4965 Χριστὸς,
857 4876 919 4953 τδ
941 4876 1435 4977 ὁμοίωμα-ταὺτης
1470 4876 1639 4962 καταο

64 4967 215 5038 λύσας
241 4976 493 5053 θανάτῳ,
523 4983 610 5039 ἵνα
640 4990 949 5063 συναποθνή
960 5010 1183 5060 σκοντες
1209 4996 1360 5068 αὑτῷ
1386 4997 1640 5071 λυθῶμεν

60 5065 149 5139 τῆς
176 5069 331 5145 ζωῆς
363 5068 438 5148 ἧς
466 5076 696 5149 ἐζῶμεν.
732 5081 949 5155 Ταύτης
985 5084 1043 5138 δὲ
1065 5086 1169 5156 τῆς
1207 5065 1525 5160 καθάρσεως
1542 5065 1640 5144 ἀί-

61 5174 163 5215 τιον
202 5164 264 5218 τὺ
308 5166 477 5235 ἆγιον
509 5169 815 5243 βάπτισμα.
865 5176 1134 5248 Πρόσεστι
1181 5183 1291 5252 γὰρ
1327 5182 1521 5253 ἐκείνῳ
1562 5182 1640 5254 τῷ

62 5247 201 5308 ὕδατι
226 5258 260 5329 ή
290 5258 389 5313 διὰ
430 5262 679 5332 ῥήματος
707 5247 1028 5338 ἐπίκλησις,
1058 5247 1212 5340 ἅγιον
1244 5247 1375 5328 αὐτὸ
1399 5247 1638 5345 ἁττοιροιίζ

60 5361 234 5404 νουσα.
286 5353 397 5407 Ἐν
427 5354 669 5427 ὀνόματι
705 5361 964 5429 Πατρός,
994 5365 1091 5417 καί
1132 5366 1299 5433 Υιοῦ,
1337 5367 1437 5422 καί
1465 5369 1638 5440 ἁγίου

58 5436 426 5513 Πνεύματος.

122 5644 143 5680 ι
182 5630 389 5697 Οὐδεὶς
437 5633 546 5707 γάρ
586 5654 714 5691 ποτε
750 5639 850 5710 τὴν
886 5641 1082 5696 ἑαυτοῦ
1122 5643 1300 5716 σάρκα
1332 5648 1634 5720 ἐμίσησεν,

52 5716 180 5773 ἀλλὰ
207 5722 503 5794 ἐκτρέφει.
546 5726 641 5780 καὶ
673 5726 868 5783 θάλπει
904 5730 1093 5804 αὐτὴν,
1123 5734 1307 5800 καθὼς
1340 5716 1436 5790 καὶ
1523 5716 1637 5793 Kri-

57 5826 167 5881 ριος
190 5815 298 5889 τὴν
346 5816 698 5889 Ἐκκλησίαν.
730 5822 853 5877 ’Ότι
883 5824 1021 5895 μέλη
1064 5826 1229 5898 ἐσμὲν
1257 5828 1351 5883 τοῦ
1384 5830 1632 5903 σώματος

1669 4583 1717 4640 D

1756 1934 1913 1981 valor
1955 1933 2206 2001 corporis
2234 1934 2399 2004 ejus;
2463 1939 2560 1995 sed
2610 1943 2754 1997 sicut
2812 1946 3057 2007 Ecclesia
3087 1954 3333 2023 subjecta

1754 2024 1840 2070 est
1871 2015 2112 2087 Christo,
2147 2023 2311 2081 ita-et
2343 2028 2603 2088 mulieres
2638 2034 2775 2093 viris
2805 2040 2922 2096 suis
2950 2042 3006 2098 in
3055 2015 3331 2102 omnibus.

1756 2103 1893 2175 Viri,
1925 2108 2133 2183 diligite
2175 2131 2374 2175 uxores
2408 2130 2642 2182 vestras.
2682 2144 2701 2177 ι
2810 2126 2813 2131 '
3069 2151 3073 2155 ί

1823 2300 1900 2359 De
1928 2304 1996 2361 iis
2046 2306 2290 2378 loquitur
2332 2327 2455 2384 qua:
2492 2316 2559 2371 ad
2598 2334 2712 2374 rem
2756 2321 3113 2381 domesticam
3164 2331 3331 2399 perti-

1754 2406 1905 2459 nent,
1934 2414 2163 2470 quaeque
2194 2403 2280 2457 vel
2318 2406 2600 2475 regimiuis
2633 2420 2782 2476 sunt,
2809 2413 2890 2467 vel
2920 2416 3327 2475 submissionis.

1755 2484 1960 2540 liorum
1988 2496 2171 2545 autem
2204 2493 2310 2547 tria
2345 2511 2544 2566 genera
2577 2508 2733 2555 sunt.
2763 2500 2879 2557 Duo
2909 2505 3130 2573 quidem
3165 2522 3193 2561 a
3228 2523 3329 2561 na-

1752 2586 1877 2632 tura
1912 2577 2180 2645 instituta,
2208 2590 2341 2653 puta
2374 2585 2462 2641 vir
2492 2594 2545 2642 et
2565 2590 2785 2654 mulier,
2814 2602 3072 2661 parentes
3102 2604 3158 2650 et
3191 2597 3285 2651 lilii
3310 2615 3326 2664 ;

1754 2682 1922 2721 unum
1956 2678 2137 2725 autem
2162 2686 2191 2726 a
2231 2670 2370 2744 lege.
2407 2675 2695 2746 Ejusmodi
2743 2683 2947 2753 quippe
2983 2696 3111 2740 sunt
3133 2700 3328 2742 servus

1752 2768 1806 2813 et
1839 2760 2024 2816 herus.
2075 2761 2156 2818 Illi
2195 2765 2333 2837 ergo
2378 2770 2472 2839 qui
2516 2771 2768 2830 subditus
2810 2785 2917 2841 est,
2959 2779 3326 2835 obedientiam

1754 2851 1984 2916 suadet;
2037 2854 2086 2908 ei
2128 2870 2258 2910 vero
2312 2859 2406 2929 qui
2467 2872 2682 2931 prmesl,
2742 2873 2803 2919 ut
2856 2867 3200 2924 subditorum
3257 2871 3332 2925 sit

1753 2945 2047 3003 sollicitus.
2114 2947 2335 3006 Christo
2395 2953 2579 3023 itaque
2645 2956 2699 3011 in
2769 2961 3079 3031 exemplum
3136 2963 3325 3028 allato,

1752 3037 2022 3107 praecipit,
2054 3049 2115 3095 ut
2156 3042 2274 3097 viro
2322 3044 2519 3101 mulier
2567 3048 2814 3119 subjecta
2859 3053 2952 3118 sit,
3011 3053 3156 3123 quod
3218 3069 3327 3108 non

1752 3132 2025 3200 corporali
2068 3133 2246 3189 solum
2290 3137 2606 3196 obedientia
2660 3151 2990 3212 praestetur,
3040 3161 3231 3200 verum
3276 3157 3330 3202 et

1673 3222 1718 3282 C
1753 3222 2050 3293 spirituali.

1823 3356 1842 3389 ‹
1878 3335 2031 3395 Sicut
2053 3347 2105 3395 et
2135 3339 2392 3399 Christus
2414 3344 2606 3400 dilexit
2634 3345 2959 3417 Ecclesiam,
2994 3359 3050 3408 et
3078 3352 3323 3422 seipsum

1746 3429 1977 3486 tradidit
2007 3448 2105 3502 pro
2136 3450 2219 3499 ea,
2268 3433 2448 3504 [νοτε.
2482 3438 2677 3513 26-28]
2739 3452 2797 3496 ut
2827 3442 2978 3498 illam
3013 3448 3328 3503 sanctiﬁca-

1745 3528 1850 3587 ret,
1892 3522 2167 3579 mundans
2201 3525 2419 3581 lavacro
2447 3542 2603 3596 aquae
2641 3530 2698 3585 in
2732 3533 2918 3599 verbo,
2949 3541 3009 3588 ut
3035 3535 3320 3592 exhiberet

1746 3626 1868 3667 eam
1908 3614 2012 3670 sibi
2045 3614 2336 3686 gloriosam
2362 3618 2687 3689 Ecclesiam,
2724 3640 2833 3680 non
2870 3626 3164 3683 habentem
3201 3644 3322 3683 ma-

1747 3705 1948 3772 culam,
1982 3722 2158 3779 neque
2204 3726 2418 3782 rugam,
2460 3722 2555 3768 aut
2595 3716 2802 3787 aliquid
2841 3719 3155 3789 hujusmodi
3183 3739 3197 3788 ;
3230 3724 3323 3777 sed

1745 3806 1807 3851 ut
1832 3800 1902 3852 sit
1933 3808 2123 3855 sancta
2152 3808 2206 3855 et
2256 3804 2628 3861 immaculata.
2666 3805 2759 3863 Sic
2812 3808 3013 3867 debent
3057 3811 3163 3867 viri
3198 3813 3324 3867 dili-

1746 3902 1875 3958 gere
1906 3904 2107 3946 uxores
2133 3907 2283 3958 suas,
2320 3904 2380 3949 ut
2414 3911 2647 3967 corpora
2674 3914 2796 3955 sua.
2845 3900 2948 3967 Qui
2995 3917 3152 3958 suam
3187 3919 3326 3958 uxo-

1746 3993 1861 4034 rem
1896 3981 2093 4053 diligit,
2126 3984 2365 4056 seipsum
2400 3986 2597 4058 diligit.
2632 4008 2655 4043 ι

1814 4153 1948 4212 Eam
1982 4165 2195 4230 partem
2233 4175 2355 4231 qua
2388 4170 2586 4232 praeest
2610 4173 2665 4220 et
2711 4167 2870 4238 regit,
2905 4184 3155 4239 asperam
3196 4172 3325 4224 sub-

1744 4248 1871 4304 ditae
1895 4263 2021 4307 esse
2049 4250 2323 4321 prohibet.
2351 4251 2488 4308 Nam
2523 4254 2627 4310 hoc
2670 4265 2755 4313 est
2783 4274 2911 4314 vere
2940 4276 3199 4330 praeesse,
3228 4261 3321 4316 ubi

1742 4341 1999 4411 princeps
2028 4356 2216 4396 eorum
2250 4357 2372 4413 qua:
2402 4344 2505 4400 sub
2538 4360 2600 4401 se
2643 4354 2773 4402 sunt
2822 4363 3009 4403 curam
3042 4350 3182 4420 gerit
3216 4370 3230 4407 :
3267 4352 3322 4406 id

1743 4433 1890 4502 quod
1916 4433 2157 4488 ostendit
2179 4434 2451 4501 Christus,
2487 4438 2579 4508 qui
2611 4454 2718 4494 non
2745 4441 3002 4510 quaesivit
3031 4444 3175 4512 quod
3216 4443 3319 4517 sibi

1744 4522 2001 4579 decorem
2039 4526 2381 4594 conciliaret,
2413 4529 2507 4585 sed
2549 4532 2697 4602 quod
2740 4534 2998 4590 Ecclesiae
3029 4537 3315 4594 commoda

1744 4625 1912 4672 esset.
1949 4616 2083 4688 Ejus
2110 4619 2255 4674 enim
2302 4620 2525 4678 claritas
2565 4624 2744 4693 posita
2774 4633 2897 4679 erat
2932 4627 2986 4681 in
3038 4628 3319 4683 immorta.

1743 4708 1914 4776 litate,
1947 4725 2069 4779 qua:
2114 4711 2218 4781 ipsi
2258 4711 2581 4778 debebatur,
2628 4723 2683 4770 et
2713 4717 3050 4773 condecebat
3083 4738 3096 4774 :
3131 4728 3184 4774 at
3222 4722 3315 4776 Eo:

1742 4799 1922 4855 clesiaa
1952 4801 2102 4857 salus
2132 4802 2187 4855 in
2228 4803 2584 4860 mundatione
2615 4821 2646 4860 a
2679 4820 2904 4878 peccato
2936 4811 3320 4879 consistebat,

1742 4906 1864 4962 quae
1894 4893 2210 4950 nullatenus
2244 4904 2466 4966 peracta
2505 4907 2672 4963 esset,
2720 4901 2827 4956 nisi
2858 4902 3029 4957 vitam
3063 4904 3320 4974 inquina-

1744 4994 1853 5038 tam
1895 4984 2154 5040 Christus
2182 4994 2627 5051 trausmutassel,
2660 4990 2936 5048 destructa
2965 5009 3062 5064 per
3089 5004 3320 5048 mortem

1742 5076 2105 5133 similitudine
2146 5078 2317 5143 illius,
2354 5080 2431 5134 uti
2466 5084 2766 5141 morientes
2799 5101 2924 5140 cum
2969 5086 3091 5155 ipso
3123 5085 3193 5140 ab
3227 5086 3319 5140 illa

1744 5166 1873 5229 vita,
1905 5182 2069 5238 quam
2115 5176 2241 5224 ante
2289 5168 2652 5237 ducebamus,
2704 5174 3092 5229 eximeremur.
3149 5175 3320 5244 Atqui

1742 5259 1971 5326 hujusce
2028 5263 2446 5333 expurgationis
2496 5280 2664 5320 causa
2721 5267 3030 5337 baptismus
3083 5267 3315 5323 exstitit.

1740 5349 1894 5405 Hanc
1925 5351 2071 5406 enim
2107 5367 2302 5423 aquam
2341 5354 2617 5412 invoratio
2669 5373 2765 5427 per
2808 5358 3034 5411 verbum
3081 5358 3319 5411 comita-

1739 5449 1848 5507 tur,
1880 5457 1989 5512 qua
2021 5451 2211 5497 sancta
2266 5443 2596 5500 declaratur.
2652 5445 2955 5514 Nimirum,
3002 5445 3070 5501 In
3109 5449 3318 5501 nomine

1739 5529 1948 5595 Patris,
1972 5540 2022 5586 et
2058 5528 2227 5597 Filii,
2264 5543 2313 5588 et
2343 5532 2573 5603 Spiritus
2593 5538 2785 5591 sancti.

1812 5644 1974 5709 sts.
2028 5646 2224 5703 29-51.
2279 5667 2299 5700 ι
2358 5649 2531 5705 Nemo
2576 5651 2724 5706 enim
2787 5666 3030 5723 unquam
3090 5666 3312 5707 carnem

1738 5753 1892 5795 suam
1919 5739 2047 5794 odio
2082 5740 2310 5806 habuit,
2344 5742 2440 5797 sed
2473 5744 2651 5799 nutrit
2697 5751 2755 5799 et
2796 5743 2946 5800 fovet
2983 5760 3131 5808 eam,
3172 5744 3316 5801 sicut

1738 5840 1791 5887 et
1832 5830 2093 5889 Dominus
2122 5832 2441 5891 Ecclesiam.
2477 5835 2618 5903 Quia
2665 5838 2909 5893 membra
2963 5852 3157 5893 sumus
3182 5850 3312 5892 cor-
