4022 6424
672 432 772 498 851

1847 433 2247 501 8.’]ΟΛΝΝΙΕ

2351 442 2717 508 AMASCENI
3815 446 3896 508 852

671 546 820 614 poris
861 546 1014 615 ejus,
1066 547 1132 602 de
1173 564 1339 605 carne
1398 551 1554 621 ejus,
1614 559 1668 606 et
1712 554 1778 608 de
1829 553 2052 609 ossibus
2106 553 2244 624 ejus.

2351 557 2515 612 αὐτοῦ
2547 563 2611 614 ὲκ
2649 565 2748 634 τῆς
2786 562 2990 634 σαρκὸς
3040 561 3201 618 αὑτοῦ
3242 562 3338 615 καὶ
3366 562 3431 614 ἐκ
3458 559 3568 612 τῶν
3596 558 3800 610 ὀστέων
3820 559 3895 611 αὑ.

670 633 902 705 Propter
961 636 1066 691 hoc
1115 637 1389 708 relinquet
1441 640 1605 694 homo
1649 652 1858 710 patrem
1911 652 1964 696 et
2017 651 2246 697 matrem

667 740 844 792 suam,
901 735 956 780 et
998 727 1299 783 adhaerebit
1349 732 1506 784 uxori
1560 747 1690 797 suae,
1727 741 1783 787 et
1836 742 1997 788 erunt
2048 735 2156 788 duo
2191 736 2246 788 in

668 831 836 872 carne
872 833 1000 873 una.
1043 838 1061 871 ι

741 996 897 1068 191
943 995 999 1051 Si
1031 1013 1161 1053 caro
1190 999 1288 1051 \iri
1324 1010 1404 1054 est
1434 1016 1592 1063 uxor,
1627 1016 1853 1064 curam,
1894 1003 2106 1072 inquit,
2145 1004 2249 1058 lia-

669 1086 793 1141 beat
846 1088 1038 1152 illius,
1089 1089 1261 1143 veluti
1306 1091 1492 1145 carnis
1543 1106 1680 1160 suae,
1729 1092 1884 1158 Quod
1942 1094 1988 1148 si
2041 1095 2246 1151 srimus

669 1181 954 1236 Christum
980 1197 1104 1236 esse
1129 1197 1394 1252 sponsum
1427 1181 1721 1250 Ecclesiae,
1749 1199 1957 1254 nosque
1986 1186 2038 1239 in
2071 1202 2244 1240 mem-

673 1273 768 1325 bra
808 1288 910 1327 sua
942 1274 1259 1329 ell‘ormasse
1319 1290 1416 1343 per
1476 1276 1642 1329 vitam
1680 1291 1844 1346 quam
1879 1274 2117 1346 Spiritus
2145 1278 2245 1332 tri-

675 1364 805 1416 buat
841 1382 855 1418 :
900 1364 1051 1418 illum
1085 1380 1214 1436 ergo
1239 1363 1444 1420 Christi
1476 1367 1742 1423 adversus
1765 1365 2070 1423 Ecclesiam
2097 1383 2247 1424 amo-

667 1471 779 1510 rem
813 1457 1111 1512 imitemur.

737 1550 904 1608 Vens.
945 1553 1034 1607 5:2.
1067 1572 1085 1604 ι
1122 1554 1544 1609 Sacramentum
1571 1554 1674 1608 hoc
1702 1569 1960 1623 magnum
1992 1561 2077 1610 est
2103 1573 2114 1607 ε
2146 1568 2247 1625 ego

667 1651 848 1698 autem
885 1642 1009 1698 dico
1041 1645 1095 1698 in
1127 1644 1348 1700 Christo
1371 1685 1386 1707 ,
1420 1653 1474 1700 et
1507 1646 1563 1698 in
1600 1644 1868 1701 Ecclesia.
1905 1664 1924 1696 ι

748 1737 802 1790 ld
834 1739 980 1806 quod
1011 1738 1306 1808 spirituale
1332 1746 1416 1794 est
1443 1754 1568 1793 cum
1598 1739 1805 1794 carnali
1833 1738 2122 1806 conjunxit
2144 1780 2158 1800 ,
2189 1747 2247 1793 ut

671 1827 1042 1898 signiﬁcaret,
1095 1831 1199 1886 hoc
1231 1831 1380 1888 illius
1411 1834 1641 1902 figuram
1687 1847 1830 1888 esse.
1883 1831 2001 1887 l-loc
2047 1832 2246 1903 quippe

669 1921 833 1976 modo
904 1924 1221 1994 mysterium
1272 1932 1485 1996 gestum
1539 1933 1625 1981 est
1673 1924 1876 1979 latente
1925 1925 2029 1980 sub
2074 1927 2247 1995 figura
2279 1905 2320 1962 Β

669 2015 899 2068 veritate
943 2032 957 2070 :
1006 2030 1128 2070 cum
1184 2031 1380 2088 nempe
1433 2026 1649 2088 sumpta
1719 2033 1786 2072 ex
1824 2019 1944 2073 viro
1987 2019 2246 2084 muliere,

667 2123 840 2178 caque
919 2124 1042 2163 cum
1093 2112 1212 2165 viro
1261 2112 1551 2182 copulata,
1600 2110 1857 2168 Christus
1903 2121 1957 2168 et
2003 2111 2249 2166 Ecclesia

670 2204 1058 2276 figurarentur.
1092 2205 1379 2261 AChristo
1435 2207 1581 2261 enim
1638 2207 1904 2262 habemus
1950 2213 2007 2260 ut
2052 2220 2250 2260 secun-

669 2299 798 2351 dum
855 2299 1205 2354 sanctitatem
1237 2298 1412 2354 simus
1435 2342 1449 2366 ,
1483 2315 1544 2354 ac
1578 2315 1672 2370 per
1704 2299 2050 2356 sanctitatem
2093 2296 2251 2352 Chri-

666 2401 754 2446 sto
783 2391 904 2460 conj
914 2408 944 2447 u
954 2391 1186 2463 ngimur.

738 2484 903 2540 Vens.
948 2487 1039 2540 53.
1067 2504 1086 2537 ι
1125 2483 1528 2550 Verumtamen,
1568 2494 1618 2538 et
1657 2500 1757 2542 vos
1792 2483 2024 2552 singuli,
2068 2498 2245 2538 unus-

666 2577 899 2649 quisque
932 2594 1156 2634 uxorem
1193 2593 1349 2634 suam
1395 2578 1468 2632 ita
1516 2578 1705 2649 diligat
1769 2577 1912 2632 sicut
1961 2577 2243 2648 seipsum:

671 2683 810 2722 uxor
839 2680 1016 2723 autem
1049 2669 1238 2722 timeat
1267 2668 1441 2722 virum
1472 2683 1655 2721 suum.
1689 2686 1708 2719 ο

1305 2803 1458 2857 CAP.
1519 2803 1603 2858 Vl.

741 2910 906 2972 Vens.
955 2915 1002 2966 Ι,
1030 2932 1048 2964 ι
1070 2912 1215 2978 Filii,
1243 2915 1456 2968 obcdite
1485 2918 1806 2985 parentibus
1839 2920 2039 2973 vestris
2062 2919 2116 2971 in
2145 2917 2251 2971 Do-

672 3005 847 3064 tuino.
881 3005 994 3060 Hoc
1021 3009 1165 3060 enim
1189 3008 1402 3078 justum
1436 3019 1541 3064 est.
1570 3031 1588 3060 ι

740 3097 820 3152 Ad
862 3114 1076 3152 onmem
1121 3114 1279 3166 porro
1319 3101 1372 3154 in
1417 3104 1730 3157 universum
1776 3102 2076 3157 Ecclesiam
2126 3118 2248 3173 qua:

667 3189 886 3244 Christo
908 3192 1216 3259 copulatur,
1241 3207 1548 3247 sermonem
1585 3193 1817 3248 confert.
1840 3197 1897 3248 In
1924 3211 2250 3268 unaquaque

2348 651 2463 704 τοῦ.
2509 653 2656 705 Ἀντὶ
2683 653 2873 708 τούτου
2910 654 3224 724 καταλείψει
3263 652 3550 726 ἄνθρωπος
3587 650 3680 705 τὸν
3717 652 3900 722 πατέρι

2350 742 2514 796 αὑτοῦ
2551 745 2643 796 καὶ
2672 744 2770 816 τὴν
2805 745 3021 816 μητέρα
3043 787 3058 810 ,
3088 745 3182 798 καὶ
3215 742 3760 815 προσκολληθήσεται
3793 742 3899 811 apt;

2347 837 2446 907 τὴν
2480 842 2712 907 γυναῖκα
2749 839 2954 908 αὑτοῦ,
2989 841 3083 896 καί¹
3129 839 3344 894 ἔσονται
3389 840 3438 892 οἱ
3485 836 3581 890 δύο
3624 838 3707 900 είς
3754 833 3904 906 cipue

2354 927 2504 996 μίαν.
2548 949 2566 980 ι

2423 1019 2485 1072 Εἰ
2526 1019 2662 1092 σὰρξ
2689 1021 2780 1074 τοῦ
2828 1021 3019 1094 ἀνδρὸς
3054 1022 3086 1092 ἡ
3117 1019 3277 1092 γυνὴ,
3313 1019 3561 1093 κηδέσθω
3598 1016 3792 1086 αὐτῆς,
3823 1033 3906 1086 φηο

2351 1111 2454 1178 σὶν,
2495 1111 2572 1176 ὡς
2599 1113 2800 1184 σαρκός
2826 1129 2839 1141 ·
2870 1114 2965 1168 καὶ
3007 1114 3054 1167 εί
3083 1114 3317 1185 Χριστὸν
3349 1114 3510 1184 ἴσμεν
3538 1110 3739 1178 ὥσπερ
3770 1110 3902 1181 ἄνδρα

2349 1205 2449 1276 τῆς
2495 1207 2821 1277 Ἐκκλησίας
2858 1207 3008 1268 ὅντα,
3045 1209 3140 1262 καὶ
3178 1207 3316 1279 μέλη
3353 1207 3502 1276 ἡμᾶς
3539 1203 3746 1260 ἑαυτοῦ
3801 1221 3903 1257 κατ·-

2349 1299 2687 1352 εσκευακότα
2711 1299 2799 1352 διὰ
2827 1300 2924 1369 τῆς
2956 1301 3014 1354 ἐν
3044 1300 3324 1371 Πνεύματι
3356 1299 3526 1370 ζωῆς,
3551 1295 3897 1370 μιμείσῡωσαν

2352 1389 2451 1459 τὴν
2485 1390 2706 1461 ἀγαπὴν
2734 1389 2830 1442 τοῦ
2863 1388 3100 1461 Χριστοῦ
3131 1389 3228 1460 τὴν
3262 1389 3398 1460 πρὸς
3426 1388 3527 1458 τὴν
3575 1387 3891 1458 Ἐκκλησίαν.

2426 1591 2444 1617 ι
2486 1566 2560 1619 Τὸ
2601 1567 2902 1637 μυστήριον
2941 1565 3099 1620 τοῦτο
3149 1565 3294 1635 μέγα
3326 1564 3512 1618 ἐστίν·
3556 1560 3676 1632 ἐγὼ
3705 1560 3762 1614 δὲ
3793 1560 3895 1628 λέγω

2349 1661 2429 1722 εἰς
2459 1658 2728 1729 Χριστὸν,
2757 1657 2853 1712 καὶ
2879 1660 2959 1722 εἰς
2984 1658 3084 1726 τὴν
3123 1656 3470 1727 Ἐκκλησίαν.
3511 1674 3531 1707 ι

2423 1750 2635 1821 Συνῆψε
2658 1749 2719 1802 τὸ
2746 1749 3124 1820 πνευματικὸν
3142 1748 3220 1820 τῷ
3244 1747 3516 1822 σαρκικῷ,
3545 1745 3727 1799 τύπον
3752 1746 3894 1814 ἐκεινῳ

2351 1841 2542 1895 τούτου
2596 1841 2904 1908 ἀποδείξας.
2963 1840 3150 1904 Οὕτως
3204 1839 3312 1912 γὰρ
3369 1840 3585 1908 γίνεται
3638 1835 3892 1905 μυστήριεν

2352 1933 2807 2002 ἐγκεκρυμμένης
2833 1932 2932 2001 τῆς
2973 1930 3229 2001 ἀληθείας
3259 1931 3318 1984 ὲν
3354 1929 3432 2000 τῷ
3473 1928 3656 1999 τύπῳ,
3688 1928 3775 1981 ὃτι
3798 1927 3892 1993 X9:-

2351 2024 2474 2077 στὸν
2501 2023 2700 2078 ἑτύπου
2727 2027 2820 2077 καὶ
2840 2023 2939 2097 τὴν
2966 2021 3343 2092 Ἐκκλησίανὴ
3366 2020 3468 2091 τῆς
3487 2019 3757 2088 γυναικὸς
3780 2016 3894 2086 λῆψις

2347 2119 2409 2182 ἐξ
2450 2115 2662 2186 ἀνδρὸς,
2707 2117 2802 2170 καὶ
2835 2115 3100 2184 συνάφεια
3137 2113 3273 2185 πρὸς
3313 2111 3404 2165 τὸν
3443 2110 3640 2182 ἄνδρα.
3688 2110 3797 2163 Καὶ
3820 2108 3892 2176 γὰρ

2349 2210 2458 2263 ἀπὸ
2482 2208 2718 2280 Χριστοῦ
2744 2208 2804 2261 τὸ
2831 2203 2968 2261 εἶναι
2999 2207 3196 2277 ἔχομεν
3228 2203 3372 2259 κατὰ
3400 2202 3501 2275 τὴν
3526 2203 3816 2274 ἁγιότητα,
3833 2200 3888 2252 ul

2350 2302 2708 2373 ἁγιασθέντες
2742 2299 2963 2371 Χριστῷ
2995 2297 3285 2369 ὲνούμεθα.

2427 2500 2445 2532 ι
2486 2479 2634 2551 Πλὴν
2663 2478 2756 2533 καὶ
2784 2478 2942 2550 ὑμεῖς
2975 2478 3024 2530 οί
3068 2476 3269 2530 καθένα
3290 2515 3305 2541 ,
3335 2474 3571 2536 ἕκαστος
3608 2469 3714 2542 τὴν
3746 2466 3894 2523 tam}

2352 2575 2590 2642 γυναῖκα
2631 2572 2804 2635 οῦτως
2843 2571 3114 2641 ἀγαπάτω
3151 2569 3226 2633 ὡς
3257 2567 3484 2623 ἑαυτόν·
3523 2567 3560 2637 ἠ
3595 2564 3655 2618 δὲ
3687 2561 3899 2634 γυνὴίνε

2352 2665 2587 2735 φοϐῆται
2617 2665 2708 2718 τὸν
2735 2665 2923 2738 ἄνδρα.
2965 2687 2983 2718 ι

2951 2798 3201 2851 ΚΕΦΑΛ.
3245 2799 3335 2864 ς’.

2429 2937 2447 2969 ι
2484 2916 2565 2970 Τὰ
2592 2917 2776 2980 τέκνα,
2811 2913 3115 2967 ὑπακούετε
3146 2915 3256 2975 τοῖς
3271 2907 3519 2980 γονεῦσιν
3553 2904 3717 2960 ὑμῶν
3742 2906 3794 2957 ὲν
3813 2902 3902 2954 liu-

2354 3013 2474 3086 ρίῳ.
2504 3007 2676 3062 Τοῦτο
2701 3009 2809 3077 γάρ
2841 3007 2958 3059 ἐστι
2983 3005 3214 3059 δίκαιον.

2423 3101 2727 3163 Καθολικὸς
2780 3098 2879 3170 μὲν
2909 3097 3002 3151 οῦν
3033 3099 3062 3151 ὁ
3101 3097 3259 3166 λόγος
3286 3097 3366 3158 είς
3396 3094 3528 3164 ὃλην
3556 3092 3658 3163 τὴν
3710 3084 3905 3154 Ἐκκλη-

2355 3193 2475 3247 σίαν
2522 3189 2818 3261 ἑνουμένην
2866 3186 3106 3259 Χριστῷ.
3162 3187 3344 3240 Ἔστω
3395 3184 3453 3237 δὲ
3496 3185 3555 3236 ἐν
3595 3180 3805 3250 ἑκάστῃ
3832 3192 3908 3242 τδ-

669 3288 850 3337 autem
884 3283 1143 3348 muliere,
1163 3294 1216 3336 et
1241 3284 1292 3336 in
1319 3300 1647 3356 unoquoque
1672 3286 1789 3340 viro
1816 3288 2053 3357 perfecta
2079 3289 2247 3361 ﬁgura

2353 3282 2522 3348 variet,
2563 3281 2660 3335 καὶ
2706 3282 2764 3334 ὲν
2797 3280 3013 3350 ἑκάστῳ
3045 3277 3201 3347 ἀνδρὶ
3238 3274 3620 3344 τελειούμενος
3664 3273 3698 3324 ὁ
3737 3271 3905 3327 tam,

668 3373 760 3435 sit,
793 3381 851 3426 ut
879 3373 960 3426 vir
984 3372 1203 3443 quidem
1234 3374 1453 3446 diligat,
1485 3376 1677 3431 mulier
1707 3385 1885 3433 autem
1917 3380 2252 3452 obsequatur

667 3467 720 3518 in
750 3466 960 3521 timore.

743 3557 908 3614 Vens.
955 3560 1077 3616 2-4.
1116 3580 1134 3612 ι
1173 3561 1392 3616 llonora
1449 3571 1656 3632 patrem
1707 3574 1860 3621 tuum
1908 3578 1965 3623 et
2017 3577 2244 3625 matrem

674 3661 822 3708 tuam
846 3692 862 3716 ,
893 3655 1037 3723 quod
1067 3664 1153 3709 cst
1182 3655 1504 3709 mandatum
1544 3658 1781 3726 primum
1822 3663 1878 3714 in
1921 3663 2248 3732 promissio-

661 3758 770 3802 nc;
811 3754 866 3796 ut
900 3745 1036 3802 bene
1085 3748 1156 3801 sit
1188 3749 1322 3814 tibi,
1356 3759 1410 3805 et
1455 3753 1532 3806 sis
1584 3750 1864 3822 longaavus
1918 3769 2087 3824 super
2135 3764 2247 3810 ter-

661 3852 802 3890 ram.
837 3837 902 3891 Et
939 3856 1068 3905 vos,
1103 3850 1319 3910 patres,
1353 3845 1533 3899 nolite
1570 3845 1636 3898 ad
1673 3846 2012 3901 iracundiam
2049 3864 2246 3918 provo-

675 3945 804 3984 care
834 3932 976 3986 tilios
1008 3944 1256 4001 vestros;
1291 3938 1383 3990 sed
1413 3939 1647 3994 educate
1683 3940 1808 3994 illos
1849 3940 1904 3994 in
1949 3939 2247 4012 disciplina

670 4036 723 4079 rt
753 4027 1109 4096 correptione
1142 4026 1376 4082 Domini.
1408 4048 1426 4079 ι

735 4115 985 4170 Alterum
1017 4117 1120 4170 hoc
1146 4128 1230 4172 est
1261 4120 1609 4190 principatus
1637 4139 1808 4192 genus
1829 4167 1844 4190 ,
1871 4133 2162 4194 parentum
2190 4126 2245 4179 in

663 4205 845 4272 filios,
877 4207 1006 4278 quia
1044 4210 1358 4278 procreatio
1392 4211 1694 4268 liberorum
1746 4217 1971 4286 sequela
2017 4218 2245 4287 nuptia-

663 4311 786 4350 rum
815 4309 938 4352 est:
973 4307 1140 4368 atque
1171 4305 1551 4358 testimonium
1595 4307 1728 4377 legis
1769 4309 1993 4379 allegat.
2029 4309 2243 4365 Cuncta

665 4389 970 4458 siquidem,
1023 4409 1143 4464 quae
1203 4404 1429 4466 propter
1475 4396 1757 4457 Christum
1805 4400 2079 4468 facimus,
2131 4404 2248 4475 lege

666 4483 785 4552 ipsa
835 4493 974 4540 teste
1022 4486 1161 4540 bona
1209 4497 1343 4543 sunt
1394 4500 1448 4544 et
1491 4491 1682 4560 justa,
1715 4495 1833 4549 sive
1860 4509 1924 4550 ea
1955 4498 2247 4567 conceptis

2352 3377 2410 3430 ἐν
2432 3375 2622 3446 ἀγάπῃ
2656 3373 2756 3444 μὲν
2784 3372 2997 3443 ἀνδρὸς,
3028 3371 3273 3439 ὑποταγῇ
3301 3367 3356 3420 δὲ
3386 3365 3648 3436 γυναικὸς
3672 3365 3741 3416 ὲν
3766 3359 3907 3431 φόϐῳ.

2428 3576 2446 3608 ι
2483 3555 2634 3626 Τίμα
2677 3552 2767 3606 τὸν
2815 3551 3028 3622 πατέρα
3069 3549 3166 3602 καὶ
3195 3546 3294 3618 τὴν
3329 3543 3582 3617 μητέρα,
3620 3543 3751 3611 ἥτις
3790 3537 3911 3593 ὲστὶῖ

2351 3649 2543 3719 ἐντολὴ
2570 3645 2761 3719 πρώτη
2801 3647 2859 3698 ὲν
2891 3642 3212 3713 ἐπαγγελίᾳ,
3239 3639 3330 3694 ἵνα
3353 3635 3413 3692 εὖ
3447 3654 3532 3690 σοι
3556 3636 3811 3706 γένηται,
3838 3632 3910 3684 ni

2353 3744 2454 3815 ἔσῃ
2484 3741 2878 3813 μακροχρόνιος
2925 3739 3019 3791 ἐπὶ
3047 3736 3147 3805 τῆς
3177 3734 3300 3804 γῆς.
3345 3732 3458 3788 Καὶ
3494 3731 3545 3784 οἱ
3597 3729 3831 3800 πατέρες
3854 3723 3911 3794 μὴ

2355 3834 2716 3906 παροργίζετε
2742 3831 2810 3886 τὰ
2837 3830 3003 3883 τέκνα
3025 3829 3053 3881 ὑ
3064 3827 3200 3899 μῶν,
3237 3825 3353 3880 ἀλλ’
3381 3823 3686 3896 ἐκτρέφετε
3711 3820 3844 3875 αὐτὰ
3866 3819 3910 3869 ἐν

2353 3928 2576 3998 παιδείᾳ
2604 3925 2698 3979 καὶ
2727 3922 2983 3994 νουθεσίᾳ
3010 3919 3242 3996 Κυρίου.
3286 3938 3306 3970 ι

2421 4111 2662 4179 Δευτέρα
2684 4106 2848 4178 ἁρχὴ,
2880 4106 2915 4176 ὴ
2941 4101 3050 4158 τῶν
3081 4101 3310 4165 παίδων,
3337 4098 3530 4167 ἐπειδὴ
3552 4097 3654 4151 καὶ⁵
3680 4093 3905 4166 δεῦτεῴν

2350 4207 2467 4259 ἐστι
2493 4203 2630 4274 μετὰ
2649 4201 2739 4255 τὸν
2770 4199 2948 4270 γάμον
2980 4194 3312 4256 παιδοποιία,
3342 4193 3438 4246 καὶ
3471 4191 3563 4245 τὸν
3608 4191 3777 4260 νόμον
3817 4190 3909 4239 εἰσ·

2349 4299 2474 4367 άγει
2496 4297 2769 4366 μάρτυρα.
2790 4291 2975 4345 Πάντα
2993 4288 3101 4358 γὰρ
3127 4287 3228 4340 ὅσα
3248 4283 3518 4353 τελοῦμεν
3551 4282 3644 4335 διὰ
3672 4279 3908 4350 Χριςτὶν,

2353 4391 2715 4462 μαρτυρεῖται
2744 4384 2850 4440 ὑπὸ
2877 4382 2970 4436 τοῦ
2991 4381 3160 4454 νόμον
3183 4378 3326 4432 καλὰ
3348 4395 3406 4430 τε
3434 4373 3576 4430 εἶναι
3605 4376 3699 4429 καί
3727 4374 3912 4433 δίκαια,

2349 4483 2383 4552 ἢ
2419 4477 2696 4548 αὐτολεξεὶ
2727 4475 2997 4545 λεγόμενα
3019 4514 3033 4539 ,
3082 4471 3116 4543 ἢ
3165 4471 3415 4533 τυπικῶς
3453 4466 3912 4536 ῦποδεικνύμενα.

665 4575 847 4629 verbis
871 4578 1249 4645 enuntiantur,
1281 4581 1398 4637 sive
1427 4559 1660 4654 figurate
1690 4585 2038 4655 indicantur;
2061 4597 2117 4644 et
2135 4559 2242 4645 bo-

2351 4573 2446 4629 καὶ¹
2483 4571 2622 4642 καλὴ
2662 4572 2761 4641 τῆς
2804 4566 3016 4629 τελείας
3065 4563 3415 4627 διδασκαλίας
3471 4564 3507 4632 ἡ
3547 4559 3913 4662 παιδαγωγικῇ

665 4682 791 4720 num
837 4679 922 4724 est
970 4671 1246 4743 paedagogi
1275 4675 1652 4732 testimonium
1686 4679 1943 4748 perfecta:
1973 4681 2242 4745 doctrina:

663 4759 872 4814 datum.
908 4760 974 4816 [lt
1005 4780 1131 4817 vero
1181 4777 1516 4838 prmeeptum
1548 4769 1618 4825 de
1653 4772 1973 4840 parentibus
1997 4775 2241 4832 colendis

661 4852 1021 4907 veneratione
1048 4855 1272 4926 dignum
1309 4874 1433 4914 esse
1463 4861 1752 4925 ostendat,
1790 4862 1895 4917 hoc
1936 4871 2056 4918 tum
2100 4866 2241 4922 alio-

661 4957 782 4994 rum
844 4943 1115 5012 primum,
1173 4957 1287 5001 tum
1332 4950 1498 5004 etiam
1530 4967 1655 5005 cum
1687 4954 2092 5022 pollicitatione
2120 4973 2243 5027 pro-

661 5035 973 5088 nuntiatum
1000 5039 1105 5102 ait,
1132 5054 1252 5108 qua:
1276 5040 1498 5109 quidem
1535 5043 1863 5111 pollicitatio
1887 5046 2035 5116 jacet
2065 5047 2117 5100 in
2142 5047 2242 5102 De-

661 5127 876 5198 calogo.
902 5125 1012 5182 Lex
1038 5131 1239 5201 quippe
1269 5133 1443 5203 longae
1469 5137 1648 5190 aetatis
1679 5135 1853 5206 figura
1882 5138 2047 5192 vitam
2077 5149 2241 5197 aeter-

663 5234 788 5273 nam
825 5219 1136 5276 imitatione
1164 5229 1401 5293 quadam
1431 5225 1725 5282 adumbrat
1749 5229 1817 5282 ".
1846 5228 2034 5285 Primo
2058 5240 2243 5288 autem

663 5312 923 5368 mandato
950 5314 1383 5384 promissionem
1433 5318 1575 5374 hanc
1620 5321 1764 5376 Deus
1820 5323 2242 5391 adjunxit,cum

660 5414 902 5473 quatuor
927 5407 1065 5460 alias
1091 5409 1449 5477 prmmisisset
1471 5428 1592 5483 qua:
1622 5413 1690 5468 ad
1721 5415 1898 5486 ipsum
1927 5415 2093 5471 Deum
2121 5435 2244 5488 spe-

659 5499 916 5548 ctarent:
952 5497 1080 5566 quia
1123 5498 1352 5553 indubia
1383 5510 1468 5557 est
1497 5504 1876 5559 remuneratio
1911 5503 2138 5560 honoris
2172 5505 2242 5560 ab

659 5597 728 5634 eo
757 5586 851 5653 qui
886 5585 1215 5645 honoratur.
1250 5590 1434 5646 llonor
1465 5608 1593 5647 vero
1639 5595 1732 5663 qui
1779 5598 2108 5665 parentibus
2148 5613 2242 5653 ex-

2353 4666 2652 4740 μαρτυρία.
2712 4661 2912 4733 Τιμίαν
2957 4660 3014 4713 δὲ
3059 4657 3159 4734 τὴν
3211 4656 3430 4726 ἐντολὴν
3478 4655 3800 4724 ἀποφαίνων
3831 4649 3912 4718 τὴν

2353 4741 2483 4830 περὶ
2525 4756 2764 4825 γονέων,
2810 4753 2976 4823 φησὶν
3018 4749 3225 4820 αὐτὴν,
3273 4747 3369 4802 καὶ
3403 4747 3633 4818 πρώτην
3675 4747 3777 4798 καὶ
3811 4744 3913 4812 μετ’

2352 4849 2689 4918 ἐπαγγελίας
2719 4845 2994 4915 εἰρῆσθαι,
3040 4844 3160 4914 ἥτις
3190 4841 3495 4910 ἐπαγγελία
3527 4842 3586 4894 ὲν
3629 4835 3912 4904 Auxisti;

2353 4946 2548 4997 κεῖται.
2579 4939 2761 5002 Τύπον
2789 4937 2899 5008 γὰρ
2925 4937 2953 4989 ὁ
2988 4934 3151 5005 νόμος
3175 4933 3274 5004 τῆς
3299 4932 3522 4986 αἰωνίου
3557 4932 3700 5002 ζωῆς
3743 4929 3916 5000 μιμεῖ-

2352 5054 2442 5089 ται
2473 5034 2571 5104 τὴν
2597 5029 3036 5104 μακροημερίαν.
3069 5026 3266 5098 Πρώτη
3296 5025 3352 5078 δὲ
3380 5025 3570 5097 ἐντολῇ
3596 5023 3803 5094 ταύτην
3833 5022 3918 5087 τὴν

2353 5110 2686 5194 ἐπαγγελίαν
2727 5121 2943 5186 ἔζευξεν
2981 5121 3008 5172 ὁ
3033 5120 3186 5185 Θεὸς,
3213 5117 3562 5190 προεισάγων
3599 5115 3772 5180 ἄλλως
3804 5113 3922 5165 τέσ-

2351 5238 2525 5293 σαρας
2553 5220 2650 5281 τὰς
2674 5218 2753 5280 είς
2775 5215 2909 5268 Θεὸν
2933 5211 3241 5283 ἀνηκούσας
3259 5228 3273 5241 ο
3302 5211 3382 5264 ὅτι
3405 5210 3516 5262 τῶν
3539 5210 3632 5278 μὲν
3651 5209 3743 5270 είς
3770 5206 3923 5260 sint!

2347 5313 2521 5384 τιμῶν
2547 5308 2811 5382 πρόδηλος
2833 5309 2866 5378 ἡ
2893 5305 3247 5367 ἀνταπόδοσις
3277 5303 3428 5371 παρὰ
3456 5301 3553 5355 τοῦ
3584 5299 3925 5370 τιμωμένου.

2359 5408 2425 5460 Ἦ
2451 5406 2508 5458 δὲ
2547 5405 2625 5467 είς
2655 5401 2849 5471 γονέας
2888 5400 3048 5470 τιμὴ,
3085 5397 3215 5468 παρ’
3246 5395 3426 5449 αὐτῶν
3457 5397 3554 5448 οὐκ
3596 5392 3806 5471 ἔχουσα
3834 5390 3926 5460 τὴν

2348 5498 2705 5553 ἀνταπόδοσιν
2744 5495 2909 5562 λόγου
2942 5491 3120 5558 ἀξίαν,
3156 5490 3307 5561 παρὰ
3331 5489 3426 5543 τοῦ
3459 5487 3589 5543 Θεοῦ
3612 5488 3834 5559 ταύτην
3865 5483 3929 5539 δι’

2350 5588 2684 5660 ἐπαγγελίας
2715 5585 3032 5657 ἐκομίσατο.

661 5679 903 5747 hibetur,
953 5700 1077 5739 cum
1102 5687 1307 5755 justam
1341 5691 1643 5746 mercedem
1676 5693 1745 5750 ab
1776 5695 1857 5764 eis
1889 5711 1999 5752 non
2032 5695 2310 5762 obtineat,
2349 5694 2488 5751 hanc
2516 5709 2542 5748 a
2579 5693 2691 5748 Deo
2724 5703 2820 5763 per
2856 5685 3277 5762 promissionem
3305 5679 3504 5738 retulit.

733 5879 779 5912 "’
813 5881 988 5938 Exod.
1024 5900 1109 5949 κδ,
1141 5885 1222 5938 l2.
