4022 6410
138 438 225 505 853
1283 436 1363 494 ΙΝ
1404 431 1643 492 EPIST.
1677 430 1697 487 ί

1814 430 2204 492 EPHESIOS.

3270 435 3378 499 854

200 566 217 598 ι
254 548 314 599 Oi
356 544 553 609 δοῦλοι,
595 546 901 600 ὑπακούετε
924 549 1035 611 τοῖς
1069 547 1209 601 κατὰ
1251 549 1430 619 σάρκα
1476 547 1683 618 κυρίοις

1860 540 2027 598 Vens.
2072 544 2187 599 5-9.
2220 562 2238 595 ι
2275 542 2468 608 Servi,
2505 544 2721 601 ohedite
2767 545 3005 602 dominis
3058 548 3379 606 carnalibus

140 636 261 710 μετὰ
291 636 456 705 φόϐου
489 640 583 689 καὶ
631 637 865 707 τρόμου,
912 639 969 690 ὲν
1021 638 1283 707 ἁπλότητι
1325 636 1426 706 τῆς
1469 637 1694 708 καρδίας

139 729 295 799 ὑμῶν,
321 729 398 792 ὡς
428 727 507 798 τῷ
536 727 779 799 Χριστῷ,
814 729 888 799 μὴ
917 728 1035 782 κατ’
1060 727 1577 798 ὀφθαλμοδουλείαν,
1618 728 1694 791 ὡς

136 820 590 891 ἀνθρωπάρεσκοι,
621 821 735 873 ἀλλ’
759 821 834 884 ὡς
860 821 1033 874 δοῦλοι
1061 820 1154 873 τοῦ
1190 821 1448 892 Χριστοῦ,
1477 820 1695 874 ποιοῦν-

134 930 211 975 τες
236 913 296 965 τὸ
331 912 543 983 θέλημα
576 913 667 966 τοῦ
698 912 833 966 Θεοῦ
860 915 926 966 ὲκ
954 912 1152 983 ψυχῆς,
1188 912 1304 991 μετ’
1334 913 1546 977 εὐνοίας
1576 912 1696 966 δου-

136 1004 366 1066 λεύοντες
398 1004 474 1073 τῷ
508 1004 718 1075 Κυρίῳ,
748 1006 843 1058 καὶ
874 1005 973 1059 οὐκ
1008 1006 1335 1075 ἀνθρώποις.
1364 1004 1579 1065 Είδότες
1611 1004 1693 1055 ὅτι

134 1097 159 1150 ὃ
199 1098 290 1148 ἐάν
328 1111 380 1147 τι
413 1094 640 1158 ἕκαστος
672 1096 871 1167 ποίησῃ
920 1096 1123 1164 ἀγαθὸν
1147 1136 1162 1159 ,
1208 1094 1369 1148 τοῦτο
1420 1096 1693 1164 κομιεῖται

134 1188 269 1257 παρὰ
300 1186 391 1240 τοῦ
421 1188 658 1257 Κυρίου,
690 1190 799 1241 εἴτε
848 1188 1054 1253 δοῦλος,
1096 1189 1207 1242 εἴτε
1242 1187 1545 1257 ἐλεύθερος.
1587 1188 1695 1239 Καὶ

132 1281 174 1332 οἱ
203 1278 379 1349 κύριοι
407 1279 475 1333 τά
504 1280 645 1334 αὐτὰ
678 1284 878 1335 ποιεῖτε
909 1283 1045 1352 πρὸς
1080 1283 1296 1345 αὐτοὺς,
1330 1281 1567 1344 άνίεντες
1596 1279 1694 1350 τὴν

134 1372 384 1441 ἀπειλὴν,
429 1372 655 1437 εἰδότες,
686 1376 767 1428 ὅτι
795 1375 889 1429 καὶ
928 1376 1081 1444 ὑμῶν
1108 1375 1288 1428 αὐτῶν
1314 1377 1342 1427 6
1375 1374 1577 1444 Κύριός
1604 1376 1695 1426 ἐσο

135 1480 204 1514 τιν
249 1464 310 1515 ὲν
347 1464 597 1533 οὐρανοῖς
620 1505 635 1530 ,
681 1468 772 1518 καὶ
805 1465 1234 1536 προσωποληψία
1266 1465 1365 1518 οὐκ
1400 1464 1515 1517 ἔστι
1562 1464 1691 1535 παρ’

132 1553 284 1623 αὐτῷ.
332 1573 350 1606 ι

192 1646 356 1699 Πάλιν
409 1647 468 1699 τὸ
521 1647 763 1718 ὑπήκοον
816 1649 1107 1703 ὑποτάττει
1164 1651 1416 1723 πρῶτον,
1468 1647 1585 1704 εἶτα
1632 1650 1693 1703 τὸ

134 1738 445 1807 ἡγεμονικὸν
478 1739 723 1794 διδάσκει
771 1742 1141 1812 χρηστότητα.
1174 1743 1415 1813 Κυρίους
1446 1743 1502 1795 δὲ
1542 1742 1692 1795 κατὰ

136 1830 315 1899 σάρκα
352 1833 537 1902 λέγει,
578 1834 660 1887 ὅτι
685 1835 745 1887 οὐ
782 1834 1009 1902 φυσικὸν
1033 1837 1065 1905 ἡ
1090 1835 1409 1897 δεσποτεία,
1443 1834 1562 1887 οὐδὲ
1590 1849 1689 1886 πε-

1798 647 1921 687 cum
1952 636 2151 690 timore
2186 645 2239 689 et
2276 647 2544 700 tremore,
2576 637 2630 691 in
2668 638 3025 706 simplicitate
3052 639 3240 695 cordis
3280 657 3375 695 ve-

1798 725 1898 779 stri
1928 726 2071 779 sicut
2094 726 2316 782 Christo
2342 747 2353 781 :
2389 744 2493 782 non
2522 730 2590 783 ad
2620 732 2838 783 oculmn
2870 733 3192 797 servientes,
3218 732 3378 802 quasi

1798 816 2122 874 hominibus
2149 822 2460 891 placentes,
2494 823 2588 877 sed
2620 831 2680 877 ut
2712 824 2854 877 servi
2890 824 3099 879 Christi
3126 842 3140 884 ;
3176 825 3381 879 facien—

1796 916 1879 963 tes
1912 911 2247 965 voluntatem
2275 912 2373 968 Dei
2408 929 2475 967 ex
2507 917 2690 969 animo
2731 931 2855 969 cum
2893 917 3032 970 bona
3082 918 3367 970 voluntate

1796 1002 2099 1057 servientes
2134 1004 2405 1070 Domino,
2461 1015 2517 1061 et
2572 1021 2682 1061 non
2737 1008 3077 1064 hominibus.
3114 1010 3366 1064 Scienles

1796 1096 2055 1163 quoniam
2105 1098 2528 1168 unusquisque,
2590 1100 2965 1170 quodcunque
3027 1101 3221 1156 fecerit
3278 1101 3378 1156 bo—

1798 1202 1927 1238 num
1950 1226 1964 1249 ,
1999 1187 2101 1239 hoc
2129 1188 2356 1257 recipiet
2390 1204 2419 1241 a
2449 1187 2717 1256 Domino,
2756 1191 2874 1246 sive
2905 1208 3098 1247 servus
3120 1235 3134 1257 ,
3168 1194 3283 1247 sive
3315 1194 3380 1247 li-

1796 1275 1911 1329 ber.
1942 1275 2008 1329 Et
2040 1293 2158 1341 vos,
2193 1279 2424 1343 domini,
2452 1280 2641 1334 eadem
2675 1280 2838 1335 facite
2869 1283 2997 1346 illis,
3026 1284 3375 1339 remittentes
3428 1330 3431 1333 λ

1797 1366 2015 1431 minas;
2048 1368 2287 1423 scientes
2314 1370 2443 1439 quia
2472 1380 2526 1424 et
2558 1380 2802 1427 vestrum
2832 1373 3077 1442 ipsorum
3115 1376 3378 1428 Dominus

1794 1466 1879 1513 est
1907 1458 1962 1511 in
1995 1460 2156 1515 caelis
2177 1502 2192 1525 ,
2220 1469 2273 1515 et
2302 1464 2553 1533 acceptio
2580 1480 2945 1534 personarum
2977 1483 3084 1521 non
3120 1476 3204 1522 est
3235 1468 3377 1537 apud

1795 1550 1994 1621 ipsum.
2028 1570 2046 1601 ι

1870 1642 2027 1713 192
2071 1644 2334 1702 Subditos
2373 1648 2556 1702 denuo
2598 1648 2842 1719 primum
2885 1651 3146 1720 subjicit,
3181 1651 3381 1707 deinde

1796 1732 1918 1791 illos
1948 1737 2039 1805 qui
2072 1738 2151 1792 eis
2181 1739 2577 1808 prmﬁciuntur,
2613 1741 3018 1795 lmmanitatem
3057 1743 3238 1797 ducet.
3276 1744 3380 1798 lio-

1798 1828 1976 1884 tninos
2012 1837 2194 1884 autem
2258 1833 2331 1886 ait
2399 1832 2685 1887 secundant
2742 1849 2953 1888 carnem
2993 1852 3024 1888 :-
3058 1836 3379 1890 dominatus

135 1919 341 1995 'rmz'qtat
361 1943 444 1988 τις
462 1926 643 1993 δοῦλος
668 1927 875 1997 ἐτέρου,
904 1928 1153 1999 καθάπερ
1174 1927 1242 1981 τὰ
1273 1926 1386 1991 ζῶα
1408 1927 1477 1980 τά
1499 1929 1687 1995 ἄλογα.

1806 1920 1939 1973 enim
1971 1937 2077 1975 non
2115 1936 2199 1977 est
2232 1939 2260 1976 a
2297 1934 2493 1979 natura
2516 1967 2530 1985 .
2568 1942 2668 1981 nec
2700 1927 2991 1996 quisquam
3024 1943 3219 1982 servus
3248 1929 3382 1982 alte-

137 2020 231 2088 Τῆς
271 2020 424 2085 θείας
474 2020 530 2072 δὲ
579 2021 861 2085 δουλείας,
894 2022 960 2091 ἥν
1011 2022 1303 2092 ὑπέμεινεν
1335 2025 1363 2075 6
1402 2024 1459 2074 ὲν
1503 2022 1690 2074 δούλου

138 2115 300 2182 μορφῇ
331 2114 643 2182 γενόμενος,
678 2112 849 2175 τύπος
885 2115 1093 2181 γίνεται
1136 2117 1169 2185 ἡ
1205 2115 1520 2185 ἀνθρωπίνη
1553 2117 1693 2186 ὑπη-

133 2206 272 2273 ρεσία
288 2205 398 2257 τῶν
423 2205 678 2276 καθαρῶς
696 2206 1053 2260 δουλευόντων
1086 2210 1180 2261 καὶ
1202 2208 1487 2272 ἑκουσίως,
1512 2208 1588 2269 ὡς
1611 2210 1692 2271 είς

129 2294 246 2349 Θεὸν
283 2296 633 2369 ἀναγομένης
664 2298 763 2370 τῆς
794 2298 1055 2363 δουλείας.

195 2584 211 2617 ι
251 2562 363 2617 Τοῦ
401 2563 588 2618 λοιποῦ
626 2565 1021 2635 ἐνδυναμοῦσθε
1051 2568 1109 2619 ἐν
1146 2569 1358 2639 Κυρίῳ,
1396 2572 1489 2623 καὶ
1529 2574 1586 2624 ὲν
1614 2572 1691 2642 τῷ

132 2658 310 2727 κράτει
338 2658 441 2727 τῆς
475 2658 657 2730 ἰσχύος
685 2660 871 2712 αὐτοῦ.
916 2660 1237 2715 Ἐνδύσασθε
1267 2662 1364 2733 τὴν
1390 2666 1691 2719 πανοπλίαν

128 2751 210 2804 τοῦ
237 2750 379 2805 Θεοῦ
410 2751 544 2821 πρὸς
572 2752 633 2803 τὸ
657 2750 915 2804 δύνασθαι
946 2752 1089 2822 ὑμᾶς
1120 2754 1329 2823 στῆναι.
1376 2774 1393 2805 ι

195 2843 432 2911 Δύναμιν
466 2844 858 2913 προσγενέσθαι
880 2846 959 2898 δεῖ
984 2846 1081 2916 τὴν
1115 2848 1263 2916 παρὰ
1287 2847 1442 2910 Θεοῦ,
1470 2852 1581 2912 τοῖς
1613 2863 1692 2912 εις

131 2933 404 2989 ἀσθένειαν
442 2935 844 2987 καταπεσοῦσιν
898 2936 1240 3007 ἀνθρώποις,
1274 2939 1359 2991 ἴνα
1410 2938 1545 3011 λύσῃ
1595 2941 1694 3010 τὴν

131 3025 409 3079 ἀσθένειαν
442 3028 475 3097 ἡ
528 3028 626 3097 τῆς
662 3028 943 3098 δυνάμεως
983 3030 1343 3100 ἐπανάληψις.
1376 3032 1485 3101 Τὴν
1517 3032 1571 3084 δὲ
1613 3032 1694 3085 δύο

130 3136 282 3188 ναμιν
309 3118 517 3190 ταύτην
547 3120 753 3183 εἰκάζει
795 3122 1101 3191 πανοπλίᾳ,
1138 3123 1349 3193 δηλῶν,
1392 3126 1476 3177 ὅτι
1525 3124 1694 3178 καθά-

130 3225 224 3279 περ
250 3213 277 3263 6
302 3211 511 3280 γυμνὸς
538 3213 598 3264 οὐ
641 3212 861 3273 δυνατός
902 3215 1047 3267 ἐστιν
1074 3216 1153 3277 είς
1230 3218 1493 3285 πόλεμον,
1521 3216 1692 3280 οὕτως

1802 2014 1919 2068 rius
1954 2016 2213 2071 conditus
2248 2017 2385 2085 fuit,
2422 2018 2893 2088 quemadmodum
2928 2020 3087 2073 bruta
3133 2021 3384 2074 animan-

1803 2107 1895 2160 tia.
1933 2106 2141 2162 Diviuaa
2170 2126 2299 2163 vero
2331 2111 2613 2165 servitutis
2647 2111 2798 2165 illius
2823 2151 2838 2173 ,
2865 2128 3031 2181 quam
3074 2113 3120 2167 is
3161 2112 3384 2166 sustulit

1799 2200 1892 2269 qui
1925 2200 1977 2253 in
2021 2200 2194 2255 forma
2235 2203 2418 2257 factus
2457 2213 2541 2258 est
2573 2206 2753 2269 servi,
2781 2204 3011 2274 ﬁguram
3047 2204 3251 2274 prmhet
3279 2205 3384 2257 mi-

1798 2292 2087 2346 nisterium
2130 2294 2465 2360 humanum,
2504 2296 2649 2366 quod
2696 2305 2957 2367 prtestant
2998 2298 3075 2351 illi
3124 2298 3217 2366 qui
3262 2297 3375 2350 sin-

1798 2399 1921 2439 cere
1950 2393 2004 2440 et
2036 2396 2233 2455 sponte
2264 2388 2550 2453 serviunt,
2586 2397 2646 2443 ut
2682 2389 2748 2443 ad
2796 2388 2966 2445 Deum
3012 2390 3250 2445 servitus
3292 2389 3379 2442 illa

1802 2479 2102 2534 referatur.

1870 2569 2035 2627 Vens.
2078 2572 2176 2635 10,
2224 2574 2309 2627 ll.
2343 2595 2361 2625 ι
2397 2574 2473 2628 De
2524 2585 2759 2639 caetero,
2810 2574 3047 2637 fratres,
3094 2574 3381 2630 conforta—

1800 2662 1935 2714 Inini
1966 2661 2018 2714 in
2051 2662 2286 2715 Domino
2310 2704 2323 2726 ,
2353 2673 2407 2718 et
2456 2665 2512 2717 in
2557 2665 2800 2732 potentia
2850 2667 3077 2719 virtutis
3126 2665 3266 2734 ejus.
3299 2664 3382 2719 lu-

1801 2753 1949 2807 duite
1975 2770 2071 2809 \‘os
2101 2767 2437 2811 armaturam
2469 2756 2561 2810 Dei
2588 2796 2602 2818 ,
2632 2765 2689 2809 ut
2726 2758 2954 2826 possitis
2985 2766 3149 2812 stare.
3185 2776 3203 2809 ι

1874 2843 2063 2899 Virtus
2098 2849 2207 2901 illis
2241 2849 2556 2903 hominibus
2589 2850 2680 2918 qui
2715 2850 2769 2903 in
2797 2850 3170 2903 inﬁrmitatem
3199 2849 3385 2903 labun-

1804 2949 1913 3001 tur,
1943 2956 1972 2993 a
2012 2940 2119 2993 Deo
2148 2941 2376 2995 accedat
2407 2957 2633 2997 necesse
2658 2954 2743 2997 est
2765 2986 2779 3005 ,
2813 2958 2917 3012 qua
2948 2943 3183 3011 pellatur
3211 2941 3389 2996 imbe-

1803 3032 2009 3086 cillitas
2060 3035 2481 3102 recuperatione
2531 3035 2755 3089 virium.
2786 3033 2939 3088 llane
2968 3050 3097 3090 vero
3128 3035 3382 3087 virtutem

1804 3141 1929 3180 cum
1974 3128 2266 3191 oumigena
2296 3136 2578 3181 armatura
2609 3136 2921 3197 comparat,
2970 3135 3028 3181 ut
3081 3126 3382 3198 signiﬁcet,

1803 3218 2263 3287 quemadmodum
2292 3222 2382 3289 qui
2414 3220 2598 3275 nudus
2629 3229 2749 3285 est,
2781 3220 3110 3290 belligerare
3143 3234 3252 3273 non
3284 3234 3378 3288 po-

129 3305 153 3357 6
188 3304 506 3374 Πνεύματος
538 3306 822 3376 ἀμέτοχος,
848 3308 908 3360 οὐ
934 3308 1158 3371 δυνατὸς
1189 3309 1325 3383 πρὸς
1347 3282 1439 3362 τὸν
1463 3309 1561 3381 τὴν
1594 3328 1692 3363 κα-

1806 3318 1942 3374 test,
1969 3312 2048 3364 sic
2078 3328 2203 3365 eum
2237 3314 2329 3379 qui
2364 3314 2625 3382 Spiritum
2660 3313 3012 3382 tionTaccepit
3035 3352 3050 3375 ,
3095 3311 3265 3367 nullis
3299 3311 3385 3364 in-

129 3394 242 3447 κίαν
270 3396 705 3467 ἐξεργαζόμενον
740 3399 832 3453 τὸν
869 3400 1134 3457 διάϐολον.

195 3597 213 3628 ‹
253 3578 406 3647 Πρὸς
427 3580 527 3640 τὰς
557 3578 837 3646 μεθοδείας
860 3580 955 3632 τοῦ
982 3580 1252 3634 διαϐόλου.
1278 3583 1399 3636 Ὅτι
1432 3584 1529 3637 οὐκ
1552 3584 1699 3637 ἔστιν

126 3670 248 3739 ἡμῖν
277 3672 310 3741 ἡ
352 3670 501 3740 πάλη
552 3671 687 3741 πρὸς
714 3666 852 3740 αἷμα
888 3672 982 3724 καὶ
1027 3672 1225 3741 σάρκα,
1262 3673 1401 3726 ἀλλὰ
1436 3674 1571 3744 πρὸς
1599 3675 1699 3738 τάς

125 3761 310 3829 ἀρχὰς,
354 3762 496 3831 πρὸς
541 3765 667 3827 τοὺς
712 3766 1167 3837 κοσμοκράτορας
1195 3766 1290 3819 τοῦ
1342 3770 1564 3830 σκότους
1604 3768 1699 3821 τοῦ

126 3851 312 3915 αἰῶνος
348 3852 568 3917 τούτου,
606 3854 742 3923 πρὸς
775 3855 840 3907 τὰ
880 3854 1166 3925 πνεύματα
1209 3857 1309 3925 τῆς
1339 3859 1604 3928 πονηρίας
1644 3860 1700 3912 ἐν

122 3950 226 4011 τοῖς
251 3948 393 4001 ἑπου
405 3949 626 4017 ρανίοις.
652 3949 750 4001 Διὰ
772 3946 929 4000 τοῦτο
956 3947 1251 4002 ἀναλάϐετε
1273 3949 1371 4020 τὴν
1396 3952 1699 4004 πανοπλίαν

126 4039 209 4091 τοῦ
238 4040 406 4105 Θεοῦ,
453 4041 537 4094 ἵνα
568 4041 837 4112 δυνηθῆτε
873 4042 1191 4111 ἀντιστῆναι
1231 4044 1288 4094 ἐν
1314 4046 1380 4113 τῇ
1417 4044 1603 4116 ἡμέρᾳ
1632 4050 1698 4115 τῇ

123 4138 329 4205 πονηρᾷ
351 4175 365 4195 .
402 4134 498 4188 καὶ
526 4134 740 4188 ἅπαντα
770 4136 1244 4205 κατεργασαμένοι
1274 4136 1484 4206 στῆναι.
1524 4156 1541 4190 ι

182 4227 526 4281 Μεθοδείαν
552 4228 719 4298 αὐτὴν
743 4227 919 4291 καλεῖ,
944 4227 1041 4298 τὴν
1064 4228 1157 4280 τοῦ
1178 4229 1423 4281 διαϐόλου
1457 4248 1627 4283 κακου
1638 4247 1697 4300 ρ-

117 4319 270 4385 γίαν.
305 4322 395 4373 ὅτι
430 4322 529 4373 οὐκ
558 4317 617 4385 ἐξ
660 4320 876 4383 εὐθείας
914 4321 943 4373 ὂ
993 4320 1241 4390 βούλεται
1293 4324 1698 4375 κατασκευάσαι

117 4411 416 4473 δείκνυσιν,
460 4411 599 4464 ὥστε
639 4412 712 4481 μὴ
757 4411 1010 4480 γενέσθαι
1044 4414 1370 4483 κατάφωρος
1394 4454 1408 4474 ,
1440 4413 1554 4466 ἀλλ’
1585 4414 1701 4465 ἓτε-

117 4519 204 4570 ρον
237 4502 435 4572 ἑαυτῷ
476 4501 777 4570 περιτιθεὶς
810 4504 1171 4572 προσωπεῖον,
1194 4502 1357 4573 ἕτερα
1388 4503 1695 4557 τεκταίνει’

117 4594 205 4647 καὶ
246 4595 511 4661 καθάπερ
548 4594 804 4664 πολέμιος
844 4595 1149 4664 κακουργὸς
1183 4594 1334 4647 πόλει
1379 4595 1700 4666 προσϐαλὼν

117 4687 204 4739 καὶ
245 4687 503 4757 τείχεσι,
548 4686 797 4739 κάτωθεν
846 4686 1144 4757 ὑπορύττει
1191 4685 1504 4752 λανθάνων,
1558 4687 1699 4741 ὥστε

114 4778 283 4849 ταύτῃ
317 4777 587 4845 γενέσθαι
622 4777 1013 4846 δυσφύλακτος,
1051 4778 1148 4831 καὶ
1176 4777 1521 4845 κατορθῶσαι
1557 4778 1702 4849 ἅπερ

115 4864 481 4919 ἐσπούδακεν.

182 4977 201 5008 ι
249 4958 440 5025 Στῆτε
474 4951 567 5011 οῦν
608 4959 1048 5030 περιζωσάμενοι
1086 4960 1186 5030 τὴν
1249 4960 1423 5028 ὀσφὺν
1460 4959 1615 5030 ὑμῶν
1646 4961 1703 5013 ὲν

110 5048 368 5121 ἀληθείᾳ,
412 5050 510 5103 καὶ
545 5051 893 5122 ἐνδυσάμενοι
941 5053 1033 5105 τὸν
1070 5051 1295 5123 θώρακα
1340 5052 1441 5119 τῆς
1489 5052 1702 5106 δικαιο-

112 5142 310 5211 σύνης,
345 5143 451 5196 καὶ
482 5143 885 5214 ὑποδησάμενοι
934 5144 1061 5208 τοὺς
1097 5145 1267 5207 πόδας
1304 5146 1363 5197 ὲν
1415 5145 1705 5217 ἑτοιμασίᾳ

107 5234 199 5287 τοῦ
242 5234 597 5303 Εὐαγγελίου
628 5236 728 5305 τῆς
760 5238 1005 5307 εἰρήνης.
1051 5238 1173 5291 Ἐπὶ
1204 5240 1369 5292 πᾶσιν
1408 5238 1704 5292 ἀναλαϐόν-

107 5344 193 5386 τες
223 5328 325 5380 τὸν
362 5326 563 5395 θυρεὸν
588 5328 686 5397 τῆς
721 5329 984 5393 πίστεως,
1021 5329 1079 5382 ὲν
1112 5322 1156 5398 ᾧ
1195 5330 1491 5401 δυνήσεσθε
1524 5331 1705 5386 πάντα

104 5415 170 5468 τά
212 5417 357 5486 βέλη
425 5416 519 5468 τοῦ
558 5418 795 5489 πονηροῦ
849 5418 919 5471 τά
952 5420 1328 5491 πεπυρωμένα
1364 5420 1556 5474 σϐέσαι
1610 5423 1705 5474 καὶ

104 5510 203 5579 τὴν
236 5510 695 5578 περικεφαλαίαν
737 5512 829 5565 τοῦ
874 5514 1143 5584 σωτηρίου
1184 5512 1432 5578 δέξασθε,
1474 5514 1569 5567 καὶ¹
1605 5513 1705 5583 τὴν

107 5602 410 5673 μάχαιραν
455 5601 553 5653 τοῦ
602 5601 946 5672 πνεύματος·
989 5604 1019 5657 ὃ
1063 5605 1177 5656 ἐστι
1228 5606 1380 5675 ῥῆμα
1415 5603 1588 5665 Θεοῦ,
1616 5603 1707 5657 διά

104 5696 295 5765 πάσης
349 5695 671 5765 προσευχῆς
722 5697 815 5748 καὶ
854 5695 1129 5766 δεήσεως,
1179 5697 1611 5766 προσευχόμενοι
1646 5697 1704 5749 ὲν

102 5790 273 5840 παντὶ
297 5785 493 5855 καιρῷ
517 5787 575 5838 ὲν
599 5786 892 5857 πνεύματι,
919 5788 1013 5841 καὶ
1043 5788 1123 5850 εἰς
1152 5788 1285 5840 αὐτὸ
1310 5787 1467 5841 τοῦτο
1490 5789 1705 5859 ἀγρυπ-

102 5881 341 5946 νοῦντες
373 5882 445 5935 ὲν
471 5881 618 5953 πάσῃ
654 5880 985 5954 καρτερήσει
1013 5883 1107 5936 καὶ
1136 5882 1338 5952 δεήσει.
1378 5901 1397 5934 ι

1802 3411 2073 3456 structum
2103 3403 2314 3458 viribus
2345 3421 2467 3460 esse
2496 3406 2759 3459 adversus
2800 3403 3113 3466 diabolum,
3140 3403 3232 3474 qui
3266 3416 3382 3455 ma-

1801 3496 1931 3551 litia:
1962 3504 2047 3550 est
2078 3504 2295 3551 auctor.

1878 3608 1896 3641 ι
1924 3589 2206 3645 Adversus
2239 3589 2471 3643 insidias
2504 3588 2731 3642 diaboli.
2755 3585 2946 3657 [Vsus
2978 3585 3065 3649 12,
3094 3584 3207 3656 13.]
3230 3584 3379 3651 Quo-

1802 3680 1947 3735 niam
1982 3696 2091 3735 non
2121 3691 2205 3735 est
2240 3682 2400 3735 nobis
2431 3680 2754 3735 colluctatio
2783 3680 3048 3733 adversus
3078 3692 3301 3731 carnem
3328 3683 3384 3729 et

1802 3772 2123 3842 sanguinem
2149 3814 2163 3833 .
2198 3773 2294 3827 sed
2323 3772 2593 3825 adversus
2628 3769 2970 3839 principatus
3020 3776 3077 3822 et
3136 3771 3381 3836 potesta—

1804 3872 1885 3917 tes
1919 3879 1934 3928 ;
1984 3863 2251 3917 adversus
2283 3869 2526 3915 rectores
2558 3860 2744 3913 mundi
2772 3900 2786 3921 ,
2819 3859 3171 3911 tenebrarum
3216 3856 3383 3925 hujus

1804 3956 1986 4010 sa-culi
2012 3994 2026 4017 ,
2062 3964 2257 4009 contra
2314 3953 2630 4023 spiritualia
2665 3951 2926 4020 nequitia:
2956 3950 3009 4003 in
3037 3947 3378 4003 cmlestibus.

1802 4045 2098 4115 Propterea
2130 4044 2363 4113 accipite
2391 4050 2728 4097 armaturam
2763 4039 2858 4094 Dei
2879 4046 2938 4093 ut
2968 4040 3193 4108 possitis
3251 4053 3379 4093 sus-

1798 4146 1972 4190 tinere
2004 4137 2058 4189 in
2086 4136 2176 4190 die
2202 4134 2345 4188 mala
2366 4173 2380 4195 ,
2408 4142 2463 4187 et
2494 4131 2750 4193 omnibus
2785 4130 3060 4200 superatis
3090 4136 3255 4184 stare.
3291 4147 3310 4179 ι

1871 4229 2033 4281 Artes
2059 4236 2113 4281 et
2140 4226 2364 4279 insidias
2396 4234 2556 4279 vocat
2582 4225 2888 4278 versutiam
2917 4222 3160 4283 diaboli,
3186 4220 3386 4291 quippe

1802 4322 1899 4391 qui
1930 4336 2037 4374 non
2069 4322 2253 4375 statim
2284 4330 2336 4375 et
2374 4327 2519 4373 recta
2566 4324 2840 4372 monstrat
2878 4315 3013 4385 quid
3056 4316 3186 4368 velit
3216 4316 3385 4367 conﬁ-

1804 4428 1961 4483 cere,
2015 4428 2084 4466 ne
2137 4412 2621 4481 deprehendatur:
2668 4409 2765 4465 sed
2804 4424 3041 4479 persona
3090 4408 3257 4461 altera
3295 4425 3384 4461 as-

1805 4517 2058 4573 sumpta,
2115 4504 2366 4573 quaedam
2414 4504 2521 4557 alia
2569 4504 2796 4556 molitur
2838 4519 2851 4554 :
2908 4501 3053 4555 haud
3099 4515 3263 4555 secus
3321 4514 3385 4552 ac

1732 4632 1777 4689 Β
1808 4596 1957 4651 vafer
2007 4597 2184 4652 hostis
2228 4598 2418 4651 urbem
2460 4605 2515 4651 et
2556 4611 2745 4654 muros
2787 4594 3190 4664 oppugnando,
3228 4594 3380 4647 clam

1806 4688 1949 4747 infra
1981 4689 2241 4754 sutfodit,
2270 4700 2330 4743 ut
2359 4688 2570 4743 civitati
2654 4703 2799 4758 πει-ο
2832 4704 2860 4739 a
2896 4702 2956 4742 se
3000 4694 3281 4749 caveatur,
3315 4694 3371 4739 et

1804 4782 1923 4852 ipse
1949 4783 2080 4837 illud
2112 4792 2291 4853 patret
2320 4784 2376 4837 in
2405 4781 2552 4854 quod
2582 4782 2829 4836 enititur.

1882 4959 2047 5015 Vsus.
2094 4960 2279 5014 14-18.
2310 4979 2328 5011 ι
2360 4959 2512 5013 State
2543 4975 2675 5028 ergo
2706 4958 2982 5014 succincti
3029 4958 3249 5011 lumbos
3290 4972 3383 5006 ve-

1808 5064 1955 5109 stros
1981 5054 2036 5106 in
2063 5054 2291 5107 veritate
2312 5091 2327 5115 ,
2359 5061 2414 5105 et
2445 5051 2616 5103 induti
2650 5052 2876 5104 loricam
2901 5049 3159 5118 justitiaa,
3190 5056 3244 5101 et
3270 5047 3385 5100 cal-

1808 5144 1951 5198 ceati
1982 5144 2151 5213 pedes
2188 5143 2240 5195 in
2276 5142 2730 5213 praeparationem
2774 5139 3055 5209 Evangelii
3102 5136 3274 5208 pacis.
3328 5134 3384 5188 In

1807 5238 2072 5292 omnibus
2099 5244 2379 5290 sumentes
2409 5243 2625 5291 scutum
2680 5232 2838 5297 ﬁdei,
2890 5233 2944 5285 in
2994 5247 3104 5301 quo
3158 5229 3385 5299 possitis

1808 5331 1995 5391 omnia
2023 5332 2127 5384 tela
2149 5329 2477 5399 nequissimi
2507 5328 2666 5398 ignea
2692 5327 3065 5393 exstinguere.
3094 5324 3157 5377 Et
3175 5322 3381 5391 galeam

1808 5423 2008 5478 salutis
2061 5423 2362 5485 assumite,
2413 5431 2467 5481 et
2509 5419 2755 5489 gladium
2802 5418 3035 5486 spiritus
3077 5414 3265 5485 (quod
3300 5423 3385 5467 est

1808 5515 2035 5573 verbum
2068 5513 2199 5580 Dei)
2231 5529 2326 5583 per
2355 5528 2576 5567 omnem
2611 5511 2923 5565 orationem
2954 5520 3008 5562 et
3046 5506 3384 5563 obsecratio-

1809 5623 1932 5663 nem
1956 5646 1970 5671 ,
2008 5615 2235 5661 orantes
2269 5606 2418 5661 omni
2459 5614 2709 5674 tempore
2749 5603 2805 5656 in
2846 5600 3080 5671 spiritu,
3113 5609 3168 5654 et
3208 5602 3260 5651 iu
3305 5597 3386 5650 id-

1806 5700 1985 5770 ipsum
2025 5698 2312 5770 vigilantes
2377 5697 2432 5759 in
2481 5695 2628 5751 omni
2703 5692 2962 5749 instantia
3025 5698 3079 5745 et
3134 5688 3386 5744 obsecra-

1807 5792 1978 5851 tione.
2004 5809 2026 5844 δ
