4022 6420
653 437 761 505 855

1872 434 1934 497 S.
1962 437 2281 499 JOANNFS
2322 440 2752 503 DAMASCENI
3728 463 3799 527 855

726 553 908 619 Quare
938 567 1100 619 vero,
1145 554 1201 606 in
1242 552 1460 606 veritate
1484 551 1511 606 .9
1542 551 1731 607 illusio
1765 551 2229 621 mendaciumque

2404 556 2502 611 Διὰ
2541 558 2618 652 τί,
2653 558 2723 611 ἐν
2750 558 3037 628 (unedo;
3075 560 3391 633 ἑμπαιγμδς
3426 563 3495 628 δὲ,
3517 568 3595 621 καὶ
3612 570 3802 652 ψεῦδοςή

653 659 739 706 est
780 650 985 715 libido,
1031 667 1095 706 ac
1126 664 1473 721 nequaquam
1520 663 1651 703 vera
1689 648 1943 716 voluptas
1978 653 2101 709 est,
2138 647 2233 700 sed

658 743 852 799 umbra
880 742 1204 813 voluptatis.
1236 742 1373 797 Illud
1415 756 1547 812 ergo
1579 754 1721 795 verae
1751 736 2052 807 voluptatis
2100 752 2234 791 con-

655 835 838 901 venit,
864 835 1104 891 castitati
1134 835 1415 890 nimirum.

735 945 755 977 ι
782 926 887 980 Pro
918 926 1176 982 omnibus
1205 926 1432 991 sanctis,
1457 921 1648 996 [Vens
1683 920 1869 994 19-21]
1890 928 1944 977 et
1996 936 2097 993 pro
2122 934 2233 985 me,

657 1030 717 1077 ut
751 1022 914 1077 detur
942 1021 1076 1075 mihi
1113 1036 1297 1077 sermo
1328 1020 1385 1073 in
1414 1019 1700 1089 apertione
1729 1018 1845 1072 oris
1875 1015 1983 1071 mei
2011 1030 2139 1071 cum
2175 1014 2237 1068 fi-

656 1114 861 1179 ducia,
896 1123 1085 1168 notum
1137 1113 1317 1168 facere
1371 1111 1697 1182 mysterium
1753 1109 2083 1181 Evangelii;
2136 1122 2237 1179 pro

656 1221 769 1276 quo
803 1206 1072 1276 legatione
1102 1206 1296 1274 iungor
1324 1206 1377 1259 in
1413 1213 1641 1273 catena,
1672 1205 1745 1259 ita
1775 1213 1833 1259 ut
1874 1205 1929 1257 in
1972 1198 2094 1273 ipso
2132 1217 2235 1255 au-

590 1330 600 1339 -
656 1301 853 1365 deam,
884 1306 1049 1370 prout
1078 1308 1295 1371 oportet
1331 1316 1417 1355 me
1462 1300 1634 1370 loqui.
1691 1298 1766 1355 Ut
1808 1309 1994 1354 autem
2041 1305 2097 1352 et
2136 1311 2237 1353 vos

656 1393 849 1449 sciatis
879 1409 1000 1463 quae
1028 1394 1179 1449 circa
1212 1410 1298 1448 me
1326 1401 1480 1449 sunt.
1512 1412 1532 1445 ι

728 1484 848 1556 Ipse
892 1502 1110 1557 quoque
1160 1486 1423 1541 Dominus
1471 1483 1856 1541 indesinenter
1894 1481 2237 1539 orationibus

657 1577 865 1633 instare
897 1579 1146 1649 praecipit
1176 1578 1243 1643 ⁸⁸,
1278 1587 1333 1633 et
1372 1576 1579 1633 Paulus
1610 1578 1805 1648 spiritu
1842 1576 2109 1631 orandum
2138 1576 2238 1630 do-

654 1678 745 1722 cet
793 1669 859 1733 δ’,
912 1669 1015 1723 hoc
1056 1678 1143 1725 est
1188 1678 1404 1735 mente,
1461 1686 1562 1725 nec
1603 1685 1700 1724 ore
1747 1679 1913 1723 tenus
1945 1667 2236 1722 duntaxat.

658 1761 857 1818 Multas
884 1773 1069 1817 autem
1099 1764 1387 1819 orationes
1418 1764 1583 1829 dicit,
1610 1766 1739 1834 quia
1772 1776 1871 1833 pro
1905 1760 2094 1817 multis
2122 1760 2242 1816 fun-

655 1857 845 1910 denda:
871 1866 1026 1911 erant
1044 1896 1059 1919 ,
1084 1866 1213 1926 puta
1245 1873 1341 1927 pro
1372 1858 1582 1912 sanctis
1612 1856 1893 1919 omnibus,
1919 1862 1973 1910 et
2008 1869 2109 1925 pro
2132 1870 2191 1910 se
2216 1872 2232 1909 :

656 1948 788 2017 quia
825 1957 1112 2002 strenuum
1148 1949 1250 2017 ipsi
1283 1964 1421 2018 opus
1455 1948 1847 2012 incumbebat,
1878 1948 1952 2001 ita
1991 1953 2050 2001 ut
2082 1945 2234 2002 illius

656 2055 828 2096 causa
860 2040 1083 2095 vinctus
1122 2040 1349 2095 Romam
1387 2041 1590 2096 missus
1620 2048 1787 2096 esset.

735 2131 891 2201 193
922 2150 940 2182 ι
980 2130 1181 2186 Omnia
1216 2132 1372 2187 vobis
1417 2141 1546 2186 nota
1589 2130 1752 2186 faciet
1778 2130 2057 2202 Tychicus
2090 2128 2228 2183 cha-

658 2224 921 2279 rissimus
989 2222 1184 2288 frater,
1234 2232 1288 2279 et
1324 2223 1499 2279 fidelis
1557 2222 1815 2277 minister
1860 2222 1914 2275 in
1962 2220 2232 2284 Domino,

661 2314 852 2388 [νειιε.
888 2315 981 2381 22,
1016 2314 1110 2388 23]
1164 2331 1327 2385 quem
1376 2315 1503 2371 misi
1552 2316 1618 2369 ad
1659 2330 1761 2369 vos
1793 2313 1848 2367 in
1896 2313 2000 2368 hoc
2033 2311 2234 2381 ipsum,

658 2420 717 2462 ut
739 2407 1095 2478 cognoscatis
1121 2422 1242 2475 quae
1276 2407 1426 2461 circa
1479 2421 1582 2461 nos
1612 2413 1765 2471 sunt,
1817 2411 1873 2459 et
1920 2402 2238 2458 consoletur

657 2500 828 2557 corda
860 2509 1066 2555 vestra.
1100 2498 1213 2554 Pax
1259 2500 1551 2565 fratribus,
1586 2507 1642 2555 et
1682 2500 1933 2554 charitas
1963 2512 2088 2551 cum
2129 2496 2237 2552 fide

661 2610 689 2647 a
721 2591 833 2647 Deo
895 2591 1060 2647 Patre
1107 2599 1161 2647 et
1196 2591 1424 2647 Domino
1452 2590 1582 2648 Jcsu
1615 2591 1865 2648 Christo.
1896 2590 2081 2645 Gratia
2109 2605 2235 2645 cum

655 2683 917 2739 omnibus
952 2683 1046 2753 qui
1077 2680 1319 2754 diligltnt
1376 2682 1667 2739 Dominum
1721 2692 1981 2739 nostrum
2046 2682 2234 2738 Jesum

654 2776 939 2831 Christum
974 2776 1029 2830 in
1065 2775 1723 2845 incorruptione.Amen.
1759 2792 1778 2826 ι

726 2865 919 2920 Sancti
950 2866 1233 2933 laetantur,
1266 2865 1490 2936 quando
1514 2880 1657 2935 Opus
1678 2873 1931 2920 sanctum
1967 2881 2236 2937 prospere

656 2957 933 3013 succedit.
971 2956 1186 3013 ldcirco
1228 2956 1489 3013 Ecclesiis
1518 2958 1797 3030 significat
1822 2973 1947 3029 quae
1997 2958 2105 3013 sibi
2139 2974 2234 3014 ac-

656 3048 912 3103 ciderint.

728 3139 977 3209 Epistola
1001 3139 1072 3194 ad
1094 3138 1347 3209 Ephesios
1378 3137 1547 3193 Roma
1584 3139 1788 3206 scripta
1810 3150 1890 3195 est
1916 3157 2008 3211 per
2037 3140 2233 3212 Tychi-

658 3252 800 3291 cum.
841 3234 1035 3291 Versus
1054 3234 1180 3289 512.

743 3413 789 3445 ⁸³
818 3412 951 3469 Luc.
993 3428 1146 3478 xvtu,
1180 3412 1234 3477 Ι,
1311 3411 1359 3445 ⁸⁸
1384 3410 1404 3465 l
1430 3409 1559 3466 Cor.
1597 3425 1710 3475 xxv,
1744 3408 1839 3465 15.

2154 3609 2186 3621 a—

1125 3801 1301 3892 ΕΙΣ
1428 3798 2076 3889 ΕΠΙΣΤΟΛΗΝ

1231 4156 1355 4246 ΙΝ

1157 4490 1385 4548 CAPUT
1410 4490 1712 4549 PRIMUM.

734 4603 885 4657 Vens
943 4608 994 4664 t,
1028 4604 1084 4657 2.
1134 4623 1152 4654 ι
1184 4603 1387 4659 Paulus
1408 4613 1464 4658 et
1504 4604 1829 4663 Timotheus
1862 4624 2059 4663 servus
2104 4602 2234 4664 .‘esu
2269 4592 2314 4647 θ

666 4692 899 4756 Christi.
932 4697 1189 4751 omnibus
1224 4700 1439 4754 sanctis
1472 4699 1524 4752 in
1541 4699 1765 4755 Christo
1793 4700 1947 4763 Jcsu,
1980 4702 2072 4771 qui
2108 4708 2238 4756 sunt

668 4784 961 4856 Philippis.
1002 4804 1127 4841 cum
1147 4792 1425 4861 episcopis
1456 4801 1511 4848 et
1536 4793 1810 4848 diaconis.
1865 4793 2054 4848 Gratia
2078 4795 2238 4850 vobis

666 4886 720 4931 et
747 4895 848 4947 pax
875 4896 903 4931 ιι
933 4879 1043 4934 Deo
1075 4881 1237 4937 Patre
1290 4892 1479 4939 nostro
1518 4893 1572 4939 et
1624 4884 1855 4940 Domino
1896 4885 2028 4942 Jcsu
2070 4886 2238 4942 Chri-

670 4980 777 5022 sto.
824 4988 841 5018 ι

740 5060 1041 5131 Epistolam
1109 5062 1250 5115 hanc
1304 5064 1501 5117 scribit
1555 5065 1621 5118 ad
1654 5066 1906 5119 homines
1931 5066 2026 5134 qui
2057 5066 2113 5120 in
2135 5067 2239 5119 do-

666 5153 849 5205 ctrina
920 5150 1295 5219 profecerant.
1373 5152 1742 5217 Quamobrem
1812 5154 2073 5225 dOgmata
2130 5172 2241 5211 non

668 5243 870 5311 tangit,
907 5257 1143 5311 quorum
1174 5244 1411 5299 scientia
1451 5246 1588 5299 satis
1611 5255 1765 5300 erant
1792 5247 2073 5313 instructi,
2112 5264 2237 5303 cum

670 5335 878 5391 rﬂatim
911 5352 975 5390 ea
1018 5337 1089 5391 ab
1144 5338 1413 5408 Apostolo
1439 5338 1560 5408 ipso
1586 5340 1955 5409 accepissent.
1990 5342 2237 5397 Duorum

669 5443 804 5481 vero
861 5444 959 5497 per
999 5436 1169 5483 totam
1224 5430 1356 5491 fere,
1396 5439 1454 5483 nt
1490 5431 1564 5484 ita
1596 5430 1795 5495 dicam.
1824 5431 2116 5503 epistolam
2143 5451 2241 5491 eos

672 5517 931 5571 admonet
971 5535 985 5571 :
1023 5536 1091 5573 ne
1108 5522 1483 5587 extollantur;
1517 5523 1716 5591 quippe
1749 5539 1873 5579 cum
1913 5526 2019 5581 hoc
2053 5538 2243 5582 nosset

671 5610 940 5680 subsequi
981 5614 1160 5668 solere
1215 5630 1312 5669 eos
1359 5615 1455 5685 qui
1493 5630 1605 5669 rem
1654 5618 2056 5685 propemodum
2089 5628 2244 5675 recte

672 5713 933 5774 gererent
961 5724 975 5759 :
1004 5716 1118 5759 tum
1175 5709 1340 5761 etiam
1378 5711 1459 5760 uti
1502 5723 1717 5779 semper
1750 5711 2045 5780 gaudeant.
2075 5712 2249 5767 Gravi

676 5797 948 5866 siquidem
975 5813 1211 5853 maerore
1252 5800 1715 5867 conficiebantur,
1761 5819 1825 5857 ex
1864 5819 1976 5876 quo
2005 5806 2242 5874 Aposto-

675 5903 787 5955 lum
850 5890 1089 5946 vinctum
1150 5894 1890 5966 audierant,dicendamque
1942 5898 2091 5952 brevi
2115 5914 2240 5953 scn-

2200 3794 2490 3885 ΠΡΟΣ

1457 4151 2135 4246 EPISTOLAM
2212 4152 2361 4241 AD
2438 4145 3352 4239 PHILIPPENSES.

2334 651 2632 722 ἐπιθυμία·
2666 653 2767 705 οὐκ
2811 652 2961 706 ἔστιν
2990 653 3153 725 ἡδονὴ
3198 654 3261 707 τὸ
3306 656 3543 727 πρᾶγμα,
3576 662 3685 718 ἀλλὰ
3716 651 3806 726 σκιᾷ

2334 746 2528 818 ἡδονῆς
2552 762 2566 776 ·
2599 746 2850 800 τουτέστι
2878 749 2945 817 τῇ
2974 746 3163 817 ἀληθεῖ
3190 746 3351 819 ἡδονῇ
3378 751 3440 820 τῇ
3468 757 3748 832 σωφροσύνῃ.

2410 942 2431 976 ι
2465 925 2605 996 Περὶ
2629 924 2848 979 πάντων
2873 925 2982 977 τῶν
3001 924 3194 992 ἁγίων,
3224 922 3320 975 καὶ
3347 922 3480 995 ὑπὲρ
3506 926 3639 997 ἐμοῦ,
3660 931 3727 986 ἵνα
3748 952 3811 1005 μοι

2332 1019 2459 1092 δοθῇ
2496 1020 2654 1090 λόγος
2682 1022 2740 1073 ὲν
2770 1016 2972 1084 ἀνοίξει
3000 1018 3096 1071 τοῦ
3130 1012 3399 1089 στόματός
3440 1036 3556 1089 μου,
3582 1023 3630 1074 ἐν
3654 1028 3814 1097 παρρη-

2337 1113 2429 1185 σίᾳ
2457 1113 2725 1185 γνωρίσαι
2756 1112 2817 1165 τὸ
2843 1113 3140 1183 μυστήριον
3156 1109 3254 1164 τοῦ
3290 1110 3622 1179 Εὐαγγελίου,
3648 1115 3755 1185 ὑπὲρ
3771 1114 3812 1169 οὗ

2335 1205 2624 1277 πρεσϐεύω
2656 1206 2714 1259 ὲν
2744 1203 2933 1258 ἁλύσει
2954 1245 2968 1268 ,
3011 1203 3099 1257 ἵνα
3123 1205 3182 1256 ὲν
3220 1201 3369 1273 αὐτῷ
3404 1204 3815 1275 παρρησιάσωμαι,

2336 1301 2413 1365 ὡς
2445 1300 2529 1354 δεῖ
2561 1317 2629 1370 με
2655 1298 2907 1371 λαλῆσαι.
2940 1297 3061 1351 Ἵνα
3085 1296 3142 1350 δὲ
3178 1296 3326 1368 ῐδητε
3362 1295 3454 1349 καὶ
3484 1296 3623 1367 ὑμεῐς
3651 1298 3706 1350 τὰ
3735 1298 3814 1352 κατ’

2336 1388 2436 1459 ἐμὲ
2453 1429 2469 1455 ,
2496 1389 2549 1442 τί
2582 1388 2831 1460 πράσσω.

2408 1484 2609 1555 Εὑχαῒς
2648 1482 3013 1546 ἀδιαλείπτοις
3052 1481 3482 1553 προσκαρτερεῖν
3511 1478 3644 1533 καὶὸ
3674 1480 3816 1551 Κύριος

2338 1577 2583 1643 κελεύει,
2623 1578 2721 1632 καὶ
2750 1578 2778 1629 ὁ
2812 1575 3057 1641 Παῦλος,
3092 1577 3150 1627 ὲν
3186 1572 3457 1641 πνεύματι
3483 1570 3650 1634 δὲτὰς
3689 1572 3818 1641 εὐχὰς,

2336 1669 2614 1723 τουτέστιν
2640 1670 2698 1721 ὲν
2728 1668 2824 1739 νῷ,
2858 1668 2931 1739 μὴ
2961 1667 3019 1719 ὲν
3054 1666 3281 1737 στόματι
3333 1663 3509 1733 μόνον.
3538 1663 3764 1716 Πολλαὶδὲ
3785 1670 3818 1717 αἱ

2339 1763 2518 1833 εὐχαὶ,
2557 1763 2639 1815 ὅτι
2662 1762 2755 1815 καὶ
2783 1761 2913 1831 περὶ
2944 1758 3178 1823 πολλῶν,
3208 1757 3349 1828 ὑπὲρ
3385 1754 3590 1809 πάντων
3616 1756 3665 1808 δὲ
3688 1756 3821 1823 ἁγίων,

2340 1856 2434 1908 καὶ
2491 1853 2632 1925 ὑπὲρ
2686 1851 2884 1906 αὑτοῦ·
2936 1848 3124 1922 ἐπειδὴ
3170 1848 3265 1901 καὶ
3319 1844 3600 1914 ἐναγώνιον
3638 1845 3755 1915 αὐτῷ
3786 1848 3821 1898 τι

2340 1950 2499 2021 ἔργον
2524 1990 2540 2015 ,
2581 1952 2657 2012 ὡς
2689 1948 2787 2002 καὶ
2816 1947 3100 2019 δεσμώτην
3143 1944 3308 1999 αὐτὸν
3345 1944 3484 2017 ὑπὲρ
3514 1943 3660 1996 αὐτοῦ
3700 1961 3823 2013 παρι-

2339 2040 2677 2112 πεπέμφθαι.

2414 2154 2433 2185 σ
2474 2136 2658 2189 Πάντα
2687 2134 2815 2203 ὑμῖν
2838 2133 3097 2204 γνωρίσει
3125 2130 3363 2203 Τυχικδς
3386 2132 3413 2183 ὁ
3434 2128 3692 2197 ἀγαπητὸς
3716 2127 3826 2180 ἀδελ·

2338 2226 2461 2295 φὺς,
2493 2227 2585 2279 καὶ
2608 2226 2798 2289 πιστὸς
2825 2225 3071 2289 διάκονος
3103 2225 3162 2277 ὲν
3202 2222 3417 2293 Κυρίῳ,
3444 2220 3500 2273 ὃν
3527 2218 3721 2287 ἔπεμψα
3740 2216 3828 2286 πρὶς

2339 2318 2482 2387 ὑμᾶς
2508 2318 2586 2380 είς
2620 2316 2749 2370 αὐτὸ
2785 2315 2958 2378 τοῦτο,
2988 2315 3076 2368 ἵνα
3106 2313 3277 2383 γνῶτε
3328 2311 3400 2364 τὰ
3451 2309 3573 2378 περὶ
3596 2307 3746 2376 ἡμῶν,
3769 2305 3830 2356 ιιιὶ

2338 2406 2695 2479 παρακαλέσῃ
2726 2406 2826 2470 τὰς
2870 2406 3097 2478 καρδίας
3148 2404 3328 2474 ὑμῶν.
3379 2403 3580 2473 Εἰρήνη
3611 2402 3707 2460 τοῖς

2338 2501 2481 2569 φοῖς,
2527 2500 2625 2552 καὶ
2668 2499 2857 2567 ἀγάπη
2910 2498 3052 2568 μετὰ
3088 2497 3332 2559 πίστεως
3390 2494 3498 2548 ἀπὸ
3525 2491 3648 2545 Θεοῦ
3684 2489 3831 2559 Haud;

2338 2590 2430 2644 καὶ
2452 2591 2658 2662 Κυρίου
2699 2589 2872 2659 Ἰησοῦ
2902 2587 3160 2661 Χριστοῦ.
3198 2588 3264 2641 Ἠ
3316 2587 3479 2658 χάρις
3509 2584 3638 2653 μετᾶ
3684 2582 3835 2633 πάντωι

2335 2682 2444 2737 τῶν
2471 2682 2813 2752 ἀγαπώντων
2839 2682 2931 2736 τὸν
2976 2681 3179 2752 Κύριον
3208 2680 3371 2751 ἡμῶν
3414 2674 3617 2749 Ἰησοῦν
3664 2670 3833 2744 Χριστδι.

2338 2778 2396 2831 ὲν
2420 2777 2725 2849 ἀφθαρσίᾳ.
2765 2776 2959 2847 Ἀμήν.

2406 2872 2673 2944 Χαίρουσι
2706 2872 2815 2943 γὰρ
2836 2872 2887 2924 οἱ
2925 2870 3071 2939 ἅγιοι
3099 2867 3191 2921 τοῦ
3240 2866 3402 2935 ἁγίου
3452 2855 3839 2927 κατευθυνομέιω

2338 2966 2525 3038 ἔργου.
2558 2964 2651 3018 Διὸ
2678 2963 2873 3036 μηνύει
2893 2963 2962 3017 τὰ
2984 2961 3108 3016 καθ’
3137 2959 3333 3015 ἑαυτὸν
3385 2960 3509 3021 ταῖς
3549 2950 3841 3020 Ἐκκλησίαις.

2406 3143 2565 3213 Πρὸς
2598 3142 2911 3207 Ἐφεσίους
2934 3137 3162 3211 ἐγράφη
3188 3137 3307 3191 ἀπὸ
3349 3135 3581 3205 Ῥώμης
3619 3130 3704 3183 διὰ
3728 3125 3848 3193 Tvll-

2260 3252 2307 3315 (ι
2339 3237 2473 3302 κοῦ,
2510 3237 2739 3307 στίχων
2780 3232 2917 3300 τιβ’.

2191 3600 3841 3633 W

2596 3792 3459 3883 ΦΙΛΙΠΠΗΣΙΟΥΣ.

2871 4489 3264 4543 ΚΕΦΔΛΛΙΟΝ
3313 4490 3401 4543 Λ’.

2420 4631 2437 4663 ι
2474 4610 2683 4673 Παῦλος
2725 4608 2818 4661 κοιλ¹
2873 4606 3139 4677 Τιμόθεος
3198 4605 3398 4669 δοῦλος
3459 4604 3635 4676 Ἰησοῦ
3690 4596 3872 4669 Χριστοῦ

2344 4705 2479 4756 πᾶσι
2510 4705 2621 4765 τοῖς
2657 4701 2834 4769 ἁγίοις
2879 4702 2936 4751 ἐν
2995 4697 3219 4767 Χριστῷ
3259 4698 3480 4767 Ἰησοῦ,
3541 4700 3649 4759 τοῖς
3685 4691 3810 4747 οὖσιν
3837 4691 3875 4738 ἐν

2342 4794 2648 4855 Φιλίπποις,
2699 4791 2796 4843 σὺν
2844 4790 3163 4849 ἐπισκόποις
3230 4790 3331 4840 καὶ
3398 4788 3705 4847 διακόνοις·
3760 4779 3872 4849 χάρις

2345 4889 2472 4957 ὑμῖν
2504 4884 2805 4954 καὶεὶρήνη
2839 4882 2945 4935 ἀπὸ
2979 4880 3113 4934 Θεοῦ
3151 4880 3374 4952 Πατρδς
3411 4881 3579 4951 ἡμῶν
3615 4872 3877 4940 καὶΚυρέθυ

2358 4977 2532 5049 Ἰησοῦ
2560 4979 2603 5030 Χ
2616 4974 2819 5046 ριστοῦ.
2852 4993 2869 5027 ι

2416 5069 2631 5136 Ταύτην
2679 5068 2878 5137 γράφει
2903 5065 2999 5136 τὴν
3055 5063 3351 5135 ἐπιστολὴν
3382 5064 3651 5135 ἀνδράσιν
3680 5062 3730 5112 ἐν
3752 5058 3803 5124 τῇ
3825 5051 3881 5103 δι-

2345 5161 2614 5230 δασκαλίᾳ
2680 5156 3012 5229 προκόψασι.
3072 5156 3163 5208 Διὸ
3201 5156 3297 5207 καὶ
3356 5155 3661 5224 δογμάτων
3705 5150 3788 5219 μὲν
3815 5142 3886 5207 οὐκ

2348 5252 2600 5313 ἅπτεται,
2640 5249 2829 5316 ἐπειδὴ
2882 5248 2975 5301 καὶ
3009 5247 3209 5307 ἱκανῶς
3239 5243 3400 5316 εἶχον
3430 5248 3538 5315 τῆς
3576 5244 3701 5313 περὶ
3733 5237 3891 5292 τούτων

2347 5342 2622 5411 γνώσεως,
2680 5342 2775 5394 an;
2799 5340 3066 5402 πλουσίως
3090 5340 3218 5409 παρ’
3248 5338 3443 5391 αὑτοῦ
3480 5338 3578 5391 τοῦ
3619 5328 3887 5388 ﬁmo-2410':

2347 5436 2455 5488 τῶν
2483 5435 2739 5488 τοιούτων
2797 5431 3219 5494 ἀπολαύσαντες.
3273 5430 3393 5482 Δύο
3426 5431 3488 5483 δὲ
3520 5431 3699 5489 αὐτοῖς
3730 5419 3892 5491 σχεδὸν.

2351 5528 2427 5589 ὼς
2460 5529 2658 5589 εἰπεῖν,
2692 5526 2759 5579 δι’
2783 5525 2913 5595 ὅλης
2971 5526 3069 5594 τῆς
3101 5524 3409 5592 ἐπιστολῆς
3462 5521 3737 5592 παραινεῖ.
3768 5515 3819 5564 τὸ
3842 5508 3895 5577 μὴ

2352 5620 2637 5689 ύψοῦσθαι,
2666 5618 2853 5690 ἐπειδὴ
2907 5620 3002 5671 καὶ
3032 5618 3190 5671 τοῦτο
3235 5614 3393 5671 οἶδεν
3427 5618 3626 5686 ὥσπερ
3658 5606 3899 5669 ἀκόλουθον

2349 5717 2462 5776 τοῖς
2492 5715 2659 5781 ἐγγὺς
2686 5713 2779 5765 τοῦ
2813 5712 3218 5782 κατορϐωκέναι
3236 5714 3600 5781 γενομένοις.
3629 5707 3717 5760 καὶ
3737 5704 3788 5755 τὸ
3807 5698 3897 5769 χαί·

2354 5822 2467 5875 ρειν
2491 5805 2579 5857 διὰ
2608 5808 2828 5866 παντός.
2851 5804 3063 5875 Σφόδρα
3096 5804 3204 5876 γὰρ
3232 5803 3527 5874 ἠθύμουν,
3560 5804 3629 5855 τὰ
3656 5795 3812 5866 δεςμὰ
3830 5789 3901 5842 τοῦ

2366 5898 2688 5950 Ἀποςτόλου
2737 5897 3045 5961 ἀκούοντες,
3104 5900 3194 5951 καὶ
3236 5898 3347 5966 τὴν
3387 5898 3694 5968 μέλλουσαν
3736 5888 3901 5959 κρίσιν’
