4022 6416
182 416 275 479 857
1251 412 1345 478 .IN
1384 418 1624 483 EPIST.
1661 418 1763 481 AD
1789 397 2365 481 'PHILIPPENSES.

3327 422 3432 489 858

183 528 386 582 καὶτὸν
432 523 878 595 προσδοκώμενον
937 525 1102 581 αὐτοῦ
1149 527 1403 587 θάνατον,
1451 529 1591 584 Οὔτε
1639 529 1778 601 γὰρ,

1879 530 2100 592 entiam,
2140 544 2205 585 ac
2239 537 2474 583 mortem
2518 527 2647 599 ejus
2678 527 3059 596 exspectando
3100 536 3283 585 erant.
3322 528 3432 584 Ne-

182 620 405 689 ᾕλπιζον
419 618 581 673 eam
606 622 706 684 τὰς
730 621 919 690 χεῖρας
959 618 1319 689 ἐκφεύξεσθαι
1348 621 1442 674 τοῦ
1480 623 1756 694 Νέρωνος,

183 712 374 784 ἀνδρὸς
404 713 532 765 τάτε
561 710 700 764 ἄλλα
730 712 1034 785 μεμηνότος
1064 715 1308 785 καὶπερὶ
1335 715 1532 783 φόνους
1561 716 1760 785 ἐπτοηο

185 804 371 875 μένου.
402 803 494 857 Διὸ
518 805 615 857 καὶ
641 803 860 859 λέοντα
910 804 1073 859 αὑτὸν
1104 807 1164 859 ἐν
1216 808 1283 879 τῇ
1318 808 1455 878 πρὸς
1490 806 1760 878 Τιμόθεον

194 897 475 968 Ἐπιστολῇ
500 896 668 951 καλεῖ.
688 896 750 951 '0
772 897 983 966 Κύριος
1007 897 1117 967 γάρ
1150 916 1246 964 μοι
1263 898 1554 968 παρέστη,
1572 899 1759 971 φησὶν,

181 992 276 1043 καί
306 991 610 1058 ἐρρὐθην
643 990 711 1045 ἐκ
747 991 1056 1059 στόματος
1090 991 1363 1054 λέοντος.
1401 993 1484 1045 Τὰ
1524 992 1581 1047 δὲ
1626 992 1761 1047 ἄλλα

181 1084 362 1136 πάντα
384 1081 421 1136 ἃ
452 1084 708 1151 παραινεί
757 1083 963 1146 αὐτοῖς,
1001 1082 1080 1147 ὼς
1109 1085 1168 1138 ἐν
1206 1084 1475 1155 ἐπιδρομῇ
1508 1086 1765 1156 παραινεῖ

180 1175 387 1240 αὐτοῖς,
452 1173 770 1246 ἐπειδήπερ,
830 1174 907 1240 ὡς
950 1175 1108 1246 ἔφην,
1169 1177 1337 1231 πολὺν
1391 1177 1525 1249 παρ’
1571 1178 1756 1241 αὐτοῖς

177 1266 467 1338 διατρίψας
489 1266 702 1339 χρόνον,
729 1265 954 1321 πλεῖστα
978 1268 1162 1333 αὐτοῖς
1194 1268 1483 1339 ὠφελήσας
1521 1264 1611 1341 ἦν.

267 1439 486 1511 Ἐπειδὴ
518 1437 708 1493 τοῦτον
744 1439 924 1503 αὐτοῖς
951 1441 1041 1493 τὸν
1074 1440 1339 1512 Τιμόθεον
1376 1444 1433 1497 ὲν
1466 1442 1604 1514 αὐτῇ
1628 1442 1753 1497 ἐπιφ

184 1532 348 1604 στολῇ
382 1531 778 1602 ἐπαγγέλλεται
813 1532 1010 1603 μικρὸν
1036 1530 1265 1606 ὕστερον
1300 1534 1534 1607 πέμψαι,
1571 1533 1762 1588 τούτου

183 1625 347 1696 χάριν
377 1626 671 1679 κοινοποιεῖ
715 1623 814 1697 τὴν
868 1625 1179 1695 ἐπιστολὴν,
1230 1626 1542 1690 προεθίζων
1568 1627 1764 1693 αὐτοὺς

183 1716 508 1771 διδάσκαλον
535 1715 700 1771 αὐτὸν
727 1715 1000 1791 δέχεσθαι.
1038 1718 1101 1772 Εἰ
1142 1717 1251 1788 γάρ
1277 1718 1377 1787 τῆς
1410 1717 1503 1772 νῦν
1544 1736 1763 1789 πεμποο

1860 635 1966 690 que
2016 621 2165 676 enim
2214 635 2511 675 erasurum
2566 621 2866 690 sperabant
2915 635 3115 676 manus
3155 621 3433 687 Neronis,

1858 711 1964 766 viri
1995 728 2119 766 cum
2148 709 2287 765 alias
2347 711 2573 781 quidem
2617 711 2975 776 insanientis,
3040 721 3154 766 tum
3202 714 3435 768 eaadium

1860 800 2192 856 avidissimi.
2225 797 2501 867 Quocirca
2532 799 2679 854 hunc
2718 816 2939 870 quoque
2969 800 3169 854 leonem
3201 804 3438 871 appellat

1861 892 1918 951 in
1966 891 2215 961 Epistola
2278 892 2346 946 ad
2396 890 2791 947 Timotheum:
2827 891 3082 947 Dominus
3138 894 3279 947 enim
3307 894 3439 947 mihi

1862 985 2055 1050 astitit,
2095 985 2314 1053 ‘inquit,
2367 993 2417 1039 et
2460 984 2716 1039 liberatus
2778 1001 2896 1038 sum
2941 986 3004 1039 de
3068 1003 3157 1040 ore
3185 987 3348 1059 leonis
3366 988 3436 1040 ⁵ο.

1862 1076 2072 1132 Caetera
2096 1091 2227 1131 vero
2249 1076 2317 1133 de
2351 1076 2556 1146 quibus
2582 1090 2677 1129 eos
2700 1075 2979 1142 admonet,
3010 1077 3195 1132 obiter
3218 1088 3269 1131 et
3288 1078 3440 1131 velut

1865 1184 1962 1239 per
1992 1177 2349 1224 transennam
2409 1168 2628 1233 suadet,
2694 1170 2826 1238 quia
2862 1185 2985 1223 eum
3037 1170 3269 1222 multum
3306 1178 3443 1222 tern-

1863 1261 2037 1330 poris.
2070 1267 2130 1314 ut
2154 1275 2182 1312 a
2206 1274 2291 1314 me
2317 1260 2528 1313 dictum
2566 1269 2671 1324 est,
2703 1259 2849 1330 apud
2891 1276 2987 1316 eos
3019 1264 3249 1331 egisset,
3270 1260 3439 1330 pluri-

1864 1366 2013 1406 mum
2043 1351 2179 1420 ipsis
2215 1350 2519 1418 profuerat.

1936 1445 2077 1510 Quia
2136 1442 2483 1500 Timotheum
2544 1443 2692 1499 hunc
2724 1444 2876 1501 brevi
2931 1459 2961 1498 a
3003 1458 3063 1498 se
3108 1441 3439 1496 mittendum

1866 1532 1923 1590 in
1958 1533 2063 1588 hac
2084 1533 2320 1603 epistola
2381 1533 2699 1606 pollicetur,
2750 1535 2962 1589 ideirco
3000 1533 3285 1589 communi
3328 1546 3445 1585 am-

1866 1628 2062 1686 borum
2117 1628 2339 1682 nomine
2388 1627 2676 1697 epistolam
2733 1627 2953 1690 scribit,
2997 1623 3446 1681 utassuefaciat

1868 1721 1991 1778 illos
2030 1719 2101 1775 ad
2146 1719 2428 1775 doctorem
2469 1721 2617 1773 hunc
2668 1719 3079 1791 excipiendum.
3114 1716 3249 1773 Cum
3295 1717 3442 1771 enim

190 1807 359 1877 μένης
384 1806 569 1871 αὐτοῖς
591 1806 946 1871 διδασκαλίας
1002 1808 1255 1862 κοινωνὸν
1298 1808 1460 1862 αὑτὸν
1493 1811 1521 1863 ὁ
1552 1808 1761 1875 Παῦλος

1879 1812 2072 1868 Paulus
2093 1811 2359 1867 doctrinae
2391 1827 2557 1881 quam
2590 1811 2726 1881 ipsis
2750 1811 3025 1872 mittebat,
3052 1810 3262 1863 socium
3288 1810 3443 1861 illiilli

187 1899 504 1967 ἐποιήσατο,
552 1896 668 1963 πῶς
688 1897 809 1969 οὐχὶ
845 1898 941 1952 καὶ
971 1900 1344 1970 παρεσόμενον
1374 1900 1572 1971 μικρὸν
1602 1900 1763 1955 ὅστε-ν

1879 1906 2205 1971 tdmisisset,
2231 1904 2508 1975 quomodo
2538 1905 2721 1974 ipsum
2746 1903 2939 1973 paucis
2966 1909 3090 1971 post
3114 1900 3313 1954 diebus
3348 1899 3446 1953 ad-

185 2006 283 2059 ρον
306 1988 546 2054 δέξονται
576 1988 786 2055 τοῦτον,
808 1986 870 2043 οἶ)
894 1990 995 2062 ήδη
1024 1990 1127 2062 τῆς
1157 1992 1383 2063 διδαχῆς
1418 1993 1760 2062 ἀκηκόασιν;

195 2081 399 2137 ’Ῑστέον
432 2082 489 2136 δὲ
510 2080 584 2145 ὡς
609 2081 705 2153 ὅλῃ
734 2081 886 2154 χώρᾳ
922 2082 1018 2137 καὶ
1047 2083 1152 2154 ὅλῳ
1183 2082 1324 2137 ἔθνει
1350 2087 1627 2157 ἐκπέμπει
1656 2086 1756 2160 τὴν

182 2173 481 2246 ἐπιστολήν
504 2192 522 2209 ο
546 2177 642 2228 καὶ
679 2172 838 2229 τοῦτο
863 2173 1022 2247 δῆλον
1052 2176 1116 2230 ἐκ
1146 2175 1264 2241 τοῦ,
1298 2178 1617 2251 σύμπασιν
1636 2179 1763 2233 ἐπιε-

180 2267 466 2338 σκὸποις,
492 2268 687 2323 είπεῐν.

259 2458 283 2492 ι
326 2440 652 2513 Εὐχαριστῶ
706 2441 787 2513 τῷ
818 2441 937 2508 Θεῷ
977 2459 1079 2514 μου
1138 2441 1235 2495 ἐπὶ
1289 2441 1442 2515 πάσῃ
1478 2444 1544 2514 τῇ
1608 2445 1769 2516 μνείᾳ

184 2532 368 2602 ὑμῶν,
429 2533 664 2589 πάντοτε
707 2535 766 2587 ἐν
795 2536 945 2608 πάσῃ
999 2534 1181 2606 δεήσει
1233 2552 1335 2607 μου
1364 2534 1504 2605 ὑπὲρ
1552 2536 1770 2590 πάντων

184 2624 368 2695 ὑμῶν,
402 2626 539 2696 μετὰ
561 2627 761 2698 χαρᾶς,
809 2628 909 2697 τὴν
964 2626 1149 2698 δέησιν
1207 2627 1556 2698 ποιούμενος,
1580 2628 1674 2681 ἐπὶ
1702 2631 1768 2701 τῇ
1814 2645 1817 2649 ·

186 2718 450 2788 κοινωνίᾳ
477 2718 629 2788 ὑμῶν
666 2720 746 2783 εἰς
768 2718 830 2773 τὸ
860 2719 1213 2789 Εὐαγγέλιον,
1244 2720 1352 2774 ἀπὸ
1380 2718 1602 2791 πρώτης
1630 2720 1771 2791 ὴμέ-

187 2827 294 2881 ρας
318 2810 453 2882 ἄχρι
492 2811 587 2866 τοῦ
613 2810 730 2877 νῦν,
758 2812 1039 2876 πεποιθὼς
1060 2813 1211 2883 αὑτῷ
1239 2812 1418 2878 τοῦτο,
1445 2813 1528 2867 ὅτι
1560 2814 1587 2867 ὁ
1608 2815 1773 2884 ἔργα·

189 2903 433 2974 σάμενος
488 2903 548 2957 ἐν
606 2903 736 2975 ὑμῖν
781 2903 944 2978 ἔργον
995 2903 1221 2975 ἀγαθὸν,
1270 2904 1574 2961 ἐπιτελέσει
1616 2904 1775 2977 ἄχρις

187 2996 411 3068 ἡμέρας
430 2994 694 3069 Χριστοῦ.
728 3016 747 3050 ι
1272 3008 1275 3013 ⁷

258 3090 559 3161 Προκοπὴν
622 3089 804 3154 αὐτοῖς
862 3089 1065 3161 πολλὴν
1141 3093 1443 3163 μαρτυρεῖ,
1517 3089 1653 3144 ὅπου
1708 3106 1774 3159 γε

188 3180 551 3252 μεμνημένος
572 3181 773 3249 αὐτῶν,
800 3182 863 3239 ού
906 3184 1046 3255 μετὰ
1073 3182 1326 3255 δακρύων
1361 3183 1394 3257 ἢ
1434 3182 1772 3254 στεναγμῶν,

182 3240 511 3346 ίῦσπεέἐπὶ
532 3240 645 3331 τῶν
686 3240 1065 3348 σαλευομένων
1115 3240 1419 3349 μέιμνηταί,
1471 3240 1844 3345 ἀλλὰίμετάϐ

182 3365 401 3437 πολλῆς
432 3364 803 3437 εὐχαριστίας,
856 3367 993 3439 ὅπερ
1030 3366 1161 3421 ἴδιον
1210 3366 1320 3422 τῶν
1366 3364 1777 3437 κατορθούντων

180 3457 338 3512 ἐστί.
370 3458 531 3512 Ποῖον
552 3458 610 3511 δὲ
639 3457 822 3513 αὐτῶν
864 3458 925 3513 τὸ
970 3456 1325 3530 κατόρθωμα,
1380 3458 1415 3529 ἢ
1461 3458 1543 3511 ὅτι
1580 3475 1777 3512 κοινω-

180 3550 463 3621 νήσαντες
487 3550 635 3622 αὐτῷ
656 3550 751 3605 τοῦ
776 3550 1137 3620 Εὐαγγελίου,
1161 3550 1271 3604 ἀπὸ
1296 3550 1397 3620 τῆς
1416 3551 1593 3623 ἀρχῆς
1617 3550 1778 3623 μέχρι

179 3644 291 3697 καὶ
324 3643 425 3696 νῦν
450 3644 791 3714 μεμενήκασι
816 3644 1087 3709 κοινωνοὶ,
1114 3645 1174 3697 ἐν
1206 3643 1397 3715 μηδενὶ
1418 3643 1479 3696 τὸ
1512 3645 1779 3716 παράπαν

1865 1998 2177 2055 venientem
2205 2012 2316 2051 non
2358 2005 2548 2051 essent
2581 1996 2917 2064 suscepturi,
2948 1994 3107 2063 cujus
3133 1993 3246 2063 jam
3274 1992 3448 2045 docu-

1867 2097 2053 2146 menta
2087 2088 2485 2159 accepissent?
2540 2088 2657 2141 Hoc
2688 2102 2816 2142 vero
2863 2084 3010 2141 seire
3058 2084 3280 2147 attinet,
3306 2085 3449 2137 Pau-

1868 2184 1979 2239 lum
2011 2180 2078 2239 ad
2111 2196 2331 2236 omnem
2364 2181 2645 2250 regionem
2688 2170 3025 2249 omnemque
3056 2186 3273 2248 gentem
3307 2176 3447 2230 scri-

1868 2277 2001 2334 bere
2044 2275 2234 2346 :quod
2292 2273 2644 2330 manifestum
2701 2273 2855 2341 facit,
2904 2271 3160 2337 dicendo,
3208 2269 3449 2323 omnibus

1868 2366 2141 2436 episcopis.

1945 2454 2113 2510 Vens.
2138 2453 2258 2509 5-6.
2292 2473 2309 2505 ι
2346 2452 2568 2509 Gratias
2597 2464 2702 2523 ago
2758 2449 2872 2505 Deo
2898 2463 3029 2507 meo
3060 2448 3116 2501 in
3149 2444 3296 2501 omni
3333 2459 3450 2499 me-

1872 2547 2046 2601 moria
2075 2546 2270 2610 vestri,
2329 2560 2549 2613 semper
2581 2544 2635 2597 in
2676 2540 2897 2596 cunctis
2931 2536 3284 2594 orationibus
3317 2537 3454 2588 meis

1871 2655 1973 2710 pro
2026 2639 2291 2695 omnibus
2329 2638 2513 2702 vobis,
2556 2650 2681 2690 cum
2736 2631 2939 2702 gaudio
3004 2628 3454 2700 deprecationem

1874 2732 2110 2796 faciens,
2160 2746 2328 2801 super
2375 2726 2879 2786 communicatione
2916 2714 3101 2779 vestra
3162 2720 3219 2774 in
3254 2719 3456 2773 Evan-

1873 2827 2040 2896 gelio,
2066 2840 2096 2878 a
2136 2826 2310 2895 prima
2342 2822 2431 2877 die
2471 2835 2650 2890 usque
2680 2832 2850 2873 nunc.
2897 2811 3325 2870 Confidenshoe
3372 2809 3458 2878 ip-

1875 2932 2020 2981 sum,
2054 2914 2185 2985 quia
2214 2914 2308 2984 qui
2339 2912 2507 2982 οωρίι
2538 2912 2592 2965 in
2608 2908 2767 2965 vobis
2787 2922 2928 2978 opus
2952 2907 3183 2971 bonum,
3208 2900 3457 2974 perficiet

1876 3024 2052 3079 usque
2086 3009 2141 3063 in
2179 3007 2323 3063 diem
2359 3004 2567 3061 Christi
2606 3002 2759 3059 Jesu.
2791 3019 2810 3054 ι
3264 3046 3271 3049 ,

1949 3100 2301 3156 Testiﬁcatur
2353 3111 2448 3153 eos
2471 3095 2772 3151 admodum
2815 3090 3143 3163 profecisse,
3174 3085 3291 3156 qui,
3324 3083 3455 3139 dum

1878 3192 2126 3263 ipsorum
2162 3188 2581 3254 recordabatur,
2602 3199 2713 3239 non
2749 3180 3013 3251 gemitus,
3045 3193 3155 3233 non
3182 3176 3463 3245 lacrymas

1878 3283 2260 3353 exprimeret,
2321 3277 2790 3350 quemadmodum
2840 3283 3103 3343 .propter
3174 3269 3298 3322 illos
3362 3264 3457 3335 qui

1877 3376 2233 3439 ﬂuctuarent,
2274 3374 2368 3429 sed
2405 3374 2607 3427 multas
2647 3376 2833 3440 grates
2889 3374 3073 3437 ageret
3108 3360 3268 3433 194
3293 3360 3406 3415 Deo
3440 3372 3457 3411 :

1879 3466 1932 3523 id
1968 3464 2114 3535 quod
2150 3463 2438 3534 proprium
2468 3470 2557 3517 est
2584 3475 2775 3515 eorum
2800 3456 3006 3528 quibus
3031 3469 3119 3509 res
3159 3455 3297 3507 bene
3332 3463 3461 3505 suc-

1879 3555 2106 3611 cedunt.
2158 3552 2385 3622 Eequod
2436 3565 2569 3607 vero
2609 3548 2715 3603 hoc
2759 3546 2975 3601 facinus
3035 3543 3280 3613 ipsorum
3314 3547 3460 3601 erat,

1880 3647 1987 3702 nisi
2009 3644 2165 3717 quia,
2198 3659 2323 3699 eum
2356 3659 2417 3698 se
2455 3642 2643 3698 socios
2690 3640 2839 3694 illius
2882 3638 2938 3692 in
2988 3631 3291 3703 Evangelio
3322 3644 3464 3700 pra:-

176 3736 746 3807 παρασαλευόμενοι;
791 3737 930 3807 ὅπερ
975 3735 1249 3806 αὐτῷκαὶ
1304 3736 1403 3808 τὴν
1449 3735 1659 3806 ἀγαθὴν
1686 3735 1779 3789 τοῦ

184 3828 496 3901 μέλλοντος
520 3828 716 3883 ἐλπίδα
747 3828 999 3901 παρέχει.
1030 3825 1163 3883 Οἶδα
1181 3828 1311 3900 γὰρ,
1346 3828 1533 3901 φησὶν,
1568 3828 1642 3891 ὡς
1671 3830 1783 3887 ἐπι-

176 3919 454 3972 τελέσετε
487 3918 649 3972 τοῦτο
670 3918 1045 3991 τὸέργον,ἐως
1066 3918 1133 3974 ἂν
1166 3918 1315 3993 αὐτῷ
1333 3920 1391 3973 ἐν
1420 3921 1487 3993 τῇ
1513 3918 1783 3994 παρουσίᾳ

177 4010 290 4065 τοῦ
315 4009 527 4081 Κυρίου
558 4011 966 4082 προσενέγκητε
989 4010 1126 4064 σῶον
1144 4033 1159 4052 ι

1881 3738 2179 3801 stitissent,
2205 3736 2272 3791 ab
2297 3735 2464 3790 initio
2495 3748 2672 3803 usque
2695 3731 2762 3786 ad
2786 3730 3121 3797 hoctempus
3139 3726 3194 3778 in
3220 3737 3470 3777 commu-

1882 3830 2046 3885 nione
2069 3832 2491 3899 permanserant
2511 3868 2526 3892 ,
2543 3825 2617 3881 ita
2646 3834 2704 3879 ut
2722 3822 2860 3877 nihil
2890 3822 3042 3892 ipsos
3059 3815 3461 3871 concussisset:

1883 3923 1938 3979 id
1960 3920 2106 3993 quod
2129 3921 2289 3991 plane
2319 3934 2470 3990 spem
2510 3917 2710 3972 bonam
2749 3914 2921 3969 futuri
2967 3908 3269 3984 praebebat.
3326 3903 3467 3959 Novi

1886 4015 2158 4084 siquidem
2214 4010 2355 4074 fore,
2410 4008 2614 4078 inquit,
2674 4012 2736 4059 ut
2780 4004 2888 4059 hoc
2952 4017 3095 4072 opus
3141 3996 3465 4069 perficiatis,

1885 4108 2060 4165 donec
2111 4106 2386 4175 integrum
2446 4100 2586 4159 illud
2644 4097 2889 4155 offeratis
2940 4095 2998 4151 in
3061 4093 3299 4149 adventu
3361 4089 3468 4143 Do-

1886 4198 2048 4254 mini.
3120 4248 3123 4251 .
3317 4256 3341 4278 μ

269 4316 295 4350 ι
338 4293 540 4361 Καθὼς
587 4295 704 4348 ἐστι
739 4293 947 4352 δίκαιον
1010 4292 1137 4365 ἐμοὶ
1182 4291 1341 4347 τοῦτο
1387 4292 1605 4362 φρονεῖν
1642 4291 1778 4363 ὑπὲρ

1957 4288 2126 4345 Vens.
2176 4288 2229 4343 7.
2270 4304 2290 4341 ι
2331 4284 2490 4342 Sicut
2537 4289 2624 4340 est
2670 4280 2805 4337 mibi
2853 4279 3068 4350 justum
3122 4276 3231 4332 hoc
3261 4271 3471 4329 sentire
3542 4336 3545 4339 ι

173 4393 431 4446 πάντων
465 4389 639 4459 ὑμῶν,
673 4386 762 4445 διὰ
792 4388 853 4443 τὸ
880 4363 1053 4457 ἔχειν
1085 4403 1152 4457 με
1188 4387 1246 4441 ὲν
1292 4387 1358 4456 τῇ
1387 4384 1587 4456 καρδίᾳ
1614 4384 1778 4453 ὑμᾶς,

1889 4399 1986 4454 pro
2015 4380 2276 4437 omnibus
2308 4378 2467 4434 vobis
2492 4394 2509 4445 ;
2538 4390 2607 4435 eo
2637 4373 2785 4445 quod
2819 4372 3049 4428 habeam
3076 4383 3175 4423 vos
3198 4367 3253 4421 in
3281 4363 3469 4430 corde,

173 4486 246 4539 ἐν
279 4500 353 4539 τε
380 4485 495 4546 τοῖς
518 4482 743 4551 δεσμοῖς
767 4498 891 4551 μου,
927 4481 1021 4537 καὶ
1048 4481 1107 4534 ἐν
1130 4482 1197 4555 τῇ
1223 4477 1513 4548 ἀπολογίᾳ,
1565 4477 1663 4532 καί¹
1700 4476 1778 4547 βε-

1890 4476 2032 4531 etin
2080 4473 2319 4530 vinculis
2362 4470 2524 4534 meis,
2574 4475 2629 4524 et
2681 4469 2736 4521 in
2780 4464 3127 4526 defensione,
3163 4466 3218 4514 et
3252 4458 3308 4512 in
3337 4471 3473 4512 eou-

172 4575 440 4631 6αιώσει
470 4572 566 4627 τοῦ
601 4572 960 4642 Εύαγγελίου,
990 4568 1393 4641 συγκοινωνούς
1434 4584 1526 4639 μοι
1558 4567 1657 4636 τῆς
1686 4566 1778 4637 χά-

1894 4568 2223 4633 lirmatione,
2282 4563 2469 4621 socios
2509 4559 2699 4633 gaudii
2753 4558 2861 4612 mei
2898 4571 3091 4611 omnes
3129 4567 3228 4609 vos
3260 4564 3404 4606 esse.
3446 4565 3468 4600 ι

175 4686 363 4743 ριτος
386 4664 596 4729 πάντας
624 4666 769 4736 ὑμᾶς
798 4664 980 4729 ὄντας.
1021 4683 1041 4716 ι

278 4756 521 4828 Ἐπειδὴ
586 4755 911 4828 πεποίθησιν
963 4752 1118 4815 εἶπεν
1160 4754 1306 4826 ἔχειν
1343 4754 1430 4807 ἐπ’
1469 4751 1675 4814 αὐτοῖς,
1707 4750 1789 4807 δι-

171 4851 377 4906 καίαν
416 4849 567 4918 λέγει
602 4848 808 4921 ταύτην
837 4848 979 4920 ἐχειν
1005 4848 1104 4921 τὴν
1159 4845 1508 4917 πεποίθησιν.
1557 4844 1792 4916 Θαρρεῖν

168 4946 313 5014 γάρ
347 4957 540 5012 φησιν,
568 4939 645 5005 ὡς
695 4940 915 4995 πάντων
945 4939 1097 5010 αὐτῷ
1125 4938 1341 4993 ἔσονται
1390 4938 1657 5005 κοινωνοὶ,
1680 4935 1793 4993 τῶν

164 5034 461 5110 δεσμῶν,
486 5034 587 5106 τῆς
619 5032 935 5102 ἀπολογίας,
978 5031 1080 5103 τῆς
1113 5032 1354 5102 χάριτος.
1393 5029 1467 5082 Τὸ
1497 5027 1637 5081 οὕτω
1650 5026 1795 5097 ιπερὶ

162 5134 310 5189 τῶν
344 5125 760 5182 πιστευσάντων
784 5126 1031 5197 θαρρεῖν,
1066 5123 1282 5195 μεγάλη
1310 5122 1457 5177 ἐστὶν
1486 5120 1667 5174 αὐτῶν
1705 5119 1796 5191 βε-

164 5223 515 5290 δαιότητος
541 5217 831 5291 μαρτυρία.

264 5334 295 5367 ε
332 5312 585 5384 ,Μάρτυς
636 5312 743 5383 γάρ
780 5308 881 5381 μού
932 5310 1082 5362 ἐστιν
1112 5308 1151 5379 ηδ
1201 5306 1357 5371 Θεὸς,
1414 5306 1491 5371 ὡς
1548 5303 1798 5361 ἐπιποθῶ

1962 4746 2105 4815 Quia
2161 4743 2303 4799 dixit
2342 4742 2398 4798 in
2462 4739 2545 4796 eis
2609 4753 2669 4793 se
2711 4735 3006 4799 conlidere,
3033 4742 3150 4788 tum
3213 4730 3474 4785 fiduciam

1894 4839 2272 4909 hancjustam
2295 4844 2349 4891 et
2376 4833 2681 4905 legitimam
2712 4845 2838 4885 esse
2877 4828 3099 4885 asserit.
3126 4824 3293 4880 anet
3324 4822 3475 4878 enim

1893 4935 2044 4990 bono
2071 4931 2257 4987 animo
2286 4943 2434 4990 esse,
2470 4941 2571 4980 ceu
2605 4932 2896 4980 consortes
2936 4920 3183 4979 omnium
3232 4916 3473 4978 futuros,

1893 5026 2265 5086 vinculorum.
2295 5018 2662 5082 defensionis,
2708 5016 2922 5089 gratiae.
2978 5013 3146 5085 Atqui
3179 5007 3479 5081 hoemodo

1895 5116 2063 5171 fidere
2094 5114 2208 5170 illis
2239 5110 2332 5183 qui
2366 5108 2748 5173 crediderunt,
2794 5119 3055 5177 magnum
3097 5098 3474 5156 testimonium

1894 5216 1979 5273 est
2010 5207 2288 5264 ﬁrmitatis
2319 5205 2591 5275 ipsorum.

1969 5300 2139 5357 Vens.
2176 5298 2330 5355 8-H.
2361 5315 2380 5349 ι
2422 5294 2607 5352 Testis
2643 5294 2790 5349 enim
2826 5289 2960 5345 mihi
3010 5294 3095 5343 est
3132 5286 3298 5347 Deus,
3325 5278 3475 5353 quod

1896 5410 1999 5468 ego
2027 5393 2247 5463 cupiam
2272 5403 2465 5461 omnes
2516 5403 2617 5442 vos
2650 5387 2703 5441 in
2737 5382 3044 5439 visceribus
3085 5377 3213 5434 Jesu
3245 5371 3472 5473 Christi.

1903 5487 1970 5542 Et
2030 5486 2136 5541 hoc
2172 5478 2296 5549 oro,
2344 5489 2406 5536 ut
2460 5478 2701 5535 charitas
2738 5484 2934 5545 _vestra
2982 5470 3157 5543 magis
3194 5482 3257 5522 ae
3302 5470 3485 5533 magis

1906 5581 2152 5637 abundet
2191 5578 2245 5632 in
2274 5574 2510 5632 scientia
2545 5581 2601 5628 et
2645 5572 2700 5626 in
2740 5567 2889 5624 omni
2917 5581 3107 5629 sensu,
3132 5570 3193 5618 ut
3231 5554 3477 5632 probetis

1908 5674 2153 5748 potiora,
2173 5679 2235 5728 ut
2266 5670 2392 5729 sitis
2428 5665 2641 5727 sinceri
2684 5674 2737 5721 et
2799 5660 2920 5721 sine
2972 5657 3182 5718 offensa
3222 5654 3277 5711 in
3330 5650 3483 5710 diem

163 5409 437 5466 πάντας
468 5402 615 5472 ὑμᾶς
661 5402 721 5455 ἐν
752 5400 1082 5471 σπλάγχνοις
1143 5398 1320 5469 Ἰησοῦ
1376 5396 1638 5469 Χριστοῦ.
1686 5396 1799 5451 Καὶ

160 5502 382 5559 τοῦτο
412 5495 804 5567 προσεύχομαι,
839 5494 927 5547 ἵνα
954 5495 987 5563 ἡ
1033 5491 1222 5562 ἀγάπη
1263 5489 1419 5561 ὑμῶν
1462 5488 1545 5542 ἐτι
1595 5488 1797 5559 μᾶλλον

162 5588 533 5667 περισσεύῃ
555 5590 613 5642 ἐν
652 5586 945 5655 ἐπιγνώσει
982 5587 1079 5640 καὶ
1135 5584 1282 5655 πάσῃ
1331 5581 1604 5653 αἰσθήσει,
1630 5582 1711 5645 είς
1740 5580 1801 5634 τὸ

161 5678 544 5752 δοκιμάζειν
574 5678 719 5747 ὑμᾶς
745 5676 815 5735 τὰ
845 5676 1200 5748 διαφέροντα,
1235 5674 1323 5731 ἴνα
1353 5668 1453 5746 ἦτε
1488 5673 1801 5745 είλικρινεῖς

230 5866 305 5904 ιο
360 5858 420 5918 ll
451 5859 596 5918 Tim.
622 5878 697 5927 Iv,
729 5862 815 5917 16.
