4022 6434
667 412 776 479 859

1861 424 1920 482 S.
1954 424 2196 486 JOANN
2203 427 2275 487 IS
2312 429 2742 497 DAMASCENI
3723 456 3796 521 8ὐο

662 524 887 591 Christi,
919 524 1110 592 repleti
1163 524 1346 580 fructu
1394 526 1644 598 iustitiae,
1676 528 1770 597 qui
1803 538 1889 584 est
1937 547 2034 601 per
2050 531 2216 588 .lesuu

2304 582 2310 596 .
2340 539 2433 592 καὶ
2456 542 2796 614 ἀπρόσκοποι
2821 544 2902 608 εἰς
2929 545 3148 617 ἡμέραν
3197 547 3450 618 Χριστοῦ.
3476 555 3797 630 πεπληρωμένοι

663 622 942 678 Christum
979 621 1035 678 in
1064 623 1294 694 gloriam
1317 631 1373 677 et
1404 623 1616 678 laudem
1644 622 1759 679 Dei.
1795 643 1814 676 ι

731 794 870 861 Quia
897 795 1072 850 multo
1094 795 1314 850 illorum
1374 811 1564 851 amore
1593 796 1884 866 ﬂagrabat.
1913 798 1988 852 ita
2021 808 2080 854 ut
2114 817 2241 857 nus-

661 900 828 954 quam
857 887 1104 955 ipsorum
1137 886 1583 954 oblivisceretur,
1604 888 1719 944 sive
1744 889 1797 942 in
1821 890 2056 947 vinculis
2069 904 2234 961 esset,

660 979 777 1034 sive
803 992 863 1033 se
891 978 1207 1034 defenderet
1240 994 1254 1030 :
1288 995 1405 1033 eam
1429 979 1500 1033 ob
1536 996 1648 1034 rem
1675 980 1907 1051 hujusce
1938 984 2016 1038 rei
2041 993 2236 1042 testem

657 1071 896 1142 appellat
915 1071 1107 1126 Deum.
1141 1071 1219 1127 Ne
1237 1087 1365 1126 vero
1381 1073 1651 1143 quispiam
1680 1075 2057 1145 suspicaretur
2086 1094 2233 1144 eum,

655 1165 977 1219 assentandi
1011 1165 1194 1218 animo
1239 1173 1464 1235 propter
1497 1167 1867 1223 ministerium
1899 1171 2046 1240 quod
2079 1173 2145 1224 ad
2175 1187 2236 1228 se

655 1257 944 1318 miserant,
987 1257 1257 1326 ejusmodi
1317 1259 1522 1314 habere
1571 1276 1882 1326 sermones,
1919 1265 2232 1332 subjunxit,

657 1348 714 1402 in
751 1349 1035 1403 visceribus
1064 1349 1264 1404 Christi
1292 1349 1463 1416 Iesu;
1489 1368 1602 1422 quo
1636 1354 1970 1422 signiﬁcaret
2009 1373 2071 1412 se
2114 1359 2236 1414 illos

652 1455 860 1503 amare.
885 1456 995 1510 qua
1063 1443 1332 1498 charitate
1373 1444 1651 1499 Christum
1701 1447 1918 1504 sincere
1949 1449 2230 1522 diligebat.

651 1531 792 1587 Tum
847 1532 948 1589 hoc
1000 1545 1352 1604 apprecatur,
1404 1545 1464 1590 ut
1530 1538 1586 1591 in
1617 1541 1931 1610 cognitione
1978 1553 2032 1597 et
2066 1560 2231 1600 sensu

649 1637 976 1694 progressus
1003 1625 1234 1689 faciant,
1274 1626 1681 1699 diligentesque
1713 1634 2084 1701 pensitatores
2116 1638 2231 1692 sint

647 1701 916 1769 bonorum
952 1736 965 1771 :
1004 1717 1078 1771 ita
1133 1719 1338 1790 quippe
1402 1720 1523 1776 sine
1566 1721 1871 1780 offensione
1923 1726 2140 1784 futuros
2171 1731 2229 1785 in

648 1805 945 1859 adventum
1006 1808 1254 1872 Christi;
1325 1810 1430 1882 hoc
1483 1819 1569 1866 est
1621 1813 1771 1867 nullo
1835 1817 1998 1870 modo
2030 1818 2224 1888 pedem

2337 635 2550 702 καρπὸν
2605 637 2954 708 δικαιοσύνης
3008 641 3101 692 τὸν
3152 640 3239 694 διά
3296 641 3462 711 Ἰησοῦ
3499 646 3704 717 Χριστοῦ,
3745 664 3799 726 εξς

2335 725 2492 790 δόξαν
2527 730 2621 782 καὶ
2639 729 2858 785 ἔπαινον
2882 732 3040 786 Θεοῦ.
3077 751 3096 784 ι

2421 819 2642 890 Ἐπειδὴ
2671 821 2875 893 πολλὴν
2919 819 3080 878 εἶπεν
3141 824 3289 894 ἔχειν
3319 827 3398 888 είς
3427 827 3594 894 αὐτοὺς
3625 833 3800 905 ἀγάπην,

2337 911 2413 976 ὡς
2446 913 2696 984 μηδαμοῦ
2729 915 2928 978 αὐτοὺς
2953 916 3310 987 παραλιπεῖν,
3333 916 3408 986 μὴ
3433 918 3485 970 ἐν
3507 919 3683 988 δεσμοῖς
3696 926 3801 988 ὄντα,

2341 1003 2416 1075 μὴ
2445 1007 2502 1056 ἐν
2538 1005 2824 1077 ἀπολογίᾳ,
2850 1006 3042 1062 τούτου
3074 1009 3235 1079 χάριν
3270 1009 3512 1079 μάρτυρα
3532 1013 3611 1065 ἐπὶ
3631 1019 3808 1089 τοσούτῳ

2337 1096 2625 1166 πράγματι
2681 1098 3027 1153 ἐπικαλεῖται
3077 1100 3168 1153 τὸν
3218 1100 3369 1155 Θεόν.
3424 1102 3526 1155 Ἵνα
3566 1104 3612 1156 δὲ
3660 1111 3715 1177 μὴ
3751 1127 3806 1172 τις

2337 1188 2620 1255 ὑπολάϐοι,
2646 1190 2722 1253 ὡς
2751 1189 2840 1244 διὰ
2871 1189 2970 1262 τὴν
2999 1191 3280 1246 διακονίαν
3299 1195 3364 1262 ἣν
3383 1193 3672 1249 ἀπέστελλον
3689 1201 3807 1270 αὐτῷ,

2335 1279 2648 1334 κολακεύων
2671 1281 2982 1336 τὰτοιαῦτα
3012 1284 3184 1352 λέγει,
3221 1287 3512 1356 ἐπήγαγεν,
3557 1287 3616 1341 ἐν
3635 1293 3806 1360 caler-

2335 1387 2506 1439 χνοις
2531 1373 2790 1440 Χριστοῦ
2824 1373 3041 1444 Ἰησοῦ,
3072 1376 3286 1439 δεικνὺς
3331 1377 3413 1430 ὅτι
3445 1377 3476 1447 ἡ
3527 1379 3687 1449 ἀγάπη
3711 1384 3811 1454 αὐτῷ

2334 1462 2424 1516 διά
2438 1464 2499 1516 τὸ
2520 1465 2601 1527 είς
2638 1467 2876 1536 Χριστὸν
2904 1468 3129 1538 γνήσιόν
3153 1470 3322 1530 ἐστιν,
3357 1469 3450 1522 καὶ
3474 1470 3614 1524 τοῦτο
3637 1472 3807 1542 εὔχεται,

2335 1555 2429 1608 τοῦ
2463 1559 2797 1628 προκόπτειν
2827 1560 3026 1624 αὐτοὺς
3073 1563 3130 1614 ἐν
3182 1560 3473 1629 ἐπιγνώσει
3498 1563 3584 1616 καὶ
3611 1565 3810 1636 αἰσθήσει,

2337 1645 2432 1698 καὶ
2468 1645 2809 1717 δοκιμαστὰς
2836 1651 3088 1722 ἀκριϐεῖς
3115 1652 3368 1719 γενέσθαι
3390 1653 3496 1708 τῶν
3512 1655 3667 1707 καλῶν
3685 1673 3696 1684 ⁸
3718 1659 3813 1713 οὕτω

2332 1739 2441 1810 γὰρ
2473 1739 2687 1795 ἔσονται
2726 1744 3069 1814 ἀπρόσκοποι
3094 1747 3172 1809 είς
3195 1745 3296 1816 τὴν
3325 1748 3616 1818 παρουσίαν
3629 1749 3704 1802 τοῦ
3725 1752 3812 1820 Χρι-

2333 1830 2484 1890 στοῦ.
2526 1835 2770 1887 τουτέστι
2820 1835 2967 1889 κατά
2983 1837 3184 1907 μηδένα
3214 1837 3416 1908 τρόπον
3445 1839 3811 1908 προσκόπτοντες.

646 1896 980 1954 oilcusuros.
1007 1899 1141 1954 Nam
1169 1903 1262 1972 qui
1329 1903 1410 1958 sic
1449 1913 1610 1958 erunt
1643 1909 1976 1977 comparati,
2027 1912 2216 1982 inquit,

2333 1925 2395 1977 Οί
2415 1923 2526 1993 γὰρ
2547 1925 2800 1991 τοιοῦτοι,
2834 1896 2995 1999 φησὶ,
3019 1896 3124 2000 πλή
3137 1896 3260 2003 ρεις.
3281 1896 3648 2004 εὑρεθήσονται
3675 1896 3814 1985 Eme.

646 1987 791 2057 pleni
823 1990 1167 2059 reperientur
1215 1993 1453 2063 justitia:
1511 1996 1787 2053 fructibus
1822 2000 2114 2070 :justitite,
2141 2006 2230 2060 in-

647 2095 834 2147 quam,
863 2097 968 2136 non
1016 2100 1137 2153 qua:
1166 2101 1262 2155 per
1288 2087 1460 2158 legem
1492 2088 1763 2144 habeatur
1797 2092 1964 2162 (hanc
1991 2096 2136 2148 enim
2169 2097 2227 2151 in

643 2173 884 2239 e-pistolge
924 2177 1066 2231 serie
1109 2179 1247 2232 tollit
1308 2194 1339 2235 e
1391 2181 1620 2251 medio),
1675 2184 1774 2239 sed
1811 2202 1973 2255 quam
2005 2199 2228 2258 praestet

643 2263 933 2334 Christus;
967 2285 1088 2338 qua:
1121 2271 1344 2341 quidem
1371 2275 1540 2329 etiam
1578 2277 1631 2344 in
1662 2275 1755 2332 Dei
1787 2279 2018 2350 gloriam
2057 2283 2222 2338 cedit.

646 2353 891 2412 Vivendo
947 2365 1148 2432 quippe
1204 2367 1514 2421 secundum
1571 2369 1763 2438 Deum,
1809 2372 2042 2444 gloriam
2074 2376 2225 2433 Patri

641 2449 732 2518 qui
765 2451 815 2502 in
844 2452 1000 2507 caelis
1033 2461 1138 2519 est,
1178 2457 1505 2515 tribuimus.

718 2537 879 2597 Vens.
913 2543 1100 2600 12-14.
1134 2566 1152 2598 ι
1194 2546 1351 2604 Scire
1407 2560 1591 2606 autent
1647 2570 1748 2612 vos
1794 2559 1942 2622 volo,
2000 2559 2220 2628 fratres,

638 2633 768 2704 quia
797 2651 921 2706 qua:
952 2636 1100 2693 circa
1134 2656 1225 2696 me
1284 2654 1436 2708 sunt.
1482 2647 1658 2718 magis
1686 2650 1752 2704 ad
1785 2652 2090 2721 profectum
2124 2673 2220 2711 ve-

639 2738 843 2782 nerunt
878 2729 1184 2802 Evangelii.
1210 2732 1288 2788 ita
1318 2739 1615 2794 utvincula
1641 2758 1762 2797 mea
1795 2746 2086 2801 manifesta
2125 2748 2220 2802 fie-

639 2829 759 2873 rent
789 2821 842 2874 in
868 2820 1092 2879 Christo
1127 2825 1182 2880 in
1244 2829 1395 2882 omni
1447 2835 1728 2901 praetorio,
1797 2847 1851 2890 et
1897 2838 1951 2892 in
2004 2843 2219 2897 caeteris

633 2911 917 2978 omnibus,
952 2923 1007 2968 et
1042 2918 1226 2984 plures
1268 2935 1298 2973 e
1349 2920 1616 2980 fratribus
1645 2927 1699 2980 in
1750 2925 2004 2996 Domino,
2042 2935 2217 2986 conti-

636 3001 831 3058 dentes
868 3005 1106 3062 vinculis
1162 3013 1318 3076 meis,
1375 3015 1757 3072 abundantius
1793 3020 2066 3077 auderent
2098 3026 2218 3081 sine

636 3096 836 3151 timore
865 3101 1091 3154 verbum
1127 3101 1301 3172 loqui.
1335 3124 1353 3156 ι

2331 2017 2498 2089 σύνης
2523 2019 2769 2094 καρποίο
2815 2025 2909 2077 καὶ
2958 2022 3322 2094 δικαιοσύνης,
3385 2025 3443 2078 οὐ
3488 2026 3578 2095 τῆς
3604 2028 3654 2078 ἐν
3683 2029 3813 2095 νόμῳ·

2327 2109 2532 2180 ταύτην
2576 2113 2686 2185 γὰρ
2709 2113 2803 2166 καὶ
2841 2117 2899 2167 ὲν
2927 2118 3042 2178 τοῖς
3071 2115 3197 2184 ἑξῆς
3229 2116 3447 2188 ἀναιρεί
3477 2132 3491 2146 ⁸
3525 2117 3647 2170 ἀλλά
3663 2117 3741 2185 τῆς
3761 2118 3816 2170 διὰ

2327 2201 2590 2272 Χριστοῦ,
2622 2204 2657 2274 ἦ
2686 2221 2768 2268 τις
2805 2206 2896 2260 καὶ
2943 2207 3023 2269 είς
3068 2206 3246 2270 δόξαν,
3311 2209 3405 2260 καὶ
3449 2207 3650 2261 ἔπαινον
3671 2211 3818 2277 γίνεται

2326 2291 2484 2347 Θεοῦ.
2531 2294 2596 2347 Ἦ
2619 2294 2726 2366 γὰρ
2743 2296 2883 2350 κατὰ
2906 2297 3040 2350 Θεὸν
3060 2298 3302 2352 πολιτεία
3321 2298 3533 2366 δοξάζει
3561 2301 3640 2355 τὸν
3665 2303 3818 2371 Πατέρα

2324 2384 2415 2438 τὸν
2445 2386 2629 2451 ἐντοῖς
2651 2388 2923 2462 οὐρανοῖς.

2407 2581 2426 2615 ι
2468 2564 2761 2619 Γινώσκειν
2799 2566 2856 2620 δὲ
2922 2567 3064 2639 ὑμᾶς
3110 2568 3394 2640 βούλομαι,
3460 2569 3680 2638 ἀδελφοὶ,
3701 2572 3760 2622 ὅτι
3780 2569 3822 2622 τὰ

2324 2659 2444 2710 κατ’
2466 2659 2588 2730 ἐμὲ,
2621 2658 2823 2728 μᾶλλον
2852 2662 2932 2724 είς
2959 2663 3245 2734 προκοπὴν
3272 2661 3371 2716 τοῦ
3404 2663 3711 2732 Εὐαγγελίον
3737 2662 3822 2730 ἐλή-

2322 2748 2500 2815 λυθεν,
2541 2749 2680 2804 ὥστε
2702 2753 2830 2817 τοὺς
2858 2754 3090 2824 δεσμούς
3130 2773 3233 2825 μου
3263 2757 3536 2829 φανεροὺς
3563 2756 3768 2825 γενέσθαι
3786 2757 3824 2806 ἐν

2275 2858 2277 2860 ’
2319 2842 2426 2912 ὅλῳ
2448 2843 2524 2914 τῷ
2549 2847 2853 2918 πραιτορίῳ
2908 2848 3005 2901 καὶ
3031 2851 3144 2912 τοῖς
3173 2849 3385 2914 λοιποῖς
3439 2851 3620 2911 πᾶσιν,
3649 2849 3724 2902 καὶ
3743 2849 3825 2909 τοὺς

2321 2933 2571 2998 πλείονας
2641 2937 2750 2989 τῶν
2802 2939 3047 3009 ἀδελφῶν
3095 2943 3152 2992 ἐν
3191 2942 3386 3014 Κυρίῳ
3431 2943 3731 3004 πεποιθότας
3752 2942 3827 3000 τοῖς

2320 3023 2543 3095 δεσμοῖς
2574 3045 2699 3097 μου,
2732 3032 3136 3103 περισσοτέρως
3155 3033 3363 3105 τολμᾷν
3393 3035 3608 3105 ἀφόϐως
3630 3033 3825 3097 τὸνλόγον

2322 3114 2525 3170 λαλεῖν.

708 3187 877 3244 Roma
903 3193 968 3247 ad
999 3195 1125 3250 illos
1180 3198 1472 3267 epistolam
1508 3204 1728 3268 scribit,
1774 3222 1896 3261 cum
1935 3209 2212 3266 anxietate

2392 3208 2599 3280 Γράφει
2635 3213 2732 3281 μὲν
2763 3215 2946 3279 αὐτοῖς
2970 3215 3068 3287 τὴν
3125 3218 3422 3290 ἐπιστολὴν
3453 3219 3561 3272 ἀπὸ
3596 3217 3774 3286 Ῥώμης
3793 3215 3830 3263 ἐν

634 3292 688 3338 et
728 3301 962 3342 mmrore
1012 3290 1164 3356 gravi
1235 3303 1622 3363 premerentur
1690 3307 1917 3367 propter
1993 3303 2215 3356 vincula

631 3375 834 3445 ipsius.
875 3377 946 3433 De
995 3381 1200 3449 quibus
1245 3384 1490 3443 vinculis
1555 3404 1626 3444 ne
1652 3390 1859 3446 luctum
1891 3402 2060 3464 agant
2088 3404 2213 3451 tan-

635 3471 879 3525 tumdem
921 3473 1271 3538 dehortatur,
1301 3487 1362 3532 ut
1397 3480 1564 3534 etiam
1616 3483 1813 3539 doceat
1865 3501 1983 3552 eos,
2020 3487 2215 3557 ingens

631 3570 857 3631 propter
895 3564 988 3617 illa
1020 3567 1281 3635 gaudium
1343 3571 1604 3640 praeferre
1643 3592 1656 3628 :
1690 3577 1900 3647 quippe
1933 3594 2060 3633 cum
2097 3581 2214 3636 haec

629 3654 684 3706 in
720 3669 888 3710 causa
917 3668 1126 3724 essent,
1164 3670 1221 3715 ut
1251 3662 1576 3732 pradicatio
1627 3667 2005 3729 abundantius
2041 3688 2214 3744 auge-

628 3753 826 3808 sceret,
858 3756 912 3802 et
942 3765 1101 3804 error
1133 3755 1548 3816 amandaretur.

702 3835 869 3893 Vens.
908 3840 996 3895 15.
1033 3861 1052 3894 ι
1089 3841 1323 3908 Quidam
1361 3849 1582 3917 quidem
1615 3859 1668 3908 et
1691 3861 1918 3925 propter
1948 3854 2210 3914 invidiam

626 3939 679 3983 et
711 3932 1120 3987 contentionem
1149 3952 1163 4000 ;
1195 3935 1418 4004 quidam
1449 3947 1636 3994 autem
1664 3950 1719 3996 et
1751 3951 1978 4013 propter
2011 3945 2210 4000 bonam

623 4022 969 4078 voluntatem
1002 4025 1287 4082 Christum
1323 4030 1645 4100 praedicant.
1690 4052 1709 4085 ι

703 4114 864 4184 195
893 4115 1520 4190 Przedicationisutique
1545 4121 1756 4189 hostes,
1787 4125 1883 4196 qui
1911 4141 2035 4182 cum
2069 4129 2211 4184 Pau-

629 4205 716 4259 lus
751 4207 975 4262 vinctus
1012 4218 1315 4278 teneretur,
1352 4213 1480 4281 quia
1517 4212 1704 4269 .Iesum
1745 4219 2211 4285 annuntiabat,ut

629 4298 808 4367 magis
833 4297 1109 4355 Neronem
1141 4292 1460 4365 incitarent.
1489 4304 1596 4375 ipsi
1621 4323 1840 4379 quoque
1864 4309 2050 4366 Jesum
2076 4329 2209 4384 prae-

626 4389 891 4446 dicabant
922 4411 934 4446 :
981 4410 1070 4450 res
1098 4411 1230 4451 vero
1263 4406 1452 4452 contra
1481 4414 1646 4468 quam
1710 4411 1978 4470 praestare
2016 4409 2208 4461 volne-

628 4488 771 4542 rant,
805 4484 1090 4538 successit.
1119 4487 1254 4539 Cum
1288 4489 1432 4542 enim
1465 4490 1914 4559 pradicationem
1950 4494 2205 4553 funditus

2320 3301 2485 3373 πολλῇ
2517 3301 2666 3357 οὖσιν
2697 3305 2904 3378 ἀθυμία
2931 3307 3020 3361 διὰ
3073 3310 3141 3362 τὰ
3169 3311 3372 3381 δεσμά.
3428 3311 3546 3381 Ἐφ’
3573 3305 3648 3372 οἷς
3671 3308 3833 3375 δεσμοῖς

2315 3395 2569 3449 τοσοῦτον
2600 3398 2902 3469 ἀποτρέπει
2957 3400 3051 3453 τοῦ
3103 3400 3417 3469 λυπεῖσθαι,
3470 3403 3545 3468 ὡς
3585 3403 3670 3456 καὶ
3709 3399 3835 3469 χαρὰν

2319 3487 2565 3558 μεγάλην
2625 3490 2822 3554 αὐτοὺς
2880 3491 3068 3562 ἔχειν,
3127 3493 3410 3549 διδάσκειν
3473 3497 3541 3550 δι’
3590 3494 3741 3555 αῦτά,
3779 3491 3836 3543 ὅτι

2314 3579 2380 3631 δι’
2403 3580 2584 3635 αὐτῶν
2623 3582 2907 3648 πλεονάζει
2930 3585 2992 3638 τὸ
3020 3588 3302 3659 κήρυγμα,
3340 3590 3439 3643 καὶ
3467 3590 3499 3659 ή
3527 3587 3686 3656 πλάνη
3709 3581 3837 3652 ἐξορί-

2317 3669 2492 3737 ζεται.

2391 3871 2410 3906 ι
2450 3855 2608 3918 Τινὲς
2632 3855 2734 3926 μὲν
2780 3857 2876 3909 καὶ
2921 3855 3010 3910 διὰ
3039 3855 3234 3926 φθόνον
3274 3858 3374 3912 καὶ
3418 3857 3560 3929 ἔριν,
3587 3848 3838 3920 τινέςδέδι⁸

2303 3949 2560 4004 ἐὐδοκίαν
2591 3949 2683 4004 τὸν
2710 3950 2947 4022 Χριστὸν
2976 3951 3374 4022 κηρύσσουσιν.
3422 3972 3443 4005 ι

2370 4127 2433 4179 Οί
2454 4125 2547 4196 ἐχθ
2557 4125 2637 4197 poi.
2654 4124 2749 4179 τοῦ
2767 4143 2835 4197 κη
2847 4125 3145 4198 ρύγματος,
3171 4126 3428 4192 δεθέντος
3446 4125 3547 4182 τοῦ
3574 4124 3840 4181 ’Δποστόλον

2309 4219 2396 4273 διά
2424 4219 2485 4272 τὸ
2515 4217 2815 4290 κηρύσσειν
2843 4219 2936 4273 τὸν
2979 4219 3209 4290 Ἰησοῦν,
3246 4219 3580 4292 βουλόμενοι
3612 4219 3754 4273 πλέον
3780 4233 3840 4270 κι-

2309 4310 2470 4379 νῆσαι
2496 4309 2585 4362 τὸν
2615 4309 2867 4381 Νέρωνα,
2890 4310 2986 4363 καὶ
3021 4310 3181 4364 αὐτοὶ
3205 4313 3523 4382 ἐκήρυττον
3550 4312 3640 4366 τὸν
3664 4309 3841 4380 Ἰησοῦν,

2309 4403 2404 4456 καὶ
2451 4402 2766 4456 συνέϐαινεν
2827 4403 3014 4468 αὐτοῖς
3067 4403 3128 4458 τὸ
3193 4405 3451 4459 ἐναντίον
3496 4399 3559 4459 οὗ
3612 4403 3843 4457 ἐϐούλοντο

2307 4495 2500 4545 ποιεῖν.
2527 4491 2784 4556 Θέλοντες
2811 4493 2919 4566 γὰρ
2945 4494 3245 4549 καταλύσαι
3264 4497 3330 4549 τὸ
3365 4498 3440 4567 κή
3452 4493 3846 4567 ρυγμα,ηὕξανον

626 4572 924 4646 profligare
954 4577 1174 4640 vellent.
1238 4579 1351 4634 haec
1385 4582 1561 4652 magis
1613 4584 1939 4654 augebatur,
1982 4590 2202 4645 tametsi

2310 4584 2530 4654 μᾶλλον,
2568 4587 2617 4638 εἰ
2643 4587 2737 4639 καὶ
2763 4586 2863 4656 οὐχ
2889 4586 3074 4656 ἅγνῶς
3103 4589 3444 4660 ἐκήρυσσον,
3482 4588 3745 4642 τουτέστιν
3767 4581 3844 4633 ᾶπδ

625 4668 860 4734 sincere,
911 4669 1029 4725 sive
1089 4685 1156 4726 ex
1215 4673 1398 4728 animo
1459 4691 1566 4729 non
1590 4675 1990 4744 praedicarent,
2025 4697 2205 4751 neque

627 4774 853 4828 operam
889 4761 945 4815 in
981 4765 1084 4818 hoc
1142 4765 1498 4830 collocarent,
1533 4777 1593 4822 ut
1634 4770 1882 4827 homines
1915 4774 2201 4829 veritatem

622 4849 977 4915 docerentur,
1016 4851 1112 4907 sed
1151 4862 1208 4907 ut
1240 4855 1550 4910 molestiam
1603 4857 1868 4927 Apostolo
1919 4871 2197 4920 crearent.

693 4941 862 4998 Vens.
899 4943 1083 4999 16-18.
1123 4961 1142 4996 ι
1170 4944 1405 5011 Quidam
1464 4949 1688 5017 quidem
1746 4966 1813 5006 ex
1847 4957 2202 5011 contentione

619 5035 902 5092 Christum
961 5037 1311 5101 annuntiant,
1358 5055 1467 5094 non
1520 5041 1756 5108 sincere,
1815 5046 2200 5104 existimantes

621 5145 939 5198 pressuratn
977 5145 1038 5186 se
1064 5131 1340 5185 suscitare
1388 5133 1628 5190 vinculis
1660 5137 1796 5191 meis
1821 5151 1834 5188 :
1856 5139 2080 5206 quidam
2101 5156 2201 5195 au-

619 5229 726 5275 tem
751 5238 812 5276 ex
839 5223 1131 5287 charitate,
1161 5225 1402 5280 scientes
1441 5228 1703 5294 quoniam
1728 5228 1782 5281 in
1822 5229 2197 5286 defensionem

622 5313 899 5386 Evangelii
955 5319 1174 5388 positus
1226 5334 1370 5373 sum.
1436 5320 1578 5385 Quid
1628 5321 1988 5376 enim?dum
2045 5327 2196 5378 omni

621 5407 809 5475 modo,
869 5411 986 5464 sive
1041 5426 1140 5480 per
1189 5411 1564 5477 occasionem,
1613 5414 1730 5468 sive
1779 5429 1875 5484 per
1907 5416 2196 5472 veritatem

619 5499 876 5557 Christus
901 5505 1281 5558 annuntictur.
1323 5523 1342 5556 ι

692 5591 800 5658 Qui
832 5596 1047 5649 sincere
1071 5597 1398 5663 praedicant,
1428 5596 1631 5667 inquit,
1670 5599 1774 5656 hoc
1805 5601 2032 5670 faciunt,
2065 5607 2196 5676 quia

621 5699 691 5738 ex
722 5699 842 5739 mea
871 5685 1190 5744 defensione
1217 5689 1540 5746 audaciores
1570 5707 1882 5749 evaserunt.
1917 5695 2197 5752 Noverunt

622 5776 772 5831 enim
796 5791 915 5831 eam
961 5782 1516 5851 communiipmrum
1549 5785 1839 5843 commodo
1881 5801 2194 5858 cessuram,

613 5885 784 5942 quam
815 5871 1115 5943 Apostolus
1137 5874 1479 5936 instituebat.

2304 4677 2556 4749 καρδίας,
2588 4679 2682 4732 καὶ
2720 4679 2854 4733 αὐτὸ
2885 4683 3048 4751 τοῦτο
3078 4680 3516 4750 σπουδάζοντες,
3529 4685 3592 4736 ού
3621 4681 3678 4733 τὸ
3699 4675 3847 4750 μαθεῖν

2301 4769 2622 4841 ἀνθρώπους
2650 4771 2748 4844 τὴν
2775 4772 3056 4844 ἀλήθειαν,
3075 4773 3211 4829 ἀλλά
3231 4773 3324 4828 διὰ
3358 4776 3424 4829 τὸ
3448 4775 3685 4848 ἐγείρειν
3710 4767 3843 4836 θλίψιν

2300 4862 2378 4934 τῷ
2415 4864 2470 4917 Ἀ
2480 4865 2742 4936 ποστόλῳ.

2387 4975 2405 5008 ι
2438 4959 2503 5010 Ui
2537 4957 2638 5028 μὲν
2661 4958 2720 5025 ἐξ
2751 4957 2993 5030 ἐριθείας
3015 4959 3108 5013 τὸν
3135 4960 3381 5032 Χριστὸν
3409 4959 3845 5030 καταγγέλλουσιν,

2299 5050 2398 5120 οὐχ
2430 5033 2628 5119 ἁγνῶς,
2667 5053 2722 5117 oi
2783 5053 3022 5123 οἰόμενοι
3081 5052 3257 5122 θλίψιν
3313 5055 3621 5126 ἐπιφέρειν
3672 5053 3767 5112 τοῖς
3789 5048 3849 5100 δε·

2302 5145 2460 5212 σμοῖς
2500 5161 2602 5214 μου
2634 5160 2648 5175 ⁸
2680 5145 2729 5198 οἱ
2782 5144 2841 5198 δὲ
2897 5145 2956 5208 ἐξ
2992 5145 3232 5213 ἀγάπης,
3264 5146 3488 5210 εἰδότες
3529 5148 3613 5200 ὅτι
3649 5147 3720 5207 εἰς
3746 5142 3847 5193 ἀπο·

2297 5233 2486 5302 λογίαν
2514 5234 2608 5287 τοῦ
2632 5234 2970 5304 Εὑαγγελίου
2998 5240 3211 5307 κεῖμαι.
3245 5236 3312 5288 Τί
3347 5237 3514 5308 γάρ;
3550 5237 3688 5308 Πλὴν
3722 5230 3850 5286 παντὶ

2299 5326 2508 5396 τρόπῳ,
2531 5326 2642 5380 είτε
2678 5327 2974 5398 προφάσει,
3014 5328 3125 5382 εἴτε
3157 5328 3399 5402 ἀληθείᾳ
3422 5331 3664 5403 Χριστὸς
3683 5338 3847 5389 καταγ·

2298 5419 2565 5489 γέλλεται.
2599 5439 2618 5471 ι

2371 5593 2527 5649 Ὅσοι
2560 5593 2758 5662 ἁγνῶς,
2803 5593 2962 5665 φησὶ,
3025 5592 3391 5665 κηρύττουσι,
3453 5591 3770 5666 θαρροῦντες
3801 5582 3855 5653 τῇ

2296 5690 2402 5760 ἐμῇ
2429 5688 2698 5759 ἀπολογίᾳ
2727 5687 2885 5742 τοῦτο
2903 5686 3170 5742 ποιοῦσιν.
3199 5685 3455 5758 ᾜδεσαν
3499 5688 3610 5756 γάρ
3634 5685 3704 5745 ὡς
3730 5678 3855 5742 κοίνῆ

2297 5782 2446 5834 ἔσται
2482 5781 2619 5853 ὑπὲρ
2654 5779 2833 5837 αὐτῶν
2863 5779 3131 5848 ἀπολογία
3165 5780 3200 5850 ἠ
3226 5777 3390 5850 παρὰ
3429 5777 3531 5834 τοῦ
3572 5768 3858 5831 ’Λποστύλω

2295 5876 2572 5948 γινομένη.

3951 1463 3955 1708 Ι
