4022 6420
190 440 292 508 861

1268 438 1351 498 IN
1390 438 1627 499 EPIST.
1670 436 1771 496 AD
1806 436 2375 499 PHILIPPENSES.

3342 442 3449 507 862

273 579 293 611 ι
323 556 513 628 Χαίρω
537 572 552 587 ο
583 556 639 608 ὲν
666 554 840 626 τούτῳ
893 553 1088 625 χαίρω,
1125 551 1262 606 ἀλλά
1299 556 1396 606 xui.
1433 553 1766 623 χαρήσομαι.

1951 574 1968 606 ι
2004 554 2267 620 Gaudeo;
2326 556 2381 609 in
2463 554 2566 609 hoc
2627 556 2864 626 gaudeo,
2924 554 3018 612 sed
3064 566 3119 613 et
3176 556 3445 629 gaudebo.

194 649 326 707 υἷδα
378 651 487 719 γὰρ
538 649 622 702 ὃτι
666 648 826 701 τοῦτό
889 665 977 719 μοι
1004 648 1347 717 ἀποόήσεται
1384 648 1465 708 είς
1494 644 1768 715 σωτηρίαν

192 742 284 796 διὰ
308 744 407 812 τῆς
442 741 597 811 ὑμῶν
623 740 878 811 δεήσεως,
921 740 1017 793 καὶ
1059 737 1416 809 ἐπιχορηγίας
1464 735 1558 789 τοῦ
1587 734 1758 788 Πνεύ-

199 852 371 904 ματος
411 832 589 905 Ἰησοῦ
614 831 874 909 Χριστοῦ,
906 831 1049 885 κατά
1089 833 1187 902 τὴν
1208 828 1651 902 ἀποκαραδοκίαν
1674 828 1771 882 καὶ

195 928 391 981 ἐλπίδα
429 944 551 998 μου.
595 945 613 978 ι

268 1018 537 1072 Τοσοῦτον
592 1018 801 1087 ἀπέχω.
855 1017 1007 1088 φησὶ,
1052 1016 1146 1070 τοῦ
1176 1015 1362 1085 ἀλγεῖν
1393 1014 1485 1067 ἐπὶ
1534 1016 1643 1078 τοῖς
1678 1013 1767 1067 δε-

198 1113 356 1181 σμοῖς
385 1112 478 1164 καὶ
503 1112 566 1181 τῇ
614 1108 877 1180 μελλούσῃ
922 1109 1205 1180 ἀπολογίᾳ,
1250 1108 1309 1161 ού
1340 1108 1499 1178 μόνον
1531 1108 1596 1178 τῇ
1628 1106 1770 1177 ὑπὲρ

196 1198 276 1260 ὧν
298 1204 410 1273 ἐγὼ
426 1203 704 1275 κηρύσσω,
758 1203 893 1255 ἀλλά
945 1202 1040 1255 καλ⁸
1088 1202 1230 1273 ὑπὲρ
1268 1195 1341 1255 ὧν
1375 1202 1595 1265 ἐκεῖνοι,
1628 1199 1769 1253 ὥστε

197 1296 297 1351 καὶ
325 1295 499 1366 χαρὰν
534 1294 772 1365 ἡγοῦμαι
825 1292 886 1347 τὸ
939 1295 1193 1364 πρᾶγμα.
1250 1293 1609 1365 Ἀποϐήσεται
1664 1292 1773 1363 γὰρ

198 1392 338 1461 ἡμῖν
360 1391 440 1453 είς
495 1390 766 1460 σωτηρίαν
790 1404 805 1418 ⁸
865 1389 960 1440 καὶ
992 1386 1195 1451 εὐθέως
1219 1388 1431 1456 εἰσάγει
1465 1387 1527 1440 τὸ
1554 1386 1772 1458 μέτριον

196 1484 293 1535 διὰ
316 1483 415 1553 τῆς
442 1481 617 1535 αὐτῶν
645 1481 877 1550 δεήσεως
906 1482 996 1535 καὶ
1027 1481 1288 1552 χορηγίας
1308 1480 1400 1533 τοῦ
1430 1480 1771 1551 Πνεύματος,

199 1574 411 1646 ταύτην
440 1572 587 1645 αὐτῷ
619 1572 1051 1644 γίνεσθαιλέγων
1083 1573 1184 1645 τὴν
1216 1570 1510 1644 σωτηρίαν.

278 1774 299 1806 ι
330 1754 455 1807 Ὀτι
512 1754 569 1806 ὲν
627 1752 801 1807 οὐδενὶ¹
847 1752 1302 1824 αίσχυνθήσομαι,
1354 1752 1469 1806 ἀλλ’
1516 1752 1575 1805 ἐν
1626 1752 1777 1824 πάσᾳ

202 1846 511 1917 παρρησίᾳ,
544 1845 619 1909 ὡς
645 1845 877 1900 πάντοτε
908 1846 1006 1899 καὶ
1026 1845 1120 1899 νῦν
1142 1844 1612 1917 μεγαλυνθήσεται
1642 1846 1779 1916 Χρι-

201 1938 327 2001 στὸς
356 1941 414 1992 ὲν
441 1938 519 2009 τῷ
546 1936 756 2009 σώματί
796 1954 917 2009 μου.
950 1956 969 1990 ι

273 2031 586 2095 Τουτέστιν,
636 2031 695 2084 ού
735 2030 886 2103 φόϐῳ
930 2031 1039 2085 τῶν
1065 2030 1303 2101 δεσμῶν,
1352 2031 1413 2085 οὐ
1443 2031 1545 2101 τῆς
1576 2030 1779 2084 ἀπολο-

197 2130 355 2193 γίας,
389 2126 489 2180 οὐκ
522 2125 685 2179 αὐτοῦ
712 2125 807 2179 τοῦ
842 2124 1097 2192 θανάτου,
1120 2122 1382 2197 προδώσω
1401 2125 1462 2179 τὸ
1491 2126 1774 2198 κήρυγμα.

282 2309 302 2342 α
342 2290 469 2343 Είτε
496 2289 586 2344 διὰ
614 2290 779 2359 ζωῆς,
807 2291 915 2343 εἴτε
942 2290 1031 2344 διά
1067 2289 1323 2344 θανάτου.
1364 2308 1383 2339 ι

276 2383 398 2439 Κᾶν
451 2382 557 2450 ζῶ,
607 2383 762 2453 φησὶ,
822 2383 1106 2437 πλεονάσω
1162 2382 1243 2453 τῷ
1294 2382 1630 2453 κηρύγματι,
1674 2382 1781 2436 κᾶν

199 2473 491 2544 ἀποθάνω,
550 2474 711 2527 πάλιν
767 2468 1051 2537 δοξάζεται
1079 2472 1337 2542 Χριστὸς,
1376 2473 1457 2526 ὅτι
1504 2471 1779 2535 τοιούτους

203 2564 335 2633 ἔσχε
376 2564 502 2625 τοὺς
527 2562 803 2632 ὑπηρέτας
827 2561 888 2615 τδ
914 2561 1076 2615 αὑτοῦ
1102 2562 1381 2634 κήρυγμα,
1408 2560 1482 2625 ὡς
1502 2562 1597 2615 καὶ
1614 2561 1777 2615 αὐτοῦ

204 2656 622 2724 καταφρονῆσαι
648 2653 741 2707 τοῦ
766 2654 1019 2708 Θανάτου.

286 2766 304 2799 ι
343 2747 500 2816 Ἐμοὶ
535 2746 644 2817 γάρ
672 2746 732 2799 τὸ
756 2746 855 2817 ζῇν
884 2744 1139 2818 Χριστός.
1160 2764 1181 2799 ι

282 2839 457 2893 Βλέπε
483 2840 570 2893 διὰ
594 2839 774 2893 πόσων
796 2839 1000 2908 ἀπάγει
1028 2838 1225 2902 αὐτοὺς
1258 2840 1357 2910 τῆς
1388 2837 1589 2909 λύπης.
1627 2838 1781 2909 πρώ-

206 2949 306 2985 του
335 2932 453 3002 μὲν,
481 2930 575 2985 τοῦ
606 2932 681 3001 μὴ
718 2930 1103 3002 αίσχύνεσθαι’
1172 2930 1446 3003 δευτέρου,
1472 2931 1567 2984 τοῦ
1608 2948 1781 3002 μεγα-

210 3023 467 3077 λύνεσθαι
533 3022 665 3095 [διὰ]
694 3022 784 3077 τὸν
846 3023 1111 3093 Χριστόν·
1160 3022 1368 3094 τρίτου,
1403 3022 1497 3075 τοῦ
1534 3022 1623 3076 διὰ
1647 3024 1782 3094 Χρι-

208 3116 339 3169 στὸν
368 3115 528 3186 μόνον
545 3116 814 3186 αἱρεῖσθαι
840 3115 898 3169 τὸ
923 3117 1042 3187 ζῇν,
1073 3116 1158 3169 ἴνα
1184 3116 1279 3186 τὴν
1301 3115 1576 3170 διακονίαν
1616 3113 1781 3169 αὐτοῦ

204 3209 322 3279 πλη
329 3209 495 3280 ρώσῃ.

285 3341 309 3375 ε
337 3324 451 3377 Καὶ
476 3322 538 3375 τὸ
563 3322 853 3377 ἀποθανεῖν
883 3321 1092 3394 κέρδος.
1128 3341 1146 3374 ›

272 3417 375 3486 Μὴ
427 3416 663 3483 ἀλγεῖτε,
718 3416 903 3487 φησὶν,
967 3416 1059 3468 ὲπὶ
1111 3418 1220 3479 τοῖς
1260 3416 1479 3486 δεσμοῖς
1517 3432 1635 3486 μου.
1673 3417 1785 3471 Καὶ

200 3507 347 3561 αὐτὸ
376 3507 486 3577 γὰρ
535 3506 598 3561 τὸ
644 3507 935 3560 ἀποθανεῖν
992 3506 1131 3580 ὑπὲρ
1186 3506 1278 3560 τοῦ
1326 3507 1565 3578 Χριστοῦ
1593 3508 1785 3579 κέρδος
1823 3574 1833 3583 ν

201 3600 491 3671 μέγιστον.

279 3713 305 3745 ι
357 3692 421 3746 E!
445 3690 500 3746 δὲ
530 3689 589 3743 τὸ
611 3688 709 3762 ζῇν
732 3692 787 3744 ὲν
821 3692 1012 3763 σαρκὶ,
1043 3690 1203 3744 τοῦτὸ
1239 3708 1327 3761 μοι
1350 3691 1563 3758 καρπὸς
1596 3691 1782 3763 ἔργου.

196 3789 329 3842 Καὶ
359 3786 411 3839 τί
436 3787 733 3857 αἱρήσομαι
754 3785 812 3839 ού
848 3783 1121 3858 γνωρίζω.
1171 3784 1475 3859 Συνέχομαι
1507 3785 1561 3838 δὲ
1592 3786 1655 3839 ἐκ
1680 3786 1789 3841 τῶν

197 3878 329 3941 δύο,
358 3876 459 3948 τὴν
486 3877 775 3948 ἐπιθυμίαν
805 3876 941 3947 ἔχων
979 3896 997 3929 ι

286 3968 751 4038 Ἐπεξεργάζεται
803 3971 871 4024 τὰ
905 3970 1300 4042 προειρημένα,
1348 3972 1439 4025 καὶ
1482 3967 1592 4025 οἶον
1616 3974 1789 4044 ἑρμη-

198 4062 380 4125 νεύει,
407 4061 437 4114 ὃ
464 4078 516 4114 τι
550 4062 667 4113 ἐστὶ
695 4061 776 4126 τὸ,
809 4061 938 4132 ἐμοὶ
978 4061 1085 4131 ζῆν
1113 4065 1146 4117 ὁ
1177 4064 1431 4130 Χριστός
1451 4082 1463 4095 ο
1499 4065 1646 4133 λέγει
1671 4062 1785 4132 οῦν,

195 4155 280 4217 ὡς
330 4155 393 4207 τὸ
447 4152 544 4224 ζῇν
582 4154 813 4225 Χριστὸς
859 4141 1061 4226 ταύτην
1111 4155 1210 4227 τὴν
1257 4155 1423 4228 ζωὴν,
1471 4158 1623 4211 οὐδὲν
1659 4158 1787 4212 ἄλλο

198 4243 465 4317 ὲστὶν,ἢ
522 4245 751 4317 ἐργασία
798 4248 1164 4319 πνευματικὴ,
1225 4242 1293 4320 ἧς
1362 4249 1640 4319 ὀφείλεταί
1698 4267 1788 4323 μοι

194 4338 454 4411 καρπός.

280 4451 301 4483 ι
351 4431 446 4495 Ei;
471 4431 530 4485 τὸ
550 4433 831 4500 ἀναλύσαι,
866 4436 963 4490 καὶ
994 4435 1089 4489 σὺν
1129 4435 1353 4507 Χριστῷ
1396 4435 1562 4501 εἶναι,
1607 4435 1788 4508 πολλῷ

199 4523 423 4594 μᾶλλον
471 4529 757 4597 κρεῖσσον·
804 4528 865 4581 τὸ
919 4528 976 4582 δὲ
1022 4530 1305 4600 ἐπιμένειν
1329 4532 1385 4583 ἐν
1451 4532 1514 4601 τῇ
1577 4533 1781 4601 σαρκὶ,

1870 644 2059 718 (Vsus.
2096 646 2183 712 19,
2214 646 2335 719 20.]
2358 647 2486 701 Scio
2518 646 2663 701 enim
2700 649 2833 718 quia
2859 649 2959 703 hoc
2996 650 3134 703 mihi
3162 650 3447 720 proveniet

1869 739 1937 793 ad
1969 740 2201 795 salutem
2248 756 2345 810 per
2404 750 2646 795 vestram
2698 742 3032 809 orationem,
3090 750 3144 797 et
3179 743 3447 798 submini—

1870 833 2198 887 strationem
2233 833 2474 904 Spiritus
2500 831 2635 888 Jesu
2652 834 2878 899 Christi,
2898 835 3202 890 secundum
3245 851 3443 907 exspe-

1870 925 2169 979 ctationem
2203 932 2257 979 et
2284 940 2437 994 Spem
2468 939 2666 978 meam.
2704 946 2721 976 ι

1942 1013 2180 1069 Tantum
2214 1016 2391 1077 abest,
2428 1016 2627 1084 inquit,
2662 1025 2720 1069 ut
2748 1017 2987 1071 vinculis
3026 1017 3163 1071 meis
3204 1016 3443 1080 doleam,

1871 1109 2018 1179 quod
2061 1110 2331 1163 rationem
2364 1108 2686 1165 redditurus
2740 1109 2865 1174 sim,
2912 1126 3026 1164 non
3061 1112 3235 1165 solum
3257 1125 3444 1164 eorum

1872 1218 1993 1271 qua:
2025 1202 2203 1272 palam
2260 1202 2553 1266 annuntio,
2592 1218 2784 1256 verum
2836 1202 3004 1257 etiam
3042 1202 3448 1271 praedicationis

1876 1292 2129 1357 illorum;
2166 1300 2225 1345 ut
2280 1292 2467 1361 potius
2530 1289 2881 1361 gaudendum
2953 1290 3309 1343 existimem:
3362 1303 3450 1359 res

1875 1386 2072 1454 quippe
2110 1385 2355 1438 nobisin
2405 1385 2637 1437 salutem
2696 1381 2976 1437 succedet.
3011 1382 3281 1437 Caeterum
3338 1387 3449 1434 sta-

1877 1475 1969 1524 tim
2006 1471 2325 1526 modestiam
2360 1470 2599 1540 prazl'ert,
2626 1488 2751 1525 cum
2786 1471 2863 1524 ait
2903 1471 3046 1524 hanc
3072 1472 3173 1525 sibi
3217 1470 3448 1524 salutem

1878 1566 2131 1633 precibus
2166 1558 2421 1633 ipsorum
2441 1576 2493 1619 et
2521 1562 3047 1619 subministratione
3080 1562 3313 1633 Spiritus
3348 1561 3449 1616 ob-

1876 1666 2181 1711 venturam.

1958 1774 1975 1805 ‹
2005 1754 2143 1821 Quia
2180 1755 2233 1809 in
2264 1755 2415 1810 nullo
2458 1752 2808 1818 confundar;
2845 1751 2937 1807 sed
2975 1751 3029 1805 in
3057 1748 3204 1804 omni
3235 1746 3447 1809 ﬁducia,

1881 1846 2026 1901 sicut
2061 1862 2281 1916 semper
2299 1854 2352 1902 et
2378 1862 2548 1911 nunc,
2584 1843 3029 1915 magniﬁcahitur
3090 1839 3341 1894 Christus
3395 1836 3451 1889 in

1809 1923 1853 1980 Β
1880 1953 2114 2008 corpore
2146 1954 2289 1993 meo.
2332 1957 2352 1990 ι

1955 2031 2070 2086 Hoc
2103 2040 2206 2097 est,
2235 2030 2458 2085 vincula
2504 2044 2616 2083 non
2678 2026 3049 2098 pertimesco;
3085 2037 3194 2076 non
3231 2034 3329 2091 pro
3359 2016 3455 2072 de-

1880 2124 2129 2180 fensione
2158 2140 2278 2178 mea
2319 2124 2523 2185 dicere,
2562 2138 2671 2176 non
2714 2130 2942 2175 mortem
2982 2120 3177 2189 ipsam,
3218 2125 3276 2169 ut
3316 2126 3449 2184 prte-

1882 2218 2172 2273 dicationis
2207 2215 2443 2271 cilicium
2477 2216 2751 2271 deseram.
3168 2280 3171 2283 Α

1956 2330 1975 2363 ι
2022 2310 2146 2366 Sive
2182 2326 2281 2381 per
2301 2312 2493 2376 vitam,
2521 2311 2638 2366 sive
2671 2324 2768 2379 per
2806 2317 3057 2362 mortem.
3100 2324 3117 2356 ι

1953 2402 2078 2458 Sive
2105 2404 2315 2467 vixero,
2373 2402 2597 2471 inquit,
2660 2401 2898 2472 amplius
2943 2394 3283 2469 praedicabo,
3341 2390 3457 2445 sive

1883 2495 2112 2560 moriar,
2143 2493 2370 2564 perinde
2399 2491 2657 2547 Christus
2692 2489 3085 2551 celebrabitur,
3122 2483 3281 2553 cujus
3318 2497 3457 2550 pra:—

1883 2589 2087 2644 dicatio
2117 2588 2405 2642 ministros
2435 2585 2570 2639 tales
2600 2584 2823 2647 habeat,
2864 2582 2960 2652 qui
3014 2587 3247 2633 mortem
3284 2574 3455 2642 ipsam

1884 2688 2267 2748 aspernentur.

1955 2767 2119 2823 Vens.
2152 2768 2243 2822 2|.
2283 2785 2303 2818 ι
2336 2764 2468 2820 Mihi
2499 2764 2644 2820 enim
2675 2764 2859 2817 vivere
2887 2759 3161 2816 Christus.
3202 2776 3219 2809 ι

1952 2860 2089 2916 Vide
2119 2866 2254 2931 quot
2283 2857 2580 2913 momentis
2599 2871 2694 2910 eos
2715 2870 2747 2910 a
2767 2853 2995 2907 tristitia
3022 2846 3461 2905 revocet.Primo

1883 2954 2127 3026 quidem,
2180 2952 2309 3022 quia
2361 2950 2572 3021 pudore
2637 2962 2745 3002 non
2784 2945 3153 3009 sull‘unditur;
3193 2939 3457 3003 secundo,

1884 3049 2013 3118 quia
2059 3046 2314 3101 Christus
2374 3043 2765 3113 magniﬁcatur
2800 3056 2817 3106 ;
2859 3036 3045 3099 tertio,
3094 3035 3225 3105 quia
3276 3033 3461 3086 vivere

1886 3154 1995 3193 non
2028 3137 2200 3207 cupit,
2232 3137 2339 3191 nisi
2373 3142 2601 3206 propter
2629 3132 2911 3187 Christum
2965 3129 3165 3193 solum,
3202 3135 3262 3180 ut
3300 3124 3461 3179 mini-

1809 3268 1853 3326 ο
1887 3233 2113 3287 sterium
2136 3232 2295 3287 obeat
2327 3245 2510 3285 suum.

1963 3344 1983 3377 ι
2026 3324 2089 3379 Et
2122 3324 2261 3379 mori
2295 3324 2532 3377 lucrum.
2558 3340 2576 3374 ι

1956 3417 2074 3473 Non
2137 3432 2233 3472 vos
2305 3416 2487 3470 doleat
2534 3411 2883 3467 vinculorum
2946 3424 3214 3474 meorum,
3262 3405 3459 3476 inquit.

1889 3510 2170 3577 Quiaestum
2196 3506 2399 3579 quippe
2449 3518 2709 3575 magnum
2752 3500 2965 3567 fecero,
3014 3502 3062 3557 si
3109 3516 3210 3571 pro
3236 3498 3463 3554 Christo

1887 3602 2114 3657 moriar.

1964 3691 2243 3754 Vsas.9.2.
2287 3690 2379 3745 25.
2412 3708 2429 3741 ι
2473 3688 2633 3755 Quod
2690 3689 2738 3744 si
2785 3687 2971 3742 vivere
3012 3684 3067 3737 in
3120 3695 3311 3742 carne.
3373 3679 3463 3734 hic

1889 3785 2021 3839 mihi
2054 3784 2264 3838 fructus
2325 3783 2506 3852 operis
2567 3788 2674 3836 est.
2724 3779 2789 3833 Et
2818 3777 2952 3848 quid
3013 3775 3208 3850 eliga‘m
3242 3774 3461 3849 ignoro.

1888 3876 2151 3935 Coarctor
2174 3882 2351 3929 autem
2375 3890 2405 3930 e
2434 3873 2670 3940 duobus,
2696 3870 3025 3931 desiderium
3050 3875 3255 3928 habens
3298 3891 3315 3923 ι

1960 3971 2208 4044 Explicat
2244 3984 2365 4044 qua:
2390 3968 2736 4043 prmdixerat,
2770 3978 2824 4025 et
2850 3970 2999 4024 velut
3041 3969 3459 4035 interpretatur.

1888 4066 2029 4134 Quid
2064 4068 2166 4121 hoc
2190 4077 2294 4127 est,
2331 4066 2711 4136 mihi?quidve
2750 4062 2920 4128 istud,
2950 4062 3115 4116 vivere
3162 4058 3402 4111 Christus
3437 4057 3465 4113 Ρ

1889 4162 1965 4216 ait
1997 4175 2127 4231 ergo
2160 4179 2173 4214 :
2211 4159 2404 4215 Vivere
2433 4159 2709 4213 Christum
2760 4156 2901 4211 hanc
2925 4154 3113 4217 vitam,
3147 4151 3281 4205 nihil
3312 4148 3461 4203 aliud

1887 4265 1971 4309 est
2004 4254 2110 4309 nisi
2149 4263 2391 4324 quaastus
2441 4251 2769 4323 spiritualis,
2823 4248 2987 4319 cujus
3047 4245 3181 4299 mihi
3247 4243 3463 4298 fructus

1890 4345 2137 4401 debetur.

1962 4424 2121 4507 196
2176 4455 2195 4489 ι
2258 4434 2491 4489 Dissolvi
2534 4443 2593 4488 et
2649 4447 2773 4488 esse
2815 4444 2941 4485 cum
2988 4426 3233 4488 Christo,
3286 4424 3462 4478 multo

1890 4530 2063 4600 magis
2096 4527 2289 4581 melius
2348 4545 2361 4580 :
2408 4524 2601 4599 [Vens.
2651 4522 2844 4595 24-26]
2908 4533 3229 4592 permanere
3280 4524 3460 4571 autem

195 4616 645 4689 ἀναγκαιότερον
672 4619 740 4673 δι’
763 4619 928 4690 ὑμᾶς.
983 4621 1096 4673 Καὶ
1148 4619 1305 4673 τοῦτο
1336 4620 1612 4685 πεποιθὼς
1643 4618 1782 4688 οίδα,

1892 4621 1946 4675 in
2005 4635 2194 4684 carne,
2250 4618 2622 4673 necessarium
2672 4626 2898 4684 propter
2944 4628 3063 4669 vos.
3107 4612 3171 4665 Et
3195 4611 3300 4665 hoc
3329 4624 3464 4664 con-

195 4709 285 4762 ὖτι
320 4710 475 4781 μενῶ
502 4712 595 4765 καὶ
622 4714 1036 4803 συμπαραμενῶ
1062 4715 1228 4768 πᾶσιν
1263 4714 1413 4784 ὑμῖν.
1456 4732 1475 4766 ι

272 4884 401 4939 Καὶ
423 4882 517 4937 νῦν
546 4882 643 4953 μὲν
668 4878 735 4953 ἦν
756 4882 891 4952 μετὰ
919 4882 1179 4954 Χριστοῦ,
1212 4881 1355 4937 κατά
1391 4884 1470 4949 τὸ,
1511 4886 1584 4939 Et
1614 4884 1782 4941 δοκι-

193 4975 339 5052 μὴν
366 4973 587 5041 ζητεῖτε
612 4972 803 5027 τοῦὲν
827 4973 958 5043 ἐμοὶ
985 4974 1325 5040 λαλοῦντος
1350 4976 1629 5043 Χριστοῦ.
1647 4976 1787 5030 Ἀλλ’

195 5068 308 5137 οὐχ
346 5065 521 5128 οὕτως
545 5065 620 5129 ὡς
660 5065 803 5119 τότε.
840 5065 974 5119 Νῦν
1011 5065 1128 5135 μὲν
1156 5065 1287 5136 γὰρ,
1340 5067 1527 5136 φησὶν,
1559 5068 1787 5138 ὁρῶμεν

192 5159 280 5211 δι’
314 5157 625 5221 ἐσόπτρου
650 5156 751 5210 καί
772 5156 1137 5226 αἰνίγματος,
1193 5159 1328 5212 τότε
1372 5156 1440 5210 δὲ
1464 5160 1791 5227 πρόσωπον

195 5248 373 5318 πρὸς
399 5248 745 5315 πρόσωπον.

283 5362 306 5394 ι
354 5342 453 5405 Εἰς
488 5342 584 5411 τὴν
608 5341 636 5393 ὑ
646 5341 760 5410 μῶν
792 5338 1074 5411 προκοπὴν
1097 5338 1190 5393 καὶ
1213 5340 1387 5411 χαρὰν
1407 5342 1507 5413 τῆς
1534 5343 1788 5413 πίστεως,

196 5436 299 5489 ἵνα
340 5435 407 5485 τὸ
441 5431 699 5503 καύχημα
725 5430 878 5502 ὑμῶν
925 5430 1227 5502 περισσεύῃ
1260 5432 1317 5484 ὲν
1346 5432 1571 5504 Χριστῷ
1615 5436 1790 5505 Ἰησοῦ

194 5534 264 5585 ὲν
305 5528 464 5598 ἐμοὶ,
496 5527 581 5580 διὰ
607 5528 706 5597 τῆς
736 5526 876 5597 ἐμῆς
900 5526 1199 5595 παρουσίας
1220 5527 1379 5581 πάλιν
1408 5529 1543 5600 πρὸς
1574 5531 1733 5602 ὑμᾶς.
1766 5551 1786 5585 ι

283 5622 445 5690 ..θρα
493 5619 652 5674 πάλιν
708 5618 881 5689 πόσην
935 5618 1113 5681 αὐτοῖς
1186 5621 1458 5690 μαρτυρεῖ
1531 5622 1793 5693 ἐργασίαν

198 5708 421 5768 καλοῦ.
486 5709 543 5763 Ὀ
600 5708 707 5781 γὰρ
761 5709 1105 5780 προκόπτων,
1173 5708 1401 5778 βαδίζων
1471 5713 1790 5784 προκόπτει.

238 5894 295 5931 ει
356 5890 409 5943 ιι
440 5889 564 5947 Cor.
596 5908 712 5961 xm,
748 5891 801 5947 5.
900 5894 945 5925 ⁸³
982 5889 1146 5949 lCor.
1182 5904 1301 5952 xm.
1339 5892 1423 5949 12.

1888 4713 2060 4768 ﬁdens
2082 4711 2221 4778 scio,
2281 4711 2411 4780 quia
2474 4708 2712 4764 manebo
2757 4715 2812 4761 et
2833 4705 3170 4777 permanebo
3200 4702 3462 4759 omnibus

1884 4804 2059 4860 vobis.
2101 4823 2121 4856 ι
2268 4862 2271 4865 _

1947 4896 2026 4951 Ac
2054 4903 2186 4951 tunc
2239 4892 2463 4965 quidem
2525 4900 2645 4947 erat
2685 4907 2811 4947 cum
2859 4890 3106 4952 Christo,
3152 4885 3457 4944 secundum

1886 4988 2027 5045 illud
2064 5007 2078 5043 :
2113 4986 2171 5042 Si
2198 4987 2610 5055 experimentum
2633 4986 2827 5055 quaeris
2880 4984 2995 5052 ejus
3048 4982 3137 5051 qui
3170 4982 3225 5033 in
3270 4980 3350 5032 me
3377 4978 3461 5031 lo-

1886 5083 2065 5153 quitur
2113 5076 2318 5135 Christi
2420 5079 2487 5133 “.
2529 5079 2600 5131 At
2642 5094 2749 5131 non
2809 5086 2873 5130 ut
2935 5072 3233 5143 aliquando
3260 5089 3273 5125 :
3303 5068 3461 5123 Nunc

1889 5173 2046 5236 enim,
2083 5170 2281 5239 inquit,
2320 5168 2550 5223 videmus
2576 5184 2669 5237 per
2692 5166 2961 5235 speculum
2979 5175 3029 5218 et
3064 5164 3118 5216 in
3144 5162 3460 5231 wnigmate;

1890 5272 2013 5319 tunc
2040 5272 2213 5316 autem
2238 5260 2377 5330 facie
2395 5260 2463 5314 ad
2496 5260 2689 5329 faciem
2721 5261 2791 5313 ".

1966 5372 1984 5406 ι
2018 5354 2097 5408 Ad
2117 5352 2423 5424 profectum
2479 5360 2727 5407 vestrum
2770 5356 2825 5403 et
2884 5345 3142 5418 gaudium
3196 5341 3343 5406 ﬁdei,
3398 5350 3460 5395 ut

1897 5443 2192 5517 gratulatio
2239 5449 2421 5496 vestra
2459 5440 2703 5495 abundet
2754 5438 2811 5492 in
2855 5437 3075 5491 Christo
3100 5432 3230 5488 Jesu
3272 5432 3329 5487 in
3372 5446 3460 5488 me

1900 5552 1998 5609 per
2029 5551 2208 5591 meum
2242 5534 2534 5590 adventum
2567 5534 2767 5587 iterum
2794 5530 2859 5585 ad
2886 5544 3000 5584 vos.
3026 5546 3043 5579 ι

1967 5627 2104 5683 Vide
2124 5642 2340 5683 rursum
2372 5634 2638 5697 quantum
2692 5622 2820 5678 boni
2854 5629 3123 5692 quaestum
3156 5634 3253 5676 eos
3280 5622 3459 5673 facere

1900 5718 2251 5776 testiﬁcatur.
2279 5713 2415 5771 Nam
2438 5714 2531 5787 qui
2562 5726 2915 5785 progressum
2969 5710 3124 5780 facit,
3155 5707 3461 5782 gradiendo
