3844 6402
620 400 729 467 8‘33

1795 401 1854 461 S.
1883 400 2202 463 JOANNIS
2234 402 2668 471 DAMASCENI
3690 422 3757 485 θα

625 512 861 589 proticit.
898 512 1019 587 Quo
1072 525 1207 567 vero
1259 524 1614 583 progressum
1677 509 1900 575 faciant,
1969 512 2075 566 nisi
2126 512 2193 566 ad

2300 512 2410 568 Ποῦ
2461 515 2520 569 δὲ
2550 517 2970 589 προκόπτουσιν,
2998 521 3031 593 ἦ
3055 523 3134 587 είς
3152 522 3247 596 τὴν
3271 524 3439 596 χαρὰν
3459 527 3545 599 τῆς
3564 529 3755 598 πίστεως

624 597 881 679 gaudium
915 603 1079 659 ﬁdei?
1106 604 1210 670 Qui
1237 612 1416 658 autem
1443 605 1496 657 in
1527 602 1727 673 gaudio
1760 603 1863 658 hoc
1884 604 2197 675 proiecerit,

625 701 824 770 inquit,
854 699 900 752 is
929 697 1262 768 gloriabitur
1294 699 1347 751 in
1372 696 1616 751 Christo.

695 790 862 845 Vens.
894 790 988 843 27.
1020 808 1039 839 ‹
1067 787 1302 842 Tantum
1332 787 1493 858 digne
1516 788 1811 861 Evangelio
1840 788 2042 844 Christi
2066 804 2201 844 con»

623 882 939 947 versamini,
976 890 1035 935 ut
1059 881 1175 936 sive
1201 895 1325 934 cum
1366 896 1587 941 venero.
1619 892 1671 936 et
1698 882 1887 935 videro
1927 897 2045 948 vos,
2084 885 2200 938 sive

624 975 835 1045 abiens,
872 972 1088 1028 audiam
1108 987 1231 1042 qua:
1260 971 1327 1027 de
1354 974 1509 1027 vobis
1535 984 1688 1039 sunt,
1714 994 1734 1026 ι

694 1064 990 1134 Postquam
1022 1062 1352 1132 testiﬁcatus
1383 1072 1467 1118 est
1494 1064 1725 1119 multum
1748 1080 1843 1120 eos
1872 1066 2197 1136 profecisse,

625 1158 828 1214 sensim
856 1158 1007 1227 ipsos
1042 1157 1315 1228 reprimit,
1378 1173 1448 1212 ne
1482 1158 1740 1228 superbia
1777 1159 2059 1223 inﬂentur,
2097 1176 2201 1215 au-

623 1249 838 1303 dientes
898 1262 959 1301 se
1015 1262 1370 1317 progressum
1431 1247 1654 1305 fecisse.
1721 1247 1999 1319 Reprimit
2045 1267 2195 1315 vero,

625 1338 867 1395 suadens
900 1348 959 1393 ut
984 1339 1205 1409 dignam
1235 1338 1530 1412 Evangelio
1579 1341 1705 1396 vitae
1742 1342 2011 1421 rationem
2058 1343 2199 1398 inire

622 1435 899 1490 studeant.

700 1544 719 1576 ι
759 1525 899 1592 Quia
929 1526 1086 1581 statis
1115 1526 1169 1580 in
1220 1542 1331 1581 uno
1360 1527 1555 1596 spiritu
1596 1530 1913 1597 unanimes,
1956 1531 2192 1585 collabo-

621 1624 805 1669 rantes
839 1615 961 1670 [idci
1011 1615 1539 1688 Evangelii:[Vsns.
1581 1618 1673 1691 28]
1714 1630 1770 1674 et
1815 1621 1869 1673 in
1904 1622 2056 1673 nullo
2096 1628 2200 1676 ter-

622 1706 853 1759 reamini
885 1706 956 1761 ab
986 1705 1367 1776 adversariis;
1398 1725 1521 1779 qua:
1554 1710 1661 1767 illis
1693 1722 1777 1767 est
1804 1728 1975 1769 causa
2013 1714 2200 1783 perdi-

621 1799 810 1852 tionis.
851 1819 871 1851 ι
1708 1850 1709 1853 η
1972 1862 1975 1869 γ

688 1909 830 1948 eum
864 1909 961 1949 eos
990 1895 1267 1949 monuerit
1314 1904 1376 1951 ut
1422 1897 1588 1968 digne
1627 1898 1923 1970 Evangelio
1963 1916 2199 1956 conver-

623 1992 837 2047 sentur,
889 1988 1330 2049 conversationis
1394 2004 1614 2061 quoque
1682 1991 1942 2047 edisserit
1998 2010 2195 2064 genus.

622 2075 758 2131 illud
788 2084 970 2131 autem
1003 2086 1087 2132 est
1126 2079 1423 2137 sinceritas
1463 2082 1517 2136 in
1572 2082 1699 2139 ﬁde.
1725 2083 1863 2138 Nam
1889 2085 2001 2139 alio
2035 2087 2199 2141 modo

623 2185 730 2224 non
756 2172 1009 2240 potestis,
1030 2173 1227 2242 inquit,
1249 2189 1394 2228 unus
1414 2174 1642 2243 spiritus
1659 2192 1803 2241 esse,
1828 2190 2197 2250 praeterquam

624 2259 750 2314 isto.
825 2260 1047 2326 Deinde,
1107 2263 1155 2318 si
1192 2264 1432 2318 animam
1481 2282 1647 2320 unam
1717 2269 1954 2341 habeant
1995 2290 2008 2325 :
2052 2272 2199 2342 quod

619 2355 836 2410 eximia:
861 2357 1156 2413 charitatis
1207 2368 1593 2429 argumentum
1626 2369 1729 2416 est.
1772 2361 2043 2418 Cretrrum
2079 2381 2197 2418 ma-

619 2462 785 2516 gnum
819 2448 1017 2504 exinde
1040 2459 1317 2505 certamen
1344 2452 1421 2505 ait
1440 2453 2196 2521 subsccuturum.Quodnam

619 2554 751 2593 vero
783 2539 940 2607 illud,
977 2542 1083 2596 nisi
1127 2550 1186 2596 ut
1235 2542 1518 2613 Evangelii
1559 2545 1772 2615 pugiles
1809 2544 1984 2601 ﬁant?
2008 2546 2198 2603 Enim-

618 2646 751 2684 vero
782 2633 1102 2702 complures
1140 2645 1303 2688 erant
1336 2636 1674 2703 adversarii;
1709 2637 1785 2691 illi
1822 2638 2081 2693 nimirum
2102 2642 2195 2711 qui

618 2737 681 2775 ex
708 2723 1157 2781 circumcisione.

692 2832 713 2864 σ
752 2813 921 2870 Nobis
951 2826 1132 2871 autem
1161 2818 1380 2881 salutis.
1412 2828 1466 2875 et
1497 2818 1601 2874 hoc
1636 2836 1665 2874 a
1691 2820 1800 2876 Deo
1830 2821 2053 2895 :[Vsns.
2080 2824 2172 2897 29]

618 2905 746 2972 quia
787 2907 944 2960 vobis
993 2908 1257 2964 donatum
1307 2919 1394 2971 est
1433 2927 1533 2980 pro
1582 2912 1831 2976 Christo,
1874 2930 1983 2969 non
2016 2918 2193 2971 solum

620 2996 757 3050 utin
786 3013 909 3050 eum
944 2998 1207 3064 credatis,
1258 3000 1353 3054 sed
1414 3008 1474 3054 ut
1532 3003 1695 3055 etiam
1736 3018 1841 3074 pro
1877 3006 1974 3061 illo
2022 3009 2196 3077 patia-

621 3087 778 3142 mini.
820 3106 839 3139 ι

700 3175 942 3231 Observa
972 3180 1253 3249 quomodo
1276 3183 1445 3238 tacite
1500 3184 1702 3240 iterum
1760 3187 1884 3243 illos
1914 3191 2193 3261 reprimit.

618 3265 754 3322 Nam
780 3280 1069 3340 postquam
1103 3272 1338 3328 athletas
1359 3286 1412 3329 et
1449 3278 1659 3347 pugiles
1675 3294 1770 3335 eos
1788 3280 1927 3334 dixit
1953 3281 2222 3355 Evange-~

619 3358 1032 3429 lii.suhjnnxit,
1059 3363 1163 3417 hoc
1194 3363 1375 3433 ipsum
1417 3382 1447 3421 a
1486 3366 1595 3422 Deo
1617 3372 1906 3439 praestari;
1951 3373 2085 3444 quin
2138 3385 2195 3431 et

618 3448 755 3517 ipsis
781 3464 1110 3505 concessum
1174 3468 1298 3508 esse
1362 3462 1422 3510 ut
1478 3472 1576 3525 pro
1627 3474 1692 3514 eo
1729 3462 2028 3530 patiantur.
2078 3464 2195 3537 lioc

618 3548 801 3594 autem
836 3542 933 3605 ait,
965 3557 1075 3596 non
1108 3551 1166 3596 ut
1193 3545 1361 3598 animi
1423 3546 1701 3616 atl‘ectum,
1738 3566 1848 3606 non
1892 3564 1952 3607 ut
1986 3570 2195 3625 propo-
2239 3548 2243 3557 ¹

617 3632 783 3685 situm
821 3633 1089 3689 dissolvat
1111 3636 1267 3705 (mihi
1294 3638 1566 3719 siquidem
1590 3642 1884 3709 incumbit,
1910 3656 1967 3700 ut
1997 3663 2194 3719 propo-

617 3724 785 3787 situm
825 3727 1027 3783 bonum
1052 3729 1329 3799 habeam),
1364 3730 1461 3783 sed
1489 3716 1547 3786 ut
1577 3738 1787 3807 omnia
1816 3740 1959 3794 bona
1998 3716 2033 3794 a
2081 3742 2194 3799 Deo

614 3831 738 3870 esse
769 3827 1058 3876 censeant.
1120 3817 1246 3874 Non
1282 3820 1423 3877 enim
1480 3840 1596 3894 ego,
1634 3826 1836 3898 inquit,
1872 3832 1963 3885 sed
2013 3837 2193 3903 gratia

616 3904 717 3961 Dei
745 3922 945 3961 mecum
970 3909 1035 3964 ⁵³.

689 3996 857 4054 Vsus.
893 4000 980 4056 50.
1019 4018 1038 4053 ι
1078 4002 1220 4059 idem
1253 4015 1532 4062 certamen
1589 4009 1875 4077 habentes,
1909 4016 2073 4085 quale
2112 4018 2193 4073 vi-

615 4090 776 4146 distis
805 4092 859 4146 in
892 4109 999 4156 me,
1039 4103 1095 4150 et
1122 4112 1270 4151 nunc
1298 4100 1533 4155 audistis
1574 4102 1628 4155 in
1656 4119 1762 4159 me.
1796 4122 1815 4155 ι

684 4183 799 4239 Hoc
832 4186 885 4239 in
926 4186 1049 4241 loco
1079 4188 1188 4243 duo
1216 4191 1377 4244 utilia
1405 4195 1673 4263 suggerit,
1722 4200 1962 4266 primum
1998 4216 2066 4256 ne
2092 4219 2192 4258 ex-

617 4277 905 4342 tollantur,
935 4296 1033 4333 ceu
1060 4282 1165 4350 ipsi
1202 4282 1305 4338 soli
1330 4287 1546 4355 pugiles
1588 4288 1723 4351 sint,
1754 4293 1979 4359 quando
2005 4309 2193 4349 exem-

615 4372 705 4441 plo
728 4371 900 4440 ipsius
926 4371 1236 4449 decertant.
1296 4376 1569 4445 Alterum,
1599 4395 1669 4435 ne
1706 4382 1791 4436 vel
1820 4386 2065 4451 vincula,
2104 4387 2192 4444 vel

613 4466 958 4533 exspectatio
990 4469 1183 4523 mortis
1232 4469 1385 4539 ipsos
1419 4479 1698 4527 exterreat
1736 4493 1749 4528 :
1794 4476 1941 4532 unde
1964 4479 2093 4535 illos
2121 4481 2191 4537 ad

2223 3232 2266 3290 C

2268 646 2271 650 ν
2311 603 2369 656 '0
2394 604 2451 658 δὲ
2479 608 2557 671 είς
2574 609 2777 682 ταύτην
2810 613 3157 684 προκόπτων,
3189 618 3534 689 καυχήσεται,
3561 626 3699 693 φησιν,
3724 630 3757 679 ὲν

2299 696 2540 770 Χριστῷ.

2378 810 2396 843 ι
2430 793 2608 848 Μόνον
2645 794 2812 863 ἀξίως
2842 797 2938 852 τοῦ
2964 799 3296 870 Εὐαγγελίου
3333 802 3424 857 τοῦ
3448 805 3646 876 Χριστοῦ
3662 812 3760 862 πολι·
3806 822 3807 876 l

2298 886 2539 952 τεύεσθε,
2568 888 2654 943 ἵνα
2685 890 2795 943 εἴτε
2828 891 2999 945 ἐλθὼν
3039 895 3133 947 καὶ
3182 893 3303 949 ἰδὼν
3356 897 3511 967 ὑμᾶς,
3539 900 3630 952 εἴτε
3647 902 3761 964 ἀπὼν,

2299 979 2518 1051 ἀκούσω
2553 980 2625 1034 τὰ
2656 983 2789 1055 περὶ
2810 983 2983 1057 ὑμῶν.
3005 1003 3025 1037 ι

2371 1072 2743 1144 Μαρτυρήσας
2787 1078 2975 1142 αὐτοῖς
3038 1078 3245 1150 πολλὴν
3304 1082 3607 1153 προκοπὴν,
3647 1084 3761 1153 ὴρέμι

2298 1163 2653 1233 καταστέλλει
2678 1166 2895 1232 αὐτοὺς,
2927 1167 3014 1222 ἴνα
3060 1167 3134 1242 μὴ
3162 1169 3472 1240 φυσηθιῖηιν
3505 1171 3757 1236 ἀκούσαντες.
3806 1163 3807 1199 ³

2297 1252 2373 1316 ὡς
2401 1255 2738 1327 προέκοψαν.
2786 1260 3157 1314 Καταστέλλει
3221 1263 3300 1329 δὲ,
3360 1262 3508 1330 ἀξίαν
3539 1265 3757 1327 αὐτοὺςπῦ

2297 1346 2636 1416 Εύαγγελίου
2666 1352 2942 1407 πολιτείαν
2964 1355 3309 1428 ἐπιτηδεύειν
3332 1356 3607 1427 παραινῶν.

2375 1557 2395 1590 ι
2427 1538 2551 1592 Ὅτι
2578 1541 2807 1611 στήκετε
2854 1543 2913 1596 ὲν
2973 1545 3056 1599 ἐνὶ
3100 1545 3393 1617 πνεύματι,
3428 1548 3521 1619 μιᾷ
3542 1546 3656 1619 ψυχῇ
3687 1566 3754 1601 συγ-

2299 1629 2594 1695 αθλοῦντες
2627 1636 2692 1704 τῇ
2722 1634 2904 1689 πίστει
2934 1635 3029 1690 τοῦ
3076 1638 3432 1707 Εὐαγγελίου,
3456 1640 3541 1691 καὶ
3560 1640 3620 1709 μὴ
3637 1644 3755 1708 my}

2302 1740 2453 1793 μενοι
2478 1728 2537 1778 ἐν
2557 1727 2745 1795 μηδενὶ
2780 1728 2884 1782 ὑπὸ
2906 1730 3014 1784 τῶν
3050 1731 3462 1803 ἀντικειμένων,
3489 1732 3523 1802 ἡ
3551 1748 3618 1796 τις
3642 1734 3749 1794 sitsi,-

2307 1816 2405 1886 μέν
2438 1818 2585 1871 ἐστιν
2616 1818 2839 1885 ἔνδειξις
2870 1822 3165 1889 ἀπωλείας,
3199 1844 3218 1877 ι

2378 1909 2561 1962 Εἰπὼν
2590 1913 2774 1979 αὐτοῖς
2794 1915 2977 1981 ἀξίους
2996 1916 3089 1970 τοῦ
3112 1918 3448 1988 Εύαγγελίού
3468 1918 3756 1977 πολιτεύεσίιιξ

2304 2002 2451 2079 λέγει
2479 2006 2571 2057 καὶ
2597 2007 2657 2059 τδ
2712 2003 2851 2071 εἶδος
2898 2009 3000 2079 τῆς
3053 2011 3358 2077 πολιτείας.
3390 2012 3756 2067 Τοῦτοδέὲστιςὲ
3806 2034 3807 2055 ι

2304 2098 2433 2169 περὶ
2468 2100 2567 2170 τὴν
2601 2101 2785 2155 πίστιν
2815 2103 3057 2171 γνήσιον.
3091 2104 3439 2174 Ἄλλωςγάρ
3460 2106 3517 2159 ού
3542 2104 3709 2157 δύνασθε
3728 2102 3756 2153 ἓν

2302 2190 2520 2259 πνεῦμα
2549 2191 2826 2258 γενέσθαι,
2859 2194 2891 2263 ἢ
2927 2193 3098 2258 οὕτως
3125 2210 3142 2227 ⁸
3169 2194 3362 2249 ἔπειτα
3382 2196 3442 2248 τὸ
3463 2197 3548 2249 καὶ
3572 2196 3758 2265 μίανέκεεν

2301 2277 2498 2349 ψυχήν.
2526 2281 2697 2335 Τοῦτο
2718 2283 2775 2337 δὲ
2829 2284 3281 2357 ὑπερϐαλλούσης
3323 2287 3534 2358 ἀγάπης
3565 2282 3757 2344 desistis.
3806 2302 3807 2317 ς

2301 2371 2491 2438 Μέγαν
2522 2372 2579 2425 δὲ
2612 2373 2759 2442 λέγει
2785 2370 2922 2430 εἶναι
2951 2377 3042 2431 τὸν
3067 2378 3132 2429 ἐκ
3152 2379 3362 2433 τούτων
3378 2376 3547 2433 ἆθλον.
3568 2378 3650 2431 Καὶ
3672 2376 3757 2424 min

2300 2463 2477 2526 τοῦτο,
2536 2464 2569 2535 ἢ
2626 2466 2688 2519 τὸ
2743 2466 2983 2540 ἀθλητὰς
3038 2470 3239 2534 αὐτοὺς
3283 2471 3533 2539 γενέσθαι
3569 2468 3671 2537 ὑπὲρ
3702 2462 3754 2516 tri

2301 2555 2633 2623 Εὑαγγελίού
2658 2574 2675 2625 ;
2712 2553 2893 2615 ’Ἦσαν
2915 2563 3023 2633 γὰρ
3047 2561 3233 2616 πολλοὶ
3248 2564 3301 2616 oi
3321 2563 3639 2634 ἀντικείμενοι
3652 2557 3755 2626 alti;

2300 2649 2623 2719 περιτομῆς.

2374 2844 2393 2877 ι
2434 2824 2594 2895 Ἡμῖν
2641 2824 2700 2879 δὲ
2763 2825 3056 2897 σωτηρίας,
3078 2826 3176 2882 καὶ
3231 2826 3398 2883 τοῦτο
3438 2827 3538 2883 ἀπὸ
3565 2822 3679 2879 Θεοῦ·
3700 2822 3751 2874 ἔτι

2298 2917 2427 2986 ὑμῖν
2451 2918 2712 2989 ἐχαρίσθη
2734 2918 2797 2971 τὸ
2818 2919 2959 2989 ὑπὲρ
2982 2917 3246 2991 Χριστοῦ,
3280 2920 3347 2974 οὐ
3374 2919 3531 2991 μόνον
3552 2918 3602 2972 τὸ
3626 2918 3678 2978 είς
3696 2913 3755 2966 r3-

2297 3010 2389 3065 τόν
2422 3008 2723 3075 πιστεύειν,
2759 3010 2895 3065 ἀλλά
2948 3012 3042 3065 καὶ
3080 3010 3143 3066 τὸ
3172 3011 3322 3084 ὑπὲρ
3358 3011 3517 3067 αὐτοῦ
3552 3011 3755 3078 πάσχειν.)

2372 3194 2513 3267 Ὅρα
2539 3195 2701 3249 πάλιν
2756 3195 2832 3258 ὡς
2889 3195 3075 3268 ἠρέμα
3116 3196 3498 3251 καταστέλλει.
3537 3196 3677 3249 Elim
3697 3192 3761 3258 γὰρ

2298 3286 2382 3339 ὅτι
2429 3286 2660 3357 ἀθληταί
2700 3288 2821 3340 ἐστε
2873 3288 3015 3360 ὑπὲρ
3063 3288 3157 3343 τοῦ
3203 3289 3554 3360 Εὐαγγελίου,
3575 3290 3762 3357 ἐπήγαγεν

2296 3377 2378 3431 ὅτι
2407 3376 2537 3431 αὐτὸ
2568 3375 2727 3431 τοῦτο
2757 3376 2868 3433 ἀπὸ
2926 3378 3063 3453 Θεοῦ
3095 3380 3320 3453 ἔρχεται
3342 3399 3356 3413 ·
3416 3384 3504 3436 καὶ
3542 3380 3665 3433 τοῦτο
3687 3377 3761 3445 ὑμῖν

2297 3468 2560 3539 ἐχαρίσθη
2584 3470 2643 3522 τὸ
2673 3469 2906 3546 πάσχειν
2944 3470 3083 3543 ὑπὲρ
3124 3472 3314 3529 αὑτοῦ.
3353 3473 3518 3528 Τοῦτο
3554 3471 3619 3534 δὲ.
3643 3470 3759 3539 φηςίν.
3806 3530 3807 3543 γ

2296 3561 2355 3612 οὐ
2384 3559 2453 3613 τὰ
2478 3560 2570 3613 τοῦ
2620 3561 2968 3632 φρονήματος
3016 3562 3274 3631 διαλύων,
3320 3566 3382 3620 οὐ
3424 3565 3490 3619 τὰ
3532 3566 3613 3634 τῆς
3640 3558 3762 3628 πρσθέ-
3806 3556 3807 3567 “

2298 3671 2437 3717 σεως
2464 3668 2478 3683 ⁸
2538 3654 2618 3706 δεῖ
2667 3654 2777 3725 γὰρ
2823 3655 3039 3727 ἀγαθήν
3069 3673 3139 3727 με
3181 3658 3334 3729 ἔχειν
3380 3658 3629 3730 πρόθεσιν,
3651 3653 3759 3705 πάντα

2264 3818 2265 3821 η
2295 3747 2351 3800 δὲ
2379 3747 2561 3816 ἀγαθὰ
2592 3747 2845 3818 ήγεῖσοαι
2877 3750 2941 3804 ὲκ
2978 3749 3135 3807 Θεοῦ.
3190 3754 3316 3807 Οὐκ
3349 3752 3463 3824 ἐγὼ
3484 3751 3595 3822 γὰρ,
3624 3743 3758 3808 ἀλλά

2296 3840 2468 3909 χάρις
2490 3842 2528 3909 ἠ
2558 3841 2672 3895 σὺν
2702 3841 2853 3912 ἐμοί.

2372 4041 2391 4074 ι
2424 4021 2528 4076 Τὸν
2551 4021 2713 4077 αὑτὸν
2759 4022 2947 4092 ἀγῶνα
2982 4022 3220 4097 ἔχοντες,
3277 4018 3394 4081 οἷον
3439 4024 3588 4080 εἴδετε
3609 4021 3653 4075 ἐν
3673 4017 3757 4089 ipsi.

2294 4116 2390 4171 xui
2420 4115 2515 4169 νῦν
2529 4115 2755 4172 ἀκούετε
2791 4118 2850 4173 ὲν
2882 4116 3027 4188 ἐμοί.
3056 4138 3077 4171 ι

2362 4208 2466 4261 Δύο
2492 4211 2741 4285 χρήσιμα
2793 4207 3033 4263 ἐνταῦθά
3071 4209 3211 4294 εστι,
3262 4210 3365 4288 καὶ(
3390 4208 3452 4263 τδ
3476 4207 3544 4280 μὴ
3584 4200 3759 4294 δέθδῗδῗ

2292 4299 2369 4363 ὡς
2405 4301 2598 4371 μόνους
2646 4284 2907 4370 ἀθλητὰς,
2952 4288 3086 4354 ὄπού
3126 4317 3190 4369 γε
3240 4284 3387 4355 κατά
3423 4300 3626 4371 μίμησιν
3654 4286 3757 4387 uita?

2294 4393 2535 4447 ἀθλοῦσι.
2566 4394 2677 4448 Καὶ
2726 4392 2822 4447 τοῦ
2859 4392 2935 4463 μὴ
2979 4392 3184 4464 δειλιᾷν
3216 4393 3463 4457 ἐπὶ-τοῖς
3492 4390 3683 4459 δεσμοῖς.
3704 4396 3761 4432 ιιι

2290 4487 2357 4554 τῇ
2390 4483 2690 4556 προσδοκίᾳ
2724 4483 2818 4538 τοῦ
2869 4483 3116 4549 θανάτου,
3170 4483 3306 4537 ὅπου
3347 4500 3413 4551 γε
3449 4480 3538 4535 καὶ
3568 4470 3761 4548 plpum;

616 4556 701 4611 sui
738 4558 1143 4613 :eniulatiouem
1186 4562 1533 4620 adhortatur.
1592 4564 1804 4623 Videsis
1858 4585 1989 4625 vero
2019 4588 2185 4643 quam

2295 4574 2490 4637 αὐτοὺς
2524 4575 2712 4628 ἑαυτὸν
2740 4573 3195 4645 παρακελεύεται.
3216 4574 3363 4642 Ὅρα
3397 4573 3451 4626 δὲ
3473 4571 3599 4638 πόση
3627 4560 3759 4629 amvi!

615 4644 777 4701 anxie
801 4646 1004 4704 Paulus
1036 4651 1436 4724 discipulorum
1494 4657 1568 4711 sit
1628 4661 1926 4726 sollicitus,
1964 4674 2044 4728 ut,
2071 4666 2189 4721 sive

2295 4665 2366 4737 τῷ
2392 4666 2590 4739 Παύλῳ
2612 4667 2743 4738 περὶ
2772 4644 2881 4720 τῶν
2912 4666 3193 4738 μαθητῶν,
3225 4665 3303 4731 ὡς
3327 4667 3422 4719 καὶ
3451 4656 3759 4752 κατορθούντιιῖν

616 4737 756 4792 bene
789 4751 1034 4808 agerent,
1098 4744 1215 4799 sive
1255 4740 1583 4815 metuerent,
1637 4762 1980 4823 angeretur:
2021 4772 2085 4812 ac
2115 4758 2193 4814 si-

2295 4759 2487 4825 αύτῶν,
2531 4737 2627 4813 καὶ
2683 4737 2951 4825 δεδιότων,
3001 4759 3276 4830 ἀγωνιᾷν·
3312 4753 3675 4828 κατορθούντων
3701 4741 3757 4811 μέν

614 4831 838 4898 quidem
893 4848 1005 4889 rem
1076 4848 1227 4893 recte
1266 4850 1547 4910 gererent,
1587 4860 1655 4899 ne
1682 4846 2047 4915 efferrentur;
2098 4850 2187 4907 sin

2295 4850 2373 4907 διὰ
2403 4850 2463 4903 τὸ
2487 4850 2706 4921 ὕψωμα,
2732 4850 2979 4904 δεδίοτων
3001 4849 3078 4917 δὲ,
3102 4850 3193 4921 διὰ
3216 4850 3317 4921 τὴν
3347 4850 3451 4922 τῆς
3470 4845 3642 4906 δειλίας
3665 4848 3756 4905 1W

614 4929 795 4975 autem
834 4924 1193 4993 trepidarent,
1232 4946 1299 4982 nc
1328 4941 1551 5003 propter
1578 4922 1809 5004 metum,
1859 4947 1919 4995 ut
1961 4941 2187 5010 assolet,

612 5011 1022 5083 desponderent
1048 5018 1316 5076 animum.

1178 5160 1335 5232 197
1365 5161 1520 5217 CAP.
1564 5163 1629 5220 ιι.

687 5285 853 5345 Vens.
888 5291 940 5355 l,
970 5292 1027 5347 2.
1069 5313 1088 5346 ι
1127 5294 1184 5349 Si
1222 5314 1329 5366 qua
1361 5314 1493 5369 ergo
1516 5302 1825 5359 consolatio
1854 5305 1911 5360 in
1941 5304 2187 5378 Christo,

615 5378 661 5431 si
702 5381 847 5449 quod
885 5385 1141 5442 solatium
1172 5390 1484 5457 charitatis,
1526 5393 1572 5447 si
1608 5408 1715 5463 qua
1747 5396 1985 5454 societas
2016 5399 2182 5469 spiri-

617 5480 727 5534 tus,
757 5473 804 5526 si
847 5491 954 5544 qua
987 5480 1200 5545 viscera
1232 5483 1631 5549 miserationis,
1663 5487 1886 5557 implete
1922 5492 2181 5560 gaudium

618 5577 910 5630 nieum,‘ut
948 5569 1089 5625 idem
1141 5575 1389 5644 sapiatis,
1429 5577 1679 5633 eamdem
1717 5578 2045 5640 charitatcm
2087 5584 2186 5642 ha-

616 5656 829 5725 bentes,
854 5662 1165 5732 unanimes,
1193 5667 1432 5739 idipsum
1462 5670 1784 5730 sentientes.
1825 5692 1843 5725 ι

676 5839 777 5897 ⁸³1
817 5840 946 5899 Cor.
990 5859 1079 5909 xv,
1118 5843 1169 5904 l.

2289 4942 2457 5016 μένην
2488 4942 2813 5015 ὑποστολὴν.

2902 5164 3154 5219 ΚΕΦΑΛ.
3190 5163 3267 5221 B'.

2364 5322 2384 5359 ι
2423 5304 2490 5359 Et
2512 5321 2598 5369 τις
2618 5303 3086 5377 οὖνπαράκλησιν
3119 5305 3177 5358 ὲν
3210 5301 3454 5375 Χριστῷ,
3488 5301 3539 5355 εί
3564 5314 3609 5351 τι
3640 5301 3759 5357 παρα·

2292 5397 2481 5471 μύθιον
2512 5397 2753 5467 ἀγάπης,
2794 5396 2849 5449 εἴ
2880 5412 2965 5461 τις
3017 5396 3271 5451 κοινωνία
3314 5395 3619 5485 πνεύματος,
3648 5386 3759 5485 εἴ

2292 5489 2576 5561 σπλάγχνα
2603 5488 2701 5543 καὶ
2729 5486 3019 5560 οἰκτιρμοὶ,
3049 5485 3372 5559 πληρώσατέ
3394 5503 3493 5557 μου
3523 5483 3605 5554 τὴν
3624 5483 3758 5547 χαρΐιι

2291 5583 2378 5637 ἵνα
2417 5581 2480 5635 τὸ
2517 5581 2650 5635 αὐτὸ
2696 5581 2952 5654 φρονῆτε,
2995 5581 3095 5653 τὴν
3141 5579 3306 5654 αὐτὴν
3337 5578 3549 5650 ἀγάπην
3591 5570 3757 5644 ἔχοντες·

2291 5672 2587 5747 ούμψυχοι,
2617 5671 2676 5729 τὸ
2705 5671 2766 5728 ἓν
2794 5669 3138 5745 φρονοῦντες.
3169 5690 3189 5725 ο
