4022 6414
144 406 240 474 865

1194 396 1277 460 IN
1314 394 1557 459 EPIST.
1597 396 1698 457 AD
1739 392 2318 456 PHILIPPENSES.

3293 399 3405 469 866

204 519 431 575 Μέλλων
477 516 664 578 αὑτοῖς
698 516 986 586 παραινεῖν
1045 506 1367 584 ὁμοπίστοις
1425 506 1565 564 εἶναι
1617 507 1709 562 καὶ

1884 505 2213 578 Priusquam
2246 522 2343 564 eos
2376 505 2703 564 adhortetur
2728 509 2797 565 ad
2827 508 2989 566 fidem
3013 522 3179 567 unam
3199 520 3255 569 et
3284 517 3404 571 ani-

145 610 451 681 ὁμοψὺχοις,
510 609 699 678 ὥσπερ
759 608 908 677 ὅρκῳ
959 605 1141 661 αὑτῶν
1197 600 1713 675 προκαταλαμϐάνει

145 701 232 764 τὰς
255 701 453 771 ψυχὰς,
482 698 768 772 μονονουχὶ
792 698 969 766 λέγων
994 715 1008 729 ·
1044 696 1180 769 πρὸς
1210 695 1383 766 αὑτῆς
1411 692 1510 765 τῆς
1531 709 1715 764 παρα-

144 794 380 863 κλήσεως
436 792 581 862 ὑμᾶς
636 789 862 862 ὁρκίζω,
911 784 980 861 ἦς
1033 787 1412 860 παρεκάλεσεν
1480 787 1630 858 ἡμᾶς
1684 784 1715 838 ὁ

144 874 388 953 Χριστὸς,
441 885 537 939 καὶ
580 886 681 952 τῆς
726 883 970 951 ἀγάπης,
998 881 1092 935 καὶ
1132 881 1230 951 τῆς
1280 879 1570 943 κοινωνίας
1616 875 1712 931 τοῦ

145 977 470 1045 Πνεὺματος,
494 976 629 1047 πρὸς
655 976 836 1029 αὐτῶν
860 974 970 1027 τῶν
1001 972 1345 1042 σπλάγχνων,
1373 971 1510 1041 πρὸς
1533 970 1714 1024 αὐτῶν

142 1070 237 1123 τῶν
251 1071 551 1140 οἰκτιρμῶν
568 1068 663 1123 τοῦ
684 1068 841 1130 Θεοῦ,
862 1065 1222 1136 πληρώσατέ
1230 1084 1348 1135 μου
1368 1066 1483 1132 τὴν
1498 1065 1711 1133 χαράν.

140 1162 275 1231 Δὺτη
309 1161 367 1214 δέ
396 1162 510 1214 ἐστι
536 1159 618 1228 τὸ,
651 1162 978 1231 ὁμοπίστους
1014 1158 1160 1228 ὑμᾶς
1197 1153 1336 1212 εἶναι
1378 1158 1474 1211 καὶ
1501 1154 1717 1227 ὀμοψύ-

158 1268 275 1323 [ους.

140 1270 453 1412 χοῗςίιιηδὲν
494 1339 639 1395 κατὰ
697 1338 932 1409 ἐρίοειαν
980 1338 1016 1410 ἢ
1069 1338 1397 1405 κενοδοξίαν,
1452 1336 1590 1393 ἀλλὰ
1643 1339 1710 1410 τῇ

141 1434 598 1505 ταπεινοφροσύνῃ
623 1472 639 1497 ,
688 1428 951 1502 ἀλλήλους
1008 1430 1302 1503 ἡγούμενοι
1348 1431 1712 1503 ὑπερέχοντας

142 1526 360 1581 ἑαυτῶν.
396 1546 418 1579 ι

199 1616 370 1670 Τοῦτο
403 1616 512 1689 γάρ
558 1617 677 1669 ἐστι
707 1615 942 1687 μάλιστα
984 1614 1046 1669 τὸ
1083 1614 1182 1680 τὰς
1223 1616 1466 1688 αἱρέσεις
1498 1614 1708 1685 ποιοῦν,

142 1712 241 1784 ἔρις
265 1712 366 1765 καὶ
394 1710 690 1777 κενοδοξία.

205 1818 220 1849 ι
260 1800 356 1869 Μὴ
389 1798 459 1851 τὰ
499 1799 713 1853 ἑαυτῶν
753 1798 985 1864 ἕκαστος
1028 1801 1304 1864 σκοπεῖτε,
1340 1799 1478 1855 ἀλλὰ
1523 1801 1618 1855 καὶ
1640 1801 1709 1856 τά

145 1892 332 1962 ἐτέρων
351 1892 600 1956 ἕκαστος.
627 1910 647 1943 ι

199 1986 291 2056 Μὴ
337 1985 495 2039 τοῦτο
535 1989 752 2048 σκόπει,
802 1986 986 2056 φησὶν,
1043 1985 1199 2049 ὅπως
1244 1985 1566 2049 διδάσκαλος
1616 1986 1709 2039 καὶ

140 2078 300 2148 μέγας
325 2095 411 2143 τις
440 2079 767 2150 ὀνομασθῇς,
800 2078 1083 2143 atram;
1118 2079 1194 2151 μὴ
1227 2069 1713 2150 σκανδαλίσῃςτδν

138 2168 380 2239 ἀδελφόν.
1644 2188 1647 2191 ‘

201 2281 220 2315 ι
250 2263 431 2317 Τοῦτο
460 2263 569 2335 γάρ
611 2264 918 2334 φρονείσθω
946 2267 1003 2318 ἐν
1030 2266 1179 2336 ὑμῖν,
1212 2264 1241 2318 ὃ
1270 2265 1362 2319 καὶ
1399 2266 1457 2318 ἐν
1486 2264 1708 2337 Χριστῷ

147 2355 339 2426 Ἰησοῦ,
376 2356 433 2418 ὃς
465 2359 520 2410 ἐν
572 2361 756 2429 μορφῇ
791 2357 927 2411 Θεοῦ
957 2356 1244 2428 ὑπάρχων,
1283 2358 1382 2428 οὑχ
1414 2357 1710 2428 ἁρπαγμὸν

135 2448 378 2517 ἡγήσατο
429 2447 490 2500 τὸ
536 2442 674 2501 εἶναι
711 2444 803 2502 ἶσα
851 2449 991 2521 Θεῷ,
1046 2450 1157 2503 ἀλλ’
1206 2452 1704 2516 ἐαυτὺνέκὲνωσε,

138 2542 346 2611 μορφὴν
378 2541 564 2594 δούλου
598 2539 794 2610 λαϐὼν,
830 2546 889 2597 ὲν
932 2544 1236 2615 ὁμοιώματι
1283 2545 1587 2616 ἀνθρώπων
1610 2562 1707 2615 γεο

139 2636 381 2703 νόμενος,
414 2637 507 2686 καὶ
537 2626 797 2705 σχήματι
821 2636 1067 2707 εὑρεθεὶς
1093 2636 1168 2700 ὡς
1200 2636 1508 2709 ἄνθρωπος.
1550 2640 1707 2694 Ἑτα-

138 2728 398 2779 πείνωσεν
429 2728 641 2790 ἑαυτὸν,
666 2729 956 2798 γενόμενος
988 2729 1225 2800 ὑπήκοος
1256 2732 1418 2801 μέχρι
1450 2731 1703 2797 θανάτου,

136 2817 364 2871 θανάτου
411 2819 469 2871 δὲ
524 2818 781 2891 σταυροῦ.
820 2822 911 2873 Διὸ
954 2822 1049 2874 καὶ
1089 2823 1117 2874 ὁ
1163 2821 1292 2879 Θεὸς
1339 2823 1500 2876 αὑτὸν
1541 2824 1708 2895 ὑπερ-

139 2910 332 2979 ύψωσε,
358 2912 452 2963 καὶ
476 2912 764 2984 ἐχαρίσατο
784 2914 932 2984 αὑτῴ
948 2913 1116 2984 ὄνομα
1142 2913 1203 2966 τὸ
1220 2914 1360 2984 ὑπὲρ
1387 2917 1494 2968 πᾶν
1510 2914 1707 2986 ὄνομα,

140 3001 220 3055 ἵνα
248 3006 301 3056 ὲν
321 3003 401 3073 τῷ
422 3004 647 3074 ὀνόματι
698 3004 870 3074 Ἰησοῦ
908 3004 1145 3074 Χριστοῦ
1181 3007 1291 3059 πᾶν
1318 3007 1446 3074 γόνυ
1485 3006 1703 3078 κάμψῃ,

138 3096 235 3148 τῶν
272 3098 636 3169 ἐπουρανίων,
695 3100 788 3151 καὶ
836 3102 1112 3163 ἐπιγείων,
1174 3100 1269 3152 καὶ
1310 3099 1703 3170 καταχθονίων,

135 3188 219 3239 καὶ
248 3190 402 3241 πᾶσα
439 3189 663 3256 γλῶσσα
694 3190 1179 3260 ἐξομολογήσηται,
1225 3190 1307 3244 ὅτι
1356 3191 1561 3263 Κύριος
1603 3188 1706 3274 Ἱη-
1734 3222 1790 3282 c.

138 3279 250 3344 σοῦς
278 3282 542 3353 Χριστός.
555 3301 574 3333 ι
776 3354 779 3355 ν

198 3371 331 3442 Περὶ
385 3370 892 3444 ταπεινοφροσύνης
938 3367 1007 3443 ἦν
1053 3370 1202 3442 αὑτῷ
1243 3374 1272 3427 ὁ
1311 3372 1489 3441 λόγος,
1523 3374 1574 3427 εί
1613 3374 1707 3428 καὶ

132 3460 398 3533 δόγματος
434 3463 683 3518 ἅπτεται.
714 3463 856 3535 Ὅρα
886 3464 942 3517 δὲ
971 3464 1111 3537 πόση
1159 3465 1414 3537 ἀκρίϐεια
1458 3465 1553 3519 τοῦ
1587 3466 1709 3535 δόγ-

136 3572 311 3625 ματος.
342 3558 469 3610 Ὅτι
500 3558 594 3610 καὶ
629 3558 741 3620 ι’σος
781 3556 860 3627 τῷ
902 3558 1077 3629 Πατρὶ
1125 3561 1153 3611 ό
1188 3558 1445 3629 Χριστὸς,
1482 3561 1576 3612 καὶ
1627 3559 1709 3612 ὃτι

134 3648 314 3702 ἑαυτὸν
357 3648 619 3711 ἐκένωσε,
653 3650 747 3701 καὶ
784 3650 866 3702 ὅτι
907 3649 1195 3719 ἄνθρωπος
1236 3650 1449 3718 γέγονε,
1496 3651 1588 3703 καὶ
1627 3652 1708 3704 ὅτι

130 3739 283 3795 ἑκών.
310 3742 436 3794 Ἵνα
463 3741 575 3811 γάρ
622 3743 695 3812 μή
741 3759 826 3806 τις
870 3741 1113 3806 ἀκούσας
1140 3743 1217 3807 ὡς
1256 3745 1495 3815 ὑπήκοος
1517 3744 1708 3812 γέγονε

132 3830 201 3901 τῷ
232 3832 438 3904 Πατρὶ,
470 3833 718 3904 ἀνάγκην
743 3833 939 3905 νομίσῃ
969 3835 1257 3904 ἐπενέχθαι
1282 3834 1452 3905 αὐτῷ,
1488 3835 1563 3897 ὼς
1599 3828 1715 3888 ἀπο

136 3924 378 3991 μείζονος
410 3926 547 3998 πρὸς
574 3926 851 3993 ἐλάττονα,
887 3927 1080 3980 τοὺτου
1119 3927 1281 3998 χάριν
1326 3926 1595 3997 πολλαχοῦ
1625 3927 1706 3990 τὸ,

132 4016 364 4083 ἑαυτὸν,
415 4021 747 4091 προσάπτει,
794 4021 1012 4075 ἑαυτὸν
1062 4021 1323 4075 ἐκένωσε
1375 4019 1567 4087 λέγων,
1612 4020 1709 4074 καὶ

128 4106 534 4164 ἐταπείνωσεν
578 4110 797 4165 ἑαυτὸν
849 4111 1169 4180 γενόμενος
1214 4108 1502 4179 ὑπήκοος.
1540 4110 1709 4164 Τοῦτο

129 4196 181 4250 δὲ
207 4198 379 4268 λέγει,
417 4199 477 4252 ἐν
502 4200 561 4252 τὸ
591 4199 803 4271 θέλημα
835 4199 929 4253 τοῦ
960 4201 1172 4270 Πατρὸς
1213 4200 1421 4255 καὶτοῦ
1453 4201 1583 4253 Υἱοῦ
1613 4200 1708 4271 δη-

128 4287 248 4346 λῶν.
280 4292 399 4346 Καὶ
449 4292 511 4346 οὑ
562 4291 722 4362 μόνον
768 4291 941 4346 ταῦτα
972 4293 1041 4345 τὰ
1083 4293 1327 4363 δόγματα
1380 4293 1549 4364 δηλοῖ,
1591 4294 1707 4347 ἀλλ’

126 4382 201 4435 δτι
221 4385 319 4437 καὶ
348 4384 620 4454 ὑπέμεινε
649 4384 898 4450 Θάνατον,
928 4384 1220 4454 γενόμενος
1249 4385 1557 4457 ἅνθρωπος,
1593 4389 1620 4439 ὀ
1649 4387 1708 4438 ἐν

128 4475 331 4547 ἰσότητι
383 4476 482 4529 τοῦ
529 4475 741 4546 Πατρός
762 4492 775 4506 °
809 4477 903 4530 καὶ
934 4478 1030 4548 οὑχ
1067 4477 1253 4540 ἁπλῶς
1288 4477 1537 4543 θάνατον,
1568 4478 1707 4532 ἀλλὰ

1816 615 1964 656 mum
2018 617 2189 657 unum
2225 599 2567 668 habendum,
2612 598 2765 658 velut
2804 614 3159 660 sacramento
3190 614 3405 665 mentes

1815 692 2063 764 ipsorum
2095 702 2352 764 occupat,
2386 694 2476 747 his
2530 695 2705 749 ferme
2740 696 2927 752 verbis
2958 715 2971 751 :
3006 698 3109 752 Per
3150 700 3405 754 consola-

1814 786 2022 840 tionem
2055 786 2204 840 illam
2236 801 2347 857 qua
2369 784 2626 841 Christus
2654 802 2761 843 nus
2789 789 3108 845 consolatus
3136 800 3238 855 est,
3277 807 3403 862 per-

1814 893 1924 948 que
1945 877 2275 933 charitatem
2310 884 2369 933 et
2413 879 2980 935 communicationem
3008 882 3273 952 Spiritus,
3304 897 3405 953 per

1814 969 2048 1040 ipsamet
2102 969 2342 1036 viscera,
2400 986 2501 1042 per
2533 972 2683 1042 ipsas
2713 973 3101 1030 miserationes
3140 974 3257 1037 Dei,
3302 990 3407 1031 vos

1814 1065 2013 1135 adjuro
2044 1086 2057 1121 :
2099 1067 2313 1137 implete
2366 1068 2624 1139 gaudium
2654 1086 2854 1122 meum.
2888 1067 3005 1125 Hoc
3034 1078 3216 1125 autem
3248 1071 3302 1125 in
3333 1084 3403 1125 eo

1815 1160 2093 1225 consistit,
2134 1158 2283 1231 quod
2312 1159 2481 1216 unius
2510 1160 2638 1215 ﬁdei
2682 1170 2849 1232 atque
2880 1162 3046 1217 animi
3074 1163 3221 1220 sitis.

1886 1337 2067 1395 VEns.‘
2104 1337 2158 1394 '5.
2223 1336 2424 1394 (Nihil
2472 1351 2571 1410 per
2609 1342 3053 1416 contentionem,
3115 1345 3251 1401 nihil
3304 1361 3401 1417 per

1814 1430 2037 1486 inanem
2069 1431 2325 1501 gloriam,
2360 1431 2453 1487 sed
2476 1430 2790 1489 humilitate
2829 1436 3145 1506 superiores
3175 1438 3279 1494 sibi
3311 1439 3400 1495 in.

1813 1522 1986 1576 vicem
2022 1523 2379 1577 arbitrantes.
2418 1540 2439 1575 ι

1892 1611 2006 1667 Hoc
2046 1614 2195 1667 enim
2255 1622 2341 1668 est
2387 1614 2531 1684 quod
2590 1617 2895 1686 praesertim
2950 1618 3188 1677 haereses
3239 1621 3395 1689 lacit,

1812 1706 2095 1759 contentio
2135 1706 2349 1760 scilicet
2384 1713 2438 1761 et
2468 1720 2607 1761 vana
2633 1709 2862 1778 gloria.-

1884 1796 2051 1851 Vens.
2085 1795 2139 1851 4.
2212 1816 2230 1848 ‹
2271 1797 2385 1851 Non
2421 1814 2543 1866 qum
2593 1816 2694 1855 sua
2742 1813 2870 1856 sunt
2905 1802 3105 1875 singuli
3146 1806 3398 1861 conside-

1741 1867 1782 1922 Β
1813 1902 2016 1953 rantes,
2063 1890 2155 1944 sed
2189 1905 2253 1944 ea
2283 1906 2407 1959 qua:
2433 1891 2693 1945 aliorum.
2736 1911 2755 1945 ι

1881 1980 1960 2035 Ne
1993 1983 2096 2036 hoc
2128 1983 2420 2052 dispicias,
2459 1983 2665 2054 inquit,
2708 2000 2818 2053 quo
2856 1997 3018 2055 pacto
3050 1986 3265 2051 doctor,
3301 1996 3397 2041 aut

1812 2086 2042 2142 magnus
2071 2072 2291 2142 quidam
2318 2072 2636 2141 appelleris,
2670 2074 2766 2128 sed
2804 2075 3087 2131 ouomodo
3115 2075 3274 2130 fratri
3301 2083 3398 2130 tuo

1810 2161 2139 2218 oﬂendiculo
2172 2177 2280 2217 non
2313 2163 2412 2218 sis.

1882 2254 2050 2311 Vens.
2106 2255 2261 2312 5-H.
2324 2274 2342 2307 ι
2382 2256 2500 2311 Hoc
2550 2264 2733 2311 autem
2784 2259 3057 2313 sentiatur
3096 2259 3154 2315 in
3210 2260 3393 2325 vobis,

1809 2347 1956 2416 quod
2012 2356 2067 2402 et
2107 2347 2164 2401 in
2219 2347 2446 2403 Christo
2479 2347 2610 2404 Jesu
2648 2367 2661 2403 :
2692 2349 2786 2419 qui
2820 2366 2945 2405 cum
2987 2351 3043 2405 in
3089 2351 3266 2406 forma
3298 2352 3394 2408 Dei

1809 2446 1978 2502 esset,
2012 2455 2124 2493 non
2158 2441 2405 2507 rapinam
2434 2442 2737 2497 arbitratus
2765 2451 3001 2499 estesse
3032 2460 3092 2500 se
3125 2448 3393 2515 aequalem

1810 2531 1963 2600 Deo;
1993 2532 2087 2589 sed
2122 2535 2476 2603 semetipsum
2509 2535 2818 2589 cxinanivit
2849 2536 3082 2590 formam
3112 2538 3255 2593 servi
3298 2553 3394 2592 ac-

1809 2624 2041 2694 cipiens,
2070 2624 2125 2678 in
2160 2626 2586 2681 similitudinem
2635 2626 2919 2681 hominum
2953 2628 3156 2693 lactus,
3210 2637 3263 2685 et
3290 2628 3399 2683 ha-

1810 2717 1941 2771 bitu
1979 2717 2236 2773 inventus
2285 2728 2344 2772 ut
2393 2720 2580 2773 homo.
2648 2718 2970 2775 llumiliavit
3006 2720 3391 2793 semetipsum

1810 2808 1993 2864 factus
2035 2810 2295 2866 ubediens
2344 2827 2520 2882 usque
2560 2812 2625 2865 ad
2657 2824 2913 2874 mortem,
2938 2816 3174 2869 'mortem
3208 2824 3393 2870 autem

1809 2904 2012 2958 crucis.
2036 2902 2271 2972 Propter
2303 2904 2451 2973 quod
2473 2912 2526 2958 et
2558 2903 2703 2959 Deus
2730 2906 2993 2959 exultavit
3013 2906 3184 2971 illum,
3216 2916 3268 2964 et
3293 2907 3398 2962 do-

1811 2995 1961 3049 navit
1995 2995 2071 3050 illi
2100 3011 2299 3050 nomcn
2343 2996 2488 3065 quod
2532 3005 2619 3051 est
2678 3011 2846 3065 super
2875 3013 3039 3052 omne
3068 3014 3302 3063 nomen;
3334 3009 3395 3054 ut

1810 3087 1865 3140 in
1898 3086 2119 3141 nomine
2157 3086 2286 3141 Jesu
2340 3104 2505 3142 omne
2560 3104 2703 3157 genu
2744 3090 3016 3153 ﬂectatur,
3059 3091 3391 3155 caelestium,

1810 3188 1865 3234 et
1888 3181 2260 3241 terrestrium,
2290 3191 2342 3235 et
2373 3180 2738 3247 infernarum,
2759 3192 2810 3235 et
2834 3184 3015 3236 omnis
3050 3182 3231 3253 lingua
3261 3199 3395 3240 con-

1811 3274 2053 3338 ﬁteatur,
2090 3271 2226 3344 quia
2263 3268 2529 3329 Dominus
2567 3270 2729 3329 Jestis
2762 3272 3044 3332 Christus.
3086 3294 3104 3328 ›

1831 3362 1834 3366 λ
1879 3365 1954 3419 De
2011 3366 2324 3420 humilitate
2388 3366 2463 3419 illi
2517 3381 2703 3422 sermo
2740 3374 2884 3430 erat,
2935 3368 3155 3422 tametsi
3196 3367 3395 3436 dogma

1809 3458 2148 3528 perstringit.
2184 3456 2393 3528 Inspice
2418 3473 2548 3512 vero
2573 3473 2738 3528 quam
2776 3468 3032 3513 accurate
3053 3460 3104 3512 id
3133 3460 3390 3530 explicet.

1810 3549 1965 3615 Quod
2028 3565 2222 3618 nempe
2279 3549 2539 3605 Christus
2592 3551 2821 3621 aequalis
2887 3551 2958 3604 sit
3001 3548 3201 3615 Patri,‘
3245 3553 3389 3620 quod

1813 3641 2171 3711 semetipsum
2224 3641 2617 3705 exinaniverit,
2655 3641 2798 3713 quod
2849 3643 3026 3696 lactus
3076 3644 3149 3697 sit
3202 3643 3397 3708 homo,

1810 3735 2190 3807 quod'sponte
2225 3734 2277 3787 id
2317 3736 2514 3804 egerit.
2564 3733 2657 3788 Ne
2715 3733 2861 3787 enim
2918 3733 3117 3803 aliquis
3165 3734 3391 3787 audiens

1810 3827 1937 3883 eum
1971 3824 2177 3879 factum
2203 3840 2327 3879 esse
2369 3823 2718 3877 obedientem
2749 3822 2921 3885 Patri,
2965 3822 3071 3875 vim
3103 3824 3149 3876 ei
3184 3822 3389 3876 illatam

1818 3927 2040 3990 putaret
2073 3916 2240 3971 veluti
2277 3916 2521 3970 inferiori
2554 3931 2582 3968 a
2626 3915 2934 3984 superiore,
2963 3921 3246 3984 prepterea
3280 3914 3397 3968 fre-

1810 4016 2044 4078 quenter
2081 4007 2346 4068 inculcat,
2386 4006 2745 4072 semetipsum.
2787 4004 3157 4071 Semetipsum,
3191 4003 3390 4071 inquit,

1809 4099 2123 4161 dxiuanivit,
2153 4107 2206 4152 et
2235 4098 2533 4151 Immitiavit
2563 4097 2901 4165 semetipsum
2928 4098 3103 4162 factus
3122 4095 3388 4150 obediem.

1811 4192 1903 4248 Sic
1942 4206 2110 4262 porro
2145 4190 2414 4259 loquitur,
2452 4197 2509 4242 ut
2537 4204 2700 4242 unam
2726 4186 2902 4241 Patris
2931 4185 3162 4255 Filiique
3191 4187 3391 4240 volun-

1809 4293 1976 4340 tatem
2026 4282 2322 4354 signiﬁcet.
2356 4280 2472 4335 Non
2517 4280 2692 4334 solum
2733 4289 2917 4333 autem
2958 4279 3073 4332 haec
3127 4278 3397 4332 doctrinae

1809 4380 1991 4448 capita
2030 4377 2305 4446 explicat;
2342 4388 2532 4428 verum
2576 4373 2742 4425 etiam
2775 4370 2919 4441 quod
2956 4378 3189 4424 mortem
3227 4370 3391 4424 homo

1810 4469 1991 4523 factus
2026 4468 2337 4538 pertulerit,
2389 4480 2513 4518 curn
2554 4463 2781 4533 aequalis
2809 4469 2956 4517 esset
2998 4461 3179 4529 Patri;
3214 4478 3391 4533 neque

126 4566 375 4629 Θάνατον,
402 4568 497 4620 τὸν
522 4568 609 4621 διὰ
632 4570 887 4639 σταυροῦ.
915 4569 1026 4620 Καὶ
1046 4568 1125 4620 ὅτι
1151 4568 1270 4639 οὑχὶ
1300 4568 1576 4641 ἐκρατήθη
1608 4569 1703 4622 θα-

1818 4570 2038 4615 mortem
2075 4560 2368 4625 duntaxat,
2413 4557 2509 4612 sed
2560 4566 2789 4609 mortem
2837 4571 3001 4625 quam
3042 4571 3139 4626 per
3168 4570 3389 4611 crucem

128 4660 285 4730 νάτῳ.
321 4662 569 4729 ’Υψωσε
606 4661 714 4730 γὰρ
736 4661 946 4724 αὐτὸν,
974 4658 1158 4732 φησὶν,
1188 4664 1219 4715 ό
1262 4662 1425 4726 θεός.
1460 4661 1629 4715 Ὅταν
1650 4662 1713 4715 δὲ

124 4748 201 4811 τὸ,
232 4750 459 4819 ww,”
486 4751 580 4804 καὶ
599 4749 819 4820 ἤγειρε,
848 4752 945 4804 καὶ
971 4751 1042 4803 τὰ
1067 4750 1293 4804 τοιαῦτα
1310 4751 1586 4823 ίάκούσῃςτ
1611 4751 1709 4824 τὴν

125 4842 448 4913 οἰκονομίαν
477 4844 647 4923 ἐννόει
674 4859 689 4874 ⁸
730 4844 807 4919 μὴ
839 4844 948 4915 γάρ
987 4843 1061 4918 δὴ
1082 4844 1159 4907 ὠς
1192 4843 1586 4915 ἐλαττούμενον
1614 4845 1710 4897 δυ-

123 4930 538 5003 νάμεωςάὑτὺν
569 4926 831 5009 ἐννοήσῃς
851 4928 1071 5000 θαὺτὸς
1100 4937 1209 5007 γάρ
1234 4930 1387 4989 ’ἐστιν
1418 4938 1451 5007 ἠ
1483 4936 1711 5006 δύναμις

122 5026 209 5079 τοῦ
234 5028 488 5100 Πατρός.
516 5030 773 5098 Χριστὸς
813 5028 923 5101 γὰρ
954 5028 1103 5083 Θεοῦ
1135 5028 1389 5100 δύναμις
1427 5028 1527 5083 καὶ
1563 5021 1711 5084 θεοῦ

119 5121 326 5189 σοφία.
380 5136 383 5139 ⁷
451 5136 454 5137 ⁷
560 5152 565 5159 ~
711 5147 716 5153 -
1052 5138 1055 5139 ⁷
1116 5136 1119 5141 '

1805 4653 2024 4708 obierit.
2051 4651 2131 4705 Ad
2174 4652 2291 4705 haec
2320 4650 2467 4719 quod
2496 4656 2673 4702 morte
2699 4663 2809 4702 non
2842 4649 2913 4703 sit
2941 4648 3219 4704 detentus.
3252 4647 3389 4702 Deus

1806 4743 1969 4809 enim,
2007 4740 2496 4812 inqt‘tit,exaltavit
2548 4737 2731 4791 illum.
2776 4737 3008 4802 Quando
3059 4744 3241 4791 autem
3290 4750 3389 4789 au~

1806 4836 1998 4902 dieris,
2041 4833 2322 4896 exultavit,
2355 4831 2656 4897 suscitavit,
2698 4836 2751 4884 et
2774 4829 2997 4889 similia.
3024 4828 3395 4898 dispensatio-

1808 4914 1974 4993 nem,
2030 4926 2545 4984 incarnationemve
2603 4922 2803 4992 cogita.
2862 4919 3048 4991 Neque
3105 4920 3392 4975 arbitreris

1810 5021 2121 5080 debilioris'
2158 5033 2284 5074 eum
2331 5032 2459 5072 esse
2501 5017 2724 5070 virtutis
2759 5033 2773 5069 :
2809 5014 3011 5085 quippe
3057 5028 3179 5067 cum
3214 5012 3390 5066 virtus

1810 5104 1885 5173 sit
1916 5113 2122 5170 Patris.
2158 5110 2403 5168 Christus
2436 5108 2535 5164 Dei
2576 5109 2764 5172 virtus,
2817 5117 2866 5161 et
2908 5106 3004 5160 Dei
3034 5105 3297 5174 sapientia
3320 5102 3387 5169 “,

1704 5238 1710 5243 -
1808 5206 2010 5277 inquit.

191 5314 212 5348 ι
251 5298 356 5362 Εἰς
406 5298 568 5365 δόξαν
596 5280 747 5353 θεοῦ
779 5280 1016 5373 Πατρός.
1053 5278 1238 5368 Ὥστε,
1262 5303 1540 5371 ἀγαπητοί
1570 5317 1707 5373 μου,

120 5389 303 5454 καθὼς
338 5391 579 5445 πάντοτε
612 5392 981 5461 ὑπηκούσατε.
1020 5413 1038 5446 ι
1552 5466 1555 5469 λ

188 5481 329 5535 ἰνα
358 5481 510 5536 οὕτω
562 5482 872 5556 δοξάζηται,
913 5486 1099 5558 φησιν,
1150 5486 1227 5551 ὡς
1278 5487 1372 5541 καὶ
1412 5488 1443 5540 ὁ
1493 5484 1705 5558 Πατὴρ,

122 5572 232 5637 ἴσος
255 5592 319 5627 τε
350 5573 453 5627 καὶ
477 5576 659 5645 ὅμοιος
689 5578 859 5649 αὑτῷ.

193 5684 214 5718 ι
255 5667 357 5739 Μὴ
387 5667 464 5732 ὡς
505 5671 565 5722 ὲν
607 5672 674 5740 τῇ
709 5672 981 5743 παρουσίᾳ
1037 5689 1141 5743 μου
1188 5671 1371 5743 μόνον,
1424 5669 1562 5726 ἀλλὰ
1611 5668 1708 5727 νῦν

118 5758 303 5829 πολλῷ
329 5758 541 5830 μᾶλλον
568 5762 627 5815 ἐν
655 5764 723 5835 τῇ
758 5762 995 5836 ἀπουσίᾳ
1019 5780 1143 5835 μου.
1175 5780 1196 5816 ι

184 5869 280 5927 ⁸⁸1
313 5872 454 5930 Cor.
506 5889 547 5939 ι,
570 5872 659 5930 24.

1888 5316 1907 5351 ι
1941 5299 2000 5353 ln
2024 5293 2220 5367 gloria
2270 5292 2363 5348 Dei
2395 5290 2595 5347 Patris.
2640 5287 2828 5362 [Vena
2866 5286 2977 5356 12.]
3016 5286 3220 5357 itaque,
3254 5282 3388 5341 cha-

1809 5389 2023 5448 rissimi
2059 5386 2187 5447 mei,
2218 5385 2361 5441 sicut
2386 5397 2603 5453 semper
2627 5380 2913 5437 obedistis.
2949 5399 2967 5432 ι

1824 5496 1827 5497 ⁷
1885 5480 1956 5535 Ut
1988 5495 2053 5535 eo
2095 5477 2257 5533 modo
2296 5475 2661 5539 colloudetur,
2704 5472 2903 5543 inquit,
2959 5478 3156 5543 quoet
3206 5468 3391 5535 Pater,

1814 5576 1942 5647 quia
1975 5569 2203 5641 :equalis
2238 5575 2293 5622 et
2330 5566 2528 5622 similis
2562 5565 2848 5621 est'illius.

1892 5664 2055 5736 193
2120 5659 2297 5721 ‹.Νοιι
2353 5667 2413 5713 ut
2460 5658 2513 5712 in
2564 5656 2849 5728 praesentia
2880 5653 2987 5710 mei
3024 5659 3259 5719 tantum,
3288 5647 3387 5711 sed

1821 5757 2000 5815 multo
2025 5751 2201 5825 magis
2233 5764 2383 5807 nunc
2417 5748 2469 5804 in
2499 5746 2751 5807 absentia
2792 5761 2931 5803 mea.
2974 5768 2994 5800 ι
