3844 6394
605 377 714 446 εΐΐι
1713 424 1715 427 .
1779 371 1840 430 S.
1869 369 2190 431 JOANNIS
2229 367 2662 430 DAMASCENI
3687 375 3752 441 868

672 485 924 556 Amplius
976 485 1123 542 enim
1176 498 1422 541 amorem
1471 498 1634 540 suum
1684 497 1811 554 erga
1847 481 2172 552 magistrum

2234 501 2251 536 ι
2343 478 2564 534 Μᾶλλον
2611 480 2721 550 γὰρ
2775 478 2873 551 τὴν
2923 477 3148 549 ἀγάπην
3206 480 3524 534 ἐνδείκνυται
3555 481 3634 551 τὴν
3666 489 3752 555 πρὸς

605 580 828 651 promit.
865 579 958 649 qui
988 579 1143 634 illum
1175 577 1343 633 etiam
1375 578 1661 631 absentem
1707 572 1882 627 audit.
1909 569 2047 625 Nam
2084 587 2116 640 q

2281 570 2374 624 τὸν
2424 571 2765 638 διδάσκαλον,
2809 575 2838 626 ὁ
2871 574 3021 644 παρὰ
3047 574 3150 644 τὴν
3173 573 3436 628 ἀπουσίαν
3489 574 3661 628 ἀκούων
3694 578 3754 629 αὖ·

604 672 865 744 praasenti
895 672 1194 736 auscultat,
1220 668 1274 723 id
1305 668 1490 724 forsan
1522 666 1732 737 pudore
1760 663 1935 718 facit:
1963 663 2055 734 qui
2083 677 2122 716 at

2281 662 2398 718 τοῦ.
2428 664 2488 718 '0
2515 665 2614 736 μὲν
2639 665 2748 735 γὰρ
2770 665 2992 738 παρόντι
3024 665 3362 736 πειθόμενος,
3387 667 3505 730 ἴσως
3533 668 3609 720 καὶ
3630 670 3740 736 αίσχυ

604 775 739 833 tem,
763 763 892 818 dum
935 764 980 819 is
1025 771 1109 819 est
1155 763 1378 826 absens,
1433 759 1611 824 audit,
1654 772 1904 828 magnam
1963 754 2122 828 prme

2282 757 2509 828 νόμενος
2564 758 2724 812 τοῦτο
2785 761 2932 812 ποιεῖ
2954 776 2969 792 ·
3028 762 3056 814 ὁ
3111 758 3169 813 δὲ
3236 759 3386 830 παρὰ
3441 760 3529 830 τὴν
3571 761 3758 814 ἀπουσίαν

608 873 722 915 suae
787 857 1056 913 adversus
1118 856 1449 927 magistrum
1511 851 1832 910 dilectionis
1887 849 2126 908 sincerit:

2299 848 2538 916 ἀκούων,
2569 851 2712 922 μέγα
2744 851 2982 906 δείκνυσι
3009 852 3108 924 τῆς
3145 854 3224 917 εἰς
3248 851 3340 907 τὸν
3368 853 3642 906 διδάσκαλον
3670 854 3760 922 ἀγὲσ

609 958 742 1006 tem.

2129 951 2133 960 ‘
2284 961 2395 1016 πης
2423 943 2484 997 τὸ
2507 945 2752 1016 γνήσιον.

685 1061 704 1094 ι
741 1042 881 1098 Cum
930 1041 1125 1096 timore
1147 1048 1203 1095 et
1235 1048 1479 1094 tremore
1516 1036 1753 1093 salutem
1773 1043 2022 1092 vestram
2050 1047 2184 1104 ope-

2361 1054 2381 1086 ‹
2423 1035 2579 1090 Μετὰ
2633 1036 2805 1105 φόϐου
2857 1037 2953 1094 καὶ
2982 1038 3190 1110 τρόμου
3218 1039 3318 1109 τὴν
3348 1038 3540 1092 ἑαυτῶν
3569 1038 3763 1109 σωτηρίαν

609 1134 832 1189 ramini.
865 1152 884 1185 ι

2285 1143 2415 1180 κατε
2422 1127 2718 1199 ργάζεσθε.
2761 1147 2781 1183 ι

677 1224 786 1279 Εοε
815 1225 1012 1280 iterum
1044 1223 1239 1278 anxios
1291 1221 1493 1288 reddit,
1527 1217 2000 1291 supereiliumque
2034 1215 2186 1287 ipso-

2355 1218 2529 1272 Πάλιν
2559 1219 2803 1292 ἁγωνιᾷν
2833 1220 3038 1285 αὐτοὺς
3068 1224 3250 1275 ποιεῖ’
3272 1222 3516 1279 τοσοῦτον
3549 1227 3687 1281 αὐτῶν
3705 1232 3759 1298 τὴν

608 1331 730 1372 rum
762 1316 900 1372 adeo
940 1314 1230 1386 deprimit,
1273 1329 1344 1369 ne
1373 1313 1444 1368 ob
1472 1311 1691 1384 egregia
1724 1309 1972 1366 facinora
1996 1322 2126 1379 supe

1790 1310 1972 1366 cinora
1996 1322 2190 1379 super-
2286 1307 2354 1363 ἐκ
2377 1309 2473 1364 τοῦ
2506 1310 2810 1384 κατορθοῦν
2835 1315 3094 1386 κατασπᾷ
3115 1315 3308 1386 ὀφρύν.

607 1408 781 1464 biant.

678 1498 846 1555 Vens.
869 1497 958 1552 l5.
996 1515 1016 1549 ί
1049 1495 1193 1551 Deus
1247 1497 1393 1550 enim
1426 1500 1514 1549 est
1539 1493 1632 1564 qui
1662 1498 1925 1561 operatur
1954 1489 2012 1544 in
2031 1485 2190 1543 vobis

2365 1511 2384 1546 ‹
2416 1491 2549 1554 Θεδς
2576 1491 2685 1562 γάρ
2712 1491 2858 1553 ἐστιν
2886 1493 2915 1546 ὁ
2943 1492 3182 1564 ἐνεργῶν
3215 1494 3275 1546 ἐν
3297 1493 3448 1564 ὑμῖν,
3478 1494 3624 1548 καὶτὸ
3640 1494 3756 1554 Θέὶειτ.

606 1589 745 1646 velle
777 1597 832 1644 et
868 1587 1132 1658 perficere
1161 1601 1264 1657 pro
1291 1586 1439 1640 bona
1468 1583 1776 1638 voluntate.
1817 1601 1835 1634 ι
2077 1591 2080 1594 ‘

2077 1591 2080 1594 ’
2289 1583 2385 1637 καὶ
2411 1581 2474 1636 τὸ
2505 1583 2752 1652 ἐνεργεῖν
2785 1582 2925 1652 ὑπὲρ
2950 1583 3053 1654 τῆς
3077 1584 3350 1648 εὐδοκίας.
3388 1604 3407 1636 ι

680 1679 797 1735 Hoc
848 1694 1018 1749 porro
1077 1679 1177 1743 ait,
1228 1691 1338 1731 non
1387 1685 1449 1730 ut
1486 1674 1727 1730 libertati
1761 1673 2065 1728 voluntatis
2093 1671 2193 1726 de-

2361 1674 2471 1727 Καὶ
2497 1672 2658 1726 τοῦτό
2688 1691 2876 1744 φησιν,
2928 1675 3026 1746 οὐχ
3076 1675 3152 1740 ὡς
3199 1677 3302 1746 τῆς
3335 1680 3664 1748 προαιρέσεως
3684 1681 3759 1730 ni-

609 1772 824 1838 trahat;
861 1771 956 1826 sed
991 1770 1136 1841 quod
1187 1783 1405 1824 rursum
1442 1766 1702 1821 formidet
1734 1781 1802 1820 ne
1830 1765 2127 1820 extollantu

2292 1766 2587 1839 αιρετικὸν,
2617 1766 2734 1820 ἀλλ’
2759 1767 2836 1832 ὡς
2893 1768 3061 1836 φοδού
3070 1786 3232 1838 μενος
3255 1770 3418 1824 πάλιν
3441 1771 3509 1842 μὴ
3530 1772 3757 1842 ἐπαρϐὡςιιι.

609 1863 744 1919 Nam
791 1863 939 1934 quod
993 1863 1160 1917 animi
1193 1861 1536 1931 propositum
1571 1859 1625 1912 in
1681 1873 1851 1912 causa
1880 1857 1974 1924 sit,
2011 1867 2071 1910 ut
2108 1873 2127 1911 ι

2241 1848 2266 1901 3
2296 1862 2419 1916 Ὅτι
2454 1861 2562 1932 γὰρ
2587 1864 2622 1931 ὴ
2653 1860 2849 1932 γνώμη
2883 1863 3032 1914 αίτία
3071 1863 3164 1915 τοῦ
3214 1864 3454 1932 ἀγαθοὺς
3487 1867 3612 1934 ἡμᾶς
3640 1862 3759 1928 εἶναιῆ

610 1957 762 2022 boni,
783 1957 866 2012 vel
893 1956 1021 2010 mali
1057 1956 1253 2018 simus,
1283 1953 1640 2008 manifestum
1692 1952 1820 2006 fecit
1851 1951 2128 2006 exhortant

2295 1953 2587 2023 πονηροὺς,
2633 1951 2872 2022 ἐδήλωσε
2921 1953 3010 2007 διὰ
3055 1953 3502 2026 τοῦᾔτταραινέσαι
3532 1955 3641 2026 μετὰ
3667 1955 3758 2023 $660:

613 2055 674 2105 ut
703 2063 827 2103 cum
854 2048 1051 2102 timore
1085 2048 1316 2103 salutem
1351 2061 1506 2102 suam
1532 2054 1917 2116 operarentur.

1809 2054 1917 2099 tur.
2294 2043 2392 2115 τὴν
2417 2043 2625 2100 ἑαυτῶν
2661 2046 2937 2116 σωτηρίαν
2964 2045 3324 2116 ἐργάζεσθαι.

681 2139 854 2195 Vens.
895 2139 982 2203 14,
1017 2139 1106 2193 15.
1153 2158 1171 2189 ‹
1208 2136 1403 2192 Omnia
1443 2146 1624 2192 autem
1678 2135 1844 2190 facite
1886 2135 2006 2190 sine
2037 2149 2193 2190 mur-

2372 2153 2391 2187 ι
2436 2137 2624 2191 Πάντα
2689 2139 2894 2190 ποιεῖτε
2946 2138 3116 2208 χωρὶς
3173 2138 3491 2208 γογγυσμοῦ
3545 2139 3620 2191 καὶ
3656 2137 3761 2190 itala

614 2229 948 2293 muratione,
989 2237 1044 2282 et
1087 2228 1544 2294 cogitationibus,
1571 2236 1632 2281 ut
1658 2227 1778 2282 sitis
1804 2227 1924 2282 sine
1948 2227 2132 2295 qucrcl

2296 2227 2530 2298 γισμῶν,
2557 2229 2644 2283 ἴνα
2679 2229 2909 2300 γένησθε
2942 2232 3221 2302 ἄμεμπτοι
3263 2231 3363 2285 καὶ
3405 2231 3635 2302 ἀκέραιοι,
3669 2231 3763 2281 tim

613 2330 670 2380 et
709 2322 992 2392 simplices
1029 2321 1124 2375 filii
1165 2319 1258 2374 Dei
1300 2321 1420 2376 sine
1453 2320 1898 2390 reprehensione.
1938 2339 1956 2372 ι

1314 2321 1420 2376 sine
1453 2320 1898 2390 reprehensione.
1938 2339 1956 2372 ι
2296 2321 2435 2374 Θεοῦ
2473 2321 2776 2394 ἀμώμητα.
2814 2342 2832 2375 ι

684 2410 820 2465 Nam
859 2411 949 2481 qui
983 2411 1243 2464 mandata
1297 2409 1696 2464 murmurando
1735 2412 1970 2478 peragit,
2029 2407 2198 2480 quasi

2379 2416 2438 2470 '0
2467 2415 2575 2487 γὰρ
2605 2417 2703 2480 τὰς
2738 2415 2958 2479 ἐντολὰς
2983 2415 3354 2487 ἐργαζόμενος
3381 2416 3513 2484 μετὰ
3531 2409 3759 2484 γογγυσμσῦ.

614 2502 804 2574 gravia
842 2503 937 2558 illa
981 2504 1113 2564 sint,
1150 2502 1459 2556 mercedem
1503 2517 1667 2570 quam
1699 2517 1766 2556 ex
1806 2500 1895 2556 his
1926 2516 2130 2556 consec

2300 2510 2376 2572 ὡς
2402 2508 2636 2580 βαρείων
2671 2509 2867 2571 οὐσῶν,
2907 2509 3173 2562 ἀπόλλυσι
3235 2509 3330 2562 τὸν
3379 2509 3470 2564 ἐπὶ
3515 2506 3679 2566 ταύταις
3708 2522 3759 2569 με·

615 2605 775 2651 turus
809 2604 949 2659 erat,
981 2595 1205 2648 amittit.
1234 2593 1390 2661 Quod
1432 2603 1611 2649 autem
1637 2594 1734 2658 ait,
1787 2603 1836 2647 et
1863 2593 2133 2664 cogitatio:

2304 2601 2448 2656 σθόν.
2501 2601 2572 2654 Τὸ
2593 2601 2668 2666 δέ,
2725 2601 2825 2654 καὶ
2892 2599 3324 2670 διαλογισμῶν,
3377 2599 3528 2653 τοῦτο
3574 2597 3684 2664 δηλῶ,
3725 2590 3758 2641 τέ

617 2686 734 2751 bus,
775 2685 918 2742 idem
949 2696 1034 2742 est
1085 2702 1150 2741 ac
1190 2687 1233 2741 si
1267 2687 1498 2748 diceret,
1561 2685 1687 2740 sine
1739 2684 2097 2754 ambiguitate

2301 2693 2638 2757 ἀδιστάκτως
2682 2695 2778 2748 καὶ
2819 2693 3191 2755 ἀνενδυάστως
3224 2732 3240 2757 ,
3275 2693 3374 2746 καὶ
3421 2691 3567 2763 μηδὲν
3589 2689 3756 2754 impro-

617 2777 983 2842 dubitatione,
1048 2787 1101 2831 et
1161 2777 1298 2830 nihil
1351 2773 1682 2830 haesitando.
1755 2770 1892 2826 Nam
1951 2771 2046 2840 qui
2098 2771 2130 2824 h

2305 2787 2522 2859 μένους.
2590 2785 2648 2840 '0
2706 2785 2817 2856 γὰρ
2869 2784 3042 2848 οὕτως
3093 2784 3265 2848 αὐτὰς
3317 2778 3756 2854 ἐργαζόμενιςέςτιι.

618 2878 782 2939 pacto
831 2882 897 2923 ea
949 2867 1311 2938 exsequitur,
1367 2865 1586 2934 inquit,
1637 2864 1731 2918 ille
1781 2861 2130 2933 irreprehens

1367 2865 1586 2934 inquit,
1637 2864 1731 2918 ille
1781 2861 2201 2933 irreprehensus
2303 2879 2488 2950 φησὶν,
2525 2877 2831 2948 ἄμεμπτος.

619 2959 747 3014 erit.

691 3050 830 3105 Cum
864 3049 1153 3115 charitate,
1183 3048 1375 3103 libenti
1405 3048 1610 3102 animo.

2376 3051 2476 3106 Διὰ
2508 3052 2608 3125 τὴν
2637 3052 2879 3123 ἀγάπην,
2901 3052 2988 3107 διὰ
3018 3054 3116 3124 τὴν
3145 3053 3470 3126 ἀρέσκειαν.

701 3159 720 3192 ι
757 3138 814 3192 ln
840 3140 1023 3193 medio
1047 3139 1417 3209 generationis
1453 3154 1634 3208 prava:
1659 3146 1712 3194 et
1747 3153 2038 3208 perversae.
2072 3156 2092 3190 ι

701 3229 921 3249 ἢμ--μ-η-
977 3229 1351 3249 --Α-Α-,-.3----..-
1435 3227 1646 3249 ‘I.-.l..--
1691 3228 1817 3249 J!-:.
1902 3226 2198 3249 -----_.I--_.

2245 3187 2278 3249 Β
2383 3163 2404 3199 ι
2446 3146 2535 3200 Ἐν
2567 3145 2716 3217 μέσῳ
2740 3147 2934 3214 γενεᾶς
2967 3146 3187 3210 σκολιᾶς
3221 3148 3323 3200 καὶ
3361 3141 3763 3215 διεστραμμένηςιι

694 3229 927 3284 Prauam
967 3229 1388 3300 generationem,
1428 3227 1649 3284 Judznos
1684 3228 1855 3294 dicit,
1899 3226 2203 3283 secundum

2253 3226 2278 3249 ³
2379 3236 2608 3290 Feret}?
2637 3237 2916 3303 σκολιὰν,
2961 3239 3058 3308 τὴν
3101 3238 3209 3291 τῶν
3257 3239 3518 3291 Ἰουδαίων
3545 3233 3662 3305 φησι,
3691 3230 3771 3280 κατὰ

627 3322 780 3378 illum
825 3321 1041 3377 Domini
1083 3323 1150 3378 ad
1189 3338 1283 3378 eos
1314 3337 1624 3377 sermonem
1659 3342 1671 3378 :
1718 3321 1996 3376 Generatio
2039 3337 2145 3390 pra:

2308 3325 2368 3380 τὸ
2397 3327 2685 3397 εἰρημένον
2741 3327 2878 3397 πρὸς
2921 3328 3126 3391 αὐτοὺς
3167 3327 3274 3381 ὑπὸ
3302 3330 3397 3383 τοῦ
3427 3327 3633 3399 Κυρίου’
3656 3324 3690 3375 Γ
3691 3321 3769 3373 erat:

625 3425 677 3471 ιε
711 3432 954 3487 perversa
977 3415 1044 3470 ".

2308 3417 2526 3472 σκολιὰ
2556 3418 2654 3470 καὶ
2688 3417 3143 3489 διεστραμμένη.

703 3525 724 3561 ι
763 3507 910 3563 Inter
949 3523 1088 3578 quos
1128 3507 1320 3563 lucetis
1349 3507 1497 3562 sicut
1542 3506 1842 3561 luminaria
1884 3507 1940 3561 in
1975 3506 2204 3573 mundo,

2391 3529 2410 3563 ι
2459 3511 2547 3563 Ἐν
2582 3506 2663 3574 οἷς
2697 3511 2973 3580 φαίνεσθε,
2997 3513 3072 3576 ὡς
3106 3515 3398 3586 φωστῆρες
3430 3515 3483 3568 ἐν
3502 3511 3665 3581 κόσμῳ,
3682 3507 3772 3569 λέγω

629 3600 819 3676 [νεεδ.
845 3600 937 3674 16]
967 3601 1192 3656 verbum
1225 3601 1348 3656 vitae
1377 3602 1742 3656 continentes.
1789 3621 1806 3654 ι

1334 3602 1742 3656 :coutinentes.
1789 3621 1806 3654 ι
2311 3601 2455 3675 ζωῆς
2485 3602 2790 3672 ἐπέχοντες.
2836 3622 2852 3654 ι

703 3698 838 3755 Nam
866 3701 958 3769 qui
983 3698 1176 3754 dicere
1216 3697 1800 3768 possunt,_Signatum
1822 3707 1898 3751 est
1924 3711 2080 3765 super
2112 3712 2208 3750 nos

2381 3697 2443 3749 Οἱ
2479 3695 2587 3766 γὰρ
2625 3694 2912 3766 δυνάμενοι
2961 3695 3167 3766 λέγειν,
3208 3699 3558 3770 Ἐσημειώθη
3592 3695 3662 3764 ἐφ’
3686 3687 3772 3757 ivvit

628 3792 803 3846 lumen
835 3791 1005 3845 vultus
1040 3792 1137 3858 tui,
1167 3790 1390 3846 Domine
1413 3791 1480 3859 ⁵⁸,
1522 3790 1577 3844 hi
1612 3797 1842 3859 possunt
1887 3805 2009 3845 esse
2050 3789 2146 3844 lun

2307 3786 2375 3840 τὸ
2397 3786 2524 3856 φῶς
2567 3786 2674 3840 τοῦ
2705 3787 3029 3854 προσώπου
3057 3805 3201 3853 σου,
3238 3792 3434 3860 Κύριε,
3463 3785 3588 3843 οὗτοι
3614 3786 3771 3838 δύνανται

628 3883 808 3941 naria.
846 3883 1071 3938 Verbum
1090 3885 1232 3952 vim,
1267 3883 1620 3954 Evangelium
1650 3889 1829 3937 vocat.

2309 3883 2596 3952 φωστῆρες
2627 3879 2903 3948 γενέσθαι.
2930 3881 3125 3952 Λόγον
3179 3881 3237 3935 δὲ
3275 3880 3448 3952 ζωῆς,
3473 3881 3552 3933 τὸν
3583 3871 3771 3942 εὐαγγελι-

2310 3973 2406 4024 κόν
2434 3990 2619 4042 φησιν.

707 4083 728 4118 ι
763 4064 848 4120 Ad
904 4065 1134 4135 gloriam
1182 4079 1381 4127 meam,
1440 4072 1496 4119 et
1545 4062 1601 4116 in
1662 4062 1751 4116 die
1789 4061 2043 4117 Christi:
2080 4061 2210 4132 quia

2381 4067 2476 4129 Εἰς
2498 4065 2760 4138 καύχημα
2789 4066 2932 4138 ἐμοὶ,
2969 4065 3064 4118 καὶ
3117 4065 3197 4127 εἰς
3241 4065 3454 4136 ἡμέραν
3496 4050 3771 4133 Χριστοῦ’ἱτι

631 4156 834 4211 nonin
876 4171 1112 4210 vacuum
1158 4157 1414 4220 cucurri,
1471 4170 1652 4223 neque
1701 4155 1756 4207 in
1809 4168 2011 4208 vanum
2059 4154 2148 4209 lab

2192 4183 2213 4194 -
2309 4158 2410 4213 οὐκ
2438 4161 2518 4224 εἰς
2543 4161 2699 4214 κενὸν
2722 4159 2977 4231 ἔδραμον,
3002 4158 3122 4212 οὐδὲ
3141 4159 3221 4220 εἰς
3244 4159 3402 4211 κενὸν
3431 4155 3670 4209 ἐκοπίασα.
3700 4163 3710 4195 ι

631 4264 772 4304 ravr.
816 4267 834 4300 ι

713 4339 904 4410 Magna
965 4338 1238 4408 siquidem
1291 4338 1461 4408 gloria
1521 4337 1920 4407 magistrorum
1965 4346 2052 4392 est
2087 4354 2214 4408 pro-

2383 4339 2543 4406 Μέγα
2596 4338 2706 4410 γὰρ
2756 4339 2926 4402 ὅντως
2975 4338 3315 4391 διδασκάλων
3381 4336 3612 4404 καύχημα
3654 4329 3676 4394 ἡ
3714 4320 3774 4370 τίὲν

633 4447 861 4503 gressus
895 4431 1319 4499 discipulorum.
1357 4428 1658 4498 Quousque
1683 4438 1865 4483 autem
1905 4432 2151 4500 pertinge

2319 4429 2576 4501 μαθητῶν
2625 4432 2902 4500 προκοπή.
2963 4430 3142 4500 Μέχρι
3194 4431 3340 4493 τίνος
3378 4430 3432 4482 δὲ
3473 4427 3559 4496 τὴν
3593 4413 3774 4491 πρωίσπῆί

636 4539 988 4596 progressum
1021 4530 1258 4592 Oportet,
1290 4523 1399 4575 nisi
1431 4521 1496 4574 ad
1529 4521 1822 4575 adventum
1852 4520 2095 4576 Christi?
2120 4523 2154 4576 S

2257 4527 2289 4580 Ι)
2317 4522 2516 4590 φθάσαι
2550 4522 2650 4582 δεῖν
2693 4521 2723 4592 ἢ
2766 4523 2926 4591 μέχρι
2970 4521 3073 4590 τῆς
3116 4521 3415 4590 παρουσίας
3444 4503 3775 4587 Χριστοῦ;τηῖτσ

635 4630 769 4670 vero
820 4615 1087 4684 loquitur,
1136 4622 1196 4666 ut
1241 4613 1295 4666 in
1341 4612 1580 4680 ipsomet
1625 4627 1945 4682 progressu,
1992 4613 2130 4666 nihil

2315 4613 2371 4666 δὲ
2401 4612 2574 4681 λέγει,
2612 4613 2699 4664 ἵνα
2732 4612 2899 4678 αὐτὴν
2944 4610 3158 4680 ἔχοντες
3185 4610 3556 4676 ἀποθάνωμεν,
3586 4599 3703 4672 μηδὲν
3723 4611 3774 4643 ελ·

637 4706 990 4762 detrahentes
1018 4705 1450 4760 moriamur.Sic
1475 4706 1622 4760 enim
1645 4706 1919 4777 integrum
1940 4716 1995 4762 et
2023 4723 2155 4762 sanu

2317 4702 2418 4772 τῆς
2447 4700 2981 4772 παρασαλεύσαντες.
3021 4699 3176 4753 Οὕτω
3223 4700 3332 4769 γὰρ
3367 4699 3527 4767 αὐτὴν
3565 4691 3673 4744 cam

638 4815 762 4855 eum
793 4801 1194 4854 exhibebimus.
2079 4788 2118 4855 ἰ
2135 4849 2153 4869 ,

2079 4788 2153 4869 ἠ
2318 4792 2626 4863 δειξὸμεθα.
2973 4857 2975 4862 η

722 4888 885 4944 Vsns.
921 4889 1010 4953 i7,
1045 4889 1132 4943 18.
1171 4908 1190 4940 ‹
1229 4886 1337 4943 Sed
1368 4887 1471 4942 etsi
1504 4886 1756 4940 immolor
1794 4902 1967 4956 supra
2010 4865 2222 4942 sacrifi-

2397 4907 2414 4940 ι
2470 4887 2607 4941 Ἀλλ’
2637 4888 2684 4940 εἰ
2737 4888 2829 4940 καὶ
2877 4887 3174 4954 σπένδομαι
3217 4885 3310 4940 ἐπὶ
3348 4886 3414 4954 τῇ
3453 4878 3592 4948 θυσίᾳ
3623 4868 3688 4924 καὶ
3712 4880 3772 4956 ιίείε

642 4982 789 5037 cium
822 4989 876 5037 et
917 4981 1244 5050 obsequium
1272 4979 1395 5033 ﬁdei
1419 4987 1637 5041 vestra),
1670 4954 1886 5049 gaudeo
1908 4987 1964 5033 et
1985 4995 2160 5048 congr;

2319 4979 2550 5050 τουργίᾳ
2595 4980 2692 5049 τῆς
2742 4980 2978 5041 πίστεως
3031 4978 3208 5049 ὑμῶν,
3262 4977 3436 5047 χαίρω
3472 4971 3556 5026 καὶ
3592 4969 3774 5030 συγχαίρω

643 5076 792 5131 tulor
807 5073 1063 5130 omnibus
1080 5073 1256 5126 vobis.
1288 5070 1529 5140 Idipsum
1556 5081 1738 5125 autem
1758 5079 1816 5125 et
1838 5087 1935 5127 vos
1966 5073 2161 5140 gaudet

2317 5073 2484 5124 πᾶσιν
2513 5072 2662 5142 ὑμῖν.
2695 5069 2767 5123 Τὸ
2805 5071 2861 5124 δὲ
2889 5071 3023 5125 αὐτὸ
3057 5072 3151 5123 καὶ
3177 5071 3334 5140 ὑμεῖς
3367 5067 3585 5139 χαίρετε,
3609 5055 3775 5110 tam?"

642 5176 697 5226 et
733 5165 1191 5240 congratulamini
1229 5163 1381 5217 mihi.
1414 5183 1432 5214 ι

2317 5163 2536 5235 χαίρετέ
2578 5181 2686 5233 μοι.
2737 5181 2754 5213 ι
3760 5225 3772 5238 .

722 5235 951 5311 Mortem
987 5269 1166 5320 suam,
1201 5252 1535 5308 sacrificium
1561 5261 1619 5308 et
1649 5253 1970 5310 libationcm
2002 5270 2221 5324 semper

2389 5254 2629 5325 Σπονδὴν
2666 5255 2754 5308 ἀεὶ
2782 5253 2872 5307 τὸν
2907 5253 3136 5308 θάνατον
3170 5251 3366 5308 ἐαυτοῦ
3405 5240 3660 5321 (Mannicii
3684 5235 3775 5289 ἐντῧ

643 5354 927 5416 nuncupat
959 5364 972 5399 :
1007 5341 1340 5413 perindeque
1372 5342 1612 5411 loquitur
1645 5344 1700 5396 in
1726 5343 1972 5414 Epistola
2008 5345 2075 5399 ad
2124 5343 2161 5396 T

2325 5343 2461 5414 πρὸς
2492 5343 2760 5414 Τιμόθεον
2785 5345 3015 5414 ὁμοίωςο
3059 5343 3200 5412 Ἐγὼ
3238 5343 3346 5415 γὰρ
3390 5342 3498 5409 ἤδη
3527 5327 3776 5416 σπέγὶᾳιίυ.

645 5414 924 5494 motheum
951 5455 964 5489 :
1001 5437 1110 5508 Ego
1131 5437 1271 5492 enim
1288 5436 1407 5505 jam
1433 5436 1656 5502 delibor,
1707 5437 1904 5506 inquit,
1939 5447 1990 5492 et
2017 5447 2163 5507 temp:

2324 5438 2422 5490 καὶ
2455 5440 2487 5491 ό
2517 5437 2720 5506 καιρὸς
2756 5437 2866 5504 τῆς
2898 5414 3252 5504 ἀναλύσεώς
3281 5456 3397 5506 μου
3427 5434 3653 5501 πάρεστι.
3675 5414 3778 5508 Λέγει

648 5527 984 5583 rcsolutionis
1014 5501 1142 5582 mea:
1184 5501 1348 5581 instat
1369 5527 1440 5579 ⁸⁷.
1474 5526 1566 5579 Ait
1601 5501 1798 5596 igitur,
1827 5527 1961 5582 Ecce
1993 5501 2160 5582 morio

2324 5527 2438 5592 οὖν,
2470 5527 2550 5580 ὅτι
2580 5528 2688 5581 Καὶ
2727 5528 3115 5596 ἀποθνήσκω,
3140 5531 3230 5581 καὶ
3262 5524 3482 5580 θάνατόν
3511 5535 3595 5589 μου
3619 5513 3778 5565 κατῖττ

653 5617 893 5688 mihique
941 5628 1171 5673 mortem
1221 5618 1529 5675 decernunt
1585 5618 1774 5673 hostes
1834 5619 2085 5675 veritatis
2147 5635 2171 5674 ο

2327 5621 2574 5692 φίζονται
2607 5622 2656 5674 οἱ
2702 5621 2797 5693 τῆς
2853 5619 3112 5692 ἀληθείας
3163 5620 3344 5692 ἐχθροὶ
3374 5614 3459 5670 διά
3489 5611 3542 5664 τδ
3582 5600 3777 5671 “lim”

734 5799 784 5837 ⁸³
806 5796 1034 5865 Luc.tx,
1058 5797 1146 5852 Μ.
1225 5799 1271 5831 ³⁸
1305 5796 1450 5854 Psal.
1488 5813 1562 5864 Iv,
1595 5798 1650 5854 7.
1739 5799 1784 5832 ’τ
1819 5797 1860 5854 ll
1895 5795 2039 5856 Tim.
2066 5817 2139 5863 tv,
2185 5801 2239 5858 6.
