4022 6436
126 386 235 449 869

1228 387 1307 447 IN
1349 384 1589 445 EPIST.
1631 384 1730 441 AD
1759 380 2325 441 PhlLi‘PPENSES.
3264 380 3368 439 870

130 507 226 576 οὐχ
262 507 343 559 ὅτι
372 504 667 575 λυποῦμαι,
702 502 838 557 ἀλλὰ
875 502 1048 574 χαίρω
1087 503 1311 574 σφόδρα.
1355 501 1565 557 Οὐκοῦν
1608 501 1698 554 καὶ

1805 495 2083 567 Evangelii
2142 497 2604 569 prazdicationem.
2672 493 2859 564 Neque
2939 494 3101 565 199
3162 494 3367 548 ideirco

129 598 285 652 αὐτοὶ
321 597 530 667 χαίρειν
559 595 819 666 ὀφείλετε.

208 792 227 825 ι
273 774 507 837 Ἐλπίζω
545 773 602 827 δὲ
637 776 696 826 ὲν
743 772 931 844 Κυρίῳ
968 772 1166 842 Ἰησοῦ,
1200 772 1465 842 Τιμόθεον
1493 771 1702 842 ταχέως

130 865 347 936 πέμψαι
405 866 551 935 ὑμῖν,
602 865 688 919 ίνα
741 863 895 933 κάγὼ
946 864 1184 935 εὐψυχῶ,
1236 866 1398 936 γνοὺς
1444 864 1513 917 τὰ
1570 865 1698 935 περὶ

132 958 308 1028 ὑμῶν.
346 978 366 1011 ι

204 1052 437 1121 Πέμπω,
495 1050 678 1121 φησὶν,
737 1049 866 1120 ὑμῖν
912 1049 1197 1120 Τιμόθεον,
1234 1049 1321 1104 ἵνα
1368 1049 1583 1103 ἁκούων
1633 1048 1702 1103 τὰ

128 1144 263 1213 περὶ
293 1143 465 1213 ὑμῶν,
506 1141 700 1211 χαίρω.
733 1142 844 1211 Οὐχ
882 1143 966 1195 ὅτι
994 1142 1209 1212 ἠγνόειο
1240 1142 1402 1205 αὐτὸς
1435 1143 1542 1213 γὰρ
1585 1141 1702 1194 ἔλε-

128 1250 227 1302 γεν
265 1235 602 1304 εὐχαριστεῖν
645 1234 785 1303 ὑπὲρ
824 1234 1000 1287 αὐτῶν
1044 1234 1167 1287 καθ’
1210 1235 1448 1305 ἑκάστην
1493 1234 1699 1305 δέησιν.

134 1325 205 1377 Τί
238 1326 332 1378 οὖν
360 1327 474 1378 ἐστι
504 1325 565 1377 τὸ
599 1326 808 1396 χαίρειν
842 1326 967 1395 περὶ
996 1325 1287 1395 Τιμοθέου,
1314 1326 1348 1397 ἢ
1385 1327 1467 1380 ὅτι
1507 1326 1702 1378 πεποίι-

126 1415 260 1470 Θασι
305 1418 397 1470 καὶ
431 1417 710 1489 χαίρουσιν
747 1418 838 1469 ἐπὶ
866 1420 977 1481 τοῖς
1003 1419 1220 1488 δεσμοῖς
1261 1420 1373 1482 τοῖς
1399 1418 1486 1472 διὰ
1513 1417 1573 1471 τὸ
1603 1417 1704 1488 κή-

127 1526 359 1581 ρυγμα;
385 1508 541 1563 τοῦτο
570 1510 680 1582 γὰρ
710 1511 892 1575 αὐτοῖς
919 1510 1014 1564 καὶ
1036 1512 1312 1583 παραινεῖ.

207 1797 228 1829 ι
268 1776 474 1831 Οὐδένα
516 1777 625 1846 γάρ
673 1776 781 1848 ἔχω
824 1777 1096 1849 ἰσόψυχον,
1146 1779 1294 1847 ὅστις
1344 1782 1583 1852 γνησίως
1632 1783 1702 1836 τὰ

1802 591 1975 654 doleo,
2012 591 2103 644 sed
2138 592 2425 645 admodum
2460 591 2687 660 gaudeo.
2712 587 2879 657 Igitur
2903 601 3000 641 vos
3030 602 3243 656 quoque
3271 588 3371 643 de-

1801 685 1941 738 betis
1978 684 2171 738 lauari.

1875 774 2035 829 Vens.
2073 774 2157 827 19.
2198 792 2216 823 ι
2252 773 2423 842 Spero
2452 782 2629 827 autem
2656 772 2708 826 in
2748 772 2977 827 Domino
3004 770 3153 835 Jesu,
3184 770 3373 825 Timo-

1801 864 1985 920 theum
2027 881 2113 919 me
2155 864 2268 918 cito
2308 864 2524 919 mittere
2571 863 2639 916 ad
2697 878 2816 928 vos,
2881 872 2939 916 ut
2993 872 3046 917 et
3087 877 3185 932 ego
3228 863 3373 916 bono

1802 958 1987 1011 animo
2017 960 2140 1021 sim,
2168 957 2405 1028 cognitis
2429 972 2548 1025 quae
2573 957 2719 1011 circa
2746 972 2842 1011 vos
2876 964 3024 1010 sunt.
3066 974 3085 1006 ι

1873 1049 2028 1104 Mitto
2068 1050 2133 1104 ad
2167 1066 2265 1103 vos
2293 1048 2667 1114 Timotheum,
2706 1050 2908 1119 inquit,
2951 1058 3008 1103 ut
3047 1046 3280 1101 audiens
3307 1063 3373 1101 ex

1802 1156 1869 1194 eo
1900 1157 2021 1210 quae
2052 1142 2197 1196 circa
2233 1156 2329 1195 vos
2364 1148 2664 1211 geruntur,
2727 1141 3013 1210 gaudeam.
3062 1138 3179 1193 Non
3225 1138 3373 1208 quod

1804 1232 1915 1298 ipse
1951 1234 2211 1295 nesciret,
2260 1232 2354 1302 qui
2400 1233 2456 1285 in
2505 1232 2756 1300 qualibet
2806 1231 3055 1286 oratione
3108 1245 3209 1284 sua
3267 1231 3375 1284 Deo

1800 1338 1901 1392 pro
1937 1323 2042 1376 illis
2072 1325 2280 1392 gratias
2308 1338 2471 1391 agere
2511 1338 2571 1378 se
2614 1323 2850 1377 dixerat.
2892 1323 3035 1388 Quid
3075 1338 3206 1393 ergo
3240 1322 3370 1377 illud

1801 1422 1904 1477 est,
1924 1414 2065 1485 quod
2101 1415 2167 1469 de
2192 1414 2479 1469 Timotheo
2514 1415 2768 1481 loquens,
2791 1429 2849 1468 se
2873 1416 3186 1484 gavisurum
3218 1413 3374 1473 dicit.

1801 1508 1907 1561 nisi
1932 1507 2063 1577 quia
2100 1516 2427 1577 accepturus
2457 1520 2597 1571 erat,
2631 1508 2703 1561 ob
2732 1524 2832 1562 sua
2867 1509 3084 1563 vincula
3118 1508 3373 1563 fiduciam

1801 1604 1857 1653 et
1892 1600 2219 1667 voluptatem
2269 1614 2364 1653 eos
2410 1599 2675 1654 sumere?
2729 1598 2810 1653 Ad
2868 1600 2971 1654 hoc
3022 1600 3168 1654 enim
3230 1600 3376 1669 ipsus

1801 1692 2076 1748 hortatur.

1872 1785 2036 1841 Vsus.
2066 1784 2253 1839 20-25.
2300 1803 2318 1836 ι
2352 1768 2640 1840 Neminem
2669 1792 2848 1839 autem
2886 1784 3061 1839 habeo
3090 1793 3197 1837 tam
3234 1798 3374 1837 una-

130 1869 260 1940 περὶ
301 1868 455 1938 ὑμῶν
497 1845 845 1938 μεριμνήσει.
881 1845 945 1920 Oi
984 1845 1183 1934 πάντες
1233 1845 1459 1941 γάρντά
1498 1872 1703 1925 ἑαυτῶν

1808 1876 2031 1942 nimum,
2060 1878 2155 1947 qui
2189 1879 2403 1933 sincera
2456 1878 2875 1948 aﬂ‘ectione‘pro
2911 1878 3069 1932 vobis
3100 1878 3377 1932 sollicitus

130 1959 411 2031 ζητοῦσιν,
442 1961 501 2012 οὐ
551 1959 621 2012 τὰ
666 1958 839 2028 Ἰησοῦ
886 1959 1145 2030 Χριστοῦ.
1201 1961 1313 2028 Τὴν
1360 1962 1417 2015 δὲ
1475 1963 1706 2035 δοκιμὴν

127 2050 295 2103 αὑτοῦ
324 2048 615 2116 γινώσκετε
637 2089 651 2110 ,
690 2049 770 2101 ὅτι
794 2047 868 2112 ὼς
892 2050 1057 2120 πατρῖ⁸
1087 2050 1273 2104 τέκνον
1298 2052 1393 2105 σὺν
1424 2054 1545 2123 ἐμοὶ⁸
1566 2054 1707 2108 ὲδούο

126 2140 323 2193 λευσεν
357 2140 435 2202 εἰς
489 2140 549 2193 τὸ
602 2140 946 2210 Εὑαγγέλιον.
988 2140 1186 2196 Τοῦτον
1232 2144 1331 2215 μὲν
1381 2141 1473 2200 οὖν
1505 2144 1706 2211 ἐλπίζω

126 2232 370 2301 πέμψαι.
423 2250 442 2283 ι

193 2322 375 2377 Τοῦτο
422 2324 675 2394 μέγιστον
715 2325 991 2397 ἐγκώμιον
1034 2329 1324 2399 Τιμοθέου,
1358 2330 1417 2383 τὸ
1455 2330 1704 2401 ἰσόψυχον

122 2431 271 2469 ειναι
322 2415 403 2485 τῷ
448 2416 787 2487 διδασκάλῳο
821 2418 937 2490 ἅμα
976 2419 1034 2472 δὲ
1080 2422 1177 2473 καὶ
1213 2423 1531 2493 προτροπῆς
1566 2424 1703 2489 ἐστι,

122 2510 218 2560 τὸν
253 2506 416 2559 αὑτὸν
440 2508 577 2577 μετὰ
599 2511 773 2580 χαρᾶς
796 2510 1217 2581 προσδέξασθαι,
1246 2512 1322 2577 ὡς
1349 2513 1511 2567 αὐτὸν
1539 2512 1706 2585 ὁρῶν-

122 2611 222 2659 τας
259 2596 351 2648 τὸν
395 2596 739 2652 ’Λπόστολον.

198 2705 219 2738 ι
272 2686 362 2749 Ὠς
390 2686 455 2740 ἂν
484 2686 658 2742 ἀπίδω
683 2688 753 2742 τὰ
781 2690 912 2762 περὶ
948 2692 1047 2762 ἐμὲ
1068 2692 1126 2759 ἐξ
1152 2692 1347 2762 αὐτῆς.
1380 2690 1623 2748 Πέποιθα
1648 2693 1707 2747 δὲ

126 2778 184 2830 ὲν
206 2778 430 2847 Κυρίῳ.

203 2868 305 2933 Ἐξ
343 2870 512 2940 αὐτῆς
552 2872 671 2941 μὲν,
722 2872 823 2942 τῆς
866 2875 1097 2943 κρίσεως
1151 2876 1316 2945 λέγει.
1377 2878 1434 2931 '0
1479 2878 1535 2932 δὲ
1584 2879 1706 2943 νοῦς

125 2956 322 3025 οὗτοςο
353 2963 569 3028 Σκοπῶ,
600 2966 783 3034 φησὶν,
830 2961 921 3021 οἷά
969 2986 1060 3039 μοι
1102 2970 1170 3023 τὰ
1220 2970 1347 3040 περὶ
1395 2970 1493 3043 τὴν
1525 2972 1706 3043 κρίσιν

124 3054 446 3124 γενήσεται,
478 3056 573 3107 καὶ
602 3054 773 3119 οὕτως
806 3056 935 3127 ὑμῖν
962 3060 1126 3112 αὑτὸν
1156 3059 1491 3115 ἀποστέλλω.

201 3164 222 3197 ι
264 3146 392 3198 Ὅτι
423 3146 517 3199 καὶ
542 3147 702 3210 αὐτὸς
732 3150 943 3218 ταχέως
963 3149 1255 3221 ἐλεύσομαι
1293 3169 1311 3202 ι

194 3232 363 3289 Οἶδεν
385 3237 473 3289 διὰ
498 3239 591 3291 τοῦ
618 3240 953 3310 Πνεύματος,
989 3242 1172 3296 ὃτιτὰ
1199 3243 1326 3312 περὶ¹
1357 3242 1453 3312 τὴν
1480 3244 1703 3315 πρώτην

124 3326 299 3380 αὑτοῦ
343 3329 641 3396 ἀπολογίαν
675 3330 827 3383 ἔσται
869 3332 1045 3404 ῥᾴδια,
1093 3334 1187 3386 καὶ
1228 3332 1578 3400 διελεύσεται,
1610 3333 1705 3387 καὶ

120 3424 219 3476 τὸν
246 3424 506 3487 θάνατον,
544 3426 638 3478 καὶ
671 3425 739 3478 τὰ
760 3426 967 3498 δεσμά·
1001 3428 1093 3481 καὶ
1130 3429 1213 3481 ὅτι
1253 3428 1426 3493 οὕτως
1468 3429 1702 3499 ἐγένετο,

119 3514 404 3583 ἐδήλωσεν
434 3516 490 3568 ἐν
518 3519 583 3588 τῇ
613 3516 748 3588 πρὸς
769 3517 1029 3589 Τιμόθεον
1050 3519 1240 3587 εἰπὼν,
1274 3522 1375 3576 Ἑν
1402 3522 1477 3591 τῇ
1506 3521 1705 3590 πρώτῃ

114 3626 239 3676 μου
274 3608 580 3679 ἀπολογίᾳ
611 3610 809 3679 οὐδείς
836 3624 936 3682 μοι
966 3615 1257 3684 παρέστη,
1282 3616 1443 3669 ἀλλὰ
1485 3614 1708 3680 πάντες

113 3718 192 3769 με
223 3700 652 3771 ἐγκατέλιπον.
711 3706 774 3759 '0
814 3706 880 3759 δὲ
904 3708 1121 3775 Κύριός
1150 3726 1254 3777 μοι
1289 3707 1580 3778 παρέστη,
1608 3707 1708 3761 καὶ

116 3793 442 3862 ἐρῤύσθην
466 3795 535 3849 ἐκ
563 3796 858 3866 στόματος
890 3798 1149 3867 λέοντος.

195 3902 217 3935 ι
293 3885 625 3952 Ἀναγκαῖον
676 3886 734 3940 δὲ
786 3888 1081 3960 ἡγησάμην
1150 3890 1537 3962 Ἐπαφρόδιτον
1611 3893 1704 3946 τὸν

115 3974 383 4044 ἀδελφὸν,
421 3978 515 4029 καὶ
546 3976 828 4048 συνεργὸν,
850 3980 944 4032 καὶ
970 3981 1382 4053 συστρατιώτην
1405 3999 1530 4053 μου,
1555 3983 1709 4055 ὑμῶν

115 4072 176 4123 δὲ
209 4073 548 4138 ἀπόστολον,
581 4075 675 4128 καὶ
701 4076 1009 4147 λειτουργὸν
1034 4079 1133 4147 τῆς
1168 4080 1357 4150 χρείας
1394 4094 1520 4150 μου,
1560 4081 1704 4150 πέμ-

112 4161 217 4229 ψαι
255 4163 409 4234 πρὸς
443 4164 587 4235 ὑμᾶς
609 4203 625 4230 ,
660 4166 849 4235 ἐπειδὴ
893 4168 1169 4223 ἐπιποθῶν
1213 4166 1281 4242 ἦν
1332 4171 1535 4235 πάντας
1566 4172 1710 4242 ὑμᾶς

115 4258 276 4310 ἰδεῖν.
325 4275 348 4309 ι

184 4348 443 4419 Μεγάλη
492 4350 752 4415 σύστασις
812 4354 942 4424 περὶ
987 4355 1217 4408 ἑκάστου
1269 4353 1376 4408 τῶν
1428 4353 1706 4425 μαθητῶν,

106 4442 253 4493 ὅπου
310 4457 385 4509 γε
425 4441 813 4513 Ἐπαφρόδιτον
861 4445 959 4513 μὲν
993 4448 1293 4515 συνεργὸν
1320 4444 1418 4499 καί
1447 4462 1711 4514 συστρα-

106 4534 354 4600 τιώτην
385 4533 558 4602 λέγει,
586 4535 848 4605 Τιμόθεον
870 4536 926 4590 δὲ
954 4538 1287 4607 ὁμόψυχον.

184 4712 311 4765 Καὶ
337 4709 653 4780 ἀδημονῶν,
685 4710 818 4765 διότι
850 4712 1118 4781 ἠκούσατε
1159 4714 1238 4765 ὅτι
1281 4712 1566 4785 ἠσθένησε.
1602 4716 1711 4768 Καὶ

101 4805 220 4873 γὰρ
259 4802 551 4873 ἠσθένησε
572 4804 951 4874 παραπλήσιον
976 4805 1212 4875 θανάτῳ,
1236 4805 1369 4859 ἀλλὰ
1396 4806 1526 4870 Θεὸς
1550 4808 1712 4861 αὐτὸν

102 4894 371 4965 ἡλέησεν
405 4905 420 4924 ⁸
448 4894 551 4947 οὐκ
571 4895 734 4949 αὑτὸν
759 4896 816 4948 δὲ
856 4897 1037 4968 μόνον,
1067 4897 1203 4951 ἀλλὰ
1229 4899 1320 4951 καὶ
1344 4898 1465 4968 ἐμέ.
1515 4919 1532 4952 ι

186 5173 257 5227 Ὀ
308 5170 722 5242 Ἐπαφρόδιτος
766 5172 943 5243 θλίψιν
981 5173 1049 5246 ἦν
1084 5175 1385 5246 ὑπομείνας
1429 5180 1486 5231 ἐν
1533 5179 1715 5233 Φιλίπ-

1806 1968 1900 2023 sit.
1934 1965 2133 2023 Oumes
2160 1970 2305 2023 enim
2345 1984 2468 2037 qua:
2497 1985 2593 2025 sua
2620 1978 2747 2024 sunt
2778 1978 3058 2038 quierunt,
3105 1983 3212 2022 non
3254 1983 3379 2037 quae

1804 2058 1935 2116 Jesu
1968 2059 2195 2115 Christi.
2238 2059 2683 2130 Experimentum
2715 2061 2836 2130 ejus
2869 2060 3205 2129 COgnoscite,
3252 2063 3377 2127 quia

1807 2153 1953 2207 sicut
1990 2154 2128 2223 patri
2186 2152 2360 2217 filius,
2412 2168 2625 2208 mecum
2678 2152 2905 2207 servivit
2955 2153 3009 2205 in
3059 2152 3376 2223 Evangelio.

1805 2225 1961 2299 Hunc
1984 2245 2151 2316 igitur
2185 2260 2347 2313 spero
2372 2260 2456 2299 me
2487 2246 2730 2299 mittere.
2767 2262 2786 2297 ι

1875 2336 2069 2406 Magna
2103 2337 2222 2390 laus
2272 2334 2566 2400 Timothei,
2618 2336 2765 2405 quod
2822 2333 3101 2387 unanimis
3150 2332 3223 2387 sit
3265 2346 3381 2385 ma-

1805 2425 1981 2497 gistro
2013 2443 2026 2479 :
2060 2424 2157 2480 sed
2197 2426 2424 2493 insuper
2452 2424 2553 2478 hac
2585 2438 2682 2478 eos
2722 2422 2936 2477 ratione
2977 2424 3190 2485 invitat,
3224 2431 3280 2475 ut
3316 2421 3382 2474 il-

1806 2517 1919 2571 lum
1943 2531 2067 2569 cum
2091 2515 2291 2586 gaudio
2308 2514 2616 2584 excipiant,
2641 2529 2706 2568 ac
2736 2514 2781 2568 si
2816 2514 3117 2582 ipsummet
3147 2512 3382 2582 Aposto-

1804 2607 1915 2663 lnm
1941 2617 2250 2661 cernerent.

1881 2714 1901 2749 ι
1942 2696 2062 2750 Mox
2110 2706 2170 2749 ut
2207 2695 2397 2749 videro
2439 2710 2560 2764 qua:
2600 2695 2747 2749 circa
2785 2709 2869 2749 me
2926 2702 3057 2748 sunt
3118 2708 3185 2748 ex
3238 2694 3378 2764 ipsa.

1806 2788 1998 2861 [Vsns.
2026 2787 2141 2861 24.]
2176 2788 2407 2843 Confido
2439 2799 2618 2842 autem
2664 2789 2716 2841 iu
2756 2788 3006 2841 Domino.
3039 2806 3057 2838 ι

1876 2882 1953 2936 Ex
1979 2882 2098 2951 ipsa
2132 2881 2349 2949 quidem
2382 2880 2676 2945 sententia,
2730 2880 2931 2949 inquit.
2971 2881 3151 2948 Atque
3181 2879 3269 2933 hic
3296 2886 3383 2933 est

1806 2989 2001 3031 sensus
2049 2992 2063 3030 :
2107 2974 2380 3045 Exspecto
2418 2989 2538 3044 qua:
2592 2974 2726 3028 mihi
2781 2975 2891 3029 sint
2946 2991 3009 3029 eo
3068 2977 3122 3028 in
3168 2973 3382 3044 judicio

1805 3078 2091 3129 eventura,
2123 3076 2349 3135 tumque
2382 3068 2534 3120 illum
2571 3066 2639 3119 ad
2664 3080 2762 3121 vos
2791 3067 3027 3120 mittam.

1733 3185 1777 3244 α
1881 3177 1900 3209 ι
1944 3159 2212 3225 Quoniam
2245 3168 2299 3212 et
2336 3158 2448 3227 ipse
2479 3157 2692 3211 veniam
2727 3157 2861 3210 cito.
2898 3177 2917 3210 ι

1879 3249 1981 3305 Per
2007 3250 2273 3319 Spiritum
2303 3258 2531 3303 noverat
2558 3256 2756 3303 cuncta
2790 3250 2893 3303 sibi
2944 3248 3063 3303 fore
3117 3249 3303 3319 pervia
3330 3255 3385 3302 et

1811 3339 1993 3395 facilia
2024 3339 2076 3395 in
2102 3337 2294 3409 prium
2317 3339 2409 3392 illa
2434 3337 2758 3393 defensione
2788 3354 2911 3403 sua,
2950 3356 3119 3409 seque
3144 3355 3173 3392 a
3208 3348 3383 3394 morte

1810 3440 1865 3487 et
1889 3432 2119 3486 vinculis
2154 3432 2517 3486 liberandum.
2550 3432 2728 3502 Atque
2782 3448 2895 3485 rem
2947 3431 3023 3485 ita
3058 3432 3379 3503 contigisse,

1811 3527 1929 3594 ipse
1959 3524 2257 3579 declaravit
2284 3524 2339 3578 in
2374 3524 2621 3593 Epistola
2650 3523 2718 3576 ad
2746 3524 3093 3577 Timotheum
3132 3526 3216 3578 his
3251 3541 3380 3579 ver-

1812 3617 1896 3671 bis
1930 3635 1943 3670 :
1978 3613 2044 3668 In
2070 3615 2242 3682 prima
2275 3630 2389 3667 mea
2418 3614 2716 3681 defensione
2748 3630 2897 3667 nemo
2923 3615 3050 3666 mihi
3070 3614 3266 3681 adfuit,
3293 3615 3381 3667 sed

1812 3723 1986 3761 omnes
2016 3723 2097 3759 me
2130 3706 2537 3775 dereliquerunt.
2567 3705 2820 3759 Dominus
2844 3715 3017 3759 autem
3042 3708 3379 3771 miliiastitit,

1811 3810 1861 3856 et
1889 3799 2140 3854 liberatus
2164 3814 2280 3853 sum
2298 3801 2360 3852 de
2386 3815 2474 3852 ore
2505 3798 2668 3851 leonis
2691 3797 2758 3851 ⁸⁸.

1882 3890 2045 3945 Vsus.
2078 3889 2168 3956 25,
2204 3890 2294 3944 26.
2334 3910 2353 3942 ι
2393 3890 2779 3945 Necessarium
2838 3897 3020 3943 autem
3068 3890 3381 3944 existimavi

1812 3982 2250 4054 Epaphroditum
2288 3983 2538 4045 fratrem,
2573 3992 2626 4037 et
2670 3992 3105 4051 cooperatorem,
3139 3990 3193 4036 et
3233 3997 3385 4036 com-

1814 4075 2118 4129 militonem
2175 4090 2392 4139 meum;
2447 4084 2692 4127 vestrum
2740 4083 2922 4128 autem
2956 4074 3291 4144 apostolum,
3329 4082 3384 4127 et

1814 4166 2127 4222 ministrum
2188 4165 2539 4220 necessitatis
2596 4180 2763 4231 meae,
2825 4166 3041 4219 mittere
3103 4165 3172 4219 ad
3230 4180 3381 4220 vos:

1813 4260 2071 4329 quoniam
2104 4257 2322 4326 quidem
2357 4272 2549 4311 omnes
2592 4273 2685 4311 vus
2732 4256 3077 4311 desiderabat
3110 4258 3313 4312 videre.
3358 4277 3377 4310 ι

1884 4346 2075 4417 Magna
2136 4346 2251 4401 hzec
2326 4346 2731 4401 commendatio
2796 4355 2883 4401 est
2943 4347 3385 4418 uniuscujusque

1815 4438 2232 4508 discipulorum,
2264 4428 2390 4491 dum
2423 4437 2855 4509 Epaphroditum
2882 4439 3100 4504 quidem
3128 4456 3384 4508 coopera-

1740 4545 1784 4599 υ
1821 4538 1983 4582 torem
2015 4539 2061 4582 et
2090 4529 2494 4583 commilitonem
2520 4538 2697 4597 vocat,
2728 4526 3070 4582 Timotheum
3102 4544 3231 4584 vero
3249 4547 3385 4585 una-

1810 4639 2022 4677 mmem.

1888 4733 1905 4765 ι
1939 4713 2003 4767 Et
2036 4722 2263 4768 maestus
2290 4721 2429 4771 erat,
2470 4722 2759 4783 propterea
2801 4711 2948 4779 quod
2989 4711 3288 4768 audieratis
3322 4714 3385 4767 il-

1812 4806 1922 4859 lum
1958 4805 2314 4859 infirmatum.
2373 4802 2563 4875 [Vt-ms.
2608 4802 2728 4875 27.]
2788 4802 2924 4857 Nam
2978 4813 3032 4858 et
3074 4805 3385 4859 infirmatus

1816 4905 1903 4950 est
1960 4910 2133 4963 usque
2190 4896 2255 4947 ad
2316 4905 2586 4960 mortem;
2646 4895 2740 4949 sed
2795 4893 2939 4950 Deus
2983 4900 3247 4950 misertus
3303 4906 3384 4950 est

1814 4992 1933 5059 ejus
1978 5010 1992 5045 :
2044 5006 2155 5045 non
2212 4990 2390 5046 solum
2448 5002 2629 5044 autem
2670 4989 2830 5059 ejus,
2883 5006 3071 5045 verum
3116 4990 3277 5045 etiam
3330 4999 3385 5043 et

1809 5086 1937 5142 mei.
1972 5103 1989 5136 ι

1884 5174 2286 5246 Epaphroditus
2314 5175 2445 5228 dure
2471 5172 2735 5245 Philippis
2767 5175 2991 5230 habitus
3008 5182 3125 5230 erat
3148 5184 3371 5244 propter

98 5283 235 5329 ποις
254 5265 366 5319 διὰ
399 5264 461 5316 τὸ
488 5265 771 5335 κήρυγμα,
801 5269 893 5320 καὶ
920 5268 1210 5338 τοσαύτην,
1245 5269 1320 5332 ῶς
1350 5270 1443 5323 καὶ
1472 5272 1577 5323 άπδ
1607 5272 1705 5325 τῶι

1813 5268 2188 5337 Evangelium,
2242 5274 2562 5335 tantumque
2593 5266 2770 5321 fuerat
2804 5275 3054 5329 vexatus,
3089 5277 3149 5319 ut
3194 5281 3261 5319 ex
3293 5265 3386 5317 do-

97 5357 319 5410 παθῶν
375 5346 458 5406 ὧν
493 5354 685 5418 ἔπαθε,
725 5357 947 5427 νοσῆσαι
974 5360 1072 5429 τὴν
1125 5361 1203 5423 είς
1254 5360 1482 5414 θάνατον
1528 5362 1705 5414 νόσον“

1814 5361 2024 5416 loribus
2054 5373 2191 5426 quos
2220 5356 2532 5427 pertulerat,
2558 5358 2622 5411 ad
2654 5370 2881 5411 mortem
2914 5373 3087 5427 usque
3118 5362 3383 5426 aegrotas-

93 5450 179 5502 Οὐ
223 5448 424 5519 μόνος
456 5445 514 5497 δὲ
543 5448 703 5509 αὐτὸς
722 5448 998 5520 ὲλιθάσθη,
1026 5450 1159 5504 ἀλλὰ
1189 5452 1283 5505 καὶ
1311 5455 1339 5506 ὁ
1382 5453 1705 5517 Ἀπὸστολος

1820 5460 1920 5505 set.
1964 5448 2147 5518 Neque
2178 5460 2305 5501 vero
2332 5446 2421 5501 ille
2454 5449 2605 5503 solus
2650 5448 2921 5516 lapidibus
2956 5450 3152 5518 petitus
3182 5448 3381 5513 fuerat,

91 5544 213 5597 Καὶ
243 5539 445 5595 τοῦτο
489 5539 725 5613 ὲδή>ωσε
766 5543 993 5611 γράφων
1030 5542 1518 5599 Θεσσα).ονικεῦσι⁶
1545 5546 1705 5601 Αὐτοὶ

1823 5543 1916 5599 sed
1946 5541 2109 5597 etiam
2140 5539 2456 5608 Apostolus.
2489 5539 2543 5595 Id
2572 5542 2715 5607 quod
2744 5542 3073 5612 significavit
3103 5541 3171 5595 ad
3202 5538 3377 5595 Thes-

89 5635 215 5704 γὰρ
275 5630 535 5695 οἴδατε,
584 5633 770 5701 φησὶν,
819 5635 1107 5705 ἀγαπητοί
1142 5637 1255 5707 τὴν
1293 5637 1535 5694 εἴσοδον
1559 5639 1705 5710 ὑμῶν

1822 5634 2194 5695 salonicenses
2227 5631 2301 5686 ita
2332 5633 2578 5691 scribens
2610 5654 2623 5691 :
2654 5634 2794 5690 Nam
2817 5634 2917 5705 ipsi
2948 5635 3119 5701 scitis,
3158 5634 3379 5704 fratres,

172 5816 227 5848 ³⁸
264 5811 320 5867 ΙΙ
359 5808 520 5867 Tim.
560 5813 748 5878 ιγ,16.
