4022 6412
212 392 307 454 873

1267 334 1355 447 [ιι
1384 334 1624 446 must.
1656 383 1754 441 AD
1786 380 2361 446 PIIILIPPENSES.

3357 395 3461 459 874

211 509 308 576 γάρ
330 502 463 576 ἡμῖν
494 503 691 557 δέδωκε
722 504 783 557 τὸ
814 502 1038 573 Πνεῦμα
1080 501 1175 557 τοῦ
1205 502 1344 556 Θεοῦ
1376 503 1577 563 ποιεῖν,
1618 499 1713 553 καὶ
1741 497 1771 565 ἡ

1882 497 2209 563 putavimus.
2266 498 2379 555 Hoc
2413 501 2558 556 enim
2595 510 2655 557 ut
2702 502 3034 573 faceremus,
3083 507 3323 578 Spiritus
3363 508 3461 570 Dei

211 595 468 668 καύχησις
494 596 527 665 ή
555 597 634 659 είς
658 594 752 650 τὸν
787 595 1043 667 Χριστόν.

275 787 293 819 ι
328 767 493 832 Eiet;
511 768 659 822 δοκεῖ
681 768 840 831 ἄλλος
871 769 1187 824 πεποιθέναι
1214 772 1273 822 ὲν
1304 771 1490 841 σαρκὶ,
1512 771 1623 839 ἐγὼ
1647 772 1779 843 μᾶλ-

208 859 309 913 λον.
338 859 616 931 Περιτομὴ
655 860 1017 932 ὀκταήμερος,
1064 864 1127 915 ὲκ
1174 862 1366 930 γένους
1402 863 1640 933 Ἰσραὴλ,
1676 881 1780 932 φυ-

208 949 294 1020 λῆς
346 950 628 1020 Βενιαμὶν,
690 948 939 1021 Ἑϐραῖος
988 951 1046 1019 ἐξ
1106 952 1396 1024 Ἐϐραίων,
1432 955 1572 1007 κατὰ
1614 954 1780 1024 νόμον

206 1042 506 1113 Φαρισαῖος,
540 1043 681 1097 κατὰ
703 1043 863 1114 ζῆλον
889 1043 1101 1098 διώκων
1129 1046 1226 1117 τὴν
1263 1046 1610 1118 Ἐκκλησίαν,
1637 1046 1781 1101 κατὰ

207 1132 545 1205 δικαιοσύνην
569 1134 666 1206 τὴν
694 1139 752 1190 ἐν
778 1137 928 1207 νόμῳ
964 1138 1254 1208 γενόμενος
1280 1139 1594 1210 ἄμεμπτος.
1635 1140 1778 1193 Ἀλλ’

207 1226 354 1281 ἅτινα
384 1221 453 1297 ἦν
485 1244 576 1291 μοι
606 1227 797 1299 κέρδη,
830 1229 1003 1283 ταῦτα
1035 1230 1252 1301 ἥγημαι
1284 1229 1373 1285 διά
1411 1232 1505 1285 τὸν
1542 1231 1778 1302 Χριστὸν

207 1318 421 1389 ζημίαν.
477 1318 639 1373 Ἀλλά
672 1320 772 1390 μὲν
815 1319 911 1375 οὖν
957 1322 1052 1377 καὶ
1084 1322 1327 1393 ἠγοῦμαι
1357 1324 1536 1376 πάντα
1571 1323 1775 1391 ζημίαν

204 1407 332 1463 εἶναι
360 1410 449 1464 διὰ
480 1412 540 1465 τὸ
567 1412 834 1483 ὑπερέχον
869 1416 971 1485 τῆς
1011 1413 1268 1483 γνώσεως
1316 1416 1554 1487 Χριστοῦ
1599 1415 1776 1487 Ἰησοῦ

206 1502 292 1556 τοῦ
329 1503 540 1575 Κυρίου
591 1521 731 1574 μουο
772 1504 838 1559 δι’
872 1506 931 1559 δν
973 1505 1043 1559 τὰ
1072 1508 1251 1561 πάντα
1297 1506 1636 1579 ἐζημιώθην,
1681 1508 1778 1561 καὶ

203 1597 440 1667 ἠγοῦμαι
483 1597 730 1652 σκύϐαλα
775 1595 937 1665 εἶναι,
966 1602 1055 1655 ἶνα
1088 1601 1323 1673 Χριστὸν
1379 1600 1630 1673 κερδήσω
1679 1602 1776 1655 καὶ

201 1688 405 1760 εὑρεθῶ
433 1692 490 1744 ὲν
518 1690 671 1762 αὑτῷ
707 1691 782 1763 μὴ
813 1692 951 1764 ἔχων
970 1694 1318 1763 δικαιοσύνην
1353 1695 1452 1765 τὴν
1483 1696 1549 1747 ὲκ
1582 1693 1773 1763 νόμου,

201 1781 332 1836 ἀλλὰ
357 1782 456 1855 τὴν
484 1783 571 1839 διά
597 1784 835 1851 πίστεως
860 1786 1118 1859 Χριστοῦ,
1164 1787 1263 1859 τὴν
1302 1789 1368 1841 ἐκ
1397 1786 1533 1841 Θεοῦ
1563 1786 1767 1841 δικαιοι

204 1889 385 1944 συνην.
436 1892 456 1927 ι

273 2136 490 2207 Ἐπειδὴ
528 2136 670 2206 μέγα
709 2138 969 2209 ἐφρόνουν
1013 2140 1062 2192 οί
1101 2138 1195 2193 τοῦ
1226 2140 1559 2211 γράμματος
1593 2143 1770 2213 κήρυ-

196 2244 311 2289 κες,
359 2225 452 2278 ἐπί
498 2242 559 2279 τε
606 2228 875 2298 περιτομῇ
935 2227 1031 2279 καὶ
1078 2225 1227 2294 γένει
1274 2225 1350 2297 τῷ
1406 2227 1465 2294 ἐξ
1528 2226 1768 2299 Ἰσραὴλ,

195 2316 382 2371 τούτου
421 2316 581 2388 χάριν
611 2318 696 2385 ἐφ’
736 2315 930 2371 ἑαυτοῦ
966 2318 1098 2371 αὐτὸ
1136 2317 1428 2383 ὲξουθενεῖ.
1478 2318 1611 2372 Τότε
1660 2321 1771 2391 γάρ

195 2406 401 2477 ἀληθὴς
432 2409 465 2478 ή
495 2407 866 2473 ὲξουδένωσις,
895 2407 993 2477 οὐχ
1024 2408 1153 2461 ὅταν
1195 2408 1269 2478 μὴ
1306 2407 1449 2479 σχών
1476 2425 1562 2472 τις
1603 2425 1771 2463 καταο

196 2500 353 2552 πτύει
385 2494 462 2552 ὧν
495 2499 627 2569 ἔχει,
663 2498 777 2553 ἀλλ’
805 2501 934 2553 ὅταν
964 2498 1129 2569 ἔχων,
1166 2500 1341 2570 μικρὰ
1369 2500 1510 2554 αὑτά
1544 2500 1768 2572 ἡγῆται,

194 2595 282 2645 καὶ
318 2592 774 2662 εὐκαταφρόνητα
806 2594 873 2662 τῇ
920 2591 1029 2644 τῶν
1062 2590 1325 2662 μειζόνων
1357 2592 1452 2647 καὶ
1492 2593 1771 2664 ὑπερϐαλ-

195 2684 393 2739 λόντων
436 2684 670 2756 εὑρέσει.
716 2684 881 2751 Λέγει
929 2679 1043 2750 οῦν,
1080 2686 1161 2737 ὅτι
1196 2683 1379 2738 Πάντα
1420 2684 1598 2738 αὐτῶν
1628 2685 1772 2756 σχὼν

194 2779 257 2831 τά
294 2776 494 2847 σεμνὰ,
529 2776 624 2831 καὶ
654 2776 920 2848 τοσαύτην
965 2778 1022 2830 ὲν
1064 2779 1179 2841 τοῖς
1222 2780 1469 2847 νομικοῖς
1500 2778 1773 2843 ἐπιδειξά-

199 2888 356 2940 μενος
386 2870 754 2940 δικαιοσύνην,
790 2870 923 2940 ὅσην
950 2870 1051 2922 οὑκ
1093 2868 1251 2932 ἄλλος
1280 2886 1384 2933 τις,
1424 2869 1603 2923 πάντα
1633 2868 1774 2939 ἥγη-

198 2981 288 3033 μαι
320 2961 534 3032 ζημίαν
558 2961 654 3015 καὶ
684 2961 949 3024 σκύϐαλα,
979 2959 1284 3031 ὑπερϐολῆς
1308 2977 1454 3024 τινος
1479 2958 1647 3028 οῦσης
1670 2959 1770 3027 τῆς

196 3054 332 3108 κατά
373 3053 606 3125 Χριστὸν
635 3051 928 3116 πολιτείας.
963 3051 1209 3123 Τοσαύτη
1258 3054 1315 3106 δέ
1341 3052 1490 3105 ἐστιν
1521 3052 1554 3122 ὴ
1596 3052 1768 3121 ὑπερ-

193 3147 360 3219 ϐολὴ,
410 3145 552 3200 ὥστε
615 3146 846 3218 εῦχομαι
906 3144 1179 3217 μηδεμίαν
1235 3144 1525 3215 εὑρεθῆναι
1579 3142 1770 3213 ἔχοντα

194 3238 430 3308 ἐμαυτὸν
478 3237 705 3310 νομικὴν
743 3237 1112 3309 δικαιοσύνην,
1145 3237 1231 3291 ἵνα
1273 3237 1373 3308 τὴν
1413 3238 1478 3289 ὲκ
1505 3234 1642 3289 Θεοῦ
1689 3235 1771 3288 δι-

193 3328 490 3401 καιοσύνην
542 3330 810 3401 κερδήσω.
870 3328 1009 3401 Ὅρα
1058 3330 1177 3389 πῶς
1221 3329 1318 3399 τὴν
1355 3328 1453 3398 μὲν
1493 3328 1559 3381 ὲκ
1607 3326 1774 3396 νόμου

191 3421 540 3493 δικαιοσύνην
587 3422 777 3476 ἑαυτοῦ
804 3438 957 3492 φησι,
996 3421 1095 3492 τὴν
1129 3420 1185 3474 δὲ
1211 3418 1591 3489 εύαγγελικὴν,
1639 3417 1774 3471 Θεοῦ

189 3510 572 3582 δικαιοσύνην,
609 3510 695 3564 ἴνα
734 3510 986 3564 τοσοῦτον
1032 3507 1420 3584 ᾗάμφοτέρων
1468 3508 1532 3561 τὸ
1585 3507 1773 3578 μέσον,

190 3604 307 3656 ὅσον
350 3602 649 3675 ἀνθρώπου
674 3603 766 3657 καὶ
797 3602 952 3657 Θεοῦ.

258 3927 279 3961 ι
335 3908 472 3964 Ἐπὶ
505 3911 570 3980 τῇ
605 3907 785 3961 πίστει
817 3909 910 3961 τοῦ
942 3901 1146 3977 γνῶναι
1192 3908 1374 3969 αὑτὸν,
1411 3907 1503 3960 καὶ
1548 3907 1650 3977 τὴν
1678 3907 1772 3961 δύ-

186 4016 349 4070 ναμιν
382 3998 487 4068 τῆς
507 3999 857 4061 ἀναστάσεως
884 3997 1073 4063 αὑτοῦ,
1100 3998 1195 4051 καὶ
1225 3999 1326 4066 τὴν
1355 3998 1642 4051 κοινωνίαν
1666 3996 1773 4049 τών

188 4091 536 4163 παθημάτων
565 4089 753 4151 αὑτοῦ,
805 4091 1299 4162 συμμορφούμενος
1328 4090 1405 4161 τῷ
1440 4090 1654 4160 θανάτῳ
1683 4090 1774 4143 αύ-

184 4184 300 4250 τοῦ,
348 4184 411 4238 εῐ
458 4201 573 4248 πως
620 4184 949 4256 καταντήσω
999 4185 1076 4247 είς
1121 4183 1217 4254 τὴν
1258 4182 1613 4248 ἐξανάστασιν
1666 4182 1773 4236 τών

187 4272 443 4344 νεκρῶν
471 4272 569 4341 οὑχ
600 4272 681 4325 ὃτι
722 4272 822 4344 ήδη
884 4271 1097 4335 ἔλαϐον,
1146 4273 1179 4343 ἢ
1230 4271 1331 4344 ήδη
1379 4272 1769 4342 τετελείωμαι·

186 4363 375 4418 διώκω
419 4363 474 4417 δὲ
511 4365 559 4417 εί
599 4364 693 4418 καὶ
721 4363 1047 4429 καταλάϐω,
1091 4364 1177 4431 ἐφ’
1223 4357 1268 4431 ᾧ
1303 4365 1394 4416 καλ⁸
1425 4363 1773 4434 κατελήφθην

184 4455 288 4508 ὑπὸ
311 4454 413 4509 τοῦ
441 4455 697 4527 Χριστοῦ.
751 4473 769 4507 ι

1881 590 2157 669 concessit
2188 592 2349 649 nobis
2376 633 2392 655 ,
2430 604 2484 650 ct
2532 594 2648 652 haec
2702 598 2876 669 gloria
2925 600 2992 654 ad
3050 599 3334 658 Christum
3368 621 3460 661 re-

1883 681 2079 738 l'ertur.

1956 789 1975 822 ι
2008 769 2063 826 Si
2114 773 2241 840 quis
2269 775 2413 831 alios
2462 777 2677 832 videtur
2729 779 3010 836 conlidere
3055 782 3110 836 in
3144 798 3332 848 carne,
3360 801 3462 857 ego

1880 862 2075 932 magis.
2127 862 2319 935 [Vens
2364 864 2506 939 5-9.]
2564 867 2937 925 Circumcisus
2988 880 3188 927 octavo
3225 874 3333 937 die,
3396 890 3463 932 ex

1881 968 2081 1023 genere
2108 952 2302 1023 israel,
2337 957 2405 1014 de
2452 960 2595 1029 tribu
2626 962 2931 1033 Beujamin,
2969 964 3231 1023 Hehrteus
3258 982 3323 1022 ex
3360 966 3463 1022 lle-

1879 1042 2080 1111 liraeis,
2135 1047 2440 1102 secundum
2514 1036 2686 1121 legem
2746 1053 3095 1121 Pharisacus,
3155 1058 3460 1112 secundum

1878 1134 2286 1189 aemulationem
2346 1152 2683 1209 persequens
2729 1139 3031 1198 Ecclesiam
3087 1146 3201 1213 Dei,
3257 1161 3464 1202 secun-

1879 1221 2011 1277 dum
2038 1223 2309 1294 justitiam
2351 1242 2474 1298 quae
2530 1231 2582 1284 in
2615 1230 2732 1300 lege
2788 1244 2892 1300 est,
2947 1246 3308 1291 conversatus
3340 1236 3462 1291 sine

1879 1320 2128 1385 querela.
2171 1316 2277 1375 Sed
2310 1336 2433 1389 qum
2481 1325 2615 1379 mihi
2657 1324 2878 1381 fuerunt
2932 1328 3115 1391 lucra,
3154 1328 3269 1382 haec
3316 1330 3463 1383 arbi-

1881 1418 2058 1464 tratus
2094 1425 2215 1465 sum
2247 1422 2476 1483 propter
2519 1416 2799 1471 Christum
2834 1418 3183 1475 detrimenta.
3222 1417 3460 1475 Verum-

1879 1510 2060 1556 tamen
2084 1503 2341 1559 existimo
2374 1508 2561 1561 omnia
2600 1508 2991 1564 detrimentum
3043 1527 3187 1576 esse,
3236 1519 3461 1583 propter

1877 1593 2210 1649 eminentem
2252 1596 2541 1652 scientiam
2599 1598 2807 1655 Christi
2859 1600 2985 1657 Jesu
3049 1601 3269 1658 Domini
3331 1606 3459 1671 mei,

1878 1695 2099 1753 propter
2136 1702 2298 1757 quem
2353 1690 2539 1744 omnia
2595 1689 2985 1747 detrimentum
3022 1692 3158 1758 l‘eci,
3207 1706 3263 1749 et
3314 1696 3462 1750 arbi-

1880 1786 1998 1830 tror
2056 1776 2213 1850 201
2260 1788 2318 1834 ut
2367 1791 2631 1848 stercora,
2664 1793 2725 1837 ut
2761 1783 3042 1840 Christum
3101 1786 3460 1851 lucrifaciam.

1878 1876 1933 1922 et
1964 1869 2211 1925 inveniar
2234 1873 2287 1926 in
2308 1871 2405 1928 illo
2435 1889 2543 1929 non
2578 1875 2784 1931 habens
2810 1875 3077 1945 justitiam
3109 1889 3230 1947 qua:
3259 1893 3323 1933 ex
3347 1877 3462 1948 lege

1879 1967 1983 2025 est,
2025 1961 2120 2015 sed
2150 1961 2295 2016 illam
2321 1978 2441 2033 quae
2469 1979 2535 2020 ex
2572 1964 2676 2020 [ide
2713 1972 2796 2021 est
2825 1964 3053 2032 Christi,
3086 1982 3206 2039 qua:
3237 1981 3302 2022 ex
3349 1966 3461 2024 Deo

1876 2061 1981 2120 est,
2007 2052 2298 2123 justitiam.
2335 2074 2354 2107 ι

1950 2160 2092 2229 Quia
2123 2161 2605 2220 commendatores
2632 2164 2769 2236 legis
2805 2166 3144 2228 insolentius
3165 2172 3440 2232 eﬂ‘ereban
3555 2214 3557 2216 -

1881 2264 1993 2319 tur,
2020 2263 2135 2309 tum
2173 2255 2245 2309 ob
2276 2255 2788 2323 circumcisionem,
2843 2269 2957 2316 tum
3000 2264 3073 2320 ob
3110 2281 3287 2337 genus
3314 2270 3458 2338 quod

1880 2363 1945 2401 ex
1976 2346 2151 2402 lsrael
2197 2348 2496 2413 ducebant.
2533 2350 2743 2406 idcirco
2795 2352 2911 2409 haec
2942 2356 2997 2410 in
3030 2371 3090 2411 se
3118 2357 3416 2415 ﬂoccil‘aeit
3443 2380 3457 2416 :

1881 2449 1996 2491 tum
2032 2438 2241 2509 quippe
2286 2454 2416 2493 vera
2458 2441 2544 2495 sui
2584 2445 2910 2512 aspernatio
2951 2454 3059 2512 est,
3094 2464 3202 2503 non
3236 2451 3460 2520 quando

1879 2529 2029 2595 quis,
2056 2542 2181 2581 cum
2218 2528 2359 2582 nihil
2414 2528 2636 2597 habeat,
2691 2548 2755 2587 ea
2807 2538 3020 2606 respuit
3066 2554 3190 2609 quae
3221 2556 3329 2597 non
3359 2543 3458 2597 ha-

1882 2618 1996 2683 bet,
2034 2618 2132 2674 sed
2166 2620 2391 2689 quando
2420 2637 2542 2692 qua:
2582 2622 2767 2690 habet,
2802 2626 2931 2681 vilia
2964 2637 3021 2683 et
3065 2634 3457 2702 contemptibi-

1881 2711 1953 2764 lia
1986 2710 2162 2775 ducit,
2206 2727 2273 2766 ex
2340 2729 2451 2783 quo
2511 2715 2725 2786 majora
2769 2726 2826 2773 et
2858 2720 3063 2775 eximia
3120 2735 3319 2780 nactus
3349 2734 3457 2783 est.

1880 2805 1971 2857 Ait
1996 2819 2128 2875 ergo
2159 2803 2439 2862 :Tametsi
2478 2822 2828 2880 quacunque
2876 2813 3020 2882 apud
3073 2815 3202 2872 illos
3230 2834 3458 2875 venera-

1880 2894 2015 2949 tioni
2049 2904 2198 2963 sunt,
2232 2896 2423 2964 habui,
2473 2909 2531 2955 et
2563 2908 2774 2956 tantam
2827 2902 2880 2957 in
2912 2904 2979 2960 iis
3022 2921 3145 2976 qua:
3167 2907 3287 2978 lege
3313 2926 3459 2980 prae-

1884 2987 2214 3042 scribuutur
2246 2989 2528 3058 justitiam
2576 2995 2817 3063 praetuli,
2859 3007 3124 3066 quantam
3164 3001 3353 3058 nullus
3379 3002 3457 3056 ale

1882 3087 1986 3143 ter,
2021 3080 2393 3140 nihilominus
2442 3083 2698 3140 universa
2749 3086 2863 3141 haec
2907 3088 3246 3147 detrimento
3297 3094 3456 3160 duxi,

1799 3192 1843 3252 ο
1879 3182 1933 3227 et
1956 3173 2123 3228 veluti
2156 3182 2426 3240 stercora,
2459 3191 2587 3231 cum
2631 3178 2888 3235 instituta
2922 3196 2950 3234 a
2979 3181 3204 3239 Christo
3235 3185 3458 3244 vivendi

1882 3266 2023 3321 ratio
2050 3267 2213 3336 plane
2249 3269 2321 3324 sit
2348 3271 2727 3326 excellentior.
2757 3272 2923 3344 Atqui
2966 3281 3119 3331 tanta
3166 3276 3333 3348 hujus
3362 3295 3457 3335 cx-

1879 3360 2205 3428 superantia
2247 3369 2358 3425 est,
2402 3370 2462 3417 ut
2502 3364 2823 3435 percupiam
2851 3366 3059 3420 nullam
3094 3368 3149 3422 iu
3182 3386 3269 3426 me
3305 3386 3458 3442 repe-

1877 3449 1975 3503 riri
2029 3450 2302 3520 justitiam
2359 3455 2664 3508 secundum
2731 3456 2929 3526 legem,
2997 3474 3112 3528 quo
3176 3460 3457 3530 justitiam

1877 3557 2000 3611 ηοω
2034 3559 2098 3598 ex
2132 3542 2245 3599 Deo
2269 3553 2378 3608 est,
2409 3546 2777 3601 lucrifaciam.
2814 3546 2953 3603 Vide
2984 3553 3263 3619 quomodo
3295 3566 3455 3609 suam

1877 3650 2001 3691 esse
2041 3635 2274 3706 legalem
2324 3637 2599 3707 justitiam
2641 3638 2819 3706 dicit;
2873 3643 3247 3711 evangelicam
3298 3661 3453 3710 vero,

1877 3724 1973 3781 Dei
1998 3726 2275 3795 justitiam
2330 3738 2638 3800 nuncupat,
2698 3739 2758 3785 ut
2786 3740 2938 3787 tanta
2969 3733 3116 3788 inter
3163 3742 3457 3807 utramque

1876 3815 2143 3871 distantia
2177 3818 2270 3884 sit,
2298 3830 2507 3888 quanta
2536 3821 2685 3875 inter
2727 3820 2897 3876 Deum
2929 3830 2987 3878 et
3012 3822 3315 3881 hominem.

1955 3927 1974 3958 ε
2012 3908 2069 3962 1η
2105 3908 2232 3975 ﬁde,
2292 3907 2483 3981 [Vens
2538 3910 2733 3983 1042]
2783 3912 2853 3966 ad
2902 3916 3351 3984 cognoscendum
3392 3918 3457 3972 il-

1877 4001 2013 4066 lum,
2048 4009 2102 4056 et
2133 4001 2395 4057 virtutem
2454 4005 2885 4060 resurrectionis
2939 4005 3082 4075 ejus,
3118 4016 3176 4063 et
3208 4008 3456 4064 societa-

1877 4101 1985 4147 tem
2023 4094 2348 4162 passionum
2385 4093 2560 4161 illius,
2593 4096 2973 4166 conﬁguratus
3012 4099 3174 4153 morti
3210 4099 3370 4167 ejus;
3405 4102 3454 4156 si

1875 4199 1988 4252 quo
2030 4183 2194 4238 modo
2239 4198 2531 4239 occurram
2590 4188 2646 4241 in
2690 4190 3153 4245 resurrectionem
3202 4204 3458 4247 mortuo-

1876 4291 1997 4330 rum
2026 4294 2039 4331 :
2072 4291 2181 4331 non
2214 4277 2359 4346 quod
2388 4278 2502 4346 jam
2536 4280 2872 4347 acceperim,
2904 4288 2999 4334 aut
3027 4281 3141 4350 jam
3174 4281 3454 4351 perfectus

1876 4367 2022 4434 sim;
2060 4380 2264 4438 sequor
2304 4376 2509 4434 autem,
2552 4370 2600 4425 si
2651 4371 2929 4439 quomodo
2962 4371 3452 4441 comprehendam,

1878 4456 1932 4510 in
1960 4470 2070 4525 quo
2099 4466 2152 4512 et
2183 4459 2621 4528 comprehensus
2653 4476 2775 4514 sum
2803 4476 2833 4513 a
2866 4461 3112 4517 Christo.
3145 4482 3164 4515 ι

249 4521 518 4601 Διδάσκει
549 4547 635 4608 τίς
681 4548 716 4617 ή
751 4548 818 4601 ὲκ
854 4546 990 4600 Θεοῦ
1036 4546 1351 4617 δικαιοσύνη
1374 4561 1387 4576 °
1430 4549 1464 4617 ή
1501 4547 1684 4611 πίστις
1733 4550 1767 4619 ἠ

1952 4521 2121 4601 Docet
2146 4564 2267 4618 qua:
2315 4521 2399 4603 -sit
2432 4550 2651 4617 justitia
2693 4549 2813 4613 Dei,
2851 4566 3084 4622 eamque
3130 4568 3257 4609 esse
3294 4552 3454 4610 {idem

182 4641 261 4703 είς
304 4639 570 4710 Χριστὸν,
602 4639 699 4693 καὶ
732 4640 764 4709 ή
814 4639 1016 4708 γνῶσις
1050 4641 1148 4709 τῆς
1192 4639 1544 4703 ἀναστάσεως
1576 4641 1766 4706 αὑτοῦ,

182 4734 276 4785 καὶ
319 4733 357 4803 ἡ
395 4731 657 4785 κοινωνία
685 4730 794 4785 τών
824 4731 1165 4802 παθημάτων
1207 4730 1395 4785 αὑτοῦ.
1445 4731 1634 4786 Ταῦτα
1659 4732 1770 4803 γὰρ

183 4825 239 4875 ὲν
264 4824 400 4899 ξμοὶ
428 4823 741 4893 εὑρεθέντα,
772 4828 924 4893 φησι,
956 4823 1293 4892 καταντῆσαι
1320 4825 1538 4895 ποιήσει
1563 4826 1642 4887 εἰς
1670 4823 1768 4895 τὴν

177 4916 492 4969 ἀνάστασιν
520 4913 616 4986 τὴν
650 4917 713 4969 ὲκ
760 4915 866 4967 τῶν
894 4916 1125 4985 νεκρῶν.
1162 4916 1273 4984 Οὐχ
1308 4915 1493 4978 ἁπλῶς
1534 4916 1593 4969 δὲ
1622 4910 1765 4978 είπε,

176 5004 567 5071 καταντήσω,
610 5006 767 5065 ἀλλὰ.
806 5005 862 5059 sl
904 5020 1029 5072 πως
1067 5007 1442 5073 καταντήσω.
1485 5006 1766 5060 Δείκνυσιν

172 5098 256 5150 ὅτι
294 5097 396 5151 καὶ
443 5096 544 5167 ήδη
578 5099 689 5159 τοῖς
722 5092 948 5149 λαϐοῦσι
991 5095 1090 5164 τῆς
1135 5097 1389 5164 γνώσεως
1417 5097 1479 5149 τὺ
1517 5094 1767 5166 χάρισμα

173 5190 271 5243 καὶ
296 5188 419 5242 τῶν
461 5186 801 5257 παθημάτων
826 5188 925 5258 τὴν
969 5188 1277 5247 κοινωνίαν,
1310 5185 1513 5256 πολλῆς
1540 5185 1643 5255 τῆς
1667 5186 1765 5255 νή-

170 5276 327 5346 ψεως
361 5276 548 5347 χρεία,
579 5277 663 5329 ἶνα
696 5275 772 5348 μὴ
811 5276 849 5330 ἃ
876 5275 1071 5330 ἔλαϐον
1099 5273 1434 5330 ἀπολέσωσι.
1473 5275 1582 5329 Καὶ
1607 5275 1767 5329 τοῦτο

171 5370 238 5421 ὲκ
270 5368 396 5421 τῶν
429 5367 555 5437 ἑξῆς
587 5366 767 5437 δῆλον.
793 5369 917 5437 Οὐχ
947 5367 1037 5421 ὅτι
1060 5365 1170 5435 γὰρ
1197 5364 1315 5435 ἤδη
1338 5365 1580 5443 ἔλαϐον,
1609 5369 1763 5435 φησι,

172 5458 272 5511 καὶ
299 5458 377 5526 δὴ
408 5456 537 5528 περὶ
575 5457 668 5510 τοῦ
694 5457 885 5520 τέλους
905 5457 1093 5529 θαρρῶ
1118 5472 1132 5487 ⁸
1159 5455 1295 5511 ἀλλὰ
1321 5457 1525 5519 διώκω,
1553 5457 1642 5510 ἴνα
1674 5458 1769 5510 καί⁹

171 5547 506 5603 καταλάϐω.
554 5550 620 5601 Τί
665 5549 743 5613 δὲ,
798 5549 885 5601 ἵνα
932 5547 1239 5621 καταλάϐῃ,
1282 5547 1316 5619 ἢ
1360 5547 1518 5601 τοῦτο
1562 5548 1624 5601 τὸ
1669 5548 1770 5618 χάσ

174 5656 366 5712 ρισμα
421 5640 501 5703 είς
548 5639 577 5693 ὃ
620 5641 713 5693 καὶ
753 5638 1065 5710 κατελήφθη
1101 5638 1207 5693 ὑπὸ
1237 5640 1514 5711 Χριστοῦ;
1556 5640 1615 5691 ὲν
1659 5642 1768 5694 τίνι

170 5732 231 5785 δὲ
264 5731 623 5802 κατελήφθη,
659 5732 691 5803 ἢ
725 5733 792 5802 τῇ
832 5732 1159 5796 άναστάσει;
1200 5726 1296 5794 Ei;
1330 5732 1437 5802 γὰρ
1464 5731 1605 5803 ὑπὲρ
1633 5731 1771 5786 πάν-

174 5838 293 5876 των
332 5821 632 5886 ἀπέθανεν,
664 5823 750 5875 ἵνα
781 5823 983 5885 πάντες
1015 5822 1291 5893 ζήσωμεν.
1336 5822 1504 5886 ⁸ιδόϐος
1539 5818 1633 5877 οῦν
1670 5822 1771 5891 μὲ-

516 5915 788 5977 Ριτιιοι..
819 5915 937 5974 (ia.
979 5914 1152 5977 XCV.

1879 4638 1933 4691 in
1958 4636 2267 4703 Christum,
2306 4649 2362 4694 et
2406 4640 2785 4709 cognitionem
2832 4645 3263 4701 resurrectionis
3308 4644 3452 4716 ejus,

1877 4729 2311 4799 societatemque
2336 4731 2660 4799 passionum
2699 4731 2876 4786 illius.
2910 4730 3056 4799 Haec,
3093 4735 3289 4805 inquit.
3326 4750 3453 4791 cum

1878 4818 1932 4871 in
1967 4831 2057 4873 me
2082 4819 2455 4887 reperiantur,
2497 4818 2737 4875 eiicient
2770 4823 2831 4875 ut
2862 4836 3149 4878 occurram
3181 4824 3238 4879 in
3274 4840 3454 4880 resur-

1875 4905 2184 4962 rectionem
2233 4921 2299 4962 εκ
2379 4908 2636 4963 mortuis.
2702 4908 2819 4963 Non
2879 4917 3065 4964 autem
3126 4910 3453 4982 simpliciter

1875 4999 2036 5064 dixit,
2061 5014 2364 5064 occurram,
2390 4998 2510 5062 sed,
2539 5001 2585 5053 si
2610 5001 2871 5070 quomodo
2905 5014 3208 5067 occurram,
3250 5011 3449 5058 osten-

1875 5092 2066 5160 ditque
2093 5106 2191 5149 eos
2242 5092 2336 5162 qui
2394 5092 2598 5147 donum
2647 5094 3003 5164 cognitionis,
3042 5102 3097 5149 et
3126 5093 3449 5165 passionum

1876 5184 2197 5240 societatem
2230 5199 2514 5256 accepere,
2563 5186 2755 5241 multis
2798 5187 3003 5256 vigiliis
3048 5198 3187 5257 opus
3224 5185 3448 5252 habere,

1875 5292 1945 5331 ne
1974 5290 2038 5330 ea
2066 5278 2322 5332 amittant
2352 5290 2475 5348 quae
2504 5286 2860 5349 acceperunt.
2890 5275 3064 5346 idque
3094 5275 3449 5332 manifestum

1877 5365 1937 5420 lit
1975 5380 2040 5422 ex
2072 5365 2143 5421 iis
2183 5382 2307 5436 quae
2337 5375 2652 5439 sequuntur
2683 5387 2700 5424 :
2735 5364 2860 5423 Non
2903 5365 3042 5439 quod
3071 5367 3191 5437 jam
3233 5371 3448 5435 accepe—

1876 5459 2001 5524 rim,
2050 5459 2255 5530 inquit.
2309 5458 2449 5515 Cum
2492 5460 2639 5516 enim
2682 5466 2889 5516 certam
2944 5460 3011 5515 de
3047 5456 3155 5513 line
3191 5454 3450 5513 ﬁduciam

1876 5551 2129 5615 habeam,
2163 5559 2407 5609 attamen
2447 5566 2756 5625 persequor
2790 5560 2851 5608 ut
2905 5562 2963 5608 et
3006 5552 3163 5607 illum
3196 5562 3451 5621 compre-

1874 5643 2135 5699 hendam.
2191 5644 2469 5712 Quidnam
2523 5662 2678 5711 vero,
2739 5656 2799 5701 ut
2844 5642 3303 5716 comprehendat,
3337 5640 3449 5701 nisi

1880 5733 2013 5789 illud
2063 5734 2266 5790 donum
2336 5737 2499 5807 cujus
2555 5738 2735 5807 gratia
2801 5735 3238 5806 comprehensus
3285 5740 3373 5789 est
3415 5747 3451 5787 α

1879 5825 2141 5883 Christo?
2172 5827 2225 5882 in
2250 5843 2361 5899 quo
2403 5836 2585 5885 autem
2615 5828 3052 5900 comprehensus
3091 5834 3203 5895 est,
3239 5823 3347 5882 nisi
3389 5823 3447 5878 in

3040 5917 3124 5989 28
