3844 6408
503 357 613 421 875

1715 352 1776 411 S.
1815 349 2132 412 JOANNIS
2170 351 2586 417 DAMASCENI
2619 305 2638 320 ⁸
3601 355 3679 414 δῖε

503 467 944 526 resurrectione?
969 465 1130 522 Unus
1165 464 1364 534 quippe
1395 477 1496 533 pro
1532 462 1793 518 omnibus
1814 470 2066 516 mortuus

2215 482 2264 526 ις
2296 467 2427 536 ἡμῖν
2465 467 2560 519 καὶ
2589 465 2818 532 ἀγωνία,
2871 467 3082 535 μήποτε
3118 465 3214 518 καὶ
3259 464 3582 526 ἀναστάντες,
3613 467 3682 516 ἀν-

504 570 611 626 est,
643 568 703 615 ut
733 573 924 614 omnes
959 557 1232 611 vivamus.
1263 555 1432 610 Nobis
1460 570 1591 623 ergo
1635 555 1801 609 timor
1833 568 2071 624 magnus

2215 550 2312 614 ξιοι
2357 553 2670 622 εὑρεθῶμεν
2711 553 2805 606 τοῦ
2837 553 3261 624 ἀναστήσαντος,
3293 555 3386 606 καὶ
3418 553 3682 621 ἀκούσωμεν

503 663 558 708 et
587 653 835 706 anxietas
867 647 1158 710 incumbit,
1208 662 1275 701 ne
1307 645 1360 699 in
1404 644 1815 701 resurrectione
1853 643 2068 713 indigni

2215 643 2254 710 5,
2286 646 2407 699 Οὐκ
2436 645 2568 700 οῖδα
2601 644 2777 715 ὑμᾶς.

507 742 853 796 inveniamur
909 738 1004 792 illo
1043 737 1136 806 qui
1180 750 1279 789 nos
1324 735 1639 800 suscitavit,
1693 735 1911 804 hocque
1937 749 2059 788 ver-

510 833 639 886 bum
667 832 955 886 audiamus
982 847 994 882 :
1034 826 1227 880 Nescio
1254 842 1339 879 vos
1377 827 1442 880 ⁶².

580 920 747 976 Vens.
782 921 871 986 15,
914 919 997 973 14.
1049 936 1067 969 ι
1106 916 1348 981 Fratres,
1378 932 1479 988 ego
1525 931 1612 971 me
1657 930 1767 970 non
1821 913 2068 969 arbitror

515 1010 1026 1082 comprehendisse.
1071 1027 1090 1060 ι

584 1099 779 1156 Adhuc
821 1116 854 1154 α
896 1103 1081 1174 seipso
1123 1100 1510 1157 demissionem
1560 1096 1757 1152 mentis
1797 1094 1908 1150 illis
1941 1108 2070 1149 sua-

2251 922 2269 954 ι
2327 902 2591 971 Ἀδελφοὶ,
2633 901 2743 971 ἐγὼ
2789 901 3026 973 ἐμαυτὸν
3056 903 3210 957 οὔπω
3241 903 3514 974 λογίζομαι
3549 922 3694 958 κατει-

2174 993 2420 1063 ληφέναι.
2466 1012 2486 1044 ι

2249 1086 2369 1139 Ἔτι
2401 1084 2485 1153 ἐφ’
2517 1084 2710 1138 ἑαυτοῦ
2740 1086 2838 1156 τὴν
2864 1085 3364 1157 ταπεινοφροσύνην
3400 1086 3568 1148 aurai;
3611 1087 3698 1138 εἰσ-

516 1192 648 1256 det;
714 1206 781 1246 eo
819 1194 993 1263 magis
1048 1194 1211 1248 etiam
1273 1192 1403 1262 quia
1458 1204 1565 1244 non
1594 1187 1816 1259 expedit
1853 1185 2073 1242 beatum

2215 1180 2407 1245 γεῖται,
2440 1177 2614 1241 ἄλλως
2645 1195 2704 1231 τε
2732 1178 2828 1231 καὶ
2865 1179 3054 1250 ἐπειδὴ
3098 1179 3160 1232 οὐ
3196 1179 3276 1232 δεῖ
3302 1180 3606 1249 μακαρίζειν
3628 1179 3702 1231 ἀνα

515 1282 748 1349 aliquem
809 1280 992 1336 dicere
1049 1288 1174 1336 ante
1223 1289 1450 1335 mortem
1515 1279 1582 1330 ⁸⁸.
1637 1275 1890 1342 Quandiu
1944 1288 2077 1344 ergo

515 1371 832 1426 certaminis
869 1381 1082 1441 tempus
1118 1371 1380 1437 instabat,
1421 1368 1661 1424 nondum
1705 1367 2070 1436 comprehen-

516 1459 691 1517 derat.

589 1566 607 1598 ι
644 1546 825 1602 Unum
862 1557 1064 1614 autem,
1095 1563 1217 1618 quae
1257 1547 1476 1619 quidem
1524 1554 1673 1602 retro
1713 1552 1841 1599 sunt
1877 1542 2078 1598 oblivi-

517 1652 699 1703 scens,
735 1638 802 1692 ad
833 1654 895 1693 ea
933 1654 1064 1694 vero
1094 1655 1213 1708 quae
1242 1647 1370 1694 sunt
1406 1639 1590 1708 priora
1613 1635 1915 1692 extendens
1966 1648 2078 1688 me-

519 1728 728 1796 ipsum,
767 1727 832 1781 ad
875 1728 1210 1782 destinatum
1246 1741 1572 1796 persequor,
1603 1725 1669 1779 ad
1701 1723 1952 1779 bravium
1981 1737 2078 1779 su-

519 1833 700 1888 pernae
726 1819 1035 1872 vocationis
1065 1817 1160 1872 Dei
1191 1819 1244 1872 in
1273 1816 1494 1872 Christo
1520 1814 1674 1870 Jesu.
1705 1832 1723 1865 ›

587 1909 756 1964 Docet
783 1924 892 1978 quo
935 1917 1094 1978 pacto
1143 1908 1343 1977 aliquis
1394 1904 1862 1975 comprehendere
1890 1910 2075 1972 queat.

518 1998 641 2064 Quo
672 2013 827 2060 vero,
859 1998 964 2053 nisi
1014 2013 1203 2052 eorum
1251 2012 1370 2067 quae
1418 2005 1568 2052 retro
1611 2003 1741 2050 sunt
1785 1993 2081 2048 oblivisca-

519 2089 654 2143 tur?
701 2087 932 2143 dicendo
993 2099 1198 2154 autem,
1266 2104 1383 2157 qua:
1433 2097 1573 2142 retro
1615 2095 1759 2149 sunt,
1799 2083 2079 2153 intelligit,

519 2179 679 2248 202
702 2179 784 2233 vel
821 2179 959 2248 legis
1005 2179 1237 2242 cultum,
1275 2178 1360 2233 vel
1409 2177 1577 2232 vitam
1613 2189 1830 2230 omnem
1884 2187 2080 2227 corru-

2179 1267 2390 1337 θρωπον
2425 1266 2532 1338 πρὸ
2558 1267 2833 1337 τελευτῆς.
2869 1268 3013 1329 Ἕως
3040 1263 3133 1322 οὖν
3171 1269 3199 1321 ὁ
3229 1269 3438 1336 ἀγῶνος
3482 1268 3701 1337 ἐνέστηκε

2178 1359 2387 1431 καιρὸς,
2411 1359 2562 1413 οῦπω
2594 1361 2941 1432 κατείληφεν.

2257 1557 2275 1589 ι
2325 1539 2419 1592 Ἓν
2447 1539 2524 1600 δὲ,
2558 1537 2628 1590 τὰ
2661 1538 2757 1608 μὲν
2792 1535 2965 1589 ὀπίσω
3008 1521 3517 1604 ἐπιλανθανόμενος,
3549 1535 3643 1594 τοῖς
3663 1532 3708 1583 δὲ
3749 1541 3756 1548 ’

2181 1629 2486 1702 ἔμπροσθεν
2513 1630 2982 1699 ἐπεκτεινόμενος,
3013 1628 3153 1680 κατά
3184 1628 3384 1680 σκοπὸν
3427 1625 3615 1689 διώκω,
3640 1626 3707 1676 ἐπὶ

2180 1723 2241 1775 τὸ
2280 1722 2526 1793 βραϐεῖον
2559 1722 2657 1791 τῆς
2687 1722 2799 1776 ἀνω
2831 1721 3076 1790 κλήσεως
3118 1718 3210 1771 τοῦ
3251 1717 3387 1770 Θεοῦ
3433 1718 3491 1769 ἐν
3529 1715 3711 1785 Χριστῷ

2110 1832 2155 1891 Β
2194 1813 2388 1880 Ἰησοῦ.
2440 1833 2459 1864 ι

2249 1904 2498 1958 Διδάσκει
2543 1901 2658 1964 πῶς
2689 1901 2755 1956 ἀν
2802 1918 2884 1962 τις
2928 1898 3250 1953 καταλάϐοι·
3279 1898 3374 1950 καὶ
3421 1896 3594 1965 πῶςῆ
3632 1896 3712 1946 τῶν

2179 1997 2355 2050 ὀπίσω
2387 1994 2900 2065 ὲπιλανθανόμενοςς
2950 1993 3172 2046 Ὀπίσω
3201 1992 3281 2052 δὲ,
3322 1991 3355 2060 ἢ
3387 1990 3488 2058 τὴν
3525 1988 3713 2058 νομικὴν

2180 2088 2434 2158 λατρείαν
2465 2087 2648 2156 φησὶν,
2679 2085 2715 2155 ἢ
2745 2086 2836 2138 καὶ
2869 2085 3049 2139 πάντα
3091 2083 3181 2135 τὸν
3223 2081 3564 2152 ἐφθαρμένον
3606 2080 3712 2147 βίον.

2180 2175 2242 2234 οὗ
2282 2181 2362 2233 δεῖ
2402 2179 2888 2247 ἐπιλανθανόμενον
2939 2179 3050 2239 τοῖς
3091 2174 3399 2245 ἔμπροσθεν
3445 2170 3714 2224 ὲπεκτείνε·

519 2279 701 2338 ptam:
756 2269 914 2338 cujus
951 2269 1032 2323 sic
1078 2268 1328 2324 oblivisci
1383 2267 1567 2331 debet,
1623 2274 1682 2320 ut
1734 2265 1798 2318 ad
1853 2279 1917 2319 ea
1963 2277 2079 2332 qua!

2218 2270 2325 2333 θαι,
2377 2270 2574 2340 δηλαδὴ
2616 2270 2714 2340 τὴν
2758 2265 3117 2336 εὐαγγελικὴν
3163 2266 3441 2318 πολιτείαν
3494 2263 3714 2333 μετέρχε-

520 2353 704 2421 priora
741 2362 890 2416 sunt,
933 2369 1055 2410 sese
1109 2354 1387 2420 extendat,
1429 2353 1547 2409 sive
1597 2352 1966 2423 evangelicam
2011 2351 2084 2403 vi-

2185 2361 2328 2416 σθαι.
2377 2362 2529 2414 Οῦτω
2557 2361 2665 2431 γὰρ
2693 2360 2866 2430 μόνως
2890 2358 3004 2411 ἔστι
3031 2360 3212 2427 τυχεῖν
3239 2356 3334 2411 τοῦ
3371 2354 3614 2426 βραϐείου
3639 2355 3718 2420 τῆς

521 2445 680 2499 vendi
710 2446 976 2501 rationem
1012 2456 1388 2516 persequatur.
1433 2445 1544 2500 Hoc
1577 2446 1778 2515 quippe
1820 2443 2079 2497 duntaxat

2215 2469 2295 2505 ,νω
2326 2452 2592 2522 κλήσεως.

522 2539 682 2592 modo
739 2553 992 2608 supernae
1031 2538 1337 2593 vocationis
1391 2538 1640 2593 hravium
1693 2535 1929 2592 obtineri
1983 2548 2083 2603 po-

519 2636 646 2682 test.

592 2717 762 2774 Vsns.
818 2719 906 2774 55.
967 2738 986 2772 ι
1041 2719 1374 2790 Quicunque
1417 2733 1548 2791 ergo
1601 2717 1828 2790 perfecti
1867 2731 2084 2778 sumus.

521 2805 626 2860 hoc
653 2807 981 2863 sentiamus.
1010 2826 1029 2859 ι

592 2895 730 2951 Vide
750 2912 973 2952 rursum
1002 2897 1360 2954 demissionis
1383 2898 1920 2955 immoderationem.
1963 2898 2080 2955 Non

521 2985 662 3040 dixit
689 3005 702 3040 :
726 2987 951 3040 omnino
979 3002 1202 3042 necesse
1253 2998 1338 3044 est
1383 2997 1440 3043 ut
1472 2989 1548 3042 ita
1582 2991 1899 3060 sapiamus;
1949 2989 2042 3044 sed
2071 3029 2085 3054 ,

520 3086 739 3147 oportet
777 3086 838 3131 ut
862 3078 956 3147 qui
992 3076 1226 3148 perfecti
1257 3085 1385 3133 sunt
1431 3078 1511 3133 sic
1561 3079 1797 3148 sapiant.
1827 3079 2079 3146 [Quinam

2261 2743 2280 2775 ι
2329 2724 2482 2777 Ὅσοι
2509 2719 2602 2776 οὖν
2627 2723 2846 2786 τέλειοι,
2877 2721 3033 2774 τοῦτο
3079 2721 3390 2793 φρονῶμεν.
3439 2740 3456 2770 ι

2260 2900 2400 2970 Ὅρα
2440 2897 2600 2950 πάλιν
2642 2897 2944 2967 ὑπερϐολὴν
2972 2895 3495 2966 ταπεινοφροσύνης.
3526 2895 3594 2947 Οὔ
3636 2895 3723 2961 γὰρ

2189 2987 2360 3056 εἶπεν,
2396 2992 2478 3043 ὅτι
2509 2989 2694 3052 ἀπλῶς
2741 2988 2883 3042 οὕτω
2923 2989 3005 3042 δεῖ
3055 2992 3290 3058 φρονεῖν,
3326 2988 3463 3041 ἀλλά
3505 2989 3622 3048 τοὺς
3659 3002 3725 3035 τε·

2188 3083 2362 3146 λείους
2403 3082 2545 3134 οῦτω
2587 3081 2669 3134 δεῖ
2698 3083 2935 3150 φρονεῖν.
2960 3079 3114 3132 Οὕτω
3145 3081 3220 3146 δὲ,
3251 3079 3368 3142 πῶς
3389 3120 3403 3144 ,
3447 3079 3479 3148 ἦ
3515 3079 3573 3130 τὸ
3599 3077 3726 3130 οῦς-,ω

520 3183 652 3221 vero
686 3167 871 3222 istud?
909 3167 1015 3222 nisi
1066 3168 1435 3223 existimando
1477 3184 1536 3224 se
1567 3171 1808 3224 nondum
1839 3185 2079 3240 compre-

2215 3177 2415 3238 ηαυτοὺς
2454 3173 2761 3242 λογίζεσθαι
2788 3173 3220 3242 κατειληφότας;
3262 3172 3372 3225 Καὶ
3404 3173 3453 3223 εί
3488 3172 3533 3223 οἱ
3561 3171 3726 3222 τέλειαι

522 3258 805 3312 hendisse.
846 3255 1003 3323 Quod
1035 3257 1080 3312 si
1141 3258 1229 3325 qui
1276 3258 1505 3326 perfecti
1561 3268 1712 3325 sunt,
1754 3260 1831 3313 ita
1865 3275 2079 3330 compa-

2219 3269 2380 3332 ῦτως,
2405 3269 2453 3320 οί
2479 3268 2557 3337 μὴ
2577 3265 2829 3330 τοιοῦτοι,
2857 3264 2972 3327 πῶς
3001 3265 3224 3326 ἑαυτοὺς
3250 3263 3520 3332 ὀφείλουσι
3550 3260 3731 3331 λογίζε-

523 3347 632 3404 rati
659 3361 782 3402 esse
804 3346 1090 3417 iubentur,
1143 3349 1274 3419 quid
1305 3350 1372 3404 de
1401 3365 1461 3405 se
1487 3351 1693 3406 sentire
1726 3351 1946 3414 debent,
1984 3352 2078 3422 qui

523 3454 633 3494 non
665 3445 798 3494 sunt
818 3439 1131 3508 ejusmodi?

599 3545 619 3579 ι
656 3527 790 3583 Etsi
826 3529 976 3610 quid
1030 3529 1191 3584 aliter
1240 3528 1460 3600 sapitis,
1509 3539 1566 3586 et
1616 3530 1722 3587 hoc
1756 3530 1913 3588 vobis
1945 3530 2088 3586 Deus

521 3621 810 3676 revelabit.
846 3639 867 3672 ι

593 3731 692 3787 Sin
754 3745 908 3796 vero,
972 3732 1171 3802 inquit,
1221 3747 1332 3788 non
1385 3749 1452 3790 co
1486 3748 1598 3805 quo
1644 3735 1879 3791 dicimus
1923 3733 2087 3788 modo

523 3823 738 3892 sapitis,
788 3821 932 3877 Deus
971 3836 1070 3876 vos
1106 3823 1376 3879 certiores
1423 3824 1614 3891 faciet,
1667 3840 1781 3881 rem
1821 3826 1983 3908 plane
2011 3824 2084 3878 ita

521 3927 648 3967 esse
678 3914 756 3968 uti
783 3913 1100 3972 docuimus.

2190 3359 2351 3424 σθαι;

2264 3554 2282 3587 ι
2327 3535 2439 3588 Καὶ
2485 3534 2538 3587 εί
2582 3551 2635 3586 τι
2679 3531 2882 3602 ἑτέρως
2929 3531 3196 3600 φρονεῖτε,
3229 3527 3514 3583 καὶτοῦτο
3551 3528 3579 3580 ὁ
3623 3526 3731 3586 65%;

2188 3627 2316 3698 ὑμῖν
2353 3623 2713 3693 ἀποκαλύψει.
2758 3641 2777 3674 ι

2257 3743 2321 3794 El
2359 3740 2450 3793 καὶ
2482 3741 2581 3809 οὐχ
2611 3738 2753 3792 οὕτω
2784 3737 3053 3808 φρονεῖτε,
3086 3736 3271 3805 φησὶν,
3302 3737 3379 3799 ὡς
3410 3737 3572 3807 ἡμεῖς
3601 3736 3732 3800 λέγο-

2192 3849 2312 3901 μεν,
2331 3833 2359 3884 ὁ
2393 3830 2524 3893 Θεὸς
2551 3831 2696 3898 ὑμᾶς
2727 3828 3137 3900 πληῳφορὴσει
3170 3829 3299 3899 περὶ
3321 3828 3534 3894 τούτου,
3569 3829 3646 3881 ὅτι
3669 3827 3734 3878 οὗ·

2186 3939 2293 3984 τως
2317 3921 2465 3973 ἐστὶν
2491 3919 2567 3983 ὡς
2599 3917 2939 3988 ἐδιδάξαμεν.

592 4022 761 4079 Vsus.
797 4024 884 4080 16.
927 4043 947 4076 ι
1000 4025 1382 4082 Verumtamen
1420 4026 1488 4081 ad
1525 4026 1674 4097 quod
1707 4027 2086 4098 pervenimus,

524 4123 585 4168 υι
611 4115 858 4171 eamdem
906 4116 1148 4188 regulam
1199 4125 1502 4181 teneamus,
1552 4135 1662 4188 quo
1711 4119 1856 4174 idem
1905 4120 2088 4190 sapia-

523 4219 668 4260 111115.
693 4222 712 4255 ι

2263 4053 2281 4086 ι
2328 4033 2473 4104 Πλὴν
2494 4035 2572 4096 είς
2593 4033 2620 4085 ὃ
2643 4031 2979 4103 ἐφθάσαμεν,
3005 4031 3084 4103 τῷ
3109 4030 3259 4102 αὐτῷ
3288 4033 3520 4103 στοιχεῖν
3547 4031 3731 4092 κανόνι,

2186 4126 2248 4181 τὺ
2276 4126 2409 4180 αὐτὸ
2442 4127 2677 4194 φρονεῖν.
2733 4142 2754 4175 ›

595 4314 706 4371 Etsi
740 4319 1141 4385 praestolamur,
1172 4321 1370 4390 inquit,
1409 4330 1468 4374 ut
1499 4321 1661 4375 nobis
1692 4335 1756 4375 ea
1781 4319 1847 4374 de
1882 4319 2079 4391 quibus

2257 4320 2321 4372 Εί
2348 4320 2441 4371 καὶ
2468 4316 2828 4387 ἀναμένομεν,
2865 4316 3019 4385 φησι,
3066 4315 3165 4386 τὴν
3211 4316 3277 4370 ὲκ
3316 4316 3451 4369 Θεοῦ
3487 4317 3736 4370 ἀποκάλυ-

523 4403 872 4474 inquirimus,
931 4409 1286 4474 revelentur;
1343 4416 1588 4465 attamen
1648 4409 1755 4463 hoc
1797 4410 1961 4465 modo
1999 4417 2079 4465 te-

2215 4426 2277 4463 ιιν
2308 4409 2437 4479 περ)⁵
2479 4407 2584 4461 τῶν
2626 4407 2995 4476 ζητουμένων,
3025 4406 3138 4460 ἀλλ’
3183 4407 3332 4476 ὅμως
3387 4407 3577 4462 τούτου
3627 4410 3732 4460 am-

523 4501 647 4549 nete
695 4495 840 4564 quod
871 4495 982 4565 jam
1033 4497 1265 4552 habetis.
1315 4497 1587 4564 Quidnam
1620 4515 1753 4554 vero
1779 4500 2078 4566 habebant,

2215 4499 2372 4570 χεσθε
2400 4498 2520 4552 νυνὶ
2547 4490 2607 4550 οὗ
2639 4497 2739 4567 ⁸ἢδη
2787 4497 2958 4567 ἔχετε.
3010 4498 3120 4550 Καὶ
3162 4498 3215 4550 τί
3243 4493 3312 4553 ἦν
3362 4499 3391 4550 ὃ
3418 4494 3592 4569 εἶχον,
3635 4499 3735 4565 ἦτό

522 4586 630 4641 nisi
662 4594 720 4640 ut
743 4587 1040 4643 secundum
1070 4597 1276 4645 rectam
1311 4590 1472 4645 [idem
1501 4591 1806 4660 saperent?

2215 4593 2406 4662 apovei'v
2432 4590 2560 4661 περὶ
2590 4590 2824 4652 πίστεως
2855 4590 3059 4661 ὀρθῆς;

591 4694 758 4751 Vens.
799 4694 972 4752 l7-2t.
1003 4716 1021 4749 ι
1052 4699 1353 4754 lmitatores
1401 4700 1507 4755 mei
1558 4708 1756 4765 estote,
1782 4700 2001 4766 fratres,
2029 4709 2079 4756 et

2265 4720 2283 4753 ι
2328 4705 2684 4774 Συμμιμηταί
2709 4720 2808 4774 μου
2843 4703 3080 4772 γίνεσθε,
3104 4704 3346 4773 ἀδελφοὶ,
3379 4703 3475 4757 καὶ
3507 4705 3734 4757 σκοπεῖτε

519 4779 804 4837 observate
840 4797 936 4838 eos
975 4784 1069 4853 qui
1097 4785 1170 4839 ita
1198 4789 1499 4857 ambulant,
1527 4793 1671 4848 sicut
1699 4803 1942 4849 nostram
1979 4799 2079 4851 lor-

2215 4793 2312 4856 τοὺς
2344 4791 2486 4846 οὕτω
2512 4795 2965 4864 περιπατοῦντας,
2996 4793 3178 4857 καθὼς
3211 4794 3360 4865 ἔχετε
3388 4794 3562 4848 τύπον
3587 4796 3734 4864 ἡμεῖς.

518 4885 660 4924 mam
689 4870 919 4928 habetis.
948 4872 1100 4929 Multi
1130 4877 1272 4932 enim
1304 4882 1603 4948 ambulant,
1624 4899 1760 4954 quos
1787 4901 1928 4956 saepe
1951 4886 2079 4942 dice-

2215 4883 2377 4935 Ιολλοὶ
2403 4882 2511 4953 γὰρ
2536 4885 2949 4951 περιπατοῦσιν,
2978 4885 3070 4948 οὓς
3096 4884 3356 4948 πολλάκις
3393 4884 3578 4952 ἔλεγον
3607 4886 3735 4952 ὑμῖν,

516 4962 640 5016 bam
666 4963 842 5032 vobis,
865 4981 1013 5022 nunc
1034 4975 1215 5024 autem
1241 4979 1292 5026 et
1317 4972 1453 5029 ﬂens
1477 4976 1620 5038 dico,
1638 4977 1891 5033 inimicos
1913 4980 2079 5034 cruci:

2215 4973 2276 5026 ὗν
2311 4973 2368 5026 δὲ
2397 4974 2491 5027 καὶ
2525 4975 2726 5027 κλαίων
2753 4975 2917 5042 λέγω,
2949 4975 3075 5038 τοὺς
3102 4976 3333 5048 ἐχθροὺς
3376 4974 3470 5028 τοῦ
3521 4973 3735 5041 στανροῦ

518 5049 742 5116 Christi,
764 5067 998 5122 quorum
1027 5053 1150 5109 linis
1179 5053 1461 5120 interitus,
1503 5074 1738 5128 quorum
1791 5059 1926 5116 deus
1955 5077 2079 5116 ven-

2215 5064 2274 5118 οῦ
2327 5064 2585 5134 Χριστοῦ,
2619 5059 2693 5119 ὧν
2741 5066 2801 5119 τὸ
2840 5067 2989 5130 τέλος
3039 5067 3321 5130 ἀπώλεια,
3373 5061 3444 5120 ὧν
3499 5069 3530 5119 ὁ
3575 5068 3733 5131 θεξή

516 5148 600 5194 ter
633 5148 738 5209 est,
770 5152 825 5197 et
853 5143 1028 5212 gloria
1064 5144 1120 5198 in
1161 5143 1488 5203 confusione
1532 5149 1802 5219 ipsorum,
1843 5152 1936 5219 qui
1968 5159 2079 5206 ter-

2215 5156 2377 5218 οιλία,
2408 5157 2502 5209 καὶ
2526 5158 2559 5226 ή
2600 5156 2727 5221 δόξα
2754 5158 2812 5210 ὲν
2840 5161 2908 5228 τῇ
2945 5157 3175 5230 αἰσχύνῃ
3199 5159 3400 5220 αὐτῶν,
3442 5163 3494 5212 οἱ
3532 5161 3599 5213 τά
3630 5159 3734 5211 ἐπί-

515 5247 647 5286 rena
678 5233 920 5303 sapiunt.
962 5233 1163 5289 Nostra
1214 5244 1397 5292 autem
1443 5243 1791 5296 conversatio
1828 5243 1884 5297 in
1919 5244 2076 5299 ccelis

2215 5263 2306 5299 ἐια
2337 5247 2675 5316 φρονοῦντες.
2726 5247 2911 5317 ’Υμῶν
2940 5248 3047 5320 γὰρ
3077 5249 3140 5301 τὸ
3168 5249 3472 5320 πολίτευμα
3501 5253 3561 5303 ὲν
3597 5251 3732 5317 οὖρα-

514 5331 624 5386 est,
661 5323 806 5378 unde
851 5331 906 5378 et
960 5322 1302 5380 Salvatorem
1358 5336 1746 5397 exspectamus
1779 5330 2073 5388 Dominum

2215 5340 2294 5400 οῖς
2328 5337 2581 5407 ὑπάρχει,
2611 5338 2668 5404 ἐξ
2711 5331 2772 5390 οῦ
2807 5339 2900 5392 καὶ
2929 5339 3156 5410 Σωτῆρα
3186 5341 3604 5411 ἀπεκδεχόμεθα
3635 5339 3731 5391 Κύ-

513 5409 695 5465 Jesum
725 5411 1027 5480 Christum,
1065 5416 1159 5485 qui
1195 5415 1516 5472 reformabit
1558 5435 1760 5490 corpus
1787 5422 2072 5478 humilita-

2222 5445 2297 5480 ιον
2353 5427 2557 5497 Ἰησοῦν
2595 5429 2844 5499 Χριστὸν,
2883 5429 2943 5492 ὃς
2982 5409 3475 5500 μετασχηματίσειν
3498 5431 3559 5482 τὸ
3594 5429 3735 5497 σῶμα

514 5500 585 5554 tis
603 5507 823 5565 nostrae,
843 5510 901 5556 ut
924 5502 1399 5575 sitconllguratum
1415 5507 1629 5576 corpori
1659 5508 1919 5564 claritatis
1938 5525 2072 5568 suae.

2215 5516 2278 5585 ῆς
2309 5516 2691 5581 ταπεινώσεως
2720 5518 2898 5589 ήμῶν,
2929 5520 3008 5582 είς
3035 5519 3096 5572 τὸ
3135 5521 3389 5588 γενέσθαι
3437 5522 3572 5574 αὐτὸ
3610 5520 3734 5587 σύμ·

581 5644 640 5700 ⁸²¹
663 5668 849 5760 Matth.
872 5692 1019 5748 xxiv,
1064 5679 1148 5734 12.
1173 5680 1217 5712 ⁸⁸
1244 5679 1415 5734 ECCli-
1442 5694 1496 5748 ιιι
1533 5679 1621 5735 50-
