3844 6396
96 383 194 445 877

1174 378 1254 438 ΙΝ
1295 377 1533 438 EPIST.
1574 377 1674 436 AD
1702 376 2266 437 PHILIPPENSES.

3229 366 3333 429 878

98 516 300 574 μορφον
347 495 425 567 τῷ
458 494 669 566 σώματι
701 493 798 563 τῆς
828 492 983 562 δόξης
1021 491 1206 553 αὑτοῦ,
1251 495 1394 547 κατὰ
1438 494 1536 565 τὴν
1570 495 1653 547 ιν-

1808 491 2064 546 εοιιιιάιιηι
2097 488 2478 559 operationem
2506 500 2613 555 qua
2660 485 2829 539 etiam
2861 482 3041 552 possit
3063 480 3165 535 sibi
3199 484 3330 535 sub-

97 597 311 662 ίργειαν
341 586 431 641 τοῦ
468 584 727 639 δύνασθαι
766 582 929 637 αὐτὸν
973 582 1066 635 καὶ
1095 581 1359 646 ὑποτάξαι
1388 582 1565 653 ἑαυτῷ
1592 584 1660 638 τὰ

1811 596 1935 636 cere
1967 580 2172 635 omnia.
2205 598 2223 631 ι

98 683 293 735 πάντα.
332 696 363 729 a-

693 804 924 858 ΚΕΦΔΛ
936 844 947 856 .
994 806 1065 855 Δ’.

174 964 189 995 ι
245 946 429 1005 Ὥστε,
466 941 689 1011 ἀδελφοί
718 958 822 1013 μου
860 941 1132 1009 ἀγαπητοὶ
1182 940 1277 992 καὶ
1321 941 1662 1011 ἐπιπόθητοι,

96 1036 238 1106 χαρὰ
272 1036 367 1089 καὶ
395 1034 657 1101 στέφανός
692 1050 815 1103 μου.
857 1050 877 1084 ι

166 1126 335 1181 Πάλιν
379 1125 674 1192 ἀναγκαῖον
702 1124 889 1185 αὐτοῖς
920 1120 1095 1189 λέγει,
1136 1121 1196 1173 τὺ
1245 1123 1527 1192 μιμεῖσθαι
1570 1124 1666 1176 αύ-

98 1216 206 1281 τὸν,
238 1213 334 1268 καὶ
360 1212 559 1266 εἰδέναι
586 1211 669 1274 τίς
692 1208 835 1263 οὕτω
863 1211 1156 1280 περιπατεῖ
1180 1209 1256 1273 ὡς
1291 1212 1471 1274 αὑτός.
1499 1211 1668 1265 Τοῦτο

98 1307 150 1359 δὲ
176 1305 351 1372 λέγει,
371 1304 471 1373 ούχ
491 1296 900 1371 ύψηλοφρὸνῶν,
925 1298 1063 1352 ἀλλὰ
1086 1298 1414 1369 ἀποτρέπων
1434 1301 1537 1369 ’τῆς
1560 1298 1667 1353 τῶν

99 1394 586 1465 ἐτεροδιδασκάλων
613 1392 919 1457 συνουσίας,
949 1391 1161 1454 δεικνὺς
1189 1392 1355 1445 πόσον
1384 1392 1664 1462 ἑκατέρων

100 1488 155 1538 τὸ
190 1487 359 1556 μέσον
401 1486 511 1538 τῶν
550 1501 610 1539 τε
645 1482 1028 1553 πνευματικῶν
1080 1482 1173 1534 καὶ
1220 1480 1328 1534 τῶν
1367 1481 1667 1552 σαρκικῶν.

100 1579 170 1630 Τὸ
213 1578 275 1631 δὲ
324 1577 487 1647 μέσον
515 1576 673 1629 τούτο
702 1576 809 1630 ἀπὸ
835 1574 931 1629 τού
976 1574 1165 1636 τέλους
1208 1574 1486 1644 ἑκατέρων
1524 1574 1671 1628 ἔστιν

101 1669 247 1721 ἰδεῖν.
285 1667 407 1721 Τῶν
448 1666 548 1737 μὲν
593 1666 725 1737 γὰρ,
766 1666 921 1737 φησὶ,
968 1666 1027 1720 τὸ
1070 1666 1220 1729 τέλος
1250 1664 1527 1719 ἀπώλειαν
1563 1665 1670 1718 τῶν

97 1756 170 1821 δὲ,
199 1756 265 1809 τὸ
293 1755 868 1827 μετασχηματισθῆναι
901 1756 995 1809 καὶ
1026 1756 1383 1827 συμμόρφους
1416 1753 1669 1821 γενέσθαι

2398 789 2553 847 CAP.
2610 788 2700 843 IV.

1841 927 2007 981 Vens.
2042 928 2092 980 l.
2132 945 2149 976 ι
2189 926 2392 995 Itaque,
2433 924 2632 980 fratres
2662 925 2769 979 mei
2815 924 3131 979 charissimi
3162 930 3214 979 et
3241 922 3337 978 dc-

1767 1017 2179 1080 sideratissinii,
2212 1016 2475 1086 gaudium
2504 1024 2559 1070 et
2586 1029 2789 1069 corona
2822 1029 2963 1069 mea.
3007 1032 3024 1064 ι

1843 1108 2048 1164 lterum
2077 1122 2174 1163 eos
2202 1108 2363 1163 docet
2386 1107 2762 1162 necessarium
2790 1120 2914 1160 esse
2946 1113 3000 1159 ιιι
3035 1103 3123 1159 sui
3162 1118 3336 1157 annu-

1770 1200 1973 1256 latores
2026 1200 2160 1263 sint,
2207 1198 2542 1267 videamque
2589 1196 2717 1265 quis
2767 1211 2834 1251 eo
2882 1210 2991 1264 quo
3027 1195 3144 1263 ipse
3179 1195 3340 1247 modo

1768 1291 2032 1345 ambulet.
2093 1288 2186 1344 Sic
2238 1297 2427 1344 autem
2486 1287 2750 1357 loquitur,
2813 1300 2919 1340 non
2973 1284 3117 1353 quod
3158 1282 3226 1337 de
3281 1296 3343 1336 se

1771 1383 1910 1437 bene
1941 1382 2232 1436 admodum
2281 1380 2591 1442 existimet,
2644 1378 2739 1434 sed
2792 1387 2851 1431 ut
2900 1392 2998 1431 eos
3029 1382 3240 1429 avertat
3270 1372 3342 1426 ab

1769 1473 2027 1527 extraria:
2104 1471 2377 1527 doctrinae
2466 1469 2858 1539 magistrorum
2917 1463 3337 1527 consuetudine,

1769 1565 2066 1620 ostendens
2091 1570 2359 1633 quantum
2400 1560 2544 1615 inter
2591 1574 2652 1615 se
2695 1560 2906 1613 distent
2949 1554 3257 1624 spiritualia
3284 1562 3341 1607 et

1770 1653 2033 1708 carnalia:
2074 1650 2241 1721 Atqui
2272 1650 2415 1704 hanc
2446 1647 2913 1717 intercapedinem
2954 1662 3018 1700 ex
3062 1654 3341 1698 utrorum—

1770 1760 1878 1815 que
1908 1743 2015 1798 line
2054 1742 2217 1797 liceat
2263 1725 2584 1797 observare.
2637 1737 2843 1793 Horum
2893 1736 3038 1791 enim
3074 1734 3216 1798 linis,
3259 1733 3345 1787 in-

98 1845 172 1914 τῴ
199 1824 416 1916 σώματι
581 1845 737 1917 δόξης
766 1824 1024 1916 Χριστοῦ.
1051 1824 1227 1900 Τούτοί
1249 1846 1308 1899 δὲ
1337 1846 1468 1898 αὐτὸ
1490 1860 1669 1913 μετα-

1816 1836 1918 1901 uit,
1952 1844 2038 1891 est
2068 1834 2323 1889 interitus
2354 1850 2370 1899 ;
2402 1832 2625 1887 illorum
2669 1844 2821 1893 vero,
2848 1824 3265 1896 transtiguratio
3288 1834 3345 1879 et

99 1935 608 2006 σχηματισθῆγαι,
631 1936 791 2007 ήμῶν
815 1936 1059 2007 δηλονότι
1090 1936 1159 1990 τὰ
1182 1935 1433 2005 σώματα,
1458 1937 1672 2006 ποιήσει

100 2027 355 2097 Χριστὸς,
396 2026 486 2081 διὰ
528 2027 587 2079 τδ
614 2025 899 2093 δύνασθαι,
945 2027 1041 2081 καὶ
1074 2027 1252 2081 πάντα
1283 2026 1430 2098 ἔχειν
1473 2027 1673 2080 ὑποτε-

99 2118 382 2189 τςιγμένα⁸
429 2120 491 2171 τὸ
532 2118 613 2183 δὲ,
663 2118 762 2173 καὶ
788 2119 827 2185 ἠ
860 2118 1009 2184 δόξα
1044 2119 1114 2172 ἐν
1141 2116 1215 2186 τῇ
1263 2119 1525 2186 αἰσχύνῃ
1570 2118 1678 2171 αὐ·

98 2208 233 2271 τῶν,
275 2208 435 2263 τοῦτο
469 2208 639 2277 δηλοῖ,
672 2208 752 2261 ὅτι
784 2209 880 2261 ἐπὶ
919 2207 1130 2270 τούτοις
1177 2206 1319 2278 μέγα
1366 2206 1675 2277 φρονοῦσιν,

102 2298 181 2366 ἐφ’
206 2292 294 2362 οἷς
328 2299 525 2360 αὐτοὺς
556 2296 662 2351 ἔδει
689 2296 1060 2369 αἰσχύνεσθαι.
1109 2296 1291 2351 Πάντα
1318 2295 1427 2367 γὰρ
1472 2296 1538 2351 τὰ
1574 2298 1677 2365 τῆς

102 2389 328 2453 κοιλίας,
352 2387 579 2458 αἰσχύνη
604 2388 697 2441 καὶ
729 2387 925 2460 φθορά.

174 2600 191 2633 ι
242 2582 404 2636 Ούτω
440 2582 667 2651 στήκετε
705 2584 762 2636 ὲν
796 2582 1005 2652 Κυρίῳ,
1032 2581 1325 2650 ἀγαπητοί.
1376 2599 1395 2633 ι

169 2670 352 2737 Οὕτω,
388 2670 547 2737 πῶς¹ς
594 2671 670 2735 ὼς
714 2672 1137 2741 ἀπεκδεχόμενοι
1177 2671 1237 2736 ἐξ
1282 2669 1526 2742 οὐρανῶν
1571 2671 1683 2723 Σω-

103 2764 244 2835 τῆρα
273 2763 369 2817 τδν
412 2762 616 2834 Κύριον
657 2762 885 2833 Ἰησοῦν.
921 2762 1229 2831 Στέφανον
1254 2762 1309 2816 δὲ
1338 2762 1531 2815 ἑαυτοῦ
1556 2763 1682 2826 τοὺς

109 2854 379 2926 μαθητὰς,
407 2855 560 2923 φησι,
590 2853 680 2907 διά
699 2869 781 2907 τοι
808 2852 917 2907 τῶν
946 2854 1226 2923 στεφάνων
1251 2852 1402 2923 αὐτῷ
1438 2852 1682 2922 γίνεσθαι

112 2947 381 3023 πρόξενον
406 2945 507 3015 τὴν
541 2945 785 3015 ἐπακοὴν
811 2944 992 3000 αὐτῶν
1015 2946 1114 3015 τὴν
1154 2946 1234 3008 εἰς
1261 2944 1323 2998 τὸ
1350 2944 1633 3017 κήρυγμα.

179 3056 200 3090 ι
244 3037 492 3092 Εύωδίαν
521 3036 843 3107 παρακαλῶ,
870 3039 964 3091 καὶ
987 3037 1262 3108 Συντύχην
1288 3037 1594 3109 παρακαλῶ
1624 3038 1686 3091 τὸ

108 3130 237 3184 αὐτὸ
268 3131 490 3200 φρονεῖν
522 3130 581 3183 ιν
630 3128 840 3199 Κυρίῳ.
882 3128 991 3183 Ναὶ
1018 3128 1207 3201 ἐρωτῶ
1230 3128 1327 3182 καὶ
1362 3129 1446 3193 σὲ,
1483 3128 1682 3198 σύζυγε

110 3223 323 3292 γνήσιε,
354 3219 733 3289 συλλαμϐάνοι)
764 3219 971 3285 αὑταῖς,
1015 3220 1217 3284 αἵτινες
1250 3220 1308 3273 ὲν
1337 3218 1416 3291 τῷ
1445 3220 1688 3289 Εύαγγε-

110 3312 203 3383 λίῳ
240 3311 589 3383 συνήθλησάν
626 3328 735 3381 μοι,
772 3310 911 3382 μετὰ
944 3310 1042 3365 καὶ
1086 3310 1422 3382 Κλήμεντος,
1456 3312 1550 3366 καὶ
1578 3311 1686 3365 τῶν

111 3403 316 3456 λοιπῶν
346 3403 622 3474 συνεργῶν
658 3420 783 3474 μου.

182 3492 371 3549 Εἰπὼν
414 3494 474 3545 ὲν
512 3491 590 3564 τῷ
621 3493 838 3565 καθόλῳ
867 3494 1233 3565 παράκλησιν,
1275 3494 1369 3548 καὶ
1398 3496 1519 3547 κατ’
1549 3490 1690 3557 εἶδος

114 3586 283 3657 αὐτὴν
315 3585 613 3657 προσφέρει
641 3587 733 3639 ἐπὶ
759 3588 870 3639 τῶν
896 3587 1102 3657 ὲξόχων
1138 3588 1196 3639 ὲν
1241 3589 1307 3657 τῇ
1340 3588 1522 3640 πίστει
1543 3602 1558 3616 '
1593 3587 1689 3640 καὶ

114 3676 270 3730 τοῦτο
295 3676 457 3746 δῆλον
488 3677 553 3729 ὲκ
584 3675 678 3730 τού
707 3678 1025 3747 ἐπενεγκεῖν
1055 3678 1220 3733 αὐτόν
1247 3694 1261 3709 ·
1288 3680 1515 3744 Οῗτινες
1544 3694 1691 3732 συν·

116 3767 400 3836 ήθλησάν
430 3784 535 3836 μοι
562 3767 632 3821 ἐν
674 3766 754 3838 τῷ
781 3769 1144 3838 Εὐατγελίῳ.

184 3861 349 3923 Τινὲς
394 3861 495 3931 τὴν
524 3861 759 3929 γυναῖκά
805 3878 969 3929 φασιν
999 3862 1163 3915 αὑτοῦ
1216 3861 1559 3934 παρακαλεῖν
1608 3863 1693 3912 ὲν-

120 3951 316 4006 ταῦθα.
359 3951 504 4005 Ἀλλ’
537 3952 657 4007 ούκ.
691 3951 858 4006 ἔστιν.
892 3951 1029 4006 ἀλλά
1059 3970 1182 4007 τινα
1227 3955 1481 4022 γυναῖκα,
1518 3952 1557 4023 ἦ
1601 3952 1694 4004 καὶ

123 4044 291 4115 ἄνδρα
324 4044 460 4114 μιᾶς
488 4044 690 4098 αὐτῶν.

199 4156 219 4189 ι
266 4130 371 4189 Ὧν
402 4135 472 4189 τὰ
501 4136 743 4207 ὀνόματα
775 4138 835 4190 έν
865 4134 1033 4207 βίϐλῳ
1065 4135 1229 4207 ζωῆς.
1283 4155 1301 4187 ι

191 4227 365 4282 Τοῦτο
413 4228 634 4300 εἴρηκεν
682 4228 747 4280 ὲκ
778 4226 873 4280 τοῦ
929 4227 1135 4297 Κυρίου
1184 4224 1405 4297 μαθών⁶
1456 4226 1697 4293 Χαίρετε

1775 1926 2139 1982 conformatio
2173 1939 2299 1979 cum
2335 1936 2567 1992 corpore
2609 1920 2797 1989 gloriae
2819 1916 3054 1973 Christi.
3086 1916 3175 1969 Ait
3215 1927 3343 1967 vero

1775 2017 2111 2088 reformab‘it,
2154 2018 2258 2073 hoc
2306 2025 2415 2080 est,
2447 2028 2680 2085 corpora
2718 2019 2910 2067 nostra
2941 2009 3200 2065 Christus
3231 2003 3346 2073 glo-

1778 2111 1857 2165 ria
1888 2110 2109 2173 vestiet,
2164 2122 2289 2164 cum
2346 2107 2401 2161 id
2452 2106 2636 2161 facere
2681 2102 2878 2174 possit.
2920 2109 2974 2156 et
3021 2097 3207 2153 omnia
3238 2094 3347 2150 sibi

1776 2200 1996 2256 subdita
2025 2199 2245 2254 habeat.
2282 2197 2422 2252 lllud
2455 2209 2611 2260 vero,
2646 2203 2698 2248 et
2732 2193 2909 2263 gloria
2944 2191 3000 2244 in
3039 2186 3347 2256 confusione

1777 2293 2036 2360 ipsorum,
2096 2291 2201 2347 hoc
2251 2289 2531 2360 signiﬁcat
2587 2300 2686 2342 eos
2735 2283 3021 2354 superbire
3053 2280 3106 2335 in
3144 2278 3347 2349 quibus

1775 2382 2103 2438 erubescere
2135 2380 2416 2436 deberent.
2449 2378 2585 2433 Nam
2614 2387 2957 2446 quzecunque
2994 2371 3064 2427 ad
3096 2377 3346 2427 ventrem

1780 2481 2052 2545 spectant,
2079 2471 2362 2541 turpitudo
2387 2478 2442 2525 et
2468 2461 2786 2538 corrupiela
2812 2473 2963 2522 sunt.

1856 2588 1875 2622 ι
1912 2569 2004 2623 Sic
2038 2574 2181 2623 state
2207 2565 2262 2619 in
2295 2562 2554 2627 Domino,
2588 2558 2925 2615 charissimi.
2966 2575 3000 2635 r

1851 2660 1962 2716 Sic.
1998 2655 2328 2725 Quomodo?
2354 2655 2510 2709 velut
2552 2655 2944 2720 exspectantes
2971 2662 3001 2703 e
3028 2646 3186 2702 caelis
3221 2646 3348 2702 Sal-

1782 2758 2030 2805 vatorem
2062 2753 2315 2803 nostrum
2366 2742 2662 2798 Dominum
2709 2737 2920 2794 Jesum.
2953 2735 3217 2792 Coronam
3248 2750 3351 2790 au-

1784 2852 1891 2898 tem
1918 2839 2231 2911 discipulos
2281 2850 2415 2893 suos
2449 2826 2904 2901 voeat;'quippe
2951 2842 3185 2899 quorum
3219 2840 3348 2897 erga

1783 2931 2229 3003 pmdicationem
2274 2927 2508 2982 attentio
2554 2937 2794 2979 coronas
2826 2921 2936 2992 ipsi
2969 2918 3347 2991 prazparabat.

1857 3022 2017 3094 203
2056 3020 2304 3084 νείκεά,
2336 3020 2393 3074 '5.
2425 3035 2443 3069 ι
2476 3016 2741 3072 Evodiam
2762 3027 2918 3085 rogo,
2945 3021 3001 3067 et
3030 3008 3350 3081 Syntychen

1786 3114 2079 3185 deprecor,
2121 3112 2360 3181 idipsum
2394 3122 2589 3177 sapere
2628 3107 2685 3160 in
2720 3104 2972 3159 Domino.
3009 3101 3186 3157 Etiam
3219 3115 3353 3171 rogo

1712 3181 1755 3236 θ
1787 3217 1841 3261 et
1866 3216 1942 3270 te,
1975 3218 2235 3276 germane
2281 3215 2557 3271 compar,»
2590 3198 2794 3268 adiuva
2839 3210 2939 3251 eas
2975 3209 3099 3265 quae
3134 3208 3352 3249 mecum

1791 3299 1844 3354 in
1874 3296 2176 3368 Evangelio
2233 3294 2645 3356 laboraverunt,
2680 3298 2735 3345 et
2781 3303 2910 3343 cum
2956 3285 3263 3350 Clemente,
3298 3293 3354 3337 et

1787 3389 2001 3446 caeteris
2034 3386 2385 3458 adiutoribus
2417 3383 2572 3439 meis.
2598 3399 2617 3434 ι

1860 3481 2002 3550 Quia
2046 3480 2141 3536 ubi
2199 3476 2507 3549 generatim
2563 3474 2783 3529 locutus
2833 3478 2936 3535 est,
3005 3468 3353 3541 mgationem

1790 3575 1951 3639 dixit,
1983 3573 2128 3628 hanc
2173 3585 2323 3626 nunc
2373 3582 2597 3639 quoque
2640 3566 2933 3636 speciatim
2970 3562 3037 3616 ad
3062 3576 3159 3617 eos
3196 3559 3357 3614 habet

1789 3665 1888 3737 qui
1923 3664 2027 3719 (ide
2059 3662 2255 3719 eximii
2284 3668 2444 3716 erant
2472 3677 2487 3713 :
2542 3658 2761 3726 hocque
2798 3652 3152 3708 manifestum
3183 3652 3263 3715 tit,
3291 3664 3358 3705 eo

1790 3754 1940 3827 quod
1979 3752 2304 3821 subjungat,
2330 3749 2419 3819 qui
2448 3762 2648 3801 mecum
2678 3744 3075 3798 laboraverunt.

1861 3845 2125 3902 Nonnulli
2157 3844 2317 3897 aiunt
2353 3854 2581 3894 uxorem
2623 3838 2749 3905 ejus
2795 3849 2941 3897 esse,
2986 3845 3153 3901 quam
3202 3829 3366 3883 obse-

1795 3948 1937 3997 cret.
1975 3937 2178 3993 Verum
2224 3935 2329 3989 hoc
2372 3931 2572 3986 falsum
2622 3935 2710 3984 est
2743 3946 2755 3981 :
2806 3925 2901 3982 sed
2936 3922 3229 3977 mulierem
3259 3921 3365 3973 ali-

1793 4048 1982 4106 quam.
2013 4037 2109 4086 aut
2134 4029 2311 4085 virum
2340 4023 2577 4094 alicujus
2610 4023 2831 4076 illarum
2861 4017 3185 4087 alloquitur.

1872 4149 1890 4182 ι
1925 4129 2171 4195 Quorum
2206 4123 2433 4179 nomina
2457 4128 2588 4177 sunt
2618 4120 2673 4173 in
2717 4118 2860 4173 libro
2894 4116 3042 4170 vitae.
3081 4133 3100 4166 ι

1870 4222 1984 4277 Hoc
2009 4220 2172 4282 dixit,
2208 4217 2440 4273 edoctus
2471 4231 2502 4270 a
2552 4212 2800 4273 Christo,
2832 4210 2926 4279 qui
2968 4209 3088 4261 ait:
3134 4204 3367 4261 Gaudete

126 4319 254 4386 γάρ,
293 4298 483 4389 φησιν,
523 4298 610 4373 ὅτι
635 4319 705 4373 τὰ
729 4319 990 4387 ὀνόματα
1026 4316 1193 4388 ὑμῶν
1219 4316 1609 4387 ἐγγέγραπται
1629 4316 1680 4369 ἐι

1808 4315 2048 4384 quoniam
2078 4311 2295 4366 nomina
2324 4316 2496 4362 vestra
2526 4305 2728 4373 scripta
2758 4309 2879 4356 sunt
2913 4302 2970 4353 in
3000 4299 3141 4353 caelis
3172 4298 3239 4352 “.

131 4407 247 4473 τοῖς
297 4407 595 4477 οὐρανοῖς.

200 4520 221 4552 ι
270 4502 510 4573 Χαίρετε
535 4502 593 4554 ὲν
622 4500 815 4570 Κυρίῳ
846 4499 1098 4555 πάντοτε.
1152 4518 1171 4551 ι

196 4593 322 4647 Κᾶν
363 4594 421 4645 ὲν
447 4592 691 4662 δεσμοῖς,
719 4593 905 4663 φησιν,
938 4591 1175 4661 ἀκούητε
1219 4591 1312 4645 τὸν
1356 4590 1699 4653 διδάσκαλον,

1734 4505 1774 4560 ο
1876 4491 2046 4547 Vens.
2072 4489 2125 4553 4,
2158 4488 2240 4543 5.‹
2271 4485 2515 4542 Gaudete
2548 4483 2603 4536 in
2632 4479 2862 4533 Domino
2891 4490 3129 4545 semper.
3164 4493 3182 4527 ι

1874 4582 2117 4638 Tametsi
2153 4578 2499 4648 magistrum,
2534 4570 2742 4641 inquit,
2772 4567 3080 4638 constringi
3115 4564 3371 4626 vinculis,

135 4682 230 4737 xiv
254 4684 315 4736 ὲν
348 4659 621 4753 μάστιξιν,
653 4659 757 4736 κᾶν
782 4659 846 4735 έν
876 4681 1025 4752 αύτῷ
1052 4659 1417 4752 θανάτῳ,’καὶ
1444 4682 1506 4735 οὐ
1542 4682 1680 4751 μόνοε

1812 4675 2033 4731 tametsi
2078 4670 2262 4741 ﬂagris
2288 4664 2593 4728 verberari,
2622 4659 2841 4715 tametsi
2877 4659 3114 4713 tolerare
3144 4666 3372 4711 mortem

136 4776 221 4827 ἐπὶ
256 4749 368 4828 τῶν
402 4774 744 4828 διδασκάλων
769 4774 870 4840 δεῖ,
901 4749 1038 4828 ἀλλά
1075 4774 1168 4827 καὶ
1199 4749 1353 4827 αύτοὶ
1396 4749 1569 4826 ταῦτα
1615 4772 1680 4825 διά

1808 4766 2083 4828 audiatis;
2116 4762 2225 4815 imo
2251 4755 2505 4828 quamvis
2539 4769 2645 4806 non
2678 4751 2855 4807 solum
2884 4749 3154 4820 magistri,
3185 4761 3372 4799 verum

135 4866 371 4935 Χριστὸν
406 4865 733 4935 πάσχοιμεν.

208 4972 228 5006 σ
276 4954 445 5008 Πάλιν
466 4953 597 5024 ὶρῶ,
621 4953 876 5024 Χαίρετε,
893 4952 954 5005 τὸ
970 4953 1208 5016 ἐπιεικὲς
1233 4950 1387 5022 ὑμῶν
1411 4950 1708 5020 γνωσθήτω

138 5048 307 5101 πᾶσιν
333 5046 659 5119 ἀνθρώποις.
701 5066 721 5100 ι

206 5137 512 5207 Μονονουχὶ
551 5137 986 5210 διαμαρτύρεται
1019 5139 1227 5203 αὐτοῖς,
1253 5136 1328 5201 ὡς
1370 5135 1431 5188 ού
1470 5135 1551 5189 δεῖ
1577 5135 1709 5188 ἀθυ-

144 5231 290 5299 μεῖν,
328 5228 462 5283 ἀλλὰ
495 5229 725 5300 χαίρειν.

214 5338 238 5372 ο
304 5320 364 5374 '0
390 5322 595 5393 Κύριος
622 5319 788 5389 ἐγγύς
812 5336 827 5351 ο
862 5321 1030 5392 μηδὲν
1064 5322 1389 5393 μεριμνᾶτε.
1444 5338 1462 5372 ι

212 5500 312 5568 Μὴ
348 5498 657 5571 θορυϐείτω,
694 5502 882 5572 φησὶν,
919 5502 1062 5570 ὑμᾶς
1109 5501 1173 5554 τὰ
1208 5501 1326 5553 κατ’
1358 5498 1477 5569 ἐμέ.
1525 5497 1581 5549 '0
1612 5496 1719 5565 γὰρ

149 5592 359 5663 Κύριός
394 5610 483 5662 μοι
514 5594 801 5665 παρέσται.

203 5766 249 5797 ⁸³
290 5764 482 5821 Matth.
517 5783 569 5824 ν.
602 5768 686 5821 12.

1810 4870 1868 4915 et
1895 4874 1999 4913 nos
2024 4856 2132 4928 ipsi
2165 4853 2357 4908 eadem
2385 4848 2594 4904 Christi
2628 4860 2797 4901 causa
2829 4853 3163 4914 pateremur.

1889 4966 1906 4997 ι
1943 4945 2145 5001 Iterum
2187 4942 2335 5005 dico,
2357 4938 2619 5010 gaudete.
2643 4934 2907 4991 Modestia
2942 4941 3123 4989 vestra
3154 4938 3282 4986 nota
3307 4931 3379 4984 sit

1813 5038 2076 5097 omnibus
2112 5031 2454 5089 hominibus.
2492 5049 2510 5080 ι

1885 5130 2006 5184 Νοιι
2039 5126 2219 5182 solum
2250 5123 2563 5177 obtestatur
2595 5132 2691 5175 eos
2724 5133 2795 5174 ne
2833 5112 3212 5185 despondeant
3260 5109 3381 5164 ani-

1818 5235 1993 5281 mum.
2035 5214 2131 5272 sed
2156 5214 2321 5270 etiam
2356 5221 2413 5267 ut
2435 5210 2733 5282 gaudeant.
3351 5248 3356 5253 .

1895 5330 1914 5362 ι
1953 5306 2221 5364 Dominus
2272 5318 2445 5376 prope
2490 5309 2598 5359 est.
2625 5299 2815 5372 [Vens
2849 5297 2906 5363 ϐ,
2951 5295 3030 5367 7.]
3064 5293 3210 5348 Nihil
3236 5292 3385 5347 solli-

1815 5402 1912 5457 citi
1945 5400 2089 5455 sitis.
2131 5416 2151 5449 ι

1893 5492 2011 5547 Νοη
2039 5505 2139 5546 vos
2167 5488 2416 5552 turbent,
2453 5483 2659 5552 inquit.
2690 5497 2815 5551 qua;
2866 5479 2999 5534 mihi
3037 5476 3383 5532 acciderunt.

1825 5583 2007 5640 Aderit
2045 5580 2247 5650 quippe
2278 5576 2411 5631 mihi
2444 5574 2732 5628 Dominus.
