4022 6414
581 377 684 443 879

1730 377 1790 438 s.
1825 377 2144 438 JOANNIS
2177 375 2601 436 DAMASCENI
3686 387 3767 450 εδδ

654 508 674 540 ι
707 487 818 542 Sed
869 487 922 540 in
953 483 1110 539 omni
1152 484 1405 541 oratione
1453 493 1504 540 et
1538 485 1956 554 {obsecratione.
2019 501 2138 539 cum

2322 501 2340 534 ι
2405 485 2544 537 Ἀλλ’
2579 488 2636 538 ἐν
2678 487 2839 539 παντὶ
2891 487 2956 556 τῇ
3017 488 3319 556 προσευχῇ,
3375 489 3468 540 καὶ
3514 492 3574 558 τῇ
3619 492 3764 563 δεήσει

579 580 876 649 gratiarum
937 577 1180 640 actione,
1217 578 1512 648 petitiones
1543 586 1744 633 vestrae
1793 580 2147 632 innotescant

579 671 721 740 apud
749 669 958 724 Deum:
1010 677 1065 723 et
1101 684 1207 739 pax
1262 670 1354 724 Dei
1397 685 1520 740 qua:
1575 678 1874 739 exsuperat
1922 683 2144 722 omnem

577 777 825 815 sensum.
869 779 888 811 ι

647 851 920 917 Quoniam
956 851 1093 905 nihil
1124 867 1222 907 eos
1256 852 1531 908 sollicitos
1555 871 1557 873 ί
1581 868 1707 907 esse
1747 853 1949 908 debere
1987 852 2146 907 dite-

579 951 684 1004 rat.
721 959 790 997 ne
818 942 1176 999 conciderent
1227 943 1433 1006 animo,
1487 943 1870 999 existimantes
1927 945 2027 998 hoc
2056 959 2148 1014 ge-

581 1035 815 1088 neratim
849 1049 878 1087 a
903 1049 963 1089 se
990 1036 1436 1104 pronuntiatum,
1471 1050 1591 1088 eam
1621 1035 1690 1089 ob
1719 1051 1835 1090 rem
1874 1035 1990 1089 ait:
2030 1035 2146 1089 Μο-

580 1123 672 1176 ιιυὶ
703 1137 798 1176 vos
828 1138 896 1177 ne
937 1124 1163 1177 solliciti
1215 1125 1341 1178 sitis
1391 1125 1461 1178 ob
1489 1125 1706 1178 vincula
1755 1125 1960 1195 quibus
2009 1126 2148 1180 deti-

578 1225 738 1277 neor,
771 1219 1032 1280 tanquam
1071 1211 1281 1280 aliquid
1316 1213 1515 1267 exinde
1555 1213 1765 1268 doloris
1814 1214 2013 1283 patiar.
2042 1213 2146 1269 Ne-

577 1315 856 1371 quaquam
888 1302 1032 1356 enim
1072 1301 1186 1356 haec
1229 1303 1362 1357 mihi
1403 1304 1639 1358 molesta
1693 1311 1823 1360 sunt
1851 1314 1904 1359 et
1935 1306 2143 1374 gravia.

575 1389 779 1446 Verum
810 1400 1046 1461 oportet,
1079 1393 1285 1462 inquit,
1323 1403 1382 1447 ut
1421 1395 1655 1449 orationi
1687 1405 1742 1449 et
1772 1395 2142 1450 obseerationi

578 1482 723 1551 apud
781 1481 950 1536 Deum
1007 1484 1327 1554 diligentius
1383 1487 1581 1542 intenti
1629 1488 1775 1543 sitis.
1825 1486 1959 1541 Nam
2017 1503 2142 1542 cum

577 1572 877 1640 gratiarum
943 1574 1256 1629 actionibus
1323 1577 1641 1633 exorandus
1700 1577 1844 1632 Deus
1886 1587 1994 1641 est,
2038 1593 2141 1632 non

576 1660 788 1730 dejecto
817 1663 1168 1731 torpentique
1193 1664 1404 1719 animo.

651 1770 669 1802 ι
703 1751 992 1807 Custodiet
1042 1754 1209 1807 corda
1270 1763 1457 1811 vestra
1495 1766 1549 1812 et
1611 1757 2002 1828 intelligentias
2050 1774 2141 1814 ve-

576 1851 720 1897 stras
748 1842 799 1896 in
837 1843 1061 1899 Christo
1092 1843 1245 1900 Jesu.
1288 1865 1306 1898 ι

645 1931 845 1986 Iterum
896 1942 1170 2001 precatur,
1237 1943 1296 1988 ut
1362 1937 1616 1991 eamdem
1673 1936 1830 1992 ﬁdem
1903 1947 2141 1993 teneant.

576 2017 690 2073 Hoc
725 2029 809 2074 est
840 2023 1013 2085 enim,
1045 2023 1218 2076 corda
1256 2031 1312 2079 et
1354 2025 1756 2096 intelligentias
1797 2030 2042 2098 ipsorum
2089 2030 2144 2084 in

572 2111 798 2167 Christo
828 2115 1054 2190 muniri.

643 2202 812 2259 Vens.
847 2204 900 2269 8,
930 2205 985 2260 9.
1047 2223 1067 2257 ι
1107 2207 1181 2262 De
1231 2216 1452 2274 caetero,
1509 2209 1736 2275 fratres,
1796 2227 2145 2282 quaecunque

572 2303 706 2351 Iunt
737 2312 896 2363 vera,
943 2313 1294 2370 quazcunque
1333 2300 1551 2370 pudica,
1599 2318 1944 2373 quaecunque
1967 2305 2143 2374 justa,

570 2401 912 2459 quaecunque
934 2398 1110 2453 casta,
1127 2406 1470 2460 quatcunque
1493 2393 1774 2459 amabilia,
1806 2411 2145 2464 quascunque

571 2476 730 2531 bonae
766 2477 956 2544 famas;
984 2479 1030 2535 si
1066 2495 1172 2549 qua
1201 2483 1398 2543 virtus,
1426 2483 1470 2537 si
1511 2497 1617 2552 qua
1650 2484 1773 2539 laus
1810 2484 2141 2556 disciplinae,

570 2569 686 2622 haec
720 2569 978 2638 cogitate.
1021 2570 1156 2637 Quae
1207 2580 1260 2628 et
1308 2574 1610 2640 didicistis,
1653 2583 1709 2631 et
1741 2578 2062 2648 accepistis,
2089 2587 2145 2634 et

569 2659 826 2713 audistis.
864 2681 884 2712 ι

644 2753 942 2823 Apostolus
998 2770 1100 2809 nos
1151 2757 1313 2812 docet
1379 2758 1540 2813 fidem
1593 2761 1651 2814 in
1701 2761 1979 2817 Christum
2019 2777 2144 2819 esse

566 2852 730 2913 caput
756 2846 936 2900 omnis
967 2846 1098 2901 boni
1138 2849 1284 2918 quod
1326 2850 1484 2906 nobis
1533 2853 1771 2918 accidat,
1825 2863 2135 2925 caeteraque

565 2933 836 2989 virtutum
895 2935 1145 2992 facinora
1198 2940 1353 2996 velut
1405 2943 1660 3013 exiguum
1710 2945 1988 3014 quoddam
2015 2960 2141 3016 erga

569 3024 715 3078 illam
752 3026 1043 3083 exsistere.
1087 3027 1328 3086 Perinde
1376 3041 1460 3087 est
1497 3035 1664 3100 igitur
1693 3050 1757 3090 ac
1786 3037 1832 3092 si
1882 3036 2094 3092 diceret
2125 3057 2138 3093 :

2253 583 2389 646 μετὰ
2437 578 2788 649 εὐχαριστίας
2838 581 2904 632 τὲ
2953 581 3230 649 αἰτήματα
3277 579 3429 649 ὑμῶν
3469 584 3766 651 γνωριζέσθω

2249 665 2386 735 πρὸς
2414 667 2504 721 τὸν
2534 668 2697 721 Θεόν·
2745 671 2840 722 καὶ
2875 671 3062 740 εἰρήνη
3094 668 3188 722 τοῦ
3230 669 3361 722 Θεοῦ
3393 673 3424 739 ή
3474 671 3765 742 ὑπερέχουσα

2249 757 2430 810 πάντα
2464 758 2609 813 νοῦν.
2663 779 2682 810 ι

2331 850 2546 919 Ἐπειδὴ
2603 851 2772 920 μηδὲν
2825 854 3096 922 μεριμνᾷν
3148 852 3330 914 αὐτοῖς
3379 849 3552 915 εἶπεν,
3600 853 3675 905 ἵνα
3712 855 3769 925 μὴ

2250 940 2586 1004 ἁναπέσωσι,
2616 942 2938 1010 νομίσαντες
2980 944 3143 995 αὑτὸν
3187 945 3244 995 ἐν
3293 942 3373 1013 τῷ
3404 942 3622 995 καθόλου
3649 943 3771 997 τοῦτο

2249 1034 2661 1102 ἀποφήνασθαι·
2701 1036 2904 1088 Τούτου
2954 1037 3134 1105 χάριν,
3168 1037 3352 1105 φησὶν,
3407 1029 3560 1086 εἷπον
3601 1034 3664 1104 μὴ
3697 1052 3772 1105 με·

2253 1127 2448 1196 ριμνᾷν
2491 1127 2549 1178 ἐν
2595 1130 2708 1191 τοῖς
2764 1128 2894 1199 περὶ
2950 1127 3083 1196 ἐμοῦ
3127 1129 3366 1197 δεσμοῖς,
3420 1125 3498 1189 ὡς
3546 1126 3694 1178 δεινόν
3731 1143 3773 1179 τι

2249 1216 2550 1284 πάσχοντος
2584 1217 2642 1282 ἐξ
2675 1217 2876 1270 αὐτῶν.
2909 1218 2982 1269 Οὐ
3024 1218 3132 1287 γάρ
3181 1219 3289 1270 εἱσι
3329 1217 3509 1271 δεινά·
3551 1215 3672 1268 ἀλλὰ
3701 1233 3777 1284 με·

2249 1309 2499 1376 ριμνᾶτε,
2551 1310 2737 1376 φησὶν,
2771 1311 2828 1361 ἐν
2858 1312 2922 1380 τῇ
2955 1311 3251 1379 προσευχῇ,
3297 1309 3392 1361 καὶ
3429 1312 3495 1378 τῇ
3537 1309 3698 1380 δεήσει
3721 1311 3773 1376 τῇ

2248 1400 2383 1467 πρὸς
2435 1400 2525 1453 τὸν
2569 1401 2722 1454 Θεόν.
2777 1402 2958 1453 Αἰτεῖν
2989 1402 3097 1469 γὰρ
3145 1402 3234 1453 τὸν
3278 1401 3409 1453 Θεὸν
3444 1402 3545 1463 δεῖ,
3590 1403 3776 1469 εὐχαρι-

2248 1489 2524 1553 στοῦντας,
2556 1493 2656 1544 οὐκ
2686 1491 3052 1554 ἀθυμοῦντας,
3088 1493 3208 1545 οὐδέ
3242 1491 3600 1561 ἀκηδιῶντας.

2321 1773 2339 1805 ι
2393 1755 2699 1826 Φρουρήσει
2737 1755 2836 1814 τὰς
2866 1753 3092 1822 καρδίας
3116 1753 3291 1822 ὑμῶν,
3331 1752 3430 1806 καὶ
3471 1750 3544 1805 τὰ
3571 1751 3779 1823 νοήματα

2175 1833 2217 1886 Β
2249 1843 2403 1912 ὑμῶν
2435 1845 2492 1895 ἐν
2522 1842 2743 1913 Χριστῷ
2782 1841 2975 1913 Ἰησοῦ.
3019 1861 3038 1894 ι

2317 1936 2488 1989 Πάλιν
2541 1936 2727 1998 αὐτοῖς
2762 1935 2823 1988 τὸ
2866 1936 3164 2006 ὁμὸπιστον
3208 1933 3450 2003 εῦχεται.
3503 1931 3670 1985 Τοῦτο
3696 1931 3783 1999 γάρ

2245 2029 2359 2081 ἐστι
2406 2028 2468 2081 τὸ
2515 2028 2890 2100 φρουρηθῆναι
2938 2029 3038 2092 τὰς
3087 2027 3314 2099 καρδίας
3367 2025 3575 2090 αὐτῶν,
3607 2027 3692 2078 καὶ
3729 2026 3781 2076 τὰ

2244 2122 2490 2191 νοήματα
2528 2121 2586 2172 ἐν
2616 2121 2857 2190 Χριστῷ.

2320 2231 2339 2264 ι
2378 2212 2452 2264 Τὸ
2481 2212 2686 2278 λοιπὸν,
2703 2213 2944 2282 ἀδελφοὶ,
2967 2215 3066 2266 ὅσα
3088 2215 3236 2267 ἐστὶν
3264 2214 3464 2285 ἀληθῆ,
3493 2214 3599 2266 ὃσα
3622 2210 3784 2281 σεμνὰ,

2244 2303 2344 2355 ὅσα
2375 2303 2580 2367 δίκαια,
2612 2306 2713 2358 ὃσα
2744 2305 2910 2373 ἁγνὰ,
2941 2306 3042 2358 ὅσα
3080 2305 3375 2376 προσφιλῆ,
3425 2306 3527 2358 ὅσα
3579 2302 3785 2372 εὔφημα,

2245 2397 2400 2459 εἴτις
2426 2396 2617 2468 ἀρετὴ,
2652 2399 2747 2451 καὶ
2773 2399 2827 2451 εἰ
2854 2416 2938 2461 τις
2974 2399 3214 2463 ἔπαινος,
3240 2398 3414 2452 ταῦτα
3439 2396 3728 2466 λογίζεσθε,
3760 2393 3787 2447 ἃ

2245 2489 2338 2541 xai.
2371 2488 2624 2558 ἐμάθετε,
2657 2489 2753 2543 καὶ
2794 2490 3159 2560 παρελάϐετε,
3194 2490 3288 2544 καὶ
3315 2488 3615 2561 ἠκούσατε.
3653 2506 3670 2539 ι

2329 2753 2596 2817 Ἐδίδαξεν
2628 2755 2775 2823 ἡμᾶς
2802 2756 2831 2808 ὁ
2881 2752 3226 2819 Ἀπόστολος,
3249 2753 3327 2818 ὡς
3357 2753 3577 2825 κεφαλὴ
3621 2753 3790 2815 παντὸς

2242 2847 2378 2916 ἡμῖν
2407 2845 2613 2914 ἀγαθοῦ
2664 2848 2699 2916 ἡ
2749 2845 2954 2910 πίστις,
2999 2849 3032 2917 ἡ
3066 2848 3148 2909 είς
3179 2845 3271 2899 τὸν
3315 2845 3582 2916 Χριστὸν,
3613 2845 3698 2925 καὶ
3730 2845 3790 2906 ὡς

2244 2938 2420 2992 πάντα
2466 2937 2534 2991 τὰ
2582 2937 2717 3008 ἔργα
2758 2937 2828 2991 τά
2875 2938 2996 2991 κατ’
3027 2937 3250 3009 ἀρετὴν,
3295 2937 3372 3000 ὡς
3422 2938 3596 3008 μέρος
3633 2955 3682 2990 τι
3723 2953 3793 3005 μι-

2245 3029 2378 3098 κρὸν
2426 3027 2548 3081 κατ’
2592 3028 2809 3098 ἐκείνην
2854 3029 3012 3083 εἰσίν.
3050 3031 3272 3101 Ὅμοιον
3317 3027 3411 3084 οὖν
3458 3029 3598 3084 ὡσεὶ
3633 3028 3789 3095 λέγοιο

569 3115 766 3169 habete
822 3115 1003 3181 lidem,
1061 3134 1224 3187 quam
1259 3121 1313 3175 in
1348 3123 1506 3178 \obis
1537 3125 1871 3180 incolumem
1931 3129 2137 3183 servari

2248 3120 2438 3189 Ἔχετε
2467 3119 2566 3190 τὴν
2597 3119 2802 3183 πίστιν,
2823 3121 2889 3191 ἢν
2919 3123 3014 3174 καὶ
3037 3122 3397 3191 φυλάττεσθαι
3429 3125 3491 3175 ἐν
3517 3123 3649 3191 ὑμῖν
3669 3120 3796 3220 εὔχρ-

569 3219 786 3272 precor.
823 3206 1090 3277 Superest
1130 3222 1314 3266 autem
1351 3222 1410 3268 ut
1443 3215 1608 3269 vitam
1644 3217 1712 3270 ad
1761 3219 1983 3275 virtutis
2012 3237 2140 3275 nor-

569 3311 712 3350 mam
758 3299 1089 3365 instituatis,
1134 3316 1298 3371 quam
1341 3305 1509 3359 etiam
1553 3309 1746 3361 hortor
1777 3324 1874 3364 vos
1906 3320 1967 3364 ut
2001 3313 2140 3366 arri-

566 3389 760 3459 piatis.
794 3390 882 3445 Ait
911 3392 1118 3462 itaque,
1153 3393 1218 3448 de
1250 3405 1465 3460 σιτία-ο.
1504 3413 1612 3453 non
1661 3401 1806 3469 quod
1837 3417 2030 3470 parum
2066 3404 2140 3459 sit

566 3480 698 3534 dare
752 3496 972 3552 operam
1033 3485 1226 3540 virtuti
1287 3488 1424 3558 (hoc
1473 3489 1618 3544 enim
1682 3508 1939 3563 magnum
1991 3496 2136 3566 est),

566 3569 729 3641 204
759 3572 854 3627 sed
886 3573 1014 3642 quia
1040 3580 1453 3646 comparatione
1503 3581 1626 3634 ﬁdei
1668 3597 1892 3652 parvum
1933 3593 2040 3651 est,
2074 3602 2138 3641 ac

563 3662 714 3714 velut
770 3666 1068 3734 appendix.
1134 3667 1298 3725 Fides
1355 3671 1632 3741 siquidem
1714 3674 2133 3732 fundamentum

571 3753 834 3825 basisque
862 3765 918 3811 et
947 3767 1192 3815 tutamen
1249 3773 1354 3824 est,
1389 3764 1512 3818 sine
1538 3778 1646 3833 qua
1683 3765 1822 3818 nihil
1852 3767 2132 3836 quidpiam

563 3848 743 3914 possit
773 3849 1025 3904 exstrui:
1060 3852 1263 3922 quippe
1305 3869 1430 3908 cum
1493 3856 1701 3926 absque
1760 3857 2134 3914 fundamentis

563 3937 775 3991 nullum
813 3939 1127 4009 mdilicium,
1171 3945 1432 4015 nullaque
1465 3946 1662 4004 domus
1710 3951 2002 4006 consistat.
2042 3950 2132 4004 Fi-

561 4026 664 4083 des
725 4044 859 4098 ergo
911 4030 1398 4088 fundamentorum
1446 4037 1628 4091 instar
1687 4049 1798 4103 est,
1853 4045 2134 4111 totiusque

560 4120 758 4176 domus
785 4129 1080 4178 structurae
1109 4141 1122 4178 :
1181 4126 1431 4182 actiones
1463 4143 1599 4183 vero
1631 4130 1926 4195 virtutum,
1979 4140 2129 4187 tecto

560 4211 772 4266 sinfiles
813 4221 963 4276 sunt,
1016 4230 1128 4284 quo
1181 4217 1472 4272 aedificium
1524 4233 1688 4276 omne
1743 4222 2040 4291 clauditur,
2078 4233 2133 4280 et

559 4299 728 4353 veluti
768 4309 1085 4354 coronatur.

626 4406 645 4439 ι
691 4388 758 4441 Et
785 4388 1004 4446 vidistis
1032 4393 1088 4446 in
1130 4409 1236 4449 me.
1279 4413 1298 4447 ι

630 4478 769 4544 Quia
819 4482 1032 4537 monuit
1073 4499 1171 4541 eos
1221 4495 1281 4540 ut
1319 4487 1676 4558 multiplicem
1721 4491 1981 4548 virtutem
2015 4509 2129 4549 am-
2163 4508 2207 4563 ι)

558 4570 936 4640 plexarentur,
1006 4577 1358 4632 veracitatem
1446 4578 1728 4645 nimirum,
1806 4584 2130 4651 gravitatem

560 4674 798 4728 morum,
826 4661 1119 4730 justitiam,
1154 4669 1485 4735 castitatem,
1531 4669 1826 4727 fraternam
1875 4674 2130 4730 dilectio-

559 4767 708 4816 nem,
780 4754 1240 4824 benedicentiam,
1291 4768 1348 4814 et
1399 4765 1584 4816 omnia
1644 4765 1848 4833 quibus
1909 4775 2130 4822 constat

559 4845 756 4908 virtus,
808 4859 930 4914 quae
960 4845 1161 4901 famam
1215 4849 1412 4905 bonam
1446 4851 1716 4919 aﬂ'erunt;
1758 4869 1882 4908 cum
1934 4857 2127 4910 horum

556 4935 805 4988 omnium
867 4936 1141 4992 sollicitos
1219 4953 1344 4994 esse
1406 4944 1701 5008 monuerit,
1754 4959 1822 4999 ne
1877 4945 2130 5001 videatur

558 5025 764 5094 aliquid
818 5027 900 5082 eis
946 5029 1126 5096 majus
1185 5030 1485 5100 praecipere
1515 5048 1678 5103 quam
1733 5037 1949 5105 assequi
1999 5053 2126 5107 pos-

558 5123 708 5181 sent,
738 5117 1067 5174 adhortatur
1091 5133 1190 5175 eos
1221 5127 1279 5173 ut
1304 5119 1371 5173 ad
1400 5125 1710 5193 exemplum
1744 5127 1828 5180 sui
1861 5126 1976 5181 hare
2005 5142 2127 5180 om-

559 5206 647 5260 nia
679 5217 943 5277 praastare
973 5210 1252 5266 studeant.
1289 5211 1435 5267 Idem
1468 5215 1635 5284 igitur
1674 5225 1758 5272 est
1793 5232 1857 5271 ac
1899 5219 1944 5272 si
1976 5217 2124 5272 dice-

558 5304 686 5349 ret:
740 5295 818 5351 Ne
876 5297 1264 5368 despondeatis
1310 5302 1579 5367 animum,
1633 5313 1892 5375 tanquam
1953 5307 2125 5360 ardua

532 5395 828 5454 praerepta
865 5388 978 5440 sint
1023 5397 1077 5442 et
1122 5389 1330 5458 majora
1365 5405 1527 5459 quam
1578 5402 1838 5461 prmstare
1873 5395 2124 5452 valeatis.

557 5474 860 5529 Audivistis
887 5477 1034 5532 enim
1063 5479 1323 5535 universa
1353 5481 1470 5536 haec
1507 5497 1593 5538 me
1623 5485 1868 5541 coluisse
1903 5506 1915 5540 :
1947 5503 2128 5558 neque

559 5565 736 5618 solum
772 5567 1084 5635 audivistis,
1119 5573 1213 5626 sed
1247 5581 1303 5627 et
1333 5575 1572 5630 vidistis.

622 5670 651 5704 ι
686 5652 812 5709 1132c
847 5657 1012 5725 agite,
1046 5669 1098 5714 et
1130 5661 1272 5716 Deus
1305 5667 1460 5734 pacis
1494 5668 1599 5720 erit
1641 5668 1945 5724 vobiscum.
1989 5692 2006 5722 ι

2247 3228 2364 3281 μαι.
2398 3211 2590 3264 Λείπει
2613 3211 2672 3266 δὲ
2700 3211 2781 3265 ἔτι
2811 3213 2938 3283 ὑμῖν
2967 3217 2999 3285 ὴ
3047 3217 3167 3268 κατ’
3201 3216 3405 3286 ἀρετὴν
3434 3214 3699 3278 πολιτεία,
3740 3209 3793 3280 ἦς

2246 3303 2340 3356 καὶ
2381 3304 2706 3375 ἀντέχεσθαι
2736 3306 2880 3375 ὑμᾶς
2922 3306 3196 3376 παραινῶ.
3246 3306 3317 3360 Τὸ
3352 3307 3574 3360 λοιπὸν
3603 3300 3690 3359 οὖν
3726 3303 3796 3354 λέ-

2244 3412 2326 3463 γε,
2377 3397 2476 3467 οὐχ
2519 3398 2600 3450 ὅτι
2643 3399 2841 3468 μικρὸν
2890 3399 2951 3451 τὸ
2996 3400 3117 3452 κατ’
3142 3397 3345 3469 ἀρετὴν
3401 3397 3793 3452 πολιτεύεσθαι·

2247 3487 2391 3556 μέγα
2423 3488 2562 3559 γάρ·
2599 3488 2714 3541 ἀλλ’
2745 3489 2827 3541 ὅτι
2865 3489 3061 3560 μικρὸν
3107 3489 3181 3552 ὡς
3213 3490 3348 3560 πρὸς
3385 3490 3674 3560 σύγκρισιν
3713 3487 3794 3556 τῆς

2243 3577 2501 3640 πίστεως,
2553 3578 2646 3630 καὶ
2692 3577 3031 3647 περίλοιπον.
3085 3579 3142 3630 '0
3184 3579 3292 3649 γάρ
3318 3578 3592 3648 θεμέλιος,
3640 3577 3726 3632 καὶ
3766 3576 3794 3646 ἡ

2241 3667 2566 3739 ἀσφάλειαὴ
2596 3670 2779 3732 πίστις
2806 3670 2974 3734 ἐστὶν,
3015 3665 3082 3742 ἦς
3127 3671 3256 3724 ἀνευ
3301 3671 3364 3723 οὐ
3405 3669 3632 3723 δυνατὸν
3674 3670 3793 3720 οἰκο-

2240 3757 2544 3828 δομηθῆναι
2574 3777 2646 3813 τι.
2691 3760 2843 3814 Ἐπεὶ
2871 3761 2990 3814 οῦδέ
3015 3760 3270 3830 οἰκοδομή
3293 3761 3463 3825 ἐστιν,
3485 3761 3673 3831 ὥσπερ
3694 3758 3793 3812 οὐδὲ

2239 3847 2385 3913 οἶκος
2419 3851 2547 3905 ἀνευ
2576 3852 2860 3922 θεμελίων.
2894 3855 3083 3909 Ἔστιν
3109 3851 3204 3908 οὖν
3232 3857 3265 3925 ή
3293 3855 3392 3925 μὲν
3421 3854 3605 3918 πίστις
3628 3854 3694 3906 τά
3717 3850 3793 3902 θεο

2243 3944 2420 4013 μέλια,
2444 3943 2536 3997 καὶ
2553 3946 2585 4014 ή
2601 3945 2695 3997 τοῦ
2722 3945 2920 4010 παντὸς
2945 3945 3095 4000 οίκου
3126 3947 3404 4016 οἰκοδομὴ,
3426 3946 3483 3998 αί
3501 3945 3558 3998 δὲ
3593 3943 3796 4015 πράξεις

2239 4039 2295 4089 αξ
2326 4038 2883 4110 κατ’ἀρετὴν,ὀρόφῳ
2912 4039 3122 4093 ἐοίκασι
3155 4039 3495 4109 συγκλείοντι
3535 4040 3630 4095 καὶ
3651 4034 3792 4092 οίονεὶ

2240 4128 2594 4196 στεφανοῦντι
2629 4130 2691 4183 τὸ
2727 4132 2836 4185 πᾶν
2875 4131 3234 4202 οίκοδόιιημα.

2313 4421 2329 4450 ι
2375 4400 2482 4452 Καὶ
2516 4399 2682 4451 εἰδετε
2717 4400 2774 4451 ὲν
2803 4398 2950 4468 ἐμοί.
3006 4415 3024 4448 ι

2319 4490 2537 4562 Ἐπειδὴ
2593 4490 2792 4558 πολλῆς
2839 4489 3042 4560 ἀρετῆς
3089 4486 3242 4542 εἶπεν
3282 4489 3623 4571 ἀντέχεσθαι,
3681 4487 3790 4555 ἀλῃ-

2232 4585 2402 4647 θείας,
2457 4582 2811 4653 σεμνότητος,
2856 4581 3224 4651 δικαιοσύνης,
3274 4581 3518 4648 ἁγνείας,
3560 4580 3785 4651 φιλαδελ-

2229 4679 2381 4746 φίας,
2407 4661 2674 4742 εὐλογίας,
2702 4675 2797 4727 καὶ
2829 4674 3052 4726 πάντων
3074 4674 3173 4726 ὅσα
3200 4673 3446 4726 ποιοῦσιν
3466 4673 3679 4744 ἀρετὴν,
3699 4673 3787 4724 ὅσα

2229 4768 2504 4837 εὐφημίαν
2521 4785 2533 4798 ο
2563 4766 2749 4836 ἐπειδὴ
2771 4765 2975 4818 τούτων
2996 4765 3212 4819 πάντων
3233 4760 3390 4817 εἶπεν
3409 4762 3785 4835 ἐπιμελεῖσθαι,

2232 4859 2318 4912 ἵνα
2356 4859 2430 4928 μὴ
2477 4858 2600 4929 δόξῃ
2655 4857 2879 4927 μείζονα
2925 4853 3001 4910 ὧν
3046 4859 3232 4926 ἴσχυον
3279 4858 3454 4908 ποιεῖν
3502 4856 3785 4909 ἐπιτάττειν

2229 4949 2430 5011 αὐτοῖς,
2479 4947 2669 5000 τούτου
2701 4947 2862 5016 χάριν
2916 4945 3005 5013 ἐφ’
3035 4943 3231 4998 ἑαυτοῦ
3279 4945 3360 5005 εἰς
3405 4944 3468 4996 τὺ
3510 4939 3786 5011 κατορθοῦν

2227 5040 2368 5092 αὐτὰ
2398 5038 2707 5108 παρακαλεί
2741 5036 2957 5099 αὐτούς.
3009 5036 3234 5105 Ὅμοιον
3281 5035 3375 5088 οῦν
3419 5035 3498 5097 ὡς
3541 5037 3586 5088 εί
3616 5034 3782 5100 λέγοι·

2230 5130 2343 5183 Ἵνα
2377 5130 2452 5200 μὴ
2502 5129 2858 5198 ἀκηδιάσητε,
2910 5126 2987 5188 ὼς
3035 5126 3286 5196 μεγάλων
3327 5125 3498 5178 ὄντων
3537 5125 3634 5176 τῶν
3678 5124 3786 5173 £32:-

2225 5223 2542 5292 ταγμάτων,
2571 5222 2664 5274 καὶ
2696 5220 2961 5290 μειζόνων
2992 5219 3024 5289 ἢ
3056 5218 3316 5272 δύνασθαι
3349 5215 3655 5288 κατορθοῦν.
3701 5210 3782 5262 ἐν

2226 5319 2351 5384 ἐμοὶ
2377 5315 2506 5387 γὰρ,
2539 5316 2724 5384 φησὶν,
2761 5315 2978 5368 ἅπαντα
3001 5311 3276 5382 ἠκούσατε
3306 5310 3580 5382 γινόμενα,
3613 5305 3701 5357 καὶ
3725 5301 3782 5353 οὐ

2230 5405 2389 5475 μόνον
2421 5406 2714 5474 ἠκούσατε,
2749 5406 2886 5459 ἀλλά
2920 5409 3016 5460 καὶ
3044 5407 3324 5460 τεθέασθε.

2299 5688 2316 5717 ι
2370 5667 2554 5721 Ταῦτα
2583 5671 2876 5737 πράσσετε,
2919 5671 3012 5722 καὶ
3041 5670 3070 5721 ὁ
3093 5671 3227 5730 Θεὸς
3263 5672 3362 5741 τῆς
3393 5673 3598 5743 εἰρήνης
3623 5667 3777 5718 ἔσται

2229 5757 2347 5828 μεθ’
2383 5759 2555 5828 ὑμῶν.
2613 5779 2632 5810 ι
