3844 6398
100 375 191 440 881
1167 378 1245 437 1N
1288 376 1522 436 EPIST.
1563 375 1661 434 AD
1698 375 2262 437 PHILIPPENSES.

3210 380 3322 441 882
3382 354 3385 356 .

162 486 428 556 Παραινῶ.
462 487 616 557 φησὶ,
667 492 845 544 ποιεῖν
889 491 1051 556 αὑτὰ,
1086 492 1274 562 ἐπειδὴ
1304 491 1397 546 καὶ
1431 491 1605 563 μέγας
1628 487 1655 538 ὁ

1822 482 2030 541 Hortor
2082 501 2200 551 vos,
2258 486 2460 556 inquit,
2512 494 2572 539 ut
2613 484 2729 540 lucc
2774 485 3010 549 faciatis,
3060 487 3320 555 quoniam

99 578 230 648 ὑπὲρ
248 578 426 631 αὑτῶν
445 578 637 649 μισθός
655 595 669 608 ·
695 574 849 644 οὗτος
872 581 930 635 δέ
957 583 1131 647 ἔστιν,
1152 582 1213 637 τὸ
1238 582 1486 637 σύνοικον
1512 581 1656 653 ἔχειν

96 670 180 721 τὸν
209 668 359 721 Θεόν.

168 778 188 810 ι
238 761 470 832 Ἐχάρην
516 762 575 815 δὲ
611 763 670 817 ἐν
718 764 910 835 Κυρίῳ
942 764 1221 834 μεγάλως,
1260 767 1343 821 ὅτι
1388 766 1489 836 ήδη
1524 768 1656 820 ποτὲ

98 849 376 904 ἀνεθάλετε
419 853 481 905 τὺ
524 853 671 923 ὑπὲρ
702 854 836 923 ὶμοῦ
879 857 1120 925 φρονεῖν,
1162 856 1248 925 ἐφ’
1279 850 1324 925 ᾧ
1357 858 1451 910 καὶ
1493 859 1656 928 ἐφρο-

98 942 224 991 νεῖτε
246 956 261 970 ο
300 941 618 1012 ἠκαιρεῖσθε
642 944 699 997 δέ
717 959 731 974 ·
777 944 875 1013 οὑχ
901 946 984 999 ὅτι
1012 946 1136 1005 καθ’
1167 946 1457 1017 ὑστέρησιν
1489 948 1652 1014 λέγω.

110 1028 239 1098 Ἐγὼ
265 1029 373 1101 γὰρ
398 1031 600 1101 ἔμαθον
640 1035 698 1087 ὲν
735 1028 817 1096 οἷς
864 1037 982 1106 εἰμὶ
1011 1038 1293 1108 αὐτάρκης
1324 1036 1485 1094 εἶναι.
1525 1035 1655 1093 Οἶδα

97 1123 184 1176 καὶ
211 1124 618 1190 ταπεινοῦσθαι,
660 1122 778 1180 οῖδα
824 1130 922 1182 καὶ
961 1132 1310 1201 περισσεύειν
1356 1134 1415 1185 ἐν
1458 1133 1653 1187 παντί⁶

99 1215 182 1267 καὶ
224 1216 281 1267 ὲν
327 1218 460 1269 πᾶσι
498 1218 808 1289 μεμύημαι,
859 1221 953 1275 καὶ
1000 1223 1360 1294 χορτάζεσθαι
1401 1224 1492 1277 καὶ
1538 1241 1656 1278 πει-

96 1308 201 1375 νᾷν,
230 1308 322 1360 καὶ
353 1310 723 1379 περισσεύειν,
756 1312 848 1365 καὶ
878 1313 1239 1385 ὑστερεῖσθαι.
1275 1316 1457 1370 Πάντα
1489 1315 1657 1386 ίσχύω

96 1401 145 1451 ἐν
170 1401 243 1471 τῷ
277 1401 659 1471 ἐνδυναμοῦντί
694 1421 761 1474 με
787 1403 1027 1476 Χριστῷ.
1068 1406 1214 1479 Πλὴν
1254 1408 1435 1471 καλῶς
1469 1409 1659 1477 ἐποιή-

97 1508 211 1544 σατε
277 1495 809 1565 συγκοινωνήσαντές
860 1513 962 1566 μου
1020 1500 1087 1569 τῇ
1131 1498 1324 1567 θλίψει.
1372 1498 1562 1552 Οῐδατε
1598 1497 1657 1551 δὲ

97 1584 179 1635 καὶ
227 1584 409 1653 ὑμεῖς,
456 1585 834 1656 Φιλιππήσιοι,
870 1589 952 1642 ὅτι
980 1591 1038 1643 ιν
1083 1591 1224 1662 ἀρχῇ
1273 1589 1368 1645 τοῦ
1416 1590 1659 1658 Euan:-

92 1674 216 1739 λίου,
242 1676 331 1728 ὅτε
367 1675 591 1746 ἐξῆλθον
620 1678 730 1731 ἀπὸ
764 1681 1121 1745 Μακεδονίας,
1149 1683 1373 1753 οὐδεμία
1401 1701 1491 1754 μοι
1531 1684 1656 1736 Ἐκ·-

95 1764 275 1869 κλησία
300 1766 660 1869 ἐκοινώνησεν
691 1771 771 1833 είς
801 1770 959 1839 λόγον
985 1772 1181 1835 δόσεως
1204 1775 1300 1828 καὶ
1329 1774 1564 1844 λήψεως,
1604 1775 1653 1828 εί
1684 1812 1725 1869 Β

98 1856 163 1924 μὴ
199 1857 355 1926 ὑμεῖς
388 1857 538 1927 μόνοι
560 1872 577 1889 ο
616 1861 698 1913 ὅτι
725 1862 819 1914 xci.
856 1864 914 1915 ὲν
940 1862 1329 1934 Θεσσαλονίκῃ,
1358 1866 1453 1918 καὶ
1481 1864 1647 1930 ἅπαξ,

95 1948 177 2002 καὶ
205 1949 284 2013 δὶς
312 1952 394 2014 είς
422 1952 521 2022 τὴν
568 1953 758 2024 χρείαν
801 1970 903 2023 μου
934 1953 1246 2025 ἐπέμψατε·
1281 1954 1381 2026 οὑχ
1419 1955 1503 2009 ὅτι
1539 1956 1653 2009 ἐπι·

93 2040 228 2111 ζητῶ
258 2044 351 2095 τὸν
386 2046 602 2115 καρπὸν
642 2046 734 2099 τὸν
773 2045 1141 2110 πλεονάζοντα
1181 2047 1261 2108 είς
1289 2045 1446 2114 λόγον
1475 2045 1648 2116 ὑμῶν.

106 2134 299 2203 Ἀπέχω
330 2134 389 2189 δὲ
415 2136 611 2198 πάντα,
646 2138 742 2190 καὶ
780 2138 1122 2203 περισσεύωο
1163 2138 1534 2210 πεπλήρωμαι
1561 2139 1647 2194 δε-

94 2221 307 2292 ξάμενος
340 2226 473 2296 παρ’
519 2226 910 2301 Ἐπαφροδίτου
933 2229 1002 2282 τὰ
1032 2230 1161 2300 παρ’
1189 2229 1364 2298 ὑμῶν.
1415 2249 1434 2283 ι

157 2404 284 2475 Περὶ
332 2406 433 2475 τῆς
476 2406 755 2471 διακονίας
794 2402 863 2480 ἧς
901 2408 1227 2463 ἀπέστειλαν
1267 2408 1435 2479 αὑτῷ,
1481 2407 1649 2477 λέγει.

101 2492 288 2564 Ἐχάρη
311 2494 392 2559 δὲ,
438 2497 535 2567 οὑχ
560 2498 642 2551 ὃτι
669 2497 882 2563 ἔλασεν,
906 2497 1024 2553 ἀλλ’
1052 2501 1134 2553 ὅτι
1163 2498 1374 2569 καρπὸν
1411 2500 1570 2570 ἔσχον
1602 2503 1651 2554 oi

95 2582 344 2654 μαθηταί.
377 2586 440 2638 Et
471 2587 579 2658 γάρ
616 2590 645 2640 ὁ
674 2588 878 2659 Κύριος
911 2589 1156 2655 διέταξεν
1192 2591 1390 2652 αὑτοὺς
1430 2591 1650 2655 διδόναι,

95 2673 198 2736 πῶς
223 2676 321 2727 οὑκ
344 2675 570 2730 ἐπταιον
593 2678 667 2748 μὴ
690 2679 955 2746 διδόντεςς
977 2679 1206 2741 Οἱκείως
1224 2679 1319 2733 σῦν
1344 2681 1549 2752 σφόδρα
1570 2680 1649 2744 τὺ,

93 2767 420 2833 ἀνεθάλετε,
445 2765 618 2825 εἶπεν.
654 2771 823 2843 Ἀρχὴ
850 2772 961 2844 γὰρ
982 2771 1191 2840 ἀγαθοῦ
1214 2769 1427 2841 καρποῦ
1454 2773 1488 2841 ἡ
1518 2771 1655 2841 πρὸς

93 2856 207 2919 τοὺς
243 2859 601 2924 διδασκάλους
645 2864 920 2928 κοινωνία,
966 2862 1155 2933 ὥσπερ
1197 2862 1388 2933 ἀμέλει
1422 2862 1514 2915 καὶ
1558 2878 1657 2933 μα-

95 2950 309 3019 ρασμοῦ,
338 2954 376 3023 ὴ
405 2951 609 3008 τούτων
648 2954 811 3026 λήθη.

165 3172 179 3202 ι
235 3154 446 3224 Ὀσμὴν
488 3153 739 3222 εὐωδίας,
772 3154 965 3211 θυσίαν
990 3155 1207 3228 δεκτήν,
1239 3156 1531 3229 εὐάρεστον
1574 3155 1653 3229 τῷ
1679 3158 1723 3219 C

93 3244 217 3301 Θεῶ.
274 3265 293 3299 ι

156 3336 320 3392 Τοῦτο
346 3337 458 3411 γάρ
484 3339 599 3395 ἐστι
629 3340 689 3395 τὸ
715 3343 952 3412 παρέχον
980 3343 1161 3406 αὑτοῖς
1180 3343 1499 3407 εύωδιάζειν
1520 3360 1536 3375 θ
1570 3342 1657 3396 νό-

99 3446 184 3497 μον
208 3429 315 3503 γὰρ
360 3430 507 3486 θεῖον
535 3432 855 3504 πληροῦσιν.

162 3541 175 3570 ι
232 3520 288 3574 '0
328 3522 390 3575 δὲ
431 3523 562 3586 Θεός
593 3540 695 3593 μου
739 3520 1004 3596 πληρώσῃ
1055 3525 1234 3577 πᾶσαν
1277 3523 1466 3594 χρείαν
1502 3524 1656 3595 ὑμῶν

97 3609 220 3662 κατᾶ
242 3610 333 3663 τὸν
377 3609 605 3664 πλοῦτον
634 3611 798 3665 αὑτοῦ
828 3613 885 3665 ὲν
912 3610 1059 3681 δόξῃ,
1101 3614 1160 3665 ἐν
1196 3612 1418 3683 Χριστῷ
1454 3613 1652 3682 Ἰησοῦ.

97 3700 175 3771 Τῷ
198 3702 311 3775 Θεῷ
337 3702 436 3757 καὶ
458 3704 631 3775 Ila-cpi.
663 3706 695 3775 ἡ
704 3705 819 3773 μῶν
850 3708 883 3775 ὴ
918 3704 1045 3770 δόξα
1074 3708 1151 3770 είς
1174 3708 1297 3770 τοὺς
1322 3708 1523 3771 αἰῶνας
1548 3709 1657 3761 τῶν

100 3792 310 3847 αἰώνων.
356 3795 554 3865 Ἀμήν.
601 3795 946 3848 Ἀσπάσασθε
980 3796 1154 3849 πάντα
1177 3798 1328 3865 ἆγιον
1357 3801 1412 3851 ὲν
1438 3798 1659 3869 Χριστῷ

110 3883 288 3952 Ἰησοῦ.
355 3885 717 3949 Ἀσπάζονται
769 3887 915 3957 ὑμᾶς
962 3889 1010 3940 οί
1078 3887 1175 3940 σὺν
1235 3888 1359 3958 ἐμοὶ
1403 3888 1654 3958 ἀδελφοί·

102 3975 419 4040 ἀσπάζονται
447 3976 593 4048 ὑμᾶς
627 3978 824 4040 πάντες
850 3978 899 4029 οἱ
932 3977 1095 4045 ἅγιοι.
1128 3979 1372 4032 Μάλιστα
1405 3978 1483 4031 δέ.
1526 3997 1544 4029 ι

162 4154 295 4224 Ὅρα
338 4153 443 4223 τῆς
487 4153 763 4216 διακονίας
810 4152 975 4217 πόσος
1006 4156 1034 4207 ό
1066 4153 1277 4223 καρπός
1299 4170 1314 4184 ο
1342 4154 1402 4207 τὸ
1441 4155 1660 4208 πλουτι-

105 4245 279 4315 σθῆναι
301 4246 506 4309 αὑτοὺς
547 4246 605 4299 ὲν
638 4244 763 4317 δόξῃ
792 4243 1030 4316 Χριστοῦ
1056 4260 1071 4275 ·
1106 4244 1225 4315 ἅμα
1246 4244 1303 4297 δὲ
1342 4246 1438 4298 καὶ
1476 4246 1660 4316 ἡρέμα

102 4337 279 4399 αὐτοὺς
318 4337 585 4401 διδάσκει,
617 4336 692 4399 ὡς
721 4335 808 4389 διὰ
837 4336 898 4389 τὸ
928 4337 1201 4405 χρήσιμον
1230 4336 1411 4389 αὑτῶν
1440 4336 1661 4389 ἐκέλευ-

1757 588 1954 645 magna
1997 590 2099 645 pro
2147 579 2227 632 eis
2277 592 2491 631 merces
2522 574 2792 630 redditur.
2832 574 2956 630 llaec
3005 590 3171 646 porro
3205 584 3321 642 est,

1756 680 1865 734 qua
1890 666 2308 721 contubernalis
2342 665 2573 720 habetur
2602 665 2769 721 Deus.

1830 755 1994 812 Vsus.
2034 756 2224 813 10-18.
2264 774 2283 807 ι
2333 755 2567 811 Gavisus
2612 771 2734 811 sum
2785 764 2963 810 autem
2994 756 3050 809 in
3090 753 3325 809 Domino

1755 850 2127 914 vehementer,
2176 848 2437 917 quoniam
2470 848 2691 902 tandem
2739 846 3036 917 aliquando
3070 845 3323 901 reﬂoruio

1756 939 1859 992 stis
1888 953 1988 1008 pro
2016 954 2102 993 me
2135 939 2361 1003 sentire,
2404 940 2545 994 sicut
2576 947 2631 994 ct
2656 937 2981 994 sentiebatis
3009 953 3025 989 :
3066 943 3321 1006 occupati

1756 1036 1938 1082 autem
1982 1030 2171 1084 eratis.
2206 1028 2328 1083 Non
2374 1029 2532 1099 quasi
2578 1038 2802 1099 propter
2841 1028 3129 1098 penuriam
3153 1028 3321 1081 dico:

1755 1133 1859 1188 ego
1909 1119 2057 1175 enim
2104 1120 2296 1186 didici,
2328 1120 2386 1176 in
2436 1120 2639 1191 quibus
2692 1134 2839 1183 sum,
2873 1118 3151 1175 suiliciens
3176 1131 3321 1173 esse.

1757 1208 1886 1264 Scio
1917 1218 1973 1265 et
2003 1211 2304 1276 humiliari,
2351 1212 2471 1268 scio
2519 1219 2575 1266 et
2603 1210 2887 1267 abundare
2914 1210 3142 1280 (ubique
3172 1218 3225 1263 et
3260 1207 3318 1262 in

1757 1300 2018 1356 omnibus
2050 1301 2344 1357 institutus
2374 1301 2520 1371 sum)
2552 1309 2609 1357 et
2652 1301 2872 1363 satiari,
2925 1308 2981 1355 et
3006 1299 3243 1363 esurire,
3269 1305 3327 1353 et

1757 1392 2062 1458 abundare,
2090 1400 2145 1448 et
2175 1393 2462 1464 penuriam
2512 1392 2647 1463 pati.
2680 1390 2878 1447 Omnia
2925 1405 3150 1462 possum
3178 1390 3231 1444 in
3260 1404 3328 1444 eo
3392 1430 3393 1433 η

1756 1483 1850 1553 qui
1884 1485 2166 1539 conlortat
2206 1500 2314 1548 me,
2339 1484 2584 1539 Christo.
2606 1483 2995 1540 Verumtamen
3024 1482 3164 1538 bene
3194 1481 3328 1536 feci-

1758 1573 1859 1628 stis
1878 1573 2353 1629 communieantes
2383 1574 2729 1637 tribulationi
2762 1588 2917 1629 meae.
2950 1572 3120 1627 Scitis
3143 1580 3324 1627 autem

1757 1674 1813 1717 et
1845 1677 1965 1727 vos,
1993 1661 2395 1733 Philippenses,
2446 1664 2597 1735 quod
2638 1664 2693 1718 in
2724 1663 2998 1734 principio
3025 1661 3326 1732 Evangelii,

1760 1754 1979 1822 quando
2035 1753 2318 1823 profectus
2374 1770 2495 1811 sum
2551 1770 2583 1809 a
2634 1754 2974 1819 Macedonia,
3010 1754 3160 1809 nulla
3189 1752 3327 1807 mihi

1758 1844 2004 1900 Ecclesia
2049 1846 2477 1902 communicavit
2506 1847 2563 1901 in
2608 1845 2822 1901 ratione
2851 1845 2965 1900 dati
2998 1856 3052 1901 et
3095 1843 3326 1914 accepti,
3398 1912 3401 1915 Α

1759 1936 1863 1989 nisi
1891 1950 1989 1991 vos
2022 1937 2124 1991 soli
2157 1956 2171 1992 ε
2204 1938 2333 2007 quia
2377 1947 2431 1993 et
2460 1936 2911 1992 Thessalonicam
2959 1934 3125 1990 semel
3155 1943 3210 1989 et
3240 1933 3327 1987 bis

1758 2027 1812 2081 in
1847 2043 2009 2083 usum
2046 2028 2181 2083 mihi
2221 2029 2476 2085 misistis.
2527 2028 2644 2083 Non
2692 2029 2821 2098 quia
2870 2042 3063 2098 quaero
3110 2026 3322 2087 datum,

1757 2120 1855 2175 sed
1892 2120 2120 2190 requiro
2172 2120 2414 2174 fructum
2467 2118 2836 2173 abundantem
2882 2118 2936 2171 in
2984 2116 3197 2169 ratione
3234 2127 3327 2167 ve-

1759 2224 1893 2269 stra.
1954 2210 2141 2269 Habeo
2192 2222 2376 2267 autem
2424 2211 2632 2273 omnia,
2676 2217 2731 2263 et
2772 2206 3041 2263 abundo:
3085 2200 3329 2274 repletus

1758 2319 1903 2367 sum,
1929 2305 2174 2374 acceptis
2202 2302 2270 2355 ab
2300 2298 2674 2370 Epaphrodito
2705 2312 2828 2367 quae
2852 2311 2883 2350 a
2920 2294 3078 2349 vobis
3115 2299 3268 2349 sunt.
3303 2309 3323 2343 ι

1828 2397 1903 2451 De
1941 2395 2349 2451 ministratione
2385 2407 2553 2462 quam
2581 2390 2687 2446 sibi
2729 2391 3017 2453 miserant,
3056 2387 3324 2457 loquitur.

1758 2484 2072 2538 Lmtabatur
2130 2490 2336 2548 autem,
2394 2495 2505 2536 non
2551 2479 2679 2550 quia
2728 2486 3038 2549 acceperat,
3066 2475 3164 2532 sed
3198 2474 3327 2544 quia

1758 2575 2015 2645 discipuli
2062 2574 2303 2629 fructum
2355 2573 2686 2629 habuerant.
2717 2570 2876 2635 Nam,
2916 2585 3043 2627 cum
3072 2568 3330 2624 Christus

1757 2666 1993 2735 jusserit
2022 2667 2073 2699 "
2104 2680 2200 2721 eos
2250 2664 2463 2735 largiri,
2512 2661 2742 2733 quinam
2801 2675 2909 2716 non
2956 2660 3009 2714 in
3041 2663 3328 2728 peccatum

1762 2756 2150 2818 incurrissent,
2205 2756 2436 2808 minime
2480 2751 2791 2823 largiendo.
2848 2747 3113 2819 Apposite
3159 2745 3331 2814 igitur

1761 2847 1859 2912 ait,
1911 2846 2255 2915 reﬂoruistis.
2304 2843 2441 2898 Boni
2490 2841 2764 2912 siquidem
2841 2840 3055 2893 fructus
3106 2835 3328 2890 initium

1760 2944 1846 2992 est
1874 2934 2302 2991 communicatio
2328 2934 2471 3001 feum
2510 2930 2829 3001 magistris;
2862 2924 3325 2999 quemadmodum

1762 3027 2057 3091 marcoris,
2094 3025 2289 3081 horum
2322 3022 2548 3079 oblivio.

1834 3137 1856 3172 ι
1893 3100 2128 3177 Odorem
2164 3116 2477 3182 suavitatis,
2529 3115 2768 3173 hostiam
2802 3120 3081 3183 acceptam
3110 3108 3332 3180 placen-

1756 3240 1864 3288 tem
1890 3231 2021 3287 Deo.
2063 3248 2082 3284 ι

1828 3320 1944 3376 Hoc
1967 3322 2113 3376 enim
2144 3320 2361 3376 confert
2390 3320 2474 3375 eis
2502 3325 2561 3372 ut
2585 3316 2792 3372 bonum
2817 3317 3040 3372 odorem
3075 3312 3317 3384 spirent;

1754 3415 1956 3485 quippe
1988 3415 2081 3483 qui
2125 3413 2297 3482 legem
2337 3411 2431 3467 Dei
2468 3411 2750 3481 impleant.

1828 3505 1992 3559 Vsus.
2027 3503 2218 3557 £9.25.
2257 3520 2277 3553 ι
2318 3501 2464 3557 Deus
2498 3509 2683 3556 autem
2714 3514 2870 3555 meus
2904 3498 3128 3568 impleat
3159 3512 3324 3552 omne

1757 3593 2095 3650 desiderium
2148 3604 2420 3656 vesnum,
2468 3589 2771 3644 secundum
2821 3588 3044 3642 divitias
3108 3601 3239 3643 suas
3267 3587 3324 3640 in

1756 3685 1931 3756 gloria
1961 3684 2017 3738 in
2057 3682 2277 3738 Christo
2308 3680 2458 3737 Jcsu.
2515 3679 2624 3734 Deo
2655 3686 2836 3734 autem
2869 3688 2924 3733 et
2952 3678 3101 3732 Patri
3134 3687 3328 3733 nostro

1758 3775 1929 3846 gloria
1967 3775 2022 3828 in
2054 3774 2253 3830 saecula
2293 3771 2642 3828 saeculorum.
2697 3772 2889 3825 Amen.
2926 3770 3176 3824 Salutate
3209 3784 3326 3824 om.

1759 3883 1879 3925 nem
1935 3873 2188 3921 sanctum
2251 3864 2305 3918 in
2349 3863 2573 3918 Christo
2619 3861 2770 3917 Jesu.
2811 3861 3067 3916 Salutant
3102 3876 3202 3916 vos
3235 3876 3328 3931 qut

1762 3972 1974 4012 mecum
2005 3967 2155 4021 sunt,
2205 3954 2425 4009 fratres.
2470 3953 2727 4008 Salutant
2765 3967 2864 4009 vos
2896 3967 3090 4009 omnes
3125 3953 3326 4007 sancti.

1760 4048 1995 4103 Maxime
2021 4056 2225 4101 autem.
2263 4066 2283 4098 ι

1829 4139 1991 4210 205
2027 4139 2248 4196 Videsis
2287 4150 2526 4211 quantus
2565 4138 2786 4192 fructus
2839 4132 3072 4204 praestiti
3123 4131 3285 4187 cilicii
3312 4173 3328 4198 ,

1760 4233 1907 4303 quod
1941 4232 2351 4301 locupletentur
2390 4230 2444 4284 in
2486 4228 2663 4300 gloria
2700 4224 2931 4279 Christi.
2986 4222 3162 4277 Simul
3200 4236 3331 4275 vero

1760 4339 1856 4378 cos
1888 4323 2059 4376 tacite
2110 4321 2302 4385 docet,
2353 4327 2575 4391 propter
2628 4315 2931 4369 utilitatem
2978 4312 3229 4381 ipsorum
3270 4325 3332 4365 se

105 4443 182 4479 σεν
210 4430 408 4491 αὑτοὺς
430 4429 458 4480 δ
483 4428 718 4497 Χριστὸς
745 4429 1020 4481 κοινωνεῖν
1047 4431 1158 4490 τοῖς
1188 4426 1549 4491 διδασκάλοις,
1570 4427 1655 4480 ἴνα

1773 4412 2094 4483 praecepisse
2123 4420 2184 4464 ut
2216 4411 2474 4465 carnalia
2520 4422 2644 4462 cum
2688 4403 2967 4472 magistris
3018 4401 3334 4455 communi-

102 4516 194 4566 τῶν
242 4517 633 4587 πνευματικῶν
685 4517 863 4570 αὑτῶν
906 4506 1306 4587 μεταλάϐωσιν.
1357 4518 1507 4569 Ἐπεὶ
1542 4518 1655 4580 πῶς

1773 4512 1999 4566 carent,
2038 4517 2151 4571 quo
2189 4500 2569 4571 spiritualium
2610 4497 2885 4551 bonorum
2926 4507 3117 4547 eorum
3158 4491 3334 4561 parti-

102 4606 187 4658 οὐκ
214 4607 444 4677 ἠδύνατο
473 4611 500 4661 ὁ
527 4608 755 4671 τούτους
779 4607 1102 4670 πλουτίζων,
1137 4606 1378 4667 καὶτοὺς
1404 4606 1661 4658 διδασκά-

101 4695 212 4760 λους
255 4699 585 4763 πλουτίσαις
626 4698 768 4751 Ἀλλ’
806 4698 1088 4768 οἰκονομίᾳ
1134 4697 1293 4750 τοῦτο
1333 4698 1656 4764 πεποίηκεν,

106 4788 176 4840 ἵνα
208 4791 299 4842 καὶ
334 4793 386 4843 oi
424 4791 734 4845 διδάσκαλοι
766 4791 840 4861 μὴ
870 4789 1315 4860 κατεπαίρωνται
1345 4787 1453 4841 τῶν
1485 4788 1662 4858 μαθη-

104 4878 217 4938 τῶν.
246 4881 321 4943 ὡς
351 4880 561 4952 δωρεὰν
583 4880 780 4943 αὑτοὺς
803 4879 1202 4944 πλουτίζοντες,
1236 4879 1374 4949 μήτε
1411 4879 1461 4930 οί
1489 4877 1662 4946 μαθη-

103 4972 181 5020 ταὶ
204 4972 514 5042 ἀκηδιῶσιν,
551 4972 625 5035 ὼς
653 4972 740 5024 dei.
773 4974 830 5025 ὲν
862 4974 927 5041 τῇ
955 4970 1065 5023 τῶν
1087 4969 1476 5039 πτωχευόντων
1508 4968 1661 5030 ὄντες

103 5061 262 5128 τάξει,
304 5064 402 5116 καὶ
451 5063 619 5133 μηδὲν
674 5062 1050 5132 μεταδιδόντες
1105 5062 1307 5133 αὑτοῖς.
1357 5060 1455 5112 Διὰ
1505 5059 1663 5111 τοῦτο

106 5124 336 5210 ἀνάδοσιν
361 5124 462 5210 καὶ.
487 5124 768 5211 κοινωνίαν
800 5124 1055 5209 ἐκέλευσε
1095 5124 1359 5224 γίνεσὲαι,
1396 5154 1444 5205 εί
1477 5153 1569 5206 καὶ
1596 5152 1663 5205 τὰ

106 5247 199 5300 τῶν
218 5248 549 5303 διδασκάλων
586 5247 929 5320 ἀσυγκρίτως
963 5246 1202 5318 μείζονα.

172 5440 190 5470 ι
230 5423 293 5475 Οἱ
335 5424 402 5475 ὲκ
443 5424 538 5493 τῆς
594 5422 872 5495 Καίσαρος
894 5423 1093 5483 οἰκίας.
1134 5421 1201 5474 Ἦ
1232 5420 1391 5491 χάρις
1420 5416 1513 5472 τοῦ
1548 5416 1661 5471 Κυ-

112 5507 215 5573 ρίου
258 5509 436 5581 Ἰησοῦ
456 5510 712 5582 Χριστοῦ.
750 5531 767 5563 ι

172 5599 578 5672 Παραμυθείται
640 5601 847 5674 σφόδρα
884 5600 1081 5664 αὑτοὺς
1104 5640 1119 5665 ,
1152 5598 1228 5668 τῷ
1276 5599 1355 5662 είς
1390 5598 1478 5652 τὸν
1518 5592 1664 5650 οἷκον

176 5774 220 5806 ⁸⁵
245 5776 380 5832 Luc.
417 5793 470 5843 ι,
492 5780 540 5832 7.

1767 4596 1922 4663 (Elpes
1973 4593 2192 4648 ﬁerent.
2257 4592 2440 4645 Eccur
2495 4588 2640 4643 enim
2694 4600 2803 4639 non
2862 4590 3031 4652 queat
3086 4582 3177 4637 illc
3239 4580 3335 4649 qui

1768 4690 1916 4753 ipsos
1958 4684 2132 4746 ditat,
2178 4681 2481 4751 magistros
2523 4691 2748 4747 quoque
2795 4675 3137 4744 locupletare
3157 4672 3195 4725 τ·
3225 4669 3338 4725 Sed

1763 4776 2023 4831 consulto
2048 4775 2101 4828 id
2129 4773 2297 4835 fecit,
2332 4787 2401 4825 ne
2432 4769 2684 4841 magistri
2720 4769 2989 4823 adversus
3024 4761 3338 4831 discipulos

1766 4866 2113 4937 arrogantius
2150 4862 2573 4925 extollerentur,
2618 4875 2682 4915 ac
2723 4859 2767 4914 si
2808 4857 2984 4927 gratis
3026 4856 3154 4909 illos
3193 4851 3339 4905 divi-

1768 4960 1860 5012 tiis
1895 4958 2013 5013 suis
2046 4963 2313 5026 augerent
2343 4972 2357 5008 :
2399 4967 2496 5007 nec
2527 4966 2751 5007 rursum
2785 4946 3045 5017 discipuli
3083 4942 3337 4999 nimrcnli

1768 5051 1953 5104 animo
1981 5055 2168 5104 essent
2188 5086 2203 5110 ,
2239 5043 2382 5115 quod
2416 5058 2633 5113 semper
2662 5043 2809 5095 inter
2838 5050 3041 5108 egenos
3068 5032 3339 5087 haberen-

1770 5150 1880 5202 tur,
1915 5136 2165 5204 nihilque
2196 5135 2281 5189 eis
2315 5133 2694 5203 impartirent.
2732 5129 3003 5195 Quocirca
3038 5134 3340 5192 repensare

1770 5227 2051 5282 mandavit
2097 5234 2150 5280 et
2206 5222 2654 5283 communicare,
2715 5215 2968 5287 quamvis
3015 5227 3078 5267 ea
3131 5223 3256 5281 qua:

1773 5318 2058 5388 magistris
2089 5316 2433 5381 tribuuntur,
2460 5316 2618 5384 longe
2647 5311 2761 5366 sint
2788 5303 3195 5378 praestantiora.

1845 5430 1864 5462 ι
1892 5410 1997 5477 Qui
2024 5409 2092 5465 de
2116 5408 2355 5464 Caesaris
2380 5407 2545 5462 domo
2572 5411 2723 5460 sunt.
2750 5399 2937 5456 Gratia
2966 5395 3186 5452 Domini
3210 5393 3339 5449 Jesu

1770 5503 1996 5559 Christi.
2029 5521 2048 5553 ι

1844 5591 2055 5662 Ingenti
2090 5604 2185 5646 eos
2227 5588 2427 5645 solatio
2467 5582 2665 5649 allicit,
2705 5580 2836 5637 dum
2876 5580 2992 5643 ait,
3035 5578 3089 5632 in
3130 5574 3339 5647 ipsius-
