4022 6408
609 399 714 461 883
1781 392 1843 453 S.
1876 388 2194 452 JOANNIS
2235 384 2663 447 DAMASCENI
3697 378 3774 442 884

611 509 721 559 met
755 500 1109 571 imperatoris
1158 497 1281 553 aula
1339 497 1783 568 praedicationem
1839 497 2172 559 invaluisse,

2204 502 2247 557 Α
2275 493 2368 546 τὸν
2396 491 2673 562 βασιλικὸν
2711 486 3113 561 κεκρατηκέναι
3139 487 3313 541 εἰπεῖν
3346 484 3406 539 τὸ
3431 486 3680 557 κήρυγμα.
3704 495 3771 545 καὶ

608 603 662 648 et
695 609 979 662 eousque,
1017 598 1075 646 ut
1103 598 1156 645 et
1201 588 1390 645 fideles
1439 590 1533 660 qui
1587 588 1854 660 Philippis
1901 590 2173 660 agebant,

2272 582 2366 635 ἐπὶ
2407 581 2680 645 τοσοῦτον,
2711 579 2853 633 ὥστε
2899 578 2995 631 καὶ
3038 578 3166 640 τοὺς
3209 580 3267 631 ὲν
3300 576 3574 638 Φιλίπποις
3598 581 3774 641 πιστοὺς

609 684 685 737 illi
723 683 1045 738 salutarent.

2270 670 2739 735 κατασπάζεσθαι.

685 791 703 825 ι
732 773 867 828 Cum
898 773 1096 843 spiritu
1130 785 1332 829 vestro.
1371 773 1567 827 Amen.
1598 790 1616 820 ι

2345 782 2364 815 ι
2409 762 2566 817 Μετὰ
2596 759 2691 814 τοῦ
2712 762 3026 831 πνεύματος
3058 758 3231 835 ὑμῶν.
3269 757 3461 828 ’Δμήν.
3498 775 3516 809 t

678 866 936 922 Ostendit
982 881 1077 921 eos
1120 866 1188 920 ad
1231 878 1370 934 quos
1417 864 1531 917 haec
1576 860 1808 923 scribit,
1852 857 2171 928 spirituales

2339 858 2622 910 Δείκνυσιν
2672 856 2748 919 ὼς
2797 855 3022 918 πάντες,
3053 854 3188 923 πρὸς
3218 851 3316 915 οὓς
3355 851 3550 920 γράφει
3574 852 3661 919 τὴν
3685 853 3776 903 ἑπι-

607 973 752 1013 esse.
790 957 906 1013 Hoc
933 958 1134 1028 quippe
1173 955 1313 1026 ipsis
1351 969 1447 1024 per
1479 960 1650 1006 totam
1690 949 1918 1019 perinde
1957 950 2170 1019 episto-

2270 947 2465 1018 στολὴν
2490 988 2507 1011 ,
2536 947 2645 1000 εἰσί
2693 942 3078 1014 πνευματικοί.
3112 941 3283 995 Τοῦτο
3333 941 3443 1010 γὰρ
3485 942 3571 994 καὶ
3597 942 3658 993 δι’
3680 941 3776 1009 ὅλης

608 1048 713 1101 lam
746 1054 1001 1103 testatur.

2268 1040 2368 1108 τῆς
2403 1038 2692 1107 ἐπιστολῆς
2721 1036 2903 1098 αὐτοῖς
2926 1036 3209 1105 μαρτυρεῖ.

680 1135 757 1189 Ad
794 1134 1153 1204 Philippenses
1204 1133 1429 1202 epistola
1477 1130 1675 1198 scripta
1716 1140 1794 1184 est
1854 1128 2022 1183 Roma
2074 1143 2165 1197 per

2271 1130 2426 1199 Πρὸς
2494 1130 2939 1196 Φιλιππησιους
2999 1126 3225 1196 ἐγράφη
3297 1126 3413 1179 ἀπὸ
3475 1124 3679 1194 Ῥώμης
3724 1126 3779 1178 δι’

898 1222 903 1223 “
1003 1223 1437 1291 Epaphroditum.
1481 1221 1627 1276 Vera.
1660 1219 1786 1273 208.

2623 1217 3077 1287 Ἐπαφροδίτου.
3109 1217 3337 1284 Στίκων
3370 1214 3487 1282 ση’.

1179 1593 1353 1679 ΕΙΣ
1440 1549 2085 1677 ΕΠΙΣΤΟΛΗΝ
2176 1586 2465 1673 ΠΡΟΣ
2553 1580 3268 1671 ΚΟΛΟΣΣΑΕΙΣ.

1015 1937 1151 2026 IN
1246 1932 2024 2027 EPISTOLAM
2125 1936 2286 2023 AD
2390 1932 3409 2025 COLOSSENSES.

1084 2283 1313 2343 CAPUT
1348 2281 1640 2343 PRIMUM.
2197 2278 2243 2336 Β

2197 2278 2243 2336 Β
2688 2278 3085 2334 ΚΕΦΑΛΑΙΟΝ
3126 2277 3399 2333 ΠΡΩΤΟΝ
3404 2316 3422 2332 .

672 2398 844 2457 Vsus.
883 2400 937 2456 ί.
977 2417 996 2454 ι
1033 2399 1239 2455 Paulus
1287 2398 1575 2469 apostolus
1623 2395 1832 2451 Christi
1880 2392 2011 2450 Iesu
2069 2408 2165 2464 per

2339 2411 2360 2445 ι
2384 2391 2618 2457 Παῦλος,
2637 2392 2929 2457 ἀπόστολος
2945 2392 3183 2465 Χριστοῦ
3210 2390 3407 2463 Ἰησοῦ,
3430 2389 3518 2445 διά
3537 2390 3790 2462 θελήματος

599 2492 942 2548 voluntatem
973 2490 1107 2555 Dei,
1140 2499 1197 2546 et
1226 2489 1550 2546 Timotheus
1575 2488 1768 2544 frater.
1805 2506 1824 2540 ι

1647 2496 1768 2544 iter.
1805 2506 1824 2540 ι
2265 2483 2423 2549 Θεοῦ,
2452 2486 2549 2539 καὶ
2580 2484 2843 2555 Τιμόθεος
2873 2486 2903 2538 ὁ
2932 2484 3180 2553 ἀδελφός.
3214 2502 3235 2537 ›

668 2583 976 2654 Epistulam
1010 2583 1207 2640 scribit
1242 2581 1565 2638 hominibus
1587 2620 1602 2643 ,
1639 2580 1731 2650 qui
1772 2589 1900 2635 ante
1939 2578 2163 2649 quidem

2333 2579 2540 2651 Γράφει
2554 2579 2654 2652 τὴν
2672 2578 2960 2650 ἐπιστολὴν
2982 2578 3206 2648 ἀνδράσι
3226 2575 3599 2647 παραλαϐοῦσι
3616 2576 3702 2646 μὲν
3719 2572 3790 2627 τοῦ

600 2674 669 2729 ab
699 2673 951 2745 Epaphra
984 2673 1265 2745 Evangelii
1298 2673 1608 2729 doctrinam
1647 2679 1978 2741 acceperant
2003 2710 2018 2734 ,
2050 2684 2165 2724 am-

2265 2668 2597 2737 Εὐαγγελίου
2644 2668 2739 2723 τὸν
2782 2668 2942 2735 λόγον
2976 2666 3126 2739 παρά
3166 2666 3456 2734 Ἐπαφρᾶ,
3478 2660 3790 2733 δεομένοιςᾶ

598 2764 772 2834 pliore
803 2779 937 2819 vero
962 2764 1278 2835 cognitione
1304 2762 1659 2835 indigebant,
1688 2763 1891 2833 quippe
1917 2762 2009 2833 qui
2040 2777 2165 2832 per-

2263 2762 2361 2831 τῆς
2382 2761 2632 2824 πλείονος
2651 2758 2907 2828 γνώσεως
2926 2776 2943 2791 ο
2971 2759 3032 2812 οὐ
3060 2759 3170 2829 γὰρ
3197 2752 3343 2827 εἰχον
3366 2755 3585 2809 τελείαν
3609 2753 3788 2822 γνῶσιν.

602 2854 800 2909 tectam
849 2854 1102 2907 notitiam
1152 2868 1261 2907 non
1306 2852 1596 2907 haberent.
1641 2850 1914 2917 Quocirca
1963 2852 2162 2905 altiora

2263 2851 2356 2906 Διὸ
2382 2852 2478 2906 καὶ
2510 2850 2800 2922 δογμάτων
2834 2849 3145 2921 βαθυτέρων
3180 2849 3435 2913 ἅπτεται,
3473 2848 3566 2901 καὶ
3599 2848 3673 2907 εἰς
3689 2843 3791 2896 αὐτὸ

599 2957 823 3013 quoque
851 2944 1113 3013 mysteria
1140 2950 1374 3009 tractat,
1404 2957 1612 3013 eosque
1642 2943 1697 2995 iu
1725 2943 2018 3011 ipsummet
2046 2942 2161 2997 dis-

2262 2946 2323 2999 τὸ
2346 2946 2446 3015 τῆς
2476 2944 2784 3014 οἰκονομίας
2830 2943 3028 3004 αὐτοὺς
3079 2941 3287 3008 εἰσάγει
3336 2939 3593 3004 πέλαγος,
3615 2938 3697 2991 καί
3716 2937 3793 2987 ἑπ-

603 3037 945 3107 pcusationis
984 3036 1209 3107 pelagus
1255 3033 1511 3099 deducit,
1551 3043 1608 3090 et
1641 3042 1762 3089 orat
1797 3046 1857 3088 ut
1889 3033 2161 3103 ejusmodi

2264 3033 2484 3103 εύχεται
2515 3033 2871 3102 τελειωθῆναι
2911 3031 3085 3101 ταύτῃ
3124 3033 3188 3099 τῇ
3217 3027 3539 3097 γνώσει.οὐ
3577 3029 3716 3098 μόνον
3731 3024 3790 3085 δὲ.

601 3128 833 3181 scientia
869 3125 1229 3195 perfectiores
1282 3125 1541 3180 evadant.
1596 3124 1785 3195 Neque
1836 3125 1891 3181 id
1943 3126 2160 3187 solum,

2262 3125 2399 3179 ἀλλά
2422 3125 2517 3179 καὶ
2545 3127 2801 3196 παραινεῖ
2838 3124 2913 3195 μὴ
2948 3122 3277 3192 ἀπάγεσθαι,
3305 3122 3447 3191 μήτε
3480 3122 3591 3183 τοῖς
3617 3117 3670 3182 ἐξ
3699 3116 3793 3170 Ἐλ-

600 3213 696 3269 sed
730 3213 892 3267 etiam
924 3212 1185 3269 admonet
1217 3229 1285 3268 ne
1314 3213 1651 3269 seducantur
1677 3214 1746 3267 ab
1778 3213 1875 3278 iis,
1910 3212 2005 3284 qui
2036 3228 2161 3268 eum

2262 3216 2489 3287 ληνικῆς
2518 3218 2735 3288 ἀπάτης
2781 3215 3123 3272 ἀποπλῶσιν
3177 3214 3371 3275 αὐτοὺς
3411 3214 3518 3282 τῆς
3555 3210 3792 3281 ἀληθείας,

599 3305 920 3360 Graecanico
963 3306 1141 3361 errori
1188 3306 1388 3361 addicti
1423 3317 1647 3371 essent,
1685 3306 1838 3377 ipsos
1872 3321 1902 3359 a
1935 3305 2165 3360 veritate

2266 3309 2404 3377 μήτε
2465 3308 2746 3362 πιστεύειν
2787 3310 2902 3372 τοίς
2951 3309 3009 3361 ὲν
3038 3307 3331 3377 περιτομῇ.
3367 3303 3688 3374 Ἀμφότεροι
3712 3298 3795 3369 γὰρ

598 3397 1018 3461 abstraherent,
1070 3412 1249 3468 neque
1302 3399 1413 3453 illis
1466 3398 1561 3469 qui
1613 3415 1677 3454 ex
1733 3398 2163 3454 circumcisione

2262 3400 2365 3468 ἔξω
2388 3400 2483 3454 τοῦ
2519 3400 2659 3454 κατά
2685 3399 2817 3455 Θεὸν
2855 3400 3153 3471 μυστηρίου
3177 3400 3333 3452 εἰσίν.
3360 3399 3486 3451 Ἐτι
3512 3413 3575 3465 γε
3605 3393 3702 3465 μὴν
3723 3391 3794 3443 καὶ

597 3497 757 3554 sunt,
793 3488 950 3543 iidem
985 3489 1275 3545 haberent.
1296 3486 1575 3559 Utrosque
1602 3489 1749 3544 enim
1775 3489 2017 3559 procula
2044 3504 2161 3558 my-

2259 3490 2351 3545 τὸν
2382 3490 2573 3561 ἠθικὸν
2602 3492 2785 3555 αὐτοῖς
2814 3492 3076 3546 συνάπτει
3107 3490 3287 3559 λόγον,
3313 3490 3539 3551 ὁποίους
3576 3481 3702 3540 εἶναι
3734 3480 3794 3535 δεῖ

595 3578 766 3633 sterio
792 3578 886 3633 Dei
916 3579 1131 3635 abesse.
1156 3578 1237 3633 Ad
1270 3580 1387 3634 haec
1411 3579 1635 3635 demum
1669 3580 1928 3635 moralem
1964 3580 2029 3634 ad
2063 3594 2160 3634 eos

2063 3594 2160 3634 eos
2185 3601 2233 3665 ο
2262 3583 2387 3647 τοὺς
2410 3584 2551 3637 κατά
2574 3584 2809 3655 Χριστὸν
2844 3582 3072 3649 ζῶντας,
3099 3582 3368 3638 διδάσκων
3397 3579 3623 3643 αὐτούς.

594 3684 902 3724 sermonem
948 3669 1121 3735 facit,
1173 3670 1447 3742 docetque
1490 3671 1686 3741 quales
1735 3686 1860 3727 esse
1904 3678 2157 3741 oporteat

594 3760 718 3814 illos
744 3760 836 3829 qui
870 3761 1177 3816 secundum
1204 3763 1487 3818 Christum
1523 3764 1689 3817 vitam
1722 3770 1916 3834 agunt.

664 3847 829 3902 νεεδ.
870 3847 944 3915 ﬁ,
982 3850 1036 3904 5.
1066 3866 1087 3902 ι
1118 3848 1223 3916 Qui
1254 3860 1384 3907 sunt
1413 3849 1677 3908 Colossis.
1710 3870 1729 3905 ν

1425 3849 1677 3908 Colossis.
1710 3870 1729 3905 ν
2338 3866 2354 3895 ι
2394 3848 2519 3905 Τοῖς
2555 3847 2612 3898 ὲν
2644 3844 2957 3906 Κολοσσαῖς.
2997 3862 3013 3894 ι

664 3939 813 3996 Urbs
834 3952 918 3996 est
950 3941 1216 4014 Phrygiae.

2343 3938 2409 3990 Ἡ
2457 3936 2613 3999 πόλις
2641 3936 2742 4005 τῆς
2772 3937 3011 4006 Φρυγίας
3042 3938 3088 3989 ι.

671 4054 690 4085 ι
726 4031 947 4087 Sanctis
976 4040 1031 4087 et
1061 4033 1315 4089 ﬁdelibus
1350 4033 1618 4090 fratribus
1656 4036 1712 4091 in
1754 4036 1978 4092 Christo
2004 4036 2155 4092 Jesu.

2337 4047 2357 4080 ι
2402 4028 2606 4097 Ἀγίοις
2647 4028 2743 4082 καὶ
2784 4031 2996 4091 πιστοῖς
3026 4028 3275 4097 ἀδελφοῖς
3304 4030 3362 4081 ὲν
3385 4026 3632 4098 Χριστῷ.
3656 4023 3795 4091 Χάρις

592 4121 784 4177 Gratia
824 4119 983 4175 vobis
1014 4127 1070 4175 et
1114 4135 1219 4189 pax
1259 4137 1291 4175 a
1322 4120 1433 4177 Deo
1460 4119 1625 4177 Patre
1672 4130 1897 4189 nostro,
1945 4132 2001 4179 et
2050 4124 2157 4179 Do-

2262 4121 2390 4189 ὑμῖν
2418 4121 2510 4173 καὶ
2534 4121 2725 4191 εἰρήνη
2750 4119 2858 4175 ἀπὸ
2881 4119 3016 4174 Θεοῦ
3074 4119 3284 4191 Πατρὸς
3315 4119 3479 4191 ήμῶν
3505 4120 3597 4174 καί
3628 4118 3796 4187 Κυρίου

594 4212 745 4268 mino
769 4208 899 4266 Jesu
933 4210 1177 4265 Christo.
1208 4228 1229 4261 ι

1208 4228 1229 4261 ι
2273 4209 2447 4281 Ἰησοῦ
2471 4211 2727 4281 Χριστοῦ.
2760 4228 2778 4262 ι

662 4298 880 4354 Fideles
907 4312 1314 4367 nuncupamur,
1341 4315 1449 4355 non
1474 4300 1649 4356 solum
1680 4303 1809 4374 quia
1841 4305 2156 4370 credimus,

2334 4302 2564 4365 Πιστοὶ,
2593 4302 2655 4353 οὐ
2706 4300 2796 4354 διά
2842 4300 2905 4353 τὸ
2942 4299 3218 4353 πιστεύειν
3277 4298 3444 4370 μόνον
3498 4296 3796 4368 καλούμεθα,

592 4387 691 4446 sed
721 4388 887 4442 etiam
921 4389 1051 4459 quia
1085 4388 1246 4443 nobis
1286 4388 1381 4445 Dei
1417 4393 1687 4463 mysteria
1722 4396 2153 4452 conereduntur.

2152 4441 2153 4447 η
2260 4390 2396 4445 ἀλλά
2425 4392 2520 4445 καὶ
2549 4391 2639 4445 διὰ
2675 4391 2738 4443 τὸ
2767 4390 3128 4460 πιστευθῆναι
3161 4388 3255 4443 τοῦ
3284 4390 3423 4443 Θεοῦ
3460 4392 3740 4459 μυστήρια.

668 4495 689 4528 ι
721 4475 941 4534 Gratias
992 4476 1210 4546 agimus
1254 4477 1366 4534 Deo
1407 4488 1464 4535 et
1513 4478 1665 4536 Patri
1720 4481 1935 4539 Domini
1980 4488 2154 4540 nostri

2337 4501 2356 4533 ι
2402 4480 2847 4553 Εὐχαριστοῦμεν
2890 4480 2968 4552 τῷ
3012 4480 3129 4551 Θεῷ
3166 4482 3260 4535 καὶ
3286 4482 3469 4551 llas-pi.
3496 4480 3593 4535 τοῦ
3625 4478 3797 4550 Κυρίου

590 4566 719 4622 Jesu
736 4566 963 4634 Christi,
982 4583 1199 4638 semper
1224 4584 1324 4639 pro
1349 4571 1506 4627 vobis
1521 4581 1765 4637 orantes,
1795 4573 2054 4646 Πειθώ,
2075 4577 2153 4649 5.]

2260 4572 2415 4642 ήμῶν
2472 4572 2645 4643 Ἰησοῦ
2697 4571 2937 4644 Χριστοῦ
2965 4612 2981 4639 ,
3016 4573 3247 4626 πάντοτε
3296 4575 3428 4644 περὶ
3477 4572 3630 4644 ὑμῶν
3659 4584 3795 4639 προσ-

591 4658 879 4713 audientes
920 4658 1078 4714 iidem
1118 4669 1357 4717 vestram
1398 4662 1455 4717 in
1492 4661 1714 4721 Christo
1734 4664 1863 4722 Jesu
1889 4706 1905 4731 ,
1936 4676 1993 4723 et
2019 4668 2156 4724 dile-

2258 4662 2562 4732 ευχόμενοι,
2588 4662 2920 4725 ἀκούσαντες
2966 4662 3065 4733 τὴν
3099 4661 3278 4717 πίστιν
3325 4664 3489 4735 ὑμῶν
3529 4664 3588 4717 ἐν
3614 4656 3798 4731 Χριστῷ

591 4746 835 4801 ctionetn
882 4762 1046 4817 quam
1091 4749 1255 4821 206
1297 4751 1512 4808 habetis
1555 4753 1612 4808 in
1652 4764 1879 4811 sanctos
1928 4772 2150 4825 omnes,

2269 4755 2468 4825 Ἰησοῦ,
2487 4755 2583 4807 καὶ
2614 4755 2713 4825 τὴν
2736 4754 2960 4824 ἀγάπην
2984 4756 3086 4826 τὴν
3115 4757 3193 4818 εἰς
3232 4755 3449 4819 πάντας
3470 4756 3598 4818 τοὺς
3620 4754 3794 4821 ἁγίους.

590 4846 815 4909 propter
842 4854 993 4910 spem
1031 4855 1154 4910 quae
1182 4843 1427 4911 reposita
1458 4852 1545 4901 est
1573 4845 1727 4904 vobis
1763 4847 1819 4903 in
1849 4849 2026 4906 cmlis.
2060 4869 2079 4903 ι

2257 4847 2345 4900 διὰ
2375 4846 2472 4918 τὴν
2506 4847 2695 4901 ὲλπίδα
2741 4847 2841 4918 τὴν
2876 4847 3246 4919 ἀποκειμένην
3276 4848 3404 4918 ὑμῖν
3439 4849 3501 4900 ἐν
3528 4849 3638 4910 τοῖς
3661 4846 3795 4915 οὐρα-

2189 4931 2230 4985 Ι)
2256 4941 2384 4992 νοῖς.
2427 4959 2445 4992 ι

2189 4958 2230 4985 υ

662 5014 753 5068 Ait
781 5030 842 5071 se
875 5024 1102 5087 propter
1136 5017 1253 5073 btee
1283 5018 1396 5074 duo
1429 5034 1619 5075 eorum
1659 5023 1781 5078 vice
1817 5026 2021 5095 gratias
2069 5042 2156 5082 re-

2208 4958 2230 4983 ι
2256 4958 2333 4991 νοι
2372 4978 2384 4991 .
2427 4959 2445 4992 ι

2327 4958 2690 5102 ἕύχαριστίαν
2726 5031 2865 5101 ὑπὲρ
2891 5030 3071 5086 αὐτῶν
3104 5031 3397 5101 ἀναφέρειν
3434 5030 3575 5101 φησί
3620 5026 3700 5083 διὰ
3725 5023 3796 5078 δύο

593 5102 738 5160 ferre
766 5122 781 5169 ;
814 5116 1040 5177 propter
1068 5116 1274 5163 rectam
1308 5109 1467 5166 Iidem
1499 5112 1557 5167 in
1584 5112 1866 5171 Christum
1887 5159 1902 5182 ,
1937 5127 1993 5173 et
2024 5134 2151 5189 pro-

2253 5121 2444 5185 ταῦτα,
2476 5122 2564 5175 διά
2595 5139 2654 5174 τε
2686 5124 2786 5192 τὴν
2815 5123 2983 5195 ὀρθὴν
3005 5126 3085 5187 εἰς
3102 5123 3335 5196 Χριστὸν
3367 5123 3575 5187 πίστιν,
3608 5121 3695 5176 καὶ
3716 5117 3794 5186 τὴν

592 5202 711 5265 pter
741 5196 1093 5254 dilectionem
1126 5199 1374 5271 ipsorum
1410 5202 1466 5258 in
1502 5213 1745 5263 sanctos.

1524 5213 1745 5263 ianctos.
2254 5213 2477 5284 ἀγάπην
2504 5213 2600 5284 τὴν
2628 5216 2707 5276 εἰς
2744 5214 2869 5278 τοὺς
2907 5216 3112 5283 ἁγίους.

1864 5386 2099 5446 νΑιιιΑε
2136 5389 2539 5449 LECTIONES.

668 5468 1021 5555 ,πόλις
1055 5469 1166 5555 τῇς
1198 5473 1474 5555 Φρυγίας.
1522 5473 1613 5529 Sic
1644 5476 1731 5555 in_
1744 5476 1952 5555 Catena
1979 5481 2297 5555 (Eeuuienii
2326 5502 2339 5538 :
2386 5484 2550 5547 Πόλις
2597 5486 2839 5555 Φρυγίας
2871 5482 3033 5555 αὕτη.
3058 5483 3115 5555 ίή
3138 5481 3428 5555 ξλεγομένη
3491 5482 3589 5535 νῦν

599 5534 1019 5620 Ηωσρυζινῃέζὶέέε
1046 5534 1359 5620 ρὶιῖἷξαίεξὲ,
1388 5534 1503 5620 quia
1530 5560 1665 5620 nunc
1691 5534 1871 5602 Chono
1900 5534 2629 5620 appellatur:ﬁarratioiieui
2647 5534 2839 5608 Ἦέὺεό
2875 5534 3068 5607 Ῑοιιιίὶιὶ
3102 5534 3115 5551 ’
3136 5534 3474 5608 Damarsceno
3504 5534 3794 5620 ascripta)".

593 5604 1165 5696 ρςεειιίίειίρῃρι
1195 5604 1558 5696 ετςιίιςίειέειυε
1596 5614 1807 5696 Chonae.
1830 5619 1911 5696 ν...ι
1933 5604 2178 5677 ’άιιοηίίέί
2198 5604 2893 5696 {nisinisigessisse;
2916 5604 3325 5696 τιλέδάοίι-ειιιξξ
3344 5604 3563 5691 sap:
3579 5619 3633 5696 _2_
3649 5604 3797 5696 suis

595 5673 1324 5767 Egigo!s§;_a91n§gerw
1358 5673 1430 5767 ενιζ
1461 5684 1708 5767 nomen;
1748 5673 2804 5767 ςιηρςςοηιηέςιξείξίιῑιξτέέιλδ,ςιῖιῖιςίςξέ
2834 5673 3161 5761 numam
3187 5673 3403 5748 acus;
3446 5673 3798 5747 ειπειίιίεευ-ιιι

596 5759 751 5798 suam
790 5760 958 5814 usque
988 5754 1219 5815 aetatem,
1262 5754 1525 5820 εὐκτήρια
1554 5754 1646 5805 τοῦ
1670 5754 1832 5821 ἁγίου
1855 5758 2091 5829 Μιχαὴλ,
2135 5760 2388 5817 Oratoria
2412 5754 2470 5818 Β.
2507 5754 2799 5816 Michaelis.
