4022 6416
230 378 326 442 885

1284 372 1367 431 IN
1410 372 1650 433 EPIST.
1689 374 1791 432 AD
1830 373 2363 436 COLOSSENSES.

3360 376 3466 438 886

297 503 316 537 ι
352 484 449 537 Ἦν
480 478 857 552 προηκούσατε
892 480 951 534 ὲν
994 479 1073 550 τῷ
1112 480 1258 552 λόγῳ
1287 482 1384 552 τῆς
1412 480 1670 552 ἀληθείας
1694 478 1789 534 τοῦ

1966 500 1987 534 ι
2018 483 2192 549 Quam
2247 482 2480 538 audistis
2515 481 2569 535 in
2620 479 2789 535 verbo
2846 477 3097 533 veritatis
3148 477 3466 551 Evangelii,

229 573 546 643 Εὑαγγελίου
574 572 668 625 τοῦ
689 572 958 641 παρόντος
987 574 1069 635 είς
1098 572 1265 643 ὑμᾶς.
1300 592 1318 624 ι

291 666 419 735 Παρ’
462 664 717 736 Ἐπαφρᾶ
738 662 1003 732 δηλονότι.

295 778 313 810 ι
350 756 546 820 Καθὼς
571 757 664 809 καὶ
695 759 752 809 ὲν
782 755 943 808 παντὶ
975 754 1056 825 τῷ
1079 755 1289 827 κόσμῳ,
1322 757 1415 810 καὶ
1446 757 1561 810 ἐστι
1584 772 1793 828 καρπο·
1842 795 1851 812 .

226 847 565 921 φορούμενον,
592 846 775 910 καθὼς
801 848 897 901 καὶ
919 849 978 901 ὲν
1010 847 1161 920 ύμῖν,
1184 849 1277 915 ἀφ’
1298 842 1366 919 ἦς
1385 848 1601 920 ἡμέρας
1622 847 1792 918 ἡκού-

227 960 366 1002 σατε,
394 941 489 994 καὶ
511 939 790 1006 ἐπέγνωτε
819 940 920 1008 τὴν
952 940 1112 1011 χάριν
1155 939 1249 992 τοῦ
1282 940 1417 994 Θεοῦ
1444 942 1502 994 ὲν
1536 939 1789 1010 ἀληθείᾳ,

224 1033 396 1096 καθὼς
421 1033 517 1086 καὶ
540 1031 778 1102 ιμάθετε
806 1031 912 1085 ἀπὸ
944 1033 1202 1103 Ἐπαφρᾶ
1236 1032 1331 1086 τοῦ
1354 1031 1649 1102 ἀγαπητοῦ
1670 1049 1794 1085 συν-

222 1124 397 1180 δούλου
422 1124 604 1195 ἡμιῖιν,
634 1124 693 1187 ὃς
719 1125 836 1176 ἐστι
869 1124 1053 1188 πιστὸς
1084 1124 1225 1195 ὑπὲρ
1251 1123 1404 1193 ὑμῶν
1425 1124 1674 1186 διάκονος
1698 1121 1790 1175 τοῦ

223 1216 469 1288 Χριστοῦ,
503 1218 531 1270 6
559 1217 653 1271 καὶ
692 1216 941 1289 δηλώσας
986 1217 1118 1288 ἡμῖν
1162 1217 1263 1288 τὴν
1292 1216 1449 1287 ὑμῶν
1489 1215 1711 1286 ἀγάπην
1735 1216 1793 1267 ἐν

224 1308 512 1377 Πιιεύματι.
559 1328 576 1359 ι

289 1400 398 1472 Τὴν
422 1401 654 1471 δύναμιν
696 1400 790 1454 τοῦ
823 1400 1155 1470 Εὑαγγελίου
1188 1401 1370 1469 λέγει,
1399 1399 1537 1471 πρὸς
1567 1398 1794 1470 βεϐαίω-

225 1505 302 1544 σιν
320 1489 428 1543 τῶν
449 1490 781 1555 ἀκουόντων,
811 1490 989 1558 λέγων
1029 1490 1161 1545 αὐτὸ
1210 1491 1422 1561 διήκειν
1452 1490 1542 1543 διά
1575 1488 1670 1543 τοῦ
1701 1489 1794 1541 κό-

224 1598 352 1651 σμου
388 1585 609 1648 παντὸς,
646 1582 1174 1655 καρποφορούμενον
1207 1582 1267 1635 ὲν
1312 1580 1518 1653 ἔργοις,
1557 1582 1654 1635 καὶ
1699 1580 1795 1633 αύ-

221 1674 507 1743 ξανὸμενον
543 1677 668 1739 ταῖς
710 1675 1056 1747 προσθήκαις
1081 1674 1190 1728 τῶν
1235 1674 1624 1738 πιστευόντων,
1651 1670 1793 1725 ὥστε

221 1764 413 1817 ειδέναι
443 1766 569 1829 τοὺς
595 1766 914 1830 ἀκούοντας,
945 1767 1029 1820 ὅτι
1055 1766 1311 1836 καθάπερ
1349 1766 1408 1819 ὲν
1437 1764 1669 1836 μεγίστῃ
1699 1764 1796 1816 πό-

1892 575 2081 635 iVsns.
2110 574 2169 653 θ]
2205 574 2351 646 quod
2377 573 2630 645 pervenit
2658 572 2724 626 ad
2759 585 2875 626 vos.
2912 590 2929 623 ι

1962 666 2045 721 Ah
2080 663 2334 736 Epaphra
2365 662 2643 718 videlicet.

1968 778 1987 809 ε
2020 757 2178 813 Sicut
2226 765 2284 813 et
2327 756 2383 811 in
2428 756 2694 812 universo
2737 752 2983 815 mundo,
3027 758 3083 806 et
3131 749 3467 813 fructillcat,

1892 847 2043 903 sicut
2066 854 2127 902 et
2157 847 2212 900 in
2243 845 2401 901 vobis
2421 884 2437 911 ,
2471 860 2537 901 ex
2564 858 2629 900 ea
2656 842 2747 898 die
2777 856 2885 912 qua
2920 840 3157 895 audistis
3187 848 3240 895 et
3264 853 3470 910 cogno-

1892 939 2052 994 vistis
2087 938 2323 1009 gratiam
2387 935 2485 991 Dei
2520 936 2578 991 in
2608 935 2872 997 veritate,
2916 932 3105 1004 [νεεδ.
3142 930 3193 986 7.
3230 928 3286 1003 8]
3327 929 3471 985 sicut

1892 1030 2164 1087 didicistis
2192 1030 2261 1085 ab
2294 1028 2550 1099 Epaphra
2580 1024 2917 1080 charissimo
2951 1035 3225 1078 conservo
3254 1027 3467 1083 nostro,

1893 1124 1985 1196 qui
2006 1134 2090 1180 est
2111 1122 2294 1178 ﬁdelis
2315 1137 2418 1193 pro
2435 1119 2599 1175 vobis
2620 1118 2882 1173 minister
2902 1114 3107 1170 Christi
3128 1131 3144 1180 ;
3166 1114 3262 1183 qui
3283 1120 3342 1168 et
3363 1126 3473 1166 ma-

1894 1215 2181 1272 nifestavit
2209 1213 2372 1269 nobis
2400 1211 2756 1268 dilectionem
2786 1214 3026 1263 vestram
3055 1207 3111 1260 in
3142 1204 3376 1275 Spiritu.
3406 1219 3428 1254 ι

1966 1392 2243 1447 Virtutem
2272 1387 2558 1460 Evangelii
2594 1386 2798 1441 recitat
2818 1425 2836 1454 ,
2856 1386 2922 1439 ut
2954 1382 3242 1438 auditores
3270 1379 3474 1435 contir-

1895 1495 2042 1552 met,
2078 1500 2205 1540 cum
2237 1483 2315 1537 ait
2346 1479 2483 1536 illud
2510 1480 2830 1535 universum
2858 1474 3121 1532 mundum
3149 1471 3469 1544 pervadere,

1894 1586 1949 1635 et
1994 1576 2210 1632 fructus
2242 1574 2464 1629 eiectis
2492 1572 2690 1635 edere,
2726 1576 2897 1639 atque
2926 1564 3343 1623 accessionibus
3374 1577 3473 1618 eo—

1895 1684 2019 1723 rum
2066 1666 2162 1737 qui
2210 1664 2374 1720 ﬁdem
2425 1662 2864 1733 amplectuntur,
2919 1668 3262 1726 augescere:
3297 1654 3373 1707 ita
3416 1660 3475 1706 ut

1896 1761 2214 1832 quicunque
2259 1756 2521 1821 audiant,
2578 1750 2795 1822 liquido
2839 1754 3214 1819 cognoscant,
3250 1743 3476 1815 perinde

222 1853 314 1918 λει,
347 1825 816 1927 καταριθμοῦνται
841 1825 912 1910 δὶί
934 1856 1065 1928 ὅλης
1097 1856 1200 1927 τῆς
1219 1825 1547 1927 οίκουμένης
1579 1825 1787 1909 αίηἚκο

1917 1825 2063 1923 itque
2092 1825 2147 1905 in
2178 1849 2315 1905 urbe
2348 1845 2589 1903 maxima
2611 1884 2626 1899 .
2655 1843 2738 1900 sic
2783 1856 2884 1913 per
2932 1848 3107 1895 totum
3138 1837 3333 1893 orbem
3366 1832 3469 1888 Ec-

220 1944 455 2014 κλησίαι.

287 2054 306 2084 ι
342 2036 448 2089 Διά
467 2036 627 2089 τοῦτο
655 2037 747 2090 καὶ
770 2038 958 2106 ἡμεῖς,
977 2037 1071 2107 ἀφ’
1085 2030 1153 2108 ἧς
1199 2035 1415 2108 ἡμέρας
1452 2033 1789 2105 ἠκούσαμεν,

218 2127 276 2178 οὔ
309 2126 598 2197 παυόμεθα
630 2128 772 2199 ὑπὲρ
807 2127 962 2198 ὑμῶν
1012 2127 1444 2199 προσευχόμενοι
1476 2125 1573 2179 καὶ
1610 2123 1795 2178 αἰτού-

221 2235 390 2287 μενοι,
428 2219 517 2271 ἵνα
559 2219 883 2289 πληρωθῆτε
914 2219 1013 2291 τὴν
1059 2219 1358 2289 ἐπίγνωσιν
1404 2216 1505 2271 τοῦ
1556 2215 1796 2287 θελήμα-

220 2323 305 2371 τος
354 2307 552 2375 αὑτοῦ,
595 2310 652 2362 ὲν
691 2310 840 2380 πάσῃ
898 2308 1093 2379 σοφίᾳ,
1124 2308 1220 2362 καὶ
1279 2307 1493 2361 συνέσει
1552 2321 1797 2375 πνευμα-

221 2402 357 2470 «xy.
392 2418 417 2451 ›
1757 2427 1763 2435 .

289 2491 456 2555 ’Δξια
484 2492 747 2559 σπουδῆς,
777 2491 964 2562 φησὶν,
992 2492 1118 2562 ἐμοὶ
1137 2490 1208 2545 τά
1229 2489 1351 2544 καθ’
1385 2490 1551 2561 ὑμᾶς.
1587 2487 1677 2540 Διὸ
1705 2485 1799 2539 καὶ

222 2582 583 2647 ἀδιαλείπτως
626 2583 1005 2655 προσεύχομαι
1028 2581 1353 2654 αἰτούμενος
1381 2581 1442 2634 τὸ
1471 2578 1662 2648 σοφίας
1693 2578 1799 2632 δῶ-

224 2691 330 2744 ρον,
357 2676 453 2729 ἴνα
490 2675 556 2729 δι’
590 2674 755 2729 αὑτοῦ
789 2676 997 2747 μάθητε
1048 2673 1168 2737 πῶς
1200 2674 1466 2743 ἠθέλησεν
1496 2673 1526 2726 6
1556 2671 1690 2733 Θεὸς
1710 2669 1801 2723 τὸν

223 2768 429 2838 κόσμον
465 2770 544 2831 εἰς
573 2768 845 2821 οίκείωσιν
876 2771 977 2838 τὴν
996 2765 1205 2821 ἑαυτοῦ
1258 2766 1487 2834 ἀγαγεῖν
1510 2803 1526 2827 ,
1560 2764 1657 2817 καὶ⁵
1693 2762 1802 2814 τίνι

224 2861 403 2931 τρόπῳ
436 2860 508 2913 τὰ
538 2862 639 2928 τῆς
669 2860 999 2923 οίκειώσεως
1029 2858 1287 2928 γενέσθαι
1319 2855 1546 2928 δυνατὸν
1568 2850 1658 2925 ἦν.
1695 2851 1800 2906 Τοῦ

227 2952 319 3019 μὲν
338 2952 513 3021 νόμου
540 2950 830 3005 συνάπτειν
857 2950 978 3022 Θεῷ
1005 2951 1080 3021 μὴ
1113 2948 1412 3021 ίσχύοντος,
1448 2944 1689 3019 Χριστοῦ
1714 2947 1805 2999 καὶ

224 3046 386 3113 μόνου
420 3044 814 3109 συνάπτοντος,
845 3046 927 3099 ὅτι
961 3043 1125 3107 αὐτὸς
1156 3041 1506 3111 δικαιοσύνης
1534 3039 1634 3110 τῆς
1664 3037 1805 3108 ὑπὲρ

225 3134 532 3231 direptis-now
571 3135 881 3231 Itfltjpm‘t‘ijc
933 3134 1261 3231 γενόμενος,
1289 3134 1352 3188 τδ
1400 3129 1686 3203 πληρωθὲν
1718 3130 1803 3199 ἐφ’
1831 3172 1876 3231 C

224 3225 415 3278 ἑαυτοῦ
449 3223 742 3296 χαρίζεται
770 3228 882 3289 ταῖς
907 3223 1276 3278 πιστεύουσιν.

301 3509 318 3540 ι
352 3490 745 3560 Περιπατῆσαι
777 3480 1109 3559 ύμᾶςἝξίως
1137 3487 1230 3542 τοῦ
1254 3488 1488 3558 Κυρίου,
1515 3487 1595 3550 είς
1627 3487 1810 3541 πᾶσαν

226 3582 529 3651 ἀρέσκειαν
550 3622 567 3646 ,
600 3583 658 3634 ἐν
690 3582 855 3636 παντὶ
893 3580 1040 3653 ἔργῳ
1069 3578 1262 3650 ἀγαθῷ
1308 3576 1807 3650 καρποφοροῦντες,

228 3675 319 3726 καὶ
349 3674 715 3744 αὐξανόμενοι
738 3674 819 3736 είς
837 3673 938 3743 τὴν
959 3671 1259 3740 ἐπίγνωσιν
1284 3670 1376 3724 τοῦ
1404 3670 1563 3735 Θεοῦ,
1582 3672 1640 3723 ὲν
1663 3668 1814 3742 πάσῃ

220 3767 461 3837 δυνάμει
504 3766 645 3819 κατά
670 3764 731 3816 τὸ
760 3763 961 3835 κράτος
992 3763 1093 3833 τῆς
1122 3762 1280 3833 δόξης
1308 3760 1495 3825 αὐτοῦ,
1528 3762 1607 3823 είς
1631 3761 1813 3814 πᾶσαν

226 3858 512 3929 ὑπομονὴν
534 3859 628 3911 καὶ
652 3856 1038 3929 μακροθυμίαν
1074 3855 1215 3926 μετὰ
1239 3855 1432 3925 χαρᾶς.
1478 3874 1497 3904 ι

293 4038 451 4107 Αὕτη
502 4036 612 4108 γὰρ
652 4035 812 4106 σοφία
862 4034 1248 4105 πνευματικὴ,
1280 4031 1340 4097 ἐξ
1370 4026 1439 4103 ἦς
1470 4033 1499 4085 6
1528 4030 1687 4100 ὑγιὴς
1720 4029 1816 4081 καὶ

226 4130 610 4199 πνευματικὸς
669 4130 804 4199 βίος.
856 4128 1146 4182 Ἐπιτείνει
1206 4126 1315 4197 γάρ
1372 4124 1471 4195 τὴν
1504 4121 1815 4194 προθυμίαν

225 4222 334 4275 τῶν
374 4222 606 4294 ἀγαθῶν
633 4220 811 4293 ἔργων
832 4222 869 4292 ab
906 4219 1143 4282 σύνεσις,

305 4419 323 4450 1
354 4399 830 4470 Εὐχαριστοῦντες
877 4398 956 4468 τῷ
996 4396 1122 4467 Θεῷ
1144 4437 1159 4460 ,
1191 4396 1269 4466 τῷ
1298 4395 1630 4449 ἱκανώσαντι
1670 4394 1816 4463 ἡμᾶς

1899 1943 2102 1999 clesias
2131 1940 2432 1997 numerari.

1974 2029 2148 2088 Vens.
2187 2030 2242 2086 9.
2279 2047 2300 2082 ι
2329 2028 2457 2085 ideo
2486 2034 2543 2083 et
2573 2040 2705 2092 nos,
2741 2040 2810 2081 ex
2845 2039 2951 2095 qua
2995 2023 3084 2078 die
3128 2018 3475 2082 audivimus.

1902 2136 2012 2176 non
2045 2134 2332 2176 cessamus
2360 2132 2461 2188 pro
2488 2116 2646 2173 vobis
2669 2123 2926 2178 orantes,
2957 2119 3013 2168 et
3043 2109 3391 2182 postulantes
3421 2116 3481 2160 ut

1910 2211 2251 2282 impleamini
2288 2211 2572 2281 agnitione
2603 2207 2906 2264 voluntatis
2934 2204 3089 2275 ejus,
3123 2203 3178 2256 in
3208 2199 3357 2255 omni
3389 2213 3479 2253 sa-

1902 2303 2111 2375 pientia
2140 2312 2199 2359 et
2232 2301 2512 2358 intellectu
2541 2298 2812 2371 spiritali.
2842 2316 2865 2350 ο

1975 2482 2109 2547 Quae
2130 2480 2201 2536 ad
2230 2494 2330 2535 vos
2358 2485 2620 2549 spectant
2642 2516 2659 2541 ,
2682 2476 2901 2544 inquit,
2928 2473 3095 2544 digna
3120 2479 3251 2529 sunt
3280 2469 3483 2540 quibus

1906 2570 2153 2627 studium
2182 2568 2495 2639 impendam
2521 2580 2728 2621 meum.
2760 2562 3133 2630 Quamobrem
3166 2559 3288 2615 sine
3317 2559 3485 2613 inter-

1908 2662 2176 2718 missione
2204 2661 2362 2716 vobis
2396 2656 2682 2728 sapientize
2720 2655 2927 2710 donum
2951 2651 3309 2708 orationibus
3346 2648 3485 2703 meis

1910 2754 2165 2825 postulo,
2214 2768 2311 2823 per
2355 2749 2502 2821 quod
2557 2745 2858 2804 addiscatis
2921 2758 3031 2814 qua
3080 2742 3293 2798 ratione
3340 2739 3485 2795 Deus

1912 2847 2175 2901 mundum
2205 2843 2447 2899 voluerit
2475 2841 2578 2897 sibi
2604 2838 2929 2902 conciliare,
2959 2844 3016 2891 ct
3044 2831 3320 2905 quomodo
3350 2845 3485 2886 con-

1911 2935 2214 2993 ciliationis
2241 2934 2409 3004 hujus
2436 2930 2648 3002 patrari
2678 2928 2961 2998 negotium
2991 2925 3204 2995 possit:
3236 2920 3489 2993 quando-

1914 3026 2135 3097 quidem
2170 3025 2256 3079 lex
2291 3022 2359 3077 ad
2394 3023 2500 3078 hoc
2530 3036 2640 3075 non
2691 3019 2838 3073 valet
2890 3017 2971 3070 uti
3028 3029 3131 3069 nos
3186 3010 3501 3082 coniungat

1914 3119 2029 3174 Deo
2050 3162 2064 3183 ,
2102 3118 2255 3173 solus
2286 3129 2422 3171 vero
2451 3112 2713 3168 Christus
2746 3106 3196 3178 conjunctionem
3221 3103 3363 3157 hanc
3391 3116 3490 3171 pa-

1913 3210 2117 3275 travit;
2174 3207 2383 3278 quippe
2433 3204 2570 3274 qui,
2618 3200 2897 3273 justitiam
2960 3205 3186 3267 propter
3233 3192 3491 3249 homines
3602 3250 3606 3255 ,

1908 3299 2223 3370 implendo,
2254 3294 2653 3369 plenitudinem
2688 3307 2845 3349 suam
2886 3289 2954 3346 iis
2989 3291 3084 3358 qui
3120 3286 3358 3343 credunt
3388 3284 3490 3339 im-

1912 3391 2147 3464 partitur

1982 3480 2155 3537 Vsus.
2198 3480 2302 3544 10,
2339 3478 2427 3532 ll.
2475 3494 2494 3528 ι
2525 3476 2601 3532 Ut
2651 3474 2955 3530 ambuletis
3007 3471 3171 3541 digne
3221 3467 3488 3528 Domino,

1913 3589 2011 3645 per
2040 3572 2227 3629 omnia
2262 3571 2547 3641 placentes
2569 3608 2584 3633 ,
2619 3568 2674 3622 in
2707 3567 2857 3621 omni
2897 3578 3064 3633 opere
3105 3562 3253 3616 bono
3301 3555 3494 3612 fructi-

1917 3666 2615 3728 ﬁcantes,etcrescentes
2651 3660 2706 3713 in
2759 3656 2992 3712 scientia
3044 3653 3177 3716 Dei,
3236 3652 3292 3704 in
3342 3646 3490 3700 omni

1918 3757 2119 3812 virtute
2144 3752 2481 3815 confortati,
2514 3749 2821 3804 secundum
2864 3743 3173 3815 potentiam
3223 3737 3496 3794 claritatis

1915 3850 2071 3920 ejus,
2126 3848 2188 3902 in
2247 3844 2396 3901 enini
2448 3839 2714 3913 patientia
2767 3844 2824 3893 et
2879 3833 3309 3906 longanimitate
3361 3842 3497 3884 cum

1952 3940 2138 3995 audio.
2175 3957 2194 3991 ι

1952 3958 2138 3995 311010.
2175 3958 2194 3991 ι

1916 3958 1946 4012 8
1988 4032 2115 4087 Haec
2144 4031 2293 4087 enim
2320 4038 2407 4084 est
2439 4023 2711 4096 sapientia
2739 4018 3083 4092 spiritualis,
3112 4030 3186 4070 ex
3208 4027 3318 4085 qua
3349 4010 3495 4066 ﬁlius

1918 4140 2091 4182 sanus
2124 4132 2177 4177 et
2213 4119 2519 4191 spiritualis
2561 4114 2833 4170 nascitur.
2875 4106 3261 4165 lntellectione
3290 4102 3500 4174 quippe

1919 4219 2159 4289 ﬂagrans
2206 4215 2479 4270 bonorum
2522 4220 2754 4281 operum
2799 4203 3047 4262 studium
3100 4197 3372 4254 intentius
3397 4209 3503 4249 au-

1918 4310 2111 4381 gescit.

1990 4398 2159 4454 Vens.
2202 4396 2394 4450 12-14.
2422 4412 2441 4446 ι
2473 4392 2705 4449 Gratias
2747 4394 2979 4459 agentes
3025 4382 3141 4437 Deo
3186 4378 3375 4444 Patri,
3406 4376 3501 4446 qui
3609 4444 3619 4453 ι

226 4491 307 4553 είς
358 4491 466 4559 τὴν
503 4469 694 4561 μερίδα
727 4489 821 4543 τοῦ
855 4489 1060 4560 κλήρου
1088 4487 1198 4540 τῶν
1226 4485 1397 4555 ἁγίων
1431 4486 1488 4538 ὲν
1527 4483 1605 4554 τῷ
1638 4484 1808 4552 φωτίε

1925 4493 2120 4562 dignos
2147 4504 2255 4544 nos
2303 4486 2435 4542 fecit
2484 4486 2541 4539 in
2590 4490 2806 4550 partem
2862 4476 3033 4534 sortis
3077 4478 3403 4529 sanctorum
3444 4469 3499 4522 in

226 4580 284 4643 ὃς
312 4581 597 4654 ἐρρύσατο
622 4582 789 4651 ἡμᾶς.
826 4600 845 4633 ι

295 4670 549 4739 Πατέρα
584 4671 752 4740 ἡμῶν
768 4671 918 4739 λέγει
963 4670 1053 4725 τὸν
1089 4669 1244 4735 Θεὸν,
1278 4670 1419 4722 κατά
1449 4671 1548 4739 τὴν
1571 4670 1821 4723 δοθεῖσαν

226 4765 365 4833 ἡμῖν
412 4764 508 4817 διά
536 4765 633 4833 τῆς
672 4766 752 4827 εἰς
795 4764 887 4817 τὸν
916 4763 1199 4833 Μονογενῆ
1246 4762 1483 4825 πίστεως
1512 4763 1817 4817 υἱοθεσίαννο

231 4855 408 4910 Ὅσοι
449 4856 561 4925 γὰρ
594 4858 814 4911 ἔλαϐον
831 4855 1046 4921 αὐτὸν,
1062 4856 1286 4911 ἔδωκεν
1309 4856 1512 4922 αὐτοῖς
1534 4856 1825 4921 ἐξουσίαν

227 4946 427 4999 τέκνα
458 4945 608 5000 Θεοῦ
649 4944 948 5017 γενέσθαι.

310 5056 330 5087 ε
390 5036 494 5089 Ἐκ
529 5040 622 5107 τῆς
672 5036 923 5102 ἐξουσίας
964 5034 1060 5091 τοῦ
1100 5038 1346 5104 σκότους,
1385 5038 1718 5109 μετέστησεν
1748 5038 1828 5099 εἰς

230 5128 335 5199 τὴν
373 5127 663 5197 βασιλείαν
709 5128 803 5181 τοῦ
861 5128 989 5182 Υἱοῦ
1040 5129 1140 5199 τῆς
1193 5129 1419 5201 ἀγάπης
1464 5126 1668 5195 αὑτοῦ,
1700 5130 1758 5183 ὲν
1786 5121 1830 5195 ᾧ

228 5214 451 5286 ἔχομεν
498 5215 597 5285 τὴν
649 5216 1193 5289 ἀπολύτρωσιν,,τὴν
1245 5218 1439 5288 ἄφεσιν
1489 5218 1596 5272 τῶν
1653 5219 1832 5288 ἁμαρ-

232 5324 398 5360 τιων.
448 5326 466 5358 Ι

311 5401 547 5464 Σκότος,
580 5403 614 5472 ἡ
645 5400 865 5468 ἐξουσία
906 5403 1001 5457 τοῦ
1038 5403 1312 5467 διαϐόλου,
1346 5422 1440 5458 και
1470 5421 1527 5457 εν
1566 5405 1742 5475 σκότῳ
1772 5404 1834 5457 τὸ

1926 4584 2156 4643 lumine,
2203 4580 2298 4652 qui
2322 4576 2531 4648 eripuit
2564 4590 2686 4630 nos.
2718 4592 2737 4625 ι

2006 4650 2237 4728 Patrem‘
2259 4679 2499 4725 nostrum
2547 4665 2795 4735 appellat
2839 4661 3049 4722 Deum,
3102 4671 3203 4728 pro
3248 4668 3315 4710 ea
3368 4650 3507 4707 ado‘

1928 4767 2121 4836 ptione
2149 4778 2273 4833 quae
2303 4775 2400 4831 per
2434 4758 2594 4813 tidem
2634 4758 2688 4811 in
2727 4754 3083 4824 Unigenitum
3110 4750 3315 4804 donata
3346 4743 3505 4799 nobis

1932 4857 2074 4912 fuit:
2107 4856 2372 4924 Quotquot
2392 4851 2530 4906 enim
2562 4854 2858 4913 receperant
2883 4885 2898 4909 ,
2922 4843 3068 4898 dedit
3090 4841 3165 4895 eis
3194 4843 3508 4909 potestatem

1932 4949 2075 5020 ﬁlios
2118 4945 2357 5023 Deiﬁert'
2392 4944 2456 4997 “.

2008 5059 2028 5092 ι
2061 5038 2143 5093 De
2166 5021 2443 5108 potestate
2476 5033 2827 5087 tenebrarum
2852 5069 2866 5094 ,
2898 5036 2954 5082 et
2987 5022 3272 5080 transtulit
3316 5021 3371 5074 in
3415 5033 3508 5073 re-

1932 5146 2100 5201 gnum
2131 5127 2258 5181 Filii
2290 5123 2606 5181 dilectionis
2653 5137 2805 5186 suae,
2839 5122 2892 5174 in
2941 5133 3052 5187 quo
3105 5114 3371 5168 habemus
3423 5123 3510 5162 m-

1933 5219 2340 5290 demptionem,
2377 5214 2763 5271 remissionem
2792 5218 3167 5282 peccatorum.
3204 5221 3223 5255 ι

2012 5397 2273 5455 Tenebrae
2308 5401 2552 5465 potestas
2574 5387 2790 5445 diaboli
2831 5392 2991 5446 sunt,
3029 5379 3125 5454 qui
3164 5379 3221 5434 in
3265 5373 3511 5431 tenebris
3555 5453 3560 5459 ‘

224 5493 518 5547 δύνασθαι
562 5465 714 5565 Eiet,
746 5496 1000 5567 καθάπερ
1054 5498 1082 5549 6
1127 5465 1368 5566 κλέπτης
1420 5500 1477 5551 ὲν
1528 5499 1685 5552 νυκτί
1703 5465 1725 5529 "
1753 5494 1808 5551 οἷ

1943 5492 2145 5548 habeat
2210 5496 2268 5542 ut
2297 5485 2510 5557 possit,
2566 5480 2732 5537 veluti
2795 5477 2885 5532 fur
2943 5477 2995 5529 in
3034 5478 3216 5526 nocte.
3275 5466 3333 5523 in
3405 5465 3510 5520 illis

230 5586 294 5637 δὲ
336 5586 424 5655 μὴ
462 5586 708 5657 παρέστη
742 5587 803 5641 τὸ
841 5587 1042 5653 καικίας
1074 5589 1294 5654 σκότος,
1324 5560 1467 5644 κατά
1494 5595 1698 5645 τούτων
1730 5590 1808 5643 ού)

1942 5583 2100 5655 207
2136 5597 2266 5638 vero
2316 5578 2414 5649 qui
2462 5578 2522 5632 in
2574 5571 2797 5630 malitia:
2850 5566 3090 5625 tenebris
3143 5578 3253 5619 non
3294 5560 3505 5630 jaceat,

245 5761 303 5792 ⁴⁶
326 5759 511 5815 Joan.
543 5778 580 5825 ι,
638 5762 719 5816 12.
