3844 6394
502 321 606 385 837

503 534 773 596 potestate
824 542 1150 603 evaserunt,
1179 536 1236 593 hi
1275 539 1382 595 sub
1418 557 1588 613 regno
1629 542 1756 601 Filii
1791 558 1945 611 sunt.
1983 567 2077 622 per

500 636 662 688 quem
706 623 1041 681 revertimur
1074 629 1130 683 in
1162 645 1394 702 regnum
1429 633 1639 693 Patris.
1678 637 1951 704 Quoniam
1981 656 2079 697 au-

500 724 609 767 tem
640 713 852 771 dictum
901 718 1005 775 hoc
1043 721 1113 787 ad
1161 724 1565 785 incarnationis
1598 730 2075 803 dispensationem

498 812 733 871 spectat,
788 807 995 865 idcirco
1036 811 1244 868 dicitur
1292 815 1594 877 dilectionis
1634 824 1819 877 Patris
1873 824 2074 891 Filius,

498 893 595 961 qui
652 909 755 963 pro
805 898 1209 959 ministratoria
1251 922 1376 971 sua.
1416 925 1585 980 quam
1630 913 1774 971 inter
1824 917 2075 974 homines

500 986 699 1051 cessit,
731 987 1038 1057 iunctione,
1072 996 1191 1053 vice
1233 999 1526 1058 hominum
1552 1014 1611 1061 et
1640 1016 1869 1079 propter
1896 1011 2075 1066 homi-

495 1091 596 1132 nes
655 1077 896 1139 dilectus
949 1094 1054 1150 est,
1097 1097 1154 1142 et
1198 1090 1254 1144 in
1314 1094 1455 1148 servi
1507 1095 1687 1153 forma
1746 1077 2075 1173 aditnplevit

494 1181 617 1235 quae
643 1167 904 1229 deessent
937 1178 1165 1235 mundo.
1210 1181 1321 1237 Per
1358 1189 1671 1255 sanguinem
1705 1192 1830 1262 ejus
1860 1194 2075 1251 redem-

493 1257 739 1327 ptionem
787 1278 914 1319 esse
959 1265 1163 1323 factam
1215 1271 1371 1329 dicit.
1402 1274 1540 1331 Nam
1575 1280 1695 1335 vice
1747 1283 1909 1351 pretii
1941 1298 2074 1339 san-

491 1349 614 1417 guis
645 1350 863 1409 Domini
908 1356 1073 1415 datus
1099 1370 1208 1427 est,
1241 1380 1355 1434 quo
1394 1367 1451 1422 in
1504 1370 1685 1427 lucem
1730 1349 2067 1443 educuntur,

489 1440 584 1509 qui
618 1454 799 1500 morte
824 1449 1159 1506 tenebantur
1185 1458 1415 1524 captivi.
1448 1461 1603 1517 Alias
1630 1464 1781 1519 enim
1810 1465 1929 1522 ﬁeri
1958 1483 2066 1521 non

488 1542 695 1600 potest,
733 1544 791 1590 ut
820 1551 1156 1599 revocentur
1186 1548 1278 1615 qui
1312 1563 1485 1621 regno
1527 1556 1726 1611 mortis
1754 1558 2067 1627 subjiciun-

490 1633 604 1688 tur,
648 1627 751 1681 nisi
790 1644 887 1698 per
919 1632 1077 1688 illum
1117 1639 1215 1707 qui
1262 1643 1461 1698 mortis
1504 1648 1786 1720 particeps
1821 1654 2061 1716 exstitit,

486 1714 648 1773 nobis
677 1718 780 1773 iter
806 1721 874 1775 ad
905 1723 1071 1780 vitam
1110 1731 1347 1797 paravit.

553 1807 716 1879 207
740 1810 1059 1870 “33.15..
1082 1817 1185 1884 Qui
1214 1830 1302 1877 est
1332 1827 1515 1898 imago
1550 1828 1651 1885 Dei
1684 1832 2005 1897 invisibilis.
2035 1859 2054 1893 ι
2091 1810 2132 1866 Β

555 1898 760 1956 Gratiae
812 1909 1096 1963 enarratio
1146 1911 1215 1967 ad
1247 1914 1589 1990 theologiam
1625 1928 1887 1983 recurrit.
1918 1929 2056 1985 Nam

480 2001 547 2042 ex
587 1993 912 2060 operatione
938 2012 1109 2067 quam
1154 2002 1213 2057 in
1239 2005 1480 2063 adventu
1515 2027 1623 2067 suo
1645 2019 1925 2084 praestitit,
1960 2020 2053 2077 Dei

480 2086 741 2134 naturam
772 2085 1030 2142 novimus
1061 2105 1187 2159 qua:
1214 2106 1343 2149 ante
1391 2098 1573 2169 ipsius
1610 2102 1912 2162 adventum
1957 2125 2058 2165 ex-

478 2170 685 2227 stabat.
745 2172 841 2230 Dei
894 2176 1165 2248 siquidem
1198 2198 1341 2255 opus
1383 2197 1491 2255 est,
1528 2195 1807 2250 exstincta
1851 2208 2053 2265 morte,

476 2275 579 2328 pro
615 2277 678 2315 ea
713 2264 883 2320 vitam
931 2270 1177 2337 restitui,
1227 2280 1611 2353 mundumque
1642 2286 1709 2341 ad
1744 2286 1916 2343 Deum
1965 2264 2055 2348 re?

474 2354 687 2410 vocat‘i.
726 2354 853 2412 Ideo
879 2357 1050 2416 dicit:
1082 2366 1173 2435 qui
1202 2378 1281 2422 est
1322 2371 1499 2443 imago
1522 2375 1625 2431 Dei
1653 2378 1962 2449 invisibilis,
1998 2395 2056 2440 ut

474 2453 751 2501 monstret
784 2447 931 2506 hune
955 2467 1081 2510 esse
1128 2456 1325 2522 Deum.
1359 2477 1462 2518 nec
1502 2473 1687 2522 tamen
1718 2470 1904 2540 ipsum
1931 2490 2055 2530 esse

474 2533 718 2604 Patrem,
759 2540 856 2594 sed
892 2541 1189 2616 imaginem
1222 2548 1443 2622 Patris;
1479 2558 1689 2628 quippe
1724 2533 1820 2631 qui
1854 2564 2054 2621 habeat

472 2632 533 2676 ut
562 2624 709 2681 idem
742 2628 816 2685 sit
848 2645 914 2687 ac
936 2633 1048 2701 ille,
1068 2653 1195 2693 cum
1223 2640 1443 2699 interim
1478 2624 1598 2718 ipse
1621 2624 1853 2711 non-ille
1880 2656 1972 2712 sit.

543 2818 566 2853 ι
621 2800 1027 2878 Primogenitus
1075 2815 1257 2872 omnis
1302 2828 1602 2889 creaturae;
1637 2824 1829 2898 [νεεδ.
1858 2832 1927 2885 16
1958 2834 2048 2905 18]

468 2895 726 2961 quoniam
774 2898 829 2953 in
882 2900 1005 2970 ipso
1055 2906 1277 2962 condita
1328 2922 1460 2966 sunt
1506 2895 1769 2975 universa
1821 2938 1945 2993 qua
1991 2927 2045 2980 in

458 2981 622 3038 anilis
659 2993 853 3056 etqum
883 2988 935 3043 iu
969 2999 1135 3060 terra,
1164 2995 1403 3055 visibilia
1432 3011 1486 3056 et
1522 2981 1854 3074 invisibilia:
1918 3015 2038 3071 sive

1554 3479 1583 3517 a
1634 3467 1807 3525 rebus
1836 3477 2040 3531 creatis

458 3535 725 3601 secernit,
759 3536 891 3593 dum
924 3542 1023 3609 ait,
1052 3545 1110 3597 in
1136 3545 1253 3615 ipso
1286 3535 1465 3607 creata
1509 3572 1625 3614 esse
1650 3564 1851 3619 omnia.
1879 3565 2037 3633 Quod

456 3729 741 3786 nunquam
775 3720 889 3776 haec
920 3722 976 3777 in
1008 3724 1131 3795 ipso
1160 3731 1385 3787 condita
1413 3744 1853 3804 pronuntiasset.
1892 3720 2031 3805 Nam

453 3804 618 3861 Pater
650 3810 833 3865 omnia
887 3811 1020 3869 fecit
1067 3818 1124 3871 in
1174 3823 1441 3891 sapientia
1469 3831 1561 3888 ‘7:
1618 3834 1873 3896 Christus
1900 3857 2033 3897 vero

454 3896 553 3951 Dei
590 3900 755 3953 virtus
778 3913 882 3970 est,
912 3914 963 3957 et
994 3903 1091 3961 Dei
1122 3911 1385 3978 sapientia
1410 3918 1476 3971 ⁸⁸.

450 4084 702 4151 corporis
752 4084 1038 4157 Ecclesia},
1096 4095 1194 4162 qui
1241 4105 1326 4151 est
1360 4084 1717 4174 principium,
1754 4084 2029 4185 primoge-

448 4172 602 4229 nitus
656 4190 724 4230 ex
763 4182 1021 4249 mortuis,
1060 4192 1120 4239 ut
1155 4187 1229 4243 sit
1264 4188 1320 4243 in
1369 4172 1634 4253 omnibus
1664 4172 1780 4270 ipse
1818 4172 2030 4272 prima-

448 4270 562 4317 tum
596 4274 814 4324 tenens.
850 4290 869 4322 Ι

518 4353 668 4411 Etin
701 4358 842 4428 ipso,
893 4363 1092 4435 inquit,
1152 4371 1410 4430 universa
1464 4387 1651 4436 creata
1706 4395 1853 4453 sunt,
1883 4397 1935 4442 et
1969 4389 2023 4444 in

1693 344 1755 405 S.
1788 344 2110 410 JOANNIS
2150 352 2585 421 DAMASCENI
3646 375 3723 436 333

503 438 769 494 adversus
798 441 936 497 istos
967 441 1109 498 nihil
1138 444 1398 503 diabolus
1425 450 1569 506 valet
1613 470 1628 507 :
1665 463 1720 510 et
1755 461 1851 528 qui
1881 475 1947 515 ex
1975 467 2044 514 ha

2187 467 2363 539 ίσχύει
2389 471 2659 538 διάϐολος.

2703 475 2766 530 Οί
2799 474 2858 528 δὲ
2888 476 2987 546 τὴν
3020 477 3280 545 ἐξουσίαν
3306 480 3517 552 ταύτην
3551 483 3723 552 arma.

2181 558 2395 627 γόντες,
2429 561 2535 616 ὑπὸ
2556 563 2658 633 τὴν
2683 563 2968 635 βασιλείαν
2992 569 3354 624 καθίστανται
3377 571 3476 624 τοῦ
3506 573 3649 639 Υἱοῦ,
3673 576 3723 627 δι’

2180 640 2241 701 οὗ
2276 651 2723 724 ἐπανατρέχομεν
2767 656 2862 709 ἐπὶ
2899 656 2996 728 τὴν
3040 658 3135 711 τοῦ
3187 660 3406 731 Πατρὸς
3463 661 3723 732 βασιλείαν.

2193 740 2411 813 Ἐπειδὴ
2444 743 2501 797 δὲ
2518 745 2620 813 τῆς
2646 746 2788 800 κατὰ
2815 748 2998 819 σάρκα
3026 751 3342 821 οἰκονομίας
3371 753 3446 805 τὰ
3470 753 3725 824 λεγόμενα,

2177 832 2267 886 διὰ
2290 835 2451 889 τοῦτο
2478 836 2699 905 λέγεται
2755 839 2886 907 Υἱὸς
2921 839 3031 910 τῆς
3067 843 3309 912 ἀγάπης
3351 845 3465 898 τοῦ
3500 846 3725 913 Πατρός,

2178 925 2302 978 ἀντὶ
2327 927 2632 998 ἀνθρώπων
2648 933 2745 983 καὶ
2772 932 2912 1002 ὑπὲρ
2934 933 3032 990 ἀνθ
3042 933 3241 1003 ρώπων
3260 937 3594 1008 ἀγαπηθεὶς,
3614 939 3728 990 κατὰ

2177 1016 2276 1087 τὴν
2303 1019 2363 1071 ἐν
2391 1019 2705 1091 ἀνθρώποις
2735 1023 3117 1095 λειτουργικὴν
3135 1027 3423 1097 ἐνέργειαν
3442 1045 3459 1061 °
3494 1031 3587 1082 acui
3613 1031 3730 1082 κατὰ

2176 1110 2276 1177 τὴν
2304 1109 2401 1162 τοῦ
2448 1111 2637 1165 δούλου
2691 1117 2912 1186 μορφὴν
2962 1116 3262 1189 πληρώσας
3292 1120 3366 1173 τὰ
3395 1120 3503 1173 ὑπὸ
3550 1120 3728 1188 κόσμου

2176 1198 2557 1271 ἐλλειπόμενα.
2591 1206 2697 1258 Καὶ
2722 1205 2821 1261 διὰ
2846 1207 2954 1261 τοῦ
2984 1209 3235 1278 αἵματος
3268 1211 3445 1265 αὐτοῦ
3475 1212 3618 1279 λέγει
3651 1212 3730 1280 τὴν

2174 1291 2575 1363 ἀπολύτρωσιν.
2606 1295 2821 1367 Λύτρου
2852 1299 2963 1370 γὰρ
2994 1299 3139 1372 λόγῳ
3164 1301 3375 1355 δέδοται
3408 1302 3473 1355 τὸ
3500 1298 3633 1373 αἷμα
3652 1302 3729 1356 τοῦ

2172 1382 2384 1452 Κυρίου
2406 1424 2419 1446 ,
2447 1384 2643 1455 ὲξάγον
2668 1390 2793 1451 τοὺς
2847 1390 2952 1443 ὑπὸ
2989 1392 3224 1445 θανάτου
3261 1394 3645 1464 αἰχμαλώτους
3668 1398 3731 1457 εἰς

2172 1471 2319 1545 ζωήν
2341 1492 2356 1506 ’
2388 1476 2469 1529 ὃτι
2505 1478 2603 1549 οὐχ
2631 1479 2835 1551 ἑτέρως
2873 1476 2987 1535 οἷόν
3014 1499 3073 1536 τε
3113 1479 3189 1555 ἦν
3212 1486 3596 1555 ἐπαναχθῆναι
3626 1489 3730 1549 τοὺς

2171 1566 2276 1618 ὑπὸ
2301 1566 2399 1638 τὴν
2431 1569 2525 1621 τοῦ
2556 1569 2790 1626 θανάτου
2817 1574 3119 1644 βασιλείαν,
3167 1577 3199 1647 ἢ
3234 1577 3333 1630 διὰ
3361 1578 3462 1631 τοῦ
3495 1581 3729 1649 κοινωνήο

2171 1674 2365 1724 σαντος
2397 1662 2536 1731 ἡμῖν
2567 1662 2807 1736 Θανάτῳ,
2841 1666 2939 1719 καὶ
2977 1667 3303 1738 ὁδηγοῦντος
3330 1670 3484 1741 ἡμᾶς
3517 1671 3674 1740 ζωήν.

2239 1857 2262 1890 ι
2302 1840 2403 1903 ’ος
2430 1840 2579 1895 ἐστιν
2602 1842 2770 1897 εἰκὼν
2802 1844 2904 1900 τοῦ
2924 1846 3063 1901 Θεοῦ
3090 1846 3188 1901 τοῦ
3210 1848 3478 1919 ἀοράτου.
3518 1869 3539 1901 ι

2244 1936 2312 1987 Ἡ
2342 1936 2442 2006 τῆς
2485 1937 2713 2009 χάριτος
2743 1937 3009 2012 ἐξήγησις
3045 1944 3126 2004 είς
3153 1942 3255 2014 τὴν
3298 1942 3597 2011 θεολογίαν
3619 1944 3728 1997 ἀνσ-

2162 2024 2369 2096 τρέχει.
2388 2026 2523 2081 ’Δπὺ
2555 2028 2667 2099 γὰρ
2689 2030 2787 2100 τῆς
2812 2031 3098 2101 ἐνεργείας
3133 2032 3234 2100 τῆς
3281 2033 3344 2084 ἐν
3371 2036 3443 2103 τῇ
3480 2034 3729 2105 παρουσίᾳ

2159 2114 2503 2187 γινώσκομεν
2528 2118 2631 2188 τὴν
2664 2119 2761 2172 τοῦ
2808 2120 2944 2174 Θεοῦ
2973 2122 3165 2175 οὐσίαν
3196 2123 3298 2193 τὴν
3328 2124 3441 2193 πρὸ
3474 2124 3581 2193 τῆς
3615 2141 3726 2194 περι

2156 2206 2365 2271 ουσίας.
2422 2208 2559 2263 Θεοῦ
2604 2211 2715 2282 γὰρ
2766 2211 2961 2284 ἔργον,
3012 2214 3074 2265 τὸ
3110 2213 3301 2267 σϐέσαι
3333 2215 3611 2277 θάνατον,
3656 2217 3726 2269 καὶ

2158 2299 2306 2370 ζωὴν
2355 2301 2824 2374 ἀντικαταστῆσαι
2858 2344 2874 2367 ,
2927 2305 3025 2359 καὶ
3072 2306 3167 2359 τὸν
3222 2308 3435 2377 κόσμον
3484 2311 3570 2371 είς
3618 2308 3725 2361 Θεὸν

2156 2391 2546 2461 ἐπαναγαγεῖν.
2581 2393 2683 2447 Διὰ
2712 2393 2873 2448 τοῦτο
2904 2396 3080 2464 λέγει’
3116 2397 3221 2461 Ὃς
3238 2397 3416 2451 ἐστιν
3438 2399 3623 2452 εἰκὼν
3640 2397 3723 2451 τοῦ

2158 2481 2307 2536 Θεοῦ
2337 2482 2443 2538 τοῦ
2466 2482 2747 2551 ἀοράτου,
2773 2485 2862 2539 ἵνα
2895 2487 2992 2540 καὶ
3027 2489 3112 2541 ὅτι
3143 2487 3260 2542 ἐστι
3290 2487 3452 2555 Θεὸς,
3479 2489 3719 2561 ἐπιδείξῃ,

2154 2573 2251 2631 καὶ
2303 2574 2385 2627 ὅτι
2423 2575 2544 2643 οὐχὶ
2574 2579 2603 2629 6
2649 2576 2837 2648 Πατὴρ
2875 2578 3075 2644 αὐτὸς,
3123 2579 3238 2634 ἀλλ’
3286 2579 3458 2634 είκὼν
3494 2580 3591 2634 τοῦ
3633 2583 3721 2633 ηα-

2153 2663 2302 2733 τρδς,
2358 2666 2668 2737 ταυτότητα
2723 2668 2865 2738 ἔχων
2910 2670 3048 2741 πρὸς
3098 2671 3293 2737 αὐτὸν,
3341 2672 3448 2725 οὐκ
3479 2670 3719 2735 αὐτὺςᾶιν

2152 2758 2377 2818 ἐκεῖνος.

2227 2865 2246 2899 ι
2274 2849 2623 2918 Πρωτότοκος
2645 2850 2830 2921 πάσης
2861 2853 3115 2919 κτίσεως,
3135 2856 3217 2909 ὅτι
3244 2856 3305 2908 ἐν
3332 2856 3487 2928 αὐτῷ
3515 2855 3714 2925 ἐκτίσθη

2149 2940 2218 2994 τὰ
2253 2941 2431 2994 πάντα
2459 2941 2528 2995 τὰ
2554 2945 2612 2996 ἐν
2650 2946 2765 3007 τοῖς
2790 2944 3065 3015 οὐρανοῖς,
3101 2947 3295 3001 καὶτὰ
3330 2949 3426 3001 ἐπὶ
3469 2950 3570 3019 τῆς
3602 2948 3713 3018 γῆς.

2149 3030 2216 3083 τὰ
2248 3032 2419 3101 ὁρατὰ
2452 3033 2547 3086 καὶ
2574 3034 2644 3087 τὰ
2673 3036 2903 3106 ἀόρατα,
2924 3038 3036 3091 εἴτε
3065 3038 3277 3110 Θρόνοι,
3318 3041 3433 3094 εἴτε
3462 3040 3714 3110 Κυριὸτη·

1957 3106 2040 3161 ive

2161 3139 2257 3187 ιες,
2279 3123 2389 3176 εἴτε
2416 3126 2469 3177 Ἀ
2483 3127 2630 3196 ρχαὶ,
2657 3128 2766 3180 sire
2796 3128 3088 3195 Ἐξουσίαι·
3112 3131 3180 3185 τὰ
3214 3133 3397 3187 πάντα
3428 3134 3499 3186 δι’
3522 3132 3676 3187 αὐτοῦ
3698 3173 3711 3193 .

2220 3396 2360 3464 ’Όρα
2411 3398 2531 3462 πῶς
2570 3399 2665 3452 καὶ
2696 3399 2797 3472 τὴν
2831 3402 2896 3456 ἐκ
2932 3403 3148 3487 Πίερος
3194 3405 3362 3458 αὐτοῦ
3399 3405 3711 3477 προσιώνιον

2144 3488 2404 3560 κηρύττει
2441 3490 2719 3561 γέννησιν,
2753 3496 2846 3548 καὶ
2878 3495 2987 3549 τῶν
3016 3498 3338 3567 κτισμάτων
3367 3498 3533 3551 αὐτὸν
3559 3498 3709 3567 χωρία

2143 3577 2247 3641 ζει.
2277 3578 2356 3648 τῷ
2384 3578 2586 3647 λέγειν,
2615 3582 2687 3634 ἐν
2719 3582 2883 3649 αὐτῷ
2919 3584 3170 3653 ἐκτίσθη
3210 3588 3283 3641 τὰ
3313 3586 3533 3642 πάντα.
3574 3588 3629 3640 Εἰ
3654 3585 3707 3639 δέ

2018 3702 2033 3725 ν
2140 3632 2548 3744 αδελφέτηίῆν
2573 3632 2721 3727 ὐίῶν
2747 3632 3017 3749 δευτέρων
3058 3632 3167 3731 ἐπὶΙ
3200 3678 3279 3751 τῷ
3332 3682 3538 3751 πρώτῳ
3568 3697 3705 3748 γενο-

2142 3762 2340 3832 μένων,
2374 3764 2474 3817 οὐκ
2518 3766 2585 3818 ἂν
2622 3767 2685 3819 ἐν
2724 3768 2877 3838 αὐτῷ
2924 3770 3111 3840 ἔλεγεν
3159 3770 3297 3825 αὐτά
3332 3773 3597 3828 ἐκτίσθαι.
3637 3769 3706 3839 Τῇ

2136 3852 2249 3919 γὰρ
2301 3855 2486 3921 σοφίᾳ
2541 3854 2719 3908 πάντα
2764 3858 3028 3928 ἐποίησεν
3071 3860 3100 3912 ὁ
3143 3861 3370 3930 Πατὴρ,
3401 3860 3703 3933 Χριστὺςδὲ

2133 3930 2267 3997 ἐστῖ
2299 3946 2448 4000 Θεοῦ
2481 3946 2735 4018 δύναμις
2761 3951 2861 4004 καὶ
2894 3953 3101 4019 σοφία.

2211 4053 2230 4086 ι
2269 4037 2380 4089 Καὶ
2424 4037 2494 4091 τὰ
2543 4040 2722 4094 πάντα
2771 4042 2828 4095 ἐν
2866 4043 3016 4113 αὐτῷ
3050 4043 3354 4115 συνέστηκε
3378 4087 3393 4109 ,
3430 4046 3526 4099 καὶ
3558 4043 3701 4105 αὐτός

2132 4124 2284 4180 ἐστιν
2333 4129 2365 4197 ή
2405 4129 2618 4201 κεφαλὴ
2665 4132 2764 4202 τῆς
2816 4132 3187 4204 Ἐκκλησίας,
3228 4136 3287 4198 ὃς
3334 4137 3488 4189 ἐστιν
3532 4134 3695 4206 ἀρχὴν

2132 4216 2481 4286 πρωτότοκος
2527 4222 2591 4273 ἐκ
2638 4220 2747 4273 τῶν
2787 4223 3022 4295 νεκρῶν,
3055 4224 3142 4277 ἴνα
3181 4225 3415 4296 γένηται
3464 4228 3522 4281 ἐν
3549 4226 3696 4279 πᾶσιν

2131 4309 2295 4373 αὐτὸς
2326 4312 2645 4381 πρωτεύων.
2680 4332 2698 4363 ι

2202 4404 2311 4457 Καὶ
2344 4405 2403 4457 ἐν
2444 4405 2610 4476 αὐτῷ,
2638 4406 2908 4471 ἔκτισται,
2935 4410 3097 4480 φησὶ,
3122 4410 3191 4463 τὰ
3238 4412 3418 4466 πάντα
3444 4453 3459 4478 ,
3508 4413 3595 4467 καὶ
3639 4413 3693 4464 ἐν

443 4447 566 4515 ipso
596 4450 933 4520 consistunt,
987 4464 1043 4511 ct
1100 4458 1219 4529 ipse
1283 4473 1371 4518 est
1419 4478 1610 4539 caput,
1667 4483 1723 4528 et
1781 4447 2022 4549 utraque

443 4541 745 4577 onmninair
816 4552 930 4577 sum
997 4566 1115 4577 ιη...
1174 4555 1455 4577 ιι-Αιημρμ
1629 4573 1639 4577 -
1734 4576 1739 4577 ,

2203 4447 2310 4457 --...
2344 4447 2398 4457 ν.
2444 4447 2610 4476 ..-μμ
2638 4447 2908 4471 -...........,
2936 4447 3097 4480 ww,
3134 4447 3191 4463 η.
3246 4447 3418 4466 ..νυνι
3444 4453 3459 4478 ,
3511 4447 3595 4467 ιι...
3639 4447 3690 4464 ς.

2167 4494 2277 4566 ὐτῷ
2311 4498 2664 4568 συνέστηκεν,
2694 4499 2788 4554 καὶ
2821 4501 2985 4565 αὐτὸς
3019 4505 3135 4556 ἐστι
3168 4506 3384 4577 κεφαλὴ
3407 4546 3422 4570 ,
3464 4510 3554 4560 καὶ
3595 4506 3690 4571 ἁμο

443 4541 768 4612 compingit,
816 4552 931 4600 tum
994 4566 1117 4620 quae
1174 4555 1463 4628 theologia
1515 4573 1669 4632 sunt,
1727 4576 1843 4625 tum
1899 4541 2025 4645 qum

441 4632 857 4693 exinanitionis.
912 4641 1052 4697 Nam
1101 4646 1149 4703 is
1188 4656 1272 4704 est
1323 4653 1419 4722 qui
1455 4663 1586 4712 ante
1617 4663 1818 4717 saecula
1850 4632 2021 4724 natus

440 4730 545 4786 est,
584 4725 678 4794 qui
708 4734 766 4782 et
821 4730 1228 4804 primogenitus
1274 4756 1340 4795 ex
1393 4750 1652 4804 mortuis.
1709 4753 1847 4809 Eum
1887 4773 2021 4814 vero

441 4814 732 4881 primatum
762 4829 936 4876 tenere
963 4824 1135 4891 dicit,
1166 4844 1277 4884 non
1318 4841 1378 4888 ut
1422 4838 1722 4905 primatum
1758 4854 1889 4904 ante
1921 4864 2019 4905 ac-

440 4912 667 4973 ceperit,
707 4911 800 4965 sed
852 4921 1129 4981 quatenus
1181 4934 1285 4977 nos
1317 4924 1493 4994 gloria
1527 4928 1630 4986 ista
1661 4933 1914 5003 donavit,
1957 4952 2017 4997 ut

440 4994 557 5064 ipse
607 5000 771 5057 nobis
822 5005 1081 5063 anteiret.
1144 5008 1263 5068 Hoc
1328 5016 1602 5087 siquidem
1668 5035 1830 5096 pacto

438 5102 660 5159 quoque
687 5108 779 5149 res
816 5097 1058 5153 conditae
1108 5116 1489 5171 permansurae
1517 5124 1700 5185 erant,
1732 5129 1847 5177 uta
1878 5097 2017 5180 con-

437 5180 618 5239 ditore
645 5201 747 5240 suo
791 5188 1123 5258 penderent,
1154 5194 1577 5274 eﬂugerentque
1603 5180 2013 5280 corruptelam,

434 5286 599 5341 quam
686 5279 959 5335 sustinuit
1039 5283 1293 5341 interitui
1380 5290 1677 5352 fracturam
1752 5304 2007 5376 tradens;

434 5366 901 5430 quemadmodum
944 5373 1059 5444 ipse
1095 5371 1306 5432 Paulus
1347 5387 1629 5440 enarravit
1670 5390 1724 5445 in
1763 5366 2007 5466 Epistola

434 5451 501 5505 ad
535 5452 802 5521 Ephesios
828 5462 893 5514 ⁸9.

497 5543 663 5600 Vnus.
698 5548 786 5613 i9,
810 5550 901 5609 20.
940 5573 959 5605 ι
992 5555 1128 5623 Quia
1161 5555 1216 5612 in
1256 5560 1381 5631 ipso
1426 5568 1761 5639 complacuit
1789 5590 2012 5636 omnem

2128 4586 2333 4657 φύτερα
2365 4589 2628 4658 συνάγει,
2678 4591 2746 4645 τά
2777 4608 2835 4645 τε
2884 4593 2986 4663 τῆς
3016 4593 3300 4664 θεολογίας
3326 4638 3340 4661 ,
3375 4599 3472 4651 καὶ
3516 4597 3579 4651 τὰ
3599 4596 3688 4662 τῆς

2126 4675 2430 4741 κενώσεως.
2487 4679 2661 4743 Αὐτὸς
2694 4679 2826 4752 γὰρ,
2881 4683 3250 4753 φησὶν,’ἐστ“ιν
3284 4687 3312 4738 6
3345 4687 3453 4757 πρὸ
3499 4686 3688 4740 αἰώνων

2123 4768 2405 4838 γεννηθεὶς
2424 4810 2438 4833 ,
2472 4771 2498 4823 6
2527 4771 2623 4825 καὶ
2668 4773 3018 4844 πρωτότοκος
3043 4778 3107 4829 ἐκ
3145 4777 3256 4831 τῶν
3281 4780 3514 4849 νεκρῶν.
3540 4782 3685 4845 Πρω·

2121 4862 2321 4914 τεύειν
2347 4861 2405 4915 δὲ
2440 4862 2604 4916 αὐτὸν
2635 4864 2785 4933 λέγει
2811 4906 2825 4930 ,
2859 4868 2957 4938 οὐχ
2985 4869 3061 4930 ὡς
3084 4869 3143 4922 τὸ
3168 4872 3477 4941 πρωτεύειν
3498 4870 3683 4943 προλατ

2125 4949 2310 5016 δόντα,
2343 4953 2461 5006 ἀλλ’
2490 4954 2566 5018 ὠς
2588 4955 2746 5022 δόξαν
2778 4960 2912 5027 ἡμῖν
2937 4959 3033 5013 τοῦ
3066 4962 3447 5032 πρωτεύεσθαι
3488 4966 3571 5017 ὑπ’
3593 4962 3682 5014 αὖ·

2121 5044 2218 5097 τοῦ
2250 5045 2634 5117 χαριζόμενον.
2666 5049 2822 5103 Οὕτω
2850 5050 2960 5121 γὰρ
2992 5053 3086 5106 καὶ
3104 5054 3382 5125 διαμένειν
3414 5056 3589 5126 ἔμελλε
3612 5054 3679 5107 τὰ

2124 5138 2424 5206 ποιήματα,
2458 5139 2826 5211 ἐξαρτηθέντα
2855 5143 2952 5196 τοῦ
2991 5145 3327 5217 δημιουργοῦ
3364 5150 3457 5203 καὶ
3487 5151 3675 5201 ἀποπε-

2121 5228 2363 5296 φευγότα
2389 5228 2488 5302 τὴν
2525 5232 2754 5305 φθορὰν,
2790 5237 2857 5305 ἥν
2886 5236 3181 5307 ὑπέμεινεν
3206 5241 3264 5293 ἐν
3294 5258 3372 5311 τῳ
3406 5241 3501 5312 τὴν
3536 5238 3675 5309 διάρ-

2124 5318 2281 5387 ῥηξιν
2314 5320 2395 5382 εἰς
2429 5321 2636 5392 φθορὰν
2694 5324 3054 5395 μεταϐάλλειν
3152 5330 3289 5399 ὅπερ
3322 5325 3474 5382 εἶπεν
3524 5329 3573 5379 ἐν
3600 5326 3669 5393 τῇ

2115 5411 2251 5480 πρὸς
2297 5411 2596 5480 Ἐφεσίους.

2200 5606 2215 5638 ι
2252 5587 2377 5641 ’Ότι
2411 5588 2469 5641 ἐν
2510 5589 2660 5661 αὐτῷ
2692 5591 2959 5665 ηὑδόκησε
2983 5595 3091 5650 πᾶν
3120 5595 3181 5649 τδ
3206 5606 3473 5666 πληρωμα
3502 5603 3663 5643 κατοι-

495 5718 539 5751 ⁸⁷
566 5719 711 5780 Psal.
752 5732 986 5796 cm,2i.
1080 5742 1172 5797 ⁸⁵1
1208 5746 1338 5804 Cor.
1381 5766 1417 5814 ι,
1452 5750 1541 5806 “li.
1619 5756 1660 5789 ⁸³
1698 5755 1898 5825 Ephcs.
1930 5774 1990 5825 tt,
2039 5761 2045 5815 l

2186 5763 2273 5817 Η.
