3844 6432
45 370 137 437 839

1086 377 1167 437 IN
1207 379 1444 441 EPIST.
1485 381 1587 441 AD
1619 336 2158 445 COLCSSENSES.

3182 385 3288 449 890

46 507 235 560 κησαι,
280 487 382 544 καὶ
404 488 471 543 δι’
511 488 679 544 αὐτοῦ
716 489 1167 559 ἀποκαταλλάξαι
1205 494 1275 548 τὰ
1313 496 1594 573 πάνταεεις

1718 496 2105 565 plenitudinem
2162 495 2497 561 inhabitare,
2528 506 2582 554 et
2610 513 2709 570 per
2760 512 2884 554 eum
2926 499 3288 555 reconciliare

45 581 212 648 αὐτὸν,
248 582 672 653 εἰρηνοποιήσας
701 582 793 638 διὰ
822 581 919 638 τοῦ
964 585 1197 656 αἵματος
1226 586 1323 641 τοῦ
1364 586 1601 659 σταυροῦ

45 674 193 728 αὐτοῦ
251 675 320 728 δι’
357 675 543 742 αὑτοῦ,
586 674 700 731 εἴτε
739 677 809 732 τὰ
851 678 946 733 ἐπὶ
975 679 1076 749 τῆς
1134 680 1261 752 γῆς,
1300 680 1411 734 εἴτε
1443 682 1515 737 τά
1545 682 1603 735 ὲν

44 768 142 830 τοῖς
168 766 438 838 οὐρανοῖς.
479 787 499 820 ι

19 880 21 883 ί
107 860 223 911 Ὅτι
254 862 315 913 ὲν
349 859 495 931 αὐτῷ
538 861 841 934 ηὐδόκησεν
887 864 1482 934 ἀνακεφαλαιώσασθαι
1532 864 1604 919 τὰ

46 951 204 1005 πάντα
233 951 303 1004 τά
326 953 386 1005 ἐν
418 955 532 1016 τοῖς
560 955 831 1024 οὐρανοῖς,
860 956 1041 1010 καὶτὰ
1064 958 1159 1010 ἐπὶ
1183 960 1283 1028 τῆς
1308 958 1431 1027 γῆς,
1460 957 1604 1012 οὕτω

46 1041 128 1092 καὶ
157 1039 387 1095 ἐνταῦθα
408 1042 571 1097 πάλιν
589 1043 737 1112 λέγει
785 1045 853 1097 δι’
899 1047 1104 1116 ἑτέρων
1131 1046 1354 1111 λέξεων.
1403 1046 1463 1100 '0
1493 1047 1603 1117 7&9

47 1130 254 1195 θάνατος
281 1132 379 1185 τοῦ
418 1134 657 1205 Χριστοῦ
677 1173 693 1199 ,
730 1138 826 1191 καὶ
854 1137 947 1191 τὸν
984 1137 1272 1207 ἄνθρωπον
1299 1137 1600 1201 ἀνέσωσεν,

48 1224 128 1274 καὶ
141 1223 573 1292 ἀνεστοιχείωσε,
591 1227 687 1278 καὶ
709 1228 835 1289 τοὺς
856 1228 1122 1294 ἀγγέλους
1148 1230 1230 1292 εἰς
1250 1230 1352 1301 τὴν
1368 1230 1602 1300 ἀρχαίαν

47 1312 200 1381 ήγαγε
222 1313 401 1384 χαρὰν
430 1317 752 1386 σωζομένων
787 1317 1121 1389 ἀνθρώπων,
1155 1323 1253 1375 καὶ⁵
1282 1322 1491 1391 συνῆψε
1532 1321 1604 1374 τὰ

50 1405 181 1456 κάτω
207 1406 319 1465 τοῖς
349 1404 463 1458 ἄνω
482 1422 496 1436 ·
524 1408 620 1459 καὶ
653 1406 811 1460 τοῦτό
840 1411 956 1461 ἐστι
983 1410 1043 1461 τὸ
1062 1450 1076 1474 ,
1106 1411 1603 1475 ἀποκαταλλάξαι

46 1492 106 1544 τὰ
146 1492 357 1549 πάντα.
410 1496 666 1567 Ἐποίησε
711 1503 821 1571 γὰρ
861 1502 1105 1571 εἰρήνην,
1139 1504 1234 1555 καὶ
1267 1504 1368 1573 τὴν
1401 1502 1602 1572 ἔχθραν

48 1579 161 1653 ἦρεν
184 1586 245 1637 ὲκ
270 1585 363 1638 τοῦ
408 1589 598 1655 μέσου.
633 1590 725 1643 Διὸ
748 1592 844 1645 καὶ
865 1592 1050 1660 ἔλεγον
1080 1593 1129 1645 οἱ
1158 1594 1381 1662 ἄγγελοι
1399 1636 1414 1658 ,
1448 1594 1603 1657 Δόξα

47 1677 104 1729 ἐν
124 1678 396 1744 ὑψίστοις
425 1677 571 1744 Θεῷ,
603 1682 702 1734 καί
728 1681 828 1736 ἐπί
846 1681 963 1752 γῆς
984 1683 1214 1751 είρήνη.

113 1787 129 1818 ι
172 1769 276 1821 Καὶ
317 1769 468 1838 ὑμᾶς
516 1772 649 1824 ποτὲ
703 1773 865 1836 ὄντας
911 1774 1464 1846 ἀπηλλοτριωμένους
1507 1775 1603 1829 καὶ

1702 588 1970 644 omniain
2002 589 2205 658 ipsum,
2260 588 2560 659 paciﬁcans
2610 605 2709 661 per
2746 590 3068 659 sanguinem
3101 591 3287 646 crucis

1702 680 1845 749 ejus,
1895 695 1990 749 per
2040 681 2242 749 ipsum,
2298 681 2415 737 sive
2466 696 2590 753 quae
2630 682 2686 735 in
2743 682 2931 748 terris,
2990 682 3107 737 sive
3164 697 3288 752 qua:

1705 771 1758 826 in
1803 771 1959 827 cmlis
1988 781 2138 827 sunt.
2183 792 2202 825 ι

1773 862 1834 919 In
1865 864 1970 920 hoc
1998 879 2220 935 quoque
2268 864 2393 921 loco
2420 865 2604 921 verbis
2646 864 2774 919 aliis
2799 865 3082 929 enuntiat,
3120 865 3287 935 208

1704 954 1817 1009 Deo
1850 957 2245 1027 complacitum
2276 956 2473 1023 fuisse,
2515 965 2575 1012 ut
2602 958 2657 1011 in
2692 959 2918 1013 Christo
2947 960 3283 1013 instauraret

1705 1049 1963 1102 universa
2018 1064 2142 1118 qua:
2194 1050 2248 1103 in
2306 1050 2501 1115 uelis,
2541 1060 2598 1103 et
2660 1065 2787 1120 quae
2842 1050 2903 1103 in
2940 1050 3109 1104 terris
3131 1059 3281 1105 sunt.

1704 1137 1838 1192 Nam
1873 1138 2082 1195 Christi
2113 1156 2288 1206 mors,
2327 1157 2453 1196 cum
2483 1142 2760 1196 hominem
2792 1143 3003 1196 salvum
3038 1141 3169 1195 fecit
3200 1157 3288 1197 re-

1704 1230 2169 1300 dintegravitque,
2202 1239 2319 1285 tum
2352 1232 2567 1301 angelis
2596 1231 2854 1301 gaudium
2891 1232 3130 1287 reddidit
3166 1232 3287 1302 pri-

1706 1323 1911 1377 stinum
1972 1331 2202 1393 prapter
2257 1325 2492 1379 salutem
2554 1325 2865 1386 hominum,
2914 1334 2969 1378 et
3019 1324 3284 1379 inferiora

1705 1411 2088 1480 superioribus
2157 1414 2474 1481 c0pulavit:
2530 1422 2697 1483 atque
2752 1413 2856 1467 hoc
2915 1420 3023 1476 est,
3059 1415 3285 1467 reconci-

1707 1502 1843 1555 liare
1892 1503 2095 1556 omnia.
2155 1502 2370 1557 Etenim
2409 1517 2600 1572 pacem
2640 1503 2793 1568 fecit,
2849 1504 3285 1574 inimicitiasque

1706 1593 1937 1647 sustulit
1995 1608 2028 1648 e
2079 1592 2283 1647 medio.
2337 1593 2689 1664 Quapropter
2744 1595 2921 1664 angeli
2980 1594 3282 1649 dicebant:

1707 1680 1894 1735 Gloria
1930 1682 1988 1734 in
2015 1680 2238 1735 excelsis
2271 1682 2401 1748 Deo,
2429 1691 2478 1735 et
2509 1684 2563 1735 in
2596 1692 2736 1736 terra
2762 1697 2869 1751 pax
2903 1684 2971 1739 ⁷ο.

1782 1776 1950 1831 Vsus.
1977 1775 2072 1839 2|,
2131 1775 2226 1831 22.
2265 1795 2283 1827 ι
2320 1775 2388 1829 Ει
2433 1791 2534 1830 vos
2584 1791 2710 1831 cum
2752 1776 2952 1831 essetis
2987 1777 3284 1845 aliquando

50 1856 251 1927 ἐχθροὺς
280 1836 369 1929 τῇή
394 1859 609 1931 διανοίᾳ
629 1903 645 1927 ,
677 1864 735 1915 ὲν
769 1866 886 1927 τοῖς
922 1836 1105 1936 ἐρίοις
1150 1836 1282 1929 τοῖς.
1315 1836 1594 1936 πονηροῖς,

1718 1861 1956 1925 alienati,
1984 1872 2042 1916 et
2078 1860 2286 1916 inimici
2332 1876 2502 1916 sensu
2535 1861 2590 1916 in
2625 1861 2883 1931 operibus
2918 1862 3102 1925 malis,
3133 1877 3285 1916 nunc

50 1950 146 2002 νυνὶ
172 1949 225 2004 δὲ
273 1952 725 2024 ἀποκατήλλαξεν
759 1957 819 2010 ὲν
858 1956 938 2029 τῷ
986 1958 1197 2028 σώματι
1248 1958 1346 2022 τῆς
1393 1959 1597 2028 σαρκὸς

50 2040 188 2092 αὑτοῦ
213 2041 301 2095 διὰ
340 2044 438 2096 τοῦ
489 2045 754 2115 θανάτουι,
806 2049 1164 2119 παραστῆσαι
1220 2049 1364 2119 ὑμᾶς
1405 2050 1597 2117 ἁγίους

50 2132 127 2185 καὶ
154 2131 436 2203 ἀμώμους,
469 2138 565 2189 καὶ
595 2138 960 2210 ἀνεγκλήτους
990 2141 1330 2195 κατενώπιον
1352 2142 1540 2196 αὐτοῦ.
1572 2163 1592 2195 ι

124 2223 324 2295 Ἐχθροὶ
384 2221 531 2297 ἦσαν
582 2232 648 2300 τῇ
693 2230 906 2303 διανοίᾳ
953 2233 1005 2285 oi
1044 2233 1446 2305 κεχωρισμένοι
1499 2235 1599 2295 τοῦ

60 2314 246 2387 Ἰσραήλ
274 2316 361 2372 διὰ
409 2320 475 2372 τὸ
515 2322 573 2373 ὲν
616 2321 802 2394 ἔργοις
842 2320 985 2377 εἶναι
1020 2328 1304 2397 πονηροῖς.
1353 2325 1466 2397 Τὴν
1499 2326 1597 2396 μὲν

50 2409 480 2479 προϋπάρχουσαν
509 2412 730 2485 ἔχθραν,
755 2416 846 2470 διὰ
889 2418 989 2489 τὴν
1019 2416 1221 2472 κακίαν
1246 2419 1341 2472 καὶ
1360 2420 1596 2489 ἀνομίαν

50 2501 113 2562 είς
146 2503 315 2570 φιλίαν
342 2505 668 2575 ἐληλυθέναι
717 2510 872 2580 φησι,
904 2509 994 2563 διὰ
1033 2510 1094 2563 τὸ
1130 2509 1478 2581 νεκρωθῆναι
1505 2511 1596 2567 τὸν

49 2589 130 2657 τῆς
150 2593 339 2662 σαρκὸς
377 2594 517 2663 βίον,
561 2596 654 2649 τὸν
695 2598 753 2651 ἐν
784 2599 918 2669 ἡμῖν
953 2600 1054 2669 μὲν
1087 2601 1505 2672 ὲρρυπωμένον,
1537 2603 1595 2653 ἐν

50 2682 237 2754 Χριστῷ
259 2686 314 2740 δὲ
342 2687 590 2757 καθαρὸν
615 2731 629 2755 ,
676 2688 904 2743 δοθέντα
932 2690 991 2743 δὲ
1022 2691 1173 2761 ὅμως
1204 2693 1284 2754 είς
1326 2692 1595 2763 νέκρωσιν

52 2773 166 2843 ὑπὲρ
198 2777 289 2829 τοῦ
322 2779 427 2848 τὴν
458 2782 517 2831 ὲν
542 2778 619 2849 τῷ
644 2779 743 2850 βίῳ
786 2781 963 2853 τούτῳ
983 2784 1115 2852 παρ’
1158 2783 1294 2853 ήμῖν
1320 2800 1595 2855 κεκρατη-

52 2867 179 2919 κυίσν
202 2869 478 2940 ἁμαρτίαν
508 2873 571 2925 ὲκ
611 2872 830 2946 βάθρων
857 2874 1238 2946 ἀναιρεθῆναι,
1274 2875 1417 2929 ὥστε
1445 2876 1595 2947 ἡμᾶς

52 2956 147 3008 καθ’
178 2960 359 3031 ἑτέραν
394 2961 550 3033 ζωὴν
574 2965 677 3035 τὴν
708 2966 773 3018 ὲκ
809 2965 1020 3037 νεκρῶν
1050 2968 1403 3039 παραστῆναι
1430 2968 1552 3040 Θεῷ
1573 3010 1589 3037 ,

53 3047 213 3111 μηκέτι
237 3049 457 3119 ἐνόχους
479 3054 593 3116 τοῖς
619 3053 790 3125 ὲγκλή
801 3071 937 3123 μασι
966 3056 1068 3126 τῆς
1088 3058 1372 3128 προτέρας
1400 3058 1550 3129 ζωῆς
1574 3099 1589 3121 ο

51 3131 138 3239 ὅσοι
161 3136 439 3245 dalata-i731;
448 3143 854 3245 μμορφούμεθα
880 3144 959 3218 τῷ
981 3145 1199 3219 θανάτῳ
1222 3149 1319 3203 καὶ
1350 3151 1418 3220 τῇ
1458 3151 1593 3203 ἀνα·
1620 3192 1662 3245 0

53 3226 203 3282 στάσει
229 3233 318 3285 τοῦ
340 3234 609 3303 Χριστοῦ.
1620 3223 1663 3245 υ

109 3425 125 3457 ι
158 3407 219 3462 Ei
242 3427 304 3478 γε
332 3410 627 3485 ἐπιμένετε
662 3417 730 3487 τῇ
769 3415 951 3471 πίστει
995 3419 1459 3491 τεθεμελιωμένοι
1497 3426 1594 3477 καὶ

54 3495 252 3566 ἑδραῖοι,
296 3504 393 3557 καὶ
449 3504 525 3576 μὴ
572 3508 1027 3580 μετακινούμενοι
1074 3512 1183 3566 ἀπὸ
1229 3513 1333 3583 τῆς
1373 3515 1592 3580 ἐλπίδος

52 3589 125 3642 τοῦ
155 3593 478 3664 Εὑαγγελίου
508 3636 522 3661 ,
556 3592 618 3652 οῦ
650 3600 946 3669 ἠκούσατε,
980 3603 1076 3657 τοῦ
1124 3606 1499 3677 κηρυχθέντος
1533 3610 1592 3662 ὲν

53 3680 168 3770 πάσῃ
193 3687 252 3755 τῇ
280 3689 460 3742 κτίσει
488 3692 554 3762 τῇ
588 3690 696 3745 ὑπὸ
716 3692 809 3746 τὸν
830 3694 1082 3765 οὐρανὸν,
1099 3691 1163 3750 οῦ
1186 3698 1457 3770 ἐγενόμην
1479 3699 1590 3769 ἐγὼ

52 3769 221 3837 Παῦλος
238 3776 506 3842 διάκονος.
545 3798 564 3833 ι

114 3865 305 3940 Ἐπειδὴ
349 3871 492 3943 ἀκοῇ
528 3874 597 3928 τά
632 3875 756 3929 κατ’
789 3878 992 3941 αὐτοὺς
1027 3875 1174 3934 οἶδεν
1200 3921 1215 3943 ,
1261 3882 1589 3952 ἀμφιϐόλως

1707 1964 1891 2009 autem
1946 1954 2325 2009 reconciliavit
2382 1954 2437 2008 in
2491 1967 2727 2023 corpore
2773 1952 2959 2008 carnis
3011 1953 3133 2022 ejus
3184 1967 3284 2022 per

1707 2056 1962 2111 mortem,
2006 2046 2270 2101 exhibere
2299 2061 2399 2102 vos
2419 2053 2666 2111 sanctos,
2698 2052 2755 2101 et
2788 2044 3194 2110 immaculatos,
3227 2050 3285 2099 et

1706 2135 2228 2204 irreprehensibiles
2259 2149 2451 2190 coram
2488 2134 2633 2205 ipso.
2667 2151 2686 2186 ι

1777 2226 1947 2280 Sensu
2008 2234 2172 2281 erant
2223 2226 2478 2303 inimici,
2557 2225 2653 2295 qui
2717 2224 3153 2297 segregabantur
3213 2222 3284 2277 ab

1704 2315 1896 2382 Israel,
1932 2332 2059 2371 cum
2102 2332 2330 2388 Operam
2382 2317 2544 2373 malis
2601 2317 2863 2387 operibus
2910 2317 3127 2371 darent.
3156 2315 3282 2370 Pri-

1705 2414 1883 2469 stinas
1908 2413 2130 2483 quidem
2188 2412 2531 2479 inimicitias,
2587 2428 2727 2484 quas
2758 2412 2965 2467 malitia
2995 2420 3048 2466 et
3074 2409 3284 2479 iniqui-

1704 2514 1790 2561 tas
1822 2517 2171 2577 pepererant.
2217 2507 2273 2559 in
2330 2505 2633 2560 amicitiam
2679 2520 2809 2561 esse
2839 2512 3084 2557 mutatas
3117 2501 3279 2567 dicit,

1704 2599 1813 2652 vita
1846 2597 2033 2652 carnis
2077 2597 2377 2661 exstincta,
2431 2612 2554 2666 quae
2581 2596 2826 2666 quidem,
2850 2612 2975 2650 cntn
3010 2595 3064 2648 in
3119 2594 3282 2649 nobis

1703 2690 2041 2754 sorduisset,
2101 2691 2156 2743 in
2192 2689 2417 2743 Christo
2460 2688 2667 2743 munda
2710 2688 2853 2742 facta
2899 2696 2983 2743 est
3022 2703 3035 2738 :
3073 2686 3280 2756 quippe

1701 2794 1826 2849 quae
1870 2780 1995 2833 data
2053 2778 2159 2832 fuit
2198 2779 2265 2833 ad
2306 2778 2814 2842 mortilicationem,
2856 2784 2916 2831 ut
2967 2784 3283 2847 peccatum.

1700 2870 1847 2941 quod
1879 2870 1935 2925 in
1967 2869 2073 2924 hac
2105 2869 2220 2923 vita
2253 2870 2597 2923 dominatum
2647 2869 2703 2933 in
2736 2869 2897 2922 nobis
2944 2868 3140 2929 fuerat.
3185 2881 3279 2920 ra-

1700 2962 1907 3018 dicitus
1932 2962 2246 3027 tolleretur,
2275 2976 2385 3031 quo
2416 2976 2520 3016 nos
2550 2967 2617 3016 ex
2664 2960 2903 3015 mortuis
2939 2960 3105 3013 vitam
3138 2959 3279 3013 alte-

1702 3068 1819 3106 ram
1857 3059 2088 3118 agentes
2141 3059 2679 3122 repraesentaremnr
2730 3049 2863 3114 Deo,
2898 3065 2999 3104 nec
3030 3062 3279 3104 essemus
3332 3080 3352 3095 ο

1700 3144 1966 3213 deinceps
2007 3143 2315 3198 anterioris
2350 3142 2477 3197 vitae
2524 3141 2821 3195 criminum
2866 3138 2982 3203 rei;
3010 3144 3281 3208 quotquot

1698 3234 1961 3289 nimirum
1999 3234 2332 3289 conformati
2366 3248 2566 3290 sumus
2606 3232 2676 3287 ad
2710 3239 2945 3287 mortem
2997 3237 3053 3285 et
3086 3243 3278 3284 resur-

1696 3328 2001 3381 rectionem
2028 3326 2258 3381 Christi.

1766 3416 1938 3473 Vens.
1963 3418 2057 3472 23.
2087 3434 2108 3469 ι
2147 3418 2203 3471 Si
2231 3427 2414 3472 tamen
2448 3416 2787 3487 permanetis
2818 3415 2874 3469 in
2908 3414 3013 3470 fide
3044 3413 3275 3477 fundati,

1694 3519 1751 3566 et
1788 3511 2035 3575 stabiles,
2087 3517 2145 3566 et
2206 3509 2520 3564 immobiles
2551 3523 2579 3562 a
2635 3522 2734 3578 spe
2789 3506 3096 3577 Evangelii,
3128 3506 3277 3575 quod

1695 3603 1953 3667 audistis,
2012 3600 2160 3672 quod
2210 3601 2571 3671 praedicatum
2608 3600 2783 3655 estin
2831 3599 3089 3653 universa
3118 3610 3287 3651 creat

1695 3698 1839 3755 tura,
1904 3705 2029 3760 quae
2080 3688 2187 3744 sub
2239 3689 2384 3743 coelo
2435 3696 2556 3753 est;
2615 3686 2774 3756 cujus
2806 3686 2984 3741 factus
3026 3700 3147 3739 sum
3176 3699 3277 3754 ego

1695 3783 1970 3837 minister.
2004 3797 2027 3832 ι

1766 3875 2041 3942 Quoniam
2075 3874 2270 3927 auditu
2304 3872 2580 3926 duntaxat
2635 3879 2926 3941 acceperat
2963 3886 3085 3941 quia;
3126 3869 3272 3939 apud

53 3954 250 4048 εἴρηκεν,
290 3962 457 4032 Εἴτε
484 3964 815 4035 ἐπιμένετε.
855 3970 1113 4039 Δηλονότι
1146 3974 1246 4044 τῆς
1281 3974 1521 4040 πίστεως
1553 3978 1586 4048 ή

1718 3982 1789 4023 οε
1849 3974 2201 4037 gererentur,
2250 3965 2409 4033 quasi
2459 3964 2709 4017 incertus
2766 3961 2930 4024 dixit,
2990 3962 3037 4014 si
3097 3970 3274 4015 tamen

54 4044 242 4124 ἐπιμονὴ
272 4053 482 4124 βεϐαιοῖ
507 4058 609 4129 τὴν
636 4060 776 4132 πρὸς
805 4061 941 4117 Θεὸν
966 4064 1265 4120 οἰκείωσιν.

110 4242 124 4274 ι
152 4227 250 4282 Νῦν
273 4231 451 4305 χαίρω
470 4235 530 4289 ἐν
548 4237 664 4301 τοῖς
689 4237 1015 4309 παθήμασιν
1038 4244 1179 4318 ὑπὲρ
1213 4247 1385 4317 ὑμῶν.
1416 4270 1438 4301 ν

114 4395 411 4499 ’ξένεγωνιον
440 4408 504 4461 τὸ
532 4408 693 4481 ἔργον
719 4412 817 4466 τοῦ
860 4416 1214 4475 Ἀποστόλου.
1252 4423 1364 4477 Καὶ
1393 4426 1584 4499 ἐπειδὴ

1690 4058 2031 4129 permanetis.
2079 4056 2347 4110 Nimirum
2401 4055 2526 4111 ﬁdei
2582 4054 2897 4108 constantia
2931 4052 3143 4107 ﬁrmius
3172 4067 3276 4107 nos

1694 4152 1809 4207 Deo
1834 4151 2122 4206 conciliat.

1764 4243 1931 4299 Vens.
1993 4242 2086 4299 24.
2125 4262 2144 4295 ι
2175 4242 2337 4297 Nunc
2388 4242 2605 4314 gaudeo
2666 4242 2722 4296 in
2780 4237 3135 4310 passionibus
3175 4251 3276 4308 pro
3352 4256 3355 4263 ε

1696 4340 1870 4394 vobis.
1912 4357 1932 4389 ι

1766 4430 2015 4498 Apostoli
2052 4445 2255 4483 munus
2282 4428 2349 4482 ad
2379 4426 2687 4482 certamina
2720 4432 3099 4495 comparatum
3130 4430 3273 4477 erat.

53 4489 151 4588 ιπερὶ
176 4491 231 4588 τὸ
268 4494 426 4565 ἔργον
465 4501 583 4554 ὲστὶ
625 4503 948 4575 πρόθυμος,
980 4509 1163 4582 χαίρει
1212 4514 1310 4568 καὶ
1361 4516 1420 4568 ὲν
1468 4489 1584 4584 τοῖς

1718 4522 1960 4588 Quocirca
1993 4537 2120 4576 cum
2159 4522 2334 4575 alacri
2369 4521 2557 4574 animo
2593 4519 2877 4573 incumbat
2914 4518 3107 4587 operi;
3153 4516 3277 4568 ideo

54 4577 379 4684 ἀγωνίσμασιν
433 4587 519 4657 οἷς
573 4594 910 4663 ἀγωνίζεται
964 4577 1108 4673 ὑπὲρ
1163 4603 1268 4674 τῆς
1345 4577 1582 4683 Ἐκκλιπιιἰ

59 4685 165 4734 “uc.
198 4695 216 4728 ι

101 4782 124 4863 .t
146 4769 266 4863 ﬁliai.
302 4774 701 4851 ἀνταναπληρῶ
728 4781 798 4835 τὰ
820 4783 1177 4857 ὑστερήματα
1212 4787 1320 4842 τῶν
1347 4790 1580 4863 θλίψεων

55 4858 123 4953 τοῦ
146 4858 361 4953 Χριστοῦ
391 4869 449 4921 ὲν
473 4872 539 4941 τῇ
564 4873 730 4942 σαρκί
762 4890 865 4944 μου
896 4876 1038 4948 ὑπὲρ
1063 4878 1160 4932 τοῦ
1200 4858 1457 4953 σώματος
1478 4887 1580 4940 αῦ-

1694 4611 1747 4664 in
1780 4611 2177 4667 certaminibus
2206 4612 2444 4675 laetatur,
2490 4608 2696 4679 quibus
2733 4622 2836 4678 pro
2882 4607 3126 4661 Ecclesia
3180 4605 3277 4659 dc-

1693 4703 1950 4758 sudabat.

1768 4812 1787 4845 ι
1827 4793 1894 4847 Ει
1938 4795 2215 4865 adimpleo
2268 4808 2391 4864 qua;
2439 4794 2642 4849 desunt
2681 4795 3003 4863 passionum
3045 4790 3272 4856 Christi,

1691 4888 1745 4942 in
1781 4903 1954 4943 carne
1990 4904 2133 4950 mea,
2166 4902 2271 4957 pro
2311 4903 2546 4959 corpore
2581 4887 2725 4957 cjus,
2775 4888 2921 4959 quod
2971 4896 3055 4943 est
3085 4886 3274 4941 Eccle-

55 4944 151 5053 toﬁ,
172 4952 197 5004 ὃ
218 4956 359 5053 ἐστιν
395 4963 429 5032 ή
469 4963 766 5037 Ἐκκλησία
787 4984 800 4998 ο
828 4963 898 5039 ἧς
943 4944 1213 5044 ἐγενόμην
1239 4944 1352 5043 ὲχὼ
1396 4944 1581 5033 διάκοο

1724 4981 1793 5045 ia,
1850 4979 2044 5051 Ινειιε.
2262 4944 2429 5051 cujus
2479 4944 2661 5037 factus
2696 4944 2818 5036 sum
2870 4995 2972 5049 ego
3020 4978 3279 5032 minister

56 5050 120 5174 ἒςδς
137 5046 263 5189 ἔαξά
284 5048 380 5120 τὴν
405 5055 721 5127 οἰκονομίαν
751 5059 849 5113 τοῦ
885 5061 1046 5130 Θεοῦ,
1077 5064 1178 5134 τήν
1205 5065 1456 5123 δοθεῖσάν
1488 5086 1583 5138 μοι

79 5144 115 5189 ις
168 5152 201 5189 ιι
241 5157 315 5189 ε.)
1204 5180 1207 5181 ⁷

79 5144 115 5189 ις
137 5144 315 5201 υμᾶς.)

68 5223 330 5390 ,Εἷὲνζὶἵι
374 5242 477 5313 τῆς
527 5244 856 5317 Ἑκκλησίας
884 5263 898 5278 ·
956 5248 1095 5305 καθὸ
1134 5249 1153 5290 1
1195 5252 1304 5325 γὰρ
1347 5254 1514 5309 αὐτοῦ
1549 5258 1583 5328 ή

106 5404 365 5483 Πληρῶσαι
410 5424 503 5476 τὸν
538 5425 700 5495 λόγον
732 5429 825 5483 τοῦ
855 5431 988 5485 θεοῦ
1015 5472 1031 5499 ,
1074 5433 1136 5487 τδ
1168 5438 1469 5507 μυστήριον
1514 5440 1574 5492 τὸ

103 5584 143 5620 ⁷⁹
163 5587 285 5649 Luc.
324 5612 387 5665 ιι,
428 5601 514 5656 14.

1686 5072 1993 5129 secundum
2020 5073 2497 5144 dispensationem
2545 5071 2668 5138 Dei,
2702 5086 2825 5142 quae
2858 5070 2985 5124 data
3023 5075 3110 5123 est
3136 5065 3269 5120 mihi

1686 5181 1739 5220 In
1771 5179 1888 5220 ιόε.
1925 5185 1943 5217 ι

1760 5257 1878 5311 Hoc
1923 5267 2010 5313 est
2061 5272 2173 5329 pro
2204 5256 2495 5325 Ecclesia;
2565 5268 2770 5323 corpus
2809 5252 2958 5307 enim
3013 5250 3135 5319 ejus
3184 5255 3269 5303 est

1686 5347 1957 5402 Ecclesia.

1766 5460 1784 5490 ε
1825 5440 1894 5496 Ut
1939 5439 2195 5510 impleam
2239 5441 2470 5498 verbum
2528 5438 2649 5505 Dei,
2678 5434 2869 5510 [νειιε.
2917 5429 3111 5505 2689]
3149 5443 3270 5501 my-

1262 5702 1505 5758 VARI/E
1547 5702 1956 5759 LECTIONES.

144 5766 435 5851 lLegerim,
461 5788 618 5859 σῶμα
645 5790 851 5860 potius.
893 5790 996 5848 Sed
1041 5798 1223 5849 textus
1258 5794 1485 5850 nimium
1522 5795 1609 5850 hic
1646 5796 1867 5854 luxatus
1901 5799 2237 5870 mutilusqttc
2272 5808 2375 5854 est.
