4022 6412
642 349 739 415 891
897 405 908 413 .
1828 367 1888 425 S.
1920 366 2238 427 JOANNIS
2271 366 2701 432 DAMASCENI
3750 377 3830 447 89?.

643 458 899 521 sterium,
927 459 1070 527 quod
1096 460 1483 518 absconditum
1518 465 1621 521 l‘uit
1650 483 1679 519 a
1715 472 1931 527 sreeulis
1957 481 2011 525 et
2041 487 2071 525 a
2122 488 2202 541 ge-

2315 475 2810 546 άποκεκρυμμένον
2837 474 2947 529 ἀπὸ
2976 475 3087 529 τῶν
3118 473 3355 538 αἰώνων,
3397 477 3491 531 καὶ
3518 478 3620 532 ἀπὸ
3648 483 3738 536 τῶν
3762 503 3831 553 γε-

643 547 1065 615 nerationibus;
1097 565 1242 605 nunc
1278 561 1459 607 autem
1523 554 1936 611 manifestatum
1979 567 2064 613 est
2087 575 2202 615 san-

2314 566 2449 619 νεῶν
2477 584 2490 598 ·
2523 568 2641 620 νυνὶ
2664 567 2720 620 δὲ
2751 566 3070 637 ἐφανερώθη
3105 570 3217 631 τοῖς
3247 569 3425 636 ἁγίοις
3450 568 3718 637 αὑτοῦ,οίς
3738 547 3834 644 his.

640 635 748 688 etis
801 639 941 702 ejus,
993 638 1197 708 quibus
1247 642 1417 695 voluit
1467 644 1608 699 Deus
1659 658 1818 700 noxas
1865 647 2047 702 facere
2091 665 2213 717 qua:

643 727 755 779 sint
794 725 998 782 divitia:
1026 730 1215 797 gloriae
1247 737 1578 789 sacramenti
1635 737 1800 802 hujus
1845 740 1897 791 in
1934 741 2208 808 gentibus,

638 819 737 886 qui
765 826 849 872 est
879 820 1171 889 Christus;
1206 824 1257 876 in
1312 827 1466 880 vobis
1511 842 1637 896 spes
1676 828 1883 898 glorize,
1916 846 2079 897 quem
2110 846 2212 885 nos

642 911 1061 973 annuntiamus,
1107 915 1470 981 corripientes
1528 934 1746 972 omnem
1801 920 2101 984 hominem,
2157 930 2212 976 et

2313 656 2477 727 λησεν
2502 660 2532 710 ὁ
2573 658 2706 723 Θεὸς
2757 660 3052 729 γνωρίσαι,
3097 662 3180 723 τίς
3232 662 3260 712 ὁ
3310 661 3537 723 πλοῦτος
3575 664 3667 733 τῆς
3705 666 3831 735 δόξης

2311 748 2406 800 τοῦ
2440 751 2741 821 μυστηρίου
2779 752 2973 805 τούτου
3000 753 3059 805 ὲν
3088 755 3199 815 τοῖς
3235 753 3469 814 ἔθνεσιν,
3498 754 3556 818 ὃς
3596 756 3700 808 ἐστι
3733 759 3836 826 Χρι-

2314 838 2457 903 στὸς,
2490 841 2545 892 ἐν
2575 841 2704 909 ὑμῖν
2739 842 2771 907 ἡ
2802 842 2959 906 ἐλπὶς
2971 846 3083 913 ,τῆς
3113 843 3303 913 δόξης,
3326 844 3386 897 δν
3408 845 3568 913 ἡμεῖς
3587 849 3838 915 καταγγέλ-

2312 929 2498 1000 λομεν,
2512 931 2891 996 νουθετοῦντες
2907 934 3084 988 πάντα
3104 934 3413 1005 ἄνθρωπον,
3436 937 3528 988 καὶ
3545 937 3838 1001 διδάσκοντες

2312 1023 2490 1075 πάντα
2518 1022 2805 1093 ἄνθρωπον
2836 1026 2894 1076 ὲν
2926 1024 3075 1097 πάσῃ
3100 1027 3285 1096 σοφίᾳ,
3322 1027 3409 1079 ἵνα
3441 1030 3838 1098 παραστήσωμεν

2313 1114 2491 1167 πάντα
2529 1114 2816 1184 ἄνθρωπον
2859 1117 3069 1169 τέλειον
3104 1119 3164 1171 ἐν
3203 1118 3425 1189 Χριστῷ
3475 1119 3647 1188 Ἰησοῦ
3671 1159 3685 1179 ,
3720 1122 3840 1201 sic}

2312 1206 2407 1258 καὶ
2436 1206 2613 1259 κοπιῶ
2642 1206 3046 1279 ἀγωνιζόμενος
3073 1210 3216 1262 κατὰ
3239 1213 3337 1277 τὴν
3386 1211 3663 1282 ἐνέργειαν
3685 1212 3837 1275 αὐτοῦ,

2309 1294 2408 1364 τὴν
2439 1295 2839 1367 ἐνεργουμένην
2859 1300 2918 1351 ὲν
2950 1301 3073 1368 ἐμοὶ
3106 1302 3163 1353 ἐν
3182 1300 3433 1371 δυνάμει.
3469 1321 3487 1353 ι

641 1000 905 1056 docentes
959 1018 1179 1058 omnem
1218 1006 1494 1061 hominem
1531 1009 1586 1061 in
1635 1012 1788 1063 omni
1822 1014 2116 1081 sapientia,
2152 1019 2210 1065 ut

640 1090 998 1146 exhibeamus
1026 1108 1242 1148 onmem
1277 1096 1551 1150 hominem
1611 1100 1914 1167 perfectum
1964 1102 2016 1155 iu
2048 1103 2212 1157 Chri-

640 1187 728 1233 sto
757 1178 909 1245 Jesu,
966 1181 1018 1234 in
1067 1183 1214 1251 quod
1259 1193 1313 1239 et
1350 1187 1562 1251 laboro,
1596 1190 1864 1244 certando
1904 1193 2208 1246 secumlum

638 1270 1015 1336 operationem
1062 1270 1206 1339 ejus,
1267 1290 1389 1343 quae
1442 1286 1706 1343 operatur
1773 1279 1825 1332 in
1882 1296 1967 1334 me
1998 1285 2053 1334 in
2099 1282 2211 1335 vir-

638 1368 773 1413 tute.
803 1378 822 1411 ι

1303 1456 1460 1513 CAP.
1500 1459 1563 1513 Il.
2158 1506 2165 1512 -

2910 1482 3161 1536 ΚΕΦΑΛ.
3215 1485 3290 1539 Βσ.

713 1542 877 1599 Vsus.
918 1545 1030 1599 1-5.
1068 1565 1087 1597 ι
1124 1546 1263 1602 Volo
1293 1550 1444 1604 enim
1481 1569 1577 1609 vos
1615 1556 1760 1608 scire.
1806 1558 2022 1624 qualem
2056 1560 2202 1613 solli-

2390 1591 2407 1621 ι
2448 1571 2599 1624 Θέλω
2623 1572 2681 1625 δὲ
2712 1572 2858 1643 ὑμᾶς
2906 1574 3104 1627 είδέναι
3139 1576 3329 1645 ἡλίκον
3374 1575 3569 1645 ἀγῶνα
3609 1577 3712 1648 ἔχω
3749 1580 3843 1649 περὶ

636 1635 939 1690 citudinem
969 1637 1200 1691 habeam
1232 1655 1333 1711 pro
1363 1642 1544 1707 vobis,
1585 1654 1639 1700 et
1679 1646 1748 1702 iis
1783 1648 1878 1717 qui
1911 1656 2042 1703 sunt
2068 1648 2202 1703 Lao-

2312 1659 2468 1730 ὑμῶν
2502 1660 2598 1713 καὶ¹
2623 1661 2731 1713 τῶν
2751 1635 2822 1715 ’ὲν
2841 1635 2848 1636 7
2868 1635 3179 1734 Λαοδικείᾳ,
3208 1663 3301 1718 καὶ
3324 1635 3442 1718 δσοὶ
3472 1667 3574 1736 οὐχ
3606 1635 3842 1736 ἑωράκασι

634 1726 828 1791 dicem,
884 1736 938 1782 et
994 1729 1313 1801 quicunque
1361 1749 1471 1787 non
1521 1735 1777 1792 viderunt
1816 1738 2010 1794 l‘aciem
2034 1756 2202 1796 meam

2310 1726 2373 1804 τδ
2413 1750 2705 1819 πρόσωπόν
2730 1769 2833 1821 μου
2865 1753 2924 1807 ὲν
2946 1726 3147 1823 σαρκὶ,
3166 1755 3251 1809 ἵνα
3276 1726 3641 1826 πληρωθιῖίσιν
3670 1726 3721 1811 at
3744 1776 3846 1829 καρ-

636 1818 802 1888 209
832 1819 885 1872 in
918 1834 1107 1885 carne,
1153 1834 1211 1877 ut
1249 1824 1581 1895 impleantur
1615 1830 1784 1885 corda
1814 1831 2087 1901 ipsorum,
2121 1834 2202 1887 in-

2310 1842 2418 1895 δὶαι
2440 1806 2618 1896 αὐτῶν
2642 1806 3135 1913 συμϐιϐασθέντωνι
3159 1806 3462 1920 ἐνγάγάπὲι,
3482 1806 3681 1913 *καλ-είς

637 1910 841 1964 structi
873 1910 928 1963 in
966 1911 1255 1979 charitate,
1295 1922 1348 1969 et
1377 1916 1433 1969 in
1465 1931 1657 1974 omnes
1700 1920 1918 1976 divitias
1965 1922 2202 1991 plenitu-

2309 1932 2538 1987 πλοῦτον
2575 1934 2673 2005 τῆς
2714 1910 3086 2007 πληροφορίας
3130 1938 3232 2007 τῆς
3286 1910 3600 2003 συνέσεως,
3634 1910 3708 2004 είς
3756 1942 3846 1994 txi-

635 1999 787 2054 dinis
843 2001 1160 2059 intellectus
1205 2004 1261 2058 in
1308 2006 1643 2074 agnitionem
1691 2014 1939 2082 mysterii
1989 2012 2108 2076 Dei,
2152 2023 2202 2069 et

2308 2041 2511 2093 γνωσιν
2539 1999 2640 2077 τοῦ⁷
2686 1999 2989 2096 μυστηρίου
3038 1999 3135 2081 τοῦ
3164 1999 3330 2094 Θεοῦ,
3358 2031 3455 2083 καὶ
3496 1999 3736 2102 Πατρδς,
3776 2038 3847 2086 καὶ

640 2088 837 2155 Patris,
892 2102 945 2147 et
997 2092 1231 2158 Christi,
1291 2096 1346 2150 in
1375 2114 1488 2168 quo
1538 2109 1668 2155 sunt
1715 2118 1910 2160 onmes
1960 2106 2204 2163 thesauri

633 2182 927 2250 sapientiae
955 2191 1010 2237 et
1049 2186 1298 2241 scientiae
1334 2188 1673 2261 absconditi.
1710 2210 1730 2243 ι

704 2274 955 2344 Apostoli
1013 2277 1378 2332 ministerium
1414 2280 1468 2333 in
1506 2282 1654 2336 verbi
1712 2283 2206 2361 doctrinaconsi-

633 2363 752 2417 stit.
843 2362 1083 2419 Verbum
1136 2376 1318 2421 autem
1370 2368 1439 2423 de
1506 2372 1694 2426 tnundi
1755 2374 1929 2430 salute
1985 2386 2202 2441 tractat,

631 2468 796 2522 quam
827 2454 957 2508 olim
1008 2456 1226 2526 quidem
1261 2459 1332 2512 ab
1363 2460 1674 2517 :eternitate
1736 2461 1880 2519 Deus
1919 2468 2205 2535 preposuit

628 2552 689 2598 et
715 2545 964 2600 deﬁnivit
992 2564 1005 2612 ;
1041 2563 1187 2603 nunc
1225 2557 1406 2605 autem
1436 2552 1617 2621 palam
1655 2561 1867 2624 patrata
1900 2566 2009 2622 est,
2038 2566 2204 2627 atque

635 2636 708 2689 ab
736 2636 846 2691 illis
887 2640 1247 2708 cognoscitur
1281 2642 1376 2712 qui
1425 2645 1659 2699 scientia
1720 2646 1870 2718 digni
1908 2657 2055 2714 sunt,
2094 2666 2201 2705 non

628 2742 729 2796 per
773 2729 1110 2799 sapientiam
1147 2733 1361 2801 carnis,
1408 2736 1503 2791 sed
1550 2753 1646 2806 per
1672 2754 1795 2794 eam
1837 2756 1962 2810 quae
1986 2757 2203 2812 semper

631 2820 957 2876 abscondita
991 2833 1077 2879 est
1110 2826 1254 2894 apud
1305 2826 1501 2894 Deum,
1546 2846 1679 2885 cum
1709 2833 1915 2887 mundo
1944 2836 2203 2903 superior

628 2911 883 2977 exsistat,
914 2923 970 2966 et
1021 2928 1051 2966 a
1090 2913 1329 2984 Spiritu'
1358 2926 1554 2974 sancto
1602 2904 1881 2989 pendeats
1910 2921 2022 2978 Hae
2061 2938 2201 2994 Opus

630 3003 870 3068 habent,
907 3014 1019 3058 tum
1066 3007 1160 3075 qui
1212 3023 1280 3061 ex
1331 3009 1568 3065 humana
1620 3012 1889 3081 saﬂeutia
1929 3015 2191 3080 veniunt,

2306 2112 2402 2167 τοῦ
2436 2112 2708 2183 Χριστοῦ,
2735 2116 2797 2167 ἐν
2843 2109 2887 2182 ᾧ
2916 2116 3024 2169 είσι
3052 2118 3254 2181 πάντες
3275 2120 3324 2170 οί
3354 2120 3625 2191 θησαυροὶ
3652 2123 3743 2193 τῆς
3776 2139 3846 2199 σοι

2308 2204 2464 2273 φίας,
2501 2205 2596 2257 καὶ
2616 2205 2719 2274 τῆς
2744 2206 3005 2274 γνώσεως
3031 2210 3362 2280 ἀπόκρυφοι.
3404 2230 3423 2263 ι

2388 2295 2454 2349 Ἦ
2479 2297 2725 2351 διακονία
2757 2298 2854 2351 τοῦ
2898 2298 3223 2355 Ἀποστόλου
3251 2302 3399 2357 ἐστὶν
3420 2305 3482 2357 ἑν
3516 2308 3584 2375 τῇ
3617 2304 3763 2373 λόγου
3790 2305 3849 2359 δι-

2304 2387 2593 2458 δασκαλίᾳ.
2640 2386 2697 2442 '0
2730 2389 2788 2443 δὲ
2831 2389 2988 2459 λόγος
3035 2393 3153 2445 ἐστὶ
3184 2393 3314 2464 περὶ
3366 2393 3469 2462 τῆς
3520 2386 3626 2448 τοῦ
3678 2398 3847 2465 κόσμον

2308 2477 2617 2548 σωτηρίας,
2637 2478 2737 2549 τῆς
2765 2479 2933 2534 πάλαι
2968 2481 3065 2551 μὲν
3091 2482 3148 2547 ἐξ
3165 2482 3335 2536 ἀϊδίου
3352 2484 3510 2555 παρὰ
3541 2486 3661 2554 Θεῷ
3697 2487 3846 2555 βεϐου-

2304 2571 2567 2642 λευμένης
2595 2574 2688 2625 καὶ
2718 2572 3060 2643 ὁρισθείσης,
3091 2575 3352 2644 ἐμφανῶς
3392 2577 3448 2630 δὲ
3479 2577 3581 2630 νῦν
3619 2595 3850 2646 καταστη-

2305 2661 2475 2733 σάσης
2497 2702 2512 2724 ,
2548 2662 2642 2715 καὶ
2671 2662 3083 2732 γινωσκομένης
3101 2664 3256 2736 παρά
3280 2668 3392 2730 τοῖς
3420 2666 3605 2731 ἀξίοις
3626 2667 3719 2737 τῆς
3742 2666 3849 2735 γνώ-

2305 2769 2464 2815 σεως,
2492 2752 2553 2805 οὐ
2583 2752 2670 2806 διὰ
2697 2754 2889 2821 σοφίας
2922 2755 3216 2825 σαρκικῆς,
3263 2756 3404 2811 ἀλλά
3428 2758 3525 2812 διὰ
3562 2758 3664 2829 τῆς
3687 2762 3850 2814 ἀποκε-

2303 2860 2407 2913 κρυ
2415 2844 2627 2914 μμένης
2645 2845 2733 2897 ἀεὶ
2749 2844 2902 2915 παρὰ
2918 2844 3058 2915 Θεῷ,
3084 2846 3465 2919 ὑπερκοσμίου
3482 2850 3847 2920 τυγχανούσης.

2304 2934 2399 2985 καὶ
2455 2935 2512 2986 ὲν
2564 2935 2848 3003 Πνεύματι
2894 2935 3035 3005 ἁγίῳ
3085 2938 3390 3009 κειμένης,
3427 2934 3503 3011 ἦς
3541 2940 3746 2994 δέονται
3779 2943 3851 2993 καὶ

2304 3027 2353 3079 οί
2384 3027 2449 3079 ὲκ
2494 3028 2590 3096 τῆς
2622 3027 2976 3099 ἀνθρωπίνης
3016 3029 3211 3099 σοφίας
3254 3031 3576 3101 ἐρχόμενοι,
3610 3034 3702 3086 καὶ
3734 3035 3776 3086 oi
3801 3037 3849 3086 ὲκ

628 3101 744 3145 tum
771 3092 865 3162 qui
892 3109 955 3148 ex
986 3095 1134 3165 lege;
1172 3099 1302 3167 quia
1334 3116 1513 3170 neque
1538 3103 1620 3157 lex
1650 3114 1840 3173 aperte
1872 3107 2188 3176 mysterium

2304 3118 2479 3188 νόμου,
2507 3092 2590 3170 ὅτι
2612 3092 2751 3189 μήτε
2777 3092 2941 3189 νόμος
2964 3092 3228 3190 ἐξέφηνεν
3469 3123 3539 3177 τὸ
3562 3092 3849 3194 μυστήριον,

631 3185 906 3254 promisit,
947 3202 1126 3257 neque
1176 3192 1412 3247 mundus
1458 3209 1578 3247 eam
1619 3196 2058 3265 comprehendit.

702 3274 869 3331 Vens.
902 3278 957 3345 4,
985 3279 1037 3333 5.
1079 3298 1096 3331 ι
1137 3280 1251 3335 Hoc
1278 3290 1463 3337 autem
1509 3284 1656 3349 dico,
1693 3295 1749 3339 ut
1781 3303 1944 3342 nemo
1972 3304 2072 3345 vos
2105 3288 2202 3344 de-

627 3367 800 3437 cipiat
834 3368 889 3422 in
922 3370 1265 3426 sublimitate
1284 3388 1628 3429 sermonum.
1668 3376 1802 3432 Nam
1833 3378 1939 3434 etsi
1973 3394 2203 3448 corpore

629 3459 836 3515 absens
871 3475 1018 3527 sum,
1069 3462 1167 3517 sed
1210 3462 1412 3533 spiritu
1460 3466 1749 3522 vobiscum
1780 3484 1925 3533 sum,
1954 3470 2202 3541 gaudens

628 3559 685 3606 et
712 3550 906 3608 videns
940 3552 1192 3610 ordinem
1230 3564 1477 3611 vestrum
1512 3564 1567 3611 et
1619 3559 2025 3617 ﬁrmamentum
2056 3563 2200 3633 ejus,

627 3657 753 3713 quae
779 3644 834 3698 in
867 3644 1090 3702 Christo
1119 3656 1224 3713 est,
1258 3647 1382 3703 ﬁdei
1422 3658 1636 3704 vestrae.
1670 3671 1688 3702 ι

700 3734 845 3802 Ideo,
899 3737 1099 3808 inquit,
1158 3740 1211 3793 in
1269 3741 1492 3795 Christo
1537 3744 1829 3799 thesauros
1892 3760 2082 3801 omnes
2114 3762 2204 3801 sa-

631 3826 849 3901 pientia;
868 3843 994 3884 esse
1025 3830 1163 3893 dixi,
1186 3847 1252 3886 ue
1278 3834 1574 3887 extrariam
1601 3835 1924 3905 sapientiam
1958 3838 2204 3907 inquirao

628 3920 726 3975 tis.
762 3921 1216 3994 Quandoquidem
1268 3927 1373 3981 etsi
1426 3943 1661 3997 corpore
1716 3931 1877 3986 vobis
1922 3948 2027 3986 non
2079 3949 2198 3988 sum

628 4026 893 4080 praesens,
932 4014 1127 4069 adsum
1192 4023 1377 4070 tamen
1422 4018 1623 4087 spiritu
1656 4041 1668 4075 :
1720 4022 2043 4091 gandeoque
2073 4040 2199 4091 pro-

630 4112 749 4171 pter
782 4103 939 4159 ﬁdem
962 4114 1016 4160 et
1042 4117 1248 4161 rectum
1282 4110 1540 4164 Ecclesiae
1562 4111 1835 4168 ordinem.
1867 4114 2198 4183 Quanquam

628 4194 763 4248 illud
792 4210 1013 4265 quoque
1043 4199 1188 4266 quod
1233 4198 1391 4253 deest
1440 4200 1618 4266 vobis,
1670 4204 1850 4266 video,
1888 4214 1942 4259 et
1976 4221 2100 4275 quae
2130 4209 2202 4263 sit

628 4283 893 4340 doctrinae
926 4287 1253 4343 necessitas.
1287 4289 1417 4345 Nam
1450 4294 1517 4346 ad
1556 4293 1714 4348 ﬁdem
1751 4296 1977 4351 scientia
2021 4314 2201 4357 neces-

627 4378 775 4430 saria
807 4387 911 4433 est.

2306 3210 2443 3279 μήτε
2475 3209 2678 3279 κόσμος
2712 3210 3032 3265 κατέλαϐεν.

2379 3323 2398 3356 ι
2437 3301 2609 3358 Τοῦτο
2639 3303 2695 3358 δὲ
2723 3303 2886 3373 λέγω,
2927 3304 3016 3357 ἴνα
3040 3305 3115 3374 μή
3144 3321 3231 3368 τις
3268 3306 3413 3376 ὑμᾶς
3446 3306 3855 3379 παραλογίζητσς

2302 3397 2360 3448 ἐν
2390 3395 2767 3468 πιθανολογίᾳ.
2802 3397 2865 3450 Ei
2893 3397 3002 3469 γάρ
3042 3402 3143 3452 καὶ
3173 3400 3239 3469 τῇ
3274 3398 3441 3467 σαρκὶ
3477 3400 3708 3468 ἄπειμι,

2301 3486 2379 3557 τῷ
2418 3487 2690 3556 πνεύματι
2736 3487 2834 3540 σὺν
2889 3487 3017 3557 ὑμῖν
3063 3488 3225 3555 είμι,
3275 3486 3490 3557 χαίρων
3534 3489 3634 3543 καὶ
3679 3486 3854 3556 βλέπων

2303 3576 2458 3646 ὑμῶν
2490 3575 2587 3646 τὴν
2616 3575 2805 3641 τάξιν,
2840 3577 2935 3629 καὶ
2968 3576 3030 3629 τὸ
3068 3576 3357 3647 στερέωμα
3394 3576 3505 3645 τῆς
3547 3581 3631 3643 είς
3658 3578 3854 3648 Χριστὸν

2305 3665 2541 3727 πίστεως
2575 3666 2604 3716 ὑ
2612 3665 2751 3733 μῶν.
2790 3684 2808 3715 ι

2374 3757 2473 3810 Διά
2498 3755 2676 3819 τοῦτο,
2714 3756 2903 3826 φησὶν,
2933 3758 3134 3828 εἴρηκα
3168 3761 3293 3823 τοὺς
3332 3760 3555 3826 πάντας
3585 3761 3855 3831 θησαυροὺς

2302 3850 2400 3919 τῆς
2427 3848 2617 3918 σοφίας
2652 3850 2711 3901 ὲν
2739 3850 2961 3921 Χριστῷ
2985 3853 3305 3923 τυγχάνειν,
3332 3853 3419 3906 ἵνα
3448 3855 3532 3926 μὴ
3563 3855 3665 3925 τὴν
3690 3848 3852 3917 ἔξωθεν

2306 3941 2500 4007 σοφίαν
2527 3940 2847 4011 ὲπιζητῆτε.
2897 3943 3118 4014 Ἐπειδὴ
3161 3945 3255 4007 καὶ
3278 3946 3338 3999 οὐ
3378 3948 3587 4017 παρὼν
3621 3950 3745 4018 ὑμῖν
3772 3963 3853 3999 aw-

2307 4030 2554 4100 ματικῶς
2579 4071 2594 4095 ,
2633 4032 2865 4103 πάρειμι
2894 4036 3314 4099 πνευματικῶς,
3352 4038 3447 4090 καὶ¹
3477 4040 3668 4110 χαίρω
3698 4039 3779 4090 ἐπὶ
3801 4039 3850 4103 τῇ

2304 4123 2517 4186 πίστει,
2559 4126 2655 4178 καὶ
2683 4126 2910 4198 εὐταξίᾳ
2959 4127 3060 4196 τῆς
3096 4128 3444 4197 Ἐκκλησίας.
3480 4132 3682 4185 Βλέπω
3709 4132 3759 4183 δὲ
3782 4130 3853 4181 καὶ

2302 4214 2361 4264 τὸ
2392 4214 2571 4277 ἐνδεὲς
2609 4214 2765 4283 ὑμῶν
2790 4256 2803 4279 ,
2836 4215 2932 4268 καὶ
2969 4214 3032 4268 τὸ
3073 4216 3132 4268 ὲν
3177 4218 3336 4288 χρείᾳ
3374 4221 3475 4288 τῆς
3508 4217 3847 4275 διδάσκαλίας-

2315 4301 2438 4354 Ἐπὶ
2466 4303 2571 4373 γὰρ
2612 4303 2794 4357 πίστει
2833 4302 3032 4372 γνῶσις
3060 4306 3351 4373 ἀναγκαία.

702 4468 872 4523 Vens.
906 4469 960 4523 6.
993 4471 1045 4524 'J.
1084 4489 1101 4522 ι
1143 4471 1297 4525 Sicut
1327 4489 1459 4543 ergo
1498 4477 1795 4543 accepistis
1817 4476 2007 4535 Jesum
2037 4482 2198 4537 Chri-

2379 4500 2399 4531 ‹
2456 4480 2543 4545 Ὠς
2579 4477 2673 4537 ουν
2713 4483 3055 4554 παρελάϐετε
3098 4484 3190 4537 τὸν
3235 4486 3472 4556 Χριστὸν
3544 4487 3749 4557 Ἰησοῦν
3782 4486 3854 4538 τὸν

628 4570 776 4613 stum
811 4561 1127 4626 Dominum,
1161 4565 1216 4618 in
1254 4566 1374 4635 ipso
1409 4568 1708 4635 ambulate,
1743 4571 1978 4626 radicati
2013 4584 2065 4627 et
2104 4593 2198 4629 su-

631 4653 979 4720 perarililicati
1034 4655 1090 4708 in
1150 4656 1291 4726 ipso,
1342 4667 1396 4710 et
1442 4658 1753 4713 conﬁrmati
1815 4662 1939 4725 ﬁde,
1975 4663 2120 4719 sicut
2146 4676 2201 4721 et

629 4743 929 4811 didicistis,
1007 4748 1359 4805 abundantes
1450 4752 1505 4805 in
1584 4752 1677 4806 illo
1754 4755 1810 4808 in
1896 4757 2196 4825 gratiarum

629 4836 922 4893 aeﬁone.»

702 4929 841 4994 Quia
872 4941 1102 4986 noverat
1127 4935 1417 5003 epistolica
1451 4936 1705 4992 doctrina
1741 4954 1851 4993 non
1880 4954 2045 5007 posse
2075 4942 2199 4997 illos

630 5021 856 5090 assequi
920 5024 1206 5093 sapientia:
1246 5026 1616 5093 altitudinem,
1665 5029 1767 5085 hos
1812 5033 2075 5087 consulto
2100 5034 2198 5086 ad-

634 5111 909 5165 hortando
944 5115 1260 5178 antevertit,
1314 5114 1513 5168 bonam
1566 5132 1690 5173 esse
1717 5118 1909 5173 dicens
1943 5121 2197 5175 traditio-

632 5219 760 5257 nem
814 5219 979 5273 quam
1030 5214 1383 5275 acceperant,
1429 5222 1662 5277 eamque
1706 5209 1977 5263 duntaxat
2010 5226 2195 5267 veram

634 5311 760 5351 esse
811 5312 975 5366 quam
1031 5298 1313 5368 Epaphras
1367 5298 1725 5354 tradiderat:
1784 5302 2045 5370 quocirca
2082 5318 2199 5359 ere

637 5387 879 5455 ipsorum
924 5404 1070 5455 esse,
1103 5398 1160 5443 ut
1193 5390 1351 5444 ﬁdem
1392 5400 1717 5445 constanter
1777 5400 2024 5457 teneant,
2067 5395 2197 5449 cha-

636 5477 927 5547 ritatisque
969 5490 1304 5535 structuram
1365 5481 1651 5550 adjiciant,
1710 5493 1874 5553 atque
1923 5486 1973 5537 in
2041 5485 2199 5540 bonis

636 5584 854 5637 semper
882 5573 1144 5641 operibus
1175 5573 1535 5643 proﬁciendo,
1571 5574 1897 5631 alllictioues
1939 5586 2047 5631 non
2081 5579 2198 5635 sine

634 5661 938 5728 gratiarum
972 5664 1188 5720 actione
1213 5665 1459 5721 tolerent.

2304 4571 2531 4642 Κύριον,
2591 4575 2649 4627 ὲν
2697 4574 2848 4644 αὐτῷ
2899 4578 3278 4645 περιπατεῖτε,
3338 4577 3729 4648 ἐρριζωμένοι,
3780 4576 3853 4631 καὶ

2301 4664 2819 4735 ὲποικοδομοὺμενοι
2865 4668 2923 4720 ὲν
2953 4669 3101 4736 αὐτῷ
3121 4706 3135 4731 ,
3177 4667 3273 4720 καὶ
3317 4667 3705 4740 βεϐαιούμενοι
3731 4671 3782 4722 ὲν
3800 4670 3851 4735 τῇ

2304 4752 2519 4821 πίστει,
2540 4756 2726 4820 καθὼς
2755 4757 3071 4829 ἐδιδάχθητε
3103 4759 3530 4828 περισσεύοντες
3571 4761 3632 4813 ἐν
3658 4761 3803 4829 αὐτῇ.
3834 4780 3849 4805 ι

2384 4936 2602 5007 Ἐπειδὴ
2637 4938 2808 5008 μήπω
2836 4938 2925 4991 διά
2949 4942 3049 5010 τῆς
3077 4939 3493 5009 ὲπιστολιμαίου
3527 4938 3854 4996 διδασκαλίας

2300 5024 2442 5081 οἵδεν
2474 5030 2673 5091 αὐτοὺς
2713 5030 3050 5099 δυναμένους
3079 5030 3307 5099 φθάνειν
3345 5032 3426 5094 είς
3458 5031 3526 5083 τὸ
3552 5032 3653 5102 τῆς
3692 5028 3853 5097 σοφίας

2302 5118 2497 5189 βάθος,
2523 5119 2657 5189 πρὸς
2697 5121 3004 5189 ἀσφάλειαν
3030 5122 3461 5191 παραγγέλματι
3506 5123 3710 5182 αὐτοὺς
3741 5134 3855 5186 προσ

2300 5209 2741 5279 καταλαμϐάνει,
2785 5212 2960 5280 λέγων
3004 5213 3215 5282 ἀγαθὴν
3253 5207 3395 5266 εἶναι
3424 5212 3529 5283 τὴν
3586 5210 3855 5284 παράδοσιν

2298 5302 2366 5372 ῆν
2398 5302 2800 5373 παρειλήφασι,
2833 5306 2928 5357 καὶ
2954 5306 3122 5375 μόνην
3150 5304 3328 5374 ἀληθῆ
3350 5306 3451 5374 τὴν
3483 5306 3623 5375 περὶ
3646 5298 3856 5373 Χριστοῦ

2296 5390 2671 5456 διδασκαλίαν,
2714 5393 2780 5462 ἢν
2812 5395 2840 5446 ὁ
2886 5393 3171 5464 Ἐπαφρᾶς
3202 5393 3624 5463 παραδέδωκεν,
3654 5394 3743 5445 καὶ
3762 5390 3856 5441 δεῖν

2297 5483 2360 5535 τὸ
2394 5483 2609 5552 βέϐαιον
2650 5485 2745 5538 ὲπὶ
2779 5487 2843 5555 τῇ
2882 5485 3065 5537 πίστει
3114 5485 3390 5552 φυλάξαι,
3430 5486 3526 5537 καὶ
3556 5484 3857 5555 προσθεῐναι

2299 5574 2396 5645 τὴν
2428 5574 2531 5646 τῆς
2563 5576 2787 5644 ἀγάπης
2818 5576 3269 5647 ὲποικοδόμησιν,
3323 5576 3418 5629 καὶ⁹
3454 5577 3787 5645 προκόπτειν
3808 5573 3856 5620 ὲν

2301 5666 2483 5737 ἔργοις
2515 5667 2742 5734 ἀγαθοῖς
2772 5668 2881 5735 ἀεὶ,
2911 5668 3005 5722 καὶ
3033 5668 3099 5722 τὰ
3124 5667 3233 5722 τῶν
3263 5666 3494 5735 θλίψεων
3536 5666 3601 5718 ἐν
3633 5665 3855 5733 ὑπομονῇ

2305 5758 2424 5827 μετ’
2454 5758 2823 5829 εὐχαριστίας.
