4022 6416
158 376 251 439 893

1235 375 1315 434 IN
1355 374 1592 435 EPIST.
1634 374 1733 432 AD
1772 364 2285 432 COLOSSENSES

3287 354 3392 421 894

228 508 246 540 ι
292 487 525 542 Βλέπετε
571 472 653 560 μὴ’
689 504 773 550 τις
822 489 965 559 ὑμᾶς
1008 487 1160 541 ἔσται
1188 490 1216 542 ὁ
1256 488 1591 557 συλαγωγῶν
1629 486 1746 543 an.

1892 484 2058 540 Vens.
2088 483 2142 539 8.
2181 501 2200 534 ι
2236 478 2432 534 Videte
2460 493 2528 534 ne
2556 478 2685 548 quis
2732 491 2832 533 vos
2875 476 3113 545 decipiat
3143 489 3239 545 per
3267 476 3392 544 phi-

162 584 252 650 τῆς
286 580 607 649 φιλοσοφίας
638 580 732 632 καὶ
765 580 931 649 κενῆς
960 579 1200 650 ἀπάτης,
1242 580 1382 632 κατά
1410 579 1511 648 τὴν
1544 578 1725 647 παρά-

160 673 299 725 δοσιν
328 672 439 725 τῶν
467 669 770 742 ἀνθρώπων
788 710 805 736 ,
838 671 980 725 κατά
1009 671 1077 724 τὰ
1104 673 1347 741 στοιχεῖα
1374 670 1468 724 τοῦ
1496 672 1723 740 κόσμου,

162 764 251 817 καὶ
278 764 338 817 ού
377 763 518 817 κατά
552 764 806 834 Χριστόν.
860 783 881 816 ι

228 852 519 916 Πλεονάζει
555 853 698 906 κατὰ
724 852 931 919 ταύτην
956 853 1063 923 τὴν·
1087 852 1378 923 ἐπιστολὴν
1413 852 1549 923 πρὸς
1591 851 1727 905 Ἕλ-

162 943 321 1012 ληνας
346 943 443 995 καὶ
484 942 766 1004 Ἰουδαίους
806 943 1210 1012 διαλεγόμενος,
1239 943 1509 1014 ἑκατέρας
1538 943 1729 1011 ἐκτρο-

162 1034 267 1099 πῆς
295 1032 544 1103 ἀφαιρῶν
574 1034 701 1095 τοὺς
747 1034 1200 1096 πεπιστευκότας.
1233 1033 1457 1103 Πρῶτον
1514 1032 1613 1102 μὲν
1635 1025 1729 1085 οῦν

162 1122 257 1192 τὴν
309 1124 374 1175 ὲκ
404 1121 725 1191 φιλοσοφίας
752 1121 1093 1191 ἀποσύλησιν
1136 1122 1503 1191 φυλάττεται,
1534 1119 1724 1187 κενὴν

162 1214 401 1279 ἀπάτην
436 1213 613 1281 λέγων
643 1207 785 1266 εἶναι
830 1211 931 1283 τὴν
975 1212 1329 1283 φιλοσοφίαν,
1360 1214 1444 1267 ὅτι
1484 1212 1728 1282 σχήματι

165 1303 528 1373 καταπλήττει
552 1341 569 1366 ,
618 1302 716 1357 καὶ
754 1300 1078 1371 πιθανότητι
1113 1301 1289 1369 λόγων
1340 1302 1441 1372 τῆς
1470 1300 1729 1371 ἀληθείας

162 1397 523 1465 ἀφεστηκυτα.
558 1393 630 1448 Οὐ
665 1395 774 1464 γὰρ
799 1393 959 1446 ἱκανὰ
986 1393 1113 1462 περὶ
1145 1392 1281 1445 Θεοῦ
1312 1392 1384 1447 τὰ
1413 1392 1472 1459 ἐξ
1511 1388 1723 1461 ἀνθρὼ-

164 1503 277 1539 πων
309 1489 578 1557 νοήματα,
620 1485 813 1556 ἐπειδὴ
837 1488 1009 1540 πᾶσαι
1044 1488 1099 1539 αἱ
1130 1485 1471 1557 ἀνθρώπιναι
1501 1483 1734 1553 καταλή-

162 1579 284 1647 ψεις
318 1580 381 1631 ὲκ
424 1579 532 1632 τῶν
570 1578 787 1648 ὁρατῶν
817 1572 975 1631 οὖσαι
998 1617 1013 1641 ,
1045 1577 1140 1631 καὶ
1163 1579 1229 1631 ἐκ
1256 1578 1365 1631 τῶν
1394 1578 1490 1631 τοῦ
1526 1577 1732 1646 κόσμου

166 1669 465 1738 στοιχείων,
501 1669 601 1722 οὐκ
631 1670 741 1721 είσὶ
773 1667 987 1739 βέϐαιαι
1020 1669 1157 1740 πρὸς
1185 1668 1283 1739 τὴν
1319 1668 1426 1721 τῶν
1467 1667 1734 1737 ζητουμέ-

162 1777 264 1815 νων
290 1761 619 1832 κατάληψιν,
652 1761 760 1816 τῶν
793 1763 1044 1834 ἀοράτων
1070 1762 1183 1816 τῶν
1212 1760 1586 1833 ζητουμένων.

232 1961 255 1997 ι
298 1946 422 1999 Ὅτι
475 1946 534 1999 ὲν
566 1943 734 2014 ἀὐτῷ
782 1944 1032 1999 κατοικεῖ
1072 1943 1179 1997 πᾶν
1211 1942 1273 1996 τὸ
1314 1940 1591 2013 πλήρωμα
1634 1939 1731 2007 τῆς

166 2034 419 2103 θεότητος
445 2035 795 2106 σωματικῶς.
832 2053 852 2087 ι

245 2129 341 2181 Ἐν
371 2128 612 2198 Χριστῷ,
643 2129 798 2197 φησὶ,
828 2126 924 2179 καὶ
943 2127 973 2179 ό
999 2125 1188 2197 Πατήρ
1215 2125 1332 2177 ἔστι
1361 2122 1457 2175 καὶ
1483 2121 1546 2175 τὸ
1573 2120 1734 2190 ἅγιον

166 2218 417 2290 Πνεῦμα.
450 2219 562 2273 Καὶ
592 2218 683 2272 ἴνα
720 2218 794 2289 μή
822 2233 907 2280 τις
938 2216 1140 2289 νομίσῃ
1169 2213 1425 2286 σχετικὴν
1453 2208 1591 2266 εἶναι
1637 2214 1735 2281 τὴν

168 2313 517 2382 κατοίκησιν,
540 2310 573 2381 ἢ
603 2308 941 2379 συναπτικὴν
969 2307 1176 2373 ἁπλῶς,
1201 2306 1392 2360 τούτου
1415 2306 1574 2376 χάριν
1593 2300 1734 2366 εἷπε,

167 2402 534 2474 σωματικῶς,
559 2402 678 2456 ἀντὶ
700 2400 817 2464 τοῦ,
834 2399 1126 2463 ούσιωδῶς.
1153 2398 1315 2465 Λέγει
1345 2394 1462 2461 οὖν,
1485 2396 1562 2459 ὼς
1584 2387 1739 2456 οὗτος

168 2497 195 2547 ό
247 2492 551 2561 γενόμενος
602 2490 887 2560 ἄνθρωπός
930 2490 1079 2557 ἔστιν
1117 2489 1147 2540 ὁ
1187 2488 1315 2550 Υίὸς
1353 2485 1460 2538 ’τοῦ
1504 2483 1662 2545 Θεοῦ,
1710 2484 1738 2534 ὁ

167 2584 457 2656 όμοούσιος
490 2580 639 2653 αὐτῷ
664 2598 724 2635 τε
750 2581 846 2636 καὶ
870 2580 950 2651 τῷ
984 2580 1125 2651 ἁγίῳ
1158 2578 1455 2649 Πνεύματι.

241 2789 260 2823 ι
298 2769 414 2822 Καὶ
443 2767 567 2820 ἐστὲ
594 2769 651 2819 ὲν
675 2764 827 2836 αύτῷ
853 2761 1299 2835 πεπληρωμένοι.
1334 2779 1354 2812 t

245 2860 472 2929 Ἐπειδὴ
502 2857 639 2928 σὰρξ
679 2856 845 2912 αὑτοῦ
882 2856 981 2910 καὶ
1025 2853 1163 2925 μέλη
1195 2852 1484 2920 γεγόνατε,
1519 2848 1616 2903 καὶ
1645 2866 1739 2903 κε-

167 2956 345 3025 φαλὴν
375 2952 538 3007 αὐτὸν
568 2951 754 3022 ἔχετε,
781 2950 972 3004 τούτου
1023 2947 1183 3018 χάριν
1226 2943 1545 3014 [Ινεύματος
1583 2941 1739 3009 ἁγίου

169 3045 293 3098 ἐστὲ
323 3041 771 3113 πεπληρωμένοι.

1828 577 2161 648 iosophiam,
2185 583 2238 630 et
2273 570 2492 628 inanem
2547 569 2850 633 fallaciam,
2882 568 3186 624 secundum
3225 567 3394 621 tradi.-

1829 670 2034 724 tionem
2082 666 2394 726 hominum,
2439 660 2747 717 secundum
2777 660 3054 715 elementa
3089 656 3304 720 mundi,
3339 665 3394 710 et

1831 776 1939 816 non
1963 758 2269 816 secundum
2297 756 2604 811 Christum.
2639 772 2659 805 ι

1900 850 2016 904 Hac
2065 850 2120 903 in
2160 847 2393 916 epistola
2444 845 2677 899 multum
2726 857 3035 899 sermonem
3085 841 3248 895 habet
3301 839 3395 894 ad-

1832 956 2027 997 versus
2079 938 2301 994 Graecos
2348 944 2404 991 et
2462 933 2701 998 Judaaos,
2756 949 2868 1003 quo
2917 933 2986 987 ab
3043 940 3402 1001 utrorumque

1833 1030 2105 1101 pravitate
2163 1027 2352 1082 lideles
2391 1026 2690 1081 deterreat.
2748 1021 2994 1076 Primum
3025 1020 3195 1091 igitur
3224 1018 3403 1089 philo-

1834 1121 2044 1191 sophiae
2076 1118 2461 1188 deceptionem
2504 1121 2684 1175 cavet.
2722 1113 2814 1168 ubi
2846 1112 3250 1183 philos0phiam
3282 1111 3403 1163 ina—

1835 1230 1952 1269 nem
1978 1210 2260 1280 fallaciam
2289 1214 2494 1263 vocat:
2541 1206 2747 1276 quippe
2786 1218 2910 1274 qua:
2963 1203 3147 1272 specie
3196 1201 3403 1271 percel-

1834 1307 1929 1368 lat,
1961 1310 2017 1358 et
2052 1301 2443 1373 probabilitate
2470 1299 2751 1353 rationum
2797 1295 3045 1351 retrahat
3077 1309 3106 1347 a
3149 1292 3401 1347 veritate.

1835 1394 2023 1463 Neque
2055 1392 2203 1446 enim
2239 1388 2530 1443 hominum
2566 1398 2729 1440 sensa
2772 1381 2969 1437 idonea
3000 1387 3149 1444 sunt,
3186 1386 3243 1431 ut
3281 1392 3406 1448 per.

1835 1483 2045 1554 cipiant
2075 1496 2139 1535 ea
2168 1494 2290 1548 qua:
2318 1476 2414 1531 Dei
2447 1482 2621 1530 sunt:
2660 1473 2923 1545 quoniam
2972 1470 3248 1525 universa:
3281 1480 3405 1535 per-

1834 1576 2117 1642 ceptiones
2154 1570 2433 1631 humanae,
2463 1580 2590 1620 cum
2629 1580 2660 1619 a
2714 1562 3029 1618 visibilibus
3066 1560 3234 1614 rebus
3264 1557 3403 1612 inci-

1838 1666 2010 1737 piant,
2043 1676 2257 1718 necnon
2291 1661 2363 1715 ab
2388 1657 2679 1716 elementis
2716 1654 2929 1716 mundi,
2967 1652 3103 1707 nihil
3135 1649 3409 1704 ﬁrmitatis

1842 1757 2045 1810 habent
2075 1752 2144 1807 ad
2172 1766 2237 1806 ea
2269 1765 2393 1820 qua:
2420 1754 2748 1819 quaruntur
2782 1740 3136 1812 intelligenda
3155 1780 3170 1805 ,
3207 1738 3411 1809 quippe

1840 1861 1963 1901 cum
1998 1842 2299 1899 invisibilia
2339 1841 2453 1897 sint
2480 1853 2603 1910 qua:
2642 1841 2987 1907 quaeruntur.

1912 1938 2078 2007 210
2110 1935 2275 1990 Vens.
2324 1933 2380 1988 9.
2411 1949 2430 1984 ι
2490 1930 2629 1996 Quia
2684 1928 2738 1982 in
2768 1927 2890 1996 ipso
2930 1922 3199 1977 inhabitat
3230 1917 3412 1975 omnis

1840 2029 2126 2103 plenitudo
2158 2025 2463 2081 divinitatis
2492 2020 2872 2091 corporaliter.
2907 2036 2926 2068 ι

1911 2124 1971 2179 1η
2003 2122 2249 2186 Christo,
2277 2118 2480 2189 inquit,
2506 2114 2725 2172 exsistit
2750 2112 2914 2165 Pater
2943 2124 3008 2165 ac
3024 2105 3265 2178 Spiritus
3285 2119 3416 2160 san-

1841 2224 1990 2271 ctus.
2021 2213 2128 2270 Sed
2177 2228 2247 2268 ne
2275 2211 2401 2281 quis
2434 2206 2717 2264 existimet
2764 2201 2963 2258 affectu
2998 2209 3052 2255 et
3089 2197 3414 2253 habitudine

1844 2314 2057 2362 tantum
2094 2300 2550 2358 inhabitationem
2604 2312 2727 2352 esse
2765 2294 3005 2356 deitatis,
3054 2299 3148 2345 aut
3181 2288 3417 2360 simplici

1807 2395 2268 2465 'conjunctione;
2315 2392 2523 2447 idcirco
2569 2388 2730 2451 dixit,
2778 2384 3155 2455 corporaliter,
3203 2381 3307 2435 hoc
3332 2387 3418 2434 est

1845 2489 2201 2547 substantiali
2230 2486 2413 2542 modo.
2443 2485 2532 2538 Ait
2559 2495 2716 2552 ergo,
2744 2481 2848 2534 hac
2876 2479 3093 2532 ratione
3125 2474 3281 2528 illum
3320 2469 3417 2540 qui

1846 2582 2025 2637 factus
2050 2588 2136 2636 est
2190 2579 2375 2640 homo,
2433 2573 2536 2631 Dei
2592 2572 2794 2627 Filium
2830 2584 2971 2631 esse,
3009 2565 3145 2636 quia
3176 2559 3419 2617 consub-

1845 2672 2120 2730 stantialis
2150 2679 2236 2727 est
2262 2669 2335 2733 ei,
2361 2683 2426 2723 ac
2452 2663 2685 2735 Spiritui
2710 2670 2923 2718 sancto.

1917 2763 2087 2819 Vnns.
2120 2762 2206 2816 10.
2245 2780 2263 2812 ι
2294 2759 2363 2813 Ει
2393 2760 2527 2814 estis
2552 2756 2608 2810 in
2641 2754 2735 2808 illo
2765 2750 2974 2822 repleti.
3008 2768 3026 2800 ι

1917 2853 2374 2923 Quandoquidem
2431 2864 2562 2905 caro
2618 2845 2797 2917 ipsius
2862 2849 2917 2896 et
2982 2835 3227 2892 membra
3293 2830 3421 2885 facti

1846 2948 2005 3013 estis,
2057 2953 2111 3001 et
2146 2959 2272 2998 eum
2319 2940 2534 2995 habetis
2583 2944 2770 3007 caput,
2803 2947 2920 2987 eam
2951 2931 3022 2985 ob
3051 2942 3165 2984 rem
3201 2924 3414 2995 Spiritu

1848 3045 2042 3095 sancto
2075 3037 2209 3093 estis
2242 3033 2455 3103 repleti.

241 3154 263 3188 r
304 3136 411 3196 Ὃς
456 3134 605 3185 ἔστιν
658 3132 692 3202 ἡ
747 3128 962 3199 κεφαλὴ
1007 3127 1189 3197 πάσης
1223 3127 1401 3197 ἀρχῆς
1446 3124 1539 3178 καὶ
1588 3123 1741 3188 ἐξου-

1926 3150 1946 3184 ι
1981 3130 2086 3196 Qui
2143 3136 2230 3184 est
2283 3133 2453 3197 caput
2499 3122 2687 3179 omnis
2753 3116 3098 3190 principatus
3154 3119 3208 3165 et
3260 3116 3413 3179 pote-

169 3227 312 3290 σίας.
356 3244 378 3276 ι

239 3320 305 3374 Ei
335 3317 434 3372 καὶ
466 3314 754 3387 ὁμοούσιος
781 3352 798 3378 ,
831 3313 966 3383 φησὶ
991 3351 1006 3377 ,
1039 3310 1266 3381 γέγονεν
1293 3310 1425 3382 ἡμῖν
1465 3308 1607 3361 κατὰ
1647 3306 1746 3377 τὴν

168 3412 380 3480 σάρκα,
418 3410 538 3480 ἦτοι
565 3409 666 3479 τὴν
698 3406 1092 3479 ἀνθρωπότητα
1118 3446 1133 3470 ,
1185 3403 1303 3458 ἀλλ’
1335 3396 1429 3457 οῦν
1467 3401 1563 3458 καὶ
1591 3393 1748 3465 οῦτός

168 3504 284 3555 ἐστι
318 3496 761 3571 κατεξουσιάζων
793 3494 902 3549 τῶν
926 3491 1251 3571 ἀνθρώπων.

242 3611 263 3644 ι
330 3567 445 3644 Ἐν⁷
483 3581 528 3655 ᾧ
587 3589 683 3641 καὶ
756 3567 1164 3656 περιετμήθητε
1216 3584 1486 3654 περιτομῇ
1531 3582 1747 3651 ἀχειρο-

168 3685 408 3754 ποιήτῳ,
438 3683 496 3735 ὲν
516 3683 582 3752 τῇ
609 3677 903 3733 ἀπεκδύσει
928 3676 1026 3731 τοῦ
1056 3675 1308 3746 σώματος
1332 3676 1442 3729 τῶν
1464 3670 1749 3744 ἁμαρτιῶν

166 3774 266 3843 τῆς
299 3769 535 3841 σαρκδς,
563 3770 624 3821 ὲν
644 3770 712 3839 τῇ
739 3768 1011 3838 περιτομῇ
1040 3763 1135 3818 τοῦ
1169 3762 1429 3834 Χριστοῦ,
1463 3760 1753 3829 συνταφέν-

164 3882 259 3928 τες
294 3860 454 3932 αῢτῷ
479 3863 537 3914 ὲν
562 3859 640 3931 τῷ
671 3858 1040 3930 βαπτίσματι,
1082 3858 1140 3910 ὲν
1178 3849 1222 3923 ᾧ
1254 3855 1351 3909 καὶ
1381 3852 1750 3924 συνηγέρθητε

165 3958 254 4011 διὰ
294 3956 406 4024 τῆς
438 3953 677 4015 πίστεως
705 3950 804 4021 τῆς
833 3948 1115 4019 ἐνεργείας
1144 3947 1237 4001 τοῦ
1268 3946 1436 4011 Θεοῦ,
1471 3946 1567 3999 τοῦ
1603 3944 1750 4013 ἐγεί-

171 4061 378 4115 ραντος
420 4042 585 4096 αὑτὸν
616 4042 681 4093 ὲκ
727 4038 837 4097 τῶν
876 4038 1110 4107 νεκρῶν.
1158 4037 1272 4091 Καὶ
1328 4036 1474 4107 ὑμᾶς
1525 4035 1752 4105 νεκροὺς

166 4136 338 4197 ὄντας
378 4135 439 4187 ὲν
464 4133 577 4194 τοῖς
608 4128 1045 4202 παραπτώμασι,
1082 4128 1176 4181 καὶ
1203 4129 1269 4198 τῇ
1299 4123 1637 4197 ἀκροϐυστία
1653 4122 1753 4193 τῆς

169 4226 389 4296 σαρκὸς
443 4222 617 4293 ὑμῶν,
680 4218 1147 4290 συνεζωοποίησεν
1205 4218 1352 4287 ὑμᾶς
1410 4217 1507 4269 σὺν
1564 4213 1750 4285 αὐτῷ,

165 4312 551 4384 χαρισάμενος
580 4309 708 4380 ὑμῖν
726 4308 905 4362 πάντα
934 4308 1001 4361 τά
1032 4305 1478 4376 παραπτώματα.
1519 4323 1537 4356 ι

252 4402 654 4459 Ἑπισυνάπτει
684 4403 796 4464 τοῖς
844 4400 1152 4461 Ἰουδαϊκοῖς
1190 4398 1258 4452 τὰ
1299 4395 1588 4467 Ἐλληνικά
1608 4436 1621 4460 ,
1653 4396 1754 4448 οῦκ

1854 3225 2038 3282 statis.
2074 3242 2092 3275 ι

1924 3310 2188 3375 Tametsi,
2239 3308 2440 3379 inquit,
2484 3300 2967 3362 cousubstantialis
3022 3294 3181 3351 nobis
3241 3290 3423 3345 lactus

1852 3414 1937 3460 est
1976 3401 2276 3459 secundum
2325 3412 2573 3459 carnem,
2608 3405 2931 3449 naturamve
2975 3389 3294 3446 humanam,
3351 3379 3429 3434 ni:

1858 3494 2155 3552 hilominus
2193 3493 2313 3562 ipse
2355 3502 2577 3560 quoque
2610 3483 2931 3540 hominibus
2963 3478 3280 3532 dominatur

1925 3581 2095 3636 Vens.
2131 3557 2319 3632 11:15.
2369 3557 2390 3626 ἆ
2428 3575 2485 3628 In
2516 3587 2627 3642 quo
2670 3578 2725 3625 et
2774 3563 3089 3624 circumcisi
3123 3563 3280 3622 estis,
3317 3557 3428 3613 cir-

1858 3672 2198 3729 cumcisione
2227 3683 2335 3723 non
2365 3662 2682 3719 manufacta
2713 3658 2771 3713 in
2797 3651 3203 3725 exspoliatione
3232 3660 3429 3715 corpo-

1857 3765 1939 3820 ris
1964 3770 2317 3834 peccatorum
2347 3755 2555 3821 carnis,
2588 3751 2683 3807 sed
2719 3750 2775 3804 in
2806 3741 3231 3802 circumcisione
3269 3735 3431 3791 Chri-

1858 3826 1982 3921 sti,-
2013 3849 2324 3920 consepulti
2379 3847 2430 3901 ei
2482 3845 2535 3899 in
2576 3840 2869 3911 baptismo,
2916 3838 2972 3891 in
3020 3847 3129 3905 quo
3174 3839 3230 3886 et
3264 3826 3430 3885 simul

1860 3918 2239 3999 resurrexistis
2276 3952 2372 4007 per
2412 3933 2571 3988 (idem
2601 3926 2938 4001 Operationis
2989 3923 3105 3988 Dei,
3144 3918 3237 3989 qui
3294 3929 3425 3972 sus-

1856 4032 2047 4090 citavit
2100 4045 2223 4086 eum
2253 4043 2319 4084 ex
2349 4023 2601 4080 mortuis.
2645 4022 2712 4074 Et
2754 4034 2852 4073 vos
2878 4031 3003 4073 cum
3030 4013 3228 4069 essetis
3277 4022 3423 4062 mor-

1859 4126 1938 4182 tui
1990 4126 2046 4179 in
2096 4120 2313 4177 delictis
2341 4126 2397 4173 et
2421 4112 2692 4188 praeputio
2722 4111 2919 4166 carnis
2973 4113 3192 4167 vestrae,
3241 4098 3431 4155 convi-

1858 4215 2101 4272 villcavit
2153 4225 2275 4267 cum
2308 4209 2424 4273 illo,
2477 4206 2691 4261 donans
2739 4200 2891 4257 vobis
2922 4197 3105 4254 omnia
3140 4193 3362 4249 delicta.
3406 4207 3425 4241 ι

1932 4395 2043 4450 Res
2068 4390 2411 4449 Graecanicas
2455 4401 2581 4440 cum
2615 4379 2871 4438 Judaicis
2919 4372 3225 4445 coniungit,
3268 4378 3328 4425 ut
3359 4378 3433 4423 ta-

164 4456 465 4551 ὲκόἀλλων
491 4493 632 4547 αύτά
654 4456 841 4561 ὥσπερ
874 4491 1080 4557 ἐκεῖνα,
1126 4456 1241 4543 ἀλλ’
1273 4456 1746 4559 ὑπεραναϐαίνων¹

1863 4502 1987 4542 men
2035 4486 2171 4540 istas
2224 4480 2377 4534 velut
2435 4476 2562 4530 illas
2607 4486 2719 4528 non
2764 4466 3005 4536 rejiciat,
3040 4461 3135 4517 sed
3175 4456 3432 4527 superius

166 4588 267 4641 καὶ
323 4582 520 4647 σώζων
548 4584 607 4637 ὲν
635 4585 749 4647 τοῖς
792 4582 1188 4651 πνευματικοῖς
1228 4580 1299 4633 τὰ
1334 4580 1647 4649 σωματικά.
1682 4578 1757 4631 Τὸ

167 4675 404 4746 πρῶτον
438 4668 533 4726 οῦν
580 4671 873 4742 γνώρισμα
899 4670 994 4724 τοῦ
1033 4668 1364 4739 Ἰουδαῖσμοῦ
1394 4669 1495 4738 τὴν
1533 4684 1759 4739 περιτο-

170 4767 288 4835 μὴν
315 4765 487 4836 έχων,
513 4766 684 4835 ἡμᾶς,
708 4764 844 4833 φησὶ
861 4805 874 4827 ,
907 4760 1264 4823 πιστεύοντας
1287 4763 1355 4831 τῇ
1381 4759 1575 4823 ἀληθεί
1609 4777 1760 4831 περι-

166 4862 322 4929 τομῇ
352 4856 624 4928 Χριστοῦ,
648 4858 743 4909 καὶ
769 4856 1099 4926 μετέχοντας
1126 4853 1297 4923 αὐτῆς
1316 4869 1330 4883 ο
1355 4850 1490 4923 αῦτη
1511 4851 1567 4905 δέ
1616 4853 1762 4906 ἐστιν

164 4948 231 5000 οὐ
283 4946 383 5001 διὰ
416 4944 770 5017 χειρουργίας
799 4943 1149 5014 ἀνθρωπίνης
1173 4940 1437 5012 γινομένη
1461 4981 1477 5006 ,
1509 4941 1646 4995 ἀλλά
1675 4942 1764 4996 διὰ

164 5042 275 5111 τῆς
324 5038 429 5093 τοῦ
469 5037 721 5108 σώματος
757 5036 1007 5090 ἑκουσίου
1052 5035 1367 5097 ἀποδύσεως
1388 5075 1403 5099 ,
1432 5033 1528 5087 τοῦ
1561 5035 1759 5102 γηῒνου

168 5133 301 5203 βίου
353 5128 751 5199 ἀποτιθεμένου
781 5128 862 5191 είς
903 5126 1169 5197 ἀνάληψιν
1198 5113 1293 5177 τοῦ
1327 5124 1583 5194 οὐρανίου
1607 5163 1623 5186 ,
1667 5122 1762 5177 τοῦ

165 5225 243 5277 δι’
284 5220 652 5282 ἀναστάσεως
690 5221 823 5289 ἡμῖν
850 5217 1271 5289 ἀποδιδομένου·
1296 5216 1490 5287 ἥντινα
1527 5215 1764 5268 ἀνάστα·

166 5334 262 5369 σιν
319 5315 431 5385 ἤδη
480 5312 579 5383 μὲν
611 5311 810 5380 ἔχομεν
839 5309 1104 5380 δυνάμει,
1134 5307 1487 5371 πιστεύοντες
1513 5306 1590 5377 τῷ
1624 5306 1764 5377 ὑπὲρ

165 5406 347 5473 ἡμῶν
375 5402 687 5467 ἀναστάντι,
713 5400 1057 5472 κομιούμεθα
1077 5395 1136 5454 δὲ
1170 5402 1266 5454 καὶ
1311 5400 1457 5473 ἔργῳ
1486 5399 1584 5470 τὴν
1632 5399 1765 5453 ἀνά-

166 5507 387 5549 στασιν
425 5495 483 5546 ὲν
508 5493 587 5562 τῷ
620 5493 734 5560 ἰδίῳ
761 5492 960 5564 καιρῷ.

253 5605 276 5636 o
335 5582 662 5654 Ἐξαλείψας
682 5582 747 5636 τὸ
773 5582 896 5637 καθ’
923 5582 1080 5654 ἡμῶν
1116 5580 1482 5653 χειρόγραφον
1511 5582 1622 5645 τοῖς
1644 5580 1765 5650 δόγ-

174 5690 390 5747 μασιν,
422 5674 452 5728 δ
472 5670 543 5745 ἦν
572 5674 892 5728 ὑπεναντίον
925 5675 1089 5744 ἡμῖν,
1119 5673 1214 5727 καὶ
1241 5669 1559 5743 αὐτὸῆρκεν
1586 5674 1650 5727 ὲκ
1671 5672 1765 5727 τοῦ

174 5766 369 5837 μέσου
387 5807 402 5832 ,
434 5764 791 5839 προσηλώσας
828 5764 977 5834 αύτῷ
1004 5763 1081 5836 τῷ
1111 5762 1349 5836 σταυρῷ,
1377 5762 1760 5835 ἀπεκδυσάμε-

1860 4575 2141 4639 ascendat,
2183 4578 2239 4628 et
2268 4570 2323 4624 in
2357 4565 2740 4638 spiritualibus
2770 4556 3088 4627 corporalia
3117 4555 3430 4608 conservet.

1859 4667 2150 4735 Quocirca,
2197 4660 2444 4717 admisso
2495 4655 2681 4712 statim
2741 4646 3011 4705 Judaismi
3067 4640 3435 4706 indicio,cir-

1859 4734 2198 4815 ciumcisione
2226 4750 2464 4811 scilicet,
2492 4760 2594 4800 nos
2620 4743 2714 4815 qui
2740 4755 2887 4797 verte
2915 4735 3125 4794 Christi
3193 4734 3437 4789 circum-

1860 4847 2051 4906 cisioni
2122 4838 2437 4903 credimus,
2484 4838 2605 4907 ejus
2681 4846 2901 4905 quoque
2957 4833 3247 4884 consortes
3294 4821 3435 4878 eiiici

1861 4942 1961 4995 ait.
2000 4937 2127 4992 llaec
2156 4947 2322 5005 porro
2356 4946 2466 4985 non
2503 4929 2743 4981 humana
2793 4937 2955 4977 manu
3006 4916 3306 4989 peragitur,
3335 4912 3431 4969 sed

1862 5038 2166 5100 spontanea
2219 5022 2468 5091 corporis
2533 5017 2834 5072 affectuum
2888 5009 3258 5072 abdicatione,
3323 5020 3431 5074 qua

1862 5119 2110 5191 deposita
2144 5112 2395 5172 terrestri
2444 5113 2575 5172 vita,
2600 5107 2881 5163 cmlestem
2923 5101 3283 5160 assumimus,
3312 5108 3434 5164 quae

1861 5184 2022 5266 nobis
2066 5223 2166 5279 per
2212 5201 2677 5260 resurrectionem
2725 5191 2934 5251 Christi
2959 5188 3233 5245 redditur.
3266 5184 3431 5253 Atqui

1864 5276 2321 5359 resurrectionem
2374 5294 2513 5348 hanc
2540 5290 2653 5362 jam
2686 5292 2962 5358 potestate
3011 5278 3232 5351 quidem
3264 5276 3434 5331 habe-

1863 5410 2013 5456 mus,
2041 5391 2328 5449 credentes
2360 5387 2415 5440 in
2450 5384 2601 5438 illum
2638 5379 2730 5451 qui
2761 5373 2943 5433 nostri
2977 5385 3146 5427 causa
3176 5380 3430 5424 resurre-

1865 5490 1969 5552 xit,
2002 5504 2059 5543 re
2093 5500 2223 5541 vero
2257 5491 2504 5551 tempore
2532 5476 2752 5531 tandem
2785 5485 2887 5528 suo
2915 5465 3310 5524 obtinebimus.

1938 5550 2103 5633 Vens.
2138 5576 2224 5639 M,
2262 5550 2420 5627 15.7:
2470 5568 2668 5623 Delens
2704 5562 2853 5635 quod
2886 5560 3152 5616 adversus
3187 5569 3289 5609 nos
3315 5550 3434 5606 erat

1867 5666 2291 5737 chimgraphum
2337 5659 2567 5721 decreti,
2612 5656 2763 5728 quod
2813 5662 2932 5710 erat
2958 5646 3296 5706 contrarium
3326 5657 3425 5696 no-

1866 5764 1952 5822 bis
1983 5731 2239 5832 et'ipsum
2291 5756 2420 5812 tulit
2464 5753 2531 5811 de
2571 5750 2770 5816 medio,
2798 5745 3022 5815 aﬂigens
3055 5739 3189 5795 illud
3235 5731 3427 5800 cruci;
