4022 6410
132 379 213 443 897
1151 370 1232 429 IN
1265 367 1501 428 EPIST.
1542 364 1642 425 AD
1681 361 2218 425 COLOSSENSES.

3244 372 3351 434 898

185 488 238 544 El
267 484 604 556 ἑνεκρὼθητε
652 484 849 555 ταύτῃ,
885 483 1040 554 φησι,
1072 486 1139 553 τῇ
1170 483 1306 553 ζωῇ,
1362 482 1458 536 καὶ
1507 479 1673 533 παντὶ

1848 475 1906 531 Si
1962 476 2273 532 mortiﬁcati
2302 476 2460 540 estis,
2495 475 2695 546 inquit,
2754 477 2883 533 huic
2931 480 3078 545 vitro,
3110 491 3167 535 et
3198 486 3347 539 omni

126 579 353 653 ὁρωμένῳ
393 577 489 631 καὶ
541 576 814 648 σαρκικῷ.
873 576 978 629 Τὸν
1006 577 1116 647 γὰρ
1162 574 1404 645 παρόντα
1436 573 1550 643 βίον
1577 572 1666 626 διὰ

126 672 222 725 τῶν
251 668 563 737 στοιχείων
587 667 870 738 σημαίνει.
897 665 961 720 Εἰ
988 665 1290 719 ἀπεθάνετε
1345 663 1461 728 οὖν,
1508 663 1665 732 φησι,

125 763 187 831 τῷ
211 759 355 814 αἰῶνι
411 758 608 827 τούτῳ,
635 757 688 810 τί
720 757 884 812 πάλιν
940 756 1072 827 περὶ
1130 755 1294 809 αὑτὸν
1341 750 1665 825 στρέφεσθε,

125 854 229 924 περὶ
274 849 561 922 βρώματα,
595 849 688 902 καὶ
718 849 788 902 τὰ
816 848 1041 902 τοιαῦτα
1090 846 1483 918 στρεφόμενοι;
1539 844 1670 898 ταῦ-

126 964 177 1000 τα
200 945 316 1015 γὰρ,
338 943 495 1013 φησὶ,
546 942 750 1013 γαστρὶ
805 941 1041 1004 δέδοται,
1079 940 1176 995 καὶ
1220 942 1301 1002 είς
1325 938 1534 1011 φθορὰν
1557 956 1667 1009 χω·-

125 1054 209 1181 ρηι.
233 1126 382 1181 Κατὰ
409 1125 481 1180 τὰ
516 1126 831 1197 ἐντάλματα
877 1124 975 1179 καὶ
1029 1123 1381 1188 διδασκαλίας
1428 1123 1538 1177 τῶν
1576 1124 1668 1177 ἀν-

123 1220 325 1291 θρώπων
361 1237 374 1250 ·
398 1219 557 1273 ἄτινά
586 1221 704 1272 ὲστι
761 1218 919 1286 λόγον
976 1218 1077 1288 μὲν
1130 1216 1323 1288 ἔχοντα
1363 1216 1579 1284 σοφίας,
1611 1216 1669 1269 ὲν

124 1308 542 1377 ὲθελοθρησκείᾳ,
590 1308 686 1360 καὶ
736 1310 1235 1379 ταπεινοφροσύνῃ,
1296 1307 1393 1360 καὶ
1448 1306 1670 1375 ἀφειδίᾳ

123 1400 364 1468 σώματος,
410 1399 511 1452 οὐκ
545 1400 604 1452 ὲν
627 1401 758 1469 τιμῇ
822 1416 953 1465 τινι,
1012 1399 1148 1471 πρὸς
1199 1398 1517 1470 πλησμονὴν
1569 1398 1670 1467 τῆς

124 1492 309 1565 σαρκός.
342 1510 364 1543 ›

188 1584 453 1650 Ἐντολὰς
472 1583 820 1653 ἀνθρώπων,
881 1585 980 1648 τὰς
1033 1583 1279 1655 μυθικὰς
1315 1583 1671 1646 διδασκαλίας

121 1675 208 1728 τῶν
247 1674 518 1729 Ἰουδαίων
560 1673 738 1743 λέγει,
768 1673 921 1744 ῆκαὶ
939 1672 1156 1737 ἐντολὰς
1184 1674 1453 1744 σαρκικάς
1502 1673 1671 1736 αύτάς

120 1769 262 1835 λέγει,
321 1766 494 1837 μηδὲν
548 1765 781 1837 ἐχούσας
829 1766 1219 1837 πνευματικόν.
1248 1766 1421 1819 Τοῦτο
1451 1765 1560 1836 γὰρ
1580 1765 1674 1832 δη-

1770 570 1916 639 quod
1980 568 2197 626 visiblle
2231 576 2286 623 et
2333 568 2558 623 carnale
2605 580 2717 625 est.
2760 569 3093 627 Praesentem
3144 574 3350 645 quippe

1768 660 1956 723 vitam,
2013 660 2272 714 elementa
2337 659 2575 715 dicendo
2633 662 2930 731 significat.
2965 663 3020 716 Si
3053 679 3185 733 ergo
3222 667 3350 720 huic

1769 751 1970 807 saeculo
2017 751 2216 806 mortui
2271 753 2428 816 estis,
2467 753 2665 823 inquit.
2703 769 2803 807 cur
2850 770 2981 825 ergo
3028 757 3179 810 circa
3214 758 3348 812 illud

1768 843 2064 897 versamini
2122 843 2345 905 iterum.
2396 847 2545 899 circa
2585 860 2765 907 escas,
2815 856 2864 901 et
2894 849 3000 900 alia
3042 850 3352 918 ejusmodi?

1770 934 1960 989 isthmc
2001 933 2148 988 enim
2190 933 2317 987 data
2360 944 2492 991 sunt
2530 936 2736 997 ventri,
2767 943 2821 989 ct
2852 937 2904 989 in
2938 939 3351 1008 corruptionem

1770 1024 1990 1079 abeunt.

1845 1135 1864 1167 ι
1904 1116 2217 1173 Secundum
2280 1125 2556 1188 praecepta
2591 1128 2646 1173 et
2685 1119 2973 1177 doctrinas
3007 1122 3292 1178 hominum
3331 1143 3346 1179 :

1772 1205 1974 1280 Heus.
1996 1205 2092 1278 23]
2122 1223 2242 1277 quae
2270 1217 2399 1264 sunt
2439 1211 2708 1264 rationem
2755 1210 3013 1265 habentia
3046 1214 3350 1283 sapientiae,

1772 1299 1825 1353 in
1855 1300 2249 1368 superstitione
2277 1310 2331 1355 et
2354 1300 2688 1367 humilitate,
2712 1313 2759 1355 et
2790 1302 2856 1355 ad
2883 1316 2991 1356 non
3014 1305 3349 1371 parcendum

1770 1390 2015 1459 corpori.
2051 1374 2161 1446 non
2198 1393 2253 1446 in
2288 1392 2500 1447 honore
2522 1394 2730 1463 aliquo,
2764 1392 2831 1447 ad
2851 1393 3199 1449 saturitatem
3224 1410 3353 1450 car-

1771 1483 1878 1538 nis.
1926 1501 1944 1534 ι

1845 1574 2121 1643 Ρναιςερια
2151 1574 2445 1639 hominum,
2480 1574 2761 1631 l'abulares
2792 1573 3110 1632 Iudaeorum
3134 1577 3349 1633 doctrio

1773 1681 1872 1722 nas
1907 1676 2088 1726 vocat.
2136 1683 2277 1737 quas
2323 1666 2551 1736 perinde
2581 1668 2838 1721 mandata
2868 1669 3055 1725 carnis
3089 1654 3351 1739 appellat,

1780 1765 1837 1811 ut
1872 1773 1995 1827 quae
2033 1757 2169 1811 nihil
2210 1758 2442 1826 spiritus
2477 1758 2738 1814 habeant.
2779 1759 2890 1816 Hoc
2939 1777 3108 1832 porro
3138 1764 3353 1833 signiﬁ-

120 1831 187 1912 λοί
216 1859 269 1913 τὸ
288 1899 302 1923 ,
678 1857 894 1915 Geor".
947 1831 1251 1927 ’Ᾰφειδίαν
1278 1856 1348 1911 δὲ
1375 1831 1670 1927 σώματος,

1783 1856 1870 1903 cat
1900 1849 2029 1903 dum
2057 1848 2154 1913 ait,
2191 1865 2297 1903 non
2322 1850 2609 1905 secundum
2641 1851 2831 1907 Deum.
2866 1831 3112 1909 Dicendo
3143 1831 3353 1920 autem,

122 1950 200 2020 τὴν
226 1948 527 2020 περιτομὴν
560 1947 736 2017 λέγει.

717 2130 975 2185 ΚΕΦΔΔ.
1004 2129 1083 2184 Γ’.

179 2240 195 2271 ι
228 2222 285 2274 Εί
353 2222 731 2297 συνηγέρθητε
761 2222 839 2293 τῷ
882 2221 1140 2293 Χριστῷ,
1169 2223 1238 2277 τὰ
1262 2221 1377 2277 ἄνω
1435 2221 1673 2292 ζητεῖτε,

121 2310 173 2369 οὗ
216 2315 242 2366 ὁ
270 2315 508 2385 Χριστός
557 2318 705 2370 ἐστιν
735 2316 795 2369 tv
823 2315 972 2386 δεξιᾷ
1009 2314 1103 2369 τοῦ
1163 2313 1300 2369 Θεοῦ
1345 2313 1673 2385 καθήμενος,

116 2406 173 2460 τὰ
199 2408 300 2461 ἀνω
355 2410 634 2478 φρονεῖτε,
664 2408 739 2480 μὴ
771 2409 840 2462 τὰ
870 2409 965 2461 ἐπὶ
1023 2407 1125 2478 τῆς
1181 2408 1303 2478 γῆς.
1348 2407 1674 2462 ’Ᾱπεθὰνετε

117 2501 242 2570 γὰρ,
296 2501 395 2556 καὶ
424 2503 458 2572 ἠ
493 2500 607 2572 ζωὴ
651 2502 805 2572 ὑμῶν
854 2502 1165 2573 κέκρυπται
1225 2502 1322 2555 σὺν
1345 2499 1425 2571 τῷ
1452 2499 1676 2572 Χριστῷ

116 2596 162 2645 ὲν
178 2593 246 2663 τῷ
264 2593 406 2664 Θεῷ.
449 2594 618 2647 Ὅταν
647 2598 675 2648 ὁ
699 2594 934 2666 Χριστὸς
964 2594 1254 2665 φανερωθῇ
1284 2595 1317 2665 ἡ
1348 2592 1461 2665 ζωὴ
1496 2592 1672 2663 ὑμῶν,

116 2685 215 2738 τότε
244 2685 333 2739 καὶ
368 2686 532 2756 ὑμεῖς
570 2686 668 2740 σὺν
694 2685 842 2758 αύτῷ
897 2686 1356 2758 φανερωθήσεσθε
1388 2688 1447 2739 tv
1479 2682 1663 2757 δόξῃ.»

183 2864 322 2916 Ἐπεὶ
342 2859 463 2931 οὖν,
498 2865 684 2936 φησιν,
709 2866 791 2930 είς
829 2865 1022 2938 ἑτέραν
1075 2866 1221 2938 ζωὴν
1274 2866 1538 2938 ἀνέστητε
1576 2866 1675 2939 τὴν

114 2955 336 3026 οὐράνιον
364 2996 383 3021 ,
444 2955 555 3011 τῶν
627 2959 769 3012 κατά
816 2958 921 3031 γῆν
974 2959 1235 3013 ἀπάντων
1281 2960 1675 3031 δικαιωμάτων

114 3047 209 3099 ἀνω
237 3047 477 3114 γίνεσθε.
516 3047 590 3102 οὐ
624 3048 735 3120 γὰρ
787 3048 1034 3115 δυνατὸν,
1085 3050 1323 3121 ἀλλαχοῦ
1388 3051 1489 3122 μὲν
1528 3052 1675 3122 ἔχειν

111 3136 193 3206 τὴν
218 3138 377 3211 ζωὴν,
408 3141 513 3210 τῆς
531 3138 588 3193 δὲ
628 3139 857 3212 ἑτέρωθι
916 3140 1178 3215 κειμένης
1230 3142 1377 3213 ἔχειν
1405 3143 1476 3197 τά
1506 3160 1669 3213 νομο-

113 3227 409 3299 θετήματα·
450 3231 587 3286 ἀλλά
629 3232 870 3302 ἀργείτω
922 3234 1021 3305 μὲν
1046 3234 1127 3288 ’τά
1173 3237 1304 3304 περὶ
1364 3235 1548 3306 σῶμα,
1594 3234 1672 3300 ὡς

111 3317 433 3389 τεθνηκότων
464 3320 643 3392 ήμῷν,
679 3320 1012 3393 ὲνεργείσθω
1049 3321 1107 3376 δὲ
1130 3322 1200 3375 τά
1217 3321 1505 3393 πνεύματα
1537 3320 1673 3376 καθὸ

117 3406 251 3479 ζῆτε,
277 3411 371 3465 καὶ
403 3411 728 3482 ἀναμενέτω
759 3412 821 3465 τὸ
853 3410 1012 3483 σῶμα
1033 3412 1132 3485 τὴν
1165 3415 1257 3468 καὶ
1306 3414 1454 3485 αὐτῷ
1514 3412 1674 3484 δοθη-

113 3502 325 3573 σομένην
375 3503 548 3575 ζωὴν,
597 3504 818 3559 ἐπειδὰν
848 3506 878 3558 ὁ
907 3506 1010 3576 τῆς
1067 3506 1213 3577 ζωῆς
1264 3508 1397 3577 ἡμῖν
1439 3505 1676 3579 χορηγὸς

113 3593 327 3667 ἐπιφανῇ
372 3597 637 3668 Χριστὸς,
696 3597 836 3669 ἔχων
880 3598 999 3669 μὲν
1038 3598 1210 3668 αὐτὴν
1237 3601 1294 3651 tv
1324 3597 1403 3668 τῷ
1430 3597 1546 3669 ἰδίῳ
1569 3595 1675 3649 σώ-

113 3701 243 3753 ματι,
276 3688 615 3759 μεταδώσων
639 3689 696 3743 δὲ
722 3691 892 3762 αὐτῆς
921 3690 1015 3744 καὶ
1041 3693 1155 3755 τοῖς
1179 3690 1472 3762 ἡμετέροις
1492 3705 1506 3719 ·
1532 3691 1679 3742 ἐπει-

111 3778 192 3831 δὰν
246 3784 341 3835 καὶ
408 3780 553 3835 αὐτὰ
608 3784 689 3847 είς
754 3781 897 3853 ζωὴν
959 3781 1298 3854 προαχθῆναι
1350 3782 1467 3854 δέῃ,
1530 3780 1676 3852 ζωὴν

110 3870 196 3941 τὴν
221 3872 457 3939 ἔνδοξον,
489 3873 634 3946 ζωὴν
662 3874 762 3946 τὴν
800 3875 1099 3947 μακαρίαν,
1148 3874 1287 3946 πρὸς
1326 3874 1393 3946 ἥν
1430 3874 1567 3928 ίδίαν
1587 3873 1678 3928 οὖ-

111 3978 195 4014 σαν
221 3964 486 4035 Χριστοῦ,
516 3965 608 4019 καὶ
637 3967 798 4037 ἡμεῖς
821 3965 1365 4039 συσχηματιζόμεθα.

167 4155 184 4189 ι
216 4140 554 4212 Νεκρώσατε
589 4138 684 4197 οὖν
719 4143 789 4197 τὰ
819 4143 953 4215 μέλη
996 4144 1151 4215 ὑμῶν
1179 4144 1249 4198 τὰ
1278 4145 1371 4198 ἐπὶ
1405 4146 1504 4217 τῆς
1548 4149 1675 4217 γῆς,

111 4230 375 4297 πορνείαν,
431 4231 818 4305 ἀκαθαρσίαν,
874 4232 1083 4300 πάθος,
1131 4234 1429 4306 ἐπιθυμίαν
1478 4237 1674 4308 κακὴν,

107 4322 188 4372 καὶ
205 4322 301 4393 τὴν
328 4323 676 4389 πλεονεξίαν,
722 4326 844 4396 ἥτις
885 4324 1037 4379 ἐστὶν
1070 4326 1510 4400 εἰδωλολατρεία,
1545 4329 1610 4383 δι’
1641 4329 1677 4383 ἃ

107 4411 308 4483 ἔρχεται
333 4418 369 4487 ὴ
395 4417 540 4488 ὀργὴ
572 4416 667 4470 τοῦ
694 4416 831 4471 Θεοῦ
870 4416 966 4471 ἐπὶ
1014 4416 1143 4481 τοὺς
1199 4420 1352 4483 υίοὺς
1378 4419 1481 4490 τῆς
1522 4421 1678 4474 ἀπει-

1774 1940 1845 1994 ad
1898 1956 2003 1995 non
2057 1941 2385 2010 parcendum
2434 1944 2663 2013 corpori,
2721 1945 3204 2001 circumcisionem
3269 1949 3356 2001 in-

1776 2033 1914 2088 nuit.

2413 2124 2568 2181 CAP.
2598 2125 2695 2181 Ill.

1843 2214 2010 2271 Vsus.
2039 2215 2154 2270 1-4.
2196 2234 2215 2269 ι
2251 2215 2425 2287 igitur
2480 2219 2525 2274 si
2584 2223 3021 2279 consurrexistis
3050 2223 3356 2281 cumChri-

1774 2313 1881 2372 sto,
1917 2323 2039 2377 quae
2079 2307 2242 2377 212
2276 2323 2499 2364 sursum
2524 2319 2655 2365 sunt
2690 2312 2939 2382 quaerite,
2970 2315 3058 2368 ubi
3088 2314 3347 2371 Christus

1773 2406 1857 2453 est
1878 2399 1931 2454 in
1961 2398 2190 2454 dextera
2216 2400 2306 2453 Dei
2338 2399 2560 2463 sedens.
2584 2419 2707 2472 quae
2734 2419 2958 2459 sursum
2993 2417 3123 2461 sunt
3147 2410 3351 2478 sapite,

1774 2504 1883 2543 non
1920 2506 2041 2561 qua:
2091 2507 2261 2560 super
2288 2498 2516 2546 terram.
2551 2493 2750 2549 Mortui
2785 2498 2933 2552 enim
2965 2499 3122 2563 estis,
3148 2510 3206 2555 et
3241 2501 3353 2556 vita

1773 2592 1957 2636 vestra
2008 2583 2333 2637 abscondita
2371 2595 2456 2639 est
2503 2600 2626 2640 cum
2687 2585 2912 2643 Christo
2945 2591 2998 2644 in
3041 2589 3170 2647 Deo.
3214 2593 3350 2648 Cum

1774 2673 2030 2730 Christus
2056 2676 2396 2745 apparuerit,
2425 2677 2543 2732 vita
2564 2685 2769 2743 vestra,
2809 2690 2939 2735 tunc
2971 2690 3026 2737 et
3054 2699 3151 2738 vos
3182 2700 3355 2755 appa-

1775 2766 1969 2821 rehilis
2001 2780 2129 2821 cum
2159 2767 2283 2837 ipso
2317 2767 2372 2821 in
2394 2768 2593 2838 gloria.
2640 2787 2658 2820 ι

1835 2854 2110 2923 Quoniam
2148 2859 2215 2913 ad
2240 2858 2410 2914 vitam
2466 2860 2720 2928 alteram,
2753 2856 3038 2920 cmleste’m
3070 2866 3356 2937 nimirum,

1782 2953 2199 3017 resurrexistis,
2241 2955 2560 3025 superiores
2610 2956 2921 3012 etiiciamini
2954 2960 3193 3015 terrenis
3235 2977 3357 3015 om-

1774 3044 1936 3098 nibus
1993 3042 2286 3101 institutis.
2341 3044 2460 3100 Non
2505 3046 2653 3102 enim
2688 3046 2801 3103 ﬁeri
2840 3060 3020 3119 petest
3063 3061 3118 3105 ut
3156 3053 3264 3107 alio
3299 3053 3354 3108 in

1776 3137 1898 3191 loco
1956 3138 2122 3192 vitam
2176 3153 2432 3207 agamus,
2467 3147 2520 3194 et
2572 3140 2696 3195 vita:
2752 3142 2983 3198 alterius
3035 3146 3355 3202 sanctiones

1776 3228 2209 3283 sectemurzsed
2268 3244 2391 3299 quae
2446 3229 2514 3284 ad
2568 3245 2773 3301 corpus
2835 3234 3092 3299 attinent,
3133 3253 3359 3293 cessare

1782 3317 2021 3380 Oportet,
2087 3325 2149 3365 ac
2179 3312 2225 3366 si
2263 3312 2466 3366 mortui
2532 3317 2774 3380 essetis;
2815 3326 3113 3385 operentur
3172 3329 3359 3374 autem

1774 3417 1896 3472 quae
1927 3400 2318 3471 suntSpiritus
2348 3405 2651 3458 secundum
2691 3422 2854 3475 quem
2890 3408 3099 3463 vivitis.
3136 3407 3358 3466 Interim

1776 3506 1984 3562 corpus
2015 3504 2296 3563 exspectet
2325 3486 2519 3559 vitam,
2553 3512 2676 3565 quae
2725 3498 2829 3566 ipsi
2859 3498 3104 3563 dabitur,
3136 3503 3360 3570 quando

1777 3584 1868 3640 ille
1932 3586 2027 3654 qui
2054 3586 2181 3640 vita:
2212 3594 2299 3642 est
2332 3595 2546 3650 auctor,
2578 3590 2908 3646 manifestus
2959 3592 3072 3656 ﬁet,
3096 3604 3158 3646 ut
3190 3595 3357 3648 vitam

1776 3690 1887 3746 qua
1919 3692 2079 3731 suum
2108 3691 2312 3746 corpus
2346 3678 2633 3748 praeditum
2676 3690 2781 3742 est,
2816 3683 3023 3737 nostris
3053 3683 3219 3737 etiam
3253 3685 3362 3738 ima

1778 3769 2065 3838 pertiatur.
2116 3768 2336 3839 quando
2366 3769 2559 3824 istha:c
2585 3787 2807 3842 quoque
2853 3772 2920 3827 ad
2948 3775 3119 3829 vitam
3157 3778 3360 3833 adduci

1777 3876 2005 3917 necesse
2025 3862 2149 3924 erit,
2184 3863 2250 3916 ad
2278 3862 2467 3928 vitam,
2493 3863 2736 3933 inquam,
2756 3865 3070 3935 gloriosam,
3096 3868 3161 3922 az]
3193 3872 3361 3925 vitam

1780 3955 2017 4018 felicem,
2048 3955 2161 4020 cui,
2193 3957 2452 4025 quoniam
2481 3957 2704 4028 propria
2732 3969 2817 4014 est
2843 3959 3077 4027 Christi,
3101 3978 3202 4018 nos
3218 3978 3362 4034 quo-

1781 4062 1890 4117 que
1912 4046 2122 4102 similes
2156 4046 2477 4104 evademus.

1846 4136 2015 4193 Vens.
2063 4137 2184 4194 5-9.
2239 4156 2257 4191 ι
2298 4138 2624 4196 Mortitlcate
2669 4157 2801 4212 ergo
2849 4145 3095 4199 membra
3158 4158 3362 4216 vestra,

1779 4243 1903 4298 quae
1942 4235 2072 4283 sunt
2121 4243 2288 4298 super
2337 4238 2582 4284 terrain:
2619 4230 3068 4297 fornicationem,
3122 4233 3364 4289 immun-

1779 4323 1995 4388 ditiam,
2076 4323 2382 4390 libidinem,
2440 4326 2957 4395 concupiscentiam
3023 4329 3367 4396 malam,-ut

1781 4414 2094 4478 avaritiam,
2124 4429 2247 4484 qua:
2265 4424 2348 4470 est
2380 4414 2808 4470 simulacrorum
2836 4418 3100 4484 servitus,
3138 4430 3367 4491 prepter

107 4501 245 4566 θείας
269 4520 282 4532 ⁸
309 4507 371 4559 tv
402 4502 489 4569 οἷς
521 4507 616 4560 καὶ
674 4508 833 4576 ὑμεῖς
893 4508 1336 4578 περιεπατήσατέ
1392 4526 1552 4572 ποτε,
1590 4510 1673 4563 ὅτε

1783 4521 1906 4576 quae
1937 4506 2086 4561 venit
2114 4507 2195 4561 ira
2225 4505 2319 4562 Dei
2349 4507 2403 4561 in
2443 4509 2586 4563 lilios
2616 4509 3049 4565 incredulitatis.
3074 4510 3133 4566 in
3160 4515 3368 4583 quibus

108 4590 255 4660 ἐζῆτε
293 4594 356 4647 tv
399 4596 588 4658 αὐτοῖς
622 4612 638 4630 ·
696 4595 819 4650 νυνὶ
856 4595 912 4650 δὲ
941 4595 1211 4650 ἀπόθεσθε
1267 4597 1364 4651 καλ⁵
1418 4600 1576 4671 ὑμεῖς
1610 4600 1678 4653 τὰ

105 4682 292 4749 πάντα,
352 4684 552 4757 ὀργὴν,
606 4684 799 4756 θυμὸν,
853 4686 1077 4751 κακίαν,
1134 4685 1513 4759 βλασφημίαν,
1566 4691 1677 4741 αἰσ-

105 4775 385 4843 Χρολογίαν
410 4781 478 4831 ὲκ
504 4775 599 4830 τοῦ
646 4779 919 4848 στόματος
967 4778 1140 4849 ὑμῶν.
1164 4778 1257 4850 Μὴ
1305 4778 1567 4849 ψεύδεσθε
1600 4780 1680 4842 είς

104 4863 379 4936 ἀλλήλους.
406 4887 430 4921 ι

178 4958 367 5014 Ἦτοῦ
416 4960 634 5014 Παύλου
686 4960 1032 5033 παραίνεσις,
1075 4961 1377 5034 νεκρότητα
1414 4961 1514 5032 μὲν
1568 4962 1683 5015 είσ-

104 5052 327 5118 ηγεῖταιξ
357 5052 501 5122 πρὸς
548 5052 649 5123 τὴν
702 5052 976 5124 κοσμικὴν
1018 5051 1168 5124 ζωὴν
1216 5052 1317 5123 τὴν
1360 5052 1683 5124 παρεφθαρ-

1783 4606 1837 4653 et
1866 4613 1965 4653 vos
2001 4598 2300 4667 aliquando
2325 4600 2651 4655 ambulastis
2676 4616 2801 4655 cum
2830 4602 3090 4658 viveretis
3130 4605 3182 4659 in
3212 4607 3363 4661 illis:

1783 4704 1931 4743 nunc
1961 4699 2143 4743 autem
2184 4690 2445 4760 deponite
2475 4699 2530 4745 et
2561 4690 2675 4747 vos'
2693 4693 2903 4761 omnia,
2923 4696 3085 4760 iram,
3109 4696 3368 4770 indigna-

1784 4782 2014 4847 tionem,
2045 4782 2333 4845 malitiam,
2358 4782 2783 4854 hlasphemiam,
2818 4795 3031 4857 turpem
3051 4805 3365 4850 sermonem

1786 4872 1854 4926 de
1892 4886 1991 4927 ore
2023 4880 2230 4927 vestro.
2254 4871 2437 4927 Nolite
2474 4875 2698 4929 mentiri
2732 4874 2993 4934 invicem.
3039 4900 3059 4934 ι

1843 4962 1973 5017 Haec
2023 4964 2342 5019 exhortatio
2395 4963 2572 5032 Pauli,
2622 4969 2916 5025 mundanae
2957 4986 3051 5026 seu
3090 4984 3371 5044 corrupta:

1787 5053 1915 5109 vitae
1969 5054 2453 5124 interemptionem
2515 5056 2730 5124 suadet,
2764 5058 2818 5113 in
2858 5060 3020 5128 cujus
3044 5060 3228 5116 locum
3252 5079 3371 5117 coe-

106 5141 289 5212 μένην,
344 5143 500 5213 ζωὴν
531 5142 590 5197 δὲ
617 5144 741 5198 ἀντὶ
780 5143 987 5215 ταύτης
1039 5144 1250 5213 είσάγει
1297 5144 1397 5215 τὴν
1435 5146 1673 5215 οὐράνιοι

1791 5148 1983 5203 lestem
2036 5156 2091 5203 et
2138 5147 2483 5218 spiritualem
2528 5148 2697 5205 vitam
2731 5151 2978 5222 subjicit.
3023 5152 3100 5208 Ac
3120 5154 3371 5211 membra

105 5232 191 5284 καὶ
219 5236 613 5308 πνευματικήν
631 5252 647 5268 ⁸
690 5238 786 5291 καὶ
815 5237 1093 5308 νεκρῶσαι
1114 5236 1215 5307 μὲν
1234 5236 1305 5290 τά
1336 5236 1474 5307 μέλη
1518 5253 1688 5309 προσ-

1795 5238 2041 5309 quidem,
2072 5254 2195 5308 qua:
2227 5246 2360 5295 sunt
2387 5254 2554 5311 super
2578 5250 2811 5317 terram,
2837 5243 2994 5313 jubet
3022 5246 3370 5315 mortiticari,

103 5322 277 5376 τάττει
326 5326 403 5377 τὰ
439 5325 530 5378 ἐπὶ
592 5326 693 5397 τῆς
725 5325 831 5397 γῆς
853 5367 868 5390 ,
899 5326 976 5390 ὡς
1002 5325 1070 5380 ἂν
1101 5325 1181 5396 τῷ
1209 5325 1481 5396 πνεύματι
1529 5325 1673 5396 ήμῶι

1798 5342 1859 5388 ιιι
1890 5341 2075 5388 tamen
2110 5333 2330 5404 spiritui
2379 5343 2573 5389 nostro
2605 5337 2848 5407 supersit
2878 5338 2987 5393 vita
3024 5354 3146 5410 quae
3174 5356 3376 5397 secun-

105 5410 240 5487 ζωὴν
272 5416 606 5471 καταλιπὼν
637 5420 779 5473 κατά
805 5418 904 5489 τὴν
928 5420 987 5471 tv
1010 5418 1156 5490 ἁγίῳ
1205 5417 1485 5488 Πνεύματι
1531 5418 1673 5472 πολι-

1798 5426 1928 5481 dum
1969 5424 2238 5497 Spiritum
2292 5436 2546 5481 sanctum
2610 5428 2954 5484 instituatur.
2988 5427 3375 5489 Necessariarn

105 5507 264 5574 τείαν,
302 5509 816 5582 ἀναγκαίανδὲτὴν
873 5511 1140 5582 νέκρωσιν
1203 5512 1307 5582 τῆς
1355 5511 1503 5583 ζωῆς
1550 5513 1689 5567 ἀπο-

1811 5527 1994 5572 autem
2031 5532 2157 5575 esse
2214 5519 2455 5575 ostendit
2492 5520 2616 5574 vitae
2650 5520 2813 5591 hujus
2866 5522 3377 5591 mortificationem,

1390 5622 1623 5682 VARIAB
1662 5627 2076 5689 LECTIONES.

166 5715 301 5800 ιζΤὸ
378 5717 461 5771 οὐ
519 5718 668 5772 κατὰ
741 5718 906 5773 Θεὸν.
972 5716 1199 5773 Videtur
1263 5727 1454 5773 auctor
1513 5718 1568 5773 in
1598 5719 1841 5791 Apostoli
1883 5734 2030 5780 textu
2086 5726 2303 5798 legisse,
2359 5725 2708 5793 διδασκαλίας
2747 5727 3073 5800 ἀνθρώπων,
3128 5732 3189 5785 οὐ
3237 5734 3378 5787 κατά

105 5778 253 5840 Θιόν.
