3844 6436
538 381 640 445 899

1737 368 1795 427 S.
1831 364 2147 427 JOANNIS
2176 362 2607 424 DAMASCENI

3646 361 3732 423 9?!)

543 495 635 550 ubi
656 490 847 550 sordes
868 488 988 558 ejus
1006 471 1406 559 spurcitiasque
1423 484 1671 540 edisserit
1693 498 1707 548 ;
1738 497 1825 543 ne,
1846 479 2110 550 quemad-

2243 478 2474 543 είκνυσι,
2505 478 2565 531 τὸ
2589 477 3000 548 μεμολυσμένον
3035 475 3206 545 αὐτῆς
3255 474 3624 545 ἐξηγούμενος.
3665 477 3735 527 ια

544 581 762 635 modum
805 578 1056 649 gentiles.
1112 576 1280 629 vitam
1334 588 1456 644 qua:
1505 573 1833 639 incorpore
1892 568 2101 638 agitur,

544 670 740 724 malam
789 681 913 722 esse
942 664 1310 734 suspicemur,
1344 661 1440 717 sed
1487 661 1615 714 vitae
1644 656 2110 713 duntaxat'delle-

543 759 762 813 xionem
804 755 872 810 ad
905 755 1239 824 voluptates,
1295 753 1351 807 in
1393 752 1597 822 quibus
1623 748 1897 805 scortatio
1922 756 2028 809 est,
2055 753 2111 800 et

543 847 726 903 omnia
744 845 947 915 quaevis
976 843 1232 913 nequitia!
1254 856 1457 912 genera
1491 858 1504 893 :
1532 836 1937 893 immunditiam
1966 851 2110 905 quo-

545 951 654 1004 que
679 943 732 990 et
754 934 1171 1006 impudicitiam,
1201 931 1505 994 libidinem,
1530 935 1584 983 et
1605 924 2110 997 concupiscentiam

550 1028 742 1081 malam
793 1025 1075 1090 nominat;
1111 1023 1311 1092 quibus
1364 1030 1420 1075 et
1482 1018 1771 1073 avaritiam
1841 1014 2113 1085 adjuttgit,

548 1118 753 1187 quippe
784 1130 905 1185 quae
937 1113 1156 1182 sequela
1185 1113 1259 1165 sit
1295 1111 1661 1180 voluptatum,
1686 1120 1807 1176 qua:
1838 1104 2133 1175 pecunia-'

551 1225 669 1263 rum
692 1205 1187 1277 suppeditationem
1204 1204 1450 1274 exigunt.
1474 1200 1769 1254 Avaritiam
1791 1211 1941 1263 vero,
1956 1194 2121 1249 servi—

552 1308 715 1353 tutem
770 1297 1035 1350 idolorum
1082 1294 1340 1364 appellat,
1402 1294 1659 1361 quoniam
1702 1288 1878 1352 avari,
1924 1286 2118 1341 relicto

552 1388 645 1443 Dei
694 1388 857 1446 cultu.
883 1395 938 1442 et
980 1385 1229 1449 servitio,
1274 1383 1367 1438 Dei
1393 1384 1510 1438 vice
1552 1379 1807 1449 pecuniis
1846 1378 2118 1434 serviunt.

552 1477 623 1535 Ut
645 1494 776 1549 ergo
839 1477 1073 1534 suadeat
1107 1475 1374 1545 ejusmodi
1410 1474 1559 1529 vitiis
1586 1488 1695 1527 non
1719 1471 2116 1531 adhaerescere.

552 1572 690 1627 iram
716 1570 808 1625 Dei
846 1579 1066 1640 propter
1103 1569 1196 1623 illa
1228 1568 1512 1621 imminere
1539 1566 1615 1618 ait
1642 1565 1698 1618 in
1720 1563 1845 1617 illos
1874 1560 1968 1631 qui
2002 1573 2122 1613 ere-

551 1663 680 1717 dere
732 1660 1057 1715 detrectant.
1086 1660 1126 1713 E
1151 1673 1209 1713 re
1257 1672 1363 1712 non
1394 1656 1556 1712 fuerit
1585 1655 1776 1724 igitur,
1816 1651 2021 1721 inquit,
2058 1656 2121 1704 ut

2212 568 2288 641 μὴ
2343 569 2445 640 τὴν
2498 571 2558 622 tv
2618 567 2832 639 σώματι
2896 566 3041 638 ζωὴν
3094 567 3342 636 πονηρὰν
3404 566 3739 633 ὑπολάϐωμεν,

2208 660 2398 732 ὥσπερ
2454 661 2717 732 Ἕλληνες
2769 659 3030 730 ἡγοῦνται
3058 699 3074 724 ,
3137 642 3275 712 ἀλλά
3332 657 3430 728 τὴν
3484 658 3577 726 τῆς
3625 656 3739 724 ζωῆς

2210 752 2575 824 παρατροπὴν
2600 792 2615 816 ,
2663 752 2772 821 ’τὴν
2810 755 2868 807 tv
2917 752 3151 823 ἡδοναῖς,
3191 752 3251 803 tv
3304 742 3394 811 αἷς
3425 749 3480 801 αἰ
3509 751 3742 817 πορνεῖαι.

2214 844 2309 897 καὶ
2330 844 2453 896 ὅσαι
2482 844 2621 897 ἰδέαι
2638 842 2978 914 κακουργίας
3001 858 3017 875 ·
3050 840 3418 911 ἀκαθαρσίαν,
3473 839 3566 891 καὶ
3617 839 3749 891 dati.

2212 951 2385 1003 γειαν,
2410 935 2507 988 καὶ
2555 934 2748 998 πάθος,
2780 937 2877 988 καὶ⁵
2921 932 3218 1003 ἐπιθυμίαν
3279 930 3459 1000 κακὴν
3510 929 3747 998 ὀνομάζει,

2213 1026 2310 1079 καὶ
2370 1024 2469 1095 τὴν
2528 1024 2842 1091 πλεονεξίαν
2891 1024 3295 1086 ὲπισυνάπτων,
3350 1022 3433 1074 ὃτι
3466 1020 3530 1089 δὴ
3573 1018 3751 1072 ἀκολού-

2215 1114 2367 1187 θημα
2425 1113 2537 1168 τῶν
2590 1114 2796 1186 ἡδονῶν
2854 1115 2912 1166 αἱ
2940 1110 3266 1175 πλεονεξίαι,
3320 1109 3615 1181 χρημάτων
3658 1125 3755 1176 χορ-

2219 1192 2383 1277 ηγίαν
2461 1205 2835 1276 ὲπιζητουσῶν
2900 1203 3124 1274 ἡδονῶν.
3177 1200 3677 1267 Εὶδωλολατρείω·
3712 1200 3755 1251 ἃ

2218 1301 2372 1353 καλεῖ
2397 1298 2496 1369 τὴν
2548 1298 2883 1364 πλεονεξίαν,
2943 1297 3026 1350 ὅτι
3057 1294 3135 1365 τῷ
3159 1294 3278 1365 Θεῷ
3320 1294 3593 1346 δουλεύειν
3621 1308 3756 1343 mm

2218 1389 2485 1455 λιπόντες,
2515 1389 2639 1443 ἀντὶ
2668 1388 2807 1441 Θεοῦ
2838 1390 2950 1451 τοῖς
2997 1387 3249 1458 χρήμασι
3305 1383 3633 1438 δουλεύουσι.
3658 1383 3757 1433 Πεί-

2221 1482 2329 1535 θων
2385 1477 2477 1535 οὖν
2518 1481 2593 1551 μὴ
2642 1478 2937 1550 διατρίϐειν
2987 1480 3100 1540 τοῖς
3144 1476 3447 1537 τοιούτοις,
3480 1474 3580 1545 τὴν
3626 1474 3759 1543 ὀργὴν

2222 1573 2550 1646 ὲπέρχεσθαί
2605 1589 2739 1644 φησι
2787 1572 2853 1624 δι’
2906 1571 3048 1624 αὐτὰ
3088 1572 3154 1623 ὲκ
3202 1568 3339 1623 Θεοῦ
3392 1569 3508 1630 τοῖς
3545 1566 3759 1619 ἀπειθοῦ-

2225 1681 2330 1718 σιν.
2368 1664 2443 1717 Οὐ
2490 1662 2609 1716 δέον
2666 1662 2783 1725 οὖν,
2849 1661 3006 1732 φησί,
3072 1660 3167 1713 καὶ
3214 1660 3340 1721 τοὺς
3396 1658 3623 1720 πιστοὺς
3665 1659 3761 1719 τοὺς

551 1764 605 1809 et
653 1753 858 1817 ﬁdeles,
914 1752 1007 1821 qui
1039 1753 1180 1804 iram
1227 1748 1561 1819 eﬂugerunt,
1596 1748 1650 1801 in
1704 1738 1832 1801 istis
1860 1742 2119 1813 operibus

2242 1759 2316 1809 ιαί
2375 1755 2475 1827 τὴν
2537 1754 2707 1827 ὀργὴν
2770 1753 3254 1824 ἀποφευξαμένους
3279 1794 3295 1819 ,
3331 1753 3392 1805 tv
3419 1752 3630 1815 τούτοις
3678 1754 3764 1814 tsi;

557 1852 860 1908 versentur,
913 1844 969 1896 in
989 1843 1190 1911 quibus
1218 1856 1317 1896 vos
1376 1840 1507 1894 olim
1538 1834 1933 1900 versabamini,
1989 1832 2119 1886 dum

2242 1846 2405 1917 Ξργοις
2430 1821 2757 1917 ⁷διατρίϐειν
2783 1885 2797 1909 ,
2837 1821 2903 1899 ὲν*
2929 1840 3023 1914 κοῖς
3064 1821 3134 1897 τὸ
3183 1843 3414 1897 παλαιὸν
3465 1843 3762 1914 διετρίϐετε.

553 1934 721 1988 vitam
770 1931 917 1985 illam
963 1918 1232 2002 agebatis,
1271 1944 1434 2000 quam
1465 1944 1563 1983 vos
1602 1943 1668 1982 ex
1700 1932 1815 1980 toto
1848 1924 2123 1994 deponere

558 2037 997 2079 commonemus.

630 2134 649 2167 ι
687 2113 1071 2185 Exspoliantes
1113 2124 1213 2167 vos
1243 2117 1479 2165 veterem
1520 2105 1797 2161 hominem
1830 2118 1955 2158 cum
1988 2100 2128 2155 acti-

559 2209 662 2263 bus
692 2208 828 2263 suis.
866 2224 883 2257 ι

622 2295 936 2353 Generatim
985 2294 1124 2350 etin
1179 2306 1393 2347 summa
1421 2291 1578 2358 dicit,
1612 2298 1858 2345 veterum
1914 2301 2127 2342 morum

561 2389 919 2445 mutationem
964 2402 1085 2441 esse
1132 2385 1521 2441 necessariam.
1567 2382 1845 2437 Hominem
1874 2382 2019 2435 enim
2053 2395 2133 2434 ve-

562 2490 718 2536 terem
774 2489 1077 2548 nuncupat,
1124 2477 1423 2548 ingenitam
1484 2474 1700 2531 vivendi
1732 2473 2026 2535 rationem,
2065 2485 2133 2525 ex

560 2587 670 2643 quo
711 2572 897 2641 lapsus
933 2580 1014 2625 est
1039 2569 1229 2623 homo.

618 2662 786 2717 Vens.
825 2661 1009 2718 10-14.
1048 2660 1155 2714 «Et
1228 2660 1519 2716 induentes
1583 2676 1806 2729 novum,
1867 2676 1992 2718 eunt
2041 2663 2136 2731 qui

561 2764 862 2813 renovatur
895 2756 950 2809 in
982 2754 1339 2823 agnitionem,
1366 2753 1667 2807 secundum
1689 2754 1995 2826 imaginem
2018 2755 2140 2825 ejus

561 2850 656 2921 qui
686 2850 895 2905 creavit
937 2848 1108 2902 illum.
1158 2844 1261 2901 Ubi
1300 2860 1407 2901 non
1444 2853 1528 2901 est
1567 2847 1787 2917 gentilis
1810 2856 1866 2903 et
1889 2848 2137 2915 Judazus,

2224 1942 2313 1994 ὅτε
2350 1939 2445 2010 τὴν
2473 1938 2618 2008 ζωὴν
2649 1938 2825 2008 εἴχετε
2855 1936 3079 2008 ταύτην,
3108 1936 3176 2008 ἢν
3206 1935 3513 1991 ἀποθέσθαι
3568 1935 3767 2006 συμϐου-

2225 2032 2282 2084 λε
2291 2032 2478 2102 ύομεν.

2306 2143 2324 2174 ι
2369 2121 2834 2191 Ἀπεκδυσάμενοι
2854 2117 2947 2171 τὸν
2978 2118 3209 2173 παλαιὸν
3235 2118 3528 2190 ἄνθρωπον
3561 2120 3650 2173 σὺν
3677 2120 3770 2177 tsi;

2232 2213 2497 2285 πράξεσιν
2529 2211 2718 2267 αὐτοῦ.
2751 2230 2770 2263 ι
2980 2202 2987 2207 ’
3544 2282 3551 2287 1

2304 2304 2550 2359 Καθόλου
2604 2305 2752 2374 λέγει
2790 2305 3038 2361 συνελὼν
3101 2300 3406 2374 μεταϐολὴν
3430 2300 3542 2354 τῶν
3569 2298 3772 2352 παλαιῶν

2230 2396 2451 2467 τρόπων
2500 2396 2612 2448 δεῖν
2664 2394 2940 2465 γενέσθαι.
2986 2396 3338 2461 ’Ἄνθρωπον
3373 2392 3486 2462 γὰρ
3523 2392 3663 2459 λέγει
3689 2406 3773 2443 :m-

2232 2486 2427 2553 λαιὸν,
2455 2485 2548 2539 τὸν
2570 2486 2769 2556 τρόπον
2816 2485 2909 2538 τὸν
2944 2484 3134 2550 παλαι,
3165 2484 3259 2537 τὸν
3287 2482 3397 2536 ἀπὸ
3424 2482 3526 2553 τῆς
3549 2480 3774 2539 πτώσεως

2236 2578 2531 2645 ὲπιγεγενη
2540 2576 2721 2646 μένον.
3842 2576 3844 2646 ι

2316 2644 2473 2722 «Καὶ
2503 2644 2853 2737 ἐνδυσάμενοι
2882 2667 2974 2721 τὸν
3003 2666 3143 2729 νέον,
3195 2666 3290 2719 τὸν
3343 2666 3777 2735 ἀνακαινούμενον

2238 2756 2318 2820 είς
2351 2755 2667 2823 ιπίγνωσιν,
2711 2756 2841 2808 κατ’
2880 2756 3065 2809 εἰκόνα
3113 2752 3207 2807 τοῦ
3266 2754 3577 2819 κτίσαντος
3627 2754 3776 2811 absim,
3842 2752 3844 2823 ξ

2239 2848 2375 2902 ὅπου
2400 2848 2502 2902 οὐκ
2542 2846 2620 2900 ενι
2646 2846 2849 2918 Ἕλλην
2912 2847 3009 2901 καὶ
3054 2845 3328 2910 Ἰουδαῖος,
3383 2846 3656 2918 περιτομὴ
3710 2850 3780 2898 ita".
3842 2845 3844 2909 ἕ

567 2943 924 2999 circumcisio
950 2951 1005 2996 et
1042 2940 1391 3010 praeputium,
1425 2939 1723 3005 Barbarus,
1752 2940 1982 3013 Scytha,
2024 2959 2133 2999 ser-

2243 2936 2609 3008 ἀκροϐυστία,
2649 2935 2946 3007 βάρϐαρος,
2999 2934 3235 3004 Σκύθης,
3258 2933 3464 2998 δοῦλος,
3510 2935 3779 3002 ἐλεύθεμ,

561 3049 689 3097 vus,
719 3033 875 3098 liber,
905 3031 1063 3101 213
1094 3029 1189 3084 sed
1214 3029 1395 3083 omnia
1429 3029 1557 3083 etin
1578 3030 1832 3086 omnibus
1866 3031 2140 3090 Christus.

2244 3030 2380 3085 ἀλλὰ
2414 3030 2482 3083 τὰ
2530 3030 2709 3083 πάντα
2759 3027 2855 3081 καί
2897 3027 2956 3080 tv
3005 3028 3139 3080 πᾶσι
3200 3026 3455 3098 Χριστός.
3494 3025 3780 3078 Ἐνδύσασθε

567 3123 779 3178 lnduite
809 3135 938 3190 ergo
978 3134 1076 3173 vos
1106 3119 1252 3174 sicut
1276 3118 1437 3174 electi
1489 3120 1607 3183 Dei,
1636 3122 1809 3176 sancti
1839 3133 1894 3176 et
1932 3122 2133 3189 dilecti,

2245 3124 2337 3176 οῦν
2364 3122 2439 3185 ὡς
2486 3121 2744 3174 ἐκλεκτοί
2787 3120 2882 3173 τοῦ
2919 3118 3079 3186 Θεοῦ,
3139 3119 3286 3188 ἅγιοι
3325 3118 3423 3173 καὶ
3472 3121 3782 3189 ἠγαπημένοι
3842 3124 3844 3155 ε

567 3216 780 3270 viscera
825 3210 1237 3276 misericordias,
1280 3210 1708 3281 benignitatem,
1744 3212 2135 3279 humilitatem,

572 3303 918 3366 modestiam,
956 3301 1312 3372 patientiam;
1367 3310 1755 3370 supportantes
1788 3302 2046 3367 invicem,
2085 3311 2141 3359 et

571 3394 840 3449 donantes
885 3390 1322 3462 vobismetipsis,
1366 3391 1412 3446 si
1446 3391 1575 3460 quis
1604 3391 1872 3448 adversus
1902 3393 2141 3464 aliquem

574 3490 737 3545 habet
787 3488 1092 3558 querelam,
1125 3486 1273 3542 sicut
1315 3492 1370 3541 et
1399 3483 1658 3541 Christus
1689 3486 1919 3542 donavit
1951 3488 2135 3551 nobis,

574 3584 647 3636 ita
684 3591 740 3637 et
764 3597 883 3636 vos.
913 3578 1090 3651 Super
1111 3580 1295 3633 omnia
1323 3586 1506 3634 autem
1534 3579 1649 3634 haec
1674 3579 1998 3636 charitatem
2036 3579 2137 3633 ha-

575 3675 718 3738 bete,
751 3687 873 3742 quas
908 3677 994 3726 est
1016 3669 1295 3724 vinculum
1326 3669 1707 3739 perfectionis.
1742 3688 1760 3721 ι

639 3761 1110 3829 Quemadmodum
1144 3769 1366 3815 veterem
1417 3760 1678 3814 hominem
1708 3760 1864 3824 dicit,
1900 3762 2145 3830 pravita-

577 3863 684 3909 tem
718 3868 838 3924 quze
866 3853 1023 3908 nobis
1053 3866 1120 3906 ex
1169 3852 1324 3922 lapsu
1354 3852 1577 3914 accidit,
1607 3851 1689 3906 sic
1718 3864 1773 3907 et
1805 3866 2012 3907 novum
2043 3868 2143 3905 vo-

577 3952 688 4008 cat,
729 3958 849 3998 eam
897 3942 1023 3996 vita:
1058 3938 1352 4002 rationem,
1381 3955 1506 4009 quae
1549 3942 1622 3995 sit
1660 3940 1966 3995 secundum
1988 3940 2149 3995 Chri-

578 4043 760 4102 stum;
792 4048 895 4104 qua
930 4032 988 4087 lit
1019 4042 1077 4086 ut
1109 4046 1300 4086 omnes
1351 4030 1559 4086 Christi
1604 4033 1718 4087 sint
1775 4032 2147 4096 aemulatores,

580 4126 696 4182 sive
724 4124 850 4195 quis
878 4121 1099 4179 Iudaeus
1129 4122 1382 4190 exsistat,
1438 4124 1554 4178 sive
1585 4123 1831 4187 Graecus,
1859 4123 1974 4177 sive
2011 4123 2149 4177 Bar-

581 4218 772 4281 barus,
819 4215 938 4271 sive
971 4215 1112 4270 liber
1147 4232 1161 4268 :
1193 4230 1334 4285 quos
1359 4229 1554 4271 omnes
1575 4214 1697 4284 ejus
1719 4214 2139 4269 similitudinem

578 4308 695 4361 vult
717 4308 1044 4376 exprimere.

658 4394 822 4450 Vsus.
874 4394 1057 4450 45-25.
1089 4413 1108 4446 ι
1138 4396 1217 4450 Ex
1247 4411 1351 4466 pax
1385 4394 1485 4450 Dei
1518 4396 1755 4451 exsultet
1797 4396 1851 4449 in
1883 4393 2152 4451 cordibus

2244 3212 2529 3281 σπλάγχνα
2555 3210 2866 3282 οἰκτιρμοῦ,
2889 3211 3258 3281 χρηστότητα,
3281 3213 3782 3280 ταπεινοφροσύνην,
3842 3256 3844 3285 ε

2242 3304 2543 3373 πραότητα,
2578 3302 2976 3373 μακροθυμίαν,
3035 3301 3356 3371 ἀνεχόμενοι
3430 3301 3785 3371 summm

2241 3397 2588 3467 χαριζόμενοι
2628 3396 2861 3459 ἑαυτοῖς,
2900 3394 2994 3449 ὲάν
3034 3411 3120 3457 τις
3172 3394 3310 3465 πρός
3352 3410 3479 3446 τινα
3530 3392 3630 3464 ἔχῃ
3675 3408 3785 3461 pop-

2244 3487 2369 3559 φὴν.
2402 3486 2585 3550 καθὼς
2642 3486 2791 3539 καὶὸ
2823 3485 3061 3556 Χριστὸς
3122 3486 3419 3556 ἐχαρίσατο
3469 3485 3624 3553 ὑμῖν,
3674 3482 3787 3536 οὕτω
3842 3470 3844 3475 ’

2244 3581 2340 3635 καὶ
2366 3582 2542 3651 ὑμεῖς.
2581 3580 2701 3632 Ἐπὶ
2763 3579 2899 3632 πᾶσι
2914 3578 2972 3632 δὲ
2999 3578 3208 3641 τούτοις
3256 3578 3359 3650 τὴν
3408 3578 3652 3647 ἀγάπην,
3691 3577 3787 3644 ἥτις

2244 3671 2362 3724 ἐστὶ
2397 3669 2692 3740 σύνδεσμος
2723 3668 2821 3739 τῆς
2849 3667 3210 3739 τελειότητος.
3238 3686 3257 3719 ι

2321 3762 2530 3835 ’Ὠσπερ
2557 3761 2813 3817 παλαιὸν
2836 3760 3174 3829 ἄνθρωπον,
3208 3759 3309 3830 τὴν
3347 3759 3616 3830 πονηρίαν
3640 3761 3787 3813 ἐπειδη

2246 3855 2508 3909 ελθοῦσαν
2538 3857 2667 3925 ἡμῖν
2706 3856 2771 3907 ὲκ
2803 3852 2905 3923 τῆς
2933 3851 3195 3916 πτώσεως
3232 3851 3405 3919 λέγει,
3435 3852 3580 3904 οὕτω
3616 3850 3785 3907 καινὴν,

2247 3944 2347 4015 τὴν
2377 3942 2521 3997 κατὰ
2565 3941 2801 4013 Χριστὸν
2847 3940 3146 4006 πολιτείαν,
3170 3940 3246 4004 ὼς
3277 3941 3490 4001 πάντας
3538 3936 3673 3993 εἶναι
3723 3956 3788 4004 μου

2257 4034 2434 4106 μητάς
2465 4032 2725 4106 Χριστοῦ,
2750 4030 2889 4086 καθὸ
2912 4032 3008 4085 καὶ
3034 4032 3091 4085 tv
3106 4030 3342 4101 Ἰουδαίῳ
3359 4072 3375 4097 ,
3406 4030 3505 4084 καὶ
3524 4031 3584 4083 tv
3604 4029 3786 4095 Ἕλληνι

2254 4129 2349 4181 καὶ
2380 4125 2675 4197 Βαρϐἁρῳ,
2721 4124 2817 4177 καί
2858 4127 2916 4177 tv
2936 4123 3128 4194 δούλῳ,
3157 4123 3251 4186 οὓς
3292 4122 3614 4194 ὁμοιώματα
3655 4119 3785 4175 αὑτοῦ

2252 4220 2462 4280 πάντας
2487 4216 2629 4270 θέλει
2655 4215 2929 4285 γενέσθαι.

2353 4418 2371 4451 ι
2413 4400 2521 4453 Καὶ
2555 4400 2588 4469 ἡ
2619 4399 2808 4469 εἰρήνη
2829 4396 2925 4451 τοῦ
2949 4395 3084 4449 Θεοῦ
3114 4394 3433 4466 βραϐευέτω
3456 4396 3515 4448 tv
3532 4397 3649 4457 ταῖς
3688 4407 3791 4457 κειρ-

584 4489 803 4553 vestris,
861 4487 916 4544 in
950 4503 1058 4558 qua
1091 4496 1146 4543 et
1178 4489 1357 4543 vocati
1374 4489 1509 4544 estis
1543 4489 1598 4543 in
1631 4503 1743 4543 uno
1769 4503 2033 4558 corpore,
2091 4497 2133 4543 et

2250 4492 2390 4554 δίαις
2442 4490 2617 4561 ὑμῶν,
2673 4491 2757 4553 εἰς
2792 4491 2860 4561 ἢν
2904 4487 3175 4559 ἐκλήθητε
3208 4489 3268 4539 tv
3298 4487 3380 4539 ἐνὶ
3448 4488 3670 4556 σώματι,
3718 4482 3790 4533 καὶ

584 4579 721 4646 grati
789 4585 985 4633 estote.
1042 4576 1286 4632 Verbum
1336 4577 1544 4634 Christi
1609 4578 1822 4631 habitet
1890 4578 1946 4631 in
1998 4577 2153 4632 vobis

586 4667 935 4723 abundanter
960 4670 1013 4723 in
1032 4668 1183 4723 omni
1215 4668 1506 4739 sapientia,
1543 4668 1813 4723 docentes
1830 4678 1887 4723 et
1906 4682 2151 4723 commo-

587 4767 782 4815 nentes
816 4761 1208 4829 vosmetipsos,
1274 4759 1529 4829 psalmis,
1557 4759 1801 4828 hymnis,
1831 4768 1887 4812 et
1915 4758 2151 4813 canticis

589 4849 990 4917 spiritualibus,
1031 4850 1085 4902 in
1120 4849 1299 4919 gratia
1339 4855 1629 4905 cantantes
1682 4848 1737 4901 in
1765 4846 1934 4902 corde
1967 4857 2156 4903 vestro

590 4937 842 4993 Domino.
870 4938 936 4994 Et
973 4954 1134 4994 omne
1161 4940 1532 5011 quodcunque
1565 4939 1750 4994 facitis
1790 4940 1853 5009 in
1875 4939 2073 5003 verbo,
2103 4946 2159 4993 et

591 5033 646 5087 in
712 5048 895 5103 opere,
947 5032 1131 5087 omnia
1180 5033 1235 5087 in
1272 5035 1494 5089 nomine
1534 5031 2159 5103 DominiJesu,gratias

2255 4578 2566 4648 εὐχάριστοι
2598 4576 2836 4645 γίνεσθε.
2884 4575 2943 4628 ’0
2960 4576 3117 4643 λόγος
3155 4573 3250 4626 τοῦ
3284 4574 3528 4645 Χριστοῦ
3556 4572 3790 4628 ἐνοικείτω
3842 4634 3844 4637 ι

2255 4669 2314 4722 ἐν
2338 4668 2466 4738 ὑμῖν
2495 4667 2764 4731 πλουσίως
2785 4670 2841 4720 tv
2868 4668 3019 4739 πάσῃ
3072 4666 3257 4735 σοφίᾳ.
3310 4666 3667 4727 διδάσκοντες,
3720 4666 3790 4715 καὶ

2257 4759 2642 4822 νουθετοῦντες
2673 4760 2921 4823 ἑαυτοὺς,
2962 4757 3219 4829 ψαλμοῖς,
3270 4757 3610 4827 καὶ-νῦμνοὶς,
3638 4753 3789 4819 υἱῲ-

2257 4854 2372 4916 δαῖς
2400 4853 2821 4922 πνευματικαῖς,
2876 4852 2933 4903 ἐν
2974 4851 3157 4921 χάριτι
3197 4850 3417 4920 ᾅδοντες
3446 4851 3505 4903 tv
3536 4852 3599 4920 τῇ
3633 4845 3792 4916 καρδίᾳ

2260 4942 2413 5014 ὑμῶν
2441 4942 2520 5012 τῷ
2549 4941 2759 5012 Κυρίῳ.
2784 4941 2890 4992 Καὶ
2937 4942 3045 4992 πᾶν
3091 4941 3118 4992 ὃ
3152 4956 3203 4992 τι
3256 4938 3321 4991 ἂν
3361 4940 3558 5007 ποιῆτε
3578 4941 3630 4989 tv
3656 4936 3790 4999 λόγῳ.

2260 5036 2293 5107 ἢ
2322 5036 2380 5088 tv
2402 5034 2571 5105 ἔργῳ,
2621 5034 2802 5087 πάντα
2832 5034 2890 5086 tv
2915 5032 3140 5104 ὀνόματι
3191 5031 3403 5101 Κυρίου
3449 5029 3635 5101 Ἰησοῦ,
3664 5028 3792 5091 εὐχα-

592 5132 816 5193 agentes
866 5122 975 5177 Deo
995 5131 1049 5176 et
1080 5122 1226 5177 Patri
1254 5140 1347 5193 per
1375 5125 1579 5194 ipsum.
1608 5123 1886 5189 Mulieres,
1929 5123 2133 5177 subdita

2265 5123 2575 5195 ριστοῦντες
2594 5123 2670 5193 τῷ
2691 5122 2810 5193 Θεῷ
2839 5123 2936 5176 καὶ
2960 5122 3136 5191 Πατρ“ι
3164 5121 3231 5174 δι’
3259 5122 3447 5175 αὐτοῦ.
3472 5124 3536 5175 Αἰ
3559 5120 3793 5189 γυναῖκες.

593 5222 769 5269 estote
793 5214 925 5269 viris
955 5215 1186 5280 vestris,
1210 5214 1353 5270 sicut
1380 5221 1618 5283 oportet,
1654 5214 1711 5268 in
1744 5212 2133 5269 Domino.Viri

2265 5216 2633 5271 ὑποτάσσεσθε
2668 5219 2782 5279 τοῖς
2811 5216 2961 5281 ἰδίοις
3005 5218 3253 5289 ἀνδράσι,
3287 5217 3364 5278 ὡς
3392 5217 3605 5286 ἀνῆκεν,
3628 5213 3682 5263 ὲν
3711 5211 3798 5260 Κυ-

596 5304 809 5373 diligite
854 5320 1058 5360 uxores
1110 5313 1342 5371 vestras,
1365 5313 1421 5359 et
1453 5305 1623 5359 nolite
1664 5307 1837 5360 amari
1874 5321 2000 5361 esse
2030 5306 2133 5361 illis

2270 5310 2388 5379 ρίῳ·
2413 5311 2476 5362 οἱ
2506 5309 2719 5379 ἄνδρες,
2751 5311 3001 5377 ἀγαπᾶτε
3047 5309 3148 5372 τὰς
3201 5311 3491 5375 γυναῖκας,
3530 5307 3610 5359 καὶ
3639 5302 3706 5371 μὴ
3729 5317 3799 5349 m-

601 5394 744 5459 Filii,
806 5395 1027 5451 obedite
1084 5396 1418 5461 parentibus
1470 5411 1565 5465 per
1612 5397 1818 5450 omnia.
1851 5395 1966 5452 Hoc
2020 5398 2133 5452 enir

2268 5397 2559 5469 κραίνεσθε
2606 5397 2745 5467 πρὸς
2779 5398 2972 5459 αὐτάς.
3030 5397 3111 5449 Τὰ
3162 5397 3349 5460 τέκνα,
3384 5392 3668 5448 ὑπακούετε
3710 5389 3801 5445 ταῖς

599 5484 859 5552 placitum
891 5492 975 5538 est
1004 5484 1057 5537 in
1081 5482 1579 5547 Domino.Patres,
1611 5484 1784 5539 nolite
1817 5484 1881 5539 ad
1917 5484 2133 5555 indigna

2268 5487 2484 5557 γονεῦσι
2535 5488 2677 5540 κατὰ
2740 5488 2941 5542 πάντα.
2987 5487 3158 5541 Τοῦτο
3196 5488 3307 5556 γάρ
3347 5488 3500 5539 ἐστιν
3547 5483 3799 5550 εὐάρεστον

600 5574 804 5628 tionem
866 5589 1162 5642 provocare
1214 5576 1358 5630 filios
1387 5582 1628 5635 vestros,
1695 5584 1757 5628 ut
1807 5592 1918 5630 non
1967 5577 2128 5646 pusill

2271 5584 2328 5634 ὲν
2363 5580 2571 5652 Κυρίῳ.
2602 5583 2663 5633 Ui
2700 5579 2955 5651 πατέρες,
2986 5580 3061 5649 μὴ
3085 5578 3360 5649 ἐρεθίζετε
3392 5578 3458 5629 τά
3478 5576 3628 5628 τέκνα
3650 5568 3799 5639 ὑμῶν.

602 5665 786 5719 animo
833 5664 978 5721 ﬁant.
1036 5666 1214 5732 Servi,
1277 5667 1494 5723 obedite
1526 5683 1623 5738 per
1680 5669 1867 5722 omnia
1923 5669 2133 5722 domini

2271 5671 2355 5723 ἵνα
2386 5670 2460 5740 μὴ
2485 5670 2789 5740 ἀθυμῶσιν.
2823 5672 2887 5723 Οἰ
2930 5669 3125 5734 δοῦλοι,
3151 5668 3454 5723 ὑπακούετε
3494 5664 3622 5719 κατὰ
3652 5662 3801 5712 πάντα

604 5756 943 5821 carnalibus,
980 5772 1088 5813 non
1123 5759 1189 5813 ad
1238 5759 1460 5815 oculum
1519 5760 1843 5826 servientes,
1877 5760 2039 5829 quasi
2071 5761 2133 5813 hu

2273 5767 2382 5825 τοῖς
2415 5761 2557 5817 κατὰ
2584 5763 2763 5834 σάρκα
2798 5763 3024 5833 κυρίοις,
3058 5762 3133 5833 μὴ
3179 5764 3236 5816 ὲν
3262 5754 3719 5830 ὀφθαλμοδουλείξ,
3742 5750 3802 5806 ὡς
