4022 6418
138 364 225 430 901

1170 358 1251 418 IN
1294 357 1534 420 EPIST.
1576 353 1675 413 AD
1708 345 2240 411 COLOSSENSES.

3284 358 3389 422 902

136 476 607 548 ἀνθρωπάρεσκοι,
636 474 753 530 ἀλλ’
779 474 837 527 ὲν
870 474 1139 543 ἁπλότητι
1162 471 1409 543 καρδίας,
1446 466 1718 539 φοϐούμε-

1833 465 2063 521 minibus
2113 466 2411 536 placentes,
2444 464 2540 520 sed
2568 467 2627 521 in
2676 468 3037 539 simplicitate
3079 471 3288 537 cordis,
3322 477 3392 527 ti-

136 588 209 623 νοι
233 569 328 621 τὸν
367 567 523 622 Θεόν.
567 567 677 621 Καὶ
708 566 817 620 πᾶν
870 565 900 619 ὅ
951 582 1003 618 τι
1055 564 1151 618 ἐὰν
1179 566 1395 632 ποιῆτε,
1431 563 1495 613 ὲκ
1537 558 1716 629 ψυχῆς

135 660 450 730 ἐργάζεσθε,
479 658 556 721 ὡς
583 656 662 727 τῷ
696 657 907 728 Κυρίῳ.
958 656 1053 710 καὶ
1101 655 1201 708 οὐκ
1253 652 1587 724 ἀνθρώποις.
1635 652 1713 703 εί-

133 754 279 815 δότες
304 753 386 805 ὃτι
425 749 535 803 ἀπὸ
579 747 790 819 Κυρίου
817 746 1057 816 λήψεσθε
1089 744 1189 816 τὴν
1224 742 1586 797 ἀνταπόδοσιν
1616 740 1716 808 τῆς

134 841 535 914 κληρονομίας·
586 840 666 911 τῷ
706 838 818 911 γὰρ
878 838 1073 909 Κυρίῳ
1124 836 1347 908 Χριστῷ
1410 833 1711 889 δουλεύετε.

145 935 200 987 '0
242 932 303 986 δὲ
350 930 576 992 ἀδικῶν,
623 932 898 1001 κομιεῖται
944 928 973 981 ὃ
1005 928 1257 999 ἠδίκησε,
1304 927 1401 979 καὶ
1442 926 1542 979 οὐκ
1598 923 1714 976 ἔστι

137 1020 585 1093 προσωποληψία.
613 1038 633 1072 ι

739 1152 994 1205 ΚΕΦΔΛ.
1028 1154 1102 1206 A'.

198 1290 263 1344 Ol.
292 1288 495 1360 κύριοι,
518 1286 581 1341 τὸ
612 1286 825 1339 δίκαιον
854 1286 950 1338 καὶ
986 1284 1084 1355 τὴν
1118 1283 1339 1353 ἰσότητα
1371 1283 1483 1343 τοῖς
1503 1278 1713 1342 δούλοις

134 1380 473 1451 παρέχεσθε,
504 1380 730 1444 εἰδότες,
757 1378 840 1431 ὅτι
876 1377 973 1430 καὶ
1020 1376 1186 1445 ὑμεῖς
1234 1374 1389 1444 ἔχετε
1417 1372 1624 1443 Κύριον
1653 1373 1712 1425 ὲν

132 1474 408 1544 οὐρανοῖς.
477 1472 556 1542 Τῇ
612 1473 897 1543 προσευχῇ
958 1468 1447 1542 προσκαρτερεῖτε,
1509 1478 1714 1534 γρηγο-

136 1565 356 1635 ροῦντες
389 1566 444 1619 ὲν
478 1565 619 1635 αὐτῇ
650 1567 706 1617 ὲν
736 1562 1085 1633 εὐχαριστίᾳ,
1112 1562 1553 1632 προσευχόμενοι
1598 1560 1715 1629 ἅμα

133 1660 224 1713 καί
262 1657 590 1729 περίἠμῶν,
621 1656 712 1711 ἵνα
734 1659 762 1710 ό
789 1657 923 1721 Θεὸς
984 1656 1176 1730 ἀνοίξῃ
1237 1658 1371 1726 ἡμῖν
1402 1653 1575 1724 θύραν
1616 1652 1714 1708 τοῦ

133 1754 319 1817 λόγου,
358 1750 587 1820 λαλῆσαι
613 1750 675 1803 τὸ
707 1750 1011 1821 μυστήριον
1069 1748 1163 1803 τοῦ
1212 1747 1478 1820 Χριστοῦ,
1511 1746 1592 1800 διὸ
1623 1746 1718 1800 καὶ

133 1842 377 1911 δέδεμαι,
410 1840 499 1894 ἵνα
546 1840 853 1915 φανερώσω
890 1838 1043 1905 αύτδ,
1090 1839 1167 1901 ώς
1200 1839 1283 1891 δεῖ
1316 1855 1383 1909 με
1408 1837 1662 1908 λαλῆσαι.
1688 1855 1706 1888 ι

203 2017 324 2071 Καὶ
362 2016 423 2070 τὸ
448 2018 742 2087 είρηναῖον,
796 2015 981 2087 φησὶν,
1022 2016 1087 2069 ὲκ
1127 2014 1356 2087 καρδίας
1405 2014 1565 2079 ἔστω,
1620 2014 1716 2067 καλ⁸

135 2113 195 2163 ἑκ
253 2110 484 2179 καρδίας
530 2110 825 2181 κρατείτω,
858 2108 934 2180 μὴ
986 2108 1159 2177 λόγων
1209 2108 1449 2171 ἀπάταις
1500 2104 1718 2161 δοκούν-

131 2220 238 2255 των
266 2200 657 2254 ἐπιτελεῖσθαι.
693 2200 946 2252 Ἀπαιτεῖ
971 2199 1082 2271 γὰρ
1115 2198 1213 2269 τὴν
1255 2198 1343 2251 διὰ
1364 2198 1465 2268 τῆς
1488 2199 1716 2269 εἰρήνης

133 2294 332 2347 ἕνωσιν
384 2292 479 2345 τοῦ
529 2292 649 2356 ἑνὸς
707 2291 959 2362 σώματος
1020 2292 1248 2362 ἑνότης,
1312 2292 1391 2354 εἱς
1439 2290 1468 2343 ὃ
1515 2291 1718 2352 πάντες

131 2384 519 2456 ἁνειλήμμεθα
563 2383 817 2456 δυνάμει,
876 2385 1013 2455 ὅπερ
1066 2385 1185 2438 ἐστὶ
1238 2383 1395 2455 σῶμα
1451 2382 1545 2437 τοῦ
1588 2384 1720 2454 Χρι-

134 2477 288 2532 στοῦ.

290 2568 385 2621 Ἐν
420 2569 581 2639 σοφίᾳ
610 2571 967 2640 περιπατεῖτε
990 2567 1125 2638 πρὸς
1153 2568 1280 2631 τοὺς
1324 2567 1451 2635 ἔξω,
1474 2567 1565 2620 τὸν
1595 2583 1718 2621 και-

137 2658 228 2727 ρδν
288 2658 775 2729 ἐξαγοραζόμενοι.
831 2660 892 2712 'U
932 2658 1091 2727 λόγος
1158 2658 1311 2729 ὑμῶν
1377 2658 1611 2712 πάντοτε
1663 2660 1722 2712 ὲν

133 2750 323 2819 χάριτι
355 2788 371 2812 ,
416 2748 579 2802 ἆλατι
632 2749 969 2819 ἠρτυμένος,
1027 2747 1224 2802 εἰδέναι
1287 2748 1405 2812 πῶς
1449 2748 1530 2801 δεῖ
1579 2748 1721 2818 ὑμᾶς

135 2840 217 2892 ἑνὶ
236 2840 461 2909 ἑκάστῳ
486 2840 900 2910 ἀποκρίνεσθαι.
934 2839 1015 2893 Τὰ
1056 2841 1179 2893 κατ’
1230 2839 1347 2910 ἐμὲ
1370 2840 1552 2891 πάντα
1579 2855 1722 2905 γνω-

136 2930 283 2999 ρίσει
329 2930 481 2999 ὑμῖν.
511 2948 531 2982 ι

211 3021 331 3090 Τὴν
390 3018 771 3092 συνδιατριὸὴν
833 3018 941 3072 τῶν
1008 3017 1255 3071 ἀπίστων
1305 3016 1530 3087 φιλικὴν
1583 3012 1723 3070 εἶναι

1823 563 2039 609 mentes
2075 554 2269 610 Deum.
2303 555 2691 627 Quodcunque
2726 557 2933 623 facitis,
2957 575 3021 615 ex
3047 561 3233 614 animo
3264 577 3391 632 ope-

1819 647 2044 710 ramini,
2079 647 2227 701 sicut
2250 647 2504 713 Domitio,
2538 656 2592 703 et
2625 664 2735 704 non
2764 650 3118 718 hominibus;
3151 653 3391 708 scientes

1818 740 1963 809 quod
2000 754 2030 793 ιι
2063 739 2293 794 Domino
2322 741 2608 810 accipietis
2638 741 3062 796 retributionem
3095 742 3385 797 haeredita-

1818 833 1890 887 tis
1923 849 1937 886 :
1980 846 2104 886 nam
2168 830 2400 886 Domino
2430 832 2654 888 Christo
2678 833 2918 888 servitis.
2951 832 3055 899 Qui
3080 845 3259 888 autem
3288 835 3394 887 ini-

1820 939 1965 993 quus
1990 932 2093 987 est,
2126 923 2355 993 recipiet
2377 924 2429 985 id
2467 925 2613 994 quod
2644 924 2828 995 inique
2851 925 3019 994 gessit
3045 940 3058 976 :
3087 935 3140 980 et
3171 940 3279 981 non
3312 933 3397 980 est

1821 1028 2188 1085 personarum
2218 1014 2468 1085 acceptio
2493 1016 2638 1086 apud
2669 1014 2858 1071 Deum.
2904 1035 2924 1068 ι

2458 1149 2613 1206 CAP.
2646 1148 2733 1208 IV.

1897 1284 2060 1342 Vsus.
2103 1288 2154 1351 1,
2180 1287 2233 1341 4.
2285 1308 2303 1340 ι
2334 1287 2572 1353 Domini,
2591 1286 2966 1357 quodjustum
2982 1294 3067 1343 est
3096 1294 3149 1342 et
3177 1302 3394 1357 aequum

1821 1382 1999 1437 servis
2056 1387 2349 1450 praastate;
2387 1380 2628 1435 scientes
2684 1378 2828 1448 quod
2893 1387 2947 1433 et
2976 1395 3073 1433 vos
3104 1378 3394 1433 Dominum

1822 1472 2039 1527 habetis
2071 1472 2124 1525 in
2159 1472 2338 1527 caelis.
2370 1470 2624 1525 Orationi
2661 1470 2885 1531 instate,
2922 1470 3213 1539 vigilantes
3252 1470 3306 1524 in
3332 1485 3397 1523 ca

1822 1563 1875 1617 in
1904 1564 2207 1633 gratiarum
2240 1561 2461 1617 actione
2486 1580 2501 1615 :
2530 1568 2756 1615 orantes
2787 1561 2949 1615 simul
2979 1570 3034 1616 et
3081 1577 3179 1631 pro
3209 1561 3393 1626 nobis,

1821 1664 1882 1710 ut
1910 1655 2057 1710 Deus
2089 1653 2298 1724 aperiat
2328 1654 2488 1709 nobis
2526 1654 2730 1707 ostium
2757 1653 3055 1717 sermonis,
3080 1653 3144 1707 ad
3175 1653 3402 1722 loquen-

1823 1748 1952 1803 dum
1992 1748 2312 1818 mysterium
2362 1746 2568 1801 Christi
2618 1746 2883 1817 (propter
2920 1745 3066 1814 quod
3089 1745 3252 1797 etiam
3282 1744 3403 1797 viu-

1822 1847 1947 1893 ctus
1968 1837 2138 1909 sum),
2175 1844 2236 1892 ut
2266 1836 2616 1892 manifestem
2650 1836 2807 1902 illud,
2839 1836 2915 1891 ita
2960 1847 3019 1889 ut
3051 1842 3270 1905 oportet
3314 1849 3403 1889 me

1825 1932 2001 2000 loqui.
2044 1950 2063 1984 ι

1899 2024 1972 2078 lis
2022 2038 2145 2093 quae
2178 2029 2309 2077 sunt
2341 2021 2516 2091 pacis,
2548 2019 2752 2089 inquit,
2780 2033 2847 2073 ex
2878 2019 3063 2072 animo
3086 2016 3405 2081 studeatur,

1830 2130 2009 2184 eaque
2055 2130 2119 2170 ex
2174 2113 2387 2168 intimis
2439 2111 2900 2174 corroborentur,
2936 2123 3111 2179 neque
3169 2108 3405 2163 fallaciis

1825 2209 2119 2261 verborum
2141 2205 2331 2275 specie
2364 2212 2529 2259 tenus
2555 2210 2911 2273 praestentur.
2944 2198 3403 2268 Coujunctionem

1825 2301 1969 2355 enim
1998 2312 2120 2368 quae
2157 2312 2290 2366 pace
2323 2295 2631 2357 sanciatur,
2668 2290 2912 2362 postulat
2942 2291 3130 2345 unitas
3149 2288 3406 2359 corporis

1826 2391 2013 2451 unius,
2051 2388 2104 2441 in
2154 2386 2327 2457 quod‘
2354 2399 2551 2439 omnes
2601 2383 2804 2437 virtute
2841 2379 3112 2449 assumpti
3153 2392 3351 2434 sumus
3390 2398 3402 2431 :

1829 2483 2041 2549 hocque
2081 2487 2168 2535 est
2192 2492 2399 2547 corpus
2430 2475 2662 2531 Christi.

1904 2572 2069 2627 Vsus.
2122 2569 2241 2624 5-7.
2284 2586 2302 2619 ι
2342 2568 2400 2621 In
2459 2564 2729 2635 sapientia
2768 2560 3043 2616 ambulate
3085 2557 3153 2612 ad
3186 2570 3282 2611 eos
3314 2554 3409 2624 qui

1829 2663 1964 2718 foris
1997 2670 2147 2726 sunt,
2178 2671 2393 2730 tempus
2425 2658 2775 2712 redimentes.
2821 2652 3018 2708 Sermo
3050 2656 3234 2705 vester
3256 2662 3404 2702 sem-

1830 2772 1927 2826 per
1957 2755 2010 2808 iu
2040 2752 2219 2825 gratia
2247 2751 2365 2806 sale
2392 2748 2467 2804 sit
2490 2748 2772 2809 conditus,
2808 2750 2868 2797 ut
2904 2740 3095 2797 sciatis
3123 2738 3409 2807 ιιιιοιιιοιιο

1829 2854 2083 2918 oporteat
2106 2859 2209 2900 vos
2237 2830 2547 2910 unicuique
2582 2836 2941 2907 respondere.
2977 2832 3111 2900 Quae
3142 2832 3295 2886 circa
3325 2842 3411 2884 me

1832 2951 1980 3004 sunt,
2021 2937 2205 2993 omnia
2235 2935 2396 2991 vobis
2432 2939 2560 2987 nota
2604 2930 2793 2985 faciet.
2828 2947 2846 2980 ι

1904 3030 2034 3085 Vult
2096 3037 2156 3084 ut
2187 3043 2311 3083 cum
2384 3023 2706 3080 inﬁdelibus
2741 3020 2922 3074 amice
2974 3029 3408 3077 commoremur,

135 3111 396 3180 βούλεται
422 3112 588 3183 μέχρι
623 3111 722 3182 τῆς
744 3113 929 3182 κοινῆς
960 3110 1169 3181 ταύτης
1200 3108 1407 3178 φιλίας.
1440 3109 1587 3172 Ἕως
1616 3110 1725 3180 γὰρ

1833 3121 2116 3179 communi
2174 3121 2279 3173 hac
2337 3112 2767 3170 amicitia.Nam
2825 3110 3072 3181 quandiu
3101 3122 3226 3162 cum
3254 3106 3407 3176 ejus-

136 3204 416 3274 σύνεσμεν
472 3205 584 3266 τοῖς
641 3203 937 3268 τοιούτοις,
982 3201 1275 3274 εἰρηνικῶς
1336 3204 1575 3255 συνεῖναι
1615 3202 1723 3267 δεῖ,

136 3297 333 3367 ἐπειδὴ
351 3295 493 3366 μετὰ
516 3294 674 3349 τοῦτο
702 3295 858 3349 ἔσται
884 3293 949 3348 τό
966 3310 980 3325 ·
1001 3293 1164 3350 Κατὰ
1187 3294 1382 3363 μόνας
1412 3292 1504 3346 ἐπ’
1528 3292 1730 3347 ἐλπίδι

134 3386 507 3455 κατῴκησάς
528 3404 627 3456 με.

209 3497 231 3531 ι
273 3478 539 3549 Τυχικὸς,
571 3481 600 3532 ὁ
636 3479 919 3551 ἀγαπητὸς
955 3481 1206 3550 ἀδελφὸς,
1239 3482 1335 3535 καλ⁵
1371 3482 1562 3546 πιστὸς
1611 3480 1729 3535 διά-

133 3587 338 3635 κονος,
396 3570 489 3625 καὶ
525 3569 810 3635 σύνδουλος
866 3574 923 3625 ὲν
966 3573 1190 3643 Κυρίῳ,
1233 3573 1293 3626 ὃν
1318 3572 1546 3644 ἔπεμψα
1593 3573 1731 3644 πρὸς

135 3664 290 3734 ὑμᾶς
318 3662 429 3727 ,εἰς
484 3663 619 3717 αὐτὸ
672 3661 852 3730 τοῦτο,
916 3664 1004 3717 ἵνα
1046 3664 1161 3735 γνῷ
1194 3682 1255 3717 τε
1292 3665 1361 3718 τὰ
1390 3666 1520 3736 περῖ⁹
1553 3664 1729 3734 ὑμῶν.

131 3755 236 3813 καὶ
268 3755 642 3828 παρακαλέσῃ
685 3756 785 3821 τὰς
825 3756 1053 3828 καρδίας
1094 3758 1249 3829 ὑμῶν
1310 3760 1408 3812 σὺν
1451 3758 1733 3829 Ὀνησίμῳ

130 3846 215 3917 τῷ
257 3845 445 3917 πιστῷ
494 3849 589 3901 καὶ
635 3849 910 3920 ἀγαπητῷ
965 3849 1202 3921 ἀδελφῷ,
1222 3851 1280 3914 ὃς
1304 3852 1454 3904 ἔστιν
1476 3850 1535 3915 ἐξ
1555 3851 1731 3921 ὑμῶν.

132 3938 338 3991 Πάντα
370 3936 502 4007 ὑμῖν
534 3938 948 4009 γνωρίσουσιτὰ
970 3934 1095 3997 ὧδε.
1133 3941 1465 4006 Ἀσπάζεται
1495 3941 1666 4012 ὑμᾶς.
1710 3961 1728 3996 ι

226 4108 493 4176 ’Δσιανὺς
524 4111 665 4183 ἀνὴρ
693 4113 980 4168 ἀπολιπὼν
1032 4116 1134 4187 τὴν
1172 4117 1431 4188 πατρίδα,
1489 4119 1581 4172 καὶ
1615 4120 1737 4172 duco.

128 4207 359 4262 1000ch
392 4207 471 4279 τῷ
503 4208 833 4282 Ἀποστόλῳ.
867 4210 959 4263 Διὸ
983 4212 1075 4264 καὶ
1102 4212 1416 4281 ἀγαπητὸν
1440 4213 1734 4283 ἀδελφὸν,

126 4302 238 4355 καὶ
269 4300 500 4354 πιστὸν
535 4300 844 4367 διάκονον,
911 4303 1009 4357 καὶ
1059 4303 1410 4358 σύνδουλον
1439 4304 1510 4357 ἐν
1538 4305 1737 4374 Κυρίῳ

126 4394 328 4458 καλεῖ,
364 4395 463 4446 καὶ
484 4393 873 4464 διδασκαλικῆς
927 4394 1149 4466 χάριτος
1200 4397 1557 4468 τετυχηκότα.
1619 4399 1738 4451 Δεί-

1831 3214 1981 3269 modi
2043 3211 2362 3267 hominibus
2422 3221 2732 3270 versamur,
2786 3201 3017 3273 paeitice
3081 3215 3182 3254 nos
3245 3212 3412 3269 agere

1831 3313 2087 3377 oportet:
2119 3304 2358 3373 posthac
2389 3299 2538 3355 enim
2596 3298 2689 3352 ﬁet
2741 3293 2917 3349 illud:
2964 3290 3323 3362 Singulariter
3356 3290 3414 3343 in

1833 3415 1921 3468 spe
1948 3397 2273 3452 constituisti
2302 3410 2381 3448 me
2408 3394 2475 3445 ⁷³.

1910 3507 1928 3540 ι
1954 3487 2250 3559 Tychicus,
2304 3480 2670 3537 charissimus
2704 3477 2898 3542 frater,
2945 3484 3001 3531 et
3035 3474 3210 3530 fidelis
3241 3472 3411 3527 mini-

1835 3589 1951 3637 ster
1984 3586 2039 3633 et
2080 3589 2387 3631 conservus
2423 3574 2478 3626 in
2507 3570 2736 3625 Domino
2764 3586 2779 3632 ;
2808 3568 3015 3639 [Vt-ms.
3051 3564 3220 3637 8-l0]
3249 3579 3410 3635 quem

1834 3671 1960 3728 misi
1989 3670 2054 3723 ad
2087 3683 2188 3723 vos
2218 3666 2284 3721 ad
2316 3667 2420 3720 hoc
2454 3665 2658 3734 ipsum,
2693 3670 2752 3715 ut
2784 3666 3088 3730 cognoscat
3120 3673 3241 3728 quae
3262 3656 3411 3710 circa

1833 3782 1933 3820 vos
1991 3770 2144 3826 sunt,
2180 3758 2345 3830 214
2386 3765 2441 3811 et
2465 3755 2789 3810 consoletur
2818 3752 2988 3807 corda
3034 3757 3217 3805 vestra
3285 3761 3411 3803 cum

1835 3856 2098 3914 Onesimo
2132 3852 2276 3908 ttdeli
2311 3858 2367 3905 et
2409 3846 2740 3904 charissimo
2771 3844 2963 3906 fratre,
3005 3842 3100 3912 qui
3137 3856 3205 3896 ex
3260 3840 3415 3895 vobis

1835 3960 1938 4008 est.
1974 3947 2171 4005 Omnia
2225 3960 2346 4015 ιιιιςῐξ
2401 3942 2490 3997 hic
2521 3951 2781 4012 aguntur,
2820 3946 2949 3993 nota
2986 3935 3191 3990 facient
3230 3933 3410 3989 vobis.

1835 4044 2049 4100 Salutat
2082 4055 2203 4094 vos.
2238 4056 2257 4089 ι

1909 4131 2006 4185 Vir
2064 4128 2366 4189 Asiaticus,
2427 4124 2520 4194 qui
2565 4123 2754 4177 relicta
2806 4119 3006 4190 patria,
3050 4127 3417 4173 secutuserat

1836 4224 2178 4295 Apostolum.
2217 4218 2586 4286 Quamobrem
2618 4215 2769 4268 illum
2813 4223 2868 4267 et
2902 4211 3273 4265 citatissimum
3299 4209 3417 4277 {ra-

1840 4330 1992 4379 trem,
2024 4324 2071 4371 et
2101 4313 2307 4385 ﬁdelem
2338 4312 2666 4371 ministrum,
2691 4316 2738 4361 et
2767 4321 3071 4360 conservum
3098 4303 3155 4357 in
3184 4301 3416 4356 Doitu'no
3514 4316 3519 4321 ‘

1840 4404 2096 4474 appellat,
2141 4416 2356 4456 necnon
2403 4397 2634 4454 docendi
2666 4395 2839 4467 gratia
2881 4403 3158 4448 ornatum.
3198 4390 3419 4462 Signiﬁ-

127 4503 345 4539 κνυσιν
400 4485 495 4538 ἐπὶ
544 4488 891 4557 παρακλήσει
931 4486 1039 4539 τῶν
1074 4488 1412 4559 Ἐκκλησιῶν
1467 4491 1725 4543 ἀποστέλ-

1846 4505 1931 4551 eat
1959 4510 2019 4551 se
2051 4495 2224 4554 illum,
2260 4491 2526 4546 Ecclesiis
2560 4490 2611 4544 id
2657 4485 3082 4558 postulantibus,
3115 4482 3285 4538 Roma
3315 4483 3416 4536 mi-

123 4578 248 4632 λων
284 4577 460 4632 αὐτὸν
517 4577 626 4631 ἀπὸ
672 4579 772 4647 τῆς
814 4578 1030 4649 Ῥώμης
1084 4581 1180 4632 σὺν
1223 4580 1498 4652 Ὀνησίμῳ
1540 4582 1733 4653 πολίτῃ

130 4668 513 4722 Κολοσσαέων
544 4669 681 4731 ὄντι,
712 4670 807 4723 καὶ
836 4670 1054 4733 οἰκείως
1085 4670 1223 4740 πρὸς
1279 4672 1405 4736 τοὺς
1446 4672 1737 4739 Ἰουδαίους

125 4758 641 4828 ἁποστελλομένῳ.

207 4868 230 4901 ι
292 4850 664 4921 ’Δρίσταρχος
692 4851 721 4903 ό
752 4851 1198 4921 συναιχμάλωτός
1234 4869 1359 4922 μου.
1383 4870 1401 4903 ι

203 4935 403 5003 Οὗτός
450 4942 601 4993 ἐστιν
630 4943 657 4994 ό
686 4941 752 4995 ἐκ
792 4945 892 5013 τῆς
943 4943 1353 5013 Θεσσαλονίκης
1422 4947 1741 5018 συναπάρας

122 5032 210 5103 τῷ
238 5030 478 5101 Παύλῳ.
524 5032 678 5085 Ἐπεὶ
700 5029 794 5087 οὖν
816 5034 910 5086 καὶ
940 5032 1195 5106 δεσμώτῃ
1247 5036 1589 5105 συνεξῆλθεν,
1637 5037 1748 5092 ῶσ-

122 5140 247 5193 περ
303 5122 650 5193 αἰχμαλώτῳ
693 5124 847 5193 παρὰ
874 5127 987 5189 τοῖς
1029 5126 1237 5179 ἔθνεσιν
1293 5127 1426 5191 ὄντι,
1464 5144 1732 5198 συναιχμ

119 5215 394 5270 diutor
421 5215 596 5270 καλεῖ.

212 5411 237 5445 ε
285 5394 412 5445 Καὶ
435 5393 664 5464 Μάρκος
684 5396 905 5467 ἀνεψιὸς
964 5398 1241 5470 Βαρνάϐα,
1271 5403 1401 5468 περὶ
1429 5419 1489 5457 ου
1519 5403 1742 5459 ἐλάϐετε

120 5483 406 5549 ἐντολὰς,
438 5484 537 5538 ἐὰν
565 5486 696 5559 ἔλθῃ
722 5489 858 5560 πρὸς
915 5490 1083 5559 ὑμᾶς,
1131 5490 1362 5556 δέξασθε
1415 5495 1576 5549 αὐτόν
1601 5514 1615 5529 ·
1654 5500 1747 5551 καὶ

134 5574 384 5645 Ἰησοῦς
408 5579 436 5629 ό
463 5577 758 5651 λεγόμενος
784 5581 1039 5647 Ἰοῦστος,
1071 5584 1119 5636 οἱ
1148 5583 1301 5649 ὄντες
1323 5587 1385 5639 ὲκ
1416 5589 1739 5661 περιτομῆς.

148 5759 202 5790 ¹¹
226 5757 397 5811 Psal.
440 5776 515 5821 tv,
562 5760 644 5815 10.

1842 4590 1983 4645 sisse
2011 4601 2134 4641 cum
2166 4583 2430 4639 Onesimo
2451 4583 2801 4637 Colossarum
2832 4579 2972 4641 cive,
3013 4575 3417 4647 qui'speciatim

1841 4692 1895 4737 et
1921 4680 2170 4752 apposite
2202 4678 2268 4734 ad
2311 4673 2533 4730 Judzeos
2564 4659 2767 4728 missus
2801 4678 2940 4725 erat.

1924 4878 1942 4909 ι
1970 4857 2329 4913 Aristarchus
2357 4852 2719 4922 concaptivus
2751 4866 2926 4905 meus.
2963 4869 2980 4902 ι

1919 4946 2017 5002 Ille
2065 4949 2182 5017 ipse
2208 4944 2415 5013 estqui
2447 4941 2844 4997 Thessalonica
2876 4954 2998 4995 cum
3039 4938 3211 4994 Paulo
3241 4939 3421 4993 solve-

1850 5046 1958 5093 rat.
2019 5037 2291 5104 Quoniam
2339 5035 2506 5105 igitur
2540 5040 2653 5087 tum
2720 5032 2943 5103 quando
2999 5030 3204 5085 Paulus
3228 5040 3421 5085 catena

1848 5134 2066 5186 vinctus
2113 5134 2220 5190 est,
2255 5141 2359 5178 una
2386 5138 2510 5177 cum
2538 5122 2659 5191 ipso
2681 5138 2745 5176 ex
2780 5120 2965 5175 Judzea
3013 5128 3261 5182 venerat,
3293 5135 3423 5173 con-

1851 5223 2087 5291 captivus
2146 5218 2354 5272 idcirco
2383 5225 2634 5278 vocatur,
2670 5229 2734 5267 ac
2778 5213 2824 5268 si
2849 5211 2992 5282 apud
3032 5219 3225 5281 gentes
3249 5212 3423 5279 capti-

1852 5330 1954 5371 vus
1987 5319 2191 5383 ageret.

1927 5424 1945 5457 ι
1972 5404 2037 5458 Ει
2062 5404 2279 5458 Marcus
2306 5400 2677 5457 consobrinus
2708 5397 2990 5462 Barnabas,
3032 5395 3100 5451 de
3128 5411 3237 5466 quo
3265 5409 3422 5449 acce-

1852 5496 2013 5567 pistis
2044 5493 2302 5548 mandata
2341 5509 2355 5545 :
2401 5490 2445 5544 si
2484 5490 2698 5543 venerit
2723 5486 2790 5541 ad
2815 5502 2937 5550 vos,
2968 5485 3206 5554 excipite
3230 5484 3423 5538 ἰΙΙιιιιιι

1853 5585 2050 5659 [Vens
2087 5582 2178 5653 tt]
2215 5591 2265 5637 ct
2299 5580 2484 5643 Jesus,
2522 5578 2615 5649 qui
2649 5576 2853 5631 dicitur
2912 5574 3127 5640 Justus,
3157 5575 3246 5643 qui
3299 5581 3423 5628 sunt
