3844 6402
575 360 680 425 903

1774 355 1833 413 8.
1891 355 2144 416 ΙΟΑΝΝᾸ

2262 351 2677 418 DAMASCENI
3667 364 3737 424 ςυι

575 487 643 527 οι
668 466 1115 525 circumcisione.
1154 464 1216 520 Hi
1246 465 1349 521 soli
1382 474 1511 520 sunt
1538 464 1819 537 adjutores
1846 469 1953 523 mei
1983 469 2037 523 in
2070 484 2144 524 rc-

2262 463 2423 524 Οὗτοι
2462 472 2616 541 μόνοι
2656 471 2913 544 συνεργοὶ
2942 474 3024 536 είς
3053 475 3153 546 τὴν
3191 474 3471 545 βασιλείαν
3518 474 3597 528 τοῦ
3630 476 3737 539 Θεοῦ,

573 578 684 637 gno
713 561 832 629 Dei,
858 561 950 631 qui
979 559 1112 613 mibi
1144 559 1366 613 fuerunt
1395 557 1610 612 solatio.
1634 576 1653 609 ι

648 653 786 708 Eum
843 653 1007 706 etiam
1039 650 1133 720 qui
1166 647 1384 703 Marcus
1413 649 1504 703 hic
1530 648 1869 715 nominatur,
1906 662 2149 703 consan-

575 747 815 817 guiuilas
831 743 1091 797 Barnabaa
1104 741 1469 797 commendat.
1482 738 1616 794 Nam
1635 739 1916 795 Barnabas
1929 747 2152 794 eratno—

579 841 703 893 tior.
721 836 908 892 Jesum
928 835 1077 890 addit
1099 834 1188 903 qui
1204 842 1417 887 vocatur
1437 831 1473 884 J
1479 842 1626 886 ustus
1644 848 1662 897 ;
1680 847 1803 887 eum
1825 830 2151 895 huncfl‘orsi-

578 936 670 981 tan
704 926 889 980 tideles
914 925 988 978 ita
1027 921 1534 991 cognominassent,
1566 920 1637 974 ob
1665 920 2033 975 reverentiam
2058 936 2151 973 no-

579 1015 743 1069 minis
770 1013 1094 1068 Salvatoris.
1112 1012 1277 1082 Atqui
1302 1012 1403 1066 hos
1425 1011 1529 1066 sibi
1545 1011 1737 1066 solatio
1758 1026 1882 1065 esse
1900 1010 1999 1077 ait,
2022 1026 2147 1065 cum

578 1117 764 1161 essent
810 1120 876 1159 ex
907 1104 1349 1166 circumcisione,
1382 1112 1609 1173 propter
1636 1102 1911 1172 jacturam
1957 1104 2150 1172 utique

577 1198 966 1254 contribulium
1004 1197 1258 1251 aliorum.
1292 1195 1428 1249 Nam
1463 1196 1513 1250 ei
1542 1195 1632 1265 qui
1654 1204 1878 1266 propter
1910 1196 2034 1251 illos
2057 1194 2150 1267 qui

578 1298 828 1361 pereunt,
862 1290 1031 1360 luget,
1063 1288 1317 1344 solamini
1349 1295 1480 1344 sunt
1509 1290 1601 1357 qui
1634 1289 1771 1343 salvi
1808 1288 1963 1343 fiunt.

650 1460 815 1515 Vsus.
851 1460 939 1521 12,
998 1458 1087 1513 15.
1146 1476 1165 1509 ι
1206 1457 1419 1513 Salutat
1441 1472 1536 1513 vos
1592 1456 1897 1528 Epaphras,
1952 1458 2049 1528 qui
2081 1474 2149 1514 ex

574 1553 734 1607 vobis
781 1560 887 1613 est,
948 1564 1142 1604 servus
1176 1549 1402 1611 Christi,
1444 1564 1662 1619 semper
1721 1550 1996 1604 sollicitus
2052 1564 2149 1619 pro

574 1645 734 1698 vobis
776 1643 830 1696 in
862 1642 1228 1706 orationibus,
1282 1648 1341 1694 ut
1380 1642 1537 1696 stetis
1576 1640 1803 1711 perfecti
1833 1649 1888 1697 et
1912 1641 2057 1711 pleni
2092 1642 2146 1694 in

575 1737 725 1792 omni
755 1734 1056 1788 voluntate.
1105 1731 1504 1788 Testimonium
1539 1733 1689 1787 enim
1751 1734 1828 1787 illi
1860 1734 2145 1802 perhibeo.

578 1828 727 1898 quod
779 1827 943 1880 habet
995 1826 1169 1879 zelum
1216 1825 1445 1878 multum
1506 1839 1607 1893 pro
1641 1824 1816 1887 vobis,
1845 1833 1900 1880 et
1942 1839 2043 1895 pro
2081 1824 2149 1879 iis

577 1917 673 1987 qui
720 1923 849 1970 sunt
886 1913 1192 1978 Laodiceae,
1224 1922 1280 1968 et
1320 1914 1413 1982 qui
1443 1911 1743 1983 Hierapoli.
1785 1912 2001 1967 Salutat
2049 1928 2149 1967 vos

577 2007 758 2061 Lucas
802 2003 1050 2059 medicus
1081 2003 1470 2067 charissimus,
1501 2009 1557 2057 et
1616 2003 1839 2057 Demas.
1896 2002 2149 2059 Salutate

574 2100 776 2154 fratres
805 2097 899 2167 qui
933 2106 1063 2152 sunt
1092 2095 1394 2157 Laodiceae.
1434 2103 1491 2149 et
1522 2091 1852 2165 Nympham.
1892 2112 1911 2145 ι

645 2187 905 2243 Nonnihil
957 2186 1114 2255 juvat
1141 2185 1402 2251 aﬂinitas,
1458 2186 1575 2240 sive
1603 2184 1911 2239 secundum
1975 2199 2148 2253 genus

577 2279 669 2341 sit.
710 2280 825 2334 sive
851 2278 1152 2335 secundum
1188 2278 1445 2348 patriam,
1482 2278 1708 2346 insuper
1745 2276 1913 2330 etiam
1940 2285 1996 2332 et
2026 2291 2150 2347 quae

575 2370 876 2424 secundum
926 2368 1258 2425 doctrinam.
1309 2368 1402 2423 llis
1427 2376 1611 2422 autem
1673 2368 1932 2423 omnibus
1964 2369 2146 2424 modis

575 2457 860 2529 Epaphras
940 2460 1301 2515 Colossenses
1349 2458 1745 2530 contingebat.
1820 2458 2144 2514 Orationum

576 2551 745 2621 igitur
766 2551 1009 2607 studium
1041 2550 1414 2615 commendat,
1443 2550 1573 2606 dum
1596 2550 1792 2605 deillis
1835 2564 2148 2607 sermonem

576 2623 780 2695 habet:

652 2749 673 2782 ι
698 2732 763 2785 Ει
792 2731 983 2802 quaein
1000 2731 1165 2787 domo
1184 2732 1306 2803 ejus
1338 2741 1444 2800 est,
1470 2734 1793 2789 Ecclesiam.
1819 2732 2010 2806 [Vens
2034 2732 2149 2806 l6.}

577 2820 641 2875 Et
671 2837 795 2876 cum
826 2824 967 2879 lecta
1007 2823 1173 2880 fuerit
1204 2825 1348 2894 apud
1380 2841 1479 2882 vos
1515 2826 1763 2897 Epistola
1795 2828 1930 2891 haec,
1958 2825 2147 2891 facite,

578 2924 714 2969 utet
746 2916 799 2969 in
822 2914 1245 2972 Laodicensium
1270 2918 1505 2973 ecclesia
1542 2920 1776 2989 legatur.
1807 2937 1826 2969 ι

648 2998 1100 3072 Unamquamque
1132 3005 1298 3057 etiam
1335 3020 1433 3073 per
1469 3004 1664 3061 domos
1720 3007 2023 3064 Ecclesiaut
2047 3007 2147 3062 ad-

576 3088 853 3155 hortatur,
912 3100 973 3145 ut
1006 3093 1263 3161 pietatem
1292 3110 1422 3165 erga
1458 3097 1627 3151 Deum
1648 3126 1657 3139 ο
1680 3099 1887 3153 colant.
1917 3099 2022 3155 Ubi
2049 3099 2149 3154 do—

575 3196 720 3249 mos,
752 3184 903 3253 ipsas
929 3200 1151 3256 quoque
1176 3188 1443 3243 ecclesias
1471 3190 1727 3259 appellat.

653 3295 673 3330 ι
708 3277 777 3331 Et
797 3293 919 3333 eam
948 3295 1072 3350 quae
1098 3292 1267 3338 estex
1293 3277 1585 3350 Laodicea,
1610 3299 1710 3340 vos
1736 3286 1950 3356 legalis.
1983 3304 2003 3339 ι

645 3365 887 3423 Primam
924 3369 1219 3441 Epistulam
1260 3375 1328 3429 ad
1360 3375 1706 3432 Timotheum
1737 3377 1891 3432 dicit.
1914 3378 2147 3444 Quidam

576 3460 737 3516 aiunt
763 3477 873 3516 non
908 3463 996 3518 hic
1025 3462 1323 3535 Epistulam
1350 3467 1506 3523 innui
1552 3485 1712 3540 quam
1747 3469 1949 3525 Paulus
1977 3470 2045 3524 ad
2080 3471 2149 3524 il-

578 3550 661 3604 los
720 3552 951 3607 miserit.
982 3553 1099 3609 Non
1157 3557 1302 3611 enim
1365 3559 1463 3625 ait,
1502 3558 1569 3613 ad
1602 3560 1995 3627 Laodicenses,
2050 3561 2147 3617 sed

575 3654 696 3693 eam
731 3655 852 3709 quae
873 3639 1137 3696 Laodicea
1169 3645 1374 3714 scripta
1407 3656 1556 3702 esset
1577 3648 1645 3702 ad
1677 3647 1931 3704 Paulum.

659 3729 826 3786 Vens.
859 3731 947 3797 17,
981 3733 1070 3788 18.
1110 3753 1129 3785 ‹
1166 3735 1233 3789 Ει
1262 3736 1429 3792 dicite
1459 3738 1735 3809 Archippo
1765 3759 1778 3795 :
1818 3740 1955 3795 Vide
1979 3740 2148 3795 mini-

574 3826 805 3878 sterium
842 3823 986 3892 quod
1019 3825 1285 3895 accepisti
1309 3841 1338 3879 a
1366 3827 1617 3893 Domino,
1645 3839 1705 3885 ut
1729 3831 1863 3886 illud
1892 3831 2143 3902 impleas.

575 3917 847 3973 Salutatio
881 3931 999 3971 mea
1033 3933 1195 3972 manu
1220 3917 1395 3975 Pauli.
1435 3939 1453 3971 ι
2040 3922 2045 3927 “

644 4007 783 4061 Cum
812 4006 1210 4064 ministratoria
1233 4010 1481 4080 quedam
1515 4027 1649 4068 cura
1704 4014 1833 4070 huic
1864 4017 2026 4088 215
2059 4019 2148 4074 in-

575 4099 763 4167 juncta
791 4107 963 4161 esset,
991 4116 1115 4155 eum
1144 4104 1589 4169 commonefacit.
1633 4108 1711 4161 uti
1738 4108 2051 4177 jussionem
2080 4128 2147 4167 ac

577 4206 805 4259 pensum
856 4196 1430 4268 exsequaturzidque
1482 4200 1535 4253 in
1580 4199 1831 4267 Domino,
1883 4210 1942 4257 ut
1988 4204 2143 4269 nihil.

575 4282 694 4337 sive
718 4299 941 4347 parvum
967 4285 1060 4348 sit,
1093 4287 1211 4343 sive
1257 4305 1539 4357 magnum,
1573 4293 1731 4347 aliter
1764 4296 1880 4358 ﬁat.
1904 4296 2010 4352 nisi
2045 4313 2135 4353 se-

574 4375 815 4429 cundum
848 4375 1038 4432 Deum.

650 4482 669 4516 ι
710 4465 976 4525 Memores
1013 4479 1191 4528 estote
1221 4473 1568 4531 vinculorum
1598 4494 1867 4536 meorum.
1898 4502 1918 4536 δ

653 4556 773 4613 Non
804 4575 929 4616 eum
960 4564 1128 4633 pudet
1152 4566 1520 4633 vinculorum,
1544 4572 1676 4640 quin
1707 4584 1761 4628 et
1803 4574 1872 4631 iis
1907 4578 2148 4635 oblecta-

579 4657 668 4705 tur
691 4668 706 4716 ;
732 4667 901 4722 seque
934 4655 1114 4728 ipsum
1145 4666 1369 4729 propter
1393 4661 1485 4716 illa
1514 4666 1896 4723 recordatione
1918 4669 2144 4741 dignum

572 4741 748 4796 ducit.

648 4849 668 4882 ι
699 4832 886 4890 Gratia
912 4836 1225 4896 vobiscum.
1257 4840 1454 4897 Amen.
1482 4862 1501 4895 ι

644 4921 875 4980 Volebat
917 4928 1062 4983 enim
1100 4931 1156 4983 in
1214 4936 1533 4990 memoriam
1575 4939 1825 5007 ipsorum
1882 4954 2142 5002 revocare

571 5014 889 5071 universum
923 5033 1097 5090 genus
1143 5020 1425 5081 hominum
1488 5028 1722 5085 salutem
1754 5047 1852 5102 per
1907 5039 2137 5107 gratiam

567 5107 899 5166 obtinuisse.

638 5200 721 5254 Ad
771 5200 1104 5259 Coloneum:
1151 5205 1317 5262 Roma
1353 5213 1563 5282 scripsit
1618 5234 1710 5286 per
1771 5219 2053 5291 Tychicum
2091 5234 2141 5280 et

995 5295 1318 5356 Onesimum.
1366 5302 1553 5362 Versus
1590 5309 1715 5367 208.

2254 561 2453 626 οἵτινες
2480 564 2816 637 ἐγενήθησάν
2848 582 2939 635 μοι
2957 568 3291 639 παρηγορία,
3330 587 3351 620 ι

2331 654 2437 706 Kal
2468 656 2502 725 ἡ
2531 655 2671 726 πρὸς
2701 656 2991 726 Βαρνάϐαν
3042 660 3336 727 συγγένεια
3387 657 3637 727 συνίστησι
3678 660 3744 711 τὸν

2253 743 2658 816 ὀνομαζόμενον
2699 748 2947 819 Μάρκον.
3002 749 3430 821 Γνωριμὼτερος
3481 749 3747 818 vapula?-

2252 833 2440 898 νάϐας.
2474 835 2682 905 Ἰησοῦν
2701 836 2760 889 δὲ
2788 838 2985 907 ἐπάγει
3014 842 3125 891 τὸν
3152 839 3485 907 λεγόμενον
3516 834 3752 897 Ἰοῦστον,

2252 924 2385 988 ἴσως
2435 926 2885 996 ἐπονομαζόντων
2937 929 3102 982 αὑτὸν
3160 928 3310 982 οὕτω
3354 928 3462 981 τῶν
3517 929 3689 979 πιστῶν
3706 927 3753 978 δι’

2251 1015 2536 1069 εὐλάϐειαν
2584 1019 2685 1087 τὴν
2746 1020 2877 1089 περὶ
2902 1020 2964 1072 τὸ
2999 1018 3170 1091 ὄνομα
3225 1019 3498 1090 Σωτῆρος.
3542 1017 3624 1071 Ἐκ
3644 1035 3756 1085 περι.-

2250 1106 2424 1176 τομῆς
2450 1107 2508 1160 δὲ
2539 1108 2763 1173 τούτους
2824 1110 3003 1178 ὄντας,
3042 1112 3385 1184 παρηγορίαν
3442 1109 3609 1178 ἑαυτῷ
3639 1127 3756 1178 φησιν

2250 1194 2391 1251 εἶναι
2422 1199 2511 1253 διά
2560 1201 2660 1271 τὴν
2709 1202 2990 1257 ἀπώλειαν
3027 1204 3135 1257 τῶν
3193 1202 3491 1271 συγγενῶν.
3532 1201 3757 1255 Πενθοῦνττ.

2250 1289 2360 1359 γὰρ
2399 1290 2493 1344 ἐπὶ
2554 1294 2670 1356 τοῖς
2726 1294 3056 1360 ἀπολωλόσι,
3110 1292 3458 1364 παραμύθιον
3486 1293 3535 1344 al
3574 1292 3755 1359 σωζόμει

2250 1399 2352 1436 νοι.

2331 1494 2350 1527 ι
2401 1475 2730 1540 Ἀσπάζεται
2778 1476 2925 1546 ὑμᾶς
2957 1475 3245 1547 Ἐπαφρᾶς
3271 1476 3301 1528 ό
3341 1475 3401 1539 ἐξ
3447 1474 3596 1545 ὑμῶν
3628 1472 3758 1532 δαῦὶθς

2249 1566 2509 1639 Χριστοῦ,
2544 1567 2777 1622 πάντοτε
2817 1566 3219 1636 ἀγωνιζόμενος
3248 1566 3393 1637 ὑπὲρ
3439 1565 3590 1635 ὑμῶν
3613 1567 3660 1617 ὲν
3681 1566 3758 1624 tui;

2251 1661 2598 1731 προσευχαῖς,
2649 1659 2739 1713 ἴνα
2779 1659 2942 1728 στῆτε
2993 1658 3226 1723 τέλειοι,
3278 1658 3375 1711 καὶ
3405 1655 3759 1725 πεπληρωμένοι

2254 1753 2311 1803 ὲν
2341 1750 2506 1804 παντὶ
2549 1748 2819 1820 θελήματι
2839 1748 2933 1801 τοῦ
2963 1748 3121 1802 Θεοῦ.
3174 1745 3457 1817 Μαρτυρῶ
3487 1746 3593 1815 γὰρ
3645 1742 3760 1811 αὐτῷ,

2250 1844 2330 1895 ὅτι
2360 1841 2473 1913 ἔχει
2502 1841 2664 1912 ζῆλον
2698 1841 2865 1895 πολὺν
2913 1840 3053 1910 ὑπὲρ
3087 1838 3263 1909 ὑμῶν,
3324 1837 3423 1891 καὶ
3470 1837 3577 1889 τῶν
3604 1837 3656 1888 ὲν
3674 1837 3763 1886 Λαο-

2250 1935 2458 2005 δικείᾳ,
2513 1934 2609 1987 καὶ
2667 1934 2776 1987 τῶν
2820 1933 2881 1987 ὲν
2926 1932 3251 2003 Ἱεραπόλει.
3291 1929 3625 1993 Ἀσπάζεται
3670 1928 3761 1995 ὑμᾶς

2249 2027 2464 2089 Λουκᾶς
2502 2027 2531 2078 ό
2560 2024 2743 2096 ἰατρὸς
2772 2027 2801 2079 ό
2835 2022 3119 2095 ἀγαπητὸς
3142 2062 3158 2087 ,
3218 2023 3315 2076 καὶ
3365 2022 3579 2091 Δημᾶς.
3618 2016 3762 2071 Ἀσπά-

2250 2115 2409 2182 ζεσθε
2454 2117 2581 2180 τοὺς
2608 2117 2666 2169 ὲν
2695 2115 2987 2187 Λαοδικείᾳ
3034 2115 3323 2184 ἀδελφοὺς,
3369 2115 3468 2166 καὶ
3510 2112 3757 2182 Νυμφᾶνά

2330 2209 2655 2281 Ἐργάςεταί
2676 2225 2731 2261 τι
2762 2210 2858 2263 καὶ
2888 2210 2922 2278 ὴ
2952 2207 3092 2261 κατά
3133 2208 3322 2276 γένος,
3355 2206 3453 2259 καὶ
3480 2206 3514 2273 ἡ
3548 2203 3670 2257 κατὰ
3699 2218 3763 2251 πα-

2250 2304 2407 2377 τρίδα
2436 2303 2729 2374 οἰκειότης,
2766 2302 2847 2356 έτι
2877 2301 2932 2355 δὲ
2957 2301 3051 2355 καὶ
3085 2302 3278 2371 ἠκατά
3310 2298 3409 2370 τὴν
3460 2294 3762 2353 διδασκαλίαν.

2250 2394 2439 2449 Ταῦτα
2457 2393 2515 2448 δὲ
2552 2394 2731 2448 πάντα
2765 2393 2979 2463 ὑπῆρχε
3010 2392 3091 2462 τῷ
3131 2390 3513 2461 Ἐπαφροδίτῳ
3540 2386 3661 2456 πρὸς
3680 2386 3766 2444 τώς

2251 2487 2617 2550 Κολοσσαέας.
2654 2486 2766 2557 Τὴν
2796 2480 2889 2538 οὖν
2914 2484 3022 2538 τῶν
3068 2482 3245 2553 εὐχῶν
3294 2480 3533 2551 σπουδὴν
3557 2478 3765 2531 δείκνυεν

2252 2583 2311 2634 ἐν
2340 2580 2418 2651 τῷ
2446 2579 2804 2651 περὶτούτων
2830 2576 3159 2648 διηγήματι.

2337 2780 2355 2814 ι
2384 2763 2495 2815 Kal
2516 2762 2615 2833 τὴν
2646 2762 2771 2815 κατ’
2803 2756 2953 2815 οἷκον
2983 2758 3150 2815 αὐτοῦ
3192 2758 3541 2830 Ἐκκλησίαν.
3572 2755 3667 2810 Καὶ
3680 2754 3770 2806 ὅταν

2250 2854 2572 2926 ἀναγνωσθῇ
2624 2853 2753 2925 παρ’
2817 2854 3009 2924 ύμῖνή
3046 2851 3340 2922 ἐπιστολὴ,
3391 2854 3670 2922 ποιήσατε.
3712 2846 3769 2895 ἵνα

2251 2946 2345 3000 καὶ
2370 2948 2427 2998 ὲν
2446 2948 2512 3015 τῇ
2535 2945 2845 2999 Λαοδικέων
2868 2945 3134 3016 ἐκκλησίᾳ
3158 2943 3505 3014 ἀναγνωσθῇ.
3530 2962 3549 2994 ι

2330 3037 2643 3109 Προτρέπει
2691 3038 2786 3092 καὶ
2837 3038 2938 3109 τὴν
2998 3038 3122 3092 κατ’
3177 3035 3367 3099 οἴκους
3436 3034 3695 3089 ἀσκεῖσθαι
3725 3030 3772 3079 2‘:
3842 3024 3844 3033 ’

2175 3147 2218 3205 C
2250 3128 2350 3198 τῆς
2405 3126 2745 3194 θεοσεϐείας,
2813 3126 3112 3197 ἐκκλησίας
3187 3124 3374 3180 καλῶν
3421 3124 3520 3179 καὶ
3568 3124 3678 3183 τοὺς
3842 3118 3844 3167 ῗ

2256 3237 2405 3284 κους.
3842 3246 3844 3287 ε

2326 3332 2345 3366 ι
2369 3314 2477 3366 Kal.
2503 3312 2602 3385 τὴν
2622 3312 2686 3366 ὲκ
2702 3311 3045 3379 Λαοδικείας,
3078 3312 3169 3366 ἵνα
3190 3312 3286 3365 καὶ
3312 3311 3473 3383 ὑμεῖς
3495 3306 3769 3375 ἀναγνῶτω
3842 3318 3844 3357 :

2318 3406 2432 3477 Τὴν
2454 3406 2591 3477 πρὸς
2616 3405 2880 3475 Τιμόθεον
2924 3404 3153 3477 πρώτην
3211 3405 3385 3473 λέγει.
3440 3404 3594 3465 Τινές
3637 3414 3773 3470 φασιν.

2253 3496 2334 3551 ὅτι
2374 3497 2497 3567 οὐχὶ
2540 3496 2640 3566 τὴν
2682 3496 2899 3549 Παύλου
2951 3497 3090 3567 πρὸς
3141 3498 3337 3560 αὐτοὺς
3386 3493 3774 3562 ἀπεσταλμένην.

2255 3590 2328 3643 Ού
2354 3592 2460 3661 γὰρ
2489 3590 2659 3657 λέγει,
2700 3589 2800 3661 τὴν
2822 3590 2960 3660 πρὸς
3010 3591 3333 3654 Λαοδικέας,
3374 3588 3516 3642 ἀλλά
3551 3587 3642 3657 τὴν
3683 3579 3775 3649 παρ’
3842 3602 3844 3605 ·

2252 3681 2431 3735 αὐτῶν
2454 3681 2651 3753 Παύλῳ
2678 3682 2747 3736 ἐκ
2761 3682 3117 3748 Λαοδικείας
3147 3684 3457 3753 γραφεῖσαν

2332 3792 2353 3825 ι
2383 3774 2491 3827 Καὶ
2539 3775 2732 3828 εἴπατε
2779 3774 3070 3845 Ἀρχίππῳ
3092 3789 3108 3803 ⁸
3140 3774 3312 3828 Βλέπε
3374 3774 3477 3845 τὴν
3510 3769 3774 3829 διακονίαν.

2253 3866 2321 3937 ἦν
2338 3866 2644 3937 παρέλαϐες
2670 3868 2729 3919 ὲν
2751 3866 2969 3938 Κυρίῳ,
3008 3868 3097 3921 ἴνα
3130 3868 3299 3939 αὐτὴν
3352 3868 3598 3938 πληροῖς.
3636 3864 3686 3916 '0
3706 3863 3774 3914 ἀσ-

2254 3960 2473 4030 πασμδς
2495 3962 2561 4031 τῇ
2584 3960 2690 4030 ἐμῇ
2714 3962 2857 4031 χειρὶ
2882 3961 3114 4015 Παύλου.
3139 3982 3158 4014 ο

2338 4053 2663 4121 Διακονικην
2705 4069 2830 4105 τινα.
2874 4054 3137 4122 φροντίδα
3174 4046 3775 4125 προστεταγμένονυτῦῧ’

2252 4160 2344 4196 τον
2384 4145 2796 4215 ἀναμιμνήσκει
2846 4144 3093 4215 πληροῦν
3123 4146 3184 4199 τὸ
3202 4148 3509 4217 ἐπίταγμα,
3544 4147 3632 4199 καὶ
3661 4140 3778 4195 τοῦτ’)

2251 4235 2322 4288 ἐν
2353 4236 2566 4301 Κυρίῳ,
2599 4236 2685 4288 ἴνα
2718 4236 2883 4305 μηδὲν
2922 4238 3144 4303 ἑτέρως,
3185 4239 3322 4308 μήτε
3363 4238 3539 4309 μέγα,
3577 4238 3694 4308 μήτε
3716 4247 3778 4299 μι-

2254 4324 2384 4395 κρὸν
2404 4326 2644 4395 γίνηται,
2673 4325 2788 4380 ἀλλ’
2818 4327 2850 4397 ἢ
2876 4328 3016 4381 κατά
3038 4328 3192 4383 Θεόν.

2176 4504 2219 4560 lt
2324 4520 2343 4552 ι
2375 4502 2759 4571 Μνημονεύετέ
2793 4521 2892 4575 μου
2925 4504 3034 4557 τῶν
3070 4505 3304 4575 δεσμῶν.
3343 4525 3362 4557 ι

2248 4608 2251 4609 ⁷
2322 4597 2436 4648 Ούκ
2485 4595 2801 4664 αἰσχύνεται
2841 4598 2954 4659 τοῖς
2979 4598 3221 4665 δεσμοῖς,
3270 4598 3409 4651 ἁλλά
3454 4597 3549 4651 καὶ
3598 4593 3780 4663 anilit-

2248 4703 2373 4742 ται·
2408 4687 2737 4741 καὶτούτων
2780 4690 2943 4743 ἓνεκα
2993 4691 3217 4762 μνήμης
3261 4691 3414 4759 ἄξιον
3450 4691 3639 4745 ἑαυτὸν
3672 4683 3779 4740 οἶός-ν

2248 4781 2397 4835 ὄντα.

2327 4892 2344 4924 ι
2383 4873 2447 4926 Ἤ
2478 4889 2641 4945 χαρις
2676 4874 2798 4945 μεθ’
2834 4874 3010 4946 ὑμῶν.
3039 4876 3235 4947 Ἀμήν.
3270 4896 3291 4930 ι

2319 4960 2437 5017 Οἵδε
2470 4964 2579 5035 γὰρ
2611 4967 2945 5036 ἀναμνήσων
2972 4968 3194 5032 αὐτοὺς,
3226 4969 3310 5021 ’ὅτι
3364 4969 3453 5023 sua
3496 4968 3689 5036 ταύτης
3716 4962 3781 5014 σέ·

2249 5073 2452 5109 σωσται
2478 5055 2538 5109 τὸ
2558 5055 2669 5110 τῶν
2698 5057 3003 5129 ἀνθρώπων
3028 5059 3203 5127 γένος.

2249 5232 2402 5300 Πρὸς
2439 5236 2820 5303 Κολοσσαεῖς
2845 5238 3074 5308 ἐτράφη
3103 5239 3221 5294 ἀπὸ
3257 5226 3478 5308 Ῥώμης
3512 5238 3609 5292 δια
3647 5238 3780 5301 τυχιο

2521 5322 2625 5377 κοῦ
2651 5325 2750 5379 καὶ
2786 5326 3125 5395 Ὀνησίιιου.
3159 5329 3392 5389 Erizam
3416 5332 3529 5385 σ’ηό
