3844 6438
962 349 1046 410 IN
1089 349 1322 410 EPIST.
1358 351 1456 408 an
1484 322 2236 413 THESSALO‘NICENSES
2257 355 2309 414 Ι.

301 701 471 786 ΕΙΣ
507 700 1155 788 ΕΠΙΣΤΟΛΗΝ
1227 701 1679 787 ΠΡΩΤΗΝ
1732 702 2017 790 ΠΡΟΣ
2075 705 2977 800 ΘΕΣΣΑΛΟΝΠίΕῘΣ.

184 1051 305 1138 IN
401 1046 1066 1138 EPISTOLAM
1146 1044 1609 1136 ΡΒΙΜΑΜ
1690 1046 1837 1131 AD
1909 1047 3137 1148 THESSALONICENSES.

457 1379 849 1432 ΚΕΦΑΛΛΙΟΝ
889 1380 1161 1433 ΠΡΩΤΟΝ
1169 1420 1183 1434 .

2113 1378 2342 1433 CAPUT
2384 1378 2673 1437 PRIMUM.

136 1538 154 1568 ί
185 1516 413 1581 Παῦλος,
455 1516 549 1568 καὶ
593 1514 896 1582 Σιλουανδς,
946 1516 1042 1569 καὶ
1086 1513 1345 1585 Τιμόθεος
1378 1516 1444 1585 τῇ
1487 1513 1578 1566 Ἐκ

1777 1510 1942 1568 Vens.
1999 1512 2051 1566 l.
2108 1532 2128 1563 ι
2169 1512 2392 1578 Paulus,
2422 1522 2475 1567 et
2524 1512 2805 1578 Silvanus,
2845 1527 2898 1571 et
2946 1516 3262 1575 Timotheus

74 1606 247 1679 κλησίᾳ
286 1605 728 1659 Θεσσαλονικέων
786 1606 844 1657 ὲν
891 1604 1010 1673 Θεῷ
1052 1604 1225 1675 Πατρὶ
1261 1605 1359 1657 καὶ
1416 1604 1580 1674 Κυρίᾳ

1703 1602 1963 1658 Ecclesiae
2008 1602 2583 1657 Thessalonicensium
2642 1604 2696 1657 in
2744 1603 2850 1658 Deo
2886 1605 3049 1663 Patre
3078 1618 3132 1663 et
3162 1608 3264 1662 Do-

84 1698 233 1764 Ίησοῦ
278 1694 520 1766 Χριστῷ,
569 1696 727 1764 χάρις
760 1694 888 1764 ὑμῖν
939 1694 1037 1747 καὶ
1085 1696 1274 1765 εἰρήνη
1309 1692 1419 1747 ἀπὸ
1465 1693 1580 1746 Θεοί

1703 1695 1855 1748 mino
1878 1693 2007 1749 Jesu
2029 1694 2270 1749 Christo.
2295 1694 2481 1749 Gratia
2506 1694 2661 1750 vobis
2687 1704 2740 1749 et
2770 1710 2872 1766 pax
2904 1713 2933 1750 a
2964 1699 3076 1755 Deo
3104 1697 3263 1755 Patre

74 1792 275 1861 Πατρδς,
313 1790 408 1842 καὶ
440 1788 645 1857 Κυρίου
678 1786 854 1859 Ἰησοῦ
880 1785 1135 1858 Χριστοῦ.
1160 1806 1178 1837 ι

138 1882 387 1945 Ἀκούσας
401 1884 428 1934 ὁ
454 1880 769 1944 Ἀπόστολος
798 1878 1145 1949 θλιϐομένους
1165 1877 1595 1939 Θεσωλονικεῖς,

73 1972 145 2023 καὶ
168 1970 435 2033 δειλιάσας
465 1970 673 2040 μήποτε
699 1967 1066 2038 μετατεθῶσιν
1094 1967 1200 2020 ἀπὸ
1219 1967 1320 2036 τῆς
1339 1968 1595 2031 πίστεως,

73 2065 246 2133 πέμπι
291 2063 554 2133 Τιμόθεον
598 2060 735 2132 πρὸς
793 2061 990 2124 αὐτοὺς
1021 2059 1128 2112 ἀπὸ
1168 2058 1273 2112 τῶν
1331 2058 1591 2130 Ἀθηνῶν.

81 2154 288 2207 Ἐκείνου
318 2152 381 2205 δὲ
416 2152 659 2215 ἐλθόντος
703 2152 797 2205 καὶ
831 2150 1258 2218 ἀπαγγείλαντος
1279 2189 1295 2213 ,
1343 2149 1419 2213 ὡς
1452 2151 1591 2202 εἰσὶν

71 2247 260 2315 ἑδραῖοι,
291 2245 502 2315 χαίρων
533 2244 732 2314 γράφει
765 2244 899 2315 πρὸς
932 2241 1145 2305 αὐτούς.
1178 2242 1329 2311 Ἅμα
1348 2241 1404 2294 δὲ
1435 2242 1597 2295 ἀκού-

73 2351 148 2398 σας
172 2337 246 2388 ὅτι
285 2335 419 2404 περὶ
461 2333 552 2387 τὸν
592 2333 703 2404 βίον
739 2330 1095 2401 ἐλαττώματά
1130 2347 1252 2383 τινα
1285 2327 1451 2400 εἶχον,
1500 2331 1595 2383 καὶ

72 2427 181 2494 πρὸς
203 2426 376 2479 ταῦτα
406 2424 626 2495 γράφει.
656 2424 768 2479 Καὶ
816 2422 954 2492 αῦτη
998 2425 1093 2494 μὲν
1117 2423 1151 2492 ὴ
1196 2423 1452 2485 ὑπόθεσις
1495 2423 1595 2491 τῆς

82 2511 335 2583 Ἐπιστολῆ
342 2530 390 2576 ς.

124 2602 186 2654 Τὸ
215 2602 267 2656 δὲ
310 2602 597 2674 προοίμιον
644 2604 709 2655 ὲκ
764 2601 1287 2673 ταπεινοφροσϐνης,
1344 2602 1476 2655 ὅπου
1525 2618 1591 2670 γε

70 2692 169 2754 τοὺς
202 2691 392 2746 ἑαυτοῦ
430 2692 679 2763 μαθητὰς
710 2692 857 2755 ίσους
902 2691 1066 2746 αὑτοῦ
1098 2694 1403 2748 συντάττει.
1440 2692 1593 2747 Ἀνα-

70 2783 335 2853 μιμνήσκει
362 2783 421 2836 δὲ
460 2784 653 2847 αὐτοὺς
695 2783 796 2853 τῆς
822 2784 1044 2855 χάριτος
1076 2783 1143 2836 δι’
1173 2778 1241 2855 ἧς
1283 2783 1591 2854 ἐλυτρώθη-

14 2902 17 2903 ν
72 2890 165 2938 σαν,
190 2876 370 2947 ἡρέμα
400 2875 645 2947 πλήττων
674 2876 853 2930 αὐτῶν
887 2876 956 2929 τά
1002 2876 1131 2947 περὶ
1162 2876 1251 2929 τὸν
1282 2875 1393 2947 βίον
1426 2877 1590 2930 πταί-

71 2980 242 3031 σματα·
274 2966 373 3017 καὶ
402 2965 464 3017 οὐ
496 2966 653 3036 μόνον
678 2965 856 3031 τοῦτο,
889 2966 1027 3020 ἀλλὰ
1054 2966 1149 3019 καὶ
1177 2966 1288 3019 τὸν·
1317 2966 1465 3021 Θεὸν
1489 2965 1588 3019 καί

71 3055 259 3125 Πατέρα
280 3058 456 3125 λέγει,
489 3057 758 3122 υἱοθεσίας
781 3059 976 3122 αὐτοὺς
1000 3061 1079 3121 είς
1117 3060 1336 3128 μνήμην
1365 3059 1535 3126 άγων.

128 3150 593 3221 «Εὐχαριστοῦμεν
636 3150 712 3222 τῷ
755 3150 874 3222 Θεῷ
903 3151 1134 3204 πάντοτε
1184 3152 1314 3223 περὶ
1368 3152 1587 3205 πάντων

72 3238 207 3309 ὑμῶν,
238 3242 431 3313 μνείαν
468 3242 621 3313 ὑμῶν
672 3241 982 3312 ποιούμενοι
1011 3243 1101 3295 ἐπὶ
1128 3241 1238 3296 τῶν
1269 3240 1585 3312 προσευχῶν

72 3331 214 3401 ἡμῶν,
233 3334 596 3397 ἀδιαλείπτως
619 3332 1046 3404 μνημονεύοντες
1075 3333 1249 3403 ὑμῶν.
1279 3352 1298 3384 ι

122 3423 241 3495 Ὅρα
273 3425 395 3489 πῶς
428 3426 632 3496 ἀληθὴς
661 3428 694 3497 ἡ
723 3426 862 3497 ὑπὲρ
901 3425 1083 3479 αὐτῶν
1104 3425 1424 3496 εὐχαριστία
1455 3425 1585 3478 ἀνα·

70 3515 297 3588 φερομένη
323 3515 407 3586 τῷ
438 3515 576 3586 Θεῷ,
611 3516 693 3569 ὅτι
736 3516 916 3569 πίστιν
938 3515 1116 3585 ἔσχον,
1143 3515 1239 3568 καὶ
1270 3515 1369 3584 οὐχ
1394 3513 1583 3578 ἁπλῶς

68 3605 231 3672 πίστιν,
286 3607 408 3661 ἀλλ’
457 3607 754 3678 ἐνέργειαν,
808 3607 902 3660 καὶ
954 3607 1052 3677 οὐχ
1097 3606 1287 3669 ἁπλῶς
1337 3606 1578 3675 ἀγάπην,

68 3694 156 3748 ἀλλ’
182 3697 412 3765 ἔγκοπον
439 3697 658 3766 ἀγάπην
689 3693 863 3750 εἷπον.
907 3696 1174 3749 Ἐκοπίων
1217 3694 1325 3765 γάρ
1368 3696 1429 3746 ὲν
1470 3696 1583 3757 τοῖς

66 3784 281 3859 διωγμοῖς
310 3791 406 3845 διὰ
435 3788 495 3842 τὸ
517 3790 737 3860 ἀγαπᾷν
764 3788 856 3840 τὸν
881 3786 1103 3857 Κύριον.
1133 3786 1244 3839 Καὶ
1269 3785 1366 3853 οὐχ
1395 3782 1580 3847 ἁπλῶς

67 3877 219 3934 ἐλπίδα
248 3879 421 3952 εἶχον,
452 3880 588 3935 ἀλλὰ
624 3880 741 3952 μεθ’
773 3879 1050 3951 ὑπομονῆς
1072 3877 1173 3949 τὴν
1190 3876 1401 3931 ἐλπίδα.

1700 1798 1755 1842 et
1784 1787 2017 1841 Domino
2052 1787 2182 1842 Jesu
2206 1786 2448 1843 Christo.
2475 1805 2493 1838 ι

1791 1878 1929 1933 Cum
2006 1878 2309 1947 accepisset
2378 1878 2674 1947 Apostolus
2750 1878 3263 1937 Thessalonicenses

1700 1972 1841 2025 male
1896 1971 2105 2032 vexari,
2136 1986 2199 2025 ac
2230 1978 2499 2025 metueret
2562 1988 2628 2025 ne
2660 1987 2689 2024 a
2729 1972 2832 2027 ﬁde
2865 1974 3261 2037 desciscerent,

1696 2059 2047 2119 Timotheum
2114 2063 2181 2117 ad
2213 2063 2338 2119 illos
2405 2063 2636 2118 Athenis
2662 2064 2830 2119 misit.
2862 2065 2983 2131 Quo
3031 2065 3263 2120 subinde

1695 2170 1919 2211 reverso
1942 2163 1995 2211 et
2028 2155 2317 2209 nuntiante
2344 2163 2661 2210 constantes
2689 2154 2811 2212 illos
2838 2156 3129 2223 exsistere,
3152 2172 3260 2210 non

1695 2247 1816 2301 sine
1836 2245 2033 2315 gaudio
2053 2246 2120 2298 ad
2156 2245 2304 2314 ipsos
2338 2243 2549 2299 scribit.
2581 2243 2845 2309 Quoniam
2870 2254 3047 2299 autem
3078 2241 3265 2299 au’die-

1695 2344 1780 2390 rat
1804 2351 1899 2391 eos
1923 2337 1975 2389 in
2006 2335 2074 2389 iis
2100 2350 2223 2405 quae
2252 2336 2317 2389 ad
2347 2334 2512 2388 vitam
2535 2333 2791 2397 attinent,
2814 2332 3067 2389 deiectus
3091 2348 3260 2403 quos-

1694 2426 1820 2480 dam
1863 2425 1995 2494 pati,
2024 2424 2093 2479 de
2144 2423 2249 2477 hoc
2277 2422 2440 2477 etiam
2474 2421 2685 2478 scribit.
2714 2421 2783 2475 Et
2815 2421 2920 2475 hoc
2959 2430 3047 2478 est
3095 2437 3263 2493 argu-

1694 2526 1937 2571 mentum
1964 2515 2238 2586 Epistola.

1764 2608 1925 2662 Initio
1965 2607 2288 2662 modestiam
2336 2605 2502 2660 animi
2534 2604 2771 2675 praefert.
2809 2606 2939 2659 dum
2995 2620 3126 2660 suos
3176 2605 3260 2658 di-

1694 2700 1936 2770 scipulos
1960 2698 2078 2770 pari
2108 2713 2291 2754 secum
2330 2699 2519 2753 ordine
2553 2698 2722 2769 ponit.
2752 2697 2860 2753 Illis
2898 2706 3079 2753 autem
3106 2713 3259 2751 cont-

1694 2799 1958 2847 memorat
2009 2790 2239 2861 gratiam
2279 2805 2385 2860 qua
2419 2791 2681 2859 redempti
2737 2803 2943 2852 essent,
3000 2799 3059 2843 ut
3088 2791 3257 2844 tacite

1691 2883 2023 2955 perstringat
2053 2882 2238 2952 lapsus
2257 2896 2397 2951 quos
2446 2881 2800 2934 admiserant.
2834 2880 3014 2950 Neque
3037 2894 3166 2934 vero
3200 2880 3253 2933 ῑιι

1691 2975 1870 3030 solum
1902 2981 2148 3043 praestat,
2171 2972 2265 3027 sed
2288 2980 2345 3027 et
2378 2971 2547 3024 Deum
2574 2981 2629 3025 et
2647 2970 2863 3024 Patrem
2894 2971 3167 3034 nominat,
3201 2979 3258 3022 ut

1689 3065 1996 3135 ad0ptionis
2026 3064 2344 3119 memoriam
2368 3062 2475 3117 illis
2506 3061 2745 3117 refricet.

1758 3154 1923 3212 Vens.
1944 3156 1999 3219 2,
2017 3155 2070 3208 '5.
2098 3173 2115 3205 ‹
2133 3153 2350 3207 Gratias
2370 3151 2581 3221 agimus
2604 3151 2713 3205 Deo
2736 3164 2947 3219 semper
2964 3163 3062 3218 pro
3083 3148 3261 3201 omni-

1685 3250 1788 3305 bus
1818 3249 2007 3314 vobis,l
2034 3244 2353 3299 memoriam
2384 3244 2555 3299 vestri
2614 3241 2877 3297 facientes
2919 3242 2974 3295 in
2998 3241 3260 3295 orationi-

1686 3343 1791 3398 bus
1815 3340 2042 3403 nostris,
2071 3338 2191 3392 sine
2220 3335 2636 3390 intermissione
2667 3348 2959 3388 memores.
2993 3352 3014 3385 ι

1752 3432 1969 3488 Videsis
1994 3444 2153 3499 quam
2191 3430 2405 3483 sincera
2434 3426 2505 3480 sit
2548 3424 2845 3495 gratiarum
2876 3425 3052 3489 actio,
3094 3440 3254 3494 quam

1683 3538 1782 3594 pro
1808 3522 1916 3578 illis
1944 3519 2191 3590 rependit
2225 3518 2351 3580 Deo,
2377 3516 2506 3587 quia
2549 3515 2707 3569 tidem
2738 3513 3002 3567 haberent
3028 3552 3044 3576 ,
3076 3528 3255 3583 neque

1682 3616 1842 3669 ﬁdem
1902 3612 2101 3673 solum,
2138 3608 2229 3663 sed
2277 3606 2438 3661 etiam
2487 3618 2684 3674 opera;
2716 3617 2892 3673 neque
2934 3603 3254 3657 charitatem

1682 3706 1965 3767 duntaxat,
1991 3702 2086 3758 seti
2126 3700 2291 3754 etiam
2318 3697 2464 3752 illam
2483 3709 2604 3764 quae
2630 3695 2685 3749 in
2712 3694 2993 3749 laboribus
3022 3695 3259 3754 desuda-

1680 3808 1782 3853 ret.
1810 3795 1943 3850 Nam
1959 3790 2416 3862 exagitationibus
2432 3788 2773 3850 laborabant,
2794 3801 2863 3841 eo
2883 3786 3029 3854 quod
3065 3785 3259 3856 dilige-

1690 3898 1802 3943 rent
1848 3886 2160 3940 Dominum.
2206 3883 2393 3951 Neque
2424 3895 2522 3950 spe
2548 3878 2790 3949 simplici
2824 3878 3036 3949 praediti
3066 3886 3253 3933 erant.

1678 3982 1773 4037 sed
1823 3987 2029 4034 etcum
2086 3974 2369 4030 tolerantia
2392 3971 2706 4042 sperabant.

122 4073 139 4107 ι
162 4057 255 4112 Τοῦ
280 4059 445 4131 ἔργου
471 4057 569 4128 τῆς
598 4057 853 4120 πίστεως,
871 4053 967 4109 καὶ
995 4054 1088 4107 τοῦ
1119 4053 1288 4107 κόπου
1311 4052 1412 4121 τῆς
1437 4051 1578 4119 ἀγά-

1757 4094 1775 4127 t
1806 4070 2001 4143 Operis
2038 4068 2160 4123 ﬁdei
2184 4074 2404 4129 vestrae,
2438 4072 2493 4119 et
2526 4063 2754 4127 laboris,
2781 4069 2837 4117 et
2862 4061 3171 4126 charitatis,
3200 4069 3255 4116 et

66 4163 166 4215 πης,
196 4151 283 4204 καὶ
329 4149 438 4219 τῆς
490 4147 767 4218 ὑπομονῆς
807 4147 907 4213 τῆς
955 4145 1169 4206 ἐλπίδος
1220 4143 1315 4196 τοῦ
1371 4140 1584 4212 Κυρίου

66 4238 188 4306 ἡμῶν
220 4240 393 4311 Ἰησοῦ
422 4238 682 4311 Χριστοῦ,
715 4235 1018 4309 ἔμπροσθεν
1047 4235 1142 4289 τοῦ
1166 4234 1301 4288 Θεοῦ
1330 4233 1425 4288 καὶ
1466 4233 1578 4286 Πα-

63 4329 162 4398 19’»;
189 4332 363 4402 ἡμῶν·
400 4348 420 4383 ι

117 4422 167 4475 El
194 4423 486 4487 πιστεύεις,
518 4422 695 4476 πάντα
729 4420 927 4491 πάσχε.
954 4418 1017 4472 El
1046 4418 1103 4471 δὲ
1134 4417 1208 4489 μὴ
1239 4417 1488 4487 πάσχεις,
1514 4413 1575 4467 οὒ

64 4515 320 4581 πιστεύεις.

121 4608 383 4673 rem“,
433 4606 650 4676 ἀδελφοὶ
711 4603 1057 4675 ἠγαπημένοι
1107 4601 1213 4654 ὑπὸ
1257 4598 1426 4663 Θεοῦ,
1477 4598 1577 4669 τὴν

64 4699 253 4773 ἐκλογὴν
277 4702 454 4773 ὑμῶν,
484 4702 565 4753 ὅτι
593 4698 655 4753 τὸ
686 4697 1017 4766 Εὐαγγέλιον
1036 4693 1193 4764 ἡμῶν
1217 4693 1318 4745 οὐκ
1345 4692 1574 4762 ἐγενήθη

64 4791 123 4852 εἰς
152 4792 283 4861 ὑμᾶς
312 4796 371 4846 ὲν
399 4792 544 4861 λόγῳ
578 4790 759 4861 μόνον,
789 4787 926 4843 ἀλλά
958 4786 1052 4840 καὶ
1096 4786 1153 4837 ἐν
1189 4784 1437 4853 δυνάμει,
1482 4783 1575 4835 καὶ

63 4880 299 4953 Πνεῦματι
326 4885 487 4953 ἁγίῳ,
534 4884 631 4936 καὶ
677 4883 737 4933 ὲν
780 4877 1123 4950 πληροφορίᾳ
1151 4875 1345 4946 πολλῇ,
1392 4874 1570 4936 καθὼς

62 4970 223 5038 omne,
256 4971 358 5027 οἷοι
388 4972 728 5042 ἐγενήθημεν
764 4972 821 5023 ὲν
850 4970 977 5039 ὑμῖν
1004 4968 1071 5020 δι’
1104 4967 1265 5036 ὑμᾶς,
1294 4966 1387 5017 καὶ
1416 4966 1571 5036 ὑμεῖς

62 5067 260 5135 μιμηταὶ
283 5065 438 5137 ήμῶν
467 5064 762 5135 ἐγενήθητε
793 5061 886 5115 καὶ
911 5060 1007 5113 τοῦ
1038 5060 1264 5130 Κυρίου,
1294 5056 1574 5126 δεξάμενοι

57 5155 295 5226 τὸνλόγον
332 5161 391 5213 ὲν
432 5158 610 5228 θλίψει
640 5155 813 5228 πολλῇ
850 5154 989 5227 μετά
1035 5154 1209 5224 χαρᾶς
1260 5150 1575 5221 Πνεύματος

60 5246 204 5316 ἁγίου.
235 5270 253 5303 ι
1567 5267 1570 5270 ’

118 5370 236 5422 Ἀπὸ
265 5370 444 5424 κοινοῦ
469 5370 550 5432 τὺ,
584 5366 1071 5438 εὐχαριστοῦμεν,
1106 5361 1195 5415 ἵνα
1238 5358 1300 5434 ᾖ,
1337 5359 1571 5429 Εὐχαρι-

58 5461 239 5529 στῶμεν
271 5463 347 5531 τῷ
400 5462 549 5531 Θεῷ,
582 5458 941 5528 γινώσκοντες
996 5456 1094 5526 τὴν
1148 5451 1378 5521 ἐκλογὴν
1420 5450 1574 5519 ὑμῶν

58 5553 155 5605 καθ’
172 5558 231 5625 ἣν
261 5554 621 5625 ἐξελεξάμεθα
648 5552 813 5621 ὑμᾶς,
836 5550 933 5603 καὶ
956 5548 1038 5602 ὅτι
1071 5542 1483 5615 παραλαϐόντες
1512 5542 1573 5595 τὸ

59 5642 350 5713 Εὐαγγὲλιον
383 5647 437 5696 ὲν
466 5640 733 5706 ἀποδείξει
760 5640 1042 5708 δυνάμεως
1073 5634 1293 5704 πολλῆς.
1323 5627 1391 5702 ἧς
1414 5632 1576 5701 ὲνήρ-

58 5752 169 5804 mea
204 5740 261 5792 τὸ
307 5737 527 5809 Πνεῦμα
556 5736 617 5789 τὺ
650 5736 822 5802 ἅγιον,
871 5732 969 5801 οὐχ
998 5726 1181 5789 ἁπλῶς
1214 5722 1567 5793 παρελάϐετε,

59 5828 169 5884 ἀλλὰ
189 5830 446 5901 τοσαύτην
478 5832 536 5882 ὲν
556 5829 683 5899 ὑμῖν
722 5825 845 5895 ἔσχε
876 5824 974 5892 τὴν
1006 5821 1177 5892 ἰσχὺν,
1205 5820 1281 5883 ὼς
1326 5816 1568 5890 μιμητὰς

348 5922 614 5982 Parum.
660 5918 777 5976 Gtt.
828 5913 1002 5975 XCV.

1685 4166 2024 4223 sustinentia:
2074 4160 2189 4231 spei
2219 4156 2432 4212 Domini
2470 4153 2645 4210 nostri
2693 4151 2824 4208 Jesu
2864 4152 3097 4220 Christi,
3130 4165 3255 4208 ants

1686 4261 1852 4313 Deum
1886 4263 1940 4310 et
1962 4254 2177 4312 Patrem
2200 4259 2469 4306 nostrum.
2501 4265 2521 4298 ι

1751 4431 1807 4487 Si
1840 4430 2040 4496 credis,
2072 4435 2268 4485 cuncta
2295 4437 2498 4497 patere.
2532 4426 2627 4481 Sin
2674 4432 2855 4480 autem
2888 4438 2998 4478 non
3028 4422 3250 4493 pateris,

1683 4538 1860 4591 neque
1888 4519 2090 4576 credis.
3042 4566 3051 4573 _

1752 4613 1919 4670 Vens.
1960 4612 2078 4667 4-6.
2138 4630 2158 4663 ι
2206 4608 2496 4671 Scientes,
2531 4605 2737 4660 fratres
2788 4602 2978 4658 dilecti
3026 4616 3059 4656 a
3097 4601 3248 4665 Deo,

1680 4707 2000 4764 electionem
2021 4711 2285 4763 vestram,
2323 4698 2452 4769 quia
2491 4695 2841 4766 Evangelium
2865 4704 3117 4750 nostrum
3136 4706 3248 4746 non

1678 4799 1784 4854 fuit
1807 4797 1875 4851 ad
1900 4795 2071 4850 vosin
2098 4806 2354 4849 sermone
2381 4797 2618 4853 tantum,
2646 4787 2740 4842 sed
2769 4794 2826 4841 et
2862 4786 2918 4841 in
2938 4786 3163 4849 virtute,
3194 4791 3251 4838 et

1675 4893 1731 4947 in
1751 4888 1957 4959 Spiritu
1974 4893 2186 4945 sancto,
2210 4891 2264 4936 et
2285 4882 2337 4934 in
2357 4877 2692 4949 plenitudine
2709 4876 3053 4939 multa,sicut
3071 4874 3247 4935 scitis,

1674 4985 1862 5052 quales
1886 4978 2143 5033 fuerimus
2175 4977 2227 5028 in
2255 4973 2408 5027 vobis
2427 4979 2646 5041 propter
2659 4984 2775 5025 vos.
2802 4970 2869 5023 Et
2896 4984 2994 5023 vos
3012 4966 3249 5021 imitato-

1674 5090 1763 5130 res
1789 5072 1954 5127 nostri
2003 5070 2125 5124 lacti
2156 5068 2289 5122 estis
2317 5076 2371 5120 et
2399 5063 2637 5128 Domini,
2672 5063 3000 5132 excipientes
3022 5059 3246 5113 verbum

1674 5171 1730 5224 in
1761 5166 2112 5222 tribulatione
2133 5162 2324 5223 multa,
2352 5174 2477 5214 cum
2508 5157 2709 5230 gaudio
2740 5153 2979 5225 Spiritus
3010 5151 3240 5207 sancti.»

1677 5346 1841 5416 216
1888 5340 2178 5403 Communi
2210 5337 2378 5393 verbo
2404 5337 2502 5400 ait,
2543 5344 2743 5405 gratias
2775 5332 3022 5400 agimus;
3065 5334 3127 5381 ut
3154 5326 3244 5380 hic

1681 5444 1754 5497 sit
1781 5454 1977 5496 sensus
2010 5450 2023 5485 :
2057 5435 2170 5490 Deo
2192 5442 2374 5504 grates
2401 5430 2690 5488 habemus,
2724 5428 3117 5494 cognoscentes
3133 5420 3243 5473 ele-

1677 5535 1912 5590 ctionem
1942 5539 2204 5589 vestram,
2232 5540 2338 5595 qua
2374 5538 2471 5577 vos
2500 5520 2787 5590 elegimus,
2821 5514 3240 5584 quodque,cum

1677 5625 1995 5697 acciperetis
2065 5614 2540 5689 Evangeliumob
2607 5609 2980 5665 ostensionem
3050 5604 3239 5660 multi-

1677 5696 1835 5791 plicis
1882 5715 2121 5776 virtutis,
2170 5724 2334 5780 quam
2380 5705 2620 5776 Spiritus
2643 5714 2865 5757 sanctus
2908 5696 3098 5759 edidit,
3132 5710 3240 5749 non

1678 5821 1957 5881 utcunque
1971 5816 2025 5864 et
2052 5802 2373 5873 simpliciter
2401 5796 2536 5855 illud
2561 5793 2871 5865 accepistis,
2906 5791 3002 5847 sed
3031 5796 3236 5844 tantam

2836 5881 2913 5943 29
