3844 6402
516 333 626 397 957

520 446 576 500 in
615 444 770 500 vobis
822 443 931 498 vim
971 442 1184 506 haunit,
1241 451 1300 497 ut
1327 439 1633 499 imitatores
1665 446 1845 500 nostri
1902 454 1957 501 et
1983 444 2089 499 Do-
2126 457 2167 507 Α

518 532 649 587 mini
682 530 1006 587 evaderetis.
1060 530 1151 585 Sic
1182 541 1361 587 autem
1392 532 1654 603 loquitur,
1697 542 1921 605 propter
1948 533 2092 589 allli-

515 623 733 678 ctiones
752 624 955 694 quibus
986 634 1212 678 vexatus
1240 630 1326 679 est
1344 638 1374 677 a
1401 622 1623 679 Iudaeis.

585 717 751 772 Vens.
803 715 923 771 7-9.
981 714 1107 769 vlta
1147 724 1207 769 ut
1269 715 1393 771 facti
1442 716 1564 772 sitis
1618 716 1791 772 forma
1839 716 2094 773 omnibus

516 808 870 867 credentibus
935 808 989 862 in
1024 806 1346 862 Macedonia
1400 817 1455 863 et
1492 809 1545 864 in
1587 810 1814 866 Achaia.
1869 810 2094 867 Avobis

515 906 662 959 enim
694 900 1007 957 dillatnatus
1035 906 1120 954 est
1167 914 1352 955 sermo
1406 899 1638 965 Domini,
1687 918 1792 956 non
1824 904 2002 959 solum
2039 903 2095 957 in

516 994 835 1052 Macedonia
855 1001 912 1049 et
946 993 1001 1045 in
1027 991 1267 1057 Achaia;
1299 991 1395 1047 sed
1421 1002 1476 1047 et
1522 994 1577 1048 in
1611 994 1759 1049 omni
1794 996 1920 1052 loco
1961 996 2094 1055 ﬁdes

515 1098 705 1143 vestra
738 1100 858 1157 quae
893 1092 977 1139 est
1008 1083 1150 1153 apud
1170 1080 1361 1148 Deum,
1391 1083 1634 1154 profecta
1664 1095 1769 1152 est,
1791 1086 1865 1141 ita
1906 1095 1967 1143 ut
1983 1105 2092 1144 non

515 1182 587 1237 sit
610 1180 766 1235 nobis
788 1191 1015 1232 necesse
1043 1175 1342 1247 quidquam
1386 1177 1555 1247 loqui.
1580 1177 1687 1248 Ipsi
1718 1180 1862 1234 enim
1891 1180 1957 1235 de
1995 1197 2095 1237 vo-

515 1275 601 1331 bis
652 1271 1019 1336 annuntiant,
1080 1269 1297 1340 qualem
1351 1270 1635 1325 introitum
1686 1272 1984 1330 habeamus
2024 1274 2089 1330 ad

514 1381 635 1421 vos.
670 1364 737 1419 Et
770 1362 1068 1434 quomodo.
1084 1381 1104 1415 ι

583 1455 722 1512 Vide
760 1464 970 1527 quanto
1014 1455 1354 1511 incremento
1405 1456 1550 1511 aucti
1591 1465 1771 1519 erant.
1812 1466 1871 1512 ut
1904 1467 1960 1514 et
1986 1460 2092 1531 ipsi

512 1552 687 1606 forma
734 1549 926 1605 tierent
978 1549 1123 1614 aliis,
1173 1563 1348 1619 neque
1392 1551 1581 1619 paucis
1628 1551 1963 1616 hominibus,
1997 1554 2089 1608 sed

512 1650 565 1695 ct
630 1641 849 1696 cunctis
896 1640 1211 1711 regionibus
1275 1649 1329 1695 et
1386 1641 1668 1711 gentibus,
1700 1642 1753 1695 in
1779 1640 2091 1697 Macedonia

511 1735 791 1799 nimirum,
827 1741 875 1786 et
918 1733 974 1785 in
1032 1732 1260 1787 Achaia.
1309 1730 1453 1787 Bene
1498 1747 1627 1787 vero
1656 1734 1754 1795 ait.
1781 1733 2091 1803 diffamatus

508 1834 610 1890 est,
642 1839 739 1880 seu
769 1823 1107 1893 divulgatus,
1154 1832 1213 1878 ut
1254 1823 1712 1894 superjectionem
1742 1825 2090 1883 claritudinis

522 1914 882 1988 signiﬁcaret.

580 2024 602 2056 ι
633 2005 897 2060 Conversi
927 2004 1063 2060 estis
1095 2003 1160 2059 ad
1225 2003 1391 2060 Deum
1427 2020 1457 2059 a
1506 2005 1844 2074 simulacris,
1879 2009 2092 2066 servire

513 2095 624 2151 Deo
649 2097 772 2151 vivo
805 2104 859 2151 et
884 2110 1035 2151 vero.
1067 2115 1087 2148 ι

578 2190 846 2255 Quoniam
879 2188 971 2244 Dei
1004 2188 1280 2259 quondam
1314 2188 1552 2257 fuerant,
1581 2206 1818 2261 cumque
1858 2193 2090 2264 posthac

507 2281 883 2346 aberrassent,
933 2281 1112 2337 vocati
1156 2297 1376 2337 rursum
1440 2291 1616 2346 erant,
1675 2283 1887 2339 idcirco
1928 2284 2088 2352 dixit,

505 2373 743 2428 conversi
771 2374 919 2428 estis.
954 2372 1124 2429 Recte
1170 2383 1353 2429 autem
1404 2376 1612 2437 subdit,
1647 2377 1779 2442 vivo,
1811 2378 2084 2435 utdistin—

507 2472 709 2535 guatur
760 2466 828 2522 ab
850 2465 997 2523 idolo
1026 2466 1362 2534 inanimato;
1400 2478 1511 2523 tum
1533 2469 1755 2535 deinde,
1775 2480 1823 2524 et
1850 2487 1991 2537 vero,
2018 2471 2085 2526 ad

506 2555 869 2611 dill‘erentiam
890 2571 1080 2612 eorum
1100 2556 1190 2626 qui
1215 2554 1349 2611 falso
1372 2556 1630 2610 dicuntur
1669 2557 1764 2611 dii.

578 2648 740 2705 Vens.
775 2649 861 2704 l0.
908 2667 931 2701 ι
959 2648 1023 2704 Et
1056 2656 1377 2719 exspectare
1406 2647 1604 2703 Filium
1636 2649 1758 2717 ejus
1806 2648 1874 2704 de
1905 2648 2083 2713 Ctelis,

508 2756 667 2811 quem
702 2743 996 2797 suscitavit
1030 2740 1099 2797 de
1130 2742 1386 2805 mortuis,
1417 2740 1605 2797 Jesum
1648 2743 1740 2812 qui
1759 2742 1961 2811 eripuit
1983 2756 2084 2796 nos

504 2836 575 2889 ah
602 2835 682 2888 ira
709 2842 959 2889 ventura.
994 2852 1013 2886 ι

576 2925 761 2981 Primo
793 2927 912 2980 loco
936 2926 1089 2995 ponit
1109 2926 1159 2979 id
1195 2926 1340 2995 quod
1366 2925 1667 2996 gloriosum
1707 2934 1812 2993 est,
1849 2926 2084 2982 dicendo

1713 336 1774 395 S.
1791 334 2113 396 JOANNIS
2151 337 2581 397 DAMASCENI

2126 1763 2165 1818 Β
2194 1730 2292 1783 καί
2323 1730 2393 1785 ἐν
2435 1729 2509 1799 τῇ
2551 1731 2772 1801 Ἀχαΐᾳ.
2806 1728 2884 1784 Εὐ
2911 1729 2969 1783 δὲ
2995 1730 3091 1784 καὶ
3118 1730 3179 1783 τὸ
3218 1727 3516 1797 ἐξηχήθη,
3547 1726 3627 1779 διὰ
3648 1726 3718 1795 τὴν

3626 343 3702 406 θα

2201 445 2345 515 ὑμᾶς
2371 445 2529 517 ἡμῶν
2556 446 2834 516 γενέσθαι,
2865 445 3076 499 καὶτοῦ
3117 446 3346 517 Κυρίου.
3380 446 3537 501 Τοῦτο
3573 448 3705 505 δὲλέ-

2199 555 2312 607 γει,
2343 538 2411 603 δι’
2437 538 2503 604 ἀς
2522 538 2783 610 ὑπέμεινε
2820 537 3031 609 θλίψεις
3058 539 3213 610 παρὰ
3232 540 3342 592 τῶν
3380 540 3641 596 Ἰουδαίων.

2272 735 2293 769 ι
2325 717 2487 770 Ὥστε
2510 716 2761 787 γενέσθαι
2793 716 2937 787 ὑμᾶς
2952 715 3157 779 τύπους
3186 716 3325 768 πᾶσι
3346 716 3455 777 τοῖς
3475 716 3712 769 πιστεύου-

2198 825 2283 863 σιν
2326 809 2383 861 ὲν
2442 810 2508 880 τῇ
2568 807 2877 880 Μακεδονίᾳ
2938 808 3034 862 καὶ
3071 810 3137 879 τῇ
3178 808 3393 879 Ἀχαΐα.
3450 808 3560 875 Ἀφ’
3595 809 3713 877 ὑμῶν

2195 903 2303 973 γὰρ
2338 902 2602 974 ἐξήχηται
2634 905 2663 956 ὀ
2695 903 2855 972 λόγος
2903 902 2998 955 τοῦ
3034 902 3271 983 Κυρίου,
3315 902 3377 955 οὐ
3407 901 3557 973 μόνον
3596 903 3643 954 ἐν
3664 906 3711 973 τῇ

2195 994 2507 1066 Μακεδονίᾳ
2555 995 2650 1048 καὶ
2676 996 2733 1048 ὲν
2789 996 2858 1066 τῇ
2901 994 3115 1065 Ἀχαΐα,
3165 993 3303 1047 ἀλλὰ
3336 995 3429 1047 καὶ
3484 996 3540 1047 ὲν
3591 998 3714 1048 πα·νή

2193 1090 2412 1161 τόπῳή
2456 1090 2637 1153 πίστις
2692 1090 2847 1160 ὐμῶν
2890 1089 3028 1160 πρὸς
3084 1088 3176 1141 τὸν
3222 1088 3358 1141 Θεὸν
3409 1087 3715 1159 ἐξελήλυθεν,

2195 1180 2337 1235 ὥστε
2371 1181 2445 1252 μὴ
2480 1181 2669 1253 χρείαν
2724 1182 2872 1252 ὑμᾶς
2924 1180 3068 1250 ἔχειν
3119 1179 3303 1233 λαλεῖν
3335 1196 3409 1233 τι.
3455 1179 3609 1233 Αὐτοὶ
3638 1182 3717 1248 γὰρ

2194 1271 2325 1342 περὶ
2377 1272 2531 1343 ὐμῶν
2585 1271 3024 1341 ἀπαγγέλλουσιν
3074 1271 3266 1325 ὁποίαν
3316 1272 3517 1324 εἴσοδον
3567 1270 3718 1340 ἔχομεν

2194 1365 2331 1437 πρὸς
2371 1366 2535 1437 ὑμᾶς.
2566 1365 2678 1420 Καὶ
2707 1365 2845 1429 πῶς.
2884 1383 2904 1417 ι

2266 1460 2411 1530 Ὅρα
2449 1460 2626 1529 πόσην
2675 1458 2835 1529 ἔσχον
2871 1457 3133 1518 ἐπίδοσιν.
3172 1456 3250 1519 ὡς
3285 1456 3383 1508 καὶ
3421 1454 3611 1517 αὐτοὺς
3635 1452 3718 1505 ἐτέ-

2196 1565 2313 1619 ροις
2343 1547 2594 1617 γίνεσθαι
2651 1546 2845 1612 τύπον,
2902 1547 2997 1601 καὶ
3046 1548 3146 1600 οὐκ
3194 1545 3433 1613 ὀλίγοις,
3472 1544 3604 1598 ἀλλά
3650 1546 3719 1595 καὶ

2193 1638 2400 1711 χώραις
2429 1638 2599 1705 ὅλαις,
2639 1639 2735 1693 καὶ
2787 1638 3021 1692 ἔθνεσινο
3061 1638 3132 1691 ἐν
3157 1635 3233 1706 τῇ
3266 1636 3601 1701 Μακεδονίᾳ
3641 1636 3720 1703 γὰρ

2196 1820 2504 1894 ὑπερϐολὴν
2529 1824 2628 1894 τῆς
2657 1821 3060 1895 λαμπρότητος.
3840 1832 3841 1895 γ

2269 2020 2289 2052 ι
2321 2000 2730 2073 Συνεστρέψατε
2757 2000 2900 2073 πρὸς
2931 2001 3023 2054 τὸν
3046 1999 3182 2054 Θευν
3221 1996 3332 2051 απὸ
3368 1994 3481 2049 τῶν
3508 1993 3719 2055 εἰδώλων,

2190 2092 2312 2166 Θεῷ
2336 2093 2499 2160 ζῶντι
2524 2092 2616 2148 καὶ
2644 2091 2906 2164 ἀληθινῷ.
2930 2109 2951 2145 ι

2273 2186 2493 2257 Ἐπειδὴ
2526 2184 2663 2239 Θεοῦ
2696 2179 2861 2256 ἦσαν,
2897 2182 2994 2239 καὶ
3027 2181 3439 2254 ἐπλανήθησαν,
3467 2183 3562 2236 καὶ
3595 2178 3721 2233 πάλιν

2189 2282 2522 2354 ἐκλήθησαν,
2549 2280 2639 2335 διὰ
2661 2280 2842 2348 τοῦτο,
2879 2278 3309 2349 ἐπεστρέψατε,
3361 2271 3519 2331 εἶπεν
3538 2293 3553 2307 ·
3583 2274 3720 2335 καλῶς

2187 2374 2247 2430 δὲ
2279 2375 2394 2437 καὶ,
2424 2373 2505 2440 τῷ
2548 2372 2736 2439 ζῶντι,
2789 2371 2927 2444 πρὸς
2964 2369 3375 2441 ἀντιδιαστολὴν
3412 2368 3508 2422 τοῦ
3552 2365 3719 2438 ἀψύχου

2188 2466 2440 2523 εἰδώλουο
2471 2467 2568 2521 καί
2599 2466 2680 2533 τῷ
2708 2464 2995 2534 ἀληθινῷ,
3034 2464 3170 2535 πρὸς
3199 2462 3607 2532 ἀντιδιαστολὴν
3642 2460 3721 2513 τῶν

2186 2560 2556 2632 ψευδωνύμων
2582 2558 2743 2613 θεῶν.

2265 2671 2283 2701 ι
2312 2652 2423 2705 Καὶ
2450 2650 2746 2721 ἀναμένειν
2774 2650 2866 2703 τὸν
2892 2649 3022 2702 Υίὸν
3053 2645 3218 2701 αὐτοῦ
3249 2648 3313 2699 ὲκ
3354 2645 3469 2699 τῶν
3494 2644 3719 2715 οὐρανῶν,

2185 2743 2245 2796 δν
2278 2744 2503 2814 ἤγειρεν
2548 2745 2613 2796 ὲκ
2660 2741 2771 2795 τῶν
2808 2739 3041 2812 νεκρῶν,
3083 2739 3314 2811 Ἰησοῦν,
3366 2739 3460 2792 τὸν
3500 2739 3721 2809 ῥυόμενον

2184 2834 2329 2905 ὑμᾶς
2354 2834 2463 2887 ἀπὸ
2490 2834 2587 2905 τῆς
2618 2834 2785 2905 ὀργῆς
2813 2834 2910 2904 τῆς
2935 2830 3253 2903 ἐρχομένης.
3286 2847 3306 2880 ι

2254 2925 2479 2998 Πρῶτον
2514 2925 2574 2979 τὸ
2623 2923 2833 2990 ἔνδοξον
2872 2924 3055 2995 τίθησι
3098 2924 3159 2975 τὸ
3225 2924 3290 2975 ὲκ
3333 2920 3449 2975 τῶν
3494 2916 3719 2992 οὐρανίη,

504 3018 788 3083 nimirum,
812 3017 876 3071 de
894 3018 1059 3085 caelis,
1091 3026 1205 3071 tum
1224 3018 1277 3071 id
1299 3017 1446 3087 quod
1490 3018 1812 3089 inglorium,
1851 3026 2081 3074 mortem

2204 3013 2304 3073 ;ίτα
2331 3020 2393 3071 τὸ
2425 3018 2632 3086 ἄδοξον,
2662 3017 2755 3071 τὸν
2800 3016 3030 3071 θάνατον
3053 3032 3066 3045 ·
3094 3016 3189 3070 καὶ
3237 3014 3338 3086 τὴν
3378 3012 3557 3068 αἰτίαν
3592 3012 3722 3072 εὐθὺς

507 3110 755 3174 scilicet;
799 3123 1034 3178 moxque
1085 3109 1278 3163 mortis
1333 3109 1616 3180 subjungit
1676 3124 1922 3175 causam,
1954 3126 2076 3181 quae

2204 3111 2536 3166 ,πισυνάπτει
2555 3108 2650 3163 τοῦ
2683 3109 2948 3165 θανάτουο
2983 3108 3118 3180 αὓτη
3160 3107 3217 3162 δέ
3254 3108 3405 3163 ἐστιν
3439 3108 3474 3178 ὴ
3518 3107 3719 3178 ἡμετέρα

506 3210 593 3257 est
630 3209 819 3256 nostra
857 3202 1031 3257 salus.
1056 3200 1195 3256 Nam
1228 3200 1431 3271 eripuit
1471 3217 1573 3258 nos
1603 3204 1674 3258 ab
1713 3204 1792 3259 ira
1825 3214 2078 3260 ventura.

2204 3204 2451 3276 rmqpla.
2494 3201 2796 3277 Ἐρῤύσατο
2827 3203 2936 3275 γάρ
2970 3203 3119 3273 ἡμᾶς
3161 3204 3225 3255 ἐκ
3256 3200 3361 3272 τῆς
3398 3201 3720 3271 ἐπικειμένης

1138 3378 1291 3435 CAP.
1323 3379 1388 3434 ll.

575 3468 745 3528 Vens.
780 3472 897 3529 1-4.
938 3490 957 3524 ι
991 3470 1126 3526 Nam
1150 3474 1261 3544 «ipsi
1312 3474 1499 3540 scitis,
1533 3473 1758 3539 fratres,
1802 3474 2083 3531 introitum

506 3573 758 3620 nostrum
827 3565 895 3621 ad
941 3581 1065 3629 vos,
1123 3567 1251 3636 quia
1279 3581 1388 3621 non
1427 3567 1608 3622 inanis
1665 3567 1793 3633 fuit;
1827 3568 1923 3623 scd
1960 3577 2086 3624 ante

512 3658 663 3727 passi
696 3667 751 3711 et
800 3658 1152 3714 contumeliis
1190 3658 1371 3713 aﬂ‘ecti
1406 3658 1589 3729 (sicut
1616 3660 1807 3731 scitis)
1859 3660 1916 3714 in
1954 3659 2087 3715 Phi-

504 3749 693 3819 lippis,
731 3749 982 3806 [iduciam
1037 3751 1333 3806 habuimus
1372 3752 1425 3806 in
1461 3750 1573 3806 Deo
1612 3759 1807 3807 nostro
1829 3752 1980 3822 loqui
2017 3752 2085 3807 ad

503 3857 603 3898 vos
629 3843 986 3914 Evangelium
1011 3842 1104 3899 Dei
1138 3845 1191 3898 in
1228 3845 1399 3899 multa
1438 3843 1836 3901 sollicitudine.
1872 3844 2085 3901 Exhor-

502 3936 641 3990 tatio
667 3938 813 3994 enim
842 3945 1054 3995 nostra.
1096 3958 1113 3990 ι

585 4029 774 4086 Testes
804 4030 930 4087 illos
955 4030 1208 4098 advocat,
1242 4030 1308 4086 ad
1365 4046 1506 4102 quos
1539 4046 1847 4088 sermonem
1882 4032 2083 4089 habet:

503 4123 629 4193 quia
665 4135 861 4191 nempe
908 4121 1029 4175 vult
1072 4135 1168 4177 eos
1198 4123 1368 4188 scire,
1401 4138 1510 4177 non
1543 4138 1603 4178 sc
1639 4124 1940 4194 segniorem
1973 4123 2091 4180 red-

504 4213 681 4266 ditum
721 4226 847 4267 esse
876 4211 949 4268 ob
1006 4213 1348 4269 vexationem
1389 4230 1509 4284 quae
1565 4213 1837 4285 Philippis
1872 4214 2089 4270 accide-

504 4316 613 4369 rat,
670 4305 804 4374 quin
844 4303 981 4374 ipsis
1011 4304 1354 4375 praedicaret.
1404 4304 1517 4360 Hoc
1568 4316 1748 4361 autem
1790 4308 1957 4360 tacita
1990 4322 2086 4362 ex-

505 4396 751 4451 hortatio
770 4406 909 4463 erat,
943 4405 1004 4450 ut
1025 4396 1345 4453 aﬂlictiones
1370 4406 1597 4454 strenue
1622 4396 1949 4454 tolerarent.

581 4505 601 4538 ι
638 4486 757 4542 Νοη
782 4490 851 4543 de
882 4503 1097 4545 errore.
1134 4508 1154 4542 ι

570 4579 739 4651 Atqui
769 4580 934 4651 hujus
967 4582 1045 4637 rei
1078 4590 1464 4652 argumentum
1518 4592 1621 4649 est,
1650 4583 1796 4653 quod
1829 4583 1883 4638 in
1914 4599 2078 4639 vexa-

504 4670 654 4727 tione
705 4674 1082 4744 praedicasset.
1141 4672 1278 4727 Nam
1332 4676 1427 4744 qui
1460 4674 1811 4745 praedicando
1856 4674 2080 4746 decipit,

501 4778 784 4834 nunquam
815 4772 1036 4836 propter
1066 4765 1506 4835 praedicationem
1541 4781 1700 4822 suam
1733 4756 1922 4822 vexari
1950 4782 2078 4822 sus-

500 4858 749 4921 tinuerit,
813 4871 939 4911 cum
994 4872 1106 4912 non
1138 4858 1351 4913 nesciat
1382 4859 1527 4914 hanc
1558 4860 1735 4930 ipsam
1772 4857 2070 4914 alllictione

502 4962 611 5002 non
642 4962 861 5003 vacare.

580 5058 599 5091 ι
640 5038 827 5109 Neque
851 5038 919 5095 de
958 5040 1327 5109 immunditia,
1362 5058 1538 5114 neque
1566 5042 1621 5097 in
1647 5042 1797 5105 dolo,
1830 5042 1927 5097 sed
1964 5043 2077 5098 sic-

2117 4474 2161 4530 D

502 5139 562 5185 ut
624 5133 839 5202 probati
910 5150 1102 5189 sumus
1155 5150 1184 5188 a
1224 5134 1333 5189 Deo
1370 5176 1385 5199 ,
1430 5144 1491 5189 ut
1532 5134 1860 5191 crederetur
1914 5134 2078 5189 nobis

502 5221 858 5293 Evangelium
890 5225 1004 5291 ;ita
1054 5224 1352 5295 loquimur,
1383 5242 1491 5281 non
1542 5226 1703 5296 quasi
1754 5225 2078 5281 hominibus

500 5312 801 5382 placentes,
816 5312 911 5369 sed
932 5313 1040 5368 Deo
1061 5318 1152 5385 qui
1178 5316 1374 5386 probat
1393 5315 1561 5370 corda
1590 5325 1808 5370 nostra.
1824 5314 2077 5387 [Vens.5,

499 5402 581 5476 6.]
611 5404 799 5476 Neque
831 5407 976 5462 enim
1011 5408 1306 5480 aliquando
1337 5410 1499 5479 217
1520 5408 1798 5464 fuimusin
1826 5422 2082 5465 sermone

500 5496 853 5563 adulationis,
887 5501 1036 5556 sicut
1086 5503 1268 5567 scitis,
1303 5518 1484 5573 neque
1528 5504 1584 5556 in
1621 5501 1916 5557 occasione
1946 5517 2080 5556 ava-

500 5588 642 5644 ritia:
676 5588 861 5660 (Deus
916 5594 1078 5648 testis
1114 5594 1257 5665 est),
1292 5610 1392 5649 nec
1424 5603 1731 5664 quaerentes
1756 5593 1826 5648 ab
1850 5594 2082 5649 hemini-

500 5682 605 5738 bus
650 5683 902 5755 gloriam,
942 5700 1119 5756 neque
1148 5704 1177 5741 a
1216 5688 1392 5751 vobis,
1431 5701 1607 5758 neque
1636 5685 1705 5741 ah
1736 5686 1880 5742 aliis.
1915 5704 1933 5737 ι

576 5772 692 5831 Hoc
723 5784 827 5841 est,
880 5791 989 5832 non
1030 5779 1185 5837 vobis
1214 5780 1505 5850 loquentes
1554 5794 1677 5851 qua:
1704 5778 1948 5850 jucunda
1976 5793 2071 5834 es-

2181 3297 2373 3368 ὀργῆςο

2788 3388 3044 3443 ΚΕΦᾹΛ.
3082 3387 3159 3442 Β’.

2259 3501 2278 3535 ι
2308 3483 2477 3536 Αὐτοὶ
2521 3482 2629 3549 γὰρ
2676 3480 2876 3543 οἴδατε,
2909 3480 3153 3550 ἀδελφοὶ,
3204 3478 3305 3551 τὴν
3342 3478 3556 3533 εἴσοδον
3593 3479 3721 3551 ἡμῶν

2185 3575 2324 3647 πρὸς
2354 3576 2521 3645 ὑμᾶς,
2564 3575 2648 3628 ὅτι
2685 3574 2745 3626 οὐ
2775 3574 2908 3645 κενὴ
2936 3573 3179 3642 γέγονεν,
3209 3570 3347 3625 ἀλλά
3383 3572 3721 3641 προπαθόντες

2184 3668 2278 3722 καὶ
2306 3665 2678 3739 ὑϐρισθέντες,
2710 3663 2894 3728 καθὼς
2932 3664 3134 3727 οἴδατε,
3162 3665 3219 3717 ὲν
3247 3663 3564 3729 Φιλίπποις,
3583 3665 3721 3733 trag:-

2189 3758 2573 3832 ρησιασάμεθα
2604 3758 2664 3811 ὲν
2693 3756 2770 3828 τῷ
2802 3754 2921 3826 Θεῷ
2948 3755 3127 3825 ήμῶν,
3166 3754 3398 3825 λαλῆσαι
3437 3756 3573 3827 πρὸς
3608 3756 3723 3825 ὑμᾶς

2184 3856 2246 3907 τὸ
2272 3851 2608 3921 Εὐαγγέλιον
2634 3849 2729 3904 τοῦ
2782 3848 2919 3903 Θεοῦ
2955 3850 3015 3903 ὲν
3056 3847 3235 3919 πολλῷ
3278 3848 3476 3918 ἀγῶνι.
3537 3850 3597 3905 Ἦ
3637 3848 3724 3917 γάρ

2186 3944 2533 4017 παράκλησις
2558 3941 2739 4014 ἡμῶν.
2777 3961 2796 3994 ι

2255 4036 2462 4099 Αὐτοὺς
2497 4034 2655 4088 καλεί
2697 4032 2984 4105 μάρτυρας
3014 4032 3153 4104 πρὸς
3181 4031 3324 4097 οὐςό
3360 4032 3545 4103 λόγος,
3580 4034 3653 4086 ὅτι
3674 4030 3719 4099 δὴ

2186 4127 2385 4191 αὐτοὺς
2418 4125 2617 4179 εἰδέναι
2648 4123 2919 4195 βούλεται,
2948 4126 3029 4178 ὅτι
3071 4124 3169 4178 οὐκ
3197 4124 3561 4196 ὀκνηρότερον
3593 4125 3720 4178 αὐτὸν

2186 4219 2411 4291 ἐποίησε
2464 4218 2599 4289 πρὸς
2639 4218 2701 4270 τὸ
2746 4217 2925 4270 αὐτῶν
2962 4218 3242 4289 κήρυγμα,
3290 4218 3322 4286 ἡ
3375 4220 3434 4271 ὲν
3473 4218 3721 4273 Φιλίπποις

2187 4310 2490 4381 γειναμένη
2533 4308 2731 4377 θλίψις.
2762 4307 2934 4361 Τοῦτο
2962 4306 3019 4360 δὲ
3050 4306 3335 4379 προτροπὴ
3368 4307 3621 4379 λεληθυῖα
3651 4302 3721 4357 τοῦ

2188 4405 2449 4474 γενναίως
2478 4400 2774 4471 ὑποφέρειν
2797 4399 2894 4464 τὰς
2916 4398 3147 4468 θλίψεις.

2266 4515 2283 4546 ι
2320 4496 2434 4549 Οὐκ
2471 4496 2535 4548 ὲκ
2565 4493 2794 4564 πλάνης.
2828 4510 2846 4543 ι

2260 4589 2373 4642 Καὶ
2404 4589 2596 4640 τούτου
2633 4587 2881 4657 σημεῖον,
2911 4586 3040 4649 τοὺς
3070 4587 3127 4639 ὲν
3168 4584 3345 4657 θλίψει
3396 4587 3643 4659 κηρύξαι.
3680 4586 3719 4636 '0

2186 4679 2296 4751 γάρ
2322 4678 2538 4732 πλανῶν
2586 4680 2642 4731 ὲν
2686 4676 2765 4748 τῷ
2813 4676 3152 4749 κηρύγματι,
3195 4679 3297 4732 οὐκ
3328 4679 3398 4733 ἄν
3446 4698 3574 4733 ποτε
3614 4678 3725 4743 ὑπὲρ

2186 4769 2351 4823 αὐτοῦ
2380 4769 2475 4822 τοῦ
2518 4768 2875 4840 κηρύγματος
2903 4768 3084 4838 θλίψιν
3112 4769 3376 4841 ὑπομένοι
3394 4810 3412 4836 ,
3442 4769 3596 4834 εἰδὼς
3620 4767 3722 4821 αὐτὸ

2185 4860 2344 4914 τοῦτο
2372 4860 2550 4927 θλίψιν
2578 4860 2841 4932 ὑπάρχον.

2263 5057 2281 5089 ι
2316 5037 2449 5090 Οὐδὲ
2474 5035 2533 5101 ἐξ
2562 5035 2925 5106 ἀκαθαρσίας,
2959 5036 3085 5090 οὐτε
3124 5039 3181 5091 ὲν
3208 5036 3371 5109 δόλῳ,
3403 5038 3542 5093 ἀλλά
3570 5035 3722 5097 καθὼς

2186 5127 2633 5199 δεδοκιμάσμεθα
2657 5128 2761 5180 ὐπὸ
2786 5126 2880 5181 τοῦ
2918 5128 3074 5195 Θεοῦ,
3108 5129 3468 5200 πιστευθῆναι
3495 5130 3555 5183 τὺ
3578 5130 3723 5193 Εὐαγ-

2185 5223 2389 5290 γέλιον,
2419 5220 2565 5274 οὐτω
2591 5220 2891 5291 λαλοῦμεν,
2925 5222 3024 5291 οὐχ
3052 5220 3127 5285 ὡς
3156 5221 3467 5294 ἀνθρώποις
3496 5222 3723 5294 ἀρέσκον-

2184 5332 2295 5380 τες,
2340 5314 2480 5368 ἀλλά
2535 5314 2612 5383 τῷ
2671 5313 2810 5385 Θεῷ,
2857 5314 2937 5383 τῷ
2983 5314 3336 5385 δοκιμάζοντι
3380 5315 3481 5379 τάς
3530 5312 3721 5384 καρδίαις

2184 5406 2363 5478 ἡμῶν.
2391 5406 2527 5461 Οὔτε
2571 5406 2681 5476 γάρ
2711 5423 2841 5460 ποτε
2876 5408 2935 5459 ὲν
2970 5406 3114 5478 λόγῳ
3152 5407 3443 5471 κολακείας
3488 5403 3718 5475 ἐγενήθη-

2187 5518 2307 5570 μεν,
2336 5498 2519 5564 καθὼς
2561 5500 2762 5563 οἴδατε,
2818 5498 2941 5552 οὐτε
2990 5500 3048 5552 ὲν
3081 5500 3353 5570 προφάσει
3399 5495 3685 5561 πλεονεξίας
3700 5503 3714 5517 ⁸

2185 5593 2317 5656 Θεὸς
2349 5593 2592 5665 μάρτυς·
2624 5590 2747 5645 οὐτε
2790 5590 3081 5662 ζητοῦντες
3124 5592 3185 5657 ἐξ
3230 5590 3530 5664 ἀνθρώπων
3560 5585 3716 5650 δόξαν,

2184 5685 2304 5738 οὐδὲ
2331 5685 2421 5752 ὐφ’
2448 5684 2623 5755 ὑμῶν,
2649 5683 2772 5739 οὐτε
2794 5684 2902 5737 ἀπὸ
2937 5683 3135 5739 ἄλλων.
3166 5702 3185 5735 ι

2270 5778 2417 5833 Ἀντί
2442 5777 2558 5845 τοῦ,
2583 5777 2834 5849 λέγοντες
2858 5777 2985 5849 ὑμῖν
3014 5778 3081 5832 τά
3114 5776 3250 5848 πρὸς
3275 5777 3466 5849 ἡδονήν
3486 5793 3499 5808 ο
3524 5764 3711 5829 ἀλλὀὖ·
