3844 6410
152 379 268 442 909

1090 379 1185 447 ΙΝ.
1207 376 1444 438 EPIST.
1464 377 1563 436 AD
1597 374 2347 436 THESSAIDNICENSES
2386 378 2431 437 Ι.
3054 404 3089 433 εδ

3276 377 3380 441 910

150 509 272 554 τως
308 491 671 564 ἐκηρύξαμεν,
695 490 879 561 φησιν,
903 491 979 555 ὡς
1003 490 1326 561 ἐδοκίμασεν
1354 491 1499 560 ἡμᾶς
1523 490 1552 542 ὁ
1573 488 1723 551 Θεός.

1845 497 1999 543 ient:
2052 490 2144 544 sed
2216 490 2287 543 ita
2347 488 2789 559 praedicavimus,
2854 490 3052 560 inquit,
3102 496 3376 560 quomodo

153 585 233 635 Οὐ
274 585 384 656 γὰρ
427 582 736 655 ἀνθρώποις
761 583 1073 654 ὴρέσαμενο
1135 582 1256 637 οὐδὲ
1284 583 1393 653 γὰρ
1431 579 1722 636 ἐκολακεύ-

154 693 343 746 σαμεν
369 677 533 749 ὑμᾶς,
560 676 693 731 ἀλλὰ
718 676 789 730 τὰ
821 676 1054 731 ἐπίπονα
1085 674 1448 746 ἐκηρύξαμεν,
1489 692 1508 725 ι

232 873 263 905 ι
299 855 592 924 Δυνάμενοι
622 856 681 907 ἐν
707 854 861 925 βάρει
893 849 1037 908 εἶναι
1061 853 1136 915 ὡς
1155 851 1390 924 Χριστοῦ
1414 850 1721 914 ἀπόστολοι,

159 945 281 998 ἀλλ’
320 947 691 1016 ἐγεννήθημεν
723 947 877 1016 ἧπιοι
908 948 965 999 ἐν
998 947 1147 1015 μέσῳ
1181 946 1356 1015 ὑμῶν,
1384 945 1464 1005 ὡς
1506 942 1571 995 ἂν
1599 960 1725 1013 τρο-

164 1039 271 1107 φὸς
323 1038 501 1109 θάλπῃ
552 1041 621 1091 τά
671 1038 869 1107 ἐαυτῆς
924 1037 1111 1091 τέκνα.
1144 1036 1329 1099 Οὕτως
1381 1035 1716 1105 ίμειρόμενοι

165 1130 351 1200 ὑμῶν,
397 1128 724 1199 εὐδοκοῦμεν
776 1130 1096 1198 μεταδοῦναι
1135 1129 1290 1198 ύμῖν,
1344 1128 1404 1179 ού
1466 1128 1625 1196 μόνον
1666 1124 1727 1178 τὸ

162 1222 498 1289 Εύατγὲλιον
532 1220 626 1273 τοῦ
664 1218 818 1281 Θεοῦ,
851 1220 987 1273 ἀλλά
1025 1221 1120 1273 καὶ⁸
1150 1220 1247 1282 τάς
1287 1216 1491 1271 ἑαυτῶν
1521 1216 1723 1285 ψυχὰς,

161 1313 304 1366 διότι
341 1312 611 1383 ἀγαπητοὶ
638 1312 768 1382 ἡμῖν
809 1310 1127 1381 γεγένησθε.
1170 1307 1555 1379 Μνημονεύετε
1592 1306 1723 1377 γὰρ,

162 1404 409 1472 ἀδελφοὶ,
442 1402 532 1455 τὸν
562 1402 727 1455 κόπον
754 1402 933 1472 ἡμῶν,
967 1402 1062 1454 xui.
1103 1400 1195 1453 τὸν
1258 1398 1457 1469 μόχθον
1483 1415 1497 1430 ν
1533 1397 1727 1459 νυκτὸς

163 1496 279 1566 γὰρ
306 1495 401 1547 καὶ
431 1494 643 1565 ἡμέρας
670 1492 1024 1563 ἐργαζόμενοι
1047 1491 1180 1563 πρὸς
1205 1491 1265 1543 τὸ
1294 1490 1367 1560 μὴ
1398 1486 1727 1557 ἐπιϐαρῆσαί

162 1604 293 1640 τινα
324 1585 498 1656 ὑμῶν,
529 1584 874 1655 ἐκηρύξαμεν
903 1586 982 1646 είς
1014 1585 1156 1653 ὑμᾶς
1187 1581 1249 1635 τὸ
1268 1580 1600 1649 Εύαγγέλιον
1632 1577 1726 1630 τοῦ

164 1677 328 1730 Θεοῦ.
370 1676 557 1745 Ὑμεῖς
588 1676 695 1749 γὰρ
732 1676 1026 1745 μάρτυρες,
1070 1675 1165 1728 καὶ
1197 1675 1225 1726 ό
1257 1672 1408 1739 Θεὸς,
1430 1670 1504 1733 ὡς
1545 1669 1725 1734 ὁσίως,

169 1769 268 1820 καὶ
300 1765 548 1828 δικαίως,
576 1766 671 1818 καὶ
712 1764 1015 1834 ἀμέμπτως
1047 1763 1177 1832 ὑμῖν
1223 1764 1335 1823 τοῖς
1380 1757 1727 1812 πιστεύουσιν

1825 579 1969 635 Deus
1996 581 2065 635 de
2098 581 2260 635 nobis
2302 580 2603 648 periculum
2633 582 2783 636 fecit.
2814 579 2933 635 Non
2968 582 3114 637 enim
3146 582 3381 638 homini-

1825 673 1926 728 bus
1947 673 2278 742 placuimus:
2310 673 2505 743 quippe
2535 674 2751 743 quinon
2774 674 2977 729 adulati
3001 675 3176 730 simus
3204 678 3374 741 vobis,

1825 763 1919 819 sed
1954 780 2074 833 qua:
2101 779 2291 833 aspera
2320 772 2525 832 essent,
2559 766 2925 821 docuerimus.

1896 855 2059 912 Vens.
2094 856 2234 910 7-1-5.
2268 875 2285 906 ι
2331 858 2466 911 Cum
2510 872 2796 926 possemus
2841 858 2996 914 vobis
3052 859 3205 914 oneri
3259 874 3380 915 esse

1826 956 1886 1002 ut
1911 947 2123 1003 Christi
2154 948 2407 1017 apostoli,
2436 949 2529 1003 sed
2563 948 2692 1004 facti
2718 965 2908 1006 sumus
2940 952 3151 1020 parvuli
3187 952 3239 1006 in
3266 968 3380 1007 me-

1826 1040 1917 1095 dio
1935 1048 2197 1101 vestrum,
2236 1046 2495 1109 tanquam
2522 1040 2569 1096 si
2603 1042 2793 1095 nutrix
2843 1040 3023 1096 foveat
3051 1044 3194 1098 ﬁlios
3223 1059 3376 1100 suos.

1826 1129 1902 1184 Ita
1957 1129 2338 1185 desiderantes
2397 1144 2496 1185 vos
2536 1131 2762 1200 cupide,
2821 1131 3142 1187 volebamus
3166 1133 3381 1189 tradere

1826 1217 2000 1277 vobis,
2052 1231 2162 1271 non
2198 1216 2373 1271 solum
2398 1215 2751 1288 Evangelium
2781 1218 2900 1286 Dei,
2933 1219 3029 1275 sed
3077 1223 3236 1275 etiam
3262 1222 3377 1276 ani-

1826 1324 1946 1365 mas
1972 1319 2209 1373 nostras,
2242 1311 2499 1380 quoniam
2545 1312 2851 1368 cliarissimi
2885 1314 3045 1370 nobis
3070 1315 3194 1370 facti
3226 1318 3379 1372 estis.

1828 1400 2092 1457 Memores
2116 1402 2259 1457 enim
2292 1402 2451 1467 estis,
2479 1402 2699 1467 fratres,
2734 1405 2938 1461 laboris
2972 1407 3147 1461 nostri
3174 1414 3229 1461 et
3252 1406 3379 1462 fati-

1827 1493 2061 1561 gationis
2086 1510 2105 1545 ε
2147 1502 2308 1550 nocte
2336 1502 2390 1550 et
2419 1495 2508 1550 die
2525 1505 2837 1567 operantes,
2870 1514 2937 1553 ne
2962 1514 3120 1569 quem
3144 1508 3382 1555 vestrum

1829 1595 2207 1647 gravarenius,
2257 1581 2676 1651 prmdicarimus
2723 1586 2781 1642 in
2832 1588 2986 1644 vobis
3029 1587 3381 1660 Evangelium

1827 1667 1944 1723 Dei.
1999 1667 2106 1724 Vos
2141 1671 2284 1724 enim
2318 1680 2479 1728 testes
2509 1676 2639 1730 estis
2696 1686 2749 1729 et
2796 1675 2960 1741 Deus,
2998 1693 3159 1748 quam
3194 1688 3384 1735 sancte

1827 1768 1882 1812 et
1914 1758 2084 1829 juste,
2106 1767 2159 1815 et
2190 1762 2308 1817 sine
2355 1765 2575 1832 querela
2603 1766 2781 1829 vobis,
2813 1768 2907 1836 qui
2931 1768 3256 1835 credidistis,
3278 1769 3385 1835 {uie

176 1859 517 1928 ἐγενήθημεν
537 1873 551 1888 ·
586 1854 837 1925 καθάπερ
863 1855 1058 1920 οἴδατε,
1078 1853 1153 1915 ὡς
1176 1852 1271 1904 ἕνα
1299 1850 1527 1904 ἕκαστον
1552 1848 1724 1918 ὑμῶν,

1845 1866 1952 1905 nus
1985 1870 1998 1905 :
2034 1852 2177 1907 sicut
2203 1854 2379 1920 scitis,
2412 1857 2645 1925 qualiter
2682 1874 3125 1930 unumquemque
3142 1869 3383 1917 vestrum

164 1950 243 2012 ὡς
269 1948 452 2018 πατὴρ
484 1948 649 2000 τέκνα
687 1946 905 2013 ἐαυτοῦ,
944 1943 1386 2016 παρακαλοῦντες
1427 1941 1591 2011 ὑμᾶς,
1636 1940 1730 1993 καὶ

167 2040 678 2113 παραμυθούμενοι,
716 2041 810 2091 καὶ
836 2038 1239 2109 μαρτυρόμενοι
1276 2035 1356 2096 είς
1394 2033 1454 2085 τὸ
1496 2046 1731 2102 περιπα·

164 2134 335 2203 τῆσαι
362 2132 506 2201 ὑμᾶς
533 2128 698 2194 ἀξίως
720 2129 813 2182 τοῦ
846 2128 1001 2190 Θεοῦ,
1030 2127 1123 2180 τοῦ
1166 2124 1459 2188 καλοῦντος
1484 2124 1627 2195 ὑμᾶς
1651 2124 1732 2186 είς

166 2226 268 2291 τὴν
295 2220 488 2275 ἐαυτοῦ
522 2219 795 2291 βασιλείαν
818 2221 911 2273 καὶ
936 2217 1114 2283 δόξαν.
1138 2218 1234 2271 Διά
1263 2215 1423 2269 τοῦτο
1450 2215 1546 2269 καὶ
1570 2215 1732 2285 ἡμεῖς

168 2314 602 2386 εὐχαριστοῦμεν
635 2312 714 2383 τῷ
758 2311 876 2382 Θεῷ
914 2310 1305 2373 ἀδιαλείπτως,
1353 2309 1435 2362 ὃτι
1485 2305 1732 2378 παραλα-

168 2409 360 2471 6όντες
389 2408 545 2476 λόγον
588 2407 755 2477 ἀκοῆς
785 2404 915 2476 παρ’
955 2403 1110 2474 ἡμῶν
1148 2402 1240 2455 τοῦ
1270 2401 1424 2468 Θεοῦ,
1455 2397 1729 2464 ἐδέξασθε,

167 2502 231 2554 οὐ
257 2500 418 2568 λόγον
438 2499 533 2553 ἀνθ
543 2496 758 2570 ρώπων,
778 2496 934 2562 ἀλλὰ,
953 2493 1135 2558 καθώς
1155 2494 1302 2547 ἐστιν
1322 2491 1558 2564 ἀληθῶς,
1575 2489 1730 2558 λόγον

168 2590 332 2655 Θεοῦ,
376 2591 436 2655 ὃς
486 2590 580 2643 καὶ
624 2591 925 2660 ἐνεργεῖται
967 2590 1025 2640 ἐν
1058 2587 1185 2657 ὑμῖν
1218 2586 1328 2648 τοῖς
1361 2581 1728 2653 πιστεύουσιν.

180 2683 375 2753 Ὑμεῖς
448 2680 557 2752 γὰρ
632 2680 865 2751 μιμηταὶ
944 2678 1271 2748 ἐγενήθητε,
1327 2675 1573 2745 ἀδελφοὶ,
1625 2673 1733 2726 τῶν

182 2773 523 2843 Ἔκκλησιῶν
554 2772 645 2826 τοῦ
667 2771 825 2835 Θεοῦ,
853 2769 961 2825 τῶν
1008 2770 1182 2822 ούσῶν
1220 2769 1278 2821 ἐν
1316 2769 1381 2838 τῇ
1417 2763 1644 2836 Ἰουδαία
1675 2765 1734 2817 ἐν

170 2869 395 2937 Χριστῷ
438 2864 632 2937 Ἰησοῦ,
658 2866 740 2917 ὅτι
771 2864 841 2917 τὰ
872 2863 1009 2916 αύτά
1043 2861 1273 2915 ἐπάθετε
1311 2861 1405 2913 καὶ
1436 2860 1590 2929 ὑμεῖς
1627 2855 1734 2910 ἀπὸ

168 2963 281 3013 τῶν
309 2960 453 3013 ἰδίων
476 2956 851 3027 συμφυλετῶν,
869 2954 1051 3018 καθὼς
1068 2955 1164 3007 καὶ
1186 2955 1338 3008 αὐτοὶ
1360 2952 1464 3007 ὑπὸ
1491 2951 1597 3004 τῶν
1612 2951 1737 3004 Ἰου-

169 3053 359 3116 δαίων,
375 3052 483 3104 τῶν
513 3050 719 3103 καὶτὸν
746 3049 947 3118 Κύριον
981 3047 1420 3102 ἀποκτεινάντων
1454 3044 1676 3114 Ἰησοῦν.
1706 3063 1728 3108 ρ

242 3142 531 3197 Τουτέστιν
552 3182 567 3207 ,
602 3141 849 3195 ἀπαιτεῖν
888 3141 1024 3212 παρ’
1080 3139 1233 3211 ὑμῶν
1266 3139 1452 3210 τιμὰς,
1493 3137 1581 3243 ὡς.
1608 3152 1734 3189 τοσ-
1757 3182 1801 3243 c

170 3237 336 3291 οῦτον
385 3235 817 3308 ἐγχειρισθέντες
868 3234 1087 3304 ἀξίωμα
1113 3275 1126 3298 ,
1182 3232 1320 3287 ἀλλά
1361 3229 1732 3299 ταπεινότεροι

169 3330 283 3383 τῶν
314 3326 569 3399 μαθητῶν
600 3326 879 3397 γενόμενοι
906 3324 1240 3380 διδάσκαλοι.

249 3524 269 3557 ι
309 3504 419 3559 Καὶ
442 3502 568 3566 τοὺς
601 3500 767 3565 ἰδίους
795 3502 1097 3573 προφήτας,
1121 3502 1218 3555 καὶ
1250 3500 1400 3571 ἡμᾶς
1446 3496 1737 3564 ἐκδιωξάν-

170 3612 305 3660 των,
346 3595 441 3647 καὶ
459 3592 579 3663 Θεῷ
614 3592 690 3664 μὴ
719 3592 1081 3664 ἀρεσκόντων.
1120 3611 1141 3645 ι

245 3689 465 3750 Μέσους
519 3685 703 3757 τίθησι
749 3686 872 3748 τοὺς
912 3685 1195 3756 προφήτας
1226 3682 1322 3737 τοῦ
1384 3682 1587 3753 Κυρίου
1641 3681 1736 3735 καὶ

179 3780 295 3834 τῶν
326 3777 661 3841 ἀποστόλων,
691 3778 780 3831 ἴνα
835 3776 928 3830 καὶ
966 3776 1095 3846 περὶ⁸
1134 3773 1355 3837 τούτους
1382 3774 1527 3845 δείξῃ
1575 3788 1734 3840 γεγο-

171 3871 337 3931 νότας
361 3869 584 3933 κακοὺς,
620 3867 712 3931 οὓς
748 3865 1098 3938 ὁμολογοῦσιν
1140 3866 1301 3929 ἰδίους
1334 3860 1493 3919 εἶναι.
1525 3863 1636 3918 Καὶ
1673 3863 1735 3917 τὸ

176 3960 366 4031 μέσον,
406 3962 547 4013 ποιεῖ
572 3959 768 4022 αὐτοὺς
796 3958 876 4022 εἰς
898 3957 965 4011 τά
993 3955 1139 4029 ἄκρα
1158 3954 1384 4019 κακούς.

249 4156 270 4191 ι
316 4137 427 4190 Καὶ
475 4138 642 4190 πᾶσιν
691 4137 1001 4207 ἀνθρώποις
1067 4134 1359 4199 ἐναντίων,
1419 4134 1735 4188 κωλυόντων

168 4234 325 4302 ἡμᾶς
359 4233 473 4295 τοῖς
503 4231 681 4284 ἔθνεσι
711 4232 960 4301 λαλῆσαι,
992 4229 1083 4283 ἵνα
1115 4229 1383 4292 σωθῶσιν,
1414 4230 1494 4293 εἰς
1520 4230 1582 4282 τὸ
1607 4229 1738 4282 ἀνα-

173 4323 465 4393 πληρῶσαι
496 4322 677 4377 αὐτῶν
700 4322 798 4387 τὰς
827 4321 1100 4394 ἁμαρτίας
1122 4320 1378 4377 πάντοτε.
1412 4338 1431 4372 ι

245 4411 532 4466 Κωλύουσι
554 4413 662 4483 γάρ
688 4413 885 4475 αὐτοὺς
911 4410 1199 4475 σώζεσθαι.

246 4522 270 4555 ί
308 4501 579 4570 Ἐφθασεν
608 4501 694 4555 ἐπ’
727 4503 923 4566 αὐτοὺς
959 4504 994 4575 ἡ
1045 4504 1184 4576 ὀργὴ
1214 4505 1295 4568 είς
1330 4504 1503 4567 τέλος.
1540 4504 1732 4574 Ἡμεῖς
1762 4523 1806 4579 υ

169 4596 249 4661 δὲ,
282 4596 520 4665 ἀδελφοὶ.
552 4596 1049 4667 ἀπορφανισθέντες
1074 4597 1167 4665 ἀφ’
1194 4597 1348 4668 ὑμῶν
1377 4599 1514 4669 πρὸς
1543 4596 1734 4668 καιρὸν
1780 4646 1788 4656 ,

172 4687 347 4758 ὥρας,
374 4685 670 4757 προσώπῳ,
710 4688 772 4740 ού
817 4687 1042 4760 καρδίᾳ,
1095 4690 1499 4759 περισσοτέρως
1538 4690 1735 4740 ἐσπου-

172 4780 419 4848 δάσαμεν
438 4779 500 4830 τὸ
530 4779 819 4848 πρόσωπον
846 4779 1000 4848 ὑμῶν
1026 4779 1154 4832 ίδεῖν
1177 4783 1233 4833 ἐν
1256 4779 1422 4849 πολλῇ
1448 4778 1730 4848 ἐπιθυμίᾳ.

172 4871 265 4922 Διὸ
297 4868 639 4939 ἠθελήσαμεν
668 4869 841 4921 ἐλθεῖν
873 4869 1007 4940 πρὸς
1035 4870 1198 4940 ὑμᾶς,
1229 4868 1340 4937 ἐγὼ
1369 4868 1469 4937 μὲν
1503 4867 1721 4933 Παῦλος

176 4961 274 5014 καὶ
296 4960 467 5026 ἅπαξ,
496 4960 590 5012 καὶ
626 4960 728 5023 δίς.
766 4980 786 5013 ι

255 5054 405 5107 ’Δντὶ
428 5051 545 5118 τοῦ,
577 5050 980 5122 ἐπληρώθησαν
1006 5050 1185 5104 αὐτῶν
1216 5052 1273 5104 αἱ
1301 5050 1590 5121 ἁμαρτίαι.

251 5242 271 5275 ι
303 5224 415 5276 Καὶ
441 5222 697 5292 ἐνέκοψεν
728 5223 874 5292 ὑμᾶς
902 5225 930 5276 ό
960 5225 1227 5287 Σατανᾶς.
1260 5242 1278 5275 ι

254 5314 472 5385 Ἐπειδὴ
507 5315 563 5367 αί
601 5314 807 5383 θλίψεις
839 5315 896 5367 αἱ
940 5314 1028 5368 διὰ
1073 5315 1133 5368 τὸ
1164 5316 1444 5387 κήρυγμα,
1496 5314 1735 5368 ἐνεπόδι-

169 5423 295 5472 σαν,
321 5392 515 5459 τούτου
548 5405 705 5476 χάριν
728 5404 897 5467 αὑτὰς
932 5404 1031 5467 τὰς
1064 5405 1273 5474 θλίψεις
1327 5404 1609 5474 ἀνατίθησι
1660 5405 1736 5475 τῷ

169 5498 407 5568 Σατανᾷ.
449 5498 688 5560 Ἐκεῖνος
716 5498 824 5567 γὰρ
851 5492 918 5567 ἦν
951 5497 981 5549 ό
1013 5498 1336 5568 ἐπεγείρων,
1372 5497 1466 5550 καὶ
1500 5498 1735 5569 παροξύ-

171 5606 280 5643 νων
311 5588 452 5643 κατά
478 5588 588 5641 τῶν
615 5587 926 5641 ἀποστόλων
948 5589 1074 5652 τοὺς
1105 5589 1389 5652 ἀπίστους.

252 5786 270 5817 ι
309 5766 403 5828 Τίς
436 5766 542 5835 γὰρ
570 5764 725 5834 ἡμῶν
757 5765 937 5828 ἐλπὶς,
985 5765 1017 5833 ἦ
1050 5766 1213 5835 χαρὰ,
1248 5766 1281 5833 ἢ
1314 5783 1576 5834 στεφανος
1602 5783 1732 5820 καυ-

1831 1941 2010 2012 (sicut
2039 1952 2194 2013 pater
2217 1943 2360 2002 ﬁlios
2398 1946 2567 2018 suos)
2594 1948 2951 2018 deprecantes
2979 1967 3076 2006 vos
3107 1962 3159 2006 et
3189 1966 3382 2006 conso-

1829 2033 2024 2100 iantes,
2063 2036 2332 2092 testiﬁcati
2363 2054 2576 2105 sumus,
2603 2042 3034 2099 utamhularetis
3060 2044 3222 2115 digne
3244 2045 3378 2111 Deo,

1829 2126 1922 2196 qui
1952 2129 2167 2183 vocavit
2192 2145 2289 2186 vos
2341 2131 2396 2185 in
2426 2148 2584 2187 suum
2624 2149 2848 2204 regnum
2881 2144 2936 2191 et
2977 2136 3225 2205 gloriam.
3258 2137 3385 2193 Ideo

1828 2214 1999 2273 ethos
2029 2220 2228 2288 gratias
2268 2222 2479 2292 agimus
2518 2223 2627 2280 Deo
2656 2226 2775 2281 sine
2797 2227 3224 2293 intermissione,
3246 2245 3383 2300 quo-

1828 2304 1973 2359 niam
2007 2321 2131 2361 cum
2162 2311 2506 2377 accepissctis
2534 2328 2562 2367 a
2588 2314 2744 2371 nobis
2775 2316 2997 2371 verbum
3029 2319 3245 2375 auditus
3269 2318 3382 2385 Dei,

1830 2396 2117 2466 accepistis
2139 2398 2293 2465 illud,
2315 2417 2422 2456 non
2446 2414 2504 2458 ut
2530 2406 2752 2460 verbum
2779 2406 3080 2475 hominum,
3116 2409 3212 2465 sed
3233 2415 3249 2474 (
3270 2410 3383 2466 sic-

1831 2494 1890 2540 ut
1918 2499 2002 2544 est
2027 2492 2180 2562 vere)
2212 2495 2435 2550 verbum
2467 2498 2583 2562 Dei,
2607 2499 2700 2569 qui
2748 2509 2799 2554 et
2845 2508 3100 2571 operatur
3122 2506 3176 2557 In
3204 2504 3380 2569 vobis,

1830 2578 1924 2648 qui
1984 2582 2315 2641 credidistis.
2371 2586 2475 2642 Vos
2507 2591 2649 2644 enim
2702 2591 3005 2651 imitatores
3037 2594 3167 2650 facti
3224 2598 3381 2659 estis,

1831 2666 2053 2732 fratres,
2112 2670 2480 2730 Ecclesiarum
2530 2676 2648 2741 Dei,
2685 2696 2805 2749 qua:
2841 2690 2969 2737 sunt
3015 2683 3071 2738 in
3108 2682 3295 2739 Judaea
3322 2686 3377 2740 in

1831 2756 2048 2815 Christo
2076 2758 2206 2818 Jesu
2235 2780 2250 2818 :
2278 2765 2406 2835 quia
2435 2766 2620 2823 eadem
2654 2772 2800 2838 passi
2827 2772 2960 2827 estis
2983 2781 3039 2828 et
3068 2788 3169 2829 vos
3197 2790 3227 2829 ο
3250 2791 3383 2831 οοιι-

1831 2850 2126 2910 tribulibus
2187 2858 2407 2922 vestris,
2447 2860 2591 2914 sicut
2638 2870 2693 2916 et
2754 2863 2854 2932 ipsi
2885 2863 3161 2933 aJudaeis,
3210 2869 3303 2939 qui
3331 2878 3385 2925 et

1835 2937 2121 2997 Dominum
2152 2944 2472 3001 occiderunt
2495 2946 2701 3006 Jesum.
2730 2971 2749 3003 ι

1899 3118 2017 3175 Hoc
2063 3130 2169 3189 est,
2229 3140 2354 3180 cum
2413 3142 2699 3197 possemus
2763 3132 2994 3201 pretium
3038 3148 3071 3187 a
3107 3135 3264 3192 vobis
3327 3146 3384 3192 et

1836 3212 2140 3269 mercedem
2197 3219 2439 3289 exigere,
2473 3236 2568 3275 ceu
2599 3222 2692 3292 qui
2744 3222 3014 3292 ejusmodi
3036 3241 3261 3283 munere
3289 3243 3383 3284 or-

1834 3300 1948 3354 nati
1976 3315 2225 3359 essemus
2253 3321 2267 3370 ;
2300 3305 2417 3370 sed,
2442 3307 2541 3363 etsi
2566 3310 2811 3380 magistri
2851 3327 3093 3380 eramus,
3145 3315 3386 3388 discipu-

1834 3392 1903 3448 lis
1945 3393 2266 3453 humiliores
2288 3414 2391 3453 nos
2413 3401 2759 3470 praebuimus.

1909 3502 1929 3536 ι
1962 3484 2029 3539 Et
2077 3488 2372 3558 prophetas
2429 3507 2582 3559 suos,
2604 3504 2657 3550 et
2692 3511 2793 3551 nos
2833 3499 3107 3567 persecuti
3145 3510 3294 3567 sunt,
3332 3513 3388 3558 et

1834 3571 1946 3631 Deo
1972 3592 2079 3631 non
2116 3579 2355 3649 placent.
2383 3602 2403 3634 ι

1903 3666 2080 3723 Medio
2110 3670 2250 3737 loco,
2279 3671 2568 3731 Dominum
2591 3676 2737 3733 inter
2758 3684 2816 3733 et
2833 3680 3132 3748 apostolos,
3156 3683 3389 3754 prophe-

1834 3766 1921 3813 tas
1950 3762 2124 3831 ponit,
2154 3770 2215 3817 ut
2234 3766 2488 3820 ostendat
2510 3765 2725 3824 Iudaeos
2748 3784 2905 3825 suam
2959 3771 3221 3827 malitiam
3258 3790 3387 3845 erga

1834 3848 1957 3905 illos
1983 3850 2306 3919 prodidisse,
2347 3854 2486 3923 ques
2508 3856 2735 3925 gentiles
2763 3872 2892 3913 suos
2915 3871 3039 3913 esse
3066 3856 3393 3915 faterentur.-

1835 3938 2103 4011 Quodque
2158 3943 2456 4013 prephetas
2515 3946 2693 4001 medio
2724 3947 2847 4003 loco
2876 3949 3087 4016 statuit,
3129 3960 3388 4007 extrema:

1835 4033 1959 4089 illos
1988 4035 2242 4104 nequitiae
2266 4050 2392 4093 esse
2418 4039 2708 4108 signiﬁcat.

1911 4143 1929 4177 ι
1967 4123 2034 4179 Et
2079 4127 2333 4183 omnibus
2386 4128 2699 4186 hominibus
2754 4130 3142 4198 adversantur;
3178 4132 3386 4204 [νεεδ.

1836 4215 1941 4288 16]
1963 4216 2312 4287 prohibentes
2339 4233 2441 4273 nos
2471 4220 2726 4290 gentibus
2752 4221 2924 4290 loqui,
2955 4231 3016 4278 ut
3034 4224 3200 4281 salvae
3229 4226 3384 4292 ﬁant,

1836 4316 1896 4362 ut
1921 4308 2182 4378 impleant
2209 4317 2431 4378 peccata
2455 4326 2553 4367 sua
2571 4328 2808 4385 semper.
2844 4335 2863 4367 ι

1907 4402 2111 4456 Arcent
2141 4402 2286 4456 enim
2316 4414 2372 4457 et
2397 4403 2700 4473 impediunt
2726 4422 2821 4462 eas
2845 4423 2913 4463 ne
2941 4408 3106 4465 salvae
3134 4408 3287 4468 ﬁant.

1886 4491 1931 4543 ‘c
1967 4491 2221 4549 Pervenit
2272 4494 2418 4548 enim
2448 4496 2527 4549 ira
2559 4512 2723 4567 super
2751 4498 2873 4556 illos
2917 4515 3093 4571 usque
3119 4502 3174 4556 in
3202 4502 3386 4559 ﬁnem.

1838 4578 2041 4651 [νεεδ.
2080 4582 2167 4645 17,
2193 4581 2309 4653 18.]
2330 4582 2439 4638 Nos
2459 4594 2661 4652 autem,
2692 4587 2905 4653 fratres,
2922 4589 3148 4645 desolati
3178 4606 3208 4645 a
3235 4593 3390 4647 vobis

1834 4672 1903 4725 ad
1932 4681 2149 4743 tempus
2184 4675 2350 4738 horte,
2386 4684 2610 4744 aspectu
2662 4692 2771 4731 non
2803 4680 2991 4745 corde,
3020 4682 3391 4739 abundantius

1836 4759 2214 4817 festinavimus
2237 4763 2428 4818 faciem
2469 4775 2705 4820 vestram
2739 4768 2927 4824 videre
2948 4784 3070 4825 cum
3096 4772 3268 4827 multo
3291 4774 3389 4827 de-

1834 4852 2036 4908 siderio
2072 4872 2085 4907 :
2116 4856 2374 4923 quoniam
2393 4855 2663 4911 voluimus
2695 4859 2880 4914 venire
2910 4860 2977 4916 ad
3003 4876 3118 4928 vos,
3144 4877 3247 4934 ego
3265 4866 3389 4934 qui-

1835 4942 1957 4999 dem
2000 4944 2202 5000 Paulus
2227 4952 2281 5000 et
2310 4946 2475 5000 semel
2500 4954 2557 5001 et
2582 4947 2800 5003 iterum.
2840 4968 2859 4999 ι

1906 5036 2011 5091 Pro
2044 5052 2200 5093 eeac
2252 5038 2300 5094 si
2338 5039 2587 5096 diceret:
2650 5043 2927 5115 Completa
2986 5054 3116 5101 sunt
3168 5058 3391 5115 peccata

1835 5144 2048 5184 eorum.

1910 5239 1930 5271 ι
1956 5219 2062 5275 Sed
2094 5221 2377 5292 impedivit
2405 5240 2506 5281 nos
2535 5226 2786 5283 Satanas.
2824 5247 2843 5279 ι

1909 5308 2177 5375 Quoniam
2209 5311 2527 5370 aﬁlictioues
2554 5332 2691 5385 quas
2729 5326 2945 5386 propter
2978 5316 3395 5387 praedicationes

1836 5401 2198 5471 pertulerant,
2256 5403 2393 5474 ipsis
2458 5405 2849 5475 impedimento
2873 5405 3109 5476 fuerant,
3151 5424 3271 5464 eam
3322 5414 3393 5463 oh

1836 5508 1950 5548 rem
1999 5493 2121 5549 illas
2162 5495 2410 5549 attribuit
2467 5494 2701 5551 Satanae.
2730 5498 2866 5550 Nam
2900 5498 2946 5552 is
2979 5508 3097 5554 erat
3144 5504 3239 5571 qui
3270 5502 3393 5557 iuti-

1836 5585 1985 5641 deles
2039 5587 2305 5643 adversus
2340 5588 2660 5658 Apostolum
2683 5588 2960 5643 excitabat
2988 5598 3042 5645 et
3086 5591 3392 5650 instimula-

1837 5675 1932 5731 bat

1904 5769 2069 5840 218
2103 5770 2264 5826 Vens.
2304 5770 2391 5839 t9,
2418 5770 2506 5825 20.
2548 5790 2564 5822 ι
2592 5772 2723 5836 Qme
2749 5780 2833 5829 est
2859 5775 3003 5830 enim
3032 5784 3216 5831 nostra
3244 5790 3392 5838 spes,
