  <div class='ocr_page' id='page_1' title='image "/cluster/home/n/w/nwhite01/storage/ocr_20150623/95/hvd.32044019208057/461.png"; bbox 0 0 3844 6402; ppageno 0'>
   <div class='ocr_carea' id='block_1_1' title="bbox 500 358 3678 431">
    <p class='ocr_par' dir='ltr' id='par_1_1' title="bbox 500 358 3678 431">
     <span class='ocr_line' id='line_1_1' title="bbox 500 358 3678 431; baseline 0.003 -10"><span class='ocrx_word' id='word_1_1' title='bbox 500 358 607 423; x_wconf 66' lang='grc'><strong>911</strong></span> <span class='ocrx_word' id='word_1_2' title='bbox 1276 374 1279 377; x_wconf 85' lang='grc'><em>’</em></span> <span class='ocrx_word' id='word_1_3' title='bbox 1644 362 1705 420; x_wconf 90' lang='lat' dir='ltr'><strong>S.</strong></span> <span class='ocrx_word' id='word_1_4' title='bbox 1729 361 2045 421; x_wconf 85' lang='lat' dir='ltr'><strong>JOANNIS</strong></span> <span class='ocrx_word' id='word_1_5' title='bbox 2084 361 2509 423; x_wconf 76' lang='lat' dir='ltr'><strong>DAMASCENI</strong></span> <span class='ocrx_word' id='word_1_6' title='bbox 3594 366 3678 431; x_wconf 71' lang='lat'><strong>91?.</strong></span> 
     </span>
    </p>
   </div>
   <div class='ocr_carea' id='block_1_2' title="bbox 510 469 2050 553">
    <p class='ocr_par' dir='ltr' id='par_1_2' title="bbox 510 469 2050 542">
     <span class='ocr_line' id='line_1_2' title="bbox 510 469 2050 542; baseline -0.003 -16"><span class='ocrx_word' id='word_1_7' title='bbox 510 479 605 526; x_wconf 91' lang='lat' dir='ltr'><strong>aut</strong></span> <span class='ocrx_word' id='word_1_8' title='bbox 628 469 919 542; x_wconf 89' lang='lat' dir='ltr'><strong>gaudium,</strong></span> <span class='ocrx_word' id='word_1_9' title='bbox 948 477 1042 522; x_wconf 88' lang='lat' dir='ltr'><strong>aut</strong></span> <span class='ocrx_word' id='word_1_10' title='bbox 1065 483 1271 523; x_wconf 81' lang='lat' dir='ltr'><strong>corona</strong></span> <span class='ocrx_word' id='word_1_11' title='bbox 1305 469 1529 540; x_wconf 80' lang='lat' dir='ltr'><strong>gloriae?</strong></span> <span class='ocrx_word' id='word_1_12' title='bbox 1561 484 1741 526; x_wconf 87' lang='lat' dir='ltr'><strong>nonne</strong></span> <span class='ocrx_word' id='word_1_13' title='bbox 1758 481 1920 527; x_wconf 84' lang='lat' dir='ltr'><strong>etvos</strong></span> <span class='ocrx_word' id='word_1_14' title='bbox 1949 481 2050 526; x_wconf 77' lang='lat' dir='ltr'><strong>ann</strong></span> 
     </span>
    </p>
   </div>
   <div class='ocr_carea' id='block_1_3' title="bbox 2157 469 3678 553">
    <p class='ocr_par' dir='ltr' id='par_1_3' title="bbox 2178 473 3678 553">
     <span class='ocr_line' id='line_1_3' title="bbox 2178 473 3678 553; baseline 0.008 -29"><span class='ocrx_word' id='word_1_15' title='bbox 2178 473 2422 544; x_wconf 81' lang='grc' dir='ltr'>χήσεως;</span> <span class='ocrx_word' id='word_1_16' title='bbox 2452 477 2485 545; x_wconf 76' lang='grc' dir='ltr'>ἢ</span> <span class='ocrx_word' id='word_1_17' title='bbox 2535 476 2657 544; x_wconf 62' lang='grc' dir='ltr'>οὑχ).</span> <span class='ocrx_word' id='word_1_18' title='bbox 2706 477 2800 529; x_wconf 77' lang='grc' dir='ltr'>καὶ</span> <span class='ocrx_word' id='word_1_19' title='bbox 2828 478 2984 548; x_wconf 88' lang='grc' dir='ltr'>ὑμεῖς</span> <span class='ocrx_word' id='word_1_20' title='bbox 3025 478 3328 550; x_wconf 74' lang='grc' dir='ltr'>ἔμπροσθεν</span> <span class='ocrx_word' id='word_1_21' title='bbox 3366 480 3459 533; x_wconf 87' lang='grc' dir='ltr'><strong>τοῦ</strong></span> <span class='ocrx_word' id='word_1_22' title='bbox 3507 482 3678 553; x_wconf 71' lang='grc' dir='ltr'>Κυρίου</span> 
     </span>
    </p>
   </div>
   <div class='ocr_carea' id='block_1_4' title="bbox 507 560 2061 619">
    <p class='ocr_par' dir='ltr' id='par_1_4' title="bbox 507 560 2061 619">
     <span class='ocr_line' id='line_1_4' title="bbox 507 560 2061 619; baseline 0.001 -2"><span class='ocrx_word' id='word_1_23' title='bbox 507 563 797 617; x_wconf 89' lang='lat' dir='ltr'><strong>Dominum</strong></span> <span class='ocrx_word' id='word_1_24' title='bbox 848 569 1098 615; x_wconf 90' lang='lat' dir='ltr'><strong>nostrum</strong></span> <span class='ocrx_word' id='word_1_25' title='bbox 1156 560 1346 617; x_wconf 80' lang='lat' dir='ltr'><strong>Jesum</strong></span> <span class='ocrx_word' id='word_1_26' title='bbox 1398 562 1680 617; x_wconf 81' lang='lat' dir='ltr'><strong>Christum</strong></span> <span class='ocrx_word' id='word_1_27' title='bbox 1712 564 1846 619; x_wconf 90' lang='lat' dir='ltr'><strong>estis</strong></span> <span class='ocrx_word' id='word_1_28' title='bbox 1876 565 1932 617; x_wconf 91' lang='lat' dir='ltr'><strong>in</strong></span> <span class='ocrx_word' id='word_1_29' title='bbox 1967 564 2061 619; x_wconf 89' lang='lat' dir='ltr'><strong>ad-</strong></span> 
     </span>
    </p>
   </div>
   <div class='ocr_carea' id='block_1_5' title="bbox 507 646 2060 724">
    <p class='ocr_par' dir='ltr' id='par_1_5' title="bbox 507 646 2060 724">
     <span class='ocr_line' id='line_1_5' title="bbox 507 646 2060 724; baseline 0 -17"><span class='ocrx_word' id='word_1_30' title='bbox 507 664 672 708; x_wconf 88' lang='lat' dir='ltr'><strong>ventu</strong></span> <span class='ocrx_word' id='word_1_31' title='bbox 722 650 879 721; x_wconf 84' lang='lat' dir='ltr'><strong>ejus?</strong></span> <span class='ocrx_word' id='word_1_32' title='bbox 903 646 1015 704; x_wconf 82' lang='lat' dir='ltr'><strong>Vos</strong></span> <span class='ocrx_word' id='word_1_33' title='bbox 1046 652 1193 705; x_wconf 89' lang='lat' dir='ltr'><strong>enim</strong></span> <span class='ocrx_word' id='word_1_34' title='bbox 1250 653 1386 706; x_wconf 90' lang='lat' dir='ltr'><strong>estis</strong></span> <span class='ocrx_word' id='word_1_35' title='bbox 1421 653 1594 722; x_wconf 80' lang='lat' dir='ltr'><strong>gloria</strong></span> <span class='ocrx_word' id='word_1_36' title='bbox 1625 661 1814 707; x_wconf 90' lang='lat' dir='ltr'><strong>nostra</strong></span> <span class='ocrx_word' id='word_1_37' title='bbox 1847 664 1903 708; x_wconf 88' lang='lat' dir='ltr'><strong>et</strong></span> <span class='ocrx_word' id='word_1_38' title='bbox 1926 669 2060 724; x_wconf 91' lang='lat' dir='ltr'><strong>gau-</strong></span> 
     </span>
    </p>
   </div>
   <div class='ocr_carea' id='block_1_6' title="bbox 506 746 725 799">
    <p class='ocr_par' dir='ltr' id='par_1_6' title="bbox 506 746 725 799">
     <span class='ocr_line' id='line_1_6' title="bbox 506 746 725 799; baseline -0.014 -1"><span class='ocrx_word' id='word_1_39' title='bbox 506 746 679 799; x_wconf 83' lang='lat' dir='ltr'><strong>dium.</strong></span> <span class='ocrx_word' id='word_1_40' title='bbox 705 763 725 795; x_wconf 72' lang='grc' dir='ltr'><strong>ι</strong></span> 
     </span>
    </p>
   </div>
   <div class='ocr_carea' id='block_1_7' title="bbox 571 833 2060 907">
    <p class='ocr_par' dir='ltr' id='par_1_7' title="bbox 571 833 2060 907">
     <span class='ocr_line' id='line_1_7' title="bbox 571 833 2060 907; baseline 0 -17"><span class='ocrx_word' id='word_1_41' title='bbox 571 838 707 893; x_wconf 79' lang='lat' dir='ltr'><strong>Nam</strong></span> <span class='ocrx_word' id='word_1_42' title='bbox 742 838 834 907; x_wconf 91' lang='lat' dir='ltr'><strong>qui</strong></span> <span class='ocrx_word' id='word_1_43' title='bbox 867 836 1008 893; x_wconf 89' lang='lat' dir='ltr'><strong>inter</strong></span> <span class='ocrx_word' id='word_1_44' title='bbox 1033 835 1284 889; x_wconf 89' lang='lat' dir='ltr'><strong>doctores</strong></span> <span class='ocrx_word' id='word_1_45' title='bbox 1320 833 1602 889; x_wconf 89' lang='lat' dir='ltr'><strong>ordinatus</strong></span> <span class='ocrx_word' id='word_1_46' title='bbox 1654 844 1759 902; x_wconf 87' lang='lat' dir='ltr'><strong>est,</strong></span> <span class='ocrx_word' id='word_1_47' title='bbox 1804 850 2060 891; x_wconf 87' lang='lat' dir='ltr'><strong>coronam</strong></span> 
     </span>
    </p>
   </div>
   <div class='ocr_carea' id='block_1_8' title="bbox 508 925 2063 1001">
    <p class='ocr_par' dir='ltr' id='par_1_8' title="bbox 508 925 2063 1001">
     <span class='ocr_line' id='line_1_8' title="bbox 508 925 2063 1001; baseline -0.002 -16"><span class='ocrx_word' id='word_1_48' title='bbox 508 930 649 986; x_wconf 87' lang='lat' dir='ltr'><strong>hanc</strong></span> <span class='ocrx_word' id='word_1_49' title='bbox 668 940 722 985; x_wconf 90' lang='lat' dir='ltr'><strong>et</strong></span> <span class='ocrx_word' id='word_1_50' title='bbox 741 929 998 1001; x_wconf 77' lang='lat' dir='ltr'><strong>gaudium</strong></span> <span class='ocrx_word' id='word_1_51' title='bbox 1028 928 1208 993; x_wconf 92' lang='lat' dir='ltr'><strong>habet,</strong></span> <span class='ocrx_word' id='word_1_52' title='bbox 1236 934 1297 981; x_wconf 91' lang='lat' dir='ltr'><strong>ut</strong></span> <span class='ocrx_word' id='word_1_53' title='bbox 1326 925 1585 997; x_wconf 87' lang='lat' dir='ltr'><strong>discipuli</strong></span> <span class='ocrx_word' id='word_1_54' title='bbox 1625 942 1947 999; x_wconf 78' lang='lat' dir='ltr'><strong>progressus</strong></span> <span class='ocrx_word' id='word_1_55' title='bbox 1982 926 2063 982; x_wconf 86' lang='lat' dir='ltr'><strong>fa-</strong></span> 
     </span>
    </p>
   </div>
   <div class='ocr_carea' id='block_1_9' title="bbox 506 1024 676 1078">
    <p class='ocr_par' dir='ltr' id='par_1_9' title="bbox 506 1024 676 1078">
     <span class='ocr_line' id='line_1_9' title="bbox 506 1024 676 1078; baseline 0.006 -1"><span class='ocrx_word' id='word_1_56' title='bbox 506 1024 676 1078; x_wconf 80' lang='lat' dir='ltr'><strong>ciant.</strong></span> 
     </span>
    </p>
   </div>
   <div class='ocr_carea' id='block_1_10' title="bbox 1100 1114 1398 1171">
    <p class='ocr_par' dir='ltr' id='par_1_10' title="bbox 1100 1114 1398 1171">
     <span class='ocr_line' id='line_1_10' title="bbox 1100 1114 1398 1171; baseline 0.007 -2"><span class='ocrx_word' id='word_1_57' title='bbox 1100 1114 1253 1169; x_wconf 79' lang='lat' dir='ltr'><strong>CAP.</strong></span> <span class='ocrx_word' id='word_1_58' title='bbox 1305 1114 1398 1171; x_wconf 90' lang='lat' dir='ltr'><strong>Ill.</strong></span> 
     </span>
    </p>
   </div>
   <div class='ocr_carea' id='block_1_11' title="bbox 587 1203 2057 1274">
    <p class='ocr_par' dir='ltr' id='par_1_11' title="bbox 587 1203 2057 1274">
     <span class='ocr_line' id='line_1_11' title="bbox 587 1203 2057 1274; baseline 0 -17"><span class='ocrx_word' id='word_1_59' title='bbox 587 1203 746 1260; x_wconf 73' lang='lat' dir='ltr'><strong>Vens.</strong></span> <span class='ocrx_word' id='word_1_60' title='bbox 779 1206 893 1259; x_wconf 57' lang='lat'><strong>1.5.</strong></span> <span class='ocrx_word' id='word_1_61' title='bbox 923 1222 941 1256; x_wconf 80' lang='grc' dir='ltr'><strong>ι</strong></span> <span class='ocrx_word' id='word_1_62' title='bbox 979 1203 1205 1274; x_wconf 75' lang='lat' dir='ltr'><strong>Propter</strong></span> <span class='ocrx_word' id='word_1_63' title='bbox 1249 1204 1394 1274; x_wconf 88' lang='lat' dir='ltr'><strong>quod</strong></span> <span class='ocrx_word' id='word_1_64' title='bbox 1427 1220 1535 1259; x_wconf 91' lang='lat' dir='ltr'><strong>non</strong></span> <span class='ocrx_word' id='word_1_65' title='bbox 1574 1205 1909 1260; x_wconf 82' lang='lat' dir='ltr'><strong>sustinentes</strong></span> <span class='ocrx_word' id='word_1_66' title='bbox 1942 1220 2057 1257; x_wconf 81' lang='lat' dir='ltr'><strong>am-</strong></span> 
     </span>
    </p>
   </div>
   <div class='ocr_carea' id='block_1_12' title="bbox 494 1295 1168 1366">
    <p class='ocr_par' dir='ltr' id='par_1_12' title="bbox 494 1295 1168 1366">
     <span class='ocr_line' id='line_1_12' title="bbox 494 1295 1168 1366; baseline 0 -19"><span class='ocrx_word' id='word_1_67' title='bbox 494 1296 669 1366; x_wconf 84' lang='lat' dir='ltr'><strong>~plins,</strong></span> <span class='ocrx_word' id='word_1_68' title='bbox 697 1295 897 1365; x_wconf 87' lang='lat' dir='ltr'><strong>placuit</strong></span> <span class='ocrx_word' id='word_1_69' title='bbox 938 1297 1111 1350; x_wconf 86' lang='lat' dir='ltr'><strong>nobis.</strong></span> <span class='ocrx_word' id='word_1_70' title='bbox 1151 1314 1168 1347; x_wconf 75' lang='grc' dir='ltr'><strong>ι</strong></span> 
     </span>
    </p>
   </div>
   <div class='ocr_carea' id='block_1_13' title="bbox 578 1382 1871 1454">
    <p class='ocr_par' dir='ltr' id='par_1_13' title="bbox 578 1382 1871 1454">
     <span class='ocr_line' id='line_1_13' title="bbox 578 1382 1871 1454; baseline 0.001 -17"><span class='ocrx_word' id='word_1_71' title='bbox 578 1382 689 1437; x_wconf 85' lang='lat' dir='ltr'><strong>Hoc</strong></span> <span class='ocrx_word' id='word_1_72' title='bbox 712 1385 878 1438; x_wconf 87' lang='lat' dir='ltr'><strong>verbo</strong></span> <span class='ocrx_word' id='word_1_73' title='bbox 911 1384 1101 1454; x_wconf 89' lang='lat' dir='ltr'><strong>ingens</strong></span> <span class='ocrx_word' id='word_1_74' title='bbox 1123 1383 1243 1453; x_wconf 81' lang='lat' dir='ltr'><strong>ejus</strong></span> <span class='ocrx_word' id='word_1_75' title='bbox 1269 1399 1421 1438; x_wconf 90' lang='lat' dir='ltr'><strong>amor</strong></span> <span class='ocrx_word' id='word_1_76' title='bbox 1443 1385 1871 1441; x_wconf 87' lang='lat' dir='ltr'><strong>commendatur.</strong></span> 
     </span>
    </p>
   </div>
   <div class='ocr_carea' id='block_1_14' title="bbox 593 1474 2059 1536">
    <p class='ocr_par' dir='ltr' id='par_1_14' title="bbox 593 1474 2059 1536">
     <span class='ocr_line' id='line_1_14' title="bbox 593 1474 2059 1536; baseline 0.001 -8"><span class='ocrx_word' id='word_1_77' title='bbox 593 1497 611 1528; x_wconf 79' lang='grc' dir='ltr'><strong>ι</strong></span> <span class='ocrx_word' id='word_1_78' title='bbox 646 1477 942 1531; x_wconf 72' lang='grc' dir='ltr'>ιιθηιειηενθ</span> <span class='ocrx_word' id='word_1_79' title='bbox 973 1476 1223 1536; x_wconf 83' lang='lat' dir='ltr'><strong>Athenis,</strong></span> <span class='ocrx_word' id='word_1_80' title='bbox 1278 1476 1447 1530; x_wconf 91' lang='lat' dir='ltr'><strong>solis:</strong></span> <span class='ocrx_word' id='word_1_81' title='bbox 1494 1484 1548 1529; x_wconf 91' lang='lat' dir='ltr'><strong>et</strong></span> <span class='ocrx_word' id='word_1_82' title='bbox 1596 1476 1846 1530; x_wconf 89' lang='lat' dir='ltr'><strong>misimus</strong></span> <span class='ocrx_word' id='word_1_83' title='bbox 1873 1474 2059 1529; x_wconf 83' lang='lat' dir='ltr'><strong>Timo-</strong></span> 
     </span>
    </p>
   </div>
   <div class='ocr_carea' id='block_1_15' title="bbox 504 1567 2059 1632">
    <p class='ocr_par' dir='ltr' id='par_1_15' title="bbox 504 1567 2059 1632">
     <span class='ocr_line' id='line_1_15' title="bbox 504 1567 2059 1632; baseline 0 -11"><span class='ocrx_word' id='word_1_84' title='bbox 504 1569 686 1622; x_wconf 84' lang='lat' dir='ltr'><strong>theum</strong></span> <span class='ocrx_word' id='word_1_85' title='bbox 740 1567 961 1623; x_wconf 83' lang='lat' dir='ltr'><strong>fratrem</strong></span> <span class='ocrx_word' id='word_1_86' title='bbox 998 1577 1268 1632; x_wconf 90' lang='lat' dir='ltr'><strong>nostrum,</strong></span> <span class='ocrx_word' id='word_1_87' title='bbox 1298 1576 1351 1623; x_wconf 88' lang='lat' dir='ltr'><strong>et</strong></span> <span class='ocrx_word' id='word_1_88' title='bbox 1386 1568 1694 1623; x_wconf 90' lang='lat' dir='ltr'><strong>ministrum</strong></span> <span class='ocrx_word' id='word_1_89' title='bbox 1731 1568 1843 1625; x_wconf 84' lang='lat' dir='ltr'><strong>Dei.</strong></span> <span class='ocrx_word' id='word_1_90' title='bbox 1867 1578 1919 1621; x_wconf 89' lang='lat' dir='ltr'><strong>et</strong></span> <span class='ocrx_word' id='word_1_91' title='bbox 1961 1570 2059 1621; x_wconf 84' lang='lat' dir='ltr'><strong>ad-</strong></span> 
     </span>
    </p>
   </div>
   <div class='ocr_carea' id='block_1_16' title="bbox 497 1659 2061 1731">
    <p class='ocr_par' dir='ltr' id='par_1_16' title="bbox 497 1659 2061 1731">
     <span class='ocr_line' id='line_1_16' title="bbox 497 1659 2061 1731; baseline 0 -18"><span class='ocrx_word' id='word_1_92' title='bbox 497 1661 736 1729; x_wconf 67' lang='lat' dir='ltr'><strong>iutorem</strong></span> <span class='ocrx_word' id='word_1_93' title='bbox 787 1669 1035 1714; x_wconf 87' lang='lat' dir='ltr'><strong>nostrum</strong></span> <span class='ocrx_word' id='word_1_94' title='bbox 1070 1661 1125 1715; x_wconf 90' lang='lat' dir='ltr'><strong>in</strong></span> <span class='ocrx_word' id='word_1_95' title='bbox 1161 1659 1459 1731; x_wconf 85' lang='lat' dir='ltr'><strong>Evangelio</strong></span> <span class='ocrx_word' id='word_1_96' title='bbox 1505 1659 1734 1723; x_wconf 85' lang='lat' dir='ltr'><strong>Christi,</strong></span> <span class='ocrx_word' id='word_1_97' title='bbox 1762 1661 1829 1713; x_wconf 91' lang='lat' dir='ltr'><strong>ad</strong></span> <span class='ocrx_word' id='word_1_98' title='bbox 1853 1660 2061 1714; x_wconf 80' lang='lat' dir='ltr'><strong>confir-</strong></span> 
     </span>
    </p>
   </div>
   <div class='ocr_carea' id='block_1_17' title="bbox 2174 567 3678 645">
    <p class='ocr_par' dir='ltr' id='par_1_17' title="bbox 2174 567 3678 645">
     <span class='ocr_line' id='line_1_17' title="bbox 2174 567 3678 645; baseline 0.008 -28"><span class='ocrx_word' id='word_1_99' title='bbox 2174 567 2329 636; x_wconf 77' lang='grc' dir='ltr'><strong>ἡμῶν</strong></span> <span class='ocrx_word' id='word_1_100' title='bbox 2371 567 2546 638; x_wconf 83' lang='grc' dir='ltr'>Ἰησοῦ</span> <span class='ocrx_word' id='word_1_101' title='bbox 2571 569 2629 620; x_wconf 82' lang='grc' dir='ltr'><strong>ὲν</strong></span> <span class='ocrx_word' id='word_1_102' title='bbox 2662 572 2729 639; x_wconf 82' lang='grc' dir='ltr'>τῇ</span> <span class='ocrx_word' id='word_1_103' title='bbox 2758 569 2922 623; x_wconf 85' lang='grc' dir='ltr'>αὑτοῦ</span> <span class='ocrx_word' id='word_1_104' title='bbox 2953 572 3259 644; x_wconf 81' lang='grc' dir='ltr'>παρουσίᾳ;</span> <span class='ocrx_word' id='word_1_105' title='bbox 3296 573 3449 643; x_wconf 82' lang='grc' dir='ltr'>ὑμεῖς</span> <span class='ocrx_word' id='word_1_106' title='bbox 3466 575 3565 645; x_wconf 74' lang='grc' dir='ltr'><strong>γάρ</strong></span> <span class='ocrx_word' id='word_1_107' title='bbox 3583 576 3678 629; x_wconf 74' lang='grc' dir='ltr'>ἐστι</span> 
     </span>
    </p>
   </div>
   <div class='ocr_carea' id='block_1_18' title="bbox 2172 657 2954 731">
    <p class='ocr_par' dir='ltr' id='par_1_18' title="bbox 2172 657 2954 731">
     <span class='ocr_line' id='line_1_18' title="bbox 2172 657 2954 731; baseline 0.005 -23"><span class='ocrx_word' id='word_1_108' title='bbox 2172 658 2205 726; x_wconf 82' lang='grc' dir='ltr'>ἡ</span> <span class='ocrx_word' id='word_1_109' title='bbox 2233 657 2358 721; x_wconf 80' lang='grc' dir='ltr'>δόξα</span> <span class='ocrx_word' id='word_1_110' title='bbox 2380 657 2535 728; x_wconf 80' lang='grc' dir='ltr'>ἡμῶν</span> <span class='ocrx_word' id='word_1_111' title='bbox 2565 660 2658 711; x_wconf 75' lang='grc' dir='ltr'><strong>καῖ</strong></span> <span class='ocrx_word' id='word_1_112' title='bbox 2687 662 2720 730; x_wconf 83' lang='grc' dir='ltr'>ἡ</span> <span class='ocrx_word' id='word_1_113' title='bbox 2750 660 2909 731; x_wconf 62' lang='grc' dir='ltr'>χαρά.</span> <span class='ocrx_word' id='word_1_114' title='bbox 2937 680 2954 712; x_wconf 75' lang='grc' dir='ltr'><strong>ι</strong></span> 
     </span>
    </p>
   </div>
   <div class='ocr_carea' id='block_1_19' title="bbox 2265 834 3679 911">
    <p class='ocr_par' dir='ltr' id='par_1_19' title="bbox 2265 834 3679 911">
     <span class='ocr_line' id='line_1_19' title="bbox 2265 834 3679 911; baseline 0.01 -27"><span class='ocrx_word' id='word_1_115' title='bbox 2265 835 2306 884; x_wconf 85' lang='lat'><strong>0</strong></span> <span class='ocrx_word' id='word_1_116' title='bbox 2356 834 2466 906; x_wconf 80' lang='grc' dir='ltr'>γὰρ</span> <span class='ocrx_word' id='word_1_117' title='bbox 2506 837 2836 905; x_wconf 80' lang='grc' dir='ltr'><strong>τεταγμένος</strong></span> <span class='ocrx_word' id='word_1_118' title='bbox 2889 838 2946 891; x_wconf 79' lang='grc' dir='ltr'><strong>ὲν</strong></span> <span class='ocrx_word' id='word_1_119' title='bbox 2982 838 3339 902; x_wconf 80' lang='grc' dir='ltr'><strong>διδασκάλοις,</strong></span> <span class='ocrx_word' id='word_1_120' title='bbox 3388 840 3565 895; x_wconf 88' lang='grc' dir='ltr'>τοῦτον</span> <span class='ocrx_word' id='word_1_121' title='bbox 3594 844 3679 911; x_wconf 76' lang='grc' dir='ltr'>ἔχει</span> 
     </span>
    </p>
   </div>
   <div class='ocr_carea' id='block_1_20' title="bbox 2167 926 3681 1004">
    <p class='ocr_par' dir='ltr' id='par_1_20' title="bbox 2167 926 3681 1004">
     <span class='ocr_line' id='line_1_20' title="bbox 2167 926 3681 1004; baseline 0.007 -28"><span class='ocrx_word' id='word_1_122' title='bbox 2167 926 2432 992; x_wconf 71' lang='grc' dir='ltr'>στέφανον</span> <span class='ocrx_word' id='word_1_123' title='bbox 2486 926 2586 979; x_wconf 75' lang='grc' dir='ltr'>καὶ</span> <span class='ocrx_word' id='word_1_124' title='bbox 2645 928 2852 997; x_wconf 87' lang='grc' dir='ltr'>χαρὰν,</span> <span class='ocrx_word' id='word_1_125' title='bbox 2900 928 3001 999; x_wconf 80' lang='grc' dir='ltr'><strong>τὴν</strong></span> <span class='ocrx_word' id='word_1_126' title='bbox 3046 928 3154 981; x_wconf 83' lang='grc' dir='ltr'><strong>τῶν</strong></span> <span class='ocrx_word' id='word_1_127' title='bbox 3208 929 3469 1000; x_wconf 80' lang='grc' dir='ltr'><strong>μαθητῶν</strong></span> <span class='ocrx_word' id='word_1_128' title='bbox 3521 949 3681 1004; x_wconf 78' lang='grc' dir='ltr'>προκο-</span> 
     </span>
    </p>
   </div>
   <div class='ocr_carea' id='block_1_21' title="bbox 2166 1015 2294 1068">
    <p class='ocr_par' dir='ltr' id='par_1_21' title="bbox 2166 1015 2294 1068">
     <span class='ocr_line' id='line_1_21' title="bbox 2166 1015 2294 1068; baseline 0 0"><span class='ocrx_word' id='word_1_129' title='bbox 2166 1015 2294 1068; x_wconf 74' lang='grc' dir='ltr'>πήν.</span> 
     </span>
    </p>
   </div>
   <div class='ocr_carea' id='block_1_22' title="bbox 2229 1056 3129 1166">
    <p class='ocr_par' dir='ltr' id='par_1_22' title="bbox 2229 1056 3129 1166">
     <span class='ocr_line' id='line_1_22' title="bbox 2229 1056 3129 1166; baseline 0.008 -7"><span class='ocrx_word' id='word_1_130' title='bbox 2229 1056 2241 1085; x_wconf 36' lang='grc' dir='ltr'>Α</span> <span class='ocrx_word' id='word_1_131' title='bbox 2749 1110 2998 1164; x_wconf 74' lang='grc' dir='ltr'><strong>ΚΕΦΔΛ.</strong></span> <span class='ocrx_word' id='word_1_132' title='bbox 3055 1112 3129 1166; x_wconf 85' lang='grc' dir='ltr'><strong>Γ’.</strong></span> 
     </span>
    </p>
   </div>
   <div class='ocr_carea' id='block_1_23' title="bbox 2244 1201 3383 1277">
    <p class='ocr_par' dir='ltr' id='par_1_23' title="bbox 2244 1201 3383 1277">
     <span class='ocr_line' id='line_1_23' title="bbox 2244 1201 3383 1277; baseline 0.008 -27"><span class='ocrx_word' id='word_1_133' title='bbox 2244 1216 2263 1249; x_wconf 77' lang='grc' dir='ltr'><strong>ι</strong></span> <span class='ocrx_word' id='word_1_134' title='bbox 2298 1202 2390 1252; x_wconf 82' lang='grc' dir='ltr'><strong>Διὸ</strong></span> <span class='ocrx_word' id='word_1_135' title='bbox 2424 1201 2622 1270; x_wconf 82' lang='grc' dir='ltr'><strong>μηκέτι</strong></span> <span class='ocrx_word' id='word_1_136' title='bbox 2654 1203 2959 1270; x_wconf 85' lang='grc' dir='ltr'>στέγοντες,</span> <span class='ocrx_word' id='word_1_137' title='bbox 2993 1202 3383 1277; x_wconf 78' lang='grc' dir='ltr'>εύδοκήσαμεν.</span> 
     </span>
    </p>
   </div>
   <div class='ocr_carea' id='block_1_24' title="bbox 2235 1374 3371 1447">
    <p class='ocr_par' dir='ltr' id='par_1_24' title="bbox 2235 1374 3371 1447">
     <span class='ocr_line' id='line_1_24' title="bbox 2235 1374 3371 1447; baseline 0.004 -20"><span class='ocrx_word' id='word_1_138' title='bbox 2235 1374 2407 1427; x_wconf 69' lang='grc' dir='ltr'>Πύθου</span> <span class='ocrx_word' id='word_1_139' title='bbox 2442 1374 2639 1427; x_wconf 87' lang='grc' dir='ltr'>πολλοῦ</span> <span class='ocrx_word' id='word_1_140' title='bbox 2663 1375 2723 1427; x_wconf 82' lang='grc' dir='ltr'><strong>τὸ</strong></span> <span class='ocrx_word' id='word_1_141' title='bbox 2759 1376 2908 1447; x_wconf 77' lang='grc' dir='ltr'>ῥῆμα</span> <span class='ocrx_word' id='word_1_142' title='bbox 2938 1378 3371 1447; x_wconf 75' lang='grc' dir='ltr'><strong>παραστατικὸν.</strong></span> 
     </span>
    </p>
   </div>
   <div class='ocr_carea' id='block_1_25' title="bbox 2174 1466 3685 1540">
    <p class='ocr_par' dir='ltr' id='par_1_25' title="bbox 2174 1466 3685 1540">
     <span class='ocr_line' id='line_1_25' title="bbox 2174 1466 3685 1540; baseline 0.004 -24"><span class='ocrx_word' id='word_1_143' title='bbox 2174 1500 2177 1503; x_wconf 52' lang='grc' dir='ltr'><strong>ν</strong></span> <span class='ocrx_word' id='word_1_144' title='bbox 2239 1484 2258 1516; x_wconf 74' lang='grc' dir='ltr'><strong>ι</strong></span> <span class='ocrx_word' id='word_1_145' title='bbox 2296 1466 2821 1535; x_wconf 79' lang='grc' dir='ltr'>Καταλειφθῆναιέν</span> <span class='ocrx_word' id='word_1_146' title='bbox 2856 1466 3107 1536; x_wconf 80' lang='grc' dir='ltr'><strong>Ἀθήναις</strong></span> <span class='ocrx_word' id='word_1_147' title='bbox 3137 1468 3310 1539; x_wconf 78' lang='grc' dir='ltr'>μόνοι,</span> <span class='ocrx_word' id='word_1_148' title='bbox 3348 1471 3447 1523; x_wconf 71' lang='grc' dir='ltr'><strong>καὶ</strong></span> <span class='ocrx_word' id='word_1_149' title='bbox 3478 1468 3685 1540; x_wconf 71' lang='grc' dir='ltr'>ἐπέμψαο</span> 
     </span>
    </p>
   </div>
   <div class='ocr_carea' id='block_1_26' title="bbox 2165 1557 3687 1631">
    <p class='ocr_par' dir='ltr' id='par_1_26' title="bbox 2165 1557 3687 1631">
     <span class='ocr_line' id='line_1_26' title="bbox 2165 1557 3687 1631; baseline 0.004 -22"><span class='ocrx_word' id='word_1_150' title='bbox 2165 1574 2264 1628; x_wconf 90' lang='grc' dir='ltr'><strong>μεν</strong></span> <span class='ocrx_word' id='word_1_151' title='bbox 2297 1557 2560 1628; x_wconf 88' lang='grc' dir='ltr'>Τιμόθεον</span> <span class='ocrx_word' id='word_1_152' title='bbox 2604 1559 2694 1611; x_wconf 84' lang='grc' dir='ltr'><strong>τὸν</strong></span> <span class='ocrx_word' id='word_1_153' title='bbox 2734 1558 2962 1629; x_wconf 79' lang='grc' dir='ltr'>ἀδελφὸν</span> <span class='ocrx_word' id='word_1_154' title='bbox 3005 1560 3173 1631; x_wconf 84' lang='grc' dir='ltr'>ὑμῶν,</span> <span class='ocrx_word' id='word_1_155' title='bbox 3204 1562 3300 1614; x_wconf 79' lang='grc' dir='ltr'>καὶ</span> <span class='ocrx_word' id='word_1_156' title='bbox 3346 1562 3583 1615; x_wconf 81' lang='grc' dir='ltr'>διάκονον</span> <span class='ocrx_word' id='word_1_157' title='bbox 3612 1563 3687 1615; x_wconf 75' lang='grc' dir='ltr'><strong>τοῦ</strong></span> 
     </span>
    </p>
   </div>
   <div class='ocr_carea' id='block_1_27' title="bbox 2162 1646 3687 1723">
    <p class='ocr_par' dir='ltr' id='par_1_27' title="bbox 2162 1646 3687 1723">
     <span class='ocr_line' id='line_1_27' title="bbox 2162 1646 3687 1723; baseline 0.005 -25"><span class='ocrx_word' id='word_1_158' title='bbox 2162 1646 2319 1713; x_wconf 84' lang='grc' dir='ltr'><strong>Θεοῦ,</strong></span> <span class='ocrx_word' id='word_1_159' title='bbox 2356 1650 2451 1701; x_wconf 77' lang='grc' dir='ltr'>καὶ</span> <span class='ocrx_word' id='word_1_160' title='bbox 2476 1648 2737 1719; x_wconf 82' lang='grc' dir='ltr'>συνεργὸν</span> <span class='ocrx_word' id='word_1_161' title='bbox 2758 1650 2917 1720; x_wconf 81' lang='grc' dir='ltr'>ἡμῶν</span> <span class='ocrx_word' id='word_1_162' title='bbox 2940 1652 2998 1704; x_wconf 85' lang='grc' dir='ltr'><strong>ὲν</strong></span> <span class='ocrx_word' id='word_1_163' title='bbox 3023 1650 3100 1721; x_wconf 84' lang='grc' dir='ltr'>τῷ</span> <span class='ocrx_word' id='word_1_164' title='bbox 3132 1652 3453 1723; x_wconf 83' lang='grc' dir='ltr'>Εὑαγγελίῳ</span> <span class='ocrx_word' id='word_1_165' title='bbox 3482 1651 3569 1705; x_wconf 82' lang='grc' dir='ltr'><strong>τοῦ</strong></span> <span class='ocrx_word' id='word_1_166' title='bbox 3588 1654 3687 1720; x_wconf 78' lang='grc' dir='ltr'>Χρι-</span> 
     </span>
    </p>
   </div>
   <div class='ocr_carea' id='block_1_28' title="bbox 502 1737 2050 1821">
    <p class='ocr_par' dir='ltr' id='par_1_28' title="bbox 502 1751 2050 1821">
     <span class='ocr_line' id='line_1_28' title="bbox 502 1751 2050 1821; baseline 0 -17"><span class='ocrx_word' id='word_1_167' title='bbox 502 1752 729 1810; x_wconf 79' lang='lat' dir='ltr'><strong>mandes</strong></span> <span class='ocrx_word' id='word_1_168' title='bbox 766 1768 884 1815; x_wconf 88' lang='lat' dir='ltr'><strong>vos,</strong></span> <span class='ocrx_word' id='word_1_169' title='bbox 918 1760 973 1807; x_wconf 89' lang='lat' dir='ltr'><strong>et</strong></span> <span class='ocrx_word' id='word_1_170' title='bbox 1022 1753 1391 1807; x_wconf 82' lang='lat' dir='ltr'><strong>exhortandos</strong></span> <span class='ocrx_word' id='word_1_171' title='bbox 1443 1766 1542 1821; x_wconf 92' lang='lat' dir='ltr'><strong>pro</strong></span> <span class='ocrx_word' id='word_1_172' title='bbox 1590 1751 1693 1805; x_wconf 61' lang='lat' dir='ltr'><strong>title</strong></span> <span class='ocrx_word' id='word_1_173' title='bbox 1738 1759 1923 1807; x_wconf 86' lang='lat' dir='ltr'><strong>vestra</strong></span> <span class='ocrx_word' id='word_1_174' title='bbox 1961 1761 2050 1807; x_wconf 90' lang='lat' dir='ltr'><strong>:ul</strong></span> 
     </span>
    </p>
   </div>
   <div class='ocr_carea' id='block_1_29' title="bbox 2157 1737 3687 1821">
    <p class='ocr_par' dir='ltr' id='par_1_29' title="bbox 2167 1737 3687 1814">
     <span class='ocr_line' id='line_1_29' title="bbox 2167 1737 3687 1814; baseline 0.003 -23"><span class='ocrx_word' id='word_1_175' title='bbox 2167 1737 2317 1803; x_wconf 87' lang='grc' dir='ltr'>στοῦ,</span> <span class='ocrx_word' id='word_1_176' title='bbox 2350 1740 2431 1803; x_wconf 90' lang='grc' dir='ltr'><strong>εἰς</strong></span> <span class='ocrx_word' id='word_1_177' title='bbox 2454 1740 2515 1793; x_wconf 81' lang='grc' dir='ltr'><strong>τὸ</strong></span> <span class='ocrx_word' id='word_1_178' title='bbox 2554 1739 2807 1812; x_wconf 76' lang='grc' dir='ltr'><strong>στηρίξαι</strong></span> <span class='ocrx_word' id='word_1_179' title='bbox 2847 1742 3012 1813; x_wconf 82' lang='grc' dir='ltr'>ὑμᾶς,</span> <span class='ocrx_word' id='word_1_180' title='bbox 3054 1743 3144 1795; x_wconf 83' lang='grc' dir='ltr'>καὶ</span> <span class='ocrx_word' id='word_1_181' title='bbox 3190 1745 3567 1814; x_wconf 80' lang='grc' dir='ltr'>παρακαλέσαι</span> <span class='ocrx_word' id='word_1_182' title='bbox 3588 1746 3687 1813; x_wconf 77' lang='grc' dir='ltr'>περὶ</span> 
     </span>
    </p>
   </div>
   <div class='ocr_carea' id='block_1_30' title="bbox 501 1842 1755 1899">
    <p class='ocr_par' dir='ltr' id='par_1_30' title="bbox 501 1842 1755 1899">
     <span class='ocr_line' id='line_1_30' title="bbox 501 1842 1755 1899; baseline -0.004 -1"><span class='ocrx_word' id='word_1_183' title='bbox 501 1859 660 1899; x_wconf 88' lang='lat' dir='ltr'><strong>nemo</strong></span> <span class='ocrx_word' id='word_1_184' title='bbox 692 1852 974 1899; x_wconf 88' lang='lat' dir='ltr'><strong>moveatur</strong></span> <span class='ocrx_word' id='word_1_185' title='bbox 995 1844 1050 1898; x_wconf 91' lang='lat' dir='ltr'><strong>in</strong></span> <span class='ocrx_word' id='word_1_186' title='bbox 1092 1843 1540 1899; x_wconf 87' lang='lat' dir='ltr'><strong>tribulationibus</strong></span> <span class='ocrx_word' id='word_1_187' title='bbox 1561 1842 1699 1898; x_wconf 90' lang='lat' dir='ltr'><strong>istis.</strong></span> <span class='ocrx_word' id='word_1_188' title='bbox 1737 1862 1755 1893; x_wconf 74' lang='grc' dir='ltr'><strong>ι</strong></span> 
     </span>
    </p>
   </div>
   <div class='ocr_carea' id='block_1_31' title="bbox 561 2013 2060 2089">
    <p class='ocr_par' dir='ltr' id='par_1_31' title="bbox 561 2013 2060 2089">
     <span class='ocr_line' id='line_1_31' title="bbox 561 2013 2060 2089; baseline -0.001 -19"><span class='ocrx_word' id='word_1_189' title='bbox 561 2019 679 2073; x_wconf 81' lang='lat' dir='ltr'><strong>Hoc</strong></span> <span class='ocrx_word' id='word_1_190' title='bbox 701 2017 989 2089; x_wconf 82' lang='lat' dir='ltr'><strong>proprium</strong></span> <span class='ocrx_word' id='word_1_191' title='bbox 1008 2022 1091 2071; x_wconf 91' lang='lat' dir='ltr'><strong>est</strong></span> <span class='ocrx_word' id='word_1_192' title='bbox 1127 2013 1407 2071; x_wconf 68' lang='lat' dir='ltr'><strong>modestia:</strong></span> <span class='ocrx_word' id='word_1_193' title='bbox 1448 2015 1715 2086; x_wconf 81' lang='lat' dir='ltr'><strong>Apostoli.</strong></span> <span class='ocrx_word' id='word_1_194' title='bbox 1737 2013 1857 2085; x_wconf 88' lang='lat' dir='ltr'><strong>Ipse</strong></span> <span class='ocrx_word' id='word_1_195' title='bbox 1886 2014 2060 2085; x_wconf 85' lang='lat' dir='ltr'><strong>siqui-</strong></span> 
     </span>
    </p>
   </div>
   <div class='ocr_carea' id='block_1_32' title="bbox 489 2106 2057 2180">
    <p class='ocr_par' dir='ltr' id='par_1_32' title="bbox 489 2106 2057 2180">
     <span class='ocr_line' id='line_1_32' title="bbox 489 2106 2057 2180; baseline -0.004 -13"><span class='ocrx_word' id='word_1_196' title='bbox 489 2111 622 2167; x_wconf 81' lang='lat' dir='ltr'><strong>dem</strong></span> <span class='ocrx_word' id='word_1_197' title='bbox 674 2116 933 2167; x_wconf 79' lang='lat' dir='ltr'><strong>non-tam</strong></span> <span class='ocrx_word' id='word_1_198' title='bbox 984 2108 1418 2180; x_wconf 85' lang='lat' dir='ltr'><strong>relinquebatur,</strong></span> <span class='ocrx_word' id='word_1_199' title='bbox 1475 2115 1529 2162; x_wconf 93' lang='lat' dir='ltr'><strong>et</strong></span> <span class='ocrx_word' id='word_1_200' title='bbox 1576 2106 1725 2162; x_wconf 92' lang='lat' dir='ltr'><strong>solus</strong></span> <span class='ocrx_word' id='word_1_201' title='bbox 1782 2106 2057 2177; x_wconf 75' lang='lat' dir='ltr'><strong>manebat,</strong></span> 
     </span>
    </p>
   </div>
   <div class='ocr_carea' id='block_1_33' title="bbox 496 2202 1364 2276">
    <p class='ocr_par' dir='ltr' id='par_1_33' title="bbox 496 2202 1364 2276">
     <span class='ocr_line' id='line_1_33' title="bbox 496 2202 1364 2276; baseline -0.006 -18"><span class='ocrx_word' id='word_1_202' title='bbox 496 2219 658 2276; x_wconf 88' lang='lat' dir='ltr'><strong>quam</strong></span> <span class='ocrx_word' id='word_1_203' title='bbox 688 2204 781 2274; x_wconf 88' lang='lat' dir='ltr'><strong>qui</strong></span> <span class='ocrx_word' id='word_1_204' title='bbox 807 2203 980 2273; x_wconf 88' lang='lat' dir='ltr'><strong>ipsum</strong></span> <span class='ocrx_word' id='word_1_205' title='bbox 1010 2202 1364 2273; x_wconf 83' lang='lat' dir='ltr'><strong>reliquerant.</strong></span> 
     </span>
    </p>
   </div>
   <div class='ocr_carea' id='block_1_34' title="bbox 616 2282 2115 2366">
    <p class='ocr_par' dir='ltr' id='par_1_34' title="bbox 616 2282 2115 2366">
     <span class='ocr_line' id='line_1_34' title="bbox 616 2282 2115 2366; baseline -0.005 -17"><span class='ocrx_word' id='word_1_206' title='bbox 616 2296 725 2366; x_wconf 87' lang='lat' dir='ltr'><strong>Ipsi</strong></span> <span class='ocrx_word' id='word_1_207' title='bbox 781 2294 926 2350; x_wconf 89' lang='lat' dir='ltr'><strong>enim</strong></span> <span class='ocrx_word' id='word_1_208' title='bbox 984 2294 1138 2349; x_wconf 86' lang='lat' dir='ltr'><strong>scitis</strong></span> <span class='ocrx_word' id='word_1_209' title='bbox 1209 2293 1353 2364; x_wconf 88' lang='lat' dir='ltr'><strong>quod</strong></span> <span class='ocrx_word' id='word_1_210' title='bbox 1394 2293 1445 2346; x_wconf 90' lang='lat' dir='ltr'><strong>in</strong></span> <span class='ocrx_word' id='word_1_211' title='bbox 1487 2290 1589 2345; x_wconf 90' lang='lat' dir='ltr'><strong>hoc</strong></span> <span class='ocrx_word' id='word_1_212' title='bbox 1621 2288 1784 2360; x_wconf 80' lang='lat' dir='ltr'><strong>positi</strong></span> <span class='ocrx_word' id='word_1_213' title='bbox 1844 2303 2056 2345; x_wconf 92' lang='lat' dir='ltr'><strong>sumus.</strong></span> <span class='ocrx_word' id='word_1_214' title='bbox 2108 2282 2115 2292; x_wconf 90' lang='grc'><em>’</em></span> 
     </span>
    </p>
   </div>
   <div class='ocr_carea' id='block_1_35' title="bbox 499 2385 2057 2462">
    <p class='ocr_par' dir='ltr' id='par_1_35' title="bbox 499 2385 2057 2462">
     <span class='ocr_line' id='line_1_35' title="bbox 499 2385 2057 2462; baseline -0.006 -18"><span class='ocrx_word' id='word_1_215' title='bbox 499 2388 687 2462; x_wconf 69' lang='lat' dir='ltr'><strong>(Vens.</strong></span> <span class='ocrx_word' id='word_1_216' title='bbox 709 2386 882 2461; x_wconf 61' lang='lat'><strong>£45.]</strong></span> <span class='ocrx_word' id='word_1_217' title='bbox 919 2385 1052 2441; x_wconf 85' lang='lat' dir='ltr'><strong>Nam</strong></span> <span class='ocrx_word' id='word_1_218' title='bbox 1086 2397 1284 2442; x_wconf 89' lang='lat' dir='ltr'><strong>etcum</strong></span> <span class='ocrx_word' id='word_1_219' title='bbox 1312 2389 1451 2455; x_wconf 89' lang='lat' dir='ltr'><strong>apud</strong></span> <span class='ocrx_word' id='word_1_220' title='bbox 1491 2399 1586 2438; x_wconf 84' lang='lat' dir='ltr'><strong>vos</strong></span> <span class='ocrx_word' id='word_1_221' title='bbox 1613 2398 1879 2444; x_wconf 89' lang='lat' dir='ltr'><strong>essemus,</strong></span> <span class='ocrx_word' id='word_1_222' title='bbox 1918 2396 2057 2450; x_wconf 85' lang='lat' dir='ltr'><strong>prae-</strong></span> 
     </span>
    </p>
   </div>
   <div class='ocr_carea' id='block_1_36' title="bbox 2089 1816 3685 1903">
    <p class='ocr_par' dir='ltr' id='par_1_36' title="bbox 2089 1816 3685 1903">
     <span class='ocr_line' id='line_1_36' title="bbox 2089 1816 3685 1903; baseline -0.009 -4"><span class='ocrx_word' id='word_1_223' title='bbox 2089 1816 2131 1869; x_wconf 74' lang='lat' dir='ltr'><strong>B</strong></span> <span class='ocrx_word' id='word_1_224' title='bbox 2160 1829 2258 1897; x_wconf 72' lang='grc' dir='ltr'><strong>τῆς</strong></span> <span class='ocrx_word' id='word_1_225' title='bbox 2280 1828 2517 1893; x_wconf 79' lang='grc' dir='ltr'>πίστεως</span> <span class='ocrx_word' id='word_1_226' title='bbox 2548 1832 2723 1900; x_wconf 83' lang='grc' dir='ltr'>ὑμῶν,</span> <span class='ocrx_word' id='word_1_227' title='bbox 2759 1832 2820 1885; x_wconf 84' lang='grc' dir='ltr'><strong>τὸ</strong></span> <span class='ocrx_word' id='word_1_228' title='bbox 2849 1833 3053 1903; x_wconf 83' lang='grc' dir='ltr'>μηδένα</span> <span class='ocrx_word' id='word_1_229' title='bbox 3081 1834 3359 1888; x_wconf 79' lang='grc' dir='ltr'>σαίνεσθαι</span> <span class='ocrx_word' id='word_1_230' title='bbox 3383 1837 3447 1888; x_wconf 78' lang='grc' dir='ltr'><strong>ὲν</strong></span> <span class='ocrx_word' id='word_1_231' title='bbox 3472 1838 3579 1898; x_wconf 85' lang='grc' dir='ltr'>ταῖς</span> <span class='ocrx_word' id='word_1_232' title='bbox 3602 1834 3685 1886; x_wconf 60' lang='lat' dir='ltr'><strong>01i-</strong></span> 
     </span>
    </p>
   </div>
   <div class='ocr_carea' id='block_1_37' title="bbox 2160 1918 2613 1987">
    <p class='ocr_par' dir='ltr' id='par_1_37' title="bbox 2160 1918 2613 1987">
     <span class='ocr_line' id='line_1_37' title="bbox 2160 1918 2613 1987; baseline 0.007 -16"><span class='ocrx_word' id='word_1_233' title='bbox 2160 1918 2285 1987; x_wconf 78' lang='grc' dir='ltr'>ψεσι</span> <span class='ocrx_word' id='word_1_234' title='bbox 2311 1919 2555 1984; x_wconf 85' lang='grc' dir='ltr'>ταύταις.</span> <span class='ocrx_word' id='word_1_235' title='bbox 2596 1941 2613 1974; x_wconf 81' lang='grc' dir='ltr'><strong>ι</strong></span> 
     </span>
    </p>
   </div>
   <div class='ocr_carea' id='block_1_38' title="bbox 2231 2011 3684 2089">
    <p class='ocr_par' dir='ltr' id='par_1_38' title="bbox 2231 2011 3684 2089">
     <span class='ocr_line' id='line_1_38' title="bbox 2231 2011 3684 2089; baseline 0.003 -24"><span class='ocrx_word' id='word_1_236' title='bbox 2231 2011 2400 2066; x_wconf 86' lang='grc' dir='ltr'>Τοῦτο</span> <span class='ocrx_word' id='word_1_237' title='bbox 2433 2014 2532 2085; x_wconf 78' lang='grc' dir='ltr'>τῆς</span> <span class='ocrx_word' id='word_1_238' title='bbox 2561 2016 3054 2089; x_wconf 81' lang='grc' dir='ltr'>ταπεινοφροσύνης</span> <span class='ocrx_word' id='word_1_239' title='bbox 3083 2018 3208 2071; x_wconf 85' lang='grc' dir='ltr'>ῐδιον</span> <span class='ocrx_word' id='word_1_240' title='bbox 3241 2017 3335 2070; x_wconf 86' lang='grc' dir='ltr'><strong>τοῦ</strong></span> <span class='ocrx_word' id='word_1_241' title='bbox 3374 2017 3684 2072; x_wconf 77' lang='grc' dir='ltr'>Ἀποστόλου.</span> 
     </span>
    </p>
   </div>
   <div class='ocr_carea' id='block_1_39' title="bbox 2162 2102 3688 2179">
    <p class='ocr_par' dir='ltr' id='par_1_39' title="bbox 2162 2102 3688 2179">
     <span class='ocr_line' id='line_1_39' title="bbox 2162 2102 3688 2179; baseline 0.005 -24"><span class='ocrx_word' id='word_1_242' title='bbox 2162 2102 2301 2156; x_wconf 75' lang='grc' dir='ltr'>Οὔτε</span> <span class='ocrx_word' id='word_1_243' title='bbox 2325 2104 2435 2174; x_wconf 84' lang='grc' dir='ltr'>γὰρ</span> <span class='ocrx_word' id='word_1_244' title='bbox 2466 2105 2631 2169; x_wconf 78' lang='grc' dir='ltr'>αὑτὸς</span> <span class='ocrx_word' id='word_1_245' title='bbox 2676 2108 2876 2177; x_wconf 77' lang='grc' dir='ltr'>μᾶλλον</span> <span class='ocrx_word' id='word_1_246' title='bbox 2907 2108 3360 2179; x_wconf 86' lang='grc' dir='ltr'>κατελιμπάνετο,</span> <span class='ocrx_word' id='word_1_247' title='bbox 3384 2109 3505 2162; x_wconf 82' lang='grc' dir='ltr'>ἀλλ’</span> <span class='ocrx_word' id='word_1_248' title='bbox 3522 2110 3567 2163; x_wconf 84' lang='grc' dir='ltr'>οἱ</span> <span class='ocrx_word' id='word_1_249' title='bbox 3589 2110 3688 2163; x_wconf 75' lang='grc' dir='ltr'>ἀτο-</span> 
     </span>
    </p>
   </div>
   <div class='ocr_carea' id='block_1_40' title="bbox 2168 2196 2635 2261">
    <p class='ocr_par' dir='ltr' id='par_1_40' title="bbox 2168 2196 2635 2261">
     <span class='ocr_line' id='line_1_40' title="bbox 2168 2196 2635 2261; baseline 0.011 -13"><span class='ocrx_word' id='word_1_250' title='bbox 2168 2196 2417 2261; x_wconf 85' lang='grc' dir='ltr'><strong>λιπόντες</strong></span> <span class='ocrx_word' id='word_1_251' title='bbox 2454 2198 2635 2253; x_wconf 76' lang='grc' dir='ltr'>αὑτόν.</span> 
     </span>
    </p>
   </div>
   <div class='ocr_carea' id='block_1_41' title="bbox 2235 2289 3685 2367">
    <p class='ocr_par' dir='ltr' id='par_1_41' title="bbox 2235 2289 3685 2367">
     <span class='ocr_line' id='line_1_41' title="bbox 2235 2289 3685 2367; baseline 0.004 -27"><span class='ocrx_word' id='word_1_252' title='bbox 2235 2307 2254 2339; x_wconf 79' lang='grc' dir='ltr'><strong>ι</strong></span> <span class='ocrx_word' id='word_1_253' title='bbox 2290 2289 2452 2341; x_wconf 73' lang='grc' dir='ltr'>Αὐτοὶ</span> <span class='ocrx_word' id='word_1_254' title='bbox 2495 2291 2605 2362; x_wconf 84' lang='grc' dir='ltr'>γὰρ</span> <span class='ocrx_word' id='word_1_255' title='bbox 2646 2291 2844 2355; x_wconf 73' lang='grc' dir='ltr'>οἴδατε,</span> <span class='ocrx_word' id='word_1_256' title='bbox 2888 2293 2970 2345; x_wconf 81' lang='grc' dir='ltr'>ὅτι</span> <span class='ocrx_word' id='word_1_257' title='bbox 3005 2294 3085 2358; x_wconf 87' lang='grc' dir='ltr'><strong>είς</strong></span> <span class='ocrx_word' id='word_1_258' title='bbox 3115 2292 3274 2348; x_wconf 85' lang='grc' dir='ltr'>τοῦτο</span> <span class='ocrx_word' id='word_1_259' title='bbox 3326 2294 3577 2367; x_wconf 86' lang='grc' dir='ltr'>κείμεθα.</span> <span class='ocrx_word' id='word_1_260' title='bbox 3602 2296 3685 2349; x_wconf 74' lang='grc' dir='ltr'>Καὶ</span> 
     </span>
    </p>
   </div>
   <div class='ocr_carea' id='block_1_42' title="bbox 2163 2378 3685 2456">
    <p class='ocr_par' dir='ltr' id='par_1_42' title="bbox 2163 2378 3685 2456">
     <span class='ocr_line' id='line_1_42' title="bbox 2163 2378 3685 2456; baseline 0.005 -26"><span class='ocrx_word' id='word_1_261' title='bbox 2163 2378 2272 2449; x_wconf 84' lang='grc' dir='ltr'>γὰρ</span> <span class='ocrx_word' id='word_1_262' title='bbox 2321 2379 2409 2432; x_wconf 83' lang='grc' dir='ltr'>ὅτε</span> <span class='ocrx_word' id='word_1_263' title='bbox 2470 2381 2603 2450; x_wconf 85' lang='grc' dir='ltr'>πρὸς</span> <span class='ocrx_word' id='word_1_264' title='bbox 2636 2381 2780 2452; x_wconf 78' lang='grc' dir='ltr'>ὑμᾶς</span> <span class='ocrx_word' id='word_1_265' title='bbox 2833 2378 2996 2453; x_wconf 86' lang='grc' dir='ltr'>ἦμεν,</span> <span class='ocrx_word' id='word_1_266' title='bbox 3027 2384 3396 2455; x_wconf 81' lang='grc' dir='ltr'><strong>προελέγομεν</strong></span> <span class='ocrx_word' id='word_1_267' title='bbox 3437 2387 3581 2456; x_wconf 85' lang='grc' dir='ltr'>ὑμῖν,</span> <span class='ocrx_word' id='word_1_268' title='bbox 3623 2388 3685 2439; x_wconf 77' lang='grc' dir='ltr'>ὅτι</span> 
     </span>
    </p>
   </div>
   <div class='ocr_carea' id='block_1_43' title="bbox 497 2468 2050 2549">
    <p class='ocr_par' dir='ltr' id='par_1_43' title="bbox 497 2472 2050 2549">
     <span class='ocr_line' id='line_1_43' title="bbox 497 2472 2050 2549; baseline -0.008 -13"><span class='ocrx_word' id='word_1_269' title='bbox 497 2482 806 2538; x_wconf 87' lang='lat' dir='ltr'><strong>dicebamus</strong></span> <span class='ocrx_word' id='word_1_270' title='bbox 842 2478 997 2535; x_wconf 81' lang='lat' dir='ltr'><strong>vobis</strong></span> <span class='ocrx_word' id='word_1_271' title='bbox 1038 2492 1300 2549; x_wconf 86' lang='lat' dir='ltr'><strong>passuros</strong></span> <span class='ocrx_word' id='word_1_272' title='bbox 1348 2492 1450 2532; x_wconf 91' lang='lat' dir='ltr'><strong>nos</strong></span> <span class='ocrx_word' id='word_1_273' title='bbox 1479 2474 1878 2536; x_wconf 89' lang='lat' dir='ltr'><strong>tribulationes,</strong></span> <span class='ocrx_word' id='word_1_274' title='bbox 1913 2472 2050 2528; x_wconf 86' lang='lat' dir='ltr'><strong>sicut</strong></span> 
     </span>
    </p>
   </div>
   <div class='ocr_carea' id='block_1_44' title="bbox 2157 2468 3683 2549">
    <p class='ocr_par' dir='ltr' id='par_1_44' title="bbox 2163 2468 3683 2545">
     <span class='ocr_line' id='line_1_44' title="bbox 2163 2468 3683 2545; baseline 0.006 -25"><span class='ocrx_word' id='word_1_275' title='bbox 2163 2468 2428 2539; x_wconf 76' lang='grc' dir='ltr'>μέλλομεν</span> <span class='ocrx_word' id='word_1_276' title='bbox 2452 2469 2749 2535; x_wconf 78' lang='grc' dir='ltr'>θλίϐεσθαι,</span> <span class='ocrx_word' id='word_1_277' title='bbox 2775 2474 2958 2539; x_wconf 86' lang='grc' dir='ltr'>καθὼς</span> <span class='ocrx_word' id='word_1_278' title='bbox 3001 2475 3096 2529; x_wconf 63' lang='grc' dir='ltr'><strong>καὶ¹</strong></span> <span class='ocrx_word' id='word_1_279' title='bbox 3124 2476 3363 2545; x_wconf 77' lang='grc' dir='ltr'>ἐγένετο,</span> <span class='ocrx_word' id='word_1_280' title='bbox 3395 2479 3497 2530; x_wconf 77' lang='grc' dir='ltr'><strong>καὶ</strong></span> <span class='ocrx_word' id='word_1_281' title='bbox 3520 2478 3683 2531; x_wconf 70' lang='grc' dir='ltr'>οἶδατί.</span> 
     </span>
    </p>
   </div>
   <div class='ocr_carea' id='block_1_45' title="bbox 495 2566 2054 2642">
    <p class='ocr_par' dir='ltr' id='par_1_45' title="bbox 495 2566 2054 2642">
     <span class='ocr_line' id='line_1_45' title="bbox 495 2566 2054 2642; baseline -0.007 -9"><span class='ocrx_word' id='word_1_282' title='bbox 495 2586 551 2634; x_wconf 86' lang='lat' dir='ltr'><strong>et</strong></span> <span class='ocrx_word' id='word_1_283' title='bbox 578 2576 774 2632; x_wconf 87' lang='lat' dir='ltr'><strong>factum</strong></span> <span class='ocrx_word' id='word_1_284' title='bbox 808 2584 912 2641; x_wconf 84' lang='lat' dir='ltr'><strong>est,</strong></span> <span class='ocrx_word' id='word_1_285' title='bbox 943 2582 998 2630; x_wconf 89' lang='lat' dir='ltr'><strong>et</strong></span> <span class='ocrx_word' id='word_1_286' title='bbox 1037 2574 1210 2631; x_wconf 90' lang='lat' dir='ltr'><strong>scitis.</strong></span> <span class='ocrx_word' id='word_1_287' title='bbox 1250 2571 1545 2642; x_wconf 85' lang='lat' dir='ltr'><strong>Propterea</strong></span> <span class='ocrx_word' id='word_1_288' title='bbox 1582 2577 1636 2625; x_wconf 92' lang='lat' dir='ltr'><strong>et</strong></span> <span class='ocrx_word' id='word_1_289' title='bbox 1670 2584 1770 2639; x_wconf 86' lang='lat' dir='ltr'><strong>ego</strong></span> <span class='ocrx_word' id='word_1_290' title='bbox 1821 2566 2054 2637; x_wconf 89' lang='lat' dir='ltr'><strong>amplius</strong></span> 
     </span>
    </p>
   </div>
   <div class='ocr_carea' id='block_1_46' title="bbox 496 2658 2055 2734">
    <p class='ocr_par' dir='ltr' id='par_1_46' title="bbox 496 2658 2055 2734">
     <span class='ocr_line' id='line_1_46' title="bbox 496 2658 2055 2734; baseline -0.007 -11"><span class='ocrx_word' id='word_1_291' title='bbox 496 2682 605 2723; x_wconf 90' lang='lat' dir='ltr'><strong>non</strong></span> <span class='ocrx_word' id='word_1_292' title='bbox 638 2666 950 2729; x_wconf 77' lang='lat' dir='ltr'><strong>sustinens,</strong></span> <span class='ocrx_word' id='word_1_293' title='bbox 982 2663 1104 2720; x_wconf 88' lang='lat' dir='ltr'><strong>misi</strong></span> <span class='ocrx_word' id='word_1_294' title='bbox 1152 2664 1218 2717; x_wconf 90' lang='lat' dir='ltr'><strong>ad</strong></span> <span class='ocrx_word' id='word_1_295' title='bbox 1276 2660 1709 2734; x_wconf 86' lang='lat' dir='ltr'><strong>cognoscendam</strong></span> <span class='ocrx_word' id='word_1_296' title='bbox 1755 2658 1916 2714; x_wconf 82' lang='lat' dir='ltr'><strong>ﬁdem</strong></span> <span class='ocrx_word' id='word_1_297' title='bbox 1963 2673 2055 2713; x_wconf 88' lang='lat' dir='ltr'><strong>ve-</strong></span> 
     </span>
    </p>
   </div>
   <div class='ocr_carea' id='block_1_47' title="bbox 493 2748 2053 2823">
    <p class='ocr_par' dir='ltr' id='par_1_47' title="bbox 493 2748 2053 2823">
     <span class='ocr_line' id='line_1_47' title="bbox 493 2748 2053 2823; baseline -0.006 -11"><span class='ocrx_word' id='word_1_298' title='bbox 493 2767 661 2813; x_wconf 89' lang='lat' dir='ltr'><strong>stram</strong></span> <span class='ocrx_word' id='word_1_299' title='bbox 687 2772 788 2821; x_wconf 88' lang='lat' dir='ltr'><strong>;ne</strong></span> <span class='ocrx_word' id='word_1_300' title='bbox 811 2756 946 2811; x_wconf 84' lang='lat' dir='ltr'><strong>forte</strong></span> <span class='ocrx_word' id='word_1_301' title='bbox 978 2753 1264 2809; x_wconf 80' lang='lat' dir='ltr'><strong>tentaverit</strong></span> <span class='ocrx_word' id='word_1_302' title='bbox 1286 2768 1381 2809; x_wconf 88' lang='lat' dir='ltr'><strong>vos</strong></span> <span class='ocrx_word' id='word_1_303' title='bbox 1401 2754 1448 2807; x_wconf 88' lang='lat' dir='ltr'><strong>is</strong></span> <span class='ocrx_word' id='word_1_304' title='bbox 1472 2752 1565 2823; x_wconf 89' lang='lat' dir='ltr'><strong>qui</strong></span> <span class='ocrx_word' id='word_1_305' title='bbox 1588 2757 1780 2814; x_wconf 91' lang='lat' dir='ltr'><strong>tentat,</strong></span> <span class='ocrx_word' id='word_1_306' title='bbox 1800 2757 1853 2804; x_wconf 89' lang='lat' dir='ltr'><strong>et</strong></span> <span class='ocrx_word' id='word_1_307' title='bbox 1875 2748 2053 2803; x_wconf 87' lang='lat' dir='ltr'><strong>inanis</strong></span> 
     </span>
    </p>
   </div>
   <div class='ocr_carea' id='block_1_48' title="bbox 495 2835 2051 2902">
    <p class='ocr_par' dir='ltr' id='par_1_48' title="bbox 495 2835 2051 2902">
     <span class='ocr_line' id='line_1_48' title="bbox 495 2835 2051 2902; baseline -0.009 0"><span class='ocrx_word' id='word_1_308' title='bbox 495 2847 588 2902; x_wconf 81' lang='lat' dir='ltr'><strong>fiat</strong></span> <span class='ocrx_word' id='word_1_309' title='bbox 606 2847 756 2902; x_wconf 90' lang='lat' dir='ltr'><strong>labor</strong></span> <span class='ocrx_word' id='word_1_310' title='bbox 781 2854 978 2901; x_wconf 83' lang='lat' dir='ltr'><strong>vester.</strong></span> <span class='ocrx_word' id='word_1_311' title='bbox 998 2842 1151 2898; x_wconf 81' lang='lat' dir='ltr'><strong>Nunc</strong></span> <span class='ocrx_word' id='word_1_312' title='bbox 1182 2851 1363 2896; x_wconf 87' lang='lat' dir='ltr'><strong>autem</strong></span> <span class='ocrx_word' id='word_1_313' title='bbox 1398 2840 1645 2895; x_wconf 76' lang='lat' dir='ltr'><strong>veniente</strong></span> <span class='ocrx_word' id='word_1_314' title='bbox 1669 2836 1953 2892; x_wconf 89' lang='lat' dir='ltr'><strong>Timotheo</strong></span> <span class='ocrx_word' id='word_1_315' title='bbox 1984 2835 2051 2888; x_wconf 90' lang='lat' dir='ltr'><strong>ad</strong></span> 
     </span>
    </p>
   </div>
   <div class='ocr_carea' id='block_1_49' title="bbox 494 2929 2050 3004">
    <p class='ocr_par' dir='ltr' id='par_1_49' title="bbox 494 2929 2050 3004">
     <span class='ocr_line' id='line_1_49' title="bbox 494 2929 2050 3004; baseline -0.009 -9"><span class='ocrx_word' id='word_1_316' title='bbox 494 2955 596 2995; x_wconf 90' lang='lat' dir='ltr'><strong>nos</strong></span> <span class='ocrx_word' id='word_1_317' title='bbox 613 2954 643 2994; x_wconf 90' lang='lat' dir='ltr'><strong>a</strong></span> <span class='ocrx_word' id='word_1_318' title='bbox 660 2940 833 3004; x_wconf 81' lang='lat' dir='ltr'><strong>vobis,</strong></span> <span class='ocrx_word' id='word_1_319' title='bbox 850 2948 903 2993; x_wconf 90' lang='lat' dir='ltr'><strong>et</strong></span> <span class='ocrx_word' id='word_1_320' title='bbox 928 2937 1280 2991; x_wconf 84' lang='lat' dir='ltr'><strong>annuntiante</strong></span> <span class='ocrx_word' id='word_1_321' title='bbox 1300 2935 1457 2990; x_wconf 89' lang='lat' dir='ltr'><strong>nobis</strong></span> <span class='ocrx_word' id='word_1_322' title='bbox 1479 2933 1635 2987; x_wconf 80' lang='lat' dir='ltr'><strong>fidem</strong></span> <span class='ocrx_word' id='word_1_323' title='bbox 1657 2940 1712 2987; x_wconf 90' lang='lat' dir='ltr'><strong>et</strong></span> <span class='ocrx_word' id='word_1_324' title='bbox 1732 2929 2050 2985; x_wconf 83' lang='lat' dir='ltr'><strong>charitatem</strong></span> 
     </span>
    </p>
   </div>
   <div class='ocr_carea' id='block_1_50' title="bbox 494 3018 2048 3096">
    <p class='ocr_par' dir='ltr' id='par_1_50' title="bbox 494 3018 2048 3096">
     <span class='ocr_line' id='line_1_50' title="bbox 494 3018 2048 3096; baseline -0.011 -11"><span class='ocrx_word' id='word_1_325' title='bbox 494 3037 755 3091; x_wconf 83' lang='lat' dir='ltr'><strong>vestram,</strong></span> <span class='ocrx_word' id='word_1_326' title='bbox 788 3035 842 3082; x_wconf 84' lang='lat' dir='ltr'><strong>et</strong></span> <span class='ocrx_word' id='word_1_327' title='bbox 888 3025 1016 3096; x_wconf 91' lang='lat' dir='ltr'><strong>quia</strong></span> <span class='ocrx_word' id='word_1_328' title='bbox 1047 3023 1366 3079; x_wconf 86' lang='lat' dir='ltr'><strong>memoriam</strong></span> <span class='ocrx_word' id='word_1_329' title='bbox 1409 3022 1584 3079; x_wconf 90' lang='lat' dir='ltr'><strong>nostri</strong></span> <span class='ocrx_word' id='word_1_330' title='bbox 1612 3020 1826 3075; x_wconf 89' lang='lat' dir='ltr'><strong>habetis</strong></span> <span class='ocrx_word' id='word_1_331' title='bbox 1852 3018 2048 3071; x_wconf 87' lang='lat' dir='ltr'><strong>bonam</strong></span> 
     </span>
    </p>
   </div>
   <div class='ocr_carea' id='block_1_51' title="bbox 488 3112 2048 3190">
    <p class='ocr_par' dir='ltr' id='par_1_51' title="bbox 488 3112 2048 3190">
     <span class='ocr_line' id='line_1_51' title="bbox 488 3112 2048 3190; baseline -0.008 -15"><span class='ocrx_word' id='word_1_332' title='bbox 488 3135 729 3190; x_wconf 83' lang='lat' dir='ltr'><strong>semper,</strong></span> <span class='ocrx_word' id='word_1_333' title='bbox 751 3117 1125 3173; x_wconf 88' lang='lat' dir='ltr'><strong>desiderantes</strong></span> <span class='ocrx_word' id='word_1_334' title='bbox 1165 3130 1266 3170; x_wconf 91' lang='lat' dir='ltr'><strong>nos</strong></span> <span class='ocrx_word' id='word_1_335' title='bbox 1288 3112 1495 3181; x_wconf 88' lang='lat' dir='ltr'><strong>videre,</strong></span> <span class='ocrx_word' id='word_1_336' title='bbox 1523 3112 1666 3168; x_wconf 89' lang='lat' dir='ltr'><strong>sicut</strong></span> <span class='ocrx_word' id='word_1_337' title='bbox 1699 3118 1753 3166; x_wconf 90' lang='lat' dir='ltr'><strong>et</strong></span> <span class='ocrx_word' id='word_1_338' title='bbox 1790 3126 1892 3167; x_wconf 91' lang='lat' dir='ltr'><strong>nos</strong></span> <span class='ocrx_word' id='word_1_339' title='bbox 1915 3122 2048 3179; x_wconf 48' lang='lat' dir='ltr'><strong>quo.</strong></span> 
     </span>
    </p>
   </div>
   <div class='ocr_carea' id='block_1_52' title="bbox 494 3199 2047 3281">
    <p class='ocr_par' dir='ltr' id='par_1_52' title="bbox 494 3199 2047 3281">
     <span class='ocr_line' id='line_1_52' title="bbox 494 3199 2047 3281; baseline -0.006 -17"><span class='ocrx_word' id='word_1_340' title='bbox 494 3226 603 3281; x_wconf 90' lang='lat' dir='ltr'><strong>que</strong></span> <span class='ocrx_word' id='word_1_341' title='bbox 634 3223 786 3274; x_wconf 83' lang='lat' dir='ltr'><strong>vos;</strong></span> <span class='ocrx_word' id='word_1_342' title='bbox 825 3206 945 3262; x_wconf 90' lang='lat' dir='ltr'><strong>ideo</strong></span> <span class='ocrx_word' id='word_1_343' title='bbox 965 3204 1226 3261; x_wconf 89' lang='lat' dir='ltr'><strong>consolati</strong></span> <span class='ocrx_word' id='word_1_344' title='bbox 1271 3219 1483 3269; x_wconf 87' lang='lat' dir='ltr'><strong>sumus,</strong></span> <span class='ocrx_word' id='word_1_345' title='bbox 1545 3202 1759 3267; x_wconf 82' lang='lat' dir='ltr'><strong>fratres,</strong></span> <span class='ocrx_word' id='word_1_346' title='bbox 1807 3203 1863 3256; x_wconf 87' lang='lat' dir='ltr'><strong>in</strong></span> <span class='ocrx_word' id='word_1_347' title='bbox 1895 3199 2047 3254; x_wconf 83' lang='lat' dir='ltr'><strong>vobis</strong></span> 
     </span>
    </p>
   </div>
   <div class='ocr_carea' id='block_1_53' title="bbox 494 3292 2043 3365">
    <p class='ocr_par' dir='ltr' id='par_1_53' title="bbox 494 3292 2043 3365">
     <span class='ocr_line' id='line_1_53' title="bbox 494 3292 2043 3365; baseline -0.008 -8"><span class='ocrx_word' id='word_1_348' title='bbox 494 3305 550 3357; x_wconf 87' lang='lat' dir='ltr'><strong>in</strong></span> <span class='ocrx_word' id='word_1_349' title='bbox 580 3300 727 3354; x_wconf 91' lang='lat' dir='ltr'><strong>omni</strong></span> <span class='ocrx_word' id='word_1_350' title='bbox 767 3297 1116 3353; x_wconf 88' lang='lat' dir='ltr'><strong>tribulatione</strong></span> <span class='ocrx_word' id='word_1_351' title='bbox 1154 3305 1209 3353; x_wconf 92' lang='lat' dir='ltr'><strong>et</strong></span> <span class='ocrx_word' id='word_1_352' title='bbox 1234 3297 1483 3365; x_wconf 87' lang='lat' dir='ltr'><strong>angustia</strong></span> <span class='ocrx_word' id='word_1_353' title='bbox 1514 3304 1701 3350; x_wconf 89' lang='lat' dir='ltr'><strong>nostra</strong></span> <span class='ocrx_word' id='word_1_354' title='bbox 1750 3308 1846 3365; x_wconf 84' lang='lat' dir='ltr'><strong>per</strong></span> <span class='ocrx_word' id='word_1_355' title='bbox 1885 3292 2043 3347; x_wconf 80' lang='lat' dir='ltr'><strong>[idem</strong></span> 
     </span>
    </p>
   </div>
   <div class='ocr_carea' id='block_1_54' title="bbox 492 3385 2043 3461">
    <p class='ocr_par' dir='ltr' id='par_1_54' title="bbox 492 3385 2043 3461">
     <span class='ocr_line' id='line_1_54' title="bbox 492 3385 2043 3461; baseline -0.005 -16"><span class='ocrx_word' id='word_1_356' title='bbox 492 3400 753 3457; x_wconf 80' lang='lat' dir='ltr'><strong>vestram,</strong></span> <span class='ocrx_word' id='word_1_357' title='bbox 809 3389 1063 3461; x_wconf 89' lang='lat' dir='ltr'><strong>quoniam</strong></span> <span class='ocrx_word' id='word_1_358' title='bbox 1103 3404 1251 3445; x_wconf 88' lang='lat' dir='ltr'><strong>nunc</strong></span> <span class='ocrx_word' id='word_1_359' title='bbox 1306 3389 1557 3449; x_wconf 88' lang='lat' dir='ltr'><strong>vivimus,</strong></span> <span class='ocrx_word' id='word_1_360' title='bbox 1588 3388 1633 3443; x_wconf 92' lang='lat' dir='ltr'><strong>si</strong></span> <span class='ocrx_word' id='word_1_361' title='bbox 1658 3401 1755 3442; x_wconf 90' lang='lat' dir='ltr'><strong>vos</strong></span> <span class='ocrx_word' id='word_1_362' title='bbox 1802 3386 1959 3442; x_wconf 87' lang='lat' dir='ltr'><strong>statis</strong></span> <span class='ocrx_word' id='word_1_363' title='bbox 1990 3385 2043 3438; x_wconf 92' lang='lat' dir='ltr'><strong>in</strong></span> 
     </span>
    </p>
   </div>
   <div class='ocr_carea' id='block_1_55' title="bbox 490 3476 2033 3549">
    <p class='ocr_par' dir='ltr' id='par_1_55' title="bbox 490 3476 2033 3549">
     <span class='ocr_line' id='line_1_55' title="bbox 490 3476 2033 3549; baseline -0.003 -16"><span class='ocrx_word' id='word_1_364' title='bbox 490 3481 743 3535; x_wconf 77' lang='lat' dir='ltr'><strong>Domino.</strong></span> <span class='ocrx_word' id='word_1_365' title='bbox 770 3478 943 3545; x_wconf 86' lang='lat' dir='ltr'><strong>Quam</strong></span> <span class='ocrx_word' id='word_1_366' title='bbox 961 3480 1104 3534; x_wconf 89' lang='lat' dir='ltr'><strong>enim</strong></span> <span class='ocrx_word' id='word_1_367' title='bbox 1122 3478 1418 3549; x_wconf 84' lang='lat' dir='ltr'><strong>gratiarum</strong></span> <span class='ocrx_word' id='word_1_368' title='bbox 1439 3476 1709 3531; x_wconf 85' lang='lat' dir='ltr'><strong>actionem</strong></span> <span class='ocrx_word' id='word_1_369' title='bbox 1736 3490 2033 3546; x_wconf 85' lang='lat' dir='ltr'><strong>possumus</strong></span> 
     </span>
    </p>
   </div>
   <div class='ocr_carea' id='block_1_56' title="bbox 491 3566 2043 3642">
    <p class='ocr_par' dir='ltr' id='par_1_56' title="bbox 491 3566 2043 3642">
     <span class='ocr_line' id='line_1_56' title="bbox 491 3566 2043 3642; baseline -0.006 -14"><span class='ocrx_word' id='word_1_370' title='bbox 491 3574 603 3630; x_wconf 83' lang='lat' dir='ltr'><strong>Deo</strong></span> <span class='ocrx_word' id='word_1_371' title='bbox 648 3572 954 3629; x_wconf 87' lang='lat' dir='ltr'><strong>retribuere</strong></span> <span class='ocrx_word' id='word_1_372' title='bbox 1015 3587 1114 3642; x_wconf 92' lang='lat' dir='ltr'><strong>pro</strong></span> <span class='ocrx_word' id='word_1_373' title='bbox 1146 3571 1320 3636; x_wconf 88' lang='lat' dir='ltr'><strong>vobis,</strong></span> <span class='ocrx_word' id='word_1_374' title='bbox 1380 3570 1437 3624; x_wconf 90' lang='lat' dir='ltr'><strong>in</strong></span> <span class='ocrx_word' id='word_1_375' title='bbox 1468 3568 1617 3623; x_wconf 90' lang='lat' dir='ltr'><strong>omni</strong></span> <span class='ocrx_word' id='word_1_376' title='bbox 1646 3566 1865 3639; x_wconf 89' lang='lat' dir='ltr'><strong>gaudio,</strong></span> <span class='ocrx_word' id='word_1_377' title='bbox 1931 3581 2043 3637; x_wconf 92' lang='lat' dir='ltr'><strong>quo</strong></span> 
     </span>
    </p>
   </div>
   <div class='ocr_carea' id='block_1_57' title="bbox 486 3657 2043 3733">
    <p class='ocr_par' dir='ltr' id='par_1_57' title="bbox 486 3657 2043 3733">
     <span class='ocr_line' id='line_1_57' title="bbox 486 3657 2043 3733; baseline -0.003 -18"><span class='ocrx_word' id='word_1_378' title='bbox 486 3661 789 3733; x_wconf 82' lang='lat' dir='ltr'><strong>gaudemus</strong></span> <span class='ocrx_word' id='word_1_379' title='bbox 819 3668 1040 3731; x_wconf 83' lang='lat' dir='ltr'><strong>prOpter</strong></span> <span class='ocrx_word' id='word_1_380' title='bbox 1059 3674 1155 3715; x_wconf 85' lang='lat' dir='ltr'><strong>vos</strong></span> <span class='ocrx_word' id='word_1_381' title='bbox 1204 3666 1331 3713; x_wconf 85' lang='lat' dir='ltr'><strong>ante</strong></span> <span class='ocrx_word' id='word_1_382' title='bbox 1361 3657 1527 3714; x_wconf 90' lang='lat' dir='ltr'><strong>Deum</strong></span> <span class='ocrx_word' id='word_1_383' title='bbox 1567 3664 1839 3722; x_wconf 89' lang='lat' dir='ltr'><strong>nostrum,</strong></span> <span class='ocrx_word' id='word_1_384' title='bbox 1881 3664 2043 3711; x_wconf 91' lang='lat' dir='ltr'><strong>nocte</strong></span> 
     </span>
    </p>
   </div>
   <div class='ocr_carea' id='block_1_58' title="bbox 490 3744 2040 3813">
    <p class='ocr_par' dir='ltr' id='par_1_58' title="bbox 490 3744 2040 3813">
     <span class='ocr_line' id='line_1_58' title="bbox 490 3744 2040 3813; baseline -0.002 -10"><span class='ocrx_word' id='word_1_385' title='bbox 490 3766 556 3805; x_wconf 89' lang='lat' dir='ltr'><strong>ac</strong></span> <span class='ocrx_word' id='word_1_386' title='bbox 612 3751 698 3805; x_wconf 81' lang='lat' dir='ltr'><strong>die</strong></span> <span class='ocrx_word' id='word_1_387' title='bbox 745 3749 1111 3805; x_wconf 87' lang='lat' dir='ltr'><strong>abundantius</strong></span> <span class='ocrx_word' id='word_1_388' title='bbox 1155 3758 1402 3813; x_wconf 88' lang='lat' dir='ltr'><strong>orantes,</strong></span> <span class='ocrx_word' id='word_1_389' title='bbox 1444 3756 1502 3801; x_wconf 89' lang='lat' dir='ltr'><strong>ut</strong></span> <span class='ocrx_word' id='word_1_390' title='bbox 1533 3747 1815 3801; x_wconf 89' lang='lat' dir='ltr'><strong>videamus</strong></span> <span class='ocrx_word' id='word_1_391' title='bbox 1847 3744 2040 3800; x_wconf 87' lang='lat' dir='ltr'><strong>faciem</strong></span> 
     </span>
    </p>
   </div>
   <div class='ocr_carea' id='block_1_59' title="bbox 490 3836 2043 3909">
    <p class='ocr_par' dir='ltr' id='par_1_59' title="bbox 490 3836 2043 3909">
     <span class='ocr_line' id='line_1_59' title="bbox 490 3836 2043 3909; baseline 0.001 -18"><span class='ocrx_word' id='word_1_392' title='bbox 490 3850 748 3903; x_wconf 81' lang='lat' dir='ltr'><strong>vestram,</strong></span> <span class='ocrx_word' id='word_1_393' title='bbox 799 3847 854 3895; x_wconf 91' lang='lat' dir='ltr'><strong>et</strong></span> <span class='ocrx_word' id='word_1_394' title='bbox 896 3839 1264 3909; x_wconf 86' lang='lat' dir='ltr'><strong>compleamus</strong></span> <span class='ocrx_word' id='word_1_395' title='bbox 1309 3853 1375 3893; x_wconf 89' lang='lat' dir='ltr'><strong>ea</strong></span> <span class='ocrx_word' id='word_1_396' title='bbox 1404 3853 1525 3908; x_wconf 71' lang='lat' dir='ltr'><strong>qua:</strong></span> <span class='ocrx_word' id='word_1_397' title='bbox 1569 3836 1770 3893; x_wconf 90' lang='lat' dir='ltr'><strong>desunt</strong></span> <span class='ocrx_word' id='word_1_398' title='bbox 1797 3836 1921 3891; x_wconf 81' lang='lat' dir='ltr'><strong>fidei</strong></span> <span class='ocrx_word' id='word_1_399' title='bbox 1952 3851 2043 3892; x_wconf 63' lang='lat' dir='ltr'><strong>vso</strong></span> 
     </span>
    </p>
   </div>
   <div class='ocr_carea' id='block_1_60' title="bbox 488 3928 2041 4002">
    <p class='ocr_par' dir='ltr' id='par_1_60' title="bbox 488 3928 2041 4002">
     <span class='ocr_line' id='line_1_60' title="bbox 488 3928 2041 4002; baseline -0.005 -14"><span class='ocrx_word' id='word_1_400' title='bbox 488 3933 650 3988; x_wconf 72' lang='lat' dir='ltr'><strong>atrae?</strong></span> <span class='ocrx_word' id='word_1_401' title='bbox 681 3931 797 4002; x_wconf 88' lang='lat' dir='ltr'><strong>Ipse</strong></span> <span class='ocrx_word' id='word_1_402' title='bbox 812 3940 991 3987; x_wconf 88' lang='lat' dir='ltr'><strong>autem</strong></span> <span class='ocrx_word' id='word_1_403' title='bbox 1024 3931 1167 3986; x_wconf 92' lang='lat' dir='ltr'><strong>Deus</strong></span> <span class='ocrx_word' id='word_1_404' title='bbox 1204 3940 1255 3984; x_wconf 91' lang='lat' dir='ltr'><strong>et</strong></span> <span class='ocrx_word' id='word_1_405' title='bbox 1289 3930 1445 3984; x_wconf 84' lang='lat' dir='ltr'><strong>Pater</strong></span> <span class='ocrx_word' id='word_1_406' title='bbox 1470 3936 1677 3993; x_wconf 89' lang='lat' dir='ltr'><strong>noster,</strong></span> <span class='ocrx_word' id='word_1_407' title='bbox 1698 3935 1753 3983; x_wconf 91' lang='lat' dir='ltr'><strong>et</strong></span> <span class='ocrx_word' id='word_1_408' title='bbox 1778 3928 2041 3981; x_wconf 79' lang='lat' dir='ltr'><strong>Dominus</strong></span> 
     </span>
    </p>
   </div>
   <div class='ocr_carea' id='block_1_61' title="bbox 488 4019 2039 4091">
    <p class='ocr_par' dir='ltr' id='par_1_61' title="bbox 488 4019 2039 4091">
     <span class='ocr_line' id='line_1_61' title="bbox 488 4019 2039 4091; baseline -0.003 -15"><span class='ocrx_word' id='word_1_409' title='bbox 488 4032 675 4078; x_wconf 87' lang='lat' dir='ltr'><strong>noster</strong></span> <span class='ocrx_word' id='word_1_410' title='bbox 700 4020 859 4078; x_wconf 82' lang='lat' dir='ltr'><strong>Jesus</strong></span> <span class='ocrx_word' id='word_1_411' title='bbox 888 4021 1141 4077; x_wconf 88' lang='lat' dir='ltr'><strong>Christus</strong></span> <span class='ocrx_word' id='word_1_412' title='bbox 1164 4020 1367 4091; x_wconf 90' lang='lat' dir='ltr'><strong>dirigat</strong></span> <span class='ocrx_word' id='word_1_413' title='bbox 1393 4020 1534 4074; x_wconf 88' lang='lat' dir='ltr'><strong>viam</strong></span> <span class='ocrx_word' id='word_1_414' title='bbox 1557 4028 1803 4075; x_wconf 90' lang='lat' dir='ltr'><strong>nostram</strong></span> <span class='ocrx_word' id='word_1_415' title='bbox 1828 4019 1894 4074; x_wconf 90' lang='lat' dir='ltr'><strong>ad</strong></span> <span class='ocrx_word' id='word_1_416' title='bbox 1921 4034 2039 4074; x_wconf 90' lang='lat' dir='ltr'><strong>vos.</strong></span> 
     </span>
    </p>
   </div>
   <div class='ocr_carea' id='block_1_62' title="bbox 490 4110 2039 4182">
    <p class='ocr_par' dir='ltr' id='par_1_62' title="bbox 490 4110 2039 4182">
     <span class='ocr_line' id='line_1_62' title="bbox 490 4110 2039 4182; baseline -0.003 -14"><span class='ocrx_word' id='word_1_417' title='bbox 490 4113 600 4170; x_wconf 81' lang='lat' dir='ltr'><strong>Vos</strong></span> <span class='ocrx_word' id='word_1_418' title='bbox 645 4122 827 4169; x_wconf 86' lang='lat' dir='ltr'><strong>autem</strong></span> <span class='ocrx_word' id='word_1_419' title='bbox 858 4112 1119 4168; x_wconf 88' lang='lat' dir='ltr'><strong>Dominus</strong></span> <span class='ocrx_word' id='word_1_420' title='bbox 1148 4113 1496 4182; x_wconf 86' lang='lat' dir='ltr'><strong>multiplicet,</strong></span> <span class='ocrx_word' id='word_1_421' title='bbox 1528 4119 1585 4167; x_wconf 92' lang='lat' dir='ltr'><strong>et</strong></span> <span class='ocrx_word' id='word_1_422' title='bbox 1637 4112 1916 4167; x_wconf 89' lang='lat' dir='ltr'><strong>abundare</strong></span> <span class='ocrx_word' id='word_1_423' title='bbox 1959 4110 2039 4165; x_wconf 83' lang='lat' dir='ltr'><strong>fa-</strong></span> 
     </span>
    </p>
   </div>
   <div class='ocr_carea' id='block_1_63' title="bbox 488 4203 2041 4272">
    <p class='ocr_par' dir='ltr' id='par_1_63' title="bbox 488 4203 2041 4272">
     <span class='ocr_line' id='line_1_63' title="bbox 488 4203 2041 4272; baseline -0.001 -11"><span class='ocrx_word' id='word_1_424' title='bbox 488 4207 599 4261; x_wconf 88' lang='lat' dir='ltr'><strong>ciat</strong></span> <span class='ocrx_word' id='word_1_425' title='bbox 650 4206 968 4261; x_wconf 85' lang='lat' dir='ltr'><strong>charitatem</strong></span> <span class='ocrx_word' id='word_1_426' title='bbox 996 4213 1232 4261; x_wconf 88' lang='lat' dir='ltr'><strong>vestram</strong></span> <span class='ocrx_word' id='word_1_427' title='bbox 1280 4206 1335 4258; x_wconf 92' lang='lat' dir='ltr'><strong>in</strong></span> <span class='ocrx_word' id='word_1_428' title='bbox 1369 4204 1621 4270; x_wconf 89' lang='lat' dir='ltr'><strong>invicem,</strong></span> <span class='ocrx_word' id='word_1_429' title='bbox 1652 4212 1705 4259; x_wconf 89' lang='lat' dir='ltr'><strong>et</strong></span> <span class='ocrx_word' id='word_1_430' title='bbox 1744 4203 1800 4257; x_wconf 92' lang='lat' dir='ltr'><strong>in</strong></span> <span class='ocrx_word' id='word_1_431' title='bbox 1825 4218 2041 4272; x_wconf 86' lang='lat' dir='ltr'><strong>omnes,</strong></span> 
     </span>
    </p>
   </div>
   <div class='ocr_carea' id='block_1_64' title="bbox 487 4293 2038 4367">
    <p class='ocr_par' dir='ltr' id='par_1_64' title="bbox 487 4293 2038 4367">
     <span class='ocr_line' id='line_1_64' title="bbox 487 4293 2038 4367; baseline -0.001 -17"><span class='ocrx_word' id='word_1_432' title='bbox 487 4294 947 4367; x_wconf 82' lang='lat' dir='ltr'><strong>quemadmodum</strong></span> <span class='ocrx_word' id='word_1_433' title='bbox 996 4305 1050 4350; x_wconf 81' lang='lat' dir='ltr'><strong>et</strong></span> <span class='ocrx_word' id='word_1_434' title='bbox 1086 4310 1186 4349; x_wconf 92' lang='lat' dir='ltr'><strong>nos</strong></span> <span class='ocrx_word' id='word_1_435' title='bbox 1223 4295 1278 4349; x_wconf 92' lang='lat' dir='ltr'><strong>in</strong></span> <span class='ocrx_word' id='word_1_436' title='bbox 1315 4296 1491 4361; x_wconf 87' lang='lat' dir='ltr'><strong>vobis,</strong></span> <span class='ocrx_word' id='word_1_437' title='bbox 1537 4293 1605 4348; x_wconf 87' lang='lat' dir='ltr'><strong>ad</strong></span> <span class='ocrx_word' id='word_1_438' title='bbox 1661 4294 2038 4350; x_wconf 84' lang='lat' dir='ltr'><strong>conﬁrmanda</strong></span> 
     </span>
    </p>
   </div>
   <div class='ocr_carea' id='block_1_65' title="bbox 487 4384 2037 4456">
    <p class='ocr_par' dir='ltr' id='par_1_65' title="bbox 487 4384 2037 4456">
     <span class='ocr_line' id='line_1_65' title="bbox 487 4384 2037 4456; baseline -0.003 -11"><span class='ocrx_word' id='word_1_439' title='bbox 487 4387 651 4445; x_wconf 87' lang='lat' dir='ltr'><strong>corda</strong></span> <span class='ocrx_word' id='word_1_440' title='bbox 672 4393 851 4442; x_wconf 84' lang='lat' dir='ltr'><strong>vestra</strong></span> <span class='ocrx_word' id='word_1_441' title='bbox 876 4386 996 4442; x_wconf 88' lang='lat' dir='ltr'><strong>sine</strong></span> <span class='ocrx_word' id='word_1_442' title='bbox 1022 4386 1266 4456; x_wconf 89' lang='lat' dir='ltr'><strong>querela,</strong></span> <span class='ocrx_word' id='word_1_443' title='bbox 1292 4384 1348 4441; x_wconf 91' lang='lat' dir='ltr'><strong>in</strong></span> <span class='ocrx_word' id='word_1_444' title='bbox 1394 4385 1684 4440; x_wconf 88' lang='lat' dir='ltr'><strong>sanctitate</strong></span> <span class='ocrx_word' id='word_1_445' title='bbox 1716 4387 1772 4440; x_wconf 92' lang='lat' dir='ltr'><strong>in</strong></span> <span class='ocrx_word' id='word_1_446' title='bbox 1803 4384 2037 4441; x_wconf 89' lang='lat' dir='ltr'><strong>adventu</strong></span> 
     </span>
    </p>
   </div>
   <div class='ocr_carea' id='block_1_66' title="bbox 2156 2559 3686 2638">
    <p class='ocr_par' dir='ltr' id='par_1_66' title="bbox 2156 2559 3686 2638">
     <span class='ocr_line' id='line_1_66' title="bbox 2156 2559 3686 2638; baseline 0.006 -26"><span class='ocrx_word' id='word_1_447' title='bbox 2156 2560 2257 2614; x_wconf 84' lang='grc' dir='ltr'><strong>Διὰ</strong></span> <span class='ocrx_word' id='word_1_448' title='bbox 2315 2559 2476 2615; x_wconf 84' lang='grc' dir='ltr'>τοῦτο</span> <span class='ocrx_word' id='word_1_449' title='bbox 2526 2563 2683 2631; x_wconf 85' lang='grc' dir='ltr'>κάγὼ</span> <span class='ocrx_word' id='word_1_450' title='bbox 2716 2564 2913 2634; x_wconf 82' lang='grc' dir='ltr'><strong>μηκέτι</strong></span> <span class='ocrx_word' id='word_1_451' title='bbox 2968 2566 3195 2634; x_wconf 81' lang='grc' dir='ltr'>στέγων,</span> <span class='ocrx_word' id='word_1_452' title='bbox 3241 2567 3475 2638; x_wconf 74' lang='grc' dir='ltr'>ἔπεμψα</span> <span class='ocrx_word' id='word_1_453' title='bbox 3524 2571 3596 2633; x_wconf 87' lang='grc' dir='ltr'><strong>είς</strong></span> <span class='ocrx_word' id='word_1_454' title='bbox 3639 2569 3686 2621; x_wconf 76' lang='grc' dir='ltr'>τὸ</span> 
     </span>
    </p>
   </div>
   <div class='ocr_carea' id='block_1_67' title="bbox 2155 2648 3685 2728">
    <p class='ocr_par' dir='ltr' id='par_1_67' title="bbox 2155 2648 3685 2728">
     <span class='ocr_line' id='line_1_67' title="bbox 2155 2648 3685 2728; baseline 0.005 -28"><span class='ocrx_word' id='word_1_455' title='bbox 2155 2648 2357 2717; x_wconf 85' lang='grc' dir='ltr'>γνῶναι</span> <span class='ocrx_word' id='word_1_456' title='bbox 2386 2650 2485 2721; x_wconf 78' lang='grc' dir='ltr'>τὴν</span> <span class='ocrx_word' id='word_1_457' title='bbox 2522 2650 2706 2706; x_wconf 90' lang='grc' dir='ltr'>πίστιν</span> <span class='ocrx_word' id='word_1_458' title='bbox 2743 2648 2918 2723; x_wconf 83' lang='grc' dir='ltr'>ὑμῶν,</span> <span class='ocrx_word' id='word_1_459' title='bbox 2954 2658 3150 2725; x_wconf 77' lang='grc' dir='ltr'>μήπως</span> <span class='ocrx_word' id='word_1_460' title='bbox 3190 2657 3488 2727; x_wconf 77' lang='grc' dir='ltr'>ἐπείρασεν</span> <span class='ocrx_word' id='word_1_461' title='bbox 3520 2658 3685 2728; x_wconf 72' lang='grc' dir='ltr'><strong>ὑμᾶςὸ</strong></span> 
     </span>
    </p>
   </div>
   <div class='ocr_carea' id='block_1_68' title="bbox 2154 2741 3685 2821">
    <p class='ocr_par' dir='ltr' id='par_1_68' title="bbox 2154 2741 3685 2821">
     <span class='ocr_line' id='line_1_68' title="bbox 2154 2741 3685 2821; baseline 0.005 -28"><span class='ocrx_word' id='word_1_462' title='bbox 2154 2741 2451 2812; x_wconf 77' lang='grc' dir='ltr'>πειράζων,</span> <span class='ocrx_word' id='word_1_463' title='bbox 2472 2747 2569 2798; x_wconf 79' lang='grc' dir='ltr'>καὶ</span> <span class='ocrx_word' id='word_1_464' title='bbox 2597 2746 2677 2809; x_wconf 83' lang='grc' dir='ltr'><strong>είς</strong></span> <span class='ocrx_word' id='word_1_465' title='bbox 2697 2745 2852 2799; x_wconf 82' lang='grc' dir='ltr'>κενὸν</span> <span class='ocrx_word' id='word_1_466' title='bbox 2875 2746 3095 2818; x_wconf 86' lang='grc' dir='ltr'>γένηται</span> <span class='ocrx_word' id='word_1_467' title='bbox 3116 2748 3144 2801; x_wconf 82' lang='grc' dir='ltr'>ὁ</span> <span class='ocrx_word' id='word_1_468' title='bbox 3172 2749 3337 2813; x_wconf 84' lang='grc' dir='ltr'>κόπος</span> <span class='ocrx_word' id='word_1_469' title='bbox 3357 2751 3538 2821; x_wconf 83' lang='grc' dir='ltr'>ήμῶν.</span> <span class='ocrx_word' id='word_1_470' title='bbox 3556 2751 3685 2819; x_wconf 75' lang='grc' dir='ltr'>’Δρτι</span> 
     </span>
    </p>
   </div>
   <div class='ocr_carea' id='block_1_69' title="bbox 2151 2830 3685 2911">
    <p class='ocr_par' dir='ltr' id='par_1_69' title="bbox 2151 2830 3685 2911">
     <span class='ocr_line' id='line_1_69' title="bbox 2151 2830 3685 2911; baseline 0.005 -27"><span class='ocrx_word' id='word_1_471' title='bbox 2151 2830 2207 2885; x_wconf 85' lang='grc' dir='ltr'>δὲ</span> <span class='ocrx_word' id='word_1_472' title='bbox 2240 2832 2486 2899; x_wconf 78' lang='grc' dir='ltr'><strong>ἐλθόντος</strong></span> <span class='ocrx_word' id='word_1_473' title='bbox 2520 2835 2783 2907; x_wconf 82' lang='grc' dir='ltr'>Τιμοθέου</span> <span class='ocrx_word' id='word_1_474' title='bbox 2828 2838 2965 2908; x_wconf 82' lang='grc' dir='ltr'>πρὸς</span> <span class='ocrx_word' id='word_1_475' title='bbox 2988 2840 3138 2909; x_wconf 79' lang='grc' dir='ltr'>ἡμᾶς</span> <span class='ocrx_word' id='word_1_476' title='bbox 3175 2840 3268 2909; x_wconf 78' lang='grc' dir='ltr'>ἀφ’</span> <span class='ocrx_word' id='word_1_477' title='bbox 3298 2842 3481 2911; x_wconf 82' lang='grc' dir='ltr'>ὑμῶν,</span> <span class='ocrx_word' id='word_1_478' title='bbox 3514 2841 3599 2893; x_wconf 83' lang='grc' dir='ltr'>καὶ</span> <span class='ocrx_word' id='word_1_479' title='bbox 3622 2841 3685 2891; x_wconf 62' lang='lat' dir='ltr'><strong>si-</strong></span> 
     </span>
    </p>
   </div>
   <div class='ocr_carea' id='block_1_70' title="bbox 2150 2924 3684 3001">
    <p class='ocr_par' dir='ltr' id='par_1_70' title="bbox 2150 2924 3684 3001">
     <span class='ocr_line' id='line_1_70' title="bbox 2150 2924 3684 3001; baseline 0.004 -25"><span class='ocrx_word' id='word_1_480' title='bbox 2150 2924 2585 2997; x_wconf 84' lang='grc' dir='ltr'>αγγελισαμένου</span> <span class='ocrx_word' id='word_1_481' title='bbox 2642 2930 2775 3000; x_wconf 88' lang='grc' dir='ltr'>ήμῖν</span> <span class='ocrx_word' id='word_1_482' title='bbox 2821 2930 2920 3001; x_wconf 82' lang='grc' dir='ltr'><strong>τὴν</strong></span> <span class='ocrx_word' id='word_1_483' title='bbox 2970 2931 3155 2984; x_wconf 90' lang='grc' dir='ltr'>πίστιν</span> <span class='ocrx_word' id='word_1_484' title='bbox 3193 2934 3289 2985; x_wconf 80' lang='grc' dir='ltr'>καὶ</span> <span class='ocrx_word' id='word_1_485' title='bbox 3336 2932 3438 3001; x_wconf 84' lang='grc' dir='ltr'><strong>τὴν</strong></span> <span class='ocrx_word' id='word_1_486' title='bbox 3496 2935 3684 3001; x_wconf 70' lang='grc' dir='ltr'>ἀγάπην</span> 
     </span>
    </p>
   </div>
   <div class='ocr_carea' id='block_1_71' title="bbox 2149 3014 3682 3095">
    <p class='ocr_par' dir='ltr' id='par_1_71' title="bbox 2149 3014 3682 3095">
     <span class='ocr_line' id='line_1_71' title="bbox 2149 3014 3682 3095; baseline 0.012 -28"><span class='ocrx_word' id='word_1_487' title='bbox 2149 3014 2323 3085; x_wconf 78' lang='grc' dir='ltr'>ὑμῶν,</span> <span class='ocrx_word' id='word_1_488' title='bbox 2350 3017 2445 3070; x_wconf 80' lang='grc' dir='ltr'>καὶ</span> <span class='ocrx_word' id='word_1_489' title='bbox 2471 3018 2553 3072; x_wconf 75' lang='grc' dir='ltr'>ὅτι</span> <span class='ocrx_word' id='word_1_490' title='bbox 2610 3018 2762 3091; x_wconf 78' lang='grc' dir='ltr'>ἔχετε</span> <span class='ocrx_word' id='word_1_491' title='bbox 2798 3022 2987 3089; x_wconf 85' lang='grc' dir='ltr'>μνείαν</span> <span class='ocrx_word' id='word_1_492' title='bbox 3037 3022 3192 3093; x_wconf 81' lang='grc' dir='ltr'>ήμῶν</span> <span class='ocrx_word' id='word_1_493' title='bbox 3224 3023 3438 3095; x_wconf 82' lang='grc' dir='ltr'>ἀγαθὴν</span> <span class='ocrx_word' id='word_1_494' title='bbox 3465 3024 3682 3085; x_wconf 70' lang='grc' dir='ltr'>πάντοτε.</span> 
     </span>
    </p>
   </div>
   <div class='ocr_carea' id='block_1_72' title="bbox 2149 3106 3681 3187">
    <p class='ocr_par' dir='ltr' id='par_1_72' title="bbox 2149 3106 3681 3187">
     <span class='ocr_line' id='line_1_72' title="bbox 2149 3106 3681 3187; baseline 0.008 -29"><span class='ocrx_word' id='word_1_495' title='bbox 2149 3106 2533 3173; x_wconf 79' lang='grc' dir='ltr'>ἐπιποθοῦντες</span> <span class='ocrx_word' id='word_1_496' title='bbox 2561 3111 2709 3181; x_wconf 80' lang='grc' dir='ltr'>ἡμᾶς</span> <span class='ocrx_word' id='word_1_497' title='bbox 2743 3112 2893 3178; x_wconf 85' lang='grc' dir='ltr'>ίδεῖν,</span> <span class='ocrx_word' id='word_1_498' title='bbox 2928 3114 3177 3187; x_wconf 84' lang='grc' dir='ltr'>καθάπερ</span> <span class='ocrx_word' id='word_1_499' title='bbox 3216 3116 3313 3169; x_wconf 75' lang='grc' dir='ltr'>καὶ</span> <span class='ocrx_word' id='word_1_500' title='bbox 3351 3117 3517 3186; x_wconf 62' lang='grc' dir='ltr'><strong>⁴ἡμεῖς</strong></span> <span class='ocrx_word' id='word_1_501' title='bbox 3545 3114 3681 3186; x_wconf 66' lang='grc' dir='ltr'>ὑμᾶς.</span> 
     </span>
    </p>
   </div>
   <div class='ocr_carea' id='block_1_73' title="bbox 2146 3196 3683 3278">
    <p class='ocr_par' dir='ltr' id='par_1_73' title="bbox 2146 3196 3683 3278">
     <span class='ocr_line' id='line_1_73' title="bbox 2146 3196 3683 3278; baseline 0.005 -29"><span class='ocrx_word' id='word_1_502' title='bbox 2146 3196 2235 3251; x_wconf 77' lang='grc' dir='ltr'><strong>διὰ</strong></span> <span class='ocrx_word' id='word_1_503' title='bbox 2286 3198 2445 3254; x_wconf 86' lang='grc' dir='ltr'>τοῦτο</span> <span class='ocrx_word' id='word_1_504' title='bbox 2502 3201 2945 3274; x_wconf 81' lang='grc' dir='ltr'>παρεκλήθημεν,</span> <span class='ocrx_word' id='word_1_505' title='bbox 2979 3205 3237 3274; x_wconf 77' lang='grc' dir='ltr'>ἀδελφοὶ,</span> <span class='ocrx_word' id='word_1_506' title='bbox 3291 3207 3381 3277; x_wconf 76' lang='grc' dir='ltr'><strong>ἐφ’</strong></span> <span class='ocrx_word' id='word_1_507' title='bbox 3410 3207 3561 3278; x_wconf 87' lang='grc' dir='ltr'>ὑμῖν,</span> <span class='ocrx_word' id='word_1_508' title='bbox 3610 3206 3683 3257; x_wconf 73' lang='grc' dir='ltr'><strong>ἐπ.</strong></span> 
     </span>
    </p>
   </div>
   <div class='ocr_carea' id='block_1_74' title="bbox 2147 3288 3688 3370">
    <p class='ocr_par' dir='ltr' id='par_1_74' title="bbox 2147 3288 3688 3370">
     <span class='ocr_line' id='line_1_74' title="bbox 2147 3288 3688 3370; baseline 0.005 -29"><span class='ocrx_word' id='word_1_509' title='bbox 2147 3288 2295 3361; x_wconf 83' lang='grc' dir='ltr'>πάσῃ</span> <span class='ocrx_word' id='word_1_510' title='bbox 2321 3292 2387 3362; x_wconf 78' lang='grc' dir='ltr'>τῇ</span> <span class='ocrx_word' id='word_1_511' title='bbox 2422 3290 2598 3362; x_wconf 76' lang='grc' dir='ltr'>θλίψει</span> <span class='ocrx_word' id='word_1_512' title='bbox 2629 3295 2723 3348; x_wconf 78' lang='grc' dir='ltr'><strong>καὶ</strong></span> <span class='ocrx_word' id='word_1_513' title='bbox 2743 3295 2958 3369; x_wconf 80' lang='grc' dir='ltr'><strong>ἀνάγκῃ</strong></span> <span class='ocrx_word' id='word_1_514' title='bbox 2982 3296 3163 3367; x_wconf 82' lang='grc' dir='ltr'>ἡμῶν,</span> <span class='ocrx_word' id='word_1_515' title='bbox 3191 3297 3279 3350; x_wconf 82' lang='grc' dir='ltr'>διὰ</span> <span class='ocrx_word' id='word_1_516' title='bbox 3315 3300 3419 3370; x_wconf 84' lang='grc' dir='ltr'>τῆς</span> <span class='ocrx_word' id='word_1_517' title='bbox 3451 3298 3597 3367; x_wconf 84' lang='grc' dir='ltr'>ὑμῶν</span> <span class='ocrx_word' id='word_1_518' title='bbox 3620 3294 3688 3348; x_wconf 61' lang='lat' dir='ltr'><strong>tio</strong></span> 
     </span>
    </p>
   </div>
   <div class='ocr_carea' id='block_1_75' title="bbox 2147 3379 3681 3459">
    <p class='ocr_par' dir='ltr' id='par_1_75' title="bbox 2147 3379 3681 3459">
     <span class='ocr_line' id='line_1_75' title="bbox 2147 3379 3681 3459; baseline 0.007 -27"><span class='ocrx_word' id='word_1_519' title='bbox 2147 3398 2337 3447; x_wconf 86' lang='grc' dir='ltr'>στεως,</span> <span class='ocrx_word' id='word_1_520' title='bbox 2376 3383 2458 3436; x_wconf 85' lang='grc' dir='ltr'>ὅτι</span> <span class='ocrx_word' id='word_1_521' title='bbox 2489 3383 2583 3437; x_wconf 90' lang='grc' dir='ltr'>νῦν</span> <span class='ocrx_word' id='word_1_522' title='bbox 2608 3379 2811 3457; x_wconf 78' lang='grc' dir='ltr'>ζῶμεν,</span> <span class='ocrx_word' id='word_1_523' title='bbox 2844 3388 2939 3440; x_wconf 78' lang='grc' dir='ltr'><strong>ἐὰν</strong></span> <span class='ocrx_word' id='word_1_524' title='bbox 2968 3389 3124 3459; x_wconf 83' lang='grc' dir='ltr'>ὑμεῖς</span> <span class='ocrx_word' id='word_1_525' title='bbox 3153 3389 3389 3459; x_wconf 88' lang='grc' dir='ltr'>στήκητε</span> <span class='ocrx_word' id='word_1_526' title='bbox 3418 3391 3479 3442; x_wconf 74' lang='grc' dir='ltr'>ἐν</span> <span class='ocrx_word' id='word_1_527' title='bbox 3506 3386 3681 3456; x_wconf 81' lang='grc' dir='ltr'>Κυρίῳ.</span> 
     </span>
    </p>
   </div>
   <div class='ocr_carea' id='block_1_76' title="bbox 2144 3467 3684 3550">
    <p class='ocr_par' dir='ltr' id='par_1_76' title="bbox 2144 3467 3684 3550">
     <span class='ocr_line' id='line_1_76' title="bbox 2144 3467 3684 3550; baseline 0.003 -24"><span class='ocrx_word' id='word_1_528' title='bbox 2144 3474 2278 3526; x_wconf 90' lang='grc' dir='ltr'>Τίνα</span> <span class='ocrx_word' id='word_1_529' title='bbox 2304 3473 2413 3543; x_wconf 83' lang='grc' dir='ltr'>γὰρ</span> <span class='ocrx_word' id='word_1_530' title='bbox 2439 3476 2789 3547; x_wconf 80' lang='grc' dir='ltr'>εὐχαριστίαν</span> <span class='ocrx_word' id='word_1_531' title='bbox 2816 3479 3095 3550; x_wconf 80' lang='grc' dir='ltr'>δυνάμεθα</span> <span class='ocrx_word' id='word_1_532' title='bbox 3122 3467 3200 3550; x_wconf 72' lang='grc' dir='ltr'>τῷ</span> <span class='ocrx_word' id='word_1_533' title='bbox 3222 3479 3345 3549; x_wconf 87' lang='grc' dir='ltr'>Θεῷ</span> <span class='ocrx_word' id='word_1_534' title='bbox 3377 3478 3684 3534; x_wconf 77' lang='grc' dir='ltr'>ἀνταποδοῦ-</span> 
     </span>
    </p>
   </div>
   <div class='ocr_carea' id='block_1_77' title="bbox 2142 3566 3685 3644">
    <p class='ocr_par' dir='ltr' id='par_1_77' title="bbox 2142 3566 3685 3644">
     <span class='ocr_line' id='line_1_77' title="bbox 2142 3566 3685 3644; baseline 0.003 -27"><span class='ocrx_word' id='word_1_535' title='bbox 2142 3582 2230 3618; x_wconf 91' lang='grc' dir='ltr'><strong>ναι</strong></span> <span class='ocrx_word' id='word_1_536' title='bbox 2262 3567 2391 3637; x_wconf 72' lang='grc' dir='ltr'>περὶ</span> <span class='ocrx_word' id='word_1_537' title='bbox 2439 3566 2614 3638; x_wconf 82' lang='grc' dir='ltr'>ὑμῶν,</span> <span class='ocrx_word' id='word_1_538' title='bbox 2665 3570 2758 3623; x_wconf 76' lang='grc' dir='ltr'><strong>ἐπὶ</strong></span> <span class='ocrx_word' id='word_1_539' title='bbox 2808 3570 2957 3644; x_wconf 78' lang='grc' dir='ltr'>πάσῃ</span> <span class='ocrx_word' id='word_1_540' title='bbox 2998 3574 3066 3641; x_wconf 81' lang='grc' dir='ltr'><strong>τῇ</strong></span> <span class='ocrx_word' id='word_1_541' title='bbox 3093 3571 3256 3642; x_wconf 76' lang='grc' dir='ltr'>χαρᾷ,</span> <span class='ocrx_word' id='word_1_542' title='bbox 3355 3572 3612 3643; x_wconf 84' lang='grc' dir='ltr'>χαίρομεν</span> <span class='ocrx_word' id='word_1_543' title='bbox 3630 3570 3685 3622; x_wconf 78' lang='grc' dir='ltr'>δι’</span> 
     </span>
    </p>
   </div>
   <div class='ocr_carea' id='block_1_78' title="bbox 2144 3656 3685 3736">
    <p class='ocr_par' dir='ltr' id='par_1_78' title="bbox 2144 3656 3685 3736">
     <span class='ocr_line' id='line_1_78' title="bbox 2144 3656 3685 3736; baseline 0.009 -27"><span class='ocrx_word' id='word_1_544' title='bbox 2144 3656 2288 3727; x_wconf 81' lang='grc' dir='ltr'>ὑμᾶς</span> <span class='ocrx_word' id='word_1_545' title='bbox 2314 3658 2622 3730; x_wconf 76' lang='grc' dir='ltr'>ἔμπροσθεν</span> <span class='ocrx_word' id='word_1_546' title='bbox 2648 3661 2743 3714; x_wconf 88' lang='grc' dir='ltr'><strong>τοῦ</strong></span> <span class='ocrx_word' id='word_1_547' title='bbox 2776 3661 2913 3717; x_wconf 86' lang='grc' dir='ltr'>Θεοῦ</span> <span class='ocrx_word' id='word_1_548' title='bbox 2944 3663 3102 3733; x_wconf 74' lang='grc' dir='ltr'>ἡμῶν</span> <span class='ocrx_word' id='word_1_549' title='bbox 3126 3666 3321 3728; x_wconf 81' lang='grc' dir='ltr'>νυκτὸς</span> <span class='ocrx_word' id='word_1_550' title='bbox 3352 3667 3452 3719; x_wconf 77' lang='grc' dir='ltr'>καὶ</span> <span class='ocrx_word' id='word_1_551' title='bbox 3498 3666 3685 3736; x_wconf 68' lang='grc' dir='ltr'>ἡμέρας</span> 
     </span>
    </p>
   </div>
   <div class='ocr_carea' id='block_1_79' title="bbox 2144 3749 3686 3829">
    <p class='ocr_par' dir='ltr' id='par_1_79' title="bbox 2144 3749 3686 3829">
     <span class='ocr_line' id='line_1_79' title="bbox 2144 3749 3686 3829; baseline 0.005 -28"><span class='ocrx_word' id='word_1_552' title='bbox 2144 3749 2612 3821; x_wconf 83' lang='grc' dir='ltr'>ὑπερεκπερισσοῦ</span> <span class='ocrx_word' id='word_1_553' title='bbox 2633 3753 2895 3824; x_wconf 89' lang='grc' dir='ltr'>δεόμενοι,</span> <span class='ocrx_word' id='word_1_554' title='bbox 2916 3756 2977 3808; x_wconf 86' lang='grc' dir='ltr'>τὸ</span> <span class='ocrx_word' id='word_1_555' title='bbox 3006 3757 3105 3827; x_wconf 76' lang='grc' dir='ltr'><strong>μὲν</strong></span> <span class='ocrx_word' id='word_1_556' title='bbox 3136 3757 3264 3810; x_wconf 84' lang='grc' dir='ltr'>ίδεῖν</span> <span class='ocrx_word' id='word_1_557' title='bbox 3284 3758 3440 3828; x_wconf 83' lang='grc' dir='ltr'>ὑμῶν</span> <span class='ocrx_word' id='word_1_558' title='bbox 3466 3760 3526 3811; x_wconf 80' lang='grc' dir='ltr'>τὸ</span> <span class='ocrx_word' id='word_1_559' title='bbox 3545 3758 3686 3829; x_wconf 63' lang='grc' dir='ltr'>πρόες</span> 
     </span>
    </p>
   </div>
   <div class='ocr_carea' id='block_1_80' title="bbox 2142 3844 3686 3919">
    <p class='ocr_par' dir='ltr' id='par_1_80' title="bbox 2142 3844 3686 3919">
     <span class='ocr_line' id='line_1_80' title="bbox 2142 3844 3686 3919; baseline 0.006 -26"><span class='ocrx_word' id='word_1_560' title='bbox 2142 3858 2311 3908; x_wconf 87' lang='grc' dir='ltr'>ωπον,</span> <span class='ocrx_word' id='word_1_561' title='bbox 2357 3844 2453 3897; x_wconf 69' lang='grc' dir='ltr'><strong>ιιια)⁵</strong></span> <span class='ocrx_word' id='word_1_562' title='bbox 2520 3847 2844 3916; x_wconf 82' lang='grc' dir='ltr'>καταρτίσαι</span> <span class='ocrx_word' id='word_1_563' title='bbox 2910 3848 3265 3919; x_wconf 77' lang='grc' dir='ltr'>ὑστερήματα</span> <span class='ocrx_word' id='word_1_564' title='bbox 3318 3850 3417 3918; x_wconf 82' lang='grc' dir='ltr'><strong>τῆς</strong></span> <span class='ocrx_word' id='word_1_565' title='bbox 3475 3851 3686 3911; x_wconf 81' lang='grc' dir='ltr'>πίστεως</span> 
     </span>
    </p>
   </div>
   <div class='ocr_carea' id='block_1_81' title="bbox 2144 3933 3685 4011">
    <p class='ocr_par' dir='ltr' id='par_1_81' title="bbox 2144 3933 3685 4011">
     <span class='ocr_line' id='line_1_81' title="bbox 2144 3933 3685 4011; baseline 0.003 -26"><span class='ocrx_word' id='word_1_566' title='bbox 2144 3933 2318 4003; x_wconf 84' lang='grc' dir='ltr'>ὑμῶν.</span> <span class='ocrx_word' id='word_1_567' title='bbox 2350 3934 2521 4000; x_wconf 60' lang='lat' dir='ltr'><strong>sors;</strong></span> <span class='ocrx_word' id='word_1_568' title='bbox 2548 3935 2605 3989; x_wconf 83' lang='grc' dir='ltr'>δὲ</span> <span class='ocrx_word' id='word_1_569' title='bbox 2634 3938 2662 3989; x_wconf 85' lang='grc' dir='ltr'>ὁ</span> <span class='ocrx_word' id='word_1_570' title='bbox 2685 3936 2815 4001; x_wconf 77' lang='grc' dir='ltr'>Θεὸς</span> <span class='ocrx_word' id='word_1_571' title='bbox 2841 3940 2935 3991; x_wconf 77' lang='grc' dir='ltr'>καὶ</span> <span class='ocrx_word' id='word_1_572' title='bbox 2965 3940 3154 4011; x_wconf 77' lang='grc' dir='ltr'>Πατὴρ</span> <span class='ocrx_word' id='word_1_573' title='bbox 3200 3940 3381 4011; x_wconf 83' lang='grc' dir='ltr'>ήμῶν,</span> <span class='ocrx_word' id='word_1_574' title='bbox 3411 3942 3510 3994; x_wconf 80' lang='grc' dir='ltr'>καὶ</span> <span class='ocrx_word' id='word_1_575' title='bbox 3536 3942 3563 3994; x_wconf 83' lang='grc' dir='ltr'><strong>ὁ</strong></span> <span class='ocrx_word' id='word_1_576' title='bbox 3590 3938 3685 3993; x_wconf 81' lang='grc' dir='ltr'><strong>Κύ-</strong></span> 
     </span>
    </p>
   </div>
   <div class='ocr_carea' id='block_1_82' title="bbox 2146 4023 3685 4102">
    <p class='ocr_par' dir='ltr' id='par_1_82' title="bbox 2146 4023 3685 4102">
     <span class='ocr_line' id='line_1_82' title="bbox 2146 4023 3685 4102; baseline 0.008 -28"><span class='ocrx_word' id='word_1_577' title='bbox 2146 4037 2259 4093; x_wconf 90' lang='grc' dir='ltr'>ριος</span> <span class='ocrx_word' id='word_1_578' title='bbox 2273 4023 2430 4095; x_wconf 82' lang='grc' dir='ltr'>ήμῶν</span> <span class='ocrx_word' id='word_1_579' title='bbox 2464 4024 2671 4095; x_wconf 85' lang='grc' dir='ltr'>Ἰησοῦς</span> <span class='ocrx_word' id='word_1_580' title='bbox 2692 4026 2924 4098; x_wconf 80' lang='grc' dir='ltr'>Χριστὸς</span> <span class='ocrx_word' id='word_1_581' title='bbox 2946 4029 3274 4083; x_wconf 85' lang='grc' dir='ltr'>κατευθύναι</span> <span class='ocrx_word' id='word_1_582' title='bbox 3293 4030 3395 4101; x_wconf 84' lang='grc' dir='ltr'><strong>τὴν</strong></span> <span class='ocrx_word' id='word_1_583' title='bbox 3412 4032 3532 4085; x_wconf 81' lang='grc' dir='ltr'>ὁδὸν</span> <span class='ocrx_word' id='word_1_584' title='bbox 3550 4029 3685 4102; x_wconf 72' lang='grc' dir='ltr'>ἡμῶν</span> 
     </span>
    </p>
   </div>
   <div class='ocr_carea' id='block_1_83' title="bbox 2142 4110 3685 4192">
    <p class='ocr_par' dir='ltr' id='par_1_83' title="bbox 2142 4110 3685 4192">
     <span class='ocr_line' id='line_1_83' title="bbox 2142 4110 3685 4192; baseline -0.001 -16"><span class='ocrx_word' id='word_1_585' title='bbox 2142 4110 2278 4183; x_wconf 78' lang='grc' dir='ltr'>πρὸς</span> <span class='ocrx_word' id='word_1_586' title='bbox 2307 4114 2470 4185; x_wconf 78' lang='grc' dir='ltr'>ὑμᾶς.</span> <span class='ocrx_word' id='word_1_587' title='bbox 2513 4115 2686 4186; x_wconf 77' lang='grc' dir='ltr'>’Υμᾶς</span> <span class='ocrx_word' id='word_1_588' title='bbox 2716 4117 2774 4171; x_wconf 83' lang='grc' dir='ltr'>δὲ</span> <span class='ocrx_word' id='word_1_589' title='bbox 2809 4118 2839 4171; x_wconf 85' lang='grc' dir='ltr'>ὁ</span> <span class='ocrx_word' id='word_1_590' title='bbox 2872 4120 3075 4192; x_wconf 75' lang='grc' dir='ltr'>Κύριος</span> <span class='ocrx_word' id='word_1_591' title='bbox 3111 4121 3445 4189; x_wconf 82' lang='grc' dir='ltr'>πλεονάσαι,</span> <span class='ocrx_word' id='word_1_592' title='bbox 3477 4125 3567 4177; x_wconf 77' lang='grc' dir='ltr'><strong>καὶ</strong></span> <span class='ocrx_word' id='word_1_593' title='bbox 3602 4139 3685 4175; x_wconf 82' lang='grc' dir='ltr'>πε-</span> 
     </span>
    </p>
   </div>
   <div class='ocr_carea' id='block_1_84' title="bbox 2146 4205 3682 4284">
    <p class='ocr_par' dir='ltr' id='par_1_84' title="bbox 2146 4205 3682 4284">
     <span class='ocr_line' id='line_1_84' title="bbox 2146 4205 3682 4284; baseline 0.012 -28"><span class='ocrx_word' id='word_1_594' title='bbox 2146 4205 2424 4274; x_wconf 89' lang='grc' dir='ltr'>ρισσεύσαι</span> <span class='ocrx_word' id='word_1_595' title='bbox 2453 4209 2518 4278; x_wconf 84' lang='grc' dir='ltr'>τῇ</span> <span class='ocrx_word' id='word_1_596' title='bbox 2559 4209 2749 4283; x_wconf 77' lang='grc' dir='ltr'>ἀγάπῃ</span> <span class='ocrx_word' id='word_1_597' title='bbox 2776 4212 2857 4274; x_wconf 85' lang='grc' dir='ltr'><strong>είς</strong></span> <span class='ocrx_word' id='word_1_598' title='bbox 2895 4212 3180 4284; x_wconf 84' lang='grc' dir='ltr'>ἀλλήλους,</span> <span class='ocrx_word' id='word_1_599' title='bbox 3211 4214 3308 4269; x_wconf 76' lang='grc' dir='ltr'>καὶ</span> <span class='ocrx_word' id='word_1_600' title='bbox 3355 4216 3437 4279; x_wconf 86' lang='grc' dir='ltr'><strong>είς</strong></span> <span class='ocrx_word' id='word_1_601' title='bbox 3474 4216 3682 4273; x_wconf 77' lang='grc' dir='ltr'>πάντας.</span> 
     </span>
    </p>
   </div>
   <div class='ocr_carea' id='block_1_85' title="bbox 2142 4295 3685 4379">
    <p class='ocr_par' dir='ltr' id='par_1_85' title="bbox 2142 4295 3685 4379">
     <span class='ocr_line' id='line_1_85' title="bbox 2142 4295 3685 4379; baseline 0.006 -32"><span class='ocrx_word' id='word_1_602' title='bbox 2142 4295 2391 4368; x_wconf 87' lang='grc' dir='ltr'>καθάπερ</span> <span class='ocrx_word' id='word_1_603' title='bbox 2417 4298 2512 4352; x_wconf 77' lang='grc' dir='ltr'>καὶ</span> <span class='ocrx_word' id='word_1_604' title='bbox 2541 4300 2702 4371; x_wconf 80' lang='grc' dir='ltr'>ἡμεῖς</span> <span class='ocrx_word' id='word_1_605' title='bbox 2729 4302 2810 4366; x_wconf 87' lang='grc' dir='ltr'><strong>είς</strong></span> <span class='ocrx_word' id='word_1_606' title='bbox 2831 4302 2993 4373; x_wconf 82' lang='grc' dir='ltr'>ὑμᾶς,</span> <span class='ocrx_word' id='word_1_607' title='bbox 3042 4306 3123 4369; x_wconf 81' lang='grc' dir='ltr'><strong>είς</strong></span> <span class='ocrx_word' id='word_1_608' title='bbox 3161 4305 3223 4359; x_wconf 77' lang='grc' dir='ltr'><strong>τὸ</strong></span> <span class='ocrx_word' id='word_1_609' title='bbox 3269 4307 3523 4379; x_wconf 79' lang='grc' dir='ltr'>στηρίξαι</span> <span class='ocrx_word' id='word_1_610' title='bbox 3550 4305 3685 4376; x_wconf 82' lang='grc' dir='ltr'>ὑμῶν</span> 
     </span>
    </p>
   </div>
   <div class='ocr_carea' id='block_1_86' title="bbox 2140 4385 3681 4470">
    <p class='ocr_par' dir='ltr' id='par_1_86' title="bbox 2140 4385 3681 4470">
     <span class='ocr_line' id='line_1_86' title="bbox 2140 4385 3681 4470; baseline 0.008 -33"><span class='ocrx_word' id='word_1_611' title='bbox 2140 4385 2238 4449; x_wconf 78' lang='grc' dir='ltr'>τὰς</span> <span class='ocrx_word' id='word_1_612' title='bbox 2265 4387 2491 4458; x_wconf 86' lang='grc' dir='ltr'>καρδίας</span> <span class='ocrx_word' id='word_1_613' title='bbox 2518 4390 2838 4461; x_wconf 84' lang='grc' dir='ltr'>ἀμέμπτους</span> <span class='ocrx_word' id='word_1_614' title='bbox 2862 4395 2921 4447; x_wconf 79' lang='grc' dir='ltr'>ὲν</span> <span class='ocrx_word' id='word_1_615' title='bbox 2949 4396 3247 4470; x_wconf 75' lang='grc' dir='ltr'>ἁγιωσύνῃ,</span> <span class='ocrx_word' id='word_1_616' title='bbox 3278 4398 3582 4469; x_wconf 82' lang='grc' dir='ltr'>ἔμπροσθεν</span> <span class='ocrx_word' id='word_1_617' title='bbox 3603 4396 3681 4449; x_wconf 80' lang='grc' dir='ltr'>τοῦ</span> 
     </span>
    </p>
   </div>
   <div class='ocr_carea' id='block_1_87' title="bbox 487 4474 2050 4561">
    <p class='ocr_par' dir='ltr' id='par_1_87' title="bbox 487 4476 2030 4549">
     <span class='ocr_line' id='line_1_87' title="bbox 487 4476 2030 4549; baseline -0.001 -17"><span class='ocrx_word' id='word_1_618' title='bbox 487 4478 699 4534; x_wconf 86' lang='lat' dir='ltr'><strong>Domini</strong></span> <span class='ocrx_word' id='word_1_619' title='bbox 736 4477 863 4534; x_wconf 82' lang='lat' dir='ltr'><strong>.lesu</strong></span> <span class='ocrx_word' id='word_1_620' title='bbox 896 4477 1119 4539; x_wconf 79' lang='lat' dir='ltr'><strong>Christi,</strong></span> <span class='ocrx_word' id='word_1_621' title='bbox 1160 4491 1283 4532; x_wconf 91' lang='lat' dir='ltr'><strong>cum</strong></span> <span class='ocrx_word' id='word_1_622' title='bbox 1314 4476 1567 4532; x_wconf 85' lang='lat' dir='ltr'><strong>omnibus</strong></span> <span class='ocrx_word' id='word_1_623' title='bbox 1599 4477 1806 4533; x_wconf 88' lang='lat' dir='ltr'><strong>sanctis</strong></span> <span class='ocrx_word' id='word_1_624' title='bbox 1836 4477 1976 4549; x_wconf 86' lang='lat' dir='ltr'><strong>ejus.</strong></span> <span class='ocrx_word' id='word_1_625' title='bbox 2010 4496 2030 4530; x_wconf 71' lang='grc' dir='ltr'><strong>ι</strong></span> 
     </span>
    </p>
   </div>
   <div class='ocr_carea' id='block_1_88' title="bbox 2157 4474 3681 4561">
    <p class='ocr_par' dir='ltr' id='par_1_88' title="bbox 2157 4474 3681 4561">
     <span class='ocr_line' id='line_1_88' title="bbox 2157 4474 3681 4561; baseline 0.01 -34"><span class='ocrx_word' id='word_1_626' title='bbox 2157 4474 2275 4529; x_wconf 68' lang='grc' dir='ltr'>θεοῦ</span> <span class='ocrx_word' id='word_1_627' title='bbox 2312 4479 2407 4532; x_wconf 78' lang='grc' dir='ltr'>καὶ</span> <span class='ocrx_word' id='word_1_628' title='bbox 2428 4480 2642 4553; x_wconf 84' lang='grc' dir='ltr'>Πατρὸς</span> <span class='ocrx_word' id='word_1_629' title='bbox 2664 4484 2845 4555; x_wconf 82' lang='grc' dir='ltr'>ἡμῶν,</span> <span class='ocrx_word' id='word_1_630' title='bbox 2877 4486 2936 4538; x_wconf 86' lang='grc' dir='ltr'>ὲν</span> <span class='ocrx_word' id='word_1_631' title='bbox 2969 4490 3038 4559; x_wconf 75' lang='grc' dir='ltr'><strong>τῇ</strong></span> <span class='ocrx_word' id='word_1_632' title='bbox 3064 4490 3338 4561; x_wconf 81' lang='grc' dir='ltr'>παρουσίᾳ</span> <span class='ocrx_word' id='word_1_633' title='bbox 3366 4490 3462 4544; x_wconf 90' lang='grc' dir='ltr'><strong>τοῦ</strong></span> <span class='ocrx_word' id='word_1_634' title='bbox 3495 4490 3681 4561; x_wconf 81' lang='grc' dir='ltr'>Κυρίου</span> 
     </span>
    </p>
   </div>
   <div class='ocr_carea' id='block_1_89' title="bbox 555 4659 967 4730">
    <p class='ocr_par' dir='ltr' id='par_1_89' title="bbox 555 4659 967 4730">
     <span class='ocr_line' id='line_1_89' title="bbox 555 4659 967 4730; baseline -0.005 -14"><span class='ocrx_word' id='word_1_635' title='bbox 555 4659 628 4716; x_wconf 82' lang='lat' dir='ltr'><strong>Ut</strong></span> <span class='ocrx_word' id='word_1_636' title='bbox 649 4660 967 4730; x_wconf 74' lang='lat' dir='ltr'><strong>adligamur.</strong></span> 
     </span>
    </p>
   </div>
   <div class='ocr_carea' id='block_1_90' title="bbox 1141 4747 1401 4804">
    <p class='ocr_par' dir='ltr' id='par_1_90' title="bbox 1141 4747 1401 4804">
     <span class='ocr_line' id='line_1_90' title="bbox 1141 4747 1401 4804; baseline 0 -1"><span class='ocrx_word' id='word_1_637' title='bbox 1141 4747 1291 4803; x_wconf 78' lang='lat' dir='ltr'><strong>CAP.</strong></span> <span class='ocrx_word' id='word_1_638' title='bbox 1313 4747 1401 4804; x_wconf 83' lang='lat' dir='ltr'><strong>1V.</strong></span> 
     </span>
    </p>
   </div>
   <div class='ocr_carea' id='block_1_91' title="bbox 552 4840 2033 4913">
    <p class='ocr_par' dir='ltr' id='par_1_91' title="bbox 552 4840 2033 4913">
     <span class='ocr_line' id='line_1_91' title="bbox 552 4840 2033 4913; baseline -0.001 -13"><span class='ocrx_word' id='word_1_639' title='bbox 552 4843 697 4900; x_wconf 73' lang='lat' dir='ltr'><strong>Vsus</strong></span> <span class='ocrx_word' id='word_1_640' title='bbox 784 4844 897 4899; x_wconf 77' lang='grc'><strong>1-5.</strong></span> <span class='ocrx_word' id='word_1_641' title='bbox 926 4841 1038 4897; x_wconf 67' lang='lat' dir='ltr'><strong>«De</strong></span> <span class='ocrx_word' id='word_1_642' title='bbox 1067 4852 1264 4897; x_wconf 81' lang='lat' dir='ltr'><strong>caetero</strong></span> <span class='ocrx_word' id='word_1_643' title='bbox 1280 4843 1457 4912; x_wconf 65' lang='lat' dir='ltr'><strong>tergo,</strong></span> <span class='ocrx_word' id='word_1_644' title='bbox 1499 4840 1717 4905; x_wconf 80' lang='lat' dir='ltr'><strong>fratres,</strong></span> <span class='ocrx_word' id='word_1_645' title='bbox 1780 4857 2033 4913; x_wconf 87' lang='lat' dir='ltr'><strong>rogamus</strong></span> 
     </span>
    </p>
   </div>
   <div class='ocr_carea' id='block_1_92' title="bbox 483 4930 2035 5003">
    <p class='ocr_par' dir='ltr' id='par_1_92' title="bbox 483 4930 2035 5003">
     <span class='ocr_line' id='line_1_92' title="bbox 483 4930 2035 5003; baseline 0.001 -16"><span class='ocrx_word' id='word_1_646' title='bbox 483 4950 603 4999; x_wconf 85' lang='lat' dir='ltr'><strong>vos,</strong></span> <span class='ocrx_word' id='word_1_647' title='bbox 633 4944 688 4990; x_wconf 91' lang='lat' dir='ltr'><strong>et</strong></span> <span class='ocrx_word' id='word_1_648' title='bbox 713 4934 1065 4990; x_wconf 85' lang='lat' dir='ltr'><strong>obsecramus</strong></span> <span class='ocrx_word' id='word_1_649' title='bbox 1088 4933 1142 4987; x_wconf 91' lang='lat' dir='ltr'><strong>in</strong></span> <span class='ocrx_word' id='word_1_650' title='bbox 1171 4932 1400 4988; x_wconf 90' lang='lat' dir='ltr'><strong>Domino</strong></span> <span class='ocrx_word' id='word_1_651' title='bbox 1415 4930 1568 5000; x_wconf 78' lang='lat' dir='ltr'><strong>Jesu,</strong></span> <span class='ocrx_word' id='word_1_652' title='bbox 1599 4939 1662 4987; x_wconf 90' lang='lat' dir='ltr'><strong>ut</strong></span> <span class='ocrx_word' id='word_1_653' title='bbox 1680 4933 2035 5003; x_wconf 89' lang='lat' dir='ltr'><strong>quemadmo-</strong></span> 
     </span>
    </p>
   </div>
   <div class='ocr_carea' id='block_1_93' title="bbox 487 5024 2034 5097">
    <p class='ocr_par' dir='ltr' id='par_1_93' title="bbox 487 5024 2034 5097">
     <span class='ocr_line' id='line_1_93' title="bbox 487 5024 2034 5097; baseline 0 -16"><span class='ocrx_word' id='word_1_654' title='bbox 487 5028 617 5081; x_wconf 89' lang='lat' dir='ltr'><strong>dum</strong></span> <span class='ocrx_word' id='word_1_655' title='bbox 641 5026 931 5096; x_wconf 86' lang='lat' dir='ltr'><strong>accepistis</strong></span> <span class='ocrx_word' id='word_1_656' title='bbox 957 5040 985 5079; x_wconf 89' lang='lat' dir='ltr'><strong>a</strong></span> <span class='ocrx_word' id='word_1_657' title='bbox 1010 5025 1188 5093; x_wconf 87' lang='lat' dir='ltr'><strong>nobis,</strong></span> <span class='ocrx_word' id='word_1_658' title='bbox 1211 5024 1485 5096; x_wconf 87' lang='lat' dir='ltr'><strong>quomodo</strong></span> <span class='ocrx_word' id='word_1_659' title='bbox 1514 5040 1613 5081; x_wconf 90' lang='lat' dir='ltr'><strong>vos</strong></span> <span class='ocrx_word' id='word_1_660' title='bbox 1647 5033 1896 5097; x_wconf 89' lang='lat' dir='ltr'><strong>oporteat</strong></span> <span class='ocrx_word' id='word_1_661' title='bbox 1918 5042 2034 5081; x_wconf 87' lang='lat' dir='ltr'><strong>am-</strong></span> 
     </span>
    </p>
   </div>
   <div class='ocr_carea' id='block_1_94' title="bbox 2140 4568 3526 4649">
    <p class='ocr_par' dir='ltr' id='par_1_94' title="bbox 2140 4568 3526 4649">
     <span class='ocr_line' id='line_1_94' title="bbox 2140 4568 3526 4649; baseline 0.01 -28"><span class='ocrx_word' id='word_1_662' title='bbox 2140 4568 2294 4640; x_wconf 82' lang='grc' dir='ltr'>ήμῶν</span> <span class='ocrx_word' id='word_1_663' title='bbox 2324 4570 2519 4642; x_wconf 79' lang='grc' dir='ltr'>Ἰησοῦ,</span> <span class='ocrx_word' id='word_1_664' title='bbox 2555 4574 2693 4645; x_wconf 86' lang='grc' dir='ltr'>μετὰ</span> <span class='ocrx_word' id='word_1_665' title='bbox 2717 4577 2932 4633; x_wconf 80' lang='grc' dir='ltr'>πάντων</span> <span class='ocrx_word' id='word_1_666' title='bbox 2952 4579 3060 4633; x_wconf 82' lang='grc' dir='ltr'>τῶν</span> <span class='ocrx_word' id='word_1_667' title='bbox 3083 4582 3154 4649; x_wconf 84' lang='grc' dir='ltr'><strong>ἀγ</strong></span> <span class='ocrx_word' id='word_1_668' title='bbox 3164 4582 3257 4635; x_wconf 91' lang='grc' dir='ltr'><strong>ίων</strong></span> <span class='ocrx_word' id='word_1_669' title='bbox 3281 4582 3472 4639; x_wconf 89' lang='grc' dir='ltr'>αὑτοῦ.</span> <span class='ocrx_word' id='word_1_670' title='bbox 3506 4601 3526 4635; x_wconf 70' lang='grc' dir='ltr'><strong>ι</strong></span> 
     </span>
    </p>
   </div>
   <div class='ocr_carea' id='block_1_95' title="bbox 2208 4661 2719 4726">
    <p class='ocr_par' dir='ltr' id='par_1_95' title="bbox 2208 4661 2719 4726">
     <span class='ocr_line' id='line_1_95' title="bbox 2208 4661 2719 4726; baseline 0.02 -13"><span class='ocrx_word' id='word_1_671' title='bbox 2208 4661 2301 4726; x_wconf 82' lang='grc' dir='ltr'>Εἰς</span> <span class='ocrx_word' id='word_1_672' title='bbox 2331 4662 2392 4715; x_wconf 84' lang='grc' dir='ltr'>τὸ</span> <span class='ocrx_word' id='word_1_673' title='bbox 2428 4662 2719 4723; x_wconf 78' lang='grc' dir='ltr'>θλίὸεσθαι.</span> 
     </span>
    </p>
   </div>
   <div class='ocr_carea' id='block_1_96' title="bbox 2728 4764 3095 4824">
    <p class='ocr_par' dir='ltr' id='par_1_96' title="bbox 2728 4764 3095 4824">
     <span class='ocr_line' id='line_1_96' title="bbox 2728 4764 3095 4824; baseline 0.025 -9"><span class='ocrx_word' id='word_1_674' title='bbox 2728 4764 2981 4819; x_wconf 79' lang='grc' dir='ltr'><strong>ΚΕΦΑΛ.</strong></span> <span class='ocrx_word' id='word_1_675' title='bbox 3020 4767 3095 4824; x_wconf 85' lang='lat' dir='ltr'><strong>A&#39;.</strong></span> 
     </span>
    </p>
   </div>
   <div class='ocr_carea' id='block_1_97' title="bbox 2211 4848 3681 4933">
    <p class='ocr_par' dir='ltr' id='par_1_97' title="bbox 2211 4848 3681 4933">
     <span class='ocr_line' id='line_1_97' title="bbox 2211 4848 3681 4933; baseline 0.013 -34"><span class='ocrx_word' id='word_1_676' title='bbox 2211 4864 2231 4898; x_wconf 81' lang='grc' dir='ltr'><strong>ι</strong></span> <span class='ocrx_word' id='word_1_677' title='bbox 2264 4848 2463 4904; x_wconf 86' lang='grc' dir='ltr'>Λοιπὸν</span> <span class='ocrx_word' id='word_1_678' title='bbox 2482 4848 2595 4920; x_wconf 80' lang='grc' dir='ltr'>οὖν,</span> <span class='ocrx_word' id='word_1_679' title='bbox 2635 4854 2873 4926; x_wconf 82' lang='grc' dir='ltr'>ἀδελφοὶ,</span> <span class='ocrx_word' id='word_1_680' title='bbox 2903 4861 3194 4930; x_wconf 70' lang='grc' dir='ltr'>ἐρωτῶμεν</span> <span class='ocrx_word' id='word_1_681' title='bbox 3216 4860 3382 4931; x_wconf 81' lang='grc' dir='ltr'>ὑμᾶς,</span> <span class='ocrx_word' id='word_1_682' title='bbox 3410 4862 3503 4916; x_wconf 81' lang='grc' dir='ltr'>καὶ</span> <span class='ocrx_word' id='word_1_683' title='bbox 3522 4878 3681 4933; x_wconf 80' lang='grc' dir='ltr'>παρα·</span> 
     </span>
    </p>
   </div>
   <div class='ocr_carea' id='block_1_98' title="bbox 2138 4938 3679 5025">
    <p class='ocr_par' dir='ltr' id='par_1_98' title="bbox 2138 4938 3679 5025">
     <span class='ocr_line' id='line_1_98' title="bbox 2138 4938 3679 5025; baseline 0.012 -35"><span class='ocrx_word' id='word_1_684' title='bbox 2138 4938 2404 5010; x_wconf 86' lang='grc' dir='ltr'>καλοῦμεν</span> <span class='ocrx_word' id='word_1_685' title='bbox 2428 4944 2488 4995; x_wconf 85' lang='grc' dir='ltr'>έν</span> <span class='ocrx_word' id='word_1_686' title='bbox 2535 4945 2725 5017; x_wconf 83' lang='grc' dir='ltr'>Κυρίῳ</span> <span class='ocrx_word' id='word_1_687' title='bbox 2763 4949 2959 5019; x_wconf 87' lang='grc' dir='ltr'>Ἰησοῦ,</span> <span class='ocrx_word' id='word_1_688' title='bbox 2997 4950 3178 5015; x_wconf 87' lang='grc' dir='ltr'>καθὼς</span> <span class='ocrx_word' id='word_1_689' title='bbox 3209 4955 3540 5025; x_wconf 73' lang='grc' dir='ltr'>παρελάϐετε</span> <span class='ocrx_word' id='word_1_690' title='bbox 3563 4954 3679 5022; x_wconf 82' lang='grc' dir='ltr'>παρ’</span> 
     </span>
    </p>
   </div>
   <div class='ocr_carea' id='block_1_99' title="bbox 2132 5030 3677 5117">
    <p class='ocr_par' dir='ltr' id='par_1_99' title="bbox 2132 5030 3677 5117">
     <span class='ocr_line' id='line_1_99' title="bbox 2132 5030 3677 5117; baseline 0.011 -35"><span class='ocrx_word' id='word_1_691' title='bbox 2132 5030 2293 5101; x_wconf 81' lang='grc' dir='ltr'>ήμῶν</span> <span class='ocrx_word' id='word_1_692' title='bbox 2307 5032 2368 5085; x_wconf 84' lang='grc' dir='ltr'><strong>τὸ</strong></span> <span class='ocrx_word' id='word_1_693' title='bbox 2392 5033 2508 5098; x_wconf 82' lang='grc' dir='ltr'>πῶς</span> <span class='ocrx_word' id='word_1_694' title='bbox 2535 5035 2616 5089; x_wconf 79' lang='grc' dir='ltr'><strong>δεῖ</strong></span> <span class='ocrx_word' id='word_1_695' title='bbox 2639 5038 2784 5109; x_wconf 79' lang='grc' dir='ltr'>ὑμᾶς</span> <span class='ocrx_word' id='word_1_696' title='bbox 2811 5047 3150 5113; x_wconf 85' lang='grc' dir='ltr'>περιπατεῖν,</span> <span class='ocrx_word' id='word_1_697' title='bbox 3170 5046 3262 5099; x_wconf 72' lang='grc' dir='ltr'><strong>καὶ</strong></span> <span class='ocrx_word' id='word_1_698' title='bbox 3282 5046 3534 5117; x_wconf 69' lang='grc' dir='ltr'>ἀρέσκειν</span> <span class='ocrx_word' id='word_1_699' title='bbox 3552 5043 3677 5114; x_wconf 78' lang='grc' dir='ltr'>Θεῷ,</span> 
     </span>
    </p>
   </div>
   <div class='ocr_carea' id='block_1_100' title="bbox 396 5117 2050 5209">
    <p class='ocr_par' dir='ltr' id='par_1_100' title="bbox 396 5117 2030 5189">
     <span class='ocr_line' id='line_1_100' title="bbox 396 5117 2030 5189; baseline -0.001 -14"><span class='ocrx_word' id='word_1_700' title='bbox 396 5126 407 5135; x_wconf 88' lang='grc'><em>’</em></span> <span class='ocrx_word' id='word_1_701' title='bbox 482 5120 671 5175; x_wconf 82' lang='lat' dir='ltr'><strong>bulare</strong></span> <span class='ocrx_word' id='word_1_702' title='bbox 692 5126 748 5175; x_wconf 90' lang='lat' dir='ltr'><strong>et</strong></span> <span class='ocrx_word' id='word_1_703' title='bbox 788 5118 1001 5189; x_wconf 89' lang='lat' dir='ltr'><strong>placere</strong></span> <span class='ocrx_word' id='word_1_704' title='bbox 1038 5118 1165 5183; x_wconf 89' lang='lat' dir='ltr'><strong>Deo,</strong></span> <span class='ocrx_word' id='word_1_705' title='bbox 1198 5125 1256 5171; x_wconf 90' lang='lat' dir='ltr'><strong>ut</strong></span> <span class='ocrx_word' id='word_1_706' title='bbox 1310 5117 1600 5173; x_wconf 87' lang='lat' dir='ltr'><strong>abundetis</strong></span> <span class='ocrx_word' id='word_1_707' title='bbox 1632 5117 1825 5188; x_wconf 89' lang='lat' dir='ltr'><strong>magis.</strong></span> <span class='ocrx_word' id='word_1_708' title='bbox 1863 5117 2030 5173; x_wconf 90' lang='lat' dir='ltr'><strong>Scitis</strong></span> 
     </span>
    </p>
   </div>
   <div class='ocr_carea' id='block_1_101' title="bbox 2157 5117 3676 5209">
    <p class='ocr_par' dir='ltr' id='par_1_101' title="bbox 2157 5122 3676 5209">
     <span class='ocr_line' id='line_1_101' title="bbox 2157 5122 3676 5209; baseline 0.009 -34"><span class='ocrx_word' id='word_1_709' title='bbox 2157 5122 2224 5176; x_wconf 90' lang='grc' dir='ltr'>’να</span> <span class='ocrx_word' id='word_1_710' title='bbox 2254 5126 2614 5198; x_wconf 83' lang='grc' dir='ltr'>περισσεύητε</span> <span class='ocrx_word' id='word_1_711' title='bbox 2643 5130 2863 5200; x_wconf 82' lang='grc' dir='ltr'>μᾶλλον.</span> <span class='ocrx_word' id='word_1_712' title='bbox 2890 5134 3079 5189; x_wconf 75' lang='grc' dir='ltr'>Οἴδατε</span> <span class='ocrx_word' id='word_1_713' title='bbox 3109 5138 3217 5208; x_wconf 84' lang='grc' dir='ltr'>γὰρ</span> <span class='ocrx_word' id='word_1_714' title='bbox 3239 5138 3393 5203; x_wconf 88' lang='grc' dir='ltr'>τίνας</span> <span class='ocrx_word' id='word_1_715' title='bbox 3418 5153 3676 5209; x_wconf 78' lang='grc' dir='ltr'>παραγγε-</span> 
     </span>
    </p>
   </div>
   <div class='ocr_carea' id='block_1_102' title="bbox 480 5209 2050 5300">
    <p class='ocr_par' dir='ltr' id='par_1_102' title="bbox 480 5209 2029 5282">
     <span class='ocr_line' id='line_1_102' title="bbox 480 5209 2029 5282; baseline 0.001 -17"><span class='ocrx_word' id='word_1_716' title='bbox 480 5213 625 5266; x_wconf 90' lang='lat' dir='ltr'><strong>enim</strong></span> <span class='ocrx_word' id='word_1_717' title='bbox 677 5226 796 5282; x_wconf 66' lang='lat' dir='ltr'><strong>quae</strong></span> <span class='ocrx_word' id='word_1_718' title='bbox 827 5218 1090 5281; x_wconf 63' lang='lat' dir='ltr'><strong>praecepta</strong></span> <span class='ocrx_word' id='word_1_719' title='bbox 1130 5209 1372 5265; x_wconf 88' lang='lat' dir='ltr'><strong>dederim</strong></span> <span class='ocrx_word' id='word_1_720' title='bbox 1428 5209 1588 5264; x_wconf 90' lang='lat' dir='ltr'><strong>vobis</strong></span> <span class='ocrx_word' id='word_1_721' title='bbox 1613 5224 1711 5279; x_wconf 88' lang='lat' dir='ltr'><strong>per</strong></span> <span class='ocrx_word' id='word_1_722' title='bbox 1738 5210 2029 5267; x_wconf 89' lang='lat' dir='ltr'><strong>Dominum</strong></span> 
     </span>
    </p>
   </div>
   <div class='ocr_carea' id='block_1_103' title="bbox 2157 5209 3677 5300">
    <p class='ocr_par' dir='ltr' id='par_1_103' title="bbox 2157 5216 3677 5300">
     <span class='ocr_line' id='line_1_103' title="bbox 2157 5216 3677 5300; baseline 0.005 -32"><span class='ocrx_word' id='word_1_723' title='bbox 2157 5216 2254 5279; x_wconf 72' lang='grc' dir='ltr'>,ίας</span> <span class='ocrx_word' id='word_1_724' title='bbox 2286 5216 2566 5288; x_wconf 78' lang='grc' dir='ltr'>ἐδώκαμεν</span> <span class='ocrx_word' id='word_1_725' title='bbox 2594 5220 2721 5292; x_wconf 87' lang='grc' dir='ltr'>ὑμῖν</span> <span class='ocrx_word' id='word_1_726' title='bbox 2764 5223 2855 5276; x_wconf 87' lang='grc' dir='ltr'><strong>διά</strong></span> <span class='ocrx_word' id='word_1_727' title='bbox 2909 5225 3003 5279; x_wconf 91' lang='grc' dir='ltr'><strong>τοῦ</strong></span> <span class='ocrx_word' id='word_1_728' title='bbox 3054 5228 3257 5300; x_wconf 83' lang='grc' dir='ltr'>Κυρίου</span> <span class='ocrx_word' id='word_1_729' title='bbox 3306 5230 3503 5299; x_wconf 82' lang='grc' dir='ltr'>Ἰησοῦ.</span> <span class='ocrx_word' id='word_1_730' title='bbox 3527 5228 3677 5281; x_wconf 79' lang='grc' dir='ltr'>Τοῦτο</span> 
     </span>
    </p>
   </div>
   <div class='ocr_carea' id='block_1_104' title="bbox 478 5300 2050 5391">
    <p class='ocr_par' dir='ltr' id='par_1_104' title="bbox 478 5300 2033 5361">
     <span class='ocr_line' id='line_1_104' title="bbox 478 5300 2033 5361; baseline 0.002 -3"><span class='ocrx_word' id='word_1_731' title='bbox 478 5302 688 5359; x_wconf 81' lang='lat' dir='ltr'><strong>Jesum.</strong></span> <span class='ocrx_word' id='word_1_732' title='bbox 744 5301 869 5358; x_wconf 67' lang='lat' dir='ltr'><strong>Haec</strong></span> <span class='ocrx_word' id='word_1_733' title='bbox 894 5310 980 5358; x_wconf 90' lang='lat' dir='ltr'><strong>est</strong></span> <span class='ocrx_word' id='word_1_734' title='bbox 1038 5300 1181 5357; x_wconf 89' lang='lat' dir='ltr'><strong>enim</strong></span> <span class='ocrx_word' id='word_1_735' title='bbox 1239 5302 1492 5358; x_wconf 89' lang='lat' dir='ltr'><strong>voluntas</strong></span> <span class='ocrx_word' id='word_1_736' title='bbox 1543 5301 1635 5357; x_wconf 89' lang='lat' dir='ltr'><strong>Dei</strong></span> <span class='ocrx_word' id='word_1_737' title='bbox 1665 5306 2033 5361; x_wconf 84' lang='lat' dir='ltr'><strong>sanctificatio</strong></span> 
     </span>
    </p>
   </div>
   <div class='ocr_carea' id='block_1_105' title="bbox 2157 5300 3673 5391">
    <p class='ocr_par' dir='ltr' id='par_1_105' title="bbox 2157 5308 3673 5391">
     <span class='ocr_line' id='line_1_105' title="bbox 2157 5308 3673 5391; baseline 0.008 -31"><span class='ocrx_word' id='word_1_738' title='bbox 2157 5308 2240 5379; x_wconf 79' lang='grc' dir='ltr'>’ἀρ</span> <span class='ocrx_word' id='word_1_739' title='bbox 2269 5308 2477 5364; x_wconf 76' lang='grc' dir='ltr'>ἔστιτὸ</span> <span class='ocrx_word' id='word_1_740' title='bbox 2507 5310 2721 5384; x_wconf 83' lang='grc' dir='ltr'>θέλημα</span> <span class='ocrx_word' id='word_1_741' title='bbox 2772 5317 2866 5369; x_wconf 88' lang='grc' dir='ltr'><strong>τοῦ</strong></span> <span class='ocrx_word' id='word_1_742' title='bbox 2918 5317 3054 5372; x_wconf 90' lang='grc' dir='ltr'>Θεοῦ</span> <span class='ocrx_word' id='word_1_743' title='bbox 3079 5359 3093 5382; x_wconf 95' lang='grc'><strong>,</strong></span> <span class='ocrx_word' id='word_1_744' title='bbox 3134 5322 3163 5372; x_wconf 76' lang='grc' dir='ltr'><strong>ὁ</strong></span> <span class='ocrx_word' id='word_1_745' title='bbox 3206 5320 3476 5391; x_wconf 77' lang='grc' dir='ltr'>ἁγιασμὸς</span> <span class='ocrx_word' id='word_1_746' title='bbox 3517 5318 3673 5388; x_wconf 74' lang='grc' dir='ltr'>ὑμῶν.</span> 
     </span>
    </p>
   </div>
   <div class='ocr_carea' id='block_1_106' title="bbox 482 5394 2050 5481">
    <p class='ocr_par' dir='ltr' id='par_1_106' title="bbox 482 5394 2035 5464">
     <span class='ocr_line' id='line_1_106' title="bbox 482 5394 2035 5464; baseline 0.003 -14"><span class='ocrx_word' id='word_1_747' title='bbox 482 5407 682 5461; x_wconf 89' lang='lat' dir='ltr'><strong>vestra,</strong></span> <span class='ocrx_word' id='word_1_748' title='bbox 712 5403 773 5450; x_wconf 91' lang='lat' dir='ltr'><strong>ut</strong></span> <span class='ocrx_word' id='word_1_749' title='bbox 817 5394 1151 5451; x_wconf 88' lang='lat' dir='ltr'><strong>abstineatis‘</strong></span> <span class='ocrx_word' id='word_1_750' title='bbox 1186 5411 1284 5451; x_wconf 90' lang='lat' dir='ltr'><strong>vos</strong></span> <span class='ocrx_word' id='word_1_751' title='bbox 1324 5412 1351 5447; x_wconf 87' lang='lat' dir='ltr'><strong>a</strong></span> <span class='ocrx_word' id='word_1_752' title='bbox 1386 5395 1767 5464; x_wconf 84' lang='lat' dir='ltr'><strong>fornicatione,</strong></span> <span class='ocrx_word' id='word_1_753' title='bbox 1792 5408 1852 5453; x_wconf 92' lang='lat' dir='ltr'><strong>ut</strong></span> <span class='ocrx_word' id='word_1_754' title='bbox 1896 5401 2035 5456; x_wconf 91' lang='lat' dir='ltr'><strong>sciat</strong></span> 
     </span>
    </p>
   </div>
   <div class='ocr_carea' id='block_1_107' title="bbox 2157 5394 3675 5481">
    <p class='ocr_par' dir='ltr' id='par_1_107' title="bbox 2157 5402 3675 5481">
     <span class='ocr_line' id='line_1_107' title="bbox 2157 5402 3675 5481; baseline 0.006 -27"><span class='ocrx_word' id='word_1_755' title='bbox 2157 5402 2431 5472; x_wconf 84' lang='grc' dir='ltr'>ιπέχεσθαι</span> <span class='ocrx_word' id='word_1_756' title='bbox 2462 5405 2605 5477; x_wconf 78' lang='grc' dir='ltr'>ὑμᾶς</span> <span class='ocrx_word' id='word_1_757' title='bbox 2632 5408 2743 5461; x_wconf 78' lang='grc' dir='ltr'><strong>ἀπὸ</strong></span> <span class='ocrx_word' id='word_1_758' title='bbox 2780 5410 2883 5479; x_wconf 81' lang='grc' dir='ltr'>τῆς</span> <span class='ocrx_word' id='word_1_759' title='bbox 2910 5411 3184 5481; x_wconf 86' lang='grc' dir='ltr'>πορνείας,</span> <span class='ocrx_word' id='word_1_760' title='bbox 3222 5412 3417 5466; x_wconf 84' lang='grc' dir='ltr'>είδέναι</span> <span class='ocrx_word' id='word_1_761' title='bbox 3464 5414 3675 5465; x_wconf 76' lang='grc' dir='ltr'>ἕκαστον</span> 
     </span>
    </p>
   </div>
   <div class='ocr_carea' id='block_1_108' title="bbox 483 5488 1205 5557">
    <p class='ocr_par' dir='ltr' id='par_1_108' title="bbox 483 5488 1205 5557">
     <span class='ocr_line' id='line_1_108' title="bbox 483 5488 1205 5557; baseline -0.006 -14"><span class='ocrx_word' id='word_1_762' title='bbox 483 5488 855 5557; x_wconf 86' lang='lat' dir='ltr'><strong>unusquisque</strong></span> <span class='ocrx_word' id='word_1_763' title='bbox 884 5494 1147 5541; x_wconf 85' lang='lat' dir='ltr'><strong>vestrum.</strong></span> <span class='ocrx_word' id='word_1_764' title='bbox 1187 5506 1205 5539; x_wconf 72' lang='grc' dir='ltr'><strong>ι</strong></span> 
     </span>
    </p>
   </div>
   <div class='ocr_carea' id='block_1_109' title="bbox 552 5577 2050 5665">
    <p class='ocr_par' dir='ltr' id='par_1_109' title="bbox 552 5577 2028 5651">
     <span class='ocr_line' id='line_1_109' title="bbox 552 5577 2028 5651; baseline 0.003 -18"><span class='ocrx_word' id='word_1_765' title='bbox 552 5578 651 5636; x_wconf 82' lang='lat' dir='ltr'><strong>Hic</strong></span> <span class='ocrx_word' id='word_1_766' title='bbox 670 5578 901 5635; x_wconf 89' lang='lat' dir='ltr'><strong>consilia</strong></span> <span class='ocrx_word' id='word_1_767' title='bbox 929 5577 1061 5633; x_wconf 88' lang='lat' dir='ltr'><strong>dare</strong></span> <span class='ocrx_word' id='word_1_768' title='bbox 1082 5587 1250 5649; x_wconf 86' lang='lat' dir='ltr'><strong>atque</strong></span> <span class='ocrx_word' id='word_1_769' title='bbox 1282 5580 1732 5651; x_wconf 88' lang='lat' dir='ltr'><strong>monereincipit.</strong></span> <span class='ocrx_word' id='word_1_770' title='bbox 1763 5582 2028 5640; x_wconf 82' lang='lat' dir='ltr'><strong>Audierat</strong></span> 
     </span>
    </p>
   </div>
   <div class='ocr_carea' id='block_1_110' title="bbox 2157 5577 3668 5665">
    <p class='ocr_par' dir='ltr' id='par_1_110' title="bbox 2205 5586 3668 5665">
     <span class='ocr_line' id='line_1_110' title="bbox 2205 5586 3668 5665; baseline 0.008 -28"><span class='ocrx_word' id='word_1_771' title='bbox 2205 5586 2464 5656; x_wconf 79' lang='grc' dir='ltr'>Ἀρχεται</span> <span class='ocrx_word' id='word_1_772' title='bbox 2515 5588 2764 5645; x_wconf 80' lang='grc' dir='ltr'>ἐντεῦθεν</span> <span class='ocrx_word' id='word_1_773' title='bbox 2807 5591 2901 5645; x_wconf 86' lang='grc' dir='ltr'><strong>τοῦ</strong></span> <span class='ocrx_word' id='word_1_774' title='bbox 2934 5594 3417 5665; x_wconf 76' lang='grc' dir='ltr'>συμϐουλευτικου.</span> <span class='ocrx_word' id='word_1_775' title='bbox 3456 5596 3668 5648; x_wconf 68' lang='grc' dir='ltr'>Ἤκουσε</span> 
     </span>
    </p>
   </div>
   <div class='ocr_carea' id='block_1_111' title="bbox 480 5664 2050 5755">
    <p class='ocr_par' dir='ltr' id='par_1_111' title="bbox 480 5664 2028 5734">
     <span class='ocr_line' id='line_1_111' title="bbox 480 5664 2028 5734; baseline 0.003 -14"><span class='ocrx_word' id='word_1_776' title='bbox 480 5664 622 5720; x_wconf 86' lang='lat' dir='ltr'><strong>enim</strong></span> <span class='ocrx_word' id='word_1_777' title='bbox 654 5665 853 5721; x_wconf 89' lang='lat' dir='ltr'><strong>delicta</strong></span> <span class='ocrx_word' id='word_1_778' title='bbox 886 5665 1129 5733; x_wconf 68' lang='lat' dir='ltr'><strong>quaedam</strong></span> <span class='ocrx_word' id='word_1_779' title='bbox 1164 5665 1306 5734; x_wconf 92' lang='lat' dir='ltr'><strong>apud</strong></span> <span class='ocrx_word' id='word_1_780' title='bbox 1345 5666 1468 5722; x_wconf 89' lang='lat' dir='ltr'><strong>illos</strong></span> <span class='ocrx_word' id='word_1_781' title='bbox 1521 5666 1846 5733; x_wconf 86' lang='lat' dir='ltr'><strong>inolescere,</strong></span> <span class='ocrx_word' id='word_1_782' title='bbox 1872 5686 2028 5726; x_wconf 89' lang='lat' dir='ltr'><strong>scor-</strong></span> 
     </span>
    </p>
   </div>
   <div class='ocr_carea' id='block_1_112' title="bbox 2157 5664 3666 5755">
    <p class='ocr_par' dir='ltr' id='par_1_112' title="bbox 2157 5673 3666 5755">
     <span class='ocr_line' id='line_1_112' title="bbox 2157 5673 3666 5755; baseline 0.006 -24"><span class='ocrx_word' id='word_1_783' title='bbox 2157 5673 2239 5743; x_wconf 83' lang='grc' dir='ltr'><strong>’ὰρ</strong></span> <span class='ocrx_word' id='word_1_784' title='bbox 2268 5676 2447 5731; x_wconf 86' lang='grc' dir='ltr'>αὑτῶν</span> <span class='ocrx_word' id='word_1_785' title='bbox 2468 5695 2589 5733; x_wconf 87' lang='grc' dir='ltr'>τινα</span> <span class='ocrx_word' id='word_1_786' title='bbox 2615 5682 2951 5752; x_wconf 85' lang='grc' dir='ltr'>πταίσματα,</span> <span class='ocrx_word' id='word_1_787' title='bbox 2994 5685 3252 5753; x_wconf 86' lang='grc' dir='ltr'>πορνείαν</span> <span class='ocrx_word' id='word_1_788' title='bbox 3290 5688 3385 5739; x_wconf 70' lang='grc' dir='ltr'>καὶ</span> <span class='ocrx_word' id='word_1_789' title='bbox 3425 5682 3666 5755; x_wconf 84' lang='grc' dir='ltr'>μοιχείαν.</span> 
     </span>
    </p>
   </div>
   <div class='ocr_carea' id='block_1_113' title="bbox 481 5757 2050 5847">
    <p class='ocr_par' dir='ltr' id='par_1_113' title="bbox 481 5757 2029 5838">
     <span class='ocr_line' id='line_1_113' title="bbox 481 5757 2029 5838; baseline 0.003 -23"><span class='ocrx_word' id='word_1_790' title='bbox 481 5760 741 5815; x_wconf 83' lang='lat' dir='ltr'><strong>tationem</strong></span> <span class='ocrx_word' id='word_1_791' title='bbox 791 5757 1000 5813; x_wconf 84' lang='lat' dir='ltr'><strong>scilicet</strong></span> <span class='ocrx_word' id='word_1_792' title='bbox 1050 5767 1103 5813; x_wconf 88' lang='lat' dir='ltr'><strong>et</strong></span> <span class='ocrx_word' id='word_1_793' title='bbox 1167 5757 1513 5824; x_wconf 87' lang='lat' dir='ltr'><strong>adulterium,</strong></span> <span class='ocrx_word' id='word_1_794' title='bbox 1566 5775 1595 5814; x_wconf 91' lang='lat' dir='ltr'><strong>a</strong></span> <span class='ocrx_word' id='word_1_795' title='bbox 1647 5762 1846 5831; x_wconf 86' lang='lat' dir='ltr'><strong>quibus</strong></span> <span class='ocrx_word' id='word_1_796' title='bbox 1883 5764 2029 5838; x_wconf 85' lang='lat' dir='ltr'><strong>ipsos</strong></span> 
     </span>
    </p>
   </div>
   <div class='ocr_carea' id='block_1_114' title="bbox 2157 5757 3667 5847">
    <p class='ocr_par' dir='ltr' id='par_1_114' title="bbox 2157 5768 3667 5847">
     <span class='ocr_line' id='line_1_114' title="bbox 2157 5768 3667 5847; baseline 0.001 -28"><span class='ocrx_word' id='word_1_797' title='bbox 2157 5783 2208 5819; x_wconf 77' lang='grc' dir='ltr'>ον</span> <span class='ocrx_word' id='word_1_798' title='bbox 2237 5768 2329 5821; x_wconf 69' lang='grc' dir='ltr'>καὶ</span> <span class='ocrx_word' id='word_1_799' title='bbox 2387 5769 2707 5842; x_wconf 79' lang='grc' dir='ltr'>ἀποτρέπει.</span> <span class='ocrx_word' id='word_1_800' title='bbox 2756 5773 2867 5828; x_wconf 76' lang='grc' dir='ltr'>Καὶ</span> <span class='ocrx_word' id='word_1_801' title='bbox 2890 5774 2987 5844; x_wconf 84' lang='grc' dir='ltr'>οὑχ</span> <span class='ocrx_word' id='word_1_802' title='bbox 3016 5773 3203 5839; x_wconf 83' lang='grc' dir='ltr'>ἁπλῶς</span> <span class='ocrx_word' id='word_1_803' title='bbox 3227 5793 3384 5847; x_wconf 79' lang='grc' dir='ltr'>φησι,</span> <span class='ocrx_word' id='word_1_804' title='bbox 3416 5774 3485 5830; x_wconf 63' lang='lat' dir='ltr'><strong>To</strong></span> <span class='ocrx_word' id='word_1_805' title='bbox 3509 5772 3588 5827; x_wconf 75' lang='grc' dir='ltr'><strong>καὶ</strong></span> <span class='ocrx_word' id='word_1_806' title='bbox 3612 5772 3667 5823; x_wconf 74' lang='grc' dir='ltr'>τὸ</span> 
     </span>
    </p>
   </div>
   <div class='ocr_carea' id='block_1_115' title="bbox 2133 5493 2360 5563">
    <p class='ocr_par' dir='ltr' id='par_1_115' title="bbox 2133 5493 2360 5563">
     <span class='ocr_line' id='line_1_115' title="bbox 2133 5493 2360 5563; baseline 0.009 -17"><span class='ocrx_word' id='word_1_807' title='bbox 2133 5493 2303 5563; x_wconf 84' lang='grc' dir='ltr'>ὑμῶν.</span> <span class='ocrx_word' id='word_1_808' title='bbox 2341 5514 2360 5548; x_wconf 72' lang='grc' dir='ltr'><strong>ι</strong></span> 
     </span>
    </p>
   </div>
  </div>
