3844 6402
179 403 287 473 913

1119 414 1203 475 IN
1248 414 1483 477 EPIST.
1520 416 1620 475 AD
1654 416 2401 478 THESSALONICENSES
2430 418 2479 477 Ι.

3298 420 3400 484 9η

184 520 265 589 μὴ
297 518 518 580 ποιεῖτε,
546 517 684 572 ἀλλά
712 517 813 583 τάς
844 519 1219 591 παραγγελίας
1248 524 1448 585 αὐτοὺς
1476 525 1541 577 ὲκ
1575 522 1734 576 πάλαι

1857 525 2058 580 avertit.
2103 524 2219 581 Non
2244 526 2567 596 simpliciter
2593 528 2667 580 ait
2696 544 2709 581 :
2738 527 2816 583 Ne
2849 528 2954 585 hoc
2980 529 3063 585 vel
3098 530 3404 588 illud'fbee-

181 610 465 681 εἰληφέναι
498 612 630 681 παρ’
658 611 825 669 αὐτοῦ
851 629 1004 682 φησι,
1030 612 1119 667 διά
1149 614 1243 668 τοῦ
1288 616 1496 685 Κυρίου
1541 615 1736 685 Ἰησοῦ,

180 701 251 765 ἃς
283 701 571 771 φυλάττειν
621 704 1070 775 παρακελεύεται.
1129 706 1309 761 Τοῦτο
1342 706 1451 777 γάρ
1488 708 1619 761 ἐστι
1654 707 1741 761 θέ-

181 795 347 861 λημα
375 792 481 847 τοῦ
508 793 674 849 Θεοῦ.

260 901 283 935 ι
311 883 386 937 Τὸ
413 885 610 938 ἑαυτοῦ
636 885 829 951 σκεῦος
852 887 1083 943 κτᾶσθαι
1107 891 1164 943 ὲν
1186 891 1445 963 ἁγιασμῷ
1468 895 1559 947 καὶ
1582 899 1737 967 τιμῇ,

183 976 262 1047 μὴ
297 977 355 1030 ὲν
385 977 548 1032 πάθει
581 979 895 1050 ἐπιθυμίας.
933 1000 952 1031 ι

265 1064 411 1118 Ἀντί⁷
441 1065 567 1131 τοῦ,
598 1067 699 1137 τὴν
726 1069 923 1140 σάρκα.

258 1174 280 1208 ι
319 1156 584 1230 Καθάπερ
608 1160 700 1213 καὶ
732 1160 800 1214 τὰ
832 1160 958 1231 ἔθνη
990 1162 1060 1216 τά
1089 1163 1164 1234 μὴ
1197 1165 1374 1220 εἰδότα
1408 1168 1499 1222 τὸν
1525 1169 1679 1225 Θεόν.
1714 1191 1733 1224 ι

262 1245 468 1302 Ἱκανὸν
506 1250 598 1303 καὶ
635 1250 793 1304 τοῦτο
824 1252 919 1305 τοῦ
961 1254 1267 1325 ἀποτρέψαι
1310 1258 1410 1327 τῆς
1448 1261 1736 1330 πορνείας,

178 1340 243 1393 τὸ
279 1342 418 1411 μετά
454 1342 560 1397 τῶν
587 1344 973 1413 ὲπεγνωκότων
999 1345 1092 1399 τὸν
1118 1348 1248 1401 Θεὸν
1284 1348 1376 1402 τὸν
1414 1352 1741 1422 πορνεύοντα

177 1432 494 1489 τάττεσθαι.
575 1474 609 1507 ο

260 1537 283 1571 r
315 1521 390 1574 Τὸ
411 1522 485 1593 μὴ
516 1522 868 1593 ὑπερϐαίνειν
890 1528 986 1581 καὶ
1017 1528 1360 1587 πλεονεκτεῖν
1389 1534 1449 1589 ἐν
1468 1534 1546 1607 τῷ
1565 1538 1742 1607 πράγ-

180 1629 318 1683 ματι
345 1612 436 1668 τὸν
465 1615 695 1685 ἀδελφὸν
723 1618 912 1676 αὐτοῦ.
955 1639 974 1673 ι

264 1703 643 1777 Ὺπερόαίνειν
672 1709 774 1779 μὲν
801 1710 901 1775 τὰς
925 1712 1020 1766 τοῦ
1039 1712 1174 1768 Θεοῦ
1199 1716 1436 1781 ἐντολάς.
1464 1719 1740 1789 Εὑφήμως

176 1795 237 1849 δὲ
263 1798 487 1870 σφόδρα,
521 1801 617 1853 καὶ
645 1803 1168 1876 ὲπικεκαλυμμένως
1195 1807 1294 1879 τὴν
1326 1810 1573 1880 μοιχείαν
1600 1812 1737 1867 ὠνό-

180 1905 351 1957 μασε,
380 1888 479 1959 τὴν
502 1893 581 1956 είς
604 1893 831 1964 ἀδελφὸν
856 1897 1070 1952 ἀδικίαν
1101 1899 1272 1971 αὐτὴν
1296 1896 1436 1957 εἶναι
1471 1904 1668 1972 λέγων.

256 1997 279 2031 ι
320 1982 464 2035 Διότι
506 1982 719 2049 ἔκδικος
745 1989 775 2040 ὀ
822 1986 1024 2060 Κύριος
1068 1992 1198 2061 περὶ
1246 1992 1465 2048 πάντων
1501 1995 1739 2062 τούτων,

177 2071 367 2137 καθὼς
410 2074 505 2128 καὶ
546 2076 879 2149 προείπομεν
909 2080 1058 2150 ὑμῖν,
1091 2083 1187 2136 καὶ
1228 2083 1737 2159 διεμαρτυράμεθα.

175 2165 256 2217 Οὐ
285 2166 395 2237 γὰρ
428 2167 686 2223 ἐκάλεσεν
721 2172 871 2242 ἡμᾶς
899 2173 929 2225 ὁ
964 2174 1097 2239 Θεὸς
1137 2175 1230 2229 ἐπὶ
1258 2177 1587 2252 ἀκαθαρσίᾳ,
1625 2180 1740 2235 ἀλλ’

176 2259 237 2310 ἐν
266 2258 543 2330 ἁγιασμῷ.
581 2278 601 2313 ι

252 2353 398 2423 Ὅρα
442 2355 559 2419 πῶς
598 2358 748 2428 παρὰ
800 2359 967 2425 πόδας
1015 2363 1179 2435 ἔθηκε
1228 2366 1326 2439 τὴν
1367 2366 1506 2439 ὑπὲρ
1537 2369 1741 2424 τούτων

174 2443 358 2516 δίκην.

255 2554 276 2588 ι
310 2537 610 2610 Τοιγαροῦν
633 2543 662 2595 ὁ
686 2541 915 2611 ἀθετῶν,
944 2547 1044 2600 οὐκ
1069 2546 1355 2618 ἄνθρωπον
1380 2549 1578 2614 ἀθετεῖ,
1605 2550 1741 2606 ἀλλά

176 2625 272 2681 τὸν
304 2627 436 2683 Θεὸν
455 2670 471 2695 ,
500 2631 591 2684 τὸν
621 2634 716 2687 καὶ
744 2634 902 2689 δόντα
935 2638 996 2691 τὸ
1039 2638 1264 2711 Πνεῦμα
1293 2641 1458 2696 αὑτοῦ
1498 2642 1559 2695 τὸ
1588 2642 1742 2712 ἅγιον

176 2720 261 2783 είς
290 2720 452 2789 ὑμᾶς.
486 2725 621 2796 Περὶ
643 2726 700 2781 δὲ
728 2731 828 2800 τῆς
854 2728 1237 2802 φιλαδελφίας,
1268 2734 1330 2787 οὐ
1372 2735 1561 2805 χρείαν
1590 2735 1740 2806 ἔχετε

175 2812 414 2883 γράφειν
458 2815 607 2886 ὑμῖν.
654 2819 818 2873 Αὐτοὶ
858 2822 967 2893 γὰρ
1009 2823 1170 2893 ὑμεῖς
1208 2824 1534 2881 θεοδίδακτοί
1583 2830 1740 2895 ὲστε,

178 2904 261 2967 είς
297 2905 359 2958 τὸ
397 2906 616 2979 ἀγαπᾷν
652 2909 938 2982 ἀλλήλους.
970 2914 1083 2969 Καὶ
1107 2914 1217 2986 γὰρ
1257 2920 1461 2971 ποιεῖτε
1491 2920 1624 2973 αὐτὸ
1661 2923 1741 2986 είς

176 2994 392 3059 πάντας
433 2998 561 3063 τοὺς
596 2999 859 3070 ἀδελφοὺς
903 3003 1031 3069 τοὺς
1076 3006 1135 3059 ὲν
1164 3006 1262 3080 ὅλῃ
1303 3010 1370 3080 τῇ
1410 3011 1737 3083 Μακεδονίᾳ.

177 3087 612 3161 Παρακαλοῦμεν
645 3092 701 3147 δὲ
727 3093 903 3165 ὑμᾶς,
938 3097 1190 3166 ἀδελφοὶ,
1229 3104 1575 3172 περισσεύειν
1607 3107 1742 3176 μᾶλ-

1766 1880 1816 1939 Β

1846 613 2002 678 ritis;
2033 614 2129 670 sed
2161 616 2415 670 mandata
2453 633 2575 687 quae
2604 618 2882 673 observari
2930 620 3198 689 praecipit,
3220 637 3282 677 ea
3317 624 3403 692 ip-

1845 705 1923 760 sis
1955 719 1985 759 a
2034 721 2096 761 se
2129 721 2227 775 per
2252 704 2543 762 Dominum
2597 707 2782 765 Iesum
2838 711 3036 767 tradita
3066 712 3219 767 dicit.
3277 713 3404 769 Hm:

1842 796 1978 849 enim
2008 806 2083 851 est
2112 797 2350 852 voluntas
2376 797 2494 855 Dei.

1914 888 2080 958 219
2122 907 2141 939 ‹
2172 885 2277 944 Vas
2308 905 2467 944 suum
2498 890 2781 961 possidere
2814 892 2870 947 in
2899 893 3191 951 sanctitate
3218 902 3273 950 et
3304 893 3417 950 Ιιο-

1846 996 1979 1035 nore
2000 1020 2017 1046 ,
2048 997 2157 1036 non
2191 982 2245 1035 in
2277 982 2531 1052 passione
2559 983 2843 1042 desiderii.
2875 1004 2895 1039 ι

1916 1073 2060 1129 Idem
2094 1074 2201 1129 hoc
2228 1084 2309 1129 est
2334 1089 2397 1131 ac
2429 1090 2651 1132 carnem
2686 1092 2865 1135 suam.

1920 1186 1939 1220 ι
1972 1167 2128 1225 Sicut
2157 1178 2211 1225 et
2243 1180 2462 1241 gentes,
2495 1185 2613 1241 quae
2642 1172 2896 1242 ignorant
2924 1168 3113 1228 Deum.
3148 1190 3169 1224 ι

1916 1259 2033 1317 IIoc
2065 1276 2281 1332 quoque
2330 1263 2586 1318 idoneum
2638 1274 2720 1319 est
2779 1263 2845 1319 ad
2902 1263 3316 1323 absterreudum
3372 1284 3401 1323 a

1847 1355 2222 1422 scnrtatione;
2255 1356 2405 1426 quod
2440 1371 2631 1427 nempe
2664 1364 2937 1412 scortator
2969 1357 3078 1413 illis
3112 1359 3202 1429 qui
3233 1359 3399 1417 Deum

1844 1446 2129 1517 ignorant,
2163 1458 2536 1504 accenseatur.
2863 1523 2867 1526 ~

1916 1537 2081 1595 Vens.
2117 1538 2169 1594 6.
2203 1559 2221 1593 ι
2249 1539 2317 1593 Et
2340 1556 2411 1595 ne
2437 1543 2561 1612 quis
2588 1544 3052 1615 supergrediatur,
3089 1560 3262 1617 neque
3293 1545 3409 1600 eir-.

1845 1632 2155 1687 cumveniat
2184 1632 2241 1686 in
2276 1634 2495 1705 negotio
2526 1633 2750 1692 fratrem
2786 1652 2965 1693 suum.
2998 1655 3019 1689 ι

1917 1719 2396 1793 Supergrediatur,
2430 1724 2647 1795 inquit,
2684 1737 2948 1796 praecepta
3001 1726 3114 1781 Dei.
3162 1726 3398 1796 Elegauti

1830 1798 1976 1869 vero
2007 1814 2295 1871 admodum
2331 1831 2465 1871 voce
2502 1818 2778 1887 taciteque
2808 1817 3130 1873 adulterium
3157 1819 3399 1885 notavit,

1841 1922 1962 1964 eam
1995 1924 2121 1966 esse
2146 1909 2379 1966 dicendo
2412 1911 2665 1982 injuriam
2696 1913 2989 1982 irrogatam
3020 1910 3198 1967 fratri.

1915 2000 2207 2068 «Quoniam
2245 2004 2442 2059 vindex
2479 2014 2566 2059 est
2603 2004 2867 2059 Dominus
2904 2005 2971 2058 de
3009 2004 3095 2059 bis
3129 2004 3398 2066 omnibus,

1838 2094 1981 2151 sicut
2058 2097 2409 2166 praediximus
2487 2097 2642 2153 vobis
2713 2105 2768 2151 et
2853 2098 3121 2155 testificati
3186 2112 3397 2153 sumus.

1843 2185 2045 2259 [νεεδ.
2079 2188 2171 2260 7.]
2203 2189 2319 2244 Non
2355 2189 2499 2246 enim
2535 2189 2746 2244 vocavit
2779 2206 2878 2246 nos
2913 2189 3057 2246 Deus
3082 2190 3135 2245 in
3168 2190 3400 2245 immun-

1841 2278 2027 2332 ditiam
2052 2320 2068 2345 ,
2099 2280 2192 2334 sed
2224 2280 2276 2334 in
2310 2280 2813 2337 sanetiticationem.
2844 2300 2862 2333 ι

1910 2367 2048 2422 Vide
2098 2371 2369 2439 quomodo
2412 2388 2442 2426 e
2486 2371 2720 2443 vestigio
2762 2372 2953 2427 borum
3000 2371 3273 2427 ultionem.
3315 2370 3400 2426 in.—

1840 2468 2036 2515 teutal.

1918 2550 2083 2608 Vsus.
2120 2552 2275 2608 8-H.
2309 2571 2329 2605 ι
2358 2553 2547 2623 Itaque
2567 2555 2656 2624 qui
2681 2554 2797 2609 haec
2822 2553 3064 2623 spernit,
3088 2566 3197 2607 non
3221 2552 3398 2608 bomi»

1842 2659 1964 2697 nem
1992 2644 2236 2711 spernit,
2268 2646 2363 2700 sed
2397 2644 2568 2701 Deum
2588 2685 2607 2713 ,
2637 2646 2729 2716 qui
2761 2646 2926 2701 etiam
2960 2645 3108 2700 dedit
3136 2642 3399 2716 Spiritum

1840 2751 1999 2790 suum
2028 2745 2275 2793 sanctum
2306 2738 2361 2793 in
2390 2737 2572 2794 vobis.
2599 2738 2675 2794 De
2704 2739 2970 2794 cliaritate
2995 2747 3173 2795 autem
3200 2738 3397 2794 frater-

1841 2829 2030 2884 nitatis
2062 2843 2167 2884 non
2198 2844 2422 2886 necesse
2456 2830 2720 2886 habemus
2765 2831 3003 2886 scribere
3053 2830 3231 2886 vobis.
3287 2828 3396 2901 Ipsi

1843 2921 1990 2975 enim
2018 2936 2116 2979 vos
2143 2935 2173 2976 a
2193 2920 2305 2978 Deo
2329 2922 2596 2978 didicistis
2614 2962 2628 2985 ,
2655 2930 2715 2976 ut
2734 2922 2974 2992 diligatis
3024 2922 3278 2976 invicem.
3303 2920 3399 2975 Et-

1841 3013 1985 3068 enim
2012 3012 2145 3069 illud
2172 3013 2357 3071 facitis
2388 3015 2443 3070 in
2465 3030 2653 3070 omnes
2681 3014 2878 3070 fratres
2910 3015 2964 3069 in
2999 3015 3253 3071 universa
3281 3013 3403 3069 Ma-

1840 3106 2091 3162 cedonia.
2123 3106 2399 3177 Rogamus
2428 3117 2614 3162 autem
2649 3122 2745 3162 vos
2771 3147 2787 3171 ,
2834 3107 3070 3173 fratres,
3122 3114 3184 3162 ut
3228 3108 3399 3163 abun-

174 3176 292 3242 λον,
329 3180 426 3233 καὶ
459 3182 884 3254 φιλοτιμεῖσθαι,
916 3189 1215 3259 ἡσυχάζειν
1242 3192 1338 3246 καὶ
1363 3196 1628 3263 πράσσειν
1669 3197 1734 3251 τὰ

1857 3195 1980 3252 letis
2011 3176 2229 3269 magis,
2269 3205 2324 3252 et
2356 3213 2576 3268 operam
2608 3198 2750 3255 detis
2782 3205 2842 3253 ut
2866 3198 3038 3268 quieti
3065 3199 3187 3255 sitis
3208 3237 3225 3261 ,
3254 3206 3310 3251 et
3340 3208 3398 3253 ut

176 3272 315 3338 ῖδια,
343 3276 439 3327 καὶ
462 3273 792 3347 ἐργάζεσθαι
817 3283 935 3340 ταῖς
961 3281 1117 3347 ἰδίαις
1142 3286 1329 3356 χερσὶν
1356 3288 1533 3357 ὑμῶν,
1557 3291 1739 3355 καθὼς

175 3362 312 3453 ὑμῖν
358 3369 826 3440 παρηγγείλαμεν.
859 3372 980 3427 Ἵνα
1019 3378 1363 3447 περιπατῆτε
1390 3381 1740 3453 εὐσχημόνως

174 3452 316 3523 πρὸς
344 3456 472 3519 τοὺς
499 3457 625 3524 ἔξω,
654 3461 747 3514 καὶ
778 3462 1007 3533 μηδενὸς
1033 3467 1224 3537 χρείαν
1254 3468 1437 3540 ἔχητε.

245 3544 416 3599 Ὅταν
443 3548 732 3625 ἀθετήσῃς,
764 3555 950 3626 φησὶν,
984 3556 1077 3611 τὸν
1110 3558 1359 3629 ἀδελφὸν,
1385 3562 1479 3616 τὸν
1506 3562 1738 3620 λαϐόντα

170 3635 264 3689 διὰ
299 3638 391 3691 τοῦ
421 3638 792 3712 βαπτίσματος
825 3647 887 3700 τὸ
916 3648 1141 3720 Πνεῦμα
1180 3651 1239 3705 τὸ
1269 3651 1444 3722 ἅγιον,
1483 3656 1605 3710 τότε
1636 3658 1736 3713 οὐκ

172 3726 484 3797 ἄνθρωπον,
515 3731 650 3787 ἀλλά
678 3735 771 3789 τὸν
798 3736 929 3792 Θεὸν
962 3738 1196 3804 ἀθετεῖς.
1540 3734 1551 3741 ’

249 3838 270 3869 ι
310 3822 384 3874 Οὐ
416 3822 657 3893 θέλωμεν
680 3827 739 3881 δὲ
764 3828 908 3897 ὑμᾶς
936 3831 1172 3899 ἀγνοεῖν,
1206 3833 1444 3903 ἀδελφοὶ,
1476 3838 1605 3908 περὶ
1628 3839 1736 3892 τῶν

172 3912 574 3981 κοιμωμένων,
617 3917 703 3971 ἵνα
757 3918 832 3989 μὴ
888 3920 1160 3993 λυπῆσθε,
1196 3924 1378 3989 καθὼς
1418 3929 1516 3981 καὶ
1542 3930 1592 3982 oi
1628 3928 1737 3983 λοι-

172 4003 269 4055 ποὶ
298 4043 313 4067 ,
351 4005 403 4056 oi
445 4006 517 4075 μὴ
569 4006 784 4078 ἔχοντες
811 4010 1021 4067 ἐλπίδα.
1051 4015 1113 4068 Εἰ
1143 4015 1251 4087 γὰρ
1284 4017 1609 4089 πιστεύομεν
1654 4021 1736 4075 ὅτι

184 4095 399 4166 Ἰησοῦς
423 4097 660 4153 ἀπέθανε
678 4143 692 4167 ,
730 4101 827 4155 καὶ
858 4103 1077 4177 ἀνέστη,
1111 4106 1252 4161 οὕτω
1285 4109 1380 4162 καὶ
1402 4111 1429 4162 ὁ
1458 4110 1588 4176 Θεὸς
1613 4114 1737 4177 τοὺς

172 4186 541 4279 κοιμηθέντας
582 4189 669 4243 διὰ
714 4193 890 4262 Ἰησοῦ
934 4195 1053 4260 aes:
1083 4198 1180 4253 σὺν
1208 4200 1377 4271 αὐτῷ.
1424 4202 1596 4257 Τοῦτο
1627 4205 1736 4279 γὰρ

175 4276 307 4348 ὑμῖν
330 4278 560 4350 λέγομεν
590 4282 647 4335 ἐν
678 4282 820 4355 λόγῳ
855 4286 1080 4357 Κυρίου.
1140 4309 1158 4341 ι

243 4371 578 4426 Μεταὸαίνει
605 4375 699 4427 ἐπὶ
731 4376 821 4430 τὸν
855 4379 983 4450 περὶ
1013 4381 1362 4450 ἀναστάσεως
1388 4386 1564 4456 λόγον.
1595 4390 1736 4462 Ὅρα

166 4462 227 4515 δὲ
262 4464 382 4527 πῶς
420 4464 747 4536 θαυμαστῶς
771 4471 1137 4527 κατεσκεύασε
1169 4475 1230 4527 τὸ
1267 4478 1730 4550 ὁμολογούμενον,

1838 3295 2079 3343 vestrum
2108 3289 2385 3359 negotium
2416 3291 2612 3360 agatis,
2644 3299 2698 3345 et
2718 3291 3011 3360 operemini
3037 3290 3282 3347 manibus
3301 3304 3394 3344 ve-

1837 3382 1997 3445 stris,
2033 3383 2177 3437 sicut
2201 3384 2558 3453 praecepimus
2585 3384 2742 3440 vobis
2769 3393 2827 3439 ut
2852 3385 3076 3440 honeste
3105 3382 3407 3438 ambuletis»

1837 3472 1902 3526 ad
1932 3488 2027 3529 eos
2059 3474 2148 3537 qui
2179 3473 2315 3529 foris
2349 3482 2516 3539 sunt,
2548 3484 2603 3531 et
2633 3478 2790 3531 nullo
2819 3492 2955 3546 opus
2984 3476 3250 3533 habeatis.
3280 3496 3300 3530 ι

1908 3564 2041 3617 Dum
2078 3565 2294 3633 spernis
2334 3566 2561 3620 fratrem
2603 3574 2792 3631 tuum,
2827 3567 2920 3638 qui
2963 3567 3222 3636 Spiritum
3263 3582 3391 3621 sano

1837 3666 1984 3709 ctum
2013 3672 2110 3725 per
2137 3656 2471 3726 baptismum
2502 3658 2710 3730 accepit
2734 3697 2750 3723 ,
2786 3667 2917 3715 tunc
2946 3674 3054 3715 non
3084 3659 3355 3715 hominem
3375 3698 3392 3724 ,

1836 3750 1929 3803 sed
1961 3747 2126 3801 Deum
2154 3748 2486 3819 aspernaris.

1908 3838 2072 3893 Vens.
2113 3840 2304 3895 12-14.
2327 3859 2346 3892 ι
2366 3839 2631 3898 Nolumus
2650 3851 2830 3898 autem
2855 3856 2951 3896 vos
2978 3842 3259 3913 ignorare,
3284 3840 3394 3896 fra-

1834 3936 1981 3995 tres,
2013 3930 2082 3984 de
2114 3929 2504 3984 dormientibus
2527 3970 2544 3996 ,
2576 3939 2639 3985 ut
2673 3946 2779 3985 non
2816 3930 3211 3986 contristemini
3250 3930 3393 3985 sicut

1834 4030 1890 4076 et
1920 4021 2097 4076 caeteri
2128 4020 2223 4091 qui
2256 4036 2405 4089 spem
2441 4036 2548 4076 non
2586 4022 2810 4076 habent.
2851 4022 2907 4076 Si
2941 4021 3083 4077 enim
3119 4021 3393 4077 credimus

1836 4113 1978 4181 quod
2006 4109 2164 4168 Jesus
2198 4120 2448 4168 mortuus
2475 4121 2560 4168 est
2587 4121 2641 4168 et
2684 4112 3016 4178 resurrexit,
3056 4113 3129 4166 ita
3161 4121 3216 4167 et
3250 4110 3393 4166 Deus

1835 4221 1931 4262 eos
1977 4205 2067 4276 qui
2116 4204 2456 4259 dormierunt
2482 4220 2579 4273 per
2604 4204 2789 4261 Jesum
2816 4247 2832 4270 ,
2875 4205 3104 4260 adducet
3148 4219 3273 4261 cum
3300 4220 3395 4261 eo.

1836 4301 1951 4354 Hoc
1974 4298 2119 4361 enim
2152 4298 2307 4353 vobis
2337 4297 2571 4353 dicimus
2604 4298 2656 4352 in
2691 4298 2858 4352 verbo
2891 4296 3127 4352 Domini.
3158 4315 3177 4350 ι

1908 4391 2130 4447 Transit
2157 4391 2225 4446 ad
2254 4391 2543 4447 dicendum
2577 4380 2644 4445 de
2674 4390 3094 4446 resurrectione.
3125 4389 3261 4445 Vide
3293 4406 3392 4445 au-

1839 4494 1944 4540 tem
2008 4499 2170 4553 quam
2235 4483 2451 4553 egregie
2502 4482 2556 4536 id
2600 4482 2797 4537 astruit
2839 4481 2982 4550 quod
3030 4482 3389 4550 proﬁtemur;

170 4552 353 4606 λαϐὼν
394 4554 493 4625 τὴν
522 4556 815 4611 ἀνάστασιν
856 4559 950 4613 τοῦ
980 4561 1185 4635 Κυρίου
1222 4565 1303 4628 είς
1348 4566 1611 4624 πίστωσιν
1638 4572 1734 4643 τῆς

1857 4552 2118 4647 issumpta
2150 4552 2407 4629 nimirum
2439 4573 2834 4628 resurrectione
2861 4573 3075 4628 Domini
3118 4574 3185 4628 ad
3230 4574 3400 4629 ﬁdem.

170 4646 451 4717 ἡμετέρας
508 4649 874 4714 ἀναστάσεως.
907 4652 1123 4716 Πάντας
1152 4654 1260 4726 γάρ
1288 4655 1607 4729 ἀνθρώπους
1638 4663 1733 4717 ἀν-

169 4736 369 4810 έστησε
399 4739 486 4794 διὰ
510 4742 609 4811 τῆς
636 4743 772 4807 ἰδίας
800 4744 1113 4823 σαρκός.ᾼιὸ
1144 4747 1236 4800 καὶ
1261 4753 1631 4819 πρωτότοκος
1666 4756 1736 4809 ἐκ

169 4828 293 4881 τῶν
337 4830 566 4897 νεκρῶν
612 4832 848 4903 λέγεται.
913 4835 1008 4888 ‘Er
1052 4838 1211 4905 λόγῳ
1264 4838 1333 4892 δὲ
1377 4843 1622 4910 Κυρίου,
1670 4847 1732 4899 τὸ
1786 4838 1793 4843 ’

173 4920 326 4992 ῥῆμα
363 4922 563 4990 λέγειν,
611 4926 797 4995 φησὶν,
827 4926 913 4979 ἵνα
949 4925 1192 4998 θαρρῶσι
1218 4930 1348 5001 περὶ
1377 4932 1487 4985 τῶν
1517 4934 1734 5006 ἀποφη-

168 5013 443 5082 νομένων.

246 5123 267 5155 ι
311 5104 435 5157 Ὀτι
468 5105 629 5175 ἡμεῖς
654 5109 702 5160 oi
732 5107 951 5173 ζῶντες,
987 5111 1035 5163 οἱ
1064 5110 1503 5183 περιλειπόμενοι
1525 5116 1605 5180 είς
1636 5116 1734 5189 τὴν

168 5197 477 5266 παρουσίαν
508 5197 604 5250 τοῦ
637 5199 865 5268 Κυρίου.
909 5219 927 5251 ι

242 5284 415 5339 Τοῦτό
442 5305 628 5359 φησιν,
667 5290 766 5362 οὐχ
794 5292 875 5345 ὅτι
905 5291 1064 5357 αὐτὸς
1097 5294 1279 5365 ἔμεινε
1311 5298 1471 5369 μέχρι
1511 5300 1606 5353 τοῦ
1635 5301 1733 5373 τῆς

169 5376 523 5441 ἀναστάσεως
546 5380 762 5451 καιροῦ,
795 5381 909 5434 ἀλλ’
941 5384 1126 5456 ἐπειδὴ
1153 5387 1282 5458 περὶ
1308 5386 1529 5451 ζώντων
1557 5389 1729 5460 ἔλεγε,

171 5468 266 5523 καὶ
289 5468 455 5533 αὐτὸς
489 5470 545 5523 δὲ
582 5469 677 5543 ἔζη
702 5488 716 5502 ⁸
756 5474 926 5528 ταῦτα
956 5475 1148 5545 λέγων,
1188 5481 1256 5550 τῇ
1290 5483 1441 5552 κοινῇ
1473 5483 1733 5555 συνηθείᾳ

170 5559 267 5615 τοῦ
295 5561 454 5629 λόγου
483 5564 754 5634 ἐχρήσατο
773 5608 787 5632 ,
834 5565 910 5637 τῷ
938 5567 1107 5636 ἡμεῖς
1147 5572 1200 5623 οὶ
1244 5571 1474 5639 ζῶντες.
1522 5575 1645 5629 Ὅτι
1674 5577 1730 5630 δὲ

171 5651 331 5707 τοῦτο
376 5654 561 5724 λέγει,
608 5657 838 5727 ἐπάγει,
875 5661 929 5712 οἱ
974 5665 1485 5732 περιλειπόμενοι,
1533 5667 1655 5720 ἐπεὶ
1683 5672 1732 5723 εί

172 5743 332 5798 τοῦτο
358 5744 542 5815 λέγει,
577 5747 659 5801 ὃτι
693 5748 824 5819 ἐμοῦ
861 5749 1099 5816 ζῶντος,
1134 5752 1250 5815 πῶς
1279 5754 1510 5826 ἀλλαχοῦ
1548 5757 1727 5827 λέγει,

178 5837 257 5890 ὅτι
279 5838 476 5903 πάντες
505 5840 601 5910 μὲν
629 5841 1077 5913 ἀναστησόμεθα;
1104 5844 1162 5898 Ei
1189 5846 1295 5917 γὰρ
1321 5846 1427 5910 ζῶν
1455 5849 1730 5922 καταλαμ-

1836 4677 2039 4723 nostrae
2075 4664 2462 4721 resurrectioni
2507 4663 2848 4717 ﬁrmandam.
2904 4664 3201 4721 Universos
3244 4667 3389 4720 enim

1834 4759 2083 4814 homines
2108 4772 2204 4828 per
2229 4770 2448 4810 carnem
2482 4770 2635 4809 suam
2659 4771 2691 4809 a
2722 4763 2895 4811 morte
2921 4758 3218 4813 revocavit.
3249 4758 3391 4824 Qua-

1832 4858 2056 4921 pr0pter
2082 4848 2457 4919 primogenitus
2487 4847 2649 4900 etiam
2681 4863 2747 4901 ex
2781 4850 3005 4903 mortuis
3029 4860 3273 4905 vocatur.
3294 4849 3388 4905 Di-

1834 4941 2006 4997 cendo
2039 4951 2249 5005 autem,
2287 4940 2342 4992 in
2388 4937 2544 4993 verbo
2585 4937 2835 5005 Domini,
2884 4941 2956 4995 ita
3003 4942 3265 5012 loquitur,
3312 4943 3386 4997 uti

1834 5033 1901 5088 iis
1936 5032 2105 5086 ﬁdant
2132 5033 2221 5101 qui
2250 5031 2362 5085 haec
2390 5031 2798 5087 annuutiarent.

1911 5146 1930 5180 ι
1960 5126 2099 5193 Quia
2132 5140 2231 5180 nos
2258 5123 2348 5194 qui
2377 5124 2645 5191 vivimus,
2694 5125 2788 5194 qni
2840 5125 3043 5180 residui
3094 5140 3279 5182 sumus
3331 5127 3386 5182 in

1832 5218 2119 5273 adventum
2150 5215 2381 5270 Domini.
2424 5234 2443 5267 ι
2838 5260 2841 5261 ν

1904 5306 2019 5364 Νοη
2053 5296 2154 5362 hoc
2189 5306 2403 5369 innuit,
2434 5320 2497 5360 se
2527 5307 2870 5375 superstitem
2927 5306 3043 5361 fore
3098 5322 3271 5378 usque
3318 5309 3393 5363 ad

1832 5406 2046 5466 tempus
2079 5394 2499 5451 resurrectionis
2523 5434 2538 5459 ,
2578 5396 2702 5459 sed,
2737 5411 2873 5450 cum:
2894 5396 2963 5452 de
2998 5398 3304 5455 viventibus
3335 5399 3395 5454 ei-

1831 5502 2014 5543 sermo
2039 5496 2219 5552 esset,
2250 5486 2474 5557 ipseque
2500 5486 2629 5541 dum
2662 5486 2775 5542 haec
2804 5487 2982 5543 aiebat
3010 5489 3063 5544 in
3096 5490 3234 5547 vivis
3261 5504 3388 5561 age-

1832 5589 1945 5645 ret,
1976 5579 2254 5634 communi
2302 5578 2555 5649 loquendi
2607 5594 2758 5634 more
2806 5578 2990 5647 dixit,
3014 5599 3105 5637 nos
3138 5583 3228 5653 qui
3258 5583 3387 5638 uivi-

1831 5688 1967 5725 mus.
2003 5669 2155 5736 Quod
2189 5677 2368 5724 autem
2404 5670 2493 5724 hic
2526 5668 2659 5723 dicti
2692 5669 2847 5725 istius
2878 5671 2953 5727 sit
2981 5688 3176 5730 sensus
3197 5711 3214 5737 ,
3241 5672 3385 5728 indi-

1832 5770 1919 5817 cat
1952 5760 2370 5832 subjuugendo,
2405 5760 2500 5830 qui
2529 5758 2726 5814 residui
2759 5778 2959 5817 sumus.
2992 5762 3127 5818 Nam
3160 5762 3206 5819 si
3243 5763 3383 5819 idem

1830 5854 2191 5923 signiﬁcasset
2210 5852 2354 5922 quod
2393 5869 2477 5909 me
2519 5852 2765 5921 vivente,
2812 5871 3045 5920 quonam
3088 5856 3247 5912 modo
3276 5857 3385 5912 alio
