3844 6398
557 399 659 463 915

1712 405 1772 465 S.
1812 403 2130 466 JOANNIS
2166 403 2595 465 DAMASCENI'
3617 403 3689 469 9l6

557 521 612 574 in
652 520 771 573 loco
808 519 1072 583 dixisset,
1113 536 1287 575 omnes
1321 520 1529 591 quidem
1576 524 1947 592 resurgemus?
1982 520 2113 575 Nam

2218 519 2440 574 6άνεται
2466 562 2478 584 ,
2530 520 2648 583 πῶς
2699 518 3007 591 ἐγείρεται;
3058 518 3246 590 Ἡμεῖς
3275 513 3384 575 οὖν
3420 520 3469 573 oi
3508 519 3691 589 ζῶντες.

558 611 603 664 si
632 611 783 663 vivus
812 625 1026 666 sursum
1046 613 1367 680 assumitur,
1390 629 1497 684 quo
1527 624 1685 685 pacto
1722 614 2118 671 resurrexerit?

558 701 637 755 Eo
670 701 834 772 igitur
869 717 1037 757 sensu
1077 717 1238 773 quem
1284 704 1641 769 tradidimus,
1689 706 1767 761 ait
1805 745 1822 771 ,
1879 714 1973 760 nos
2026 706 2116 775 qui

535 788 798 859 lvivimus.

529 882 538 897 '
628 883 794 955 220
836 898 857 935 ι
885 881 1001 939 Non
1036 885 1428 955 praeveniemus
1476 901 1568 942 eos
1614 886 1708 957 qui
1755 886 2116 951 dormierunt,

559 972 749 1044 [νεεδ.
792 974 1007 1046 i5—i7.j
1037 975 1305 1041 Quoniam
1333 976 1447 1046 ipse
1477 977 1738 1036 Dominus
1765 980 1814 1034 in
1836 980 1995 1049 jussu
2019 1020 2032 1043 ,
2063 980 2119 1033 in

555 1080 693 1121 voce
720 1066 1060 1138 archangeli,
1094 1075 1150 1122 et
1178 1068 1230 1122 in
1254 1068 1383 1123 tuba
1404 1070 1493 1125 Dei
1515 1070 1808 1126 descendet
1824 1073 1890 1126 de
1907 1073 2068 1127 coelo.
2091 1089 2110 1122 ›

628 1156 806 1212 Edicit
831 1158 992 1213 etiam
1020 1162 1290 1229 quomodo
1320 1176 1424 1215 non
1454 1172 1822 1230 prmventurns
1848 1164 1936 1219 sit.
1979 1164 2122 1230 Quo-

559 1248 702 1302 niam
741 1248 848 1316 ipse
893 1242 1150 1306 Dominus
1182 1253 1240 1305 in
1272 1253 1442 1318 iussu.
1493 1253 1648 1320 Quali
1683 1256 1882 1325 jussu?
1930 1259 2121 1325 utique

562 1344 905 1413 resurgendi,
960 1344 1012 1400 id
1046 1354 1170 1414 est,
1199 1362 1485 1419 resurgere
1515 1348 1857 1419 praecipiens.
1899 1351 1965 1405 In
1996 1368 2122 1407 voce

560 1435 863 1506 archangeli
890 1478 904 1502 ,
941 1452 1103 1509 quam
1137 1446 1193 1494 et
1246 1439 1427 1493 tubam
1465 1440 1564 1495 Dei
1599 1444 1886 1510 nominat;
1922 1445 2121 1513 quippe

558 1541 709 1594 quae,
734 1527 960 1595 jubente
990 1529 1135 1592 Deo,
1184 1532 1523 1601 personabit.
1562 1531 1677 1587 Hoc
1725 1540 1906 1589 autem
1957 1549 2121 1604 para-

562 1618 679 1670 bola
714 1635 832 1687 quae
894 1621 1093 1690 legitur
1136 1623 1189 1677 in
1236 1622 1527 1694 Evangelio
1588 1625 1950 1695 signiﬁcatum
1997 1626 2119 1681 fuit.

558 1709 647 1762 Ait
682 1712 873 1767 enim:
914 1712 1093 1769 Media
1144 1725 1290 1770 nocte
1339 1717 1541 1771 clamor
1593 1717 1763 1774 factus
1815 1728 1929 1784 est,
1983 1719 2122 1773 exite

559 1801 762 1855 obviam
793 1804 972 1871 sponsi
996 1807 1066 1859 τ’.

635 1909 653 1941 ι
682 1891 750 1945 Ει
778 1894 980 1947 mortui
1011 1897 1104 1965 qui
1138 1897 1197 1951 in
1220 1896 1441 1955 Christo
1468 1908 1599 1955 sunt
1624 1908 1912 1972 resurgent
1937 1900 2121 1972 primi.

560 1978 764 2037 Deinde
795 1999 895 2040 nos
922 1987 1014 2056 qui
1067 1988 1338 2053 vivimus,
1384 1992 1477 2059 qui
1532 1991 1913 2062 relinquimur,
1960 1992 2124 2049 simul

558 2074 834 2142 rapiemur
862 2092 984 2131 cum
1020 2078 1131 2134 illis
1156 2080 1209 2134 in
1243 2080 1480 2138 nubibus
1524 2084 1738 2138 obviam
1790 2084 2021 2141 Domino
2070 2087 2124 2141 in

558 2180 682 2219 aera
707 2204 725 2229 ,
752 2176 805 2221 et
837 2168 913 2224 sic
944 2185 1162 2241 semper
1206 2187 1331 2227 cum
1387 2174 1616 2231 Domino
1659 2176 1890 2232 erimus.
1936 2178 2124 2247 itaque

557 2257 911 2314 consulamini
949 2261 1179 2318 invicem
1215 2265 1266 2318 in
1302 2266 1484 2321 verbis
1522 2266 1668 2323 istis.
1714 2286 1735 2319 ι

1201 2445 1353 2502 CAP.
1396 2445 1463 2505 ν.

627 2530 790 2588 Vens.
829 2534 941 2591 1-5.
975 2554 993 2587 ι
1026 2536 1100 2593 De
1129 2540 1465 2610 temporibus
1495 2552 1675 2599 autem
1710 2553 1764 2600 et
1793 2547 2118 2615 momentis,

556 2620 776 2685 fratres,
800 2640 905 2677 non
930 2626 1201 2697 indigetis,
1227 2638 1282 2683 ut
1306 2630 1609 2689 scribamus
1632 2634 1805 2691 vobis.
1833 2635 1937 2706 Ipsi
1963 2638 2111 2693 enim

552 2714 840 2785 diligenter
869 2718 1021 2773 scitis
1040 2721 1163 2790 quia
1186 2720 1302 2778 dies
1324 2722 1535 2778 Domini
1564 2726 1705 2781 sicut
1728 2726 1819 2782 fur
1839 2729 1891 2783 in
1914 2738 2074 2786 nocte
2094 2771 2111 2796 ,

554 2806 627 2859 ita
654 2810 847 2864 veniet.
871 2808 1005 2865 Cum
1030 2813 1169 2867 enim
1191 2815 1451 2879 dixerint,
1473 2816 1582 2873 Pax
1605 2829 1655 2874 et
1675 2822 1961 2886 securitas,
1982 2831 2115 2880 tunc

555 2901 870 2967 repentinus
895 2903 976 2957 cis
1004 2906 1353 2975 superveniet
1387 2908 1662 2973 interitus,
1700 2911 1841 2965 sicut
1870 2913 2021 2968 dolor
2049 2915 2105 2968 in

555 3000 716 3045 utero
742 2994 978 3057 habenti,
1005 3005 1059 3050 et
1081 3012 1186 3051 non
1212 2997 1494 3070 eﬂugient.
1520 2999 1632 3055 Vos
1664 3011 1868 3070 autem,
1894 3004 2112 3074 fratres,

558 3097 667 3135 non
698 3085 829 3139 estis
860 3084 912 3138 iu
947 3087 1210 3150 tenebris.
1242 3098 1305 3143 ut
1330 3105 1427 3146 vos
1462 3092 1577 3147 dies
1611 3093 1699 3147 illa
1742 3105 1993 3166 tanquam
2029 3098 2115 3154 fur

2216 613 2352 682 φησὶ
2372 613 2559 678 ,κατὰ
2583 611 2672 665 τὸν
2702 611 3203 683 προαποδεδομένον
3233 609 3403 681 λόγον.

2292 904 2311 938 ι
2355 884 2431 938 Οὐ
2475 884 2551 956 μὴ
2584 884 2881 956 φθάσωμεν
2912 883 3040 947 τοὺς
3070 879 3445 950 κοιμηθέντας,
3479 880 3548 933 ὅτι
3582 880 3696 944 atri;

2218 981 2247 1034 ὁ
2276 978 2481 1051 Κύριος
2516 978 2573 1031 ἐν
2615 978 2968 1049 κελεύσματι,
3010 978 3069 1029 ἑν
3095 976 3242 1045 φωνῇ
3277 974 3608 1044 ἀρχαγγέλου,
3634 977 3697 1028 n‘:

2220 1072 2278 1124 ὲν
2313 1072 2571 1140 σάλπιγγι
2600 1070 2737 1125 Θεοῦ
2767 1070 3137 1142 καταϐήσεται
3167 1068 3275 1122 ἀπὸ
3301 1067 3529 1137 οὐρανοῦ.
3559 1086 3575 1119 ι

2290 1164 2395 1216 Καὶ
2425 1163 2541 1227 πῶς
2565 1163 2625 1217 οὗ
2670 1163 2743 1234 μή
2780 1163 2992 1235 φθάσῃ.
3026 1160 3195 1226 λέγει·
3244 1159 3364 1212 Ὅτι
3390 1159 3550 1223 αὐτὸς
3578 1160 3604 1211 d
3622 1158 3698 1210 Κύ-

2213 1273 2346 1325 ριος
2386 1255 2458 1309 ἐν
2505 1256 2885 1324 κελεύσματι.
2920 1252 3099 1323 Ποίῳς
3130 1250 3220 1321 Τῷ
3257 1252 3352 1321 τῆς
3392 1250 3695 1309 ἀναστάσεως·

2220 1346 2338 1401 ἀντί
2388 1345 2484 1399 τοῦ
2532 1346 2769 1400 κελεύων
2812 1344 3150 1398 ἀνίστασθαι.
3219 1344 3329 1396 Ἔν
3357 1339 3514 1412 φωνῇ
3546 1342 3699 1407 ἀρχαῖ’

2220 1436 2422 1507 τέλου,
2457 1438 2526 1510 ἢν
2556 1440 2650 1492 καὶ
2680 1438 2983 1507 σάλπιγγα
3028 1436 3175 1490 Θεοῦ
3205 1452 3358 1504 φησς
3389 1434 3470 1487 διὰ
3494 1432 3547 1525 το
3567 1431 3697 1525 {sisi-

2225 1547 2387 1601 σματι
2416 1530 2549 1584 Θεοῦ
2596 1530 2866 1599 γενέσθαι.
2911 1528 3081 1582 Τοῦτο
3122 1527 3179 1581 δὲ
3220 1529 3313 1580 καὶ
3352 1528 3465 1597 ήὲν
3493 1522 3557 1592 τῷ
3576 1523 3698 1589 Εὔαγι

2221 1623 2384 1693 γελίῳ
2435 1622 2712 1694 παραϐολὴ
2761 1621 3013 1692 ἐδήλωσε.
3064 1618 3305 1688 Κραυγιὴ
3379 1618 3477 1687 γὰρ
3530 1615 3699 1681 ἐγένετο

2217 1716 2636 1785 μεσονυκτίου,
2674 1713 2990 1779 Ἐξέλθατε
3013 1713 3107 1777 εις
3134 1710 3473 1779 ἀπάντησιν
3494 1707 3583 1760 τοῦ
3600 1724 3699 1773 γυμ-

2270 1806 2384 1859 ιου.
3552 1862 3557 1867 .

2223 1822 2475 1950 φιῗυίζαὶ
2496 1896 2546 1949 οἱ
2571 1896 2755 1967 νεκροὶ
2780 1896 2838 1949 ὲν
2868 1893 3087 1966 Χριστῷ
3113 1892 3498 1963 ἀναστήσονται

2230 1988 2462 2041 Ἔπειτα
2496 1989 2545 2040 οί
2570 1986 2768 2052 ζῶντες
2800 1988 2961 2058 ἡμεῖς
2983 1989 3030 2040 οἱ
3051 1984 3503 2058 περιλειπόμενοι,
3529 1982 3620 2049 ἅμα
3641 1980 3701 2031 σὺν

2225 2078 2409 2141 αὐτοῖς
2455 2079 2886 2150 ἁρπαγησόμεθα
2934 2080 2993 2131 ὲν
3051 2077 3307 2147 νεφέλαις
3356 2078 3433 2138 εἰς
3477 2073 3701 2140 ἀπάντησιν

2223 2170 2315 2224 τοῦ
2347 2170 2552 2242 Κυρίου
2581 2171 2663 2234 εἰς
2692 2171 2859 2241 ἀέρα,
2894 2171 2987 2225 καὶ
3020 2170 3166 2225 οὕτω
3203 2171 3430 2224 πάντοτε
3460 2167 3544 2220 σὺν
3570 2164 3699 2232 Κυρίῳ

2223 2262 2480 2334 ἐσόμεθα.
2506 2264 2671 2317 Ὥστε
2701 2263 3068 2335 παρακαλεῖτε
3089 2261 3358 2332 ἀλλήλους
3385 2261 3442 2313 ὲν
3462 2260 3558 2321 τοῖς
3580 2256 3699 2323 λόγως

2221 2356 2447 2422 τούτοις,
2489 2374 2509 2409 ο

2820 2450 3071 2505 ΚΕΦΑΔ.
3112 2449 3189 2505 E'.
3410 2539 3428 2541 ᾉ
3533 2535 3609 2541 Μ
3666 2532 3674 2541 ι

2295 2560 2316 2594 ι
2354 2540 2490 2615 Περὶ
2526 2540 2584 2595 δὲ
2618 2540 2726 2595 τῶν
2756 2542 2961 2613 χρόνων
2992 2541 3221 2595 καὶτῶν
3268 2539 3497 2611 καιρῶν,
3524 2532 3700 2601 ἀδελφοὶ,
3808 2532 3809 2581 ἒ

2218 2633 2279 2687 οὐ
2303 2634 2493 2705 χρείαν
2522 2631 2675 2704 ἔχετε
2703 2632 2831 2703 ὑμῖν
2858 2631 3185 2703 γράφεσθαι.
3216 2631 3383 2685 Αὐτοὶ
3407 2630 3506 2699 γὰρ
3530 2622 3700 2721 (ineptiae?
3808 2694 3809 2721 1

2218 2725 2433 2789 οἴδατε,
2464 2725 2546 2779 ὅτι
2592 2726 2627 2796 ή
2676 2724 2857 2795 ἡμέρα
2900 2724 3106 2795 Κυρίου
3144 2723 3216 2787 ὡς
3266 2723 3500 2792 κλέπτης
3532 2720 3580 2772 έν
3599 2715 3703 2811 νυκτὶ

2217 2817 2389 2881 οὕτως
2417 2817 2832 2888 ἔρχεται.”οταν
2851 2816 2960 2887 γάρ
2982 2816 3233 2885 λέγωσιν,
3271 2816 3471 2885 Εἰρήνη
3486 2813 3564 2867 καὶ
3580 2808 3701 2875 ἁσφά·
3808 2808 3809 2875 ἦ

2217 2914 2373 2979 λεια,
2424 2913 2547 2967 τότε
2606 2912 2875 2983 αἰφνίδιος
2933 2913 3116 2971 αὐτοῖς
3181 2911 3472 3007 ἐφίσταται
3524 2903 3703 3007 θλειθροξγ

2217 3006 2404 3077 ὥσπερ
2434 3006 2467 3077 ή
2495 3004 2625 3058 ὠδὶν
2654 3008 2720 3077 τῇ
2751 3007 2807 3059 ὲν
2832 3006 3031 3076 γαστρὶ
3053 3003 3274 3075 ἐχούσῃ,
3309 3004 3401 3099 καὶ
3422 3001 3479 3055 ού
3506 2999 3567 3099 μὴ
3588 2998 3701 3099 ἐκφύ-

2218 3115 2406 3166 γωσιν.
2450 3098 2639 3167 Ὑμεῖς
2673 3097 2752 3160 δὲ,
2790 3096 3030 3166 ἀδελφοὶ,
3062 3096 3161 3149 ούκ
3208 3094 3337 3148 ἐστὲ
3366 3096 3422 3148 ὲν
3453 3092 3619 3147 σκότει.
3646 3092 3702 3137 ἵνα

554 3177 997 3244 comprehendat.
1031 3177 1230 3237 Omnes
1253 3182 1397 3237 enim
1427 3199 1523 3240 vos
1555 3185 1648 3242 ﬁlii
1684 3188 1824 3243 lucis
1853 3191 1989 3246 estis
2012 3231 2029 3257 ,
2060 3201 2113 3248 et

2221 3192 2253 3259 ἡ
2290 3189 2471 3261 ἡμέρα
2494 3190 2638 3260 ὑμᾶς
2665 3189 2741 3253 ὡς
2774 3188 3012 3258 κλέπτης
3043 3187 3353 3259 καταλάϐῃ.
3386 3186 3569 3246 Πάντες
3596 3178 3700 3272 ipsi;
3808 3234 3809 3239 η

558 3263 655 3317 ﬁlii
694 3266 824 3322 Dei:
860 3283 966 3323 non
999 3285 1191 3326 sumus
1228 3274 1409 3331 noctis
1431 3316 1446 3342 ,
1481 3293 1660 3347 neque
1695 3284 2061 3341 tenebrarum.
2092 3306 2111 3341 ι

625 3445 909 3515 Ostendit,
962 3466 1067 3506 non
1113 3467 1334 3522 prorsus
1373 3468 1616 3515 mortuos
1664 3467 2115 3523 resurrectionem

557 3535 863 3593 obtinuisse
884 3578 898 3601 ,
949 3540 1055 3599 nisi
1084 3557 1181 3612 per
1208 3545 1507 3603 Christum.
1542 3550 1657 3606 Nisi
1689 3554 1833 3608 enim
1868 3555 2120 3615 Christus

556 3628 743 3683 fuisset
773 3632 1067 3687 secundum
1098 3650 1315 3693 carnem
1343 3650 1619 3709 mortuus,
1661 3660 1808 3702 mors
1846 3647 2117 3705 destructa

556 3737 662 3775 non
705 3733 866 3778 esset.
902 3723 996 3779 Vel
1018 3727 1179 3783 etiam
1206 3729 1435 3788 dicendo
1454 3772 1468 3795 ,
1499 3738 1693 3791 mortui
1715 3740 1802 3809 qui
1830 3757 1883 3794 ιη
1910 3740 2118 3799 Christo

555 3824 698 3879 sunt,
723 3816 845 3872 illos
868 3819 1045 3874 innuit
1066 3821 1157 3890 qui
1178 3834 1394 3892 propter
1414 3825 1693 3883 Christum
1718 3840 1945 3887 mortem
1969 3836 2118 3891 obie—

559 3917 1016 3979 runt,opportune
1050 3915 1342 3972 consolans
1367 3932 1460 3972 eos
1490 3919 1583 3989 qui
1628 3921 1740 3977 hac
1784 3908 2073 3982 audiebant
2096 3968 2111 3992 ,

554 4013 677 4053 cum
712 4002 763 4055 in
796 4002 1084 4061 alllictione
1118 4017 1487 4066 versarentur.
1517 4012 1605 4065 Ait
1633 4028 1763 4084 ergo
1812 4017 1932 4073 illos
1955 4058 1970 4081 ,
2017 4019 2110 4089 qui

555 4106 720 4147 causa
745 4093 945 4150 Christi
975 4100 1213 4167 perpessi
1238 4108 1400 4155 erunt
1417 4140 1430 4163 ,
1453 4103 1662 4171 priores
1690 4119 2114 4167 resurrecturos.

626 4180 789 4239 Vens.
836 4184 1017 4240 6-H.
1049 4206 1068 4238 ι
1097 4187 1265 4259 Igitur
1313 4208 1423 4247 non
1475 4193 1813 4251 dormiamus
1864 4200 2006 4255 sicut
2060 4210 2115 4256 et

554 4277 772 4338 caeteri,
805 4278 900 4332 sed
928 4278 1216 4346 vigilemus
1263 4290 1318 4337 et
1363 4283 1537 4339 sobrii
1587 4287 1786 4345 simus.
1834 4289 1968 4344 Nam
2017 4294 2108 4364 qui

552 4366 869 4433 dormiunt,
904 4378 1062 4427 nocte
1090 4373 1408 4430 dormiunt:
1442 4386 1494 4431 et
1523 4380 1613 4448 qui
1648 4380 1783 4435 ebrii
1819 4393 1979 4449 sunt,
2010 4400 2113 4440 no-

552 4467 637 4512 etc
662 4460 797 4515 ebrii
835 4471 985 4517 sunt.
1026 4462 1140 4519 Nos
1179 4476 1356 4522 autem
1398 4470 1492 4538 'qui
1538 4470 1645 4525 diei
1675 4486 1867 4530 sumus
1890 4514 1906 4540 ,
1940 4476 2108 4532 sobrii

2224 3281 2329 3332 υἱοὶ
2355 3279 2532 3349 φωτός
2556 3280 2704 3345 ὲστε,
2730 3280 2826 3333 καὶ
2848 3279 2957 3334 υἱοὶ
2978 3280 3187 3351 ἡμέρας
3203 3294 3218 3307 ⁶
3242 3280 3347 3333 οὐκ
3372 3276 3527 3349 ἐσμὲν
3549 3270 3701 3331 νυκτὸς.

2221 3372 2339 3426 οὐδὲ
2370 3373 2610 3436 σκότους.
2649 3390 2667 3424 ι

2289 3464 2568 3518 Δείκνυσιν
2608 3463 2684 3528 ὡς
2724 3462 2823 3534 ούχ
2859 3463 3048 3527 ἀπλῶς
3080 3462 3347 3533 ηὕρισκον
3374 3462 3421 3515 oi
3461 3455 3612 3527 νεκροὶ
3637 3451 3703 3521 τὴν

2219 3556 2536 3618 ἀνάστασιν,
2579 3557 2629 3610 εί
2667 3555 2740 3627 μὴ
2776 3555 2865 3610 διὰ
2890 3555 3148 3627 Χριστοῦ.
3186 3556 3245 3608 El
3281 3556 3359 3625 μὴ
3406 3553 3503 3622 γάρ
3535 3545 3703 3603 ἀπέθυε

2219 3648 2361 3702 κατὰ
2396 3648 2573 3719 σάρκα
2606 3650 2635 3701 ὁ
2665 3648 2935 3720 Χριστὸς,
2971 3648 3069 3701 οὐκ
3107 3646 3172 3701 ἂν
3208 3646 3396 3700 ἐλύετο
3433 3646 3635 3703 θάνατος.
3658 3634 3702 3686 Ἦ

2219 3742 2313 3795 καὶ
2367 3741 2617 3809 νεκροὺς
2644 3741 2713 3794 ἐν
2746 3739 3004 3809 Χριστῷ,
3039 3741 3166 3803 τοὺς
3214 3738 3566 3830 ἀποθανόντας
3602 3731 3704 3830 lin:

2216 3834 2304 3887 διὰ
2335 3834 2603 3900 Χριστὸν,
2645 3832 2918 3903 εὐκαίρως
2947 3832 3034 3886 διὰ
3063 3833 3122 3885 τὺ
3162 3834 3219 3885 ὲν
3265 3831 3441 3901 θλίψει
3476 3824 3704 3881 εἶναιτοὺς

2218 3923 2511 3987 ἀκούοντας
2567 3922 3079 3995 παραμυθούμενος.
3131 3922 3303 3990 Φησὶν
3338 3919 3455 3979 οὖν,
3484 3918 3549 3978 ὼς
3572 3914 3612 3967 οἱ
3647 3908 3705 4011 ὅξὲ

2217 4016 2450 4088 Χριστὸν
2477 4016 2779 4088 πάσχοντες
2814 4017 2909 4070 καὶ
2940 4015 3144 4086 πρῶτοι
3172 4016 3273 4085 τῆς
3317 4012 3623 4070 ἀναστάσεως
3642 4018 3701 4051 τυ·

2216 4128 2403 4182 κίοσιν·
3554 4195 3563 4201 .

2292 4224 2311 4257 ι
2353 4206 2494 4276 Ἀρα
2515 4198 2609 4258 οῦν
2640 4203 2715 4275 μὴ
2748 4202 3099 4272 καθεύδωμεν
3124 4200 3200 4265 ὡς
3221 4201 3320 4255 καὶ
3350 4200 3398 4254 oi
3419 4195 3587 4256 λοιποὶ,
3611 4192 3702 4243 ἀλλά

2214 4296 2576 4367 γρηγορῶμεν
2604 4294 2697 4348 καὶ
2720 4294 2997 4365 νήφωμεν.
3026 4294 3087 4347 υἱ
3117 4293 3225 4362 γὰρ
3283 4290 3619 4347 καθεύδοντες,
3641 4299 3704 4331 W-

2213 4389 2340 4452 κτὸς
2382 4386 2701 4441 καθεύδουσι
2722 4403 2738 4419 ο
2773 4388 2867 4440 καὶ
2891 4388 2941 4440 οἱ
2981 4384 3402 4456 μεθυσκόμενοι,
3435 4379 3609 4476 νυκτὸς,

2214 4481 2449 4534 θύουσιν.
2488 4480 2678 4549 Ἡμεῖς
2704 4477 2760 4531 δὲ
2789 4478 2999 4550 ἡμέρας
3026 4477 3200 4541 ὄντες,
3233 4479 3508 4548 νήφωμεν,
3539 4468 3703 4523 ἐνδυσά-

550 4550 761 4617 simus,
814 4553 989 4609 induti
1040 4556 1265 4612 loricam
1314 4558 1439 4614 ﬁdei
1471 4568 1526 4614 et
1558 4562 1845 4621 charitatis
1867 4605 1883 4631 ,
1912 4575 1967 4621 et
2016 4584 2111 4638 ga-

2218 4587 2366 4640 μενοι
2398 4569 2621 4641 θώρακα
2659 4568 2896 4631 πίστεως
2925 4569 3018 4622 καὶ
3047 4570 3299 4641 ἀγάπης,
3333 4569 3424 4622 καὶ
3468 4571 3700 4634 περικεραο

550 4642 687 4697 leam
710 4682 728 4705 ,
759 4660 909 4715 spem
943 4646 1153 4704 salutis.
1183 4648 1449 4716 Quoniam
1481 4669 1586 4708 non
1622 4657 1805 4723 posuit
1835 4673 1931 4713 vos
1966 4658 2108 4715 Deus

549 4733 605 4788 in
641 4734 775 4789 iram
798 4775 813 4799 ,
850 4737 945 4793 sed
978 4739 1033 4794 in
1061 4742 1473 4811 acquisitionem
1525 4747 1719 4803 salutis
1776 4764 1872 4818 per
1920 4749 2106 4806 Domi-

548 4843 680 4881 num
710 4836 958 4885 nostrum
996 4830 1182 4889 Iesum
1216 4835 1533 4903 Christum,
1581 4840 1674 4909 qui
1730 4851 1977 4898 mortuus
2023 4853 2109 4899 est

546 4935 647 4989 pro
702 4922 897 4990 nobis;
942 4933 1002 4979 ut
1056 4927 1170 4982 sive
1218 4928 1545 4998 vigilemus,
1590 4932 1705 4988 sive
1737 4936 2105 5003 dormiamus,

548 5012 710 5066 simul
740 5028 865 5069 cum
896 5016 991 5071 illo
1016 5016 1280 5073 vivamus.
1309 5020 1535 5091 Propter
1560 5025 1706 5094 quod
1746 5028 2107 5083 consolamini

549 5104 777 5160 invicem
800 5147 817 5173 ,
846 5115 902 5163 et
928 5108 1193 5164 aediﬁcate
1221 5110 1539 5167 alterutrum
1563 5154 1579 5178 ,
1606 5116 1747 5170 sicut
1778 5126 1833 5172 et
1864 5118 2102 5172 facitis.»

618 5197 877 5268 Apposite
928 5215 1234 5256 sermonem
1290 5213 1468 5259 movet
1514 5206 1581 5259 de
1631 5207 1844 5269 labore.
1894 5224 2108 5279 unaque

548 5288 864 5356 mysterium
919 5289 1199 5355 declarat,
1253 5304 1309 5348 et
1352 5309 1518 5364 quam
1546 5297 1618 5350 ob
1650 5312 1870 5354 causam
1902 5300 2107 5357 Christi

548 5391 694 5433 mors
724 5381 1043 5451 contigerit.“

621 5467 783 5525 Vens.
820 5472 888 5525 l2
908 5512 924 5536 ,
949 5475 1039 5530 15.
1068 5494 1087 5527 ‹
1117 5474 1390 5547 Rogamus
1418 5487 1597 5535 autem
1624 5496 1751 5547 vos,
1782 5482 1982 5540 fratres
2002 5526 2016 5549 ,
2044 5496 2105 5541 ut

550 5564 806 5619 noveritis
838 5581 932 5622 eos
975 5572 1068 5639 qui
1122 5572 1373 5628 laborant
1429 5575 1570 5629 inter
1616 5590 1744 5640 vos,
1780 5587 1831 5632 et
1862 5587 2101 5647 praasunt

530 5651 702 5708 vobis
732 5654 783 5708 in
815 5655 1077 5724 Domino,
1110 5673 1164 5718 et
1187 5675 1401 5720 monent
1433 5680 1562 5734 vos,
1594 5675 1652 5720 ut
1680 5667 1923 5725 habeatis
1975 5670 2096 5727 illos

583 5838 627 5869 τ’
667 5838 855 5896 Matth.
891 5858 1016 5909 xxv,
1050 5845 1101 5901 6.

2213 4664 2392 4726 λαίαν,
2426 4662 2615 4716 ἐλπίδα
2644 4660 2947 4733 σωτηρίας·
2983 4663 3064 4715 ὅτε.
3108 4662 3208 4714 οὐκ
3237 4661 3392 4715 ἔθετο
3424 4660 3550 4729 ὑμᾶς
3569 4657 3590 4707 ό
3610 4646 3701 4742 Θεὸς

2214 4757 2291 4818 εἰς
2330 4753 2529 4823 ὀργὴν,
2578 4751 2691 4804 ἀλλ’
2729 4753 2808 4814 εἰς
2851 4752 3197 4821 περιποίησιν
3240 4750 3504 4820 σωτηρίας
3544 4744 3611 4796 διὰ
3640 4753 3700 4789 τω

2212 4847 2420 4918 Κυρίου
2458 4845 2613 4916 ήμῶν
2657 4843 2833 4916 Ἰησοῦ
2856 4843 3092 4915 Χριστοῦ
3123 4842 3218 4896 τοῦ
3247 4828 3700 4936 ἀποθανόντος

2194 4940 2388 5009 «ἡμῶν,
2418 4938 2503 4992 ἳνα
2543 4939 2652 4992 είτε
2687 4937 3070 5009 γρηγορῶμεν,
3099 4936 3208 4989 εἴτε
3243 4934 3589 5001 καθεύδωμεν.
3622 4934 3699 5020 ᾱμξ

2208 5032 2306 5083 σὺν
2344 5029 2491 5098 αὐτῷ
2520 5030 2792 5099 ζήσωμεν.
2834 5028 2925 5081 Διὸ
2954 5027 3323 5099 παρακαλεῖτε
3349 5021 3614 5093 ἀλλήλους,
3638 5026 3700 5063 και

2204 5121 2535 5189 οἰκοδομεῖτε
2565 5115 2645 5185 εἷς
2671 5120 2766 5173 τὸν
2790 5119 2909 5184 ἕνα,
2941 5118 3123 5182 καθὼς
3152 5119 3249 5172 καὶ
3279 5118 3501 5170 ποιεῖτε.
3536 5130 3552 5161 ι
3631 5194 3647 5210 ἢ

2275 5215 2559 5285 Εὐκαίρως
2600 5214 2691 5267 τὸν
2729 5214 2856 5284 περὶ
2882 5213 3041 5266 πόνου
3090 5212 3269 5280 ἐνάγει
3301 5209 3474 5278 λόγον,

2204 5308 2340 5369 κνὺς
2372 5305 2521 5376 αὐτῷ
2546 5305 2636 5359 τὸν
2667 5306 2795 5376 περὶ
2822 5304 2915 5358 τοῦ
2949 5304 3245 5375 μυστηρίου
3279 5302 3453 5371 λόγον,
3474 5295 3556 5350 καὶ
3579 5291 3647 5343 δια
3662 5299 3697 5333 τε

2209 5402 2237 5453 ὁ
2270 5399 2503 5471 Χριστοῦ
2531 5397 2720 5466 γέγονε
2753 5398 2998 5460 θάνατος.
3316 5485 3354 5490 Α-
3374 5484 3386 5490 -
3562 5476 3574 5490 ⁸

2286 5509 2306 5542 ι
2342 5491 2662 5562 Ἐρωτῶμεν
2698 5490 2755 5544 δὲ
2798 5491 2961 5560 ὑμᾶς.
3001 5488 3244 5557 ἀδελφοὶ,
3283 5484 3473 5538 εἰδέναι
3507 5482 3696 5562 τοὺς-ξφ

2209 5557 2448 5643 πιῶντας
2484 5580 2542 5632 ὲν
2565 5557 2741 5650 ύμῖν,
2782 5557 2876 5633 καὶ
2905 5577 3331 5649 προϊσταμένους
3364 5569 3512 5642 ὑμῶν
3532 5567 3581 5661 ἐν

2210 5672 2328 5745 ρίῳ,
2379 5673 2471 5727 καὶ
2505 5672 2887 5736 νουθετοῦντας
2930 5672 3092 5742 ὑμᾶς,
3126 5670 3219 5725 καὶ
3242 5664 3483 5740 ἡγεῖσθαι
3523 5659 3697 5711 ἑαυτσυς
