4022 6420
240 395 347 459 917

1147 396 1230 457 IN
1269 398 1505 460 EPIST.
1542 401 1649 460 AD
1679 401 2430 464 THESSALONICENSES
2458 403 2541 463 II.

3366 406 3478 475 918

240 504 717 580 ὑπερεκπερισσοῦ
737 508 804 562 ὲν
826 505 1015 580 ἀγάπῃ
1043 507 1131 563 διὰ
1150 510 1211 564 τὸ
1241 509 1402 582 ἔργον
1429 513 1627 569 αὐτῶν.
1648 513 1803 586 Εἰρη-

1911 514 2278 571 abundantius
2308 516 2361 570 in
2392 516 2663 571 charitate
2686 524 2908 588 propter
2936 530 3075 587 opus
3100 518 3333 575 illorum.
3368 522 3471 576 Pa-

240 598 431 650 νεΰετε
456 597 514 650 ὲν
538 598 767 661 ἑαυτοῖς.
808 618 828 651 ι

313 688 397 742 Τὰ
422 688 553 760 περὶ
578 688 913 745 διδασκάλων
936 690 1196 758 διδάσκει,
1229 693 1415 757 ποίους
1440 689 1577 750 εἶναι
1600 696 1683 751 δεῖ
1710 716 1804 753 πε-

240 777 605 849 ριπαραινῶν.

320 888 340 922 t
395 868 825 940 Παρακαλοῦμεν
874 870 931 925 δὲ
984 871 1164 943 ὑμᾶς,
1210 872 1448 942 ἀδελφοὶ.
1501 876 1802 933 νουθετεῖτε

237 960 369 1024 τοὺς
387 962 683 1027 ἀτάκτους,
703 962 1115 1034 παραμυθεῖσθε
1131 964 1257 1027 τοὺς
1287 964 1658 1038 ὀλιγοψύχους,
1677 971 1804 1024 ἀντ-

237 1049 430 1120 έχεσθε
475 1051 585 1105 τῶν
615 1051 889 1118 ἀσθενῶν,
930 1054 1333 1125 μακροθυμεῖτε
1376 1056 1511 1127 πρὸς
1570 1061 1799 1124 πάντας.

248 1139 447 1212 Ὁρᾶτε
480 1142 553 1213 μή
603 1159 688 1205 τις
718 1143 885 1196 κακὸν
913 1144 1034 1197 ἀντὶ
1070 1144 1241 1199 κακοῦ
1275 1164 1379 1199 τινι
1416 1148 1619 1219 ἀποδῷ,
1668 1149 1803 1205 ἀλλὰ

238 1228 475 1284 πάντοτε
501 1230 706 1299 ἀγαθὸν
730 1229 976 1297 διώκετε,
1011 1236 1104 1286 καὶ
1147 1235 1223 1296 εἰς
1253 1235 1516 1307 ἀλλήλους
1536 1276 1551 1300 ,
1584 1239 1680 1292 καὶ
1721 1240 1802 1303 είς

238 1320 471 1383 πάντας.
500 1320 737 1375 Πάντοτε
758 1322 976 1393 χαίρετε
999 1339 1012 1352 ο
1036 1323 1391 1389 ἀδιαλείπτως
1413 1328 1798 1399 προσεύχεσθε,

234 1411 302 1461 ὲν
330 1413 483 1465 παντὶ
529 1413 921 1483 εὐχαριστεῖτε.
953 1415 1122 1469 Τοῦτο
1164 1416 1272 1489 γάρ
1309 1417 1519 1489 θέλημα
1568 1420 1702 1474 Θεοῦ
1744 1424 1801 1476 ὲν

233 1500 460 1573 Χριστῷ
500 1502 671 1574 Ἰησοῦ
698 1505 777 1568 είς
805 1505 969 1575 ὑμᾶς.

308 1592 571 1647 Ποικίλων
600 1596 809 1664 ἀρετῶν
840 1597 1024 1660 αὐτοῖς
1049 1597 1323 1666 ὲξυφαίνει
1353 1598 1530 1668 λόγον.

312 1704 332 1737 ι
367 1686 441 1739 Τὸ
476 1687 696 1758 Πνεῦμα
723 1688 799 1760 μὴ
824 1689 1100 1755 σὸἐννυτε,
1136 1694 1470 1764 προφητείαν
1526 1694 1601 1764 μὴ
1652 1694 1802 1759 ἐξου-

232 1776 468 1830 θενεῖτε·
514 1778 693 1833 πάντα
731 1780 789 1835 δὲ
830 1781 1172 1851 δοκιμάζετε,
1205 1782 1266 1837 τὸ
1307 1783 1469 1838 καλὸν
1518 1785 1796 1857 κατέχετε,

1906 619 2027 660 cem
2060 606 2256 663 habete
2289 623 2411 661 cum
2447 608 2550 663 eis.
2584 626 2603 660 ι

1976 696 2148 754 Ποσει
2173 713 2295 767 qua;
2318 700 2639 756 doctoribus
2666 701 2970 771 praestanda
2999 704 3109 757 sint
3127 743 3142 767 ,
3171 703 3474 759 admonens

1906 786 2122 842 interim
2156 790 2348 858 quales
2381 789 2458 844 illi
2486 804 2612 845 esse
2638 791 2895 846 debeam.

1975 875 2143 935 Vens.
2172 878 2297 933 M-i
2310 880 2364 934 8.
2394 898 2413 930 ι
2446 878 2724 949 Rogamus
2748 890 2924 936 autem
2952 896 3072 944 vos.
3092 881 3314 945 fratres,
3342 894 3470 934 cox-

1904 969 2069 1040 ripite
2106 971 2418 1041 inquietos,
2450 972 2814 1028 cousolamini
2848 975 3227 1043 pusillanimes
3248 1017 3263 1043 ,
3296 978 3472 1030 susci-

1906 1063 2025 1133 pite
2056 1062 2345 1127 inﬁrmos,
2380 1064 2651 1134 patientes
2696 1073 2869 1120 estote
2913 1065 2983 1121 ad
3029 1081 3241 1120 omnes.
3276 1064 3477 1121 Videte

1905 1169 1975 1211 ne
1997 1155 2120 1225 quis
2144 1155 2348 1210 malum
2376 1171 2477 1226 pro
2507 1156 2653 1211 malo
2683 1157 2848 1212 alicui
2878 1157 3067 1213 reddat
3091 1176 3105 1225 ;
3134 1158 3228 1213 sed
3261 1173 3473 1228 semper

1904 1247 2052 1318 quod
2082 1247 2287 1302 bonum
2323 1256 2410 1305 est
2430 1289 2443 1313 ,
2476 1249 2799 1313 sectamini,
2829 1259 2883 1305 et
2928 1250 2986 1305 in
3028 1251 3263 1305 invicem
3286 1292 3302 1317 ,
3332 1261 3388 1306 et
3417 1252 3471 1305 in

1904 1352 2119 1394 omnes.
2157 1337 2384 1409 Semper
2410 1339 2677 1408 gaudete;
2726 1340 2845 1395 sine
2896 1340 3301 1396 intermissione
3343 1355 3472 1395 ora-

1904 1436 1997 1496 te;
2031 1430 2087 1484 in
2122 1430 2382 1485 omnibus
2411 1430 2616 1500 gratias
2652 1430 2809 1500 221
2846 1431 3033 1501 agite:
3068 1431 3183 1486 haec
3215 1442 3299 1487 est
3330 1432 3471 1487 enim

1902 1520 2157 1575 voluntas
2191 1520 2286 1575 Dei
2320 1521 2375 1575 in
2411 1520 2633 1576 Christo
2664 1519 2792 1577 Jesu
2826 1521 2880 1575 in
2916 1537 3034 1576 vos.
3073 1540 3093 1574 ι

1973 1610 2050 1667 De
2082 1611 2252 1667 variis
2278 1612 2573 1669 virtutibus
2603 1627 2907 1668 sermonem
2934 1614 3043 1669 illis
3068 1616 3333 1670 contexit.

1972 1701 2135 1758 Vens.
2163 1702 2351 1758 19-25.
2395 1722 2414 1755 ι
2446 1703 2711 1774 Spiritum
2744 1704 2915 1758 nolite
2943 1706 3315 1777 exstinguere.
3338 1705 3474 1762 Pro-

1903 1794 2142 1865 phetiam
2190 1796 2365 1851 nolite
2384 1811 2643 1866 spernere
2678 1814 2693 1850 :
2724 1796 2911 1851 omnia
2962 1805 3143 1851 autem
3195 1799 3468 1867 probate:

229 1865 344 1921 ἀπὸ
396 1867 596 1932 παντὸς
648 1870 822 1934 εἴδους
862 1872 1099 1944 πονηροῦ
1162 1872 1450 1944 ἀπέχεσθε.
1484 1853 1662 1941 Αὐτὸς
1674 1853 1741 1930 δὲ
1766 1876 1795 1929 6

1905 1853 2045 1956 quod
2070 1886 2275 1942 bonum
2304 1853 2646 1952 esu-tenete.
2670 1886 2754 1942 Ab
2784 1886 2932 1942 omni
2962 1889 3142 1957 specie
3174 1853 3311 1942 mala
3338 1890 3472 1944 abs-

228 1959 365 2023 Θεὺς
389 1959 489 2029 τῆς
516 1962 734 2032 εἰρήνης
766 1963 990 2032 ἁγιάσαι
1022 1964 1188 2035 ὑμᾶς.
1227 1984 1245 2017 ι

304 2051 455 2105 ’Δντὶ
500 2052 614 2116 τοῦ,
658 2054 751 2122 Μὴ
798 2053 1026 2125 ὲπέχετε
1076 2057 1168 2109 τὸν
1224 2073 1665 2128 προφητευονταο
1702 2060 1797 2112 καὶ

224 2142 392 2197 τοῦτο
411 2144 563 2215 δηλοῖ
590 2145 650 2199 τὸ
679 2145 826 2218 ἑξῆς.

308 2252 330 2285 ι
373 2234 668 2300 Ὀλοτελεῖς
697 2252 710 2266 ·
744 2236 840 2292 καὶ
859 2237 1051 2311 ὁλόκλη
1059 2256 1152 2310 ρον
1183 2238 1356 2311 ὑμῶν.
1395 2258 1414 2291 ι

299 2324 374 2380 Εῐ
391 2344 446 2380 τι
466 2326 645 2381 λείπει
668 2329 817 2400 ὑμῖν,
834 2329 1281 2403 προσπληρὼσει.

306 2437 328 2470 ι
359 2418 434 2472 Τὸ
461 2420 705 2492 Πνεῦμα,
745 2424 842 2478 καὶ¹
868 2425 903 2495 ή
933 2412 1102 2493 ψυχὴ,
1127 2424 1222 2477 καὶ
1266 2423 1329 2477 τὸ
1380 2423 1562 2495 σῶμα,
1618 2426 1800 2497 ἀμέμ-

228 2527 382 2573 πτως
403 2511 546 2582 ὲντῇ
572 2513 845 2585 παρουσίᾳ
878 2513 973 2567 τοῦ
1006 2513 1212 2586 Κυρίου
1250 2514 1407 2586 ήμῶν
1449 2515 1623 2587 Ἰησοῦ
1662 2519 1799 2589 Χρι-

229 2600 361 2654 στοῦ
388 2601 677 2674 τηρηθείη.
711 2604 909 2669 Πιστὸς
932 2605 961 2659 6
986 2605 1142 2669 Θεός.
1182 2625 1201 2658 ι

302 2691 566 2761 Πνεῦμα,
595 2695 748 2764 φησὶ,
771 2695 831 2748 τὸ
870 2696 1116 2767 χάρισμα
1146 2696 1176 2750 ὃ
1213 2695 1403 2751 ἐλαϐεν
1446 2697 1675 2763 ἕκαστος
1713 2699 1803 2754 διὰ

226 2781 326 2834 τοῦ
360 2782 750 2854 βαπτίσματος.
774 2786 909 2841 Τότε
938 2789 1047 2860 γάρ
1082 2789 1190 2843 τῶν
1223 2790 1635 2862 βαπτιζομένων
1664 2792 1802 2847 ἕκασ-

232 2890 359 2937 στος
379 2875 653 2946 ἐλάμϐανε
691 2878 953 2951 χάρισμα,
1001 2881 1096 2935 καὶ
1141 2884 1314 2937 ἐποίει
1364 2888 1586 2956 σημεῖα.
1633 2887 1742 2940 Καὶ
1774 2888 1803 2940 6

235 2964 336 3035 μὲν
374 2966 647 3035 γλώσσαις
690 2970 889 3037 ἐλάλει,
927 2975 955 3026 6
978 2972 1036 3025 δὲ
1068 2976 1438 3047 προεφήτευεν
1460 2995 1474 3009 ·
1506 2977 1661 3039 ἄλλος
1689 2980 1804 3034 ίᾶτο

227 3056 360 3119 τοὺς
390 3057 716 3127 κάμνοντας,
747 3060 903 3126 ἄλλος
931 3061 1182 3134 δαιμόνια
1203 3066 1686 3134 ὲξέὄαλλεν,άλλος
1712 3071 1803 3126 ἁνο
1836 3126 1839 3129 .

229 3145 359 3199 ίστα
385 3148 511 3212 τοὺς
536 3151 783 3221 νεκροὺς,
816 3151 971 3216 ἄλλος
1000 3153 1129 3208 ἄλλο
1153 3172 1207 3209 τι
1237 3157 1427 3213 ἐποίει.
1485 3159 1652 3213 Τοῦτο
1710 3161 1803 3216 οὖν

1896 1977 2061 2032 tioete
2117 1991 2237 2033 vos.
2280 1974 2403 2047 Ipse
2428 1986 2606 2032 autem
2631 1975 2776 2033 Deus
2812 1976 2967 2046 pacis
2994 1978 3297 2033 sanctiﬁcet
3317 1994 3467 2034 vos.»

1966 2066 2080 2125 Hoc
2116 2076 2225 2136 est,
2251 2085 2319 2125 ne
2367 2069 2671 2126 cohibeatis
2698 2069 2847 2124 illum
2875 2071 2966 2140 qui
2994 2070 3311 2140 pr0phetias
3344 2071 3473 2126 fun-

1892 2158 1977 2215 dit
2005 2179 2019 2215 :
2060 2159 2208 2232 quod
2232 2160 2397 2216 etiam
2420 2161 2666 2217 declarat
2693 2162 2969 2218 orationis
3000 2162 3195 2220 series.

1971 2248 2107 2305 «Per
2138 2249 2359 2305 omnia:
2391 2258 2447 2308 et
2478 2251 2693 2322 integer
2717 2252 2789 2307 sit
2810 2261 3011 2307 vester.
3050 2274 3072 2305 ι

1970 2338 2026 2397 Si
2054 2345 2209 2398 deest
2241 2341 2398 2398 vobis
2423 2342 2650 2413 aliquid,
2682 2342 2786 2398 hoc
2808 2344 2927 2413 ipse
2964 2343 3264 2412 praestabit,

1975 2451 1994 2484 ‹
2026 2431 2290 2502 Spiritus,
2339 2439 2394 2488 et
2419 2433 2628 2496 anima,
2659 2440 2716 2487 et
2743 2448 2945 2503 corpus
2994 2433 3115 2488 sine
3163 2433 3383 2503 querela
3417 2433 3473 2488 in

1900 2521 2137 2577 adventu
2197 2522 2414 2577 Domini
2494 2521 2673 2578 nostri
2735 2521 2866 2579 Jesu
2927 2520 3131 2578 Christi
3200 2530 3472 2607 servetur».

1902 2606 1923 2680 [
1948 2607 2114 2664 Vsus.
2142 2608 2235 2663 24.
2269 2608 2289 2681 ]
2318 2606 2523 2664 Fidelis
2552 2607 2697 2663 Deus
2736 2647 2753 2663 .
2784 2626 2804 2661 ι

1975 2698 2232 2767 Spiritum
2271 2698 2427 2764 dicit,
2460 2699 2593 2753 illud
2648 2700 2852 2756 donum
2886 2698 3035 2769 quod
3087 2700 3472 2769 unusquisque

1900 2804 2001 2861 per
2028 2788 2359 2858 baptismum
2392 2796 2701 2857 acceperat.
2732 2787 2997 2858 Quisquis
3023 2784 3171 2841 enim
3226 2786 3471 2856 baptiza-

1903 2883 2086 2941 batur,
2115 2877 2414 2947 accipiebat
2440 2877 2643 2932 donum
2686 2893 2795 2948 quo
2818 2876 3061 2948 prodigia
3088 2876 3360 2947 patrabat.
3387 2878 3466 2931 Ac

1904 2968 1996 3023 ille
2024 2968 2248 3038 quidem
2282 2967 2487 3038 linguis
2514 2969 2863 3037 loquebatur,
2888 2968 2977 3021 hic
2996 2982 3127 3021 vero
3154 2966 3470 3036 prophetias

1907 3057 2296 3128 pronuntiabat
2323 3074 2337 3123 ;
2368 3058 2503 3133 alter
2525 3072 2701 3127 aegros
2729 3056 2979 3121 sanabat,
3005 3056 3278 3110 daemones
3333 3055 3471 3109 alter

1904 3154 2157 3225 ejiciebat
2185 3171 2201 3220 ;
2225 3152 2365 3209 alius
2401 3153 2672 3208 excitabat
2720 3160 2988 3217 mortuos,
3032 3149 3181 3205 aliud
3216 3148 3359 3203 alius
3388 3148 3469 3202 ia-

225 3238 289 3291 τὸ
321 3240 587 3312 χάρισμα,
618 3241 647 3295 ὃ
668 3244 761 3297 καὶ
792 3243 1032 3314 Πνεῦμά
1061 3263 1217 3319 φησι,
1269 3248 1450 3319 μένειν
1500 3251 1559 3303 ὲν
1614 3251 1796 3316 αὐτοῖς

1905 3221 2099 3302 ciebat.
2127 3243 2240 3300 Hoc
2269 3259 2397 3315 ergo
2426 3245 2652 3308 donum,
2684 3243 2831 3314 quod
2865 3251 2920 3299 et
2968 3241 3232 3312 Spiritum
3284 3240 3471 3298 nomi-

222 3329 522 3401 ὀλόκληρον
546 3332 779 3403 εὔχεται,
806 3334 895 3391 ἴνα
943 3337 1088 3391 κατὰ
1135 3338 1300 3410 μηδὲν
1355 3340 1658 3411 στερηθῶσι
1699 3345 1795 3415 τῆς

224 3419 515 3491 ἐνεργείας
542 3422 633 3475 τοῦ
658 3423 814 3493 ἁγίου
841 3423 983 3479 Πνεύ
993 3442 1184 3496 ματος.

307 3529 327 3562 ι
366 3511 424 3563 '0
448 3512 625 3566 καλῶν
651 3514 817 3584 ὐμᾷς,
838 3514 898 3579 ὃς
919 3518 1013 3570 καὶ
1042 3519 1549 3589 ποιήσει.Ἀδελφο“ι,
1566 3522 1795 3592 προσεύ-

223 3603 395 3673 χεσθε
424 3604 563 3676 ὑπὲρ
592 3605 766 3677 ήμῶν.
807 3607 1151 3675 Ἀσπάζασθε
1179 3610 1306 3674 τοὺς
1359 3611 1621 3681 ἀδελφοὺς
1661 3614 1799 3667 πάν-

222 3711 331 3757 τας
360 3695 421 3747 ὲν
454 3696 716 3767 φιλήματι
741 3698 903 3771 ἁγίῳ.
939 3719 959 3754 ι

314 3786 377 3840 '0
393 3786 628 3853 καλέσας
655 3790 822 3859 ὑμᾶς,
854 3791 1040 3863 φησὶν,
1069 3793 1298 3865 Ἰησοῦς,
1328 3795 1547 3868 ποιήσει
1576 3796 1636 3850 τὸ
1680 3795 1799 3850 ὁλο-

221 3876 409 3941 τελεῖς
439 3879 581 3949 ὑμᾶς
611 3881 866 3950 γενέσθαι
897 3885 992 3939 καὶ
1012 3885 1353 3958 ἀμέμπτους.

306 3990 327 4021 ι
372 3969 662 4041 Ἐνορκίζω
689 3972 835 4043 ὑμᾶς
861 3973 952 4028 τὸν
988 3975 1215 4046 Κύριον.
1257 3976 1673 4049 ἀναγνωσθῆναι
1700 3978 1805 4051 τὴν

222 4062 522 4133 ἐπιστολὴν
550 4065 682 4120 πᾶσι
704 4067 819 4129 τοῖς
854 4065 1030 4137 ἁγίοις
1067 4068 1338 4138 ἀδελφοῖς.
1392 4070 1457 4126 Ἦ
1501 4069 1662 4141 χάρις
1704 4069 1805 4124 τοῦ

223 4155 441 4225 Κυρίου
465 4156 620 4226 ἡμῶν
650 4157 825 4230 Ἰησοῦ
846 4159 1084 4230 Χριστοῦ
1118 4162 1237 4232 μεθ’
1265 4162 1437 4233 ὑμῶν.
1471 4162 1665 4235 Ἀμήν.
1703 4180 1724 4214 ›

313 4246 534 4318 Ἐπειδὴ
557 4248 807 4321 ἐλέγχους
830 4251 863 4322 ἠ
892 4250 1183 4324 Ἐπιστολὴ
1215 4252 1481 4324 περιέχει,
1511 4254 1722 4325 μήποτε
1749 4256 1798 4308 οἱ

222 4338 461 4392 ἄτακτοι
475 4339 727 4406 λαϐόντες
743 4342 840 4414 τὴν
855 4342 1179 4417 Ἐπιστολὴν
1204 4344 1511 4417 κρύψωσιν,
1530 4344 1805 4418 ὲνορκίζει.

224 4428 433 4491 αὐτοὺς
463 4429 876 4502 ἀναγνωσθῆναι
897 4433 996 4505 τὴν
1036 4433 1377 4505 Ἐπιστολήν.

304 4515 464 4583 Πρὸς
498 4519 963 4588 Θεσσαλονικεῐζ·
989 4528 1052 4591 α’,
1086 4521 1312 4593 ἐτράφη
1351 4522 1471 4579 ἀπὸ
1511 4521 1797 4590 Ἀθηνῶν.

226 4610 277 4663 Σ
280 4608 337 4661 τί
336 4625 466 4679 χων
490 4614 633 4681 ρίιγ’.

1895 3349 2011 3404 nat,
2043 3339 2097 3393 in
2129 3338 2263 3408 ipsis
2314 3351 2535 3391 manere
2563 3337 2831 3407 integrum
2857 3344 3136 3407 precatur,
3167 3350 3235 3391 ne
3278 3333 3388 3389 ulla
3410 3333 3471 3388 in

1896 3445 1956 3485 re
1978 3428 2260 3499 priventur
2304 3427 2545 3483 etlicacia
2608 3427 2854 3497 Spiritus
2913 3427 3112 3480 sancti.

1968 3519 2103 3587 cQui
2126 3519 2341 3574 vocavit
2369 3535 2498 3585 vos;
2521 3518 2612 3590 qui
2635 3518 2797 3574 etiam
2822 3518 3000 3572 faciet.
3022 3514 3213 3588 [νεεδ.
3239 3514 3469 3588 25,26.]

1894 3609 2139 3672 Fratres.
2169 3619 2325 3667 orate
2358 3625 2461 3681 pro
2483 3610 2647 3666 nobis
2670 3652 2684 3664 .
2735 3609 2981 3664 Salutate
3036 3607 3234 3663 fratres
3279 3623 3470 3661 omnes

1896 3704 1952 3758 in
1976 3704 2166 3759 osculo
2193 3709 2389 3759 sancto
2409 3744 2423 3758 .
2466 3720 2489 3754 ι

1964 3793 2126 3851 Iesus
2153 3794 2246 3866 qui
2272 3796 2486 3851 vocavit
2522 3808 2642 3858 vos,
2688 3792 2884 3864 inquit,
2922 3792 3085 3847 faciet
3146 3798 3205 3845 ut
3248 3790 3469 3860 perfecti

1896 3894 2061 3958 atque
2082 3886 2280 3956 integri
2302 3886 2424 3942 sitis
2449 3893 2505 3941 et
2555 3883 3094 3955 irreprehensibiles.

1966 3976 2137 4034 Vens.
2163 3977 2253 4042 27,
2277 3977 2368 4032 28.
2408 3996 2427 4029 σ
2471 3976 2682 4046 Adjuro
2711 3991 2810 4030 vos
2837 3990 2933 4046 per
2972 3973 3285 4037 Dominum,
3312 3978 3373 4025 ut
3397 3969 3472 4024 le-

1895 4075 2056 4139 gatur
2079 4068 2310 4139 epistola
2340 4067 2455 4121 haec
2475 4065 2732 4121 omnibus
2756 4064 2963 4121 sanctis
2991 4062 3274 4118 fratribus.
3331 4059 3469 4113 Gra-

1897 4160 1971 4214 tia
2007 4159 2217 4214 Domini
2249 4159 2421 4213 nostri
2456 4155 2585 4212 Jesu
2617 4155 2823 4212 Christi
2865 4156 3168 4211 vobiscum.
3198 4153 3394 4206 Amen.
3434 4169 3473 4202 ι.

1968 4252 2238 4320 Quoniam
2279 4250 2528 4322 Epistola
2562 4250 2680 4305 hinc
2710 4250 3167 4321 reprehensiones
3204 4244 3469 4306 continet,

1899 4360 1969 4403 ne
1996 4346 2135 4401 forte
2154 4348 2247 4416 qui
2273 4345 2454 4416 pravis
2479 4344 2725 4400 moribus
2744 4351 2924 4405 erant,
2963 4342 3105 4396 hanc
3137 4338 3477 4408 accipientes

1899 4434 2323 4500 absconderant,
2354 4434 2573 4504 adjurat
2604 4433 2724 4487 illos
2749 4441 2806 4485 ut
2834 4432 3009 4501 ipsam
3042 4432 3243 4499 legant.

1973 4521 2216 4591 Epistula
2249 4520 2318 4575 ad
2372 4519 2867 4575 Thessalonicenses
2922 4519 3097 4584 prima
3144 4515 3342 4572 scriota
3392 4520 3485 4567 est.

2352 4611 2586 4666 Athenis.
2616 4608 2860 4663 Versibus
2894 4609 3013 4664 195.

244 4806 3457 4844 W

641 4973 813 5060 ΕΙΣ
898 4974 1540 5062 ΕΠΙΣΤΟΛΗΝ

1638 4976 1713 5059 B'
1769 4974 2059 5059 ΠΡΟΣ
2128 4972 3035 5062 ΘΕΣΣΑΛΟΝΙΚΕΙΣ.

1811 5174 1882 5208 ""1

555 5328 682 5418 IN
762 5324 1436 5419 EPISTOLAM
1522 5324 1609 5412 II
1700 5323 1849 5412 AD
1928 5316 3170 5413 THESSALONICENSES..

656 5629 1045 5686 ΚΕΦΔΛΔΙΟΝ
1080 5632 1369 5686 ΠΡΩΤΟΝ.

307 5740 329 5774 ο
366 5721 600 5787 Παῦλος,
631 5722 725 5777 καὶ
764 5723 1069 5788 Σιλουανὸς,
1111 5724 1204 5777 καὶ
1246 5724 1506 5793 Τιμόθεος
1566 5727 1634 5795 τῇ
1677 5726 1800 5779 Ἐκ-

235 5814 439 5886 κλησίᾳ
464 5812 918 5880 Θεσσαλονικέων,
952 5816 1009 5868 ἐν
1038 5814 1155 5886 θεῷ
1189 5816 1360 5881 ﬂat-:91
1379 5817 1534 5884 ἡμῶν
1562 5818 1656 5870 καὶ
1698 5817 1800 5870 Κυ-

2414 5624 2640 5682 CAPU'I‘
2669 5623 2959 5681 PRIMUM.

1982 5718 2143 5776 Vens.
2165 5720 2274 5775 1-5.
2296 5717 2617 5781 «ίέιιιιιε,ει
2645 5714 2921 5779 Silvanus,
2944 5711 3351 5773 et‘l‘imotheus,
3370 5710 3470 5763 Ec-

1909 5812 2089 5870 clesia:
2115 5806 2806 5872 Tltessalonicensium,.in
2845 5805 2953 5861 Deo
2980 5803 3137 5861 Patre
3166 5810 3388 5866 nostro,
3412 5808 3471 5855 et
