3844 6442
533 400 636 462 919
1713 408 1773 466 S.
1817 408 2134 469 JOANNIS
2163 410 2588 471 DAMASCENI
3655 416 3753 487 933

536 512 1185 587 DominoJequltristo.
1227 514 1449 572 Gratias
1483 533 1644 588 agere
1675 519 1937 577 debemus
1993 521 2088 578 Dec

2206 522 2306 593 ρίῳ
2344 523 2513 591 Ἰησοῦ
2544 524 2766 595 Χριστῷ
2799 541 2813 556 ο
2850 524 3194 595 εὐχαριστεῖν
3214 526 3501 597 ὀφείλομεν
3534 527 3610 596 τῷ
3649 530 3753 597 Θεῷ

533 623 753 673 semper
787 622 887 678 pro
921 608 1100 674 vobis,
1136 607 1359 673 fratres,
1384 611 1534 663 itaut
1560 612 1789 678 dignum
1827 622 1932 676 est,
1967 630 2088 683 quo-

2208 615 2439 669 πάντοτε
2459 617 2587 685 περὶ
2618 616 2791 686 ὑμῶν,
2833 616 3070 685 ἀδελφοὶ,
3096 616 3280 681 καθὼς
3310 618 3458 684 ἄξιόν
3488 620 3647 682 ἐστιν,
3683 622 3756 672 ἇτι

533 698 682 752 niam
737 698 1155 769 superabundat
1186 699 1319 756 ﬁdes
1356 710 1561 766 vestra,
1595 711 1651 757 et
1687 703 1933 757 abundat
1967 706 2088 759 cha-

2208 707 2577 778 ὑπεραυξάνει
2605 710 2637 780 ἡ
2664 708 2847 773 πίστις
2877 709 3052 780 ὑμῶν,
3076 711 3171 764 καὶ
3209 710 3495 776 πλεονάζει
3525 714 3555 782 ἡ
3578 714 3755 783 ἀγάπη

532 789 669 844 ritas
720 790 1155 861 uniuscujusque
1184 800 1425 846 vestrum
1462 792 1516 847 in
1546 793 1780 849 invicem
1808 811 1825 859 ;
1854 794 1930 848 ita
1957 804 2018 850 ut
2042 804 2088 850 et

2206 797 2325 862 ἐνὸς
2356 794 2585 854 ἑκάστου
2607 802 2826 855 πάντων
2858 802 3012 871 ὑμῶν
3037 804 3118 865 είς
3147 802 3432 873 ἀλλήλους,
3464 802 3598 856 ὥστε
3623 806 3757 875 ἡμᾶς

533 895 634 934 nos
666 879 765 950 ipsi
794 882 848 935 in
875 880 1033 936 vobis
1067 882 1368 950 gloriemur
1433 882 1489 936 in
1544 881 1804 940 Ecclesiis
1857 883 1951 938 Dei
2007 899 2088 955 prt

2204 890 2400 955 αὐτοὺς
2437 893 2496 945 ἐν
2516 893 2643 963 ὑμῖν
2690 894 3000 963 καυχᾶσθαι
3062 897 3120 947 ὲν
3146 898 3267 960 ταῖς
3307 896 3621 966 ἐκκλησίαις
3670 898 3755 950 τοῦ

534 971 793 1040 patientia
821 978 1004 1026 vestra
1029 982 1081 1025 et
1106 971 1231 1034 ﬁde,
1258 971 1313 1025 in
1336 973 1593 1027 omnibus
1622 974 2088 1042 persecutionibut

2204 983 2359 1048 Θεοῦ,
2408 984 2548 1054 ὑπὲρ
2603 984 2705 1054 τῆς
2744 986 3022 1057 ὑπομονῆς
3062 986 3215 1057 ὑμῶν
3254 988 3351 1041 καὶ
3393 989 3659 1055 πίστεως,
3706 994 3756 1044 ἐν

530 1059 754 1121 vestris,
775 1068 828 1113 et
853 1059 1321 1124 tribulationibus,
1347 1077 1484 1131 quas
1507 1063 1815 1126 sustinetis,
1841 1064 1897 1117 in
1920 1079 2088 1119 exem-

2205 1076 2339 1128 πᾶσι
2364 1078 2477 1137 τοῖς
2506 1075 2764 1145 διωγμοῖς
2794 1075 2947 1145 ὑμῶν
2998 1077 3093 1130 καὶ
3106 1078 3226 1139 ταῖς
3257 1076 3501 1148 θλίψεσιν
3526 1074 3612 1143 αἷς
3675 1081 3755 1133 ἀν-

532 1151 836 1221 plumjusti
866 1151 1063 1222 judicii
1098 1151 1210 1217 Dei,
1243 1162 1302 1206 ut
1330 1152 1480 1223 digni
1528 1153 1839 1209 habeamini
1860 1154 1918 1209 in
1938 1170 2088 1226 regnc

2204 1164 2412 1233 ἐχεσθε,
2444 1165 2698 1237 ἔνδειγμα
2746 1168 2979 1238 κρίσεως
3008 1168 3102 1221 τοῦ
3130 1169 3286 1231 Θεοῦ,
3308 1171 3390 1233 είς
3421 1170 3484 1223 τὸ
3506 1170 3751 1235 καταξιω-

532 1240 649 1307 Dei,
682 1257 782 1311 pro
812 1256 922 1313 quo
956 1251 1012 1297 et
1046 1244 1317 1313 patimini.
1353 1263 1377 1296 ι

2204 1254 2362 1325 θῆναι
2396 1256 2540 1327 ὑμᾶς
2568 1258 2669 1328 τῆς
2715 1258 2993 1329 βασιλείας
3023 1261 3115 1313 τοῦ
3152 1260 3311 1327 θεοῦ,
3364 1261 3506 1332 ὑπὲρ
3555 1257 3624 1333 ἧς
3672 1266 3748 1315 καὶ

2202 1345 2458 1415 πάσχετε.
2488 1365 2506 1397 ι

2271 1438 2379 1490 Καὶ
2410 1436 2669 1509 δευτέρας
2689 1437 2767 1509 τῷ
2801 1438 3111 1509 Ἀποστόλῳ
3158 1441 3297 1510 πρὸς
3340 1440 3747 1503 Θεσσαλονικέας

2201 1526 2417 1598 ἐδέησεν
2443 1527 2782 1599 Ἐπιστολῆς,
2810 1529 2911 1600 οὑχ
2936 1529 3023 1582 ἵνα
3050 1547 3103 1582 τι
3126 1530 3434 1602 παραινέσῃ
3452 1531 3569 1583 τῶν
3594 1549 3748 1584 aum-

2201 1616 2451 1682 λούντων,
2471 1618 2505 1688 ἢ
2529 1619 2666 1690 πρὸς
2693 1619 2875 1673 πίστιν
2897 1622 2916 1689 (
2931 1619 3329 1691 ’Υπεραυξάνει
3362 1621 3496 1691 γὰρ,
3523 1622 3694 1691 φησιν,
3719 1626 3745 1691 ἡ

598 1438 791 1508 Opera:
824 1440 1062 1508 pretium
1112 1440 1297 1496 fuitut
1326 1442 1558 1497 alteram
1614 1458 1837 1514 quoque
1888 1443 2102 1514 Episto-

529 1528 635 1582 lam
667 1530 967 1599 Apostolus
999 1533 1067 1586 ad
1099 1532 1633 1591 Thessalonicenses
1667 1535 1971 1603 scriberet;
1993 1552 2100 1592 non

528 1626 590 1671 ut
622 1620 831 1690 aliquid
849 1622 1105 1679 suaderet
1123 1638 1310 1679 eorum
1335 1639 1458 1694 quae.
1479 1626 1617 1695 ipsis
1633 1625 1999 1681 conducibilia
2019 1626 2102 1681 fo-

527 1719 671 1774 rent,
698 1712 814 1768 sive
836 1713 901 1768 ad
941 1712 1099 1769 ﬁdem
1129 1715 1275 1785 (nam
1303 1730 1717 1785 supercrescere
1740 1731 1928 1771 eorum
1940 1716 2088 1786 222

2204 1707 2382 1771 πίστις
2438 1708 2635 1778 ὑμῶν)’
2687 1708 2719 1780 ἢ
2771 1708 2911 1779 πρὸς
2963 1712 3055 1762 τὸν
3090 1712 3344 1782 ἐνάρετον
3379 1710 3531 1780 βίου’
3557 1712 3677 1764 ὅπου
3696 1730 3744 1779 γε

528 1802 688 1858 ﬁdem
719 1804 917 1874 dicit),
966 1805 1083 1860 sive
1104 1804 1174 1859 ad
1231 1806 1494 1860 virtutum
1542 1806 1806 1862 studium.
1876 1806 2088 1862 Dixerat

2204 1800 2296 1853 καὶ
2323 1800 2381 1852 ἐν
2436 1803 2501 1870 τῇ
2543 1802 2786 1872 προτέρᾳ
2825 1802 3136 1874 Ἐπιστολῇ,
3167 1804 3227 1856 οὐ
3260 1804 3454 1874 χρείαν
3502 1804 3644 1874 ἔχειν
3666 1807 3744 1857 αὖ·

527 1896 675 1952 enim
710 1896 766 1949 in
801 1894 1042 1965 Epistola
1068 1896 1273 1967 priore,
1309 1913 1653 1969 nequaquam
1689 1914 1787 1955 eos
1819 1912 1959 1968 epus
1995 1898 2088 1954 ha-

2204 1894 2320 1956 ιοὺς
2346 1863 2564 1965 διδαχῆς
2588 1863 2731 1964 ἐφη,-
2752 1863 2913 1958 ὑντας
2940 1863 3332 1958 θεοδιῦάκτούς.
3365 1896 3466 1959 Τίς
3498 1863 3600 1951 οῦν
3629 1899 3656 1967 ἡ
3680 1899 3745 1951 αξ-

528 1986 659 2041 bere
688 1985 1010 2054 disciplina,
1048 2002 1175 2043 cum
1204 1987 1383 2044 edocti
1410 2003 1441 2043 a
1473 1990 1582 2044 Deo
1610 1995 1817 2045 essent.
1843 1988 2088 2054 Quanam

2204 1982 2283 2036 τία
2311 1982 2411 2052 τῆς
2434 1983 2786 2055 Ἐπιστολῆς;
2820 1986 2908 2038 ἵνα
2941 1986 3018 2056 μὴ
3057 1986 3392 2058 θορυὸὦνται
3454 1989 3743 2053 ἀκούοντες,

528 2095 661 2151 ergo
691 2080 760 2135 de
802 2095 973 2136 causa
1024 2081 1322 2151 Epistolam
1345 2083 1486 2137 hanc
1522 2083 1791 2153 scripsit?
1841 2084 2004 2153 plane
2027 2098 2088 2137 ne

2204 2073 2269 2138 ub;
2299 2075 2490 2145 ἐνέστη
2519 2076 2552 2145 ἡ
2576 2075 2756 2146 ἡμέρα
2776 2077 2874 2145 τῆς
2902 2077 3160 2148 δευτέρας
3185 2078 3278 2131 τοῦ
3312 2080 3529 2151 Κυρίου
3561 2098 3742 2151 παρου-

528 2173 905 2237 turbarentur,
958 2173 1233 2230 audiendo
1263 2175 1491 2231 secundi
1539 2177 1812 2231 adventus
1878 2175 2088 2229 Domini

2204 2167 2336 2231 σίας.
2384 2167 2554 2221 Τοῦτο
2609 2170 2716 2241 γάρ
2763 2188 2908 2233 τινες
2964 2171 3073 2225 τῶν
3114 2172 3617 2241 ψευδοδιδασκάλων
3635 2177 3743 2245 ἐκή-

526 2265 670 2320 diem
700 2266 925 2322 instare.
957 2266 1089 2321 Nam
1130 2266 1257 2323 falsi
1288 2268 1506 2338 quidam
1529 2267 1786 2324 doctores
1817 2266 1920 2322 hoc
1956 2280 2088 2337 prae-

2204 2279 2406 2332 ρυττον.
2429 2261 2521 2314 Διὸ
2549 2262 2638 2314 καὶ
2657 2262 2968 2330 ἀναγκαίως
3000 2265 3219 2332 γέγονεν
3248 2265 3399 2336 αὐτῷ
3455 2266 3528 2320 τὰ
3571 2270 3743 2338 σημεῖα

525 2358 811 2415 dicabant.
847 2359 1123 2426 Quocirca
1158 2374 1387 2416 necesse
1420 2360 1525 2416 fuit
1548 2369 1607 2415 ut
1638 2368 1893 2430 portenta
1927 2375 2093 2415 enar-

522 2458 697 2516 raret,
727 2466 849 2522 quae
882 2452 1026 2508 diem
1057 2454 1204 2508 illam
1231 2462 1568 2523 prazcessura
1593 2460 1724 2508 sunt
1750 2472 1762 2507 :
1805 2460 1936 2522 puta
1969 2466 2091 2520 quae

528 2541 599 2596 ad
630 2542 990 2600 defectionem
1033 2553 1087 2601 et
1124 2546 1284 2600 ﬁnem
1310 2545 1522 2616 imperii
1558 2545 1790 2600 Romani
1818 2554 2085 2614 spectant,

526 2638 582 2684 et
611 2647 733 2702 quae
763 2634 829 2688 ad
863 2634 1279 2691 Antichristum.
1311 2635 1435 2691 Hae
1464 2636 1610 2690 enim
1647 2637 1704 2690 in
1737 2644 2087 2691 antecessum

520 2731 772 2793 oportere
797 2723 912 2780 ﬁeri
943 2726 1044 2791 ait,
1070 2735 1294 2797 tumque
1322 2727 1463 2783 diem
1496 2728 1643 2783 illam
1667 2726 1947 2782 advenire.

592 2813 727 2872 Vide
752 2828 985 2887 quantos
1022 2835 1341 2890 progressus
1386 2819 1910 2877 Thessalonicenses
1944 2817 2088 2873 fece-

520 2907 652 2973 rint,
683 2917 739 2962 ut
782 2918 837 2965 et
887 2913 1186 2979 gratiarum
1241 2913 1488 2968 actiones
1536 2927 1636 2983 pro
1692 2912 1805 2967 illis
1861 2910 2087 2966 referret

519 3001 848 3069 Apostolus:
866 3018 973 3057 non
990 3004 1165 3059 solum
1180 3007 1308 3074 quia
1320 3004 1693 3068 crediderant,
1716 3017 1900 3058 verum
1921 3001 2084 3055 etiam

518 3092 646 3158 quia
666 3103 1077 3161 supercreverat
1099 3097 1231 3150 ﬁdes
1245 3098 1484 3166 ipsorum
1506 3110 1710 3167 meque
1722 3109 1942 3149 rursum
1958 3092 2087 3164 quia

2189 2352 2491 2422 διηγεῖσθαι
2514 2353 2582 2407 τά
2607 2353 2711 2423 πρὸ
2734 2355 2834 2424 τῆς
2862 2355 3073 2425 ἡμέρας
3109 2357 3323 2427 ἐκείνης
3342 2374 3357 2387 θ
3404 2351 3522 2411 οἷον
3551 2361 3618 2413 τὰ
3640 2358 3739 2428 περὶ

2190 2443 2288 2513 τῆς
2318 2444 2671 2509 ἀποστασίας,
2706 2450 2799 2499 καὶ
2825 2447 2951 2517 περὶ
2984 2448 3078 2502 τοῦ
3112 2449 3300 2513 τέλους
3350 2454 3455 2521 τῆς
3488 2451 3738 2522 βασιλείας

2199 2536 2504 2607 Ῥωμαίων,
2565 2540 2657 2592 καὶ
2698 2539 2766 2592 τά
2818 2542 2947 2613 περὶ
2991 2542 3154 2595 αὑτοῦ
3204 2542 3298 2597 τοῦ
3366 2544 3735 2615 Ἀντιχρίστου.

2191 2626 2372 2682 Ταῦτα
2418 2630 2527 2700 γὰρ
2577 2632 2767 2701 πρῶτα
2797 2631 2878 2684 δεῖ
2908 2633 3161 2701 γενέσθαι
3188 2674 3204 2698 ,
3234 2634 3428 2705 φησὶν,
3452 2630 3572 2687 εἶτα
3594 2634 3739 2695 οὕτως

2188 2721 2403 2792 ἐκείνην
2436 2722 2629 2777 ἐλθεῖν.

2256 2813 2398 2885 Ὅροι
2422 2816 2560 2885 πόση
2588 2814 2695 2868 τῶν
2720 2815 3156 2870 Θεσσαλονικέων
3184 2819 3217 2889 ἡ
3254 2817 3534 2890 προκοπὴ,
3568 2819 3644 2882 ὡς
3665 2818 3736 2870 καὶ

2187 2908 2512 2977 χαριστήρια
2543 2909 2679 2979 ὑπὲρ
2714 2910 2891 2962 αὑτῶν
2926 2909 3269 2980 ἀναπέμπειν
3291 2911 3385 2964 τὸν
3414 2912 3733 2971 Ἀπόστολον,

2186 2998 2283 3068 οὑχ
2310 2997 2392 3051 ὅτι
2421 2998 2607 3062 ἁπλῶς
2628 3000 2997 3067 πιστεύουσιν,
3034 3002 3147 3054 ἀλλ’
3187 3003 3269 3055 ὅτι
3319 3002 3681 3073 ὑπεραυξάνει
3708 3004 3735 3071 ἠ

2187 3091 2372 3154 πίστις
2395 3091 2592 3157 αὑτῶν,
2625 3094 2720 3147 καὶ
2778 3094 2859 3147 ὅτι
2913 3096 3011 3165 οὑχ
3048 3094 3236 3158 ἁπλῶς
3287 3096 3600 3163 ἀγαπῶσιν,
3626 3092 3733 3146 ἀλλὰ

521 3180 844 3249 simpliciter
868 3185 1144 3247 amabant,
1173 3187 1265 3241 sed
1290 3196 1345 3241 et
1369 3187 1494 3257 quia
1523 3188 1624 3242 hac
1652 3187 1706 3240 in
1731 3195 1885 3256 parte
1910 3184 2083 3239 abun-

2204 3182 2283 3235 καὶ
2306 3181 2688 3247 πλεονάζουσιν
2719 3186 2775 3238 ἐν
2807 3185 2884 3255 τῷ
2906 3186 3212 3258 πράγματι.
3243 3186 3418 3240 Τοῦτο
3456 3186 3538 3249 δὲ,
3576 3186 3734 3255 φησὶν,

522 3269 750 3325 dabant.
797 3270 925 3327 Haec
953 3273 1210 3344 gloriatio
1260 3285 1450 3331 n05tra
1494 3282 1599 3337 est.
1660 3274 1857 3344 inquit,
1906 3282 2090 3329 vestra

524 3361 808 3430 patientia,
843 3364 999 3433 ﬁdes,
1040 3365 1452 3429 insectationes,
1501 3366 1838 3422 vexationes.
1892 3364 2091 3420 lsthzec

523 3453 705 3509 omnia
738 3454 1007 3523 toleratis,
1039 3459 1275 3513 scientes
1302 3474 1401 3515 vos
1434 3458 1595 3513 ﬁnem
1624 3457 1817 3512 horum
1846 3468 2093 3527 reporta-

524 3552 695 3610 turos,
721 3547 928 3603 scilicet
956 3564 1179 3620 regnum
1214 3552 1499 3606 caelorum.

593 3636 759 3696 Vens.
786 3639 905 3697 6-9.
950 3640 1053 3697 «Si
1104 3650 1287 3698 tamen
1333 3643 1545 3713 justum
1603 3651 1688 3698 est
1737 3641 1878 3710 apud
1920 3639 2089 3695 Deum

525 3730 826 3787 retribuere
848 3732 1255 3788 tribulationem
1290 3735 1358 3789 iis
1386 3734 1477 3803 qui
1505 3748 1601 3788 vos
1632 3732 1910 3787 tribulant.
1943 3748 1963 3781 ι

595 3820 740 3876 Idem
768 3832 850 3879 est
882 3839 945 3879 ac
975 3824 1022 3879 si
1052 3825 1276 3888 diceret,
1300 3824 1737 3895 quandoquidem
1758 3824 1966 3893 justum
1985 3828 2087 3876 est.

527 3910 768 3969 Observa
816 3924 999 3971 autem
1048 3917 1325 3987 quomodo
1377 3931 1476 3973 eos
1534 3917 1851 3972 consolatus
1899 3921 2005 3975 est,
2034 3919 2089 3966 et

526 4005 887 4060 levamentum
918 4006 1167 4077 praebuit,
1201 4007 1506 4077 subjiciens
1538 4007 1647 4062 illis
1689 4006 1949 4061 ultionem
1979 4023 1992 4059 :
2030 4002 2086 4057 id

528 4097 674 4168 quod
707 4098 966 4154 nimirum
1012 4100 1335 4170 quiinjuria
1386 4109 1679 4165 vexantur,
1732 4108 1785 4155 et
1821 4098 2089 4153 lubentis-

525 4192 662 4242 sime
686 4187 933 4253 audiuot,
970 4197 1023 4244 et
1045 4190 1232 4245 videre
1258 4191 1518 4260 gestiunt.

600 4297 620 4330 ι
653 4276 913 4348 Requiem
944 4281 1230 4335 nobiscum
1263 4281 1321 4335 in
1357 4282 1688 4336 revelatione
1716 4279 1930 4335 Domini
1956 4279 2086 4336 Jesu

525 4367 593 4424 de
620 4370 760 4425 cmlo
788 4386 914 4426 cum
954 4372 1162 4442 angelis
1207 4372 1431 4432 virtutis
1468 4370 1586 4441 ejus
1620 4372 1672 4425 in
1708 4372 1921 4425 ﬂamma
1945 4372 2089 4442 ignis

526 4462 707 4517 dantis
740 4463 1034 4519 vindictam
1075 4465 1144 4519 iis
1172 4464 1265 4535 qui
1288 4480 1395 4519 non
1421 4475 1685 4520 noverunt
1709 4464 1900 4530 Deum,
1923 4468 2086 4536 etqui

2191 3272 2451 3343 καύχημα
2475 3274 2825 3347 ἡμέτερον,ή
2864 3277 3109 3347 ὑπομονὴ
3150 3275 3328 3346 ὑμῶν,
3369 3277 3403 3346 ἡ
3448 3276 3646 3339 πίστις,
3696 3275 3733 3324 οἱ

2188 3365 2439 3437 διωγμοὶ,
2471 3368 2527 3420 αί
2561 3366 2786 3436 θλίψεις.
2827 3368 3043 3421 Τούτων
3077 3367 3135 3421 δὲ
3198 3366 3420 3421 πάντων
3480 3365 3730 3435 ἀνέχεσθε,

2190 3458 2374 3527 φησιν,
2402 3457 2605 3522 εἰδότες
2625 3459 2699 3522 ὡς
2720 3459 2782 3513 τὸ
2806 3459 2960 3522 τέλος
3004 3458 3185 3514 αὐτῶν
3240 3457 3549 3530 κομιεῖσθε,
3611 3457 3734 3527 βασι-

2188 3549 2336 3602 λείαν
2359 3550 2623 3623 οὐρανῶν.

2263 3661 2281 3693 ι
2312 3644 2483 3716 Εἴπερ
2515 3644 2718 3698 δίκαιον
2744 3642 2893 3714 παρά
2934 3641 3051 3713 Θεῷ
3071 3640 3468 3695 ἀνταποδοῦναι
3513 3646 3621 3707 τοῖς
3643 3640 3729 3695 θλίο

2188 3734 2371 3787 ϐουσιν
2397 3735 2541 3803 ὑμᾶς
2571 3734 2769 3804 θλίψιν,
2796 3734 2887 3787 καὶ
2917 3734 3047 3803 ὑμῖν
3086 3735 3199 3796 τοῖς
3228 3732 3596 3802 θλιϐομένοις.
3626 3753 3642 3785 ι

2259 3825 2405 3877 Ἀντὶ
2432 3824 2546 3888 τοῦ,
2578 3825 2809 3895 ἐπείπερ
2838 3824 3067 3876 δίκαιον.
3104 3822 3214 3876 Καὶ
3235 3822 3336 3891 ὅρα
3362 3823 3485 3885 πῶς
3508 3839 3729 3893 παρεμυ-

2188 3917 2409 3987 θήσατο,
2436 3920 2529 3972 καὶ
2562 3917 2910 3986 ἐπεκούφισε,
2944 3916 3042 3986 τὴν
3077 3915 3359 3987 ἐκδίκησιν
3390 3915 3580 3979 αὐτοῖς
3619 3916 3726 3967 ὑπο-

2188 4011 2411 4081 θέμενος
2438 4026 2452 4041 “
2481 4012 2614 4082 ὅπερ
2668 4010 2899 4080 μάλιστα
2949 4009 2999 4061 οἱ
3035 4008 3230 4071 ἀδίκως
3276 4007 3603 4078 πάσχοντες,
3655 4007 3727 4059 καὶ

2187 4104 2470 4157 ἀκούουσιν
2501 4102 2689 4174 ἡδέως,
2726 4101 2819 4153 καὶ
2847 4100 2973 4153 ίδεῖν
3002 4096 3273 4168 εὔχονται.

2264 4298 2283 4331 σ
2324 4280 2539 4333 Ἀνεσιν
2566 4275 2683 4348 μεθ’
2710 4276 2865 4347 ήμῶν
2902 4276 2959 4329 ἐν
3012 4278 3077 4347 τῇ
3123 4272 3468 4343 ἀποκαλύψει
3517 4273 3605 4327 τοῦ
3637 4274 3723 4325 Ka-

2189 4371 2304 4442 ρίου
2335 4368 2509 4437 Ἰησοῦ
2532 4368 2626 4421 ἀπ’
2654 4368 2712 4420 οὑ
2723 4366 2884 4438 ρανοῦ
2916 4368 3034 4437 μετ’
3065 4364 3313 4434 ἀγγέλων
3338 4364 3621 4435 δυνάμεως
3645 4364 3722 4416 αῦο

2186 4461 2302 4530 τοῦ,
2334 4463 2391 4515 ἐν
2414 4462 2546 4532 πυρὶ
2568 4460 2765 4529 φλογὸς
2795 4458 3026 4522 διδόντος
3057 4458 3337 4528 ἐκδίκησιν
3388 4460 3506 4520 τοῖς
3560 4457 3626 4527 μὴ
3660 4455 3723 4506 εί-

525 4568 634 4607 non
678 4552 937 4608 obediunt
983 4554 1277 4625 Evangelia
1310 4552 1525 4607 Domini
1567 4552 1743 4609 nostri
1786 4552 1951 4620 Jesu;
1983 4556 2076 4625 qui

2204 4558 2291 4609 ςόσι
2319 4554 2467 4613 Θεὸν,
2507 4555 2600 4605 καὶ
2624 4554 2735 4615 τοῖς
2756 4552 2828 4622 μὴ
2860 4548 3281 4619 ὑπακούουσιτῷ
3310 4549 3625 4619 Εὑαγγελίῳ
3650 4544 3719 4598 τοῐ

525 4658 716 4714 pcenas
732 4643 956 4709 dabunt,
972 4643 1252 4699 interitum
1277 4653 1539 4700 aeternum
1568 4659 1596 4697 a
1622 4645 1759 4701 facie
1779 4644 2014 4711 Domini,
2036 4655 2090 4700 et

525 4753 553 4789 a
574 4736 747 4806 gloria
776 4734 998 4790 virtutis
1024 4736 1175 4803 ejus;
1207 4736 1392 4809 [Vens
1438 4736 1527 4809 10]
1564 4753 1688 4791 cum
1722 4739 1931 4792 venerit
1969 4739 2086 4807 glo-

526 4828 730 4882 riﬁcari
758 4827 813 4881 in
852 4828 1060 4883 sanctis
1091 4830 1228 4896 suis,
1258 4841 1312 4885 et
1352 4829 1693 4885 admirabilis
1725 4830 1841 4885 ﬁeri
1873 4831 1930 4885 in
1963 4847 2084 4885 om-

525 4920 686 4976 nibus
714 4919 806 4989 qui
826 4919 1196 4975 crediderunt.
1228 4940 1247 4973 ι

590 5093 672 5149 Ab
701 5095 874 5150 altero
905 5111 1127 5166 quoque
1156 5097 1338 5166 capite
1355 5111 1453 5152 eos
1495 5098 1831 5161 consolatur,
1860 5105 1918 5151 ut
1954 5114 2087 5152 con-

524 5193 700 5243 sortes
732 5187 881 5258 ipsos
930 5188 1299 5256 apostolorum
1333 5187 1520 5243 faciat.
1557 5188 1855 5257 Accipietis
1912 5189 2085 5254 enim,

526 5278 720 5347 inquit,
780 5279 1026 5347 requiem
1091 5280 1398 5333 nobiscum.
1457 5279 1851 5349 Probandoque
1899 5294 2084 5334 veram

522 5370 1023 5425 remunerationem
1065 5369 1205 5432 fore,
1246 5368 1382 5423 illud
1426 5368 1563 5437 ipsis
1604 5367 1865 5437 judiciale
1905 5370 2084 5426 tribu-

525 5461 612 5513 nal
643 5461 854 5527 statuit,
879 5462 932 5514 in
954 5476 1064 5532 quo
1086 5462 1395 5531 justissima
1425 5462 1584 5530 plane
1628 5463 1919 5518 retributio
1963 5465 2075 5532 ﬁet,

526 5552 639 5606 sive
661 5551 947 5617 malorum,
979 5554 1095 5609 sive
1127 5556 1416 5609 bonorum.

601 5640 898 5706 cQuoniam
923 5645 1187 5699 creditum
1212 5654 1294 5702 est
1315 5644 1691 5700 testimonium
1717 5656 1966 5703 nostrum
1994 5666 2086 5706 su-

526 5747 621 5803 per
658 5746 758 5786 vos
779 5733 836 5787 in
869 5733 958 5788 die
986 5734 1098 5789 illa.
1138 5756 1156 5788 ι

601 5822 833 5887 Veritas.
866 5824 1062 5898 inquit,
1098 5828 1223 5897 ista,
1246 5830 1333 5886 cui
1370 5846 1516 5886 num:
1547 5832 1923 5889 testimonium
1965 5848 2084 5903 per-

2189 4648 2392 4715 Κυρίου
2421 4645 2576 4715 ἡμῶν
2616 4640 2787 4713 Ἰησοῦ
2822 4657 2836 4673 ·
2868 4642 3063 4704 οἵτινες
3097 4640 3336 4693 τίσουσιν
3370 4639 3590 4711 ὄλεθρον
3615 4635 3720 4691 altil-

2187 4738 2432 4804 νιονζάπὺ
2468 4737 2760 4805 προσώπου
2796 4733 2891 4787 τοῦ
2918 4733 3144 4803 Κυρίου,
3170 4732 3264 4786 καὶ
3307 4733 3419 4784 ἀπὺ
3454 4734 3555 4802 τῆς
3596 4730 3719 4795 δόξης

2185 4831 2283 4901 τῆς
2335 4828 2515 4898 ἰσχύος
2562 4826 2748 4890 αὑτοῦ,
2798 4827 2923 4877 ὅταν
2977 4822 3107 4894 ἔλθῃ
3151 4821 3537 4892 ἐνδοξασθῆναι
3568 4821 3717 4877 ἐντοῖς

2184 4922 2361 4989 ἁγίοις
2387 4917 2571 4979 αὑτοῦ,
2598 4917 2692 4969 καὶ
2722 4912 3102 4985 θαυμασθῆναι
3132 4913 3191 4964 ἐν
3225 4913 3361 4965 πᾶσι
3381 4914 3498 4975 τοῖς
3540 4906 3701 4966 marsi

2184 5028 2359 5065 σασιν.
2396 5028 2414 5061 1

2255 5102 2365 5155 Καὶ
2389 5099 2448 5165 ἐξ
2482 5098 2668 5169 ἐτέρου
2729 5096 2929 5168 μέρους
2982 5092 3412 5166 παρεμυθήσατο
3443 5091 3507 5144 τὸ
3559 5106 3709 5143 κοινωο

2183 5195 2307 5256 νοὺς
2340 5192 2533 5253 αὐτοὺς
2567 5188 2760 5259 στῆσαι
2797 5188 2903 5240 τῶν
2932 5186 3265 5239 ἀποστόλων.
3330 5184 3583 5255 Λήψεσθε
3612 5181 3711 5251 γὰρ.

2186 5284 2372 5353 φησὶν,
2398 5282 2576 5335 ἄνεσιν
2608 5281 2727 5348 μεθ’
2759 5280 2915 5349 ἡμῶν
2943 5294 2958 5309 ο
2984 5278 3079 5332 καὶ
3104 5277 3276 5349 ἀληθῆ
3305 5279 3408 5346 τὴν
3459 5272 3694 5331 ἀνταπόδο

2187 5393 2268 5428 σιν
2296 5373 2736 5436 κατασκευάζων,
2769 5374 2945 5424 ἐκεῖνο
2965 5371 3160 5432 αὑτοὺς
3186 5370 3246 5422 τὸ
3277 5370 3559 5440 κριτήριον
3595 5366 3691 5427 ἵστη

2187 5485 2290 5530 σιν,
2326 5469 2382 5519 ἐν
2414 5459 2459 5533 ᾧ
2488 5465 2703 5527 πάντως
2732 5464 2918 5517 δικαία
2939 5465 2971 5533 ἡ
2995 5462 3371 5525 ἁνταπόδοσις,
3411 5463 3519 5513 εἴτε
3539 5454 3708 5513 κακῶν,

2182 5560 2291 5614 εἴτε
2325 5559 2429 5612 τῶν
2452 5557 2729 5611 ἐναντίων.
3265 5588 3272 5599 .

2259 5669 2277 5702 t
2312 5648 2736 5719 Ὃτιέπιστεύθη
2765 5647 2825 5701 τὸ
2852 5648 3149 5719 μαρτύριον
3175 5646 3333 5716 ἡμῶν
3377 5646 3464 5714 ἐφ’
3512 5643 3640 5713 ὑμᾶς
3666 5640 3701 5688 ἐι

2184 5748 2248 5815 τῇ
2273 5744 2454 5814 ἡμέρᾳ
2480 5741 2681 5814 ἐκείνῃ.
2720 5759 2738 5792 ι

2266 5835 2327 5887 Ἥ
2357 5832 2598 5903 ἀλήθεια,
2635 5834 2817 5903 φησὶν,
2868 5830 3024 5900 αῦτη,
3073 5833 3138 5900 ἣν
3196 5827 3566 5900 μαρτυροῦμεν
3612 5820 3689 5873 νῦν
