4022 6426
192 385 293 452 921

1140 354 1222 456 11v
1276 397 1511 456 EPIST.
1549 397 1651 456 AD
1688 395 2433 457 THESSALONICENSES
2460 398 2541 457 II.

3329 402 3433 463 99.2

191 510 462 580 τῇπίστει
494 509 647 580 ὑμῶν
677 511 770 565 καὶ
805 510 1072 584 ὑπομονῇ,
1124 512 1184 567 ὲν
1238 514 1419 587 ἐκείνῃ
1474 518 1540 587 τῇ
1579 515 1762 587 ἡμέρᾳ

1874 513 2141 579 bibemus;
2170 530 2267 584 per
2288 523 2523 569 vestram
2557 514 2715 570 tidem
2746 526 2801 573 ct
2831 521 3147 588 patientiam
3175 536 3430 589 compro-

192 602 640 674 πιστευθήσεται.

268 713 287 746 ι
319 696 414 759 Et;
440 696 468 748 ὃ
494 696 586 750 καὶ
616 697 1026 768 προσευχόμεθα
1047 699 1278 755 πάντοτε
1309 698 1438 772 περὶ
1468 702 1643 773 ὑμῶν,
1675 704 1763 758 ἵνα

195 785 345 856 ὑμᾶς
373 785 577 860 ἀξιώσῃ
605 789 701 856 τῆς
725 790 969 860 κλήσεως
1004 792 1033 844 ὁ
1062 790 1201 855 Θεὸς
1238 792 1410 862 ὑμῶν.
1446 812 1465 847 ι

276 878 493 951 Ἐπειδὴ
514 875 633 934 εἶπε
658 881 838 934 πίστιν
862 879 997 936 εἶναι
1020 885 1118 954 τὴν
1149 884 1278 954 περὶ
1320 886 1499 940 αὐτῶν
1553 904 1763 957 μαρτυ-

198 973 347 1043 ρίαν,
381 975 475 1026 καὶ
502 972 677 1029 ταῦτα
707 970 873 1029 οὖσαν
920 979 1049 1050 περὶ
1102 978 1352 1047 μεγάλων
1375 997 1389 1010 ο
1434 981 1534 1034 Ἕν
1566 982 1764 1035 πίστει

196 1067 329 1137 γὰρ,
361 1066 544 1137 φησὶν,
570 1068 669 1122 καὶ
696 1069 992 1139 ὑπομονῇ,
1020 1073 1117 1125 καί
1147 1071 1417 1144 διωγμοῖς
1441 1091 1454 1102 ·
1481 1074 1568 1127 ἵνα
1594 1073 1666 1145 μὴ
1699 1075 1763 1127 ὲκ

195 1158 392 1212 τούτου
426 1159 786 1226 ὑπτιωθέντες
817 1162 1158 1218 ἀπολέσωσιν
1181 1165 1215 1219 ἀ
1246 1168 1590 1237 εἰργάσαντο,
1641 1166 1763 1219 τού-

193 1265 292 1301 του
339 1249 496 1320 χάριν
553 1253 737 1320 φησὶν,
793 1253 873 1306 ὅτι
939 1254 1344 1322 Ἁδιαλείπτως
1389 1257 1519 1327 περὶ
1574 1256 1763 1309 τούτου

196 1343 671 1413 προσευχόμεθα,
706 1346 1032 1413 ἐναγωνίους
1069 1348 1266 1411 αὐτοὺς
1296 1350 1486 1402 ποιῶν.
1522 1352 1764 1420 Προσευ-

194 1435 407 1505 χόμεθα
435 1435 562 1508 γάρ,
595 1438 780 1506 φησὶν,
826 1438 913 1491 ἵνα
954 1438 1136 1504 ἀξίους
1177 1441 1318 1509 ὑμᾶς
1375 1442 1475 1513 τῆς
1522 1440 1767 1513 κλήσεως

196 1528 425 1598 ποιήσῃ.
451 1526 621 1580 Τοῦτο
640 1528 695 1581 δέ
718 1546 902 1599 φησιν,
936 1531 1033 1600 οὐχ
1055 1530 1129 1593 ὡς
1148 1531 1390 1602 ἀναιρῶν
1413 1532 1475 1584 τὸ
1501 1531 1560 1596 ἐξ
1586 1530 1763 1603 ἡμῶν,

193 1619 317 1675 ἀλλ’
338 1621 423 1673 ίνα
450 1620 524 1693 μὴ
556 1620 697 1692 μέγα
721 1622 1005 1694 φρονῶμεν
1026 1624 1111 1692 ἐφ’
1142 1625 1373 1688 ἑαυτοῖς,
1405 1624 1546 1679 ἀλλά
1564 1626 1657 1678 καὶ
1686 1625 1767 1689 είς

195 1710 340 1764 αὖτά
397 1713 569 1766 ταῦτα
614 1712 651 1767 ἀ
692 1714 1037 1784 ἐργαζόμεθα
1085 1715 1149 1768 ἐκ
1189 1714 1534 1787 συγγνώμης,
1570 1714 1768 1786 συλλή-

196 1819 377 1874 πτορα
407 1802 659 1874 καλῶμεν
681 1804 834 1869 Θεὸν,
856 1805 932 1869 ὡς
955 1807 1003 1858 εί
1036 1806 1400 1879 θαρσήσωμεν
1428 1809 1512 1877 ἐφ’
1530 1808 1763 1874 ἑαυτοῖς,

196 1894 349 1958 ἄπας
373 1894 526 1965 ἡμῶν
555 1894 715 1961 εὐθὺς
739 1896 975 1970 ἀναλυθῇ
1006 1897 1185 1963 πόνος.

276 2006 298 2039 ι
337 1987 447 2042 Καὶ
472 1987 738 2061 πληρώσῃ
774 1990 952 2043 πᾶσαν
986 1989 1234 2046 εὐδοκίαν
1267 1990 1627 2062 ἀγαθοσύνης.
1663 2010 1683 2043 ι

268 2162 554 2217 Δείκνυσιν
596 2162 749 2218 οῦπω
802 2165 1188 2231 τελειωθέντας
1237 2167 1456 2232 αὐτούς.
1489 2169 1622 2222 Τότε
1655 2168 1767 2241 γάρ

200 2257 367 2327 μόνον
399 2258 432 2327 ἡ
468 2256 768 2320 τελείωσις,
800 2258 929 2310 ὅταν
956 2260 983 2312 ὀ
1007 2259 1196 2330 καιρὸς
1218 2258 1466 2331 παρέλθῃ
1496 2259 1587 2313 τοῦ
1614 2258 1763 2328 ἀγῶαι

195 2365 293 2412 νος
314 2366 327 2379 ’
361 2349 421 2401 ὲν
463 2349 575 2419 δσφ
599 2349 657 2403 δέ
683 2367 766 2413 τις
794 2350 1141 2418 ἀγωνίζεται,
1172 2351 1444 2420 φοϐείσθω
1478 2353 1551 2424 μὴ
1582 2353 1726 2425 πέσῃ
1748 2370 1763 2384 ·

195 2441 289 2494 διά
318 2441 475 2495 τοῦτο
506 2441 613 2513 γάρ
651 2442 744 2495 καὶ
778 2444 992 2515 εἴρηται
1017 2460 1031 2475 ⁸
1084 2445 1179 2513 Μὴ
1201 2444 1482 2516 μακάριζε
1516 2445 1630 2515 πρὸ
1658 2445 1769 2499 τοῦ

198 2537 442 2602 τέλους.

277 2648 297 2681 ι
334 2629 444 2682 Καὶ
475 2628 631 2699 ἔργον
662 2630 897 2693 πίστεως
924 2630 982 2684 ὲν
1013 2629 1263 2700 δυνάμει.
1298 2648 1317 2680 ι

272 2723 397 2775 Ἵνα
427 2722 892 2793 ὲνδυναμωθῶσιν,
926 2722 1071 2796 ἔργῳ
1098 2723 1265 2788 δεῖξαι
1297 2723 1397 2795 τὴν
1426 2722 1627 2777 πίστιν.

278 2832 299 2863 ι
348 2815 865 2886 Ὀπωςιὲνδοξασθῇ
911 2816 972 2869 τὸ
1021 2815 1192 2886 ὄνομα
1237 2815 1332 2869 τοῦ
1373 2816 1578 2887 Κυρίου
1613 2815 1773 2886 ἡμῶν

214 2906 398 2977 Ἰησοῦ
429 2909 487 2959 ὲν
516 2909 665 2978 ὑμῖν,
701 2909 793 2961 καὶ
825 2909 984 2979 ὑμεῖς
1020 2909 1080 2961 ὲν
1114 2907 1282 2978 αὐτῷ,
1316 2909 1456 2962 κατά
1475 2908 1578 2980 τὴν
1609 2908 1769 2981 χάριν

201 2998 305 3050 τοῦ
335 2997 468 3051 Θεοῦ
496 3000 528 3069 ὴ
540 2999 654 3069 μῶν
693 3003 787 3054 καί⁵
811 3003 1017 3073 Κυρίου
1062 3002 1236 3073 Ἰησοῦ
1267 3002 1529 3074 Χριστοῦ.
1571 3019 1588 3054 ι

279 3090 510 3160 Ὅμοιον
533 3091 609 3161 τῷ
636 3094 910 3165 εἰρημένῳ
939 3094 1041 3148 ὑπὸ
1069 3094 1163 3149 τοῦ
1189 3095 1395 3166 Κυρίου
1423 3110 1437 3125 ’
1470 3095 1771 3165 Λαμψάτω

1862 604 2081 658 habitur
2103 606 2156 659 in
2190 606 2280 661 die
2309 606 2424 661 illa.

1930 695 2096 752 Vens.
2130 698 2214 753 11.
2256 718 2276 750 ι
2301 699 2353 753 In
2375 716 2486 770 quo
2514 703 2678 757 etiam
2705 717 2933 757 oramus
2954 718 3177 773 semper
3205 718 3304 772 pro
3343 718 3433 755 vo-

1861 789 1966 854 bis,
1995 798 2055 843 ut
2076 790 2329 860 dignetur
2354 807 2452 848 vos
2480 795 2766 850 vocatione
2799 811 2897 849 sna
2936 795 3079 851 Deus
3105 805 3307 851 vester.
3348 814 3366 847 ι

1931 880 2201 946 Quoniam
2217 882 2437 946 dixit“,
2467 884 2625 940 ﬁdem
2655 887 2905 956 proipsi's
2937 887 3429 955 testiﬁcari,idque

1861 970 1928 1025 de
1954 973 2167 1041 magnis
2200 973 2365 1030 rebus
2401 973 2691 1044 (aitenim:
2730 976 2786 1030 in
2819 978 2945 1046 ﬁde,
2980 979 3041 1031 in
3072 978 3348 1046 patientia,
3373 977 3428 1029 in

1860 1064 2344 1133 persecutionibus),
2367 1082 2435 1120 ne
2466 1066 2667 1122 exinde
2700 1068 3102 1138 superbientes,
3133 1084 3255 1139 quae
3290 1068 3427 1121 hue-

1864 1170 2036 1224 usque
2080 1165 2359 1224 gesserant
2396 1158 2734 1224 amitterent,
2760 1175 2879 1214 eam
2910 1161 2981 1215 ob
3024 1161 3279 1226 rem,ait,
3317 1162 3430 1213 sine

1862 1248 2247 1303 intermissione
2299 1266 2551 1315 oramus;
2586 1259 2646 1305 ut
2678 1252 3001 1309 intentiores
3045 1254 3195 1323 ipsos
3241 1252 3424 1306 faciat.

1862 1338 2094 1395 Oramus
2133 1340 2300 1406 enim,
2332 1341 2538 1410 inquit,
2573 1350 2632 1395 ut
2661 1341 2859 1411 dignos
2894 1358 2992 1398 vos
3016 1342 3215 1397 reddat
3266 1355 3429 1395 voca-

1864 1434 2009 1488 tione
2039 1443 2239 1489 vestra.
2279 1433 2460 1504 Atque
2484 1435 2588 1488 hoc
2633 1434 2794 1497 dicit,
2829 1450 2933 1489 non
2968 1444 3026 1489 ut
3051 1434 3241 1504 quoda
3270 1432 3430 1487 nobis

1862 1533 1946 1579 est
1985 1523 2220 1589 auferat,
2251 1523 2353 1579 sed
2372 1540 2442 1579 ne
2472 1523 2539 1578 de
2570 1524 2732 1579 nobis
2766 1525 3068 1580 insolenter
3098 1523 3425 1594 gloriemur;

1864 1615 2112 1686 quinimo
2151 1615 2219 1671 ad
2248 1616 2364 1671 hac
2399 1616 2540 1686 ipsa,
2571 1632 2804 1687 quorum
2830 1616 3233 1672 ellieiendorum
3258 1614 3429 1668 facul-

1867 1718 1952 1763 tas
2011 1709 2169 1765 nobis
2229 1707 2567 1779 indulgetur,
2627 1707 2796 1762 Deum
2837 1709 3153 1763 invocemus
3211 1707 3429 1776 adjuto-

1863 1816 1978 1856 rem
2031 1819 2045 1855 :
2091 1816 2157 1856 eo
2212 1800 2380 1871 quod,
2447 1801 2496 1856 si
2555 1792 2884 1857 conﬁdimus
2914 1802 2968 1856 in
3010 1801 3194 1863 nobis,
3246 1799 3433 1853 omnis

1795 1875 1837 1929 Β
1867 1892 2048 1950 statim
2076 1898 2273 1948 noster
2312 1892 2471 1945 labor
2502 1899 2840 1961 pessumeat.

1934 1984 2094 2054 223
2137 2002 2157 2035 ι
2202 1982 2270 2038 Et
2326 1984 2546 2055 impleat
2610 1998 2827 2039 omnem
2883 1982 3220 2038 voluntatem
3274 1979 3432 2035 boni-

1864 2077 2013 2131 tatis.
2064 2095 2083 2127 ι

1932 2166 2182 2225 Ostendit
2231 2181 2331 2223 eos
2376 2166 2620 2221 nondum
2651 2180 2776 2222 esse
2816 2172 3249 2221 consummatos.
3277 2162 3432 2217 Tunc

1864 2262 2009 2316 enim
2045 2249 2310 2316 duntaxat
2336 2261 2740 2315 consummatio
2777 2266 2886 2325 est,
2916 2256 3139 2329 quando
3173 2253 3431 2313 certami-

1865 2360 1953 2413 nis
1988 2366 2204 2428 tempus
2227 2358 2520 2429 praeteriit;
2552 2356 2794 2427 quandiu
2831 2364 3015 2411 autem
3057 2355 3301 2410 decertat
3335 2351 3435 2406 ali-

1866 2451 2009 2520 quis,
2052 2461 2305 2506 vereatur
2341 2466 2409 2505 ne
2454 2450 2635 2505 cadat.
2689 2447 2962 2514 Quocirca
3003 2447 3171 2501 etiam
3223 2444 3432 2500 dictum

1867 2558 1951 2601 est
1981 2563 1995 2599 :
2027 2543 2110 2599 Ne
2143 2545 2350 2599 beatum
2375 2543 2573 2597 dixeris
2604 2550 2724 2596 ante
2746 2541 2903 2610 ﬁnem
2932 2539 3000 2593 ⁷⁵.

1941 2654 1961 2686 ι
1993 2633 2062 2688 Ει
2084 2648 2224 2702 opus
2261 2634 2386 2689 ﬁdei
2424 2634 2479 2687 in
2509 2633 2739 2688 virtute.
2779 2649 2798 2681 ι

1938 2728 2009 2784 Ut
2037 2728 2483 2791 corroborentur,
2515 2741 2628 2796 quo
2657 2726 2815 2780 [idem
2846 2737 3013 2793 opere
3045 2720 3356 2791 praeferant.

1938 2820 2107 2877 Vens.
2138 2820 2227 2875 l2.
2264 2839 2282 2871 ι
2326 2818 2397 2874 Ut
2426 2819 2765 2874 clarilicetur
2795 2830 2995 2870 nomen
3018 2813 3233 2869 Domini
3260 2810 3434 2868 nostri

1867 2910 1997 2968 Iesu
2028 2912 2231 2966 Christi
2258 2910 2314 2965 in
2340 2911 2525 2975 vobis,
2549 2919 2605 2963 et
2628 2924 2731 2965 vos
2767 2908 2820 2962 in
2846 2908 2963 2970 illo,
2996 2905 3294 2963 secundum
3317 2920 3440 2974 gra-

1870 3004 1999 3056 tiam
2034 3002 2127 3057 Dei
2152 3000 2326 3057 nostri
2364 3013 2420 3055 et
2447 3000 2661 3055 Domini
2695 2998 2825 3054 Jesu
2854 2997 3083 3052 Christi.
3133 3014 3153 3047 ι

1942 3094 2132 3149 Simile
2175 3093 2279 3147 hoc
2302 3100 2387 3147 est
2434 3092 2513 3146 illi
2568 3090 2785 3145 Domini
2846 3086 3131 3144 sententiae
3171 3103 3185 3139 :
3238 3083 3437 3137 Luceat

199 3182 273 3236 τὸ
308 3182 437 3252 φῶς
474 3183 641 3255 ὑμῶν
677 3188 1016 3255 ἔμπροσθεν
1056 3186 1175 3241 τῶν
1211 3188 1559 3256 ἀνθρώπων,
1613 3188 1773 3256 ὅπως

1874 3185 1969 3239 tua:
1994 3193 2166 3239 vestra
2195 3198 2376 3236 coram
2408 3179 2727 3243 hominibus,
2763 3188 2820 3231 ut
2843 3176 3050 3230 videant
3072 3181 3439 3250 apera'vestra

203 3273 383 3328 ιδωσι
412 3275 485 3330 τὰ
506 3276 665 3330 καλὰ
686 3278 828 3348 ἔργα
853 3277 1040 3347 ὑμῶν,
1063 3279 1161 3333 καί
1186 3279 1494 3345 δοξάσωσι
1526 3279 1631 3334 τὸν
1649 3284 1771 3336 Πα-

1874 3278 2033 3341 bona,
2050 3284 2099 3331 et
2119 3275 2408 3346 gloriﬁcent
2426 3273 2644 3327 Patrem
2665 3279 2893 3324 vestrum
2914 3269 3004 3336 qui
3031 3268 3083 3319 in
3111 3265 3251 3320 caelis
3267 3272 3345 3317 est
3366 3263 3434 3317 ⁷⁵.

198 3366 353 3435 τέρα
391 3367 558 3437 ὑμῶν
579 3368 688 3422 τὸν
712 3370 781 3422 ἐν
807 3369 928 3435 τοῖς
976 3370 1273 3439 οὐρανοῖς.
1309 3373 1419 3426 Καὶ
1478 3372 1638 3425 τοῦτο
1668 3372 1775 3426 δεί-

200 3476 402 3513 κνυσιν
435 3460 499 3512 ἐκ
529 3462 629 3529 τῆς
661 3462 879 3532 χάριτος
907 3462 1126 3533 ἔχοντας
1150 3463 1245 3517 τοῦ
1276 3464 1411 3517 Θεοῦ
1432 3465 1492 3518 τὸ
1517 3464 1774 3519 δύνασθαι

194 3551 495 3616 τοσούτους
545 3555 796 3621 γενέσθαι
840 3556 897 3607 ἐν
954 3555 1133 3626 ἔργοις
1165 3555 1459 3627 λαμπροῖς.
1505 3556 1622 3611 Κάν
1665 3556 1774 3627 γάρ

197 3660 291 3707 τις
386 3642 609 3707 τέλειος,
644 3645 830 3716 φησὶν,
862 3649 917 3699 ὲν
962 3648 1094 3711 υἱοῖς
1141 3646 1469 3719 ἀνθρώπων,
1522 3650 1622 3717 τῆς
1670 3649 1776 3702 ἀπὸ

199 3732 307 3786 σοῦ
341 3734 660 3799 λειπόμενος
696 3736 908 3806 σοφίας,
937 3740 1016 3802 είς
1044 3738 1196 3792 οὐδὲν
1224 3738 1630 3811 λογισθήσεται.

813 3829 1062 3896 ΚΕΦΑΛ.
1106 3829 1181 3884 B'.

286 3939 305 3972 ι
358 3919 685 3992 Ἐρωτώμεν
716 3921 771 3975 δὲ
808 3922 973 3992 ὑμᾶς,
1000 3921 1240 3992 ἀδελφοὶ,
1276 3922 1417 3994 ὑπὲρ
1447 3922 1547 3993 τῆς
1571 3934 1777 3991 παρου-

202 4012 336 4073 σίας
368 4010 464 4064 τοῦ
506 4012 712 4081 Κυρίου
762 4012 917 4083 ἡμῶν
954 4013 1129 4083 Ἰησοῦ
1168 4013 1427 4085 Χριστοῦ,
1478 4013 1573 4067 καὶ
1618 4013 1776 4084 ἡμῶν

197 4102 638 4174 ἐπισυναγωγῆς
665 4105 751 4155 ἐπ’
780 4104 942 4157 αὑτὸν
971 4107 1050 4164 είς
1078 4106 1138 4158 τὸ
1168 4106 1242 4175 μὴ
1272 4107 1482 4176 ταχέως
1512 4104 1777 4176 σαλευθῆ-

196 4207 300 4244 ναι
326 4192 476 4259 ὑμᾶς
502 4192 607 4245 ἀπὸ
643 4194 735 4246 τοῦ
783 4194 922 4258 νοὸς,
987 4196 1123 4266 μήτε
1165 4196 1457 4265 θροεῖσθαι,
1511 4201 1647 4269 μήτε
1691 4198 1778 4252 διὰ

199 4280 551 4351 πνεύματος,
598 4283 733 4354 μήτε
770 4283 859 4336 διὰ
890 4284 1067 4353 λόγου,
1103 4286 1237 4356 μήτε
1283 4286 1351 4340 δι’
1375 4289 1664 4359 ἐπιστολῆς
1703 4290 1777 4353 ὼς

196 4371 282 4423 δι’
318 4370 496 4441 ἡμῶν,
527 4371 602 4435 ώς
628 4372 709 4425 ὅτι
740 4373 1031 4443 ἐνέστηκεν
1080 4376 1113 4443 ἡ
1162 4375 1345 4445 ἡμέρα
1393 4374 1486 4428 τοῦ
1517 4374 1774 4446 Χριστοῦ.

197 4461 309 4531 Μή
346 4478 433 4523 τις
467 4462 610 4531 ὑμᾶς
635 4462 948 4534 ἐξαπατήσῃ
986 4463 1129 4516 κατά
1182 4464 1383 4535 μηδένα
1434 4464 1656 4535 τρόπον,
1696 4464 1778 4516 ὃτι

1871 3369 2026 3425 Unde
2062 3368 2337 3424 evincitur
2370 3366 2569 3420 habere
2589 3378 2689 3418 nos
2725 3378 2754 3416 a
2784 3360 2957 3432 gratia
2980 3359 3097 3420 Dei,
3130 3365 3189 3411 ut
3214 3358 3351 3411 tales
3375 3370 3439 3409 ac

1873 3462 2010 3516 tanti
2042 3461 2222 3530 quoad
2270 3458 2490 3528 egregia
2522 3469 2685 3525 opera
2721 3452 3045 3508 evadamus.
3076 3448 3438 3515 Quantumvis

1872 3554 2016 3608 enim
2048 3552 2273 3621 aliquis,
2301 3550 2501 3618 inquit,
2536 3548 2677 3601 inter
2718 3544 2863 3600 lilios
2894 3542 3176 3596 hominum
3213 3542 3287 3594 sit
3314 3554 3440 3608 per-

1875 3646 2073 3707 feetus,
2110 3644 2203 3698 ubi
2232 3641 2497 3712 sapientia
2532 3647 2624 3691 tua
2655 3636 2995 3697 destituitur,
3024 3631 3184 3685 nihili
3211 3644 3441 3701 prorsus

1874 3737 2197 3791 aestimatur.

2558 3818 2710 3874 CAP.
2750 3817 2819 3871 llr

1946 3920 2112 3975 Vens.
2163 3916 2279 3972 1-4.
2344 3935 2362 3967 ι
2394 3914 2671 3986 Rogamus
2704 3920 2887 3965 autem
2926 3921 3046 3971 vos,
3078 3905 3297 3967 fratres,
3347 3918 3442 3973 per

1877 4015 2168 4068 adventum
2208 4008 2420 4064 Domini
2474 4004 2649 4061 nostri
2702 4000 2835 4057 Jesu
2887 3999 3112 4062 Christi,
3160 4004 3215 4053 et
3244 4005 3445 4051 nostrae

1877 4100 2316 4175 congregationis
2345 4100 2398 4154 in
2430 4099 2631 4168 ipsum,
2666 4103 2725 4149 ut
2766 4109 2876 4147 non
2907 4092 3018 4147 cito
3053 4088 3381 4144 moveamini
3411 4103 3443 4140 a

1876 4205 2063 4252 vestro
2092 4209 2280 4258 sensu,
2318 4205 2491 4260 neque
2520 4185 2835 4243 terreamini
2858 4226 2872 4247 ,
2909 4197 3090 4251 neque
3133 4195 3232 4251 per
3274 4179 3440 4249 spiri—

1878 4299 2015 4351 tum,
2053 4300 2228 4356 neque
2259 4298 2356 4355 per
2387 4295 2693 4337 sermonem
2717 4320 2731 4343 ,
2780 4291 2955 4345 neque
2986 4289 3083 4345 per
3128 4272 3441 4342 epistolam,

1880 4391 2137 4449 tanquam
2181 4391 2278 4447 per
2311 4388 2410 4428 nos
2457 4372 2703 4434 missam,
2739 4369 2894 4437 quasi
2932 4367 3098 4421 instet
3138 4364 3255 4419 dies
3285 4362 3448 4417 Chri-v

1882 4475 1975 4527 sti.
2012 4470 2089 4526 Ne
2118 4469 2241 4540 quis
2272 4482 2370 4521 vos
2402 4465 2631 4520 seducat
2656 4463 2767 4516 ullo
2802 4460 2960 4514 modo
2991 4474 3005 4511 :
3043 4456 3305 4527 quoniam
3339 4454 3451 4509 nisi

199 4555 317 4606 ἐὰν
349 4554 425 4623 μὴ
457 4552 583 4624 ἔλθῃ
612 4554 917 4609 ἀποστασία
946 4556 1180 4625 πρῶτον,
1229 4556 1323 4609 καὶ
1364 4555 1722 4626 ἀποκαλυφθῇ
1750 4557 1773 4607 ὁ

1884 4563 2096 4619 venerit
2124 4559 2393 4615 discessio
2415 4557 2678 4626 primum,
2700 4559 2755 4607 et
2787 4550 3060 4605 revelatus
3094 4546 3259 4602 fuerit
3284 4546 3447 4599 homo

201 4645 507 4715 ἄνθρωπος
532 4645 826 4716 ἁμαρτίας,
872 4646 900 4698 ὁ
938 4646 1052 4710 υἱὸς
1090 4647 1191 4717 τῆς
1218 4646 1514 4713 ἀπωλείας,
1564 4648 1591 4698 ὁ
1625 4647 1779 4700 ἀντι-

200 4738 475 4807 κείμενος
506 4737 602 4790 καὶ
659 4738 1089 4809 ὑπεραιρόμενος
1120 4738 1216 4793 ἐπὶ
1264 4738 1440 4791 πάντα
1487 4738 1781 4807 λεγόμενον

201 4830 359 4884 Θεὸν
382 4829 416 4899 ἦ
452 4828 723 4899 σέϐασμα,
755 4829 895 4885 ὥστε
923 4830 1084 4883 αὑτὸν
1120 4833 1199 4893 είς
1225 4829 1317 4882 τὸν
1347 4831 1475 4883 ναὸν
1502 4831 1596 4882 τοῦ
1621 4829 1778 4893 Θεοῦ,

199 4920 300 4981 ὡς
347 4918 482 4971 Θεὸν
522 4917 781 4984 καθίσαι,
831 4917 1222 4971 ἀποδεικνύντα
1274 4918 1465 4969 ἑαυτὸν
1522 4916 1603 4968 ὄτι
1662 4915 1780 4968 ἔστι

198 5011 379 5073 Θεός.
424 5030 443 5060 ι

292 5093 505 5157 Ἦλθεν
540 5105 620 5166 είς
670 5102 731 5155 τὸ
760 5101 1143 5174 προκείμενον.
1165 5102 1338 5154 Τοῦτο
1370 5100 1427 5154 δέ
1471 5103 1589 5155 ἐστι
1617 5102 1677 5155 τὸ
1708 5101 1783 5173 μὴ

198 5194 536 5265 ὑπάγεσθαι
577 5198 643 5267 τῇ
673 5196 782 5249 τῶν
808 5192 1306 5263 ψευδοδιδασκάλων
1351 5194 1556 5264 ἀπάτῃ,
1601 5195 1787 5261 λεγόν-

197 5305 334 5344 των
362 5286 655 5358 ἠγγικὲναι
686 5286 782 5357 τὴν
820 5285 1121 5355 παρουσίαν
1156 5285 1250 5338 τοῦ
1273 5285 1480 5356 Κυρίου
1513 5285 1612 5353 τὴν
1662 5284 1786 5338 δευ-

201 5381 419 5452 τέραν.
466 5380 557 5449 Μή
582 5396 667 5441 τις
716 5374 810 5429 οὖν
859 5377 1002 5447 ὑμᾶς
1038 5376 1371 5447 θορυϐείτω,
1429 5375 1563 5447 μήτε
1618 5376 1788 5431 δοκῶν

205 5472 507 5540 πνεύματι
538 5468 930 5538 ἀποκαλύψεως
969 5469 1169 5537 λέγειν,
1209 5469 1346 5540 μήτε
1389 5470 1490 5540 ἐμὲ
1529 5469 1687 5524 τοῦτο
1713 5473 1789 5524 εί-

214 5563 466 5639 ρηκέναι
493 5561 983 5632 προφασιζόμενος.
1021 5561 1303 5615 Ἀδύνατον
1326 5560 1433 5632 γὰρ
1464 5561 1562 5633 τὴν
1586 5578 1790 5631 παρου⁸

210 5655 359 5715 cla»
380 5652 484 5722 τὴν
504 5651 761 5732 δερτέραν
795 5654 968 5707 ἐλθεῖν
999 5652 1075 5726 μὴ
1105 5654 1663 5727 προαποδεδειγμένου
1693 5654 1787 5709 τοῦ

316 5830 364 5868 τ’
385 5831 552 5900 Supr.
592 5846 643 5885 v.
802 5830 850 5862 ⁷⁸
873 5828 1043 5885 Eccli.
1081 5846 1153 5899 χι,
1181 5831 1267 5885 '50.
1329 5832 1372 5863 τδ
1398 5830 1589 5887 Matth.
1618 5848 1669 5897 v,
1700 5833 1784 5887 16.

1882 4653 2113 4726 peccati,
2145 4653 2286 4705 lilius
2312 4648 2654 4719 perditionis,
2682 4643 2773 4714 qui
2798 4642 3119 4695 adversatur
3146 4646 3199 4693 et
3228 4636 3450 4691 extolli-

1880 4756 1971 4799 tur
1995 4758 2158 4813 super
2198 4754 2360 4795 omne
2388 4737 2533 4807 quod
2562 4735 2767 4789 dicitur
2800 4731 2967 4792 Deus,
2996 4738 3092 4784 aut
3122 4729 3269 4798 quod
3314 4729 3451 4782 coli-

1882 4849 1990 4902 tur,
2023 4836 2097 4889 ita
2122 4843 2181 4889 ut
2203 4834 2259 4887 in
2290 4830 2497 4900 templo
2527 4828 2622 4882 Dei
2652 4825 2861 4891 sedeat,
2887 4824 3181 4879 ostendens
3207 4822 3448 4892 seipsum

1882 4940 2141 4998 tanquam
2175 4926 2245 4980 sit
2271 4923 2437 4978 Deus.
2477 4939 2495 4972 ι
2896 4980 2905 4987 ἰ

1954 5021 2035 5075 Ad
2076 5016 2411 5089 propositum
2441 5014 2546 5069 sibi
2575 5020 2960 5083 argumentum
2986 5010 3154 5066 venit.
3185 5007 3324 5062 Illud
3353 5021 3453 5061 au—

1887 5123 1994 5169 tem
2017 5120 2125 5177 est,
2150 5126 2218 5164 ne
2242 5109 2578 5164 seducantur
2610 5105 2870 5160 falsorum
2897 5103 3273 5174 apostolorum
3300 5100 3455 5152 frau-

1886 5206 1976 5269 de,
2028 5204 2122 5274 qui
2175 5200 2473 5258 secundum
2532 5198 2745 5254 Domini
2801 5196 3095 5251 adventum
3142 5193 3450 5264 proximum

1886 5310 2010 5351 esse
2048 5294 2431 5365 przrdicarent.
2476 5289 2647 5345 Nemo
2678 5291 2843 5360 igitur
2876 5302 2976 5341 vos
3014 5285 3329 5348 conturbet,
3362 5284 3449 5336 in-

1896 5385 2031 5455 quit,
2059 5385 2174 5439 sive
2200 5381 2453 5437 videatur
2502 5376 2966 5434 nianil‘estationis
3019 5376 3221 5446 spiritu
3272 5374 3447 5443 loqui,

1896 5476 2014 5530 sive
2067 5474 2122 5528 id
2155 5488 2185 5527 a
2229 5487 2317 5528 me
2367 5471 2778 5541 pronuntiatum
2811 5474 3091 5538 praetexat.
3147 5461 3282 5517 Nam
3336 5460 3450 5516 ﬁeri

1895 5580 2004 5619 non
2032 5572 2213 5635 potest
2246 5570 2308 5617 ut
2360 5560 2635 5616 secundus
2683 5557 2950 5610 adventus
3004 5553 3311 5623 contingat,
3345 5550 3452 5607 nisi

1897 5666 2021 5713 ante
2068 5654 2449 5712 manifestatur
2488 5651 2634 5707 illius
2681 5646 3018 5719 perditionis.
3048 5644 3450 5703 Antichristum
