3844 6394
597 385 702 449 923
1775 382 1831 441 S.
1870 379 2190 441 JOANNIS
2214 380 2609 442 DAMASCEN
2614 382 2639 440 Ι
3692 384 3777 447 93.4

598 504 786 573 utique
818 500 972 563 dicit,
1006 513 1166 569 quem
1198 506 1252 553 et
1281 496 1605 553 instinctum
1639 511 1669 549 a
1719 495 1920 550 Satana
1962 504 2156 551 ventu-

2271 498 2375 551 ιὶοῠ
2417 499 2515 569 τῆς
2554 498 2864 563 ἀπωλείαςο
2922 500 3070 569 λέγει
3101 501 3159 555 δὲ
3208 501 3299 556 τὸν
3338 502 3709 573 ’Δντίχριστον,
3733 504 3779 555 ὃν

596 611 717 649 rum
749 595 844 660 ait,
875 608 1001 648 cum
1029 591 1320 663 omnigena
1350 588 1724 661 prodigiorum
1767 588 2154 644 simulatorum

2271 590 2351 643 ιαὶ
2380 590 2768 663 ἐνεργούμενον
2799 592 2949 664 παρά
2976 594 3071 647 τοῦ
3126 594 3360 659 Σατανᾶ,
3392 596 3555 665 φησὶν
3598 596 3803 655 ὲλεύπιι

590 686 829 741 fallacia.

2271 680 2381 735 τθαι
2409 681 2468 735 ὲν
2496 682 2645 755 πάσῃ
2668 682 2846 756 πλάνῃ
2876 683 3175 738 δοκούντων
3196 685 3439 755 σημείων

666 776 834 831 Vens.
871 776 927 837 5,
957 773 1011 829 6.
1072 791 1093 825 ι
1131 771 1248 827 Νοιι
1296 772 1546 828 retinetis
1589 786 1736 842 quoe
1790 785 1918 825 cum
1975 769 2156 825 adhuc

2331 793 2349 823 ι
2383 773 2457 827 Ού
2490 774 2877 844 μνημονεύετε,
2904 776 2986 828 ὅτι
3027 774 3106 829 ἔτι
3148 774 3223 829 ὢν
3277 777 3419 848 πρὸς
3444 778 3610 847 ὑμᾶς,
3640 777 3783 829 ταῦτα

596 882 776 922 essem
832 865 975 936 apud
1020 881 1141 929 vos,
1191 864 1306 918 haec
1362 863 1609 919 dicebam
1666 862 1861 917 vobis?
1902 861 1969 916 Et
2009 877 2155 917 nunc

2271 860 2443 930 ἔλεγον
2467 863 2616 931 ύμῖν,
2646 863 2742 916 καὶ
2779 864 2874 918 νῦν
2902 865 2964 918 τὺ
2991 865 3218 936 κατέχον
3238 866 3443 931 οῖδατε,
3482 868 3567 929 είς
3581 866 3643 918 τὺ
3672 867 3783 917 67.n-

597 960 728 1029 quid
768 957 1010 1012 detineat
1038 957 1218 1022 scitis,
1246 967 1305 1012 ut
1335 957 1607 1012 reveletur
1636 954 1692 1008 in
1726 968 1826 1007 suo
1852 961 2151 1022 tempore.»

2271 950 2596 1023 καλυφθῆναι
2625 953 2784 1005 αὐτὸν
2808 955 2865 1006 ὲν
2889 953 2968 1024 τῷ
2992 955 3182 1008 ἑαυτοῦ
3208 956 3405 1027 καιρῷ.
3453 974 3472 1007 ι

668 1047 922 1102 Pristinae
944 1062 1037 1103 eos
1062 1048 1325 1101 doctrina:
1356 1043 1801 1106 commonefacit,
1834 1056 1939 1111 qua
1971 1042 2037 1097 de
2070 1040 2155 1096 his

2328 1022 2605 1115 Προτέρας
2635 1045 2830 1107 αὐτοὺς
2866 1022 3272 1117 ἀναμιμνήσκει
3307 1022 3658 1109 διδασκαλίας
3682 1048 3783 1114 περὶ
3830 1022 3831 1091 ί

600 1153 908 1193 sermonem
981 1138 1269 1192 habuerat.
1332 1136 1462 1190 Nam
1520 1143 1745 1207 preptcr
1797 1148 2041 1188 errorem
2100 1132 2155 1186 in

2271 1131 2438 1185 ιύτῶν
2486 1132 2690 1186 τούτων
2732 1135 3122 1205 πεποιημένης.
3174 1134 3275 1189 Διά
3318 1136 3431 1207 γάρ
3460 1136 3566 1205 τὴν
3612 1135 3783 1200 πλάνῃ

596 1246 758 1299 quem
799 1230 887 1283 isti
919 1230 1215 1294 ducerent,
1243 1245 1367 1283 cum
1405 1230 1523 1299 ipse
1568 1227 1861 1297 Apostolus
1896 1240 2037 1293 saepe
2059 1224 2158 1279 do-

2271 1224 2355 1294 τὴν
2380 1225 2444 1278 ὲκ
2462 1226 2668 1279 τούτων
2690 1227 2786 1279 καὶ
2812 1227 2975 1290 αὐτὸς
3003 1228 3032 1279 6
3072 1228 3393 1291 Ἀπόστολος
3428 1228 3683 1288 πολλάκις
3701 1228 3777 1277 iii-

601 1322 740 1384 cuit,
768 1331 882 1375 tum
910 1322 1074 1377 etiam
1115 1323 1376 1376 Dominus
1412 1322 1728 1390 frequenter
1766 1318 1820 1371 in
1853 1316 2157 1387 Evangeliis

2271 1315 2404 1382 Ξαξε,
2424 1318 2516 1371 καὶ
2540 1319 2569 1371 6
2590 1317 2793 1391 Κύριος
2821 1319 3080 1384 πολλάκις
3100 1323 3155 1373 ὲν
3171 1323 3283 1384 τοῖς
3308 1320 3664 1388 Εύαγγελίοις
3684 1337 3774 1387 περ·

596 1414 960 1469 denuntiavit.
1011 1414 1073 1468 Si
1116 1416 1231 1484 quis
1279 1414 1423 1468 vobis
1469 1412 1715 1466 dixerit:
1751 1408 1883 1464 Ecce
1941 1410 2026 1462 hic
2080 1418 2158 1464 est

2271 1407 2509 1478 θΥΥειλεν
2529 1449 2544 1475 ι
2594 1411 2665 1463 El
2708 1427 2800 1477 τις
2841 1411 2982 1480 ὑμῖν
3003 1412 3164 1480 εἴπῃ,
3189 1412 3361 1480 λέγων
3386 1429 3402 1443 ο
3456 1410 3617 1465 Ἰδοὺ
3642 1405 3772 1464 diu?

596 1504 864 1569 Christus,
886 1522 1003 1560 ecce
1032 1507 1184 1570 illic;
1214 1507 1375 1560 nolite
1405 1506 1549 1559 exire
1588 1505 1655 1559 ⁷⁸.

2271 1500 2531 1569 Χριστὸς,
2557 1500 2684 1555 ἰδοὺ
2710 1502 2855 1566 ἐκεῖ,
2872 1502 2959 1572 μὴ
2985 1484 3287 1570 ἐξέλθητε.

668 1618 837 1674 Vens.
874 1620 925 1675 7.
980 1640 997 1673 ι
1035 1618 1171 1673 Nam
1215 1621 1536 1692 mysterium
1586 1620 1697 1690 jam
1746 1625 2009 1690 operatur
2056 1617 2158 1671 ini-

2334 1608 2353 1643 t
2382 1592 2456 1645 Τὸ
2476 1592 2585 1664 γάρ
2614 1596 2909 1666 μυστήριον
2931 1595 3031 1665 ἤδη
3064 1595 3366 1665 ἐνεργεῖται
3395 1596 3499 1665 τῆς
3526 1593 3772 1663 mpm.

596 1713 845 1779 quitutis.
889 1730 907 1762 ι

668 1800 981 1871 Ifysterinm
1020 1800 1317 1869 iniquitatis
1347 1807 1526 1866 vocat,
1557 1798 1839 1854 doctrinas
1872 1798 2158 1853 haeretico-

2328 1769 2676 1839 Μυστήριον
2695 1772 2944 1841 ἀνομίας
2980 1772 3079 1837 τὰς
3113 1772 3224 1827 τῶν
3264 1773 3539 1845 αἱρέσεων
3577 1774 3781 1826 διδασκα-

2192 1841 2379 1923 Βλίας
2437 1858 2575 1915 εἷναί
2624 1880 2777 1935 φησι,
2833 1864 2928 1916 καὶ
2982 1865 3051 1919 τά
3105 1864 3273 1935 ψευδῆ
3324 1841 3511 1918 αὐτῶν
3559 1864 3779 1933 δόγματι.

2272 1952 2510 2007 Ἐκείνου
2536 1954 2646 2025 γὰρ
2673 1956 3087 2026 προϐαδίζουσιν
3116 1956 3492 2019 ὁδοποιοῦντες
3525 1956 3685 2024 nisi»,
3714 1956 3783 2007 ut

2259 2045 2450 2114 καιρὸν
2480 2044 2694 2115 ἀπάτης
2736 2047 3125 2117 παρεχόμενοι·
3161 2045 3593 2116 ἐξεληλύθεισαν
3624 2046 3676 2099 δὲ
3710 2046 3783 2113 ἢδη

2258 2135 2366 2189 ἀπὸ
2422 2135 2515 2189 τοῦ
2554 2136 2747 2206 καιροῦ
2801 2137 2910 2190 τῶν
2961 2138 3273 2192 ἀποστόλων
3328 2138 3385 2191 αί
3425 2138 3685 2209 αἱρέσεις.
3725 2136 3783 2187 Ti

2256 2228 2417 2298 ὃμοια
2439 2228 2532 2281 οὖν
2560 2228 2653 2281 καὶ
2666 2228 2918 2298 Ἰωάννης
2936 2230 3101 2299 φησιν
3117 2230 3144 2282 6
3174 2229 3592 2299 εύαγγελιστὴς.
3620 2230 3783 2289 Καθὼς

2256 2312 2578 2381 ἠκούσατε,
2618 2314 2709 2368 ὅτι
2771 2315 3178 2384 Ἀντίχριστος
3231 2317 3467 2385 ἔρχεται
3496 2333 3513 2348 ⁶
3556 2317 3651 2369 καὶ
3698 2315 3783 2367 νίτ

2257 2406 2414 2460 εἰσίν
2467 2406 2837 2475 ἀντίχριστοι
2880 2408 3098 2463 πολλοὶ
3121 2448 3136 2473 ,
3191 2410 3320 2481 περὶ
3367 2410 3479 2465 τῶν
3531 2407 3779 2480 clpam?”

2258 2496 2455 2567 λέγων.

2334 2606 2353 2639 ι
2393 2587 2570 2642 Μόνον
2601 2589 2630 2640 6
2666 2588 2910 2659 κατέχων
2940 2589 3066 2661 ἄρτι
3098 2590 3201 2653 ἕως
3241 2591 3305 2643 ὲκ
3351 2590 3523 2661 μέσου
3576 2592 3779 2661 γένηται.

2258 2678 2367 2733 Καὶ
2399 2680 2520 2733 τότε
2550 2679 3060 2751 ἀποκαλυφθήσεται
3092 2682 3121 2734 6
3153 2682 3369 2752 ἄνομος.
3401 2700 3421 2733 ι

2328 2767 2438 2839 Τὴν
2477 2770 2761 2840 Ῥωμαίων
2793 2770 3065 2841 βασιλείαν
3094 2773 3246 2844 φησί.
3280 2772 3503 2845 Ταύτης
3546 2775 3654 2847 γὰρ
3680 2774 3783 2840 πλη-

2260 2862 2551 2933 ρουμένης,
2575 2864 2605 2916 6
2647 2863 3010 2937 Ἀντίχριστος
3040 2865 3281 2937 ἔρχεται.

2336 2972 2355 3005 ι
2414 2954 2509 3006 Ὃν
2551 2954 2581 3006 ὁ
2621 2954 2824 3027 Κύριος
2853 2956 3119 3011 ἀναλώσει
3150 2958 3226 3029 τῷ
3272 2959 3552 3030 πνεύματι
3580 2960 3670 3013 τοῦ

2263 3060 2429 3113 ματος
2466 3043 2630 3096 αὐτοῦ
2660 3083 2675 3108 ,
2725 3043 2822 3097 καὶ⁵
2871 3048 3203 3117 καταργήσει
3260 3050 3325 3117 τῇ
3385 3048 3676 3117 ἐπιφανείᾳ
3712 3044 3785 3107 εἰς

2264 3136 2561 3207 παρουσίας
2585 3135 2750 3190 αὐτοῦ
2773 3152 2786 3166 ·
2831 3131 2892 3191 οὗ
2931 3139 3077 3190 ἐστιν
3126 3140 3159 3208 ἡ
3194 3140 3463 3209 παρουσία
3501 3141 3628 3193 κατ’
3670 3138 3787 3203 ἐνέρο

2261 3244 2415 3296 γειαν
2447 3227 2540 3280 τοῦ
2572 3228 2807 3293 Σατανᾶ,
2844 3230 2901 3281 ὲν
2947 3228 3093 3299 πάσῃ
3133 3229 3380 3298 δυνάμει,
3412 3232 3509 3283 καὶ
3560 3230 3787 3299 σημείας.

2262 3319 2354 3373 καὶ
2380 3320 2564 3389 τέρασι
2591 3320 2837 3389 ψεύδους,
2880 3322 2971 3374 καὶ
3003 3322 3061 3373 ὲν
3102 3321 3248 3391 πάσῃ
3274 3323 3462 3392 ἀπάτῃ
3487 3322 3591 3390 τῆς

2259 3412 2319 3465 ὲν
2344 3414 2455 3475 τοῖς
2478 3410 2888 3482 ἀπολλυμένοις.
2929 3430 2947 3463 ι

2330 3503 2406 3555 Ού
2439 3504 2597 3573 μόνον
2641 3503 2739 3573 τὴν
2777 3504 3080 3575 παρουσίαν
3122 3502 3215 3557 τοῦ
3250 3504 3625 3576 Ἀντιχρίστου
3656 3505 3788 3559 ἰδίει·

2261 3593 2370 3660 ξεν,
2409 3593 2544 3648 ἀλλά
2574 3595 2668 3648 καὶ
2691 3594 2782 3649 τὸν
2808 3595 3041 3649 θάνατον
3062 3594 3245 3659 αὐτοῦ,
3270 3595 3448 3661 οὕτως
3468 3601 3565 3651 καὶ
3589 3599 3687 3651 ἀπὸ
3708 3597 3789 3647 τῶν

2261 3685 2512 3757 πρώτων,
2538 3688 2631 3740 καὶ
2661 3686 2768 3739 ἀπὸ
2796 3686 2904 3740 τῶν
2936 3686 3179 3756 ὑστέρων
3206 3687 3478 3741 διδάσκων
3502 3690 3664 3742 αὑτὸν
3684 3683 3788 3740 εἶναι

2259 3774 2451 3845 ψευδῆ.
2502 3774 2568 3828 Ἡ
2614 3775 2885 3846 παρουσία
2917 3776 3015 3845 μὲν
3048 3774 3157 3845 γὰρ
3192 3775 3356 3830 αὑτοῦ
3392 3776 3518 3829 κατ’
3551 3778 3787 3849 ἐνέργειαν

2260 3866 2352 3921 τοῦ
2382 3869 2617 3933 Σατανᾶ,
2653 3868 2746 3921 καὶ
2796 3868 2855 3921 τὸ
2903 3869 3054 3933 τέλος
3109 3869 3187 3936 δὲ,
3247 3869 3341 3923 καὶ
3396 3872 3433 3941 ἠ
3489 3872 3787 3943 nat-ams:

2260 3960 2446 4027 αὑτοῦ,
2476 3961 2570 4015 καὶ
2601 3963 2635 4032 ἡ
2671 3959 2936 4024 ἀπώλεια,
2981 3960 3068 4017 διὰ
3115 3961 3218 4032 τῆς
3264 3964 3579 4035 παρουσίας
3617 3963 3786 4031 γίνεται

2258 4052 2352 4105 τοῦ
2377 4054 2602 4124 Κυρίου.

672 4163 690 4196 ι
726 4144 803 4199 Eo
833 4144 979 4215 quod
1016 4144 1343 4199 charitatem
1374 4145 1623 4205 veritatis
1667 4160 1774 4198 non
1812 4153 2157 4214 receperunt,

2336 4162 2355 4193 ι
2403 4144 2542 4197 Ἀνθ’
2576 4137 2650 4198 ὧν
2677 4146 2775 4218 τὴν
2801 4148 3021 4220 ἀγάπην
3040 4150 3143 4219 τῆς
3168 4145 3428 4217 ἀληθείας
3458 4147 3561 4199 οὐκ
3584 4146 3788 4209 ὲδέξιιντυ

593 4242 655 4289 ut
684 4236 820 4291 salvi
862 4236 1080 4291 fierent.
1112 4233 1177 4287 Et
1206 4236 1329 4291 ideo
1360 4231 1675 4291 mittet‘illis
1710 4234 1852 4291 Deus
1883 4236 2158 4305 operatio-

2271 4236 2342 4297 είς
2370 4235 2429 4287 τὸ
2458 4235 2695 4307 σωθῆναι
2716 4239 2931 4303 αὐτούς.
2963 4241 3072 4294 Καὶ
3099 4238 3187 4293 διὰ
3217 4236 3377 4291 τοῦτο
3404 4238 3617 4307 πέμψει
3644 4239 3787 4295 astri;

595 4342 717 4381 nem
753 4328 983 4388 erroris,
1030 4334 1089 4379 ut
1120 4325 1347 4381 credant
1378 4327 1684 4393 mendacio,
1730 4326 1920 4399 leas.
1954 4328 2043 4401 ll]
2100 4339 2158 4384 ut

2271 4325 2445 4389 ὅθεὺς
2476 4326 2752 4396 ἐνέργειαν
2796 4330 3022 4400 πλάνης,
3065 4331 3146 4393 είς
3200 4327 3261 4380 τὸ
3304 4327 3596 4381 πιστεῦσαι
3630 4326 3789 4380 circi;

588 4418 911 4489 iudicentur
933 4434 1124 4474 omnes
1148 4419 1239 4489 qui
1272 4434 1379 4473 non
1408 4418 1757 4475 crediderunt
1784 4421 2029 4487 veritati,
2062 4422 2157 4477 sed

2271 4415 2463 4485 θεύδει,
2496 4416 2581 4468 ῖνα
2619 4416 2845 4487 κριθῶσι
2878 4418 3077 4482 πάντες
3129 4417 3180 4470 οί
3220 4415 3299 4487 μὴ
3347 4412 3786 4476 πιστεύσαντεςτῇ

593 4518 994 4567 consenserunt
1027 4511 1329 4581 iniquitati.
1367 4530 1387 4563 ι

2271 4506 2505 4578 ἀληθείᾳ,
2539 4506 2652 4560 ἀλλ’
2684 4509 3075 4580 εὐδοκήσαντες
3108 4510 3166 4561 ὲν
3207 4512 3273 4579 τῇ
3301 4506 3514 4577 ἀδικία.
3556 4526 3576 4559 ι

666 4602 957 4659 Enimvero
983 4604 1087 4657 hoc
1125 4617 1348 4673 quoque
1376 4600 1581 4657 ludatis
1610 4603 1867 4659 Christus
1892 4604 2107 4661 dixerat
2139 4624 2154 4662 :

2324 4596 2493 4651 Τοῦτο
2524 4598 2632 4669 γὰρ
2662 4600 2845 4662 αὐτοῖς
2892 4602 3007 4664 τοῖς
3054 4600 3328 4662 Ἰουδαίοις
3373 4600 3474 4652 καὶ
3518 4600 3546 4652 ό
3593 4596 3785 4667 Χριστὸς

596 4692 710 4764 Ego
731 4695 845 4748 veni
883 4695 936 4747 in
963 4697 1170 4748 nomine
1190 4692 1369 4747 Patris
1392 4695 1515 4759 mei,
1547 4704 1595 4747 et
1615 4710 1717 4747 non
1743 4697 2017 4763 accepistis
2045 4712 2158 4761 me;

2271 4689 2435 4755 ἷλεγεν
2462 4705 2476 4719 ο
2525 4689 2663 4758 Ἐγὼ
2690 4686 2882 4760 ἦλθον
2908 4692 2978 4744 ἐν
3031 4690 3112 4757 τῷ
3147 4692 3392 4759 ὀνόματι
3446 4689 3556 4746 τοῦ
3592 4688 3783 4753 ,Πατρός

594 4784 734 4837 alius
754 4783 915 4837 veniet
949 4783 1003 4835 in
1028 4784 1236 4836 nomine
1262 4798 1382 4845 suo,
1418 4782 1571 4835 illum
1612 4783 1880 4851 accipietis
1905 4785 1971 4839 ⁷³.
2008 4783 2157 4840 lstud

2271 4799 2385 4845 ιου,
2426 4783 2521 4837 καὶ
2564 4784 2634 4836 οὺ
2667 4783 2997 4852 λαμϐάνετέ
3044 4800 3140 4852 με.
3174 4783 3417 4850 Ἕτερος
3465 4784 3596 4851 ἣξει
3632 4786 3693 4836 ἐν
3724 4774 3782 4839 τῷ

593 4886 746 4935 vero,
769 4872 939 4924 mittet
970 4871 1081 4924 illis
1108 4870 1269 4935 Deus,
1304 4872 1443 4925 idem
1471 4880 1578 4936 est,
1608 4873 1833 4927 acmitti
1855 4875 2151 4943 permittet.

2274 4871 2377 4938 δίῳ
2399 4873 2660 4942 ὀνόματι,
2683 4873 2961 4927 κάκεῖνον
2978 4873 3271 4942 λήψεσθε.
3301 4872 3376 4926 Τὸ
3391 4874 3475 4939 δὲ,
3497 4867 3783 4929 tumlti

592 4961 913 5032 Cuiusmodi
976 4968 1065 5015 est
1108 4960 1213 5016 hoc
1268 4961 1416 5016 aliud
1465 4963 1718 5018 dictum:
1773 4964 2018 5020 Tradidit
2064 4983 2152 5021 eos

2271 4966 2452 5031 ιὺτοῖς
2503 4966 2537 5019 ό
2588 4964 2753 5029 Θεὸς,
2805 4966 3147 5038 συγχωρήσει
3192 4966 3601 5035 ἀποσταλῆναι·
3631 4964 3781 5016 dimidii

593 5054 735 5109 Deus
773 5054 829 5107 in
859 5053 1130 5123 passiones
1157 5052 1462 5122 ignominia:
1494 5056 1539 5087 ⁷⁹

2271 5074 2362 5110 ,στι
2398 5058 2491 5110 καὶ
2528 5057 2610 5121 τὸ,
2650 5055 2993 5126 Παρέδωκεν
3039 5056 3255 5123 αὐτοὺς
3286 5060 3319 5112 ό
3352 5059 3501 5125 Θεὸς
3543 5055 3780 5125 εἰς’πὼέὴι

1782 5184 1793 5193 ,
2248 5146 2499 5216 ἀτιμίας.

660 5236 830 5292 Vsus.
864 5237 955 5303 12,
982 5237 1068 5292 15.
1097 5234 1207 5292 Nos
1240 5242 1426 5291 autem
1467 5236 1729 5295 debemus
1759 5242 1967 5308 gratias
1993 5258 2154 5314 agere

2324 5257 2342 5289 ι
2392 5237 2581 5307 Ἡμεῖς
2611 5238 2669 5290 δὲ
2699 5237 2986 5308 ὀφείλομεν
3028 5239 3371 5311 εὐχαριστεῖν
3414 5239 3496 5311 τῷ
3522 5238 3633 5307 Θεῴ
3672 5236 3781 5289 πάνυ

592 5328 703 5384 Deo
757 5300 971 5399 semper
1000 5340 1101 5399 pro
1135 5327 1289 5384 vobis
1314 5365 1331 5393 ,
1373 5326 1570 5384 fratres
1614 5300 1798 5387 dilecti
1829 5346 1859 5387 a
1895 5300 2147 5402 Domino,

2271 5344 2372 5380 ςοτε
2413 5300 2540 5397 περὶ
2584 5300 2756 5398 ὑμῶν,
2794 5300 3013 5399 ἀδελφοὶ
3047 5300 3395 5402 ὴῖαπημένοι
3430 5300 3536 5385 ὑπὸ
3579 5300 3801 5399 Ιένρξοιιλ

589 5416 733 5487 quod
788 5417 1015 5487 elegerit
1058 5432 1156 5472 vos
1198 5416 1342 5473 Deus
1388 5417 1460 5473 ab
1502 5417 1662 5472 initio
1703 5419 1756 5474 in
1801 5421 2056 5488 salutem,
2091 5424 2146 5479 in

2271 5422 2335 5472 ἱτι
2382 5420 2552 5473 εἵλετο
2594 5419 2738 5491 ὑμᾶς
2772 5422 2801 5474 ὁ
2831 5421 2962 5486 Θεὸς
2990 5422 3084 5475 ἀπ’
3112 5423 3286 5493 ἀρχῆς
3310 5426 3393 5487 είς
3427 5423 3704 5492 σωτηρίαν,
3724 5417 3777 5467 ἐν

591 5506 1028 5564 sanctificatione
1052 5508 1302 5580 spiritus,
1334 5516 1392 5563 et
1415 5509 1470 5563 in
1502 5509 1606 5564 (ide
1635 5512 1901 5579 veritatis,
1927 5513 1982 5568 in
2001 5516 2147 5585 quod

2271 5509 2510 5580 ἱιγιασμῷ
2543 5511 2849 5581 πνεύματος
2882 5513 2974 5565 καὶ
3006 5514 3183 5565 πίστει
3209 5514 3489 5584 ἀληθείας,
3517 5516 3589 5576 εἰς
3616 5512 3643 5563 δ
3671 5509 3780 5564 ἑκά-

510 5660 523 5672 '
592 5600 648 5649 et
684 5596 902 5651 vocavit
922 5612 1021 5652 vos
1052 5612 1147 5666 per
1176 5596 1531 5665 Evangelium
1567 5606 1840 5667 nostrum,
1874 5601 1929 5657 in
1953 5603 2143 5674 acqui-

2271 5618 2405 5654 ιεσεν
2454 5602 2594 5671 ὑμᾶς
2636 5601 2723 5655 διὰ
2784 5602 2878 5655 τοῦ
2936 5602 3265 5673 Εύαγγελίου
3314 5606 3472 5675 ήμῶν
3520 5608 3594 5667 εἰς
3639 5616 3777 5669 περι-

594 5685 851 5743 sitionem
877 5687 1065 5758 gloriae
1093 5688 1306 5743 Domini
1340 5689 1518 5744 nostri
1556 5687 1686 5744 Jcsu
1715 5690 1941 5748 Christi.
1982 5712 2000 5745 ι

2271 5692 2467 5764 ποίησιν
2496 5691 2651 5763 δόξης
2691 5692 2785 5745 τοῦ
2830 5695 3030 5765 Κυρίου
3060 5696 3217 5767 ἡμῶν
3262 5694 3435 5767 Ἰησοῦ
3483 5690 3723 5765 Χριστοῦ.
3756 5707 3770 5739 ο

674 5803 721 5835 ⁷⁸
751 5800 917 5859 Marc.
952 5820 1068 5870 xm,
1097 5806 1185 5861 2|.
1265 5808 1308 5840 ⁷⁷
1334 5806 1350 5861 1
1374 5805 1531 5864 Joan.
1563 5820 1622 5871 ιι,
1654 5807 1737 5863 18.
1825 5809 1868 5843 ⁷³
1898 5810 2058 5868 Joan.
2096 5828 2148 5877 ν,

2271 5853 2276 5864 .
2340 5811 2382 5843 ⁷⁸
2409 5810 2563 5867 Rom.
2596 5830 2632 5877 ι,
2655 5813 2745 5868 ‘26.

598 1905 741 1952 rum,
775 1904 1078 1958 eorumque
1114 1889 1250 1943 falsa
1276 1888 1502 1958 placita.
1532 1886 1687 1942 lllius
1721 1887 1867 1942 enim
1897 1897 2027 1943 sunt
2060 1902 2160 1941 an-

596 1992 941 2045 tecessores,
988 1980 1148 2050 cujus
1183 1989 1236 2034 et
1268 1982 1411 2035 viam
1460 1981 1778 2051 expediunt,
1837 1988 2052 2050 tempus
2106 1989 2160 2035 et

596 2072 943 2127 occasionem
976 2071 1286 2141 deceptioni
1325 2080 1601 2141 parantes.
1658 2072 1825 2143 Atqui
1884 2070 2160 2142 apostolo-

597 2179 717 2218 rum
768 2170 926 2219 aetate
986 2163 1223 2219 haereses
1287 2165 1400 2231 jam
1464 2173 1819 2220 emerserant.
1887 2164 2158 2231 Quocirca

592 2253 838 2310 Joannes
888 2256 1224 2326 evangelisla
1274 2256 1545 2311 consimili
1600 2256 1763 2311 modo
1793 2256 1968 2312 dicit:
2006 2257 2158 2311 Sicut

594 2348 825 2401 audistis
851 2347 977 2416 quia
1001 2347 1358 2402 Antio/aristas
1409 2350 1585 2412 venit;
1616 2357 1667 2402 et
1704 2365 1842 2401 nunc
1859 2347 2156 2402 antichristi

597 2440 752 2491 multi
795 2447 920 2492 sunt
949 2439 993 2472 "
1024 2458 1037 2494 :
1071 2455 1191 2511 quae
1217 2440 1438 2512 quidem
1489 2440 1556 2496 de
1594 2440 1867 2496 haereticis
1896 2441 2157 2511 prolocu-

595 2542 685 2585 tus
716 2540 821 2584 est.

666 2621 831 2693 224
864 2641 883 2674 ι
916 2621 1150 2677 Tantum
1186 2622 1279 2693 qui
1308 2630 1455 2679 tenet
1483 2637 1648 2687 nunc,
1680 2622 1854 2679 donec
1883 2622 1950 2679 de
1980 2623 2161 2680 medio

594 2713 712 2767 ﬁat.
754 2712 945 2785 [Vens.
981 2712 1060 2786 8.]
1100 2713 1164 2767 Et
1204 2723 1341 2769 tunc
1372 2715 1819 2770 revelabiturille
1849 2715 2091 2786 iniquus.
2132 2735 2153 2769 ι

666 2806 969 2860 Romanum
1021 2806 1308 2875 imperium
1372 2806 1571 2860 innuit.
1626 2805 1703 2861 Eo
1771 2822 2006 2878 namque
2059 2821 2158 2863 ex-

593 2896 821 2958 SIinrto,
850 2895 1233 2950 Antichristus
1267 2896 1475 2951 veniet.

670 3000 689 3033 ι
736 2982 905 3048 Quem
950 2982 1216 3037 Dominus
1242 2984 1530 3039 interﬁciet
1559 2984 1755 3054 spiritu
1807 2984 1923 3040 oris
1969 2985 2075 3050 sui,
2106 2994 2162 3041 et

594 3074 845 3128 destruet
893 3074 1257 3128 illustratione
1305 3074 1570 3129 adventus
1620 3079 1739 3141 sui;
1788 3091 1935 3141 eum,
1968 3075 2157 3147 [Vt-ms.

594 3166 651 3227 9.
693 3165 790 3237 10]
827 3166 987 3235 cujus
1022 3176 1107 3220 est
1154 3165 1422 3220 adventus
1450 3166 1751 3221 secundum
1787 3169 2158 3238 operationem
2186 3188 2229 3248 α

597 3259 836 3321 Satanae,
871 3259 925 3312 in
970 3258 1117 3313 omni
1168 3258 1391 3321 virtute,
1434 3266 1488 3314 et
1535 3259 1743 3330 signis,
1778 3268 1843 3314 et
1890 3260 2157 3331 prodigiis

598 3350 984 3419 mendacibus,
1013 3360 1066 3406 et
1092 3351 1144 3404 in
1179 3351 1328 3405 omni
1372 3350 1693 3407 seductione
1723 3352 2050 3423 iniquitatis,
2091 3352 2161 3408 iis

596 3441 690 3509 qui
722 3450 971 3510 pereunt.
1011 3460 1029 3493 ι

667 3530 784 3586 Non
839 3531 1001 3588 modo
1052 3531 1343 3586 adventum
1402 3531 1588 3587 docuit
1636 3533 2002 3603 Antichristi,
2065 3536 2162 3593 sed

595 3625 760 3679 etiam
793 3635 1024 3680 mortem
1056 3626 1230 3692 illius,
1268 3633 1430 3693 atque
1461 3642 1490 3678 ιι
1541 3626 1735 3696 primis
1788 3628 1910 3696 ejus
1963 3628 2158 3693 initiis.

594 3726 649 3771 ct
682 3734 708 3769 a
744 3717 1100 3782 novissimis,
1135 3716 1375 3773 ostendit
1420 3718 1598 3787 ipsmn
1653 3719 1972 3775 mendacem
2021 3720 2157 3775 fore.

595 3808 727 3877 Ejus
762 3811 964 3878 quippe
994 3809 1262 3863 adventus
1302 3809 1406 3863 erit
1441 3809 1742 3863 secundum
1789 3811 2158 3879 operationem

592 3900 812 3956 Satanas
847 3920 860 3956 :
896 3901 1117 3956 ﬁnietur
1145 3917 1296 3963 vero.
1338 3901 1787 3973 destrueturque,
1821 3913 1875 3957 et
1915 3903 2161 3957 interibit

593 3994 919 4049 adveniente
944 3992 1206 4048 Domino.
