3844 6410
3 397 104 460 925

944 406 1027 469 IN
1066 408 1300 471 EPIST.
1344 412 1443 469 AD
1478 408 2221 472 THESSALONICENSES
2255 412 2340 471 II.

3130 415 3241 479 926

72 506 375 571 Διεξελθῶν
416 510 510 594 τάχ
527 510 655 582 περὶ
691 511 797 567 τῶν
830 513 1243 585 ἀπιστησάντων
1282 518 1565 580 Ἰουδαίων,

1741 517 2033 588 Postquam
2085 530 2382 577 exsecutus
2418 528 2505 577 est
2550 537 2682 592 quas
2721 522 2787 577 ad
2832 521 3070 586 Iudaeos,
3140 524 3235 594 qui

3 600 99 651 xai
141 598 357 665 διδάξας
400 582 579 654 ὀπᾶον
634 603 812 659 αὐτῶν
865 582 1030 661 ἔσται-
1064 610 1211 672 τέλος
1238 611 1395 681 (Ἵνα
1446 612 1553 681 γὰρ

3 693 272 758 κριθῶσι,
308 690 500 761 φησι),
534 692 862 765 διεξέρχεται
887 699 980 751 καὶ
1014 699 1083 751 τὰ
1116 700 1223 753 τῶν
1250 702 1573 755 πιστευσάν-

4 798 133 843 των,
162 773 237 833 ὧν
270 783 361 835 καὶ
405 782 465 836 τὸ
504 787 784 856 προοίμιον
832 790 1183 861 εὐχαριστία,
1225 794 1321 845 καὶ
1376 794 1467 846 ἐπ)⁸
1498 794 1565 862 τῇ

4 874 325 945 εὐχαριστίᾳ
355 874 531 944 λέγει·
569 878 779 948 πρῶτον
820 882 939 951 μὲν,
964 884 1042 936 ὅτι
1074 884 1438 954 ἠγαπήθησαν
1466 882 1571 937 ὑπὸ

4 964 104 1015 τοῦ
137 966 292 1027 Θεοῦ,
325 968 420 1019 καὶ
455 968 535 1020 ὅτι
570 968 848 1037 ἐξελέξατο
875 974 1071 1037 αὐτοὺς
1092 973 1281 1047 ὥσπερ
1316 976 1570 1046 ἀπαρχὴν

6 1056 90 1116 εἰς
138 1058 429 1127 σωτηρίαν.
462 1061 555 1113 καὶ
589 1061 671 1115 ὃτι
707 1063 955 1132 ήγίασεν,
996 1066 1092 1119 καὶ
1134 1067 1216 1120 ὅτι
1257 1065 1571 1137 Πνεύματος

7 1147 169 1213 ἁγίου
199 1148 449 1215 ἠξίωσεν.

89 1257 108 1289 ι
146 1240 285 1309 ’Ᾱρα
330 1238 441 1305 οὖν,
471 1240 707 1311 ἀδελφοὶ,
750 1247 993 1316 στήκετε,
1027 1248 1120 1302 καὶ
1170 1252 1421 1319 κρατεῖτε
1470 1248 1570 1312 τὰς

10 1330 358 1399 παραδόσεις,
407 1332 473 1396 ἃς
516 1334 850 1408 ἐδιδάχθητε,
882 1339 990 1394 εἴτε
1020 1340 1109 1394 διὰ
1134 1341 1317 1410 λόγου,
1346 1342 1456 1394 εἶτε
1491 1341 1563 1394 δι’

10 1422 333 1491 ἐσπιστολῆς
359 1424 536 1494 ήμῶν.
582 1445 601 1478 ι

93 1514 427 1580 ’Δναγκαῖον,
465 1518 617 1588 φησὶ,
648 1520 775 1583 τοὺς
817 1520 943 1593 περὶ
993 1523 1259 1579 τοσούτων
1284 1526 1568 1597 καυχωμέ-

14 1622 140 1668 νους
170 1605 388 1666 ἑστάναι
422 1608 677 1677 βεῦαίως.

97 1714 113 1746 ι
151 1692 312 1761 Οὗτος
339 1698 397 1752 δὲ
427 1702 455 1753 ὁ
488 1700 687 1771 Κύριος
724 1703 882 1774 ήμῶν
938 1704 1142 1775 Ἰησοῦς
1186 1706 1437 1775 Χριστὸς,
1474 1707 1568 1761 καὶ⁸

1674 624 1780 687 non
1816 613 2126 678 crederent,
2161 614 2508 683 spectabant,
2534 624 2589 670 et
2609 616 2735 685 quis
2765 614 2984 669 futurus
3014 617 3083 670 sit
3110 615 3237 670 ﬁnis

1670 702 1861 758 docuit
1883 704 1981 769 (ait
2007 705 2175 768 enim,
2204 715 2262 758 ut
2282 706 2637 777 judicentur),
2662 723 2809 763 nunc
2837 708 3234 777 edisseritqure

1670 795 1945 863 pertinent
1974 794 2041 848 ad
2084 794 2314 851 ﬁdeles:
2360 810 2593 866 quorum
2632 797 2961 865 prmludium
2996 806 3080 851 est
3107 812 3234 865 gra-

1667 885 1869 939 tiarum
1910 886 2076 949 actio,
2123 901 2331 957 eosque
2365 886 2576 957 gratias
2624 888 2828 943 habere
2880 898 3083 951 monet,
3117 888 3234 955 pri-

1669 991 1814 1030 mum
1839 979 1986 1047 quod
2020 978 2203 1033 dilecti
2235 979 2343 1034 sint
2380 995 2410 1032 a
2442 978 2588 1046 Deo;
2626 979 2865 1048 itemque
2899 980 3045 1049 quod
3073 979 3230 1033 electi

1669 1070 1723 1122 in
1752 1069 1980 1123 salutem
2022 1079 2281 1139 tanquam
2316 1070 2596 1140 primitiae,
2626 1070 2771 1141 quod
2811 1072 2990 1126 sancti
3037 1086 3237 1126 evase-

1666 1156 1799 1223 rint,
1834 1159 1980 1227 quod
2010 1156 2219 1227 Spiritu
2252 1170 2446 1214 sancto
2474 1161 2703 1230 dignati.

1737 1246 1905 1303 Vens.
1941 1248 2028 1303 16.
2066 1269 2084 1301 ι
2122 1247 2332 1319 Itaque,
2357 1250 2586 1315 .l'ratres,
2619 1260 2782 1319 state,
2821 1260 2875 1307 et
2907 1258 3091 1306 tenete
3113 1258 3228 1303 tra-

1666 1335 1909 1392 ditiones
1932 1352 2071 1407 quas
2099 1339 2395 1403 didicistis,
2446 1340 2561 1395 sive
2610 1357 2705 1411 per
2756 1354 3085 1404 sermonem,
3116 1341 3237 1395 sive

1667 1439 1763 1495 per
1791 1426 2085 1495 epistolam
2114 1436 2384 1483 nostram.
2426 1447 2444 1481 ι

1736 1516 1924 1586 Operae
1952 1519 2184 1588 pretium
2208 1528 2315 1584 est,
2337 1520 2533 1591 inquit,
2556 1531 2616 1575 ut
2640 1523 2734 1592 qui
2760 1521 2826 1577 de
2850 1530 2928 1576 tot
2954 1520 3231 1592 tantisque

1665 1604 1827 1660 donis
1866 1607 2204 1674 gloriantur,
2246 1610 2388 1664 ﬁrmi
2425 1612 2747 1665 consistant.

1738 1698 1904 1752 Vens.
1938 1698 2027 1764 15,
2060 1700 2147 1754 16.
2184 1700 2304 1771 lpse
2331 1711 2516 1756 autem
2546 1704 2812 1757 Dominus
2858 1718 2928 1757 no
2963 1713 3045 1758 ter
3069 1702 3229 1758 Jesus

18 1788 49 1840 δ
78 1786 203 1849 Θεὸς
239 1789 332 1842 καὶ
355 1791 539 1862 Πατήρ
562 1793 717 1863 ἡμῶν
746 1795 774 1846 ὁ
804 1796 1095 1867 ἀγαπήσας
1132 1799 1297 1868 ἡμᾶς,
1319 1798 1415 1853 καὶ
1444 1799 1569 1863 δοὺς

1697 1788 1940 1853 lhristus,
1976 1801 2030 1847 et
2064 1792 2230 1857 Deus,
2265 1801 2318 1848 et
2343 1793 2504 1849 Pater
2532 1806 2742 1859 noster,
2780 1797 2874 1865 qui
2903 1796 3096 1849 dilexit
3127 1811 3233 1850 nos

18 1880 357 1951 παράκλησιν
387 1858 614 1937 αἰωνίαν
665 1885 757 1939 καὶ
800 1858 989 1942 ἐλπίδα
1030 1858 1331 1960 ἀγαθήν-ἐν
1362 1858 1562 1960 χάριτι,

1700 1882 1889 1938 tdedit
1915 1884 2348 1941 consolationem
2383 1894 2668 1953 aeternam,
2690 1858 2744 1941 et
2768 1858 2915 1957 spem
2947 1888 3141 1948 bonam
3172 1887 3226 1939 in

20 1968 385 2037 παρακαλέσαι
408 1970 558 2041 ὑμῶν
583 1972 678 2035 τὰς
700 1975 941 2044 καρδίας,
960 1977 1053 2031 καὶ
1077 1976 1321 2047 στηρίξαι
1347 1977 1488 2048 ὑμᾶς
1510 1978 1567 2031 ἐν

1704 1978 1861 2042 ralia,
1890 1978 2208 2032 exhortetur
2232 1978 2397 2033 corda
2427 1986 2630 2045 vestra,
2663 1986 2717 2032 et
2740 1980 3027 2034 conlirmet
3054 1993 3149 2033 vos
3173 1977 3231 2031 in

17 2056 177 2108 παντὶ
208 2056 349 2127 λόγῳ
380 2059 475 2111 καὶ
502 2059 648 2131 ἔργῳ
671 2062 881 2134 ἀγαθῷ.
922 2083 942 2117 ι

89 2148 223 2217 Ὅρα
253 2149 367 2213 πῶς
396 2148 555 2203 πάλιν
592 2154 931 2223 ἐπικουφίζει
975 2155 1156 2209 αὐτῶν
1204 2156 1305 2221 τὰς
1338 2157 1564 2228 θλίψεις,

16 2240 110 2308 τὴν
130 2240 466 2312 παράκλησιν
507 2244 687 2308 αὐτοῖς
710 2245 882 2298 ἐλθεῖν
909 2248 1215 2317 εὐχόμενος.

618 2338 865 2393 ΚΕΦΔΛ.
897 2339 970 2393 I".

84 2442 102 2473 ι
138 2424 209 2477 Τὸ
247 2425 430 2480 λοιπὸν
486 2428 873 2499 προσεύχεσθε,
920 2430 1160 2500 ἀδελφοὶ,
1205 2432 1336 2505 περὶ
1387 2433 1564 2504 ἡμῶν,

1666 2067 1815 2121 οηιιιί
1853 2082 2104 2121 sermone
2127 2076 2182 2121 et
2204 2083 2370 2138 opere
2396 2068 2563 2122 bono.
2600 2087 2619 2121 ι

1736 2156 1871 2212 Vide
1904 2172 2015 2227 quo
2048 2166 2209 2228 pacto
2261 2160 2583 2216 aﬁlictiones
2613 2174 2799 2216 eorum
2850 2161 3010 2226 levat,
3068 2175 3231 2229 orans

1666 2256 1728 2301 ut
1757 2248 1892 2319 ipsis
1916 2249 2129 2304 tandem
2164 2250 2407 2306 solamen
2436 2252 2709 2307 adveniat.

2306 2339 2459 2395 CAP.
2492 2342 2580 2395 Ill.

1733 2427 1897 2484 Vens.
1938 2430 1986 2493 l,
2014 2429 2070 2484 2.
2103 2449 2122 2482 ι
2168 2428 2246 2485 De
2275 2440 2497 2496 caetero,
2530 2431 2755 2497 fratres,
2794 2441 2947 2489 orate
2980 2449 3080 2503 pro
3124 2448 3235 2487 no»

20 2516 104 2569 ἵνα
126 2518 157 2568 ὁ
173 2516 323 2585 λόγος
350 2520 443 2572 τοῦ
468 2520 673 2593 Κυρίου
704 2521 894 2595 τρέχῃ.
920 2524 1012 2577 καὶ
1042 2524 1353 2595 δοξάζηται,
1386 2526 1568 2591 καθὼς

1697 2521 1773 2585 ιὶε,
1805 2530 1863 2575 ut
1892 2536 2070 2576 sermo
2097 2521 2187 2576 Dei
2218 2530 2446 2586 currat,
2496 2536 2548 2577 et
2585 2524 2920 2578 clariﬁcetur
2944 2563 2960 2589 ,
2997 2525 3139 2589 sicut
3171 2532 3226 2577 et

21 2608 266 2679 καὶπρὸς
290 2611 451 2680 ὑμᾶς,
481 2613 574 2665 καὶ
609 2613 696 2667 ἵνα
724 2614 1009 2685 ῥυσθῶμεν
1053 2615 1161 2670 ἀπὸ
1206 2616 1314 2670 τῶν
1353 2617 1567 2671 ἀτόπων

1668 2610 1827 2681 225
1861 2612 1999 2680 apud
2052 2626 2173 2679 vos,
2223 2620 2277 2668 et
2326 2621 2387 2666 ut
2429 2614 2729 2668 liberemur
2774 2615 2841 2667 ab
2901 2614 3231 2683 importunis

22 2703 111 2752 καὶ
142 2703 386 2771 πονηρῶν
415 2704 736 2775 ἀνθρώπων.
762 2707 835 2761 Οὐ
860 2707 968 2779 γάρ
1002 2709 1217 2764 πάντων
1247 2711 1280 2781 ἡ
1306 2711 1503 2773 πίστις.
1542 2728 1562 2763 ι

1702 2710 1721 2754 ι
1751 2702 1907 2757 malis
1937 2702 2271 2759 hominibus.
2309 2703 2427 2759 Non
2465 2704 2609 2759 enim
2644 2704 2885 2759 omnium
2914 2713 3001 2758 cst
3035 2704 3227 2759 ﬁdes.»

86 2794 161 2846 Τὸ
189 2796 297 2847 ῐσον
334 2797 652 2852 άνταπαιτεῖ
678 2816 691 2829 ο
741 2800 1028 2871 εὐχόμενος
1075 2803 1212 2875 ὑπὲρ
1243 2803 1440 2869 αὐτῶν,
1478 2802 1568 2856 εὖ·

22 2884 204 2952 χεσθαι
230 2887 569 2955 προστάττει,
608 2888 700 2941 καὶ
733 2890 871 2961 ὑπὲρ
893 2891 1077 2946 αὐτοῦ.
1112 2893 1259 2965 Αῦτη
1293 2894 1350 2946 δέ
1372 2896 1405 2966 ή
1430 2893 1569 2965 ὑπὲρ

25 2977 177 3031 αὐτοῦ
198 2980 487 3051 προσευχὴ.
506 2981 566 3034 τὸ
588 2984 917 3052 προκόπτειν
933 2985 998 3038 δι’
1015 2986 1178 3039 αὑτοῦ
1202 2986 1263 3039 τὸ
1285 2986 1563 3057 κήρυγμα.

22 3067 198 3131 Οὕτως
243 3070 347 3140 ἀρα
378 3070 459 3123 δεῖ
498 3062 564 3141 με
612 3075 780 3127 αίτεῖν
821 3076 945 3139 τοὺς
991 3076 1179 3144 ἁγίους
1222 3078 1362 3148 ὑπὲρ
1410 3078 1565 3149 ήμῶν

1738 2791 1843 2847 Par
1880 2794 2073 2848 referri
2106 2796 2211 2849 sibi
2250 2796 2518 2866 poslulat,
2552 2804 2605 2850 et
2639 2796 2765 2865 quia
2796 2812 2897 2867 pro
2924 2795 3005 2851 eis
3032 2810 3191 2865 preca

1668 2891 1781 2948 tur,
1816 2884 2066 2953 prmcipit
2114 2894 2174 2937 ut
2222 2886 2327 2955 ipsi
2379 2886 2623 2940 vicissim
2663 2901 2759 2955 pro
2808 2901 2866 2941 se
2909 2893 3231 2955 precentur.

1669 2972 1855 3029 Oratio
1885 2984 2063 3030 autem
2095 2991 2252 3046 quam
2282 2993 2379 3047 pro
2411 2994 2469 3032 se
2494 2978 2683 3048 exigit,
2720 2978 2835 3032 haec
2861 2986 2967 3041 est,
3003 2986 3063 3031 ut
3090 2992 3229 3047 prae-

1669 3066 1872 3121 dicatio
1924 3082 2087 3138 opera
2122 3085 2219 3125 sua
2255 3070 2527 3139 proﬁciat.
2570 3069 2663 3124 S;c
2709 3084 2840 3139 ergo
2875 3084 3067 3139 preces
3098 3084 3226 3123 san-

24 3158 279 3230 εῦχεσθαι.
310 3162 394 3215 ἵνα
423 3165 480 3217 ὲν
517 3167 628 3228 τοῖς
659 3167 799 3221 κατά
846 3167 976 3220 Θεὸν
1025 3169 1420 3241 προκόπτωμεν
1447 3210 1462 3236 ,
1494 3171 1569 3234 ῶς

1697 3169 1884 3216 torum
1917 3176 2018 3230 pro
2050 3161 2210 3216 nobis
2244 3162 2541 3232 eﬁlagitare
2579 3162 2868 3227 incumhit,
2925 3169 2983 3215 ut
3048 3161 3105 3216 in
3160 3161 3229 3216 iis

22 3253 83 3303 τά
115 3269 178 3320 γε
213 3253 346 3308 ἀλλα
374 3256 554 3310 πάντα
572 3258 819 3328 περιττά,
845 3258 937 3312 καὶ
967 3258 1027 3311 ob
1057 3260 1272 3323 πάντως
1297 3262 1563 3332 χρήσιμα,

29 3344 118 3398 κᾶν
156 3346 337 3415 ὑγείαν
370 3349 530 3422 εῖπῃς
554 3388 570 3414 ,
601 3349 700 3405 κᾶν
730 3351 973 3422 εἰρήνην,
1004 3351 1109 3405 κᾶν
1132 3351 1309 3405 ὁτιοῦν
1335 3352 1445 3405 τῶν
1480 3353 1569 3405 ἐκ-

26 3436 125 3499 τός.
632 3468 649 3479 ~

93 3631 111 3663 ι
144 3613 340 3677 Πιστὸς
365 3614 421 3668 δέ
445 3615 592 3669 ἐστιν
616 3616 644 3668 ὁ
676 3617 899 3687 Κύριος,
931 3617 990 3682 ὃς
1020 3616 1261 3689 στηρίξει
1282 3616 1445 3687 ὑμᾶς,
1474 3616 1570 3673 καὶ

28 3701 237 3768 sumas:
266 3703 373 3756 ἀπὸ
396 3704 489 3757 τοῦ
520 3706 777 3776 πονηροῦ.
823 3725 843 3758 ι

88 3795 253 3846 Τοῦτο
280 3796 417 3866 ὅπερ
459 3796 625 3867 ᾔτησε
667 3799 863 3862 αὐτοὺς
896 3798 1036 3869 ὑπὲρ
1080 3797 1244 3853 αὐτοῦ
1290 3798 1565 3865 εὔξασθαι,

28 3888 109 3939 καὶ
140 3887 301 3950 αὐτὸς
323 3888 462 3958 ὑπὲρ
494 3890 668 3943 αὐτῶν
693 3890 1146 3963 εὕχεται.¹ᾘτησε
1176 3892 1252 3956 δὲ,
1284 3892 1370 3945 ἴνα
1398 3891 1565 3963 ρυσθῇ

29 3979 83 4029 ὲκ
127 3980 234 4033 τῶν
286 3980 503 4035 ἀτόπων
552 3983 853 4053 ἀνθρώπων
904 3984 1012 4038 τῶν
1050 3984 1436 4055 ἀντικειμένων
1500 3988 1566 4056 τῇ

30 4072 216 4125 πίστει.
250 4073 421 4126 Τοῦτο
452 4074 544 4127 οῦν
590 4078 683 4128 xai.
710 4076 868 4140 αὐτὸς
908 4076 1089 4140 αὐτοῖς
1122 4076 1444 4148 ἐπεύχεται,
1475 4093 1568 4146 φυ·

30 4165 284 4236 λαχθῖψαι
313 4168 419 4221 ἀπὸ
446 4170 540 4222 τοῦ
572 4170 831 4241 πονηροῦ.

94 4278 111 4309 ι
148 4260 495 4331 Πεποίθαμεν
537 4261 595 4314 δὲ
624 4263 681 4317 ἐν
709 4263 897 4335 Κυρίῳ
925 4265 1009 4334 ἐφ’
1047 4264 1211 4335 ὑμᾶς,
1238 4265 1321 4319 ὅτι
1354 4264 1390 4319 ἃ.
1424 4282 1567 4337 παρ·

29 4350 343 4420 αγγέλλομεν
375 4352 523 4421 ὑμῖν,
547 4353 641 4406 καὶ
669 4357 890 4407 ποιεῖτε.
929 4373 949 4406 ι

87 4442 163 4494 υο
193 4441 385 4511 χρείαν
419 4442 561 4512 ἐχειν
598 4444 791 4508 αὐτούς
824 4462 978 4517 φησι,
1003 4445 1111 4500 τῶν
1137 4446 1340 4501 λοιπῶν
1368 4464 1569 4517 παραι-

1673 3268 1794 3323 quae
1832 3260 2080 3323 spectant
2111 3252 2175 3307 ad
2206 3252 2395 3316 Deum,
2420 3269 2750 3323 progressus
2776 3253 3065 3318 faciamus,
3102 3268 3227 3307 cum

1673 3354 1866 3399 cetera
1899 3345 2078 3398 omnia
2118 3360 2521 3414 supervacanea
2554 3347 2685 3407 sint,
2718 3360 2819 3400 nec
2861 3361 3093 3414 prorsus
3121 3343 3227 3397 uti-

1674 3436 1765 3500 lia,
1806 3436 1907 3490 etsi
1938 3438 2229 3489 sanitatem
2263 3435 2433 3499 dicas,
2474 3438 2575 3489 etsi
2607 3450 2816 3505 pacem,
2850 3436 2956 3491 etsi
2994 3434 3233 3505 quodvis

1674 3525 1823 3581 aliud
1865 3526 2149 3581 eximium.

1744 3616 1909 3672 Vsns.
1941 3617 1992 3671 5.
2027 3636 2045 3669 ι
2077 3615 2277 3672 Fidelis
2304 3627 2485 3673 autem
2520 3620 2661 3673 Deus
2692 3627 2796 3681 est,
2820 3618 2912 3687 qui
2938 3616 3238 3673 conﬁrma-

1674 3709 1753 3764 bit
1780 3724 1901 3773 vos,
1932 3717 1985 3764 et
2009 3709 2279 3763 custodiet
2312 3724 2342 3762 a
2374 3710 2537 3763 malo.
2572 3728 2591 3761 ι

1742 3802 1799 3857 Id
1847 3802 1990 3872 quod
2048 3802 2201 3872 petiit
2253 3811 2312 3856 ut
2358 3818 2457 3871 pro
2505 3817 2564 3856 se
2597 3800 2967 3872 postularent,
3003 3802 3119 3871 ipse
3147 3799 3231 3855 eis

1674 3902 2020 3963 apprecatur.
2044 3892 2273 3964 Regavit
2294 3901 2476 3947 autem
2515 3904 2571 3946 ut
2603 3893 2672 3948 ab
2703 3893 3029 3962 importunis
3056 3893 3230 3946 homi-

1674 3983 1858 4045 nibus,
1882 3982 1973 4051 qui
2006 3982 2126 4037 ﬁdei
2151 3983 2517 4051 obsistebant,
2559 3984 2885 4039 liberaretur
2913 4000 2928 4037 :
2962 3983 3065 4037 hoc
3104 3997 3233 4053 ergo

1673 4075 1791 4145 ipse
1806 4073 2053 4130 vicissim
2073 4074 2184 4129 illis
2201 4082 2549 4145 apprecatur,
2578 4083 2637 4130 ut
2663 4090 2858 4145 nempe
2886 4083 3172 4131 serventur
3198 4088 3234 4127 a

1674 4165 1840 4220 malo.

1747 4254 1909 4313 Vens.
1938 4255 1995 4310 4.
2037 4274 2056 4307 ι
2098 4253 2441 4312 Conﬁdimus
2476 4263 2657 4311 autem
2685 4256 2742 4311 in
2778 4254 3013 4312 Domino
3038 4256 3105 4312 de
3135 4272 3232 4311 vo-

1673 4349 1784 4414 bis,
1814 4349 2072 4419 quoniam
2100 4365 2221 4420 quae
2246 4349 2590 4420 praecipimus
2620 4350 2778 4407 vobis
2802 4392 2817 4417 ,
2854 4358 2908 4406 et
2954 4348 3160 4405 facitis.
3209 4369 3229 4401 ι

1745 4439 1837 4493 Ait
1870 4456 1966 4497 eos
1991 4441 2414 4510 quibuscunque
2455 4441 2581 4494 aliis
2611 4440 3093 4496 adhortationibus
3125 4456 3232 4493 non

32 4531 234 4585 vésswv'
269 4532 407 4602 Ἤδη
437 4533 566 4604 γάρ,
596 4536 756 4604 φησὶν
780 4576 796 4603 ,
825 4535 993 4599 αὑτὰς
1022 4538 1328 4601 ἐπεδείξατε
1355 4538 1439 4591 διά
1460 4540 1568 4591 τῶν

1697 4530 1935 4601 ndigere.
1970 4530 2080 4587 llas
2113 4532 2259 4585 enim
2302 4547 2467 4601 opere
2494 4521 2846 4601 praestitistis,
2875 4532 3093 4601 inquit;
3136 4548 3235 4585 nec

33 4621 222 4689 ἔργων’
275 4624 368 4675 καὶ
402 4625 502 4677 οὐκ
531 4625 786 4696 ἀρκεῖσθε
826 4626 919 4681 ἐπὶ
959 4630 1073 4691 τοῖς
1102 4627 1404 4696 γεγονόσιν,
1438 4628 1569 4683 ἀλλά

1697 4622 1737 4676 is
1766 4637 1885 4691 quae
1914 4630 2070 4693 gesta
2105 4630 2257 4688 sunt,
2284 4624 2528 4677 contenti
2566 4622 2723 4687 estis,
2752 4622 2851 4678 sed
2887 4630 2943 4677 et
2974 4622 3235 4691 deinceps

36 4714 112 4765 ita".
140 4712 282 4784 μετὰ
308 4714 480 4767 ταῦτα
513 4717 874 4788 προσθήσετε.

97 4821 113 4854 ι
162 4805 228 4856 '0
274 4804 331 4857 δὲ
386 4804 589 4875 Κύριος
626 4808 950 4861 κατευθύναι
999 4809 1155 4879 ὑμῶν
1198 4809 1296 4873 τὰς
1346 4810 1574 4881 καρδίας

38 4893 103 4955 εἰς
127 4896 227 4966 τὴν
260 4895 480 4966 ἀγάπην
504 4897 596 4950 τοῦ
626 4897 779 4963 Θεοῦ,
808 4900 1138 4974 καλείςκτιὴν
1162 4900 1570 4973 ’ὁπομονὴντοῦ

35 4978 278 5047 Χριστοῦ.
314 5003 333 5035 ι
480 5006 490 5013 κ

91 5074 324 5145 Συνεχὴς
363 5076 397 5149 ἡ
448 5080 741 5151 προσευχὴ,
793 5080 977 5152 ἐπειδὴ
1022 5081 1117 5134 καὶ
1158 5081 1285 5151 περὶ
1325 5081 1579 5151 μεγάλων

43 5164 262 5231 ἴδηται,
296 5165 466 5223 Τοῦτο
491 5172 548 5224 δέ
580 5175 695 5225 ἐστι
716 5212 732 5237 ,
759 5172 821 5225 τὸ
866 5174 1147 5243 ἀγαπῆσαι
1179 5173 1270 5225 τὸν
1304 5172 1455 5237 Θεὸν.
1488 5176 1581 5227 καὶ

40 5257 317 5329 ὑπομεῖναι
341 5265 461 5326 ταῖς
492 5263 631 5335 ὑπὲρ
672 5264 908 5336 Χριστοῦ
943 5265 1151 5334 θλίψεσι
1174 5307 1188 5329 ,
1218 5267 1312 5319 καὶ
1349 5266 1578 5336 συνάψαι

39 5352 92 5417 τῇ
122 5353 309 5424 ἀγάπῃ
340 5354 441 5425 τὴν
469 5355 743 5426 ὑπομονὴν
763 5397 777 5420 ,
813 5356 1013 5426 μᾶλλον
1058 5357 1115 5410 δέ
1148 5357 1444 5428 σφραγίσαι
1482 5358 1579 5428 τὴν

42 5441 250 5515 ἀγάπην
276 5448 344 5517 τῇ
372 5447 614 5518 ὑπομονῇ
640 5468 653 5479 ·
684 5447 759 5511 ὡς
788 5449 839 5501 εί
883 5449 1205 5518 ἀγαπῶμεν,
1234 5448 1332 5520 οὐχ
1364 5450 1577 5521 ὑπομέο

40 5542 184 5599 νομεν
213 5533 296 5600 δὲ,
321 5536 416 5589 καὶ
440 5537 474 5607 ή
509 5536 695 5607 ἀγάπη
722 5535 1021 5593 διαλύεται.

104 5728 120 5759 ι
154 5711 609 5781 Παραγγέλλομεν
631 5710 687 5765 δὲ
717 5712 867 5782 ὑμῖν,
895 5712 1127 5781 ἀδελφοὶ,
1149 5716 1206 5768 ἐν
1227 5716 1446 5785 ὀνόματι
1479 5720 1578 5774 τοῦ

44 5795 232 5867 Κυρίου
260 5803 419 5875 ήμῶν
457 5801 630 5874 Ἰησοῦ
660 5802 917 5874 Χριστοῦ,
954 5804 1260 5859 στέλλεσθαι
1305 5808 1446 5879 ὑμᾶς
1475 5811 1580 5865 ἀπὸ

1670 4712 1966 4782 adjicietis.

1744 4800 1908 4856 Vens.
1953 4800 2005 4854 5.
2064 4818 2084 4852 ι
2139 4799 2404 4854 Dominus
2453 4808 2636 4856 autem
2694 4801 2893 4872 dirigat
2952 4802 3127 4859 corda
3184 4812 3237 4857 et

1672 4908 1902 4963 corpora
1964 4900 2147 4947 vestra
2216 4891 2275 4946 in
2337 4890 2606 4947 charitate
2676 4890 2770 4947 Dei
2837 4901 2891 4949 et
2965 4895 3235 4965 patientia

1678 4985 1904 5042 Christi.
1953 5003 1973 5038 ι

1748 5076 2127 5133 Precationem
2161 5076 2468 5143 continuat,
2518 5077 2649 5147 quia
2699 5078 2769 5133 de
2815 5079 3029 5151 magnis
3070 5079 3235 5137 rebus

1681 5170 1887 5240 agitur.
1946 5167 2061 5223 lloc
2110 5175 2291 5222 autem
2344 5174 2429 5223 est
2483 5168 2648 5223 Deum
2703 5183 2911 5233 amare,
2965 5170 3237 5239 patienter

1679 5262 1915 5316 tolerare
1965 5275 2088 5331 quae
2144 5259 2355 5315 Christi
2416 5274 2583 5315 causa
2631 5260 2943 5317 vexationes
2994 5260 3233 5316 obvene-

1683 5352 1814 5416 rint,
1866 5360 1921 5406 et
1966 5337 2330 5405 tolerantiam
2387 5365 2513 5405 cum
2580 5350 2875 5405 dilectione
2929 5351 3233 5420 copulare:

1683 5443 1929 5513 quinimo
1981 5441 2329 5497 dilectionem
2388 5441 2681 5496 tolerantia
2735 5440 3047 5512 obsignare.
3096 5441 3233 5497 Nam

1682 5536 1727 5590 si
1771 5533 2075 5604 diligimus,
2109 5548 2287 5605 neque
2325 5532 2683 5595 sustinemus,
2717 5531 2937 5586 dilectio
2976 5531 3029 5586 in
3068 5546 3233 5589 auras
3332 5550 3337 5559 '

1682 5625 1813 5681 abit.

1756 5716 1919 5773 Vens.
1947 5716 2062 5771 6-8.
2108 5737 2127 5770 ι
2157 5716 2550 5773 Denuntiamus
2578 5725 2758 5773 autem
2789 5715 2977 5778 vobis.
3011 5716 3233 5786 fratres,

1688 5810 1740 5865 in
1756 5809 1977 5865 nomine
2007 5809 2217 5865 Domini
2236 5810 2408 5867 nostri
2426 5808 2553 5866 Jesu
2580 5808 2806 5877 Christi,
2822 5816 2881 5863 ut
2899 5808 3234 5867 subtrahatis
