3844 6396
709 371 817 435 927

1897 394 1956 451 S.
1993 393 2308 455 JOANNIS
2334 397 2761 460 DAMASCENI
3709 418 3766 478 (ἔΞῖ

712 504 812 543 vos
838 489 909 545 ab
933 492 1081 546 omni
1128 492 1295 551 fratre
1339 498 1655 557 ambulante
1704 504 2035 574 inordinate,
2071 520 2127 566 et
2154 527 2260 567 non

2366 516 2562 580 παντὸς
2616 516 2845 586 ἀδελφοῦ
2913 518 3165 580 ἀτάκτως
3195 519 3595 588 περιπατοῦντος,
3639 528 3699 577 καὶ
3728 533 3766 598 βξ

713 582 1017 636 secundum
1066 584 1413 643 traditionem
1449 606 1613 660 quam
1660 606 1991 667 acceperunt
2019 616 2049 655 a
2083 602 2263 659 nobis.

711 670 820 740 Ipsi
883 672 1028 727 enim
1085 677 1239 731 scitis
1288 683 1745 748 quemadmodum
1797 698 2007 757 oportet
2058 692 2264 749 imitari

710 776 835 824 nos,
876 765 1133 833 quoniam
1169 783 1276 822 non
1316 770 1540 841 inquieti
1593 774 1794 834 fuimus
1834 780 1979 836 inter
2012 798 2131 848 vos,
2166 801 2265 842 ne-

709 868 817 920 que
851 856 1023 923 gratis
1064 872 1261 926 panem
1290 863 1606 931 accepimus
1633 868 1700 922 ab
1723 869 1929 939 aliquo,
1964 882 2057 929 sed
2090 876 2145 930 in
2181 877 2266 930 la-

710 944 845 998 bore
893 955 951 999 et
1008 947 1329 1018 fatigatione
1378 963 1536 1009 nocte
1588 969 1642 1012 et
1681 958 1768 1015 die
1813 972 2135 1034 operantes,
2198 984 2267 1024 ne

710 1051 871 1106 quem
907 1050 1147 1092 vestrum
1185 1057 1557 1110 gravaremus.
1602 1068 1622 1100 ι

784 1126 893 1181 Hoc
918 1130 1079 1183 etiam
1118 1133 1328 1198 suadet,
1367 1143 1425 1189 ut
1453 1137 1659 1195 otiosos
1681 1140 1943 1199 devitent.
1971 1146 2102 1201 Nam
2126 1149 2266 1219 ejus-

709 1216 852 1269 modi
888 1217 1011 1284 viri,
1038 1219 1350 1278 blaterones
1382 1235 1510 1282 sunt
1527 1236 1583 1281 et
1612 1230 1780 1286 anxii.
1805 1233 1882 1288 Ac
1911 1235 1955 1288 si
1982 1235 2117 1306 ipse,
2139 1216 2262 1293 cum

710 1306 1033 1371 praedicaret
1097 1309 1477 1382 Evangelium,
1533 1328 1703 1374 artem
1755 1338 1908 1379 suam
1956 1326 2261 1393 factitabat,

706 1403 915 1461 quanto
949 1400 1124 1468 magis
1155 1402 1294 1457 alios
1337 1407 1562 1472 perinde
1611 1414 1866 1472 manibus
1906 1417 2021 1473 Suis
2050 1422 2263 1489 operari

707 1488 995 1554 oportebat
1022 1490 1033 1542 l

780 1574 947 1632 Vens.
990 1582 1141 1636 9-12.
1202 1601 1220 1635 ι
1258 1582 1377 1639 Non
1423 1591 1577 1658 quasi
1626 1606 1732 1646 non
1776 1594 2132 1656 habuerimus
2164 1615 2266 1672 po-

709 1674 995 1738 testatem;
1054 1674 1147 1728 sed
1202 1686 1260 1730 ut
1321 1684 1688 1752 nosmetipsos
1730 1685 1961 1743 formam
2008 1692 2265 1750 daremus

711 1761 867 1817 vobis
896 1761 965 1815 ad
992 1765 1314 1822 imitandum
1334 1784 1454 1825 nos.
1481 1771 1612 1827 Nam
1635 1783 1829 1831 etcum
1857 1794 2103 1839 essemus
2120 1786 2263 1856 apud

2367 606 2508 659 κατὰ
2539 607 2637 678 τὴν
2666 608 2962 678 παράδοσιν
2983 609 3049 679 ἣν
3072 608 3366 679 παρέλαϐον
3393 612 3508 680 παρ’
3528 612 3663 681 ἡμῶν.
3680 619 3766 670 Δὺιιέ

2366 698 2473 770 γὰρ
2496 700 2672 753 οἴδατε
2700 701 2815 763 πῶς
2843 701 2924 754 δεῖ
2959 700 3242 771 μιμεῖσθαι
3273 704 3444 770 ἡμᾶς,
3472 704 3540 756 ὅτι
3598 706 3669 759 οὐκ
3697 710 3766 775 ita.

2365 792 2642 863 κτήσαμεν
2660 793 2718 845 ἐν
2747 793 2776 845 ὑ
2784 794 2896 860 μῖν,
2926 793 3047 845 οὐδὲ
3067 793 3271 862 δωρεὰν
3298 793 3449 862 ἄρτον
3471 793 3672 865 ἐλάϐομεν
3688 806 3766 868 angi

2363 897 2525 945 τινος,
2563 882 2679 935 ἀλλ’
2718 883 2777 935 ἐν
2820 882 2974 952 κόπῳ
3007 882 3100 935 καὶ
3133 882 3313 953 μόχθῳ
3356 882 3510 935 νύκτα
3540 886 3614 937 καὶ
3645 887 3767 957 ἡμέραν
3806 916 3809 957 3

2364 969 2740 1041 ἐργαζόμενοι,
2768 972 2903 1043 πρὸς
2933 971 2995 1024 τὸ
3023 972 3097 1042 μὴ
3125 972 3451 1043 ἐπιϐαρῆσαὶ
3480 989 3580 1026 τινα
3602 973 3747 1044 iam.»

2432 1152 2542 1204 Καὶ
2574 1151 2731 1205 τοῦτο
2758 1153 2940 1216 αὐτοῖς
2966 1155 3240 1222 παραινεῖ,
3280 1153 3340 1206 τὸ
3374 1154 3677 1224 παραιτεῖσθαι
3701 1160 3766 1217 τοῖς

2364 1242 2585 1311 ἀργούς.
2621 1238 2795 1298 Οὗτοι
2828 1245 2936 1316 γάρ
2977 1245 3113 1297 εἰσιν
3147 1244 3239 1298 καλ⁸
3270 1244 3505 1315 φλύαροι,
3548 1247 3619 1297 καὶ

2363 1349 2470 1400 γοι.
2510 1334 2618 1387 Καὶ
2653 1336 2699 1387 sl
2728 1335 2888 1399 αὐτὸς
2911 1336 2970 1389 τὺ
3008 1335 3337 1403 Εὐατγέλιον
3376 1335 3615 1406 κηρύττων
3639 1338 3759 1405 irai:-

2362 1442 2472 1493 ται,
2505 1426 2654 1499 πόσῳ
2691 1428 2888 1497 μᾶλλον
2918 1428 3045 1493 τοὺς
3072 1430 3267 1493 ἄλλους
3299 1427 3593 1498 ἐργάζεσθαι
3617 1428 3691 1489 δεῖς

2432 1607 2541 1678 Οὐχ
2569 1608 2650 1661 ὅτι
2695 1607 2796 1662 οὐκ
2843 1607 3038 1679 ἔχομεν
3075 1607 3345 1673 ἐξουσίαν,
3394 1605 3500 1659 ἀλλ’
3535 1606 3605 1659 ἵνα
3642 1605 3762 1663 tam;

2361 1698 2529 1753 τύπον
2550 1700 2728 1771 δῶμεν
2770 1700 2921 1771 ὑμῖν,
2953 1701 3034 1764 εἰς
3065 1700 3127 1753 τὸ
3155 1698 3435 1770 μιμεῖσθαι
3473 1699 3611 1769 ἡμᾶς.
3632 1697 3764 1763 Κιὶγξρ

2362 1793 2449 1844 ὅτε
2473 1788 2613 1863 ἦμεν
2653 1792 2787 1863 πρὸς
2810 1794 2975 1863 ὑμᾶς,
3004 1792 3158 1846 τοῦτο
3179 1791 3597 1863 παρηγγέλλομεν
3617 1790 3765 1858 {ipim}:

708 1866 827 1916 vos,
883 1853 987 1909 hoc
1036 1856 1496 1918 denuntiabamus
1541 1866 1717 1933 vobis,
1745 1872 2024 1941 quoniam,
2060 1875 2107 1931 si
2141 1853 2260 1948 quis

2368 1884 2419 1937 εἴ
2441 1853 2527 1948 τιξ
2548 1887 2608 1937 οὐ
2640 1853 2780 1937 θέλει
2801 1853 3131 1954 ἐργάξεσθαι
3154 1924 3169 1947 ,
3191 1853 3331 1954 μηδέ
3346 1853 3447 1936 ἐσθ
3461 1853 3581 1934 ιέτω.
3595 1853 3767 1945 'Aaa’mn

710 1956 820 1995 non
854 1944 967 1996 vult
996 1953 1233 2014 Operari,
1272 1966 1374 2005 nec
1405 1954 1717 2013 manducet.
1750 1961 2080 2022 Audivimus
2120 1944 2264 2023 enim

711 2032 853 2087 inter
881 2050 976 2091 vos
996 2040 1262 2105 quosdam
1289 2044 1571 2102 ambulare
1595 2050 1855 2121 inquiete,
1880 2056 2018 2110 nihil
2038 2073 2267 2130 Operan-

712 2132 813 2186 tes,
845 2128 937 2181 sed
974 2137 1027 2181 et
1057 2133 1276 2188 curiose
1305 2146 1547 2205 agentes.
1574 2139 1643 2197 lis
1667 2151 1848 2200 autem
1876 2149 1969 2217 qui
1995 2128 2265 2218 ejusmodi

710 2208 859 2280 sunt,
902 2218 1295 2282 denuntiamus
1345 2237 1399 2282 et
1446 2232 1805 2293 obsecramus
1844 2254 1943 2309 per
1971 2242 2265 2299 Dominum

712 2319 961 2364 nostrum
1003 2311 1185 2369 Jesum
1239 2319 1539 2385 Christum,
1599 2336 1657 2382 ut
1704 2346 1829 2385 cum
1870 2333 2088 2391 silentio
2134 2352 2267 2407 ope-

713 2410 913 2466 rantes,
947 2418 1105 2460 suum
1137 2424 1329 2477 panem
1365 2418 1717 2477 manducent.
1755 2442 1773 2476 ι

782 2495 914 2551 Nam
951 2497 1211 2558 Dominus
1260 2510 1548 2566 constituit
1597 2514 1704 2569 illis
1751 2517 1843 2585 qui
1905 2518 2266 2586 praedicarent

712 2581 1087 2655 Evangelium,
1121 2602 1179 2645 ut
1206 2593 1273 2649 de
1308 2594 1600 2668 Evangelio
1632 2581 1896 2662 viverent.

778 2673 946 2733 Vens.
981 2679 1067 2734 15.
1104 2699 1121 2732 ι
1170 2681 1281 2739 Vos
1316 2700 1518 2759 autem,
1550 2692 1766 2760 fratres,
1814 2698 1984 2753 nolite
2033 2699 2263 2755 deficere

707 2764 1139 2827 benefacientes.
1182 2792 1199 2825 ι

778 2859 941 2931 226
981 2861 1076 2917 Vel
1118 2866 1282 2922 tacite
1341 2870 1407 2926 de
1464 2875 1739 2945 eroganda
1795 2878 1937 2947 stipe
2003 2879 2260 2950 loquitur,

708 2948 795 3001 vel
844 2951 951 3005 hoc
1002 2952 1078 3005 ait
1123 2973 1136 3009 :
1192 2954 1416 3015 Minime
1473 2962 1743 3022 fatiscatis
1807 2966 1862 3020 in
1924 2948 2264 3028 admonendo

706 3036 831 3092 illos
862 3040 953 3109 qui
994 3044 1189 3099 nolunt
1212 3051 1447 3116 operari.
1475 3056 1587 3109 Hoc
1616 3056 1762 3110 enim
1797 3064 1881 3112 est
1912 3059 2049 3114 bene
2081 3077 2260 3132 agere,

706 3131 930 3195 quando
974 3140 1314 3194 consuetudo
1364 3144 1507 3198 mala
1553 3145 2036 3206 exhortationibus
2076 3131 2258 3209 elimi-

706 3226 891 3273 natur.

778 3309 945 3368 Vens.
982 3316 1162 3374 14-16.
1210 3340 1228 3371 ι
1264 3321 1417 3387 Quod
1457 3326 1501 3378 si
1535 3326 1661 3397 quis
1699 3344 1810 3384 non
1862 3331 2048 3387 obedit
2097 3335 2263 3389 verho

704 3412 900 3459 nostro
931 3422 1027 3476 per
1056 3412 1379 3479 epistolam,
1426 3417 1573 3473 hunc
1618 3430 1827 3488 notate,
1856 3432 1910 3478 et
1941 3441 2007 3479 ne
2033 3427 2257 3480 commi-

705 3499 967 3554 sceamini
997 3517 1119 3555 cum
1153 3505 1268 3571 illo,
1309 3517 1369 3561 ut
1399 3510 1799 3581 confundatur;
1832 3523 1886 3571 et
1914 3518 2259 3589 nolitequasi

704 3585 987 3645 inimicum
1010 3596 1350 3662 existimare,
1380 3602 1473 3656 sed
1496 3605 1757 3675 corripite
1784 3615 1844 3661 ut
1870 3607 2112 3664 fratrem.
2141 3610 2262 3681 Ipse

702 3687 881 3733 autem
923 3681 1187 3741 Dominus
1218 3691 1389 3758 pacis.
1430 3710 1449 3743 ι

773 3773 1196 3833 Animadversio
1226 3780 1341 3836 hac
1376 3784 1666 3842 mediocris
1694 3802 1817 3844 esse
1839 3792 2261 3849 contumacibus

703 3862 953 3946 videtur:
986 3878 1363 3927 verumtamen
1400 3889 1430 3929 e
1477 3876 1818 3946 gravissimis
1866 3889 1969 3937 est.
2018 3880 2151 3936 Nam
2203 3892 2262 3937 ut

702 3937 826 4023 quis
888 3959 1168 4018 solitarius
1222 3975 1380 4033 agat,
1441 3969 1662 4024 tametsi
1720 3971 1775 4024 in
1829 3972 1963 4026 urbe
2022 3982 2260 4039 maneat,

702 4047 834 4115 quid
864 4049 967 4105 hac
999 4067 1159 4121 pmna
1210 4058 1430 4125 gravius
1472 4059 1674 4115 fuerit?
1716 4060 1867 4117 Hanc
1914 4073 2093 4118 autem
2149 4080 2260 4120 non

703 4139 851 4202 odio,
881 4142 974 4195 sed
1007 4158 1192 4200 amore
1222 4147 1369 4202 illius
1400 4151 1493 4219 qui
1522 4155 1821 4216 castigatur
1842 4193 1857 4217 ,
1890 4153 2083 4225 infligit
2112 4174 2126 4211 :
2160 4172 2262 4211 un-

702 4230 770 4285 de
796 4230 1101 4301 subjunxit,
1130 4246 1180 4289 et
1213 4238 1374 4293 nolite
1396 4241 1549 4309 quasi
1569 4243 1837 4296 inimicum
1860 4244 2184 4301 existimare.

782 4340 801 4373 ι
850 4321 948 4378 Det
974 4326 1128 4380 vobis
1161 4343 1349 4396 pacem
1395 4334 1782 4401 sempiternam
1815 4334 1871 4387 in
1901 4338 2047 4390 omni
2074 4337 2256 4393 modo.

702 4411 968 4472 Dominus
1014 4420 1084 4472 sit
1114 4435 1239 4476 cum
1272 4424 1526 4478 omnibus
1567 4425 1741 4479 vobis.
1775 4424 1965 4498 [γεω.
2009 4427 2117 4501 17.]
2156 4428 2258 4484 Sa-

701 4505 900 4562 lutatio
929 4524 1047 4564 mea
1080 4526 1245 4567 manu
1283 4513 1459 4567 Pauli.
1504 4535 1521 4566 ι

769 4596 909 4651 Cum
943 4613 1039 4655 eos
1074 4605 1503 4660 commonuisset
1542 4615 1601 4660 ut
1628 4619 2051 4679 segregarentur
2091 4611 2158 4665 ab
2192 4611 2259 4665 iis

700 4689 795 4757 qui
825 4690 1137 4749 inordinate
1165 4707 1403 4766 agerent,
1433 4699 1675 4753 ostendit
1719 4699 1772 4754 id
1816 4716 1873 4756 se
1906 4716 2011 4756 non
2045 4713 2258 4772 sponte,

703 4782 798 4835 sed
851 4785 1183 4841 necessitate
1240 4790 1583 4858 compulsum
1642 4789 1859 4847 fecisse.
1894 4793 2090 4847 Statim
2128 4811 2259 4865 ergo

702 4879 859 4942 rogat
891 4882 949 4927 ut
982 4889 1143 4943 poena
1176 4880 1394 4934 tandem
1426 4880 1664 4947 desinat,
1710 4882 1815 4937 hoc
1850 4892 1955 4946 est,
1995 4900 2104 4939 non
2135 4900 2261 4954 per-

703 4968 885 5029 petua,
939 4979 1042 5019 nec
1088 4969 1399 5024 omnimoda
1452 4972 1728 5040 separatio
1774 4973 1879 5039 sit;
1931 4986 2117 5043 pacem
2177 4976 2261 5029 ni-

702 5055 901 5109 mirum
940 5056 1021 5111 eis
1063 5061 1429 5128 apprecaudo.
1478 5062 1700 5119 Desinet
1740 5072 1922 5118 autem
1946 5102 1960 5126 ,
1994 5065 2084 5119 ubi
2118 5066 2261 5119 otio-

703 5146 753 5199 si
801 5146 881 5200 illi
931 5155 986 5203 et
1034 5148 1236 5204 inertes
1281 5152 1640 5207 mutabuntur
1688 5154 1743 5208 in
1790 5164 2047 5211 actuosos
2097 5166 2150 5210 et
2182 5158 2261 5213 di-

704 5238 957 5309 ligentes.

781 5350 800 5383 ι
838 5330 995 5397 Quod
1030 5342 1114 5387 est
1142 5334 1357 5404 signum
1399 5337 1451 5389 in
1481 5338 1630 5391 omni
1650 5340 1879 5408 epistola
1915 5359 1927 5393 :
1965 5342 2034 5395 ita
2057 5342 2257 5397 scribo.

706 5422 897 5494 [VERS.
932 5425 1043 5497 18.]
1072 5425 1258 5480 Gratia
1295 5426 1504 5482 Domini
1534 5430 1708 5484 nostri
1737 5429 1866 5486 Jesu
1895 5431 2260 5503 Clll’lSli_CUllI

706 5514 963 5570 omnibus
1002 5516 1181 5572 vobis.
1212 5518 1408 5573 Amen.
1456 5539 1475 5571 ι

779 5604 1231 5674 Quandoquidem
1263 5607 1517 5677 Epistolas
1548 5610 1701 5665 initio
1743 5613 1799 5666 in
1848 5614 1994 5667 hunc
2041 5615 2258 5693 modum.

711 5692 969 5764 praelatus
1007 5706 1171 5751 erat:
1214 5698 1395 5754 Fidem
1449 5702 1558 5757 illis
1602 5717 1709 5757 non
1743 5704 1999 5760 adhibete
2035 5692 2129 5773 qui
2172 5723 2259 5762 se-

710 5786 951 5845 cundum
984 5787 1195 5846 Domini
1237 5791 1529 5849 adventum
1577 5796 1736 5852 modo
1781 5797 1987 5853 instare
2038 5812 2255 5854 annun-

2366 1973 2472 2043 γάρ
2517 1990 2668 2036 τινας
2701 1972 3136 2045 περιπατοῦντας
3180 1975 3238 2027 ἐν
3272 1975 3397 2043 ὑμῖν
3437 1970 3769 2041 ἀτάκτως,μζᾶ·ν

2366 2063 2757 2136 ἐργαζομένους
2782 2105 2797 2129 ,
2832 2066 2969 2118 ἀλλὰ
2997 2067 3092 2118 καὶ
3120 2083 3277 2135 περιε
3289 2066 3627 2156 ργαζομένονς.

2363 2151 2623 2216 τοιούτοις
2650 2153 3118 2223 παραγγέλλομεν,
3142 2154 3239 2207 καλ⁹
3270 2153 3642 2223 παρακαλοῦμεν
3659 2152 3711 2203 διὰ
3722 2151 3767 2199 τεΕ

2364 2244 2568 2313 Κυρίου
2590 2244 2745 2316 ἡμῶν
2792 2243 2965 2314 Ἰησοῦ
2992 2242 3249 2314 Χριστοῦ,
3284 2246 3372 2298 ἵνα
3405 2245 3529 2314 μετὰ
3552 2240 3765 2314 ήσυχίιςὲρ-

2364 2334 2651 2405 γαζόμενοι
2680 2335 2770 2390 τὸν
2797 2335 3005 2392 ἑαυτῶν
3030 2337 3194 2408 ἄρτον
3234 2336 3469 2391 ἐσθίωσι.
3505 2356 3522 2388 ι

2438 2525 2458 2558 ι
2527 2507 2585 2559 '0
2629 2505 2738 2577 γὰρ
2800 2505 3005 2577 Κύριος
3043 2507 3293 2573 διέταξεν
3326 2511 3438 2570 τοῖς
3477 2506 3529 2562 τὺ
3564 2506 3767 2573 Εὐαγτὲλιιν
3812 2520 3813 2577 ξ

2363 2596 2739 2669 κηρύττουσιν,
2773 2598 2838 2651 ἐκ
2861 2597 2954 2651 τοῦ
2983 2598 3316 2668 Εὑαγγελίου
3354 2599 3465 2669 ζῇν.
3600 2689 3608 2691 ξ
3721 2682 3734 2691 .
3812 2610 3813 2667 ξ

2435 2707 2453 2741 ι
2498 2689 2684 2759 Ὑμεῖς
2707 2688 2784 2757 δὲ,
2805 2689 3042 2759 ἀδελφοὶ,
3077 2692 3152 2762 μὴ
3183 2692 3522 2763 ἐκκακήσητε
3545 2688 3767 2743 κιλοπιιτᾶν·
3812 2704 3813 2733 1

2362 2798 2472 2844 τες.
2511 2800 2529 2831 ³
3812 2844 3813 2851 η

2433 2871 2505 2923 Ἢ
2526 2872 2655 2941 περὶ
2674 2869 2797 2941 ἐλεη
2805 2869 3044 2941 μοσύνης
3062 2872 3243 2937 αὐτοῖς
3272 2872 3553 2945 λεληθότως
3571 2867 3770 2932 διαλέγεται

2362 2963 2396 3034 ἢ
2433 2963 2590 3016 τοῦτο
2638 2961 2786 3031 λέγει
2809 3001 2827 3031 ,
2857 2961 3253 3027 Νουθετοῦντες
3296 2965 3425 3027 τοὺς
3455 2963 3521 3035 μὴ
3552 2957 3773 3031 suanm;
3812 2990 3813 3051 ι

2362 3052 2688 3125 ἐργάζεσθαι
2742 3051 2818 3122 μὴ
2860 3053 3223 3123 ἀποκάμνετε.
3274 3054 3445 3108 Τοῦτο
3497 3053 3589 3123 γάρ
3625 3052 3772 3103 ἐπικι·
3812 3080 3813 3091 ι

2363 3146 2620 3209 λοποιεῖν,
2651 3146 2781 3198 ὅταν
2814 3145 3049 3216 πονηρὸν
3075 3146 3195 3211 ἔθος
3220 3148 3519 3203 ἐκϐάλωσιν
3553 3146 3643 3205 ταῖς
3662 3153 3776 3206 παριιο

2288 3214 2332 3273 C
2365 3239 2589 3292 νέσεσιν.

2437 3350 2456 3383 ι
2496 3330 2631 3384 Εῐδέ
2659 3349 2743 3395 τις
2769 3333 2866 3403 οὐχ
2913 3332 3177 3386 ὑπακούει
3207 3330 3291 3401 τῷ
3336 3332 3477 3401 λόγῳ
3511 3327 3633 3399 ἡμῶν
3647 3323 3702 3376 διὰ
3725 3319 3776 3417 τῆς

2360 3423 2646 3492 ἐπιστολῆς
2670 3466 2685 3487 ,
2729 3424 2917 3478 τοῦτον
2970 3422 3299 3493 σημειοῦσθε
3322 3464 3339 3486 ,
3390 3424 3477 3475 καὶ
3514 3420 3576 3491 μὴ
3601 3428 3776 3475 seven?"

2358 3513 2554 3579 γνυσθε
2594 3512 2761 3583 αὐτῷ,
2794 3514 2880 3566 ἵνα
2902 3516 3140 3584 ἐντραπῇ
3170 3531 3183 3544 ’
3214 3516 3314 3567 καὶ
3350 3515 3422 3585 μὴ
3452 3513 3519 3575 ὼς
3540 3503 3777 3579 ἐχθρὸνὴτεῖι

2361 3602 2476 3661 σθε.
2509 3601 2646 3657 ἀλλά
2676 3602 2977 3657 νουθετεῖτε
3005 3604 3080 3667 ὡς
3102 3603 3357 3673 ἀδελφόν.
3391 3604 3544 3665 Αὐτὸς
3564 3601 3608 3652 δὲ
3627 3598 3647 3649 ὁ
3663 3594 3777 3659 Ripa;

2358 3691 2458 3761 τῆς
2498 3693 2804 3790 εἰρήνης..)
2856 3777 2880 3790 ν
2993 3784 3005 3790 ⁸
3231 3785 3242 3790 _
3371 3787 3389 3790 _
3478 3782 3489 3790 _
3523 3784 3535 3790 _
3664 3774 3672 3788 ,

2428 3784 2586 3834 Δοκεῖ
2608 3781 2803 3854 μετρία
2826 3777 3015 3853 εἶναιῆ
3039 3785 3283 3854 τιμωρία
3305 3787 3414 3848 τοῖς
3435 3782 3502 3853 μὴ
3517 3777 3760 3865 tinnula-mf

2364 3872 2479 3925 ἔστι
2507 3872 2564 3924 δὲ
2591 3874 2700 3925 τῶν
2728 3874 2935 3944 σφόδρα
2968 3875 3202 3946 βαρέων,
3228 3876 3343 3929 Τοῦ
3376 3876 3478 3947 γὰρ
3492 3877 3542 3926 ἐν
3562 3866 3706 3939 ἐρημίᾳ

2358 3980 2494 4030 γειν,
2531 3962 2632 4017 κᾶν
2682 3964 2822 4037 μέσῃ
2860 3969 2926 4037 τῇ
2979 3966 3129 4019 πόλει
3170 3969 3455 4039 τυγχάνῃ,
3494 3965 3540 4017 τί
3568 3958 3775 4059 βαρύτεροι.

2359 4058 2470 4111 Καὶ
2493 4059 2695 4131 ταύτην
2725 4060 2802 4127 δὲ,
2857 4063 2918 4115 οὐ
2953 4064 3130 4134 μίσει,
3170 4063 3311 4117 ἀλλὰ
3346 4064 3519 4132 ἀγάπῃ
3545 4061 3597 4127 τῇ

2358 4147 2787 4222 τιμωρούμενον,
2818 4156 2982 4207 ποιεῖ.
3017 4153 3107 4206 Διὸ
3148 4157 3239 4207 καὶ
3287 4156 3543 4223 ἐπήγαγε,
3573 4147 3648 4201 καὶ
3670 4142 3779 4211 μὴίέῗ

2358 4241 2577 4312 ἐχθρὸν
2600 4243 2864 4314 ἡγεῖσθε.
3772 4320 3773 4325 η

2435 4353 2454 4386 ⁴
2496 4334 2615 4406 Αῴη
2671 4337 2800 4407 ὑμῖν
2844 4338 2946 4407 τὴν
2978 4338 3204 4409 εἰρήνην
3241 4336 3334 4391 διὰ
3384 4335 3569 4395 παντὸς
3612 4332 3655 4381 ἐν
3693 4334 3782 4421 τοίνξί

2359 4425 2562 4497 τρόπῳ.
2611 4427 2669 4481 '0
2698 4427 2900 4498 Κύριος
2928 4432 3064 4499 μετὰ
3104 4432 3327 4483 πάντων
3349 4429 3511 4500 ὑμῶν.
3535 4427 3583 4477 '0
3606 4423 3781 4480 ἀπαξιθὶ

2360 4519 2425 4588 τῇ
2455 4519 2560 4588 ἐμῇ
2590 4521 2734 4589 χειρὶ
2759 4519 2994 4573 Παύλου.
3048 4538 3066 4571 ι
3728 4590 3768 4605 ν

2441 4608 2660 4680 Ἐπειδὴ
2690 4609 3019 4680 χωρίζεσθαι
3052 4611 3160 4665 τῶν
3215 4614 3466 4667 ἀτάκτων
3487 4604 3711 4700 πείρῄῆἔῖ

2362 4716 2569 4763 κνυσιν,
2619 4699 2696 4763 ὼς
2737 4702 2835 4772 οὐχ
2891 4703 3031 4756 ἑκὼν
3071 4702 3231 4757 τοῦτο
3280 4704 3580 4772 πεποίηκεν.
3622 4692 3712 4745 ἀλλ²
3747 4696 3780 4755 τῖδ

2360 4791 2574 4862 ἀνάγκῃ
2609 4792 2863 4856 ἐνδιδούς.
2896 4794 3102 4848 Αὐτίκα
3147 4791 3241 4849 οὖν
3299 4795 3508 4865 εὔχεται
3543 4775 3781 4871 ἀργῆσαι

2362 4881 2483 4933 κατ’
2513 4881 2690 4934 αὐτῶν
2718 4883 2988 4954 τιμωρίαν
3011 4925 3025 4948 ,
3062 4887 3310 4939 τουτέστι
3345 4887 3441 4956 τὴν
3478 4882 3708 4937 διάστασιν.

2360 4969 2452 5024 τὸν
2473 4972 2750 5043 χωρισμὸν
2774 4973 2864 5027 διὰ
2901 4976 3124 5039 παντὸς,
3154 4978 3247 5029 καὶ
3275 4978 3371 5028 ἐπὶ
3394 4974 3544 5027 παντὶ
3574 4968 3783 5053 τρόπῳ-τινί

2360 5063 2581 5134 εἰρήνην
2605 5064 2789 5128 αὐτοῖς
2818 5066 3201 5137 ἐπευχόμενος.
3246 5069 3496 5139 Ἀργήσει
3529 5064 3591 5125 δὲ,
3618 5049 3785 5155 {tif-19.13:

2362 5154 2600 5223 λομένων
2631 5155 2873 5225 δηλονότι
2910 5157 3019 5210 τῶν
3052 5157 3235 5229 ἀργῶν
3258 5160 3339 5222 εἰς
3374 5158 3557 5227 ἄνδρας
3582 5150 3787 5204 σπονίὶλιιλιέ

2364 5246 2455 5299 καὶ
2482 5247 2759 5317 ἐνεργούς.
3763 5316 3769 5323 ,

2440 5354 2456 5386 ¹
2497 5337 2593 5400 Ὃς
2618 5339 2733 5391 ἐστι
2767 5340 2989 5408 σημεῖον
3010 5340 3068 5392 ὲν
3096 5339 3241 5409 πάσῃ
3264 5338 3540 5407 ἐπιστολῇ·
3564 5330 3689 5424 οὕτως
3712 5332 3785 5424 22:1:

2364 5445 2466 5495 φω·
2503 5428 2567 5480 Ἠ
2594 5429 2753 5499 χάρις
2774 5431 2867 5483 τοῦ
2889 5431 3091 5501 Κυρίου
3114 5430 3268 5502 ήμῶν
3312 5428 3482 5499 Ἰησοῦ
3507 5420 3688 5494 Χρισταῦ
3710 5420 3789 5479 rw

2364 5520 2581 5574 πάντων
2615 5521 2787 5590 ὑμῶν.
2836 5523 3030 5593 Ἀμήν.
3067 5543 3086 5575 ι
3513 5605 3534 5611 _

2448 5611 2659 5682 Ἐπειδὴ
2696 5613 2993 5683 ἀρχόμενος
3019 5614 3117 5683 τῆς
3156 5613 3439 5680 ἐπιστολῆς
3488 5605 3633 5663 εἶπεν,
3658 5598 3718 5658 Μὴ
3740 5605 3789 5637 τ’

2365 5701 2581 5756 στεύετε
2602 5706 2714 5766 τοῖς
2740 5706 3165 5772 κατ-’ἀγγέλλουσι
3182 5704 3281 5784 ,νῦν
3306 5704 3403 5773 τὴν
3421 5698 3640 5765 δευτέραν
3652 5697 3789 5784 .1399?“

2366 5794 2486 5849 σίαν
2506 5792 2599 5847 τοῦ
2627 5793 2854 5865 Κυρίου,
2876 5794 2979 5849 κᾶν
3007 5796 3052 5848 εἰ
3079 5780 3282 5863 λέγοιεν
3303 5793 3378 5856 ὡς
3408 5791 3554 5861 ἡμεῖς
3570 5784 3626 5838 δι’
3650 5780 3787 5831 ἕπεσθ’
