4022 6426
100 368 210 431 9‘39

1293 368 1373 429 1N
1409 368 1642 430 EPIST.
1682 368 1780 427 AD
1816 366 2201 429 IIEBREOS.

3229 368 3336 435 930

106 478 208 548 λῆς
232 476 394 531 τοῦτο
426 476 694 546 δηλοῦμεν
716 493 729 506 ι
770 479 959 531 τούτου
1006 480 1165 550 χάριν
1201 480 1443 534 διδάσκει
1472 477 1669 542 αὐτοὺς

1782 476 1929 541 Liant,
1966 477 2322 548 quantumvis
2356 476 2459 531 hoc
2491 492 2521 531 a
2549 478 2708 534 nobis
2739 480 2794 533 in
2817 478 3061 549 Epistola
3088 480 3335 535 declara-

109 571 208 622 καὶ
236 568 297 621 τὸ
328 572 550 639 σημεῖον
576 569 675 637 τῆς
702 569 869 623 αὐτοῦ
896 572 1203 641 ἐπιστολῆς,
1228 571 1560 642 φοϐούμενος
1595 573 1669 643 μὴ

106 660 423 714 πλάσωνταί
455 678 528 727 τι,
560 660 637 724 ὡς
661 662 725 713 ἐκ
748 661 839 715 τοῦ
881 662 1198 715 ’Δποστόλου
1229 663 1494 733 πεμφθὲν.

106 925 271 994 Πρὸς
313 925 782 992 Θεσσαλονικεῖς
832 928 893 990 ,β’
948 927 1174 998 ἐγράφη
1222 928 1340 984 ἀπὸ
1398 929 1669 999 Ἀθηνῶν.

711 1017 940 1087 στίχων
955 1018 1077 1086 ρς’.

1770 574 1888 620 tum
1927 582 2051 623 esse
2084 574 2391 623 assererent
2420 584 2434 620 :
2464 567 2605 621 hanc
2643 568 2713 622 ob
2749 583 2973 623 causam
3018 568 3145 624 illos
3177 568 3335 623 docet

1772 672 1895 727 quae
1928 659 1999 711 sit
2030 670 2177 735 certa
2216 657 2522 711 litterarum
2550 674 2775 713 suarum
2818 670 2970 725 nota,
3015 660 3224 715 veritus
3260 675 3332 713 ne

1772 749 1899 818 quid
1931 749 2051 804 falsi
2093 750 2480 818 subjiceretur,
2523 760 2788 820 tanquam
2827 751 3059 807 missum
3092 760 3238 808 esset
3267 753 3336 807 ab

1772 840 2062 909 Apostolo.

1774 931 2017 988 Secunda
2060 930 2128 985 ad
2177 931 2667 989 Thessalonicenses
2715 936 2916 1004 scripta
2962 945 3040 992 est
3086 935 3332 993 Athenis.

2392 1023 2579 1079 Versus
2614 1027 2736 1083 106.

112 1231 3313 1275 mw

752 1378 923 1486 ΕΙΣ
1004 1399 1648 1487 ΕΠΙΣΤΟΛΗΝ
1736 1400 2023 1486 ΠΡΟΣ
2103 1404 2650 1491 ΕΒΡΑΙοΥΣ.

727 1737 849 1825 ΙΝ
996 1740 1664 1833 EPISTOLAM

532 2079 925 2134 ΚΕΦᾹΛΑΙΟΝ
957 2080 1253 2135 ΠΡΩΤΟΝ.

181 2188 205 2222 ι
243 2169 573 2241 Πολυμερῶς
600 2173 694 2225 καὶ
734 2172 1083 2243 πολυτρόπως
1109 2173 1276 2227 πάλαι
1298 2173 1325 2225 ὀ
1354 2171 1483 2235 Θεὸς
1512 2170 1677 2242 λαλή-

103 2280 211 2326 σας
235 2266 351 2326 τοῖς
374 2264 641 2333 πατράσιν
664 2264 721 2315 ἐν
747 2266 857 2327 τοῖς
882 2265 1203 2336 προφήταις,
1219 2263 1303 2316 ἐπ’
1324 2263 1550 2334 ἐσχάτου
1571 2264 1677 2314 τῶν

102 2356 342 2428 ἡμερῶν
373 2355 578 2409 τούτων
600 2356 861 2426 ἐλάλησεν
902 2359 960 2409 ὲν
992 2356 1128 2427 Υίῷ.
1164 2376 1182 2409 ›

185 2450 336 2517 Ὅρα
364 2448 479 2508 πῶς
509 2448 658 2500 οὐδὲν
694 2449 751 2500 ὲν
782 2448 1104 2519 προοιμίοις,
1137 2446 1325 2518 ὥσπερ
1349 2447 1559 2511 εἴωθεν,
1597 2449 1675 2499 εἱ-

104 2540 255 2601 πὼν,
297 2539 359 2603 ἐξ
398 2539 570 2609 ἀρχῆς
606 2538 768 2599 εὐθὺς
801 2539 892 2591 ἐπὶ
935 2538 1002 2591 τὰ
1030 2537 1166 2607 βάθη
1216 2538 1323 2591 τῶν
1365 2541 1679 2610 μυστηρίων

97 2630 282 2699 ὁρμᾷ,
334 2628 548 2692 δεικνὺς
583 2628 684 2699 τῆς
727 2627 1085 2700 εὐαγγελικῆς
1126 2629 1394 2694 πολιτείας
1424 2631 1558 2701 πρὸς
1583 2632 1679 2703 τὴν

100 2722 350 2791 νομικὴν
394 2722 528 2775 πολὺ
581 2722 643 2775 τὸ
678 2723 840 2793 μέσον
882 2722 1189 2793 τυγχάνον.
1219 2727 1314 2778 καὶ
1362 2725 1476 2788 πῶς
1526 2724 1681 2777 τοῦτο

100 2817 296 2878 sto-.52;
330 2815 541 2879 Πάλαι,
577 2816 760 2886 φησὶν,
796 2817 823 2867 ὁ
854 2815 981 2878 Θεὸς
1011 2817 1099 2869 διὰ
1142 2817 1434 2887 προφητῶν
1477 2817 1678 2881 ἐλάλει,

99 2909 211 2959 καὶ
237 2906 409 2959 ταῦτα
434 2909 907 2979 συνεσκιασμὲνως
928 2927 941 2941 ο
970 2910 1125 2963 τοῦτο
1148 2909 1257 2979 γὰρ
1286 2909 1542 2979 σημαίνει
1580 2910 1642 2962 τὸ
1662 2948 1677 2971 ,

100 2998 472 3066 πολυμερῶς
496 2998 595 3052 καὶ
622 3002 1039 3069 πολυτρόπωςο
1066 3002 1182 3054 νυνὶ
1204 3002 1263 3054 δὲ
1291 3001 1357 3054 δι’
1381 3001 1544 3055 αὐτοῦ
1584 3001 1678 3054 τοῦ

98 3092 252 3144 Tia-5
274 3109 290 3123 '
341 3091 479 3144 ὥστε
537 3092 788 3144 τοσοῦτον
817 3093 1086 3147 δείκνυται
1120 3094 1181 3147 τὸ
1220 3092 1402 3165 μέσον,
1443 3095 1563 3147 ὅσον
1593 3094 1681 3146 δε-

102 3184 325 3233 σπότου
360 3180 453 3232 καὶ
484 3180 705 3235 δούλων.
754 3182 993 3245 Εἰκότως
1029 3183 1086 3236 δὲ
1114 3183 1267 3237 τοῦτο
1290 3184 1586 3255 πεποίηκεν
1623 3183 1682 3248 ἐξ

100 3272 315 3340 ἀρχῆς,
336 3271 431 3323 ἆτε
465 3270 538 3340 μὴ
562 3271 874 3342 χρῃζόντων
907 3274 1013 3325 τῶν
1047 3274 1338 3338 Ἰουδαίων,
1366 3274 1553 3345 ὥσπερ
1572 3274 1681 3327 τῶν

102 3362 295 3413 ἄλλων
323 3360 515 3425 ἐθνῶν,
538 3363 844 3431 εἰσαγωγῆς
868 3368 1261 3436 πνευματικῆς,
1283 3366 1403 3437 ἥτις
1429 3368 1487 3418 ὲν
1505 3383 1682 3437 προοι-

1818 1744 1965 1829 AD
2069 1683 2704 1833 Hann/Eos-

2282 2071 2508 2127 CAPUT
2546 2070 2833 2127 PRIMUM.

1850 2167 2016 2224 Vens.
2050 2169 2101 2229 1,
2129 2167 2183 2221 2.
2222 2184 2240 2217 ‹
2278 2163 2631 2219 Multifariam
2668 2165 2969 2235 multisque
2999 2165 3176 2221 modis
3211 2166 3343 2222 olim

1778 2257 1923 2315 Deus
1979 2260 2213 2328 loquens
2273 2256 2523 2326 patribus
2574 2255 2627 2309 in
2680 2256 2982 2327 prophetis,
3041 2259 3343 2313 novissime

1778 2349 1971 2404 diebus
2010 2347 2135 2402 istis
2167 2346 2383 2400 locutus
2415 2352 2497 2399 est
2526 2345 2685 2400 nobis
2712 2346 2765 2397 in
2798 2344 2956 2399 Filio.
3001 2364 3020 2398 ι

1850 2440 1987 2495 Vide
2022 2456 2129 2511 quo
2158 2452 2341 2511 pacto,
2396 2439 2779 2508 prmtermissis
2809 2455 2930 2508 quae
2964 2440 3019 2493 in
3057 2440 3341 2510 principiis

1778 2534 2156 2603 epistolarum.
2177 2548 2401 2586 suarum
2453 2530 2669 2600 praefari
2717 2541 3101 2594 consueverat,
3157 2536 3338 2587 statim

1780 2627 1846 2681 ad
1876 2627 1984 2679 alta
2009 2624 2392 2695 mysteriorum
2420 2622 2721 2688 contendit,
2754 2632 2812 2675 ut
2840 2622 3089 2676 ostendat
3123 2623 3344 2677 institu-

1781 2718 1983 2772 tionem
2038 2716 2404 2786 evangelicam
2468 2715 2631 2785 longo
2703 2716 2989 2768 intervallo
3041 2718 3247 2771 distare
3311 2732 3340 2770 a

1783 2813 1972 2884 legali.
2002 2810 2119 2877 Qua
2150 2824 2279 2864 vero
2312 2809 2524 2863 ratione
2555 2809 2607 2862 id
2644 2810 2909 2878 praestat?
2936 2810 3103 2873 Olim,
3144 2810 3342 2877 inquit,

1780 2906 1922 2960 Deus
1953 2902 2275 2972 loquebatur
2323 2916 2419 2970 per
2458 2901 2769 2971 pr0phetas.
2811 2901 2971 2970 idque
3013 2903 3246 2957 obscure
3288 2911 3344 2956 et

1783 2996 2087 3051 umltratice
2123 2996 2249 3065 (hoc
2290 2994 2436 3049 enim
2488 2994 2799 3063 signiﬁcant
2830 2995 2936 3048 illa;
2974 3010 3137 3050 voces
3166 2994 3346 3047 multi-

1781 3091 1980 3160 fariam
2032 3089 2313 3159 multisque
2349 3086 2571 3157 modis);
2605 3102 2753 3141 nunc
2778 3097 2957 3141 autem
3014 3088 3227 3142 locutus
3258 3094 3345 3143 est

1782 3199 1879 3254 per
1911 3182 2206 3250 ipsummet
2235 3178 2471 3233 Filium:
2505 3178 2596 3231 ubi
2639 3180 2976 3233 tantumdem
3007 3180 3347 3236 discriminis

1782 3271 2050 3337 occurrit,
2077 3279 2342 3340 quantum
2368 3270 2512 3324 inter
2537 3270 2727 3323 herum
2760 3279 2812 3323 et
2838 3284 3047 3325 servos.
3081 3269 3347 3327 Consulto

1784 3370 1966 3418 autem
2011 3362 2111 3416 hoc
2142 3360 2268 3414 fecit
2301 3359 2557 3428 Epistolae
2588 3357 2765 3419 initio,
2801 3359 3002 3428 quippe
3029 3374 3152 3413 cum
3184 3358 3349 3431 spiri-

105 3456 267 3521 μίοις
306 3454 625 3525 ᾠκονόμητο
663 3456 844 3525 πάσης
879 3433 1204 3528 ἐπιστολῆς,
1221 3433 1317 3512 διὸ*
1339 3458 1415 3522 ὡς
1458 3433 1683 3528 ἐπι-στή-

1784 3455 1921 3511 tuali
1959 3453 2193 3523 quadam
2228 3449 2652 3509 introductione.
2693 3450 2840 3519 quali
2878 3450 2932 3502 in
2961 3450 3192 3504 aliarum
3229 3466 3346 3505 om-

103 3560 245 3613 μοσι
288 3543 389 3596 τοῦ
420 3545 581 3615 νόμου
613 3544 671 3611 ἐξ
697 3546 861 3600 αὐτοῦ
890 3548 984 3601 τοῦ
1009 3549 1201 3617 βάθους
1227 3550 1334 3604 τῶν
1374 3550 1683 3622 μυστηρίων

1789 3549 1937 3604 nium
1950 3543 2188 3600 exordiis
2204 3540 2458 3595 utendum
2478 3548 2787 3601 censuerat,
2806 3536 2833 3591 J
2844 3539 2977 3593 udazi
3003 3555 3344 3610 nequaquam

98 3634 375 3689 ἅπτεται.

1789 3654 1926 3708 opus
1964 3637 2255 3694 habebant,
2285 3631 2443 3700 227
2476 3630 2934 3699 quemadmodum
2974 3641 3164 3701 gentes
3202 3634 3344 3689 aliae.

99 3724 399 3788 Quocirca
455 3730 713 3795 tanquam
770 3739 865 3783 eos
927 3728 1317 3799 alloqueretur,
1367 3732 1460 3803 qui
1516 3735 1675 3804 periti
1750 3738 1935 3789 essent
1982 3727 2140 3795 legis,
2200 3722 2586 3793 mysteriorum
2638 3721 2824 3774 statim
2918 3722 3342 3793 profunditatem

98 3824 385 3886 occupat.

186 3932 210 3968 ι
265 3915 367 3967 ’⁸ον
400 3913 595 3985 ἔθηκεν
619 3915 955 3992 κληρονόμον
982 3922 1220 3988 πάντων,
1247 3923 1316 3976 δι’
1343 3917 1404 3979 οὗ
1438 3925 1531 3979 καὶ
1558 3928 1682 3989 τοὺς

100 4006 330 4067 αἰῶνας
357 4004 632 4076 ἐποίησεν.
657 4024 677 4058 ι

176 4095 382 4148 Εἰπὼν
414 4095 660 4166 περὶτοῦ
696 4097 855 4161 Υἱοῦ,
879 4098 1041 4163 εὐθὺς
1060 4100 1333 4157 ἐκτίθεται
1367 4102 1426 4157 τὸ
1468 4107 1678 4177 μυστή-

102 4205 257 4259 ριον,
288 4187 388 4241 τὸν
420 4188 580 4241 αὑτὸν
608 4188 739 4244 Θεὸν
770 4194 862 4244 καὶ
890 4193 1175 4265 ἄνθρωπον
1201 4198 1525 4264 ἐπιδεικνύς.
1556 4202 1680 4267 Πῶς

96 4280 163 4334 δὲ
184 4288 213 4316 ο
239 4278 411 4333 τοῦτο
447 4282 623 4347 ποιεῖ;
664 4281 923 4349 Ἔθηκεν
962 4285 1165 4354 αὐτὸν,
1195 4290 1347 4358 φησὶ,
1389 4294 1679 4360 κληρονό-

90 4388 227 4441 μον
288 4370 559 4426 πάντων·
599 4372 775 4444 δηλῶν
806 4374 861 4427 δὲ
891 4375 972 4430 ὅτι
1020 4378 1131 4433 τῶν
1183 4380 1372 4449 ἐθνῶν,
1420 4385 1563 4439 κατά
1597 4386 1680 4440 τόο

94 4465 383 4531 Αἷτησαι
416 4464 549 4533 παρ’
579 4464 745 4532 ἐμοῦ,
772 4468 870 4522 καὶ
895 4468 1067 4525 δώσω
1098 4486 1199 4527 σοι
1222 4474 1364 4545 ἔθνη
1394 4480 1511 4546 τὴν
1537 4484 1684 4549 κλη-

89 4554 417 4624 ρονομίαν
440 4570 574 4610 σου.
604 4557 739 4610 Πότε
767 4559 822 4612 δὲ
849 4560 1089 4626 τίθεται,
1116 4564 1148 4635 ἢ
1182 4566 1267 4618 ὅτε
1302 4567 1514 4639 εἴρηται
1553 4573 1687 4643 πρὸς

1863 3944 1880 3976 ι
1916 3924 2087 3990 Quem
2126 3916 2414 3975 constituit
2459 3913 2732 3970 haeredem
2794 3913 3215 3978 universorum,
3250 3929 3350 3985 per

1787 4033 1949 4090 quem
1976 4016 2103 4071 fecit
2132 4023 2185 4070 et
2212 4011 2434 4067 saecula.
2471 4027 2491 4061 ι

1858 4106 2152 4175 Postquam
2211 4101 2409 4164 Filium
2458 4096 2791 4161 nominavit,
2849 4110 2972 4150 mox
3028 4096 3349 4167 mysterium

1780 4198 2025 4269 exponit,
2053 4191 2410 4250 monstrando
2440 4191 2588 4245 hunc
2615 4189 2793 4259 ipsum
2818 4230 2834 4254 ,
2880 4197 2935 4241 et
2983 4186 3148 4242 Deum
3184 4190 3350 4243 simul

1784 4301 1840 4348 et
1865 4289 2141 4345 hominem
2177 4300 2319 4342 esse.
2351 4280 2641 4349 Quomodo
2686 4296 2814 4335 vero
2848 4279 3032 4333 istud?
3063 4278 3347 4334 Constituit

1783 4404 1921 4451 eum,
1948 4385 2150 4455 inquit,
2178 4379 2435 4438 Iiwredem
2477 4378 2876 4442 universorum;
2913 4376 3160 4449 gentium
3199 4376 3353 4431 vide-

1790 4479 1939 4542 licet,
1970 4474 2271 4532 secundum
2302 4470 2435 4526 illud
2470 4486 2486 4523 :
2521 4467 2745 4522 Postula
2789 4484 2820 4521 a
2851 4482 2952 4527 me,
2988 4475 3036 4520 et
3067 4465 3203 4518 dabo
3253 4465 3347 4519 tibi

1791 4580 1966 4643 gentes
2002 4567 2360 4623 hwreditatem
2380 4563 2449 4617 ⁸ο.
2474 4561 2829 4628 Quandonam
2860 4573 2991 4613 vero
3010 4558 3351 4613 constitutus

95 4644 307 4699 αὐτόν’
357 4643 505 4713 Ἐγὼ
526 4647 788 4718 σήμερον
836 4652 1163 4722 γεγέννηκὰ
1199 4671 1272 4710 σε
1292 4674 1313 4723 ;
1340 4660 1508 4713 Τοῦτο
1529 4662 1587 4715 δὲ
1608 4665 1683 4727 εἰς

1790 4672 1890 4722 est,
1930 4658 2034 4713 nisi
2078 4654 2298 4727 quando
2328 4652 2539 4706 dictum
2580 4660 2663 4704 est
2710 4649 2803 4702 ei:
2852 4646 2960 4717 Ego
3008 4646 3159 4701 hodie
3194 4649 3347 4716 genui

93 4737 203 4803 τὸν
242 4736 445 4805 καιρὸν
476 4736 574 4807 τῆς
604 4741 917 4811 οἰκονομίας
945 4746 1279 4804 ἀπετείνετο.
1316 4749 1454 4802 Ἀλλ’
1507 4745 1683 4818 οὗτος,

1795 4760 1840 4804 te
1863 4750 1904 4780 ⁸¹
1925 4749 1947 4803 ?
1970 4746 2085 4801 Hoc
2114 4752 2297 4799 autem
2329 4740 2395 4793 ad
2444 4746 2657 4807 tempus
2691 4735 3112 4805 dispensationis
3154 4747 3349 4790 exten-

92 4826 229 4881 ὁτὰ
263 4825 401 4897 ἔθνη
437 4828 518 4890 εἰς
543 4829 742 4899 κλῆρον
774 4832 1088 4904 δεξάμενος,
1133 4838 1295 4904 αὑτός
1330 4842 1498 4905 ἐστιν,
1526 4842 1592 4895 δι’
1630 4840 1683 4898 οἷ

1794 4843 1919 4897 dere
1953 4837 2144 4893 voluit.
2177 4836 2247 4889 At
2280 4833 2372 4886 ille
2394 4831 2485 4899 qui
2521 4835 2709 4898 gentes
2734 4828 2947 4898 accepit
2971 4829 3023 4882 in
3053 4830 3349 4883 haeredita-

90 4918 242 4979 τοὺς
297 4914 506 4979 αἰῶνας
559 4917 815 4989 ἐποίησεν
852 4923 880 4975 ὁ
910 4925 1119 4997 Πατήρ.
1149 4920 1248 4980 Ὦν
1275 4929 1382 5001 γὰρ
1435 4927 1547 5001 εἶχε
1595 4933 1683 5004 τὴν

1790 4943 1923 4997 tem,
1975 4932 2090 5001 ipse
2136 4934 2220 4982 est
2274 4939 2372 4994 per
2423 4936 2583 4989 quem
2634 4919 2836 4973 szecula
2889 4919 3128 4989 condidit
3166 4920 3347 4975 Pater.

86 5005 445 5059 δεσποτείαν
481 5007 612 5061 καθὸ
654 5010 787 5076 Θεὸς
824 5014 1035 5083 Λόγος,
1089 5018 1294 5073 τούτων
1344 5021 1558 5089 λέγεται
1603 5022 1693 5075 τὸν

1789 5026 2029 5092 Quorum
2062 5019 2209 5075 enim
2238 5013 2578 5069 dominatum
2616 5011 2857 5075 tenebat,
2888 5017 3160 5079 quatenus
3206 5010 3350 5066 Deus

89 5100 327 5169 κλῆρον
356 5096 564 5164 λαϐεῖν,
594 5102 728 5156 καθὸ
768 5107 1006 5174 γεγονὼς
1063 5110 1345 5181 ἄνθρωπος
1382 5129 1394 5142 ·
1430 5114 1683 5181 ὑπέταξει

1793 5116 2026 5171 Verbum
2047 5122 2186 5175 erat,
2218 5109 2412 5163 horum
2436 5102 2805 5157 hmreditatem
2840 5102 3089 5172 accipere
3114 5103 3344 5166 dicitur.

84 5195 168 5261 τῇ
206 5192 295 5254 εἰς
326 5190 494 5244 αὐτὸν
520 5193 699 5247 πίστει
724 5196 903 5251 πάντα
937 5200 1004 5254 τὰ
1037 5199 1185 5272 ἔθνη.

180 5390 209 5425 ι
253 5374 361 5434 Ὃς
388 5371 465 5424 ὢν
490 5372 833 5447 ἀπαύγασμα
886 5381 987 5449 τῆς
1040 5379 1216 5452 δόξης,
1257 5383 1352 5435 καὶ
1404 5383 1689 5455 χαρακτὴρ
1744 5408 1753 5419 ·

82 5463 215 5535 τῆς
250 5463 615 5528 ὑποστάσεως
651 5467 837 5533 αὐτοῦ,
890 5472 1069 5540 φέρων
1096 5489 1154 5525 τε
1183 5472 1249 5527 τά
1274 5475 1450 5529 πάντα
1481 5474 1556 5546 τῷ
1585 5476 1687 5546 ρή-

154 5581 218 5612 “
273 5578 429 5633 Psal.
456 5595 517 5645 ιι,
548 5580 601 5635 8.
680 5583 724 5614 ⁸¹
761 5584 891 5640 ibid.
924 5586 977 5643 7.

1791 5211 1897 5277 qua
1927 5205 2111 5260 lactus
2137 5210 2222 5257 est
2252 5201 2415 5254 homo
2439 5216 2451 5251 :
2477 5204 2662 5267 gentes
2694 5194 2986 5249 universas
3010 5192 3264 5264 subjecit,
3290 5204 3349 5252 ut

1796 5298 1850 5351 in
1873 5296 2049 5364 ipsum
2077 5292 2235 5347 [idem
2265 5288 2547 5343 haberent.

1865 5383 2036 5438 Vens.
2088 5382 2141 5435 5.
2201 5397 2220 5430 ι
2281 5376 2386 5442 Qui
2435 5388 2557 5429 cum
2621 5370 2694 5428 sit
2753 5371 3010 5441 splendor
3062 5369 3246 5440 gloriae
3297 5375 3353 5422 et

1794 5472 1969 5544 ﬁgura
2015 5466 2334 5525 substantia:
2368 5462 2513 5534 ejus,
2558 5470 2783 5531 portans
2811 5459 2993 5514 omnia
3026 5458 3195 5514 verbo
3241 5456 3352 5513 vir-

1377 5680 1459 5735 VA
1473 5680 1608 5735 RixE
1650 5679 2045 5735 LECTIONES.

177 5774 217 5803 ο
249 5765 522 5831 Emendo,
553 5767 643 5838 δή.
