4022 6458
766 391 872 457 931
1913 387 1974 447 S.
2008 383 2329 448 JOANNIS

771 506 905 561 tutis
947 518 1078 569 suae,
1133 517 1228 572 per
1274 501 1513 573 seipsum
1551 502 1929 573 purgationem
1980 506 2331 569 peccatorum

769 603 1082 648 nostrorum
1106 593 1338 657 faciens,
1375 592 1527 649 sedet
1545 593 1613 646 ad
1636 588 2233 659 dexterammajestatis
2275 588 2329 640 in

765 682 1021 736 excelsis.
1058 700 1077 734 ι

836 771 1078 827 Rursum
1112 772 1239 829 vide
1267 773 1543 843 quomodo
1574 774 1720 828 hunc
1747 772 2003 828 eumdem
2036 770 2201 825 Deum
2237 784 2331 839 pa-

765 862 902 917 riter
926 872 982 918 et
1028 863 1306 917 hominem
1340 879 1463 919 esse
1495 864 1862 919 demonstrat.
1913 863 2145 919 Perinde
2188 863 2329 918 enim

765 965 851 1008 est
881 970 945 1008 ac
974 955 1020 1010 si
1051 954 1257 1009 diceret
1289 974 1301 1010 :
1332 955 1438 1021 Qui
1486 972 1610 1011 cum
1662 958 1736 1011 sit
1782 958 1963 1011 lumen
2009 956 2076 1011 d-e
2126 956 2333 1009 lumine

767 1048 892 1115 (hoc
930 1047 1074 1100 cnim
1127 1047 1419 1117 splendore
1468 1046 1871 1118 signiﬁcatur),
1922 1048 2150 1117 insuper
2184 1055 2237 1100 et
2274 1046 2329 1099 in

765 1138 948 1206 seipso
980 1136 1195 1192 Patrem
1227 1139 1472 1204 exhibet,
1498 1140 1802 1195 secundum
1831 1139 1964 1193 illud
2010 1158 2024 1193 :
2066 1138 2169 1203 Qui
2190 1136 2329 1191 videt

762 1245 863 1291 me,
890 1229 1025 1283 videt
1053 1240 1103 1284 et
1128 1229 1345 1284 Patrem
1364 1232 1420 1273 ν⁸¹
1448 1232 1613 1302 (quod
1642 1234 1805 1302 plane
1834 1232 1977 1286 idem
2017 1238 2105 1286 est
2146 1238 2328 1300 atque,

760 1319 931 1390 ﬁgura
975 1332 1023 1375 et
1063 1324 1336 1378 character
1369 1326 1685 1379 substantiae
1722 1325 1881 1395 ejus).
1919 1323 2015 1377 llle
2050 1322 2219 1386 enim,
2249 1322 2332 1375 in-

759 1415 903 1479 quit,
938 1424 1226 1484 postquam
1255 1416 1437 1472 factus
1467 1427 1549 1473 est
1582 1419 1766 1479 homo,
1804 1425 1858 1471 et
1883 1422 2110 1487 peccata
2142 1425 2330 1468 nostra

758 1508 995 1572 portavit
1031 1507 1156 1576 (hoc
1186 1509 1389 1577 quippe
1418 1511 1583 1563 verba
1609 1510 1698 1562 illa
1737 1508 1973 1561 iunuunt
2002 1524 2014 1560 :
2043 1506 2323 1575 purgatio-

753 1612 874 1651 nem
921 1610 1256 1667 peccatorum
1308 1601 1556 1671 faciens),
1610 1601 1863 1657 absoluto
1896 1598 2330 1668 dispensationis

755 1689 957 1745 divina:
980 1693 1263 1762 mysterio,
1286 1706 1599 1764 assumptus
1625 1703 1710 1749 est
1731 1708 1853 1747 cum
1880 1693 2074 1762 gloria,
2094 1700 2146 1745 et
2175 1692 2333 1745 sedet

752 1778 810 1831 in
838 1778 1016 1835 Patris
1048 1782 1259 1836 dextra.
1296 1783 1434 1838 Dum
1465 1793 1646 1838 autem
1699 1782 1879 1847 audis,
1922 1782 1990 1835 ad
2027 1782 2327 1848 dexteram,

752 1878 828 1932 et,
864 1870 919 1923 iu
945 1873 1190 1937 excelsis,
1226 1890 1293 1927 ne
1328 1874 1444 1928 loca
1473 1875 1541 1929 iis
1565 1875 1792 1930 vocibus
1816 1874 2065 1929 denotari
2092 1873 2321 1929 arbitre-

754 1961 833 2015 ris
862 1962 879 2029 (
914 1962 1054 2017 Deus
1091 1964 1359 2033 siquidem
1395 1966 1909 2036 incircumscriptus
1943 1964 2073 2035 est),
2104 1963 2201 2018 sed
2236 1964 2320 2019 di-

752 2053 933 2105 vinam
968 2054 1155 2121 potius
1189 2056 1417 2126 gloriam
1454 2065 1507 2111 ct
1538 2058 1845 2112 claritatem
1885 2055 2149 2125 intellige.
2182 2052 2317 2107 Illud

751 2155 955 2211 autem,
981 2157 1199 2214 portans
1228 2150 1427 2212 omnia,
1459 2149 1602 2204 idem
1661 2156 1748 2204 est
1781 2164 1846 2204 ac
1890 2148 2071 2202 omnia
2115 2144 2319 2216 guber-

750 2252 891 2293 nans
920 2248 973 2292 et
1007 2239 1422 2295 administrans.
1451 2239 1589 2294 Nam
1631 2241 1812 2294 omnia
1842 2254 1937 2308 per
1965 2238 2142 2308 ipsum
2173 2236 2317 2290 facta

749 2339 899 2394 sunt,
926 2341 979 2385 et
1007 2333 1341 2397 consistunt,
1367 2342 1426 2388 ut
1450 2335 1503 2388 in
1536 2335 1808 2389 concione
1842 2332 2049 2387 Paulus
2080 2330 2310 2386 dixerat.

748 2423 895 2479 Bene
934 2440 1066 2479 vero
1099 2426 1193 2491 ait,
1227 2435 1445 2494 portans
1494 2427 1673 2479 omnia
1719 2425 1893 2488 verba,
1934 2432 1993 2478 ut
2019 2423 2199 2494 palam
2235 2422 2315 2475 fa—

747 2514 859 2569 ciat
884 2531 1007 2569 eum
1036 2517 1321 2574 universas
1350 2534 1439 2573 res
1469 2518 1743 2581 conditas,
1794 2516 1909 2572 sive
1967 2504 2310 2585 superiores,

747 2606 864 2660 sive
889 2605 1199 2673 inferiores,
1229 2606 1447 2665 facilius
1482 2624 1644 2680 quam
1677 2607 1804 2678 quis
1838 2605 2064 2661 minima
2101 2604 2314 2660 levissi-

745 2716 941 2770 ntaque
996 2699 1167 2771 digito
1224 2712 1459 2769 moveat,
1516 2717 1770 2759 sermone
1818 2716 1920 2757 suo
1972 2706 2310 2763 sustentare,

748 2792 867 2847 sive
891 2792 1052 2846 etiam
1096 2793 1445 2848 sublimiores
1471 2795 1633 2848 coalo.

816 2906 981 2962 Vens.
1030 2908 1084 2973 4,
1138 2908 1191 2962 5.
1229 2926 1247 2959 ι
1285 2907 1464 2963 Tanto
1531 2909 1728 2963 melior
1785 2907 1998 2979 angelis
2056 2904 2303 2970 eﬂectus,

742 3007 949 3067 quanto
979 2998 1321 3054 differentias
1364 3015 1474 3070 prae
1516 3000 1629 3055 illis
1688 3015 1886 3055 nomen
1940 2996 2301 3054 hacrcditavit.

740 3089 846 3145 Cui
876 3092 1019 3145 enim
1052 3091 1187 3145 dixit
1218 3092 1514 3162 aliquando
1540 3093 1860 3162 angelorum
1892 3111 1905 3146 :
1937 3090 2110 3146 Filius
2149 3104 2305 3145 meus

740 3195 805 3235 es
828 3187 909 3245 tu,
937 3194 1034 3249 egc
1069 3180 1231 3235 hodie
1254 3182 1416 3250 genui
1453 3181 1540 3235 te?
1577 3190 1629 3235 et
1662 3196 1880 3235 rursum
1913 3199 1926 3235 :
1959 3179 2074 3252 Ego
2098 3193 2197 3235 ero
2227 3177 2304 3231 illi

694 3338 705 3347 β
744 3267 801 3321 in
829 3274 1060 3337 patrem,
1091 3277 1147 3324 et
1174 3270 1293 3340 ipse
1319 3270 1425 3325 erit
1448 3269 1582 3325 mihi
1615 3269 1670 3323 in
1703 3268 1897 3325 tilium.
1936 3287 1955 3321 ι

812 3468 1082 3538 Quoniam
1132 3472 1534 3528 incarnationis
1564 3473 1883 3544 mysterium
1930 3475 2299 3546 praedicando,

744 3563 839 3619 Dei
874 3562 1073 3618 Filium
1128 3566 1203 3620 ait
1242 3566 1481 3634 seipsum
1532 3567 1872 3633 humiliasse,
1928 3567 2102 3623 forma
2155 3569 2301 3625 servi

738 3662 994 3723 accepta;
1024 3668 1143 3709 eam
1174 3654 1245 3708 ob
1272 3670 1387 3709 rem
1412 3655 1562 3708 illum
1594 3655 1815 3711 confert
1836 3672 1959 3711 cum
1991 3658 2221 3728 angelis,
2241 3666 2303 3713 ut

741 3745 1009 3815 approbet
1040 3745 1214 3811 illum,
1240 3747 1455 3802 tametsi
1478 3746 1652 3802 factus
1693 3756 1779 3803 est
1813 3748 2000 3813 homo,
2023 3750 2300 3804 nihilomi-

738 3851 841 3891 nus
878 3851 1000 3891 esse
1046 3836 1212 3892 Deum
1264 3847 1318 3891 et
1366 3838 1655 3893 Dominum
1684 3860 1697 3895 :
1731 3849 1896 3911 atque
1926 3842 2029 3896 hoc
2057 3857 2303 3897 momen-

735 3936 877 3992 tum,
914 3944 1025 3983 rem
1063 3930 1229 3985 altius
1259 3932 1584 4001 repetendo,
1624 3933 1910 3988 confirmat
1944 3950 2010 3989 ex
2060 3935 2299 4005 prophe-

735 4018 830 4084 tis,
864 4028 923 4074 ut
949 4035 1107 4075 nemo
1139 4024 1370 4077 assertis
1400 4025 1516 4077 suis
1550 4024 1748 4079 audeat
1775 4026 2177 4081 contradicere.

804 4131 970 4201 228
1006 4132 1173 4187 Vsus.
1204 4134 1318 4188 6-8.
1368 4153 1385 4184 ι
1438 4137 1502 4190 Ει
1554 4152 1677 4190 cum
1734 4138 1933 4191 iterum
1996 4137 2299 4193 introducit

734 4223 1157 4293 primogenitum
1216 4225 1269 4277 in
1322 4225 1506 4279 orbem
1555 4206 1741 4291 terrae,
1766 4228 1944 4282 dicit:
1980 4227 2044 4281 Et
2069 4228 2298 4284 adorent

734 4328 860 4365 eum
892 4328 1083 4368 omnes
1119 4315 1300 4383 angeli
1334 4315 1468 4382 Dei;
1501 4325 1556 4372 et
1595 4320 1660 4372 ad
1708 4320 1927 4389 angelos
1956 4321 2175 4391 quidem
2209 4323 2296 4377 di-

734 4402 811 4457 cit
842 4421 857 4458 :
889 4404 993 4469 Qui
1027 4402 1157 4459 facit
1187 4408 1410 4477 angelos
1444 4424 1576 4464 suos
1615 4411 1864 4480 spiritus,
1908 4422 1962 4467 et
2012 4414 2296 4471 ministros

734 4506 866 4549 suos
894 4494 1166 4551 ﬂammam
1193 4496 1356 4569 ignis.
1376 4498 1458 4553 Ad
1490 4497 1682 4555 Filium
1714 4512 1893 4559 autem
1920 4525 1932 4559 :
1958 4523 1977 4555 ι

799 4687 880 4745 Ne
907 4692 1185 4761 negotium
1218 4691 1456 4751 facessat
1495 4696 1616 4764 tibi,
1666 4698 1879 4770 inquit,
1910 4702 2056 4773 quod
2098 4703 2291 4761 audias

729 4797 853 4836 eum
877 4783 1088 4853 angelis
1119 4785 1283 4854 paulo
1311 4788 1578 4845 minorem
1600 4804 1723 4847 esse
1744 4790 1974 4849 factum.
2002 4792 2136 4849 Nam
2169 4795 2293 4852 vide

731 4874 931 4927 iterum
961 4873 1185 4942 quinam
1223 4875 1313 4932 ille
1340 4880 1563 4936 exsistit
1591 4881 1736 4939 Deus
1769 4904 1783 4940 :
1810 4900 1933 4940 cum
1966 4902 2162 4957 nempe
2192 4903 2290 4943 an-

725 4965 832 5035 geli
878 4980 1100 5036 quoque
1132 4967 1324 5038 'ipsum
1357 4972 1608 5031 adorent.
1650 4977 1757 5033 Ubi
1790 4989 1969 5034 autem
2014 4980 2071 5033 in
2115 4980 2286 5036 orbem

726 5067 883 5112 terrae
923 5056 1144 5126 dicitur,
1184 5060 1278 5114 alii
1308 5071 1509 5119 terram
1541 5066 1703 5123 istam
1734 5070 2032 5139 accipiunt,
2075 5071 2169 5126 alii
2199 5071 2288 5127 fu~

725 5156 928 5203 turam.
983 5146 1288 5222 Utrumque
1338 5170 1473 5212 vero
1511 5159 1818 5228 appositum
1869 5170 1971 5216 est.
2008 5161 2075 5216 Et
2110 5173 2280 5230 certe,

739 5236 854 5294 ium
884 5237 1311 5309 dispensationis
1344 5248 1664 5317 mysterium
1697 5250 1949 5321 gerebat,
1986 5255 2162 5324 angeli
2195 5256 2276 5322 ei,

736 5334 823 5382 lett
849 5327 1082 5385 Domino
1112 5348 1236 5400 suo,
1276 5336 1698 5408 ministrabant;
1737 5342 1996 5413 itemque,
2025 5344 2273 5414 subjectis

790 5482 839 5516 "
875 5482 1036 5544 .‘loan.
1070 5503 1179 5555 xw,
1212 5489 1266 5544 9.

2368 385 2798 447 DAMASCENI
3775 398 3844 463 πί

2361 509 2404 562 Α
2438 516 2567 570 ματι
2621 499 2719 567 τῆς
2758 496 3040 566 δυνάμεως
3089 492 3275 558 αὐτοῦ,
3309 493 3380 547 δι’
3412 494 3577 550 ἑαυτοῦ
3621 502 3846 578 καθαρισμὸν

2433 590 2800 660 ποιησάμενος
2856 588 2966 641 τῶν
3025 587 3314 659 ἁμαρτιῶν
3367 586 3540 659 ἡμῶν,
3597 591 3778 649 ἐκάθισεν
3812 603 3845 653 it

2430 682 2580 752 δεξιᾷ
2606 682 2705 751 τῆς
2738 680 3132 751 μεγαλωσύνης
3161 681 3218 734 έν
3246 678 3482 749 ὑψηλοῖς.
3518 699 3534 732 ι

2504 775 2644 844 Ὅρα
2666 773 2780 836 πῶς
2814 773 2977 826 πάλιν
3007 773 3140 842 ἡμῖν
3168 771 3259 824 τὸν
3306 770 3435 823 Θεὸν
3462 769 3576 840 6μοῦ
3600 772 3773 828 δείκνυσι
3792 782 3848 832 nl

2433 867 2746 936 ἄνθρωπον.
2775 866 3002 936 Ὅμοιον
3030 862 3138 935 γὰρ
3162 863 3237 926 ὼς
3268 864 3317 915 εί
3346 862 3516 930 λέγοι*
3542 863 3638 926 Φῶς
3654 864 3711 918 ὢν
3734 869 3852 934 ἐκφω-

2430 959 2521 1021 τὺς
2544 956 2720 1029 (τοῦτο
2756 957 2861 1028 γὰρ
2889 956 2969 1020 τὸ,
2985 955 3341 1025 ἀπαύγασμα,
3364 953 3544 1025 δηλοῖ),
3578 957 3653 1008 καὶ
3672 960 3715 1010 ὲν
3739 961 3850 1031 ἑαυτῷ

2430 1053 2519 1107 τὸν
2568 1051 2785 1122 Πατέρα
2823 1050 3086 1113 δείκνυσι,
3152 1048 3293 1102 κατὰ
3332 1046 3430 1112 τδ,
3470 1047 3527 1100 '0
3564 1047 3768 1116 ἑωρακώς
3797 1069 3852 1119 με,
3926 1102 3927 1122 ἦ

2428 1143 2650 1212 ἑώρακε
2687 1142 2792 1195 τὸν
2820 1141 3079 1209 Πατέρα·
3131 1138 3290 1192 τοῦτο
3344 1138 3449 1208 γάρ
3501 1140 3617 1201 ἐστι,
3656 1142 3853 1211 χαραχτίρῖ

2428 1236 2540 1303 τῆς
2576 1234 2971 1300 ὑποστάσεως
3028 1232 3238 1287 αὑτοῦ.
3301 1223 3485 1296 Οὗτος,
3536 1233 3666 1301 φησι,
3705 1235 3857 1300 γεγονὼς

2430 1326 2732 1397 ἄνθρωπος,
2761 1326 2858 1378 καὶ
2905 1325 3003 1389 τὰς
3051 1323 3326 1395 ἁμαρτίας
3379 1322 3527 1392 ἡμῶν
3574 1323 3853 1393 βαστάσας·τδ

2428 1415 2558 1489 γὰρ,
2608 1417 2979 1485 καθαρισμὸν
3030 1415 3151 1469 τῶν
3202 1411 3494 1483 ἁμαρτιῶν
3541 1413 3855 1483 ποιησάμενος,

2426 1507 2587 1561 τοῦτο
2644 1508 2813 1579 δηλοῖ.
2884 1507 3056 1561 Πάλιν
3110 1505 3407 1577 πληρώσας
3439 1504 3606 1574 τὸτῆς
3652 1506 3855 1573 οίκονομίις

2432 1602 2752 1670 μυστήριον,
2817 1599 3096 1670 ἀνελήφθη
3129 1601 3188 1653 ὲν
3214 1598 3362 1671 δόξῃ,
3417 1595 3621 1649 ὲκάϐισέ
3644 1612 3693 1648 τε
3714 1596 3857 1663 ἑνδεξᾲ

2426 1690 2518 1743 τοῦ
2581 1690 2811 1762 Πατρός.
2861 1691 2934 1744 Τὸ
2966 1691 3021 1744 δὲ
3061 1691 3132 1745 ἐν
3170 1687 3359 1755 δεξιᾷ,
3424 1687 3534 1752 καὶ,
3574 1686 3633 1740 ἐν
3662 1685 3854 1755 ὑψηλάς.

2428 1781 2664 1849 ἀκούων,
2686 1783 2764 1855 μὴ
2789 1784 2953 1838 τόπον
2978 1793 3005 1833 P
3025 1782 3194 1846 αὐτὰς
3220 1781 3491 1853 σημασίας
3513 1778 3858 1851 λάμϐανεοὰπιὶ-

2351 1885 2393 1941 Β
2422 1889 2670 1944 γραπτον
2731 1874 2841 1945 γὰρ
2907 1875 2968 1927 τὸ
3013 1875 3200 1928 Θείον·
3255 1873 3394 1927 ἀλλὰ
3450 1871 3735 1942 θεοπρεποῦς
3769 1869 3859 1937 δόῂς

2415 1965 2737 2035 δηλωτικάς.
2770 1967 2843 2019 Τὸ
2871 1967 2927 2020 δὲ
2955 1965 3152 2036 φέρων
3184 1966 3255 2021 τὰ
3280 1964 3496 2029 πάντα,
3544 1964 3651 2017 ἀντὶ
3669 1960 3859 2023 τοῦ,διοι·

2416 2057 2529 2111 κῶν
2597 2057 2693 2111 καὶ
2738 2058 3038 2131 κυϐερνῶν,
3090 2061 3290 2112 κεῖται.
3332 2058 3412 2109 Δι’
3441 2054 3595 2109 αὐτοῦ
3631 2053 3717 2123 γὰρ
3754 2051 3861 2103 πάνυ

2416 2149 2655 2217 ἐγένετο,
2684 2149 2780 2203 καὶ
2805 2150 3158 2223 συνέστηκεν,
3192 2150 3268 2214 ὡς
3303 2150 3361 2204 ἐν
3392 2145 3754 2220 δημηγορίᾶιςό
3776 2141 3860 2195 [iri-

2398 2230 2504 2303 λος
2530 2239 2653 2311 ἔφη.
2690 2237 2764 2293 Εὖ
2796 2241 2852 2293 δὲ
2879 2242 2959 2307 τὸ,
2988 2241 3270 2310 φέρων-ἐν
3290 2241 3372 2307 τῷ
3392 2240 3626 2310 ῥήματι,
3658 2238 3726 2291 ἵνα
3759 2234 3862 2304 δείξει

2417 2331 2493 2395 ὡς
2516 2330 2613 2402 τὴν
2646 2332 2940 2403 σύμπασαν
2976 2334 3175 2399 κτίσιν,
3209 2334 3309 2405 τὴν
3346 2332 3482 2399 ἄνω,
3520 2331 3609 2402 τὴν
3638 2331 3766 2391 κάτω,
3799 2325 3861 2377 ii:-

2418 2438 2524 2492 περ
2544 2423 2592 2474 οἱ
2620 2422 2688 2475 τὰ
2719 2423 2858 2476 πάνυ
2894 2426 3069 2495 μικρὰ
3096 2426 3191 2478 καὶ⁹
3230 2426 3589 2496 εὐπαρὰφορα
3622 2420 3775 2493 μᾶλλον
3812 2416 3865 2467 δα-

2419 2512 2614 2566 κτύλου
2653 2513 2948 2580 κινοῦντες,
3005 2514 3177 2580 οὓτως
3228 2515 3394 2579 αὐτὸς
3418 2517 3612 2586 ῥήματι
3638 2511 3693 2566 τὰ
3714 2508 3860 2575 mixtu.

2417 2603 2487 2658 τὰ
2506 2605 2752 2676 οὐράνια,
2784 2606 2849 2659 τὰ
2873 2607 3171 2677 ἐπουράνια
3202 2607 3383 2678 φέρει.

2349 2696 2486 2766 sive,
2534 2698 2779 2771 inquam,
2824 2707 3116 2755 terrestres
3158 2714 3235 2755 eae
3269 2699 3423 2765 sint,
3503 2698 3611 2753 sive
3676 2692 3863 2749 calesles.

2488 2922 2506 2954 ι
2535 2897 2783 2968 Τοσούτῳ
2812 2897 3075 2969 κρείττων
3100 2898 3396 2968 γενόμενος
3425 2893 3534 2948 τῶν
3560 2890 3776 2961 αγγέλων,
3806 2900 3867 2953 me

2409 2992 2808 3068 διαφορώτερον
2862 2992 2994 3063 παρ’
3048 2991 3248 3052 αὐτοὺς
3291 2986 3717 3059 ἐκληρονόμησεν
3752 2982 3869 3068 liveat

2410 3088 2532 3143 Τίνι
2568 3066 2678 3159 γὰρ
2711 3081 2833 3139 εἶπέ
2888 3100 3021 3137 ποτε
3061 3082 3171 3135 τῶν
3203 3081 3459 3149 ἀγγέλων
3481 3094 3495 3109 ’
3533 3078 3650 3139 Υἱός
3678 3090 3755 3144 μου
3772 3067 3803 3122 εἷ
3818 3066 3867 3127 σὺ,

2412 3179 2524 3247 ἐγὼ
2584 3181 2822 3250 σήμερον
2859 3175 3170 3246 γεγέννηκά
3207 3190 3266 3225 σε
3290 3188 3303 3237 ;
3331 3171 3434 3225 καὶ
3465 3168 3639 3259 πάλιν,
3674 3162 3779 3233 Ἐγὼ
3804 3160 3874 3259 ἔστι·

2327 3300 2371 3359 C
2411 3290 2511 3344 μαι
2570 3269 2718 3342 αὑτῷ
2762 3269 2842 3332 είς
2892 3266 3128 3335 πατέρα,
3187 3262 3284 3317 καὶ
3343 3259 3515 3324 αὐτὸς
3558 3258 3694 3311 ἔσται
3730 3269 3793 3323 μοι
3828 3263 3873 3305 εις

2400 3365 2538 3428 υἱόν.
2583 3380 2602 3414 ι

2482 3494 2700 3567 Ἐπειδὴ
2727 3493 2789 3548 τὸ
2807 3491 2907 3561 τῆς
2956 3488 3267 3559 οἰκονομίας
3321 3485 3622 3558 κηρύσσων
3647 3475 3871 3550 μυστήριον.

2399 3587 2859 3647 τεταπεινωκέναι
2895 3582 3086 3637 ἑαυτὸν
3139 3580 3265 3651 ἔφη,
3317 3578 3569 3633 λαϐόντα
3615 3573 3769 3628 δούλου
3794 3580 3877 3635 μορ·

2414 3684 2522 3755 φήν
2555 3699 2571 3714 ·
2599 3679 2789 3734 τούτου
2816 3676 2975 3747 χάριν
3000 3672 3251 3743 ἀγγέλοις
3308 3671 3486 3725 αὐτὸν
3542 3658 3875 3755 συγκρίνει,

2399 3742 2563 3840 nube,
2614 3771 2689 3834 ὡς
2746 3742 2959 3823 δτί’›έαι
3019 3742 3258 3835 γεγονὼς
3308 3762 3627 3835 ἄνθρωπος,
3669 3742 3878 3847 οὐῶηῆτσ

2398 3866 2490 3920 τόν
2522 3866 2637 3917 ἐστι
2671 3861 2803 3924 Θεὸς
2834 3860 2928 3912 καὶ
2968 3856 3263 3925 Δεσπότης,
3298 3855 3406 3908 καὶ
3458 3853 3551 3905 τὸν
3580 3847 3741 3916 ἀγῶνα
3760 3853 3876 3891 tam

2397 3956 2601 4010 ἄνωθεν
2644 3956 2707 4007 ὲκ
2744 3950 3041 4022 προφητῶν
3095 3947 3483 4017 ἰσχυροποιεῖ,
3520 3943 3663 4003 ὅπως
3686 3936 3739 3990 ἂν
3763 3929 3878 4002 μηδεὶς

2396 4047 2698 4116 ἀντιλέγειν
2726 4044 2825 4115 ἔχῃ
2863 4044 2973 4105 τοῖς
3004 4039 3343 4110 λεγομένοις.

2469 4160 2636 4214 Ὅταν
2666 4158 2723 4211 δὲ
2752 4155 2915 4210 πάλιν
2943 4152 3214 4223 εἰσαγάγῃ
3238 4152 3337 4204 τὸν
3371 4146 3710 4221 πρωτότοκον
3738 4142 3795 4235 si;

2394 4251 2740 4321 οἶκουμένην,
2755 4248 2904 4316 λέγει
2920 4264 2933 4278 ·
2960 4245 3071 4300 Καὶ
3088 4242 3637 4314 προσκυνησάτωσαν
3662 4232 3780 4300 αὐτῷ

2394 4314 2726 4411 τεςᾶγγελοι
2754 4314 2918 4393 θεοῦ·
2952 4335 3210 4407 καὶπρὸς
3243 4334 3349 4405 μὲν
3412 4333 3549 4395 τοὺς
3600 4314 3881 4414 mam“?

2394 4451 2517 4504 γει·
2559 4434 2616 4487 '0
2646 4431 2814 4485 ποιῶν
2835 4430 2963 4493 τοὺς
2999 4426 3266 4497 ἀγγέλους
3303 4424 3484 4480 αὐτοῦ

2393 4500 2516 4589 τοὺς
2540 4521 2886 4593 λειτουργοὺς
2911 4518 3076 4574 αὐτοῦ
3128 4516 3302 4588 πυρὸς
3360 4513 3571 4585 φλόγα.
3629 4504 3751 4578 Πρὸς
3768 4500 3810 4552 δὲ
3830 4500 3883 4545 '5"

2322 4648 2368 4704 Β
2396 4615 2547 4669 Υὶόν.
2578 4633 2595 4667 ι

2465 4727 2558 4799 Μὴ
2615 4725 2915 4797 Θορυΰείτω
2944 4738 3002 4776 σε
3028 4764 3044 4789 ,
3080 4720 3247 4791 φησι,
3280 4719 3349 4773 τὸ
3402 4717 3642 4773 ἀκοῦσαι
3698 4701 3884 4795 βρσΐδ

2388 4817 2519 4888 παρ’
2562 4816 2826 4885 ἀγγέλους
2859 4812 3022 4867 αὑτὸν
3078 4809 3472 4865 ἐλαττοῦσθαι.
3502 4809 3645 4877 ’θρα
3684 4799 3771 4869 γὰρ

2388 4904 2551 4956 πάλιν
2578 4906 2693 4955 ἐστὶ
2721 4902 2873 4967 Θεὸς,
2905 4900 3039 4953 ὅπου
3064 4914 3127 4967 γε
3151 4898 3247 4951 καὶ
3293 4896 3541 4966 ἄγγελοι
3586 4888 3883 4975 προσκυνθῖῗν

2385 4994 2552 5065 αὐτῷ.
2589 4994 2662 5047 Τὸ
2690 4993 2769 5059 δὲ,
2914 4989 3030 5059 τὴν
3071 4962 3472 5057 οἰκουμέῡέήν,
3494 4987 3545 5039 οἱ
3576 4983 3673 5054 μὲν
3717 4976 3791 5042 τὴν

2384 5056 2632 5154 λέγουσιν
2652 5126 2668 5151 ,
2720 5056 2769 5138 oi
2794 5056 2874 5138 6s
2894 5056 2993 5155 τὴν
3049 5080 3379 5152 μέλλουσαν.
3417 5064 3787 5156 ’Δμφότεραδξ
3815 5056 3886 5156 Et“

2389 5153 2589 5241 καλῶς.
2625 5174 2736 5229 Καὶ
2762 5174 2823 5227 τδ
2845 5153 2960 5243 τῆς-
2985 5169 3300 5240 οἰκονομίας
3364 5168 3672 5239 μυστήριον
3721 5153 3872 5243 sala}?-

2386 5261 2555 5332 αὐτῷ,
2605 5240 2994 5333 διηκόνουν-ὼς
3023 5248 3268 5328 Δέσπότῃ
3303 5258 3363 5310 οἱ
3403 5255 3633 5325 ἄγγελοι
3661 5265 3675 5280 ⁶
3705 5243 3789 5333 καὶ,
3809 5240 3889 5289 ἐπ’

2387 5351 2554 5421 ρεύθη
2583 5352 2641 5404 ὲν
2672 5332 2920 5422 οὐρανοῖς
2944 5390 2959 5417 ,
2992 5348 3431 5418 ὑποταγέντων
3488 5344 3649 5409 αὐτῷ
3676 5332 3890 5406 dna“

1977 5651 2209 5709 VARIIE
2245 5651 2645 5714 LECTIONES.

787 5787 816 5827 ιι
843 5776 1081 5847 Legerim
1108 5776 1311 5845 potius,
1340 5778 1535 5832 τόπων.
