4022 6408
162 370 245 434 933

1290 364 1381 425 ἸΝ
1424 362 1664 423 EPIST.
1703 362 1802 422 AD
1838 361 2231 423 HEBRjEOS.

3254 358 3361 423 934

162 478 280 533 κατὰ
311 476 410 547 τὴν
453 474 548 529 τοῦ
580 474 789 546 Πέτρου
848 475 1049 545 φωνήν.
1100 473 1271 528 Πάλιν
1300 473 1356 527 δὲ
1388 474 1449 526 τὸ
1468 476 1692 528 ὑποτα-

1809 471 1895 525 ςὶῡί
1931 472 2129 542 angelis
2168 473 2237 538 ⁸³,
2284 470 2352 526 ad
2403 469 2576 528 caelos
2610 471 2879 543 perrexit,
2923 468 3223 527 secundum
3254 468 3357 524 Pe-

161 568 498 640 γέγωνε-,διὰ
525 566 622 639 τὴν
650 565 962 638 οἰκονομίαν
984 566 1269 638 λαμϐάνει.
1304 585 1333 616 ι

216 842 239 876 ι
270 822 325 877 '0
356 821 543 894 θρόνος
575 838 686 886 σου,
722 823 751 874 6
780 820 935 885 Θεὸς,
973 821 1054 884 είς
1077 820 1170 873 τὸν
1220 821 1390 875 αἰῶνα
1435 819 1528 874 τοῦ
1556 819 1691 873 αίῶ-

154 934 269 982 νος,
334 915 527 985 ῥάϐδος
587 911 880 983 εὐθύτητος
912 915 962 983 ¹ἡ
1016 912 1208 985 ῥάϐδος
1252 913 1350 982 τῆς
1416 912 1691 983 βασιλείας

160 1026 256 1063 σου.
298 1006 619 1076 Ἦγάπησας
666 1004 1015 1075 δικαιοσύνην
1041 1044 1055 1068 ,
1108 1006 1202 1059 καὶ
1257 1004 1526 1075 ἐμίσησας
1570 1005 1695 1057 ἀνο-

162 1099 272 1169 μίαν
302 1112 317 1127 ’
347 1097 436 1150 διά
460 1095 616 1149 τοῦτο
644 1095 831 1168 ἔχρισέ
865 1112 924 1148 σε
952 1097 980 1149 6
1001 1095 1151 1160 Θεὸς,
1184 1097 1212 1149 6
1238 1096 1369 1159 Θεός
1399 1112 1491 1148 σου
1517 1093 1693 1148 ἔλαιον

160 1187 527 1258 ἀγαλλιάσεως.

219 1280 409 1333 Σκόπει
433 1279 593 1332 πάλιν
619 1277 735 1342 πῶς
751 1278 841 1331 τὸν
858 1277 1038 1343 αὐτὸν,
1057 1277 1186 1331 Θεὸν
1201 1279 1295 1331 καὶ
1315 1277 1599 1348 ἄνθρωπον
1616 1274 1691 1346 (8)

158 1371 399 1434 δείκνυσι,
456 1370 543 1424 διὰ
580 1370 677 1440 μὲν
719 1369 813 1423 τοῦ
848 1369 1040 1439 θρόνου
1074 1370 1170 1422 καὶ
1204 1369 1303 1438 τῆς
1354 1368 1549 1439 ῥάϐδου
1593 1368 1693 1436 τὴν

161 1460 415 1533 βασιλείαν
463 1461 625 1515 αὐτοῦ
648 1501 664 1525 ,
705 1460 800 1515 καὶ
840 1460 936 1531 τὴν
983 1459 1211 1532 θεότητα
1250 1460 1464 1524 δεικνύς
1487 1477 1502 1492 ·
1526 1459 1617 1513 διὰ
1636 1457 1694 1511 δὲ

154 1556 254 1618 τοῦ,
281 1554 491 1623 ἔχρισέ
526 1568 602 1608 σε
625 1556 659 1608 ὁ
689 1554 853 1619 Θεὸς,
878 1557 910 1607 ό
936 1555 1078 1619 Θεός
1114 1569 1250 1621 σου,
1276 1554 1336 1607 τὸ
1360 1555 1458 1625 τῆς
1487 1554 1691 1606 οἰκονο-

158 1648 268 1718 μίας
290 1646 609 1715 μυστήριον.

219 1754 237 1788 ι
271 1736 434 1807 Παρά
458 1737 584 1798 τοὺς
608 1735 866 1807 μετόχους
894 1753 1010 1789 σου.
1039 1754 1057 1786 ι

1796 564 1869 617 tri
1891 579 2104 619 vocem.
2126 564 2381 630 Quinimo
2401 579 2624 620 rursum
2655 565 2728 620 ob
2754 563 3002 621 eamdem
3024 562 3361 617 incarnatio-

1797 654 1882 709 nis
1937 670 2050 709 suae
2084 656 2545 726 dispensationem
2575 671 2763 712 vocem
2808 655 2951 710 hanc
2980 654 3203 723 accipit,
3234 653 3360 708 sub-

1786 739 1943 817 jectis
1978 747 2097 801 sibi.

1874 854 1892 888 ‹
1926 836 2180 890 'I‘hronus
2209 844 2359 897 tuus,
2396 832 2562 894 Deus,
2590 833 2644 887 in
2677 834 2939 888 saeculum
2974 833 3180 896 saeculi,
3205 834 3357 902 virga

1796 926 2095 998 aequitatis,
2149 926 2300 995 virga
2353 927 2503 995 regni
2560 926 2661 981 tui.
2720 924 2912 997 [.Vens.
2974 925 3055 997 9.]
3113 925 3359 979 Dilexisti

1793 1017 2092 1088 justitiam.
2123 1024 2179 1071 et
2222 1017 2389 1071 odisti
2433 1017 2820 1087 iniquitatem:
2853 1027 3141 1087 propterea
3204 1017 3363 1070 unxit

1798 1113 1851 1163 te
1880 1106 2040 1171 Deus,
2074 1106 2217 1162 Deus
2242 1115 2371 1163 tuus
2397 1108 2518 1162 oleo
2556 1107 2773 1161 laetitiae.
2809 1126 2830 1159 ι

1868 1281 2111 1338 Observa
2148 1280 2345 1336 iterum
2381 1280 2657 1351 quomodo
2684 1281 2936 1336 eumdem
2967 1296 3088 1335 esse
3119 1278 3285 1334 Deum
3308 1285 3364 1333 et

1798 1372 2075 1428 hominem
2110 1371 2361 1442 perhibet
2396 1388 2411 1437 ;
2452 1380 2509 1423 ut
2540 1384 2636 1438 per
2656 1368 3152 1438 tbronumquidem
3183 1364 3363 1420 etvir-

1797 1479 1943 1534 gam,
1974 1477 2071 1517 seu
2104 1471 2404 1530 sceptrum,
2445 1473 2672 1527 regnum
2698 1457 2869 1526 ipsius
2897 1466 2950 1510 et
2981 1456 3240 1508 deitatem
3266 1468 3364 1507 no-

1800 1554 2004 1619 tiﬁcet;
2040 1552 2276 1606 dicendo
2313 1560 2522 1611 autem,
2559 1546 2721 1601 Unxit
2756 1559 2803 1602 te
2834 1547 2972 1602 Deus
2995 1588 3010 1612 ,
3044 1546 3185 1600 Deus
3216 1557 3361 1607 tuus,

1798 1640 2195 1695 incarnationis
2222 1638 2854 1725 mysteriunLexprimat.

1874 1752 1893 1785 ι
1940 1732 2059 1786 Prin
2091 1731 2455 1801 participibus
2485 1729 2617 1785 tuis.
2646 1749 2666 1783 ι

219 1848 238 1881 ι
273 1829 439 1881 Ὥστε
463 1829 672 1892 πάντας
699 1829 825 1892 τοὺς
857 1828 1181 1899 μετέχοντας
1216 1828 1317 1898 τῆς
1371 1828 1535 1883 αὐτοῦ
1571 1845 1695 1882 συν-

1868 1825 1947 1880 Ita
1980 1834 2038 1879 ut
2064 1840 2255 1880 omnes
2293 1824 2387 1894 qui
2438 1823 2780 1879 sanctitatem
2832 1820 2982 1876 illius
3011 1818 3363 1890 participant,

157 1920 331 1992 αφειας
358 1959 376 1984 ,
427 1919 489 1973 τὸ
533 1919 712 1972 ἔλαιον
762 1919 910 1990 ἔχειν
952 1922 1053 1991 τῆς
1100 1919 1513 1988 ἀγαλλιάσεως,
1568 1920 1703 1974 καθὸ

155 2014 211 2068 ἐκ
232 2013 332 2067 τοῦ
380 2014 767 2083 πληρώματος
800 2012 983 2087 αὐτοῦ
1018 2011 1240 2077 πάντες
1284 2012 1452 2082 ἡμεῖς
1493 2010 1702 2067 ὲλὰὄοο

152 2122 272 2177 μεν,
305 2105 455 2158 κατὰ
483 2105 583 2183 τῂν
614 2103 711 2158 τοῦ
742 2103 1075 2172 Εὐαγγελίου
1106 2106 1310 2173 φωνήν.

214 2195 504 2261 Τουτέστι,
558 2195 620 2250 τὸ
679 2194 896 2267 πνεῦμα
941 2198 1040 2250 οὐκ
1080 2197 1145 2250 ὲκ
1195 2197 1398 2267 μέτρου
1454 2194 1702 2251 ἐλαϐενό

156 2287 283 2350 Υἱός.

227 2396 247 2430 ι
284 2377 431 2431 Καί·
467 2377 538 2431 Σύ
579 2376 697 2430 κατ’
730 2376 926 2448 ἀρχὰς,
956 2378 1153 2446 Κύριε,
1208 2376 1307 2448 τὴν
1352 2378 1457 2448 γῆν
1505 2376 1700 2449 ἐθεμε-

154 2465 357 2531 λίωσας,
416 2465 510 2519 καὶ
566 2465 703 2537 ἔργα
748 2466 856 2521 τῶν
904 2470 1106 2540 χειρῶν
1163 2485 1257 2522 σου
1286 2470 1421 2522 είσὶν
1450 2470 1501 2522 οἱ
1535 2470 1699 2539 οὐρα-

153 2558 241 2612 νοί.
264 2576 282 2610 ι

204 2650 379 2705 Πάλιν
431 2653 523 2705 ὲπι
567 2652 668 2723 τὴν
722 2651 952 2722 θεότητα
990 2652 1275 2723 ἀνατρέχει
1328 2652 1422 2706 τοῦ
1478 2670 1699 2724 μονογε-

153 2741 281 2807 νοῦς,
319 2744 540 2808 δεικνὺς
572 2744 732 2798 αὐτὸν
761 2747 855 2799 καὶ
875 2746 981 2800 τῶν
998 2746 1243 2816 οὐρανῶν
1273 2749 1523 2819 ποιητήν.

224 2851 241 2882 ι
268 2832 432 2886 Αὐτοὶ
457 2833 803 2899 ἀπολοῦνται,
838 2834 903 2888 σύ
936 2834 992 2887 δὲ
1017 2835 1314 2905 διαμένεις,
1350 2838 1443 2890 καὶ
1498 2837 1699 2902 πάντες

154 2919 223 2985 ὡς
278 2924 493 3006 ἱμάτιον
544 2924 1033 2996 παλαιωθήσονται.
1082 2926 1192 2979 Καὶ
1240 2925 1313 2989 ὡς
1356 2926 1698 2997 περιϐόλαιον

156 3013 334 3081 ἑλίξεις
398 3016 617 3083 αὐτοὺς,
672 3016 766 3070 καὶ
806 3016 1204 3088 ἀλλαγήσονται
1235 3033 1250 3049 ’
1287 3017 1352 3071 σὺ
1385 3018 1461 3083 δὲ,
1483 3021 1511 3073 6
1537 3020 1697 3085 αὐτὸς

154 3100 217 3170 εἴ,
247 3107 335 3160 καὶ
363 3106 437 3161 τὰ
459 3106 558 3178 ἐτη
591 3125 685 3161 σου
717 3107 816 3162 οὐκ
829 3107 1191 3179 ἐκλείψουσιν.
1216 3126 1237 3161 s

216 3288 441 3359 Ὅμοιον
463 3287 540 3352 ὡς
571 3290 621 3342 εί
658 3288 846 3357 λέγοι·
880 3289 972 3360 Μὴ
1002 3289 1298 3361 θορυϐείτω
1332 3307 1413 3355 σε,
1463 3292 1648 3363 φησὶν,
1675 3294 1705 3347 6

146 3380 281 3435 αατά
334 3380 521 3452 σάρκα
542 3380 799 3443 .·θάνατος
820 3397 835 3411 ο
867 3381 1064 3453 ἀνέστη
1097 3381 1226 3453 γὰρ,
1266 3384 1362 3436 καὶ
1387 3382 1458 3435 τά
1483 3383 1581 3456 ἐτη
1606 3384 1705 3438 αὐο

152 3469 237 3523 τοῦ
259 3472 357 3526 οὐκ
385 3471 718 3541 ὲκλείψουσι.
742 3472 851 3526 Kal
877 3472 1096 3544 οὐρανοὶ
1128 3472 1247 3545 μὲν,
1285 3473 1380 3528 ἁτε
1410 3473 1561 3539 ὄντες
1585 3492 1704 3530 κτι-

155 3562 278 3627 στοὶ,
318 3563 816 3631 παλαιωθήσονται,
858 3562 946 3617 ἵνα
996 3563 1092 3617 καὶ
1132 3562 1227 3617 τοῦ
1276 3566 1567 3636 καινισμοῦ
1611 3566 1707 3620 τύ-

153 3670 308 3724 χωσιν
340 3672 358 3689 °
410 3656 573 3720 αὐτὸς
598 3657 652 3710 δὲ
679 3655 837 3710 τοῦτο
868 3656 1054 3719 αὐτοῖς
1090 3658 1385 3727 χαριεῖται,
1416 3660 1497 3713 ὅτι
1522 3658 1585 3731 δὴ
1606 3659 1705 3714 καὶ

154 3746 293 3813 μένει
315 3747 345 3801 6
365 3743 461 3819 ἦν,
491 3747 739 3801 τουτέστι
799 3747 953 3811 Θεός.
980 3747 1093 3802 Καὶ
1115 3746 1277 3802 τοῦτο
1315 3748 1468 3821 δηλοῖ
1506 3750 1606 3805 καὶ
1630 3750 1705 3805 τὰ

153 3835 246 3906 ἐτη
268 3855 397 3894 σου
430 3841 543 3894 οὐκ
569 3839 943 3909 summum.

248 4064 269 4096 ³
292 4065 339 4119 II
362 4063 514 4122 Petr.
547 4081 609 4133 ιι,
639 4065 731 4121 22.
795 4064 844 4097 “
869 4063 1027 4120 Joan.
1060 4079 1099 4131 1,
1125 4064 1209 4119 I6.

1803 1918 1987 1972 oleum
2020 1916 2406 1972 exsultationis
2442 1915 2681 1969 habeant
2716 1932 2729 1969 :
2770 1927 2875 1983 qua
2915 1926 3127 1981 nempe,
3167 1924 3366 1965 secun-

1796 2008 1929 2081 dum
1991 2007 2271 2077 Evangelii
2313 2006 2535 2062 effatum
2560 2045 2577 2073 ,
2613 2005 2678 2060 de
2737 2003 3062 2074 plenitudine
3117 2002 3230 2070 eius
3271 2016 3365 2055 nos

1799 2117 1975 2157 omnes
2008 2101 2301 2168 accepimus
2330 2098 2399 2153 ⁸⁸.

1870 2190 1927 2245 Id
1966 2199 2070 2257 est,
2114 2189 2382 2262 Spiritum
2422 2187 2599 2246 Filius
2632 2203 2744 2245 non
2791 2188 3005 2258 accepit
3058 2185 3367 2242 secundum

1799 2292 2132 2339 mensuram.

1872 2374 2036 2431 Vens.
2092 2374 2182 2430 10.
2244 2393 2263 2426 ι
2321 2373 2387 2428 Et
2428 2392 2443 2430 :
2480 2372 2563 2427 Tu
2633 2372 2689 2427 in
2747 2370 3053 2442 principio,
3117 2368 3367 2435 Domine,

1798 2476 2000 2523 terram
2049 2465 2327 2531 fundasti,
2360 2475 2416 2521 et
2463 2480 2631 2536 opera
2682 2478 2941 2518 manuum
2984 2471 3200 2517 tuarqu
3236 2469 3367 2516 sunt

1797 2558 1946 2614 «eli.
1989 2578 2009 2611 ι

1869 2650 2110 2707 Rursum
2140 2650 2206 2704 ad
2227 2649 2507 2719 Unigeniti
2540 2648 2795 2705 deitatem
2827 2648 3369 2713 revoIat,ostendens

1797 2744 1976 2815 ipsum
2007 2744 2269 2798 caelorum
2299 2757 2518 2812 quoque
2545 2757 2666 2796 esse
2697 2742 3056 2797 conditorem.

1867 2833 2034 2890 Vens.
2067 2834 2156 2901 II,
2192 2834 2281 2888 12.
2322 2851 2342 2884 ι
2380 2833 2488 2903 Ipsi
2528 2834 2804 2903 peribunt,
2838 2841 2895 2887 tu
2933 2841 3117 2887 autem
3154 2849 3369 2903 perma-

1796 2928 1991 2993 uebis;
2036 2934 2092 2982 et
2136 2942 2327 2982 omnes
2377 2927 2525 2981 sicut
2575 2926 2954 2981 vestimentum
3007 2935 3368 2982 veterascent.

1796 3018 1863 3073 Et
1912 3022 2057 3075 sicut
2100 3019 2436 3089 opertorium
2488 3019 2729 3075 mutabis
2786 3034 2905 3084 eos,
2961 3027 3015 3073 et
3072 3020 3373 3073 mutabun-

1801 3118 1894 3164 tur
1926 3128 1940 3163 :
1980 3118 2036 3163 tu
2084 3118 2266 3164 autem
2310 3107 2451 3163 idem
2490 3108 2608 3178 ipse
2636 3122 2728 3175 es,
2759 3116 2815 3164 et
2860 3109 2991 3163 anni
3024 3108 3103 3164 tui
3133 3124 3244 3164 non
3273 3107 3372 3163 de-

1729 3170 1777 3233 C
1807 3202 2013 3257 ticient.
2048 3219 2070 3253 ι

1880 3293 2027 3349 Idem
2055 3298 2145 3348 est
2182 3306 2247 3347 ac
2284 3291 2330 3347 si
2359 3290 2568 3346 diceret
2594 3309 2609 3347 :
2640 3288 2761 3347 Non
2790 3297 2845 3349 te
2874 3292 3140 3363 percellat
3183 3306 3333 3347 mors
3352 3332 3370 3357 ,

1810 3382 2013 3454 inquit,
2044 3397 2210 3453 quam
2246 3396 2414 3437 carne
2447 3397 2742 3453 perpessus
2771 3389 2856 3438 est
2888 3401 2901 3438 :
2934 3385 3173 3439 surrexit
3199 3383 3371 3449 enim,

1808 3484 1863 3532 et
1891 3475 2019 3529 anni
2041 3474 2164 3545 ejus
2194 3488 2302 3528 non
2339 3475 2611 3530 desinent.
2642 3475 2723 3531 Ac
2755 3476 2881 3531 caeli
2911 3476 3157 3547 quidem,
3194 3491 3373 3546 quan-

1811 3564 2105 3634 doquidem
2142 3564 2351 3619 conditi
2385 3563 2627 3629 fuerunt,
2676 3573 3061 3630 veterascent,
3093 3572 3258 3635 atque
3284 3565 3370 3619 in-

1809 3655 2209 3713 staurabuntur
2234 3674 2249 3709 :
2280 3655 2373 3711 ille
2401 3664 2585 3710 autem
2607 3656 2712 3711 hoc
2731 3656 2812 3711 eis
2834 3656 3140 3726 praestabit,
3171 3655 3374 3726 quippe

1810 3751 1903 3820 qui
1936 3757 2154 3804 maneat
2178 3748 2233 3803 id
2265 3749 2409 3817 quod
2440 3757 2579 3811 erat,
2618 3748 2671 3803 id
2706 3756 2792 3805 est
2829 3748 2996 3805 Deus.
3027 3748 3184 3815 Quod
3209 3748 3374 3819 229

1814 3840 2032 3910 quidem
2087 3840 2173 3896 his
2230 3841 2415 3897 verbis
2471 3840 2850 3912 signiﬁcatur,
2888 3850 2939 3895 et
2988 3841 3116 3895 anni
3146 3841 3223 3894 tui
3272 3857 3375 3895 non

1817 3932 2078 4002 deﬁcient.

1670 4153 1903 4212 ΝΟΤᾹΞ.

224 4252 298 4325 (8)
326 4254 467 4320 Πῶς
496 4254 605 4308 τὸν
627 4255 817 4310 αὐτὸν
843 4254 992 4325 Θεὸν
1019 4253 1119 4308 καὶ
1146 4254 1475 4324 ἄνθρωπον.
1509 4249 1581 4325 Ut
1610 4251 1709 4325 fre-

149 4323 406 4395 quentius
442 4325 893 4395 Chrysostomnm
930 4323 1298 4395 Damascenus
1344 4324 1609 4379 exscribit
1649 4323 1708 4376 in

150 4393 450 4460 Ilpistotam
484 4393 859 4459 ad‘Hebrteos,
895 4396 1020 4449 hinc
1045 4395 1175 4449 mihi
1215 4394 1428 4449 videtur
1457 4395 1512 4447 in
1574 4408 1704 4447 san-

1811 4252 2011 4316 Patris,
2034 4252 2305 4312 adversus
2335 4256 2647 4311 Marcellum
2717 4257 3089 4323 Ancyrannm,
3125 4254 3217 4322 qui
3254 4266 3379 4323 per-

1814 4338 2074 4378 sonarum
2136 4328 2498 4382 substantiam
2532 4328 2586 4379 in
2631 4341 2690 4380 se
2722 4327 3050 4380 Trinitatem
3119 4327 3375 4393 negabat,

1813 4393 2046 4449 ulterius
2078 4397 2358 4452 concludit
2386 4396 2600 4451 Patrem
2635 4404 2690 4450 et
2714 4395 2910 4449 Filium
2940 4396 3078 4449 duas
3106 4409 3228 4449 esse
3258 4410 3389 4461 perm

150 4465 409 4541 ιζιίεξγίιιιίΔ
434 4463 689 4541 doctoris
729 4472 992 4541 contextu
1024 4464 1241 4541 legisse,
1268 4471 1332 4541 _ut
1378 4463 1483 4541 fert
1503 4462 1708 4541 _editio
1739 4486 1784 4541 ο
1814 4478 2146 4541 sonas,vere
2162 4480 2213 4520 et
2231 4467 2542 4541 secundum
2551 4466 2894 4541 hypostasiin
2911 4465 3198 4541 distinctas
3238 4463 3381 4541 Πρὸς

152 4533 359 4596 Savilii,
385 4534 483 4588 δύο
517 4534 607 4587 τὸν
626 4535 785 4588 αὐτὸν
810 4535 1042 4596 δεικνὺς,
1076 4532 1167 4586 irai
1194 4533 1346 4596 Θεὸν,
1370 4534 1463 4585 καὶ
1496 4532 1707 4596 άνθρωο

152 4620 266 4658 πον.
295 4605 361 4658 In
424 4604 661 4658 editione
720 4614 899 4658 autem
958 4603 1278 4666 Veronensi,
1312 4611 1364 4657 et
1427 4602 1706 4656 codicibus

151 4675 359 4745 aliquot
390 4674 645 4745 habetur,
666 4673 758 4727 δύο
772 4674 1040 4745 πρόσωπα
1060 4673 1291 4745 δεικνὺς,
1325 4672 1420 4745 καὶ
1437 4671 1590 4745 Θεὸν,
1613 4672 1710 4726 καὶ

148 4743 462 4814 ᾄνθρωπον.
495 4744 595 4798 Cui
618 4743 907 4814 posteriori
941 4744 1183 4814 lectioni
1212 4744 1504 4798 translatio
1547 4752 1711 4814 vetus

148 4810 292 4883 favet
325 4832 340 4868 :
370 4810 636 4879 Adversus
662 4812 880 4869 Iudaeos
913 4813 1046 4867 duas
1100 4829 1351 4883 personas
1418 4812 1630 4875 asserit,
1661 4820 1712 4865 et

147 4880 353 4937 Filium
406 4901 512 4936 non
555 4887 724 4937 solum
790 4880 1150 4937 distinctam'a
1186 4882 1345 4936 Patre
1409 4898 1710 4950 personam,

147 4954 232 5005 sed
284 4954 533 5008 eumdem
585 4955 743 5008 etiam
800 4954 966 5008 Deum
997 4962 1046 5007 et
1079 4953 1361 5013 hominem,
1417 4968 1577 5004 unam
1625 4967 1716 5005 au-

148 5032 247 5075 tem
268 5025 401 5078 inse
436 5040 738 5093 personam.
772 5042 791 5075 ι
832 5026 1029 5093 Quare
1067 5023 1161 5077 δύο
1199 5022 1467 5093 πρόσωπα
1488 5038 1616 5093 non_
1628 5026 1718 5093 est

145 5090 577 5160 peruiutandutn
625 5133 641 5156 ,
694 5096 872 5161 inquit
918 5092 1180 5147 Andraeas
1232 5090 1520 5145 Dounzeus.
1598 5090 1717 5144 Non

144 5164 290 5217 enim
346 5163 488 5217 dicit
518 5160 685 5216 Deum
717 5160 783 5218 et,
802 5163 1074 5216 hominem
1101 5164 1240 5223 duas
1264 5177 1385 5216 esse
1430 5176 1717 5228 personas;

147 5244 202 5286 ut
232 5232 556 5297 Nestorius,
608 5232 706 5288 sed
766 5232 981 5287 Patrem
1012 5241 1066 5286 et
1100 5231 1300 5285 Filium
1334 5248 1349 5298 ;
1379 5231 1577 5285 Filium
1623 5245 1719 5283 au-

114 5310 272 5364 item,
310 5302 489 5356 Deum
512 5312 560 5356 et
588 5302 890 5357 hominem.
927 5321 949 5355 ι
991 5300 1114 5356 Haec
1142 5303 1301 5371 plane
1351 5300 1721 5371 DounaeiLex-

144 5374 358 5439 positio
403 5374 687 5426 verissima
711 5380 813 5427 est.
863 5371 981 5426 Non
1004 5369 1155 5426 enini
1201 5386 1535 5426 concessero
1555 5369 1726 5441 Chry-

142 5452 491 5507 sostonmm,
536 5442 630 5513 δύο
695 5441 1258 5513 πρόσωπα-’ἀλίοειιᾱυ
1308 5451 1549 5513 naturas
1587 5440 1726 5513 duas

140 5513 515 5581 signiﬁcasse.
535 5509 815 5581 Siquidem
832 5509 1273 5581 cumLMeletianis
1294 5511 1409 5565 suis
1430 5510 1727 5565 Antioche-

1810 4532 1867 4586 δὲ
1890 4532 2212 4604 Μάρκελλον
2238 4538 2331 4589 καὶ
2357 4537 2484 4598 τοὺς
2512 4532 2727 4599 ἄλλους,
2752 4536 2834 4588 ὅτι
2869 4534 2963 4587 δύο
2994 4533 3111 4585 ἐστὶ
3126 4532 3381 4604 ,τοσαῦτα

1813 4601 2082 4677 πρόσωπα
2099 4604 2404 4677 διῃρημένα
2431 4606 2572 4659 κατὰ
2637 4606 2738 4677 τὴν
2766 4605 3088 4677 ὑπόστασιν.
3125 4601 3241 4677 Hoc
3278 4604 3381 4655 ita-

1810 4672 1922 4743 que
1958 4673 2065 4726 loci
2089 4672 2514 4745 Chrysostomus
2537 4675 2733 4744 repetit
2766 4674 2923 4745 quod
2938 4681 3131 4745 contra
3157 4742 3165 4745 Α
3196 4672 3383 4726 Samo-

1812 4742 2455 4812 satensem,Sabellium,
2495 4742 2832 4805 Marcellum.
2895 4742 3265 4812 Sophronimn
3327 4750 3383 4796 et

1811 4811 2134 4884 Photinnm,
2182 4817 2332 4869 hom.
2366 4814 2398 4868 6
2422 4816 2473 4868 in
2504 4814 2673 4884 Epist.
2696 4814 2774 4884 ad
2803 4811 3039 4884 Philipp.
3090 4821 3380 4884 statuerat,

1814 4880 2012 4936 Filium
2040 4896 2146 4936 non
2166 4900 2289 4940 esse
2309 4880 2651 4938 eliicient'iam
2672 4880 3142 4938 duntaxat'Patris
3162 4882 3384 4936 minime

1816 4953 2181 5024 substantem,
2209 4955 2304 5010 sed
2328 4964 2620 5022 utrumque
2646 4955 2783 5008 duas
2812 4968 3077 5024 personas
3105 4952 3300 5007 essein
3322 4966 3385 5024 se

1817 5021 2183 5092 subsistentes
2217 5042 2231 5078 :
2269 5042 2288 5075 ι
2324 5025 2447 5092 Οὐχ
2494 5021 2828 5092 ἁρπαγμόί
2852 5022 3176 5092 ήγήσατοκ
3210 5021 3342 5088 φησὶ
3367 5061 3384 5081 ,

1817 5091 1884 5144 τὸ
1930 5088 2084 5145 εἶναι
2135 5091 2242 5149 τσα
2291 5088 2445 5157 Θεῷ,
2489 5088 2630 5146 Ἴσον
2660 5088 2717 5147 δὲ
2769 5088 3030 5155 ὲπὶνένὸς
3069 5092 3128 5143 οὐ
3166 5090 3386 5157 λέγεται

1820 5161 2134 5233 προσάψω.
2167 5164 2239 5216 Τὸ
2264 5164 2372 5233 γὰρ
2406 5162 2540 5227 ἴσον,
2586 5164 2693 5216 τινί
2731 5164 2879 5233 ἐστιν
2909 5163 3048 5233 ἴσον,
3086 5160 3255 5233 Δᾭρᾷς
3294 5157 3389 5233 δύο

1821 5227 2132 5301 προσώπων
2180 5227 2497 5296 ὑπόστασιν,
2552 5233 2676 5301 οὐχὶ
2733 5232 2973 5301 ὀνόματα
3022 5227 3177 5301 ψιλάξ
3200 5227 3388 5301 ξχωρὶς

1822 5251 2132 5301 προσωπων
2180 5251 2497 5296 υποστασιν,
2552 5251 2613 5285 ου
2659 5251 2676 5285 ι
2733 5251 2973 5301 ονοματα
3022 5251 3153 5300 quita
3218 5251 3387 5297 χωρις

1822 5302 2163 5371 πραγμάτων
2224 5303 2508 5372 λεγόμενα.
2572 5320 2590 5353 ι
2619 5251 2754 5356 ἤνοη
2798 5301 3056 5372 rapinam
3093 5298 3388 5351 arbitratus

1824 5369 1923 5436 est,
1954 5369 2151 5441 inquit,
2181 5369 2307 5427 esse
2327 5369 2579 5440 (aqualem
2614 5372 2740 5427 Deo.
2774 5369 3008 5441 Equale
3027 5369 3094 5424 de
3129 5382 3233 5421 una
3265 5382 3390 5441 per:

1828 5456 1962 5497 sona
2026 5435 2147 5496 non
2194 5435 2416 5497 dicitur.
2449 5441 2605 5507 Quod
2644 5443 2787 5497 enim
2841 5435 3049 5510 ecquale
3073 5446 3188 5510 est,
3232 5435 3389 5491 alteri

1827 5510 2045 5580 quidem
2103 5521 2188 5566 est
2228 5506 2696 5582 tequaIeQVides
2748 5506 3105 5582 personarum
3156 5506 3389 5582 duarum

142 5576 228 5635 ni's
253 5590 492 5636 noverat
512 5576 805 5650 emicranii:
831 5590 886 5637 et
910 5576 1197 5650 personam
1217 5580 1287 5636 ab
1309 5582 1544 5636 essentia
1558 5588 1611 5633 et
1636 5594 1730 5634 na-
1829 5576 2263 5647 suhsistentiam,
2293 5576 2416 5650 'non
2467 5576 2766 5650 simplicia'
2798 5580 3021 5636 nomina
3056 5578 3178 5650 sine
3226 5576 3392 5650 rebus

141 5659 268 5705 tura
296 5667 617 5707 secernere.
641 5649 795 5707 Unde
826 5649 1016 5721 paucis
1052 5658 1174 5721 post
1213 5650 1371 5721 lineis
1394 5690 1409 5715 ,
1440 5659 1727 5721 postquam

142 5666 268 5705 tura
296 5667 617 5707 secernere.
645 5666 795 5707 Unde
826 5666 1016 5721 paucis
1052 5666 1174 5718 ροει
1214 5666 1371 5707 nnets
1394 5690 1409 5715 ,

142 5733 347 5790 contra
381 5722 614 5776 Arianos
651 5737 717 5776 ex
745 5721 988 5790 Apostoli
1022 5720 1092 5790 et|
1118 5666 1472 5790 Psalttciverg

1834 5650 1967 5717 ipsis
1993 5645 2298 5706 emmtiata.
2325 5670 2343 5702 ι
2380 5649 2457 5704 Εη
2477 5645 2697 5706 rursum
2716 5650 3098 5705 sanctissimus
3133 5645 3392 5717 Magister

1476 5722 1522 5775 is
1545 5719 1730 5773 intulit
1832 5720 2125 5789 πρόσωπον
2145 5736 2242 5790 pro
2266 5738 2491 5791 persona
2522 5721 2839 5777 subsistente
2871 5720 3092 5790 accipit,
3118 5731 3391 5788 nusquam

141 5788 351 5846 Filium
406 5806 512 5846 non
544 5806 676 5865 esse
718 5788 960 5856 servum,
986 5788 1089 5846 nec
1141 5789 1368 5859 proinde
1424 5799 1729 5853 creaturam
1834 5788 1963 5844 vero
1997 5806 2096 5859 pro
2128 5788 2320 5845 natura
2344 5800 2392 5844 et
2412 5792 2657 5846 essentia.
