4022 6440
687 367 792 431 933

683 670 781 712 cos
810 665 937 711 tuos
980 657 1279 712 scabellutn
1318 662 1512 729 pedum
1546 660 1809 714 tuorum?
1846 679 1866 711 ι

754 747 978 813 lterum,
1022 751 1165 813 sede,
1186 750 1403 803 dictum
1437 759 1544 815 est,
1579 760 1800 820 prapter
1830 750 2261 821 dispensationis

1120 848 1179 895 ut
1206 842 1478 896 discamus
1515 859 1638 897 cum
1668 844 1762 912 qui
1793 845 2032 914 seipsum
2084 844 2261 899 humi-

684 842 999 914 mystcrium
1025 882 1040 906 ,

1860 371 1939 431 ‘S.
1967 369 2282 431 JOANNIS
2318 368 2744 430 DAMASCENI
2772 359 2783 388 ⁵

758 472 923 528 Vsus.
960 473 1049 529 l5.
1084 492 1103 527 ι
1140 474 1218 529 Ad
1261 492 1423 545 quem
1458 477 1605 532 enim
1633 478 1951 550 angelorum
1985 481 2118 534 dixit
2150 479 2256 533 ali-

686 563 905 633 quando
937 582 951 619 :
987 563 1129 619 Sede
1163 580 1193 619 a
1227 565 1440 622 dextris
1470 569 1628 633 meis,
1655 568 1830 623 donec
1858 582 2056 638 ponam
2089 567 2264 621 inimi-

2286 487 2332 541 Α
2441 499 2461 532 ι
2492 482 2637 550 Πρὸς
2688 479 2815 535 τίνα
2840 479 2897 532 δὲ
2924 479 3032 534 τῶν
3087 480 3333 548 ἀγγέλων
3380 481 3550 553 εἴρηκέ
3586 504 3710 543 ποτεο
3735 498 3810 551 κά.

2362 573 2453 624 θου
2475 572 2555 624 -ἐκ
2583 570 2775 638 δεξιῶν
2840 588 2966 641 μου,
3014 571 3119 635 ἓως
3170 571 3236 624 ἂν
3274 570 3352 624 θῶ
3381 573 3498 635 τοὺς
3536 576 3715 649 ἐχθρούς
3748 602 3812 639 σω

2361 663 2648 717 ὑποπόδιον
2677 662 2789 719 τῶν
2824 662 2997 716 ποδῶν
3023 680 3149 728 σου;
3180 682 3199 715 ι

2428 756 2598 809 Πάλιν
2628 756 2709 821 τὸ,
2744 755 2951 819 κάθου,
2985 756 3072 809 διὰ
3100 758 3160 809 τὸ
3190 757 3289 827 τῆς
3338 759 3617 827 οἰκονομίας
3667 770 3814 837 unum.

2363 863 2478 917 ριον
2531 847 2800 909 λέλεκται,
2853 846 2939 898 ἴνα
2993 846 3273 915 μάθωμεν,
3305 846 3383 909 ὡς
3415 849 3502 900 καὶ
3553 854 3817 918 ταπεινώσας

684 931 861 998 liavit,
886 944 941 988 et
964 931 1144 989 factus
1174 934 1340 989 homo
1369 944 1475 1001 est,
1502 936 1730 1006 perinde
1756 936 1925 992 Deum
1954 953 2099 1005 esse,
2122 949 2177 994 et
2203 939 2239 993 it

2359 935 2569 1000 ἑαυτὸν,
2602 936 2697 989 καὶ
2725 936 3015 1005 γενόμενος
3052 935 3355 1007 ἄνθρωπος,
3390 938 3540 990 πάλιν
3580 942 3675 994 ἐστὶ
3709 944 3817 1008 Θεὸς,

685 1023 1124 1078 sublimitatibus
1154 1024 1269 1078 suis
1296 1038 1475 1095 agere.

757 1112 921 1167 VERS.
981 1113 1067 1167 14.
1124 1132 1143 1166 ι
1177 1113 1370 1169 Nonne
1397 1130 1591 1171 omnes
1629 1125 1756 1170 sunt
1806 1108 2260 1173 administratorii

686 1205 932 1273 spiritus,
990 1208 1046 1260 in
1096 1205 1464 1261 ministerium
1514 1207 1670 1262 missi
1735 1218 1965 1279 propter
2012 1224 2114 1263 eos
2166 1201 2257 1280 qui

687 1294 1061 1348 liwreditatem
1096 1296 1318 1365 capient
1344 1296 1580 1351 salutis?
1613 1314 1634 1350 ι

754 1384 954 1453 Aspice
983 1394 1193 1453 quanta
1244 1386 1389 1440 inter
1441 1386 1617 1455 ipsum
1673 1396 1838 1457 atque
1887 1388 2143 1457 angelum
2175 1387 2258 1441 di-

685 1479 890 1533 stantia
930 1488 1038 1544 est,
1083 1480 1306 1549 quando
1348 1478 1605 1534 nimirum
1646 1481 1737 1535 ille
1782 1480 2003 1550 quidem
2038 1496 2255 1536 sursum

686 1571 869 1633 sedet,
908 1571 962 1624 lii
995 1586 1123 1626 vero
1156 1570 1298 1625 intra
1339 1572 1657 1626 ministrant
1708 1573 1838 1643 ipsi.
1895 1574 2030 1627 Dum
2074 1581 2255 1627 autem

685 1663 913 1732 angelos
957 1664 1027 1718 ad
1073 1663 1499 1718 ministrandutn
1530 1679 1651 1719 esse
1692 1667 1891 1720 missos
1920 1665 2077 1731 dixit,
2112 1664 2256 1720 refo-

681 1758 883 1813 cillavit
933 1774 1028 1815 eos
1102 1760 1197 1828 qui
1267 1760 1324 1814 in
1396 1760 1789 1815 tentationibus
1862 1762 2251 1828 conciderant;

678 1852 883 1921 quippe
910 1865 1037 1905 cum
1068 1852 1247 1922 angeli
1277 1851 1347 1906 ad
1394 1852 1545 1921 ipsos
1585 1851 1890 1907 servandos
1939 1853 2249 1907 mittantur.

678 1940 838 2005 Quod
868 1948 1048 1995 autem
1077 1940 1478 1996 tentationibus
1507 1939 1796 1995 admodum
1839 1942 2245 2010 premebantur,

680 2034 798 2101 ipse
823 2032 1122 2087 declaravit
1160 2032 1213 2085 in
1242 2032 1496 2101 Epistolas
1521 2031 1663 2086 serie
1701 2031 1892 2086 dicens
1942 2048 1957 2088 :
1998 2029 2247 2084 Nondum

679 2138 838 2192 usque
876 2122 944 2176 ad
976 2123 1288 2194 sanguinem
1321 2132 1536 2192 peccato
1572 2124 1863 2188 restitistis,
1914 2132 1960 2176 et
1998 2122 2117 2192 jam
2151 2124 2247 2176 de-

676 2212 899 2283 ﬁcimini
924 2212 995 2268 ⁸⁸.

1333 2303 1489 2359 CAP.
1530 2304 1597 2358 Il.

748 2395 917 2453 Vsns.
954 2399 1005 2453 1.
1048 2416 1068 2449 ‹
1114 2396 1343 2467 Propter
1400 2395 1545 2466 quod
1601 2396 1970 2454 abundantius
2032 2405 2246 2468 oportet

676 2507 780 2545 nos
811 2491 1105 2546 observare
1134 2505 1255 2561 quae
1304 2488 1651 2555 audivimus,
1696 2505 1766 2545 ne
1812 2489 1951 2546 forte
2001 2492 2245 2563 superet"-

671 2581 931 2638 ﬂuamus.
972 2601 990 2633 ι

745 2674 971 2743 Propter
992 2674 1152 2745 quod.
1185 2673 1323 2741 Quid
1362 2672 1467 2727 hoc
1493 2680 1602 2737 est,
1634 2673 1743 2729 nisi
1778 2675 2003 2729 multum
2038 2675 2244 2732 distare

674 2764 903 2833 legalem
937 2765 1005 2819 ab
1030 2765 1343 2836 evangelica
1393 2765 1777 2820 institutione?
1810 2766 2029 2839 llocque
2063 2770 2241 2823 inani-

676 2857 870 2912 festum
905 2858 960 2910 lit
982 2873 1050 2912 ex
1080 2859 1293 2913 ratione
1323 2872 1443 2927 qua:
1475 2856 1787 2926 subjicitur.

745 2950 909 3005 Vens.
933 2950 989 3016 2,
1021 2952 1076 3004 ’5.
1110 2970 1129 3002 ι
1169 2949 1227 3004 Si
1256 2951 1403 3005 enim
1451 2950 1544 3021 qui
1574 2965 1669 3019 per
1691 2951 1915 3021 angelos
1943 2950 2123 3007 dictus
2155 2960 2240 3008 est

674 3055 877 3105 sermo,
913 3042 1089 3097 factus
1118 3051 1202 3096 est
1230 3041 1415 3096 ﬁrmus
1444 3082 1460 3109 ,
1488 3051 1545 3097 et
1580 3042 1759 3097 omnis
1789 3042 2159 3111 praevaricatio
2186 3055 2239 3099 et

673 3132 1045 3186 inobedientia
1100 3132 1307 3201 accepit
1354 3131 1563 3201 justam
1613 3132 1880 3186 mercedis
1924 3132 2236 3188 retributio-

672 3238 795 3277 nem
822 3225 1134 3293 :quomodo
1164 3239 1266 3280 nos
1299 3224 1648 3294 eﬂ‘ugiemus,
1680 3222 1726 3279 si
1760 3230 1968 3276 tantam
1996 3224 2239 3294 neglexe-

674 3318 853 3369 rimus
889 3315 1159 3370 salutem?
1197 3334 1217 3369 ι

744 3404 857 3460 lloc
889 3394 1061 3461 totum
1091 3407 1431 3477 comparatio
1459 3416 1581 3462 est:
1620 3422 1725 3475 qua
1759 3415 1936 3461 tamen
1967 3405 2238 3462 evincitur

670 3498 953 3567 graviores
990 3514 1183 3569 poenas
1218 3501 1599 3571 persoluturos
1626 3500 1720 3569 qui
1754 3497 2031 3569 Evangelii
2063 3500 2235 3569 legem

673 3588 1026 3644 violaverim.
1060 3588 1197 3643 Nam
1229 3594 1277 3645 si
1309 3590 1359 3644 id
1390 3590 1537 3660 quod
1565 3588 1795 3643 inferius
1822 3597 1927 3653 est,
1974 3589 2023 3644 si
2069 3590 2236 3645 viole—

665 3687 780 3743 tur,
811 3696 967 3749 poena
1012 3696 1118 3736 non
1152 3681 1344 3736 eximit
1373 3696 1468 3737 eos
1498 3697 1529 3735 a
1563 3682 1768 3751 quibus
1814 3682 2227 3751 pessumdatum

671 3772 811 3836 fuit;
841 3783 1050 3842 quanto
1072 3770 1286 3826 fortiori
1305 3771 1447 3842 jure,
1472 3772 1675 3826 violato
1692 3770 1837 3841 quod
1858 3780 1941 3827 est
1964 3772 2238 3829 excellen-

670 3866 805 3928 tius,
837 3865 906 3919 ab
937 3865 1139 3920 acerbo
1170 3864 1444 3934 supplicio
1471 3879 1583 3919 non
1612 3864 1901 3930 eximetur,
1944 3865 2037 3934 qui
2098 3878 2237 3935 prae-

669 3957 946 4010 varicator
993 3957 1303 4013 exstiterit?
1337 3956 1439 4012 Ubi
1469 3964 1650 4011 autem
1687 3958 1766 4010 ait
1787 3958 1912 4025 ,qui
1950 3957 2124 4012 dictus
2155 3966 2235 4011 est

664 4062 761 4114 per
799 4046 1039 4116 angelos,
1068 4046 1351 4117 signiﬁcat
1385 4048 1612 4119 angelos
1642 4046 1751 4102 Deo
1781 4048 1951 4119 legem
1991 4049 2235 4119 promul-

667 4138 819 4207 ganti
861 4138 1158 4193 famlatos
1194 4153 1339 4193 esse.

745 4248 763 4282 ι
805 4229 935 4295 Quae
963 4245 1089 4285 cum
1120 4229 1339 4284 initium
1375 4229 1686 4300 accepisset
1704 4229 1955 4284 enarrari
1978 4246 2076 4300 per
2125 4230 2232 4285 Do-

666 4323 878 4376 minum
918 4321 986 4375 ab
1011 4321 1092 4375 eis
1118 4320 1206 4389 qui
1258 4320 1570 4387 audierunt,
1611 4323 1665 4375 in
1711 4337 1813 4377 nos
1841 4323 2228 4377 conﬁrmatum

661 4421 773 4479 est,
802 4410 994 4484 [νεκε.
1025 4410 1083 4483 4]
1105 4420 1449 4467 contestaute
1474 4411 1583 4469 Deo
1625 4413 1794 4484 signis
1818 4452 1834 4478 ,
1858 4420 1912 4467 et
1938 4414 2230 4484 portentis,

661 4510 722 4557 et
753 4502 921 4557 variis
950 4502 1267 4557 virtutibus.
1302 4520 1323 4554 ι

738 4592 1213 4662 Comparationem
1263 4593 1445 4647 adhuc
1490 4592 1829 4664 exsequitur.
1894 4593 1983 4649 Ait
2043 4600 2228 4650 autem

660 4686 973 4741 doctrinam
1014 4685 1384 4755 evangelicam
1435 4685 1722 4741 Dominum
1778 4702 2037 4742 exorsum
2081 4701 2226 4750 esse,

664 4786 781 4831 tum
841 4776 1035 4832 deinde
1087 4776 1212 4847 illos
1268 4777 1362 4846 qui
1412 4792 1479 4832 ex
1523 4777 1753 4833 Domino
1807 4777 2124 4842 audierant,
2170 4778 2225 4832 in

661 4868 859 4924 eadem
890 4882 991 4924 nos
1027 4868 1407 4933 conﬁrmasse,
1442 4870 1550 4925 Deo
1583 4867 1806 4941 insuper
1849 4871 2223 4927 testimonium

666 4961 977 5032 adjiciente,
1023 4976 1125 5033 per
1167 4961 1433 5016 miracula
1461 4978 1583 5033 qua:
1616 4962 2006 5034 praedicatores
2041 4970 2231 5034 patra-

667 5064 891 5109 verunt.

742 5161 762 5195 ‹
796 5142 864 5197 Ει
913 5142 1155 5214 Spiritus
1190 5142 1366 5199 sancti
1405 5139 1895 5198 distributionibus
1925 5141 2231 5198 secundum

662 5251 822 5290 suam
867 5236 1226 5292 voluntatem.
1266 5255 1287 5289 ι

733 5326 863 5390 Alii,
905 5328 1107 5397 inquit,
1141 5336 1197 5383 et
1223 5327 1316 5381 alii
1349 5326 1591 5396 Spiritus
1629 5332 1852 5380 sanctus
1885 5323 2087 5379 donum
2120 5325 2228 5379 lar-

664 5416 807 5485 gitus
827 5426 947 5481 est;
972 5418 1063 5471 alii
1083 5418 1300 5487 quidem
1328 5415 1692 5487 prophetiam,
1715 5414 1810 5467 alii
1827 5429 1958 5469 vero
1982 5414 2220 5487 linguas;

663 5510 820 5563 alteri
838 5510 1040 5579 gratias
1080 5510 1453 5577 sanationum,
1484 5507 1641 5563 alteri
1685 5507 1915 5564 alterum
1943 5508 2219 5580 quidpiam

663 5601 952 5653 donorum.

705 5778 751 5808 ⁸⁸
790 5775 953 5828 Hebr.
1004 5791 1097 5839 xu,
1138 5776 1190 5832 4.

2358 1028 2453 1081 καὶ
2487 1029 2544 1079 ἐν
2564 1030 2679 1089 τοῖς
2704 1027 2927 1090 οἰκείοις
2963 1026 3272 1097 ῦψώμασιν.

2431 1138 2450 1171 ι
2490 1118 2625 1188 Οὐχὶ
2663 1118 2865 1181 πάντες
2917 1119 3025 1171 είσὶ
3076 1118 3423 1190 λειτουργικὰ
3466 1120 3722 1194 πνεύματα,
3763 1130 3817 1191 είς

2353 1208 2631 1262 διακονίαν
2651 1209 3111 1279 ἀποστελλόμενα,
3136 1211 3223 1264 διὰ
3247 1212 3376 1277 τοὺς
3404 1212 3663 1281 μέλλοντας
3683 1217 3821 1287 κληρο·

2354 1318 2415 1353 vo
2421 1302 2540 1370 μεῖν
2573 1301 2844 1371 σωτηρίαν
2863 1318 2910 1368 ;ι

2440 1392 2580 1463 Ὅρα
2606 1394 2772 1445 πόσον
2832 1392 2966 1464 πρὸς
3005 1392 3166 1446 αὐτὸν
3218 1392 3331 1446 τῶν
3372 1392 3600 1461 ἀγγέλων
3618 1395 3670 1447 τὸ
3693 1398 3821 1465 μέσον,

2352 1484 2491 1538 ὅπου
2549 1501 2635 1553 γε,
2661 1486 2689 1537 ό
2716 1484 2816 1555 μὲν
2869 1485 3105 1555 κάθηται
3171 1486 3283 1539 ἄνω
3310 1527 3326 1551 ,
3345 1485 3396 1537 οἱ
3428 1485 3482 1538 δέ
3506 1485 3823 1556 λειτουργοῦσιν

2354 1573 2506 1645 αῦτῷ
2550 1573 2722 1630 κάτω.
2756 1575 2910 1645 Ἅμα
2945 1574 3002 1627 δὲ
3031 1575 3111 1636 είς
3168 1573 3443 1626 διακονίαν
3488 1574 3826 1629 ἀποστέλλεσθαι

2353 1666 2479 1729 τοὺς
2511 1665 2780 1733 ἀγγέλους
2838 1666 3027 1731 εἰπὼν,
3086 1664 3422 1735 ἀνεκτήσατο
3446 1664 3562 1728 τοῦς
3599 1666 3824 1736 ἀπειρηκό-

2354 1774 2452 1822 τας
2486 1759 2545 1811 ὲν
2573 1761 2687 1822 τοῖς
2737 1760 3086 1829 πειρασμοῖς,
3127 1758 3183 1811 εἴ
3214 1776 3277 1827 γε
3325 1758 3538 1827 ἄγγελοι
3581 1759 3729 1812 αὐτῶν
3766 1760 3828 1813 ἔτι

2284 1837 2327 1894 Β
2364 1850 2609 1921 σωτηρίᾳ
2661 1849 3098 1905 ἀποστέλλονται.
3127 1850 3248 1903 Ὀτι
3286 1850 3344 1903 δὲ
3393 1849 3690 1920 βαρηθέπες
3731 1846 3827 1921 ἦσαν

2358 1939 2563 2009 σφόδρα
2586 1942 2698 2003 τοῖς
2724 1942 3067 2011 πειρασμοῖς,
3094 1940 3253 2003 αὐτὸς
3284 1940 3345 1993 ἐν
3373 1943 3483 2005 τοῖς
3515 1940 3628 2012 ἑξῆς
3650 1942 3731 2010 τῆς
3748 1942 3829 1993 ἐπι-

2354 2030 2553 2100 στολῆς
2585 2031 2873 2102 ἐδήλωσεν,
2925 2030 3095 2085 εἰπών
3117 2049 3132 2063 ·
3175 2032 3338 2086 Οὕτω
3392 2032 3596 2101 μέχρις
3649 2034 3831 2099 αἵματος

2351 2120 2502 2188 πρὸς
2528 2120 2643 2189 τὴν
2670 2121 2960 2191 ἁμαρτίαν
3012 2122 3482 2192 ἀπεκατέστητε
3527 2120 3620 2175 καί
3658 2120 3751 2190 ἤδη
3763 2121 3828 2175 ὲκ-

2348 2210 2637 2266 λέλυσθε.

2904 2304 3156 2359 ΚΕΦΑΔ.
3197 2304 3275 2360 B'.

2423 2413 2442 2446 ι
2482 2396 2579 2449 Διά
2601 2396 2757 2449 τοῦτο
2784 2395 2865 2450 δεῖ
2895 2398 3294 2468 περισσοτέρως
3320 2400 3472 2470 ἡμᾶς
3494 2400 3833 2471 προσέχεινῲ

2346 2484 2687 2555 ἀκουσθεῖσι,
2728 2489 2938 2559 μήποτε
2968 2489 3398 2562 παραρρυῶμεν.
3425 2509 3447 2543 ι

2425 2665 2530 2719 Διὰ
2560 2666 2755 2721 τοῦτο.
2792 2667 2967 2733 Ποῖον,
2998 2668 3030 2740 ἦ
3055 2668 3117 2720 τὸ
3147 2669 3283 2722 πολὺ
3325 2666 3470 2724 εἶναι
3508 2669 3568 2723 τδ
3598 2670 3736 2739 μέσον
3769 2672 3835 2738 τῆς

2347 2774 2407 2810 τε
2440 2759 2672 2830 νομικῆς
2716 2760 2811 2813 καὶ
2846 2761 3207 2831 εὐαγγελικῆς
3257 2763 3577 2829 πολιτείας;
3604 2763 3702 2816 Καὶ
3730 2761 3840 2816 τοῦτο

2346 2853 2413 2905 ἐκ
2437 2851 2539 2923 τῆς
2560 2855 2907 2926 κατασκευῆς
2930 2854 3087 2926 δῆλον
3114 2856 3214 2927 τῆς
3242 2859 3660 2929 ἐπιφερομένης.
3780 2860 3783 2863 ⁷

2425 2963 2445 2996 ι
2480 2946 2543 3000 Εἰ
2578 2945 2686 3017 γὰρ
2709 2949 2739 3000 ὁ
2766 2947 2833 3001 δι’
2878 2948 3126 3017 ἀγγέλων
3176 2948 3434 3020 λαληθεὶς
3492 2949 3643 3017 λόγος
3683 2947 3841 3023 ἐγένετο

2347 3037 2583 3107 βέϐαιος,
2613 3039 2708 3093 καὶ
2758 3040 2908 3094 πᾶσα
2966 3041 3277 3111 παράϐασις
3314 3043 3417 3095 καὶ
3473 3039 3712 3110 παρακοὴ
3752 3039 3840 3090 ἐλα-

2344 3127 2436 3182 ϐεν
2466 3127 2671 3184 ἔνδικον
2695 3132 3142 3202 μισθαποδοσίαν,
3175 3132 3292 3197 πῶς
3328 3133 3499 3203 ἡμεῖς
3540 3127 3845 3201 ἐκφευξόμεθα

2338 3218 2672 3284 τηλικαύτης
2706 3221 3077 3293 ἀμελήσαντες
3096 3222 3371 3295 σωτηρίας
3402 3241 3420 3291 ;
3457 3242 3475 3274 ι

2416 3404 2709 3475 Σύγκρισις
2737 3404 2837 3475 μὲν
2862 3403 2922 3457 τὸ
2943 3404 3084 3470 ὅλον,
3121 3406 3445 3478 κατασκευὴ
3480 3406 3542 3459 δὲ
3569 3405 3658 3461 τοῦ
3698 3402 3846 3475 tum”

2334 3495 2694 3566 τιμωρεῖσθαι
2748 3497 2872 3560 τοὺς
2924 3496 3017 3549 τὸν
3070 3496 3432 3567 εῦαγγελικὸν
3467 3496 3847 3569 παραϐαίνοντας

2336 3587 2519 3656 νόμον.
2582 3587 2643 3640 Εἰ
2689 3588 2797 3659 γὰρ
2845 3586 2907 3640 τὸ
2945 3581 3127 3659 ἦττον,
3186 3589 3367 3658 φησὶ,
3411 3587 3847 3660 παραϐαινόμεωνι

2336 3677 2437 3731 οὐκ
2491 3680 2869 3749 ἀτιμωρήτους
2912 3678 2978 3749 ἐᾷ
3032 3683 3159 3742 τοὺς
3209 3679 3692 3750 παραϐαίνοντας,
3741 3674 3851 3739 tm?

2344 3770 2544 3839 μᾶλλον
2576 3771 2624 3823 εί
2649 3770 2709 3823 τὸ
2759 3772 3012 3843 κρεῖσσον
3041 3770 3413 3844 παραϐαθείη,
3459 3772 3563 3842 οὐχ
3618 3766 3855 3823 ὑπεύθυνον

2337 3861 2554 3915 κολάσει
2574 3862 2746 3934 πικρᾷ
2775 3862 2991 3932 ποιήσει
3014 3860 3106 3914 τὸν
3133 3860 3557 3932 παραϐαίνοντα
3586 3876 3604 3925 ;
3635 3859 3706 3912 Τδ
3736 3851 3849 3909 δέεί

2334 3952 2604 4022 ἀγγέλων
2640 3952 2946 4020 λαληθεὶς,
3011 3953 3287 4023 σημαίνει,
3315 3953 3400 4017 ὡς
3428 3952 3725 4025 ὑπηρέτουν
3772 3944 3856 4011 Θιᾷ

2336 4044 2555 4114 ἄγγελοι
2584 4044 2774 4098 διδόντι
2795 4043 2886 4098 τὸν
2917 4044 3101 4114 νόμον.

2412 4246 2433 4281 ι
2465 4227 2625 4293 Ἤτις
2649 4228 2822 4301 ἀρχὴν
2844 4226 3083 4282 λαϐοῦσα
3110 4227 3401 4282 λαλεῖσθαι
3434 4226 3530 4281 διὰ
3554 4224 3646 4279 τοῦ
3675 4218 3852 4293 Κυρίου.

2335 4320 2440 4375 ὑπὸ
2476 4320 2584 4374 τῶν
2610 4319 2955 4374 ἀκουσάντων
2979 4320 3060 4382 εἰς
3109 4318 3254 4388 ὑμᾶς
3291 4318 3641 4388 ἐϐεϐαιώθη,
3690 4329 3859 4368 συνεπι-

2337 4409 2739 4484 μαρτυροῦντος
2780 4409 2875 4463 τοῦ
2921 4408 3058 4463 Θεοῦ
3099 4408 3379 4480 σημείοις,
3412 4411 3514 4463 καὶ
3566 4409 3764 4478 τέρασι,
3795 4400 3859 4454 καὶ

2263 4535 2308 4591 D
2337 4499 2607 4562 ποικίλαις
2632 4497 2915 4567 δυνάμεσι,
2945 4515 2965 4549 ι

2417 4591 2536 4644 Ἔτι
2586 4590 2685 4661 τῆς
2729 4590 3112 4662 συγκρίσεωςό
3134 4589 3290 4658 λόγος
3328 4589 3484 4643 ἐστί.
3515 4588 3676 4657 Λέγει
3712 4584 3774 4646 δὲ,
3808 4578 3860 4637 ὡς

2330 4682 2433 4750 τῆς
2480 4679 2839 4750 εὐαγγελικῆς
2893 4679 3238 4742 διδασκαλίας
3268 4679 3299 4731 ό
3328 4678 3557 4749 Κύριος
3610 4674 3757 4735 αὐτὸς
3795 4670 3864 4739 ἦρ·

2333 4776 2496 4840 ξατο’·
2528 4772 2645 4829 εἶτα
2674 4778 2723 4828 οἱ
2753 4776 2904 4828 αὐτοὶ
2949 4775 3042 4827 τοῦ
3096 4772 3303 4843 Κυρίου
3365 4772 3725 4830 ἀκούσαντες.
3757 4763 3862 4833 ια

2329 4869 2409 4930 είς
2439 4866 2641 4937 ταύτην
2670 4865 3022 4930 ἐϐεϐαίωσαν,
3051 4862 3681 4934 συνεπιμαρτυροῦντος
3728 4853 3863 4911 αὐτοῖς

2324 4957 2419 5010 τοῦ
2443 4956 2577 5009 Θεοῦ
2603 4956 2669 5007 δι’
2691 4954 2913 5008 ἐκείνων
2937 4952 3046 5007 τῶν
3075 4953 3405 5023 θαυμάτων,
3447 4947 3530 5007 ὦν
3554 4947 3863 5020 κηρύττοντες

2326 5048 2641 5103 ἐπετέλουν.

2403 5158 2421 5191 ι
2454 5130 2565 5192 Καὶ
2587 5136 2902 5209 Πνεῦματος
2927 5136 3081 5206 ἁγίου
3129 5140 3440 5207 μερισμοῖς
3500 5134 3647 5189 κατὰ
3696 5133 3778 5198 τὴν
3800 5124 3868 5177 αὖ·

2327 5230 2420 5284 τοῦ
2445 5230 2685 5299 θέλησιν.
2715 5248 2734 5280 ι
2794 5282 2799 5289 λ

2401 5321 2612 5390 Ἀλλῳ,
2664 5322 2825 5392 φησι,
2885 5320 3085 5375 δέδωκε
3151 5321 3421 5391 χάρισμα
3479 5320 3546 5373 τὸ
3588 5314 3790 5382 Πνεῦμ-ιι
3828 5305 3869 5359 τὶ

2325 5414 2501 5481 ἆγιον,
2549 5412 2626 5483 τῷ
2662 5410 2761 5483 μὲν
2824 5410 3182 5480 προφητείαν,
3211 5409 3293 5477 τῷ
3331 5410 3396 5463 δὲ
3432 5410 3713 5479 γλῶσσαν,
3745 5398 3812 5469 τῷ
3830 5395 3859 5447 δ’

2321 5507 2639 5578 χαρίσματα
2704 5505 2967 5576 ἰαμάτων,
3024 5504 3168 5573 ἀλλῳ
3217 5501 3358 5574 ἄλλο
3384 5521 3442 5556 τι
3476 5502 3592 5555 τῶν
3644 5488 3854 5569 χαρισμά

2325 5616 2450 5651 των.
