4022 6454
133 442 224 503 937

1296 431 1376 490 IN
1417 428 1651 488 EPIST.
1686 426 1782 484 AD
1820 422 2203 482 ΗΕΒΒᾸΕΟΒ.

3270 417 3374 484 938

201 573 218 603 ι
253 551 329 606 Od
360 550 467 621 γὰρ
515 547 762 617 ἀγγέλοις
793 544 1027 610 ὑπέταξε
1080 542 1177 614 τὴν
1232 540 1554 611 οἰκουμένην
1595 538 1694 608 τὴν

1868 531 2036 588 Vens.
2090 532 2143 587 5.
2197 548 2215 581 ‹
2260 527 2380 582 Νοιι
2439 527 2584 583 enim
2639 524 2847 598 angelis
2894 525 3134 597 subjecit
3186 527 3374 609 orbem

137 643 449 714 μέλλουσαν,
485 643 613 713 περὶ
637 635 705 711 ἧς
737 636 1029 707 λαλοῦμεν.
1060 655 1077 687 ι

200 732 299 787 Διά
328 733 488 787 τοῦτο
551 731 886 804 προσέθηκε,
936 729 1069 798 περὶ
1124 721 1201 798 ἧς
1241 725 1570 795 λαλοῦμεν,
1613 724 1700 777 ἵνα

137 825 207 898 μὴ
240 826 432 898 ἑτέραν
474 824 595 880 τινὰ
646 824 973 895 οἰκουμένην
1004 823 1188 893 ζητεῖν
1215 820 1290 891 δῷ
1325 818 1404 891 τῷ
1427 820 1697 890 ἀκροατῇ.

134 916 255 980 Πῶς
298 912 392 971 οὖν
424 915 594 986 αὐτὴν
627 916 986 986 μέλλουσαν
1033 913 1187 966 καλεῖ
1214 930 1228 978 ;
1260 912 1342 964 ὅτι
1389 909 1545 964 τοῦτο
1581 907 1702 972 ἔθος

132 1013 196 1081 τῇ
221 1010 343 1081 Θείᾳ
381 1009 594 1081 Γραφῇτ
620 1007 805 1076 ὥσπερ
861 1008 954 1061 καὶ
981 1004 1204 1077 ἑτέρωθί
1230 1020 1398 1075 φησι,
1433 1003 1540 1067 '0;-
1571 1001 1702 1054 ἐστι

131 1104 319 1169 τύπος
378 1101 485 1155 τοῦ
520 1100 877 1171 μέλλοντος,
928 1096 1057 1167 περὶ
1109 1096 1203 1150 τοῦ
1236 1095 1425 1167 Ἀδὰμ,
1459 1094 1553 1148 καὶ
1604 1091 1699 1147 τοῦ

130 1195 366 1268 Χριστοῦ
394 1196 587 1265 λέγων.
614 1194 830 1267 Ταύτην
860 1191 953 1247 οὖν
976 1192 1076 1246 οὑκ
1107 1190 1361 1261 ἀγγέλοις
1409 1189 1696 1255 ὑπέταξεν,

131 1288 265 1342 ἀλλὰ
285 1289 364 1361 τῷ
381 1288 618 1360 Χριστῷ.

82 1465 88 1473 ”
202 1490 221 1521 ι
252 1470 662 1542 Διεμαρτὺρατο
682 1469 737 1522 δέ
763 1467 864 1522 πού
911 1486 996 1532 τις
1050 1467 1221 1535 λέγων
1246 1480 1259 1494 ·
1309 1465 1405 1530 Τίς
1434 1467 1578 1520 ἐστιν
1608 1465 1702 1520 ἄν·-

130 1562 368 1633 θρωπος,
402 1562 483 1614 ὃτι
511 1560 795 1633 μιμνήσκῃ
816 1557 1062 1629 αὑτοῦ,ἢ
1100 1558 1213 1619 υἱὸς
1259 1556 1568 1625 ἀνθρώπου,
1617 1556 1699 1609 ὅτι

130 1652 436 1723 ἐπισκέπτῃ
482 1652 679 1715 αὑτόν;
730 1650 1071 1713 Ἠλάττωσας
1102 1648 1261 1703 αὑτὸν
1292 1647 1462 1719 βραχὺ
1483 1664 1537 1700 τι
1561 1648 1700 1717 ’παρ’

126 1744 421 1812 ἀγγέλους,
454 1742 577 1813 δόξῃ
602 1742 695 1796 καὶ
715 1744 847 1813 τιμῇ
875 1741 1261 1810 ἐστεφάνωσας
1298 1739 1459 1791 αὑτόν
1479 1755 1492 1768 ·
1524 1739 1701 1792 πάντα

125 1835 404 1900 ὑπέταξας
458 1835 713 1888 ὑποκάτω
760 1834 869 1887 τῶν
928 1832 1103 1887 ποδῶν
1152 1830 1333 1885 αὑτοῦ.
1368 1831 1455 1883 Ἐν
1490 1829 1599 1900 γὰρ
1622 1828 1700 1900 τῷ

128 1927 399 1992 ὑποτάξαι
424 1926 573 1998 αὑτῷ
603 1927 671 1980 τά
703 1926 901 1994 πάντα,
950 1924 1099 1978 οὐδὲν
1144 1925 1352 1994 ἀφῆκεν
1414 1921 1562 1992 αὑτῷ
1613 1921 1705 1975 ἀν-

131 2018 461 2072 υπότακτον.
494 2035 512 2069 ι

218 2109 497 2181 Ἀόριστον
533 2109 632 2179 τὴν
660 2107 962 2179 μαρτυρίαν
982 2106 1212 2176 εἰσάγει,
1235 2104 1335 2176 τῷ,
1363 2103 1474 2171 τὶς,
1501 2104 1698 2169 εἰπεῖν,

124 2200 343 2273 λέγων.
385 2200 471 2265 Ὠς
494 2200 629 2271 πρὸς
655 2200 865 2263 εἰδότας
895 2198 1003 2269 γάρ
1032 2197 1360 2267 διαλέγεται.
1614 2194 1617 2195 ⁷

208 2402 227 2435 ι
255 2380 373 2435 Νῦν
402 2380 459 2433 δὲ
492 2378 642 2433 οὔπω
664 2379 878 2449 ὁρῶμεν
918 2376 1065 2447 αὑτῷ
1095 2376 1162 2430 τὰ
1191 2374 1697 2445 πάνταμὺποτεταγ-

126 2474 294 2546 μένα.
338 2491 357 2525 ι

194 2569 322 2622 Ἵνα
359 2569 436 2639 μὴ
459 2568 685 2635 λέγωσι,
735 2565 859 2629 Πῶς
890 2564 1016 2628 τοὺς
1070 2564 1297 2635 ἐχθροὺς
1351 2563 1546 2631 ἔθηκεν
1599 2560 1705 2614 ὑπὸ

120 2663 255 2725 τοὺς
281 2660 449 2724 πόδας
477 2658 664 2723 αὐτοῦ,
698 2657 934 2712 τοσαῦτα
972 2656 1284 2727 πασχόντων
1315 2654 1468 2726 ἡμῶν
1496 2671 1510 2719 ;
1543 2655 1699 2722 φησί·

118 2753 221 2826 Μὴ
243 2755 356 2825 γὰρ
378 2753 566 2824 ἐπειδὴ
610 2753 819 2806 οὐδέπω
867 2750 1150 2815 ὑπέταξεν,
1211 2750 1439 2819 νομίσῃς
1473 2746 1546 2817 μὴ
1576 2746 1708 2797 ὑπο-

117 2846 425 2901 τάττεσθαι
453 2862 465 2875 ·
498 2845 711 2917 ὅτιγὰρ
731 2845 809 2898 δεῖ
834 2845 1190 2915 ὑποταγῆναι.
1224 2841 1335 2895 Καὶ
1377 2839 1538 2910 γάρὴ
1572 2854 1705 2909 προ-

118 2940 339 3012 φητεία
356 2939 443 2993 διὰ
473 2938 634 2993 τοῦτο
660 2936 894 3009 εἴρηται.

208 3140 233 3174 ε
271 3120 378 3174 Τὸν
408 3120 466 3174 δὲ
512 3117 681 3191 βραχὺ
714 3135 767 3171 τι
818 3117 949 3188 παρ’
996 3114 1262 3184 ἀγγέλους
1319 3110 1703 3182 ἠλαττωμένον

121 3209 418 3281 βλέπομεν
456 3207 685 3279 Ἰησοῦν,
716 3205 804 3259 διὰ
828 3206 889 3258 τὸ
911 3203 1144 3275 πάθημα
1170 3202 1265 3256 τοῦ
1295 3201 1549 3257 θανάτου.
1574 3220 1592 3252 ι

199 3384 312 3437 Διά
359 3383 453 3436 τὸν
503 3381 832 3453 τριήμερον,
877 3379 1050 3450 φησὶ,
1104 3377 1350 3432 θάνατον.
1404 3374 1590 3431 Πειθει
1651 3375 1709 3428 δὲ

112 3475 333 3537 αὐτοὺς
381 3472 562 3528 πάντα
606 3468 869 3541 γενναίως
927 3469 1239 3540 ὑποφέρειν,
1306 3467 1587 3537 μονονουχὶ
1617 3466 1707 3519 λέ-

108 3586 241 3636 γων
275 3581 292 3596 ·
326 3567 392 3620 Ei
427 3567 457 3618 ὁ
485 3562 955 3634 προσκυνούμενος
1008 3562 1099 3614 ὑπ’
1155 3558 1399 3628 ἀγγέλων
1452 3560 1709 3629 ἠνέσχετο

108 3659 309 3733 βραχὺ
342 3676 397 3711 τι
419 3657 545 3729 παρ’
590 3656 853 3725 ἀγγέλους
899 3656 1046 3725 σχεῖν
1077 3652 1165 3706 διὰ
1191 3653 1249 3705 σὲ
1270 3693 1285 3718 ,
1326 3651 1459 3706 πολὺ
1510 3652 1708 3722 μᾶλλον

105 3754 184 3805 σὺ
208 3754 245 3804 ὁ
278 3748 392 3803 τῶν
424 3746 673 3816 ἀγγέλων
708 3746 911 3817 ἥττων,
948 3745 1127 3798 πάντα
1162 3742 1348 3813 φέρειν
1370 3741 1601 3810 ὀφείλεις
1621 3741 1707 3795 διὰ

106 3842 387 3897 σεαυτόν.

207 3955 232 3987 ι
280 3934 423 4004 Δόξῃ
468 3932 563 3987 καὶ
609 3933 744 4003 τιμῇ
798 3927 1277 3999 ἐστεφανωμένον,
1319 3928 1466 3992 ὅπως
1527 3926 1708 3999 χάριτι

99 4028 320 4084 Θεοῦ.»

184 4122 532 4183 Δεὶκνυσιν,
589 4116 673 4170 ὅτι
722 4115 849 4183 δόξα
902 4114 999 4168 καὶ
1046 4113 1180 4184 τιμὴ
1207 4115 1235 4168 ό
1266 4113 1494 4184 σταυρὸς
1539 4114 1706 4176 ἐστιν,

98 4214 327 4285 ὥσπερ
363 4206 459 4265 οὖν
515 4211 609 4263 καὶ
635 4208 796 4273 αὐτὸς
822 4210 851 4262 ὁ
879 4208 1133 4278 Χριστὸς,
1181 4206 1342 4261 αὑτὸν
1371 4206 1513 4260 οὑτω
1556 4206 1711 4260 καλεῖ

95 4308 333 4376 λέγων’
370 4304 499 4358 Ἵνα
539 4300 809 4371 δοξασθῇ
836 4304 868 4355 d
906 4302 1037 4368 Υἱὸς
1070 4298 1177 4355 τοῦ
1224 4298 1563 4369 ἀνθρώπων
1591 4300 1704 4364 καὶ,

106 4397 483 4466 ἐδοξάσθη
510 4400 542 4452 ό
573 4396 706 4464 Υἱὸς
727 4396 831 4452 τοῦ
858 4394 1191 4463 ἀνθρώπου.

186 4516 209 4547 ‹
278 4492 461 4563 ’Υπὲρ
497 4491 695 4554 παντὸς
717 4488 983 4559 γεύσηται
1015 4488 1268 4542 θανάτου.
1291 4507 1309 4539 ι

182 4589 433 4657 ’Ὠσπερ
461 4584 567 4656 γὰρ
612 4585 780 4647 ὅντως
827 4580 1182 4653 γευσάμενος,
1229 4580 1371 4635 οὑτω
1423 4580 1618 4653 μικρὸν
1648 4582 1706 4633 ὲν

83 4679 275 4752 αὐτῷ
313 4677 546 4747 ποιήσας
561 4674 857 4744 διάστημα,
881 4672 1082 4735 εὐθέως
1106 4671 1327 4742 ἀνέστη.
1359 4670 1448 4740 Τῷ
1472 4672 1569 4741 μὲν
1613 4666 1705 4724 οὖν

78 4778 333 4838 εἰπεῖν,
390 4770 489 4823 διὰ
514 4768 582 4823 τὸ
610 4768 853 4837 πάθημα
912 4766 1018 4821 τοῦ
1071 4764 1331 4821 θανάτου
1354 4803 1370 4829 ,
1416 4765 1509 4817 τὸν
1540 4764 1711 4828 ὅντως

79 4871 370 4925 θάνατον
400 4865 643 4933 ἐσήμαινε
663 4876 677 4892 ’
708 4861 787 4930 τῷ
805 4860 862 4914 δὲ
885 4862 1079 4926 εἰπεῖν,
1105 4857 1375 4930 ἀγγέλων
1389 4855 1707 4926 κρείσσων,

72 4963 204 5034 τὴν
238 4958 569 5014 ἀνάστασιν
597 4955 882 5025 ἐδήλωσεν.

172 5074 198 5105 ¢
242 5051 520 5121 Ἐπρεπε
565 5047 674 5118 γὰρ
721 5045 888 5117 αὑτῷ,
914 5044 981 5098 δι’
1002 5044 1062 5100 ὃν
1094 5044 1163 5098 τά
1188 5042 1384 5110 πάντα,
1441 5045 1535 5097 καὶ
1557 5042 1621 5097 δι’
1648 5036 1710 5096 οὗ

68 5147 155 5200 τὰ
191 5143 433 5198 πάντα.
464 5156 482 5189 ι

176 5234 509 5302 Ἐπρεπεν
559 5227 729 5300 αὑτῷ,
766 5227 953 5299 φησὶν,
972 5225 1052 5297 τῷ
1075 5225 1358 5297 κηδεμόνι,
1407 5228 1503 5280 καὶ
1532 5228 1710 5280 πάντα

62 5334 166 5396 εἰς
203 5327 293 5382 τὸ
352 5318 504 5377 εἶναι
556 5323 893 5393 παράγοντι,
945 5321 1197 5376 ἐκδοῦναι
1250 5320 1341 5375 τὸν
1382 5320 1512 5374 Υἱὸν
1570 5320 1711 5393 ὑπὲρ

59 5427 193 5496 τῆς
274 5417 409 5471 τῶν
472 5413 676 5467 λοιπῶν
725 5412 1034 5486 σωτηρίας,
1099 5412 1190 5466 τὸν
1247 5413 1345 5468 ἕνα
1393 5414 1533 5496 ὑπὲρ
1583 5414 1710 5468 πολ-

57 5533 227 5572 ΑΒΝ.

154 5628 182 5659 ι
241 5600 521 5662 Πολλοὺς
554 5599 703 5661 υἱοὺς
724 5598 803 5662 εἰς
831 5596 989 5664 δόξαν
1014 5597 1307 5666 ἀγαγόντα.
1335 5616 1353 5648 ι

152 5694 314 5753 Καὶ
359 5690 526 5752 αὐτὸς
558 5690 653 5743 καὶ
684 5690 844 5759 ἡμεῖς
869 5687 992 5754 υἱοὶ,
1025 5686 1140 5740 ἀλλ’
1168 5688 1196 5739 ὁ
1220 5687 1317 5758 μὲν
1341 5687 1523 5755 σώζει,
1552 5689 1713 5762 ἡμεῖς

49 5795 126 5849 δὲ
168 5784 544 5852 σωζόμεθα.

132 5880 201 5915 ιο
236 5874 541 5946 ,Βοιιμικ
584 5874 669 5929 14.
740 5874 784 5906 ⁸⁷
838 5872 995 5927 Joan.
1042 5887 1116 5935 τι,
1147 5870 1219 5939 4;
1253 5873 1459 5939 xn,l6.

415 5977 425 5985 '
506 5968 777 6029 PATuOL.
816 5967 935 6027 Gs.
976 5965 1145 6027 XCV.

1809 636 1966 682 terra:
1993 625 2254 688 futurum,
2291 622 2358 678 de
2389 636 2499 692 quo
2536 620 2833 690 loquimur.
2874 638 2893 671 ι

1876 718 2039 788 230
2096 715 2308 771 Idcirco
2339 715 2509 782 addit,
2542 712 2606 768 de
2636 730 2737 784 quo
2788 714 3073 785 loquimur.
3115 728 3183 768 ne
3213 714 3373 769 audi-

1806 814 1909 865 tori
1937 809 2205 865 concedat
2235 816 2295 863 ut
2336 810 2568 862 alterum
2598 807 2886 878 quemdam
2921 809 3109 863 orbem
3140 816 3235 862 aut
3267 817 3377 862 ter-

1805 917 1921 959 ram
1973 909 2199 973 quierat.
2249 900 2371 969 Quo
2417 917 2583 956 sensu
2632 916 2764 957 vero
2813 901 3055 971 futurum
3095 899 3374 968 ait?Quia

1805 997 1997 1065 utique
2043 994 2157 1050 hinc
2190 993 2602 1064 Scripturarum
2640 996 2976 1051 consuetudo
3006 1004 3111 1051 est.
3170 995 3377 1062 Quem-

1807 1088 2103 1147 admodum
2140 1089 2354 1143 scilicet
2388 1088 2443 1143 in
2478 1089 2653 1144 altero
2687 1104 2910 1159 quoque
2940 1090 3061 1145 loco
3101 1091 3254 1153 dicit,
3286 1092 3375 1161 qui

1804 1189 1883 1235 est
1912 1178 2089 1250 forma
2120 1179 2287 1247 futuri
2321 1182 2386 1243 ⁸⁸,
2422 1182 2515 1236 ubi
2562 1181 2629 1236 de
2668 1179 2880 1236 Adamo
2929 1190 2983 1237 et
3041 1182 3108 1237 de
3156 1181 3375 1238 Christo

1806 1270 2068 1341 disputat.
2105 1271 2307 1327 Orbem
2347 1287 2479 1344 ergo
2507 1272 2655 1328 Deus
2700 1288 2812 1328 non
2858 1273 3095 1344 subjecit
3142 1276 3373 1345 angelis,

1806 1363 1899 1416 sed
1928 1361 2170 1418 Christo.

1876 1452 2044 1512 Vsus.
2078 1456 2197 1512 6-8.
2246 1478 2265 1511 ι
2304 1457 2562 1515 Testatus
2596 1466 2681 1515 est
2707 1466 2886 1513 autem
2914 1460 2967 1514 in
2989 1462 3223 1530 quodam
3256 1461 3376 1516 loco

1805 1548 1933 1617 quis
1975 1548 2203 1607 dicens:
2235 1550 2378 1617 Quid
2408 1558 2492 1605 est
2530 1550 2694 1605 homo
2722 1551 2868 1619 quod
2900 1567 3111 1606 menior
3151 1568 3209 1607 es
3236 1553 3376 1624 ejus,

1808 1651 1903 1694 aut
1933 1642 2081 1698 ﬁlius
2111 1644 2372 1710 hominis,
2400 1644 2661 1715 quoniam
2694 1644 2889 1699 visitas
2938 1646 3106 1699 eum?
3133 1643 3377 1701 Minuisti

1807 1748 1930 1787 eum
1966 1736 2130 1804 paulo
2161 1736 2342 1791 minus
2373 1736 2441 1791 ab
2473 1736 2705 1805 angelis,
2748 1736 2921 1806 gloria
2953 1744 3007 1791 et
3034 1737 3241 1793 honore
3278 1752 3375 1789 co-

1810 1827 2021 1881 ronasti
2053 1843 2201 1883 eum.
2253 1828 2450 1883 Omnia
2486 1828 2775 1898 subjecisti
2820 1828 2923 1883 sub
2961 1829 3193 1898 pedibus
3233 1829 3373 1898 ejus.

1734 1909 1779 1969 B
1805 1919 1868 1974 In
1899 1935 1966 1976 eo
2010 1928 2192 1977 autem
2226 1920 2370 1990 quod
2397 1922 2576 1975 omnia
2622 1920 2671 1975 ei
2713 1920 2969 1991 subjecit,
3001 1921 3138 1976 nihil
3168 1921 3379 1978 dimisit

1800 2029 1907 2068 non
1945 2013 2257 2083 subjecmm
2288 2014 2360 2069 ei.
2416 2032 2435 2066 ι

1872 2106 2271 2163 Testimonium
2319 2105 2513 2177 aﬂertj,
2550 2107 2760 2162 omisso
2808 2115 3056 2171 auctore,
3106 2108 3233 2162 dum
3277 2108 3375 2173 ait,

1799 2200 1917 2271 quis
1947 2199 2145 2269 dicens.
2195 2198 2303 2254 Eos
2334 2200 2480 2254 enim
2515 2200 2820 2272 alloquitur
2863 2200 2960 2271 qui
2994 2199 3148 2254 illum
3198 2200 3370 2271 probe

1803 2298 2089 2347 noverant.

1882 2402 1903 2436 ι
1962 2382 2119 2439 Nunc
2174 2395 2355 2440 autem
2408 2384 2645 2438 necdum
2697 2381 2948 2438 videmus
3002 2384 3185 2438 omnia
3244 2382 3376 2438 sub-

1799 2474 1947 2546 jecta
1976 2474 2051 2529 ei.
2082 2491 2101 2525 ι

1876 2567 1955 2624 Ne
1985 2566 2331 2637 objicerent:
2367 2565 2484 2633 Qua
2530 2581 2661 2622 vero
2712 2566 2930 2622 ratione
2984 2566 3088 2624 sub
3140 2565 3377 2637 pedibus

1808 2656 1928 2717 suis
1975 2660 2331 2715 adversarios
2378 2659 2636 2729 subjecit,
2674 2660 2894 2729 quando
2943 2675 3044 2714 nos
3084 2666 3166 2714 tot
3198 2669 3380 2715 tanta-

1808 2769 1916 2823 que
1944 2751 2441 2824 patimur?Neque
2494 2753 2640 2806 enim
2678 2752 2997 2807 existimare
3041 2752 3206 2807 debes
3245 2752 3380 2806 sub—

1804 2846 2050 2916 jicienda
2097 2853 2300 2900 cuncta
2341 2859 2450 2898 non
2497 2859 2653 2909 esse,
2703 2841 2968 2913 quoniam
3015 2844 3257 2897 nondum
3314 2859 3379 2898 ea

1744 3010 1753 3015 ν
1808 2936 2066 3005 subjecit.
2098 2934 2328 3007 Oportet
2358 2936 2506 2990 enim
2554 2944 2617 2989 ut
2661 2934 3051 3003 subjiciantur.
3084 2933 3220 2989 Nam
3252 2951 3381 3006 pro-

1806 3030 1988 3100 phetia
2015 3043 2240 3099 propter
2264 3029 2370 3083 hoc
2401 3028 2757 3099 pronuntiata
2789 3034 2894 3081 est.

1880 3120 2046 3178 Vens.
2091 3119 2144 3176 9.
2192 3139 2212 3173 ι
2249 3120 2390 3176 Eum
2433 3130 2618 3176 autem
2668 3120 2761 3190 qui
2800 3118 3015 3175 modico
3063 3135 3226 3190 quam
3279 3134 3382 3174 an-

1812 3215 1916 3286 geli
1960 3213 2270 3269 minoratus
2312 3222 2422 3279 est,
2450 3211 2706 3268 videmus
2742 3208 2953 3279 Jesum,
2997 3220 3221 3284 pr0pter
3256 3227 3383 3283 pas-

1732 3279 1774 3338 ο
1810 3306 1993 3361 siones
2031 3306 2237 3362 crucis.
2283 3324 2302 3357 ι

1881 3397 2222 3454 Triduanam
2253 3406 2487 3453 mortem
2521 3399 2723 3455 innuit.
2750 3398 3016 3454 Hortatur
3045 3408 3223 3456 autem
3256 3399 3380 3455 illos

1812 3502 1871 3546 ut
1908 3500 2108 3547 cuncta
2147 3506 2414 3561 generose
2465 3493 2722 3557 tolerent,
2770 3492 2856 3548 his
2902 3492 3017 3547 fere
3067 3493 3290 3547 verbis:
3323 3490 3382 3546 Si

1812 3584 1904 3640 ille
1933 3600 2093 3655 quem
2120 3584 2300 3653 angeli
2326 3584 2517 3638 cernui
2550 3585 2818 3649 adorant,
2864 3585 2943 3639 tui
2982 3599 3147 3639 causa
3182 3601 3382 3655 passus

1810 3687 1915 3739 est,
1954 3687 2013 3731 ut
2068 3676 2354 3747 paululum
2406 3675 2548 3729 infra
2597 3678 2821 3747 angelos
2871 3678 3182 3733 minoratus
3211 3687 3382 3743 esset,

1811 3769 1987 3823 multo
2017 3769 2194 3839 magis
2222 3776 2279 3822 tn
2316 3767 2408 3837 qui
2451 3768 2661 3837 angelis
2694 3784 2754 3824 es
2796 3769 2995 3838 minor,
3022 3780 3220 3824 cuncta
3257 3786 3383 3840 pro-

1810 3869 1931 3930 pter
1956 3860 2134 3930 ipsum
2161 3858 2329 3914 debes
2354 3858 2611 3913 tolerare.

1888 3972 1905 4004 ι
1947 3952 2135 4008 Gloria
2165 3963 2218 4007 et
2264 3952 2476 4006 honore
2509 3960 2855 4016 coronatum,
2895 3960 2954 4005 ut
2988 3950 3165 4023 gratia
3192 3950 3321 4007 Dei.
3357 3969 3377 4003 ι

1880 4129 2132 4185 Ostendit
2164 4145 2385 4185 crucem
2415 4129 2643 4201 gloriam
2683 4138 2809 4184 esse
2841 4138 2894 4184 et
2922 4129 3209 4190 honorem.
3235 4127 3383 4184 sicut

1808 4234 1863 4279 et
1908 4224 2169 4280 Christus
2223 4224 2341 4293 ipse
2385 4223 2636 4279 eamdem
2684 4223 2963 4293 appellat,
3003 4224 3132 4276 dum
3165 4224 3282 4276 ait:
3314 4220 3383 4275 Ut

1761 4378 1764 4382 ,
1809 4318 2131 4387 gloriﬁcetur
2161 4315 2335 4371 Filius
2382 4316 2647 4381 hominis;
2680 4323 2770 4382 et,
2807 4313 3148 4384 Clari/icalus
3183 4322 3261 4368 est
3286 4312 3384 4368 Fi-

1812 4408 1913 4462 lius
1935 4408 2162 4463 hominis
2195 4409 2261 4463 ⁸⁷.

1885 4518 1904 4551 ι
1946 4498 2053 4555 Pro
2082 4501 2339 4555 omnibus
2368 4507 2617 4569 gustaret
2643 4510 2895 4555 mortem.
2932 4519 2949 4552 ι

1738 4627 1782 4682 D
1882 4591 2093 4649 Revera
2144 4593 2289 4648 enim
2344 4588 2413 4647 ad
2474 4592 2651 4648 instar
2698 4593 2847 4647 illius
2903 4592 3255 4663 qui'gustat,
3298 4592 3381 4646 sic

1811 4701 1935 4741 cum
1991 4685 2158 4741 breve
2210 4685 2564 4741 intervallum
2629 4685 2771 4739 inter
2841 4695 3086 4738 mortuos
3152 4684 3381 4754 egisset,

1812 4778 2054 4834 surrexit
2106 4778 2314 4835 statim.
2374 4776 2617 4832 Dicenda
2674 4777 2880 4845 igitur,
2941 4791 3033 4846 per
3084 4778 3385 4845 passionem

1812 4872 2015 4935 mortis,
2046 4881 2277 4926 mortem
2306 4883 2490 4924 veram
2525 4868 2879 4940 signiﬁcavit,
2912 4869 3154 4938 itemque
3196 4868 3386 4922 dicen-

1814 4964 1906 5031 do,
1940 4963 2141 5033 angelis
2179 4963 2469 5027 meliorem,
2502 4961 2963 5018 resurrectionem
3009 4961 3312 5017 denotavit.

1888 5055 2054 5113 Vens.
2109 5056 2198 5112 10.
2252 5074 2271 5108 ι
2308 5055 2547 5111 Decebat
2596 5056 2763 5111 enim.
2792 5071 2917 5111 eum
2965 5061 3187 5125 prepter
3221 5067 3383 5122 quem

1817 5151 2025 5216 omnia,
2058 5158 2113 5205 et
2151 5164 2250 5221 per
2285 5164 2446 5219 quem
2476 5148 2679 5203 omnia.
2723 5168 2741 5200 ι

1887 5240 2143 5308 Decebat,
2177 5243 2396 5310 inquit,
2449 5248 2509 5295 ut
2551 5240 2645 5309 qui
2694 5250 2889 5294 cuncta
2931 5236 3180 5301 curabat,
3210 5244 3264 5289 et
3293 5233 3385 5303 qui

1816 5342 2010 5388 cuncta
2039 5334 2394 5403 produxerat,
2430 5332 2546 5402 ipse
2576 5329 2767 5386 Filium
2799 5346 2897 5400 pro
2930 5329 3264 5399 reliquorum
3298 5342 3389 5381 sa‘

1819 5424 1931 5481 lute
1956 5434 2274 5496 exponeret,
2304 5440 2473 5479 unum
2506 5441 2603 5495 pro
2638 5424 2842 5479 multis.

1898 5620 1917 5654 ι
1958 5601 2059 5669 Qui
2090 5603 2290 5657 multos
2332 5600 2473 5656 ﬁlios
2513 5602 2564 5655 in
2597 5600 2826 5673 gloriam
2861 5597 3186 5654 adduxerat.
3220 5613 3240 5649 ι

1889 5693 2025 5750 Cum
2058 5694 2171 5765 ipse
2198 5696 2345 5751 ﬁlius
2368 5706 2471 5762 est,
2504 5703 2614 5750 tum
2652 5705 2707 5750 et
2738 5708 2835 5749 nos
2859 5708 3046 5748 sumus
3065 5691 3191 5757 lilii;
3219 5700 3271 5743 at
3298 5689 3389 5744 ille

1822 5789 2037 5861 quidem
2065 5788 2241 5848 salvos
2268 5788 2420 5859 facit,
2458 5804 2559 5846 nos
2591 5804 2717 5844 vero
2740 5787 2878 5843 salvi
2910 5800 3118 5841 sumus.

2974 5967 3048 6029 30
