3844 6398
584 382 690 447 939

666 512 685 545 ι
728 492 1019 546 Aueiorem
1054 492 1251 547 salutis
1291 506 1502 546 eorum.
1546 510 1562 541 ι

658 586 714 639 ld
747 592 854 648 est,
886 599 1103 639 causam
1131 585 1345 637 salutis.

630 738 631 741 η
663 698 681 727 ι
722 677 824 731 Per
856 677 1161 746 passionem
1192 674 1580 730 consummari.
1624 692 1642 725 ›

656 766 950 822 Passinnes
1010 780 1141 835 ergo
1194 775 1323 821 sunt
1386 762 1791 817 consummatio
1860 772 1913 816 et
1962 762 2155 816 salutis

589 874 777 913 causa.
809 856 974 913 Vides
1005 872 1132 927 ergo
1157 872 1250 912 eos
1278 856 1373 925 qui
1422 855 1563 910 male
1604 855 1805 909 habent
1831 862 1884 910 et
1912 854 2151 923 afﬂigun-

590 960 679 1006 tur
714 967 820 1006 non
858 950 1185 1020 derelinqui.
1229 948 1361 1004 Nam
1393 958 1447 1003 et
1484 946 1627 1003 Deus
1680 947 1874 1001 Filium
1931 956 2157 1002 eatenus

591 1046 827 1114 primum
882 1043 1188 1107 honoravit,
1239 1052 1297 1095 ut
1344 1056 1439 1112 per
1472 1056 1744 1095 aerumnas
1772 1050 1827 1095 et
1874 1040 2031 1111 231
2064 1039 2160 1095 do-

591 1139 738 1193 lores
763 1138 943 1207 ipsum
971 1144 1173 1204 ageret.
1202 1135 1266 1190 Et
1296 1143 1446 1189 certe
1475 1135 1637 1204 longe
1664 1135 2016 1204 praestantius
2032 1132 2157 1198 fuit,

593 1238 844 1297 suscepto
898 1242 1145 1297 corpore,
1193 1241 1257 1281 ea
1305 1242 1427 1297 quae
1475 1241 1669 1295 passus
1716 1235 1800 1280 est
1833 1226 1965 1296 pati,
1996 1241 2159 1296 quam

593 1321 856 1375 mundum
913 1321 1169 1385 condere,
1208 1328 1264 1375 et
1302 1335 1366 1378 ex
1414 1320 1584 1373 nihilo
1619 1322 1937 1390 producere.
1984 1319 2161 1389 Atque

597 1412 701 1467 hoc
734 1414 850 1482 ipse
884 1398 991 1466 alio
1032 1412 1087 1465 in
1124 1412 1246 1467 loco
1277 1412 1591 1477 declaravit,
1624 1411 1810 1466 dicens
1839 1430 1851 1466 :
1891 1409 1959 1464 Ut
1987 1419 2161 1466 osten-

592 1507 735 1560 deret
768 1506 975 1559 sa’culis
1004 1504 1479 1574 supervenientibus
1538 1501 2021 1572 superabundantes
2074 1502 2161 1555 di-

595 1599 746 1653 vitias
776 1597 1026 1651 bonitatis
1063 1612 1176 1651 sum
1214 1596 1280 1650 ⁸⁸.

666 1690 830 1745 Vens.
873 1691 959 1744 11.
1006 1708 1024 1741 ι
1062 1688 1162 1755 Qui
1204 1688 1351 1743 enim
1386 1688 1716 1754 sanctificat,
1747 1697 1801 1742 et
1825 1687 1917 1754 qui
1957 1684 2164 1742 sancti-

600 1782 852 1845 ficantur,
884 1795 951 1835 ex
985 1794 1093 1833 uno
1129 1794 1339 1833 omnes.
1377 1776 1610 1849 Propter
1647 1792 1809 1847 quam
1845 1789 2093 1831 causam.
2137 1793 2157 1827 ι

670 1873 810 1927 Ecce
861 1870 1139 1942 quomodo
1173 1884 1269 1925 eos
1308 1884 1495 1927 secum
1545 1869 1847 1939 coniungit,
1880 1869 2159 1923 honorans

598 1964 745 2036 ipsos
778 1972 833 2019 et
859 1962 1173 2029 consolans,
1201 1971 1256 2017 et
1290 1961 1492 2018 fratres
1532 1960 1738 2015 faciens
1768 1960 1995 2023 Christi,
2032 1974 2167 2028 qua-

598 2066 760 2112 tenus
794 2072 856 2110 ex
896 2071 1004 2109 uno
1034 2069 1225 2109 omnes
1256 2069 1381 2109 esse
1433 2054 1529 2109 ait.
1576 2051 1871 2108 Enimvero
1896 2067 1961 2108 ex
1993 2053 2168 2106 Ahra-

600 2148 758 2203 hamo
786 2148 899 2218 ipse
928 2156 1046 2203 erat
1075 2146 1375 2201 secundum
1404 2160 1650 2201 carnem.

600 2330 1024 2408 [VERS.12,15.]
1054 2330 1295 2387 Narrabo
1320 2346 1513 2386 nomen
1535 2338 1686 2385 tuum
1714 2330 1972 2386 fratribus
1999 2331 2165 2386 meis:

600 2427 653 2480 in
688 2424 866 2479 medio
894 2424 1147 2478 Ecclesiae
1172 2423 1404 2478 laudabo
1433 2432 1502 2477 te.
1541 2422 1607 2476 Et
1632 2423 1829 2477 iterum
1866 2442 1881 2479 :
1924 2441 1943 2475 ι

669 2500 803 2571 Vide
847 2515 1119 2582 quomodo
1154 2516 1501 2571 commendat
1556 2516 1755 2571 iterum
1805 2516 2168 2586 praeminen-

603 2608 731 2663 tiam
784 2609 1044 2678 ipsorum.
1096 2608 1339 2663 Dicendo
1368 2609 1757 2680 quippe,§non
1797 2609 2167 2679 confunditur,

601 2716 707 2755 non
744 2708 953 2756 natura:
988 2702 1064 2756 rei
1090 2700 1450 2756 humilitatem
1473 2702 1734 2775 ostendit,
1777 2703 1873 2757 sed
1904 2710 2167 2772 quantum

601 2807 697 2848 sua
730 2807 787 2847 se
809 2793 1097 2847 clementia
1140 2804 1192 2847 ct
1226 2793 1497 2848 charitate
1532 2794 1833 2849 demiserit.
1867 2794 1979 2849 Etsi
2024 2794 2168 2850 enim

597 2899 662 2939 ex
702 2901 832 2951 uno,
858 2893 1237 2940 verumtamen
1282 2885 1378 2940 ille
1422 2894 1640 2941 sanctos
1678 2886 1827 2952 facit,
1855 2894 1911 2942 et
1942 2901 2040 2941 nos
2074 2902 2170 2957 per

599 2972 774 3044 ipsum
810 2972 1103 3028 sanctitate
1126 2973 1413 3028 donamur.

675 3082 695 3116 ι
730 3064 839 3136 Ego
868 3081 962 3120 ero
986 3065 1158 3121 ﬁdens
1182 3066 1236 3119 in
1272 3081 1415 3121 eum.
1441 3066 1508 3121 Et
1535 3067 1729 3122 iterum
1761 3086 1773 3121 :
1802 3069 1946 3123 Ecce
1974 3083 2097 3139 ego,
2120 3078 2174 3123 et

600 3154 753 3224 pueri
794 3155 919 3221 mei,
949 3170 1087 3224 quos
1119 3155 1261 3210 dedit
1290 3156 1421 3211 mihi
1454 3156 1616 3213 Deus.
1662 3157 1852 3230 [Vens
1886 3158 2000 3233 14.]
2034 3160 2170 3227 Quia

602 3258 735 3314 ergo
767 3245 924 3312 pueri
967 3246 1512 3301 communicaverunt
1536 3249 1689 3302 carni
1720 3257 1774 3304 et
1809 3252 2087 3321 sanguini,
2117 3261 2170 3306 et

603 3336 719 3406 ipse
747 3336 1000 3391 similiter
1029 3336 1377 3407 participavit
1403 3339 1630 3395 eisdem.
1678 3361 1696 3393 ι

670 3425 917 3481 Ostendit
947 3442 1092 3493 eum,
1129 3429 1346 3498 quando
1380 3429 1566 3486 factus
1590 3440 1675 3488 est
1699 3432 1879 3499 homo,
1904 3436 2169 3507 quidquid

602 3521 899 3576 humanum
929 3529 1015 3577 est
1040 3522 1353 3588 admisisse,
1394 3532 1621 3596 excepto
1650 3536 1897 3597 peccato.
1928 3510 2168 3584 Tametsi

601 3614 742 3668 enim
785 3614 841 3667 in
871 3616 1062 3669 eodem
1097 3629 1161 3669 ac
1196 3630 1327 3670 suus
1358 3614 1519 3670 Pater
1564 3620 1761 3674 throno
1790 3620 1999 3687 sedeat,
2034 3638 2170 3675 una-

602 3718 708 3774 que
732 3713 945 3775 regnet,
968 3714 1023 3759 et
1045 3705 1303 3760 omnibus
1342 3705 1673 3774 dominetur,
1711 3710 1766 3763 in
1800 3709 1950 3764 illum
1990 3720 2169 3765 tamen

600 3809 660 3849 se
698 3794 950 3850 fiduciam
988 3796 1194 3852 habere
1240 3798 1338 3851 ait.
1374 3798 1467 3852 Sic
1512 3808 1692 3853 autem
1753 3800 1992 3871 loquitur
2022 3810 2169 3855 utea

598 3884 869 3953 exprimat
901 3900 1021 3955 qua:
1042 3884 1233 3940 formae
1258 3888 1399 3942 servi
1427 3889 1785 3957 conveniunt;
1820 3896 2169 3960 quemadmo-

601 3974 727 4028 dum
762 3976 972 4031 scilicet
995 3985 1050 4032 et
1083 3992 1205 4047 quae
1250 3979 1437 4033 deitati
1486 3984 1707 4051 pmpria
1745 3992 1893 4049 sunt,
1922 3983 2169 4038 notilicat

600 4067 791 4122 dicens
818 4086 831 4123 :
868 4067 982 4139 Ego
1012 4082 1061 4124 et
1088 4070 1255 4124 Pater
1280 4087 1443 4124 unum
1473 4089 1689 4138 sumus;
1712 4084 1797 4128 et:
1831 4073 1943 4145 Ego
1978 4079 2029 4129 in
2058 4076 2167 4130 Pa-

599 4166 701 4225 tre,
733 4171 781 4213 et
816 4161 978 4217 Pater
1014 4167 1068 4218 iu
1099 4181 1179 4220 me
1208 4176 1286 4219 est
1324 4166 1388 4219 αθ.

642 4338 645 4341 γ
683 4296 701 4329 ι
744 4276 815 4331 Ut
865 4290 959 4347 per
1012 4286 1239 4332 mortem
1291 4279 1602 4334 destrueret
1644 4296 1767 4335 eum
1800 4284 1892 4352 qui
1936 4284 2170 4340 habebat

602 4367 797 4424 mortis
824 4365 1130 4434 imperium,
1162 4366 1213 4419 id
1246 4378 1330 4421 est
1354 4366 1653 4421 diabolum.
1695 4388 1715 4421 ι

674 4480 789 4535 Hoc
822 4479 927 4534 loci
962 4493 1071 4533 rem
1102 4478 1461 4536 admiratione
1486 4480 1704 4551 dignam
1731 4486 2003 4553 ostendit;
2030 4487 2167 4556 quod

604 4589 795 4643 nempe
822 4588 919 4643 per
958 4573 1090 4627 illud
1131 4573 1312 4627 victus
1359 4573 1610 4629 diabolus
1658 4574 1845 4641 fuerit,
1896 4593 1993 4647 per
2026 4582 2167 4649 quod

602 4664 889 4733 imperium
914 4663 1014 4718 sibi
1040 4673 1360 4731 paraverat:
1392 4670 1470 4728 ut,
1500 4678 1622 4719 cum
1651 4680 1799 4720 mors
1829 4667 2007 4723 valida
2026 4670 2170 4727 illius

602 4758 865 4811 adversus
898 4757 1084 4809 orbem
1113 4766 1393 4811 armatura
1426 4765 1593 4823 esset,
1622 4772 1717 4826 per
1747 4759 1889 4815 hanc
1913 4762 2169 4819 Dominus

602 4850 781 4919 ipsum
808 4848 1118 4918 perculerit.
1174 4849 1253 4903 Ex
1287 4865 1395 4920 quo
1421 4865 1638 4907 rursum
1669 4854 1889 4910 virtutis
1912 4855 2056 4910 illius
2077 4858 2170 4926 qui

599 4944 756 5003 vicit,
788 4940 1103 5010 magnitudo
1137 4942 1469 4999 insinuatur.

673 5053 840 5108 Vens.
871 5055 959 5108 15.
999 5074 1016 5106 ι
1055 5054 1121 5109 Ut
1166 5056 1422 5112 liberaret
1466 5074 1561 5115 eos
1608 5062 1698 5129 qui
1749 5062 1944 5117 timore
1978 5064 2169 5119 mortis

600 5163 699 5220 per
733 5158 900 5201 totam
928 5147 1089 5201 vitam
1116 5147 1339 5203 obnoxii
1370 5161 1527 5204 erant
1553 5154 1820 5208 servituti.
1866 5173 1885 5207 ι

580 5282 587 5299 ν
672 5260 895 5325 Omnes,
934 5260 1134 5330 inquit,
1170 5261 1361 5316 mortis
1392 5272 1549 5317 erant
1582 5268 1873 5337 mancipia,
1906 5284 2011 5338 qua
2036 5285 2172 5325 non-

605 5354 727 5407 dum
751 5353 1048 5416 destructa,
1091 5352 1343 5406 homines
1376 5356 1624 5411 servituti
1662 5360 1870 5415 subacti
1908 5364 2169 5418 teneban-

610 5450 715 5503 tur,
747 5451 798 5492 et
836 5443 887 5493 in
926 5451 1186 5510 perpetuo
1219 5442 1415 5499 timore
1444 5447 1671 5516 agebant
1692 5488 1705 5510 ,
1737 5451 1827 5519 qui
1862 5466 1922 5506 se
1959 5469 2169 5524 semper

606 5544 985 5603 exspectarent
1015 5534 1342 5601 morituros;
1373 5549 1604 5608 cumque
1631 5556 1906 5610 nunquam
1928 5559 2038 5598 non
2058 5561 2171 5599 me-

611 5637 698 5681 tus
723 5626 961 5692 adesset,
996 5626 1198 5681 nullius
1221 5643 1450 5698 capaces
1481 5642 1634 5685 erant
1662 5634 1954 5705 voluptatis
1980 5653 2170 5693 sensus

673 5809 726 5841 ³³
764 5810 961 5877 Ephes.
992 5830 1052 5878 il,
1093 5814 1144 5868 7.
1218 5816 1286 5881 _”
1314 5812 1472 5871 Joan.
1510 5831 1561 5880 χ,
1612 5816 1725 5883 15;
1762 5835 1869 5887 xw,
1899 5822 1987 5881 11.

1755 377 1814 437 S.
1847 374 2165 438 JOANNIS
2195 374 2623 435 DAMASCENI

2185 492 2235 545 Δ
2337 508 2355 541 ι
2386 488 2488 541 Τὸν
2521 488 2763 561 άρχηγδν
2784 486 2882 556 τῆς
2910 485 3180 559 σωτηρίας
3211 484 3405 538 αὐτῶν.
3431 502 3447 535 ι

2323 583 2601 647 Τουτέστι,
2632 581 2722 634 τὸν
2754 582 2926 634 αἴτιον
2966 580 3065 650 τῆς
3101 579 3394 648 σωτηρίας.

2331 696 2348 728 ι
2391 674 2486 728 Διὰ
2516 672 2856 744 παθημάτων
2883 671 3186 725 τελειῶσαι.
3221 690 3240 720 ι

2330 768 2471 838 Ἀρα
2494 767 2561 820 τὰ
2583 766 2879 836 παθήματα
2900 762 3177 827 τελείωσις
3208 763 3303 816 καὶ
3337 762 3485 815 αἰτία
3509 764 3600 833 τῆς

2260 860 2399 932 ρίας,
2445 858 2608 929 Ὁρᾷς
2629 858 2709 912 ὃτι
2734 858 2795 910 τὸ
2812 856 2999 918 κακῶς
3030 856 3235 909 παθεῖν
3258 857 3359 908 οὐκ
3392 854 3535 907 ἐστιν
3579 857 3775 922 smn-

2256 955 2507 1025 λείψεως.
2545 954 2732 1026 Τούτῳ
2757 955 2865 1023 γὰρ
2900 954 2996 1006 καὶ
3030 950 3235 1024 πρώτῳ
3264 951 3526 1020 τετίμηκε
3577 953 3658 1003 τὸν
3678 952 3776 1002 Υἱέν

2258 1049 2285 1099 ὁ
2305 1046 2457 1111 Θεὸς,
2480 1045 2557 1116 τῷ
2589 1046 2679 1099 διὰ
2712 1045 3054 1116 παθημάτων
3078 1044 3241 1096 αὑτὸν
3262 1044 3514 1111 ἀγαγεῖν.
3564 1042 3663 1093 Καὶ
3696 1046 3775 1110 γὰρ

2258 1139 2427 1203 ὅντως
2472 1138 2563 1193 τοῦ
2611 1140 2727 1207 τδνι
2757 1138 2965 1209 κόσμον
3025 1137 3280 1207 ποιῆσαι,
3313 1137 3410 1188 καὶ
3451 1138 3515 1188 ἐκ
3546 1134 3614 1204 μὴ
3648 1136 3771 1187 bum

2261 1233 2603 1304 παραγαγεῖν
2626 1272 2640 1295 ,
2669 1231 2731 1284 τὸ
2771 1230 2929 1301 σῶμα
2981 1230 3213 1283 λαϐόντα
3273 1227 3472 1280 παθεῖν
3516 1229 3649 1296 άπερ
3682 1228 3771 1277 ἔπα-

2262 1327 2372 1391 θεν,
2400 1325 2581 1396 πολλῷ
2618 1323 2800 1396 μεῖζόν
2831 1328 2969 1379 ἐστι.
2993 1323 3105 1377 Καὶ
3130 1321 3291 1376 τοῦτο
3343 1322 3613 1392 ἐδήλωσεν
3658 1321 3768 1379 aes,-

2260 1419 2319 1471 ὲν
2351 1415 2578 1487 ἑτέροις.
2610 1413 2877 1487 εἰρηκώς
2904 1415 3029 1469 Ἵνα
3058 1413 3395 1479 ἐνδείξηται
3434 1412 3508 1465 ἐν
3548 1410 3658 1476 τοῖς

2262 1523 2365 1563 σιν
2385 1509 2509 1573 τοῖς
2542 1506 2960 1577 ἐπερχομένοις
2985 1505 3092 1559 τὸν
3127 1502 3592 1573 ὑπερϐάλλοντα
3638 1500 3764 1553 nisi»

2264 1619 2368 1655 τον
2387 1600 2498 1669 τῆς
2528 1602 2935 1669 χρηστότητος
2957 1597 3163 1653 αὐτοῦ.

2340 1710 2358 1741 ι
2395 1692 2463 1743 ’⁸0
2492 1708 2549 1742 τε
2590 1691 2698 1761 γὰρ
2729 1689 2990 1758 ἁγιάζων,
3025 1690 3119 1743 καὶ
3145 1690 3195 1741 οἱ
3224 1687 3594 1757 ἁγιαζόμενοι,
3620 1685 3669 1751 ἐξ
3695 1684 3772 1746 si;

2266 1781 2483 1842 πάντες.
2512 1779 2587 1832 Δι’
2619 1781 2685 1848 ἣν
2717 1779 2917 1832 αἰτίαν.
2962 1798 2980 1829 ι

2336 1872 2483 1942 Ὅρα
2514 1870 2631 1936 πῶς
2662 1870 2882 1939 συνάγει
2911 1870 3105 1933 αὐτοὺς
3144 1869 3280 1939 πρὸς
3301 1869 3495 1931 αὑτὸν,
3531 1867 3686 1937 τιμῶν
3709 1866 3775 1918 αὖ-

2264 1964 2410 2028 τοὺς,
2438 1963 2532 2017 καὶ
2565 1962 3080 2034 παραμυθούμενος,
3108 1964 3201 2015 καὶ
3244 1961 3517 2030 ἀδελφοὺς
3544 1960 3691 2013 ποιιῖιν
3714 1958 3778 2010 τοῦ

2265 2055 2524 2127 Χριστοῦ,
2564 2058 2707 2111 κατὰ
2748 2057 2929 2121 τοῦτο,
2963 2055 3025 2108 τὸ
3067 2054 3127 2119 ἐξ
3172 2054 3289 2117 ἐνὸς
3323 2049 3503 2107 εἶναι·
3544 2052 3632 2105 καὶ
3666 2050 3780 2111 citi;

2180 2165 2225 2215 τί,
2266 2150 2394 2215 γὰρ,
2427 2149 2487 2204 τὸ
2514 2149 2655 2203 κατὰ
2688 2150 2886 2215 σάρκα,
2919 2150 2982 2201 ἐκ
3009 2147 3101 2201 τοῦ
3143 2146 3414 2215 Ἀϐραάμ.

674 2164 758 2203 mo
786 2149 899 2218 ipse
928 2156 1046 2203 erat
1075 2149 1375 2201 secundum
1404 2160 1650 2201 carnem.

673 2260 692 2292 ι
745 2240 860 2295 Non
914 2239 1279 2294 confunditur
1325 2239 1525 2293 fratres
1555 2253 1650 2293 eos
1678 2252 1897 2303 vocare,
1930 2238 2115 2293 dicens
2150 2256 2163 2292 :

2274 2150 2394 2221 γὰρ,
2427 2149 2487 2204 τὸ
2514 2149 2655 2203 κατὰ
2688 2150 2886 2221 σάρκα,
2919 2150 2982 2201 ἐκ
3009 2149 3101 2201 τοῦ
3143 2149 3393 2218 Ἀϐραάμ

2343 2260 2359 2291 ι
2398 2240 2511 2294 Ούκ
2542 2240 2925 2303 ἐπαισχύνεται
2957 2238 3219 2303 ἀδελφοὺς
3265 2238 3393 2291 αὐτο

2343 2260 2359 2291 ι
2398 2240 2511 2294 Ούκ
2542 2240 2925 2309 ἐπαισχύνεται
2957 2238 3219 2308 ἀδελφοὺς
3265 2238 3468 2299 αὐτοὺς
3512 2238 3698 2297 καλεῖν,
3726 2236 3781 2287 λέο

2196 2314 2201 2320 ὶ
2266 2349 2376 2400 γων
2398 2332 2751 2401 ’Ἀπαγγελῶ
2780 2332 2841 2386 τὸ
2866 2331 3036 2402 ὄνομά
3070 2348 3160 2384 σου
3199 2332 3309 2393 τοῖς
3343 2329 3595 2403 ἀδελφοῖς
3624 2331 3777 2400 μοιβ»

2192 2458 2198 2463 -
2270 2425 2419 2496 μέσῳ
2454 2424 2783 2495 Ἑκκλησίας
2809 2424 3036 2495 ὑμνήσω
3059 2441 3139 2477 σε.
3177 2424 3288 2477 Καὶ
3318 2423 3505 2477 πάλιν.
3530 2408 3567 2473 τι

2338 2516 2479 2586 Ὅρα
2506 2515 2625 2580 πῶς
2673 2516 2910 2569 δείκνυσι
2952 2516 3111 2570 πάλιν
3141 2516 3236 2587 τὴν
3270 2516 3566 2587 ὑπεροχήν.
3607 2512 3682 2583 τῷ
3708 2514 3778 2580 7'2?

2268 2607 2465 2671 εἰπεῖν,
2498 2610 2609 2663 οὐκ
2657 2609 3103 2678 ἐπαισχύνεται,
3159 2607 3453 2676 δείκνυσιν,
3501 2610 3559 2660 οὗ
3603 2610 3686 2677 τῆς
3716 2602 3776 2656 τι]

2268 2701 2593 2771 πράγματος
2643 2702 2875 2771 φύσεως,
2924 2700 3062 2754 ά).λά
3092 2699 3191 2770 τῆς
3240 2700 3620 2771 φιλοστοργίας
3666 2694 3781 2751 αὖτοῦ

2266 2794 2328 2847 τὸ
2350 2794 2621 2849 ταπεινόν.
2660 2795 2720 2846 El
2751 2793 2855 2865 γὰρ
2883 2795 2975 2846 καὶ
3004 2794 3064 2858 ἐξ
3090 2793 3226 2861 ἐνὸς,
3257 2794 3374 2847 ἀλλ’
3402 2796 3430 2847 ὁ
3473 2795 3569 2863 μὲν
3600 2790 3781 2859 ἁγιάζει.

2269 2889 2429 2957 ἡμεῖς
2457 2886 2513 2940 δὲ
2540 2886 2894 2956 ἁγιαζόμεθα.

3716 2621 3779 2656 τε)

2347 3086 2365 3119 ι
2409 3067 2548 3136 Ἐγὼ
2577 3067 2767 3139 ἔσομαι
2795 3066 3067 3132 πεποιθὼς
3095 3069 3181 3122 ἐπ’
3210 3068 3356 3139 αύτῷ
3374 3087 3389 3101 ·
3414 3070 3507 3122 καὶ
3534 3068 3682 3121 πάλιν
3706 3064 3784 3117 ξόοἱι
3842 3122 3844 3129 ι

2197 3177 2239 3235 (ς
2272 3159 2381 3228 ἐγὼ
2409 3162 2501 3214 καὶ
2524 3159 2592 3213 τά
2616 3160 2804 3213 παιδία
2840 3177 2941 3231 μου
2976 3160 3013 3214 ἆ
3042 3178 3134 3231 μοι
3178 3161 3377 3214 ἔδωκεν
3416 3164 3443 3215 ὁ
3477 3161 3626 3223 Θεὸς.
3672 3160 3784 3211 Ἐπὶ

2270 3248 2362 3305 οῦν
2397 3253 2464 3305 τὰ
2492 3252 2676 3305 παιδία
2714 3253 3077 3326 κεκοινώνηκε
3111 3254 3313 3323 σαρκὸς
3337 3254 3432 3306 καὶ
3460 3256 3697 3325 αἵματος,
3722 3252 3788 3302 καὶ

2270 3346 2431 3410 αὐτὸς
2453 3347 2846 3441 παρατξλησξως
2878 3349 3140 3419 μετέσχεν
3172 3348 3280 3402 τῶν
3302 3349 3506 3403 αὐτῶν.

2340 3440 2639 3507 Δείκνυσιν,
2668 3442 2742 3504 ὡς
2783 3441 3073 3513 ἄνθρωπος
3102 3443 3363 3511 γεγονὼς,
3404 3444 3580 3496 πάντα
3624 3442 3684 3494 τὰ
3720 3441 3785 3491 ἀν-

2272 3530 2519 3602 θρώπινα
2542 3531 2731 3586 ἐλαϐεν
2754 3532 2891 3604 πλὴν
2921 3533 3213 3604 ἁμαρτίας.
3251 3533 3443 3586 Καίτοι
3476 3535 3578 3603 γὰρ
3614 3530 3786 3598 σύνθρο-

2270 3639 2358 3685 νος
2394 3621 2469 3677 ὣν
2516 3622 2593 3694 τῷ
2629 3622 2741 3693 ἰδίῳ
2776 3624 2971 3693 Πατρὶ,
3002 3623 3098 3677 καὶ
3127 3622 3559 3694 συμϐασιλεύων,
3583 3624 3668 3676 καὶ
3694 3638 3786 3673 σεν-

2272 3716 2454 3785 άρχων
2502 3715 2611 3768 τῶν
2664 3716 2820 3781 ὅλων,
2882 3715 3199 3769 πεποιθέναι
3247 3717 3465 3785 λέγεται
3521 3719 3604 3770 ἐπ’
3650 3716 3785 3768 αὐτόν.

2270 3807 2440 3861 Τοῦτο
2491 3808 2547 3860 δέ
2610 3807 2782 3877 λέγει,
2832 3810 3109 3881 πρέποντα
3163 3809 3335 3878 λέγων
3385 3813 3451 3881 τῇ
3519 3809 3611 3863 τοῦ
3644 3807 3785 3862 δσᾷλῡλλ

2273 3905 2477 3974 μορφῇ,
2507 3886 2695 3973 ὥσπερ
2719 3902 2909 3973 ἀμέλει
2940 3902 3033 3956 καὶ
3064 3904 3135 3955 τά
3171 3906 3273 3973 τῆς
3312 3903 3567 3975 θεότητος
3600 3904 3785 3959 amri-1;.

2271 3995 2461 4065 φησιν·
2500 3995 2645 4064 Ἐγὼ
2676 3994 2772 4048 καὶ
2793 3998 2824 4049 ό
2847 3994 3047 4063 Πατὴρ
3079 3995 3147 4048 ἓν
3171 3996 3358 4065 ἐσμεν
3383 4013 3395 4024 ·
3438 3999 3556 4059 καὶ,
3598 3992 3788 4063 frg,“

2270 4085 2349 4150 τῷ
2367 4087 2571 4153 Πατρὶ,
2601 4086 2699 4139 καὶ
2720 4088 2752 4139 ὀ
2776 4084 2979 4153 Πατὴρ
3007 4086 3076 4139 ἐν
3091 4085 3239 4155 ἐμοί.

2348 4304 2367 4335 ι
2406 4287 2521 4340 Ἵνα
2552 4285 2641 4339 διὰ
2672 4283 2767 4339 τοῦ
2805 4286 3037 4340 θανάτου
3066 4288 3395 4359 καταργήσῃ
3433 4288 3528 4340 τὸν
3554 4288 3612 4339 τὸ
3635 4284 3788 4354 κράτος

2272 4378 2465 4448 ἔχοντα
2496 4377 2589 4431 τοῦ
2616 4378 2867 4444 θανάτου,
2893 4379 3139 4434 τουτέστι
3170 4382 3260 4433 τὸν
3283 4377 3549 4435 διάϐολον.
3581 4397 3598 4430 ι

2359 4494 2621 4549 Ἐνταῦθα
2656 4495 2718 4548 τὸ
2740 4495 3053 4566 θαυμαστὸν
3074 4496 3347 4550 δείκνυσιν
3366 4537 3382 4559 ,
3406 4497 3485 4549 ὅτι
3509 4497 3578 4549 δι’
3600 4490 3654 4547 οὗ
3672 4488 3791 4559 ἑκράο

2274 4603 2438 4656 τησεν
2488 4587 2517 4638 ὁ
2559 4585 2821 4651 διάϐολος,
2869 4585 2958 4639 διὰ
3016 4584 3208 4639 τούτου
3271 4586 3523 4656 ἡττήθη·
3573 4588 3656 4637 καὶ
3688 4581 3787 4643 ὅπερ

2275 4679 2494 4751 ἰσχυρὸν
2546 4678 2696 4749 αὑτῷ
2742 4674 2811 4750 ἦν
2857 4679 3021 4733 ὅπλον
3072 4677 3215 4732 κατὰ
3268 4678 3370 4747 τῆς
3423 4669 3790 4745 οἰκουμένηςνῧ

2272 4774 2518 4836 θάνατος,
2544 4772 2719 4844 τούτῳ
2766 4773 2930 4825 αὐτὸν
2981 4772 3211 4842 ἐπληξεν
3241 4773 3271 4823 ὁ
3300 4772 3524 4844 Κύριος.
3554 4774 3787 4843 Aetnam

2271 4865 2328 4917 δέ
2356 4865 2465 4918 ’διὰ
2517 4864 2707 4919 τούτου
2754 4865 2816 4918 τὸ
2871 4864 3007 4917 πολὺ
3056 4866 3155 4934 τῆς
3208 4864 3493 4934 δυνάμεως
3541 4862 3630 4915 τοῦ
3672 4856 3788 4921 νιιὴ

2276 4974 2487 5014 σαντος.

2353 5097 2371 5128 ι
2413 5076 2520 5128 Καὶ
2562 5075 2843 5149 ἀπαλλάξῃ
2883 5076 3115 5138 τούτοις,
3152 5076 3264 5127 ὅσοι
3298 5071 3449 5143 φόὁῳ
3495 5070 3705 5125 θανάτοιο
3730 5062 3795 5115 δή

2280 5169 2478 5231 παντὸς
2509 5168 2601 5221 τοῦ
2632 5168 2730 5239 ζῇν
2760 5168 2931 5238 ἔνοχοι
2958 5164 3098 5239 ἦσαν
3127 5165 3389 5229 δουλείας.
3429 5184 3447 5216 ι

2201 4530 2247 4587 D

2348 5280 2533 5334 Δοῦλοι
2592 5282 2790 5344 πάντες
2841 5276 2980 5352 ἦσαν
3017 5280 3110 5333 τοῦ
3140 5278 3401 5355 θανάτου,
3436 5276 3588 5348 φησὶ,
3623 5271 3709 5324 καὶ
3740 5264 3799 5333 τῷ

2282 5373 2506 5443 μηδέπω
2540 5373 2701 5426 αὐτὸν
2734 5371 2987 5426 λελύσθαι
3040 5370 3403 5444 ἐκρατοῦντο,
3448 5370 3541 5422 καὶ
3581 5365 3714 5434 φόὸῳ
3741 5361 3801 5412 δι’

2279 5465 2465 5532 ηνεκεῖ
2499 5462 2735 5527 συνέζων
2757 5464 2806 5516 οἱ
2829 5462 3127 5532 ἄνθρωποι,
3155 5464 3241 5515 ἀεὶ
3266 5462 3661 5531 προσδοκῶντες
3686 5458 3799 5509 ἁπηο
3826 5494 3827 5515 ι

2274 5553 2656 5626 τεθνήξεσθαι,
2693 5555 2787 5608 καὶ
2828 5554 3085 5625 οὐδεμιᾶς
3122 5555 3317 5625 ἡδονῆς
3354 5554 3600 5624 αἴσθησιν
3642 5536 3827 5617 εἷχσνᾏ

2276 5646 2370 5699 τοῦ
2388 5646 2566 5725 ⁸φόϐου
2594 5648 2775 5710 αὐτοῖς
2822 5650 3085 5717 παρόντος
3112 5647 3198 5701 ἀεί
3224 5664 3235 5675 ·
3268 5646 3427 5701 τοῦτο
3454 5647 3560 5716 γὰρ
3587 5640 3803 5717 ᾐνίξατο.
