4022 6440
183 387 271 453 941

1334 378 1413 438 IN
1451 376 1682 437 EPIST.
1711 376 1808 434 AD
1846 374 2228 435 HEBMOS.

3276 372 3380 438 942

181 500 342 554 είπὼν
399 500 495 553 διὰ
517 498 741 563 παντὸς
769 494 875 550 τοῦ
918 492 1049 561 ζῇνο
1098 490 1232 545 ἀλλὰ
1273 489 1578 560 ἀπήλλαξεν
1636 488 1727 541 τὸν

1831 491 1977 554 (nam
2016 485 2119 540 hoc
2151 482 2517 539 subindicavlt
2539 482 2789 549 dicendo,
2814 498 2905 553 per
2931 499 3130 539 omnem
3157 488 3335 555 vitam)
3360 506 3378 555 ;

183 591 355 660 φόϐον,
380 592 475 643 καὶ
503 588 749 660 γελῶμεν
774 588 876 658 ήδη
905 585 1089 640 αὐτόν.

239 794 273 839 οι
311 772 389 824 Οὐ
425 770 536 839 γὰρ
588 767 759 838 δήπου
800 764 1045 834 ἀγγέλων
1086 761 1532 833 ἐπιλαμϐάνεται,
1588 758 1722 814 ἀλλὰ

179 860 485 929 σπέρματος
519 842 769 927 Ἂϐραὰμ
792 853 1237 923 ἐπιλαμϐάνεται.
1274 870 1294 903 ι

242 948 355 1003 Οὔκ
390 949 627 1017 ἐκείνης,
669 948 850 1017 φησὶν,
899 946 1159 1016 ἐδράξατο
1202 944 1300 1014 τῆς
1343 942 1579 1013 φύσεως,
1624 942 1725 1011 τῆς

176 1040 277 1091 τῶν
302 1038 544 1106 ἀγγέλων
566 1037 726 1107 φημὶ,
774 1034 909 1088 ἀλλὰ
949 1034 1048 1103 τῆς
1090 1032 1383 1103 ἡμετέρας.
1431 1030 1531 1084 Διὰ
1569 1029 1725 1083 τοῦτο

176 1129 229 1182 δέ
250 1122 424 1192 εἶπεν,
451 1127 791 1191 ἐπελάϐετο,
818 1127 903 1179 ἵνα
937 1123 1082 1196 δείξῃ
1117 1123 1380 1177 διώκοντα
1409 1124 1569 1176 αὐτὸν
1601 1122 1726 1184 τοὺς

176 1219 676 1290 ἀποστρεφομένους
700 1234 715 1250 ⁸
752 1218 828 1281 ὡς
873 1218 1062 1288 τιάρρω
1103 1216 1210 1290 γὰρ
1248 1218 1393 1288 ἡμᾶς
1431 1212 1727 1284 φεύγοντας

176 1312 538 1365 ἐπεσπάσατο.

242 1402 407 1455 Ὅθεν
466 1398 660 1468 ὤφειλε
713 1398 855 1452 κατὰ
887 1397 1064 1450 πάντα
1099 1398 1213 1459 τοῖς
1252 1396 1495 1465 ἀδελφοῖς
1528 1395 1727 1465 ὁμοιω-

173 1492 354 1560 θῆναι,
381 1493 467 1545 ἵνα
500 1491 746 1560 ἐλεήμων
774 1489 1018 1560 γένηται,
1063 1489 1156 1541 καὶ
1200 1488 1391 1550 πιστὸς
1439 1488 1728 1558 ἀρχιερεὺς

172 1583 241 1638 τὰ
273 1585 408 1655 πρὸς
439 1584 528 1638 τὸν
574 1585 731 1645 Θεὸν,
764 1587 843 1657 είς
874 1583 934 1636 τὸ
966 1580 1279 1636 ἱλάσκεσθαι
1320 1580 1415 1644 τὰς
1458 1580 1728 1652 ἁμαρτίας

172 1674 261 1728 τοῦ
293 1674 446 1729 λαοῦ.
481 1693 500 1727 ι
1152 1684 1153 1687 ‘

239 1764 306 1816 Τί
356 1766 471 1817 ἐστι
517 1761 665 1817 κατὰ
710 1761 941 1825 adv-ta;
985 1761 1227 1831 Ἐτέχθη,
1260 1761 1443 1831 φησὶν,
1496 1760 1724 1830 ἐτράφη,

172 1854 407 1928 ηὐξήθη,
455 1854 647 1919 ἔπαθε,
678 1854 857 1909 πάντα
902 1854 1043 1925 ἅπερ
1076 1854 1239 1924 ἐχρῆν
1296 1852 1589 1915 τελειώσας
1625 1853 1730 1905 ἀπο

172 1946 381 1999 έθανιιν.
420 1944 587 1997 Τοῦτό
616 1946 731 1998 ἐστι
750 1943 893 1997 κατὰ
922 1941 1099 1996 πάντα
1125 1945 1235 2006 τοῖς
1260 1942 1506 2011 ἀδελφοῖς
1533 1944 1730 2013 ὁμοιω-

169 2039 348 2109 θῆναι..
392 2038 609 2107 Ἐπειδὴ
635 2036 745 2108 γὰρ
779 2035 949 2090 πολλὰ
997 2034 1300 2106 διαλεχθεὶς
1332 2034 1459 2106 περὶ
1494 2034 1595 2103 τῆς
1638 2050 1733 2104 με-

170 2131 519 2201 γαλειότητος
552 2128 739 2193 αὐτοῦ,
780 2130 874 2183 καὶ
904 2129 1003 2199 τῆς
1047 2129 1158 2183 ἄνω
1202 2128 1379 2198 δόξης,
1426 2126 1612 2181 λοιπὸν
1640 2126 1731 2179 τὸν

168 2220 295 2291 περὶ
322 2220 422 2290 τῆς
454 2219 768 2289 οἰκονομίας
808 2219 963 2288 λόγον
1005 2221 1163 2285 κινεῖ,
1201 2218 1483 2289 μονονουχὶ
1521 2215 1728 2288 λέγων·

179 2311 235 2364 Ὀ
258 2310 406 2365 οὕτω
436 2310 625 2381 μέγας,
653 2312 681 2363 ὁ
733 2309 807 2363 ὣν
835 2310 1176 2380 ἀπαύγασμα
1205 2308 1298 2363 τοῦ
1327 2309 1559 2379 Πατρδς,
1598 2311 1627 2363 ὁ
1653 2309 1732 2363 ὢν

167 2400 455 2472 χαρακτὴρ
484 2400 581 2470 τῆς
618 2399 985 2465 ὑποστάσεως,
1042 2399 1109 2452 δι’
1137 2391 1197 2452 οὗ
1232 2399 1359 2462 τοὺς
1398 2398 1604 2462 αἰῶνας
1633 2416 1731 2452 πε-

166 2493 418 2562 ποίηκεν,
436 2492 464 2543 ὁ
484 2491 541 2542 ὲν
557 2489 704 2559 δεξιᾷ
727 2490 819 2544 τοῦ
845 2490 1055 2561 Πατρδς
1074 2490 1401 2560 καθήμενος,
1427 2482 1581 2553 οὗτος
1606 2488 1734 2559 ήθέ-

164 2582 317 2653 λησε,
343 2579 775 2635 καὶέσπούδακεν
791 2581 1017 2650 ἀδελφὸς
1033 2581 1188 2652 ήμῶν
1212 2585 1268 2634 ἐν
1291 2584 1425 2635 πᾶσι
1441 2581 1691 2651 γενέσθαι
1713 2598 1727 2612 ο

176 2672 455 2745 Ἔθὲλησε,
476 2672 569 2727 καὶ
590 2674 676 2727 διὰ
700 2674 857 2728 τοῦτο
878 2676 972 2728 καὶ
994 2674 1127 2745 πρὸς
1156 2675 1302 2744 ἡμᾶς
1323 2674 1607 2745 κατῆλθεν,
1640 2674 1733 2727 καὶ

162 2767 325 2838 ήμῶν
357 2767 673 2830 ἐπελάϐετο,
721 2767 814 2820 καὶ
864 2767 1033 2838 μυρία
1074 2767 1367 2838 εἰργάσατο
1399 2768 1598 2835 ἀγαθά.
1625 2767 1731 2821 Θά-

162 2876 326 2913 νατον
376 2860 586 2924 ἔλυσεν,
617 2860 704 2913 τὸν
748 2859 991 2921 διάϐολον
1021 2860 1119 2928 τῆς
1148 2860 1460 2930 τυραννίδος
1491 2859 1731 2926 ἐξέϐαλε,

161 2947 417 3012 δουλείας
451 2948 780 3020 ἀπήλλαξεν,
813 2948 1158 3019 ιἈρχιερεὺς
1209 2948 1462 3016 γενέσθαι
1503 2948 1733 3019 ἠθέλησε

162 3040 309 3111 πρὸς
336 3041 427 3093 τὸν
467 3040 703 3110 Πατέρα.
742 3040 832 3092 Διὸ
861 3042 955 3093 καὶ
991 3041 1288 3110 ἐπήγαγεν.
1314 3041 1438 3095 Ἵνα
1466 3040 1735 3109 ἐλεήμων

158 3131 419 3201 γένηται
445 3130 544 3185 καὶ
576 3131 790 3197 πιστὸς
817 3132 1125 3200 ἀρχιερεὺς
1152 3132 1225 3185 τὰ
1252 3131 1399 3199 πρὸς
1427 3131 1531 3185 τὸν
1566 3132 1731 3186 Θεόν.
1761 3166 1803 3223 c

158 3224 228 3276 Τί
252 3224 320 3277 δέ
351 3227 505 3288 ἐστι,
544 3225 757 3290 πιστός
776 3243 796 3290 ;
838 3224 1062 3295 Ἀληθὴς
1085 3225 1178 3278 καὶ
1219 3225 1529 3293 δυνάμενος.
1562 3224 1637 3280 Τὰ
1680 3224 1735 3278 δὲ

154 3316 328 3382 πρὸς
349 3314 454 3368 τὸν
485 3318 649 3380 Θεὸν,
682 3317 947 3387 ἐπήγαγε,
1001 3316 1158 3369 τοῦτο
1184 3315 1383 3383 δηλῶν,
1413 3317 1487 3381 ὠς
1528 3318 1592 3369 ἐκ
1637 3333 1737 3371 πο-

162 3404 529 3475 λεμουμένων
558 3406 636 3476 τῷ
658 3406 797 3478 Θεῷ,
838 3406 933 3459 καὶ
960 3407 1442 3477 κατεγνωσμένων,
1472 3408 1567 3460 καὶ¹
1592 3424 1734 3461 τετι-

155 3496 541 3569 μωρημένων,
568 3495 742 3559 οὐδεὶς
769 3491 836 3566 ἦν
877 3497 905 3549 ὁ
942 3497 1244 3568 προσοίσων
1287 3498 1426 3569 ὑπὲρ
1454 3497 1609 3568 ἡμῶν
1642 3498 1735 3551 θυο

153 3593 314 3656 σίαν,
355 3589 468 3643 ἀλλ’
500 3587 635 3644 εἶδεν
670 3590 814 3660 ἡμᾶς
838 3590 898 3641 ἐν
920 3590 1127 3655 τούτοις
1154 3590 1335 3655 ὄντας,
1364 3592 1459 3643 καὶ
1483 3590 1735 3660 ⁴ἠλέησεν,

150 3686 217 3737 ού
250 3684 612 3753 καταστήσας
659 3684 791 3751 ήμῖν
839 3683 1122 3753 ἀρχιερέα,
1158 3683 1275 3736 ἀλλ’
1308 3682 1470 3746 αὐτὸς
1504 3682 1739 3751 γεγονὼς

159 3772 502 3844 ’Δρχιερεὺς
531 3772 738 3837 πιστὸς,
767 3773 867 3824 ἵνα
889 3771 1169 3843 ἱλάσητιιι
1188 3773 1295 3839 τὰς
1319 3774 1603 3843 ἁμαρτίας
1633 3773 1738 3827 τοῦ

144 3862 322 3919 λαοῦ
342 3906 355 3917 .

230 4065 255 4101 ι
317 4046 419 4099 Ἐν
442 4036 487 4115 ᾧ
513 4002 621 4119 γὰρ
648 4045 936 4111 πέπονθεν,
966 4045 1128 4111 αὐτὸς
1157 4047 1487 4118 πειρασθείς.
1530 4066 1548 4099 ι

222 4228 480 4299 Ὅμοιον
533 4230 608 4293 ὡς
655 4232 703 4283 εί
747 4227 926 4298 λέγοι·
973 4230 1084 4285 Οὐκ
1115 4232 1299 4298 ἀγνοεί
1346 4231 1414 4284 τά
1464 4228 1612 4299 πάθη
1672 4230 1739 4281 τά

1824 590 2006 630 verum
2034 576 2280 629 timorem
2310 574 2451 628 hunc
2474 572 2725 630 Christus
2760 576 2988 644 pepulit,
3020 577 3093 630 ita
3123 584 3181 630 ut
3214 579 3375 633 morti

1823 667 1932 738 jam
1969 668 2273 722 illudamus.

1902 757 2061 812 Vens.
2097 756 2186 810 l6.
2224 775 2243 806 ι
2274 755 2544 823 Nusquam
2577 755 2718 809 enim
2749 754 2969 826 angelos
2998 756 3375 827 apprehendit,

1824 848 1921 904 sed
1956 864 2137 905 semen
2173 848 2400 903 Abrahae
2425 848 2799 917 apprehendit.
2843 866 2863 902 ι

1893 940 2011 996 Non
2057 941 2220 1007 illam,
2261 941 2457 1009 inquit,
2489 940 2804 1010 angelorum
2848 939 3075 1006 scilicet,
3129 949 3376 996 naturam

1826 1034 2056 1101 accepit,
2092 1032 2187 1087 sed
2218 1042 2481 1087 nostram.
2535 1032 2741 1085 Idcirco
2788 1040 2966 1085 autem
2998 1032 3159 1093 dixit,
3193 1047 3379 1100 appre-

1826 1124 2025 1187 hendit,
2057 1134 2113 1177 ut
2140 1123 2417 1177 Christum
2442 1123 2693 1177 ostendat
2716 1121 2833 1177 illos
2860 1136 2976 1178 esse
3008 1134 3378 1191 prosecutum,

1828 1216 1915 1285 qui
1952 1231 2009 1270 se
2047 1215 2456 1269 aversabantur.
2504 1214 2639 1268 Dum
2669 1214 2843 1286 {enim
2884 1214 3073 1284 procul
3101 1214 3382 1286 afugieba—

1828 1322 1966 1364 mus.
1999 1306 2114 1375 ipse
2140 1321 2234 1360 nos
2267 1304 2508 1358 attraxit.

1903 1397 2067 1452 V'sns'.
2099 1397 2184 1453 l7.
2225 1415 2243 1448 ι
2277 1397 2429 1451 Unde
2462 1397 2646 1451 debuit
2681 1411 2775 1464 per
2797 1398 2978 1453 omnia
3014 1397 3275 1453 fratribus
3305 1398 3381 1452 si-

1830 1486 2025 1551 milari,
2056 1486 2215 1555 232
2247 1495 2302 1538 ιιι
2326 1485 2632 1540 misericors
2656 1486 2829 1549 fieret,
2855 1497 2909 1541 et
2932 1488 3104 1541 fidelis
3136 1486 3377 1557 pontifex

1828 1578 1893 1631 ad
1929 1576 2117 1641 Deum,
2151 1587 2208 1631 ut
2245 1577 2621 1647 reprOpitiaret
2650 1577 2843 1631 delicta
2866 1578 3066 1647 populi.
3112 1596 3131 1629 ι

1901 1756 2170 1824 Quidnam
2204 1757 2356 1812 illiud
2386 1767 2487 1825 est,
2513 1773 2605 1827 per
2638 1760 2852 1813 omnia?
2874 1757 3044 1816 Natus
3066 1768 3167 1825 est,
3190 1762 3382 1832 inquit,

1759 1830 1802 1886 Β
1832 1851 2069 1904 nutritus
2097 1859 2202 1913 est,
2233 1862 2423 1919 passus
2449 1859 2551 1913 est,
2585 1849 2859 1914 universis
2895 1864 3014 1919 qua:
3047 1865 3182 1918 opus
3206 1830 3383 1916 erant,

1829 1940 2240 2003 consummatis,
2277 1947 2526 1993 mortuus
2563 1946 2647 1992 est
2676 1955 2688 1990 :
2722 1940 2826 1994 hoc
2855 1950 2939 1994 est
2984 1940 3245 1997 fratribus
3291 1958 3387 2013 per

1830 2033 2009 2089 omnia
2039 2031 2290 2086 similari.
2323 2029 2482 2095 Nam,
2518 2031 2643 2098 quia
2696 2031 2880 2085 multis
2921 2031 3290 2101 disputaverat
3317 2032 3387 2088 de

1830 2126 2111 2193 majestate
2144 2123 2469 2192 sublimique
2511 2120 2680 2194 εισι-εει
2716 2122 2882 2189 illius,
2920 2124 3024 2178 hoc
3066 2125 3168 2178 loci
3203 2124 3270 2179 de
3297 2126 3386 2179 in-

1831 2216 2161 2273 carnalionis
2191 2214 2597 2284 dispensatione
2618 2216 2926 2269 sermonem
2951 2215 3137 2285 agitat,
3165 2216 3216 2269 in
3242 2216 3386 2271 hunc

1833 2312 1945 2369 fere
1974 2314 2221 2367 modum:
2244 2309 2345 2376 Qui
2384 2320 2489 2363 tam
2510 2325 2732 2381 magnus
2754 2319 2861 2375 est,
2888 2311 2976 2379 qni
3013 2313 3271 2381 splendor
3304 2320 3389 2367 est

1831 2403 2029 2470 Patris,
2070 2402 2161 2471 qui
2195 2410 2280 2456 est
2316 2402 2598 2456 character
2628 2409 2682 2469 et
2712 2400 2881 2471 figura
2914 2402 3227 2457 substantia
3244 2402 3384 2473 ejus,

1831 2506 1926 2563 per
1950 2504 2109 2563 quem
2142 2492 2233 2546 ille
2262 2490 2389 2546 fecit
2428 2492 2644 2556 saecula,
2681 2493 2771 2561 qui
2803 2492 2955 2547 sedet
2984 2507 3014 2545 a
3053 2492 3392 2547 dextrisPa—

1832 2586 1956 2649 tris,
1981 2587 2095 2655 ipse
2114 2584 2305 2648 voluit,
2338 2599 2660 2654 summoque
2689 2584 2868 2639 studio
2892 2585 3194 2654 peroptavit
3222 2585 3391 2640 frater

1833 2687 2021 2732 noster
2071 2677 2245 2731 modis
2290 2677 2545 2731 omnibus
2598 2677 2714 2731 fieri
2760 2695 2773 2730 :
2814 2676 3000 2740 voluit,
3038 2676 3295 2745 ,inquam,
3337 2687 3393 2734 et

1832 2778 2116 2838 propterea
2149 2766 2217 2821 ad
2250 2783 2348 2822 nos
2369 2782 2588 2837 quoque
2621 2768 2923 2828 descendit,
2962 2782 3172 2835 nosque
3197 2782 3391 2837 appre-

1834 2858 2047 2925 hendit,
2071 2865 2127 2912 et
2153 2858 2441 2912 innumera
2468 2860 2611 2912 bona
2638 2859 2892 2927 patravit.
2927 2857 3184 2913 Dissolvit
3217 2867 3273 2911 et
3295 2874 3393 2913 ex-

1833 2949 2025 3003 stinxit
2058 2956 2307 3015 mortem,
2344 2949 2616 3004 diabolum
2650 2952 2934 3021 tyrannico
2965 2952 3190 3021 imperio
3212 2953 3388 3020 ejerit,

1834 3055 1865 3093 a
1890 3040 2154 3095 servitute
2184 3055 2284 3095 nos
2314 3039 2588 3105 liberavit,
2620 3040 2869 3097 Pontifex
2895 3058 3016 3097 esse
3040 3056 3227 3099 noster
3247 3046 3390 3115 apud

1837 3131 2049 3186 Patrem
2080 3132 2276 3187 voluit.
2310 3132 2579 3199 Quocirca
2614 3131 2814 3189 Paulus
2841 3135 3045 3200 intulit,
3081 3146 3137 3189 ut
3179 3138 3391 3191 miseri-

1836 3241 1953 3279 cors
1977 3225 2144 3294 ﬁerel,
2163 3235 2209 3278 ει
2234 3224 2405 3294 ﬁdelis
2439 3224 2683 3294 Pontifex
2710 3225 2848 3295 apud
2876 3226 3065 3282 Deum.
3091 3227 3230 3293 Quid
3264 3244 3396 3282 vero

1837 3318 2130 3385 signiﬁcat,
2162 3316 2336 3385 ﬁdelis
2356 3318 2379 3371 ἵ
2397 3315 2574 3372 Verax
2604 3326 2657 3370 et
2681 3328 2891 3387 potens.
2913 3316 3226 3388 Subiunxit,
3252 3319 3391 3387 apud

1838 3394 2043 3474 Deum,
2085 3408 2368 3462 declarans
2392 3408 2554 3478 quod,
2591 3424 2715 3463 cum
2764 3409 2947 3465 hostes
2994 3426 3242 3467 essemus
3275 3411 3396 3476 Dei,

1839 3511 1965 3550 cum
1991 3497 2229 3550 damnati
2261 3511 2509 3552 essemus
2546 3508 2600 3552 et
2628 3499 2909 3567 suppliciis
2950 3500 3198 3563 obnoxii,
3229 3515 3397 3556 nemo

1839 3587 2001 3643 fuerit
2033 3587 2126 3655 qui
2159 3588 2487 3642 sacrificium
2533 3589 2754 3642 olferret
2805 3605 2902 3658 pro
2944 3592 3137 3657 nobis;
3179 3590 3275 3646 sed
3308 3591 3397 3647 ille

1835 3680 2027 3734 videns
2061 3694 2159 3734 nos
2190 3680 2273 3733 his
2301 3680 2353 3733 in
2386 3679 2546 3735 malis
2571 3681 2799 3744 versari,
2825 3686 2993 3735 nostri
3026 3682 3280 3739 misertus
3300 3684 3392 3745 sit.

1842 3788 2020 3842 neque
2055 3788 2326 3826 summum
2375 3774 2709 3827 sacerdotem
2764 3773 2997 3828 alterum
3048 3774 3399 3829 constituerit

1840 3865 1998 3921 nobis
2019 3905 2033 3928 ,
2075 3866 2168 3919 sed
2196 3865 2310 3932 ipse
2336 3862 2580 3919 Pontifex
2612 3864 2783 3921 tidelis
2813 3867 2883 3921 sit
2908 3866 3111 3933 factus,
3135 3879 3191 3922 ut
3219 3884 3397 3937 repro-

1836 3958 2045 4025 pitieret
2068 3966 2284 4026 peccata
2309 3956 2509 4023 populi.

1910 4050 2073 4105 Vens.
2111 4050 2196 4105 18.
2255 4066 2273 4099 ι
2309 4047 2363 4102 In
2410 4064 2476 4104 eo
2504 4050 2647 4105 enim
2679 4050 2732 4105 in
2770 4065 2878 4123 quo
2910 4066 3105 4121 passus
3130 4060 3248 4118 est,
3280 4053 3396 4123 ipse

1837 4150 2090 4195 tentatus.
2135 4159 2153 4192 )

1913 4231 2056 4287 Idem
2091 4241 2173 4287 est
2200 4248 2264 4287 ac
2287 4250 2332 4288 SI
2361 4243 2568 4290 mceret
2600 4254 2613 4290 :
2649 4234 3055 4305 IEgritudinum
3083 4246 3391 4291 nostrarum

134 4321 428 4391 ἡμέτερα
458 4336 473 4349 ’
506 4320 603 4391 οὐχ
630 4322 705 4384 ὡς
742 4322 875 4385 Θεὸς
904 4321 1064 4394 μόνον
1108 4316 1249 4375 οἶδεν
1277 4322 1438 4387 αὐτὰ,
1471 4321 1604 4375 ἀλλὰ
1646 4320 1735 4374 καὶ

1840 4324 2265 4395 haudquaquam
2299 4327 2501 4381 inscius
2531 4336 2651 4392 εει,
2688 4342 2791 4383 nec
2822 4341 2916 4382 eas
2948 4327 3211 4382 duntaxat
3247 4327 3397 4382 novit

132 4416 223 4478 ὡς
275 4412 585 4484 ἄνθρωπος
625 4413 763 4483 ἔγνω
798 4413 885 4468 διὰ
931 4415 1031 4483 τῆς
1086 4415 1303 4486 πείρας,
1340 4407 1407 4485 ἧς
1452 4413 1735 4486 ἐπειράθη.

1840 4430 1945 4486 qua
1985 4416 2127 4473 Deus
2160 4425 2267 4481 est,
2314 4418 2408 4472 sed
2454 4418 2616 4472 etiam
2668 4434 2771 4488 qua
2821 4417 2986 4472 homo
3023 4418 3253 4481 exsistit,
3300 4430 3397 4486 pe-

136 4506 399 4560 Ἐπαθε
433 4505 629 4560 πολλά·
665 4503 772 4558 οῐδε
805 4507 1166 4576 συμπάσχειν,
1192 4502 1385 4558 καίτοι
1430 4523 1491 4574 γε
1526 4503 1735 4575 ἀπαθὴς

1841 4508 2070 4562 ricnlum
2120 4511 2432 4564 earumdem
2503 4510 2668 4573 fecit,
2724 4510 2925 4579 quippe
2981 4524 3103 4563 cum
3160 4515 3396 4563 tentatus

130 4596 221 4650 ὥν
262 4596 366 4659 ὡς
406 4594 558 4659 Θεός.

220 4799 249 4835 σ
304 4779 565 4833 Δύναται.
589 4782 699 4842 τοῖς
720 4778 1129 4850 πειραζομένοις
1158 4776 1437 4848 βοηθῆσαι.
1481 4796 1499 4828 ι

222 4874 343 4936 Ὠς
377 4870 445 4925 ἂν
479 4869 623 4924 είποι
654 4888 736 4934 τις
764 4888 777 4903 ·
805 4871 959 4925 Μετὰ
1005 4852 1201 4941 πολλῆς
1225 4867 1529 4940 προθυμίας
1567 4868 1741 4942 ὀρέξει

122 4968 359 5038 χεῖρα,
396 4960 495 5015 καὶ
523 4961 954 5032 συμπαθήσεται.

795 5055 1044 5109 ΚΕΦΑΛ.
1072 5055 1126 5107 l"

212 5165 238 5199 ε
288 5142 504 5208 Ὀθεν,
535 5142 752 5211 ἀδελφοὶ
792 5104 1242 5215 άγιοιῒκλήσεως
1270 5136 1590 5215 ἐπουρανίου
1621 5143 1747 5213 μέτ-

1839 4601 1955 4669 ipse
1984 4602 2167 4656 fuerit.
2204 4601 2392 4665 Multa,
2420 4603 2614 4671 inquit,
2641 4601 2883 4669 pertulit,
2919 4603 3398 4656 commiserascere

1762 4722 1769 4727 -
1838 4692 1966 4755 ‘scit,
1992 4693 2243 4761 quamvis
2273 4693 2381 4762 pati
2410 4694 2612 4747 nesciat
2635 4699 2905 4761 quatenus
2932 4699 3017 4746 est
3042 4690 3207 4746 Deus.

1914 4801 1933 4832 ι
1973 4780 2176 4837 Potens
2201 4792 2283 4838 est
2319 4791 2375 4836 et
2406 4781 2485 4836 eis
2516 4782 2927 4850 quitentantur,
2954 4781 3231 4835 auxiliari.
3264 4798 3284 4832 ι

1909 4875 2021 4931 Ceu
2065 4874 2214 4929 dicat
2255 4875 2490 4944 aliquis:
2522 4872 2655 4928 Cum
2700 4874 2871 4928 multa
2913 4872 3081 4928 animi
3120 4872 3400 4928 alacritate

1842 4965 2082 5036 porriget
2112 4965 2410 5028 dexteram,
2441 4972 2496 5019 et
2526 4963 3015 5020 commiserahitur.

2489 5055 2639 5111 CAP.
2667 5056 2756 5112 ΙΙΙ.

1916 5150 2078 5204 Vens.
2097 5149 2178 5202 1.(
2205 5145 2379 5213 Unde,
2402 5146 2594 5203 fratres
2619 5149 3133 5219 sancti,,vocationis
3161 5146 3401 5203 cmlestis

116 5255 293 5309 οχοι,
361 5234 738 5304 κατανοήσατε
796 5234 889 5287 τὸν
936 5235 1286 5303 Ἀπόστολον,
1332 5238 1423 5290 καὶ
1466 5235 1735 5308 Ἀρχιερέα

1845 5239 2160 5307 participes,
2224 5237 2565 5293 considerate
2616 5238 2933 5307 Apostolum
2986 5246 3039 5293 et
3084 5235 3398 5291 Pontiﬁcem

111 5332 246 5401 τῆς
289 5325 616 5397 ὁμολογίας
644 5325 799 5395 ήμῶν
831 5326 920 5379 τὸν
954 5326 1160 5396 ’ῐησοῦν
1190 5328 1445 5399 Χριστόν.
1478 5348 1496 5381 ι

204 5418 488 5476 Μέλλων
523 5417 683 5471 αὑτὸν
710 5417 985 5486 προθεῖναι
1025 5418 1117 5474 τοῦ
1160 5420 1456 5486 Μωῢσέως,
1491 5421 1582 5474 καὶ
1618 5419 1748 5487 σύγ-

1849 5327 2218 5384 confessionis
2240 5338 2439 5384 nostra
2466 5326 2647 5385 Jesum
2680 5329 2983 5385 Christum.
3020 5347 3039 5380 ι

1918 5416 2183 5484 Quoniam
2220 5431 2343 5473 eum
2371 5416 2540 5488 Moysi
2565 5418 2968 5486 antepositurus
2990 5415 3402 5491 erat,etutrius-

115 5526 367 5588 κρισιν
412 5507 704 5571 ποιεῖσθαι,
738 5509 817 5570 εἰς
856 5508 947 5561 τὸν
985 5509 1088 5579 τῆς
1136 5510 1433 5581 ἱερωσύνης
1468 5510 1631 5579 νόμον
1660 5510 1735 5562 τὺι

1850 5526 1952 5581 que
1986 5510 2445 5581 comparationem
2479 5509 2675 5576 facere,
2724 5510 2790 5565 de
2830 5510 2947 5580 lege
2993 5507 3280 5564 sacerdotii
3318 5507 3402 5559 di-

114 5607 331 5674 λόγον
383 5599 618 5669 ἢγαγεν.
654 5600 714 5651 '0
760 5600 816 5651 δέ
864 5600 965 5668 τῆς
1012 5599 1306 5672 ἱερωσύνης
1322 5602 1507 5671 λόγος,
1549 5605 1629 5665 εἰς
1655 5602 1735 5674 rip

1850 5618 1972 5658 cere
2018 5602 2274 5659 instituit.
2320 5601 2483 5671 Atqui
2514 5601 2802 5657 sacerdotii
2837 5601 2974 5657 ratio
3016 5599 3081 5655 ad
3114 5598 3396 5669 dispensa-

113 5690 507 5761 οἰκονφμίαν
538 5690 831 5763 ἐκληφθείη
854 5691 937 5744 ἄν.

212 5780 530 5857 ’τουτέστι
560 5782 656 5854 τῆς
689 5783 935 5846 πίστεως.

1854 5695 2052 5746 tionem
2088 5693 2314 5745 omnino
2339 5692 2683 5763 pertinuerit.

1922 5784 1979 5838 Id
2010 5790 2091 5837 est
2116 5781 2259 5837 ﬁdei.
