4022 6414
650 367 752 430 9ὶ3

1835 364 1895 423 S.
1934 362 2249 424 JOAN'NIS
2289 363 2715 425 DAMASCENI

3692 376 3772 440 itii

727 478 885 533 Vens.
906 476 960 533 2.
997 495 1023 529 ‹
1054 476 1159 545 Qui
1191 475 1369 532 ﬁdelis
1395 482 1479 531 est
1512 475 1585 529 illi
1611 474 1703 544 qui
1734 474 1862 529 fecit
1895 475 2063 528 illum.
2102 493 2120 524 ι

2375 492 2393 525 ι
2434 476 2630 529 Πιστὸν
2648 477 2778 530 ὄντα
2805 473 2883 546 τῷ
2905 477 3190 546 ποιήσαντι
3216 476 3397 531 αὐτόν.
3434 494 3450 529 ι

717 570 1009 640 Apostolus
1033 570 1217 635 utique
1247 581 1300 626 et
1328 568 1599 625 Pontifex.
1632 566 1928 623 Nonenim
1962 568 2066 621 hoc
2098 564 2199 620 loci

650 664 716 718 de
761 664 1063 717 substantia
1102 664 1227 733 ejus
1257 664 1522 732 loquitur,
1570 662 1676 715 imo
1717 675 1817 715 nec
1864 660 1929 715 de
1981 660 2201 725 deitate,

650 755 744 810 sed
775 754 935 809 modo
965 755 1031 808 de
1063 754 1415 825 dignitatibus
1446 752 1716 807 humanis.

723 865 743 900 ι
777 846 926 902 Sicut
953 856 1005 901 et
1031 846 1242 917 Moyses
1262 847 1317 900 in
1335 845 1481 899 omni
1506 845 1666 898 domo
1688 844 1821 913 ejus.
1839 840 2029 916 [Vsus
2050 842 2100 905 '5,
2123 840 2203 913 4.]

651 939 938 1008 Amplioris
980 939 1121 992 enim
1174 937 1361 1008 gloriae
1393 938 1497 992 iste
1530 951 1641 1006 pra:
1690 934 1871 1006 Moyse
1902 935 2098 1005 dignus
2126 944 2209 988 est

653 1031 890 1096 habitus,
918 1030 1134 1099 quando
1166 1030 1485 1098 ampliorem
1511 1029 1772 1083 honorem
1805 1026 1968 1082 habet
1993 1026 2205 1091 domus,

652 1123 743 1190 qui
779 1122 1063 1176 fabricavit
1095 1121 1265 1175 illam.
1294 1119 1483 1177 Omnis
1518 1120 1665 1175 enim
1692 1119 1885 1174 domus
1915 1117 2210 1172 fabricatur
2236 1123 2243 1131 ‘

649 1215 720 1267 ab
743 1213 941 1283 aliquo.
980 1230 999 1265 ι

723 1305 778 1360 ld
803 1314 884 1361 est
909 1307 962 1359 in
993 1306 1212 1376 populo.
1242 1304 1380 1372 Quia
1406 1304 1625 1377 Moyses
1652 1304 1822 1360 instar
1843 1300 2213 1375 procuratoris

652 1409 771 1454 erat
797 1407 851 1453 et
878 1400 1167 1455 (economi.

731 1513 749 1545 ι
790 1492 892 1559 Qui
926 1501 1107 1549 autem
1136 1494 1316 1548 omnia
1350 1492 1578 1555 creavit,
1611 1489 1752 1545 Deus
1776 1500 1879 1545 est.
1908 1485 2102 1561 Usus.
2130 1484 2214 1558 5.]

654 1587 717 1639 Et
749 1583 961 1655 Moyses
995 1583 1209 1654 quidem
1246 1581 1419 1637 ﬁdelis
1443 1590 1561 1637 erat
1592 1582 1645 1635 in
1672 1588 1784 1635 tota
1819 1581 2012 1643 domo,
2046 1586 2103 1632 ut
2133 1576 2216 1631 fa-

654 1676 857 1731 mulus.
903 1692 922 1727 ι

723 1766 882 1837 233
916 1764 1017 1820 Hic
1046 1765 1205 1836 plane
1235 1764 1485 1819 Christus
1515 1762 1692 1818 fuerit.

728 1876 748 1910 ι
793 1859 849 1911 ln
871 1857 1239 1912 testimonium
1261 1871 1452 1911 eorum
1480 1870 1599 1925 quae
1633 1852 1864 1909 dicenda
1901 1862 2045 1908 sunt.
2088 1870 2106 1904 ι

722 1952 876 2019 Quod
904 1952 953 2006 si
1001 1950 1139 2006 Deus
1176 1950 1371 2005 coelum
1402 1956 1455 2004 et
1486 1958 1688 2004 terram
1712 1988 1727 2012 ,
1755 1957 1811 2002 et
1841 1947 2011 2003 colles
2052 1954 2219 2002 testes

660 2045 808 2106 citat,
838 2053 1040 2121 quanto
1065 2044 1239 2114 magis
1272 2043 1519 2096 homines
1548 2040 1883 2095 adhibuerit!

734 2134 891 2192 Vsus.
916 2134 970 2190 6.
1003 2155 1021 2188 ι
1059 2135 1314 2190 Christus
1342 2148 1469 2189 vero
1511 2142 1764 2203 tanquam
1798 2132 1940 2187 ﬁlius
1972 2132 2023 2184 in
2056 2132 2218 2185 domo

659 2241 788 2293 sua;
849 2228 1002 2296 cujus
1057 2226 1253 2281 domus
1302 2240 1495 2279 sumus
1548 2238 1690 2287 nos,
1753 2224 1799 2278 si
1858 2221 2110 2276 ﬁduciam
2167 2229 2221 2275 et

659 2322 885 2391 gloriam
918 2321 1032 2390 spei
1064 2335 1234 2391 usque
1269 2321 1333 2375 ad
1366 2318 1525 2375 finem
1560 2318 1773 2374 ﬁrmam
1808 2318 2158 2374 retineamus.
2195 2335 2215 2368 ι

728 2411 967 2470 Observa
993 2416 1266 2485 quomodo
1291 2426 1378 2469 res
1401 2414 1652 2469 conditas
1677 2427 1707 2466 a
1737 2410 2017 2467 conditore
2040 2424 2221 2465 secer-

662 2511 760 2572 nit,
793 2508 1058 2579 quomodo
1092 2522 1308 2561 servum
1356 2521 1386 2560 a
1430 2505 1581 2560 ﬁlio:
1615 2513 1673 2559 ut
1728 2504 1817 2558 hic
1863 2502 2077 2574 quidem
2127 2516 2223 2571 pa-

665 2614 840 2657 ternas
875 2606 1017 2656 aedes
1046 2600 1191 2655 velut
1218 2599 1385 2655 herus
1426 2596 1782 2667 ingrediatur,
1821 2595 1910 2650 ille
1933 2605 2114 2649 autem
2146 2592 2222 2648 uti

660 2708 853 2749 servus
882 2696 1096 2747 domum
1128 2699 1400 2762 procuret.

731 2785 995 2851 Quoniam
1032 2784 1085 2838 in
1115 2799 1213 2853 spe
1239 2783 1415 2837 adhuc
1461 2782 1601 2837 bona
1639 2787 1818 2846 erant,
1867 2777 2071 2833 idcirco
2102 2790 2222 2831 eam

663 2877 873 2931 ﬁrmam
903 2876 1190 2931 tenendam
1221 2890 1342 2931 esse
1374 2874 1533 2938 dicit,
1559 2873 1631 2929 ita
1660 2883 1723 2926 ut
1755 2870 1981 2941 perinde
2024 2869 2222 2941 glorie-

661 2985 804 3035 mur,
835 2984 898 3023 ac
925 2968 969 3023 si
1001 2968 1217 3021 illorum
1248 2974 1529 3036 compotes
1567 2978 1831 3020 essemus.

737 3058 909 3113 V'sns.
954 3057 1106 3113 7-H.
1161 3076 1180 3109 ι
1223 3056 1582 3126 Quapropter,
1621 3054 1763 3110 sicut
1800 3052 1933 3107 dicit
1983 3050 2221 3123 Spiritus

665 3164 885 3208 sanctus
916 3170 930 3207 :
960 3149 1135 3205 Hodie
1168 3152 1212 3205 si
1238 3163 1424 3205 vocem
1447 3147 1568 3217 ejus
1601 3145 1904 3209 audieritis,
1934 3145 2099 3199 nolite
2130 3144 2225 3198 ob-

664 3243 866 3297 durare
908 3242 1072 3294 corda
1096 3244 1307 3303 vestra,
1331 3238 1472 3292 sicut
1499 3237 1550 3291 in
1581 3236 1996 3291 exaeerbatione
2029 3250 2226 3290 secun-

666 3335 793 3390 dum
823 3333 963 3388 diem
1003 3332 1322 3387 tentationis
1357 3330 1411 3385 in
1439 3330 1654 3384 deserto
1678 3369 1693 3395 ,
1742 3326 1834 3381 ubi
1881 3334 2226 3381 tentavcrunt

667 3443 755 3483 me
800 3433 982 3496 patres
1029 3424 1219 3490 vestri,
1265 3422 1636 3493 probaverunt
1680 3429 1736 3475 et
1772 3419 2031 3475 viderunt
2061 3435 2225 3488 opera

598 3576 599 3579 η
667 3533 808 3582 mea,
861 3516 1215 3585 quadraginta
1265 3512 1449 3567 annis.
1501 3510 1730 3581 Propter
1781 3509 1925 3581 quod
1980 3508 2224 3565 infensus

667 3610 743 3664 fui
795 3606 1131 3679 generationi
1186 3605 1348 3671 huic,
1387 3610 1441 3659 et
1482 3602 1637 3657 dixi:
1676 3601 1901 3669 Semper
1940 3600 1993 3655 hi
2044 3606 2228 3653 errant

667 3702 852 3758 corde.
906 3698 1015 3770 lpsi
1072 3705 1253 3753 autem
1299 3710 1408 3751 non
1458 3699 1828 3764 cognoverunt
1875 3690 1992 3746 vias
2052 3706 2224 3756 meas,

666 3794 860 3863 quibus
891 3791 1068 3862 juravi
1094 3790 1148 3844 in
1181 3787 1260 3843 ira
1292 3801 1445 3843 mea:
1484 3786 1543 3841 Si
1575 3783 1877 3841 introibant
1903 3782 1959 3837 in
1987 3783 2226 3853 requiem

668 3900 868 3941 meam.
905 3902 924 3936 ι

743 3978 820 4033 De
847 3992 945 4048 spe
982 3975 1290 4030 futurorum
1320 3971 1518 4027 Paulus
1550 3970 1810 4041 loquitur,
1840 3975 1895 4023 et
1932 3966 2073 4038 quod
2111 3979 2229 4020 om-

670 4073 799 4129 nino
837 4071 1019 4126 futura
1047 4070 1119 4125 sit
1150 4069 1217 4125 iis
1242 4067 1333 4137 qui
1366 4066 1453 4120 hic
1484 4063 1871 4127 laboraverint,
1899 4074 2105 4115 merces
2130 4058 2230 4113 ali-

670 4180 799 4236 qua,
823 4173 875 4219 et
902 4163 1134 4225 fructus,
1174 4168 1229 4213 et
1270 4156 1508 4226 requies.
1546 4154 1716 4223 Atque
1742 4153 1848 4207 hoc
1878 4150 2117 4205 ostendit
2158 4164 2228 4205 ex

672 4255 957 4328 propheta,
987 4251 1203 4305 dicente
1230 4268 1242 4303 :
1271 4248 1443 4302 Hodie
1479 4246 1526 4300 si
1554 4260 1728 4301 vocem
1768 4242 1881 4311 ejus
1919 4240 2223 4295 audieritis.

669 4347 821 4403 Scire
875 4355 1054 4399 autem
1106 4342 1305 4397 attinet
1339 4348 1449 4395 tres
1494 4354 1615 4393 eum
1649 4338 1867 4407 requies
1900 4335 2225 4392 enuntiare:

670 4454 834 4493 unam
888 4435 1133 4498 Sabbati,
1189 4446 1294 4502 qua
1346 4432 1486 4486 Deus
1532 4428 1797 4500 requievit
1848 4429 1916 4483 ab
1972 4428 2227 4497 operibus

2389 565 2715 621 Ἀπόστολον
2744 567 2835 620 καὶ
2872 567 3049 638 Ἀρχιε
3059 568 3175 638 ρέα.
3197 567 3360 622 Οὐδὲν
3388 568 3489 641 γὰρ
3510 572 3617 642 περὶ
3637 576 3776 643 obuia;

2303 661 2487 731 φησὶν,
2509 660 2621 714 ἀλλ’
2651 660 2770 714 οὐδὲ
2794 662 2922 732 περὶ
2942 661 3211 733 θεότητος,
3237 661 3372 716 ἀλλὰ
3390 661 3514 727 τέως
3534 667 3641 737 περὶ
3655 669 3777 736 αξιοι

2308 750 2491 820 μάτων
2519 750 2890 822 ἀνθρωπίνων.

2379 862 2397 895 ι
2447 844 2534 906 Ὠς
2562 845 2655 898 καὶ
2678 844 2918 914 Μωῦσῆς
2939 845 2996 897 ὲν
3024 844 3131 917 ὅλῳ
3148 844 3225 916 τῷ
3244 846 3376 918 οἴκῳ
3401 848 3569 903 αὐτοῦ.
3594 852 3783 919 malave;

2307 940 2418 1009 γὰρ
2463 936 2617 1008 δόξης
2659 930 2813 998 οὗτος
2849 937 3001 1008 παρὰ
3036 938 3275 1009 Μωῦσῆν
3301 939 3537 1010 ἠξίωται,
3566 944 3667 996 καθ’
3692 946 3783 999 ὅσον

2307 1030 2527 1084 πλείονα
2558 1029 2721 1101 τιμὴν
2746 1029 2860 1100 ἔχει
2908 1030 3000 1084 τοῦ
3043 1032 3213 1096 οἴκου,
3246 1035 3275 1087 ὁ
3319 1036 3689 1098 κατασκευάσας
3719 1040 3786 1091 αὑ-

2309 1123 2421 1177 τόν.
2451 1124 2566 1187 Πᾶς
2592 1124 2700 1196 γὰρ
2719 1123 2866 1191 οἶκος
2882 1125 3347 1190 κατασκευάζεται
3382 1126 3482 1178 ὑπὸ
3500 1142 3640 1190 τινος.
3672 1147 3686 1179 ι

2383 1301 2704 1367 Τουτέστιν,
2737 1302 2793 1355 ὲν
2826 1299 2900 1371 τῷ
2943 1299 3078 1371 λαῷ.
3110 1300 3234 1354 Ὀτι
3269 1300 3510 1370 καθάπερ
3537 1317 3611 1365 τις
3634 1302 3793 1373 ἐπίτρο-

2314 1394 2539 1463 πος,κα“ι
2561 1394 2840 1465 οἰκονόμος
2869 1388 2937 1465 ἦν
2962 1394 2990 1446 ὁ
3022 1394 3282 1464 Μωῦσῆς.

2391 1507 2410 1539 ι
2455 1487 2514 1541 '0
2545 1486 2601 1541 δὲ
2628 1486 2698 1540 τὰ
2730 1486 2906 1541 πάντα
2931 1485 3366 1551 κατασκευάσας,
3395 1485 3537 1549 Θεός.
3570 1488 3664 1539 Καὶ
3683 1488 3794 1541 Mari-

2320 1580 2417 1651 σῆς
2444 1580 2542 1651 μὲν
2573 1580 2761 1643 πιστὸς
2786 1581 2844 1633 ἑν
2867 1579 2973 1650 ὅλῳ
2994 1579 3073 1651 τῷ
3101 1580 3234 1651 οἴκῳ
3258 1578 3420 1633 αὐτοῦ
3440 1579 3511 1643 ὡς
3535 1580 3756 1651 θεράπων,
3782 1601 3793 1630 ι

2390 1758 2556 1828 Οὗτος
2588 1762 2654 1817 ἂν
2741 1763 2769 1816 ὁ
2797 1762 3051 1834 Χριστός.

2244 1845 2289 1902 Β
2394 1876 2413 1909 ι
2442 1858 2535 1920 Εἰς
2568 1856 2868 1928 μαρτύριον
2894 1855 3001 1909 τῶν
3030 1854 3505 1926 λαληθησομένων.
3538 1872 3553 1904 ι

2392 1951 2454 2003 Ei
2477 1950 2537 2002 οὐ
2548 1950 2706 2021 ρανὸν
2725 1951 2819 2002 καὶ⁸
2836 1949 2959 2018 γῆν,
2983 1948 3080 2002 καὶ
3111 1947 3327 2019 βουνοὺς
3353 1947 3684 2020 μαρτυρεῖται
3698 1949 3803 2016 Θεὸς,

2320 2040 2501 2111 πολλῷ
2529 2040 2730 2112 μᾶλλον
2761 2040 3106 2113 ἀνθρώπους.

2395 2150 2413 2183 ι
2448 2132 2678 2203 Χριστὸς
2706 2130 2765 2185 δὲ
2792 2132 2886 2184 ἐπὶ
2918 2132 3011 2185 τὸν
3043 2128 3193 2184 οἷκον
3232 2131 3400 2186 αὐτοῦ
3421 2173 3435 2194 .
3465 2126 3525 2187 οὗ
3547 2127 3673 2197 οἶκός
3695 2135 3809 2203 ἐσμεν

2322 2224 2480 2294 ἡμεῖς
2503 2263 2518 2287 ,
2546 2224 2749 2295 ὲάνπερ
2781 2224 2881 2295 τὴν
2904 2224 3217 2294 παρρησίαν
3235 2264 3251 2289 ,
3289 2225 3385 2279 καὶ
3416 2225 3477 2278 τὸ
3506 2226 3729 2295 καύχημα
3748 2225 3807 2276 ἑλ-

2323 2316 2474 2379 πίδος
2505 2315 2665 2388 μέχρι
2693 2316 2881 2379 τέλους
2910 2314 3134 2386 βεϐαίαν
3165 2316 3549 2388 κατάσχωμεν.
3588 2336 3605 2368 ›

2394 2408 2536 2480 Ὅρα
2570 2409 2687 2473 πῶς
2725 2411 3005 2480 ποιήματα
3049 2409 3143 2463 καὶ
3182 2410 3415 2483 ποιητὴν
3457 2410 3695 2479 διίστησι·
3733 2409 3810 2470 πῶς

2323 2499 2506 2555 δοῦλον
2550 2503 2644 2558 καὶ
2691 2502 2830 2567 υἱὸν,
2863 2503 2956 2556 καὶ
2985 2502 3043 2566 ὃς
3076 2504 3175 2573 μὲν
3213 2504 3294 2567 εἰς
3338 2502 3409 2556 τὰ
3438 2502 3654 2573 πατρῷα
3675 2501 3733 2564 ὡς
3755 2502 3811 2553 δε-

2328 2590 2531 2661 σπότης
2562 2592 2864 2665 είσέρχεται
2890 2632 2905 2659 ,
2942 2594 3147 2659 ἐκεῖνος
3174 2594 3231 2648 δὲ
3277 2596 3353 2659 ὡς
3402 2594 3580 2658 δοῦλος
3614 2594 3690 2648 τὸν
3710 2588 3813 2647 οἷκον

2326 2684 2710 2757 ἐπετρόπευεν.

2407 2776 2625 2849 Ἐπειδὴ
2670 2780 2728 2830 ὲν
2762 2778 2977 2833 ἐλπίσιν
3004 2775 3072 2851 ἦν
3100 2780 3168 2833 τὰ
3206 2779 3416 2847 ἀγαθὰ,
3454 2777 3589 2832 οὕτω
3621 2777 3676 2845 δὴ
3696 2775 3813 2844 αὐτὴν

2326 2868 2574 2939 κατέχειν
2612 2870 2775 2941 φησὶν
2798 2912 2813 2938 ,
2839 2870 2915 2935 ὡς
2940 2872 3039 2944 ήδη
3070 2871 3378 2943 καυχᾶσθαι
3403 2911 3417 2935 ,
3444 2872 3517 2935 ὼς
3541 2870 3624 2925 ἐπὶ
3648 2886 3813 2939 γεγενηο

2330 2960 2531 3031 μένοις.

2402 3070 2421 3104 ι
2466 3053 2557 3107 Διὸ
2596 3052 2776 3116 καθὼς
2811 3053 2959 3122 λέγει
2988 3054 3049 3107 τὸ
3082 3052 3306 3125 Πνεῦμα
3332 3054 3399 3109 τὸ
3431 3054 3578 3125 ἅγιον
3601 3071 3613 3083 '
3635 3055 3813 3127 Σήμερον

2328 3142 2422 3197 ἐὰν
2447 3144 2545 3216 τῆς
2578 3146 2762 3216 φωνῆς
2793 3145 2957 3199 αὑτοῦ
2989 3146 3281 3216 ἀκούσητε,
3318 3148 3397 3219 μὴ
3431 3148 3731 3219 σκληρύνητε

2327 3234 2548 3305 καρδίας
2582 3233 2732 3305 ὑμῶν
2753 3273 2769 3300 ,
2812 3234 2886 3299 ὡς
2923 3236 2981 3288 ὲν
3025 3234 3103 3307 τῷ
3136 3238 3584 3309 παραπικρασμῷ
3612 3237 3726 3289 κατά
3751 3234 3817 3302 τήν

2326 3327 2539 3400 ἡμέραν
2566 3328 2658 3381 τοῦ
2696 3326 3000 3399 πειρασμοῦ
3032 3330 3090 3381 ὲν
3132 3331 3197 3400 τῇ
3228 3331 3459 3402 ἐρήμῳ,
3510 3327 3566 3385 οὗ
3594 3330 3820 3399 ἐπείρασὲι

2331 3438 2397 3490 με
2424 3422 2472 3473 οἱ
2521 3421 2752 3492 πατέρες
2797 3421 2950 3491 ὑμῶν
2972 3462 2986 3485 ,
3017 3422 3349 3492 ἐδοκίμασάν
3393 3442 3482 3495 με,
3530 3424 3618 3476 καὶ
3650 3418 3756 3474 εἶδον
3775 3419 3819 3470 τὰ

2328 3514 2464 3585 ἔργα
2514 3530 2616 3584 μου
2673 3514 3081 3586 τεσσαράκοντα
3121 3513 3251 3586 ἔτη,
3302 3515 3388 3569 διδ
3432 3515 3745 3587 προσώχθισα
3776 3514 3820 3581 τῇ

2328 3605 2489 3675 γενεᾷ
2514 3604 2715 3678 ἐκείνῃ,
2738 3605 2831 3659 καὶ
2854 3600 3006 3658 εἷπον
3022 3623 3037 3638 ο
3052 3606 3166 3659 Ἀεὶ
3189 3607 3501 3663 πλανῶνται
3521 3608 3614 3669 τὰς
3635 3606 3819 3676 καρδίας·

2326 3698 2488 3750 Αὐτοὶ
2533 3696 2589 3749 δὲ
2629 3698 2727 3750 οὐκ
2766 3697 3008 3766 ἔγνωσαν
3055 3698 3153 3763 τὰς
3201 3699 3355 3762 ὁδούς
3408 3718 3545 3772 μου,
3585 3699 3653 3762 ὡς
3688 3696 3823 3766 ὤμοσα

2327 3790 2386 3841 ἐν
2418 3793 2482 3859 τῇ
2511 3790 2647 3860 ὀργῇ
2681 3807 2811 3860 μου,
2842 3790 2893 3843 εἰ
2925 3790 3322 3846 εἰσελεύσονται
3362 3795 3447 3857 εἰς
3475 3793 3572 3863 τὴν
3608 3790 3823 3843 κατὰπαν-

2325 3880 2410 3933 σίν
2440 3897 2559 3952 μου.
2601 3899 2627 3933 ι.

2400 3971 2536 4041 Περὶ
2562 3972 2778 4037 ἐλπίδος
2814 3973 2962 4046 αὐτῷ
2997 3975 3144 4028 ἐστιν
3178 3975 3206 4028 ὁ
3238 3974 3399 4045 λόγος
3428 3976 3531 4046 τῆς
3564 3972 3823 4047 μελλούσης,

2325 4063 2408 4117 ὃτι
2441 4063 2656 4128 πάντως
2684 4063 2835 4117 ἔσται
2862 4067 2975 4128 τοῖς
3006 4065 3240 4119 ἐνταῦθα
3268 4067 3537 4122 πονέσασι
3568 4066 3732 4139 μισθός
3753 4079 3824 4123 τις.

2326 4156 2422 4209 καὶ
2453 4156 2686 4228 καρπὸς,
2716 4158 2811 4210 καὶ
2838 4158 3164 4222 ἀνάπαυσις.
3190 4157 3365 4212 Τοῦτο
3393 4156 3490 4214 οὖν
3514 4160 3637 4213 αὐτὸ
3658 4158 3745 4211 ἀπὸ
3762 4153 3824 4206 τοῦ

2327 4250 2606 4321 προφήτου
2641 4250 2916 4318 δείκνυσι,
2946 4251 3120 4321 λέγων
3142 4269 3155 4282 ο
3188 4254 3468 4326 Σήμερον
3500 4255 3603 4309 ἐὰν
3634 4254 3727 4322 τῆς
3748 4267 3829 4319 φω-

2326 4339 2441 4409 νῆς
2488 4342 2671 4397 αὐτοῦ
2710 4342 3031 4411 ἀκούσητε.
3087 4344 3282 4400 Ἰστέον
3340 4346 3403 4399 δὲ
3454 4347 3531 4410 ὡς
3566 4348 3697 4416 τρεῖς
3736 4356 3828 4410 ςηπ

2328 4432 2698 4497 καταπαύσεις
2727 4429 2865 4489 εἶναι
2885 4449 2901 4465 ο
2937 4435 3068 4505 μίαν
3095 4435 3194 4508 τήν
3225 4434 3320 4490 τοῦ
3364 4437 3662 4500 Σαὸὖάτου,
3691 4436 3737 4488 ἐν
3761 4427 3828 4503 ᾖδ

672 4528 822 4591 suis;
856 4525 1079 4579 alteram
1117 4524 1169 4578 in
1220 4513 1532 4586 Palmstina,
1585 4520 1638 4574 in
1682 4534 1844 4589 quam
1894 4517 2068 4577 Judaei
2102 4534 2223 4574 cum

2327 4523 2460 4588 Θεὸς
2496 4522 2837 4579 κατέπαυσεν
2881 4525 2989 4579 ἀπὸ
3028 4526 3139 4581 τῶν
3185 4526 3365 4599 ἔργων
3400 4529 3596 4583 αὐτοῦ·
3632 4526 3829 4596 δευτέραν

672 4619 966 4684 venissent,
1006 4616 1303 4687 requieturi
1333 4624 1487 4671 erant
1522 4630 1551 4668 a
1587 4614 1777 4669 multis
1811 4612 2046 4668 miseriis
2068 4620 2122 4667 et
2151 4612 2230 4668 la-

669 4708 936 4773 boribus;
978 4709 1235 4773 tertiam,
1283 4722 1466 4763 veram
1517 4705 1661 4759 illam
1698 4703 1960 4775 requiem,
2001 4719 2229 4775 regnum

668 4800 876 4855 scilicet
920 4800 1180 4855 caelorum
1206 4840 1221 4863 ,
1253 4800 1395 4868 quod
1440 4798 1534 4869 qui
1587 4796 1991 4866 adipiscuntur,
2042 4811 2230 4852 revera

669 4891 1015 4960 requiescunt
1044 4905 1075 4943 a
1111 4890 1387 4945 laboribus
1415 4898 1467 4945 et
1492 4889 1776 4945 molestiis.
1808 4889 2016 4942 Harum
2048 4890 2229 4959 itaque

668 4983 833 5034 trium
865 4981 952 5035 hic
980 4982 1306 5036 mentionem
1342 4981 1492 5035 facit.
1525 4981 1701 5035 Eccur
1723 4996 1854 5037 vero
1881 4982 2004 5035 dum
2036 4981 2100 5037 de
2122 4998 2227 5036 una

667 5076 930 5144 diSputat,
960 5076 1123 5129 trium
1154 5073 1433 5127 meminit?
1449 5079 1505 5127 ut
1541 5072 1789 5127 ostendat
1814 5074 2128 5143 prophetam
2158 5071 2228 5129 de

608 5154 643 5195 ν¹
668 5169 825 5221 tertia
852 5166 954 5221 hac
979 5182 1102 5221 esse
1132 5165 1393 5220 locutum.
1431 5162 1565 5218 Nam
1597 5164 1662 5219 de
1693 5152 1866 5235 prima
1919 5180 2027 5219 non
2063 5163 2227 5229 dixit,

606 5286 614 5294 -
667 5260 855 5329 inquit.
903 5256 1131 5324 Quinam
1172 5255 1319 5311 enim
1372 5270 1676 5311 sermonem
1723 5256 2006 5314 habuisset
2034 5259 2100 5313 de
2134 5258 2226 5313 illa

602 5415 606 5419 .
669 5366 789 5419 qum
813 5351 922 5419 jam
948 5350 1077 5404 olim
1108 5348 1410 5403 acciderat?
1439 5348 1533 5403 sed
1560 5364 1734 5417 neque
1754 5349 1821 5403 de
1845 5350 2079 5405 secunda
2102 5365 2225 5421 qua

668 5442 862 5511 obtigit
891 5443 941 5495 in
961 5433 1558 5507 Palaestina.;Quomotlo
1578 5442 1757 5495 enim?
1790 5442 2223 5513 quandoquidem

668 5535 764 5597 ait,
797 5550 898 5586 non
932 5531 1222 5586 introibant
1260 5532 1312 5584 in
1359 5534 1585 5601 requiem
1622 5548 1809 5585 meam.
1859 5533 2047 5607 Restat
2094 5548 2222 5604 ergo

669 5626 883 5679 tertiam
934 5624 1074 5679 hanc
1106 5625 1375 5679 residuam
1416 5639 1555 5689 csse,
1582 5641 1700 5693 quae
1730 5634 1814 5678 est
1845 5637 2069 5695 regnum
2103 5640 2219 5679 ece-

672 5719 867 5771 Iorum.
904 5716 1073 5786 Hujus
1121 5726 1299 5771 autem
1350 5718 1480 5770 dicti
1529 5718 1573 5771 is
1607 5732 1828 5787 prorsus
1865 5732 2059 5771 sensus
2085 5728 2205 5772 est:

673 5806 863 5872 David,
898 5806 1104 5877 inquit,
1143 5808 1232 5861 diu
1279 5816 1404 5877 post
1436 5808 1650 5865 illorum
1704 5813 2107 5879 generationem
2139 5812 2221 5867 lo-

2328 4615 2426 4687 τὴν
2456 4616 2553 4687 τῆς
2576 4616 2958 4689 Παλαιστίνης,
2994 4620 3076 4682 είς
3109 4620 3176 4690 ῆν
3202 4623 3249 4673 οἱ
3288 4620 3538 4675 Ἰουδαῖοι
3569 4618 3827 4676 είσελθόντες

2330 4707 2553 4779 ἔμελλον
2602 4710 2977 4765 ἀναπαύεσθαι
3026 4711 3133 4764 ἀπὸ
3201 4714 3297 4784 τῆς
3373 4714 3727 4785 ταλαιπωρίσς
3762 4708 3829 4773 τῆς

2330 4799 2527 4871 πολλῆς
2556 4801 2651 4855 καὶ
2685 4803 2794 4856 τῶν
2823 4804 2999 4858 πόνων
3022 4822 3033 4834 ·
3067 4803 3286 4876 τρίτην,
3321 4805 3426 4878 τὴν
3457 4806 3619 4870 ὅντως
3645 4803 3827 4859 ἀνάπαυ-

2331 4910 2449 4960 σιν,
2489 4893 2589 4965 τὴν
2636 4893 2913 4964 βασιλείαν
2954 4896 3060 4950 τῶν
3106 4896 3389 4971 οὐρανῶν,
3434 4896 3504 4973 ἦς
3548 4901 3593 4953 οἱ
3638 4894 3827 4965 τυχόντες

2327 4985 2660 5041 ἀνεπαύοντο
2690 4986 2857 5051 ὅντως
2885 4988 2993 5042 τῶν
3036 4990 3215 5044 πόνων
3255 4992 3348 5046 καὶ
3379 4994 3495 5047 τῶν
3524 4990 3724 5046 ὀδυνῶν.
3745 4982 3828 5038 Τῶν

2327 5079 2492 5153 τριῶν
2532 5080 2714 5134 τοίνυν
2766 5079 3003 5135 ἐνταῦθα
3044 5081 3335 5154 μέμνηται.
3396 5084 3509 5137 Καὶ
3546 5082 3679 5143 τίνος
3712 5078 3829 5129 ἔνεκα

2328 5174 2454 5245 περὶ
2492 5174 2620 5244 μιᾶς
2659 5171 3035 5242 διαλεγόμενος
3082 5173 3192 5227 τῶν
3235 5173 3405 5245 τριῶν
3448 5173 3828 5245 ἐμνημόνευσενς

2328 5266 2443 5319 Ἵνα
2486 5263 2635 5337 δείξῃ
2675 5263 2765 5318 τὸν
2807 5266 3090 5336 προφήτην
3124 5266 3253 5337 περὶ
3280 5265 3488 5336 ταύτης
3530 5267 3729 5329 λέγοντα
3758 5256 3830 5323 τῆς

2323 5357 2511 5428 τρίτης
2532 5356 2721 5426 φῆσαι.
2748 5356 2882 5427 Περὶ
2909 5358 3016 5428 γὰρ
3042 5357 3138 5428 τῆς
3164 5356 3386 5429 πρώτης
3412 5360 3515 5412 οὐκ
3542 5354 3672 5419 εἶπε,
3697 5348 3825 5423 φησί.

2324 5447 2445 5509 Πῶς
2481 5448 2585 5518 γὰρ
2619 5448 2770 5517 έλεγε
2821 5450 3072 5521 περὶτῆς
3102 5451 3266 5505 πάλαι
3298 5452 3670 5521 γεγενημένης
3697 5463 3710 5513 ;
3746 5438 3829 5496 ἀλλ’

2321 5537 2441 5590 οὐδὲ
2466 5540 2594 5608 περὶ
2612 5542 2710 5611 τῆς
2731 5540 2982 5612 δευτέρας
2997 5541 3097 5611 τῆς
3120 5543 3177 5594 ὲν
3199 5543 3536 5613 Παλαιστίνῃ
3556 5560 3570 5573 ·
3597 5540 3704 5601 Πῶς
3721 5534 3828 5603 γάες

2321 5631 2454 5683 ὅπου
2487 5647 2551 5698 γε
2580 5631 2761 5701 λέγει,
2796 5636 2907 5688 οὐκ
2935 5635 3386 5688 εἰσελεύσονται
3429 5639 3522 5701 εις
3567 5635 3671 5701 τὴν
3692 5626 3828 5683 κατὰ·

2320 5724 2548 5776 παυσίν
2583 5742 2721 5792 μου.
2766 5726 3022 5779 Δείπεται
3062 5727 3117 5779 δὲ
3148 5726 3346 5794 ταύτην
3381 5721 3525 5780 εἶναι
3561 5723 3723 5779 λοιπὸν
3756 5718 3827 5784 τὴν

2320 5812 2528 5885 τρίτην,
2557 5815 2680 5884 ἥτις
2720 5815 2924 5886 ἐστὶνὴ
2963 5816 3208 5885 βασιλεία
3266 5818 3373 5870 τῶν
3410 5815 3668 5885 οὐρανῶν.
3705 5807 3828 5866 Ὀλος
