4022 6464
265 484 372 549 945

1422 494 1507 554 IN
1542 480 1776 555 EPIST-
1801 495 1903 555 AD
1936 491 2322 564 enen/eos.

3374 493 3482 557 946

260 598 320 651 δὲ
350 600 379 652 ὀ
407 597 529 662 νοῦς
546 596 639 653 τοῦ
677 599 841 670 ῥητοῦ
869 594 1026 665 οὗτός
1060 602 1237 656 ἐστιν·
1269 604 1430 659 Δαϐὶδ
1463 603 1604 669 εἷπε,
1638 607 1815 677 φησὶν,

1928 620 2125 675 quens,
2154 604 2293 659 dixit
2319 621 2331 658 :
2367 600 2539 656 Hodie
2568 603 2614 657 si
2638 618 2812 656 vocem
2842 603 2954 673 ejus
2985 602 3282 668 audieritis,
3316 607 3482 659 nolite

263 688 490 761 ὕστερον
524 692 661 761 μετὰ
685 691 783 764 τὴν
812 693 1008 760 γενεὰν
1041 696 1142 765 τὴν
1171 697 1393 752 ἐκείνων
1422 698 1820 769 διαλεγόμενος,

257 781 342 834 ὅτι
375 780 642 851 Σήμερον
670 783 778 838 ἐὰν
801 784 911 855 τῆς
945 785 1146 855 φωνῆς
1175 790 1361 844 αὐτοῦ
1392 791 1714 858 ἀκούσητε,
1735 792 1821 860 μὴ

257 875 642 944 σκληρύνητε
676 876 782 943 τὰς
820 878 1067 948 καρδίας
1110 882 1305 951 ὑμῶν,
1339 883 1427 937 ἵνα
1467 884 1540 955 μὴ
1580 884 1650 938 τὰ
1683 885 1825 939 αὐτὰ

259 966 492 1037 πάθητε,
526 969 669 1039 ἅπερ
707 973 755 1024 οἱ
794 973 1045 1043 πρόγονοι
1071 976 1119 1027 οἱ
1155 975 1437 1047 ἡμέτεροι,
1466 978 1560 1031 καὶ
1588 979 1821 1031 ἀποστε-

260 1056 463 1125 ρηθῆτε
502 1061 603 1129 τῆς
640 1059 1069 1127 καταπαύσεως,
1101 1062 1176 1127 ὡς
1204 1062 1371 1134 οὔσης
1401 1064 1639 1136 δηλονότι
1676 1064 1822 1127 τινὸς

255 1146 675 1213 καταπαύσεως.
714 1149 866 1203 Ἐπεὶ
890 1153 937 1205 εί
969 1152 1330 1224 ἀπειληφότες
1354 1152 1494 1226 ἦσαν
1519 1155 1614 1227 τὴν
1655 1155 1820 1209 κατά-

253 1252 496 1299 παυσιν,
545 1238 689 1304 τίνος
726 1239 887 1294 ἕνεκα
923 1243 1107 1307 αὐτοῖς
1146 1243 1296 1312 ἔλεγε
1332 1243 1412 1306 τὸ,
1439 1243 1708 1314 Σήμερον
1730 1243 1817 1313 μὴ

252 1330 642 1396 σκληρύνητε
688 1331 795 1397 τὰς
836 1332 1084 1401 καρδίας
1130 1336 1318 1405 ὑμῶν,
1347 1335 1429 1403 ὠς
1467 1339 1521 1390 οι
1568 1335 1815 1404 πατέρες

256 1416 459 1487 ὑμῶν,
508 1419 595 1474 ἵνα
645 1422 720 1493 μὴ
763 1422 832 1477 τὰ
869 1424 960 1478 ίσα
989 1425 1250 1491 παθόντες
1277 1426 1684 1499 ἁποστερηθῆτε
1716 1426 1816 1497 τῆς

1925 695 2184 750 obdurare
2205 693 2370 750 corda
2392 702 2587 756 vestra,
2625 709 2693 748 ne
2723 694 2908 749 eadem
2935 694 3212 764 patiamini
3244 710 3366 765 qua:
3388 713 3483 752 no-

1926 788 2025 843 stri
2060 788 2454 860 progenitores,
2504 796 2560 842 et
2604 788 2809 858 requiei
2845 796 3095 843 exsortes
3127 789 3283 854 sitis;
3327 791 3480 859 quasi

1925 880 2112 949 utique
2159 880 2373 950 requies
2402 879 2649 949 quaedam
2680 880 2938 950 supersit.
2971 877 3105 932 Nam
3141 880 3187 934 si
3239 880 3478 950 requiem

1918 970 2032 1042 jam
2054 972 2418 1034 obtinuerant,
2449 987 2554 1042 qua
2576 971 2645 1029 de
2671 988 2835 1028 causa
2868 972 3095 1027 dixisset
3124 972 3233 1028 illis
3260 992 3273 1027 :
3310 971 3481 1026 Hodie

1928 1079 1991 1117 ne
2044 1063 2311 1118 obduretis
2364 1064 2525 1118 corda
2582 1071 2790 1129 vestra,
2851 1064 2988 1117 sicut
3046 1073 3221 1133 patres
3285 1065 3479 1128 vestri;

1925 1169 1996 1209 ne
2037 1155 2271 1210 similem
2317 1171 2533 1226 ptenam
2583 1157 2870 1226 patientes,
2925 1156 3016 1209 illa
3068 1156 3257 1224 requie
3305 1158 3484 1225 prireo

1924 1246 2059 1301 mini
2092 1246 2116 1301 ?
2144 1245 2403 1313 Quaenam
2447 1262 2577 1317 ergo
2607 1247 2710 1301 alia
2752 1246 2962 1317 requies
3010 1243 3195 1312 fuerit,
3246 1246 3351 1301 nisi
3398 1261 3485 1301 re-

1922 1352 2088 1407 gnum
2121 1338 2408 1405 cmlorum,
2456 1338 2610 1409 cujus
2656 1338 2835 1409 imago
2880 1344 2935 1392 et
2987 1335 3154 1407 ﬁgura
3184 1336 3479 1393 Sabbatum

1921 1429 2084 1484 erat?

255 1512 659 1578 καταπαύσεως
682 1530 698 1580 ;
721 1513 816 1579 Τίς
841 1511 933 1570 οὖν
961 1517 1106 1571 ἐστιν
1145 1520 1179 1589 ή
1223 1518 1593 1585 κατάπαυσις,
1635 1517 1808 1588 ἀλλ’ἢ
1847 1518 1881 1591 ἡ
1920 1517 2166 1586 βασιλεία
2193 1520 2313 1576 τῶν
2332 1520 2593 1592 οὐρανῶν,
2631 1516 2699 1593 ἧς
2725 1520 2888 1576 εἰκὼν
2920 1523 3015 1576 καὶ
3039 1521 3206 1585 τύπος
3243 1520 3305 1575 τὸ
3342 1520 3481 1581 Σάὸὸ

254 1601 420 1656 δαῖον
443 1620 458 1668 ;

324 1697 391 1749 Εἰ
420 1699 536 1750 ἐκεῖ
559 1698 847 1770 κέκλησθε,
884 1700 1051 1771 μηδὲν
1076 1701 1310 1757 ἐνταῦθα
1337 1702 1567 1775 ζητεῖτε.

327 1805 349 1839 ι
397 1788 660 1852 Βλέπετε,
691 1791 942 1861 ἀδελφοὶ,
987 1794 1198 1863 μήποτε
1238 1794 1389 1848 ἔσται
1433 1794 1489 1847 ἐν
1516 1811 1620 1848 τινι
1663 1792 1815 1862 ὑμῶν

1994 1695 2053 1751 Si
2086 1695 2211 1750 illnc
2240 1696 2418 1750 vocati
2453 1697 2607 1759 estis,
2646 1697 2780 1751 nihil
2815 1697 2937 1753 istic
2964 1698 3245 1767 quaeratis.
3279 1719 3298 1751 ι

1990 1786 2157 1843 Vens.
2190 1787 2276 1842 12.
2305 1805 2323 1838 ι
2366 1785 2576 1851 Videte,
2606 1785 2825 1849 fratres,
2852 1803 2920 1842 ne
2948 1787 3085 1843 forte
3111 1789 3183 1845 sit
3213 1790 3264 1842 in
3295 1789 3481 1858 aliqua

251 1879 449 1949 καρδία
480 1882 691 1955 πονηρὰ
715 1885 992 1951 ἀπιστίας,
1024 1887 1084 1940 ὲν
1111 1885 1188 1957 τῷ
1216 1888 1517 1960 ἀποστῆναι
1547 1886 1653 1940 ἀπὸ
1679 1884 1813 1940 Θεοῦ

1917 1888 2158 1934 vestrum
2181 1892 2277 1932 cor
2301 1877 2502 1932 malum
2523 1876 2946 1943 incredulitatis,
2976 1878 3287 1935 discedendi
3314 1896 3341 1934 a
3373 1880 3481 1936 Deo

250 1989 474 2036 ςωντος.
512 1992 529 2024 ι

322 2062 503 2116 Ὅθεν
524 2102 540 2127 ,
580 2064 699 2118 ἀντὶ⁵
729 2066 847 2132 τοῦ,
883 2066 972 2123 διὰ
995 2068 1172 2125 τοῦτο.
1229 2068 1361 2124 Ἀπὸ
1389 2070 1497 2141 γὰρ
1526 2069 1625 2139 τῆς
1653 2067 1817 2140 σκλη-

248 2153 482 2226 ρότητος
507 2158 731 2213 ἀπιστία
764 2160 995 2230 γίνεται.

336 2248 557 2319 Ἐπειδὴ
594 2250 703 2322 γὰρ
741 2253 768 2306 ὁ
818 2252 927 2307 τῶν
973 2253 1272 2325 μελλόντων
1296 2254 1481 2323 λόγος,
1527 2246 1628 2308 οὐκ
1670 2253 1816 2306 ἐστιν

243 2338 423 2403 οὕτως
450 2340 696 2407 πιθανὸς,
728 2342 804 2407 ὡς
831 2344 941 2398 τῶν
971 2346 1368 2417 παρελθόντων,
1409 2346 1813 2417 ἀναμιμνήσκει

245 2433 448 2496 αὐτοὺς
480 2433 715 2499 παλαιᾶς
755 2436 1027 2507 ἱστορίας,
1062 2440 1120 2493 ὲν
1230 2440 1464 2501 πίστεως
1496 2438 1811 2510 ἐδεήθησαν.

244 2521 310 2574 Ei
338 2522 449 2594 γὰρ
490 2526 540 2578 οἱ
574 2527 807 2597 πατέρες
836 2529 987 2599 ὑμῶν
1010 2573 1025 2598 ,
1065 2531 1249 2601 ἐπειδὴ
1274 2532 1373 2587 οὐκ
1411 2530 1674 2603 ἤλπισαν,
1705 2530 1815 2585 ὦσ-

244 2628 354 2682 περ
397 2615 561 2685 ἐχρῆν
592 2615 840 2685 ἐλπίσαι,
892 2619 1065 2675 ταῦτα
1112 2620 1348 2687 ἔπαθον,
1392 2620 1574 2693 πολλῷ
1616 2621 1815 2692 μᾶλλον

240 2704 425 2774 ὑμεῖς.

323 2815 342 2847 ι
434 2798 592 2855 Ἀλλὰ
657 2801 1020 2873 παρακαλεῖτε
1087 2803 1314 2867 ἑαυτοὺς
1393 2802 1514 2858 καθ’
1578 2803 1814 2875 ἑκάστην

239 2889 481 2959 ἡμέραν.
522 2909 540 2941 ι

320 2983 645 3052 Τουτέστιν,
715 2986 1043 3059 οἰκοδομεῖτε
1114 2987 1394 3059 ἀλλήλους.
1469 2989 1812 3062 Διορθὼσατε

246 3072 475 3137 ἑαυτοὺς
498 3115 513 3139 ,
544 3076 631 3131 ἵνα
660 3077 735 3149 μὴ
759 3079 825 3133 τὰ
853 3079 993 3135 αὐτὰ
1021 3080 1255 3151 πάθητε.

325 3183 344 3215 ι
387 3165 580 3236 Ἀχρις
609 3160 670 3221 οὗ
702 3168 764 3222 τὸ
794 3170 1035 3242 σήμερον
1063 3170 1327 3227 καλεῖται.
1372 3192 1392 3226 ι

318 3256 392 3310 Τὸ
446 3260 719 3330 σήμερον,
766 3262 927 3331 φησι,
975 3262 1029 3317 τί
1078 3264 1253 3332 iactv;
1289 3266 1433 3329 Ἕως
1465 3259 1526 3321 οὗ
1569 3268 1738 3337 συστῇ
1782 3265 1811 3317 ὁ
1838 3284 1881 3342 C

235 3346 467 3401 κόσμος.

322 3364 345 3399 ς
391 3364 467 3400 οι.

322 3364 502 3492 aliqva.
556 3438 631 3511 μὴ
680 3439 988 3515 σκληρυνθῇ
1038 3442 1097 3510 ἐξ
1146 3443 1298 3514 ὑμῶν
1348 3462 1431 3510 τις
1472 3445 1657 3519 ἀπάτῃ
1708 3445 1809 3518 τῆς

234 3531 541 3602 ἁμαρτίας.
579 3551 597 3583 ι

328 3624 522 3694 Ὁρᾷς,
554 3625 633 3679 ὅτι
666 3628 699 3699 ἡ
731 3629 958 3683 ἀπιστία
981 3630 1079 3700 τὴν
1110 3631 1380 3702 ἁμαρτίαν
1412 3633 1572 3685 ποιεῖ.

379 3718 611 3789 Μέτοχοι
640 3720 748 3791 γὰρ
769 3722 864 3776 τοῦ
898 3723 1135 3796 Χριστοῦ
1166 3725 1491 3797 γεγόναμεν.
1532 3744 1550 3777 ι

324 3893 678 3966 Ἐγενόμεθα,
707 3900 894 3969 φησὶν,
919 3903 1098 3973 ἡμεῖς,
1120 3902 1157 3957 ἃ
1185 3906 1279 3959 καὶ
1301 3904 1483 3970 αὐτός.
1510 3908 1620 3961 Καὶ
1647 3907 1809 3973 αὐτὸς

231 3985 349 4056 μὲν
376 3988 584 4060 κεφαλή
607 4031 622 4055 ,
656 3990 814 4063 σῶμα
847 3993 903 4047 δὲ
933 3997 1114 4066 ἡμεῖς.

316 4096 339 4129 ι
390 4080 622 4152 Ἐάνπερ
649 4083 745 4153 τὴν
773 4085 947 4157 ἀρχὴν
987 4087 1089 4158 τῆς
1130 4088 1480 4154 ὑποστάσεως
1518 4090 1682 4163 μέχρι
1721 4091 1808 4145 τέο

226 4168 367 4232 λους
406 4170 628 4241 βεϐαίαν
657 4176 1039 4249 κατάσχωμεν,
1067 4181 1125 4233 ὲν
1147 4181 1225 4253 τῷ
1256 4182 1504 4252 λέγεσθαι
1528 4202 1541 4215 ·
1561 4186 1806 4257 Σήμερον

225 4265 335 4316 ἐὰν
367 4265 468 4336 τῆς
496 4266 677 4338 φωνῆς
700 4270 864 4323 αὑτοῦ
899 4273 1191 4345 ἀκούσητε,
1236 4277 1311 4348 μὴ
1338 4278 1677 4349 σκληρύνητε
1706 4279 1806 4344 τὰς

224 4350 470 4425 καρδίας
496 4357 648 4427 ὑμῶν
668 4400 683 4423 ,
721 4361 797 4425 ὡς
825 4362 883 4414 ὲν
912 4362 989 4433 τῷ
1028 4369 1500 4440 παραπικρασμῷ.
1535 4389 1554 4422 ι

303 4447 377 4499 Τί
397 4449 577 4515 ἐστιν,
604 4451 803 4521 ἀρχὴν
824 4456 1215 4526 ὑποστάσεως
1236 4463 1380 4533 ;Τὴν
1410 4464 1619 4531 πίστιν,
1650 4464 1715 4517 δι’
1738 4458 1804 4536 ἧς

221 4540 583 4611 ὑπέστημεν,
632 4546 724 4598 καὶ
757 4548 1055 4618 ἐγενόμεθα
1078 4591 1093 4615 ,
1142 4552 1235 4605 καὶ
1280 4548 1584 4626 ἐσώθημεν,
1617 4557 1710 4622 ὡς’
1738 4558 1803 4611 ἂν

220 4634 381 4686 εἴποι
404 4651 510 4697 τις.

306 4745 329 4779 ς
371 4727 527 4793 Τίνες
556 4730 664 4802 γὰρ
693 4732 1022 4800 ἀκούσαντες
1051 4738 1493 4810 παρεπίκραναν;
1532 4761 1552 4795 ι

300 4910 346 4961 Ε
356 4907 494 4960 ίπὼν
516 4911 614 4981 τὴν
639 4914 962 4985 μαρτυρίαν,
1002 4917 1095 4970 καὶ
1125 4918 1393 4990 ἐρώτησιν
1415 4920 1631 4990 ἐπάγει,
1665 4890 1819 4996 ὅπερ-

215 5004 383 5053 ποιεῖ
410 5001 500 5054 τὸν
548 5001 705 5070 λόγον
740 5007 903 5076 σαφῆ.
939 5009 1003 5061 Ὅ
1038 5010 1093 5063 δὲ
1139 5009 1305 5081 λέγει,
1339 5012 1577 5067 τοιοῦτόν
1614 5018 1761 5070 ἐστιν
1787 5036 1800 5049 ο

221 5094 520 5147 Ἤκουσαν
564 5097 825 5163 κάκεῖνοι,
858 5100 1042 5169 φησὶν,
1090 5101 1278 5176 ὥσπερ
1319 5106 1480 5174 ἡμεῖς
1509 5106 1798 5178 ἀκούομεν,

213 5182 351 5236 ἀλλ’
382 5183 532 5237 οὐδὲν
572 5184 766 5254 ὕφελος
811 5190 991 5253 αὐτοῖς
1029 5192 1268 5261 γέγονεν.
1298 5196 1390 5267 Μὴ
1432 5196 1612 5251 τοίνυν
1654 5200 1803 5272 νομί-

219 5292 371 5346 σητε
395 5314 409 5337 ,
449 5276 533 5329 ὅτι
568 5277 678 5331 ἀπὸ
706 5279 801 5333 τοῦ
832 5282 1050 5337 ἀκούειν
1080 5285 1172 5339 τοῦ
1208 5287 1569 5360 κηρύγματος
1590 5290 1804 5363 ὠφελη-

216 5366 491 5437 θήσεσθε,
525 5367 648 5421 ὲπεὶ
676 5371 916 5425 κάκεῖνοι
945 5373 1184 5445 ἥκουσαν
1205 5417 1223 5444 ,
1254 5377 1369 5431 ἀλλ’
1404 5377 1556 5434 οὐδὲν
1591 5381 1804 5452 ὠφελή-

217 5460 443 5531 θησαν,
475 5460 599 5513 ἐπεὶ
628 5462 705 5533 μὴ
736 5464 1077 5524 ἐπίστευσαν.

258 5682 263 5685 ,
307 5655 332 5687 σ
395 5635 533 5688 Ἀλλ’
576 5637 639 5690 οὐ
670 5639 871 5704 πάντες
907 5642 955 5694 οί
988 5642 1291 5708 ἐξελθόντες
1324 5646 1383 5712 ἐξ
1414 5646 1686 5715 Αἰγύπτου
1717 5646 1805 5703 διὰ

220 5727 537 5791 Μωῦσέως.
579 5748 598 5781 ι

304 5819 451 5881 Τοὺς
484 5823 610 5891 περὶ
640 5823 820 5876 Χαλὲό
852 5826 944 5878 καὶ
988 5826 1192 5897 Ἰησοῦν
1227 5844 1379 5898 φησι.

308 5929 334 5965 4
384 5909 503 5964 Τίσι
548 5913 605 5967 δὲ
644 5905 1010 5985 προσώχθισεν
1061 5922 1466 5988 τεσσαράκοντα
1502 5920 1628 5990 Em;
1688 5921 1803 5991 οὐχὶ

1916 1984 2057 2024 νινο.
2098 1987 2121 2021 ι

1990 2058 2161 2126 Unde,
2189 2060 2328 2116 idem
2364 2068 2448 2117 est
2473 2076 2559 2122 ac,
2600 2071 2824 2133 propter
2854 2062 2980 2119 hoc.
3011 2061 3145 2119 Nam
3177 2080 3251 2120 ex
3278 2063 3474 2120 duritia

1916 2149 2099 2205 cordis
2123 2150 2476 2207 incredulitas
2502 2152 2764 2223 gignitur.

1985 2239 2147 2312 234
2182 2238 2319 2295 Nam
2348 2241 2476 2311 quia
2498 2280 2513 2305 ,
2548 2241 2638 2295 ubi
2688 2240 2756 2296 de
2783 2228 2985 2297 futuris
3014 2248 3098 2296 est
3128 2255 3331 2306 sermo,
3370 2256 3479 2294 non

1917 2327 1989 2382 ita
2020 2328 2179 2384 ﬁdem
2206 2329 2390 2393 habet,
2427 2344 2492 2383 ac
2527 2329 2573 2385 si
2597 2329 2665 2384 de
2693 2331 2988 2400 praeteritis
3016 2329 3243 2396 diceret,
3268 2330 3332 2384 ad
3364 2345 3479 2385 me-

1916 2420 2145 2475 moriam
2176 2436 2271 2476 eos
2315 2428 2536 2476 revocat
2573 2422 2818 2477 historia:
2846 2422 3176 2489 veteris,._in
3224 2438 3332 2493 qua
3378 2420 3483 2476 ﬁde

1916 2528 2054 2585 opus
2098 2514 2297 2570 fuerat.
2333 2514 2469 2569 Nam
2510 2515 2557 2570 si
2612 2525 2797 2586 patres
2849 2516 3041 2580 vestri,
3105 2516 3304 2584 inquit,
3366 2514 3481 2567 haec

1914 2608 2061 2676 passi
2095 2616 2245 2672 sunt,
2269 2607 2397 2678 quia
2419 2623 2529 2662 non
2560 2615 2937 2678 speraverunt,
2967 2608 3045 2662 uti
3074 2622 3294 2678 sperare
3321 2621 3481 2676 opor-

1918 2700 2083 2763 tebat,
2128 2701 2304 2755 multo
2333 2701 2505 2771 magis
2541 2716 2661 2757 vos.

1988 2789 2155 2847 Vens.
2195 2793 2281 2847 15.
2329 2811 2349 2843 ι
2404 2790 2513 2848 Sed
2566 2793 2930 2849 adhortamini
2977 2792 3341 2862 vosmetipsos
3387 2806 3482 2859 per

1914 2881 2163 2952 singulos
2193 2882 2331 2937 dies.
2372 2900 2392 2935 ι

1984 2972 2100 3029 Hoc
2125 2982 2229 3039 est,
2267 2974 2500 3029 invicem
2530 2973 2823 3029 aediﬁcate.
2868 2971 2981 3028 Vos
3016 2972 3168 3044 ipsos
3197 2971 3476 3042 cerrigite,

1915 3080 1985 3122 ne
2014 3066 2202 3121 eadem
2241 3066 2551 3137 patiamini.

1988 3176 2007 3210 ι
2040 3156 2223 3213 Donec
2257 3156 2416 3213 hodie
2439 3158 2877 3228 cognominatur.
2922 3175 2940 3209 ι

1985 3249 2180 3313 Hodie,
2206 3249 2400 3320 inquit,
2430 3249 2562 3320 quid
2614 3249 2715 3305 hoc
2763 3249 2888 3306 est?
2942 3248 3195 3315 Quandiu
3245 3249 3479 3305 mundus

1919 3342 2201 3396 consistet.

1991 3451 2010 3483 ι
2047 3430 2118 3487 Ut
2147 3448 2259 3488 non
2284 3432 2585 3490 obduretur
2636 3434 2761 3505 quis
2792 3450 2861 3490 ex
2901 3435 3053 3490 vobis
3090 3432 3302 3489 fallacia
3349 3452 3470 3505 pec-

1916 3524 2042 3579 cati.
2082 3543 2101 3577 ι

1985 3614 2150 3671 Vides
2180 3617 2628 3672 incredulitatem
2656 3633 2777 3673 esse
2803 3633 3025 3672 causam
3054 3621 3285 3688 peccati.

1985 3706 2381 3775 Vens.14,15.
2430 3730 2450 3762 ι
2494 3709 2798 3781 Participes
2848 3710 2993 3765 enim
3045 3710 3251 3766 Christi
3301 3710 3475 3766 eﬁ‘ecti

1915 3815 2126 3856 sumus.
2164 3820 2184 3853 ι
3308 3824 3313 3827 ⁸

1984 3892 2185 3948 Eadem
2226 3908 2291 3948 ac
2320 3894 2436 3964 ipse
2464 3893 2592 3948 facti
2628 3910 2844 3957 sumus,
2888 3893 3085 3964 inquit.
3110 3895 3188 3950 Ac
3211 3895 3327 3966 ipse
3355 3898 3478 3965 qui-

1913 3984 2033 4039 dem
2061 3993 2145 4039 est
2177 3993 2360 4054 caput,
2394 4000 2493 4040 nos
2513 3994 2691 4041 autem
2718 3991 2956 4056 corpusd

1990 4095 2008 4128 ι
2052 4074 2109 4131 Si
2157 4087 2363 4133 tamen.
2395 4077 2612 4132 initium
2667 4077 2992 4133 substantiae
3026 4078 3147 4147 ejus
3194 4095 3371 4151 usque
3408 4082 3474 4137 ad

1913 4167 2074 4224 ﬁnem
2122 4169 2336 4224 ﬁrmum
2394 4172 2747 4225 retineamus.
2786 4168 2921 4224 Dum
2955 4170 3155 4226 dicitur
3185 4191 3198 4227 :
3232 4172 3400 4228 Hodie
3430 4176 3474 4229 si

1910 4276 2098 4317 vocem
2118 4261 2239 4332 ejus
2263 4261 2568 4328 audieritis,
2602 4263 2770 4317 nolite
2800 4261 3072 4319 obdurare
3101 4264 3269 4319 corda
3293 4276 3474 4321 vestra

1912 4354 2055 4409 sicut
2087 4353 2143 4407 in
2176 4355 2613 4410 exacerbatione.
2642 4373 2660 4405 ι

1982 4445 2125 4512 Quid
2157 4447 2260 4500 hoc
2291 4453 2406 4512 est,
2451 4432 2661 4500 initium
2693 4446 3043 4500 substantiae?
3068 4444 3230 4502 Fides
3266 4449 3475 4519 utique,

1908 4554 2009 4610 per
2034 4554 2221 4609 quam,
2252 4547 2313 4593 ut
2340 4540 2462 4610 quis
2490 4538 2717 4604 diceret,
2742 4540 3112 4606 constitimus,
3136 4543 3472 4598 exstitimns-

1836 4646 1881 4702 ι)
1909 4647 2016 4701 que
2044 4642 2097 4685 et
2127 4630 2263 4687 salvi
2295 4630 2423 4684 facti
2454 4645 2671 4685 sumus.

1975 4720 2142 4775 Vens.
2186 4721 2272 4775 i6.
2308 4739 2326 4771 ι
2357 4719 2592 4786 Quinam
2622 4720 2765 4775 enim
2800 4721 3097 4779 audientes
3120 4725 3466 4781 exacerbave-

1901 4813 2070 4869 runt?
2106 4834 2124 4866 ι

1974 4907 2157 4959 Allato
2218 4903 2555 4970 testimonio,
2616 4905 2900 4977 snbjnngit
2966 4907 3470 4980 interrogationem,

1903 5015 2025 5069 qua:
2049 4997 2357 5053 claritatem
2405 4995 2564 5050 aﬁ‘ert
2612 4999 2869 5053 orationi.
2914 4999 3069 5066 Quod
3102 5012 3284 5055 autem
3318 5002 3472 5065 dicit,

1904 5091 2051 5145 hunc
2104 5104 2330 5145 sensum
2388 5088 2599 5145 habet:
2633 5089 2715 5143 Illi
2772 5091 3001 5163 perinde
3038 5092 3353 5156 audierunt,
3396 5093 3449 5146 in

1904 5183 2061 5252 quit,
2104 5182 2249 5237 sicut
2281 5188 2334 5236 et
2379 5196 2481 5237 nos
2520 5180 2865 5251 audivimus;
2900 5191 2953 5237 at
2979 5184 3114 5238 nihil
3161 5183 3287 5238 inde
3320 5198 3470 5237 emo-

1905 5277 2135 5331 lumenti
2171 5283 2559 5346 perceperunt.
2600 5274 2681 5331 Ne
2713 5277 3046 5333 existimetis
3093 5292 3224 5347 ergo
3279 5277 3470 5331 utilem

1905 5367 2058 5421 vobis
2090 5366 2208 5421 fore
2253 5365 2656 5437 praedicationis
2705 5366 2953 5420 auditum
2979 5386 2993 5432 ;
3024 5367 3470 5437 quandoquidem

1904 5459 1983 5513 illi
2007 5475 2225 5530 quoque
2257 5459 2549 5515 audierunt
2580 5498 2596 5525 ,
2633 5459 2728 5515 sed
2760 5460 2894 5513 nihil
2924 5459 3057 5529 ipsis
3100 5461 3202 5515 hoc
3243 5460 3470 5531 profuit,

1904 5550 2029 5623 quia
2062 5567 2171 5606 non
2199 5552 2574 5607 crediderunt.

1978 5663 1997 5696 ι
2030 5643 2138 5699 Sed
2180 5660 2289 5699 non
2324 5646 2563 5701 universi
2599 5646 2693 5718 qui
2720 5645 2950 5716 profecti
2983 5655 3202 5700 suntex
3238 5643 3469 5715 A‘Zgyptc

1904 5753 2000 5808 per
2038 5736 2282 5810 Moysen.
2322 5755 2342 5789 ι

1972 5830 2133 5885 Caleb
2159 5839 2214 5885 et
2238 5828 2402 5886 Josue
2432 5830 2628 5885 innuit.

1976 5921 2141 5980 Vens.
2180 5924 2261 5988 l7,
2308 5923 2385 5979 l8.
2426 5945 2441 5976 ι
2484 5925 2693 5990 Quibus
2730 5933 2911 5981 autem
2947 5926 3187 5981 offensus
3212 5932 3295 5979 est
3330 5938 3470 5991 qua-
