4022 6422
593 434 696 505 947

1769 452 1827 510 S.
1868 446 2217 520 IOANNISl
2234 454 2630 516 DAMASCEN
2639 456 2666 514 Ι

3717 459 3813 526 948

594 552 847 624 draginta
879 553 1082 610 anuis?
1120 568 1301 611 nonne
1333 555 1441 611 illis
1468 557 1561 627 qui
1594 568 1984 627 peccaverunt,
2014 574 2153 629 quo.

2256 563 2364 623 τοῖς
2391 561 2776 633 ἁμαρτήσασιν
2798 602 2813 625 ,
2839 556 2912 616 ὧν
2933 562 3001 616 τά
3026 561 3172 615 κῶλα
3194 563 3390 617 ἔπεσεν
3418 567 3476 618 ἐν
3500 568 3565 636 τῇ
3597 567 3813 637 ἐρήμῳ

593 659 715 698 rum
750 646 1014 702 cadavera
1044 656 1322 718 prostrata
1365 659 1493 703 sunt
1540 649 1594 702 in
1641 648 1901 705 deserto?
1945 649 2158 716 Quibus

593 743 772 790 autem
802 736 1009 805 juravit
1042 754 1149 792 non
1182 737 1410 793 introire
1454 738 1505 791 iu
1537 739 1785 807 requiem
1823 738 2016 809 ipsius,
2051 740 2157 794 nisi

592 826 704 883 illis
737 830 828 897 qui
867 829 1130 885 increduli
1167 830 1422 886 fuerunt?
1477 839 1532 885 et
1571 830 1850 894 videmus,
1886 832 2015 902 quia
2045 846 2155 887 non

592 930 885 993 potuerunt
915 923 1140 978 introire
1169 937 1388 994 propter
1430 923 1887 980 incredulitatem.
1932 944 1951 977 δ

1241 1016 1392 1071 CAP.
1429 1015 1519 1070 1V.

663 1105 825 1161 Vnus.
861 1107 973 1161 1-7.
1021 1107 1392 1167 «ξτίωοοιηιιε
1442 1124 1571 1180 ergo
1620 1124 1688 1164 ne
1735 1108 1918 1176 forte,
1967 1109 2159 1187 relicta

591 1199 1319 1268 pollicitatione]introeundi
1351 1201 1404 1254 in
1436 1202 1680 1269 requiem
1721 1201 1861 1271 ejus,
1881 1200 2159 1256 existime-

590 1302 682 1346 tur
707 1293 903 1363 aliquis
945 1308 1010 1348 ex
1040 1293 1194 1349 vobis
1248 1293 1456 1349 deesse.
1492 1292 1701 1347 Etenim
1731 1302 1785 1349 et
1825 1293 1985 1347 nobis
2016 1306 2157 1345 nun-

589 1384 781 1437 tiatum
812 1392 917 1451 est,
949 1384 1407 1454 quemadmodum
1436 1396 1488 1441 et
1509 1387 1662 1453 illis;
1695 1386 1786 1441 sed
1814 1400 1920 1440 non
1952 1382 2158 1455 profuit

591 1476 699 1532 illis
730 1492 907 1533 sermo
936 1477 1173 1542 auditus,
1193 1492 1301 1532 non
1328 1479 1581 1534 admistis
1610 1477 1731 1534 ﬁdei
1764 1477 1831 1533 iis
1854 1476 1943 1548 qui
1973 1477 2159 1531 audie-

589 1580 736 1625 runt.
770 1588 791 1621 ι

662 1679 681 1712 ι
720 1661 1062 1732 lngredimur
1086 1677 1217 1735 ergo
1242 1662 1296 1717 in
1347 1661 1589 1733 requiem
1610 1660 1751 1732 ,Iqui
1780 1657 2154 1723 credidimus;

587 1757 1043 1823 quemadmodum
1074 1758 1211 1813 dixit
1243 1776 1255 1812 :
1300 1756 1451 1812 Sicut
1476 1756 1655 1827 juravi
1694 1756 1746 1809 in
1781 1756 1862 1808 ira
1896 1766 2013 1807 mea
2051 1770 2063 1805 :
2097 1748 2153 1804 Si

586 1847 896 1904 iutroibunt
923 1850 979 1905 in
1015 1851 1261 1921 requiem
1295 1866 1512 1913 meam;
1553 1858 1607 1903 et
1638 1848 1860 1920 quidem
1889 1844 2149 1917 operibus

2262 653 2383 705 Τίσι
2410 652 2467 706 δὲ
2488 652 2674 722 ὤμοσε
2705 652 2781 725 μὴ
2812 653 3215 708 εἰσελεύσεσθαι
3249 657 3329 719 εἰς
3350 658 3450 727 τὴν
3481 659 3816 711 κατάπαυσιν

2259 743 2443 809 αὑτοῦ,
2485 747 2534 797 εἰ
2566 746 2640 817 μὴ
2665 747 2778 808 τοῖς
2800 746 3160 817 ἀπειθήσασι;
3199 748 3294 801 καὶ
3325 747 3600 820 βλέπομεν
3623 751 3707 803 ὅτι
3729 752 3817 802 οὐκ

2259 837 2600 909 ἠδυνήθησαν
2625 836 2922 905 εἰσελθεῖν,
2956 838 3043 894 διὰ
3072 840 3352 894 ἀπιστίαν.
3396 859 3415 893 ›

2856 1020 3105 1075 ΚΕΦΑΛ.
3144 1022 3216 1072 Δ’.

2333 1131 2354 1163 σ
2392 1113 2719 1185 Φοϐηθῶμεν
2751 1107 2843 1167 οὖν
2875 1114 3087 1185 μήποτε
3128 1110 3609 1179 καταλειπομένης
3649 1109 3816 1176 ἔπαγ-

2259 1206 2442 1274 γελίας
2472 1206 2731 1260 εἰσελθεῖν
2753 1209 2833 1270 εἰς
2862 1205 2960 1277 τὴν
2986 1205 3328 1259 κατάπαυσιν
3358 1202 3546 1267 αὑτοῦ,
3582 1202 3714 1271 δοκῇ
3742 1218 3818 1265 τις

2258 1298 2320 1362 ἐξ
2344 1298 2494 1369 ὑμῶν
2526 1298 2904 1370 ὑστερηκέναι.
2938 1298 3049 1352 Καὶ
3084 1297 3194 1368 γὰρ
3227 1296 3393 1367 ἐσμὲν
3431 1293 3818 1366 εὐηγγελισμέ-

2259 1407 2371 1453 νοι,
2402 1389 2654 1461 καθάπερ
2697 1391 2959 1456 κάκεῖνοι,
2990 1389 3105 1444 ἀλλ’
3154 1389 3252 1442 οὐκ
3286 1388 3570 1457 ὠφέλησεν
3603 1388 3633 1439 ό
3668 1385 3818 1453 λόγος

2255 1483 2355 1550 τῆς
2388 1483 2556 1554 ἀκοῆς
2596 1484 2859 1551 ἐκείνους,
2903 1484 2978 1554 μὴ
3020 1482 3500 1552 συγκεκραμένους
3531 1480 3601 1549 τῇ
3643 1476 3817 1529 πίστει

2257 1573 2369 1635 τοῖς
2396 1573 2693 1625 ἀκούσασιν
2720 1572 2815 1643 (9).
2855 1591 2875 1624 ›

2244 1681 2262 1709 Α
2333 1684 2353 1717 ‹
2392 1664 2764 1735 Εἰσερχόμεθα
2789 1665 2896 1737 γὰρ
2922 1666 3003 1728 εἰς
3028 1662 3126 1735 τὴν
3149 1665 3493 1718 κατάπαυσιν
3519 1661 3570 1712 οἱ
3601 1655 3819 1711 πιστεύο

2259 1774 2467 1822 σαντες,
2502 1756 2683 1820 καθὼς
2704 1757 2927 1831 εἴρηκεν
2946 1774 2963 1791 °
2986 1759 3073 1823 Ὧς
3100 1756 3291 1827 ὤμοσα
3318 1756 3375 1808 ὲν
3412 1756 3479 1824 τῇ
3507 1752 3652 1823 ὀργῇ
3691 1767 3817 1821 μου·

2256 1851 2319 1904 Εἰ
2357 1850 2746 1905 εἰσελεύσονται
2800 1852 2882 1916 εἰς
2922 1852 3019 1922 τὴν
3073 1851 3416 1905 κατάπαυσίν
3461 1862 3599 1917 μουο
3650 1843 3820 1896 καίτοι

588 1939 658 1993 ab
716 1938 1064 2001 institutione
1114 1941 1304 1995 mundi
1354 1939 1636 2010 perfectis.
1696 1938 1840 1992 Dixit
1895 1936 2043 1991 enim
2093 1933 2151 1987 in

2256 1942 2361 1997 τῶν
2401 1943 2577 2015 ἔργων
2613 1946 2721 1999 ἀπὸ
2757 1943 3065 2013 καταϐολῆς
3093 1944 3299 2012 κόσμου
3331 1938 3697 2010 γενηθέντων.
3731 1933 3819 1986 Ei-

588 2030 825 2099 quodam
880 2032 1002 2087 loco
1056 2033 1122 2089 de
1174 2034 1266 2089 die
1319 2035 1553 2103 Septima
1590 2033 1711 2088 sic:
1766 2031 1836 2086 Et
1884 2028 2152 2100 requievit

590 2119 735 2177 Deus
760 2123 847 2179 die
872 2123 1103 2196 septima
1131 2126 1200 2180 ab
1231 2126 1485 2181 omnibus
1525 2125 1787 2195 Operibus
1822 2124 1961 2178 suis.
2002 2120 2065 2174 Et
2095 2120 2151 2174 in

587 2212 699 2269 isto
746 2231 1014 2272 rursum:
1058 2218 1114 2272 Si
1172 2218 1486 2272 introibunt
1535 2218 1593 2272 in
1648 2218 1889 2287 requiem
1951 2227 2150 2267 meam.

592 2303 859 2374 Quoniam
897 2325 1027 2379 ergo
1059 2320 1311 2381 superest
1342 2311 1571 2366 introire
1602 2308 1940 2380 quosdamin
1968 2307 2151 2369 illam;

592 2410 647 2455 et
679 2402 715 2455 ii
746 2402 945 2474 quibus
971 2404 1122 2472 prius
1155 2404 1657 2468 annuntiatumest,
1680 2419 1788 2458 non
1810 2402 1889 2456 int
1904 2401 2153 2455 roieruut

589 2499 815 2560 propter
881 2493 1041 2562 235
1101 2493 1579 2561 incredulitatem;
1643 2494 1838 2548 iterum
1896 2490 2154 2545 terminat

588 2582 731 2637 diem
764 2568 1072 2653 quemdam,
1110 2585 1305 2650 Hodie,
1328 2586 1380 2640 in
1402 2586 1570 2640 David
1598 2586 1856 2650 dicendo,
1878 2592 1999 2655 post
2028 2594 2152 2638 tan-

587 2682 705 2729 tum
742 2678 1022 2747 temporis,
1079 2679 1225 2733 sicut
1274 2680 1483 2732 dictum
1518 2687 1601 2735 est
1630 2697 1644 2733 :
1682 2678 1855 2733 llodie
1886 2678 1931 2731 si
1963 2690 2152 2731 vocem

588 2766 709 2837 ejus
738 2769 1049 2833 audieritis,
1079 2772 1247 2826 nolite
1276 2772 1550 2827 obdurare
1575 2770 1743 2826 corda
1772 2776 1977 2825 vestra.
2010 2788 2028 2819 ι

660 2859 939 2917 Undenam
982 2864 1085 2920 hoc
1145 2865 1497 2921 manilestum
1542 2866 1692 2920 erit?
1737 2862 2024 2930 Quoniam,
2067 2862 2154 2916 in-

589 2954 731 3019 quit,
765 2956 932 3025 aliqui
974 2966 1103 3010 sunt
1150 2957 1475 3026 ingressuri.
1504 2958 1581 3012 Illi
1618 2964 1797 3010 autem
1821 2970 2011 3010 omnes
2046 2970 2153 3009 non

591 3045 947 3100 introierunt.
1003 3046 1268 3117 Oportere
1323 3058 1504 3103 autem
1536 3048 1766 3119 ingredi,
1806 3058 1859 3103 et
1888 3047 2152 3117 quosdam

591 3136 936 3205 ingressuros
991 3154 1137 3204 esse,
1194 3139 1387 3195 audire
1413 3140 1567 3210 juvat
1603 3140 1749 3195 unde
1776 3142 1884 3195 hoc
1916 3148 2151 3196 constet.

592 3229 723 3281 Post
755 3238 834 3282 tot
863 3244 1061 3294 annos,
1105 3232 1305 3301 inquit,
1329 3233 1497 3288 David
1526 3234 1721 3289 iterum
1752 3234 1887 3290 dicit
1914 3251 1926 3286 :
1978 3233 2153 3289 Hodie

591 3320 637 3375 si
671 3335 842 3372 vocem
863 3320 974 3387 ejus
1007 3321 1282 3377 audieritis
1311 3325 1378 3378 '°.

665 3418 828 3476 Vsus.
857 3422 911 3476 8.
949 3442 967 3474 ι
1013 3421 1147 3477 Nam
1194 3425 1239 3480 si
1289 3424 1370 3480 eis
1397 3424 1560 3482 Jesus
1599 3425 1840 3495 requiem
1870 3424 2154 3495 praestitis-

592 3522 697 3574 set,
736 3527 1017 3583 nunquam
1048 3516 1117 3571 de
1145 3517 1250 3571 alia
1288 3518 1608 3589 loqueretur
1642 3518 1870 3588 posthac
1901 3517 2007 3573 die.
2043 3537 2062 3570 ι

661 3603 928 3661 Nimirum
962 3607 1075 3663 haec
1128 3609 1248 3677 ait},
1278 3617 1536 3679 tanquam
1567 3610 1817 3664 nonnulli
1851 3610 2153 3664 mercedem

589 3699 823 3769 aliquam
851 3709 1035 3756 essent
1070 3704 1422 3773 reportaturi.

663 3792 798 3849 Cum
828 3794 976 3849 enim
1012 3794 1171 3851 ﬁdem
1216 3811 1327 3851 non
1377 3795 1721 3861 admiserint,
1776 3809 1952 3866 neque
1982 3794 2155 3848 intro-

589 3884 770 3939 ierunt
797 3885 850 3940 in
883 3887 1146 3958 requiem.
1234 3920 1241 3927 α

664 3976 831 4039 Vens.
863 3979 916 4035 9.
948 3980 1171 4065 «igitur
1204 3982 1539 4053 relinquitur
1561 3981 1934 4038 sabbatismus
1957 3978 2156 4052 populo

586 4066 703 4122 Dei.
741 4088 762 4122 ι

634 4085 703 4125 N-
741 4088 762 4123 ι

662 4158 723 4214 Et
754 4161 896 4221 unde
924 4161 1029 4219 hoc
1062 4162 1317 4217 constat?
1338 4160 1413 4217 Ex
1433 4176 1500 4217 eo
1522 4161 1666 4232 quod
1692 4163 2052 4229 denuntiavit,
2078 4163 2157 4219 Ne

590 4250 940 4307 obduraretis
968 4254 1133 4309 corda
1160 4262 1363 4308 vestra.
1391 4252 1671 4323 Siquidem
1717 4256 1863 4311 enim
1896 4255 2157 4312 sabbatis-

590 4358 714 4403 natis
733 4358 840 4397 non
870 4338 1081 4407 fuisset,
1107 4360 1447 4415 nequaquam
1471 4346 1585 4400 haec
1608 4346 1927 4403 denuntiata
1950 4358 2153 4405 essent.

586 4433 845 4501 Apposite
865 4448 995 4487 vero
1011 4450 1116 4488 non
1141 4433 1292 4499 dicit,
1326 4436 1727 4507 requiem,sed,
1754 4437 2154 4501 sabbatismum,

590 4524 812 4594 proprio
845 4528 1082 4595 nomine,
1115 4528 1182 4584 ad
1213 4545 1373 4599 quem
1411 4544 1577 4585 cursu
1612 4530 1999 4600 properabant.
2020 4529 2155 4585 Sab-

588 4614 880 4675 batismum
902 4627 1082 4677 autem
1122 4634 1350 4691 regnum
1386 4620 1479 4677 Dei
1515 4622 1775 4697 appellat.

660 4706 1039 4767 Sabbatismus
1086 4727 1216 4783 ergo
1270 4714 1574 4784 spiritualis
1607 4724 1663 4770 et
1691 4729 1854 4770 verus
1907 4724 1990 4771 est
2018 4722 2159 4770 tem-

585 4813 691 4869 pus
713 4800 980 4857 adventus
1010 4800 1331 4860 Salvatoris.

662 4888 826 4949 Vens.
858 4893 947 4959 10,
969 4893 1056 4949 il.
1077 4914 1095 4948 ι
1124 4896 1228 4962 Qui
1258 4898 1399 4957 enim
1424 4897 1709 4969 ingressus
1733 4898 1890 4954 estin
1912 4898 2156 4968 requiem

588 4996 763 5049 suam,
797 4985 963 5039 etiam
994 4987 1110 5057 ipse
1157 4989 1419 5058 requievit
1450 4991 1518 5045 ab
1544 4991 1804 5061 operibus
1835 4991 1971 5055 suis,
2007 4990 2157 5046 sicut

586 5090 616 5135 a
640 5075 756 5132 suis
787 5077 949 5135 Deus.
983 5077 1331 5136 Festinemus
1354 5097 1483 5152 ergo
1514 5083 1725 5155 ingredi
1754 5084 1828 5153 lin
1863 5084 2011 5138 illam
2066 5099 2154 5139 re-

586 5170 792 5239 quiem,
826 5182 887 5226 ut
916 5187 983 5227 ne
1008 5173 1062 5227 in
1098 5173 1337 5244 idipsum
1366 5177 1489 5245 quis
1513 5176 1719 5232 incidat
1748 5176 2053 5246 exemplum
2076 5176 2156 5231 in-

586 5261 949 5321 credulitatis.
995 5284 1015 5317 ι

537 5427 541 5431 γ
658 5352 1147 5421 Quemadmodum,
1181 5357 1377 5427 inquit,
1405 5358 1547 5413 Deus
1574 5360 1842 5430 requievit
1871 5361 1941 5415 ab
1973 5362 2154 5431 operi-

586 5444 690 5500 bus
711 5447 849 5512 suis,
876 5448 956 5502 sic
985 5461 1038 5503 et
1078 5450 1169 5504 ille
1196 5452 1288 5520 qui
1312 5451 1368 5504 in
1408 5452 1650 5521 requiem
1696 5468 1850 5508 suam
1888 5453 2153 5509 introivit.

586 5535 723 5591 Nam
758 5540 885 5608 quia
919 5540 987 5595 de
1010 5543 1422 5600 resurrectione
1444 5544 1705 5621 loquitur,
1737 5554 1899 5617 atque
1928 5547 2031 5603 ilOC
2061 5562 2158 5601 au-

630 5721 677 5761 "
704 5721 845 5776 Psal.
877 5737 1019 5787 χειν,
1058 5726 1109 5779 8.

2255 2051 2388 2107 ρηκε
2410 2035 2519 2107 γάρ
2548 2053 2650 2090 που
2678 2036 2806 2109 περὶ
2833 2037 2932 2107 τῆς
2955 2036 3188 2107 ἑϐδόμης
3209 2033 3349 2087 οὕτω
3366 2047 3381 2060 ·
3411 2030 3525 2085 Kal.
3548 2028 3820 2082 κατέπαυ-

2255 2143 2345 2181 σεν
2377 2126 2572 2199 δΘεὸς
2598 2130 2656 2182 ὲν
2679 2130 2745 2200 τῇ
2777 2127 2961 2199 ἡμέρᾳ
2986 2129 3053 2199 τῇ
3084 2125 3291 2195 ἑϐδόμῃ
3328 2121 3437 2176 ἀπὸ
3464 2120 3690 2173 πάντων
3716 2115 3819 2170 τῶν

2253 2217 2426 2289 ἔργων
2458 2219 2623 2273 αὐτοῦ
2642 2236 2657 2250 ·
2686 2219 2779 2273 καὶ
2817 2220 2875 2273 ὲν
2905 2217 3079 2289 τούτῳ
3109 2215 3269 2270 πάλιν
3288 2231 3303 2245 ο
3340 2214 3403 2268 Εἰ
3426 2209 3817 2265 εἰσελεύσονται

2254 2312 2332 2373 εἰς
2353 2313 2452 2383 τὴν
2473 2311 2815 2366 κατάπαυσίν
2840 2328 2963 2383 μου.
2996 2309 3148 2363 Ἐπεὶ
3171 2304 3264 2361 οὖν
3290 2301 3651 2360 ἀπολείπεταί
3674 2315 3816 2361 τικις

2253 2404 2512 2457 εἰσελθεῖν
2542 2407 2619 2470 εἰς
2642 2405 2833 2477 αὐτὴν,
2858 2405 2952 2457 καὶ
2979 2404 3027 2456 οἱ
3053 2402 3315 2472 πρότερον
3343 2393 3816 2465 εὐαγγελισθέντες

2252 2497 2354 2551 οὐκ
2386 2498 2629 2569 εἰσῆλθον
2662 2498 2728 2552 δι’
2758 2497 3077 2561 ἀπείθειαν,
3110 2493 3269 2549 πάλιν
3302 2491 3423 2545 τινὰ
3462 2487 3642 2559 ὁρίζει
3689 2485 3818 2554 ἡμὲ·

2255 2610 2384 2666 ραν,
2421 2594 2695 2665 Σήμερον,
2729 2596 2788 2648 ἐν
2820 2591 2985 2645 Δαὸὶδ
3017 2589 3189 2659 λέγων
3232 2587 3369 2657 μετὰ
3413 2582 3672 2637 τοσοῦτον
3703 2578 3818 2649 χρό-

2253 2692 2377 2755 νονι,
2412 2687 2591 2752 καθὼς
2623 2688 2833 2758 εἴρηται
2853 2702 2868 2718 ο
2890 2686 3135 2757 Σήμερον
3174 2680 3268 2734 ἐὰν
3305 2681 3405 2749 τῆς
3447 2674 3633 2743 φωνῆς
3664 2668 3814 2724 αὐτοῦ

2254 2778 2551 2848 ἀκούσητε,
2586 2778 2660 2849 μὴ
2690 2776 3024 2848 σκληρύνητε
3060 2774 3157 2836 τὰς
3189 2770 3415 2843 καρδίας
3444 2765 3622 2837 ὑμῶν.
3662 2782 3682 2815 ι

2327 2873 2496 2926 Πόθεν
2517 2872 2673 2925 τοῦτο
2698 2870 2853 2940 δῆλον
2875 2887 2890 2935 ;
2909 2868 3098 2938 ἐπειδὴ
3147 2861 3423 2934 ὀφείλουσι
3452 2875 3621 2920 τινες,
3638 2856 3813 2925 φησιν,

2257 2965 2541 3030 εἰσελθεῖν,
2586 2964 2784 3027 πάντες
2836 2962 2892 3015 δὲ
2921 2962 3119 3014 ἐκεῖνοι
3144 2958 3243 3011 ούκ
3277 2952 3550 3024 εἰσῆλθον.
3589 2950 3715 3001 ’Ὁτι
3765 2946 3816 2998 δὲ

2261 3054 2521 3107 εἰσελθεῖν
2555 3052 2680 3124 χρὴ,
2712 3051 2808 3105 καὶ⁸
2860 3050 2941 3103 δεῖ
2984 3066 3133 3111 τινας
3160 3044 3447 3105 εἰσελθεῖν,
3496 3039 3818 3104 ἀκούσωμεν

2255 3146 2418 3200 πόθεν
2466 3146 2621 3198 τοῦτο
2653 3144 2829 3216 δῆλον.
2869 3141 3026 3197 Μετά
3063 3136 3302 3192 τοσαῦτα
3340 3134 3460 3205 ἔτη,
3488 3131 3646 3201 φησὶ,
3680 3129 3819 3193 λέγει

2256 3240 2416 3294 πάλιν
2448 3241 2476 3293 ό
2521 3237 2706 3302 Δαὸἰδ,
2767 3237 3056 3305 Σήμερον,
3103 3230 3211 3285 ἐὰν
3241 3226 3351 3296 τῆς
3399 3221 3613 3295 φωνῆς
3638 3217 3817 3273 αὐτοῦ

2252 3332 2570 3398 ἀκούσητε.

2330 3444 2348 3475 ι
2388 3422 2449 3476 Εἰ
2478 3423 2587 3495 γὰρ
2608 3422 2804 3484 αὐτοὺς
2844 3416 3052 3489 Ἰησοῦς
3082 3413 3451 3475 κατέπαυσεν,
3472 3407 3579 3461 οὐκ
3606 3406 3675 3459 ἂν
3700 3399 3819 3470 περὶ

2253 3514 2419 3586 ἄλλης
2443 3514 2620 3569 ἐλάλει
2657 3513 2796 3585 μετὰ
2821 3511 2993 3566 ταῦτα
3023 3506 3257 3578 ἡμέρας.
3301 3521 3319 3554 ι

2324 3605 2595 3676 Δηλονότι,
2635 3605 2711 3669 ὼς
2774 3602 3077 3673 μελλόντων
3127 3594 3291 3650 τινῶν
3328 3586 3631 3658 τεύξασθαί
3686 3598 3820 3642 τινος

2255 3697 2509 3769 ἀμοιϐῆς,
2534 3696 2708 3750 ταῦτά
2739 3712 2924 3765 φησιν.

2330 3791 2406 3843 Οὐ
2441 3765 2548 3859 γὰρ
2570 3787 2816 3857 εἰσῆλθον
2858 3787 2938 3849 εἰς
2983 3783 3083 3855 τὴν
3111 3780 3458 3836 κατάπαυσιν
3486 3770 3682 3837 αὐτοῦ,
3731 3765 3822 3837 τὴν

2256 3883 2437 3937 πίστιν
2465 3882 2525 3934 οὐ
2563 3879 2995 3952 προσηκάμενοιο
3462 3956 3485 3958 _
3565 3956 3578 3958 _
3642 3952 3671 3958 _
3792 3945 3817 3958 -

2333 3996 2351 4027 ι
2396 3976 2538 4047 "Apr:
2590 3972 2945 4027 ἀπολείπεται
2997 3961 3368 4032 σαὸὗατισμδς
3416 3956 3498 4028 τῷ
3564 3952 3682 4025 λαῷ
3734 3952 3821 4003 τοῦ

2255 4068 2414 4123 Θεοῦ.
2449 4087 2467 4118 ι

2325 4162 2436 4215 Kal.
2452 4159 2614 4213 πόθεν
2631 4156 2790 4227 δῆλον
2810 4173 2825 4224 ;
2854 4154 2947 4208 Ἐκ
2974 4150 3070 4205 τοῦ
3099 4144 3516 4221 παραγγέλλειν,
3540 4138 3639 4210 Μὴ
3661 4136 3821 4205 σκλη-

2259 4254 2455 4327 ρύνητε
2477 4252 2577 4315 τὰς
2605 4249 2827 4323 καρδίας
2859 4245 3034 4319 ὖμῶνο
3068 4243 3142 4297 οὗ
3172 4239 3303 4312 γὰρ.
3334 4240 3382 4327 εξ
3413 4236 3489 4307 μὴ
3518 4229 3819 4327 ἦνσαβδαξ

2255 4319 2471 4419 τισμδς,
2506 4319 2770 4398 ταῦτατού
2815 4334 3279 4410 παρηγγέλλοντο.
3312 4325 3389 4383 Εὖ
3415 4327 3477 4381 δὲ
3528 4326 3629 4419 καὶ
3746 4319 3820 4419 μὴ

2256 4414 2601 4491 κατάπαυσιν
2642 4435 2838 4496 εἰπεῖν,
2868 4428 3002 4484 ἀλλά
3031 4421 3463 4491 σαϐϐατισμὸν,
3510 4418 3576 4471 τὸ
3629 4414 3822 4468 οἰκεῖον

2255 4532 2448 4600 ὄνομα,
2477 4528 2570 4583 καὶ
2596 4521 2641 4596 ᾦ
2667 4526 2983 4597 ἐπέτρεχον.
3015 4514 3394 4587 Σαϐϐατισμὸν
3432 4512 3512 4578 δὲ,
3545 4509 3650 4580 τὴν
3679 4506 3821 4577 βασι-

2186 4628 2232 4685 D
2258 4623 2404 4676 λείαν
2426 4620 2600 4675 καλεῖ.

2332 4708 2710 4779 Σαϐϐατισμὸς
2732 4701 2827 4760 οὖν
2854 4704 2962 4775 ἄρα
2991 4702 3180 4773 νοητὸς
3205 4698 3301 4753 καὶ
3339 4692 3571 4765 ἀληθὴς,
3607 4691 3708 4761 τῆς
3732 4684 3819 4742 τοῦ

2261 4804 2512 4873 Σωτῆρος
2541 4800 2696 4872 ἡμῶν
2724 4796 3020 4868 ἐπιδημίας
3045 4791 3254 4862 καιρός.

2335 4916 2355 4948 ι
2396 4896 2456 4949 '0
2485 4894 2591 4965 γὰρ
2615 4891 2870 4947 εἰσελθὼν
2895 4891 2976 4953 εἰς
3012 4889 3116 4957 τὴν
3150 4882 3498 4938 κατάπαυσιν
3517 4878 3707 4943 αὑτοῦ,
3733 4874 3819 4929 καὶ

2259 4989 2420 5051 αὐτὸς
2442 4987 2787 5042 κατέπαυσεν
2819 4982 2927 5038 ἀπὸ
2947 4982 3054 5035 τῶν
3082 4980 3260 5052 ἔργων
3280 4973 3468 5039 αὐτοῦ,
3500 4973 3692 5043 ὥσπερ
3719 4968 3821 5023 ἀπὸ

2259 5082 2368 5137 τῶν
2409 5080 2555 5135 ἰδίων
2584 5082 2613 5134 ὁ
2662 5077 2817 5141 Θεός.
2850 5073 3244 5142 Σπουδάσωμεν
3294 5064 3386 5123 οὖν
3432 5066 3698 5120 εἰσελθεῖν
3742 5062 3819 5124 εἰς

2260 5174 2477 5244 ἐκείνην
2506 5173 2606 5241 τὴν
2634 5169 2998 5230 κατάπαυσιν,
3017 5165 3103 5218 ἵνα
3133 5162 3208 5235 μὴ
3240 5163 3297 5215 ὲν
3322 5159 3401 5231 τῷ
3422 5158 3574 5228 αὐτῷ
3602 5174 3680 5220 τις
3699 5156 3823 5207 ὑπο-

2261 5267 2511 5336 δείγματι
2543 5262 2683 5334 πέσῃ
2712 5261 2813 5331 τῆς
2836 5258 3137 5320 ἀπειθείας.
3172 5273 3191 5306 ι

2335 5359 2548 5430 Ὥσπερ
2587 5357 2616 5410 ό
2643 5353 2799 5420 Θεὸς,
2830 5351 2985 5421 φησὶ,
3018 5347 3362 5403 κατέπαυσεν
3385 5344 3497 5397 ἀπὸ
3521 5341 3633 5395 τῶν
3655 5340 3824 5430 ἔργων

2255 5451 2445 5517 αὑτοῦ,
2477 5428 2649 5513 οὕτως
2677 5450 2705 5503 ὁ
2736 5442 2993 5499 εἰσελθὼν
3019 5442 3100 5504 εἰς
3121 5440 3221 5510 τὴν
3246 5436 3599 5492 κατάπαυσιν
3640 5428 3819 5487 αὐτώ.

2268 5541 2485 5612 Ἐπειδὴ
2526 5540 2635 5613 γὰρ
2691 5539 2820 5613 περὶ
2863 5533 3214 5596 ἀναστάσεως
3249 5532 3277 5585 ὁ
3306 5529 3483 5599 λόγος,
3525 5527 3622 5581 καὶ
3671 5520 3822 5579 τοῦτο

2114 5808 2341 5865 NOTAE.

663 5910 739 5984 (9)
775 5909 992 5969 Omissa
1030 5928 1057 5964 a
1093 5911 1324 5967 librario
1356 5917 1438 5965 est
1469 5918 1648 5966 textus
1680 5906 2055 5964 antecedentis
2091 5902 2486 5975 interpretatio.
