4022 6476
230 455 340 519 949
1394 468 1475 528 IN
1501 469 1734 531 EPIST.
1770 473 1831 532 Α]

1935 474 2288 536 ΙΕΒΒᾹΞΟΞ,
3351 478 3455 540 950

233 566 547 636 ἐπεθύμουν
584 566 833 632 ἀκοῦσαι,
864 568 989 623 πότε
1024 569 1195 635 ἔσται,
1237 574 1315 637 είς
1338 575 1494 629 τοῦτο
1524 577 1613 630 τὸν
1641 578 1797 649 λόγον
1827 635 1831 643 ε

1941 582 2018 635 ire
2042 581 2455 651 percupiebant,
2485 583 2831 653 quandonam
2857 590 3001 640 esset
3028 584 3228 649 futura,
3256 598 3459 640 sermo-

230 658 549 714 κατέκλεισε
561 700 573 712 .
1202 654 1213 667 '

1935 690 2019 731 em
2054 675 2120 729 ad
2154 676 2298 730 hunc
2326 676 2545 730 modum
2577 677 2793 732 clausit.

308 771 329 803 ι
364 754 478 806 Ζῶν
499 755 608 823 γὰρ
638 754 664 806 ὁ
703 752 857 821 λόγος
891 754 983 807 τοῦ
1019 753 1174 821 Θεοῦ,
1199 760 1291 811 καὶ
1321 761 1568 833 ἐνεργὴς,
1592 764 1683 817 καὶ
1712 783 1796 819 το-

1970 765 2133 821 Vsns.
2160 770 2246 833 19.,
2274 760 2363 822 15.
2396 788 2416 820 ‹
2443 767 2609 824 Vivus
2631 778 2715 826 est
2740 770 2885 825 enim
2919 784 3100 825 sermo
3126 769 3243 833 Dei,
3276 778 3330 825 et
3353 771 3465 825 elli-

232 844 479 915 μώτερος
497 845 637 915 ὑπὲρ
662 848 839 899 πᾶσαν
863 847 1134 919 μάχαιραν
1157 850 1427 923 δίστομον,
1452 858 1543 909 καὶ
1563 857 1797 912 διικνού-

1935 874 2019 921 ax,
2050 867 2105 913 et
2142 861 2531 930 penetrabilior
2561 862 2709 917 omni
2748 863 2930 931 gladio
2960 862 3219 932 ancipiti,
3253 873 3303 917 et
3339 878 3464 932 per-

233 955 401 1008 μενος
429 940 555 1009 ἄχρι
588 939 855 1009 μερισμοῦ
885 938 1062 1010 ψυχῆς
1094 959 1150 994 τε
1193 946 1288 996 καὶ
1340 946 1667 1017 πνεύματος,
1702 951 1801 1020 άρο

1935 954 2117 1024 ingens
2172 969 2348 1024 usque
2392 954 2459 1008 ad
2499 954 2822 1010 divisionem
2877 956 3073 1010 animae
3112 965 3165 1011 et
3217 955 3463 1024 spiritus,

233 1028 355 1099 μῶν
385 1046 444 1081 τε
468 1030 560 1083 καὶ
596 1029 829 1100 μυελῶν,
877 1030 972 1084 καὶ
1030 1034 1269 1102 κριτικὸς
1323 1037 1667 1110 ἐνθυμήσεων
1705 1041 1800 1094 καὶ

1935 1058 2221 1114 ompagum
2266 1059 2483 1115 quoque
2543 1060 2608 1099 ac
2662 1045 3061 1112 medullarum,
3096 1053 3151 1097 et
3197 1045 3469 1099 discretor

231 1118 462 1171 ἐννοιῶν
522 1119 767 1190 καρδίας.
803 1119 914 1173 Καὶ
963 1120 1061 1174 οὐκ
1092 1121 1205 1176 ἔστι
1234 1125 1409 1191 κτίσις
1456 1130 1665 1202 ἀφανὴς
1712 1134 1799 1185 ὲν-

1936 1128 2291 1205 ogitationum
2346 1146 2399 1192 et
2451 1138 2815 1193 intentionum
2870 1138 3071 1195 cordis.
3120 1138 3184 1191 Et
3222 1152 3329 1191 non
3386 1145 3471 1191 est

232 1212 410 1265 ώπιον
438 1212 624 1278 αὐτοῦ,
667 1214 843 1267 πάντα
884 1214 939 1267 δὲ
985 1216 1165 1286 γυμνά
1198 1221 1291 1272 καὶ
1336 1224 1800 1296 τετραχηλισμένα

1936 1238 2153 1283 reatura
2176 1230 2469 1285 invisibilis
2496 1230 2550 1285 in
2568 1238 2870 1299 conspectu
2896 1230 3050 1300 ejus:
3076 1230 3258 1285 omnia
3289 1235 3468 1284 autem

228 1306 347 1366 τοῖς
376 1303 671 1376 ὀφθαλμοῖς
698 1305 880 1361 αὐτοῦ.
916 1327 935 1359 ι

1943 1319 2047 1375 uda
2077 1328 2132 1373 et
2159 1328 2348 1389 aperta
2370 1327 2499 1376 sunt
2522 1320 2700 1376 oculis
2730 1321 2869 1390 ejus.
2906 1340 2923 1373 ι

307 1400 429 1453 ἰνα
467 1401 541 1471 μὴ
586 1402 786 1474 νομίσῃ
812 1420 916 1470 τις,
947 1406 1028 1458 ότι
1062 1407 1247 1472 ἁπλῶς
1278 1409 1373 1478 τῆς
1406 1410 1801 1475 καταπαύσεως

1970 1411 2047 1467 Ne
2078 1414 2346 1484 quispiam
2388 1414 2685 1485 arbitretur
2749 1415 2950 1468 nudam
2986 1413 3103 1469 fore
3129 1414 3331 1485 requiei
3356 1412 3471 1482 pri-

232 1492 746 1565 ἀποστερηθήσεται
776 1494 955 1565 μόνον,
979 1498 1174 1567 ἐπάγει
1205 1500 1298 1554 καὶ
1332 1501 1571 1555 κόλασιν.

1938 1505 2197 1570 ationem,
2229 1505 2377 1559 addit
2405 1511 2459 1559 et
2482 1505 2830 1575 supplicium.

314 1601 334 1634 ι
370 1582 514 1655 Πρὸς
559 1583 617 1636 ὃν
648 1586 780 1655 ἡμῖν
825 1587 853 1638 ὁ
881 1584 1057 1656 λόγος.
1110 1590 1361 1659 Ἔχοντες
1390 1587 1483 1644 οῦν
1522 1590 1804 1663 Ἀρχιερέα

1983 1615 2001 1647 ‹
2040 1597 2116 1650 Ad
2171 1612 2332 1665 quem
2382 1598 2542 1653 nobis
2588 1612 2790 1653 sermo.
2828 1595 3023 1668 [Vens.
3052 1597 3168 1667 14.]
3201 1595 3474 1651 llabentes

238 1676 436 1746 μέγαν,
463 1676 808 1748 διεληλυθότα
843 1680 971 1744 τοὺς
998 1681 1279 1753 οὐρανοὺς,
1318 1683 1524 1753 Ἰησοῦν
1556 1689 1646 1737 τὸν
1678 1685 1804 1739 Υἱὸν

1937 1703 2035 1757 rgo
2067 1686 2384 1744 Pontificem
2438 1704 2721 1762 magnum,
2768 1690 2862 1759 qui
2923 1691 3229 1761 penetravit
3281 1690 3472 1751 cmlos,

232 1767 329 1820 τοῦ
360 1768 519 1823 Θεοῦ.
556 1787 573 1819 ι

1937 1796 2089 1834 esum
2119 1780 2317 1835 Filium
2353 1781 2470 1836 Dei.
2508 1802 2527 1835 ι

308 1860 488 1929 Οὕτω,
528 1863 711 1934 φησὶν,
735 1863 935 1937 ἔχομεν
958 1866 1139 1920 δοῦναι
1176 1867 1275 1931 τὰς
1310 1867 1537 1933 εὐθύνας
1577 1869 1683 1923 τῶν
1710 1888 1805 1924 πε-

235 1969 392 2022 πραγ
399 1953 594 2023 μένων.

317 2065 335 2096 ι
378 2046 684 2119 Κρατῶμεν
718 2048 818 2118 τῆς
852 2050 1161 2118 ὁμολογίας.
1203 2072 1220 2103 ι

312 2138 424 2191 Καὶ
476 2138 631 2192 ποίαν
675 2140 960 2210 ὁμολογίαν
1000 2142 1146 2210 λέγει
1176 2163 1189 2209 ;
1214 2146 1340 2199 ’Ὅτι
1378 2146 1669 2211 ἀνάστασις
1716 2150 1809 2202 καὶ

236 2228 619 2294 ἁνταπόδοσις,
648 2234 743 2285 καὶ
762 2233 845 2285 ὅτι
865 2233 994 2296 Θεὸς
1023 2237 1051 2286 ὁ
1077 2235 1308 2305 Χριστός
1332 2238 1499 2291 ἐστιν.

318 2338 336 2370 ι
376 2320 451 2372 Οὐ
475 2319 583 2391 γὰρ
608 2320 804 2393 ἔχομεν
858 2324 1140 2396 Ἀρχιερέα
1172 2327 1246 2398 μὴ
1269 2327 1564 2399 δυνάμενον
1595 2347 1812 2401 συμπασ-

243 2411 414 2480 θῆσαι
442 2416 561 2476 ταῖς
593 2415 899 2479 ἀσθενείαις
919 2418 1099 2488 ἡμῶν,
1130 2422 1569 2490 πεπειρασμένον
1589 2420 1645 2474 δὲ
1672 2422 1814 2475 κατὰ

241 2506 426 2558 πάντα
458 2507 577 2560 καθ’
605 2508 922 2580 ὁμοιότητα,
953 2511 1120 2582 χωρὶς
1149 2512 1443 2582 ἁμαρτίας.
1482 2533 1502 2563 ι
1595 2495 1605 2503 ’

318 2687 394 2739 Οὐ
424 2688 528 2759 γάρ
560 2690 696 2752 ἐστι,
730 2690 913 2760 φησὶν,
943 2690 1153 2761 ἀγνοῶν
1196 2692 1265 2745 τά
1294 2693 1552 2764 ἡμέτερα,
1582 2693 1657 2757 ὡς
1684 2693 1815 2747 πολ-

241 2776 331 2830 λοὶ
359 2778 466 2831 τῶν
495 2780 818 2851 ἀρχιερέων,
854 2782 903 2835 οἳ
934 2784 1059 2846 τοὺς
1085 2786 1140 2836 ἐν
1161 2788 1279 2849 ταῖς
1305 2786 1547 2855 θλίψεσιν
1568 2786 1667 2838 οὐκ
1697 2787 1815 2839 ἰσα-

249 2887 357 2924 σιν.
397 2871 519 2924 Ἐπὶ
544 2873 653 2945 γὰρ
682 2874 983 2947 ἀνθρώπων
1006 2875 1269 2929 ἀδύνατον
1292 2877 1489 2930 εἰδέναι
1519 2877 1616 2947 τὴν
1638 2878 1818 2930 κάκωο

252 2979 342 3017 σιν
364 2964 457 3017 τοῦ
480 2967 842 3037 κακουμένου,
876 2968 966 3021 τὸν
1004 2967 1078 3038 μὴ
1108 2970 1301 3040 πεῖραν
1328 2968 1580 3032 λαϐόντα,
1613 2969 1704 3022 καὶ
1731 2968 1819 3022 διὰ

248 3055 365 3112 τῶν
392 3058 667 3129 αἰσθητῶν
702 3059 945 3115 ἐλθόντα.
998 3061 1184 3115 Πάντα
1221 3060 1277 3113 δὲ
1303 3060 1533 3128 ὑπέστη,
1575 3062 1759 3132 φησὶν,
1789 3064 1820 3114 ὁ

250 3148 571 3222 ’Δρχιερεὺς
606 3155 635 3207 ὁ
682 3154 971 3226 ἡμέτερος.
1017 3154 1115 3207 Διὰ
1152 3154 1261 3225 γὰρ
1290 3153 1447 3207 τοῦτο
1468 3153 1686 3224 πρῶτον
1714 3154 1818 3207 ὑπ-

246 3242 407 3313 έστη,
444 3243 539 3296 καὶ
565 3244 687 3298 τότε
719 3244 910 3316 ἀνέϐη,
943 3245 1030 3299 ἵνα
1060 3244 1283 3315 δύνηται
1324 3244 1651 3317 συμπαθεῖν.

330 3437 350 3471 1
385 3420 809 3491 Προσερχόμεθα
848 3414 941 3475 οῦν
972 3421 1113 3493 μετὰ
1164 3424 1480 3496 παρρησίας
1514 3423 1592 3494 τῷ
1646 3423 1821 3493 θρόνῳ

247 3512 358 3582 τῆς
384 3514 623 3585 χάριτος,
658 3514 746 3568 ῖνα
772 3515 1025 3587 λάϐωμεν
1056 3516 1225 3573 ἔλεον.
1267 3538 1285 3568 ι

324 3604 522 3675 Θρόνος
547 3606 768 3677 χάριτός
790 3608 956 3673 ἐστιν,
973 3606 1034 3661 οὑ
1057 3609 1243 3680 θρόνος
1266 3610 1519 3680 κρίσεως.
1546 3610 1703 3664 Ὅλον
1720 3612 1828 3681 γὰρ

247 3697 316 3751 τὸ
354 3700 583 3769 πρᾶγμα
615 3700 895 3770 φιλοτιμία
920 3701 1060 3766 ἐστὶ,
1094 3702 1187 3755 καὶ
1221 3701 1398 3773 δωρεὰ
1423 3702 1697 3776 βασιλικὴ,
1729 3707 1828 3769 τὰς

248 3790 533 3860 ἁμαρτίας
553 3793 797 3861 ἀφιεῖσα.

338 3902 358 3935 ι
396 3884 505 3936 Καὶ
530 3884 688 3955 χάριν
717 3883 969 3957 εὕρωμεν
997 3887 1077 3949 εἰς
1105 3885 1360 3958 εὔκαιρον
1389 3886 1664 3959 βοήθειαν.
1700 3908 1717 3939 ι

329 3974 447 4030 Νῦν
483 3976 577 4029 ἐὰν
609 3978 936 4052 προσέλθῃς,
966 3980 1154 4049 φησιν,
1181 3979 1327 4051 λήψῃ
1371 3981 1467 4035 καὶ
1503 3981 1684 4053 χάριν,
1740 3982 1831 4035 καὶ

256 4069 435 4123 ἔλεον.
464 4068 750 4140 Εὐκαίρως
779 4069 886 4140 γὰρ
914 4070 1197 4144 προσέρχῃ
1218 4084 1234 4100 ⁸
1265 4071 1332 4126 ἂν
1360 4072 1417 4126 δὲ
1447 4073 1571 4125 τότε
1603 4073 1832 4145 προσέλ-

257 4162 384 4237 θῃς,
435 4163 640 4218 οὐκέτι.
673 4166 938 4236 Ἀκαιρος
968 4165 1077 4237 γὰρ
1113 4166 1236 4219 τότε
1284 4167 1319 4237 ἡ
1358 4167 1670 4236 προσδοκία.
1718 4168 1835 4222 Οὐκ

255 4254 381 4308 εστι
412 4254 522 4327 γὰρ
545 4255 666 4309 τότε
694 4255 882 4326 θρόνος
906 4258 1148 4330 χάριτος,
1190 4258 1325 4313 ἀλλὰ
1354 4259 1541 4330 θρόνος
1575 4260 1828 4333 κρίσεως·

268 4347 525 4403 Ἀνάστα
550 4350 681 4421 γάρ,
706 4353 739 4405 ό
764 4351 928 4418 Θεὸς,
949 4354 1104 4423 φησὶ,
1132 4353 1337 4423 κρῖνον
1362 4355 1477 4424 τὴν
1498 4355 1634 4426 γῆν.
1654 4357 1726 4410 Τὸ
1753 4357 1830 4421 δὲ,

256 4440 415 4510 μετὰ
438 4442 797 4511 παρρησίας,
831 4445 950 4499 ἀντὶ
982 4445 1097 4511 τοῦ,
1126 4447 1199 4518 μὴ
1233 4447 1447 4518 ἔχοντες
1475 4450 1711 4513 συνειδὸς
1734 4468 1833 4504 πο-

260 4534 455 4604 νηρὸν,
487 4536 621 4617 μηδὲ
647 4537 1010 4602 διστάζοντες.
1043 4541 1115 4593 Οὐ
1145 4540 1367 4595 δύναται
1392 4543 1500 4614 γὰρ
1538 4543 1675 4612 μετὰ
1693 4548 1832 4617 παρ-

1977 1875 2088 1938 Sic,
2110 1874 2594 1945 inquit,rationem
2621 1892 2811 1933 sumus
2834 1875 3103 1932 reddituri
3134 1888 3323 1930 eorum
3356 1887 3477 1943 qua

1838 1971 1878 2024 Β
1905 1967 2255 2037 gesserimus.

1987 2076 2004 2108 σ
2039 2055 2348 2111 Teneamus
2382 2057 2809 2114 confessionem.
2840 2078 2858 2110 ι

1980 2151 2281 2216 Quamnam
2312 2167 2440 2205 vero
2464 2151 2843 2217 confessionem
2874 2147 3207 2215 dicit?Quod
3239 2162 3473 2202 resurre-

1910 2242 2021 2295 ctio
2047 2243 2140 2309 sit,
2172 2255 2236 2295 ac
2264 2243 2575 2308 retributio,
2609 2252 2663 2297 et
2688 2243 2834 2313 quod
2872 2242 3127 2296 Christus
3153 2240 3221 2295 sit
3243 2238 3403 2293 Deus.

1985 2331 2149 2388 Vens.
2183 2334 2271 2387 15.
2310 2351 2329 2385 ι
2362 2333 2481 2389 Non
2511 2336 2657 2389 enim
2691 2334 2955 2389 habemus
3008 2327 3336 2386 Pontificem
3387 2326 3481 2394 qui

1913 2426 2127 2481 nesciat
2185 2427 2423 2495 compati
2474 2426 2887 2481 inﬁrmitatibus
2932 2426 3175 2489 nostris;
3211 2429 3482 2475 tentatum

1913 2527 2094 2573 autem
2154 2533 2253 2587 per
2314 2518 2499 2573 omnia
2534 2534 2631 2589 pro
2686 2517 3075 2580 similitudine,
3118 2514 3327 2583 absque
3359 2528 3488 2583 pec-

1915 2616 2056 2663 cato.
2098 2626 2117 2660 ι

1984 2703 2103 2756 Non
2157 2704 2301 2759 enim
2358 2711 2674 2757 nostrarum
2728 2700 2949 2755 nescius
2991 2707 3095 2765 est,
3133 2700 3282 2753 velut
3331 2693 3507 2748 multi-

1917 2792 2231 2862 pontitices,
2270 2792 2474 2861 quibus
2507 2792 2679 2846 latent
2734 2791 2813 2844 illi
2863 2790 2959 2859 qui
2993 2791 3046 2843 in
3097 2786 3488 2841 afﬂictionibus

1920 2882 2083 2955 236
2110 2893 2418 2939 versantur.
2444 2881 2579 2937 Nam
2632 2884 2772 2952 apud
2824 2882 3072 2936 homines
3109 2880 3224 2934 ﬁeri
3257 2894 3364 2932 non
3392 2892 3489 2945 pc-

1918 2983 2028 3031 test
2063 2986 2122 3030 ut
2150 2977 2269 3047 ejus
2288 2978 2381 3048 qui
2410 2986 2641 3033 vexatur
2682 2976 3028 3030 aﬂlictionem
3072 2980 3362 3043 pernoscat
3399 2969 3489 3023 ille

1919 3070 2013 3140 qui
2038 3070 2159 3140 ejus
2185 3070 2618 3141 experimentum
2659 3084 2770 3123 non
2803 3067 3015 3132 habuit,
3059 3082 3235 3136 neque
3271 3065 3327 3117 in
3362 3076 3488 3115 sen—

1919 3162 2109 3218 sibiles
2153 3162 2491 3217 calamitates
2538 3161 2754 3216 incidit.
2791 3158 2988 3215 Noster
3028 3173 3157 3213 vero
3216 3151 3490 3218 Pontifex,

1922 3254 2328 3329 inquit,'omnia
2358 3254 2606 3324 pertulit.
2638 3252 2764 3308 Ideo
2786 3252 2932 3307 enim
2969 3252 3120 3321 prius
3152 3246 3394 3318 pertulit,
3428 3258 3492 3297 ac

1926 3355 2055 3401 tunc
2082 3346 2348 3410 ascendit,
2385 3353 2442 3399 ut
2471 3354 2657 3415 posset
2682 3344 3192 3398 commiserascere.

1996 3437 2163 3493 Vens.
2199 3438 2285 3491 16.
2326 3457 2344 3489 ι
2382 3436 2656 3491 Adeamus
2685 3451 2816 3505 ergo
2850 3451 2974 3490 cum
3017 3434 3214 3488 ﬁducia
3245 3435 3313 3489 ad
3341 3435 3494 3491 thro-

1926 3547 2057 3586 num
2095 3532 2303 3600 gratiaa,
2340 3540 2400 3583 ut
2429 3527 2865 3583 misericordiam
2891 3540 3315 3594 consequamur.
3361 3546 3379 3578 ι

1998 3620 2197 3676 Gratia:
2231 3621 2467 3673 thronus
2498 3627 2604 3680 est,
2659 3632 2766 3669 non
2800 3614 3019 3684 judicii.
3063 3614 3259 3669 Totum
3295 3614 3495 3683 quippe

1927 3708 2299 3765 muniticentia
2350 3715 2455 3772 est,
2500 3720 2811 3775 munusque
2848 3705 3080 3774 regium,
3132 3718 3241 3773 quo
3272 3715 3494 3772 peccata

1929 3797 2333 3853 condonantur.

2007 3907 2025 3941 ι
2059 3887 2126 3941 Ει
2156 3887 2387 3958 gratiam
2417 3886 2720 3941 habeamus
2744 3886 2798 3939 in
2834 3886 3399 3955 auxilio‘Opportnno.
3442 3904 3463 3937 ι

2003 3981 2061 4037 Si
2088 3995 2233 4035 nunc
2282 3977 2607 4044 accesseris,
2654 3979 2853 4049 inquit,
2881 3978 3109 4048 gratiam
3138 3976 3417 4032 obtinebis
3446 3988 3500 4032 et

1930 4072 2387 4130 misericordiam.
2434 4070 2756 4142 Opportuno
2802 4070 3004 4141 quippe
3055 4076 3303 4138 tempore
3346 4083 3499 4123 acce-

1932 4169 2018 4223 dis
2053 4184 2065 4221 :
2099 4167 2185 4221 sin
2205 4179 2337 4220 vero
2368 4171 2523 4227 tunc,
2573 4178 2685 4218 non
2733 4163 2941 4217 itidem.
2999 4160 3164 4215 Extra
3195 4176 3310 4215 rem
3354 4160 3499 4214 enim

1932 4259 2038 4314 erit
2058 4254 2420 4327 exspectatio.
2456 4252 2611 4308 Tunc
2630 4253 2832 4324 quippe
2858 4269 2965 4307 non
2991 4252 3097 4307 erit
3122 4251 3360 4307 thronus
3376 4266 3504 4322 gra-

1936 4352 2044 4414 tiae,
2076 4350 2171 4405 sed
2202 4348 2395 4418 judicii
2434 4347 2696 4402 tribunal.
2751 4347 2843 4401 Ait
2865 4347 3008 4401 enim
3045 4365 3058 4399 :
3095 4343 3281 4414 Surge,
3343 4343 3500 4409 Deus,

1929 4442 2117 4511 judica
2176 4450 2371 4494 terram
2408 4440 2475 4492 θ’.
2539 4438 2685 4493 lllud
2712 4450 2919 4503 autem,
2946 4454 3065 4492 cum
3096 4438 3320 4507 ﬁducia,
3362 4438 3503 4492 idem

1936 4543 2020 4591 est
2044 4551 2128 4599 ac,
2161 4534 2280 4589 sine
2307 4532 2645 4589 conscientia
2670 4532 2822 4594 mali,
2850 4531 2935 4586 vel
2962 4532 3323 4586 haesitatione.
3359 4530 3507 4585 Talis

263 4626 466 4699 ρησίας
495 4630 524 4681 ό
548 4629 790 4695 τοιοῦτος
819 4632 1160 4703 προσελθεῖν.
1194 4634 1316 4687 Ἵνα
1348 4634 1421 4706 μὴ
1448 4636 1688 4699 ἀκούσας
1706 4637 1765 4689 'A
1777 4654 1831 4708 ρ-

1937 4627 2079 4681 enim
2140 4640 2485 4695 nequaquam
2537 4623 2714 4694 possit
2766 4638 2889 4677 cum
2936 4622 3138 4677 ﬁducia
3168 4634 3222 4679 et
3261 4624 3510 4678 libertate

262 4719 481 4791 χιερέα,
521 4722 751 4793 νομίσῃς
771 4724 994 4778 ἑστάναι
1031 4726 1215 4789 αὐτὸν,
1242 4726 1443 4791 εὐθέως
1475 4728 1568 4781 ἐπὶ
1594 4729 1684 4781 τὸν
1717 4728 1840 4799 Θρό-

178 4876 181 4879 ,
263 4825 359 4862 νον
409 4808 600 4878 ἀνάγει
638 4812 728 4866 τὸν
777 4812 1073 4883 βασιλικόν.
1143 4816 1307 4887 Ὀρᾷς
1358 4818 1440 4870 ὅτι
1473 4818 1533 4871 τὸ
1586 4819 1841 4887 γενέσθαι

283 4901 583 4972 Αρχιερέα,
637 4905 697 4957 οὐ
752 4906 965 4977 φύσεώς
1017 4909 1187 4975 ἐστιν,
1217 4909 1353 4962 ἀλλὰ
1383 4911 1841 4978 συγκαταὸάσεως

265 4993 368 5047 καὶ
392 4994 693 5062 κενώσεως.

906 5182 1156 5237 ΚΕΦΑΛ.
1178 5184 1252 5238 E'.

349 5290 374 5323 α
408 5272 523 5334 Πᾶς
548 5271 659 5343 γὰρ
691 5273 981 5345 ἀρχιερεὺς
1028 5276 1085 5342 ἐξ
1115 5276 1417 5347 ἀνθρώπων
1468 5275 1842 5347 ἀναλαμϐανόο

268 5380 459 5434 μενος,
486 5364 626 5436 ὑπὲρ
651 5365 952 5436 ἀνθρώπιον
975 5368 1298 5422 καθίσταται
1331 5368 1401 5422 τὰ
1423 5369 1558 5440 πρὸς
1581 5370 1670 5422 τὸν
1689 5370 1839 5435 Θεὸν,

266 5459 365 5510 ἵνα
394 5458 677 5531 προσφέρῃ
711 5458 861 5529 δῶρά
892 5478 949 5514 τε
979 5464 1072 5515 καὶ
1127 5462 1318 5525 θυσίας
1364 5462 1504 5533 ὑπὲρ
1538 5462 1838 5533 ἁμαρτιῶν,

270 5550 667 5620 μετριοπαθεῖν
697 5551 989 5623 δυνάμενος
1012 5557 1125 5618 τοῖς
1150 5556 1402 5624 ἀγνοοῦσι
1428 5556 1521 5609 καὶ
1553 5555 1841 5625 πλανωμέ-

268 5655 393 5700 νοις
413 5655 425 5669 ·
466 5639 587 5692 ἐπεὶ
618 5640 714 5693 καὶ
740 5642 899 5707 αὐτὸς
930 5646 1233 5716 περίκειται
1279 5646 1584 5712 ἀσθένειαν,
1630 5647 1722 5699 καὶ
1758 5644 1846 5700 διὰ

269 5730 488 5803 ταύτην
516 5733 739 5803 ὀφείλει,
772 5736 950 5800 καθὼς
980 5756 1043 5790 πε
1056 5738 1106 5809 ρ).
1137 5739 1229 5794 τοῦ
1259 5739 1412 5806 λαοῦ,
1442 5740 1581 5794 οὕτω
1605 5741 1699 5795 καὶ
1725 5739 1849 5811 περὶ

354 5907 402 5937 ’⁸
440 5905 795 5977 Psal.t.xxxr,
825 5912 877 5965 8.

1943 4718 2220 4773 accedere.
2261 4716 2339 4772 Ne
2368 4731 2500 4771 vero
2548 4714 2871 4770 Pontificem
2923 4717 3203 4770 nominari
3259 4714 3508 4777 audiens.

1942 4812 2221 4866 existimes
2250 4810 2428 4881 ipsum
2456 4816 2623 4873 stare,
2655 4807 2802 4861 hunc
2856 4809 3040 4863 statim
3098 4808 3154 4862 in
3208 4809 3355 4879 regia
3379 4809 3510 4862 sede

1943 4904 2215 4959 excelsum
2248 4902 2419 4971 ponit.
2467 4899 2547 4954 Ex
2592 4914 2703 4971 quo
2731 4886 3080 4969 perspicuum
3112 4907 3197 4955 est
3219 4900 3375 4954 illum
3403 4914 3509 4953 non

1942 4998 2152 5051 ratione
2194 5004 2405 5050 naturae
2468 4988 2772 5048 obtinnisse
2816 5001 2875 5046 ut
2924 4991 3171 5048 Pontifex
3214 4990 3385 5056 ﬁeret,
3419 4991 3511 5047 sed

1945 5086 2279 5142 demissione
2308 5095 2359 5141 et
2383 5083 2751 5141 exinanitione
2786 5098 2906 5138 sua.

2590 5176 2741 5232 CAP.
2768 5174 2832 5230 V.

2021 5270 2184 5324 Vens.
2216 5270 2327 5323 1-4.
2377 5287 2395 5318 ι
2426 5268 2613 5322 Omnis
2637 5268 2781 5321 enim
2817 5264 3059 5336 pontifex
3105 5262 3512 5330 exliominibus

1950 5371 2298 5431 assumptus,
2348 5376 2447 5431 pro
2484 5360 2800 5414 hominibus
2830 5356 3184 5412 constituitur
3215 5356 3272 5408 in
3298 5354 3366 5409 iis
3395 5367 3518 5423 qua:

1952 5465 2080 5513 sunt
2112 5456 2177 5510 ad
2204 5457 2392 5517 Deum,
2419 5462 2477 5508 ut
2501 5453 2694 5507 olierat
2718 5452 2860 5506 dona
2881 5458 2936 5504 et
2964 5446 3233 5505 sacriﬁcia
3266 5462 3365 5517 pro
3386 5461 3515 5516 pec-

1952 5550 2126 5611 catis;
2159 5548 2253 5616 qui
2306 5546 2596 5600 eondolere
2644 5544 2819 5614 possit
2846 5541 2914 5597 iis
2940 5541 3033 5609 qui
3064 5541 3317 5609 ignorant
3341 5547 3394 5593 et
3428 5555 3517 5592 er-

1956 5648 2080 5696 rant
2101 5658 2116 5694 :
2135 5649 2188 5695 et
2212 5645 2498 5709 propterea
2528 5637 2708 5699 debet,
2737 5632 3193 5703 i’jueinadmodum
3223 5647 3322 5701 pro
3348 5646 3521 5701 popu-

1959 5736 2033 5800 lo,
2066 5734 2138 5789 ita
2162 5734 2324 5789 etiam
2359 5739 2410 5788 et
2442 5746 2539 5800 pro
2570 5726 3097 5799 semetipso,oﬂerre
3128 5739 3225 5795 pro
3255 5725 3516 5794 peccatis.
