  <div class='ocr_page' id='page_1' title='image "/cluster/home/n/w/nwhite01/storage/ocr_20150623/95/hvd.32044019208057/481.png"; bbox 0 0 4022 6410; ppageno 0'>
   <div class='ocr_carea' id='block_1_1' title="bbox 721 667 2209 770">
    <p class='ocr_par' dir='ltr' id='par_1_1' title="bbox 721 667 2209 770">
     <span class='ocr_line' id='line_1_1' title="bbox 721 667 2209 770; baseline 0.024 -45"><span class='ocrx_word' id='word_1_1' title='bbox 721 667 972 733; x_wconf 90' lang='lat' dir='ltr'><strong>Utambo</strong></span> <span class='ocrx_word' id='word_1_2' title='bbox 1026 670 1371 741; x_wconf 76' lang='lat' dir='ltr'><strong>Testamenta</strong></span> <span class='ocrx_word' id='word_1_3' title='bbox 1429 689 1495 745; x_wconf 92' lang='lat' dir='ltr'><strong>ad</strong></span> <span class='ocrx_word' id='word_1_4' title='bbox 1546 691 1773 749; x_wconf 91' lang='lat' dir='ltr'><strong>inviccm</strong></span> <span class='ocrx_word' id='word_1_5' title='bbox 1825 711 2123 770; x_wconf 76' lang='lat' dir='ltr'><strong>comparet,</strong></span> <span class='ocrx_word' id='word_1_6' title='bbox 2177 721 2209 760; x_wconf 90' lang='lat' dir='ltr'><strong>a</strong></span> 
     </span>
    </p>
   </div>
   <div class='ocr_carea' id='block_1_2' title="bbox 644 763 2208 865">
    <p class='ocr_par' dir='ltr' id='par_1_2' title="bbox 644 763 2208 865">
     <span class='ocr_line' id='line_1_2' title="bbox 644 763 2208 865; baseline 0.024 -52"><span class='ocrx_word' id='word_1_7' title='bbox 644 763 1027 823; x_wconf 69' lang='lat' dir='ltr'><strong>sacerdotibus</strong></span> <span class='ocrx_word' id='word_1_8' title='bbox 1103 776 1434 842; x_wconf 77' lang='lat' dir='ltr'><strong>auspicatur.</strong></span> <span class='ocrx_word' id='word_1_9' title='bbox 1497 779 1965 853; x_wconf 85' lang='lat' dir='ltr'><strong>Comparationem</strong></span> <span class='ocrx_word' id='word_1_10' title='bbox 2027 794 2208 865; x_wconf 78' lang='lat' dir='ltr'><strong>itaque</strong></span> 
     </span>
    </p>
   </div>
   <div class='ocr_carea' id='block_1_3' title="bbox 647 850 2206 943">
    <p class='ocr_par' dir='ltr' id='par_1_3' title="bbox 647 850 2206 943">
     <span class='ocr_line' id='line_1_3' title="bbox 647 850 2206 943; baseline 0.026 -40"><span class='ocrx_word' id='word_1_11' title='bbox 647 850 782 907; x_wconf 75' lang='lat' dir='ltr'><strong>facit</strong></span> <span class='ocrx_word' id='word_1_12' title='bbox 835 857 888 911; x_wconf 90' lang='lat' dir='ltr'><strong>in</strong></span> <span class='ocrx_word' id='word_1_13' title='bbox 922 858 1065 916; x_wconf 89' lang='lat' dir='ltr'><strong>hunc</strong></span> <span class='ocrx_word' id='word_1_14' title='bbox 1096 866 1337 921; x_wconf 88' lang='lat' dir='ltr'><strong>modum.</strong></span> <span class='ocrx_word' id='word_1_15' title='bbox 1368 868 1577 929; x_wconf 84' lang='lat' dir='ltr'><strong>Veteris</strong></span> <span class='ocrx_word' id='word_1_16' title='bbox 1608 850 1826 943; x_wconf 84' lang='lat' dir='ltr'><strong>quidem</strong></span> <span class='ocrx_word' id='word_1_17' title='bbox 1895 850 2206 943; x_wconf 66' lang='lat' dir='ltr'><strong>testamenti</strong></span> 
     </span>
    </p>
   </div>
   <div class='ocr_carea' id='block_1_4' title="bbox 640 940 2201 1035">
    <p class='ocr_par' dir='ltr' id='par_1_4' title="bbox 640 940 2201 1035">
     <span class='ocr_line' id='line_1_4' title="bbox 640 940 2201 1035; baseline 0.025 -40"><span class='ocrx_word' id='word_1_18' title='bbox 640 946 951 1004; x_wconf 73' lang='lat' dir='ltr'><strong>sacerdotes</strong></span> <span class='ocrx_word' id='word_1_19' title='bbox 1018 940 1087 1008; x_wconf 82' lang='lat' dir='ltr'><strong>ab</strong></span> <span class='ocrx_word' id='word_1_20' title='bbox 1152 956 1460 1017; x_wconf 90' lang='lat' dir='ltr'><strong>hominibus</strong></span> <span class='ocrx_word' id='word_1_21' title='bbox 1561 970 1920 1027; x_wconf 86' lang='lat' dir='ltr'><strong>sumebantur</strong></span> <span class='ocrx_word' id='word_1_22' title='bbox 1982 991 1996 1027; x_wconf 90' lang='lat'><strong>:</strong></span> <span class='ocrx_word' id='word_1_23' title='bbox 2075 980 2201 1035; x_wconf 87' lang='lat' dir='ltr'><strong>novi</strong></span> 
     </span>
    </p>
   </div>
   <div class='ocr_carea' id='block_1_5' title="bbox 642 1049 2202 1131">
    <p class='ocr_par' dir='ltr' id='par_1_5' title="bbox 642 1049 2202 1131">
     <span class='ocr_line' id='line_1_5' title="bbox 642 1049 2202 1131; baseline 0.025 -44"><span class='ocrx_word' id='word_1_24' title='bbox 642 1052 768 1091; x_wconf 79' lang='lat' dir='ltr'><strong>vero</strong></span> <span class='ocrx_word' id='word_1_25' title='bbox 829 1049 1133 1100; x_wconf 88' lang='lat' dir='ltr'><strong>testamenti</strong></span> <span class='ocrx_word' id='word_1_26' title='bbox 1164 1052 1417 1107; x_wconf 78' lang='lat' dir='ltr'><strong>sacerdos</strong></span> <span class='ocrx_word' id='word_1_27' title='bbox 1438 1094 1452 1117; x_wconf 97' lang='lat'><strong>,</strong></span> <span class='ocrx_word' id='word_1_28' title='bbox 1501 1070 1531 1108; x_wconf 89' lang='lat' dir='ltr'><strong>a</strong></span> <span class='ocrx_word' id='word_1_29' title='bbox 1570 1056 1776 1128; x_wconf 84' lang='lat' dir='ltr'><strong>Spiritu</strong></span> <span class='ocrx_word' id='word_1_30' title='bbox 1810 1074 2033 1131; x_wconf 86' lang='lat' dir='ltr'><strong>sancto,</strong></span> <span class='ocrx_word' id='word_1_31' title='bbox 2064 1077 2202 1125; x_wconf 87' lang='lat' dir='ltr'><strong>tam-</strong></span> 
     </span>
    </p>
   </div>
   <div class='ocr_carea' id='block_1_6' title="bbox 637 1130 2199 1219">
    <p class='ocr_par' dir='ltr' id='par_1_6' title="bbox 637 1130 2199 1219">
     <span class='ocr_line' id='line_1_6' title="bbox 637 1130 2199 1219; baseline 0.025 -39"><span class='ocrx_word' id='word_1_32' title='bbox 637 1130 739 1183; x_wconf 81' lang='lat' dir='ltr'><strong>etsi</strong></span> <span class='ocrx_word' id='word_1_33' title='bbox 768 1130 928 1188; x_wconf 88' lang='lat' dir='ltr'><strong>homo</strong></span> <span class='ocrx_word' id='word_1_34' title='bbox 962 1135 1047 1190; x_wconf 91' lang='lat' dir='ltr'><strong>sit.</strong></span> <span class='ocrx_word' id='word_1_35' title='bbox 1080 1140 1257 1210; x_wconf 81' lang='lat' dir='ltr'><strong>Atque</strong></span> <span class='ocrx_word' id='word_1_36' title='bbox 1287 1144 1375 1200; x_wconf 88' lang='lat' dir='ltr'><strong>ille</strong></span> <span class='ocrx_word' id='word_1_37' title='bbox 1399 1148 1618 1215; x_wconf 82' lang='lat' dir='ltr'><strong>quidem</strong></span> <span class='ocrx_word' id='word_1_38' title='bbox 1645 1153 2017 1215; x_wconf 83' lang='lat' dir='ltr'><strong>circumdatur</strong></span> <span class='ocrx_word' id='word_1_39' title='bbox 2045 1162 2199 1219; x_wconf 81' lang='lat' dir='ltr'><strong>inﬁr-</strong></span> 
     </span>
    </p>
   </div>
   <div class='ocr_carea' id='block_1_7' title="bbox 636 1218 2199 1311">
    <p class='ocr_par' dir='ltr' id='par_1_7' title="bbox 636 1218 2199 1311">
     <span class='ocr_line' id='line_1_7' title="bbox 636 1218 2199 1311; baseline 0.026 -40"><span class='ocrx_word' id='word_1_40' title='bbox 636 1218 839 1285; x_wconf 86' lang='lat' dir='ltr'><strong>mitate,</strong></span> <span class='ocrx_word' id='word_1_41' title='bbox 865 1224 953 1280; x_wconf 87' lang='lat' dir='ltr'><strong>hic</strong></span> <span class='ocrx_word' id='word_1_42' title='bbox 977 1242 1105 1282; x_wconf 89' lang='lat' dir='ltr'><strong>vero</strong></span> <span class='ocrx_word' id='word_1_43' title='bbox 1131 1234 1336 1300; x_wconf 85' lang='lat' dir='ltr'><strong>peccati</strong></span> <span class='ocrx_word' id='word_1_44' title='bbox 1391 1251 1587 1307; x_wconf 76' lang='lat' dir='ltr'><strong>expers</strong></span> <span class='ocrx_word' id='word_1_45' title='bbox 1613 1246 1866 1302; x_wconf 70' lang='lat' dir='ltr'><strong>mansit:</strong></span> <span class='ocrx_word' id='word_1_46' title='bbox 1901 1248 2026 1305; x_wconf 86' lang='lat' dir='ltr'><strong>Non</strong></span> <span class='ocrx_word' id='word_1_47' title='bbox 2061 1257 2199 1311; x_wconf 83' lang='lat' dir='ltr'><strong>enim</strong></span> 
     </span>
    </p>
   </div>
   <div class='ocr_carea' id='block_1_8' title="bbox 634 1314 1596 1399">
    <p class='ocr_par' dir='ltr' id='par_1_8' title="bbox 634 1314 1596 1399">
     <span class='ocr_line' id='line_1_8' title="bbox 634 1314 1596 1399; baseline 0.024 -35"><span class='ocrx_word' id='word_1_48' title='bbox 634 1314 869 1369; x_wconf 80' lang='lat' dir='ltr'><strong>inventus</strong></span> <span class='ocrx_word' id='word_1_49' title='bbox 902 1329 981 1373; x_wconf 73' lang='lat' dir='ltr'><strong>est</strong></span> <span class='ocrx_word' id='word_1_50' title='bbox 1000 1320 1153 1377; x_wconf 77' lang='lat' dir='ltr'><strong>dolus</strong></span> <span class='ocrx_word' id='word_1_51' title='bbox 1184 1327 1238 1379; x_wconf 76' lang='lat' dir='ltr'><strong>in</strong></span> <span class='ocrx_word' id='word_1_52' title='bbox 1268 1344 1356 1381; x_wconf 79' lang='lat' dir='ltr'><strong>ore</strong></span> <span class='ocrx_word' id='word_1_53' title='bbox 1378 1330 1495 1399; x_wconf 80' lang='lat' dir='ltr'><strong>ejus</strong></span> <span class='ocrx_word' id='word_1_54' title='bbox 1526 1335 1596 1388; x_wconf 82' lang='lat'><strong>“.</strong></span> 
     </span>
    </p>
   </div>
   <div class='ocr_carea' id='block_1_9' title="bbox 705 1400 2193 1502">
    <p class='ocr_par' dir='ltr' id='par_1_9' title="bbox 705 1400 2193 1502">
     <span class='ocr_line' id='line_1_9' title="bbox 705 1400 2193 1502; baseline 0.024 -47"><span class='ocrx_word' id='word_1_55' title='bbox 705 1400 1194 1477; x_wconf 86' lang='lat' dir='ltr'><strong>Quemadmodum,</strong></span> <span class='ocrx_word' id='word_1_56' title='bbox 1221 1418 1312 1486; x_wconf 86' lang='lat' dir='ltr'><strong>qui</strong></span> <span class='ocrx_word' id='word_1_57' title='bbox 1341 1419 1684 1480; x_wconf 88' lang='lat' dir='ltr'><strong>victimarum</strong></span> <span class='ocrx_word' id='word_1_58' title='bbox 1729 1429 1902 1497; x_wconf 86' lang='lat' dir='ltr'><strong>pelles</strong></span> <span class='ocrx_word' id='word_1_59' title='bbox 1932 1431 2193 1502; x_wconf 81' lang='lat' dir='ltr'><strong>detrahit,</strong></span> 
     </span>
    </p>
   </div>
   <div class='ocr_carea' id='block_1_10' title="bbox 630 1491 2080 1590">
    <p class='ocr_par' dir='ltr' id='par_1_10' title="bbox 630 1491 2080 1590">
     <span class='ocr_line' id='line_1_10' title="bbox 630 1491 2080 1590; baseline 0.026 -46"><span class='ocrx_word' id='word_1_60' title='bbox 630 1491 678 1547; x_wconf 92' lang='lat' dir='ltr'><strong>is</strong></span> <span class='ocrx_word' id='word_1_61' title='bbox 708 1497 874 1552; x_wconf 81' lang='lat' dir='ltr'><strong>nudat</strong></span> <span class='ocrx_word' id='word_1_62' title='bbox 914 1501 1190 1559; x_wconf 86' lang='lat' dir='ltr'><strong>interanea</strong></span> <span class='ocrx_word' id='word_1_63' title='bbox 1216 1526 1228 1560; x_wconf 92' lang='lat'>:</span> <span class='ocrx_word' id='word_1_64' title='bbox 1256 1508 1335 1564; x_wconf 90' lang='lat' dir='ltr'><strong>sic</strong></span> <span class='ocrx_word' id='word_1_65' title='bbox 1355 1521 1551 1568; x_wconf 89' lang='lat' dir='ltr'><strong>cuncta</strong></span> <span class='ocrx_word' id='word_1_66' title='bbox 1584 1514 1693 1571; x_wconf 89' lang='lat' dir='ltr'><strong>Deo</strong></span> <span class='ocrx_word' id='word_1_67' title='bbox 1723 1530 1908 1590; x_wconf 86' lang='lat' dir='ltr'><strong>aperta</strong></span> <span class='ocrx_word' id='word_1_68' title='bbox 1932 1536 2080 1581; x_wconf 89' lang='lat' dir='ltr'><strong>sunt.</strong></span> 
     </span>
    </p>
   </div>
   <div class='ocr_carea' id='block_1_11' title="bbox 702 1584 2192 1680">
    <p class='ocr_par' dir='ltr' id='par_1_11' title="bbox 702 1584 2192 1680">
     <span class='ocr_line' id='line_1_11' title="bbox 702 1584 2192 1680; baseline 0.025 -44"><span class='ocrx_word' id='word_1_69' title='bbox 702 1603 720 1635; x_wconf 77' lang='grc' dir='ltr'><strong>ι</strong></span> <span class='ocrx_word' id='word_1_70' title='bbox 763 1584 1040 1659; x_wconf 84' lang='lat' dir='ltr'><strong>Tanquam</strong></span> <span class='ocrx_word' id='word_1_71' title='bbox 1068 1594 1249 1651; x_wconf 86' lang='lat' dir='ltr'><strong>Aaron</strong></span> <span class='ocrx_word' id='word_1_72' title='bbox 1286 1616 1301 1651; x_wconf 90' lang='lat'><strong>:</strong></span> <span class='ocrx_word' id='word_1_73' title='bbox 1333 1598 1520 1670; x_wconf 65' lang='grc' dir='ltr'>[νεεδ.</span> <span class='ocrx_word' id='word_1_74' title='bbox 1554 1604 1588 1659; x_wconf 81' lang='lat'><strong>5</strong></span> <span class='ocrx_word' id='word_1_75' title='bbox 1609 1646 1625 1671; x_wconf 89' lang='lat'><strong>,</strong></span> <span class='ocrx_word' id='word_1_76' title='bbox 1650 1607 1704 1680; x_wconf 87' lang='lat'><strong>6]</strong></span> <span class='ocrx_word' id='word_1_77' title='bbox 1740 1584 1820 1666; x_wconf 73' lang='lat' dir='ltr'><strong>sic</strong></span> <span class='ocrx_word' id='word_1_78' title='bbox 1844 1588 1910 1667; x_wconf 88' lang='lat' dir='ltr'><strong>et</strong></span> <span class='ocrx_word' id='word_1_79' title='bbox 1940 1614 2192 1674; x_wconf 87' lang='lat' dir='ltr'><strong>Christus</strong></span> 
     </span>
    </p>
   </div>
   <div class='ocr_carea' id='block_1_12' title="bbox 627 1683 2188 1775">
    <p class='ocr_par' dir='ltr' id='par_1_12' title="bbox 627 1683 2188 1775">
     <span class='ocr_line' id='line_1_12' title="bbox 627 1683 2188 1775; baseline 0.028 -49"><span class='ocrx_word' id='word_1_80' title='bbox 627 1689 733 1729; x_wconf 93' lang='lat' dir='ltr'><strong>non</strong></span> <span class='ocrx_word' id='word_1_81' title='bbox 764 1683 1114 1752; x_wconf 77' lang='lat' dir='ltr'><strong>semetipsum</strong></span> <span class='ocrx_word' id='word_1_82' title='bbox 1151 1688 1474 1748; x_wconf 82' lang='lat' dir='ltr'><strong>ciariticavit</strong></span> <span class='ocrx_word' id='word_1_83' title='bbox 1524 1707 1583 1752; x_wconf 92' lang='lat' dir='ltr'><strong>ut</strong></span> <span class='ocrx_word' id='word_1_84' title='bbox 1625 1702 1869 1770; x_wconf 79' lang='lat' dir='ltr'><strong>pontifex</strong></span> <span class='ocrx_word' id='word_1_85' title='bbox 1897 1706 2068 1775; x_wconf 84' lang='lat' dir='ltr'><strong>ﬁeret,</strong></span> <span class='ocrx_word' id='word_1_86' title='bbox 2094 1713 2188 1768; x_wconf 90' lang='lat' dir='ltr'><strong>sed</strong></span> 
     </span>
    </p>
   </div>
   <div class='ocr_carea' id='block_1_13' title="bbox 624 1768 2008 1854">
    <p class='ocr_par' dir='ltr' id='par_1_13' title="bbox 624 1768 2008 1854">
     <span class='ocr_line' id='line_1_13' title="bbox 624 1768 2008 1854; baseline 0.023 -34"><span class='ocrx_word' id='word_1_87' title='bbox 624 1768 718 1837; x_wconf 88' lang='lat' dir='ltr'><strong>qui</strong></span> <span class='ocrx_word' id='word_1_88' title='bbox 745 1770 956 1829; x_wconf 90' lang='lat' dir='ltr'><strong>locutus</strong></span> <span class='ocrx_word' id='word_1_89' title='bbox 983 1788 1068 1832; x_wconf 90' lang='lat' dir='ltr'><strong>est</strong></span> <span class='ocrx_word' id='word_1_90' title='bbox 1097 1780 1163 1834; x_wconf 89' lang='lat' dir='ltr'><strong>ad</strong></span> <span class='ocrx_word' id='word_1_91' title='bbox 1193 1796 1317 1837; x_wconf 90' lang='lat' dir='ltr'><strong>eum</strong></span> <span class='ocrx_word' id='word_1_92' title='bbox 1352 1797 1367 1837; x_wconf 89' lang='lat'><strong>:</strong></span> <span class='ocrx_word' id='word_1_93' title='bbox 1393 1785 1565 1844; x_wconf 88' lang='lat' dir='ltr'><strong>Filius</strong></span> <span class='ocrx_word' id='word_1_94' title='bbox 1600 1808 1755 1850; x_wconf 91' lang='lat' dir='ltr'><strong>meus</strong></span> <span class='ocrx_word' id='word_1_95' title='bbox 1781 1811 1839 1853; x_wconf 88' lang='lat' dir='ltr'><strong>es</strong></span> <span class='ocrx_word' id='word_1_96' title='bbox 1869 1805 1949 1854; x_wconf 90' lang='lat' dir='ltr'><strong>tu.</strong></span> <span class='ocrx_word' id='word_1_97' title='bbox 1988 1819 2008 1852; x_wconf 77' lang='grc' dir='ltr'><strong>ι</strong></span> 
     </span>
    </p>
   </div>
   <div class='ocr_carea' id='block_1_14' title="bbox 694 1857 2188 1959">
    <p class='ocr_par' dir='ltr' id='par_1_14' title="bbox 694 1857 2188 1959">
     <span class='ocr_line' id='line_1_14' title="bbox 694 1857 2188 1959; baseline 0.025 -47"><span class='ocrx_word' id='word_1_98' title='bbox 694 1857 805 1915; x_wconf 86' lang='lat' dir='ltr'><strong>Hoc</strong></span> <span class='ocrx_word' id='word_1_99' title='bbox 859 1864 1069 1923; x_wconf 89' lang='lat' dir='ltr'><strong>inloco</strong></span> <span class='ocrx_word' id='word_1_100' title='bbox 1120 1872 1268 1929; x_wconf 89' lang='lat' dir='ltr'><strong>aliud</strong></span> <span class='ocrx_word' id='word_1_101' title='bbox 1324 1877 1441 1933; x_wconf 82' lang='lat' dir='ltr'><strong>vult</strong></span> <span class='ocrx_word' id='word_1_102' title='bbox 1490 1881 1793 1953; x_wconf 88' lang='lat' dir='ltr'><strong>insinuare,</strong></span> <span class='ocrx_word' id='word_1_103' title='bbox 1844 1899 1972 1959; x_wconf 87' lang='lat' dir='ltr'><strong>puta</strong></span> <span class='ocrx_word' id='word_1_104' title='bbox 2002 1890 2188 1951; x_wconf 67' lang='lat' dir='ltr'><strong>Iesum</strong></span> 
     </span>
    </p>
   </div>
   <div class='ocr_carea' id='block_1_15' title="bbox 621 1955 2186 2051">
    <p class='ocr_par' dir='ltr' id='par_1_15' title="bbox 621 1955 2186 2051">
     <span class='ocr_line' id='line_1_15' title="bbox 621 1955 2186 2051; baseline 0.026 -48"><span class='ocrx_word' id='word_1_105' title='bbox 621 1967 745 2007; x_wconf 84' lang='lat' dir='ltr'><strong>esse</strong></span> <span class='ocrx_word' id='word_1_106' title='bbox 778 1955 1004 2015; x_wconf 87' lang='lat' dir='ltr'><strong>missum</strong></span> <span class='ocrx_word' id='word_1_107' title='bbox 1059 1978 1087 2016; x_wconf 91' lang='lat' dir='ltr'><strong>a</strong></span> <span class='ocrx_word' id='word_1_108' title='bbox 1123 1964 1252 2021; x_wconf 90' lang='lat' dir='ltr'><strong>Deo.</strong></span> <span class='ocrx_word' id='word_1_109' title='bbox 1300 1967 1358 2025; x_wconf 83' lang='lat' dir='ltr'><strong>id</strong></span> <span class='ocrx_word' id='word_1_110' title='bbox 1398 1973 1540 2041; x_wconf 87' lang='lat' dir='ltr'><strong>quod</strong></span> <span class='ocrx_word' id='word_1_111' title='bbox 1581 1975 1697 2044; x_wconf 89' lang='lat' dir='ltr'><strong>ipse</strong></span> <span class='ocrx_word' id='word_1_112' title='bbox 1750 1955 2024 2051; x_wconf 80' lang='lat' dir='ltr'><strong>Christus,</strong></span> <span class='ocrx_word' id='word_1_113' title='bbox 2061 2002 2186 2043; x_wconf 91' lang='lat' dir='ltr'><strong>cum</strong></span> 
     </span>
    </p>
   </div>
   <div class='ocr_carea' id='block_1_16' title="bbox 617 2041 2188 2136">
    <p class='ocr_par' dir='ltr' id='par_1_16' title="bbox 617 2041 2188 2136">
     <span class='ocr_line' id='line_1_16' title="bbox 617 2041 2188 2136; baseline 0.026 -42"><span class='ocrx_word' id='word_1_114' title='bbox 617 2041 833 2101; x_wconf 68' lang='lat' dir='ltr'><strong>Judaeos</strong></span> <span class='ocrx_word' id='word_1_115' title='bbox 858 2049 1247 2127; x_wconf 83' lang='lat' dir='ltr'><strong>alloqueretur,</strong></span> <span class='ocrx_word' id='word_1_116' title='bbox 1281 2063 1482 2134; x_wconf 90' lang='lat' dir='ltr'><strong>ubique</strong></span> <span class='ocrx_word' id='word_1_117' title='bbox 1515 2041 1721 2136; x_wconf 72' lang='lat' dir='ltr'><strong>passim</strong></span> <span class='ocrx_word' id='word_1_118' title='bbox 1744 2072 1967 2131; x_wconf 89' lang='lat' dir='ltr'><strong>dicebat</strong></span> <span class='ocrx_word' id='word_1_119' title='bbox 2001 2041 2082 2132; x_wconf 64' lang='grc' dir='ltr'><strong>εἈ</strong></span> <span class='ocrx_word' id='word_1_120' title='bbox 2108 2041 2188 2135; x_wconf 72' lang='lat' dir='ltr'><strong>me</strong></span> 
     </span>
    </p>
   </div>
   <div class='ocr_carea' id='block_1_17' title="bbox 618 2138 1106 2201">
    <p class='ocr_par' dir='ltr' id='par_1_17' title="bbox 618 2138 1106 2201">
     <span class='ocr_line' id='line_1_17' title="bbox 618 2138 1106 2201; baseline 0.033 -16"><span class='ocrx_word' id='word_1_121' title='bbox 618 2138 727 2201; x_wconf 76' lang='lat' dir='ltr'><strong>ipso</strong></span> <span class='ocrx_word' id='word_1_122' title='bbox 758 2155 861 2193; x_wconf 81' lang='lat' dir='ltr'><strong>non</strong></span> <span class='ocrx_word' id='word_1_123' title='bbox 898 2147 1013 2197; x_wconf 78' lang='lat' dir='ltr'><strong>veni</strong></span> <span class='ocrx_word' id='word_1_124' title='bbox 1041 2147 1106 2201; x_wconf 74' lang='grc'><strong>’⁸.</strong></span> 
     </span>
    </p>
   </div>
   <div class='ocr_carea' id='block_1_18' title="bbox 690 2229 2184 2321">
    <p class='ocr_par' dir='ltr' id='par_1_18' title="bbox 690 2229 2184 2321">
     <span class='ocr_line' id='line_1_18' title="bbox 690 2229 2184 2321; baseline 0.025 -39"><span class='ocrx_word' id='word_1_125' title='bbox 690 2248 709 2279; x_wconf 85' lang='grc'><strong>‹</strong></span> <span class='ocrx_word' id='word_1_126' title='bbox 747 2229 860 2302; x_wconf 79' lang='lat' dir='ltr'><strong>Ego</strong></span> <span class='ocrx_word' id='word_1_127' title='bbox 894 2234 1053 2292; x_wconf 90' lang='lat' dir='ltr'><strong>hodie</strong></span> <span class='ocrx_word' id='word_1_128' title='bbox 1083 2245 1245 2312; x_wconf 79' lang='lat' dir='ltr'><strong>genui</strong></span> <span class='ocrx_word' id='word_1_129' title='bbox 1283 2257 1351 2303; x_wconf 85' lang='lat' dir='ltr'><strong>te.</strong></span> <span class='ocrx_word' id='word_1_130' title='bbox 1390 2250 1863 2318; x_wconf 85' lang='lat' dir='ltr'><strong>Quemadmodum</strong></span> <span class='ocrx_word' id='word_1_131' title='bbox 1904 2270 1954 2317; x_wconf 86' lang='lat' dir='ltr'><strong>et</strong></span> <span class='ocrx_word' id='word_1_132' title='bbox 1991 2264 2044 2317; x_wconf 91' lang='lat' dir='ltr'><strong>in</strong></span> <span class='ocrx_word' id='word_1_133' title='bbox 2075 2267 2184 2321; x_wconf 89' lang='lat' dir='ltr'><strong>alio</strong></span> 
     </span>
    </p>
   </div>
   <div class='ocr_carea' id='block_1_19' title="bbox 616 2319 1893 2405">
    <p class='ocr_par' dir='ltr' id='par_1_19' title="bbox 616 2319 1893 2405">
     <span class='ocr_line' id='line_1_19' title="bbox 616 2319 1893 2405; baseline 0.026 -33"><span class='ocrx_word' id='word_1_134' title='bbox 616 2319 736 2375; x_wconf 86' lang='lat' dir='ltr'><strong>loco</strong></span> <span class='ocrx_word' id='word_1_135' title='bbox 768 2324 898 2379; x_wconf 85' lang='lat' dir='ltr'><strong>dicit</strong></span> <span class='ocrx_word' id='word_1_136' title='bbox 932 2346 945 2381; x_wconf 91' lang='lat'><strong>:</strong></span> <span class='ocrx_word' id='word_1_137' title='bbox 979 2328 1058 2384; x_wconf 88' lang='lat' dir='ltr'><strong>Tu</strong></span> <span class='ocrx_word' id='word_1_138' title='bbox 1085 2349 1145 2389; x_wconf 89' lang='lat' dir='ltr'><strong>es</strong></span> <span class='ocrx_word' id='word_1_139' title='bbox 1179 2342 1434 2398; x_wconf 89' lang='lat' dir='ltr'><strong>sacerdos</strong></span> <span class='ocrx_word' id='word_1_140' title='bbox 1467 2346 1520 2401; x_wconf 90' lang='lat' dir='ltr'><strong>in</strong></span> <span class='ocrx_word' id='word_1_141' title='bbox 1548 2358 1831 2405; x_wconf 83' lang='lat' dir='ltr'><strong>aeternum.</strong></span> <span class='ocrx_word' id='word_1_142' title='bbox 1874 2372 1893 2404; x_wconf 73' lang='grc' dir='ltr'><strong>ι</strong></span> 
     </span>
    </p>
   </div>
   <div class='ocr_carea' id='block_1_20' title="bbox 686 2412 2178 2507">
    <p class='ocr_par' dir='ltr' id='par_1_20' title="bbox 686 2412 2178 2507">
     <span class='ocr_line' id='line_1_20' title="bbox 686 2412 2178 2507; baseline 0.027 -41"><span class='ocrx_word' id='word_1_143' title='bbox 686 2412 807 2471; x_wconf 67' lang='lat' dir='ltr'><strong>Haec</strong></span> <span class='ocrx_word' id='word_1_144' title='bbox 842 2423 1119 2489; x_wconf 76' lang='lat' dir='ltr'><strong>praemittit</strong></span> <span class='ocrx_word' id='word_1_145' title='bbox 1155 2438 1213 2483; x_wconf 91' lang='lat' dir='ltr'><strong>ut</strong></span> <span class='ocrx_word' id='word_1_146' title='bbox 1244 2434 1460 2491; x_wconf 89' lang='lat' dir='ltr'><strong>evincat</strong></span> <span class='ocrx_word' id='word_1_147' title='bbox 1489 2440 1639 2496; x_wconf 92' lang='lat' dir='ltr'><strong>illum</strong></span> <span class='ocrx_word' id='word_1_148' title='bbox 1670 2459 1698 2497; x_wconf 90' lang='lat' dir='ltr'><strong>a</strong></span> <span class='ocrx_word' id='word_1_149' title='bbox 1724 2442 1832 2500; x_wconf 92' lang='lat' dir='ltr'><strong>Deo</strong></span> <span class='ocrx_word' id='word_1_150' title='bbox 1865 2448 2178 2507; x_wconf 85' lang='lat' dir='ltr'><strong>ordinatqu</strong></span> 
     </span>
    </p>
   </div>
   <div class='ocr_carea' id='block_1_21' title="bbox 612 2506 802 2563">
    <p class='ocr_par' dir='ltr' id='par_1_21' title="bbox 612 2506 802 2563">
     <span class='ocr_line' id='line_1_21' title="bbox 612 2506 802 2563; baseline 0.047 -8"><span class='ocrx_word' id='word_1_151' title='bbox 612 2506 802 2563; x_wconf 77' lang='lat' dir='ltr'><strong>fuisse.</strong></span> 
     </span>
    </p>
   </div>
   <div class='ocr_carea' id='block_1_22' title="bbox 685 2603 2173 2710">
    <p class='ocr_par' dir='ltr' id='par_1_22' title="bbox 685 2603 2173 2710">
     <span class='ocr_line' id='line_1_22' title="bbox 685 2603 2173 2710; baseline 0.024 -57"><span class='ocrx_word' id='word_1_152' title='bbox 685 2619 703 2651; x_wconf 75' lang='grc' dir='ltr'><strong>ι</strong></span> <span class='ocrx_word' id='word_1_153' title='bbox 736 2603 1049 2664; x_wconf 90' lang='lat' dir='ltr'><strong>Secundum</strong></span> <span class='ocrx_word' id='word_1_154' title='bbox 1105 2615 1351 2672; x_wconf 90' lang='lat' dir='ltr'><strong>ordinem</strong></span> <span class='ocrx_word' id='word_1_155' title='bbox 1412 2620 1832 2685; x_wconf 79' lang='lat' dir='ltr'><strong>Melchisedech.</strong></span> <span class='ocrx_word' id='word_1_156' title='bbox 1875 2632 2059 2705; x_wconf 62' lang='lat' dir='ltr'><strong>[Vens</strong></span> <span class='ocrx_word' id='word_1_157' title='bbox 2096 2636 2173 2710; x_wconf 90' lang='lat'><strong>7.]</strong></span> 
     </span>
    </p>
   </div>
   <div class='ocr_carea' id='block_1_23' title="bbox 605 2687 2175 2797">
    <p class='ocr_par' dir='ltr' id='par_1_23' title="bbox 605 2687 2175 2797">
     <span class='ocr_line' id='line_1_23' title="bbox 1876 2687 2171 2710; baseline 0.027 -8"><span class='ocrx_word' id='word_1_158' title='bbox 1876 2687 1892 2705; x_wconf 86' lang='grc' dir='ltr'><strong>ι</strong></span> <span class='ocrx_word' id='word_1_159' title='bbox 1955 2687 1958 2688; x_wconf 63' lang='grc'><strong><em>⁷</em></strong></span> <span class='ocrx_word' id='word_1_160' title='bbox 1982 2687 2008 2688; x_wconf 62' lang='lat'><strong><em>&quot;</em></strong></span> <span class='ocrx_word' id='word_1_161' title='bbox 2025 2687 2058 2690; x_wconf 77' lang='lat'>&quot;</span> <span class='ocrx_word' id='word_1_162' title='bbox 2105 2687 2117 2690; x_wconf 63' lang='lat'><strong>&#39;</strong></span> <span class='ocrx_word' id='word_1_163' title='bbox 2135 2687 2171 2710; x_wconf 54' lang='lat' dir='ltr'><strong>&#39;J</strong></span> 
     </span>
     <span class='ocr_line' id='line_1_24' title="bbox 605 2687 2175 2797; baseline 0.029 -58"><span class='ocrx_word' id='word_1_164' title='bbox 605 2687 707 2749; x_wconf 84' lang='grc' dir='ltr'><strong>Οιιί</strong></span> <span class='ocrx_word' id='word_1_165' title='bbox 743 2692 796 2746; x_wconf 91' lang='lat' dir='ltr'><strong>in</strong></span> <span class='ocrx_word' id='word_1_166' title='bbox 824 2694 1021 2753; x_wconf 79' lang='lat' dir='ltr'><strong>diebus</strong></span> <span class='ocrx_word' id='word_1_167' title='bbox 1040 2706 1223 2760; x_wconf 89' lang='lat' dir='ltr'><strong>carnis</strong></span> <span class='ocrx_word' id='word_1_168' title='bbox 1251 2722 1385 2774; x_wconf 66' lang='lat' dir='ltr'><strong>sum,</strong></span> <span class='ocrx_word' id='word_1_169' title='bbox 1409 2728 1599 2781; x_wconf 89' lang='lat' dir='ltr'><strong>preces</strong></span> <span class='ocrx_word' id='word_1_170' title='bbox 1631 2722 2175 2797; x_wconf 87' lang='lat' dir='ltr'><strong>supplicationesque</strong></span> 
     </span>
    </p>
   </div>
   <div class='ocr_carea' id='block_1_24' title="bbox 604 2779 2175 2871">
    <p class='ocr_par' dir='ltr' id='par_1_24' title="bbox 604 2779 2175 2871">
     <span class='ocr_line' id='line_1_25' title="bbox 604 2779 2175 2871; baseline 0.027 -41"><span class='ocrx_word' id='word_1_171' title='bbox 604 2779 670 2831; x_wconf 88' lang='lat' dir='ltr'><strong>ad</strong></span> <span class='ocrx_word' id='word_1_172' title='bbox 693 2794 815 2834; x_wconf 90' lang='lat' dir='ltr'><strong>eum</strong></span> <span class='ocrx_word' id='word_1_173' title='bbox 846 2784 1007 2856; x_wconf 76' lang='lat'><strong>237</strong></span> <span class='ocrx_word' id='word_1_174' title='bbox 1033 2793 1127 2858; x_wconf 88' lang='lat' dir='ltr'><strong>qui</strong></span> <span class='ocrx_word' id='word_1_175' title='bbox 1152 2797 1324 2861; x_wconf 90' lang='lat' dir='ltr'><strong>possit</strong></span> <span class='ocrx_word' id='word_1_176' title='bbox 1346 2779 1497 2855; x_wconf 81' lang='lat' dir='ltr'><strong>illum</strong></span> <span class='ocrx_word' id='word_1_177' title='bbox 1529 2779 1753 2862; x_wconf 43' lang='lat' dir='ltr'><strong>salvum.</strong></span> <span class='ocrx_word' id='word_1_178' title='bbox 1772 2810 1948 2868; x_wconf 84' lang='lat' dir='ltr'><strong>facere</strong></span> <span class='ocrx_word' id='word_1_179' title='bbox 1973 2830 2004 2869; x_wconf 89' lang='lat' dir='ltr'><strong>a</strong></span> <span class='ocrx_word' id='word_1_180' title='bbox 2030 2832 2175 2871; x_wconf 87' lang='lat' dir='ltr'><strong>mor-</strong></span> 
     </span>
    </p>
   </div>
   <div class='ocr_carea' id='block_1_25' title="bbox 606 2877 2173 2974">
    <p class='ocr_par' dir='ltr' id='par_1_25' title="bbox 606 2877 2173 2974">
     <span class='ocr_line' id='line_1_26' title="bbox 606 2877 2173 2974; baseline 0.027 -52"><span class='ocrx_word' id='word_1_181' title='bbox 606 2877 675 2935; x_wconf 86' lang='lat' dir='ltr'><strong>te,</strong></span> <span class='ocrx_word' id='word_1_182' title='bbox 719 2886 844 2927; x_wconf 90' lang='lat' dir='ltr'><strong>cum</strong></span> <span class='ocrx_word' id='word_1_183' title='bbox 900 2878 1139 2939; x_wconf 90' lang='lat' dir='ltr'><strong>clamore</strong></span> <span class='ocrx_word' id='word_1_184' title='bbox 1196 2888 1375 2943; x_wconf 87' lang='lat' dir='ltr'><strong>valido</strong></span> <span class='ocrx_word' id='word_1_185' title='bbox 1426 2902 1479 2946; x_wconf 90' lang='lat' dir='ltr'><strong>et</strong></span> <span class='ocrx_word' id='word_1_186' title='bbox 1528 2895 1782 2970; x_wconf 82' lang='lat' dir='ltr'><strong>lacrymis</strong></span> <span class='ocrx_word' id='word_1_187' title='bbox 1838 2902 2094 2974; x_wconf 71' lang='lat' dir='ltr'><strong>olferens,</strong></span> <span class='ocrx_word' id='word_1_188' title='bbox 2117 2918 2173 2965; x_wconf 92' lang='lat' dir='ltr'><strong>et</strong></span> 
     </span>
    </p>
   </div>
   <div class='ocr_carea' id='block_1_26' title="bbox 602 2966 1567 3040">
    <p class='ocr_par' dir='ltr' id='par_1_26' title="bbox 602 2966 1567 3040">
     <span class='ocr_line' id='line_1_27' title="bbox 602 2966 1567 3040; baseline 0.024 -25"><span class='ocrx_word' id='word_1_189' title='bbox 602 2966 893 3024; x_wconf 83' lang='lat' dir='ltr'><strong>exauditus</strong></span> <span class='ocrx_word' id='word_1_190' title='bbox 921 2986 1022 3040; x_wconf 90' lang='lat' dir='ltr'><strong>pro</strong></span> <span class='ocrx_word' id='word_1_191' title='bbox 1049 2990 1149 3029; x_wconf 83' lang='lat' dir='ltr'><strong>sua</strong></span> <span class='ocrx_word' id='word_1_192' title='bbox 1183 2984 1509 3038; x_wconf 85' lang='lat' dir='ltr'><strong>reverentia.</strong></span> <span class='ocrx_word' id='word_1_193' title='bbox 1546 3005 1567 3037; x_wconf 76' lang='grc' dir='ltr'><strong>ι</strong></span> 
     </span>
    </p>
   </div>
   <div class='ocr_carea' id='block_1_27' title="bbox 672 3055 2165 3152">
    <p class='ocr_par' dir='ltr' id='par_1_27' title="bbox 672 3055 2165 3152">
     <span class='ocr_line' id='line_1_28' title="bbox 672 3055 2165 3152; baseline 0.026 -44"><span class='ocrx_word' id='word_1_194' title='bbox 672 3055 798 3112; x_wconf 87' lang='lat' dir='ltr'><strong>Erat</strong></span> <span class='ocrx_word' id='word_1_195' title='bbox 830 3061 973 3114; x_wconf 89' lang='lat' dir='ltr'><strong>enim</strong></span> <span class='ocrx_word' id='word_1_196' title='bbox 1005 3068 1246 3133; x_wconf 79' lang='lat' dir='ltr'><strong>gentium</strong></span> <span class='ocrx_word' id='word_1_197' title='bbox 1279 3075 1563 3145; x_wconf 91' lang='lat' dir='ltr'><strong>sacerdos,</strong></span> <span class='ocrx_word' id='word_1_198' title='bbox 1594 3088 1649 3134; x_wconf 92' lang='lat' dir='ltr'><strong>et</strong></span> <span class='ocrx_word' id='word_1_199' title='bbox 1671 3096 1810 3152; x_wconf 88' lang='lat' dir='ltr'><strong>pane</strong></span> <span class='ocrx_word' id='word_1_200' title='bbox 1838 3095 1892 3141; x_wconf 89' lang='lat' dir='ltr'><strong>et</strong></span> <span class='ocrx_word' id='word_1_201' title='bbox 1925 3087 2053 3145; x_wconf 76' lang='lat' dir='ltr'><strong>vino</strong></span> <span class='ocrx_word' id='word_1_202' title='bbox 2074 3106 2165 3148; x_wconf 84' lang='lat' dir='ltr'><strong>sa—</strong></span> 
     </span>
    </p>
   </div>
   <div class='ocr_carea' id='block_1_28' title="bbox 596 3140 1173 3207">
    <p class='ocr_par' dir='ltr' id='par_1_28' title="bbox 596 3140 1173 3207">
     <span class='ocr_line' id='line_1_29' title="bbox 596 3140 1173 3207; baseline 0.029 -17"><span class='ocrx_word' id='word_1_203' title='bbox 596 3140 862 3199; x_wconf 78' lang='lat' dir='ltr'><strong>crificium</strong></span> <span class='ocrx_word' id='word_1_204' title='bbox 893 3147 1173 3207; x_wconf 69' lang='lat' dir='ltr'><strong>oﬂ‘erebat.</strong></span> 
     </span>
    </p>
   </div>
   <div class='ocr_carea' id='block_1_29' title="bbox 671 3230 2159 3340">
    <p class='ocr_par' dir='ltr' id='par_1_29' title="bbox 671 3230 2159 3340">
     <span class='ocr_line' id='line_1_30' title="bbox 671 3230 2159 3340; baseline 0.034 -58"><span class='ocrx_word' id='word_1_205' title='bbox 671 3230 832 3289; x_wconf 73' lang='lat' dir='ltr'><strong>Vens.</strong></span> <span class='ocrx_word' id='word_1_206' title='bbox 862 3235 1015 3294; x_wconf 69' lang='lat'><strong>8-44.</strong></span> <span class='ocrx_word' id='word_1_207' title='bbox 1052 3260 1072 3295; x_wconf 77' lang='grc' dir='ltr'><strong>ι</strong></span> <span class='ocrx_word' id='word_1_208' title='bbox 1110 3245 1175 3298; x_wconf 85' lang='grc' dir='ltr'>Ει</span> <span class='ocrx_word' id='word_1_209' title='bbox 1198 3250 1421 3317; x_wconf 89' lang='lat' dir='ltr'><strong>quidem</strong></span> <span class='ocrx_word' id='word_1_210' title='bbox 1452 3271 1577 3313; x_wconf 91' lang='lat' dir='ltr'><strong>cum</strong></span> <span class='ocrx_word' id='word_1_211' title='bbox 1613 3273 1759 3318; x_wconf 88' lang='lat' dir='ltr'><strong>esset</strong></span> <span class='ocrx_word' id='word_1_212' title='bbox 1786 3266 1981 3340; x_wconf 88' lang='lat' dir='ltr'><strong>Filius,</strong></span> <span class='ocrx_word' id='word_1_213' title='bbox 2013 3272 2159 3332; x_wconf 89' lang='lat' dir='ltr'><strong>didi-</strong></span> 
     </span>
    </p>
   </div>
   <div class='ocr_carea' id='block_1_30' title="bbox 593 3323 2157 3423">
    <p class='ocr_par' dir='ltr' id='par_1_30' title="bbox 593 3323 2157 3423">
     <span class='ocr_line' id='line_1_31' title="bbox 593 3323 2157 3423; baseline 0.033 -50"><span class='ocrx_word' id='word_1_214' title='bbox 593 3323 669 3376; x_wconf 87' lang='lat' dir='ltr'><strong>cit</strong></span> <span class='ocrx_word' id='word_1_215' title='bbox 696 3340 762 3379; x_wconf 84' lang='lat' dir='ltr'><strong>ex</strong></span> <span class='ocrx_word' id='word_1_216' title='bbox 798 3328 865 3384; x_wconf 89' lang='lat' dir='ltr'><strong>iis</strong></span> <span class='ocrx_word' id='word_1_217' title='bbox 914 3348 1037 3401; x_wconf 73' lang='lat' dir='ltr'><strong>quae</strong></span> <span class='ocrx_word' id='word_1_218' title='bbox 1064 3351 1259 3405; x_wconf 80' lang='lat' dir='ltr'><strong>passus</strong></span> <span class='ocrx_word' id='word_1_219' title='bbox 1282 3351 1366 3398; x_wconf 92' lang='lat' dir='ltr'><strong>est</strong></span> <span class='ocrx_word' id='word_1_220' title='bbox 1409 3350 1798 3423; x_wconf 85' lang='lat' dir='ltr'><strong>obedientiam,</strong></span> <span class='ocrx_word' id='word_1_221' title='bbox 1820 3370 1873 3415; x_wconf 93' lang='lat' dir='ltr'><strong>et</strong></span> <span class='ocrx_word' id='word_1_222' title='bbox 1896 3378 2157 3421; x_wconf 80' lang='lat' dir='ltr'><strong>consum-</strong></span> 
     </span>
    </p>
   </div>
   <div class='ocr_carea' id='block_1_31' title="bbox 590 3422 2153 3520">
    <p class='ocr_par' dir='ltr' id='par_1_31' title="bbox 590 3422 2153 3520">
     <span class='ocr_line' id='line_1_32' title="bbox 590 3422 2153 3520; baseline 0.035 -54"><span class='ocrx_word' id='word_1_223' title='bbox 590 3425 771 3474; x_wconf 69' lang='lat' dir='ltr'><strong>matus</strong></span> <span class='ocrx_word' id='word_1_224' title='bbox 823 3422 1000 3482; x_wconf 83' lang='lat' dir='ltr'><strong>factus</strong></span> <span class='ocrx_word' id='word_1_225' title='bbox 1048 3438 1133 3485; x_wconf 90' lang='lat' dir='ltr'><strong>est</strong></span> <span class='ocrx_word' id='word_1_226' title='bbox 1181 3438 1437 3497; x_wconf 91' lang='lat' dir='ltr'><strong>omnibus</strong></span> <span class='ocrx_word' id='word_1_227' title='bbox 1484 3444 1997 3519; x_wconf 84' lang='lat' dir='ltr'><strong>obtemperantibus</strong></span> <span class='ocrx_word' id='word_1_228' title='bbox 2048 3464 2153 3520; x_wconf 87' lang='lat' dir='ltr'><strong>sibi</strong></span> 
     </span>
    </p>
   </div>
   <div class='ocr_carea' id='block_1_32' title="bbox 587 3514 2152 3611">
    <p class='ocr_par' dir='ltr' id='par_1_32' title="bbox 587 3514 2152 3611">
     <span class='ocr_line' id='line_1_33' title="bbox 587 3514 2152 3611; baseline 0.035 -52"><span class='ocrx_word' id='word_1_229' title='bbox 587 3523 752 3565; x_wconf 84' lang='lat' dir='ltr'><strong>causa</strong></span> <span class='ocrx_word' id='word_1_230' title='bbox 776 3514 969 3573; x_wconf 86' lang='lat' dir='ltr'><strong>salutis</strong></span> <span class='ocrx_word' id='word_1_231' title='bbox 1001 3532 1233 3591; x_wconf 65' lang='lat' dir='ltr'><strong>aeternae,</strong></span> <span class='ocrx_word' id='word_1_232' title='bbox 1267 3534 1575 3600; x_wconf 86' lang='lat' dir='ltr'><strong>appellatus</strong></span> <span class='ocrx_word' id='word_1_233' title='bbox 1602 3554 1630 3592; x_wconf 92' lang='lat' dir='ltr'><strong>a</strong></span> <span class='ocrx_word' id='word_1_234' title='bbox 1654 3514 1766 3597; x_wconf 61' lang='lat' dir='ltr'><strong>Ceo</strong></span> <span class='ocrx_word' id='word_1_235' title='bbox 1786 3544 2035 3607; x_wconf 81' lang='lat' dir='ltr'><strong>Pontifex</strong></span> <span class='ocrx_word' id='word_1_236' title='bbox 2063 3571 2152 3611; x_wconf 91' lang='lat' dir='ltr'><strong>se-</strong></span> 
     </span>
    </p>
   </div>
   <div class='ocr_carea' id='block_1_33' title="bbox 584 3603 2150 3718">
    <p class='ocr_par' dir='ltr' id='par_1_33' title="bbox 584 3603 2150 3718">
     <span class='ocr_line' id='line_1_34' title="bbox 584 3603 2150 3718; baseline 0.032 -63"><span class='ocrx_word' id='word_1_237' title='bbox 584 3603 824 3660; x_wconf 88' lang='lat' dir='ltr'><strong>cundum</strong></span> <span class='ocrx_word' id='word_1_238' title='bbox 844 3611 1101 3669; x_wconf 70' lang='lat' dir='ltr'><strong>‘ordinem</strong></span> <span class='ocrx_word' id='word_1_239' title='bbox 1128 3616 1548 3684; x_wconf 80' lang='lat' dir='ltr'><strong>Melchisedech.</strong></span> <span class='ocrx_word' id='word_1_240' title='bbox 1571 3631 1645 3688; x_wconf 92' lang='lat' dir='ltr'><strong>De</strong></span> <span class='ocrx_word' id='word_1_241' title='bbox 1664 3651 1775 3704; x_wconf 92' lang='lat' dir='ltr'><strong>quo</strong></span> <span class='ocrx_word' id='word_1_242' title='bbox 1804 3603 1964 3698; x_wconf 82' lang='lat' dir='ltr'><strong>nobis</strong></span> <span class='ocrx_word' id='word_1_243' title='bbox 1977 3603 2150 3718; x_wconf 62' lang='grc' dir='ltr'><strong>ξηῖιῖ-</strong></span> 
     </span>
     <span class='ocr_line' id='line_1_35' title="bbox 587 3692 1408 3718; baseline 0.035 0"><span class='ocrx_word' id='word_1_244' title='bbox 587 3692 667 3718; x_wconf 59' lang='grc' dir='ltr'><strong>λε-</strong></span> <span class='ocrx_word' id='word_1_245' title='bbox 705 3710 876 3718; x_wconf 44' lang='lat' dir='ltr'><strong>um-</strong></span> <span class='ocrx_word' id='word_1_246' title='bbox 991 3712 1003 3718; x_wconf 87' lang='lat'><strong><em>-</em></strong></span> <span class='ocrx_word' id='word_1_247' title='bbox 1060 3705 1130 3718; x_wconf 27' lang='grc' dir='ltr'><strong>-Α</strong></span> <span class='ocrx_word' id='word_1_248' title='bbox 1366 3716 1408 3718; x_wconf 53' lang='grc' dir='ltr'><strong>η</strong></span> 
     </span>
    </p>
   </div>
   <div class='ocr_carea' id='block_1_34' title="bbox 583 3692 2149 3807">
    <p class='ocr_par' dir='ltr' id='par_1_34' title="bbox 583 3692 2149 3807">
     <span class='ocr_line' id='line_1_36' title="bbox 583 3692 2149 3807; baseline 0.033 -63"><span class='ocrx_word' id='word_1_249' title='bbox 583 3692 669 3748; x_wconf 86' lang='lat' dir='ltr'><strong>dis</strong></span> <span class='ocrx_word' id='word_1_250' title='bbox 704 3710 920 3766; x_wconf 89' lang='lat' dir='ltr'><strong>sermo,</strong></span> <span class='ocrx_word' id='word_1_251' title='bbox 955 3712 1009 3757; x_wconf 88' lang='lat' dir='ltr'><strong>et</strong></span> <span class='ocrx_word' id='word_1_252' title='bbox 1058 3705 1487 3779; x_wconf 88' lang='lat' dir='ltr'><strong>interpretabilis</strong></span> <span class='ocrx_word' id='word_1_253' title='bbox 1519 3720 1586 3775; x_wconf 87' lang='lat' dir='ltr'><strong>ad</strong></span> <span class='ocrx_word' id='word_1_254' title='bbox 1638 3692 1932 3786; x_wconf 85' lang='lat' dir='ltr'><strong>dicendum</strong></span> <span class='ocrx_word' id='word_1_255' title='bbox 1962 3692 2149 3807; x_wconf 32' lang='lat' dir='ltr'><strong>squo-</strong></span> 
     </span>
    </p>
   </div>
   <div class='ocr_carea' id='block_1_35' title="bbox 579 3784 2145 3885">
    <p class='ocr_par' dir='ltr' id='par_1_35' title="bbox 579 3784 2145 3885">
     <span class='ocr_line' id='line_1_37' title="bbox 579 3784 2145 3885; baseline 0.031 -49"><span class='ocrx_word' id='word_1_256' title='bbox 579 3784 726 3839; x_wconf 88' lang='lat' dir='ltr'><strong>niam</strong></span> <span class='ocrx_word' id='word_1_257' title='bbox 757 3788 1080 3850; x_wconf 68' lang='lat' dir='ltr'><strong>imbecilles</strong></span> <span class='ocrx_word' id='word_1_258' title='bbox 1115 3797 1241 3855; x_wconf 76' lang='lat' dir='ltr'><strong>facti</strong></span> <span class='ocrx_word' id='word_1_259' title='bbox 1269 3805 1405 3860; x_wconf 87' lang='lat' dir='ltr'><strong>estis</strong></span> <span class='ocrx_word' id='word_1_260' title='bbox 1440 3807 1507 3862; x_wconf 88' lang='lat' dir='ltr'><strong>ad</strong></span> <span class='ocrx_word' id='word_1_261' title='bbox 1536 3813 1892 3874; x_wconf 89' lang='lat' dir='ltr'><strong>audiendum.</strong></span> <span class='ocrx_word' id='word_1_262' title='bbox 1930 3784 2145 3885; x_wconf 51' lang='lat' dir='ltr'><strong>Etenim</strong></span> 
     </span>
    </p>
   </div>
   <div class='ocr_carea' id='block_1_36' title="bbox 578 3874 2144 3981">
    <p class='ocr_par' dir='ltr' id='par_1_36' title="bbox 578 3874 2144 3981">
     <span class='ocr_line' id='line_1_38' title="bbox 578 3874 2144 3981; baseline 0.032 -58"><span class='ocrx_word' id='word_1_263' title='bbox 578 3886 703 3925; x_wconf 89' lang='lat' dir='ltr'><strong>eum</strong></span> <span class='ocrx_word' id='word_1_264' title='bbox 738 3874 1009 3936; x_wconf 89' lang='lat' dir='ltr'><strong>deberetis</strong></span> <span class='ocrx_word' id='word_1_265' title='bbox 1049 3889 1294 3957; x_wconf 75' lang='lat' dir='ltr'><strong>magistri</strong></span> <span class='ocrx_word' id='word_1_266' title='bbox 1330 3909 1454 3951; x_wconf 86' lang='lat' dir='ltr'><strong>esse</strong></span> <span class='ocrx_word' id='word_1_267' title='bbox 1486 3910 1714 3971; x_wconf 90' lang='lat' dir='ltr'><strong>propter</strong></span> <span class='ocrx_word' id='word_1_268' title='bbox 1744 3914 1983 3981; x_wconf 90' lang='lat' dir='ltr'><strong>tempus,</strong></span> <span class='ocrx_word' id='word_1_269' title='bbox 2020 3931 2144 3971; x_wconf 83' lang='lat' dir='ltr'><strong>rur-</strong></span> 
     </span>
    </p>
   </div>
   <div class='ocr_carea' id='block_1_37' title="bbox 575 3967 2145 4067">
    <p class='ocr_par' dir='ltr' id='par_1_37' title="bbox 575 3967 2145 4067">
     <span class='ocr_line' id='line_1_39' title="bbox 575 3967 2145 4067; baseline 0.034 -52"><span class='ocrx_word' id='word_1_270' title='bbox 575 3978 697 4018; x_wconf 91' lang='lat' dir='ltr'><strong>sum</strong></span> <span class='ocrx_word' id='word_1_271' title='bbox 736 3967 989 4041; x_wconf 75' lang='lat' dir='ltr'><strong>indigetis</strong></span> <span class='ocrx_word' id='word_1_272' title='bbox 1036 3988 1095 4032; x_wconf 87' lang='lat' dir='ltr'><strong>ut</strong></span> <span class='ocrx_word' id='word_1_273' title='bbox 1133 3979 1439 4041; x_wconf 87' lang='lat' dir='ltr'><strong>doceamini</strong></span> <span class='ocrx_word' id='word_1_274' title='bbox 1468 3967 1590 4059; x_wconf 71' lang='lat' dir='ltr'><strong>quae</strong></span> <span class='ocrx_word' id='word_1_275' title='bbox 1618 3998 1730 4052; x_wconf 92' lang='lat' dir='ltr'><strong>sint</strong></span> <span class='ocrx_word' id='word_1_276' title='bbox 1758 4000 2025 4062; x_wconf 90' lang='lat' dir='ltr'><strong>elementa</strong></span> <span class='ocrx_word' id='word_1_277' title='bbox 2051 4026 2145 4067; x_wconf 82' lang='lat' dir='ltr'><strong>ex-</strong></span> 
     </span>
    </p>
   </div>
   <div class='ocr_carea' id='block_1_38' title="bbox 573 4242 2135 4352">
    <p class='ocr_par' dir='ltr' id='par_1_38' title="bbox 573 4242 2135 4352">
     <span class='ocr_line' id='line_1_40' title="bbox 573 4242 2135 4352; baseline 0.035 -61"><span class='ocrx_word' id='word_1_278' title='bbox 573 4242 866 4315; x_wconf 88' lang='lat' dir='ltr'><strong>particeps,</strong></span> <span class='ocrx_word' id='word_1_279' title='bbox 899 4265 1096 4321; x_wconf 84' lang='lat' dir='ltr'><strong>expers</strong></span> <span class='ocrx_word' id='word_1_280' title='bbox 1143 4264 1228 4311; x_wconf 91' lang='lat' dir='ltr'><strong>est</strong></span> <span class='ocrx_word' id='word_1_281' title='bbox 1262 4268 1533 4322; x_wconf 90' lang='lat' dir='ltr'><strong>sermonis</strong></span> <span class='ocrx_word' id='word_1_282' title='bbox 1560 4270 1788 4339; x_wconf 64' lang='lat' dir='ltr'><strong>justitia:</strong></span> <span class='ocrx_word' id='word_1_283' title='bbox 1824 4297 1839 4335; x_wconf 90' lang='lat'>:</span> <span class='ocrx_word' id='word_1_284' title='bbox 1874 4288 2135 4352; x_wconf 83' lang='lat' dir='ltr'><strong>parvulus</strong></span> 
     </span>
    </p>
   </div>
   <div class='ocr_carea' id='block_1_39' title="bbox 571 4332 2130 4447">
    <p class='ocr_par' dir='ltr' id='par_1_39' title="bbox 571 4332 2130 4447">
     <span class='ocr_line' id='line_1_41' title="bbox 571 4332 2130 4447; baseline 0.033 -64"><span class='ocrx_word' id='word_1_285' title='bbox 571 4332 715 4386; x_wconf 91' lang='lat' dir='ltr'><strong>enim</strong></span> <span class='ocrx_word' id='word_1_286' title='bbox 771 4346 876 4393; x_wconf 88' lang='lat' dir='ltr'><strong>est.</strong></span> <span class='ocrx_word' id='word_1_287' title='bbox 909 4341 1281 4403; x_wconf 80' lang='lat' dir='ltr'><strong>Perfectorum</strong></span> <span class='ocrx_word' id='word_1_288' title='bbox 1344 4366 1527 4412; x_wconf 86' lang='lat' dir='ltr'><strong>autem</strong></span> <span class='ocrx_word' id='word_1_289' title='bbox 1559 4373 1645 4417; x_wconf 92' lang='lat' dir='ltr'><strong>est</strong></span> <span class='ocrx_word' id='word_1_290' title='bbox 1684 4332 1901 4426; x_wconf 81' lang='lat' dir='ltr'><strong>solidusr</strong></span> <span class='ocrx_word' id='word_1_291' title='bbox 1941 4378 2130 4447; x_wconf 89' lang='lat' dir='ltr'><strong>cibus;</strong></span> 
     </span>
    </p>
   </div>
   <div class='ocr_carea' id='block_1_40' title="bbox 567 4422 2208 4562">
    <p class='ocr_par' dir='ltr' id='par_1_40' title="bbox 567 4422 2208 4562">
     <span class='ocr_line' id='line_1_42' title="bbox 1797 4422 2130 4447; baseline 0 0"><span class='ocrx_word' id='word_1_292' title='bbox 1797 4422 1889 4426; x_wconf 36' lang='grc' dir='ltr'><strong>*ν*</strong></span> <span class='ocrx_word' id='word_1_293' title='bbox 1945 4422 2130 4447; x_wconf 70' lang='grc' dir='ltr'><strong>⁷·υυυ9</strong></span> 
     </span>
     <span class='ocr_line' id='line_1_43' title="bbox 567 4422 2208 4562; baseline 0.022 -68"><span class='ocrx_word' id='word_1_294' title='bbox 567 4422 756 4478; x_wconf 60' lang='lat' dir='ltr'><strong>eorum</strong></span> <span class='ocrx_word' id='word_1_295' title='bbox 807 4432 898 4498; x_wconf 71' lang='lat' dir='ltr'><strong>(illi</strong></span> <span class='ocrx_word' id='word_1_296' title='bbox 946 4449 1045 4503; x_wconf 83' lang='lat' dir='ltr'><strong>pro</strong></span> <span class='ocrx_word' id='word_1_297' title='bbox 1094 4449 1493 4507; x_wconf 89' lang='lat' dir='ltr'><strong>consuetudine</strong></span> <span class='ocrx_word' id='word_1_298' title='bbox 1539 4459 1872 4520; x_wconf 80' lang='lat' dir='ltr'><strong>exercitatos</strong></span> <span class='ocrx_word' id='word_1_299' title='bbox 1930 4468 2129 4530; x_wconf 73' lang='lat' dir='ltr'><strong>habent</strong></span> <span class='ocrx_word' id='word_1_300' title='bbox 2164 4507 2208 4562; x_wconf 69' lang='grc' dir='ltr'>υ</span> 
     </span>
     <span class='ocr_line' id='line_1_44' title="bbox 567 4520 1662 4562; baseline -0.002 0"><span class='ocrx_word' id='word_1_301' title='bbox 567 4528 764 4562; x_wconf 58' lang='grc'><strong>80118113</strong></span> <span class='ocrx_word' id='word_1_302' title='bbox 793 4520 859 4562; x_wconf 69' lang='grc'><strong>2111</strong></span> <span class='ocrx_word' id='word_1_303' title='bbox 884 4522 1266 4562; x_wconf 67' lang='grc' dir='ltr'><strong>ΑἶαρναΙῖΛ-ηη,</strong></span> <span class='ocrx_word' id='word_1_304' title='bbox 1298 4538 1423 4562; x_wconf 31' lang='grc' dir='ltr'><strong>1.Α-..ξ</strong></span> <span class='ocrx_word' id='word_1_305' title='bbox 1465 4552 1504 4562; x_wconf 73' lang='grc'><strong>,.</strong></span> <span class='ocrx_word' id='word_1_306' title='bbox 1628 4548 1662 4562; x_wconf 78' lang='grc' dir='ltr'><strong>ι.</strong></span> 
     </span>
    </p>
   </div>
   <div class='ocr_carea' id='block_1_41' title="bbox 567 4520 1745 4605">
    <p class='ocr_par' dir='ltr' id='par_1_41' title="bbox 567 4520 1745 4605">
     <span class='ocr_line' id='line_1_45' title="bbox 567 4520 1745 4605; baseline 0.033 -41"><span class='ocrx_word' id='word_1_307' title='bbox 567 4528 764 4571; x_wconf 90' lang='lat' dir='ltr'><strong>sensus</strong></span> <span class='ocrx_word' id='word_1_308' title='bbox 793 4520 860 4575; x_wconf 90' lang='lat' dir='ltr'><strong>ad</strong></span> <span class='ocrx_word' id='word_1_309' title='bbox 884 4522 1267 4590; x_wconf 88' lang='lat' dir='ltr'><strong>discretionem</strong></span> <span class='ocrx_word' id='word_1_310' title='bbox 1296 4538 1423 4596; x_wconf 88' lang='lat' dir='ltr'><strong>boni</strong></span> <span class='ocrx_word' id='word_1_311' title='bbox 1455 4552 1510 4599; x_wconf 95' lang='lat' dir='ltr'><strong>et</strong></span> <span class='ocrx_word' id='word_1_312' title='bbox 1536 4548 1688 4605; x_wconf 88' lang='lat' dir='ltr'><strong>mali.</strong></span> <span class='ocrx_word' id='word_1_313' title='bbox 1726 4570 1745 4603; x_wconf 75' lang='grc' dir='ltr'><strong>ι</strong></span> 
     </span>
    </p>
   </div>
   <div class='ocr_carea' id='block_1_42' title="bbox 643 4608 2133 4722">
    <p class='ocr_par' dir='ltr' id='par_1_42' title="bbox 643 4608 2133 4722">
     <span class='ocr_line' id='line_1_46' title="bbox 643 4608 2133 4722; baseline 0.035 -60"><span class='ocrx_word' id='word_1_314' title='bbox 643 4608 755 4664; x_wconf 90' lang='lat' dir='ltr'><strong>Hoc</strong></span> <span class='ocrx_word' id='word_1_315' title='bbox 786 4614 1207 4680; x_wconf 87' lang='lat' dir='ltr'><strong>sollicitudinem</strong></span> <span class='ocrx_word' id='word_1_316' title='bbox 1236 4629 1448 4688; x_wconf 87' lang='lat' dir='ltr'><strong>Domini</strong></span> <span class='ocrx_word' id='word_1_317' title='bbox 1484 4646 1539 4692; x_wconf 90' lang='lat' dir='ltr'><strong>et</strong></span> <span class='ocrx_word' id='word_1_318' title='bbox 1564 4643 1769 4699; x_wconf 90' lang='lat' dir='ltr'><strong>amoris</strong></span> <span class='ocrx_word' id='word_1_319' title='bbox 1800 4663 2133 4722; x_wconf 80' lang='lat' dir='ltr'><strong>exsuperan-</strong></span> 
     </span>
    </p>
   </div>
   <div class='ocr_carea' id='block_1_43' title="bbox 560 4704 2130 4819">
    <p class='ocr_par' dir='ltr' id='par_1_43' title="bbox 560 4704 2130 4819">
     <span class='ocr_line' id='line_1_47' title="bbox 560 4704 2130 4819; baseline 0.026 -61"><span class='ocrx_word' id='word_1_320' title='bbox 560 4704 689 4758; x_wconf 88' lang='lat' dir='ltr'><strong>tiam</strong></span> <span class='ocrx_word' id='word_1_321' title='bbox 721 4711 1085 4767; x_wconf 85' lang='lat' dir='ltr'><strong>commendat.</strong></span> <span class='ocrx_word' id='word_1_322' title='bbox 1120 4715 1255 4774; x_wconf 88' lang='lat' dir='ltr'><strong>Nam</strong></span> <span class='ocrx_word' id='word_1_323' title='bbox 1288 4739 1386 4793; x_wconf 91' lang='lat' dir='ltr'><strong>pro</strong></span> <span class='ocrx_word' id='word_1_324' title='bbox 1426 4737 1662 4802; x_wconf 87' lang='lat' dir='ltr'><strong>utroque</strong></span> <span class='ocrx_word' id='word_1_325' title='bbox 1692 4743 1895 4808; x_wconf 90' lang='lat' dir='ltr'><strong>populo</strong></span> <span class='ocrx_word' id='word_1_326' title='bbox 1923 4704 2130 4819; x_wconf 57' lang='lat' dir='ltr'><strong>sruppli-</strong></span> 
     </span>
     <span class='ocr_line' id='line_1_48' title="bbox 560 4795 1256 4819; baseline 0 0"><span class='ocrx_word' id='word_1_327' title='bbox 560 4795 715 4819; x_wconf 60' lang='grc' dir='ltr'><strong>ηε.-.</strong></span> <span class='ocrx_word' id='word_1_328' title='bbox 782 4798 933 4819; x_wconf 60' lang='grc' dir='ltr'><strong>..-ηε</strong></span> <span class='ocrx_word' id='word_1_329' title='bbox 965 4801 978 4819; x_wconf 91' lang='lat'><strong>.</strong></span> <span class='ocrx_word' id='word_1_330' title='bbox 1014 4818 1019 4819; x_wconf 63' lang='lat'><strong><em>,</em></strong></span> <span class='ocrx_word' id='word_1_331' title='bbox 1158 4808 1171 4819; x_wconf 90' lang='lat'><strong>.</strong></span> <span class='ocrx_word' id='word_1_332' title='bbox 1222 4809 1256 4819; x_wconf 86' lang='lat'><strong>..</strong></span> 
     </span>
    </p>
   </div>
   <div class='ocr_carea' id='block_1_44' title="bbox 558 4795 2014 4898">
    <p class='ocr_par' dir='ltr' id='par_1_44' title="bbox 558 4795 2014 4898">
     <span class='ocr_line' id='line_1_49' title="bbox 558 4795 2014 4898; baseline 0.032 -53"><span class='ocrx_word' id='word_1_333' title='bbox 558 4795 739 4850; x_wconf 89' lang='lat' dir='ltr'><strong>cabat.</strong></span> <span class='ocrx_word' id='word_1_334' title='bbox 771 4798 935 4869; x_wconf 87' lang='lat' dir='ltr'><strong>Atqui</strong></span> <span class='ocrx_word' id='word_1_335' title='bbox 963 4801 1079 4859; x_wconf 58' lang='lat' dir='ltr'><strong>haec</strong></span> <span class='ocrx_word' id='word_1_336' title='bbox 1105 4808 1171 4863; x_wconf 88' lang='lat' dir='ltr'><strong>ad</strong></span> <span class='ocrx_word' id='word_1_337' title='bbox 1205 4795 2014 4898; x_wconf 45' lang='lat' dir='ltr'><strong>dispensationem.pertinentt</strong></span> 
     </span>
    </p>
   </div>
   <div class='ocr_carea' id='block_1_45' title="bbox 1191 4901 1472 4963">
    <p class='ocr_par' dir='ltr' id='par_1_45' title="bbox 1191 4901 1472 4963">
     <span class='ocr_line' id='line_1_50' title="bbox 1191 4901 1472 4963; baseline 0.036 -9"><span class='ocrx_word' id='word_1_338' title='bbox 1191 4901 1341 4958; x_wconf 83' lang='lat' dir='ltr'><strong>CAP.</strong></span> <span class='ocrx_word' id='word_1_339' title='bbox 1386 4906 1472 4963; x_wconf 85' lang='lat' dir='ltr'><strong>Vl.</strong></span> 
     </span>
    </p>
   </div>
   <div class='ocr_carea' id='block_1_46' title="bbox 949 4988 2120 5077">
    <p class='ocr_par' dir='ltr' id='par_1_46' title="bbox 949 4988 2120 5077">
     <span class='ocr_line' id='line_1_51' title="bbox 949 4988 2120 5077; baseline 0.035 -40"><span class='ocrx_word' id='word_1_340' title='bbox 949 5027 962 5039; x_wconf 93' lang='lat'><strong>.</strong></span> <span class='ocrx_word' id='word_1_341' title='bbox 1002 5006 1020 5038; x_wconf 75' lang='grc' dir='ltr'><strong>ι</strong></span> <span class='ocrx_word' id='word_1_342' title='bbox 1050 4988 1394 5065; x_wconf 85' lang='lat' dir='ltr'><strong>Quapropter</strong></span> <span class='ocrx_word' id='word_1_343' title='bbox 1439 5001 1861 5069; x_wconf 87' lang='lat' dir='ltr'><strong>intermittentes</strong></span> <span class='ocrx_word' id='word_1_344' title='bbox 1893 5016 2120 5077; x_wconf 84' lang='lat' dir='ltr'><strong>inchoa-</strong></span> 
     </span>
    </p>
   </div>
   <div class='ocr_carea' id='block_1_47' title="bbox 554 5064 2114 5179">
    <p class='ocr_par' dir='ltr' id='par_1_47' title="bbox 554 5064 2114 5179">
     <span class='ocr_line' id='line_1_52' title="bbox 554 5064 2114 5179; baseline 0.033 -64"><span class='ocrx_word' id='word_1_345' title='bbox 554 5064 724 5122; x_wconf 88' lang='lat' dir='ltr'><strong>tionis</strong></span> <span class='ocrx_word' id='word_1_346' title='bbox 758 5070 961 5129; x_wconf 90' lang='lat' dir='ltr'><strong>Christi</strong></span> <span class='ocrx_word' id='word_1_347' title='bbox 1012 5093 1355 5155; x_wconf 88' lang='lat' dir='ltr'><strong>sermonem,</strong></span> <span class='ocrx_word' id='word_1_348' title='bbox 1382 5092 1449 5145; x_wconf 89' lang='lat' dir='ltr'><strong>ad</strong></span> <span class='ocrx_word' id='word_1_349' title='bbox 1476 5097 1803 5164; x_wconf 82' lang='lat' dir='ltr'><strong>perfectiora</strong></span> <span class='ocrx_word' id='word_1_350' title='bbox 1851 5105 2114 5179; x_wconf 78' lang='lat' dir='ltr'><strong>ieramur,</strong></span> 
     </span>
    </p>
   </div>
   <div class='ocr_carea' id='block_1_48' title="bbox 547 5166 2115 5262">
    <p class='ocr_par' dir='ltr' id='par_1_48' title="bbox 547 5166 2115 5262">
     <span class='ocr_line' id='line_1_53' title="bbox 547 5166 2115 5262; baseline 0.034 -53"><span class='ocrx_word' id='word_1_351' title='bbox 547 5172 617 5213; x_wconf 92' lang='lat' dir='ltr'><strong>ne</strong></span> <span class='ocrx_word' id='word_1_352' title='bbox 643 5175 863 5220; x_wconf 87' lang='lat' dir='ltr'><strong>rursum</strong></span> <span class='ocrx_word' id='word_1_353' title='bbox 885 5166 1157 5236; x_wconf 87' lang='lat' dir='ltr'><strong>jacientes</strong></span> <span class='ocrx_word' id='word_1_354' title='bbox 1203 5176 1621 5244; x_wconf 84' lang='lat' dir='ltr'><strong>fundamentum</strong></span> <span class='ocrx_word' id='word_1_355' title='bbox 1663 5197 1995 5262; x_wconf 68' lang='lat' dir='ltr'><strong>poenitentia:</strong></span> <span class='ocrx_word' id='word_1_356' title='bbox 2046 5206 2115 5262; x_wconf 90' lang='lat' dir='ltr'><strong>ab</strong></span> 
     </span>
    </p>
   </div>
   <div class='ocr_carea' id='block_1_49' title="bbox 542 5251 2103 5358">
    <p class='ocr_par' dir='ltr' id='par_1_49' title="bbox 542 5251 2103 5358">
     <span class='ocr_line' id='line_1_54' title="bbox 542 5251 2103 5358; baseline 0.036 -60"><span class='ocrx_word' id='word_1_357' title='bbox 542 5251 807 5318; x_wconf 86' lang='lat' dir='ltr'><strong>operibus</strong></span> <span class='ocrx_word' id='word_1_358' title='bbox 836 5262 1090 5330; x_wconf 89' lang='lat' dir='ltr'><strong>mortuis,</strong></span> <span class='ocrx_word' id='word_1_359' title='bbox 1142 5268 1197 5322; x_wconf 81' lang='lat' dir='ltr'><strong>et</strong></span> <span class='ocrx_word' id='word_1_360' title='bbox 1232 5269 1357 5326; x_wconf 81' lang='lat' dir='ltr'><strong>ﬁdei</strong></span> <span class='ocrx_word' id='word_1_361' title='bbox 1389 5276 1454 5329; x_wconf 89' lang='lat' dir='ltr'><strong>ad</strong></span> <span class='ocrx_word' id='word_1_362' title='bbox 1485 5251 1679 5349; x_wconf 63' lang='lat' dir='ltr'><strong>Deum;</strong></span> <span class='ocrx_word' id='word_1_363' title='bbox 1720 5285 2103 5358; x_wconf 88' lang='lat' dir='ltr'><strong>baptismatum</strong></span> 
     </span>
    </p>
   </div>
   <div class='ocr_carea' id='block_1_50' title="bbox 536 5339 873 5413">
    <p class='ocr_par' dir='ltr' id='par_1_50' title="bbox 536 5339 873 5413">
     <span class='ocr_line' id='line_1_55' title="bbox 536 5339 873 5413; baseline 0.039 -22"><span class='ocrx_word' id='word_1_364' title='bbox 536 5339 822 5413; x_wconf 67' lang='lat' dir='ltr'><strong>doctrinm,</strong></span> <span class='ocrx_word' id='word_1_365' title='bbox 854 5366 873 5413; x_wconf 68' lang='grc' dir='ltr'><strong>ρ</strong></span> 
     </span>
    </p>
   </div>
   <div class='ocr_carea' id='block_1_51' title="bbox 610 5430 2101 5549">
    <p class='ocr_par' dir='ltr' id='par_1_51' title="bbox 610 5430 2101 5549">
     <span class='ocr_line' id='line_1_56' title="bbox 610 5430 2101 5549; baseline 0.036 -65"><span class='ocrx_word' id='word_1_366' title='bbox 610 5430 1005 5497; x_wconf 80' lang='lat' dir='ltr'><strong>Inchoatiouem</strong></span> <span class='ocrx_word' id='word_1_367' title='bbox 1053 5449 1185 5504; x_wconf 89' lang='lat' dir='ltr'><strong>dicit</strong></span> <span class='ocrx_word' id='word_1_368' title='bbox 1211 5452 1622 5517; x_wconf 79' lang='lat' dir='ltr'><strong>fundamentum</strong></span> <span class='ocrx_word' id='word_1_369' title='bbox 1653 5472 1798 5537; x_wconf 92' lang='lat' dir='ltr'><strong>quod</strong></span> <span class='ocrx_word' id='word_1_370' title='bbox 1827 5472 1930 5532; x_wconf 78' lang='lat' dir='ltr'><strong>{ide</strong></span> <span class='ocrx_word' id='word_1_371' title='bbox 1960 5479 2101 5549; x_wconf 88' lang='lat' dir='ltr'><strong>jaci-</strong></span> 
     </span>
    </p>
   </div>
   <div class='ocr_carea' id='block_1_52' title="bbox 538 5530 2098 5643">
    <p class='ocr_par' dir='ltr' id='par_1_52' title="bbox 538 5530 2098 5643">
     <span class='ocr_line' id='line_1_57' title="bbox 1671 5530 2068 5549; baseline -0.005 -12"><span class='ocrx_word' id='word_1_372' title='bbox 1671 5530 1685 5537; x_wconf 89' lang='lat'><strong>-</strong></span> <span class='ocrx_word' id='word_1_373' title='bbox 1910 5530 1923 5532; x_wconf 79' lang='lat'><strong>-</strong></span> <span class='ocrx_word' id='word_1_374' title='bbox 1960 5530 2068 5549; x_wconf 49' lang='grc' dir='ltr'><strong>Γ--</strong></span> 
     </span>
     <span class='ocr_line' id='line_1_58' title="bbox 538 5530 2098 5643; baseline 0.034 -71"><span class='ocrx_word' id='word_1_375' title='bbox 538 5532 657 5586; x_wconf 76' lang='lat' dir='ltr'><strong>tur;</strong></span> <span class='ocrx_word' id='word_1_376' title='bbox 704 5530 1073 5597; x_wconf 73' lang='grc' dir='ltr'>ΡενῙεείίοηεηι</span> <span class='ocrx_word' id='word_1_377' title='bbox 1132 5557 1285 5610; x_wconf 91' lang='lat' dir='ltr'><strong>vero,</strong></span> <span class='ocrx_word' id='word_1_378' title='bbox 1343 5557 1773 5616; x_wconf 78' lang='lat' dir='ltr'><strong>exstructionem</strong></span> <span class='ocrx_word' id='word_1_379' title='bbox 1838 5583 1960 5637; x_wconf 66' lang='lat' dir='ltr'><strong>(una:</strong></span> <span class='ocrx_word' id='word_1_380' title='bbox 2003 5589 2098 5643; x_wconf 76' lang='lat' dir='ltr'><strong>per</strong></span> 
     </span>
     <span class='ocr_line' id='line_1_59' title="bbox 538 5616 1255 5643; baseline 0 0"><span class='ocrx_word' id='word_1_381' title='bbox 538 5616 772 5643; x_wconf 62' lang='lat' dir='ltr'><strong>ﬂ--&#39;:.\-‘A-</strong></span> <span class='ocrx_word' id='word_1_382' title='bbox 813 5623 892 5643; x_wconf 55' lang='lat' dir='ltr'><strong>LA-</strong></span> <span class='ocrx_word' id='word_1_383' title='bbox 930 5642 935 5643; x_wconf 37' lang='grc' dir='ltr'><em>γ</em></span> <span class='ocrx_word' id='word_1_384' title='bbox 1246 5638 1255 5643; x_wconf 87' lang='grc'>.</span> 
     </span>
    </p>
   </div>
   <div class='ocr_carea' id='block_1_53' title="bbox 428 5616 1301 5706">
    <p class='ocr_par' dir='ltr' id='par_1_53' title="bbox 428 5616 1301 5706">
     <span class='ocr_line' id='line_1_60' title="bbox 428 5616 1301 5706; baseline 0.036 -46"><span class='ocrx_word' id='word_1_385' title='bbox 428 5636 434 5643; x_wconf 92' lang='grc'><strong><em>-</em></strong></span> <span class='ocrx_word' id='word_1_386' title='bbox 533 5616 774 5675; x_wconf 81' lang='lat' dir='ltr'><strong>actiones</strong></span> <span class='ocrx_word' id='word_1_387' title='bbox 810 5623 979 5683; x_wconf 87' lang='lat' dir='ltr'><strong>bonas</strong></span> <span class='ocrx_word' id='word_1_388' title='bbox 1004 5638 1301 5706; x_wconf 77' lang='lat' dir='ltr'><strong>consurgit.</strong></span> 
     </span>
    </p>
   </div>
   <div class='ocr_carea' id='block_1_54' title="bbox 582 5729 1585 5823">
    <p class='ocr_par' dir='ltr' id='par_1_54' title="bbox 582 5729 1585 5823">
     <span class='ocr_line' id='line_1_61' title="bbox 582 5729 1585 5823; baseline 0.032 -42"><span class='ocrx_word' id='word_1_389' title='bbox 582 5729 629 5761; x_wconf 83' lang='lat'><strong>&quot;</strong></span> <span class='ocrx_word' id='word_1_390' title='bbox 664 5730 765 5788; x_wconf 88' lang='lat' dir='ltr'><strong>lsa.</strong></span> <span class='ocrx_word' id='word_1_391' title='bbox 793 5751 911 5804; x_wconf 84' lang='lat' dir='ltr'><strong>LIII,</strong></span> <span class='ocrx_word' id='word_1_392' title='bbox 944 5742 996 5805; x_wconf 87' lang='lat'><strong>9,</strong></span> <span class='ocrx_word' id='word_1_393' title='bbox 1086 5749 1139 5780; x_wconf 79' lang='grc'><strong>’³</strong></span> <span class='ocrx_word' id='word_1_394' title='bbox 1167 5747 1321 5807; x_wconf 81' lang='lat' dir='ltr'><strong>Joan.</strong></span> <span class='ocrx_word' id='word_1_395' title='bbox 1352 5771 1463 5823; x_wconf 74' lang='lat' dir='ltr'><strong>vni,</strong></span> <span class='ocrx_word' id='word_1_396' title='bbox 1505 5759 1585 5816; x_wconf 78' lang='grc' dir='ltr'><strong>Η.</strong></span> 
     </span>
    </p>
   </div>
   <div class='ocr_carea' id='block_1_55' title="bbox 1814 314 2161 427">
    <p class='ocr_par' dir='ltr' id='par_1_55' title="bbox 1814 314 2161 383">
     <span class='ocr_line' id='line_1_62' title="bbox 1814 314 2161 383; baseline 0.014 -5"><span class='ocrx_word' id='word_1_397' title='bbox 1814 314 2161 383; x_wconf 66' lang='lat' dir='ltr'><strong>S.&#39;JOANN1</strong></span> 
     </span>
    </p>
   </div>
   <div class='ocr_carea' id='block_1_56' title="bbox 2267 314 3851 427">
    <p class='ocr_par' dir='ltr' id='par_1_56' title="bbox 2267 328 3851 427">
     <span class='ocr_line' id='line_1_63' title="bbox 2267 328 3851 427; baseline 0.027 -42"><span class='ocrx_word' id='word_1_398' title='bbox 2267 328 2680 397; x_wconf 82' lang='lat' dir='ltr'><strong>DAMASCENI</strong></span> <span class='ocrx_word' id='word_1_399' title='bbox 3771 361 3851 427; x_wconf 71' lang='lat'><strong>952</strong></span> 
     </span>
    </p>
   </div>
   <div class='ocr_carea' id='block_1_57' title="bbox 2380 723 3854 818">
    <p class='ocr_par' dir='ltr' id='par_1_57' title="bbox 2380 723 3854 818">
     <span class='ocr_line' id='line_1_64' title="bbox 2380 723 3854 818; baseline 0.018 -43"><span class='ocrx_word' id='word_1_400' title='bbox 2380 723 2674 797; x_wconf 84' lang='grc' dir='ltr'>Σύγκρισιν</span> <span class='ocrx_word' id='word_1_401' title='bbox 2721 730 3040 803; x_wconf 81' lang='grc' dir='ltr'>ποιούμενος</span> <span class='ocrx_word' id='word_1_402' title='bbox 3084 736 3192 790; x_wconf 87' lang='grc' dir='ltr'><strong>τῶν</strong></span> <span class='ocrx_word' id='word_1_403' title='bbox 3218 739 3515 812; x_wconf 77' lang='grc' dir='ltr'><strong>διαθηκῶν,</strong></span> <span class='ocrx_word' id='word_1_404' title='bbox 3545 745 3657 799; x_wconf 81' lang='grc' dir='ltr'>ἀπὸ</span> <span class='ocrx_word' id='word_1_405' title='bbox 3691 748 3854 818; x_wconf 77' lang='grc' dir='ltr'>ἱερέων</span> 
     </span>
    </p>
   </div>
   <div class='ocr_carea' id='block_1_58' title="bbox 2308 813 3855 911">
    <p class='ocr_par' dir='ltr' id='par_1_58' title="bbox 2308 813 3855 911">
     <span class='ocr_line' id='line_1_65' title="bbox 2308 813 3855 911; baseline 0.019 -44"><span class='ocrx_word' id='word_1_406' title='bbox 2308 813 2556 885; x_wconf 81' lang='grc' dir='ltr'>ἄρχεται.</span> <span class='ocrx_word' id='word_1_407' title='bbox 2591 821 2913 891; x_wconf 80' lang='grc' dir='ltr'>Ἐργάζεται</span> <span class='ocrx_word' id='word_1_408' title='bbox 2944 826 3001 881; x_wconf 79' lang='grc' dir='ltr'>δὲ</span> <span class='ocrx_word' id='word_1_409' title='bbox 3025 830 3194 901; x_wconf 84' lang='grc' dir='ltr'>αὐτὴν</span> <span class='ocrx_word' id='word_1_410' title='bbox 3226 833 3429 896; x_wconf 76' lang='grc' dir='ltr'>οὕτως’</span> <span class='ocrx_word' id='word_1_411' title='bbox 3459 836 3539 890; x_wconf 81' lang='grc' dir='ltr'>ὅτι</span> <span class='ocrx_word' id='word_1_412' title='bbox 3567 842 3617 891; x_wconf 86' lang='grc' dir='ltr'><strong>οί</strong></span> <span class='ocrx_word' id='word_1_413' title='bbox 3650 813 3755 909; x_wconf 76' lang='grc' dir='ltr'>μὲν</span> <span class='ocrx_word' id='word_1_414' title='bbox 3780 843 3855 911; x_wconf 74' lang='grc' dir='ltr'>τῆς</span> 
     </span>
    </p>
   </div>
   <div class='ocr_carea' id='block_1_59' title="bbox 2307 908 3854 1002">
    <p class='ocr_par' dir='ltr' id='par_1_59' title="bbox 2307 908 3854 1002">
     <span class='ocr_line' id='line_1_66' title="bbox 2307 908 3854 1002; baseline 0.019 -43"><span class='ocrx_word' id='word_1_415' title='bbox 2307 908 2564 978; x_wconf 82' lang='grc' dir='ltr'>παλαιᾶς,</span> <span class='ocrx_word' id='word_1_416' title='bbox 2616 913 2677 979; x_wconf 79' lang='grc' dir='ltr'><strong>ἐξ</strong></span> <span class='ocrx_word' id='word_1_417' title='bbox 2730 916 3032 990; x_wconf 87' lang='grc' dir='ltr'>ἀνθρώπων</span> <span class='ocrx_word' id='word_1_418' title='bbox 3076 917 3237 993; x_wconf 82' lang='grc' dir='ltr'>ἦσαν,</span> <span class='ocrx_word' id='word_1_419' title='bbox 3268 928 3296 979; x_wconf 84' lang='grc' dir='ltr'>ὁ</span> <span class='ocrx_word' id='word_1_420' title='bbox 3324 927 3379 979; x_wconf 83' lang='grc' dir='ltr'>δὲ</span> <span class='ocrx_word' id='word_1_421' title='bbox 3414 929 3511 1000; x_wconf 81' lang='grc' dir='ltr'>τῆς</span> <span class='ocrx_word' id='word_1_422' title='bbox 3544 908 3775 1002; x_wconf 80' lang='grc' dir='ltr'>καινῆς.</span> <span class='ocrx_word' id='word_1_423' title='bbox 3806 908 3854 989; x_wconf 69' lang='grc' dir='ltr'>ὲκ</span> 
     </span>
    </p>
   </div>
   <div class='ocr_carea' id='block_1_60' title="bbox 2306 1001 3853 1091">
    <p class='ocr_par' dir='ltr' id='par_1_60' title="bbox 2306 1001 3853 1091">
     <span class='ocr_line' id='line_1_67' title="bbox 2306 1001 3853 1091; baseline 0.017 -38"><span class='ocrx_word' id='word_1_424' title='bbox 2306 1001 2624 1074; x_wconf 85' lang='grc' dir='ltr'>Πνεύματος</span> <span class='ocrx_word' id='word_1_425' title='bbox 2654 1009 2831 1077; x_wconf 81' lang='grc' dir='ltr'><strong>ἁγίου,</strong></span> <span class='ocrx_word' id='word_1_426' title='bbox 2862 1013 2911 1065; x_wconf 84' lang='grc' dir='ltr'><strong>εἰ</strong></span> <span class='ocrx_word' id='word_1_427' title='bbox 2949 1014 3043 1067; x_wconf 77' lang='grc' dir='ltr'>καὶ</span> <span class='ocrx_word' id='word_1_428' title='bbox 3075 1015 3362 1087; x_wconf 79' lang='grc' dir='ltr'>ἄνθρωπος</span> <span class='ocrx_word' id='word_1_429' title='bbox 3416 1021 3659 1091; x_wconf 86' lang='grc' dir='ltr'>γέγονεν.</span> <span class='ocrx_word' id='word_1_430' title='bbox 3698 1001 3803 1078; x_wconf 71' lang='grc' dir='ltr'><strong>Καὶ</strong></span> <span class='ocrx_word' id='word_1_431' title='bbox 3832 1031 3853 1082; x_wconf 76' lang='grc' dir='ltr'>ὁ</span> 
     </span>
    </p>
   </div>
   <div class='ocr_carea' id='block_1_61' title="bbox 2306 1097 3855 1186">
    <p class='ocr_par' dir='ltr' id='par_1_61' title="bbox 2306 1097 3855 1186">
     <span class='ocr_line' id='line_1_68' title="bbox 2306 1097 3855 1186; baseline 0.012 -35"><span class='ocrx_word' id='word_1_432' title='bbox 2306 1097 2405 1167; x_wconf 87' lang='grc' dir='ltr'>μὲν</span> <span class='ocrx_word' id='word_1_433' title='bbox 2443 1100 2751 1171; x_wconf 87' lang='grc' dir='ltr'>περίκειται</span> <span class='ocrx_word' id='word_1_434' title='bbox 2795 1103 3113 1171; x_wconf 83' lang='grc' dir='ltr'>ἀσθένειαν,</span> <span class='ocrx_word' id='word_1_435' title='bbox 3155 1109 3184 1161; x_wconf 88' lang='grc' dir='ltr'><strong>ό</strong></span> <span class='ocrx_word' id='word_1_436' title='bbox 3220 1109 3276 1163; x_wconf 85' lang='grc' dir='ltr'>δὲ</span> <span class='ocrx_word' id='word_1_437' title='bbox 3304 1110 3694 1184; x_wconf 81' lang='grc' dir='ltr'><strong>ἀναμάρτητος</strong></span> <span class='ocrx_word' id='word_1_438' title='bbox 3732 1114 3855 1186; x_wconf 80' lang='grc' dir='ltr'>ἔμει-</span> 
     </span>
    </p>
   </div>
   <div class='ocr_carea' id='block_1_62' title="bbox 2302 1194 3849 1275">
    <p class='ocr_par' dir='ltr' id='par_1_62' title="bbox 2302 1194 3849 1275">
     <span class='ocr_line' id='line_1_69' title="bbox 2302 1194 3849 1275; baseline 0.013 -31"><span class='ocrx_word' id='word_1_439' title='bbox 2302 1208 2392 1245; x_wconf 89' lang='grc' dir='ltr'><strong>νεν</strong></span> <span class='ocrx_word' id='word_1_440' title='bbox 2418 1205 2432 1220; x_wconf 84' lang='grc'><em>’</em></span> <span class='ocrx_word' id='word_1_441' title='bbox 2464 1195 2546 1248; x_wconf 88' lang='grc' dir='ltr'><strong>Οὐ</strong></span> <span class='ocrx_word' id='word_1_442' title='bbox 2579 1194 2688 1265; x_wconf 59' lang='grc' dir='ltr'>γὰρ</span> <span class='ocrx_word' id='word_1_443' title='bbox 2714 1197 2937 1266; x_wconf 83' lang='grc' dir='ltr'><strong>ηὑρέθη</strong></span> <span class='ocrx_word' id='word_1_444' title='bbox 2967 1198 3148 1267; x_wconf 75' lang='grc' dir='ltr'>δόλος</span> <span class='ocrx_word' id='word_1_445' title='bbox 3169 1201 3240 1256; x_wconf 77' lang='grc' dir='ltr'><strong>ἐν</strong></span> <span class='ocrx_word' id='word_1_446' title='bbox 3261 1202 3342 1269; x_wconf 82' lang='grc' dir='ltr'>τῷ</span> <span class='ocrx_word' id='word_1_447' title='bbox 3379 1208 3634 1275; x_wconf 80' lang='grc' dir='ltr'>στόματι</span> <span class='ocrx_word' id='word_1_448' title='bbox 3663 1210 3849 1265; x_wconf 81' lang='grc' dir='ltr'>αὐτοῦ.</span> 
     </span>
    </p>
   </div>
   <div class='ocr_carea' id='block_1_63' title="bbox 2369 1414 3849 1537">
    <p class='ocr_par' dir='ltr' id='par_1_63' title="bbox 2369 1414 3849 1537">
     <span class='ocr_line' id='line_1_70' title="bbox 2369 1414 3849 1537; baseline 0.01 -27"><span class='ocrx_word' id='word_1_449' title='bbox 2369 1414 2580 1531; x_wconf 49' lang='grc' dir='ltr'>Ὠσῖιτερ</span> <span class='ocrx_word' id='word_1_450' title='bbox 2614 1460 2850 1533; x_wconf 78' lang='grc' dir='ltr'>ὲκδέρων</span> <span class='ocrx_word' id='word_1_451' title='bbox 2901 1480 2986 1528; x_wconf 86' lang='grc' dir='ltr'><strong>τις</strong></span> <span class='ocrx_word' id='word_1_452' title='bbox 3032 1465 3102 1518; x_wconf 84' lang='grc' dir='ltr'><strong>τά</strong></span> <span class='ocrx_word' id='word_1_453' title='bbox 3160 1466 3351 1537; x_wconf 84' lang='grc' dir='ltr'>ἰερεῖα,</span> <span class='ocrx_word' id='word_1_454' title='bbox 3383 1468 3565 1522; x_wconf 85' lang='grc' dir='ltr'>πάντα</span> <span class='ocrx_word' id='word_1_455' title='bbox 3609 1470 3683 1522; x_wconf 86' lang='grc' dir='ltr'><strong>τά</strong></span> <span class='ocrx_word' id='word_1_456' title='bbox 3734 1469 3849 1525; x_wconf 64' lang='grc' dir='ltr'>ἔνδον</span> 
     </span>
    </p>
   </div>
   <div class='ocr_carea' id='block_1_64' title="bbox 2296 1550 3797 1631">
    <p class='ocr_par' dir='ltr' id='par_1_64' title="bbox 2296 1550 3797 1631">
     <span class='ocr_line' id='line_1_71' title="bbox 2296 1550 3797 1631; baseline 0.01 -29"><span class='ocrx_word' id='word_1_457' title='bbox 2296 1550 2429 1621; x_wconf 82' lang='grc' dir='ltr'>δῆλα</span> <span class='ocrx_word' id='word_1_458' title='bbox 2462 1554 2626 1619; x_wconf 84' lang='grc' dir='ltr'>ποιεῖ,</span> <span class='ocrx_word' id='word_1_459' title='bbox 2658 1552 2833 1618; x_wconf 78' lang='grc' dir='ltr'>οὕτως</span> <span class='ocrx_word' id='word_1_460' title='bbox 2864 1554 2943 1625; x_wconf 82' lang='grc' dir='ltr'>τῷ</span> <span class='ocrx_word' id='word_1_461' title='bbox 2966 1556 3085 1628; x_wconf 80' lang='grc' dir='ltr'><strong>Θεῷ</strong></span> <span class='ocrx_word' id='word_1_462' title='bbox 3112 1557 3244 1629; x_wconf 80' lang='grc' dir='ltr'>δῆλα</span> <span class='ocrx_word' id='word_1_463' title='bbox 3284 1560 3574 1631; x_wconf 86' lang='grc' dir='ltr'>πρόκειται</span> <span class='ocrx_word' id='word_1_464' title='bbox 3599 1563 3797 1617; x_wconf 82' lang='grc' dir='ltr'>πάντα.</span> 
     </span>
    </p>
   </div>
   <div class='ocr_carea' id='block_1_65' title="bbox 2371 1644 3847 1724">
    <p class='ocr_par' dir='ltr' id='par_1_65' title="bbox 2371 1644 3847 1724">
     <span class='ocr_line' id='line_1_72' title="bbox 2371 1644 3847 1724; baseline 0.009 -29"><span class='ocrx_word' id='word_1_465' title='bbox 2371 1662 2389 1694; x_wconf 86' lang='grc'><strong><em>‹</em></strong></span> <span class='ocrx_word' id='word_1_466' title='bbox 2426 1644 2692 1717; x_wconf 85' lang='grc' dir='ltr'><strong>Καθάπερ</strong></span> <span class='ocrx_word' id='word_1_467' title='bbox 2718 1647 2813 1701; x_wconf 71' lang='grc' dir='ltr'>καὶ</span> <span class='ocrx_word' id='word_1_468' title='bbox 2862 1648 3071 1720; x_wconf 85' lang='grc' dir='ltr'>Ἀαρών</span> <span class='ocrx_word' id='word_1_469' title='bbox 3094 1666 3107 1679; x_wconf 86' lang='grc'><strong>·</strong></span> <span class='ocrx_word' id='word_1_470' title='bbox 3142 1650 3282 1704; x_wconf 77' lang='grc' dir='ltr'>οὕτω</span> <span class='ocrx_word' id='word_1_471' title='bbox 3314 1651 3373 1705; x_wconf 84' lang='grc' dir='ltr'>δὲ</span> <span class='ocrx_word' id='word_1_472' title='bbox 3404 1653 3497 1705; x_wconf 73' lang='grc' dir='ltr'>καὶ</span> <span class='ocrx_word' id='word_1_473' title='bbox 3537 1656 3568 1707; x_wconf 87' lang='grc' dir='ltr'><strong>ό</strong></span> <span class='ocrx_word' id='word_1_474' title='bbox 3612 1654 3847 1724; x_wconf 82' lang='grc' dir='ltr'>Χριστὸς,</span> 
     </span>
    </p>
   </div>
   <div class='ocr_carea' id='block_1_66' title="bbox 2293 1734 3849 1820">
    <p class='ocr_par' dir='ltr' id='par_1_66' title="bbox 2293 1734 3849 1820">
     <span class='ocr_line' id='line_1_73' title="bbox 2293 1734 3849 1820; baseline 0.01 -33"><span class='ocrx_word' id='word_1_475' title='bbox 2293 1734 2390 1805; x_wconf 80' lang='grc' dir='ltr'>οὐχ</span> <span class='ocrx_word' id='word_1_476' title='bbox 2420 1737 2613 1792; x_wconf 80' lang='grc' dir='ltr'>ἑαυτὸν</span> <span class='ocrx_word' id='word_1_477' title='bbox 2640 1738 2857 1806; x_wconf 81' lang='grc' dir='ltr'>ὲδόξασε</span> <span class='ocrx_word' id='word_1_478' title='bbox 2880 1742 3176 1813; x_wconf 83' lang='grc' dir='ltr'><strong>γενηθῆναι</strong></span> <span class='ocrx_word' id='word_1_479' title='bbox 3196 1743 3478 1816; x_wconf 88' lang='grc' dir='ltr'>ἀρχιερέα,</span> <span class='ocrx_word' id='word_1_480' title='bbox 3509 1746 3627 1800; x_wconf 80' lang='grc' dir='ltr'>ἀλλ’</span> <span class='ocrx_word' id='word_1_481' title='bbox 3654 1750 3687 1801; x_wconf 81' lang='grc' dir='ltr'><strong>ὁ</strong></span> <span class='ocrx_word' id='word_1_482' title='bbox 3714 1746 3849 1820; x_wconf 66' lang='grc' dir='ltr'>λαλή-</span> 
     </span>
    </p>
   </div>
   <div class='ocr_carea' id='block_1_67' title="bbox 2219 1806 3292 1901">
    <p class='ocr_par' dir='ltr' id='par_1_67' title="bbox 2219 1806 3292 1901">
     <span class='ocr_line' id='line_1_74' title="bbox 2219 1806 3292 1901; baseline 0.007 -25"><span class='ocrx_word' id='word_1_483' title='bbox 2219 1806 2262 1862; x_wconf 78' lang='lat' dir='ltr'><strong>B</strong></span> <span class='ocrx_word' id='word_1_484' title='bbox 2293 1839 2392 1887; x_wconf 93' lang='grc' dir='ltr'><strong>σας</strong></span> <span class='ocrx_word' id='word_1_485' title='bbox 2416 1826 2552 1896; x_wconf 87' lang='grc' dir='ltr'>πρὸς</span> <span class='ocrx_word' id='word_1_486' title='bbox 2572 1827 2754 1893; x_wconf 83' lang='grc' dir='ltr'>αὐτὸν,</span> <span class='ocrx_word' id='word_1_487' title='bbox 2786 1806 2912 1893; x_wconf 81' lang='grc' dir='ltr'>Υἱός</span> <span class='ocrx_word' id='word_1_488' title='bbox 2936 1806 3038 1901; x_wconf 80' lang='grc' dir='ltr'><strong>μου</strong></span> <span class='ocrx_word' id='word_1_489' title='bbox 3071 1806 3125 1884; x_wconf 51' lang='lat' dir='ltr'><strong>Et</strong></span> <span class='ocrx_word' id='word_1_490' title='bbox 3149 1806 3248 1886; x_wconf 44' lang='grc' dir='ltr'><strong>σύ..</strong></span> 
     </span>
    </p>
   </div>
   <div class='ocr_carea' id='block_1_68' title="bbox 2374 1917 3843 1998">
    <p class='ocr_par' dir='ltr' id='par_1_68' title="bbox 2374 1917 3843 1998">
     <span class='ocr_line' id='line_1_75' title="bbox 2374 1917 3843 1998; baseline 0.01 -27"><span class='ocrx_word' id='word_1_491' title='bbox 2374 1917 2636 1973; x_wconf 83' lang='grc' dir='ltr'><strong>Ἐνταῦθα</strong></span> <span class='ocrx_word' id='word_1_492' title='bbox 2685 1921 2871 1993; x_wconf 74' lang='grc' dir='ltr'>ἕτερον</span> <span class='ocrx_word' id='word_1_493' title='bbox 2901 1924 3064 1979; x_wconf 85' lang='grc' dir='ltr'>πάλιν</span> <span class='ocrx_word' id='word_1_494' title='bbox 3113 1925 3428 1998; x_wconf 84' lang='grc' dir='ltr'>θεραπεύει,</span> <span class='ocrx_word' id='word_1_495' title='bbox 3463 1929 3547 1983; x_wconf 85' lang='grc' dir='ltr'>ὅτι</span> <span class='ocrx_word' id='word_1_496' title='bbox 3582 1930 3696 1985; x_wconf 78' lang='grc' dir='ltr'>ἀπὸ</span> <span class='ocrx_word' id='word_1_497' title='bbox 3734 1932 3843 1986; x_wconf 77' lang='grc' dir='ltr'>Θεοῦ</span> 
     </span>
    </p>
   </div>
   <div class='ocr_carea' id='block_1_69' title="bbox 2288 2010 3846 2101">
    <p class='ocr_par' dir='ltr' id='par_1_69' title="bbox 2288 2010 3846 2101">
     <span class='ocr_line' id='line_1_76' title="bbox 2288 2010 3846 2101; baseline 0.012 -40"><span class='ocrx_word' id='word_1_498' title='bbox 2288 2010 2642 2101; x_wconf 48' lang='grc' dir='ltr'>ἀπέσταὶλται.</span> <span class='ocrx_word' id='word_1_499' title='bbox 2680 2016 2745 2067; x_wconf 90' lang='grc' dir='ltr'>Ὃ</span> <span class='ocrx_word' id='word_1_500' title='bbox 2781 2015 2894 2069; x_wconf 84' lang='grc' dir='ltr'><strong>ἀνω</strong></span> <span class='ocrx_word' id='word_1_501' title='bbox 2923 2016 3019 2069; x_wconf 75' lang='grc' dir='ltr'>καὶ</span> <span class='ocrx_word' id='word_1_502' title='bbox 3047 2018 3197 2072; x_wconf 87' lang='grc' dir='ltr'>κάτω</span> <span class='ocrx_word' id='word_1_503' title='bbox 3240 2020 3515 2085; x_wconf 77' lang='grc' dir='ltr'>Ἰουδαίοις</span> <span class='ocrx_word' id='word_1_504' title='bbox 3540 2022 3846 2094; x_wconf 81' lang='grc' dir='ltr'>διαλεγόμε-</span> 
     </span>
    </p>
   </div>
   <div class='ocr_carea' id='block_1_70' title="bbox 2287 2105 3821 2188">
    <p class='ocr_par' dir='ltr' id='par_1_70' title="bbox 2287 2105 3821 2188">
     <span class='ocr_line' id='line_1_77' title="bbox 2287 2105 3821 2188; baseline 0.012 -31"><span class='ocrx_word' id='word_1_505' title='bbox 2287 2121 2376 2169; x_wconf 88' lang='grc' dir='ltr'><strong>νος</strong></span> <span class='ocrx_word' id='word_1_506' title='bbox 2407 2105 2591 2175; x_wconf 81' lang='grc' dir='ltr'>ἔλεγεν</span> <span class='ocrx_word' id='word_1_507' title='bbox 2618 2109 2647 2161; x_wconf 86' lang='grc' dir='ltr'><strong>ό</strong></span> <span class='ocrx_word' id='word_1_508' title='bbox 2669 2110 2922 2180; x_wconf 84' lang='grc' dir='ltr'>Χριστὸς,</span> <span class='ocrx_word' id='word_1_509' title='bbox 2965 2112 3080 2167; x_wconf 83' lang='grc' dir='ltr'><strong>Ἀπ’</strong></span> <span class='ocrx_word' id='word_1_510' title='bbox 3100 2113 3361 2185; x_wconf 83' lang='grc' dir='ltr'><strong>ἐμαυτοῦ</strong></span> <span class='ocrx_word' id='word_1_511' title='bbox 3393 2117 3506 2171; x_wconf 80' lang='grc' dir='ltr'>οὐκ</span> <span class='ocrx_word' id='word_1_512' title='bbox 3530 2118 3821 2188; x_wconf 70' lang='grc' dir='ltr'>ἐλήλυθα.</span> 
     </span>
    </p>
   </div>
   <div class='ocr_carea' id='block_1_71' title="bbox 2360 2288 3840 2362">
    <p class='ocr_par' dir='ltr' id='par_1_71' title="bbox 2360 2288 3840 2362">
     <span class='ocr_line' id='line_1_78' title="bbox 2360 2288 3840 2362; baseline 0.004 -21"><span class='ocrx_word' id='word_1_513' title='bbox 2360 2308 2378 2341; x_wconf 74' lang='grc' dir='ltr'><strong>ι</strong></span> <span class='ocrx_word' id='word_1_514' title='bbox 2430 2288 2570 2358; x_wconf 86' lang='grc' dir='ltr'><strong>Ἐγὼ</strong></span> <span class='ocrx_word' id='word_1_515' title='bbox 2610 2291 2850 2362; x_wconf 82' lang='grc' dir='ltr'><strong>σήμερον</strong></span> <span class='ocrx_word' id='word_1_516' title='bbox 2897 2292 3203 2362; x_wconf 87' lang='grc' dir='ltr'>γεγέννηκά</span> <span class='ocrx_word' id='word_1_517' title='bbox 3266 2308 3363 2346; x_wconf 78' lang='grc' dir='ltr'>σε’</span> <span class='ocrx_word' id='word_1_518' title='bbox 3410 2291 3601 2357; x_wconf 87' lang='grc' dir='ltr'>καθὼς</span> <span class='ocrx_word' id='word_1_519' title='bbox 3651 2294 3753 2347; x_wconf 79' lang='grc' dir='ltr'>καὶ</span> <span class='ocrx_word' id='word_1_520' title='bbox 3796 2294 3840 2347; x_wconf 71' lang='grc' dir='ltr'>ἐν</span> 
     </span>
    </p>
   </div>
   <div class='ocr_carea' id='block_1_72' title="bbox 2282 2381 3459 2454">
    <p class='ocr_par' dir='ltr' id='par_1_72' title="bbox 2282 2381 3459 2454">
     <span class='ocr_line' id='line_1_79' title="bbox 2282 2381 3459 2454; baseline 0 -18"><span class='ocrx_word' id='word_1_521' title='bbox 2282 2382 2451 2450; x_wconf 82' lang='grc' dir='ltr'>ἑτέρῳ</span> <span class='ocrx_word' id='word_1_522' title='bbox 2485 2381 2741 2452; x_wconf 84' lang='grc' dir='ltr'>λέγει,Σὺ</span> <span class='ocrx_word' id='word_1_523' title='bbox 2774 2384 2951 2454; x_wconf 84' lang='grc' dir='ltr'>ἱερεὺς</span> <span class='ocrx_word' id='word_1_524' title='bbox 2979 2387 3059 2447; x_wconf 87' lang='grc' dir='ltr'><strong>εἰς</strong></span> <span class='ocrx_word' id='word_1_525' title='bbox 3087 2385 3178 2439; x_wconf 81' lang='grc' dir='ltr'>τὸν</span> <span class='ocrx_word' id='word_1_526' title='bbox 3205 2384 3394 2439; x_wconf 80' lang='grc' dir='ltr'>αἰῶνα.</span> <span class='ocrx_word' id='word_1_527' title='bbox 3439 2404 3459 2436; x_wconf 76' lang='grc' dir='ltr'><strong>ι</strong></span> 
     </span>
    </p>
   </div>
   <div class='ocr_carea' id='block_1_73' title="bbox 2353 2475 3838 2551">
    <p class='ocr_par' dir='ltr' id='par_1_73' title="bbox 2353 2475 3838 2551">
     <span class='ocr_line' id='line_1_80' title="bbox 2353 2475 3838 2551; baseline 0.004 -24"><span class='ocrx_word' id='word_1_528' title='bbox 2353 2475 2527 2529; x_wconf 88' lang='grc' dir='ltr'>Τοῦτο</span> <span class='ocrx_word' id='word_1_529' title='bbox 2578 2478 3000 2551; x_wconf 82' lang='grc' dir='ltr'>προκατασκευή</span> <span class='ocrx_word' id='word_1_530' title='bbox 3045 2478 3161 2533; x_wconf 77' lang='grc' dir='ltr'>ἐστι</span> <span class='ocrx_word' id='word_1_531' title='bbox 3190 2478 3282 2532; x_wconf 87' lang='grc' dir='ltr'><strong>τοῦ</strong></span> <span class='ocrx_word' id='word_1_532' title='bbox 3314 2478 3422 2533; x_wconf 80' lang='grc' dir='ltr'><strong>ὑπὸ</strong></span> <span class='ocrx_word' id='word_1_533' title='bbox 3448 2479 3589 2534; x_wconf 88' lang='grc' dir='ltr'>Θεοῦ</span> <span class='ocrx_word' id='word_1_534' title='bbox 3618 2497 3838 2551; x_wconf 82' lang='grc' dir='ltr'>χειροτο-</span> 
     </span>
    </p>
   </div>
   <div class='ocr_carea' id='block_1_74' title="bbox 2278 2566 2525 2638">
    <p class='ocr_par' dir='ltr' id='par_1_74' title="bbox 2278 2566 2525 2638">
     <span class='ocr_line' id='line_1_81' title="bbox 2278 2566 2525 2638; baseline 0.012 -20"><span class='ocrx_word' id='word_1_535' title='bbox 2278 2566 2525 2638; x_wconf 84' lang='grc' dir='ltr'>νηθῆναι.</span> 
     </span>
    </p>
   </div>
   <div class='ocr_carea' id='block_1_75' title="bbox 2354 2660 3838 2737">
    <p class='ocr_par' dir='ltr' id='par_1_75' title="bbox 2354 2660 3838 2737">
     <span class='ocr_line' id='line_1_82' title="bbox 2354 2660 3838 2737; baseline 0.003 -24"><span class='ocrx_word' id='word_1_536' title='bbox 2354 2680 2372 2713; x_wconf 79' lang='grc' dir='ltr'><strong>ι</strong></span> <span class='ocrx_word' id='word_1_537' title='bbox 2405 2660 2562 2715; x_wconf 84' lang='grc' dir='ltr'>Κατά</span> <span class='ocrx_word' id='word_1_538' title='bbox 2582 2661 2679 2731; x_wconf 82' lang='grc' dir='ltr'>τὴν</span> <span class='ocrx_word' id='word_1_539' title='bbox 2708 2662 2859 2729; x_wconf 81' lang='grc' dir='ltr'><strong>τάξιν</strong></span> <span class='ocrx_word' id='word_1_540' title='bbox 2886 2662 3221 2735; x_wconf 82' lang='grc' dir='ltr'>Μελχισεδέκ</span> <span class='ocrx_word' id='word_1_541' title='bbox 3241 2679 3255 2694; x_wconf 83' lang='grc'><strong><em>⁸</em></strong></span> <span class='ocrx_word' id='word_1_542' title='bbox 3284 2664 3341 2729; x_wconf 80' lang='grc' dir='ltr'>ὃς</span> <span class='ocrx_word' id='word_1_543' title='bbox 3381 2665 3439 2719; x_wconf 80' lang='grc' dir='ltr'>ὲν</span> <span class='ocrx_word' id='word_1_544' title='bbox 3467 2667 3595 2730; x_wconf 75' lang='grc' dir='ltr'>ταῖς</span> <span class='ocrx_word' id='word_1_545' title='bbox 3623 2666 3838 2737; x_wconf 77' lang='grc' dir='ltr'>ἡμέραις</span> 
     </span>
    </p>
   </div>
   <div class='ocr_carea' id='block_1_76' title="bbox 2274 2750 3838 2829">
    <p class='ocr_par' dir='ltr' id='par_1_76' title="bbox 2274 2750 3838 2829">
     <span class='ocr_line' id='line_1_83' title="bbox 2274 2750 3838 2829; baseline 0.005 -26"><span class='ocrx_word' id='word_1_546' title='bbox 2274 2750 2374 2821; x_wconf 81' lang='grc' dir='ltr'>τῆς</span> <span class='ocrx_word' id='word_1_547' title='bbox 2400 2751 2603 2822; x_wconf 78' lang='grc' dir='ltr'>σαρκὸς</span> <span class='ocrx_word' id='word_1_548' title='bbox 2630 2753 2795 2805; x_wconf 87' lang='grc' dir='ltr'>αὑτοῦ</span> <span class='ocrx_word' id='word_1_549' title='bbox 2824 2755 3036 2824; x_wconf 84' lang='grc' dir='ltr'>δεήσεις</span> <span class='ocrx_word' id='word_1_550' title='bbox 3067 2773 3127 2809; x_wconf 88' lang='grc' dir='ltr'><strong>τε</strong></span> <span class='ocrx_word' id='word_1_551' title='bbox 3162 2758 3254 2810; x_wconf 76' lang='grc' dir='ltr'>καὶ</span> <span class='ocrx_word' id='word_1_552' title='bbox 3282 2757 3571 2827; x_wconf 80' lang='grc' dir='ltr'>ἱκετηρίας</span> <span class='ocrx_word' id='word_1_553' title='bbox 3598 2758 3742 2829; x_wconf 74' lang='grc' dir='ltr'>πρὸς</span> <span class='ocrx_word' id='word_1_554' title='bbox 3763 2759 3838 2811; x_wconf 64' lang='grc' dir='ltr'><strong>σὺν</strong></span> 
     </span>
    </p>
   </div>
   <div class='ocr_carea' id='block_1_77' title="bbox 2272 2842 3836 2921">
    <p class='ocr_par' dir='ltr' id='par_1_77' title="bbox 2272 2842 3836 2921">
     <span class='ocr_line' id='line_1_84' title="bbox 2272 2842 3836 2921; baseline 0.006 -26"><span class='ocrx_word' id='word_1_555' title='bbox 2272 2842 2565 2913; x_wconf 83' lang='grc' dir='ltr'>δυνάμενον</span> <span class='ocrx_word' id='word_1_556' title='bbox 2597 2843 2790 2909; x_wconf 78' lang='grc' dir='ltr'>σώζειν</span> <span class='ocrx_word' id='word_1_557' title='bbox 2845 2846 3007 2900; x_wconf 81' lang='grc' dir='ltr'>αὑτὸν</span> <span class='ocrx_word' id='word_1_558' title='bbox 3045 2849 3109 2901; x_wconf 83' lang='grc' dir='ltr'>ὲκ</span> <span class='ocrx_word' id='word_1_559' title='bbox 3136 2848 3389 2913; x_wconf 85' lang='grc' dir='ltr'>θανάτου,</span> <span class='ocrx_word' id='word_1_560' title='bbox 3424 2850 3570 2919; x_wconf 85' lang='grc' dir='ltr'><strong>μετά</strong></span> <span class='ocrx_word' id='word_1_561' title='bbox 3604 2853 3836 2921; x_wconf 79' lang='grc' dir='ltr'>κραυγῆς</span> 
     </span>
    </p>
   </div>
   <div class='ocr_carea' id='block_1_78' title="bbox 2277 2936 3834 3010">
    <p class='ocr_par' dir='ltr' id='par_1_78' title="bbox 2277 2936 3834 3010">
     <span class='ocr_line' id='line_1_85' title="bbox 2277 2936 3834 3010; baseline 0.004 -22"><span class='ocrx_word' id='word_1_562' title='bbox 2277 2936 2506 3007; x_wconf 77' lang='grc' dir='ltr'>ἰσχυρᾶς</span> <span class='ocrx_word' id='word_1_563' title='bbox 2533 2938 2623 2990; x_wconf 76' lang='grc' dir='ltr'>καὶ</span> <span class='ocrx_word' id='word_1_564' title='bbox 2644 2936 2895 3008; x_wconf 79' lang='grc' dir='ltr'>δακρύων</span> <span class='ocrx_word' id='word_1_565' title='bbox 2926 2940 3316 3010; x_wconf 83' lang='grc' dir='ltr'>προσενέγκας,</span> <span class='ocrx_word' id='word_1_566' title='bbox 3340 2942 3436 2995; x_wconf 81' lang='grc' dir='ltr'><strong>καί</strong></span> <span class='ocrx_word' id='word_1_567' title='bbox 3468 2941 3834 3006; x_wconf 76' lang='grc' dir='ltr'>εἰσακουσθεὶς</span> 
     </span>
    </p>
   </div>
   <div class='ocr_carea' id='block_1_79' title="bbox 2270 3028 2890 3099">
    <p class='ocr_par' dir='ltr' id='par_1_79' title="bbox 2270 3028 2890 3099">
     <span class='ocr_line' id='line_1_86' title="bbox 2270 3028 2890 3099; baseline 0.002 -18"><span class='ocrx_word' id='word_1_568' title='bbox 2270 3028 2378 3081; x_wconf 82' lang='grc' dir='ltr'><strong>ἀπὸ</strong></span> <span class='ocrx_word' id='word_1_569' title='bbox 2403 3030 2500 3099; x_wconf 81' lang='grc' dir='ltr'>τῆς</span> <span class='ocrx_word' id='word_1_570' title='bbox 2531 3028 2835 3094; x_wconf 73' lang='grc' dir='ltr'>εὐλαϐείας.</span> <span class='ocrx_word' id='word_1_571' title='bbox 2870 3048 2890 3082; x_wconf 71' lang='grc' dir='ltr'><strong>ι</strong></span> 
     </span>
    </p>
   </div>
   <div class='ocr_carea' id='block_1_80' title="bbox 2343 3116 3832 3193">
    <p class='ocr_par' dir='ltr' id='par_1_80' title="bbox 2343 3116 3832 3193">
     <span class='ocr_line' id='line_1_87' title="bbox 2343 3116 3832 3193; baseline 0.002 -20"><span class='ocrx_word' id='word_1_572' title='bbox 2343 3119 2466 3173; x_wconf 86' lang='grc' dir='ltr'><strong>Ὅτι</strong></span> <span class='ocrx_word' id='word_1_573' title='bbox 2489 3119 2598 3172; x_wconf 90' lang='grc' dir='ltr'><strong>τῶν</strong></span> <span class='ocrx_word' id='word_1_574' title='bbox 2622 3119 2789 3173; x_wconf 78' lang='grc' dir='ltr'>ἐθνῶν</span> <span class='ocrx_word' id='word_1_575' title='bbox 2820 3122 2998 3192; x_wconf 82' lang='grc' dir='ltr'>ἱερεὺς</span> <span class='ocrx_word' id='word_1_576' title='bbox 3020 3116 3108 3193; x_wconf 78' lang='grc' dir='ltr'>ἦν,</span> <span class='ocrx_word' id='word_1_577' title='bbox 3140 3122 3221 3175; x_wconf 78' lang='grc' dir='ltr'>ὅτι</span> <span class='ocrx_word' id='word_1_578' title='bbox 3247 3121 3333 3176; x_wconf 91' lang='grc' dir='ltr'><strong>διά</strong></span> <span class='ocrx_word' id='word_1_579' title='bbox 3357 3123 3547 3193; x_wconf 86' lang='grc' dir='ltr'>ἄρτου,</span> <span class='ocrx_word' id='word_1_580' title='bbox 3579 3123 3682 3177; x_wconf 74' lang='grc' dir='ltr'>καὶ</span> <span class='ocrx_word' id='word_1_581' title='bbox 3706 3126 3832 3178; x_wconf 78' lang='grc' dir='ltr'>οἰνου</span> 
     </span>
    </p>
   </div>
   <div class='ocr_carea' id='block_1_81' title="bbox 2269 3209 2905 3283">
    <p class='ocr_par' dir='ltr' id='par_1_81' title="bbox 2269 3209 2905 3283">
     <span class='ocr_line' id='line_1_88' title="bbox 2269 3209 2905 3283; baseline 0.006 -21"><span class='ocrx_word' id='word_1_582' title='bbox 2269 3209 2367 3282; x_wconf 82' lang='grc' dir='ltr'>τὴν</span> <span class='ocrx_word' id='word_1_583' title='bbox 2395 3209 2586 3265; x_wconf 83' lang='grc' dir='ltr'>θυσίαν</span> <span class='ocrx_word' id='word_1_584' title='bbox 2618 3211 2905 3283; x_wconf 80' lang='grc' dir='ltr'>ἀνέφερεν.</span> 
     </span>
    </p>
   </div>
   <div class='ocr_carea' id='block_1_82' title="bbox 2343 3301 3831 3382">
    <p class='ocr_par' dir='ltr' id='par_1_82' title="bbox 2343 3301 3831 3382">
     <span class='ocr_line' id='line_1_89' title="bbox 2343 3301 3831 3382; baseline 0.005 -27"><span class='ocrx_word' id='word_1_585' title='bbox 2343 3322 2362 3354; x_wconf 74' lang='grc' dir='ltr'><strong>ι</strong></span> <span class='ocrx_word' id='word_1_586' title='bbox 2395 3304 2612 3376; x_wconf 87' lang='grc' dir='ltr'>Καίπερ</span> <span class='ocrx_word' id='word_1_587' title='bbox 2643 3304 2719 3357; x_wconf 84' lang='grc' dir='ltr'>ὢν</span> <span class='ocrx_word' id='word_1_588' title='bbox 2753 3307 2886 3375; x_wconf 84' lang='grc' dir='ltr'>υἱὸς,</span> <span class='ocrx_word' id='word_1_589' title='bbox 2945 3307 3151 3380; x_wconf 75' lang='grc' dir='ltr'>ἔμαθεν</span> <span class='ocrx_word' id='word_1_590' title='bbox 3178 3310 3271 3376; x_wconf 80' lang='grc' dir='ltr'>ἀφ’</span> <span class='ocrx_word' id='word_1_591' title='bbox 3300 3301 3376 3363; x_wconf 81' lang='grc' dir='ltr'>ὧν</span> <span class='ocrx_word' id='word_1_592' title='bbox 3398 3308 3571 3363; x_wconf 77' lang='grc' dir='ltr'>ἔπαθε</span> <span class='ocrx_word' id='word_1_593' title='bbox 3606 3310 3709 3382; x_wconf 72' lang='grc' dir='ltr'>τὴν</span> <span class='ocrx_word' id='word_1_594' title='bbox 3740 3310 3831 3363; x_wconf 73' lang='grc' dir='ltr'><strong>ὕπ-</strong></span> 
     </span>
    </p>
   </div>
   <div class='ocr_carea' id='block_1_83' title="bbox 2265 3392 3829 3465">
    <p class='ocr_par' dir='ltr' id='par_1_83' title="bbox 2265 3392 3829 3465">
     <span class='ocr_line' id='line_1_90' title="bbox 2265 3392 3829 3465; baseline 0.004 -21"><span class='ocrx_word' id='word_1_595' title='bbox 2265 3392 2455 3463; x_wconf 78' lang='grc' dir='ltr'>ακοὴν,</span> <span class='ocrx_word' id='word_1_596' title='bbox 2494 3395 2594 3449; x_wconf 70' lang='grc' dir='ltr'>καὶ</span> <span class='ocrx_word' id='word_1_597' title='bbox 2618 3394 2930 3460; x_wconf 82' lang='grc' dir='ltr'>τελειωθεὶς</span> <span class='ocrx_word' id='word_1_598' title='bbox 2956 3398 3172 3465; x_wconf 75' lang='grc' dir='ltr'>ἐγένετο</span> <span class='ocrx_word' id='word_1_599' title='bbox 3199 3401 3313 3461; x_wconf 86' lang='grc' dir='ltr'>τοῖς</span> <span class='ocrx_word' id='word_1_600' title='bbox 3344 3398 3721 3454; x_wconf 76' lang='grc' dir='ltr'>ὑπακούουσιν</span> <span class='ocrx_word' id='word_1_601' title='bbox 3744 3401 3829 3451; x_wconf 78' lang='grc' dir='ltr'><strong>αὺ-</strong></span> 
     </span>
    </p>
   </div>
   <div class='ocr_carea' id='block_1_84' title="bbox 2264 3484 3827 3563">
    <p class='ocr_par' dir='ltr' id='par_1_84' title="bbox 2264 3484 3827 3563">
     <span class='ocr_line' id='line_1_91' title="bbox 2264 3484 3827 3563; baseline 0.006 -28"><span class='ocrx_word' id='word_1_602' title='bbox 2264 3484 2342 3555; x_wconf 87' lang='grc' dir='ltr'>τῷ</span> <span class='ocrx_word' id='word_1_603' title='bbox 2368 3487 2534 3539; x_wconf 80' lang='grc' dir='ltr'>πᾶσιν</span> <span class='ocrx_word' id='word_1_604' title='bbox 2565 3486 2737 3552; x_wconf 86' lang='grc' dir='ltr'>αἴτιος</span> <span class='ocrx_word' id='word_1_605' title='bbox 2776 3490 3050 3560; x_wconf 84' lang='grc' dir='ltr'>σωτηρίας</span> <span class='ocrx_word' id='word_1_606' title='bbox 3092 3492 3332 3557; x_wconf 85' lang='grc' dir='ltr'>αἰωνίου,</span> <span class='ocrx_word' id='word_1_607' title='bbox 3376 3494 3827 3563; x_wconf 73' lang='grc' dir='ltr'>προσαγορευθεὶς</span> 
     </span>
    </p>
   </div>
   <div class='ocr_carea' id='block_1_85' title="bbox 2264 3575 3824 3651">
    <p class='ocr_par' dir='ltr' id='par_1_85' title="bbox 2264 3575 3824 3651">
     <span class='ocr_line' id='line_1_92' title="bbox 2264 3575 3824 3651; baseline 0.003 -23"><span class='ocrx_word' id='word_1_608' title='bbox 2264 3575 2369 3628; x_wconf 82' lang='grc' dir='ltr'>ὑπὸ</span> <span class='ocrx_word' id='word_1_609' title='bbox 2396 3575 2489 3629; x_wconf 91' lang='grc' dir='ltr'><strong>τοῦ</strong></span> <span class='ocrx_word' id='word_1_610' title='bbox 2513 3576 2648 3631; x_wconf 89' lang='grc' dir='ltr'>Θεοῦ</span> <span class='ocrx_word' id='word_1_611' title='bbox 2682 3579 2975 3651; x_wconf 82' lang='grc' dir='ltr'>ἀρχιερεὺς</span> <span class='ocrx_word' id='word_1_612' title='bbox 3005 3581 3143 3633; x_wconf 86' lang='grc' dir='ltr'><strong>κατά</strong></span> <span class='ocrx_word' id='word_1_613' title='bbox 3166 3581 3262 3651; x_wconf 84' lang='grc' dir='ltr'>τὴν</span> <span class='ocrx_word' id='word_1_614' title='bbox 3284 3582 3436 3647; x_wconf 82' lang='grc' dir='ltr'>τάξιν</span> <span class='ocrx_word' id='word_1_615' title='bbox 3462 3582 3824 3651; x_wconf 76' lang='grc' dir='ltr'>Μελχισεδέκο</span> 
     </span>
    </p>
   </div>
   <div class='ocr_carea' id='block_1_86' title="bbox 2260 3664 3826 3745">
    <p class='ocr_par' dir='ltr' id='par_1_86' title="bbox 2260 3664 3826 3745">
     <span class='ocr_line' id='line_1_93' title="bbox 2260 3664 3826 3745; baseline 0.002 -22"><span class='ocrx_word' id='word_1_616' title='bbox 2260 3670 2390 3740; x_wconf 85' lang='grc' dir='ltr'>περί</span> <span class='ocrx_word' id='word_1_617' title='bbox 2410 3664 2471 3724; x_wconf 79' lang='grc' dir='ltr'><strong>οὗ</strong></span> <span class='ocrx_word' id='word_1_618' title='bbox 2501 3669 2671 3735; x_wconf 79' lang='grc' dir='ltr'>πολὺς</span> <span class='ocrx_word' id='word_1_619' title='bbox 2703 3672 2837 3741; x_wconf 82' lang='grc' dir='ltr'>ἡμῖν</span> <span class='ocrx_word' id='word_1_620' title='bbox 2868 3674 2895 3725; x_wconf 85' lang='grc' dir='ltr'>ὁ</span> <span class='ocrx_word' id='word_1_621' title='bbox 2925 3672 3102 3742; x_wconf 90' lang='grc' dir='ltr'>λόγος,</span> <span class='ocrx_word' id='word_1_622' title='bbox 3130 3673 3224 3726; x_wconf 76' lang='grc' dir='ltr'>καὶ</span> <span class='ocrx_word' id='word_1_623' title='bbox 3258 3674 3702 3745; x_wconf 77' lang='grc' dir='ltr'>δυσερμήνευτος</span> <span class='ocrx_word' id='word_1_624' title='bbox 3750 3674 3826 3726; x_wconf 76' lang='grc' dir='ltr'><strong>λέ-</strong></span> 
     </span>
    </p>
   </div>
   <div class='ocr_carea' id='block_1_87' title="bbox 2258 3764 3823 3836">
    <p class='ocr_par' dir='ltr' id='par_1_87' title="bbox 2258 3764 3823 3836">
     <span class='ocr_line' id='line_1_94' title="bbox 2258 3764 3823 3836; baseline 0.004 -21"><span class='ocrx_word' id='word_1_625' title='bbox 2258 3779 2399 3828; x_wconf 90' lang='grc' dir='ltr'>γειν,</span> <span class='ocrx_word' id='word_1_626' title='bbox 2430 3764 2553 3817; x_wconf 76' lang='grc' dir='ltr'>ἐπεὶ</span> <span class='ocrx_word' id='word_1_627' title='bbox 2596 3764 2793 3836; x_wconf 79' lang='grc' dir='ltr'>νωθροὶ</span> <span class='ocrx_word' id='word_1_628' title='bbox 2846 3765 3106 3834; x_wconf 85' lang='grc' dir='ltr'>γεγόνατε</span> <span class='ocrx_word' id='word_1_629' title='bbox 3145 3768 3265 3829; x_wconf 84' lang='grc' dir='ltr'>ταῖς</span> <span class='ocrx_word' id='word_1_630' title='bbox 3314 3766 3527 3829; x_wconf 82' lang='grc' dir='ltr'>ἀκοαῖς.</span> <span class='ocrx_word' id='word_1_631' title='bbox 3558 3768 3677 3821; x_wconf 81' lang='grc' dir='ltr'><strong>Καὶ</strong></span> <span class='ocrx_word' id='word_1_632' title='bbox 3724 3768 3823 3836; x_wconf 72' lang='grc' dir='ltr'>γὰρ</span> 
     </span>
    </p>
   </div>
   <div class='ocr_carea' id='block_1_88' title="bbox 2256 3851 3820 3968">
    <p class='ocr_par' dir='ltr' id='par_1_88' title="bbox 2256 3851 3820 3968">
     <span class='ocr_line' id='line_1_95' title="bbox 2256 3851 3820 3968; baseline 0.003 -62"><span class='ocrx_word' id='word_1_633' title='bbox 2256 3854 2565 3923; x_wconf 80' lang='grc' dir='ltr'>ὀφείλοντες</span> <span class='ocrx_word' id='word_1_634' title='bbox 2614 3851 2755 3909; x_wconf 75' lang='grc' dir='ltr'>εἶναι</span> <span class='ocrx_word' id='word_1_635' title='bbox 2792 3855 3105 3911; x_wconf 72' lang='grc' dir='ltr'>διδάσκαλοι</span> <span class='ocrx_word' id='word_1_636' title='bbox 3137 3857 3224 3910; x_wconf 84' lang='grc' dir='ltr'><strong>διὰ</strong></span> <span class='ocrx_word' id='word_1_637' title='bbox 3261 3856 3352 3911; x_wconf 86' lang='grc' dir='ltr'><strong>τδν</strong></span> <span class='ocrx_word' id='word_1_638' title='bbox 3399 3858 3615 3968; x_wconf 70' lang='grc' dir='ltr'>χρόνρν,</span> <span class='ocrx_word' id='word_1_639' title='bbox 3668 3860 3820 3968; x_wconf 67' lang='grc' dir='ltr'>πάλιν</span> 
     </span>
    </p>
   </div>
   <div class='ocr_carea' id='block_1_89' title="bbox 2254 3946 3818 4059">
    <p class='ocr_par' dir='ltr' id='par_1_89' title="bbox 2254 3946 3818 4059">
     <span class='ocr_line' id='line_1_96' title="bbox 2254 3946 3818 4059; baseline 0.004 -60"><span class='ocrx_word' id='word_1_640' title='bbox 2254 3947 2445 4017; x_wconf 87' lang='grc' dir='ltr'>χρείαν</span> <span class='ocrx_word' id='word_1_641' title='bbox 2484 3946 2634 4019; x_wconf 79' lang='grc' dir='ltr'>ἔχετε</span> <span class='ocrx_word' id='word_1_642' title='bbox 2689 3949 2783 4003; x_wconf 90' lang='grc' dir='ltr'><strong>τοῦ</strong></span> <span class='ocrx_word' id='word_1_643' title='bbox 2833 3950 3103 4005; x_wconf 84' lang='grc' dir='ltr'>διδάσκειν</span> <span class='ocrx_word' id='word_1_644' title='bbox 3155 3951 3298 4023; x_wconf 82' lang='grc' dir='ltr'>ὑμᾶς</span> <span class='ocrx_word' id='word_1_645' title='bbox 3334 3953 3553 4059; x_wconf 37' lang='grc' dir='ltr'>τίναιτὰ</span> <span class='ocrx_word' id='word_1_646' title='bbox 3588 3954 3818 4059; x_wconf 74' lang='grc' dir='ltr'>στοιχεῖα</span> 
     </span>
    </p>
   </div>
   <div class='ocr_carea' id='block_1_90' title="bbox 2252 4039 3816 4117">
    <p class='ocr_par' dir='ltr' id='par_1_90' title="bbox 2252 4039 3816 4117">
     <span class='ocr_line' id='line_1_97' title="bbox 2252 4039 3816 4117; baseline 0.003 -26"><span class='ocrx_word' id='word_1_647' title='bbox 2252 4039 2351 4110; x_wconf 78' lang='grc' dir='ltr'>τῆς</span> <span class='ocrx_word' id='word_1_648' title='bbox 2381 4040 2554 4111; x_wconf 86' lang='grc' dir='ltr'>ἀρχῆς</span> <span class='ocrx_word' id='word_1_649' title='bbox 2570 4040 2679 4095; x_wconf 85' lang='grc' dir='ltr'><strong>τῶν</strong></span> <span class='ocrx_word' id='word_1_650' title='bbox 2706 4041 2902 4111; x_wconf 84' lang='grc' dir='ltr'>λογίων</span> <span class='ocrx_word' id='word_1_651' title='bbox 2930 4043 3022 4096; x_wconf 90' lang='grc' dir='ltr'><strong>τοῦ</strong></span> <span class='ocrx_word' id='word_1_652' title='bbox 3045 4043 3200 4110; x_wconf 84' lang='grc' dir='ltr'>Θεοῦ,</span> <span class='ocrx_word' id='word_1_653' title='bbox 3226 4046 3321 4097; x_wconf 76' lang='grc' dir='ltr'>καὶ</span> <span class='ocrx_word' id='word_1_654' title='bbox 3342 4046 3608 4113; x_wconf 85' lang='grc' dir='ltr'>γεγόνατε</span> <span class='ocrx_word' id='word_1_655' title='bbox 3639 4048 3816 4117; x_wconf 73' lang='grc' dir='ltr'>χρείαν</span> 
     </span>
    </p>
   </div>
   <div class='ocr_carea' id='block_1_91' title="bbox 2252 4126 3817 4205">
    <p class='ocr_par' dir='ltr' id='par_1_91' title="bbox 2252 4126 3817 4205">
     <span class='ocr_line' id='line_1_98' title="bbox 2252 4126 3817 4205; baseline 0.006 -27"><span class='ocrx_word' id='word_1_656' title='bbox 2252 4126 2468 4197; x_wconf 78' lang='grc' dir='ltr'>ἔχοντες</span> <span class='ocrx_word' id='word_1_657' title='bbox 2496 4128 2786 4196; x_wconf 83' lang='grc' dir='ltr'>γάλακτος,</span> <span class='ocrx_word' id='word_1_658' title='bbox 2826 4131 2921 4185; x_wconf 78' lang='grc' dir='ltr'>καὶ</span> <span class='ocrx_word' id='word_1_659' title='bbox 2960 4133 3021 4185; x_wconf 82' lang='grc' dir='ltr'>οὐ</span> <span class='ocrx_word' id='word_1_660' title='bbox 3050 4134 3274 4204; x_wconf 83' lang='grc' dir='ltr'>στερεᾶς</span> <span class='ocrx_word' id='word_1_661' title='bbox 3313 4134 3541 4205; x_wconf 79' lang='grc' dir='ltr'>τροφῆς.</span> <span class='ocrx_word' id='word_1_662' title='bbox 3574 4135 3691 4199; x_wconf 72' lang='grc' dir='ltr'><strong>Πᾶς</strong></span> <span class='ocrx_word' id='word_1_663' title='bbox 3716 4137 3817 4205; x_wconf 64' lang='grc' dir='ltr'>γὰρ</span> 
     </span>
    </p>
   </div>
   <div class='ocr_carea' id='block_1_92' title="bbox 2246 4220 3815 4299">
    <p class='ocr_par' dir='ltr' id='par_1_92' title="bbox 2246 4220 3815 4299">
     <span class='ocr_line' id='line_1_99' title="bbox 2246 4220 3815 4299; baseline 0.005 -27"><span class='ocrx_word' id='word_1_664' title='bbox 2246 4221 2275 4272; x_wconf 88' lang='grc' dir='ltr'>ὁ</span> <span class='ocrx_word' id='word_1_665' title='bbox 2302 4220 2543 4290; x_wconf 86' lang='grc' dir='ltr'>μετέχων</span> <span class='ocrx_word' id='word_1_666' title='bbox 2570 4222 2856 4290; x_wconf 82' lang='grc' dir='ltr'>γάλακτος,</span> <span class='ocrx_word' id='word_1_667' title='bbox 2880 4224 3105 4296; x_wconf 79' lang='grc' dir='ltr'>ἄπειρος</span> <span class='ocrx_word' id='word_1_668' title='bbox 3130 4226 3284 4294; x_wconf 90' lang='grc' dir='ltr'>λόγου</span> <span class='ocrx_word' id='word_1_669' title='bbox 3315 4226 3671 4299; x_wconf 76' lang='grc' dir='ltr'>δικαιοσύνης</span> <span class='ocrx_word' id='word_1_670' title='bbox 3688 4245 3703 4258; x_wconf 89' lang='grc'><strong>·</strong></span> <span class='ocrx_word' id='word_1_671' title='bbox 3727 4232 3815 4295; x_wconf 61' lang='grc' dir='ltr'><strong>νὴ·</strong></span> 
     </span>
    </p>
   </div>
   <div class='ocr_carea' id='block_1_93' title="bbox 2247 4314 3809 4393">
    <p class='ocr_par' dir='ltr' id='par_1_93' title="bbox 2247 4314 3809 4393">
     <span class='ocr_line' id='line_1_100' title="bbox 2247 4314 3809 4393; baseline 0.006 -29"><span class='ocrx_word' id='word_1_672' title='bbox 2247 4328 2368 4376; x_wconf 75' lang='lat' dir='ltr'><strong>mo;</strong></span> <span class='ocrx_word' id='word_1_673' title='bbox 2400 4314 2509 4386; x_wconf 85' lang='grc' dir='ltr'><strong>γάρ</strong></span> <span class='ocrx_word' id='word_1_674' title='bbox 2548 4316 2684 4368; x_wconf 80' lang='grc' dir='ltr'>ἐστι.</span> <span class='ocrx_word' id='word_1_675' title='bbox 2740 4316 2971 4370; x_wconf 87' lang='grc' dir='ltr'>Τελείων</span> <span class='ocrx_word' id='word_1_676' title='bbox 3028 4319 3084 4371; x_wconf 88' lang='grc' dir='ltr'><em>δέ</em></span> <span class='ocrx_word' id='word_1_677' title='bbox 3138 4320 3339 4389; x_wconf 79' lang='grc' dir='ltr'>ἐστινή</span> <span class='ocrx_word' id='word_1_678' title='bbox 3392 4321 3593 4389; x_wconf 72' lang='grc' dir='ltr'>στερεὰ</span> <span class='ocrx_word' id='word_1_679' title='bbox 3620 4321 3809 4393; x_wconf 63' lang='grc' dir='ltr'>τροφὴ.</span> 
     </span>
    </p>
   </div>
   <div class='ocr_carea' id='block_1_94' title="bbox 2242 4403 3809 4484">
    <p class='ocr_par' dir='ltr' id='par_1_94' title="bbox 2242 4403 3809 4484">
     <span class='ocr_line' id='line_1_101' title="bbox 2242 4403 3809 4484; baseline 0.006 -28"><span class='ocrx_word' id='word_1_680' title='bbox 2242 4403 2351 4457; x_wconf 89' lang='grc' dir='ltr'><strong>τῶν</strong></span> <span class='ocrx_word' id='word_1_681' title='bbox 2378 4405 2466 4458; x_wconf 85' lang='grc' dir='ltr'>διὰ</span> <span class='ocrx_word' id='word_1_682' title='bbox 2489 4405 2587 4478; x_wconf 76' lang='grc' dir='ltr'><strong>τήν</strong></span> <span class='ocrx_word' id='word_1_683' title='bbox 2615 4407 2729 4474; x_wconf 75' lang='grc' dir='ltr'>ἕξιν</span> <span class='ocrx_word' id='word_1_684' title='bbox 2756 4410 2824 4463; x_wconf 88' lang='grc' dir='ltr'><strong>τά</strong></span> <span class='ocrx_word' id='word_1_685' title='bbox 2857 4411 3183 4482; x_wconf 81' lang='grc' dir='ltr'>αἰσθητήρια</span> <span class='ocrx_word' id='word_1_686' title='bbox 3203 4413 3636 4483; x_wconf 79' lang='grc' dir='ltr'>γεγυμνασμένα</span> <span class='ocrx_word' id='word_1_687' title='bbox 3666 4414 3809 4484; x_wconf 77' lang='grc' dir='ltr'>ἐχόν-</span> 
     </span>
    </p>
   </div>
   <div class='ocr_carea' id='block_1_95' title="bbox 2243 4499 3481 4572">
    <p class='ocr_par' dir='ltr' id='par_1_95' title="bbox 2243 4499 3481 4572">
     <span class='ocr_line' id='line_1_102' title="bbox 2243 4499 3481 4572; baseline 0.006 -23"><span class='ocrx_word' id='word_1_688' title='bbox 2243 4514 2350 4550; x_wconf 85' lang='grc' dir='ltr'><strong>των</strong></span> <span class='ocrx_word' id='word_1_689' title='bbox 2378 4499 2511 4569; x_wconf 86' lang='grc' dir='ltr'>πρὸς</span> <span class='ocrx_word' id='word_1_690' title='bbox 2536 4499 2807 4572; x_wconf 86' lang='grc' dir='ltr'>διάκρισιν</span> <span class='ocrx_word' id='word_1_691' title='bbox 2830 4504 2995 4557; x_wconf 89' lang='grc' dir='ltr'>καλοῦ</span> <span class='ocrx_word' id='word_1_692' title='bbox 3018 4521 3075 4557; x_wconf 84' lang='grc' dir='ltr'><strong>τε</strong></span> <span class='ocrx_word' id='word_1_693' title='bbox 3106 4505 3201 4559; x_wconf 76' lang='grc' dir='ltr'><strong>καὶ</strong></span> <span class='ocrx_word' id='word_1_694' title='bbox 3228 4504 3421 4559; x_wconf 87' lang='grc' dir='ltr'>κακοῦ.</span> <span class='ocrx_word' id='word_1_695' title='bbox 3458 4523 3481 4557; x_wconf 74' lang='grc' dir='ltr'><strong>ι</strong></span> 
     </span>
    </p>
   </div>
   <div class='ocr_carea' id='block_1_96' title="bbox 2304 4672 3803 4758">
    <p class='ocr_par' dir='ltr' id='par_1_96' title="bbox 2304 4672 3803 4758">
     <span class='ocr_line' id='line_1_103' title="bbox 2304 4672 3803 4758; baseline 0.01 -33"><span class='ocrx_word' id='word_1_696' title='bbox 2304 4672 2474 4727; x_wconf 92' lang='grc' dir='ltr'>Τοῦτο</span> <span class='ocrx_word' id='word_1_697' title='bbox 2496 4676 2852 4749; x_wconf 81' lang='grc' dir='ltr'>κηδεμονικὸν</span> <span class='ocrx_word' id='word_1_698' title='bbox 2876 4682 3195 4753; x_wconf 84' lang='grc' dir='ltr'>παρίστησι,</span> <span class='ocrx_word' id='word_1_699' title='bbox 3216 4684 3310 4737; x_wconf 72' lang='grc' dir='ltr'>καὶ</span> <span class='ocrx_word' id='word_1_700' title='bbox 3331 4685 3431 4755; x_wconf 79' lang='grc' dir='ltr'>τῆς</span> <span class='ocrx_word' id='word_1_701' title='bbox 3458 4685 3684 4758; x_wconf 80' lang='grc' dir='ltr'>ἀγάπης</span> <span class='ocrx_word' id='word_1_702' title='bbox 3704 4688 3803 4757; x_wconf 74' lang='grc' dir='ltr'>τὴν</span> 
     </span>
    </p>
   </div>
   <div class='ocr_carea' id='block_1_97' title="bbox 2231 4765 3799 4845">
    <p class='ocr_par' dir='ltr' id='par_1_97' title="bbox 2231 4765 3799 4845">
     <span class='ocr_line' id='line_1_104' title="bbox 2231 4765 3799 4845; baseline 0.01 -26"><span class='ocrx_word' id='word_1_703' title='bbox 2231 4765 2538 4837; x_wconf 76' lang='grc' dir='ltr'>ὑπερϐολήν</span> <span class='ocrx_word' id='word_1_704' title='bbox 2557 4785 2571 4800; x_wconf 89' lang='grc'><strong>·</strong></span> <span class='ocrx_word' id='word_1_705' title='bbox 2608 4771 2849 4824; x_wconf 77' lang='grc' dir='ltr'>ἱκέτευεν</span> <span class='ocrx_word' id='word_1_706' title='bbox 2873 4773 2981 4844; x_wconf 76' lang='grc' dir='ltr'>γὰρ</span> <span class='ocrx_word' id='word_1_707' title='bbox 3010 4775 3148 4845; x_wconf 77' lang='grc' dir='ltr'><strong>ὑπὲρ</strong></span> <span class='ocrx_word' id='word_1_708' title='bbox 3175 4776 3283 4828; x_wconf 84' lang='grc' dir='ltr'><strong>τῶν</strong></span> <span class='ocrx_word' id='word_1_709' title='bbox 3308 4776 3402 4830; x_wconf 76' lang='grc' dir='ltr'>δύο</span> <span class='ocrx_word' id='word_1_710' title='bbox 3429 4776 3598 4833; x_wconf 83' lang='grc' dir='ltr'>λαῶν.</span> <span class='ocrx_word' id='word_1_711' title='bbox 3622 4778 3799 4834; x_wconf 86' lang='grc' dir='ltr'>Ταῦτα</span> 
     </span>
    </p>
   </div>
   <div class='ocr_carea' id='block_1_98' title="bbox 2227 4855 2950 4930">
    <p class='ocr_par' dir='ltr' id='par_1_98' title="bbox 2227 4855 2950 4930">
     <span class='ocr_line' id='line_1_105' title="bbox 2227 4855 2950 4930; baseline 0.011 -22"><span class='ocrx_word' id='word_1_712' title='bbox 2227 4855 2284 4908; x_wconf 85' lang='grc' dir='ltr'>δὲ</span> <span class='ocrx_word' id='word_1_713' title='bbox 2315 4859 2414 4927; x_wconf 82' lang='grc' dir='ltr'>τῆς</span> <span class='ocrx_word' id='word_1_714' title='bbox 2446 4860 2754 4930; x_wconf 88' lang='grc' dir='ltr'>οἰκονομίας</span> <span class='ocrx_word' id='word_1_715' title='bbox 2785 4863 2950 4917; x_wconf 85' lang='grc' dir='ltr'>ἐστίν.</span> 
     </span>
    </p>
   </div>
   <div class='ocr_carea' id='block_1_99' title="bbox 2810 4954 3197 5024">
    <p class='ocr_par' dir='ltr' id='par_1_99' title="bbox 2810 4954 3197 5024">
     <span class='ocr_line' id='line_1_106' title="bbox 2810 4954 3197 5024; baseline 0.016 -19"><span class='ocrx_word' id='word_1_716' title='bbox 2810 4954 3059 5008; x_wconf 81' lang='grc' dir='ltr'><strong>ΚΕΦΑΛ.</strong></span> <span class='ocrx_word' id='word_1_717' title='bbox 3107 4958 3197 5024; x_wconf 73' lang='grc' dir='ltr'><strong>ς’.</strong></span> 
     </span>
    </p>
   </div>
   <div class='ocr_carea' id='block_1_100' title="bbox 2303 5042 3782 5122">
    <p class='ocr_par' dir='ltr' id='par_1_100' title="bbox 2303 5042 3782 5122">
     <span class='ocr_line' id='line_1_107' title="bbox 2303 5042 3782 5122; baseline 0.006 -27"><span class='ocrx_word' id='word_1_718' title='bbox 2303 5062 2321 5095; x_wconf 75' lang='grc' dir='ltr'><strong>ι</strong></span> <span class='ocrx_word' id='word_1_719' title='bbox 2359 5042 2451 5096; x_wconf 86' lang='grc' dir='ltr'><strong>Διὸ</strong></span> <span class='ocrx_word' id='word_1_720' title='bbox 2504 5044 2731 5113; x_wconf 82' lang='grc' dir='ltr'>ἀφέντες</span> <span class='ocrx_word' id='word_1_721' title='bbox 2776 5047 2866 5099; x_wconf 79' lang='grc' dir='ltr'>τὸν</span> <span class='ocrx_word' id='word_1_722' title='bbox 2897 5048 2994 5117; x_wconf 79' lang='grc' dir='ltr'>τῆς</span> <span class='ocrx_word' id='word_1_723' title='bbox 3024 5049 3202 5119; x_wconf 82' lang='grc' dir='ltr'>ἀρχῆς</span> <span class='ocrx_word' id='word_1_724' title='bbox 3226 5048 3318 5103; x_wconf 90' lang='grc' dir='ltr'><strong>τοῦ</strong></span> <span class='ocrx_word' id='word_1_725' title='bbox 3344 5051 3585 5122; x_wconf 85' lang='grc' dir='ltr'>Χριστοῦ</span> <span class='ocrx_word' id='word_1_726' title='bbox 3613 5053 3782 5119; x_wconf 81' lang='grc' dir='ltr'>λόγον,</span> 
     </span>
    </p>
   </div>
   <div class='ocr_carea' id='block_1_101' title="bbox 2219 5135 3783 5217">
    <p class='ocr_par' dir='ltr' id='par_1_101' title="bbox 2219 5135 3783 5217">
     <span class='ocr_line' id='line_1_108' title="bbox 2219 5135 3783 5217; baseline 0.006 -31"><span class='ocrx_word' id='word_1_727' title='bbox 2219 5135 2315 5187; x_wconf 76' lang='grc' dir='ltr'><strong>ἐπὶ</strong></span> <span class='ocrx_word' id='word_1_728' title='bbox 2363 5136 2461 5205; x_wconf 83' lang='grc' dir='ltr'>τὴν</span> <span class='ocrx_word' id='word_1_729' title='bbox 2498 5137 2810 5209; x_wconf 81' lang='grc' dir='ltr'>τελειότητα</span> <span class='ocrx_word' id='word_1_730' title='bbox 2860 5140 3171 5210; x_wconf 82' lang='grc' dir='ltr'>φερώμεθα,</span> <span class='ocrx_word' id='word_1_731' title='bbox 3217 5143 3291 5212; x_wconf 79' lang='grc' dir='ltr'>μὴ</span> <span class='ocrx_word' id='word_1_732' title='bbox 3350 5144 3515 5199; x_wconf 84' lang='grc' dir='ltr'>πάλιν</span> <span class='ocrx_word' id='word_1_733' title='bbox 3545 5145 3783 5217; x_wconf 77' lang='grc' dir='ltr'>θεμέλιον</span> 
     </span>
    </p>
   </div>
   <div class='ocr_carea' id='block_1_102' title="bbox 2218 5227 3778 5311">
    <p class='ocr_par' dir='ltr' id='par_1_102' title="bbox 2218 5227 3778 5311">
     <span class='ocr_line' id='line_1_109' title="bbox 2218 5227 3778 5311; baseline 0.006 -32"><span class='ocrx_word' id='word_1_734' title='bbox 2218 5227 2684 5299; x_wconf 77' lang='grc' dir='ltr'>καταϐαλλόμενοι</span> <span class='ocrx_word' id='word_1_735' title='bbox 2715 5232 2999 5300; x_wconf 87' lang='grc' dir='ltr'>μετανοίας</span> <span class='ocrx_word' id='word_1_736' title='bbox 3022 5274 3036 5298; x_wconf 93' lang='grc'><strong>,</strong></span> <span class='ocrx_word' id='word_1_737' title='bbox 3080 5234 3188 5287; x_wconf 85' lang='grc' dir='ltr'><strong>ἀπὸ</strong></span> <span class='ocrx_word' id='word_1_738' title='bbox 3211 5237 3423 5308; x_wconf 76' lang='grc' dir='ltr'>νεκρῶν</span> <span class='ocrx_word' id='word_1_739' title='bbox 3461 5238 3655 5311; x_wconf 78' lang='grc' dir='ltr'>ἔργων,</span> <span class='ocrx_word' id='word_1_740' title='bbox 3682 5239 3778 5290; x_wconf 68' lang='grc' dir='ltr'>καὶ</span> 
     </span>
    </p>
   </div>
   <div class='ocr_carea' id='block_1_103' title="bbox 2217 5319 3428 5400">
    <p class='ocr_par' dir='ltr' id='par_1_103' title="bbox 2217 5319 3428 5400">
     <span class='ocr_line' id='line_1_110' title="bbox 2217 5319 3428 5400; baseline 0.01 -29"><span class='ocrx_word' id='word_1_741' title='bbox 2217 5319 2454 5383; x_wconf 88' lang='grc' dir='ltr'>πίστεως</span> <span class='ocrx_word' id='word_1_742' title='bbox 2478 5322 2570 5375; x_wconf 76' lang='grc' dir='ltr'><strong>ἐπὶ</strong></span> <span class='ocrx_word' id='word_1_743' title='bbox 2599 5322 2751 5388; x_wconf 81' lang='grc' dir='ltr'>Θεὸν,</span> <span class='ocrx_word' id='word_1_744' title='bbox 2783 5324 3102 5396; x_wconf 82' lang='grc' dir='ltr'>βαπτισμῶν</span> <span class='ocrx_word' id='word_1_745' title='bbox 3128 5329 3367 5400; x_wconf 73' lang='grc' dir='ltr'>διδαχῆς,</span> <span class='ocrx_word' id='word_1_746' title='bbox 3409 5351 3428 5382; x_wconf 77' lang='grc' dir='ltr'><strong>ι</strong></span> 
     </span>
    </p>
   </div>
   <div class='ocr_carea' id='block_1_104' title="bbox 2297 5500 3772 5579">
    <p class='ocr_par' dir='ltr' id='par_1_104' title="bbox 2297 5500 3772 5579">
     <span class='ocr_line' id='line_1_111' title="bbox 2297 5500 3772 5579; baseline 0.007 -27"><span class='ocrx_word' id='word_1_747' title='bbox 2297 5500 2511 5569; x_wconf 75' lang='grc' dir='ltr'>Ἀρχὴν</span> <span class='ocrx_word' id='word_1_748' title='bbox 2542 5518 2696 5573; x_wconf 86' lang='grc' dir='ltr'>φησι,</span> <span class='ocrx_word' id='word_1_749' title='bbox 2732 5503 2822 5558; x_wconf 77' lang='grc' dir='ltr'><strong>τὸν</strong></span> <span class='ocrx_word' id='word_1_750' title='bbox 2851 5504 2938 5559; x_wconf 86' lang='grc' dir='ltr'><strong>διὰ</strong></span> <span class='ocrx_word' id='word_1_751' title='bbox 2957 5507 3057 5578; x_wconf 86' lang='grc' dir='ltr'>τῆς</span> <span class='ocrx_word' id='word_1_752' title='bbox 3084 5508 3321 5572; x_wconf 83' lang='grc' dir='ltr'>πίστεως</span> <span class='ocrx_word' id='word_1_753' title='bbox 3368 5507 3647 5579; x_wconf 79' lang='grc' dir='ltr'>θεμέλιον·</span> <span class='ocrx_word' id='word_1_754' title='bbox 3671 5522 3772 5562; x_wconf 72' lang='lat' dir='ltr'><strong><em>u-</em></strong></span> 
     </span>
    </p>
   </div>
   <div class='ocr_carea' id='block_1_105' title="bbox 2212 5594 3657 5675">
    <p class='ocr_par' dir='ltr' id='par_1_105' title="bbox 2212 5594 3657 5675">
     <span class='ocr_line' id='line_1_112' title="bbox 2212 5594 3657 5675; baseline 0.009 -31"><span class='ocrx_word' id='word_1_755' title='bbox 2212 5594 2489 5663; x_wconf 72' lang='grc' dir='ltr'>λειότητα</span> <span class='ocrx_word' id='word_1_756' title='bbox 2513 5594 2590 5661; x_wconf 82' lang='grc' dir='ltr'>δὲ,</span> <span class='ocrx_word' id='word_1_757' title='bbox 2622 5596 2720 5669; x_wconf 82' lang='grc' dir='ltr'>τὴν</span> <span class='ocrx_word' id='word_1_758' title='bbox 2742 5598 2810 5652; x_wconf 73' lang='grc' dir='ltr'>δι’</span> <span class='ocrx_word' id='word_1_759' title='bbox 2841 5598 3017 5670; x_wconf 72' lang='grc' dir='ltr'>ἔργων</span> <span class='ocrx_word' id='word_1_760' title='bbox 3045 5602 3263 5670; x_wconf 84' lang='grc' dir='ltr'>ἀγαθῶν</span> <span class='ocrx_word' id='word_1_761' title='bbox 3284 5604 3657 5675; x_wconf 78' lang='grc' dir='ltr'>ἐποικοδομήν.</span> 
     </span>
    </p>
   </div>
  </div>
