4022 6414
142 402 233 466 953

1256 392 1353 456 IIN
1383 390 1618 454 EPIST.
1652 391 1749 450 AD
1781 389 2165 451 HEBRJEOS.

3221 389 3325 455 954

208 529 223 558 ι
260 503 579 568 Ἐπιθέσεώς
607 521 665 558 τε
698 502 915 575 χειρῶν,
969 502 1315 567 άναστάσεώς
1356 520 1414 557 τε
1450 500 1677 573 νεκρῶν,

1857 519 1875 552 ⁴
1911 500 2277 571 ¹¹¹¹Ροίιίιίοῐιίε
2315 517 2532 575 Quoque
2552 504 2857 571 manunm,‘
2878 519 2940 559 ac
2972 509 3326 558 resurrectio-

144 600 225 651 καὶ
251 597 512 667 κρίματος
540 594 779 678 αἰωνίου.
812 595 919 648 Καὶ
940 594 1098 648 τοῦτο
1118 597 1449 665 ποιήσωμεν,
1475 595 1675 662 ὲάνπερ

143 689 390 759 ἐπιτρέπῃ
425 689 453 741 ὁ
484 686 635 747 Θεός.
680 685 962 741 Ἀδύνατον
994 687 1102 758 γὰρ
1134 689 1259 751 τοὺς
1317 685 1463 751 ἅπαξ
1507 700 1675 755 φωτι-

143 780 365 839 σθέντας.
402 796 422 830 ι

201 871 349 925 Οὕτω
374 872 482 941 γάρ
508 869 568 923 τὸ
600 866 822 940 Πνεῦμα
856 869 1180 940 ἐλάμϐανον.

208 984 224 1016 ι
258 963 628 1033 Γευσαμένους
658 980 717 1016 τε
747 962 847 1032 τῆς
882 963 1088 1032 δωρεᾶς
1111 963 1210 1033 τῆς
1230 954 1571 1034 ἐπουρανίου.
1612 980 1631 1015 ι

199 1056 469 1119 Τουτέστι,
503 1055 602 1124 τῆς
627 1054 874 1123 ἀφέσεως
898 1053 1005 1106 τῶν
1038 1053 1465 1124 ἁμαρτημάτων.
1576 1050 1599 1069 ⁵

206 1167 224 1199 ι
259 1148 369 1199 Καὶ
411 1147 673 1216 μετόχους
701 1145 1027 1215 γενηθέντας
1058 1144 1371 1216 Πνεῦματος
1402 1144 1577 1215 ἁγίου.
1614 1161 1632 1195 ι

200 1231 269 1292 Ob
291 1237 485 1308 ἔχομεν
514 1236 603 1290 διὰ
632 1236 728 1292 τοῦ
762 1237 1121 1307 χαρίσματος.

202 1346 221 1379 ι
250 1328 360 1381 Καὶ
385 1327 547 1381 καλὸν
573 1322 945 1398 γευσαμένους
977 1325 1111 1380 Θεοῦ
1142 1326 1308 1397 ῥῆμα.
1349 1344 1369 1379 ι

198 1504 307 1577 Τὴν
342 1504 689 1559 διδασκαλίαν
706 1503 806 1573 τῆς
824 1502 1133 1574 ὁμολογίας.

202 1617 221 1651 ι
246 1596 518 1666 Δυνάμεις
547 1613 608 1650 τε
637 1595 919 1667 μέλλοντος
951 1594 1167 1659 αἰῶνος,
1193 1594 1288 1647 καὶ
1328 1593 1675 1667 παραπεσόν-

138 1707 221 1751 τας
240 1690 428 1743 πάλιν.
471 1708 490 1740 ι

197 1778 362 1832 Τοῦτό
388 1796 539 1849 φησι,
584 1778 671 1832 διά
697 1778 757 1832 τὸ
790 1776 1039 1847 θαύματα
1078 1774 1204 1841 τοὺς
1248 1772 1677 1845 βαπτιζομένους

1775 593 1864 649 nis
1898 600 2256 659 mortuorum,
2284 604 2338 650 et
2365 598 2551 651 aeterni
2580 598 2789 667 iudicii.
2828 596 3018 671 [νειιε.
3052 597 3105 658 5,
3140 592 3217 664 4.]
3265 589 3327 645 Et

1776 683 1877 738 hoc
1906 682 2170 741 faciam‘bs
2190 726 2205 750 ,
2231 686 2496 756 siquidem
2522 690 2833 758 permiserit
2884 688 3045 744 Deus.
3074 684 3329 754 Impossi-

1774 772 1881 829 bile
1908 783 1989 829 est
2020 777 2164 830 enim
2195 792 2289 831 eos
2321 778 2414 847 qui
2446 781 2610 835 semel
2647 790 2773 836 sunt
2809 780 3115 836 illuminati.
3166 797 3185 831 ι

1844 866 1957 922 lloc
1993 868 2192 938 quippe
2220 871 2325 925 ritu
2353 870 2616 943 Spiritum
2658 875 3021 944 accipiebant.

1852 977 1872 1011 ι
1914 958 2279 1017 Gustaverunt
2302 964 2465 1018 etiam
2511 965 2710 1021 donum
2750 968 2992 1033 caeleste,
3025 985 3046 1021 ι

1846 1052 1961 1106 Hoc
1986 1064 2087 1119 est,
2128 1053 2519 1125 indulgentiam
2545 1068 2909 1126 peccatorum.

1850 1162 1869 1194 ι
1906 1141 1970 1197 Et
1992 1144 2284 1214 participes
2308 1144 2434 1200 facti
2456 1154 2585 1201 sunt
2613 1147 2852 1217 Spiritus
2886 1150 3078 1205 sancti.
3127 1168 3146 1201 ο

1842 1232 2012 1299 Quem
2046 1235 2306 1291 habemus
2330 1252 2426 1306 per
2450 1238 2635 1308 gratia:
2663 1240 2891 1295 donum.

1844 1323 2009 1381 Vens.
2047 1326 2177 1391 5,6.
2226 1347 2245 1381 ι
2284 1327 2654 1385 Gustaverunt
2714 1332 3067 1389 nihilominus
3123 1333 3327 1390 bonum

1781 1414 1872 1472 Dei
1896 1418 2141 1473 verbum.
2186 1436 2206 1471 ι

1845 1505 2156 1562 Doctrinam
2186 1509 2575 1567 confessionis.

1852 1615 1872 1650 ι
1909 1598 2257 1670 Virtutesque
2300 1604 2497 1657 .sazculi
2537 1605 2789 1673 venturi,
2829 1615 2882 1662 ει
2920 1607 3158 1677 prolapsi
3203 1620 3330 1665 sunt

1776 1702 1989 1745 γυνευε.
2038 1707 2056 1741 ι

1849 1777 1961 1834 Ηοε
1983 1780 2077 1843 ait,
2112 1781 2365 1851 quoniam
2396 1782 2472 1837 illi
2524 1784 2615 1854 qui
2657 1784 2910 1856 baptizati
2958 1798 3130 1853 erant,
3164 1791 3331 1844 mira-

139 1839 412 1926 tmreleiv:
430 1839 564 1926 'i‘drs
580 1872 689 1945 γὰρ
703 1874 753 1926 οἱ
772 1839 1149 1943 βαπτιζόμενοι
1173 1839 1494 1943 χαρίσματα.
1510 1868 1676 1939 ἐλάμ-

1787 1872 1899 1926 cula
1932 1839 2232 1941 patrabant.
2268 1872 2422 1928 Tunc
2453 1839 2600 1930 enim
2640 1839 3199 1948 qui'baptizabantur,
3240 1883 3331 1939 illa

130 1966 301 2028 ηὸανον,
338 1964 474 2019 ὥστε
511 1968 749 2035 ἐνεργεῖν
776 1964 1050 2033 δυνάμεις.

199 2076 217 2108 σ
259 2056 725 2122 Ἀνακαινίζεσθαι
748 2059 829 2121 είς
858 2055 1169 2126 μετάνοιαν.
1204 2073 1223 2107 ι

195 2150 473 2215 Τουτέστι,
502 2149 589 2203 διὰ
638 2149 944 2220 μετανοίας.
981 2148 1151 2201 Τοῦτο
1186 2146 1243 2200 δὲ
1273 2144 1443 2214 λέγει,
1473 2143 1571 2215 οὐχ
1604 2143 1681 2209 ὡς

138 2240 523 2311 ἔχὸεϐλημὲνης
539 2240 636 2309 τῆς
664 2240 971 2310 μετανοίας·
998 2239 1070 2311 μὴ
1092 2238 1297 2308 γένοιτο
1316 2253 1335 2272 ο
1360 2236 1471 2290 ἀλλ’
1495 2236 1575 2299 ὡς
1603 2235 1680 2307 μὴ

139 2332 353 2385 δυνατοῦ
375 2332 523 2397 δντος
543 2333 639 2385 τοῦ
666 2332 754 2386 διὰ
775 2330 867 2385 τοῦ
904 2329 1129 2401 λουτροῦ
1163 2327 1573 2399 ἀνακαινισμοῦ.
1591 2326 1681 2379 Διὸ

137 2429 223 2479 οὐκ
266 2422 424 2480 εἶπεν
451 2468 466 2490 ,
495 2426 789 2481 ἀδύνατον
836 2422 1337 2491 ἀνακαινισθῆναι
1386 2422 1471 2488 εις
1506 2418 1682 2490 μετά-

140 2536 310 2582 νοιαν,
354 2520 449 2571 καὶ
471 2518 741 2587 ἐσίγησεν,
774 2517 908 2571 ἀλλὰ
946 2517 1061 2579 πῶς
1101 2515 1361 2570 ἀδύνατον
1402 2514 1678 2582 ἐπήγαγε,

139 2610 652 2677 ἀνασταυροῦντας
666 2608 1179 2676 ἀνακαινισθῆναι,
1196 2606 1438 2660 τουτέστι
1466 2605 1683 2668 καινοὺς

140 2699 399 2764 γενέσθαι.
424 2699 495 2751 Τὸ
520 2699 627 2769 γάρ
655 2698 837 2751 καινὸν
875 2697 1116 2765 ποιῆσαι,
1151 2696 1244 2749 τοῦ
1270 2693 1493 2766 λουτροῦ
1527 2692 1682 2763 μόνον

139 2792 287 2845 ἐστίν.
332 2792 920 2861 Ἄνακαινισθήσεται
954 2792 1064 2862 γὰρ
1090 2791 1170 2857 ὡς
1197 2790 1374 2847 ἀετοῦ
1402 2791 1442 2859 ἡ
1475 2789 1684 2856 νεότης

141 2896 263 2937 σου.
524 2902 527 2907 ’

208 2991 225 3024 ι
266 2971 763 3044 Ἀνασταυροῦντας
788 2973 999 3036 ἑαυτοῖς
1026 2971 1115 3025 τὸν
1140 2971 1269 3025 Υἱδν
1288 2970 1380 3024 τοῦ
1410 2968 1569 3037 Θεοῦ,
1591 2969 1687 3023 καὶ

142 3062 739 3134 παραδειγματίζοντας.
782 3082 801 3116 ι

1778 1964 1917 2019 dona
1943 1964 2277 2033 accipiebant
2311 1966 2509 2035 quibus
2536 1968 2761 2025 virtutes
2799 1971 3039 2026 ederent.

1854 2071 1873 2106 ι
1911 2054 2179 2111 Renovari
2202 2055 2267 2110 ad
2291 2058 2687 2127 paenitentiam.
2721 2079 2740 2113 ι

1847 2143 1903 2200 ld
1948 2156 2032 2202 est
2083 2162 2179 2217 per
2229 2149 2630 2215 pmnitentiam.
2663 2150 2719 2205 ld
2743 2152 2888 2220 quod
2944 2152 3097 2217 dicit,
3127 2169 3233 2209 non
3276 2163 3335 2209 ut

1779 2237 2094 2307 poenitentia
2126 2238 2444 2293 excludatur
2478 2260 2490 2294 :
2536 2241 2673 2295 absit
2714 2242 2726 2295 l
2764 2243 2857 2298 sed
2911 2245 3167 2313 quoniam
3219 2246 3334 2300 ﬁeri

1780 2343 1886 2383 non
1909 2336 2088 2399 potest
2108 2329 2271 2384 altera
2294 2344 2390 2400 per
2408 2330 2681 2385 lavacrum
2710 2336 3005 2389 renovatio.
3026 2334 3140 2389 Non
3166 2337 3332 2401 enirn,

1780 2432 1903 2473 cum
1960 2420 2177 2482 dixerit,
2236 2420 2562 2489 impossibile
2598 2431 2677 2476 est
2709 2426 2947 2479 renovari
2993 2425 3061 2479 ad
3084 2428 3336 2494 paeniten-

1784 2514 1932 2575 tiam,
1968 2526 2091 2564 mox
2122 2513 2418 2577 conticuit;
2462 2514 2554 2567 sed
2596 2513 2775 2568 intulit
2807 2531 2905 2569 cur
2931 2516 2980 2567 id
3015 2532 3121 2569 non
3158 2519 3335 2585 possit
3380 2556 3395 2575 ι

1782 2604 2045 2673 praestari,
2073 2604 2323 2668 dicendo,
2374 2606 2733 2675 cruciﬁgentes
2782 2608 3055 2670 renovari;
3101 2608 3201 2663 hoc
3251 2617 3336 2664 est

1784 2711 1952 2751 novos
1978 2708 2136 2767 atque
2163 2698 2402 2768 integros
2443 2698 2584 2752 ﬁeri.
2629 2698 2813 2754 Solius
2855 2716 3088 2769 namque
3133 2700 3335 2755 lavacri

1783 2793 1867 2841 est
1901 2802 2098 2843 novum
2132 2787 2781 2856 reddere.Renouabitur,
2827 2791 3026 2862 inquit,
3057 2803 3111 2847 ut
3147 2794 3338 2864 aquila:

1779 2877 2023 2947 juventus
2057 2889 2147 2933 tua
2179 2880 2243 2933 “.

1859 2987 1879 3021 ‹
1912 2968 2149 3024 Rursum
2188 2970 2567 3039 cruciﬁgentes
2608 2969 2966 3041 sibimetipsis
2989 2970 3184 3027 Filium
3220 2969 3334 3036 Dei,

1785 3066 1839 3115 et
1859 3062 2188 3130 contemptui
2226 3062 2506 3117 habentes.
2548 3081 2568 3115 ι

202 3154 270 3207 Τὸ
306 3154 591 3226 βάπτισμα
639 3154 867 3224 σταυρός
891 3155 1029 3217 ἐστι,
1078 3155 1174 3208 καὶ
1213 3151 1625 3223 συνεσταυρώθη
1656 3152 1684 3205 ὁ

1855 3150 2018 3222 238
2048 3150 2356 3223 Baptismus
2394 3168 2526 3207 crux
2561 3161 2686 3220 εει,
2735 3154 3009 3224 simulque
3042 3152 3337 3206 cruciﬁxus

139 3245 347 3310 παλαιὸς
364 3246 523 3317 ἡμῶν
553 3246 647 3300 άνθ
656 3263 855 3317 ρωπος.
874 3248 1210 3316 Σύμμορςοοι
1230 3246 1338 3316 γὰρ
1358 3246 1684 3314 γεγόναμεν

138 3332 208 3397 τῷ
248 3335 563 3404 ὁμοιώματι
621 3335 727 3389 τοῦ
779 3336 1035 3391 θανάτου
1080 3335 1289 3391 αὑτοῦ.
1351 3336 1461 3389 Καὶ
1486 3335 1681 3389 πάλιν*

139 3425 549 3496 Συνετάερημεν
572 3426 683 3496 γὰρ
714 3426 872 3491 αὐτῷ
892 3425 991 3480 διὰ
1030 3427 1135 3481 τοῦ
1153 3426 1572 3495 ,ϐαπτίσματος
1600 3426 1687 3490 εις

139 3515 234 3568 τὸν
250 3516 531 3573 θάνατον.
553 3518 762 3589 Ὠσπερ
788 3513 881 3571 οῦν
907 3520 1025 3571 ἐκεῖ
1038 3518 1137 3571 οὐκ
1161 3517 1239 3570 ἔνι
1264 3516 1512 3587 δεύτερον
1534 3533 1690 3569 σταυ-

141 3606 361 3677 ρωθῆναι
416 3608 507 3661 τὸν
545 3609 812 3680 Χριστόν⁹
846 3608 1005 3662 τοῦτο
1054 3609 1164 3679 γὰρ
1194 3608 1688 3678 παραδειγματίσαι

141 3699 287 3751 αὐτόν
318 3701 443 3751 ὲστι
465 3714 480 3731 ⁸
513 3700 561 3752 εί
594 3699 701 3770 γὰρ
734 3700 959 3763 θάνατος
1000 3698 1163 3753 αὑτοῦ
1193 3700 1291 3752 οὐκ
1320 3698 1398 3752 ἔτι
1425 3700 1686 3770 κυριεύει,

137 3782 245 3840 εἶτα
271 3790 441 3843 πάλιν
466 3791 811 3862 σταυροῦται,
847 3790 1012 3861 μῦθος
1037 3792 1212 3845 πάντα
1237 3792 1442 3843 ἐκεῖναο
1473 3788 1689 3843 ὀτοίνυν

138 3878 376 3951 δεύτερον
404 3882 821 3952 βαπτιζόμενος,
841 3883 999 3937 πάλιν
1025 3883 1188 3936 αὑτὸν
1212 3884 1451 3954 σταυροῖ.
1484 3884 1690 3953 Ὠσπερ

137 3974 233 4043 γὰρ
269 3974 514 4027 ἀπέθανε
542 3975 772 4046 Χριστὸς
792 3978 849 4029 ὲν
879 3975 957 4047 τῷ
982 3975 1217 4045 σταυρῷ,
1249 3974 1420 4038 οὕτως
1448 3976 1607 4043 ἡμεῖς
1633 3976 1691 4028 ὲν

137 4064 204 4133 τῷ
235 4066 576 4137 βαπτίσματι
595 4085 608 4099 ο
637 4068 699 4121 οὐ
724 4071 791 4140 τῇ
824 4070 1002 4140 σαρκὶ,
1027 4067 1163 4123 ἀλλὰ
1188 4071 1257 4140 τῇ
1287 4067 1547 4140 ἁμαρτίᾳ.

203 4262 219 4291 ι
252 4242 331 4312 Γῆ
358 4244 476 4312 γὰρ
512 4243 712 4297 πιοῦσα
738 4242 827 4297 τὸν
850 4245 941 4297 ἐπὶ
973 4245 1144 4315 αὐτῆς
1176 4246 1434 4311 πολλάκις
1466 4245 1695 4318 ἐρχόμε-

134 4348 211 4383 νον
249 4334 433 4397 ὑετὸν,
473 4336 565 4387 κα)⁸
614 4336 873 4389 τίκτουσα
931 4336 1158 4407 βοτάνην
1184 4336 1402 4391 εὔθετον
1443 4339 1690 4406 ἐκείιοις,

134 4423 190 4473 δι’
220 4425 313 4488 οὓς
344 4428 445 4479 καὶ
472 4431 815 4497 γεωργεῖται,
842 4427 1263 4498 μεταλαμϐάνει.
1313 4449 1331 4481 ι

1784 3248 1869 3295 εει
1904 3250 2150 3297 vetustus
2179 3252 2363 3299 noster
2416 3244 2578 3298 homo
2611 3262 2625 3299 :
2662 3246 2861 3315 quippe
2895 3259 3018 3299 cum
3050 3244 3339 3312 conformes

1784 3331 1915 3402 facti
1953 3333 2117 3386 simus
2169 3333 2507 3388 similitudini
2560 3336 2743 3388 mortis
2797 3335 2911 3405 ejus
2936 3335 3003 3388 ".
3032 3333 3095 3387 Et
3122 3350 3338 3389 rursum

1785 3424 1861 3478 ait
1896 3442 1909 3477 :
1939 3422 2240 3493 Consepulti
2268 3425 2406 3480 enim
2440 3427 2565 3479 estis
2595 3426 2643 3479 ei
2669 3442 2759 3494 per
2786 3425 3101 3494 baptismum
3120 3425 3174 3478 in
3202 3441 3343 3479 mor-

1786 3522 1887 3567 tem
1911 3513 2236 3583 "-".|Sicut
2261 3530 2389 3585 ergo
2408 3513 2658 3570 Christus
2684 3531 2788 3569 non
2813 3524 2987 3585 potest
3015 3515 3190 3569 denuo
3216 3528 3343 3568 cru-

1785 3603 1925 3670 ciligi
1949 3603 2095 3672 (nam
2126 3602 2230 3656 hoc
2258 3613 2403 3658 esset
2428 3604 2756 3672 contemptui
2778 3619 2898 3656 eum
2929 3602 3126 3656 habere
3156 3608 3209 3654 et
3236 3611 3344 3653 tra-

1795 3694 2013 3747 ducere.
2048 3691 2103 3746 Si
2135 3693 2277 3747 enim
2318 3708 2465 3747 mors
2490 3693 2563 3746 illi
2612 3693 2750 3747 ultra
2796 3708 2902 3746 non
2931 3691 3259 3755 dominatur,
3292 3699 3345 3745 et

1790 3784 2146 3839 nihilominus
2189 3785 2339 3839 cruci
2400 3784 2593 3838 iterum
2641 3783 2892 3854 anigitur,
2947 3783 3137 3837 isthmc
3164 3784 3344 3835 omnia

1792 3887 2120 3948 nugamenta
2174 3888 2301 3933 sunt
2354 3887 2409 3933 et
2453 3878 2706 3949 fabulaa),
2764 3880 2852 3948 qui
2895 3880 3059 3949 igitur
3107 3880 3347 3935 secundo

1792 3970 2121 4041 baptizatur,
2149 3984 2270 4025 eum
2302 3986 2494 4025 rursus
2525 3972 2581 4025 in
2610 3986 2823 4025 crucem
2854 3972 2980 4041 agit.
3000 3969 3132 4025 Nam
3158 3987 3347 4041 quem-

1793 4061 2080 4116 admodum
2112 4062 2165 4115 in
2189 4076 2349 4116 cruce
2374 4060 2627 4117 Christus
2657 4074 2905 4117 mortuus
2928 4071 3033 4131 est,
3060 4064 3138 4118 sic
3171 4071 3223 4118 et
3248 4078 3347 4117 nos
3422 4058 3425 4061 ’

1791 4155 1845 4209 in
1878 4156 2175 4225 baptismo;
2200 4169 2305 4208 non
2336 4155 2506 4220 carni,
2538 4153 2631 4208 sed
2657 4165 2900 4224 peccato.

1866 4244 2026 4300 Vens.
2070 4245 2120 4298 7.
2167 4265 2185 4298 ι
2223 4245 2390 4301 Terra
2424 4247 2566 4301 enim
2594 4262 2736 4317 saepe
2771 4249 3077 4303 venientem
3104 4263 3267 4318 super
3291 4264 3350 4303 se

1794 4336 1987 4391 bibens
2018 4336 2243 4391 imbrem
2273 4376 2289 4401 ,
2319 4343 2372 4389 et
2399 4350 2666 4407 generans
2712 4336 2934 4390 herbam
2988 4344 3348 4406 opportunam

1796 4430 1905 4484 illis
1934 4445 2033 4499 pro
2062 4428 2262 4499 quibus
2294 4434 2346 4482 et
2376 4429 2593 4494 colitur,
2628 4427 2832 4498 accipit
2872 4446 2891 4479 ι

206 4516 568 4587 ’Υετὸν,·τὴν
598 4516 966 4579 διδασκαλίαν,
1003 4518 1188 4587 φησιν,
1214 4519 1289 4581 ὡς
1309 4518 1401 4571 καὶ
1430 4518 1684 4591 ἑτέρωθι·

1865 4520 2091 4574 lmbrem
2124 4521 2429 4576 doctrinam
2464 4528 2775 4591 nuncupat,
2808 4529 2867 4574 ut
2922 4520 2976 4573 in
3025 4518 3131 4574 alio
3180 4519 3300 4573 loco
3331 4534 3346 4572 :

145 4608 523 4678 Ἐντελοῦμαι
545 4610 654 4681 γὰρ
683 4610 809 4676 ταῖς
836 4611 1137 4679 νεφέλαις,
1172 4612 1236 4664 τὸ
1263 4612 1348 4680 μὴ
1371 4611 1581 4681 ,βρέξαι
1602 4617 1689 4679 εὶς

131 4700 306 4752 αὑτὸν
325 4701 534 4755 ὑετόν.
575 4700 839 4757 Ἐνταῦθα
860 4700 1028 4771 δηλοῖ,
1054 4702 1136 4754 ὅτι
1158 4700 1422 4765 ἐδέξαντο,
1452 4704 1543 4756 καὶ
1564 4719 1691 4756 συν-

130 4790 271 4855 έπιον
300 4793 399 4844 τὸν
420 4791 599 4860 λόγον,
630 4794 726 4845 καὶ
755 4792 875 4845 οὐδὲ
906 4791 1074 4854 οὕτως
1096 4792 1395 4857 ἁπὼναντο,
1427 4793 1691 4863 μικροψυ-

127 4881 342 4947 χοῦντες
381 4884 442 4935 ἐν
478 4886 590 4945 τοῖς
622 4887 966 4954 πειρασμοῖς.

195 4996 212 5025 ι
247 4976 523 5043 Εὑλογίας
561 4977 667 5029 άπὸ
689 4977 843 5032 Θεοῦ.
883 4997 901 5029 ι

202 5065 475 5119 Ἐνταῦθα
523 5066 612 5119 τὸν
640 5067 771 5120 Θεόν
798 5085 958 5139 φησιν
985 5068 1153 5121 αἴτιον
1196 5066 1303 5120 τῶν
1337 5067 1587 5121 ἁπάντων
1607 5067 1693 5135 γί-

122 5157 328 5220 νεσθαι,
360 5157 616 5225 πλήττων
637 5157 819 5228 ἡρέμα
841 5160 963 5222 τοὺς
990 5159 1271 5230 Ἕλληνας,
1299 5158 1424 5221 τοὺς
1443 5160 1508 5229 τῇ
1531 5157 1691 5211 δυνά-

126 5261 212 5312 μει
239 5246 341 5314 τῆς
371 5245 505 5313 γῆς,
524 5245 630 5297 τῶν
656 5248 880 5316 καρπῶν
912 5250 1012 5319 τὴν
1040 5249 1250 5318 γένεσιν
1271 5249 1689 5318 ἐπιγράφοντας.

132 5394 137 5397 ,
192 5356 209 5388 ι
250 5337 605 5406 Ἐκφέρουσα
642 5338 699 5390 δὲ
734 5339 995 5403 ἀκάνθας.
1038 5361 1057 5393 ι

188 5424 349 5479 Ἐπεὶ
383 5429 483 5481 καὶ
512 5428 671 5482 πάλιν
708 5429 806 5481 οὐκ
834 5425 973 5493 εἷπε,
1007 5429 1261 5482 τίκτουσα
1287 5429 1547 5495 ἀκάνθας,
1577 5429 1694 5482 οὐδὲ

120 5516 192 5584 τῷ
224 5519 501 5589 χρησίμῳ
532 5519 704 5591 τούτῳ
736 5521 954 5591 ὀνόματι
992 5522 1279 5591 ἐχρήσατο.
1302 5521 1461 5575 Ἀ).λά
1493 5522 1573 5588 τίς
1601 5521 1695 5573 ἐκ·

117 5611 395 5678 φέρουσα
420 5612 709 5680 ἀκάνθας
738 5615 812 5677 ὡς
850 5616 914 5668 ἂν
956 5614 1096 5668 εἴποι
1134 5632 1237 5679 τις,
1267 5615 1656 5685 ὲκὸράσσουσα.

1800 4611 2066 4665 Maudabo
2113 4611 2356 4676 nubibus,
2413 4620 2612 4664 ut-non
2648 4610 2835 4679 pluunt
2873 4626 3027 4679 super
3076 4626 3192 4663 eam
3252 4611 3351 4662 im-

1799 4706 1937 4758 brem
1971 4704 2038 4757 9'.
2072 4702 2171 4766 Hic
2203 4703 2441 4757 declarat
2467 4717 2563 4757 eos
2612 4702 2920 4771 suscepisse
2946 4710 2999 4756 et
3026 4702 3350 4756 combibisse

1795 4810 2128 4861 sermonem,
2164 4808 2264 4847 nec
2298 4794 2378 4849 sic
2418 4802 2597 4846 tamen
2630 4792 2948 4863 profecisse,
2977 4808 3103 4848 cum
3153 4792 3349 4848 animis

1794 4883 1850 4937 in
1879 4880 2267 4936 tentationibus
2316 4878 2685 4934 conciderent.

1872 4994 1890 5026 ι
1936 4971 2349 5027 Benedictiones
2386 4969 2497 5024 Dei.

1866 5063 1964 5118 Hic
1996 5064 2153 5118 docet
2203 5060 2370 5116 Deum
2431 5060 2672 5115 omnium
2706 5077 2827 5118 esse
2886 5070 3185 5126 auctorem,
3226 5078 3351 5132 per-

1797 5156 2120 5226 stringitque
2172 5152 2337 5208 tacite
2367 5153 2613 5224 gentiles,
2667 5155 2760 5224 qui
2797 5163 2957 5210 terra:
2988 5154 3174 5209 virtuti
3222 5154 3352 5207 fru-

1797 5256 1980 5304 ctuum
2018 5245 2417 5318 generationem
2457 5245 2757 5301 ascribunt.

1867 5340 2032 5395 Vens.
2062 5341 2114 5395 8.
2155 5357 2174 5391 ι
2211 5336 2503 5393 Proferens
2533 5345 2710 5393 autem
2743 5337 2948 5408 spinas.
2989 5356 3009 5390 ι

1867 5431 2052 5501 Neque
2076 5444 2295 5486 rursum
2322 5428 2477 5493 dixit,
2510 5443 2774 5500 generans
2796 5428 3003 5497 spinas,
3043 5441 3218 5496 neque
3258 5440 3351 5481 ac-

1799 5523 2084 5579 commodo
2131 5522 2235 5576 hoc
2297 5520 2459 5576 verbo
2509 5534 2640 5575 usus
2669 5526 2772 5574 est.
2801 5515 2906 5572 Sed
2953 5514 3083 5587 quid
3114 5515 3216 5570 hoc
3248 5527 3352 5582 est,

1808 5614 2074 5685 proferens
2107 5613 2285 5683 spinas
2308 5613 2331 5667 .’
2356 5611 2511 5669 Velut
2536 5611 2580 5667 si
2611 5611 2735 5668 auis
2764 5609 2930 5677 dicat,
2964 5610 3248 5667 ebulliens.

106 5830 118 5843 .
172 5786 217 5819 "
246 5787 403 5843 Psal.
444 5802 535 5853 cn,
674 5792 716 5822 ’⁵
752 5790 905 5848 Rom.
937 5793 1085 5858 vr,5.
1151 5791 1413 5848 "-"ibid.
1438 5789 1491 5845 ‘2.
1551 5794 1594 5827 ”
1624 5792 1727 5849 lsa.
1763 5806 1815 5855 v,
1847 5798 1900 5845 δ.
