4022 6430
121 453 228 519 957

1274 458 1354 519 IN
1394 455 1634 518 EPIST.
1667 454 1767 514 AD
1792 455 2180 519 HEBR/EOS.

3244 460 3353 525 958

198 582 220 616 ι
263 565 516 637 Μιμηταὶ
542 564 601 618 δὲ
627 564 736 620 τῶν
764 564 853 620 διὰ
876 565 1132 634 πίστεως,
1168 568 1262 621 καὶ
1304 567 1677 641 μακροθυμίας

1865 587 1884 620 ‹
1922 568 2123 625 Verum
2166 569 2472 623 imitatores
2518 584 2709 624 eorum
2746 570 2839 639 qui
2875 569 2978 625 fide
3008 578 3062 627 et
3091 571 3350 642 patientia

116 658 605 729 κληρονομούντων
634 659 733 723 τὰς
766 660 1116 729 ἐπαγγελίας.
1173 680 1191 713 ι
1298 672 1302 677 ’

188 752 312 805 Ἵνα
349 751 423 822 μὴ
451 752 761 821 νομίσωσιν,
791 752 867 816 ὡς
906 754 1116 818 οὐδενὸς
1148 755 1288 822 ἄξιοι
1318 754 1479 823 λόγου
1515 771 1686 809 καταο

112 846 481 915 φρονηθέντες
525 846 1039 918 ἐγκατελείφθησαν,
1074 847 1191 902 ἀλλ’
1236 849 1434 902 εἰδέναι
1468 847 1682 918 ἔχωσιν,

110 934 198 985 ὅτι
228 934 343 986 τῶν
372 934 603 1005 μάλιστα
627 936 890 1005 γενναίων
918 939 1127 1011 ἀνδρῶν
1152 939 1308 993 τοῦτό
1340 942 1506 994 ἐστιν.

191 1045 212 1078 ι
266 1025 359 1097 Τῷ
384 1027 493 1097 γὰρ
534 1028 782 1100 Ἀϐραὰμ
813 1031 1277 1101 ἐπαγγειλάμενος
1321 1034 1349 1085 6
1378 1031 1530 1097 Θεὸς,
1562 1030 1687 1083 ἐπεὶ

113 1116 237 1169 κατ’
284 1118 499 1182 οὐδενὸς
549 1115 663 1192 εἶχε
731 1120 978 1192 μείζονος
1034 1123 1270 1195 ὀμόσαι,
1332 1121 1513 1195 ὤμοσε
1562 1122 1685 1178 καθ’

113 1209 342 1275 ἑαυτοῦ,
374 1210 568 1279 λέγων.
624 1230 643 1264 ι

187 1301 591 1374 Καθαψάμενος
629 1304 830 1369 αὐτῶν,
866 1306 1130 1376 γενναίως
1159 1307 1321 1362 πάλιν
1349 1312 1430 1373 είς
1463 1309 1686 1373 ἐλπίδας

116 1391 297 1463 φέρει,
344 1395 425 1447 ὅτι
467 1400 683 1450 πάντων
731 1397 1103 1465 ἐπιτεύξονται
1149 1400 1259 1453 τῶν
1293 1400 1681 1473 ἐλπιζομένων.

117 1485 452 1556 Προστίθησι
479 1487 537 1541 δέ
557 1488 682 1552 τοὺς
705 1488 949 1559 μισθοὺς,
984 1491 1070 1545 ῐνα
1095 1490 1169 1562 μὴ
1198 1492 1526 1565 ἀποκάμωσι
1550 1494 1686 1566 πρὸς

115 1576 243 1639 τοὺς
263 1578 563 1647 καμάτους,
590 1579 685 1633 καὶ
716 1581 999 1635 πιστοῦται
1028 1582 1187 1637 τοῦτο
1212 1585 1277 1638 ἐκ
1308 1585 1685 1657 παραδειγμά-

116 1684 247 1722 των.
287 1668 469 1740 Ἐχων
500 1669 558 1723 δέ
602 1671 829 1735 πολλοὺς
869 1674 1060 1739 εἰπεῖν,
1122 1674 1372 1748 Ἀϐραὰμ
1408 1678 1488 1741 είς
1521 1678 1685 1749 μέσον

115 1761 262 1830 ἄγει,
294 1760 384 1815 διὰ
414 1763 475 1816 τὸ
503 1762 719 1834 ἀξίωμα
749 1763 843 1820 τοῦ
877 1764 1190 1838 προσώπου.

192 1872 212 1905 ι
270 1854 335 1907 Et
385 1855 489 1926 μὴν
533 1855 769 1925 εὐλογῶν
808 1858 1086 1931 εὐλογήσω
1143 1878 1225 1925 σε,
1259 1860 1352 1916 καὶ
1397 1860 1682 1933 πληθύνων

114 1945 375 2013 πληθυνῶ
404 1964 485 2001 σε.
533 1966 552 2000 ι

182 2038 503 2106 Λεληθότως
534 2040 936 2113 ἀναμιμνήσκει
981 2043 1177 2107 αὐτοὺς
1204 2044 1313 2099 τῶν
1362 2045 1541 2117 ὅρκων
1584 2044 1681 2099 τοῦ

113 2128 373 2199 Χριστοῦ,
408 2124 483 2185 ὧν
529 2133 769 2205 συνεχῶς
815 2134 1021 2204 ἔλεγεν.
1072 2136 1279 2205 Ἀμὴν,
1329 2136 1491 2206 ἀμὴν
1526 2135 1682 2207 λέγω

110 2240 233 2289 σοι,
269 2228 302 2279 ὁ
342 2226 641 2281 πιστεύων
666 2230 751 2294 εὶς
790 2228 916 2298 ἐμὲ,
959 2231 1031 2285 οὐ
1055 2228 1142 2299 μὴ
1169 2228 1440 2299 ἀποθάνῃ
1463 2232 1549 2296 είς
1576 2228 1682 2284 τὸν

108 2320 322 2373 αἰῶνα.

189 2430 209 2463 ι
264 2414 375 2467 Καὶ
404 2414 544 2469 οὕτω
573 2415 1023 2489 μακροθυμήσας,
1058 2418 1286 2489 ἐπέτυχε
1317 2418 1416 2488 τῆς
1445 2419 1679 2487 ἐπαγγε⁸

107 2501 254 2568 λίας.
295 2506 604 2578 ΙΙἌνθρωποι
635 2485 734 2578 μέν
765 2485 1050 2580 γάρνκατά
1091 2508 1184 2561 τοῦ
1226 2485 1479 2580 ’μείζονος
1516 2485 1681 2580 ὀμνύ-

105 2618 252 2667 ουσι,
296 2603 395 2655 καὶ
430 2603 609 2675 πάσης
657 2606 839 2668 αὐτοῖς
883 2605 1191 2673 ἀντιλογίας
1242 2606 1414 2676 πέρας
1461 2608 1540 2669 είς
1591 2605 1680 2676 βε-

104 2693 362 2761 ϐαίωσιν,
398 2696 426 2748 6
461 2697 643 2766 ὅρκος.
685 2697 773 2750 Ἐν
798 2690 842 2764 ᾧ
872 2698 1257 2769 περισσότερον
1303 2697 1624 2768 βουλόμενος
1650 2698 1679 2752 6

104 2787 242 2850 Θεὸς
274 2788 535 2852 ἐπιδεῖξαι
569 2789 680 2853 τοῖς
710 2789 1067 2861 κληρονόμοις
1110 2791 1207 2861 τῆς
1241 2790 1589 2859 ἐπαγγελίας,
1619 2790 1679 2844 τὸ

101 2879 448 2946 ἀμετάθετον
492 2881 591 2952 τῆς
640 2880 839 2952 βουλῆς
885 2882 1072 2946 αὑτοῦ,
1111 2882 1459 2953 ἐμεσίτευσεν
1506 2884 1675 2952 ὅρκῳ,

103 2972 197 3023 ἵνα
229 2971 321 3024 διὰ
339 2972 430 3025 δύο
461 2973 807 3044 πραγμάτων
835 2974 1207 3046 ἀμεταθέτων,
1229 2976 1287 3028 ἐν
1313 2968 1395 3039 οἷς
1418 2975 1678 3029 ἀδύνατον

98 3064 411 3134 ψεύσασθαι
444 3066 597 3132 Θεὸν,
623 3068 847 3140 ἰσχυρὰν
882 3067 1225 3141 παράκλησιν
1258 3067 1472 3139 ἔχωμεν
1500 3068 1549 3121 oi
1578 3085 1677 3121 κα-

95 3157 461 3225 ταφυγόντες.
498 3177 518 3212 ι

188 3249 456 3303 Ἐνταῦθα
486 3250 641 3320 φοϐεῖ
668 3250 887 3314 αὐτοὺς.
922 3252 1134 3317 δεικνὺς
1155 3252 1236 3307 ὅτι
1267 3251 1528 3317 πολλάκις
1556 3251 1672 3306 δια-

97 3341 371 3395 κόπτεται
397 3343 696 3410 ἐπαγγελία
721 3344 787 3397 δι’
821 3344 1192 3415 ὀλιγοψυχίαν.

170 3434 459 3501 Τουτέστι,
488 3436 548 3489 τὸ
578 3436 666 3491 διὰ
694 3438 1015 3510 πειρασμῶν
1038 3437 1245 3492 ὁδεύειν
1272 3438 1362 3491 τὸν
1398 3436 1532 3507 βίον.
1583 3437 1675 3490 Δεῖ

94 3526 176 3586 δὲ.
216 3528 375 3597 φησὶ,
409 3527 546 3598 μετά
575 3528 954 3600 μακροθυμίας
993 3529 1209 3584 ἅπαντα
1243 3529 1427 3601 φέρειν
1454 3530 1548 3584 καὶ
1583 3528 1673 3582 πί-

97 3636 295 3683 στεως.
343 3620 467 3674 Ἐὰν
491 3619 598 3691 γὰρ
626 3620 775 3696 εἴπῃ,
802 3622 885 3677 ὅτι
907 3621 1109 3688 δίδωσι,
1138 3623 1233 3676 καὶ
1260 3621 1431 3693 λάϐῃς
1451 3620 1672 3688 εὐθέως,

92 3712 148 3765 τί
181 3714 283 3766 καὶ
317 3713 640 3779 ἐπίστευσας
661 3733 677 3783 ;

174 3822 197 3855 α
246 3806 542 3877 Κρατῆσαι
568 3806 1056 3879 τῆςιπροκειμένης
1090 3806 1320 3872 ἐλπίδος,
1362 3806 1430 3879 ἢν
1464 3806 1540 3870 ὡς
1571 3806 1676 3876 ἄγ-

92 3916 282 3971 κυραν
310 3897 506 3969 ἔχομεν
532 3899 634 3971 τῆς
675 3900 854 3972 ψυχῆς
879 3901 1092 3969 ἀσφαλῆ
1133 3918 1192 3954 τε
1235 3900 1329 3954 καὶ
1358 3900 1602 3970 βεϐαίαν.
1645 3920 1665 3956 ι

177 3991 323 4044 ’Δπὸ
353 3991 574 4055 τούτων,
607 3992 767 4063 φησὶ.
791 3993 861 4047 τά
899 3992 1158 4064 μέλλοντα
1190 3993 1579 4065 στοχαζόμεθα.
1608 3995 1671 4047 Et

90 4085 209 4155 γὰρ
244 4083 421 4138 ταῦτα
449 4085 585 4157 μετά
606 4086 859 4140 τοσοῦτον
885 4085 1044 4156 ἐξέϐη
1086 4086 1299 4157 χρόνον,
1328 4087 1543 4150 πάντως
1571 4089 1671 4142 κά-

89 4180 278 4231 κεῖνα.
313 4177 475 4230 Ὥστε
517 4177 586 4232 τά
625 4178 760 4250 πρὸς
805 4176 1055 4250 Ἀϐραὰμ
1084 4180 1340 4251 γινόμενα
1385 4180 1670 4236 πιστοῦται

89 4269 251 4338 ἡμᾶς
274 4269 373 4322 καὶ
401 4286 465 4322 πε
476 4269 528 4341 pi.
554 4271 660 4324 τῶν
694 4270 1017 4341 μελλόντων.

163 4469 185 4502 ε
244 4450 361 4504 Καὶ
385 4451 790 4523 εἰσερχομένην.
805 4471 825 4505 ι

169 4540 275 4595 Ἐν
302 4540 382 4611 τῷ
412 4542 602 4614 κόσμῳ
634 4542 713 4596 ἐτι
747 4543 927 4608 ὄντας,
957 4542 1228 4597 δείκνυσιν
1267 4544 1328 4597 ἐν
1356 4543 1466 4607 τοῖς
1496 4544 1669 4616 ἐπηγα

1786 662 2185 718 hmreditabunt
2217 660 2632 732 promissiones.
2659 680 2677 714 ι

1854 753 1933 810 Ne
1961 754 2171 810 scilicet
2198 754 2506 808 existiment
2537 768 2596 809 se
2625 754 2780 808 nihili
2836 755 2975 819 fieri,
3008 763 3061 809 et
3092 763 3347 824 tanquam

1781 843 2223 913 contemptibiles
2262 841 2527 912 relinqui;
2562 842 2657 898 sed
2685 845 2864 898 sciant
2896 843 2997 898 hoc
3025 841 3196 913 magis
3227 856 3351 898 esse

1788 935 2011 991 fortium
2040 936 2308 991 virorum.

1858 1027 2028 1085 Vens.
2090 1028 2179 1091 15,
2232 1027 2318 1081 14.
2383 1045 2403 1078 ι
2440 1026 2673 1082 Abrabze
2733 1040 2969 1096 namque
3019 1024 3351 1096 promittens

1785 1121 1952 1187 Deus,
1985 1121 2243 1192 quoniam
2274 1120 2543 1175 neminem
2576 1120 2762 1174 habuit
2792 1134 2887 1190 per
2911 1134 3071 1189 quem
3114 1118 3347 1188 juraret,

1781 1214 1986 1284 juravit
2010 1229 2106 1283 per
2127 1213 2504 1283 semetipsum,
2531 1212 2740 1267 dicens.
2779 1231 2797 1264 ι

1856 1307 2149 1376 Postquam
2178 1321 2308 1376 ergo
2335 1308 2671 1368 eostaxavit,
2696 1320 2844 1375 spem
2882 1319 3083 1359 rursus
3103 1305 3346 1372 ipsorum

1783 1400 2138 1456 vehementer
2188 1399 2409 1461 excitat,
2461 1399 2605 1468 quod
2641 1413 2836 1468 nempe
2878 1405 3222 1467 speratarum
3260 1411 3348 1450 re-

1788 1508 1909 1547 rum
1942 1492 2053 1547 sint
2074 1502 2352 1562 compotes
2388 1489 2580 1545 futuri.
2606 1488 2908 1543 Mercedem
2952 1497 3131 1542 autem
3173 1486 3345 1550 addit,

1787 1599 1856 1639 ne
1896 1590 2117 1653 propter
2172 1583 2394 1637 labores
2430 1581 2758 1635 concidant:
2793 1580 2845 1634 id
2899 1578 3045 1649 quod
3080 1577 3348 1646 exemplis

1785 1674 1999 1730 astruit.
2054 1672 2298 1742 Cumque
2354 1674 2557 1726 multos
2605 1673 2775 1725 citare
2835 1678 3038 1739 posset,
3072 1668 3345 1723 Abraham

1785 1762 1990 1836 profert
2020 1764 2077 1818 in
2107 1762 2366 1828 medium,
2405 1763 2475 1815 ob
2513 1776 2762 1831 personze
2790 1760 3133 1829 dignitatem.

1857 1853 1971 1910 Nisi
2018 1853 2348 1910 benedicens
2413 1853 2732 1908 benedicam
2792 1860 2844 1906 te
2872 1862 2927 1906 et
2969 1847 3347 1918 multiplicans

1784 1948 2158 2018 multiplicabo
2177 1957 2249 2003 te.
2282 1964 2303 1999 ι

1853 2042 2039 2097 Tacite
2064 2057 2161 2096 eos
2182 2047 2402 2095 revocat
2437 2038 2503 2093 ad
2540 2037 2861 2093 memoriam
2909 2035 3344 2105 juramentorum
3372 2058 3375 2059 ν

1781 2132 2006 2198 Christi,
2033 2133 2125 2203 qui
2160 2131 2469 2201 frequenter
2506 2130 2742 2195 dicebat,
2802 2134 2990 2192 Amen,
3046 2143 3199 2180 amen
3226 2126 3357 2179 dico‘

1783 2226 1896 2291 tibi,
1924 2224 2012 2295 qui
2041 2225 2201 2277 credit
2216 2224 2271 2277 in
2301 2239 2399 2286 me,
2430 2238 2532 2277 non
2564 2221 2818 2275 morietur
2842 2220 2897 2273 in
2933 2228 3201 2273 internum.

1850 2403 2014 2458 Vens.
2054 2401 2239 2456 13-20.
2266 2419 2285 2453 ‹
2318 2402 2384 2455 Et
2414 2401 2494 2458 sic
2535 2397 2917 2470 longanimiter
2973 2397 3171 2457 ferens,
3214 2391 3344 2447 ade—

1780 2500 1907 2565 ptus
1937 2501 2022 2548 est
2060 2491 2572 2562 repromissionem.
2626 2489 2887 2544 Homines
2917 2488 3061 2541 enim
3102 2501 3197 2556 per
3224 2500 3342 2536 ma-

1776 2592 1950 2659 jorem
2002 2587 2087 2642 sui
2134 2585 2343 2655 jurant,
2376 2592 2432 2637 et
2471 2583 2649 2638 omnis
2702 2578 3090 2635 controversiis
3150 2592 3340 2632 eorum

1781 2678 1908 2733 finis
1954 2678 2021 2732 ad
2073 2674 2547 2731 confirmationem
2586 2681 2670 2729 est
2698 2671 3094 2739 juramentum.
3128 2668 3183 2719 in
3235 2681 3344 2736 quo

1779 2768 2156 2825 abundantius
2187 2768 2378 2822 volens
2432 2764 2577 2820 Deus
2608 2762 2897 2817 ostendere
2930 2759 3343 2830 pollicitationis

1780 2860 2089 2917 heredibus
2132 2857 2569 2913 immobilitatem
2599 2855 2816 2910 consilii
2876 2853 2980 2914 sui,
3015 2850 3344 2920 interposuit

1773 2950 2181 3023 jusjurandum.
2216 2948 2288 3003 Ut
2318 2964 2413 3019 per
2453 2948 2591 3001 duas
2626 2961 2716 3001 res
2754 2943 3088 3006 immobiles,
3138 2940 3342 3011 quibus

1777 3042 2116 3114 impossibile
2177 3048 2263 3096 est
2295 3038 2513 3094 mentiri
2552 3038 2741 3103 Deum,
2798 3033 3166 3091 fortissimum
3191 3033 3339 3086 sola-

1777 3137 1909 3193 tium
1935 3136 2257 3197 habeamus,
2290 3133 2383 3204 qui
2414 3130 2788 3202 confugimus.
2828 3148 2845 3181 ι

1699 3255 1742 3316 c
1845 3224 1947 3282 Hic
1969 3226 2091 3282 illos
2113 3224 2345 3288 territat,
2370 3222 2738 3276 intermissam
2773 3218 2975 3289 saepius
2994 3223 3216 3288 propter
3244 3231 3343 3285 pu-

1781 3318 1963 3375 sillum
1997 3318 2237 3372 animum
2265 3315 2683 3385 promissionem
2719 3311 3039 3367 ostendens.
3256 3381 3268 3393 υ

1848 3408 1962 3463 Hoc
1982 3418 2086 3471 est,
2128 3405 2519 3462 tentationibus
2565 3403 2728 3458 vitam
2784 3402 3103 3471 transigere.
3176 3398 3346 3470 24η

1778 3502 2003 3574 Oportet
2034 3515 2185 3565 vero,
2224 3498 2424 3569 inquit,
2457 3505 2655 3552 cuncta
2694 3495 2962 3567 patienter
3009 3502 3210 3549 etcum
3240 3491 3343 3545 fide

1778 3596 2036 3652 tolerare.
2081 3592 2138 3647 Si
2198 3594 2341 3646 enim
2383 3605 2442 3645 se
2471 3588 2657 3658 largiri
2691 3586 2909 3652 dixerit,
2962 3584 3104 3655 quod
3157 3582 3340 3637 statim

1778 3685 2043 3755 accipias,
2067 3681 2197 3753 quid
2227 3681 2337 3750 jam
2368 3678 2703 3734 credideris?

1854 3797 1873 3830 ι
1906 3776 1990 3832 Ad
2029 3776 2317 3832 tenendam
2376 3772 2711 3843 propositam
2764 3784 2939 3840 spem,
2996 3783 3162 3840 quam
3197 3767 3344 3821 sicut

1776 3870 2071 3926 anchoram
2140 3867 2402 3922 habemus
2456 3864 2671 3929 animae,
2727 3869 2901 3917 tutam
2936 3875 3000 3916 ac
3051 3860 3283 3914 firmam.
3316 3878 3337 3911 ι

1847 3962 1925 4017 Ex
1952 3963 2059 4027 his,
2102 3959 2300 4030 inquit,
2356 3972 2420 4014 ea
2454 3971 2578 4027 quae
2611 3963 2738 4011 sunt
2770 3964 3003 4009 ventura
3057 3951 3342 4021 conjecta-

1776 4072 1917 4111 mus.
1973 4054 2030 4110 Si
2065 4053 2208 4109 enim
2238 4054 2341 4106 ista
2372 4058 2493 4120 post
2537 4055 2744 4103 tantum
2793 4046 3055 4117 temporis
3106 4043 3342 4114 spatium

1775 4147 1994 4203 tandem
2022 4159 2271 4207 evenere,
2305 4144 2463 4214 plane
2490 4142 2579 4196 illa
2597 4141 2785 4197 etiam.
2821 4139 3189 4206 Quamobrem
3221 4150 3345 4206 quae

1772 4241 2083 4297 Abrahamo
2106 4237 2248 4309 facta
2282 4243 2430 4301 sunt,
2458 4234 2618 4290 fidem
2668 4248 2885 4304 quoque.
2940 4229 3100 4286 nobis
3132 4228 3343 4282 faciunt

1775 4335 1843 4390 de
1881 4333 2104 4389 futuris.

1850 4443 1869 4477 ι
1910 4424 1977 4479 Ει
1999 4423 2361 4479 incedentem.
2377 4439 2397 4473 ι

1846 4516 2100 4573 Ostendit
2129 4529 2225 4570 eos
2253 4515 2345 4584 qui
2376 4515 2430 4567 in
2462 4511 2667 4566 mundo
2701 4517 2988 4565 versantur
3013 4506 3213 4572 adhuc,
3249 4521 3345 4575 spe

82 4599 389 4704 γελμένοις
436 4599 529 4687 διά
565 4599 951 4704 τῆςιέλπίδοςό
994 4634 1090 4689 καὶ
1127 4636 1227 4688 οὐκ
1288 4599 1462 4698 εἴπεν,
1509 4599 1673 4708 ἡμιεῖίς

1779 4626 1996 4683 quoque
2040 4611 2096 4664 in
2139 4608 2305 4664 rebus
2354 4606 2643 4678 promissis
2674 4603 2906 4658 versari.
2960 4599 3146 4671 Neque
3183 4600 3341 4663 dixit,

81 4726 269 4795 ἐσμεν
308 4725 479 4789 ἔνδον,
509 4724 644 4780 ἀλλά
676 4727 811 4796 αὑτὴ
856 4726 1105 4799 εἰσῆλθεν
1156 4726 1325 4793 ἔνδον,
1357 4728 1493 4799 ὅπερ
1536 4728 1670 4800 ἀλη-

83 4821 363 4888 θέστερον
392 4813 458 4887 ἦν
489 4818 584 4871 καὶ
614 4817 1001 4890 πιθανώτερον.

162 4929 184 4960 ι
236 4910 339 4971 Ei;
367 4909 427 4962 τὸ
453 4908 717 4979 ἐσώτερον
740 4908 835 4962 τοῦ
863 4907 1379 4980 καταπετάσματος.
1435 4926 1455 4961 ›

165 5004 232 5055 Ἀ
244 5001 335 5055 ντὶ
364 5001 481 5065 τοῦ,
510 5003 590 5064 είς
617 5001 706 5055 τὸν
734 5002 981 5073 οὐρανόν.

163 5052 422 5146 cudi-ron
439 5052 755 5171 πρόδρομος
1111 5094 1358 5165 εἰσῆλθεν
1379 5095 1408 5148 6
1439 5094 1669 5164 Ἰησοῦς,

78 5186 234 5239 κατά
267 5183 371 5257 τὴν
400 5184 554 5251 τάξιν
584 5184 940 5255 Μελχισεδέκ.
992 5206 1010 5240 ι

154 5279 449 5350 Εὔκαιρος
502 5281 535 5351 ἡ
586 5280 679 5334 τοῦ
734 5280 1069 5351 προδρόμου
1119 5282 1403 5353 ὀνομασία.
1451 5281 1526 5345 ὡς
1578 5281 1674 5336 καὶ

77 5373 257 5443 ἡμῶν
288 5370 622 5441 ὀφειλόντων
655 5372 859 5429 λαϐεῖν.
914 5374 989 5427 Οὐ
1026 5372 1162 5427 πολὺ
1190 5374 1298 5446 γὰρ
1325 5372 1418 5428 τοῦ
1446 5373 1673 5446 προδρό-

79 5482 190 5536 μου
230 5463 333 5517 καὶ
363 5462 473 5516 τῶν
504 5464 784 5535 ἑπομένων
812 5462 873 5518 τὸ
902 5464 1091 5537 μέσον.

158 5576 181 5607 ι
263 5557 586 5626 ’Λρχιερεὺς
615 5556 905 5627 γενόμενος
935 5557 1014 5621 είς
1043 5557 1134 5611 τὸν
1165 5557 1355 5612 αἰῶνα.
1402 5576 1422 5610 ›

167 5643 318 5697 Ἰδοὺ
350 5644 449 5695 καὶ
484 5643 647 5715 ἑτέρα
696 5644 1063 5717 παράκλησις,
1111 5648 1162 5699 εἷ
1189 5663 1251 5714 γε
1282 5647 1393 5701 ἄνω
1437 5647 1465 5700 6
1498 5647 1674 5720 ἱερεὺς

75 5733 284 5807 ἡμῶν,
320 5733 417 5786 καὶ
447 5734 582 5786 πολὺ
626 5734 848 5803 βελτίων
876 5736 968 5791 τοῦ
1000 5738 1147 5810 παρά
1202 5739 1491 5804 Ἰουδαίοις.

135 5911 160 5946 ί
192 5909 373 5967 Joan.
409 5926 468 5977 ιι,
508 5911 599 5968 ‘25.

1774 4704 1925 4759 intus
1946 4701 2288 4765 exsistimus,
2311 4698 2406 4754 sed
2438 4697 2581 4768 quod
2611 4697 2727 4765 ipsa
2762 4710 2890 4764 spes
2920 4695 3069 4749 intus
3090 4694 3338 4763 ingressa

1774 4794 1848 4851 sit
1880 4810 1895 4848 :
1923 4792 1978 4847 id
2008 4791 2151 4858 quod
2183 4789 2370 4845 verius
2406 4787 2836 4856 credibiliusque
2856 4793 2991 4839 erat.

1850 4904 1870 4937 ι
1908 4884 1965 4938 1η
2000 4883 2258 4938 interiora
2278 4879 2582 4937 velaminis.
2618 4896 2636 4930 ι

1844 4974 1901 5029 ld
1932 4983 2016 5030 est
2046 4974 2101 5027 in
2138 4972 2358 5027 caelum.

1855 5083 1874 5117 ι
1911 5064 2013 5120 Ubi
2032 5076 2337 5134 praecursor
2360 5076 2459 5132 pro
2484 5061 2646 5117 nobis
2669 5062 2910 5119 introivit
2938 5062 3118 5132 Jesus,
3143 5077 3345 5120 secun-

1774 5157 1903 5215 dum
1932 5157 2180 5214 ordinem
2214 5154 2668 5212 Melchisedech»

1842 5248 2105 5320 Apposito
2152 5249 2495 5317 prwcursoris
2561 5249 2785 5304 nomine
2841 5248 3037 5315 utitur,
3082 5256 3341 5316 tanquam

1775 5357 1876 5398 nos
1907 5340 2142 5398 subinde
2196 5340 2473 5411 accepturi
2497 5341 2691 5396 simus.
2721 5341 2841 5396 Non
2869 5340 3012 5395 enim
3043 5337 3202 5393 valde
3253 5336 3337 5391 di-

1776 5441 1921 5490 stant
1937 5446 2266 5503 praacnrsor,
2291 5440 2346 5487 et
2376 5432 2471 5502 qui
2495 5433 2673 5504 ipsum
2697 5440 3025 5503 sequuntur.

1857 5546 1875 5578 «
1903 5524 2158 5581 Pontifex
2182 5522 2362 5579 factus
2391 5525 2447 5580 in
2477 5533 2765 5581 aeternum.
2798 5544 2816 5577 ι

1850 5619 1931 5674 Εη
1974 5625 2030 5674 et
2060 5616 2491 5673 consolationem
2550 5618 2801 5672 alteram.
2837 5613 2971 5669 Nam
3002 5614 3047 5671 si
3094 5612 3339 5683 pontifex

1783 5724 1968 5768 noster
1997 5710 2051 5765 in
2087 5708 2339 5781 supernis
2364 5718 2467 5777 est,
2486 5709 2645 5781 longe
2678 5707 3024 5781 prastantior
3059 5716 3144 5763 est
3200 5718 3341 5777 pon-

1784 5806 1926 5861 tilice
1963 5801 2299 5859 Iudaeorum.
