4022 6458
590 454 694 519 959

662 673 907 731 VsusJ.
963 675 1106 730 «Hic
1127 675 1269 730 enim
1323 672 1738 740 Melchisedech,
1798 687 1894 751 re;
1926 669 2144 733 Salem,

593 769 850 824 sacerdos
875 767 968 824 Dei
998 769 1227 831 summi,
1255 769 1346 837 qui
1378 765 1615 819 obviavit
1637 762 1891 819 Abrahae.
1922 780 1941 815 ι

664 859 943 931 Frequens
967 869 1052 914 est
1071 862 1125 913 in
1155 858 1526 928 comparando
1548 857 1718 913 Vetus
1742 856 2157 911 Testamentum

600 970 729 1009 cum
786 952 964 1007 Novo.
999 951 1212 1005 Videsis
1244 966 1372 1021 ergo
1420 951 1618 1005 iterum
1651 965 1761 1021 quo
1789 956 1950 1019 pacto
1971 955 2159 1003 osten-

594 1047 687 1102 dat
744 1044 1039 1101 sacerdotii
1071 1044 1273 1098 Christi
1328 1052 1537 1116 typum,
1592 1044 1708 1099 sive
1737 1039 2158 1108 Melchisedech,

595 1140 1025 1211 praestantiorem
1085 1136 1364 1192 exstitisse
1397 1134 1776 1191 sacerdotibus
1808 1135 1964 1205 legis.
2006 1133 2158 1199 Quo-

596 1232 760 1286 modo
791 1240 973 1285 autem
1005 1231 1108 1283 hoc
1144 1230 1331 1284 multis
1366 1230 1604 1295 evincat,
1632 1229 1867 1299 inspice.
1905 1226 2158 1281 Primum

604 1326 821 1395 quidem
851 1340 883 1378 a
920 1324 1161 1378 nomine.
1190 1321 1323 1376 Nam
1371 1321 1764 1378 Melchisedech
1820 1320 2049 1391 justitice
2078 1334 2163 1374 re-

612 1435 725 1489 gem
771 1418 1214 1488 interpretantur.
1287 1415 1489 1471 Deinde
1532 1416 1693 1469 etiam
1741 1428 1770 1467 a
1825 1411 2162 1477 conditione,

596 1511 725 1580 quia
754 1510 865 1564 sine
884 1518 1033 1579 patre
1060 1518 1107 1563 et
1141 1510 1254 1563 sine
1291 1519 1478 1561 matre.
1501 1506 1649 1563 Talis
1671 1506 1872 1577 quippe
1896 1504 1999 1559 fuit
2034 1502 2166 1559 Mel-

600 1601 912 1664 chisedech,
978 1601 1138 1670 cujus
1169 1600 1449 1670 genitores
1476 1614 1583 1653 non
1618 1605 2042 1661 recenseantur;
2073 1609 2168 1649 ne-

598 1710 709 1764 que
741 1703 1075 1764 compertum
1109 1693 1267 1748 nobis
1292 1703 1463 1747 estex
1498 1705 1608 1761 quo
1635 1698 1807 1761 patre,
1835 1698 1887 1743 et
1918 1704 1984 1743 ex
2018 1686 2165 1758 quali

600 1798 774 1841 matre
804 1786 876 1841 sit
905 1793 1089 1851 natus,
1134 1800 1311 1855 neque
1349 1784 1619 1839 undenam
1678 1794 1858 1837 ortum
1892 1781 2165 1845 habuerit,

1772 446 1833 506 S.
1872 438 2186 506 JOANNIS
2218 439 2644 500 DAMASCENI

1239 561 1393 619 CAP.
1421 559 1533 618 VII.
2184 555 2231 614 Δ

3718 438 3833 504 960

2846 554 3099 609 ΚΕΦᾹΛ.
3141 553 3215 608 Z'.

2330 687 2351 721 ι
2394 661 2563 734 Οὗτος
2581 668 2689 741 γὰρ
2708 670 2736 722 6
2755 669 3088 740 Μελχισεδὲκ
3115 669 3363 741 βασιλεὺς
3391 670 3606 741 Σαλὴμ,
3649 671 3833 740 ἱερεὺς

2254 762 2350 818 τοῦ
2382 763 2517 817 Θεοῦ
2545 762 2639 817 τοῦ
2677 763 2955 828 Ὑψίστου,
2985 766 3014 818 6
3042 766 3380 836 συναντήσας
3429 765 3708 836 ’Δϐραάμ.
3760 782 3782 816 ι

2327 856 2604 927 Πολλαχοῦ
2674 855 2775 928 τὴν
2827 856 3113 930 σύγκρισιν
3164 860 3395 912 ποιεῖται
3440 858 3540 928 τῆς
3587 857 3839 920 Balari;

2258 949 2353 1003 καὶ
2392 949 2490 1020 τῆς
2518 949 2746 1021 Καινῆς.
2786 950 2927 1018 Ὅρα
2971 947 3066 1004 οὖν
3097 950 3259 1003 πάλιν
3302 952 3396 1005 καὶ
3428 948 3687 1003 ἐντεῦθεν
3727 950 3841 1002 δει-

2259 1041 2479 1109 κνύντα,
2526 1041 2608 1095 ὅτι
2662 1044 2691 1095 ὁ
2720 1041 2891 1106 τύπος
2923 1042 3024 1112 τῆς
3055 1042 3353 1113 ἱερωσύνης
3405 1042 3670 1112 Χριστοῦ,
3705 1059 3836 1094 του-

2258 1133 2441 1187 τέστιν
2467 1134 2497 1187 6
2527 1132 2883 1203 Μελχισεδὲκ,
2920 1133 3057 1186 πολὺ
3088 1132 3311 1204 βελτίων
3330 1129 3400 1204 ἦν
3426 1133 3536 1186 τῶν
3572 1133 3723 1185 κατὰ
3753 1134 3838 1185 νό-

2265 1241 2365 1295 μον
2396 1222 2602 1293 ἱερέων.
2658 1223 2771 1277 Καὶ
2818 1224 2919 1295 δρα
2965 1224 3085 1289 πῶς
3118 1224 3293 1291 αὔξει,
3327 1225 3545 1295 πρῶτον
3595 1225 3703 1294 μὲν
3739 1226 3837 1277 ἀπὸ

2267 1315 2362 1371 τοῦ
2406 1315 2667 1387 ὀνόματος
2690 1331 2705 1346 ⁸
2727 1318 2756 1371 6
2798 1315 2907 1388 γὰρ
2933 1316 3269 1387 Μελχισεδὲκ
3292 1317 3600 1384 βασιλεὺς
3622 1316 3836 1371 δικαιο-

2267 1410 2467 1475 σύνης
2517 1408 2879 1480 ἑρμηνεύεται
2904 1427 2920 1445 ο
2962 1409 3155 1465 ἔπειτα
3191 1414 3288 1464 καὶ
3323 1410 3431 1463 ἀπὸ
3468 1410 3569 1463 τοῦ
3613 1411 3833 1481 τρόπον,

2263 1501 2344 1555 ὃτι
2373 1500 2613 1570 ἀπάτωρ
2655 1501 2754 1555 καὶ
2778 1501 3035 1571 ἀμήτωρ.
3082 1502 3141 1555 Ὀ
3168 1500 3408 1566 τοιοῦτος
3436 1502 3552 1571 γὰρ
3583 1503 3614 1555 6
3644 1501 3837 1570 Μελχιο

2266 1591 2440 1656 σεδὲκ,
2479 1591 2555 1662 μὴ
2597 1592 3114 1664 γενεαλογούμενος,
3149 1593 3425 1661 ἄγνωστος
3454 1596 3594 1663 ἡμῖν
3634 1592 3735 1645 καὶ
3766 1593 3837 1644 τι.

2266 1700 2355 1746 νος
2382 1684 2607 1755 πατρὸς,
2655 1686 2748 1739 καὶ
2798 1686 2918 1749 οἵας
2953 1686 3178 1757 μητρὸς,
3210 1684 3307 1739 καὶ
3337 1684 3503 1739 πόθεν
3561 1684 3729 1754 ἔσχεν
3756 1685 3840 1753 τὴν

2268 1775 2463 1846 ἀρχὴν,
2491 1777 2584 1830 καὶ
2612 1770 2723 1830 οἷον
2753 1776 2866 1849 ἔχει
2894 1777 2956 1831 τὸ
2986 1777 3159 1841 τέλος.
3192 1776 3356 1831 Ούδὲν
3383 1778 3497 1849 γὰρ
3518 1778 3656 1848 περὶ
3681 1777 3839 1830 αὐτοῦ

603 1892 704 1931 nec
729 1890 891 1947 quem
919 1875 1040 1929 vita:
1072 1874 1255 1931 linem.
1289 1874 1573 1945 Scriptura
1607 1873 1751 1928 enim
1784 1872 1919 1926 nihil
1950 1872 2017 1927 de
2046 1870 2166 1940 ejus

2284 1867 2631 1941 γεπαλογεῖή
2671 1869 2881 1941 Γραφὴ,
2912 1868 3101 1941 ὥσπερ
3128 1869 3221 1922 ἐπὶ
3251 1867 3364 1922 τῶν
3394 1868 3597 1924 ἄλλων.
3643 1868 3710 1923 Ei
3742 1868 3841 1920 10i-

604 1970 956 2035 generatione
1002 1975 1206 2031 narrat,
1251 1978 1307 2022 ut
1337 1967 1392 2021 in
1440 1967 1561 2022 aliis
1602 1966 1761 2020 solet.
1795 1965 1852 2018 Si
1886 1980 2016 2033 ergo
2038 1964 2165 2019 talis

604 2071 897 2137 tantusque
925 2068 1084 2131 typus
1104 2061 1566 2129 exsistit,’quanto
1595 2057 1768 2127 magis
1793 2058 1908 2126 ipsa
1942 2056 2163 2123 veritas,

606 2151 659 2204 id
698 2159 783 2207 est
809 2149 1103 2205 Christus?
1138 2150 1291 2214 Quod
1324 2156 1503 2203 autem
1554 2146 1951 2202 Melchisedech
2005 2152 2168 2215 typus

603 2253 658 2297 et
688 2242 857 2309 ligura
900 2241 1079 2305 fuerit,
1131 2240 1515 2311 jusjurandum
1552 2238 1694 2309 quod
1734 2239 1784 2293 ei
1816 2238 2021 2292 factum
2059 2247 2165 2300 est,

606 2333 932 2387 obtestatur.
976 2336 1046 2386 Tu
1075 2349 1128 2386 es
1190 2332 1436 2386 sacerdos
1471 2332 1525 2384 in
1562 2342 1818 2384 wlernum
1878 2325 2167 2382 secundum

608 2426 841 2480 ordinem
872 2426 1298 2481 Melchisedech'.
1317 2426 1397 2480 Ad
1423 2424 1535 2479 haec
1565 2424 1726 2478 etiam
1754 2423 1805 2476 id
1854 2437 1917 2476 ex
1948 2425 2170 2475 nomine

608 2519 911 2588 colligitur.
943 2519 1143 2588 Ecquis
1163 2520 1303 2573 enim
1328 2533 1423 2573 rex
1447 2516 1676 2585 iustitiae
1708 2514 1847 2569 alter
1876 2513 2000 2568 fuit.
2030 2526 2172 2581 prae-

608 2619 856 2681 berquam
894 2612 1154 2666 Dominus
1190 2611 1415 2666 noster?
1444 2608 1579 2665 Nam
1633 2609 1749 2678 ipse
1776 2616 1861 2662 est
1896 2605 2001 2659 Rea:
2024 2604 2170 2674 pacis

546 2690 551 2697 ’
606 2704 697 2774 qui
734 2704 1055 2773 paciﬁcavit,
1085 2713 1193 2757 tum
1221 2720 1337 2772 qua:
1368 2703 1421 2756 in
1451 2702 1615 2767 cretis,
1642 2711 1753 2753 tum
1783 2715 1899 2769 qua:
1927 2700 1982 2752 in
2016 2699 2170 2752 terris

609 2806 729 2849 sunt
748 2796 924 2865 ’.lpse
952 2806 1034 2851 est
1057 2798 1170 2850 sine
1184 2808 1332 2864 patre
1356 2805 1404 2849 et
1426 2796 1539 2849 sine
1569 2804 1764 2847 matre:
1786 2806 2002 2847 sursum
2026 2790 2170 2846 enim

608 2905 719 2944 non
766 2901 989 2945 matrem
1024 2891 1230 2955 habuit,
1275 2904 1375 2944 nec
1404 2889 1660 2943 deorsum
1711 2897 1959 2956 patrem:
1996 2883 2172 2952 ipsius

610 2995 827 3050 quoque
882 2982 1159 3051 generatio
1199 2996 1306 3034 non
1366 2987 1705 3033 enarratur:
1769 2975 2171 3031 Generationem

613 3071 757 3127 enim
812 3070 924 3139 ejus
953 3072 1067 3138 quis
1127 3069 1411 3139 cognovit?
1440 3068 1615 3137 inquit
1648 3064 1931 3135 Scriptura
1955 3062 1998 3115 ⁵.
2030 3059 2171 3115 Fieri

615 3160 884 3229 siquidem
938 3175 1043 3213 non
1075 3169 1255 3230 potest
1285 3167 1346 3213 ut
1393 3159 1519 3227 quis
1549 3172 1844 3227 supernam
1872 3153 2176 3225 generatio-

2266 1979 2360 2015 νυν
2387 1964 2415 2015 6
2445 1961 2611 2026 τύπος
2634 1962 2903 2027 τοσοῦτος,
2932 1962 3086 2035 πόσῳ
3122 1962 3322 2033 μᾶλλον
3349 1964 3385 2034 ἠ
3413 1962 3673 2032 ἀλήθεια,
3721 1978 3844 2013 tou-

2266 2053 2445 2107 τέστιν
2473 2056 2501 2108 6
2535 2054 2791 2125 Χριστός.
2824 2056 2946 2108 Ὀτι
2974 2055 3031 2109 δὲ
3070 2055 3240 2120 τύπος
3274 2050 3345 2125 ἦν
3382 2054 3551 2109 αὑτοῦ
3589 2057 3620 2108 6
3654 2054 3847 2123 Μελχι-

2270 2146 2442 2211 σεδὲκ,
2481 2146 2647 2212 ἔδειξε
2681 2149 2777 2217 μὲν
2823 2148 2921 2202 καὶ
2950 2150 2984 2220 ἡ
3023 2149 3341 2219 ὀρκωμοσία
3388 2149 3421 2219 ἡ
3468 2148 3613 2218 πρὸς
3650 2148 3847 2201 αὐτόν’

2268 2237 2351 2292 Σὺ
2376 2237 2567 2306 ἱερεὺς
2591 2242 2677 2306 εις
2704 2240 2810 2293 τόν
2844 2240 3051 2305 αἰῶνα,
3076 2241 3225 2295 κατὰ
3253 2240 3371 2309 τὴν
3415 2238 3600 2305 τάξιν
3629 2243 3845 2308 Melli-

2268 2329 2467 2384 σεδέκ.
2504 2332 2736 2385 Ἔπειτα
2773 2335 2837 2387 ἐκ
2865 2332 2959 2387 τοῦ
3002 2334 3263 2403 ὀνόματος
3286 2349 3303 2364 ·
3333 2332 3419 2397 τίς
3447 2332 3561 2404 γὰρ
3599 2331 3848 2402 pactis-‘0;

2271 2421 2638 2495 δικαιοσύνης,
2669 2426 2701 2496 ἢ
2735 2428 2763 2480 6
2796 2427 3000 2498 Κύριος
3032 2426 3225 2498 ὴμῶν;
3259 2426 3433 2490 Αὐτὸς
3467 2426 3582 2495 γάρ
3613 2426 3734 2478 ἐστι
3765 2427 3847 2478 καὶ

2271 2513 2573 2581 Βασιλεὺς
2628 2510 2903 2586 ειξοήνης·
2969 2518 3392 2587 εἱρηνοποίησε
3450 2518 3567 2586 γὰρ
3655 2518 3727 2571 τὰ
3788 2517 3849 2570 ἐν

2270 2604 2395 2671 τοῖς
2436 2607 2733 2674 οὐρανοῖς,
2789 2609 2887 2663 καὶ
2942 2609 3013 2665 τὰ
3067 2610 3165 2665 ἐπὶ
3211 2608 3319 2677 τῆς
3364 2608 3499 2679 τῆς.
3544 2609 3727 2673 Αὐτὸς
3767 2611 3849 2662 καὶ

2271 2696 2530 2766 ἀπάτωρ,
2564 2701 2659 2753 καὶ
2693 2702 2968 2771 ἀμήτωρ·
3010 2703 3122 2758 ἄνω
3174 2704 3271 2773 μὲν
3313 2704 3573 2775 ἀμήτωρ,
3617 2704 3772 2757 κάτω
3800 2703 3851 2755 δὲ

2272 2787 2521 2860 ἀπάτωρ.
2556 2791 2727 2854 Αὐτὸς
2760 2793 2859 2846 καὶ
2898 2794 2973 2865 μὴ
3033 2795 3525 2865 γενεαλογούμενος
3546 2812 3562 2827 ’
3631 2795 3755 2861 Τὴν
3791 2794 3853 2846 δὲ

2272 2882 2484 2951 γενεὰν
2510 2882 2619 2951 γὰρ
2652 2885 2858 2950 αὐτοῦ,
2886 2887 3038 2958 φησὶ,
3066 2888 3156 2953 τίς
3184 2888 3335 2956 ἔγνω
3369 2903 3389 2951 ;
3438 2889 3517 2942 06
3555 2888 3675 2959 γὰρ
3706 2889 3848 2941 δυνα-

2272 2970 2363 3023 τὸν
2383 2971 2546 3026 αὑτοῦ
2590 2972 2688 3044 τὴν
2715 2975 2827 3029 ἄνω
2858 2976 3113 3045 γέννησιν
3150 2976 3407 3042 ἐξειπεῖν.
3439 2979 3625 3041 Αὐτὸς
3668 2982 3761 3031 καὶ
3785 2981 3852 3040 εἰς

2273 3063 2399 3127 τοὺς
2426 3065 2628 3132 αεῶνάς
2657 3068 2804 3123 ἐστιν
2823 3086 2836 3101 ο
2868 3069 3165 3135 τουτέστιν,
3202 3070 3301 3124 οὐκ
3341 3068 3407 3139 ἐχ
3420 3086 3469 3122 ει
3504 3069 3663 3139 ζωῆς
3694 3070 3853 3131 τέλος.

2276 3155 2447 3219 Δύτὸς
2471 3158 2567 3212 καὶ
2597 3159 2703 3231 πρὸ
2731 3161 2932 3226 παντὸς
2963 3161 3161 3227 αἰῶνος
3183 3180 3197 3194 ·
3229 3162 3323 3215 καὶ
3351 3161 3515 3215 τοῦτό
3549 3164 3727 3225 ἐστιν,
3757 3160 3859 3214 οὐδ’

615 3267 739 3306 nem
774 3251 895 3320 ejus
920 3251 1203 3306 edisserat.
1232 3251 1457 3321 Insuper
1495 3257 1549 3304 et
1579 3249 1631 3303 in
1650 3258 1914 3303 aeternum
1939 3244 2177 3308 exsistit,

2284 3248 2456 3319 ἀρχὴν
2485 3251 2728 3323 ἡμερῶνο

618 3344 723 3401 hoc
743 3354 846 3414 est,
871 3346 995 3401 vitae
1029 3345 1187 3401 ﬁnem
1241 3362 1350 3401 non
1380 3344 1562 3400 habet.
1612 3343 1731 3410 Ipse
1759 3342 1921 3398 etiam
1948 3348 2031 3396 est
2060 3348 2186 3431 ante
2220 3344 2481 3429 saeculum
2529 3362 2711 3415 omne,
2737 3349 2887 3421 quod
2912 3357 3017 3419 est,
3054 3350 3265 3407 dierum
3291 3351 3509 3406 initium
3591 3367 3706 3406 non
3768 3350 3861 3406 ha.

618 3438 767 3493 here.

696 3551 715 3584 ι
752 3532 1018 3601 Regresso
1047 3548 1075 3586 a
1100 3532 1243 3588 caede
1271 3548 1480 3605 regum,
1506 3543 1559 3589 et
1578 3535 1852 3590 benedixit
1885 3535 2184 3609 ei:[Vsns.

619 3622 761 3696 2,5]
781 3624 865 3677 cui
899 3623 1054 3695 241
1086 3632 1141 3678 et
1171 3624 1413 3679 decimas
1435 3626 1681 3680 omnium
1712 3626 1896 3684 divisit
1916 3628 2187 3683 Abraham

621 3717 853 3787 primum
914 3718 1155 3784 quidem,
1204 3717 1295 3787 qui
1330 3718 1723 3787 interpretatur
1788 3734 1881 3774 rex
1920 3719 2179 3788 justitim,

621 3808 816 3863 deinde
862 3815 1042 3863 autem
1072 3816 1127 3864 et
1161 3825 1250 3863 rex
1295 3807 1501 3872 Salem,
1553 3810 1696 3881 quod
1739 3820 1824 3865 est
1865 3826 1954 3865 rex
1984 3810 2182 3881 pacis;

625 3901 743 3956 sine
778 3911 951 3972 patre,
984 3902 1102 3956 sine
1134 3911 1324 3967 matre,
1358 3902 1477 3957 sine
1510 3904 1846 3974 genealogia.
1881 3922 1900 3956 ι

698 4104 813 4159 Dici
843 4121 948 4159 non
974 4112 1173 4175 potest,
1207 4105 1405 4176 inquit,
1443 4106 1816 4160 Abrahamum
1854 4104 2192 4170 illidedisse,

630 4211 730 4251 ceu
763 4198 889 4253 belli
924 4198 1093 4252 socio.
1126 4198 1261 4265 Nam
1301 4204 1528 4268 propter
1567 4198 1670 4253 hoc
1695 4199 1770 4252 ait
1800 4198 1953 4251 illum
1979 4198 2191 4253 obviam

629 4288 797 4344 ivisse
832 4290 1152 4344 revertenti.

711 4423 729 4455 ι
764 4403 949 4473 Neque
1001 4404 1216 4458 initium
1268 4404 1499 4466 dierum,
1528 4420 1704 4473 neque
1751 4404 1911 4458 finem
1943 4404 2067 4459 vitte
2102 4403 2196 4457 ha-

635 4493 770 4548 bens
802 4510 816 4545 :
852 4494 1181 4549 assimilatus
1239 4503 1419 4548 autem
1462 4493 1601 4548 Filio
1632 4493 1747 4559 Dei,
1798 4503 1982 4549 manet
2010 4509 2193 4549 sacer-

2368 3552 2386 3585 ι
2433 3534 2851 3607 Ὑποστρέφοντι
2880 3538 2988 3592 ἀπὸ
3002 3541 3098 3610 τῆς
3128 3542 3300 3610 κοπῆς
3326 3540 3756 3611 τῶνιβασιλέων,
3775 3543 3859 3595 καὶ

2289 3626 2588 3697 εὐλογήσας
2618 3630 2799 3694 αὑτὸν,
2831 3624 2875 3697 ᾧ
2906 3632 3000 3685 καὶ
3027 3631 3255 3702 δεκάτην
3286 3632 3393 3686 ἀπὸ
3422 3635 3654 3687 πάντων
3684 3633 3861 3703 ἐμέμ-

2292 3734 2384 3771 σεν
2426 3718 2710 3790 Ἀϐραάμ·
2759 3722 2973 3793 πρῶτον
3011 3722 3108 3793 μὲν
3139 3724 3585 3793 ἑρμηνευόμενος
3618 3724 3860 3793 gaudii};

2289 3809 2654 3891 δικαιοσύνης,
2698 3811 2888 3866 ἔπειτα
2925 3813 2981 3866 δὲ
3017 3814 3109 3866 καὶ
3154 3813 3405 3883 βασιλεὺς
3447 3814 3670 3885 Σαλὴμ,
3702 3818 3731 3869 ὃ
3756 3818 3860 3868 ἐστι

2295 3900 2546 3971 βασιλεὺς
2582 3904 2827 3975 εἰρήνης,
2876 3904 3126 3977 ἀπάτωρ,
3182 3908 3436 3978 ἀμήτωρ,
3472 3907 3859 3975 ἀγενεαλογούο

2297 4010 2473 4063 μενος.
2519 4014 2537 4047 ι

2366 4106 2478 4162 Οὐκ
2512 4108 2658 4161 ἔστιν
2704 4110 2897 4175 εἰπεῖν,
2947 4110 3130 4182 φησιν,
3183 4110 3267 4165 ὅτι
3307 4111 3382 4175 ὡς
3417 4116 3752 4184 μετασχόντι
3778 4111 3859 4165 τοῦ

2299 4200 2535 4270 πολέμου
2583 4200 2773 4258 ἔδωκε.
2818 4203 2916 4256 Διά
2964 4204 3074 4274 γὰρ
3120 4202 3278 4257 τοῦτο
3327 4200 3506 4271 εἶπεν,
3569 4207 3860 4276 ὑπήντησεν

2299 4288 2711 4357 ὑποστρέφοντι.

2295 4451 2299 4455 .
2378 4420 2398 4453 ι
2441 4403 2593 4474 Μήτε
2622 4404 2796 4476 ἀρχὴν
2829 4403 3072 4476 ἡμερῶν,
3123 4404 3258 4475 μήτε
3304 4404 3451 4474 ζωῆς
3498 4405 3662 4468 τέλος
3710 4406 3859 4473 ἔχων·

2303 4494 2733 4566 ἀφωμοιωμένος
2758 4497 2813 4550 δὲ
2838 4497 2914 4567 τῷ
2942 4496 3056 4567 Υἱῷ
3083 4495 3177 4549 τοῦ
3209 4496 3364 4562 Θεοῦ,
3400 4497 3561 4567 μένει
3594 4502 3771 4568 iege-3;
3795 4500 3864 4556 εἰς

636 4584 738 4637 dos
790 4585 846 4638 in
899 4592 1240 4654 perpetuum.
1288 4584 1492 4657 [Vuns.
1523 4585 1578 4641 Ιι.
1618 4583 1638 4659 ]
1676 4585 1962 4639 Intuemini
2015 4591 2177 4639 auten

2304 4587 2368 4638 τὸ
2394 4587 2659 4659 διηνεκές.
2696 4573 2961 4659 Θεωρεῖτε
2996 4588 3054 4641 δὲ
3089 4588 3316 4659 πηλίκος
3365 4584 3547 4653 οὗτος,
3587 4582 3635 4655 ᾧ
3668 4592 3757 4641 καὶ
3790 4589 3864 4639 6:-

638 4685 875 4746 quantus
899 4650 914 4654 ’
936 4650 1011 4730 sit
1036 4676 1145 4740 hic,
1189 4650 1364 4731 cui‘et
1398 4650 1675 4729 Abraham
1702 4675 1945 4730 decimas
1971 4673 2138 4729 dedit.
2174 4693 2178 4726 ι

2305 4650 2479 4750 κάτην
2512 4679 2764 4751 ’Λϐραὰμ
2787 4650 3003 4733 ἔδωκεν.
3052 4699 3071 4733 ι

712 4793 943 4858 Quinam
975 4807 1106 4846 vero
1124 4792 1268 4847 istud
1298 4792 1405 4848 nisi
1448 4793 1576 4862 quia
1598 4792 1713 4847 haec
1740 4790 1887 4846 edita
1907 4806 2014 4847 non
2043 4792 2203 4847 sunt?

641 4884 731 4936 Ait
771 4899 899 4953 ergo
936 4899 949 4935 :
981 4882 1134 4938 Sicut
1190 4883 1292 4939 iste
1323 4885 1435 4939 sine
1476 4894 1626 4954 patre
1684 4894 1787 4950 est,
1847 4885 1975 4954 quia
2034 4901 2204 4957 genus

643 4975 975 5045 descriptum
1001 4989 1107 5029 non
1131 4973 1254 5038 fuit,
1279 4976 1557 5031 consimili
1585 4974 1749 5031 modo
1788 4974 2042 5033 Christus
2078 4992 2207 5031 sua-

643 5077 732 5140 pte
762 5079 989 5135 natura;
1017 5074 1071 5122 et
1099 5066 1325 5123 sicutde
1352 5068 1447 5122 illo
1480 5068 1757 5124 nescimus
1778 5068 1999 5139 quando
2024 5068 2206 5124 vivere

643 5161 890 5230 cmperit,
930 5176 1032 5215 nec
1069 5160 1289 5231 quando
1332 5160 1581 5227 desierit,
1609 5168 1898 5232 prapterea
1948 5161 2207 5231 quodlit-

646 5256 779 5311 teris
809 5254 914 5309 hoc
957 5253 1231 5324 proditum
1268 5268 1374 5307 non
1405 5252 1604 5318 fuerit;
1644 5253 1726 5309 sic
1771 5252 1933 5309 etiam
1962 5251 2028 5308 de
2055 5251 2206 5317 Jesu,

646 5365 753 5404 non
792 5348 919 5420 quia
963 5347 1014 5401 id
1056 5346 1319 5417 scriptum
1368 5360 1474 5401 non
1514 5345 1637 5413 fuit,
1688 5346 1782 5401 sed
1818 5346 1945 5416 quia
1994 5348 2210 5417 generis

528 5479 533 5482 ς
647 5449 733 5495 est
787 5455 1002 5510 expers.
1061 5438 1200 5493 lllud
1235 5438 1380 5493 enim
1435 5437 1609 5509 figura
1657 5446 1815 5503 erat;
1846 5454 2017 5509 quare
2045 5438 2109 5494 de
2141 5456 2207 5495 eo

650 5526 870 5589 dicitur,
907 5527 1034 5596 quia
1057 5527 1320 5596 scriptum
1355 5525 1592 5581 nonfuit
1624 5540 1639 5579 :
1674 5526 1779 5583 hoc
1798 5537 1980 5584 autem
2004 5530 2210 5586 veritas

653 5623 768 5685 est;
803 5618 949 5673 unde
982 5618 1049 5673 de
1078 5619 1197 5689 ipso
1255 5619 1577 5683 aﬂirmatur,
1609 5634 1675 5675 eo
1697 5621 1840 5690 quod
1870 5620 2053 5693 reipsa
2081 5622 2205 5692 talis

656 5709 749 5766 sit.
805 5707 1267 5775 Quemadmodum
1320 5712 1375 5767 in
1429 5712 1738 5769 nominibus
1806 5714 1919 5769 lllic
1986 5714 2205 5770 cuidem

716 5887 737 5916 ³
791 5887 933 5944 Psal.
966 5904 1076 5953 eis,
1107 5890 1189 5946 16.
1252 5893 1270 5923 ³
1299 5894 1506 5951 Colcss.
1551 5912 1589 5959 ι,
1621 5895 1707 5950 20.

1814 5897 1833 5927 ⁵
1874 5896 2013 5954 Psal.
2047 5912 2161 5959 un,
2194 5898 2245 5952 8.

2376 4793 2488 4847 Καὶ
2522 4793 2658 4861 πῶς,
2705 4794 2737 4864 ἢ
2788 4793 2868 4865 τῷ
2902 4793 2977 4866 μὴ
3024 4794 3387 4865 ὲκφέρεσθαι;
3420 4795 3598 4861 Λέγει
3633 4790 3744 4853 οὖν,
3772 4794 3859 4851 ὅτι,

2307 4885 2494 4957 ὥσπερ
2532 4880 2688 4950 οὗτος
2713 4886 2956 4957 ἀπάτωρ
2980 4887 3057 4959 τῷ
3091 4888 3165 4959 μὴ
3210 4887 3683 4957 γενεαλογεῖσθαι,
3711 4886 3859 4942 οὕτως

2308 4978 2337 5032 ὀ
2365 4976 2597 5048 Χριστὸς
2627 4976 2763 5049 αὐτῇ
2797 4981 2863 5050 τῇ
2901 4978 3060 5047 φύσει
3087 4976 3181 5032 τοῦ
3213 4978 3535 5051 πράγματος
3571 4979 3669 5031 καὶ
3696 4977 3861 5041 ὥσπερ

2308 5068 2500 5122 τούτου
2531 5069 2628 5123 οὐκ
2677 5069 2855 5139 ἴσμεν,
2903 5067 3027 5121 οὔτε
3058 5068 3229 5139 ἀρχὴν
3280 5068 3527 5139 ἡμερῶν,
3578 5065 3702 5119 οὔτε
3736 5062 3863 5128 icui:

2310 5156 2481 5221 τέλος,
2511 5158 2598 5211 διὰ
2624 5157 2684 5210 τὸ
2731 5158 2806 5228 μὴ
2848 5157 3174 5227 γεγράφθαι,
3208 5156 3345 5210 οὕτω
3374 5157 3469 5209 καὶ
3503 5155 3601 5209 ἐπὶ
3628 5154 3724 5207 τοῦ
3772 5154 3865 5219 ἰξο

2317 5249 2431 5314 σοῦ,
2466 5251 2525 5302 ού
2559 5249 2647 5302 διὰ
2688 5249 2747 5303 τὸ
2779 5250 2855 5320 μὴ
2883 5249 3210 5319 γεγράφθαι,
3237 5249 3373 5303 ἀλλὰ
3400 5248 3493 5302 διὰ
3516 5251 3581 5301 1‘0
3616 5248 3691 5317 μὴ
3719 5241 3863 5298 εἶναι.

2330 5344 2533 5396 Ἐκεῖνο
2577 5341 2675 5412 μὲν
2705 5341 2893 5407 τύπος,
2942 5341 3036 5394 καὶ
3071 5341 3159 5395 διὰ
3206 5341 3384 5403 τοῦτο,
3418 5340 3528 5394 ἀπὸ
3555 5340 3654 5392 τού
3684 5348 3755 5408 μή
3782 5352 3864 5402 γε·

2315 5434 2556 5505 γράφθαι
2577 5450 2591 5465 ο
2623 5433 2782 5487 τοῦτο
2808 5434 2863 5487 δὲ
2893 5433 3139 5504 ἀλήθεια,
3170 5433 3265 5487 καὶ
3305 5432 3395 5487 διὰ
3438 5432 3618 5497 τοῦτο,
3648 5431 3755 5484 ἀπὸ
3780 5424 3864 5479 τοῦ

2320 5528 2395 5599 μὴ
2432 5523 2592 5583 εἶναι.
2636 5527 2844 5599 Ὠσπερ
2884 5527 2979 5579 καὶ
3018 5526 3112 5579 ἐπὶ
3151 5525 3260 5579 τῶν
3300 5525 3603 5595 ὀνομάτων,
3648 5520 3865 5575 ἐνταῦθα

2321 5620 2420 5691 μὲν
2450 5621 2808 5693 προσηγορίαι
2854 5615 2996 5690 ἦσαν
3020 5620 3115 5673 καὶ
3137 5617 3440 5685 ,βασιλεὺς
3470 5615 3863 5673 δικαιοσύνης.

2318 5716 2412 5769 καὶ⁵
2456 5714 2753 5781 βασιλεὺς
2804 5712 3049 5783 εἰρήνης
3077 5728 3092 5745 θ
3130 5712 3245 5781 ἐκεῖ
3291 5710 3347 5764 δὲ
3389 5709 3705 5781 πράγματος
3742 5701 3864 5769 dli?
