4022 6444
103 370 205 438 961

1257 378 1341 439 ΙΝ
1371 378 1610 441 EPIST.
1636 379 1736 440 AD
1764 376 2156 439 HEBRIEOS.

3220 379 3326 445 962

100 488 217 540 θεια
237 502 251 515 ·
284 484 429 539 οὕτω
460 485 557 540 καὶ
598 482 835 540 ἐνταῦθα
863 476 1221 559 προσηγορίαι
1271 487 1429 554 εἰσὶν,
1460 489 1577 542 ἐκεῖ
1601 486 1659 541 δὲ

1770 486 1922 541 nudae
1973 483 2367 556 appellationes
2428 490 2608 547 erant,
2661 491 2789 554 puta
2848 486 2980 556 regis
3007 487 3324 555 iustitiae.“

100 578 440 649 πραγμάτων
466 576 714 649 ἀλήθεια.

175 779 195 813 ι
253 762 348 815 Ἐκ
377 762 485 815 τῶν
516 762 839 832 ἀκροθινίων
865 763 893 817 6
922 762 1286 834 πατριάρχης.
1333 778 1353 811 ι

177 855 521 924 Ἆκροθίνια,
562 856 631 911 τά
658 856 874 927 λάφυρα
902 854 1071 924 λέγει.

174 968 192 1002 ι
237 951 350 1004 Καὶ
396 951 444 1003 οί
498 950 596 1019 μὲν
645 951 708 1003 ὲκ
738 949 849 1003 τῶν
896 948 1027 1001 υίῶν
1070 946 1200 1001 Λευῖ
1238 946 1336 1018 τὴν
1383 947 1658 1017 ἱερατείαν

96 1042 462 1113 λαμϐάνοντες
486 1041 706 1113 ἐντολὴν
735 1041 951 1111 ἔχουσιν
989 1039 1356 1094 ἀπώεκατοῦν
1400 1040 1490 1093 τὸν
1533 1038 1659 1092 λαὸν

99 1135 235 1190 κατὰ
254 1134 349 1189 τὸν
377 1134 560 1205 νόμον,
592 1133 838 1187 τουτέστι
862 1134 987 1196 τοὺς
1017 1133 1278 1202 ἀδελφοὺς
1306 1131 1506 1196 αὐτῶν,
1538 1130 1661 1184 καί·

100 1245 203 1297 περ
234 1226 623 1297 ἐξεληλυθότας
671 1228 736 1279 ὲκ
790 1226 889 1295 τῆς
935 1224 1137 1294 ὀσφύος
1193 1224 1460 1296 Ἀϐραάμ.
1513 1224 1575 1276 '0
1603 1222 1660 1277 δὲ

101 1320 174 1392 μὴ
199 1318 688 1390 γενεαλογούμενος
732 1317 790 1385 ἐξ
823 1316 1022 1380 αὐτῶν,
1066 1316 1397 1370 δεδεκάτωκε
1428 1315 1520 1369 τὸν
1574 1314 1661 1366 ’Δ-

99 1414 305 1486 6ραὰμ,
335 1412 430 1467 καὶ⁸
461 1412 553 1466 τὸν
581 1410 773 1483 ἔχοντα
803 1409 902 1474 τὰς
934 1407 1266 1479 ἐπαγγελίας
1300 1408 1585 1477 εύλόγηκε.
1634 1425 1653 1457 ι

164 1594 437 1665 Τοσαύτη,
474 1592 657 1661 φησὶν,
706 1585 775 1661 ἦν
816 1587 919 1658 τῆς
972 1588 1270 1661 ἱερωσύνης
1300 1589 1333 1657 ἡ
1364 1582 1658 1657 ὑπερϐολὴ,

95 1689 167 1751 ὡς
194 1687 292 1740 καὶ
315 1687 439 1749 τοὺς
463 1684 757 1756 ὁμοτίμους
783 1681 891 1734 ἀπὸ
922 1681 1220 1751 προγόνων,
1252 1680 1347 1735 καὶ
1382 1679 1473 1733 τὸν
1500 1678 1662 1733 αὑτὸν

96 1780 319 1850 ἔχοντας
346 1780 712 1850 προπάτορας,
742 1773 921 1844 πολλῷ
956 1772 1196 1844 βελτίους
1248 1769 1388 1826 εἶναι
1416 1770 1524 1824 τῶν
1562 1770 1661 1823 άλ-

1761 579 1896 649 regis
1920 581 2106 647 pacis;
2138 577 2262 633 istic
2288 590 2439 639 vero,
2471 578 2587 646 ipsa
2632 578 2712 633 rei
2756 577 2957 633 veritas
2992 596 3006 631 :
3035 581 3110 633 ita
3145 590 3200 636 et
3228 582 3323 638 hic

1759 671 2196 740 nuncupationes
2224 678 2386 737 sunt;
2415 670 2528 723 illic
2546 677 2727 723 autem
2753 671 2957 726 veritas
2978 685 3187 727 rerum.

1837 784 1855 817 ι
1894 764 1967 819 De
1998 764 2284 835 prazcipuis
2337 762 2670 833 patriarcha.
2712 782 2731 815 ι

1832 856 2113 926 Prwcipua
2164 856 2450 911 manubias
2476 855 2629 931 dicit.

1829 948 1996 1005 VERS.
2030 950 2079 1012 5,
2107 949 2158 1004 6.
2184 968 2203 1000 ι
2235 948 2299 1004 Ει
2320 948 2533 1019 quidem
2555 949 2622 1005 de
2654 948 2779 1005 ﬁliis
2804 948 2933 1005 Levi
2962 951 3327 1006 sacerdotium

1761 1042 2112 1111 accipientes,
2168 1042 2487 1096 mandatum
2517 1042 2721 1098 habent
2764 1043 3005 1099 decimas
3040 1060 3257 1098 sumere
3294 1060 3325 1097 a

1760 1134 1961 1203 populo
2010 1134 2312 1190 secundum
2348 1135 2542 1205 legem,
2580 1135 2632 1190 id
2673 1142 2757 1191 est
2787 1151 2817 1189 a
2866 1134 3129 1191 fratribus
3170 1137 3324 1190 suis:

1762 1240 2073 1296 quanquam
2127 1225 2232 1296 ipsi
2264 1226 2499 1282 exierint
2531 1226 2596 1282 dc
2624 1227 2825 1283 lumbis
2882 1228 3131 1281 Abrahm.
3159 1227 3330 1298 Cujus

1760 1328 1938 1373 autem
2002 1318 2279 1390 generatio
2336 1331 2726 1375 annumeratur
2795 1336 2859 1376 ex
2887 1320 3019 1384 illis,
3090 1321 3331 1375 decimas

1760 1412 2076 1483 sumpsitab
2114 1412 2409 1474 Abraham,
2458 1421 2510 1467 et
2550 1413 2697 1468 hunc
2753 1414 2845 1484 qui
2874 1413 3105 1468 habebat
3145 1430 3331 1483 repro-

1762 1504 2082 1567 missiones,
2116 1504 2414 1558 benedixit.
2454 1524 2472 1556 ι

1831 1593 2002 1650 Tanta
2059 1595 2355 1650 eminentia
2389 1608 2504 1651 erat
2551 1596 2869 1662 sacerdotii,
2915 1597 3113 1668 inquit,
3150 1606 3208 1651 ut
3237 1597 3326 1667 qui

1761 1686 2008 1755 ejusdem
2034 1701 2063 1739 a
2097 1687 2417 1755 parentibus
2456 1687 2683 1743 honoris
2712 1696 2766 1744 et
2815 1689 3145 1743 conditionis
3179 1700 3327 1756 sunt,

1765 1773 2125 1843 eumdemque
2182 1774 2586 1845 progenitorem
2640 1777 2864 1840 habent,
2908 1779 3134 1848 reliquis
3170 1780 3331 1848 longe

94 1870 223 1923 λων.
261 1870 502 1938 Δεκάτην
536 1867 627 1921 οὖν
658 1868 787 1938 παρ’
815 1864 1039 1943 ἐκείνων
1076 1865 1460 1935 λαμϐάνουσιν.
1493 1863 1660 1916 Ὅταν

1770 1862 2159 1931 praecellerent.
2208 1865 2571 1930 Quamobrem
2629 1866 2874 1922 decimas
2921 1869 3128 1924 abillis
3185 1873 3331 1923 acci-

93 1961 187 2016 οὖν
238 1963 368 2033 παρ’
406 1962 583 2016 αὐτῶν
624 1960 829 2016 τούτων
871 1964 1103 2024 δεκάτας
1133 1957 1503 2029 λαμόάνωσιν,
1550 1953 1662 2026 ἄρα

92 2055 189 2123 οὐχ
223 2050 373 2108 οὗτοι
418 2054 515 2125 μὲν
548 2057 605 2109 ὲν
653 2054 804 2121 τάξει
848 2056 1070 2121 λα’ίκῶν,
1124 2053 1320 2106 ἐκεῖνοι
1352 2049 1408 2101 δὲ
1450 2049 1509 2100 ὲν
1549 2047 1663 2109 τοῖς

94 2146 341 2216 ἱερεῦσις
378 2148 488 2201 Καὶ
533 2147 595 2200 ού
650 2148 808 2202 τοῦτο
858 2147 1038 2219 μόνον,
1086 2144 1201 2199 ἀλλ’
1234 2141 1357 2197 οὐδὲ
1402 2140 1663 2211 ὁμότιμος

93 2239 281 2301 αὐτοῖς
302 2233 393 2309 ἦν,
420 2238 533 2291 ἀλλ’
556 2237 615 2302 ἐξ
640 2238 825 2309 ἑτέρου
855 2239 1065 2306 γένους.
1100 2236 1262 2287 Ὥστε
1280 2234 1381 2285 ούκ
1410 2231 1476 2285 ἂν
1496 2230 1669 2291 ἔδωκε,

94 2330 384 2401 ἀλλοφύλῳ
425 2330 677 2397 δεκάτας,
718 2331 766 2383 εί
799 2329 874 2401 μὴ
901 2327 1070 2399 πολλὴ
1098 2323 1165 2399 ἦν
1195 2327 1230 2397 ἡ
1260 2324 1412 2396 τιμή.

164 2529 184 2563 ι
234 2504 424 2581 Χωρὶς
456 2508 513 2564 δὲ
544 2510 722 2580 πάσης
750 2507 1059 2577 ἀντιλογίας
1085 2505 1147 2559 τὸ
1175 2504 1392 2558 ἔλαττον
1421 2501 1523 2556 ὑπὸ
1565 2499 1662 2553 τοῦ

88 2602 407 2672 κρείττονος
433 2601 753 2671 εὐλογεῖται.
782 2602 892 2655 Καὶ
918 2594 1019 2657 ὦδε
1053 2598 1151 2670 μὲν
1176 2597 1407 2659 δεκάτας
1429 2593 1666 2661 ἀποθνήο

92 2712 323 2757 σκοντες
360 2695 634 2767 ἄνθρωποι
679 2693 1065 2765 λαμϐάνουσιν,
1104 2691 1219 2743 ἐκεῖ
1246 2688 1323 2751 δὲ,
1348 2682 1664 2758 μαρτυρού-

90 2804 256 2855 μενος
294 2786 376 2839 ὅτι
403 2787 489 2858 ζῇ,
523 2787 637 2848 καὶ,
672 2784 746 2849 ὡς
771 2785 898 2847 ἔπος
929 2784 1122 2847 εἰπεῖν,
1154 2779 1243 2834 διὰ
1284 2776 1534 2849 Ἀϐραὰμ
1571 2773 1665 2830 καὶ

85 2879 246 2934 Λευΐ.
301 2879 359 2931 '0
387 2878 444 2931 δὲ
473 2877 927 2947 καταλαμῦάνων,
966 2872 1352 2929 δεδεκάτωται.
1395 2888 1414 2921 ι

167 2970 399 3041 Ἐπειδὴ
449 2970 560 3024 ἀνω
607 2970 700 3023 καὶ
750 2970 897 3023 κάτω
944 2966 1102 3020 τοῦτο
1141 2959 1209 3035 ἦν
1253 2962 1314 3017 τὸ
1359 2959 1576 3032 σεμνὸν,
1603 2956 1664 3011 τὸ

83 3061 433 3131 ἐπαγγελίαν
482 3061 626 3133 ἔχειν
671 3062 762 3115 τὸν
821 3046 1091 3132 Ἀϐρααμ,
1140 3056 1414 3112 δείκνυσιν
1456 3055 1665 3107 ἐκεῖνον

81 3153 219 3205 ὄντα
256 3151 601 3223 σεμνότερον.

1765 1955 1940 2024 piunt.
2002 1954 2233 2021 Quando
2268 1956 2432 2027 igitur
2464 1958 2534 2012 ab
2596 1957 2681 2013 his
2719 1958 2960 2015 decimas
3021 1960 3319 2032 accipiunt,

1763 2061 1943 2101 nonne
1988 2039 2098 2117 ipsi
2150 2047 2205 2101 in
2260 2047 2449 2104 ordine
2512 2060 2639 2105 sunt
2698 2049 3005 2117 laicorum,
3071 2051 3149 2106 illi
3203 2068 3332 2107 vero

1764 2136 2108 2192 sacerdotum
2163 2137 2187 2190 ?
2232 2135 2426 2193 Verum
2481 2155 2658 2211 neque
2706 2140 2758 2195 id
2814 2142 2990 2197 solum
3041 2157 3056 2207 ;
3118 2152 3175 2197 ut
3232 2158 3333 2197 nec

1762 2228 1854 2283 ille
1900 2230 2128 2299 aqualis
2188 2230 2415 2286 honoris
2481 2230 2666 2300 fuerit,
2724 2233 2820 2289 sed
2872 2249 2939 2289 ex
2969 2234 3079 2289 alio
3109 2250 3330 2307 genere.

1764 2320 2107 2392 Quapropter
2156 2322 2431 2377 Abraham
2477 2339 2822 2395 nequaquam
2848 2326 3168 2397 alienigena:
3191 2327 3336 2382 deci-

1765 2425 1881 2465 mas
1901 2411 2157 2475 dedisset,
2190 2413 2293 2467 nisi
2321 2413 2485 2482 hujus
2506 2415 2707 2469 eximia
2738 2416 2978 2486 dignitas
3016 2416 3228 2473 fuisset.

1834 2499 2003 2556 Vens.
2034 2502 2149 2565 7-9,
2194 2521 2213 2554 ι
2240 2502 2370 2558 Sine
2389 2504 2497 2558 ulla
2521 2512 2700 2560 autem
2722 2508 3172 2572 contradictione,
3190 2507 3335 2579 quod

1765 2591 1947 2647 minus
1980 2600 2086 2655 est,
2119 2608 2147 2647 a
2184 2595 2412 2651 meliore
2479 2596 2838 2653 benedicitur.
2870 2599 2936 2652 Et
2958 2599 3048 2654 hic
3081 2601 3329 2669 quidem,

1765 2684 2007 2740 decimas
2037 2688 2335 2743 morientes
2380 2689 2632 2745 homines
2691 2692 2973 2762 accipiunt
3008 2708 3023 2747 :
3058 2693 3133 2748 ibi
3154 2702 3335 2749 autem

1765 2784 2102 2832 contestatur
2121 2778 2211 2849 qui
2237 2780 2389 2847 vivit,
2412 2789 2467 2848 et
2490 2781 2573 2842 (ut
2601 2782 2672 2836 ita
2697 2784 2901 2838 dictum
2924 2784 3019 2855 sit)
3047 2801 3142 2856 per
3158 2786 3336 2840 Abra-

1766 2867 1891 2921 ham
1920 2877 1973 2923 et
1995 2867 2147 2924 Levi.
2173 2869 2274 2936 Qui
2311 2880 2491 2927 autem
2523 2875 2754 2945 accepit,
2811 2875 3115 2933 decimatus
3158 2889 3266 2935 est.
3305 2897 3327 2932 ι

1853 2960 2122 3029 Quoniam
2170 2980 2394 3021 sursum
2454 2966 2824 3041 deorsumque
2877 2971 2981 3026 hoc
3030 2975 3336 3043 spectabile

1765 3063 1905 3119 erat,
1945 3055 2091 3126 quod
2152 3060 2505 3129 repromissio
2541 3060 2681 3116 facta
2710 3071 2855 3118 esset
2878 3064 3209 3133 Abraliamo,
3242 3082 3336 3123 03-

1766 3147 1941 3201 tendit
1965 3145 2365 3204 Melchisedech
2392 3150 2487 3205 illo
2526 3151 2698 3208 fuisse
2724 3153 3156 3211 honoratiorem.

159 3263 180 3296 ι
238 3208 368 3297 Ἔτι
396 3208 506 3313 γάρ
525 3246 581 3297 ὲν
606 3246 671 3314 τῇ
699 3242 861 3311 ὀσφύϊ
888 3238 982 3294 τοῦ
1020 3238 1221 3311 πατρὸς
1247 3232 1337 3310 ἦν,
1367 3236 1454 3290 ὅτε
1483 3233 1667 3305 συνήν-

1840 3236 2004 3295 Vsus.
2040 3240 2127 3295 10.
2157 3259 2176 3292 ι
2203 3241 2398 3297 Adhuc
2454 3245 2598 3298 enim
2655 3246 2709 3298 in
2769 3208 2973 3303 lumbis
3196 3259 3335 3319 erat,

81 3353 257 3406 τησεν
298 3335 503 3406 αύτῷὁ
543 3336 898 3406 Μελχισεδέκ.
941 3354 959 3387 ι

153 3427 405 3491 Οὐκοῦν,
442 3429 625 3497 φησιν,
661 3429 929 3500 κρείσσων
957 3430 985 3481 6
1014 3426 1179 3491 τύπος
1204 3424 1297 3479 τοῦ
1322 3422 1551 3495 Κυρίου,
1574 3419 1667 3473 καλ⁸

81 3518 256 3573 αὐτοῦ
294 3519 392 3572 τοῦ
424 3522 520 3581 τὰς
552 3520 884 3589 ἐπαγγελίας
912 3521 1145 3590 ἔχοντος.

157 3629 176 3661 ι
229 3611 305 3663 El
344 3610 442 3681 μὲν
473 3610 563 3665 οὖν
583 3612 859 3675 τελείωσις
882 3611 971 3664 διὰ
993 3611 1092 3681 τῆς
1119 3609 1408 3679 Λευῖτικῆς
1445 3605 1668 3677 ἱερωσύ-

79 3719 179 3773 νης
206 3721 309 3774 ην.
362 3722 382 3754 ι

162 3794 263 3847 Ἐν
294 3792 452 3865 αύτῷ
490 3788 578 3865 ἦν,
609 3795 795 3867 φησιν,
827 3797 855 3849 6
897 3792 1049 3859 Λευῖ,
1075 3795 1123 3847 εἰ
1161 3793 1255 3846 καὶ
1280 3790 1431 3845 οὔπω
1453 3790 1668 3862 ἐτέχθη.

84 3885 192 3938 Ἴδε
223 3888 408 3940 πόσον
441 3887 499 3940 τὸ
530 3888 694 3958 μέσον
729 3887 825 3942 τοῦ
855 3886 947 3941 τὸν
976 3886 1144 3941 τύπον
1177 3886 1389 3959 ἔχοντος
1416 3884 1508 3939 τοῦ
1545 3884 1671 3955 Ἀρ-

76 3982 328 4052 χεερὲως
358 3980 539 4052 ἡμῶν,
568 3982 661 4035 καὶ
693 3982 799 4035 τῶν
836 3982 978 4037 κατὰ
1005 3981 1189 4053 νόμον.

148 4182 170 4214 ι
211 4163 280 4218 Ὀ
306 4162 441 4227 λαδς
463 4164 568 4235 γὰρ
592 4165 679 4218 ἐπ’
704 4166 839 4237 αὐτῇ
865 4165 1251 4237 νενομοθέτητο
1270 4164 1382 4228 ’τίς
1409 4163 1488 4218 ἔτι
1516 4163 1677 4235 χρεία

74 4257 224 4308 κατὰ
251 4257 374 4323 τὴν
394 4255 545 4321 τάξιν
564 4257 901 4327 Μελχισεδὲκ
931 4257 1118 4329 ἕτερον
1148 4254 1466 4311 ἀνίστασθαι
1498 4254 1670 4325 ἱερέα,

70 4351 172 4403 καὶ
203 4351 277 4404 οὐ
314 4349 467 4403 κατὰ
496 4349 594 4422 τὴν
621 4351 774 4418 τάξιν
815 4351 1024 4423 Ἀαρὼν
1052 4351 1338 4421 λέγεσθαι;
1371 4369 1389 4402 ι

1766 3333 1985 3402 quando
2015 3335 2255 3388 obviavit
2286 3335 2335 3389 ei
2369 3335 2780 3393 Melchisedech.
2827 3358 2845 3389 »

1837 3425 2020 3497 Typus
2047 3442 2181 3497 ergo
2224 3427 2437 3483 Domini
2470 3432 2645 3500 potior
2671 3442 2755 3487 est
2790 3432 2915 3500 illo,
2943 3434 3031 3488 cui
3065 3435 3338 3505 pollicita-

1769 3516 1948 3572 tiones
1978 3517 2134 3573 factae
2164 3528 2310 3574 sunt;

1846 3606 2006 3664 Vens.
2035 3609 2151 3663 [Li
2182 3608 2238 3664 Si
2268 3625 2398 3682 ergo
2423 3613 2824 3667 consummatio
2848 3629 2943 3684 per
2970 3618 3337 3672 sacerdotium

1769 3700 2073 3757 Leviticum
2101 3712 2241 3765 erat,
2279 3721 2298 3755 ι

1841 3794 1899 3848 In
1934 3810 1999 3850 eo
2023 3794 2307 3860 eratLevi,
2342 3795 2536 3867 inquit,
2563 3797 2668 3853 etsi
2742 3797 2985 3854 nondum
3007 3808 3170 3855 natus
3197 3808 3339 3856 erat.

1773 3884 1983 3956 Inspice
2012 3895 2278 3956 quantum
2308 3888 2530 3943 intersit
2587 3890 2727 3943 inter
2754 3890 2906 3944 illum
2931 3890 3024 3960 qui
3058 3874 3374 3947 Pontiﬁcis.

1774 3980 1950 4035 nostri
1996 3987 2183 4050 typum
2217 3981 2457 4051 gerebat,
2489 3988 2543 4035 et
2576 3996 2671 4037 eos
2703 3982 2797 4050 qui
2826 3980 3129 4038 secundum
3169 3981 3341 4055 legem

1773 4071 1940 4126 creati
1964 4082 2110 4126 sunt.

1847 4161 2012 4235 242
2056 4180 2073 4215 ι
2104 4161 2384 4234 (Populus
2412 4163 2557 4218 enim
2589 4164 2693 4219 sub
2726 4165 2848 4234 ipso
2876 4165 3047 4236 legem
3075 4166 3341 4237 accepit.)

1777 4251 1917 4319 Quid
1968 4252 2147 4308 adhuc
2189 4254 2563 4310 necessarium
2594 4254 2697 4309 fuit
2756 4257 3060 4311 secundum
3090 4257 3339 4313 ordinem

1777 4342 2175 4401 Melchisedech
2226 4345 2392 4399 alium
2448 4334 2675 4417 surgere
2725 4347 3088 4415 sacerdotem,
3111 4357 3166 4404 et
3230 4365 3339 4405 non

1778 4437 2077 4494 secundum
2098 4437 2341 4494 ordinem
2364 4438 2548 4493 Aaron
2572 4437 2723 4495 dici?
2754 4456 2772 4488 ι

141 4525 375 4592 Δείξας
417 4524 498 4578 ὅτι
545 4525 679 4581 πολὺ
724 4525 969 4597 βελτίων,
1000 4528 1093 4582 καὶ
1120 4527 1215 4581 τοῦ
1259 4527 1413 4597 Λευῒ,
1458 4528 1669 4583 καὶτοῦ

1849 4528 2147 4600 Postquam
2171 4530 2410 4585 ostendit
2429 4530 2831 4588 Melchisedech
2863 4531 3034 4587 multo
3072 4541 3338 4603 pra-stan-

80 4618 409 4688 ’Δὸραὰμ,
464 4618 492 4670 6
542 4619 895 4689 Μελχισεδὲκ,
957 4622 1015 4675 ὲν
1061 4620 1212 4686 τάξει
1258 4621 1448 4691 ἱερέως
1493 4623 1677 4685 αὐτοῖς

1781 4623 1974 4678 tiorem
2012 4623 2324 4678 Abrahamo
2354 4631 2410 4680 et
2456 4622 2587 4680 Levi
2632 4627 2934 4693 exstitisse,
2969 4641 3036 4681 eo
3084 4627 3231 4697 quod
3256 4643 3345 4684 sa-

63 4711 424 4781 γενόμενος,
448 4709 507 4774 ἐξ
535 4710 723 4781 ἑτέρου
756 4712 918 4767 πάλιν
965 4714 1259 4784 ἐπιχειρεῖ,
1284 4713 1459 4782 λέγων
1479 4730 1493 4745 ο
1522 4712 1679 4777 Τίνος

63 4803 277 4879 ἕνεκεν
328 4800 439 4854 οὐκ
467 4799 608 4867 εἶπε,
640 4806 792 4859 κατὰ
842 4805 959 4873 τὴν
997 4804 1170 4870 τάξιν
1224 4805 1478 4875 Ἀαρών;
1517 4806 1680 4874 Λέγει

58 4892 185 4964 οὖν,
237 4898 342 4951 ὅτι
389 4896 439 4948 εί
468 4896 705 4962 τελείους
753 4898 922 4951 ἐποίει
958 4900 987 4951 6
1018 4898 1202 4968 νόμος,
1242 4897 1332 4951 διὰ
1366 4897 1417 4951 τί
1467 4896 1680 4969 μετετί-

60 4992 239 5056 Bato;
280 4992 323 5061 ἡ
359 4992 473 5062 γὰρ
511 4989 604 5043 τοῦ
641 4991 831 5063 ίερέως
863 4990 1148 5063 μετάθεσις
1181 4991 1277 5044 καὶ
1312 4990 1479 5063 νόμου
1514 4990 1681 5062 μετά·

58 5086 225 5149 θεσις
256 5081 373 5158 ἧν.

1779 4713 2006 4769 cerdotii
2030 4728 2129 4783 pro
2166 4714 2277 4769 illis
2308 4713 2652 4787 iunctionem
2695 4715 2900 4770 obierit
2932 4733 2945 4771 :
2982 4732 3049 4771 ex
3072 4718 3181 4772 alio
3214 4734 3361 4772 rur-‘

1780 4816 1902 4863 sum
1924 4809 2103 4877 capite
2122 4807 2227 4862 hoc
2253 4813 2559 4862 monstrare
2589 4806 2925 4876 aggreditur,
2960 4807 3048 4864 his
3075 4808 3189 4864 fere
3222 4824 3343 4864 ver-

1780 4899 1903 4954 bis:
1934 4897 2075 4964 Quid
2125 4913 2306 4953 causae
2369 4898 2470 4953 fuit
2511 4904 2571 4952 ut
2631 4913 2744 4954 non
2781 4898 3000 4966 dixerit,
3059 4901 3346 4955 secundum

1782 4992 2017 5047 ordinem
2072 4988 2252 5045 Aaron
2287 4990 2310 5045 7
2340 4990 2542 5060 Utique
2582 4990 2710 5061 quia
2772 4991 2856 5047 lex
2904 4992 3177 5064 perfectos
3233 5009 3343 5048 non

1779 5082 2039 5141 reddebat
2066 5098 2081 5135 :
2105 5082 2247 5139 unde
2265 5089 2318 5137 et
2350 5084 2610 5139 translata
2637 5083 2757 5141 fuit.
2784 5084 2915 5139 Nam
2938 5086 3220 5141 translatio
3246 5101 3343 5141 seu

1782 5175 2014 5232 mutatio
2047 5175 2370 5239 sacerdotis,
2393 5176 2527 5247 legis
2562 5192 2780 5247 quoque
2804 5178 3035 5231 mutatio
3063 5186 3200 5232 erat.

1858 5266 2018 5322 Vens.
2074 5266 2161 5333 12,
2198 5268 2285 5321 15.
2325 5285 2343 5318 ι
2373 5266 2662 5323 Translato
2705 5270 2849 5325 enim
2877 5269 3199 5329 sacerdotio,
3250 5283 3347 5322 ne-

1782 5378 1937 5419 cesse
1968 5369 2053 5417 est
2084 5369 2141 5416 ut
2163 5370 2213 5416 et
2234 5361 2368 5433 legis
2394 5362 2679 5419 translatio
2704 5362 2819 5417 ﬁat.
2842 5360 2900 5416 ln
2929 5377 3038 5433 quo
3058 5362 3201 5416 enim
3233 5362 3347 5418 haec

1782 5457 2059 5513 dicuntur.
2096 5473 2114 5507 ι

1854 5549 1910 5604 ld
1964 5558 2083 5613 est,
2116 5548 2247 5603 illud
2280 5548 2526 5620 sequitur
2549 5589 2564 5613 ,
2611 5557 2667 5604 et
2698 5565 2792 5620 per
2819 5548 2950 5603 illud
2980 5549 3161 5603 omnia
3185 5550 3343 5619 gerit.

1790 5639 1901 5696 Nec
1928 5640 2072 5696 enim
2107 5640 2214 5695 dici
2265 5651 2463 5710 potest,
2522 5642 2825 5712 perfectum
2876 5642 3095 5711 quidem
3154 5641 3345 5708 fuisse,

1787 5744 1843 5786 at
1874 5748 1982 5788 non
2023 5732 2204 5789 itidem
2234 5734 2435 5805 populo
2459 5737 2832 5806 praepositum.
2868 5734 2945 5790 Eo
2981 5736 3124 5791 enim
3157 5735 3344 5791 uteba-

1784 5834 1895 5879 llil'.

140 5288 160 5321 ι
216 5264 703 5337 Μετατιθεμένης
729 5265 836 5338 γὰρ
863 5267 960 5339 τῆς
998 5265 1315 5338 ἱερωσύνης,
1348 5265 1407 5331 ἐξ
1441 5266 1681 5336 ἀνάγκης

58 5363 160 5412 καὶ
196 5361 410 5430 νόμον
461 5357 749 5428 μετάθεσις
781 5358 1008 5428 γίνεται.
1059 5360 1173 5430 Ἐφ’
1219 5359 1277 5413 ὃν
1325 5360 1433 5431 γὰρ
1467 5359 1682 5430 λέγεται

55 5453 279 5509 ταῦτα.
343 5470 369 5503 ι

133 5545 505 5610 Τουτέστιν,
557 5545 694 5618 αὐτῇ
748 5551 968 5617 στοιχεῖ,
1006 5549 1100 5602 καὶ
1148 5547 1413 5621 διἀύτῆς
1468 5550 1683 5605 ἅπαντα

58 5641 362 5714 πράττει.
406 5636 479 5688 υύ
525 5639 632 5710 γάρ
665 5640 811 5694 ἔστιν
838 5643 1031 5706 εἰπεῖν,
1057 5642 1137 5695 ὅτι
1162 5639 1341 5696 τελεία
1378 5644 1474 5712 μὲν
1507 5639 1593 5717 ἧν,
1620 5644 1681 5698 ού

55 5732 472 5808 προειστήκει
499 5731 555 5786 δὲ
586 5732 678 5786 τοῦ
704 5732 856 5788 λαοῦ.
888 5736 1036 5807 Αύτῇ
1081 5735 1189 5808 γὰρ
1224 5737 1505 5809 ἐκέχρητο.
