4022 6422
639 353 750 420 963

1780 358 1840 417 S.
1880 358 2196 419 JOANNIS
2231 362 2659 427 DAMASCENI

3772 366 3876 431 964

715 485 735 517 ι
769 464 847 521 De
877 465 982 520 alia
1039 466 1188 521 tribu
1217 474 1321 533 est,
1368 466 1436 521 de
1458 482 1566 537 qua
1598 467 1784 524 nullus
1814 470 1974 525 altari
2007 480 2200 542 praasto

2383 495 2401 528 ι
2430 477 2603 548 Φυλῆς
2627 478 2817 549 ἐτέρας
2845 478 3207 551 μετέσχηκεν,
3247 480 3340 548 ἀφ’
3364 473 3433 552 ἧς
3474 478 3653 542 οὐδεὶς
3705 494 3848 549 προσ

639 557 762 614 fuit.
822 556 1033 631 [νειιε.
1089 555 1296 631 14-16]
1338 556 1679 614 Manifesmm
1725 568 1810 616 est
1860 561 2005 616 enim
2067 562 2199 630 quia

637 668 705 706 ex
756 650 897 706 Juda
924 659 1083 707 ortus
1137 659 1223 707 est
1282 650 1549 707 Dominus
1584 660 1797 717 noster,
1827 652 1880 705 in
1913 666 2021 720 qua
2052 652 2200 707 tribu
2232 672 2233 675 η

635 744 773 799 nihil
799 742 866 800 de
894 743 1204 799 sacerdotio
1233 742 1448 816 Moyses
1511 744 1729 800 locutus
1752 752 1856 799 est.
1886 743 1950 797 Et
1974 745 2209 815 amplius

637 836 816 893 adhuc
873 834 1229 893 manifestum
1272 845 1380 899 est,
1437 835 1484 891 si
1536 836 1838 891 secundum
1894 836 2211 893 similitudi-

635 945 818 1073 ΠἯᾹΞ
850 1018 918 1073 ad
973 1032 1071 1073 eos
1099 1022 1312 1088 spectat
1367 1016 1464 1087 qui
1502 1016 1693 1072 dicunt
1738 1037 1752 1072 :
1796 1016 2023 1088 Ecquod
2062 1033 2201 1090 opus

632 1122 749 1169 erat
782 1112 931 1167 Novo
962 1109 1351 1167 Testamento?

706 1224 727 1258 ι
756 1204 1151 1261 Melchisedech
1178 1212 1435 1274 exsurgat
1477 1202 1618 1259 alius
1672 1203 1949 1269 sacerdos,
1970 1202 2064 1274 qui
2094 1218 2205 1257 non

633 1298 933 1353 secundum
972 1297 1166 1368 legem.
1215 1315 1234 1349 ι

696 1389 810 1443 Hoc
849 1389 1033 1456 modo,
1068 1388 1266 1458 inquit,
1301 1389 1634 1444 Aaronicum
1664 1389 1923 1460 erplosit.

699 1499 719 1531 ι
750 1479 989 1534 Mandati
1020 1479 1261 1533 carnalis
1295 1479 1472 1535 factus
1502 1488 1640 1535 est.»

696 1570 807 1626 Lex
839 1575 1041 1643 quippe
1064 1585 1161 1641 per
1192 1571 1376 1624 omnia
1398 1573 1638 1627 carnalis
1667 1580 1805 1629 erat.
1828 1570 2197 1636 Circumcide,

632 1665 835 1737 inquit,
862 1681 1083 1721 carnem
1112 1671 1291 1731 tuam,
1326 1680 1469 1737 unge
1502 1680 1747 1733 carnem,
1785 1680 2009 1722 carnem
2056 1665 2197 1733 lava,

630 1773 850 1813 carnem
884 1758 1034 1814 ratle.

2313 566 2512 639 ἐσχηκε
2543 568 2621 641 τῷ
2654 570 3035 643 θυσιαστηρίῳ.
3060 572 3326 643 Πρόδηλον
3354 573 3485 643 γὰρ,
3503 572 3588 625 ὅτι
3615 570 3674 636 ἐξ
3710 571 3878 625 Ἰούδα

2311 659 2672 716 ἀνατέταλκεν
2724 665 2753 717 6
2802 663 3007 733 Κύριος
3052 665 3231 735 ἡμῶν,
3282 666 3364 726 είς
3407 666 3474 735 ἢν
3508 663 3685 735 φυλὴν
3727 663 3877 717 οὐδὲν

2310 755 2439 826 περὶ
2482 755 2780 824 ἱερωσύνης
2804 756 3047 827 Μωῦσῆς
3069 756 3322 825 ἐλάλησε.
3354 756 3463 809 Καὶ
3491 756 3878 827 περισσότερον

2308 844 2388 899 ἔτι
2416 845 2715 915 κατάδηλόν
2744 846 2912 912 ἐστιν,
2949 849 2999 900 εί
3042 847 3183 901 κατὰ
3210 846 3308 918 τὴν
3334 847 3656 918 ὁμοιότητα.
3682 864 3703 897 ι

2379 1023 2549 1079 Τοῦτο
2585 1024 2721 1097 πρὸς
2755 1026 2883 1089 τοὺς
2930 1026 3205 1095 λέγοντας,
3239 1028 3304 1081 Τί
3353 1027 3461 1081 ἔδει
3493 1028 3713 1098 Καινῆς
3758 1027 3879 1080 Δια-

2307 1117 2514 1189 θὴκης;

2383 1234 2401 1266 ι
2446 1214 2780 1286 Μελχισεδὲκ
2812 1214 3098 1269 ἀνίσταται
3132 1216 3311 1288 ίερεὺς
3339 1217 3547 1287 ἕτερος,
3569 1215 3631 1280 ὃς
3652 1215 3720 1269 οὐ
3744 1216 3874 1269 κατά

2307 1308 2488 1377 νόμον.
2518 1328 2537 1362 ι

2378 1402 2535 1457 Οὕτω
2560 1403 2687 1475 γὰρ,
2721 1408 2876 1474 φησὶ,
2912 1404 3012 1476 τὴν
3053 1403 3147 1457 τοῦ
3200 1404 3409 1476 Ἀαρὼν
3440 1403 3723 1470 ἐξέϐαλεν.

2382 1516 2402 1549 ‹
2464 1497 2715 1567 Ἑντολῆς
2748 1498 3013 1570 σαρκίνης
3040 1498 3251 1568 γέγονε.
3300 1518 3318 1552 ι

2375 1588 2532 1643 Κατὰ
2578 1589 2757 1643 πάντα
2802 1588 2912 1660 γὰρ
2943 1590 3105 1661 νόμος
3142 1589 3393 1660 σάρκινος
3437 1585 3527 1661 ἦν.
3583 1588 3870 1659 Περίτεμι,

2302 1678 2455 1747 φησὶ,
2508 1677 2610 1748 τὴν
2652 1678 2831 1750 σάρκα
2879 1696 3009 1743 σου,
3060 1680 3245 1749 χρίσον
3289 1678 3390 1751 τὴν
3426 1681 3646 1751 σάρκα,
3695 1678 3873 1733 λοῦσον

2301 1770 2400 1840 τὴν
2426 1772 2623 1845 σάρκα,
2648 1772 2960 1844 περίκειρον
2984 1772 3084 1844 τὴν
3116 1772 3315 1844 σάρκα.

699 1867 720 1901 ι
750 1849 856 1904 Sed
881 1850 1180 1906 secundum
1209 1850 1460 1906 virtutem
1486 1849 1609 1904 vitae
1641 1849 1968 1907 insolubilis.
2005 1850 2200 1923 Heus.

2384 1884 2402 1918 ι
2463 1864 2623 1919 Ἀλλὰ
2654 1865 2797 1919 κατά
2828 1864 3055 1936 δύναμιν
3078 1865 3225 1935 ζωῆς
3252 1864 3618 1919 ἀκαταλύτου.
3652 1864 3875 1934 Μαρτυο

632 1942 744 2015 17]
777 1942 1133 1999 Contestatur
1190 1945 1335 2000 enim
1376 1941 1501 1998 :Tu
1540 1959 1601 1999 es
1654 1945 1915 2002 sacerdos
1960 1946 2016 2001 in
2041 1955 2205 2001 aster-

632 2049 762 2089 num
793 2034 1097 2091 secundum
1129 2036 1378 2091 ordinem
1432 2035 1850 2094 Melchisedech.
1915 2054 1936 2088 ι

699 2125 822 2181 Non
845 2127 1269 2193 Melchisedech,
1312 2127 1406 2183 sed
1440 2125 1722 2194 Christus,
1748 2128 1839 2199 qui
1870 2144 1970 2185 sua
1998 2130 2205 2187 virtute

631 2218 793 2275 vivit.

702 2311 818 2370 Hoc
869 2321 977 2381 est,
1032 2328 1140 2369 non
1198 2321 1585 2384 temporaneae,
1619 2320 1712 2369 aut
1759 2329 1882 2386 quae
1916 2315 2079 2372 linem
2108 2316 2205 2371 ba-

629 2405 774 2463 beat.

698 2499 862 2555 Vsus.
901 2498 1092 2556 l8-2l.
1120 2517 1139 2551 ‹
1177 2498 1506 2570 Reprobatio
1536 2498 1755 2569 quidem
1807 2499 1865 2554 fit
1897 2500 2204 2571 praeceden-

629 2591 703 2648 tis
736 2592 1005 2656 mandati,
1038 2601 1262 2663 propter
1296 2591 1664 2647 inﬁrmitatem
1696 2593 1819 2661 ejus
1854 2603 1911 2647 et
1935 2593 2205 2647 inutilita-

638 2693 769 2743 tem.
799 2684 947 2740 Nihil
971 2687 1118 2740 enim
1159 2687 1228 2739 ad
1262 2685 1563 2756 perlectum
1609 2684 1838 2740 adduxit
1867 2687 1951 2741 lex
1982 2703 1995 2740 :
2030 2687 2206 2742 intro-

627 2779 815 2835 ductio
872 2794 1005 2835 vero
1041 2779 1288 2834 melioris
1338 2778 1476 2849 Spei,
1506 2795 1599 2849 per
1644 2794 1808 2848 quam
1833 2781 2203 2850 proximamus

628 2875 697 2930 ad
749 2873 960 2928 Deum:
994 2881 1051 2929 et
1082 2881 1351 2943 quantum
1406 2881 1491 2926 est
1522 2888 1629 2926 non
1670 2873 1791 2926 sine
1839 2874 2202 2943 jurejurando

630 2967 755 3040 (alii
800 2967 1071 3037 siquidem
1122 2964 1482 3034 jurejurando
1510 2965 1825 3020 sacerdotes
1856 2964 1981 3019 facti
2009 2966 2200 3037 sunt),

628 3060 719 3115 hic
750 3068 930 3114 autem
982 3074 1107 3113 cum
1130 3057 1519 3127 jurejurando,
1558 3072 1654 3127 per
1685 3073 1810 3112 eum
1844 3058 1936 3127 qui
1977 3059 2113 3113 dixit
2133 3059 2199 3113 ad

2306 1960 2393 2030 ρεί
2428 1958 2538 2031 γὰρ
2567 1959 2649 2012 ὅτι
2684 1959 2748 2013 σὺ
2774 1959 2950 2029 ἱερεὺς
2976 1961 3056 2020 είς
3082 1959 3173 2011 τὸν
3200 1956 3373 2011 αίῶνα
3407 1957 3554 2011 κατὰ
3598 1957 3700 2028 τὴν
3730 1957 3875 2023 τάξιν

2303 2051 2658 2122 Μελχισεδέκ.
2703 2071 2721 2104 ι

2374 2146 2484 2215 Οὐχ
2527 2146 2556 2198 6
2598 2144 2953 2215 Μελχισεδὲκ,
2995 2143 3112 2199 ἀλλ’
3141 2146 3170 2199 6
3209 2144 3466 2215 Χριστὸς,
3511 2144 3575 2208 ὃς
3604 2147 3674 2216 τῇ
3706 2145 3875 2214 alui;

2304 2236 2525 2305 δυνάμει
2563 2234 2651 2307 ζῇ.

2375 2330 2687 2394 Τουτέστιν,
2711 2328 2769 2381 οὐ
2798 2328 3155 2400 προσκαίρου,
3181 2327 3300 2381 οὐδὲ
3329 2327 3502 2399 πέρας
3529 2326 3779 2399 ἔχοντος.

2382 2545 2400 2577 ι
2445 2525 2722 2597 Ἀθέτησις
2746 2524 2843 2595 μὲν
2876 2524 2985 2595 γὰρ
3008 2506 3216 2593 γίνεται
3250 2523 3605 2596 προαγούσης
3637 2524 3866 2592 ἐντολῆς,

2302 2618 2391 2673 διὰ
2418 2619 2478 2672 τὸ
2502 2619 2672 2689 αὐτῆς
2702 2616 2924 2682 ἀσθενὲς
2953 2618 3043 2672 καὶ
3082 2618 3377 2686 ἀνωφελές.
3418 2618 3587 2672 Οὐδὲν
3620 2619 3735 2689 γὰρ
3763 2620 3867 2671 ἐτε-

2304 2712 2527 2767 λείωσεν
2554 2713 2582 2765 6
2612 2712 2772 2779 νόμος
2793 2729 2807 2744 ·
2832 2713 3183 2781 ἐπεισαγωγὴ
3217 2713 3274 2767 δὲ
3297 2713 3613 2784 κρείττονος
3647 2713 3867 2776 ἐλπίδος,

2303 2805 2372 2859 δι’
2408 2800 2475 2879 ἧς
2524 2803 2813 2876 ἐγγίζομεν
2861 2803 2940 2874 τῷ
2979 2804 3118 2875 Θεῷ,
3153 2805 3248 2857 καὶ
3296 2805 3418 2859 καθ’
3448 2804 3576 2858 ὅσον
3620 2805 3683 2857 οὗ
3714 2804 3868 2875 χωρὶς

2305 2896 2689 2967 ὁρκωμοσίας*
2740 2894 2788 2948 οἱ
2826 2894 2923 2966 μὲν
2983 2894 3091 2966 γὰρ
3139 2894 3308 2965 χωρὶς
3341 2896 3697 2964 ὁρκωμοσίας
3747 2898 3870 2947 εἰσὶν

2308 2988 2470 3053 ἱερεῖς
2497 2989 2811 3057 γεγονότες,
2859 2991 2887 3042 6
2937 2987 2995 3042 δὲ
3029 2987 3165 3058 μετὰ
3221 2987 3604 3058 ὁρκωμοσίας,
3657 2987 3749 3040 διὰ
3786 2986 3869 3039 τοῦ

2305 3079 2553 3150 λέγοντος
2605 3082 2741 3152 πρὸς
2789 3081 2984 3135 αὐτόν·
3035 3081 3237 3151 Ὠμοσε
3288 3079 3513 3149 Κύριος,
3548 3079 3653 3133 καὶ
3693 3080 3755 3132 οὐ
3786 3096 3871 3149 με·

627 3152 781 3207 illum
829 3167 843 3203 :
873 3149 1095 3205 Juravit
1126 3149 1413 3213 Dominus.
1447 3158 1501 3203 et
1532 3165 1640 3203 non
1688 3150 1972 3219 ptenitebit
2030 3167 2153 3206 eum
2182 3170 2196 3207 :

2305 3149 2764 3242 ταμεληθήσεται.
2806 3174 2878 3228 Σὺ
2913 3149 3201 3244 ἱερεὺς-είς
3237 3173 3328 3228 τὸν
3372 3173 3545 3227 αίῶνα
3580 3172 3727 3226 κατὰ
3782 3173 3873 3241 τὴν

630 3242 715 3299 Tu
754 3259 816 3299 es
854 3241 1115 3299 sacerdos
1170 3242 1224 3297 in
1271 3250 1539 3297 aeternum
1598 3243 1904 3297 secundum
1952 3242 2198 3300 ordinem

2305 3265 2458 3331 τάξιν
2489 3266 2836 3337 Μελχισεδέκ.
2886 3287 2905 3319 ›

627 3336 1054 3392 Melchisedech.
1096 3354 1116 3388 ι

692 3423 1003 3480 Ρτωεεάεηε
1039 3422 1380 3488 mandatum,
1403 3422 1604 3493 inquit,
1642 3424 1745 3479 hoc
1774 3435 1860 3481 est
1890 3426 2202 3483 testamenti

628 3518 833 3573 veteris
860 3516 1176 3570 mandatum
1216 3524 1341 3570 ante
1362 3517 1551 3579 latum,
1576 3516 1659 3571 lex
1686 3517 1965 3583 nimirum,
1999 3518 2202 3575 rescis-

632 3627 755 3666 sum
787 3618 874 3683 est
927 3619 982 3665 et
1009 3612 1362 3683 abrOgatum,
1388 3626 1455 3667 eo
1485 3612 1634 3682 quod
1666 3612 1878 3668 homini
1911 3614 2204 3685 perfectio-

631 3718 754 3759 nem
788 3703 1090 3759 conciliare
1120 3718 1232 3758 non
1262 3712 1470 3775 posset.
1502 3708 1571 3758 At
1600 3705 1779 3775 potior
1809 3721 1934 3776 spes
1957 3707 2203 3763 introdu-

629 3804 717 3851 cta
781 3804 887 3861 est,
951 3796 1154 3866 inquit,
1204 3811 1332 3866 qua:
1393 3812 1496 3853 nos
1540 3796 1651 3852 Deo
1711 3798 1994 3868 proximos
2048 3799 2199 3855 facit.

634 3884 841 3940 Novum
872 3886 1083 3941 scilicet
1119 3886 1323 3954 innuit,
1371 3904 1470 3958 per
1501 3888 1646 3959 quod
1679 3888 1868 3946 Decet
1894 3890 2040 3946 Patri
2067 3907 2201 3947 con-

624 3978 804 4050 juncti
860 3992 1076 4045 sumus,
1114 3979 1369 4050 quodque
1414 3980 1548 4036 adeo
1579 3983 1811 4050 extollit,
1835 3994 1895 4038 ut
1933 3999 2044 4038 non
2080 3986 2202 4041 sine

624 4070 984 4140 jurejurando
1014 4070 1189 4127 fuisse
1219 4072 1487 4127 sancitum
1536 4073 1682 4129 dicat
1718 4092 1732 4127 :
1770 4090 1894 4131 cum
1928 4076 2063 4132 illud
2100 4094 2197 4134 ve-

631 4171 722 4218 tus
757 4162 879 4219 sine
927 4163 1246 4230 juramento
1273 4164 1461 4219 datum
1490 4175 1656 4221 esset.
1690 4164 1827 4222 Vide
1851 4184 1959 4237 qua
1989 4170 2203 4227 ratione

633 4264 931 4325 utrumque
984 4265 1186 4327 auget;
1226 4272 1291 4311 eo
1342 4257 1487 4326 quod
1542 4272 1721 4328 neque
1764 4260 1927 4314 linem
1978 4261 2195 4329 habeat,

631 4346 1094 4419 quemadmodum
1126 4348 1337 4419 legalis.
1372 4349 1507 4403 lluic
1532 4364 1663 4404 vero
1693 4349 1854 4406 [luem
1882 4352 2195 4423 impositum

629 4457 753 4497 esse
798 4442 1091 4511 signiﬁcat,
1144 4443 1233 4498 ubi
1285 4444 1363 4498 ait
1399 4461 1414 4497 :
1452 4443 1755 4500 Secundum
1787 4447 2031 4503 virtutem
2079 4453 2197 4507 vita:

630 4530 924 4586 insolubilis
946 4540 994 4585 et
1024 4532 1405 4601 iurisjurandi.

699 4620 858 4694 243
888 4620 1050 4679 Vsus.
1075 4623 1262 4680 ‘22-‘25.
1303 4644 1322 4678 ι
1363 4626 1422 4681 In
1468 4634 1684 4683 tantum
1730 4631 1974 4689 melioris
2029 4642 2196 4689 testa-

632 4714 801 4769 menti
840 4728 1075 4783 sponsor
1111 4715 1292 4773 l‘actus
1341 4727 1427 4773 est
1485 4716 1667 4776 Jesus.
1722 4720 1791 4775 Et
1834 4724 1926 4777 alii
1976 4726 2195 4796 quidem

631 4808 817 4877 plures
849 4805 982 4860 facti
1016 4817 1146 4862 sunt
1197 4808 1534 4875 sacerdotes,
1585 4813 1792 4867 idcirco
1830 4816 1971 4886 quod
2022 4827 2198 4874 morte

630 4895 1058 4967 prohiberentur
1120 4915 1479 4971 permanere;
1531 4903 1619 4959 hic
1677 4915 1858 4961 autem
1917 4924 1982 4964 eo
2051 4909 2198 4979 quod

632 4994 852 5042 maneat
876 4986 931 5041 in
969 4996 1259 5057 internum,
1285 4993 1678 5063 sempiternum
1723 4997 1891 5052 habet
1936 5000 2195 5055 sacerdo-

630 5074 769 5131 tium
799 5092 813 5130 :
844 5078 987 5134 unde
1012 5088 1068 5135 et
1098 5081 1313 5137 salvare
1348 5084 1404 5138 in
1442 5095 1769 5156 perpetuum
1812 5098 1993 5159 potest
2036 5106 2195 5147 acce-

631 5167 827 5226 dentes
886 5185 983 5242 per
1034 5174 1390 5245 semetipsum
1434 5176 1506 5232 ad
1560 5178 1731 5235 Deum
1764 5219 1779 5246 ,
1845 5196 2061 5254 semper
2111 5184 2194 5239 vi-

630 5276 784 5318 vens.
824 5281 843 5314 ι

703 5348 978 5415 Quoniam
1012 5351 1221 5423 juravit
1252 5371 1467 5429 semper
1509 5374 1637 5415 eum
1691 5376 1817 5418 esse
1868 5379 2193 5434 permansu-

631 5454 797 5495 rum:
830 5443 977 5511 quod
1018 5461 1300 5518 nunquam
1363 5451 1605 5519 fecisset,
1663 5454 1771 5509 nisi
1801 5453 1963 5512 Jesus
2005 5461 2193 5517 vivens

630 5540 801 5586 esset.
835 5532 1105 5592 Caeterum
1130 5542 1348 5609 quoties
1397 5546 1735 5601 sacerdotem
1776 5558 1833 5601 ut
1877 5551 2191 5608 ministrum

636 5624 820 5688 audis,
851 5627 1029 5697 ipsum
1060 5634 1240 5705 cogita
1269 5636 1667 5694 exinanitionis
1697 5642 2036 5711 mysterium.

2385 3436 2446 3490 Ἠ
2475 3438 2843 3509 προάγουσα,
2878 3444 3062 3513 φησὶν,
3092 3442 3333 3511 ἐντολὴ,
3364 3441 3652 3497 τουτέστιν
3686 3445 3720 3514 ὴ
3751 3459 3872 3513 προ-

2302 3526 2559 3601 δεδομένη
2592 3532 2779 3601 ἐντολὴ
2804 3534 2901 3604 τῆς
2924 3535 3164 3598 Παλαιᾶς
3185 3536 3458 3607 Διαθήκης
3476 3553 3491 3566 ·
3528 3535 3683 3606 λέγει
3712 3536 3767 3589 δὲ
3789 3536 3875 3588 τὸν

2302 3623 2503 3692 νόμον·
2554 3625 2849 3691 ἀθετεῑται,
2900 3631 3085 3700 φησὶν,
3150 3630 3243 3684 κα)⁸
3288 3630 3643 3695 ἐκϐάλλεται,
3694 3631 3872 3701 ἐπειδὴ

2302 3716 2586 3771 τελειῶσαι
2626 3719 2726 3773 οὐκ
2754 3720 2984 3792 ἠδύνατο
3009 3725 3099 3775 τὸν
3130 3722 3433 3795 ἄνθρωπον,
3492 3725 3874 3794 Ἐπεισάγεται

2300 3808 2378 3870 δὲ,
2416 3810 2667 3883 φησὶν,ή
2716 3815 2985 3885 κρείσσων
3036 3815 3208 3881 ἐλπὶς,
3247 3819 3280 3888 ἡ
3322 3817 3417 3871 καὶ
3461 3817 3691 3885 ἐγγίσαι
3735 3819 3871 3889 qui;

2303 3902 2529 3956 ποιοῦσα
2562 3904 2640 3974 τῷ
2676 3904 2813 3976 Θεῷ.
2848 3906 3007 3975 Λέγει
3036 3908 3093 3961 δέ
3124 3910 3219 3979 τὴν
3254 3909 3419 3974 Νέαν,
3466 3910 3537 3964 δι’
3569 3910 3743 3979 αὐτῆς
3768 3909 3871 3981 γὰρ

2304 3994 2655 4066 συνήφοημεν
2705 3996 2782 4067 τῷ
2826 3996 2946 4069 θεῷ
2979 4001 3071 4051 καὶ
3123 4000 3331 4072 Πατρί’
3389 4001 3484 4055 καὶ
3532 4001 3745 4071 ταύτην
3791 4001 3871 4053 ἔτι

2301 4086 2514 4151 αὔξων,
2572 4089 2633 4142 οὐ
2676 4091 2844 4159 χωρὶς
2894 4093 3239 4163 ὁρκωμοσίας
3302 4094 3453 4163 λέγει
3517 4095 3868 4165 γεγενῆσθαι.

2314 4178 2528 4250 Ἐκείνη
2561 4180 2616 4233 δὲ
2662 4184 2695 4252 ἡ
2740 4183 2945 4237 παλαιὰ
2991 4186 3158 4256 χωρὶς
3202 4187 3554 4258 ὁρκωμοσίας
3596 4184 3688 4259 ἦν.
3736 4188 3873 4255 Ὅρα

2299 4268 2356 4321 δὲ
2403 4270 2522 4334 πῶς
2556 4272 2650 4325 καὶ
2677 4272 2745 4326 τὰ
2771 4273 2864 4328 δύο
2906 4274 3081 4340 αὒξει,
3109 4279 3189 4330 ὃτι
3217 4279 3317 4330 οὐκ
3348 4278 3463 4348 ἔχει
3492 4278 3654 4341 τέλος
3692 4277 3871 4347 ὥσπρ

2298 4365 2331 4434 ἦ
2364 4367 2561 4437 νομική
2594 4366 2728 4436 (10).
2764 4367 2933 4421 Τοῦτο
2955 4370 3012 4423 δὲ
3042 4370 3177 4441 αὐτῇ
3210 4371 3463 4440 σημαίνει
3491 4372 3604 4424 ἀπὸ
3634 4370 3725 4425 τοῦ
3746 4372 3876 4440 Χρε-

2301 4455 2449 4512 στοῦ.
2494 4459 2656 4513 Κατὰ
2704 4460 2960 4530 δύναμιν
2996 4463 3124 4534 γὰρ,
3188 4463 3344 4534 φησὶ,
3390 4462 3542 4533 ζωῆς
3577 4465 3873 4519 dantur}.

2228 4538 2271 4593 Ι)
2301 4566 2429 4612 του,
2466 4551 2563 4603 καί
2604 4552 2716 4607 τοῦ
2751 4554 2951 4621 ὅρκου.

2380 4660 2399 4694 ι
2430 4643 2586 4696 Κατὰ
2618 4646 2868 4699 τοσοῦτον
2898 4648 2997 4701 καὶ
3034 4650 3340 4720 κρείττονος
3378 4652 3652 4724 διαθήκης
3683 4654 3869 4721 γέγωνε

2303 4734 2499 4805 ἔγγυος
2546 4737 2768 4807 Ἰησοῦς,
2794 4742 2889 4794 καὶ
2924 4744 2973 4796 oi
3010 4744 3108 4813 μὲν
3156 4744 3400 4809 πλείονές
3428 4748 3538 4800 είσι
3591 4750 3870 4817 γεγονότες

2306 4828 2491 4899 ἱερεῖς,
2525 4828 2613 4883 διὰ
2637 4830 2698 4884 τὸ
2727 4831 2943 4905 θανάτῳ
2958 4835 3276 4890 ’κωλύεσθαι
3328 4840 3706 4910 παραμένειν*
3740 4844 3773 4894 6
3804 4840 3861 4893 δί

2303 4920 2393 4975 διὰ
2421 4920 2481 4975 τὸ
2509 4922 2691 4993 μένειν
2728 4926 2888 4979 αὑτὸν
2911 4929 2991 4991 είς
3015 4929 3104 4982 τὸν
3142 4930 3335 4997 αίώνα,
3371 4932 3723 5004 ἀπαράϐατον
3753 4933 3872 5002 ἔχει

2300 5013 2401 5084 τὴν
2437 5015 2759 5087 ίερωσύνην.
2798 5018 2961 5072 Ὅθεν
3018 5021 3113 5074 καὶ
3148 5020 3339 5087 σώζειν
3367 5026 3448 5087 εἰς
3493 5025 3554 5077 τὸ
3613 5024 3872 5085 παντελὲς

2299 5106 2522 5161 δύναται
2546 5110 2671 5173 τοὺς
2698 5113 3165 5185 προσερχομένους
3193 5116 3261 5169 δι’
3291 5115 3456 5169 αὑτοῦ
3483 5117 3560 5188 τῷ
3572 5116 3704 5187 Θεῷ,
3726 5118 3872 5169 πάν-

2298 5213 2417 5249 τοτε
2448 5197 2575 5262 ζῶν.
2612 5218 2632 5253 ι

2371 5379 2495 5435 Ὀτι
2523 5380 2736 5453 ὤμοσεν
2757 5384 2907 5455 αὐτῷ
2934 5385 3023 5439 ἀεὶ
3052 5387 3213 5442 αὐτὸν
3229 5387 3470 5454 ἔσεσθαι,
3504 5390 3605 5442 οὐκ
3633 5386 3879 5441 ἄντοῦτο

2300 5472 2498 5539 ἐποίει,
2528 5477 2576 5528 εί
2604 5476 2677 5549 μὴ
2710 5477 2820 5542 ζῶν
2852 5473 2943 5551 ἦν.
2986 5479 3210 5544 Ὀσάκις
3233 5482 3289 5535 δὲ
3316 5482 3467 5553 ἱερέα
3499 5484 3534 5554 ἦ
3556 5480 3878 5549 λειτουργὸν

2301 5565 2540 5634 ἀκούεις,
2580 5569 2713 5624 αὐτὸ
2735 5570 2796 5623 τὸ
2819 5571 2917 5643 τῆς
2937 5573 3220 5639 κενώσεως
3253 5576 3421 5629 ἐννόει
3452 5576 3516 5629 τὸ
3545 5577 3875 5647 μυστήριον.

2111 5738 2338 5798 ΝΟΤιΕ.

2111 5741 2154 5794 Ν
2325 5784 2338 5798 .

703 5808 818 5883 (10)
856 5811 1060 5875 Textus
1095 5820 1319 5875 mutilus
1348 5830 1399 5874 et
1431 5822 1889 5882 obscurissimus.
1924 5825 2071 5885 Nihil
2101 5741 2319 5891 1ιοῖἶέ
2321 5836 2483 5895 habet
2510 5838 2938 5903 Clirvsostomus
2964 5846 3106 5903 unde
3146 5851 3445 5906 restaurari
3480 5847 3659 5905 possit.
