4022 6412
215 340 319 401 965

1363 340 1446 401 IN
1470 334 1830 401 EPISTCAD
1861 338 2246 399 HEBRAZOS.

3306 344 3410 405 966

287 479 304 506 ι
344 459 435 521 Ei;
458 458 520 511 τὸ
582 456 929 527 ἐντυγχάνειν
956 455 1094 526 ὑπὲρ
1130 454 1330 509 αὐτῶν.
1368 455 1620 514 Τοιοῦτος
1651 451 1756 523 γὰρ

1934 452 2058 506 «Λᾶ
2114 453 2567 523 interpellandum
2619 469 2718 525 pro
2783 455 2885 510 eis.
2951 454 3143 527 [Vsns.
3195 455 3410 529 26-28.]

209 553 343 623 ἡμῖν
372 550 610 620 ἔπρεπεν
652 547 985 619 Ἀρχιερεὺς,
1021 549 1189 611 ὅσιος,
1226 546 1448 608 ἄκακος,
1478 544 1756 615 ἀμίαντος,

208 639 608 712 κεχωρισμένος
635 637 740 692 ἀπὸ
768 637 876 690 τῶν
903 635 1261 708 ἁμαρτωλῶν,
1302 636 1396 688 0:01
1433 634 1758 703 ὑψηλότερος

204 733 313 786 τῶν
343 731 585 803 οὐρανῶν
610 730 897 800 γενόμενος
922 743 937 757 ·
982 727 1041 790 ὃς
1096 728 1196 781 ούκ
1240 727 1350 796 ἔχει
1399 725 1519 779 καθ’
1546 724 1759 793 ἡμέραν

206 821 474 891 ἀνάγκην,
531 817 719 887 ῶσπερ
748 818 797 870 oi
842 818 1137 887 ἀρχιερεῖς,
1188 816 1452 884 πρότερον
1490 814 1628 881 ὑπὲρ
1650 812 1757 865 τῶν

209 912 357 967 ἰδίων
378 909 661 983 ἁμαρτιῶν
709 908 898 972 Θυσίας
939 907 1254 979 ἀναφέρειν,
1299 905 1491 959 ἔπειτα
1519 903 1628 958 τῶν
1662 902 1755 958 τοῦ

203 1004 357 1059 λαοῦ.
393 1022 413 1057 0

276 1096 447 1151 Πάλιν
488 1095 582 1149 0:01
631 1092 786 1147 τοῦτο
839 1092 932 1147 τοῦ
998 1092 1137 1146 κατά
1192 1091 1370 1162 σάρκα
1427 1090 1757 1161 σημαντικὸν

202 1186 401 1241 ιποίει.
441 1186 500 1239 ’0
520 1184 745 1257 ἐγείρων
771 1183 898 1246 τοὺς
942 1184 1194 1253 νεκροὺς,
1244 1183 1334 1234 0:01
1360 1181 1635 1246 ζωοποιῶν
1663 1179 1755 1244 οὓς

203 1276 369 1343 θέλει,
398 1276 570 1339 οὓτως
601 1275 676 1339 ὡς
706 1275 797 1327 0:01
816 1274 844 1325 ὁ
877 1273 1085 1344 Πατὴρ,
1118 1272 1231 1336 πῶς
1270 1270 1623 1342 ἐντυγχάνεις
1652 1270 1758 1340 Δῆ-

200 1369 296 1423 λον
320 1364 411 1423 οὖν
437 1369 518 1422 ὅτι
564 1367 663 1437 τῆς
692 1366 1001 1435 οἰκονομίας
1032 1366 1173 1419 εἰσὶν
1200 1366 1358 1418 αὑταὶ
1384 1367 1438 1418 αἱ
1469 1364 1660 1433 φωναὶ,
1693 1362 1755 1415 ού

199 1460 587 1531 διαιρουμένης
641 1462 738 1529 τῆς
776 1459 1059 1528 θεότητος·
1090 1459 1119 1510 ὁ
1169 1457 1331 1521 αὐτὸς
1375 1456 1483 1526 γάρ
1520 1455 1758 1509 ἐστικαὶ

201 1552 357 1615 Θεὸς,
388 1549 488 1604 κᾶν
515 1549 602 1604 6:0
650 1548 747 1619 τὴν
778 1549 1107 1619 οἰκονομίαν,
1137 1546 1271 1600 ἄλλα
1303 1548 1433 1617 περὶ⁸
1485 1544 1647 1600 αὐτοῦ
1673 1543 1758 1596 λέ-

198 1659 379 1710 γεται.

278 1839 298 1873 :
335 1820 506 1875 Τοῦτο
532 1820 638 1893 γὰρ
662 1819 914 1890 ἐποίησεν
942 1818 1177 1890 ἐφάπαξ,
1215 1816 1405 1871 ἑαυτὸν
1430 1815 1748 1884 ἀνενέγκας.
1783 1791 1828 1848 Β

209 1913 272 1967 '0
338 1913 502 1984 νόμος
547 1913 656 1984 γὰρ
708 1910 1028 1983 ἀνθρώπους
1064 1908 1403 1979 καθίστησιν
1453 1907 1750 1978 ἀρχιερεῖς,

198 2004 425 2075 ἔχοντας
457 2005 761 2067 ἀσθένειαν,
795 2007 824 2059 ό
854 2003 1009 2073 λόγος
1043 2002 1099 2056 δὲ
1153 2001 1253 2073 τῆς
1275 1999 1621 2072 ὁρκωμοσίας
1652 1997 1755 2068 τῆς

198 2096 342 2167 μετὰ
373 2096 463 2150 τὸν
484 2088 665 2167 νόμον,
697 2096 825 2149 Υίδν
853 2097 932 2160 είς
964 2096 1053 2149 τὸν
1080 2093 1248 2148 αἰῶνα
1265 2090 1696 2162 τετελειωμένον.
1728 2108 1747 2143 0

799 2188 1047 2242 ΚΕΦᾹΛ.
1081 2187 1163 2240 Η’.

276 2302 293 2333 ι
318 2279 625 2351 Κεφάλαιον
650 2278 706 2333 δὲ
725 2280 817 2335 ἐπὶ
846 2281 962 2343 τοῖς
989 2278 1321 2347 λεγομένοις.
1354 2296 1373 2331 0

272 2475 348 2527 Τὸ
376 2475 521 2544 ὑπὲρ
540 2474 633 2528 τοῦ
657 2472 790 2528 λαοῦ
813 2472 1260 2545 προσενεχθῆναι,
1292 2472 1441 2543 φησί.

278 2586 299 2619 ι
335 2566 585 2620 Τοιοῦτον
662 2565 857 2637 ἔχομεν
930 2564 1235 2637 ’Δρχιερέφ
1305 2565 1362 2629 6;
1406 2563 1654 2619 ἐκάθισεν
1699 2565 1755 2619 ὲν

187 2658 346 2729 δεξιᾷ
376 2657 467 2711 τοῦ
498 2658 688 2727 θρόνου
741 2656 841 2727 τῆς
892 2656 1280 2729 μεγαλωσύνης
1326 2658 1384 2710 ἐν
1435 2659 1548 2720 τοῖς
1576 2657 1743 2727 ούρα-

186 2766 327 2810 νοις.
366 2769 386 2801 ι

276 2840 493 2907 Ἐπειδὴ
539 2840 650 2894 ἄνω
695 2840 791 2894 0:01
840 2840 988 2893 κάτω
1032 2839 1337 2909 λειτουργὸν
1398 2837 1556 2892 αὐτὸν
1600 2835 1749 2906 εἷπε,

185 2929 262 2982 τὰ
287 2931 383 2997 τῆς
418 2929 829 3001 ἀνθρωπότητος
870 2928 1033 2983 αὐτοῦ
1059 2929 1253 2999 δηλῶν,
1287 2929 1388 3000 ὅρα
1413 2927 1529 2991 πῶς
1560 2928 1751 2996 ἀνάγει

185 3022 293 3091 τὴν
325 3021 557 3074 διάνοιαν
578 3021 686 3073 τῶν
724 3021 1027 3091 ἀκροατῶν,
1075 3020 1171 3091 τὴν
1209 3020 1439 3090 θεότητα
1470 3018 1754 3090 κηρύττων

184 3112 381 3171 αὑτοῦ,
412 3113 495 3166 διὰ
526 3113 617 3167 τοῦ
644 3113 843 3181 λέγειν,
882 3112 1267 3167 Ἐκάθισενέν
1296 3111 1463 3182 δεξιᾷ
1494 3112 1600 3167 τοῦ
1624 3111 1753 3181 θρό-
1775 3146 1818 3206 C

182 3222 306 3258 νου
338 3204 447 3271 τῆς
467 3206 900 3274 μεγαλωσύνης
927 3205 995 3257 ἐν
1014 3203 1137 3272 τοῖς
1168 3205 1464 3272 οὐρανοῖς.

262 3313 286 3346 ι
330 3294 452 3347 Τῶν
484 3296 651 3363 ἁγίων
677 3296 1009 3367 λειτουργός.
1056 3315 1074 3347 0

257 3384 579 3452 ⁹Ιουτέστιν,
610 3386 749 3457 ὑπὲρ
782 3385 887 3439 τῶν
928 3386 1271 3455 ἡγιασμένων
1302 3383 1390 3438 6:0
1431 3384 1525 3438 τοῦ
1556 3384 1751 3456 ὀνόμα-

178 3493 282 3542 τος
310 3475 495 3531 αὑτοῦ.

261 3586 287 3622 ε
322 3571 432 3624 K01
455 3569 551 3640 τῆς
582 3570 783 3641 σκηνῆς
806 3569 906 3639 τῆς
929 3569 1204 3641 ἀληθινῆς.
1246 3588 1265 3621 0

251 3658 472 3729 Σκηνὴν
498 3659 777 3731 ἀληθινὴν,
815 3660 913 3729 τὴν
951 3660 1272 3732 Ἐκκλησίαν
1297 3662 1477 3731 φησίν.

261 3770 283 3803 σ
331 3749 432 3802 Ἦν
456 3750 651 3822 ἔπηξεν
698 3754 727 3805 ὀ
776 3751 999 3823 Κύριος,
1025 3753 1119 3805 0:01
1158 3754 1258 3807 οὐκ
1302 3754 1603 3826 ἄνθρωπος.
1636 3757 1750 3820 Πᾶς

174 3842 296 3914 γὰρ
325 3843 613 3913 ἀρχιερεὺς
646 3844 726 3908 είς
779 3844 839 3897 τὸ
883 3846 1208 3915 προσφέρειν
1242 3845 1389 3918 δῶρὰ
1414 3865 1473 3900 τε
1533 3850 1624 3901 0:01
1650 3847 1749 3902 θυ-

177 3933 312 3993 σίας
342 3933 681 3997 καθίσταται,
706 3934 829 3988 ὅθεν
850 3936 1143 4002 ἀναγκαῖον
1168 3935 1313 4005 ἔχειν
1341 3954 1392 3990 τι
1417 3940 1509 3991 0:01
1530 3937 1743 4003 τοῦτον,

174 4021 207 4074 ὃ
242 4023 615 4094 προσενέγκῃ.
674 4023 735 4077 EI
772 4024 870 4094 μὲν
897 4024 1005 4095 γὰρ
1055 4020 1122 4097 ἦν
1148 4026 1243 4078 ἐπὶ
1269 4027 1390 4097 γῆς,
1428 4027 1537 4081 οὐδ’
1571 4028 1639 4081 ἂν
1680 4023 1747 4099 ἦν

174 4114 396 4185 ἱερεὺς,
430 4114 597 4167 ὄντων
626 4115 814 4187 ίερέων
859 4115 968 4170 τῶν
1020 4117 1428 4189 προσφερόντων
1470 4120 1612 4174 κατά
1656 4119 1748 4174 τὸν

170 4206 359 4276 νόμον
383 4205 451 4257 τὰ
472 4205 639 4276 δῶρα.
678 4225 697 4258 0

245 4297 697 4368 Περιεποιήσατο
733 4301 843 4371 γὰρ
894 4300 1060 4385 αύτῂν
1084 4300 1171 4355 6:0
1192 4300 1285 4386 10.6
1336 4302 1465 4356 ἰδίου
1496 4302 1742 4373 αἵματος.

253 4408 277 4443 ι
319 4390 535 4453 Οίτινες
594 4389 943 4460 ὑποδείγματι
974 4393 1067 4445 0:01
1121 4394 1248 4464 σκιᾷ
1287 4392 1606 4464 λατρεύουσι
1636 4393 1745 4447 τῶν

1857 541 2007 597 Talis
2046 543 2193 598 enim
2224 543 2451 598 decebat
2481 554 2539 598 ut
2594 543 2749 599 vobis
2787 552 2934 599 esset
2977 543 3249 609 Pontifex,
3279 562 3409 600 san-

1856 644 2001 695 ctus,
2044 632 2331 699 innocens,
2365 634 2710 702 impollutus,
2745 642 3062 706 segregatus
3086 650 3116 688 a
3157 647 3409 705 peccato-
3476 620 3483 630 ’

1856 724 2034 789 ribus,
2061 732 2115 780 et
2158 725 2428 780 excelsior
2466 727 2622 783 cmlis
2678 727 2883 790 factus,
2942 727 3033 798 qui
3079 741 3188 780 non
3247 727 3412 783 habet

1856 814 2237 870 necessitatem
2263 854 2278 878 ,
2324 817 2782 883 quemadmodum
2826 818 3027 873 summi
3072 816 3409 881 sacerdotes.

1856 905 2010 975 prius
2036 921 2138 976 pro
2168 907 2383 962 delictis
2414 910 2529 963 suis
2576 909 2783 965 hostias
2812 909 3030 977 oﬁ‘erre,
3071 908 3268 965 deinde
3312 925 3412 981 pro

1855 996 2065 1065 populi.
2102 1015 2121 1049 0

1927 1085 2027 1144 His
2079 1105 2296 1159 quoque
2347 1091 2550 1157 verbis,
2600 1092 2655 1147 id
2701 1095 2847 1164 quod
2902 1090 3138 1168 ad'ejus
3189 1114 3410 1155 carnem

1857 1186 2088 1249 spectat,
2112 1180 2286 1234 voluit
2317 1181 2637 1251 signiﬁcari.
2674 1184 2810 1239 Nam
2858 1187 2951 1256 qui
2996 1189 3225 1244 suscitat
3263 1205 3412 1243 mor-

1857 1279 2003 1336 tuos,
2031 1271 2149 1340 qui,
2177 1287 2317 1341 quos
2363 1273 2482 1327 vult
2533 1275 2773 1329 viviﬁcat
2814 1277 3047 1347 perinde
3078 1294 3141 1333 ac
3177 1278 3337 1333 Pater
3365 1282 3408 1344 ⁵,

1856 1364 2081 1433 quinam
2137 1364 2486 1420 intercedat?
2550 1366 2897 1424 Manifestum
2944 1371 3233 1441 estigitur
3261 1371 3412 1439 ejus-

1856 1455 1998 1510 modi
2020 1470 2185 1511 voces
2216 1456 2281 1510 ad
2305 1457 2734 1529 dispensationis
2764 1462 3076 1531 mysterium
3112 1464 3410 1533 pertinere,

1855 1561 2199 1618 nequaquam
2230 1557 2413 1604 tamen
2456 1552 2682 1606 seorsim
2718 1553 2908 1622 [posita
2949 1553 3168 1611 deitate.
3201 1554 3335 1609 Nam
3356 1565 3414 1609 et

1855 1637 2019 1692 simul
2044 1638 2161 1708 ipse
2209 1640 2352 1695 Deus
2385 1649 2491 1706 est,
2532 1642 2635 1697 etsi
2679 1650 2908 1714 propter
2940 1644 3406 1716 dispensationem

1856 1729 1960 1783 alia
1992 1730 2059 1785 de
2089 1731 2208 1800 ipso
2246 1733 2629 1789 enuntiantur.

1931 1838 1950 1871 ι
1989 1817 2100 1874 Hoc
2136 1821 2280 1875 enim
2322 1821 2450 1876 fecit
2481 1823 2670 1891 semel,
2728 1823 2968 1894 seipsum
3000 1826 3255 1885 oﬁ'erens.
3301 1830 3411 1885 Lex

1852 1910 1995 1963 enim
2058 1909 2308 1966 homines
2351 1913 2645 1968 cdnstituit
2691 1916 3009 1971 sacerdotes
3044 1918 3408 1975 inﬁrmitatem

1854 1996 2151 2064 habentes;
2203 2013 2384 2054 sermo
2445 2007 2629 2055 autem
2689 2000 3085 2071 jurisjurandi,
3137 2004 3230 2074 qui
3287 2012 3413 2075 post

1853 2091 2021 2158 legem
2055 2097 2162 2155 est,
2192 2088 2389 2145 Filium
2422 2090 2720 2163 perfectum
2769 2092 2823 2148 in
2848 2101 3134 2151 aeternum.

2477 2183 2631 2239 CAP.
2653 2183 2784 2240 VIII.

1922 2269 2081 2326 Vens.
2110 2273 2162 2328 Ι.
2197 2291 2215 2324 ι
2249 2273 2556 2344 Capitulum
2615 2283 2798 2331 autem
2840 2291 3006 2348 super
3052 2291 3117 2334 ea
3167 2293 3289 2349 qua:
3324 2279 3410 2335 di-

1851 2372 2072 2418 etmtur.
2116 2383 2135 2415 0

1921 2452 2225 2521 Quatenus,
2260 2453 2459 2524 inquit,
2489 2468 2590 2526 pro
2626 2454 2826 2525 populo
2860 2456 3079 2513 oblatus
3103 2464 3211 2514 est.

1926 2564 1944 2595 ι
1976 2544 2161 2600 Talem
2198 2545 2462 2600 habemus
2494 2546 2855 2615 _pontiﬁcem,
2915 2546 3009 2616 qui
3053 2548 3302 2604 consedit
3351 2548 3409 2605 in

1852 2634 2073 2689 dextera
2107 2633 2254 2690 sedis
2285 2633 2681 2705 magnitudinis
2712 2634 2767 2687 in
2807 2633 2983 2688 caelis.
3025 2652 3045 2687 0

1921 2810 2189 2877 Quoniam
2265 2826 2482 2866 sursum
2540 2811 2795 2866 deorsum
2861 2810 3009 2865 hunc
3092 2811 3408 2866 ministrum

1851 2902 2008 2967 dixit,
2035 2918 2142 2972 quo
2184 2902 2516 2971 signiﬁcaret
2565 2917 2685 2971 quae
2739 2892 3101 2957 humanitatis
3146 2903 3293 2959 illius
3324 2919 3412 2957 es-

1852 3001 2006 3060 sent;
2034 2993 2156 3048 vide
2181 2993 2455 3063 quomodo
2508 2993 2897 3061 cogitationem
2960 2993 3276 3049 auditorum
3300 2995 3410 3048 eri-

1853 3085 1951 3154 git.
1985 3084 2243 3139 deitatem
2266 3085 2412 3139 illius
2444 3084 2812 3153 praedicando,
2839 3085 2968 3137 dum
3004 3086 3080 3138 ait
3110 3102 3123 3139 :
3156 3082 3261 3150 Qui
3282 3101 3406 3139 cou-

1848 3175 1983 3232 sedit
2004 3177 2059 3229 in
2083 3176 2300 3230 dextera
2321 3176 2458 3229 sedis
2488 3176 2863 3245 magnitudinis
2895 3176 2948 3229 in
2976 3175 3139 3231 caelis.

1920 3268 2084 3323 Vsus.
2111 3268 2165 3323 2.
2206 3286 2223 3319 ι
2261 3268 2588 3322 Sanctorum
2624 3268 2876 3323 minister
2906 3274 2935 3319 ‘0

1919 3360 1976 3414 Id
2009 3370 2113 3425 est,
2139 3374 2239 3430 pro
2262 3359 2332 3414 iis
2366 3361 2459 3430 qui
2496 3375 2597 3430 per
2630 3376 2827 3416 nomen
2866 3360 3044 3429 ipsius
3073 3359 3253 3417 sancti
3277 3357 3409 3416 facti

1850 3460 1997 3508 sunt.

1927 3562 1945 3595 ι
1984 3542 2050 3597 Et
2082 3542 2420 3598 tabernaculi
2443 3542 2578 3596 veri.
2608 3562 2627 3593 0

1922 3635 2225 3690 Ecclesiam
2259 3642 2416 3688 vocat
2439 3633 2859 3688 tabernaculum
2892 3648 3099 3687 verum.

1925 3749 1943 3782 ι
1987 3727 2141 3794 Quod
2170 3727 2287 3781 ﬁxit
2311 3726 2592 3791 Dominus,
2611 3735 2663 3781 et
2691 3742 2797 3781 non
2822 3726 3002 3780 homo.
3028 3725 3216 3798 Heus.
3244 3724 3300 3792 3,
3322 3723 3403 3799 4.]

1849 3819 2040 3876 Omnis
2075 3819 2218 3874 enim
2274 3817 2518 3886 pontifex
2571 3816 2637 3870 ad
2685 3816 3022 3872 offerendum
3075 3832 3301 3872 munera
3347 3829 3403 3872 et

1849 3913 2060 3967 hostias
2113 3909 2686 3964 constituiturzunde
2743 3923 2971 3992 necesse
3024 3917 3109 3964 est
3164 3918 3214 3965 et
3258 3909 3405 3963 hunc

1849 4002 2045 4057 habere
2068 4001 2274 4070 aliquid
2334 3999 2478 4070 quod
2530 4000 2745 4055 oﬁ'erat.
2787 3998 2843 4054 Si
2886 4001 3030 4055 enim
3070 4008 3213 4056 esset
3235 4013 3406 4072 super

1850 4104 2091 4157 terram,
2126 4105 2227 4147 nec
2285 4100 2429 4147 esset
2488 4090 2745 4146 sacerdos
2786 4106 2951 4146 :cum
3003 4099 3190 4148 essent
3220 4108 3404 4147 sacer-

1847 4187 2004 4244 dotes
2033 4186 2124 4256 qui
2150 4186 2408 4241 oﬂ‘errent
2443 4184 2740 4240 secundum
2775 4184 2948 4255 legem
2975 4200 3221 4240 munera.
3260 4205 3279 4238 0

1919 4278 2070 4334 Hanc
2091 4279 2235 4333 enim
2262 4278 2365 4332 sibi
2401 4276 2743 4346 comparavit
2772 4276 3039 4345 sanguine
3065 4289 3194 4331 suo.

1920 4370 2089 4427 Vsus.
2114 4372 2169 4427 5.
2208 4389 2226 4421 ι
2270 4369 2376 4436 Qui
2432 4367 2729 4439 exemplari
2768 4374 2823 4422 et
2854 4366 3063 4420 umbrae
3084 4368 3406 4422 deserviunt

163 4482 551 4554 lmupaviwv,
576 4481 755 4546 καθὼς
786 4457 1503 4557 κεχρημάτισται-Μωῦσῆς,
1539 4486 1745 4557 μέλλων

1853 4466 2176 4521 εωιθειίιιῐη.
2206 4462 2360 4516 Sicut
2404 4474 2730 4528 responsum
2776 4468 2860 4513 est
2891 4457 3085 4529 Moysi,
3117 4473 3239 4513 cum
3268 4473 3405 4513 cou-

164 4571 465 4626 ὶπιτελείν
488 4573 585 4643 τὴν
615 4572 843 4644 σκηνήνέ
879 4590 898 4624 0

254 4664 336 4719 Ἦ
362 4662 587 4727 παλαιά,
618 4666 774 4735 φησὶ,
801 4664 1110 4737 λειτουργία
1130 4666 1429 4737 ὑπόδειγμα
1456 4663 1524 4740 ἦν
1544 4668 1745 4740 ταύτης

158 4755 590 4826 πνευματικῆς,
621 4756 810 4826 ἥντινα
841 4757 936 4811 0:01
987 4758 1305 4828 ἐπουράνιον
1344 4758 1515 4812 καλεῖ.
1546 4760 1607 4812 Ei
1636 4761 1746 4831 γὰρ

159 4850 272 4903 καὶ
308 4848 411 4902 ἐπὶ
436 4848 540 4918 γῆς
565 4848 819 4911 τελεῖται,
840 4849 976 4903 ἀλλά
1002 4850 1095 4921 ὅλη
1137 4850 1243 4903 τῶν
1273 4851 1516 4920 οὐρανῶν
1548 4854 1693 4905 ἐστιν
1726 4866 1740 4881 ·

156 4940 481 5008 ὲλάτρευον
504 4938 560 4989 δὲ
581 4938 958 5008 ὑποδείγματι,
987 4940 1061 5002 ὠς
1106 4943 1166 4993 10
1206 4940 1478 5011 πρόϐατον
1510 4942 1750 5011 προσφέ-

158 5045 383 5100 ροντες
403 5028 482 5090 είς
506 5027 673 5080 τύπον
697 5028 934 5097 Χριστοῦ
967 5045 981 5060 ·
1010 5030 1086 5093 ὡς
1104 5031 1229 5094 τοὺς
1258 5030 1457 5101 ἄρτους
1490 5032 1585 5102 τῆς
1614 5050 1749 5104 προ·

154 5121 399 5181 θέσεως
429 5118 592 5173 πάλιν
618 5121 696 5183 είς
718 5119 887 5174 τύπον
916 5120 1012 5174 τοῦ
1042 5121 1290 5192 σώματος
1320 5121 1506 5189 αὑτοῦ,
1555 5124 1648 5177 0:01
1680 5126 1747 5179 10

154 5212 319 5266 ἄλλα.
352 5212 577 5279 ὁμοίως.

238 5326 264 5357 0
317 5304 469 5373 ’Ὄρα
493 5302 621 5374 γὰρ,
652 5306 806 5373 φησὶ,
840 5300 1087 5379 ποιήσεις
1118 5307 1291 5361 πάντα
1313 5308 1451 5362 κατὰ
1473 5309 1564 5361 τὸν
1581 5309 1748 5363 τύπον

147 5395 257 5448 τὸν
292 5391 589 5462 δειχθέντα
615 5410 695 5448 σοι
726 5396 782 5447 ὲν
802 5394 878 5465 τῷ
902 5396 1035 5468 δρει.
1083 5398 1219 5451 Νυνὶ
1254 5399 1309 5452 δὲ
1343 5400 1747 5473 διαφορωτέρας

144 5486 411 5552 τέτευχε
440 5482 801 5555 λειτουργίας,
822 5487 912 5555 ὃσιε
954 5488 1044 5539 καὶ
1092 5489 1395 5558 κρείττονός
1432 5492 1546 5544 ἐστι
1575 5490 1751 5561 διαθή-

150 5591 272 5645 κης
326 5572 579 5644 μεσίτης.
619 5594 637 5626 0

200 5772 228 5804 '
260 5768 445 5824 Joan.
479 5781 530 5832 ν,
560 5765 647 5821 τι.

1854 4558 2151 4611 summaret
2177 4548 2609 4605 tabernaculum.
2656 4564 2675 4597 0

1921 4641 2219 4710 Antiquum
2255 4636 2387 4691 illud
2421 4634 2810 4698 ministerium,
2863 4631 3061 4702 inquit,
3097 4633 3402 4703 exemplum

1851 4745 1970 4793 erat
2001 4730 2303 4804 spiritualis
2336 4728 2498 4798 hujus
2527 4744 2541 4792 ;
2568 4726 2713 4796 quod
2735 4736 2789 4779 et
2812 4724 3035 4779 cmleste
3057 4734 3233 4778 vocat.
3269 4723 3406 4779 Nam

1850 4828 1955 4884 etsi
1986 4828 2041 4880 in
2072 4833 2219 4881 terra
2255 4821 2552 4891 peragitur.
2579 4826 2751 4872 totum
2789 4825 2968 4869 tamen
3002 4815 3265 4869 caelorum
3301 4825 3403 4869 ost.

1852 4920 2025 4975 Porro
2045 4915 2293 4984 exemplo
2338 4909 2740 4971 deserviebant,
2772 4916 2830 4961 ut
2859 4906 2975 4960 sive
3018 4920 3214 4975 agnum
3242 4904 3405 4959 oﬁ'er-

1847 5016 1990 5074 rent,
2022 5006 2301 5060 Christum
2363 5004 2684 5072 ﬁgurarent,
2720 5001 2838 5056 sive
2887 5013 3054 5069 panes
3080 4999 3407 5069 propositio-

1847 5101 1957 5163 nis,
1986 5098 2039 5153 hi
2074 5105 2237 5167 typus
2269 5102 2451 5150 essent
2476 5095 2723 5163 corporis
2786 5092 2955 5153 illius,
2989 5097 3043 5143 et
3080 5089 3186 5143 alia
3221 5088 3407 5143 consi-

1854 5191 2073 5246 militer.

1925 5281 2088 5353 2M
2129 5298 2147 5330 ι
2187 5278 2321 5333 Vide
2345 5277 2512 5341 enim,
2545 5275 2743 5346 inquit,
2778 5273 2974 5329 feceris
3004 5271 3186 5325 omnia
3225 5284 3409 5325 secun-

1857 5371 2301 5441 dumexemplar,
2360 5368 2504 5439 quod
2552 5369 2649 5423 tibi
2682 5375 2963 5423 ostensum
2993 5375 3076 5419 est
3106 5363 3159 5417 iu
3203 5371 3406 5416 monte.

1860 5464 2046 5536 [νειιε.
2083 5461 2162 5534 6.]
2194 5460 2351 5516 Nunc
2399 5468 2583 5515 autem
2642 5458 2840 5514 melius
2871 5454 3099 5511 sortitus
3126 5464 3209 5510 est
3250 5452 3412 5507 mini-

1858 5555 2110 5617 sterium,
2152 5560 2362 5623 quanto
2420 5560 2474 5607 et
2512 5548 2757 5607 melioris
2796 5544 3109 5605 testamenti
3143 5543 3409 5601 mediator

1855 5658 1959 5707 est.
2003 5666 2022 5699 0
