4022 6430
605 392 709 455 907

672 504 938 572 Quoniam
993 504 1217 561 auditus
1272 506 1395 560 visu
1443 500 1691 558 obtusior
1737 508 1842 565 est,
1888 501 1937 555 ei
1979 498 2165 555 omnia
2197 504 2242 559 Α

602 595 948 663 monstravit.
999 593 1243 651 Observa
1301 605 1481 649 autem
1548 603 1813 665 quantum
1875 593 2172 649 discrimen

601 688 673 739 sit
740 686 902 740 istius
973 689 1043 742 ab
1107 688 1198 742 illo
1255 707 1269 743 :
1321 688 1527 758 quippe
1579 702 1702 741 cum
1759 684 1892 739 illud
1953 684 2171 754 quidem

599 778 908 847 exemplum
966 779 1134 834 fuerit
1182 788 1236 835 et
1291 778 1485 851 ﬁgura,
1534 778 1640 833 hoc
1691 786 1877 831 autem
1916 778 2035 848 ipsa
2074 791 2171 831 ve-

599 869 756 925 ritas.

674 973 694 1006 ι
728 956 881 1022 Quod
932 957 1258 1013 melioribus
1315 956 1845 1027 repromissionibus
1899 957 2171 1013 sancitum

598 1057 701 1101 est.
743 1068 760 1098 ι

669 1139 1062 1207 Spiritualibus
1087 1156 1305 1211 nempe.
1343 1140 1479 1195 Illud
1515 1155 1683 1211 porro
1722 1140 1995 1211 promissa
2022 1148 2170 1193 terra

595 1229 1029 1286 Chauanaeorum
1084 1231 1285 1287 factum
1342 1242 1426 1288 est
1464 1252 1476 1288 :
1508 1232 1656 1289 unde
1684 1234 1848 1288 etiam
1881 1233 2168 1304 explosum

596 1314 731 1382 fuit;
766 1318 869 1373 hoc
904 1328 1086 1373 autem
1122 1328 1328 1376 manet.

673 1408 832 1464 Vens.
868 1411 1016 1469 7-19..
1047 1432 1065 1465 ι
1090 1410 1224 1466 Nam
1279 1413 1326 1467 si
1356 1413 1488 1469 illud
1524 1415 1680 1485 prius
1708 1416 1863 1487 culpa
1892 1422 2165 1478 vacasset,

593 1520 699 1555 non
732 1504 921 1573 utique
953 1505 1179 1559 secundi
1216 1506 1371 1562 locus
1402 1508 1803 1578 inquireretur.
1832 1507 2167 1580 Vituperans

589 1597 734 1650 enim
760 1613 856 1650 eos
884 1596 1058 1650 dicit:
1099 1596 1239 1652 Ecce
1275 1598 1394 1654 dies
1420 1601 1664 1662 venient,
1706 1601 1841 1655 dicit
1874 1600 2163 1665 Dominus,

588 1697 641 1744 et
675 1690 1079 1743 consummatio
1113 1707 1283 1762 super
1310 1690 1536 1747 domum
1582 1692 1751 1749 Israel
1785 1701 1840 1747 et
1866 1710 2030 1764 super
2067 1694 2167 1747 do-

588 1797 734 1837 mum
791 1780 929 1835 Iuda
980 1790 1372 1839 testamentum
1430 1801 1672 1851 novum;
1719 1801 1829 1840 non
1862 1787 2163 1842 secundum

586 1880 977 1927 testamentum
1007 1853 1155 1943 quod
1189 1872 1293 1929 feci
1331 1877 1583 1946 patribus
1614 1892 1830 1943 eorum,
1858 1879 1913 1930 in
1949 1877 2037 1931 die
2059 1892 2165 1947 qua

587 1962 925 2029 apprehendi
976 1978 1196 2016 manum
1260 1979 1474 2030 eorum,
1535 1978 1594 2020 ut
1633 1966 1923 2021 educerem
1974 1982 2069 2021 eos
2099 1967 2167 2024 de

587 2056 731 2101 terra
781 2048 1003 2121 ngypti
1046 2069 1061 2105 :
1110 2052 1369 2121 quoniam
1427 2055 1533 2125 ipsi
1585 2071 1693 2109 non
1745 2066 2169 2126 permanserunt

585 2139 639 2193 in
689 2148 1010 2196 testamento
1038 2159 1179 2209 meo,
1230 2155 1286 2199 et
1328 2161 1429 2216 ego
1470 2148 1683 2218 neglexi
1731 2164 1847 2214 eos,
1887 2150 2019 2204 dicit
2056 2150 2166 2204 Do-

583 2233 790 2287 minus.
821 2232 961 2301 Quia
999 2235 1100 2290 hoc
1128 2246 1213 2292 est
1243 2246 1635 2293 testamentum
1693 2244 1839 2310 quod
1877 2242 2162 2313 disponam

580 2321 770 2378 domui
794 2324 961 2379 Israel
996 2335 1119 2395 post
1146 2327 1267 2382 dies
1306 2328 1454 2393 illos,
1487 2330 1619 2383 dicit
1647 2327 1909 2384 Dominus
1938 2347 1951 2383 :
1984 2330 2165 2385 dando

581 2412 731 2483 leges
775 2430 925 2469 meas
983 2417 1038 2469 in
1099 2428 1338 2472 mentem
1387 2434 1604 2486 eorum,
1649 2426 1705 2473 et
1761 2419 1817 2473 in
1854 2421 2023 2475 corde
2068 2436 2163 2475 eo-

581 2518 703 2555 rum
764 2506 1172 2576 superscribam
1205 2522 1339 2571 eas;
1394 2520 1448 2562 et
1496 2523 1592 2564 ero
1642 2509 1723 2563 eis
1768 2509 1824 2563 in
1876 2509 2071 2571 Deum.
2110 2521 2165 2565 et

580 2593 686 2661 ipsi
714 2602 877 2647 erant
907 2594 1038 2649 mihi
1078 2600 1131 2650 in
1173 2598 1457 2666 populum,
1490 2605 1547 2651 et
1596 2612 1703 2651 non
1741 2598 1961 2653 docebit
1994 2613 2163 2653 unus-

581 2683 820 2754 quisque
875 2685 1188 2755 proximum
1246 2703 1449 2753 suum,
1502 2695 1556 2743 et
1624 2688 2005 2759 Uuusquisque
2055 2689 2164 2743 Ira-

578 2784 717 2830 trem
771 2792 932 2831 suum
999 2779 1191 2834 dicens
1243 2796 1256 2834 :
1311 2780 1595 2852 Cognosce
1641 2780 1970 2847 Dominum;
2025 2797 2165 2852 quo-

577 2867 727 2923 niam
765 2883 962 2926 omnes
998 2870 1179 2927 scient
1207 2888 1314 2936 me,
1348 2887 1377 2925 a
1404 2873 1614 2927 minore
1668 2888 1841 2943 usque
1883 2873 1950 2927 ad
1985 2875 2161 2944 majo-

577 2976 691 3016 rem
711 2978 899 3017 eorum
923 2982 939 3032 ;
963 2964 1090 3034 quia
1116 2966 1385 3036 prepitius
1414 2980 1510 3020 ero
1540 2965 1923 3035 iniquitatibus
1947 2982 2159 3033 eorum,

576 3061 631 3107 et
661 3063 1013 3124 peccatorum
1046 3070 1237 3109 eorum
1277 3056 1391 3125 jam
1421 3072 1530 3111 non
1564 3059 1933 3113 memorabor.
1973 3076 1992 3109 ι

649 3228 763 3283 Hoc
790 3238 893 3294 est,
929 3230 978 3285 si
1009 3230 1529 3300 irreprehensibiles
1558 3230 1804 3288 fecisset.

648 3320 815 3377 Vens.
861 3323 948 3377 I3.
985 3340 1004 3373 ι
1054 3322 1295 3379 Dicendo
1351 3335 1534 3379 autem
1596 3340 1823 3389 novum,
1880 3326 2158 3381 veteravit

578 3415 754 3485 prius.
782 3414 940 3482 Quod
987 3425 1168 3471 autem
1208 3417 1530 3489 antiquatur
1581 3426 1636 3473 et
1677 3418 1940 3486 senescit,
1989 3435 2157 3490 prope

577 3507 859 3562 interitum
891 3516 993 3562 ost.
1029 3525 1049 3560 ι
1274 3582 1279 3589 '

648 3596 724 3651 Ex
783 3599 1019 3669 ipsomet
1096 3600 1452 3657 tabernaculo
1511 3602 1810 3659 discrimen
1885 3603 2149 3660 ostendit.

577 3687 808 3755 Quinam
834 3689 1009 3745 vero?
1031 3690 1168 3757 Quia
1200 3694 1435 3761 primum
1469 3694 1690 3763 quidem
1724 3706 1974 3752 sanctum
2000 3704 2149 3754 erat:

576 3779 872 3834 secundum
898 3797 1029 3837 vero
1053 3783 1311 3837 Sanctum
1367 3795 1704 3841 sanctorum.

1222 3920 1379 3975 CAP.
1410 3921 1502 3977 IX.

644 4049 811 4106 Vens.
870 4052 985 4107 1-4.
1040 4070 1057 4106 ι
1098 4052 1299 4109 Habuit
1339 4056 1557 4125 quidem
1605 4064 1660 4111 et
1700 4057 1852 4127 prius
1880 4057 2150 4129 justiﬂca-

574 4140 751 4196 tiones
778 4144 1033 4205 culturae,
1084 4151 1137 4197 et
1189 4153 1443 4200 sanctum
1480 4149 1765 4203 sarculare.
1797 4147 2151 4207 Tabernacu-

574 4232 687 4287 Ium
728 4234 872 4287 enim
906 4240 991 4287 est
1037 4232 1242 4290 factum
1303 4237 1564 4308 primum,
1601 4240 1794 4308 inquo
1826 4252 1984 4296 erant
2014 4258 2150 4298 can-

573 4326 818 4389 delabra,
847 4336 901 4381 et
932 4341 1142 4392 mensa,
1182 4337 1237 4383 et
1279 4331 1586 4401 propositio
1641 4348 1867 4403 panum,
1899 4350 2022 4405 quae
2065 4337 2151 4392 di-

574 4421 717 4472 citur
761 4426 977 4474 sancta.
1014 4418 1145 4477 Post
1181 4423 1544 4479 velamentum
1592 4434 1773 4481 autem
1820 4429 2146 4496 secundum,

1859 388 1918 449 S.
1946 384 2262 449 JOANNIS
2299 384 2727 447 DAMASCENI

2351 498 2567 571 Ἐπειδὴ
2604 501 2638 572 ἡ
2659 499 2795 573 ἀκοὴ
2811 500 2972 573 ἡμῶν
2994 500 3345 572 ἀμαθεστέρα
3368 502 3464 573 τῆς
3484 503 3663 574 ὄψεώς
3677 507 3835 572 ἐστιν,

2273 590 2473 658 ἔδειξεν
2497 593 2645 662 αὐτῷ
2674 594 2874 648 πάντα.
2898 594 3102 648 Σκόπει
3134 594 3191 648 δὲ
3233 596 3400 650 πόσον
3432 597 3494 651 τὸ
3532 598 3695 668 μέσον
3719 602 3840 654 ταύ-

2272 698 2371 752 της
2403 683 2542 753 πρὸς
2561 684 2799 757 ἐκείνην,
2826 684 2884 739 εί
2928 704 2992 754 γε
3047 687 3233 759 ἐκείνη
3284 687 3387 757 μὲν
3416 689 3720 763 ὑπόδειγμα
3750 695 3842 749 καὶ

2274 772 2467 843 τύπος,
2499 775 2639 848 αὕτη
2661 778 2717 831 δὲ
2747 779 2996 852 ἀλήθεια.

2348 970 2366 1004 ι
2400 952 2575 1017 Ἥτις¹
2601 953 2694 1006 ὲπὶ
2738 954 3045 1025 κρείττοσιν
3100 956 3458 1027 ἐπαγγελίαις
3493 960 3843 1033 νενομοθέτη-

2271 1061 2381 1098 ται.
2422 1063 2441 1096 ι

2341 1140 2476 1203 Ταῖς
2523 1143 2945 1210 πνευματικαῖς.
3019 1142 3233 1214 Ἐκείνη
3293 1143 3373 1197 δὲῖ
3409 1146 3532 1208 ταῖς
3591 1143 3693 1214 τῆς
3749 1146 3843 1215 γῆς

2270 1231 2376 1285 τῶν
2403 1233 2743 1288 Χαναναίων.
2786 1235 2877 1289 Διὸ
2930 1234 3046 1301 καὶ,
3078 1237 3112 1307 ἡ
3160 1237 3259 1308 μὲν
3321 1238 3673 1310 ἐκϐέϐληται,
3716 1240 3751 1310 ἡ
3790 1239 3840 1292 δὲ

2274 1325 2446 1395 μένει.
2893 1365 2896 1368 ~
3492 1394 3493 1397 η

2345 1437 2362 1469 ι
2387 1419 2448 1471 El
2480 1418 2586 1489 γὰρ
2614 1420 2646 1488 ἡ
2680 1418 2870 1492 πρώτη
2922 1419 3105 1491 ἐκείνη
3139 1416 3208 1491 ἦν
3251 1421 3565 1493 ἄμεμπτος,
3624 1424 3729 1477 οὐκ
3784 1424 3841 1478 ἄν

2268 1509 2528 1581 δευτέρας
2588 1511 2834 1581 ἐζητεῖτο
2882 1511 3065 1575 τόπος.
3126 1514 3496 1586 Μεμφόμενος
3526 1516 3641 1587 γὰρ
3667 1518 3839 1578 αὐτοῖς

2268 1603 2445 1671 λέγει’
2486 1604 2614 1657 Ἰδοὺ
2646 1604 2851 1675 ἡμέραι
2881 1604 3150 1675 ἔρχονται,
3179 1606 3325 1675 λέγει
3350 1606 3576 1679 Κύριος,
3606 1609 3703 1661 καὶ
3732 1626 3840 1661 συν-

2266 1693 2469 1748 τελέσω
2523 1695 2617 1748 ὲπὶ
2676 1693 2767 1747 τὸν
2821 1688 2968 1748 οἶκον
3023 1695 3261 1767 Ἰσραὴλ,
3312 1698 3407 1751 καὶ
3447 1701 3541 1753 ἐπὶ
3572 1698 3668 1752 τὸν
3705 1695 3838 1753 οἷκον

2281 1787 2450 1840 ’ἰούδα
2475 1786 2740 1858 διαθήκην
2768 1785 2984 1859 καινὴν,
3030 1790 3093 1842 οὺ
3147 1790 3289 1843 κατὰ
3317 1792 3419 1858 τὴν
3461 1791 3755 1861 διαθήκην,
3777 1794 3837 1863 ἦν

2199 1854 2239 1909 Β
2267 1877 2500 1947 ἐποίησα
2548 1854 2661 1939 τοίς
2695 1854 2706 1858 -
2729 1854 3002 1948 πατράσιν
3047 1866 3248 1945 αὐτῶν,
3293 1881 3352 1932 ὲν
3375 1854 3561 1952 ἦμέρᾳ
3591 1854 3834 1936 ὲυπιλαὸοο

2271 1968 2434 2038 μένου
2466 1987 2567 2040 μου
2591 1970 2691 2039 τῆς
2736 1969 2919 2039 χειρὸς
2968 1969 3168 2036 αὐτῶν,
3220 1972 3510 2042 ἐξαγαγεῖν
3538 1975 3739 2039 αὐτοὺς
3778 1977 3835 2027 ἐκ

2266 2060 2367 2127 τῆς
2397 2061 2676 2129 Αἰγύπτου
2699 2079 2713 2093 ·
2761 2064 2844 2116 ὅτι
2872 2065 3027 2117 αύτοὶ
3063 2065 3162 2118 οὐκ
3211 2064 3497 2137 ἐνέμειναν
3531 2067 3593 2120 ὲν
3621 2071 3688 2139 τῇ
3725 2069 3831 2122 δια-

2268 2152 2406 2225 θήκῃ
2433 2170 2555 2223 μου,
2587 2153 2746 2222 κάγὼ
2777 2155 3026 2228 ἠμέλησα
3055 2156 3252 2221 αὐτῶν,
3281 2157 3431 2225 λέγει
3464 2157 3692 2229 Κύριος.
3722 2160 3832 2212 Ὀτι

2266 2241 2404 2315 αὕτη
2434 2245 2468 2315 ἡ
2499 2244 2754 2316 διαθήκη,
2820 2246 2889 2316 ἦν
2922 2232 3247 2318 διαθήσομαι
3288 2247 3367 2316 τῷ
3407 2247 3545 2318 οἴκῳ
3606 2248 3828 2319 Ἰσραὴλ,

2269 2339 2406 2408 μετὰ
2441 2338 2539 2402 τὰς
2568 2340 2784 2411 ἡμέρας
2815 2340 3051 2404 ὲκείνας,
3087 2340 3236 2409 λέγει
3287 2340 3516 2414 Κύριος,
3546 2340 3726 2406 διδοὺς
3751 2342 3827 2395 νό-

2268 2447 2403 2501 μους
2437 2448 2538 2500 μου
2571 2432 2649 2495 εἰς
2680 2433 2776 2503 τὴν
2806 2432 3049 2488 διάνοιαν
3082 2433 3284 2501 αὐτῶν,
3316 2434 3411 2487 καὶ
3446 2434 3541 2487 ἐπὶ
3581 2436 3682 2498 τὰς
3713 2451 3831 2504 καρ-

2264 2524 2382 2587 δίας
2403 2524 2582 2578 αὐτῶν
2621 2526 2912 2596 ἐπιγράψω
2945 2527 3163 2592 αὐτοὺς,
3186 2529 3282 2581 καὶ
3308 2529 3509 2599 ἔσομαι
3544 2529 3733 2591 αὐτοῖς
3761 2532 3830 2592 εἰς

2264 2618 2416 2679 Θεὸν,
2454 2620 2546 2672 καὶ
2571 2620 2724 2673 αὐτοὶ
2788 2620 3000 2674 ἔσονταί
3034 2639 3125 2691 μοι
3159 2623 3237 2685 είς
3268 2622 3415 2685 λαὸν,
3448 2623 3549 2675 καὶ
3573 2623 3638 2674 οὐ
3668 2622 3740 2693 μὴ
3764 2623 3831 2675 διο

2261 2707 2493 2772 δάξωσιν
2515 2708 2744 2773 ἕκαστος
2776 2710 2869 2764 τὸν
2894 2711 3117 2781 πολίτην
3151 2712 3341 2773 αὐτοῦ,
3368 2712 3462 2767 καὶ
3490 2713 3729 2774 ἕκαστος
3752 2714 3830 2764 τὸν

2262 2799 2489 2867 ἀδελφὸν
2515 2798 2701 2866 αὐτοῦ,
2730 2802 2926 2870 λέγων,
2956 2804 3129 2858 Γνῶθι
3159 2805 3251 2858 τὸν
3285 2806 3510 2876 Κύριον,
3531 2806 3621 2859 ὃτι
3644 2805 3831 2868 πάντες

2261 2891 2533 2962 εἰδήσουσί
2569 2911 2638 2965 με
2669 2895 2778 2948 ἀπὸ
2811 2895 3006 2967 μικροῦ
3034 2896 3213 2950 αὐτῶν
3239 2896 3343 2958 ἕως
3373 2896 3621 2967 μεγάλου
3638 2898 3828 2961 αὐτῶν,

2259 2983 2341 3035 ὅτι
2398 2984 2557 3049 ἵλεως
2612 2985 2807 3057 ἔσομαι
2858 2990 2976 3050 ταῖς
3028 2987 3266 3051 ἀδικίαις
3314 2987 3520 3052 αὐτῶν,
3585 2989 3686 3041 καὶ
3730 2988 3828 3039 τῶν

2205 3084 2215 3096 ⁸
2261 3075 2543 3147 ἁμαρτιῶν
2590 3078 2792 3147 αὐτῶν,
2845 3080 2941 3135 καὶ
2988 3080 3097 3134 τῶν
3143 3081 3398 3151 ἀνομιῶν,
3434 3081 3630 3137 αὐτῶν
3671 3081 3731 3135 ού

2183 3210 2226 3268 C
2264 3168 2487 3239 μνησθῶ
2524 3168 2627 3222 ἐτι.
2662 3188 2682 3221 ι

2331 3260 2641 3327 Τουτέστιν,
2680 3264 2728 3315 εί
2755 3262 3079 3333 ἀμέμπτους
3104 3264 3298 3316 ἐποίει.

2335 3371 2354 3403 ι
2412 3353 2501 3405 Ἐν
2528 3354 2604 3424 τῷ
2623 3353 2802 3424 λέγειν
2828 3355 3040 3425 καινὴν,
3073 3355 3427 3408 πεπαλαίωκε
3463 3355 3567 3425 τὴν
3596 3354 3823 3425 πρώτην.

2257 3440 2333 3496 Τὸ
2360 3443 2417 3496 δὲ
2441 3442 2862 3515 παλαιούμενον,
2892 3447 2985 3498 καὶ
3017 3446 3440 3516 γεγερασμένον,
3495 3446 3672 3514 ἐγγὺς
3700 3447 3826 3514 ἀφα-

2256 3530 2475 3604 νισμοῦ.
2520 3552 2541 3586 ι

2327 3626 2578 3681 Δείκνυσι
2606 3626 2667 3679 τὸ
2691 3624 2947 3697 διάφορον
2981 3628 3075 3680 καὶ
3129 3626 3221 3681 ἀπ’
3252 3626 3418 3697 αὐτῆς
3461 3628 3563 3698 τῆς
3611 3628 3821 3699 σκηνῆς·

2254 3717 2413 3784 Πῶς;
2439 3718 2473 3789 ἡ
2498 3717 2592 3789 μὲν
2621 3717 2812 3789 πρώτη
2838 3716 2969 3786 ἆγια
2988 3718 3055 3789 ’ἠ
3086 3718 3141 3772 δὲ
3164 3718 3413 3790 δευτέρα,
3444 3720 3620 3789 ’Ἅγια
3649 3722 3819 3789 ἁγίων.

2862 3946 3111 4001 ΚΕΦΔΛ.
3141 3946 3217 4000 Θ’.

2328 4074 2511 4149 ιίΕῑχε
2537 4078 2636 4151 μὲν
2668 4074 2760 4134 οὖν
2777 4079 2872 4133 καὶ⁵
2901 4082 2935 4153 ἠ
2964 4080 3157 4154 πρώτη
3182 4082 3528 4153 δικαιώματα
3552 4085 3818 4157 λατρείας,

2252 4173 2314 4225 τό
2336 4189 2393 4225 τε
2427 4172 2579 4241 ἅγιον
2603 4173 2889 4242 κοσμικόν.
2935 4174 3117 4247 Σκηνὴ
3159 4178 3267 4247 γὰρ
3317 4179 3739 4249 κατεσκευάσθη
3786 4180 3815 4248 ἡ

2252 4264 2468 4337 πρώτη,
2492 4266 2550 4319 ὲν
2634 4266 2669 4337 ἦ
2691 4282 2751 4319 τε
2773 4266 2986 4339 λυχνία,
3010 4268 3104 4321 καὶ
3132 4270 3163 4339 ἡ
3188 4268 3457 4339 τράπεζα,
3495 4271 3593 4324 καὶ
3626 4274 3661 4344 ή
3694 4274 3816 4343 πρό-

2252 4357 2398 4422 θεσις
2434 4358 2543 4412 τῶν
2588 4358 2843 4432 ἄρτων,ἦ
2879 4377 2963 4424 τις
2990 4360 3205 4429 λέγεται
3254 4361 3405 4431 ἅγια.
3447 4365 3609 4419 Μετὰ
3662 4367 3717 4420 δὲ
3763 4365 3814 4418 τὸ

2249 4449 2500 4520 δεύτερον
2563 4452 2997 4524 καταπέτασμα,
3058 4454 3231 4526 σκηνὴ
3270 4457 3302 4527 ἡ
3334 4455 3634 4529 λεγομένη,
3664 4461 3813 4527 ’Δγιει

574 4511 1014 4576 tabernaculum,
1064 4513 1214 4584 quod
1270 4514 1472 4571 dicitur
1523 4516 1727 4573 Sancta
1783 4530 2140 4577 sanctorum:

2256 4511 2442 4611 ἁγίων,
2472 4543 2707 4615 χρυσοῦν
2739 4511 2938 4616 ἔχουσα
2960 4511 3342 4618 θυμιατήριον,
3384 4511 3483 4602 έαί
3657 4511 3809 4605 armis-

573 4619 798 4658 aureum
858 4605 1063 4663 habens
1114 4608 1482 4676 thuribulum,
1508 4621 1564 4667 et
1603 4628 1791 4669 arcam
1833 4620 2144 4675 testamenti

2256 4605 2336 4686 ιδν
2368 4605 3341 4714 τῆςδιαθήκηςυπερικεκάλυμμένηύ
3378 4605 3650 4699 πάντοθεν
3692 4664 3808 4717 χρο-

571 4697 988 4753 circumteclam
1021 4714 1089 4754 ex
1141 4701 1290 4756 omni
1341 4713 1495 4773 parte
1541 4720 1700 4769 auro,
1755 4707 1808 4760 iu
1848 4724 1955 4777 qua
2005 4725 2143 4765 urna

572 4801 737 4841 aurea
767 4788 976 4845 habens
1030 4805 1255 4855 manna,
1297 4801 1352 4847 et
1398 4794 1553 4866 virga
1592 4798 1778 4852 Aaron
1826 4814 1949 4868 quae
1992 4798 2144 4855 fron-

571 4878 785 4945 duerat,
827 4890 880 4935 et
903 4881 1105 4937 tabulae
1130 4886 1461 4939 testamenti.
1503 4905 1522 4936 ι

639 4969 1080 5040 Justiﬁcationes,
1114 4975 1269 5045 signa
1296 4992 1361 5031 ac
1401 4979 1645 5048 symbola
1676 4982 1933 5052 appellat.

643 5061 911 5117 chulare
938 5073 993 5119 et
1036 5066 1373 5122 mundanum
1428 5068 1586 5137 dicit,
1624 5072 1882 5140 quoniam
1943 5073 2144 5132 licebat

571 5158 825 5214 omnibus
851 5159 982 5215 illud
1009 5162 1219 5234 ingredi
1249 5182 1263 5219 :
1294 5176 1457 5236 atque
1479 5165 1803 5225 manifestus
1837 5179 1956 5225 erat
1988 5171 2142 5228 locus

572 5248 628 5303 in
652 5249 817 5305 bacce
842 5251 1026 5317 domo.
1057 5254 1114 5309 in
1160 5270 1270 5325 quo
1294 5257 1614 5313 sacerdotes
1666 5267 1901 5326 starent,
1923 5263 1979 5318 in
2031 5281 2143 5336 quo

533 5340 764 5420 ~Judaei,
791 5345 847 5399 in
871 5362 979 5416 quo
1036 5353 1319 5422 proselyti,
1365 5354 1420 5409 in
1447 5367 1561 5424 quo
1607 5354 1865 5422 gentiles,
1930 5357 1984 5412 in
2033 5375 2142 5430 quo

571 5434 833 5493 Nazami.
870 5440 1327 5514 Quandoquidem
1357 5447 1645 5508 gomnibus
1690 5449 1940 5518 pervium
2000 5465 2138 5521 erat,

572 5528 625 5583 id
681 5530 918 5600 appellat
962 5533 1238 5590 swculare.
1284 5535 1577 5596 Enimvero
1636 5538 1954 5600 Iudaeorum
2007 5562 2138 5618 gens

497 5664 503 5669 .
571 5622 807 5676 mundus
852 5637 957 5677 non
994 5634 1131 5679 erat.

646 5710 1066 5769 Tabernaculum
1087 5732 1183 5773 seu
1210 5719 1582 5781 habitaculum
1613 5737 1773 5786 vocat
1803 5731 1873 5787 ab
1917 5731 2137 5789 inhabi-

573 5805 761 5860 tando.

2248 4724 2367 4795 σίῳ,
2416 4728 2473 4780 ὲν
2613 4731 2846 4803 στάμνος
2890 4735 3062 4805 χρυσῆ
3108 4735 3307 4806 ἔχουσα
3343 4736 3404 4790 τὸ
3439 4739 3646 4806 μάννα,
3671 4740 3803 4807 καὶὴ

2247 4819 2442 4885 ῥάϐδος
2484 4821 2694 4895 Ἀαρὼν
2721 4825 2755 4895 ἡ
2791 4825 3160 4898 βλαστήσασα,
3224 4830 3319 4883 καὶ
3374 4832 3429 4884 ai.
3472 4831 3681 4896 πλάκες
3718 4831 3802 4896 τῆς

2243 4911 2524 4984 διαθήκης.
2563 4933 2581 4967 ι

2313 5005 2680 5075 Δικαιώματα
2704 5007 2780 5073 δὲ,
2812 5007 3058 5079 σύμὸολά
3078 5028 3266 5082 φησιν.

2307 5098 2614 5168 Κοσμικὸν
2649 5100 2823 5168 λέγει,
2853 5104 3043 5176 ἐπειδὴ
3080 5107 3246 5161 πᾶσιν
3284 5109 3470 5178 ἐφεῖτο
3491 5110 3792 5171 ὲπιόαίνειν,

2245 5190 2339 5243 καὶ
2369 5192 2600 5264 φανερὸς
2625 5188 2693 5263 ἦν
2718 5194 2881 5259 τόπος
2914 5196 2972 5248 ὲν
3016 5196 3092 5268 τῷ
3125 5199 3273 5271 αύτῷ
3293 5202 3449 5273 οίκῳ,
3485 5204 3613 5260 ἔνθα
3640 5204 3686 5257 οἱ
3727 5204 3795 5252 ἱε-

2244 5286 2361 5353 ρεῖς
2389 5284 2760 5355 είστήκεισαν,
2822 5286 2953 5342 ἔνθα
2994 5289 3257 5359 Ἰουδαῖοι,
3302 5293 3433 5348 ἔνθα
3462 5296 3785 5368 προσήλυτοι.

2242 5374 2372 5430 ἔνθα
2414 5376 2676 5449 ’Έλληνες
2705 5380 2799 5432 καὶ
2836 5378 3170 5452 Ναζωραῖοι.
3216 5385 3433 5457 Ἐπειδὴ
3472 5390 3602 5442 πᾶσι
3639 5385 3785 5456 βατδν

2238 5460 2326 5536 ἦν,
2355 5469 2648 5537 κοσμικόν
2698 5471 2831 5525 αὐτὸ
2872 5473 3045 5529 καλεῖ.
3104 5477 3180 5530 Οὐ
3234 5480 3342 5550 γὰρ
3380 5481 3444 5552 δὴ
3498 5481 3716 5536 Ἰουδαῖοι
3752 5478 3778 5529 ὁ

2241 5559 2443 5629 κόσμος
2466 5557 2557 5632 ἦν.

2313 5739 2559 5809 Σκηνὴν
2584 5744 2755 5811 καλεῖ,
2789 5746 2935 5818 παρὰ
2963 5748 3024 5802 τὸ
3052 5751 3284 5822 σκηνοῦν
3318 5753 3452 5810 ἐκεῖ.
