4022 6454
141 445 241 512 969
1249 452 1329 512 IN
1374 452 1609 512 EPIST.
1653 453 1751 511 ΑΙ)
1786 451 2177 512 IIEBR/EOS.
3264 450 3372 517 9Ὶο

215 573 234 606 ι
275 555 637 625 ’Υπεράνωδὲ
669 555 838 626 αὐτῆς
859 550 1140 627 Χερουίϐὶμ
1179 555 1359 629 δόξης,
1394 557 1742 628 κατασκιά-λ

1871 555 2037 613 Vens.
2061 557 2181 610 5-7.
2205 573 2226 608 ι
2249 553 2533 625 Superque
2551 569 2671 608 eam
2693 564 2851 609 erant
2867 553 3160 614 Cberublm
3189 557 3375 628 glorim

142 646 300 709 ζοντα
321 647 379 697 τὸ
411 645 742 715 ἱλαστήριον.
783 663 802 694 ›

1847 650 2191 705 bumbrantia
2223 648 2690 719 propitiatorium.
2725 668 2743 698 ι

220 736 365 790 Ἀντί
381 736 498 800 τοῦ,
535 736 606 790 τὰ
632 736 840 802 ἔνδοξα.

1877 739 1936 794 Id
1954 729 2055 804 est,
2091 741 2276 809 gloriae
2303 740 2481 808 plena.
2664 740 2669 746 '

211 847 230 880 ι
257 828 396 900 Περὶ⁸
430 823 506 882 ὧν
529 830 629 883 οὐκ
670 829 785 885 ἔστι
827 830 921 884 νῦν
964 829 1144 900 λέγειν
1168 830 1309 885 κατὰ
1343 832 1528 902 μέρος.
1570 831 1706 885 Τού-

1879 832 2040 905 245
2067 852 2084 884 ι
2128 832 2205 885 De
2235 830 2436 900 quibus
2468 847 2576 883 non
2609 838 2692 884 cst
2725 830 2887 884 modo
2935 829 3230 885 dicendum
3280 846 3376 900 per

140 936 246 974 των
279 920 337 973 δὲ
369 919 510 974 οῦτω
531 922 1082 993 κατεσκευασμένων,
1122 927 1202 988 είς
1236 925 1332 994 μὲν
1355 924 1453 994 τὴν
1485 923 1709 995 πρώτην

1847 925 2048 994 iugula.
2079 923 2175 978 llis
2214 938 2343 978 vero
2378 924 2452 976 ita
2488 924 2828 991 compositis,
2860 923 2913 976 in
2956 923 3124 992 priori
3155 923 3376 994 quidem
3459 917 3467 930 “

146 1008 346 1080 σκηνὴν
371 1011 455 1063 διὰ
495 1013 697 1074 παντὸς
751 1014 983 1066 εἰσίασιν
1029 1016 1079 1067 οἱ
1121 1016 1306 1086 ἱερεῖς,
1333 1016 1431 1076 τὰς
1455 1016 1708 1086 λατρείας

1847 1018 2169 1072 ibcrnaculo
2213 1030 2430 1085 semper
2494 1016 2780 1070 introeunt
2836 1015 3153 1071 sacerdotes
3207 1015 3377 1072 ollicia

145 1102 538 1168 ἐπιτελοῦντες,
564 1107 643 1166 είς
676 1106 733 1159 δὲ
752 1106 848 1178 τὴν
868 1106 1123 1178 δευτέραν
1157 1128 1175 1160 ι

1847 1117 2262 1164 onsummantes
2294 1128 2307 1162 :
2334 1111 2389 1163 in
2418 1109 2662 1164 secundo
2686 1117 2872 1162 autem
2909 1129 2926 1160 ι

223 1193 315 1256 Ὠς
348 1195 560 1266 μακροῦ
590 1194 819 1266 δεόμενα
848 1196 1008 1264 λόγου

1888 1203 1954 1258 Ut
1984 1219 2106 1274 qua:
2140 1203 2426 1275 prolixiori
2458 1218 2716 1258 sermone
2742 1218 2882 1273 opus
2912 1204 3168 1258 habeant.

218 1301 238 1334 ι
275 1282 460 1351 Ἀπαξ
477 1283 569 1336 τοῦ
590 1285 834 1340 ἐνιαυτοῦ
872 1286 1029 1355 μόνος
1069 1288 1097 1340 6
1128 1287 1440 1360 ἀρχιερεὺς,
1488 1291 1549 1343 ού
1589 1308 1704 1359 χωο

1889 1315 1907 1347 ι
1947 1295 2126 1350 Semel
2157 1296 2214 1348 in
2247 1309 2391 1348 anno
2449 1294 2600 1348 solus
2632 1293 2897 1362 pontifex,
2940 1309 3047 1348 non
3092 1293 3212 1350 sine
3251 1307 3382 1347 san-

149 1377 232 1446 pt;
264 1375 518 1446 αἵματος,
545 1377 574 1431 ὃ
596 1379 892 1450 προσφέρει
920 1379 1060 1450 ὑπὲρ
1084 1380 1298 1446 ἑαυτοῦ,
1354 1383 1448 1435 καὶ
1475 1381 1584 1436 τῶν
1616 1381 1712 1438 τοῦ

1847 1387 2005 1449 uine,
2038 1403 2204 1455 quam
2247 1386 2406 1441 otfert
2434 1403 2534 1456 pro
2571 1402 2669 1442 sua
2703 1395 2758 1440 et
2795 1387 2975 1456 populi
3011 1387 3334 1457 ignoranliis
3365 1405 3377 1444 :

145 1466 276 1521 λαοῦ
300 1468 684 1539 ἀγνοημάτων,
712 1470 870 1524 τοῦτο
912 1471 1196 1541 δηλοῦντος
1250 1472 1342 1526 τοῦ
1399 1473 1714 1545 Πνεύματος

1848 1481 2007 1534 Vsus.
2042 1479 2097 1552 8]
2152 1481 2254 1534 hoc
2319 1479 2662 1551 signiﬁcante
2713 1479 2917 1550 Spiritu
2987 1487 3196 1548 sancto,
3245 1496 3382 1535 non-

147 1559 328 1626 ἁγίου,
362 1559 435 1630 μή
444 1577 526 1612 πω
557 1578 575 1610 ι

1847 1581 1947 1628 lum
1974 1595 1991 1627 ι
2901 1629 2908 1633 .

217 1650 342 1704 Ἵνα
373 1651 448 1721 μὴ
469 1650 721 1720 λέγωσιν,
754 1653 835 1706 ὅτι
859 1652 982 1716 Πῶς
1031 1654 1130 1724 μία
1173 1655 1329 1708 θυσία
1367 1656 1717 1711 τετελείωκεν

1889 1665 1967 1721 Ne
1989 1667 2291 1736 objiccrent
2321 1683 2335 1722 :
2371 1664 2474 1734 Qui
2529 1666 2730 1721 factum
2789 1675 2876 1721 est
2912 1674 2972 1720 ut
3007 1681 3113 1720 una
3165 1667 3387 1723 victima

147 1742 227 1804 είς
250 1741 311 1794 τὸ
369 1742 650 1812 διηνεκές;
690 1744 959 1799 δείκνυσιν
1013 1746 1180 1817 αὐτὴν
1225 1748 1428 1803 ἄνωθεν
1479 1750 1586 1804 ἀπὸ
1623 1749 1715 1803 τοῦ

1847 1775 1876 1812 n
1912 1758 2306 1827 sempiternum
2338 1756 2804 1812 consummaverit
2825 1757 2849 1810 ἲ
2870 1758 3107 1812 ostendit
3131 1773 3247 1812 eam
3275 1759 3386 1828 jam

147 1833 456 1905 ἀρχιερέως
503 1839 1020 1907 προτετυπωμένην.
1064 1838 1246 1908 Είγε
1293 1843 1567 1914 ἁγιωτέρα
1622 1844 1718 1898 καὶ

1847 1847 2030 1901 »ι’ἰάειιι
2066 1862 2097 1900 a
2134 1861 2353 1902 summo
2391 1847 2676 1901 sacerdote
2709 1861 2832 1900 esse
2868 1845 3175 1914 ﬁguratam.
3217 1845 3389 1911 Quin-

150 1925 379 1998 φρικτὴ,
409 1927 510 2014 μία
552 1924 642 2001 ἦν,
697 1930 791 1987 καὶ
836 1905 1006 1994 Ἵπῶςήό
1033 1905 1516 2004 ἀρχιερεὺς-ἅπαξ
1550 1953 1721 2008 προσο

1848 1955 1940 1994 mo
1990 1939 2037 1994 si
2089 1938 2334 1993 sanctior
2368 1938 2458 1991 illa
2498 1948 2550 1992 et
2603 1937 2873 1992 terribilis
2906 1952 3015 1990 una
3056 1947 3195 2001 erat,
3224 1952 3390 1994 ecuu'

148 2015 347 2090 ἐφερε;
1826 2046 1856 2086 a
1885 2031 2146 2102 pontiﬁce
2174 2032 2340 2086 semel
2363 2029 2737 2086 oﬁerebatur?

222 2128 244 2162 ι
273 2113 701 2184 Πεφανερῶσθαι
745 2117 842 2187 τὴν
892 2118 999 2172 τῶν
1052 2121 1223 2189 ἁγίων
1271 2121 1428 2185 ὁδὸν,
1477 2122 1558 2175 ἔτι
1623 2123 1722 2191 τῆς

1902 2142 1922 2174 ι
1958 2123 2301 2194 Propalatam
2328 2139 2451 2179 esse
2475 2132 2792 2177 sanctorum
2813 2123 2975 2188 viam,
3013 2121 3192 2177 adhuc
3211 2122 3394 2193 priore

151 2201 380 2274 πρώτης
420 2207 626 2277 σκηνῆς
678 2209 907 2280 ἐχούσης
967 2213 1177 2278 στάσιν,
1226 2213 1348 2285 ἥτις
1383 2214 1663 2286 παραϐολὴ
1698 2234 1718 2268 ι

1847 2215 2181 2268 ηουειυιιυευιο
2235 2214 2468 2269 habente
2502 2223 2726 2280 statum,
2759 2212 2952 2286 [Vsns.
2977 2212 3033 2284 9]
3057 2215 3202 2285 quod
3238 2229 3395 2285 para.

1827 2307 1950 2362 bola
1984 2314 2069 2362 est
2111 2324 2130 2358 ι

1893 2400 2007 2454 lllic
2043 2399 2478 2455 abscondebatnr
2510 2399 2836 2464 secundum,
2859 2399 3061 2468 inquit,
3094 2399 3221 2470 quia
3262 2413 3396 2453 non.

1829 2490 1957 2544 dum
1981 2490 2100 2558 ejus
2135 2499 2350 2558 tempus
2381 2490 2572 2544 aderat
2600 2508 2612 2543 :
2645 2498 2864 2560 tempus
2905 2492 3092 2560 utique
3123 2491 3395 2546 adventus

1829 2583 2057 2646 Christi,
2093 2598 2191 2652 per
2221 2598 2384 2652 quem
2416 2582 2550 2636 illud
2581 2583 2926 2652 propalatum
2963 2582 3090 2638 fuit.

232 2386 649 2459 ’Δπεκρύπτετο
703 2392 971 2461 ἐνταῦθα,
1035 2397 1201 2467 φησὶν
1232 2441 1247 2465 ,
1301 2399 1335 2469 ἡ
1389 2399 1631 2471 προτέρα
1673 2410 1722 2466 ιι,

152 2480 345 2551 ἐπειδὴ
385 2481 557 2546 οὕτως
590 2484 904 2557 ἐνειστήκει
950 2490 1124 2559 αύτῆς
1176 2493 1205 2544 ὁ
1262 2493 1474 2564 καιρός.
1512 2490 1620 2546 Ἦν
1670 2495 1727 2548 δὲ

149 2566 330 2638 οὗτος,
356 2575 387 2626 6
416 2575 513 2644 τῆς
545 2577 836 2648 ἐπιδημίας
859 2579 952 2633 τοῦ
997 2583 1258 2653 Χριστοῦ,
1287 2584 1351 2636 δι⁸
1380 2582 1441 2640 οῦ
1469 2588 1562 2639 καὶ
1596 2588 1729 2655 ἐφα-

152 2661 394 2735 νερὼθη.

229 2777 253 2812 ε
276 2761 376 2822 Είς
395 2759 485 2812 τὸν
516 2760 708 2830 καιρὸν
742 2762 830 2815 τὸν
852 2765 1205 2835 ἐνεστηκότα,
1239 2767 1360 2820 καθ’
1385 2768 1442 2820 ὃν
1476 2769 1623 2838 δῶρά
1668 2786 1727 2824 τε

152 2855 254 2905 καὶ
283 2851 465 2904 θυσίαι
491 2853 912 2924 προσφέρονται,
969 2856 1044 2925 μὴ
1093 2856 1367 2926 δυνάμενα
1411 2860 1553 2911 κατά
1604 2876 1730 2911 συν-

151 2942 369 3013 είδησιν
388 2941 675 2996 τελειῶσαι
706 2943 795 2999 τὸν
817 2945 1167 3017 λατρεύοντα.
1209 2967 1227 2999 ι
1390 2945 1392 2947 ’

230 3032 548 3100 Τουτέστιν,
570 3037 599 3088 ό
624 3037 789 3098 τύπος
848 3039 1059 3106 γέγονε,
1102 3039 1227 3092 καθ’
1273 3040 1330 3094 ὃν
1360 3040 1511 3111 δῶρά.
1541 3059 1601 3095 τε
1636 3045 1729 3097 καὶ

151 3124 348 3178 θυσίαι
373 3126 796 3197 προσφέρονται,
832 3129 908 3199 μὴ
935 3129 1230 3201 δυνάμεναι
1257 3134 1396 3188 κατὰ
1425 3136 1729 3207 συνείδησιν

150 3213 447 3272 τελειῶσαι
475 3218 565 3274 τὸν
592 3218 941 3290 λατρεύοντα.

1906 2780 1924 2812 ι
1960 2759 2247 2829 Temporis
2301 2758 2583 2826 instantis,
2635 2758 2788 2827 iuxta
2853 2760 2999 2829 quod
3059 2774 3284 2814 munera
3343 2769 3400 2815 et

1831 2854 2024 2908 hostia:
2077 2851 2402 2916 oﬁ‘eruntur,
2458 2866 2579 2921 quae
2637 2866 2743 2906 non
2804 2859 3038 2921 possunt
3079 2851 3232 2921 juxta
3262 2867 3397 2906 con-

1831 2945 2116 2998 scientiam
2149 2943 2448 3013 perfectum
2482 2942 2667 2998 facere
2696 2943 3053 2998 servientem.
3089 2961 3108 2994 ι

1903 3033 2016 3088 lloc
2068 3043 2171 3098 est,
2241 3033 2412 3102 ﬁgura
2465 3032 2670 3086 factum
2721 3041 2829 3093 est,
2885 3031 3183 3087 secundmn
3233 3048 3397 3100 quant

1832 3129 1974 3181 dona
2027 3135 2081 3178 et
2128 3125 2397 3179 sacriﬁcia
2431 3123 2826 3182 oﬁerebantur;
2860 3138 2980 3192 quae
3025 3139 3132 3176 non
3178 3131 3404 3193 possent.

1756 3243 1799 3302 ο
1833 3217 2133 3274 secundum
2188 3217 2589 3271 conscientiam
2667 3214 2969 3284 perfectura
3042 3213 3226 3268 facere
3281 3216 3398 3268 cui.

1835 3320 2031 3365 torem.

223 3395 304 3448 Δί
335 3396 445 3465 γὰρ
473 3395 675 3460 θυσίαι,
701 3398 760 3450 ού
796 3397 887 3452 τὸν
913 3399 1020 3452 ἀπὸ
1048 3402 1225 3470 ψυχῆς
1272 3403 1442 3476 ῥύπον
1477 3406 1729 3473 ἠφίεσαν,

149 3487 275 3542 ἀλλ’
305 3487 390 3540 ἔτι
422 3488 551 3557 περὶ
581 3489 742 3559 σῶμα
783 3484 946 3560 ἦσαν,
985 3491 1126 3546 κατὰ
1153 3493 1313 3562 νόμον
1341 3495 1613 3565 σαρκικῆς
1646 3499 1733 3548 ὲν-

148 3579 347 3652 τολῆς.
376 3580 450 3633 Ού
500 3581 607 3652 γάρ
658 3580 722 3652 δὴ
751 3583 1022 3653 μοιχείαν,
1077 3583 1172 3637 καὶ
1206 3583 1399 3642 φθόνον
1451 3587 1569 3640 οὐδὲ
1597 3589 1735 3656 ίεροο

1902 3403 2154 3456 Victima:
2219 3401 2490 3470 siquidem
2553 3399 2832 3454 maculam
2909 3398 2978 3454 ab
3031 3398 3213 3454 anima
3293 3415 3405 3458 non

1836 3497 2188 3560 aul'erebant;
2236 3496 2332 3551 sed
2369 3495 2548 3548 adhuc
2579 3495 2728 3548 circa
2769 3509 2972 3563 corpus
3014 3495 3402 3560 versabantur,

1835 3603 1936 3659 pro
1966 3589 2080 3652 lege
2130 3585 2374 3639 mandati
2416 3585 2678 3640 carnalis.
2717 3584 2933 3638 Etenim
2986 3600 3096 3641 non
3154 3592 3409 3654 poterant

150 3672 360 3727 σιλίαν
380 3673 594 3741 ἀφιέναι
615 3673 892 3742 ἠδύναντο.

1847 3679 2192 3742 adulterium,
2226 3678 2311 3732 vel
2367 3676 2748 3739 invidentiam,
2797 3676 2884 3730 vel
2918 3675 3267 3746 sacrilegium
3311 3691 3409 3730 ex.

1837 3789 2007 3845 piare.

1904 3883 1924 3917 ‹
1961 3863 2315 3920 Solummodo
2340 3863 2398 3918 in
2433 3862 2596 3928 cibis,
2622 3862 2679 3916 in
2709 3860 3048 3932 potionibus,
3093 3858 3287 3934 ﬂans.
3318 3858 3408 3937 10]

1838 3969 1892 4012 et
1913 3959 2079 4011 variis
2099 3957 2543 4026 baptismatibus.
2585 3973 2605 4006 ι

1913 4053 2044 4118 Qum
2079 4052 2433 4121 putabantur,
2466 4048 2672 4118 inquit,
2715 4063 2936 4102 carnem
2981 4047 3270 4104 mundare.

1921 4161 1938 4192 ι
1977 4142 2041 4194 Et
2074 4140 2564 4208 justiﬁcationibus
2616 4140 2823 4201 carnis,
2880 4154 3052 4207 usque
3084 4138 3150 4190 ad
3191 4145 3410 4205 tempus

1841 4234 2204 4289 correCtionis
2238 4231 2516 4301 imposita.
2547 4228 2739 4301 [Vens
2775 4227 2888 4299 11.]
2926 4229 3181 4283 Christus
3231 4239 3414 4282 autem

1843 4327 2111 4382 assistens
2140 4322 2382 4394 pontifex
2425 4322 2733 4376 futurorum
2773 4322 3066 4382 bonorum,
3111 4337 3128 4368 ι

1913 4412 2137 4480 Tempus
2192 4409 2573 4474 correctionis,
2623 4417 2841 4478 tempus
2888 4408 3161 4462 adventus
3206 4405 3413 4480 Christi

1846 4479 2148 4572 nuncupat.
2188 4503 2279 4554 Ait
2310 4515 2441 4571 ergo
2479 4500 2594 4552 lucc
2624 4499 2833 4568 juvisse
2881 4487 3264 4567 aute—tempus
3293 4479 3419 4552 cor-

1776 4581 1820 4638 ί)
1849 4595 2142 4656 rectionis,
2174 4591 2404 4661 posthac
2423 4605 2552 4644 vero
2586 4587 2798 4642 inutilia
2825 4586 3014 4642 fuisse.

1926 4704 1945 4736 ι
1985 4684 2090 4738 Per
2136 4683 2372 4752 amplius
2410 4691 2464 4734 et
2515 4679 2812 4749 perfectius
2840 4679 3258 4732 tabernaculum
3307 4693 3420 4735 non
3484 4731 3496 4745 ,

1851 4778 2247 4839 manufactum,
2278 4775 2328 4827 id
2370 4781 2478 4835 est,
2511 4787 2619 4824 non
2663 4770 2826 4838 hujus
2857 4771 3186 4835 creationis;
3226 4767 3418 4840 [\Tens.

1855 4866 2047 4938 12-14]
2080 4881 2256 4935 neque
2321 4879 2416 4932 per
2455 4863 2775 4930 sanguinem
2810 4862 3104 4913 vitulorum
3145 4871 3198 4916 et
3243 4862 3425 4914 hirco-

1856 4975 2002 5024 rum,
2031 4960 2124 5012 sed
2162 4973 2260 5027 per
2294 4957 2572 5025 proprium
2599 4955 2915 5024 sanguinem
2968 4954 3216 5007 introivit
3259 4953 3422 5009 semel

1855 5052 1913 5105 in
1941 5051 2164 5114 Sancta,
2198 5059 2401 5104 aeterna
2455 5047 2829 5132 redemptione
2892 5048 3130 5102 inventa.
3193 5045 3247 5099 Si
3279 5046 3426 5100 enim

1857 5143 2084 5213 sanguis
2141 5141 2424 5195 hircorum
2475 5147 2530 5195 et
2579 5147 2891 5202 taurorum,
2955 5151 3010 5194 et
3057 5139 3199 5194 cinis
3244 5139 3429 5191 vitula;

1861 5251 2142 5306 aspersus,
2178 5235 2492 5302 inquinatos
2523 5230 2826 5287 sanctiﬁcat
2872 5232 2937 5284 ad
2987 5229 3428 5284 emundationem

1859 5329 2042 5384 carnis
2073 5347 2084 5382 :
2120 5340 2326 5397 quanto
2355 5327 2526 5396 magis
2549 5326 2772 5396 sanguis
2807 5323 3030 5386 Christi,
3061 5322 3154 5391 qui
3177 5336 3273 5391 per
3303 5320 3429 5390 Spi-

1862 5422 2028 5473 ritum
2054 5431 2304 5473 sanctum
2362 5419 2715 5487 semetipsum
2778 5415 2981 5469 obtulit
3016 5413 3428 5468 immaculatum

1860 5511 1992 5576 Deo,
2028 5511 2346 5566 emundabit
2379 5509 2770 5567 conscientiam
2813 5515 3054 5563 vestram
3085 5505 3152 5561 ab
3173 5504 3432 5576 operibus

1866 5604 2120 5667 mortuis,
2164 5623 2181 5654 ι

231 3868 252 3902 ι
294 3849 482 3903 Μόνον
515 3849 606 3902 ἐπὶ
637 3847 909 3919 βρώμασι,
942 3853 1035 3905 καὶ
1067 3853 1292 3921 πόμασι,
1323 3853 1414 3905 καὶ
1463 3855 1736 3922 διαφόροις

147 3942 524 4012 βαπτισμοῖς.
565 3961 584 3992 ι

229 4032 540 4098 Δοκοῦντα,
568 4034 754 4104 φησὶν,
785 4034 1066 4106 καθαίρειν
1103 4037 1202 4108 τὴν
1230 4037 1430 4108 σάρκα.

234 4144 258 4177 ι
292 4125 411 4180 Καὶ
433 4123 764 4195 δικαιώμασι
796 4126 1017 4196 σαρκὸς,
1074 4129 1239 4198 μέχρι
1292 4131 1486 4200 καιροῦ
1517 4129 1740 4199 διορθώο

147 4235 303 4279 σεως
378 4217 722 4286 ἐπικείμενα.
756 4219 988 4290 Χριστὸς
1035 4220 1093 4274 δὲ
1142 4223 1577 4294 παραγενόμενος
1609 4226 1742 4294 ἁρχ-

147 4314 359 4385 ιερεῦς
383 4310 493 4364 τῶν
516 4310 812 4381 μελλόντων
837 4311 1075 4380 ἀγαθῶν,
1125 4332 1144 4365 ι

225 4402 864 4473 Καιρόνδιορθώσεως,
887 4404 980 4459 τὸν
1006 4407 1106 4476 τῆς
1129 4408 1430 4478 παρουσίας
1464 4408 1620 4464 καλεῖ
1648 4410 1740 4464 τοῦ

141 4493 437 4567 Χριστοῦ.
461 4494 625 4563 Λέγει
651 4490 744 4549 οῦν
783 4496 865 4548 ὅτι
900 4496 1150 4568 ὠφέλιμα
1178 4494 1246 4570 ἦν
1281 4500 1388 4571 πρὸ
1413 4501 1508 4554 τοῦ
1549 4503 1742 4573 καιροῦ

138 4590 259 4660 τῆς
297 4588 670 4660 διορθώσεως,
696 4590 835 4659 μετὰ
859 4589 915 4643 δὲ
943 4591 1118 4645 ταῦτα
1151 4593 1426 4665 ἀνωφελῆ.

231 4700 256 4734 ι
299 4680 411 4733 Διά
458 4679 560 4749 τῆς
611 4681 855 4750 μείζονος
917 4683 1010 4734 καὶ
1047 4683 1385 4756 τελειοτέρας
1431 4688 1660 4757 σκηνῆς,
1685 4691 1745 4742 ού

135 4773 584 4846 χειροποιήτου,
606 4773 882 4825 τουτέστιν
909 4775 1206 4847 ούπαύτης
1237 4777 1335 4848 τῆς
1355 4779 1606 4842 κτίσεως,
1629 4780 1749 4833 οὐδὲ

133 4865 217 4916 δι’
267 4864 522 4932 αἵματος
542 4862 762 4932 τράγων
809 4864 905 4916 καὶ
962 4865 1200 4934 μόσχων,
1236 4867 1407 4920 διὰδὲ
1463 4869 1556 4922 τοῦ
1619 4871 1748 4927 ἰδίου

133 4957 412 5026 αἵματος
437 4954 682 5025 εἰσῆλθεν
716 4957 937 5025 ἐφάπαξ
990 4960 1068 5021 εἰς
1100 4959 1170 5014 τὰ
1199 4960 1382 5027 Ἅγια,
1429 4961 1652 5016 αἰωνίαν
1668 4963 1753 5016 λύ-

133 5066 387 5119 τρωσιν
409 5048 730 5118 εὑράμενος.
763 5051 824 5104 Et
855 5053 964 5122 γὰρ
989 5052 1048 5105 τὸ
1080 5050 1218 5122 αἷμα
1245 5054 1459 5125 ταύρων
1498 5056 1590 5108 καὶ
1619 5059 1750 5128 τρά-

131 5161 294 5211 γων,
336 5141 438 5192 καὶ
464 5140 660 5203 σποδὸς
701 5142 987 5211 δαμάλεως
1031 5144 1358 5215 ῥαντίζουσα
1403 5149 1528 5210 τοὺς
1571 5165 1752 5202 κεκοιι

127 5233 456 5304 κνωμένους
478 5231 693 5300 ἁγιάζει
721 5235 856 5302 πρὸς
887 5235 986 5301 τὴν
1013 5236 1112 5305 τῆς
1145 5239 1344 5308 σαρκὸς
1383 5239 1749 5310 καθαρότητα,

129 5326 318 5396 πόσῳ
356 5322 564 5390 μᾶλλον
594 5325 657 5376 τὸ
688 5320 825 5395 αἷμα
865 5327 956 5378 τοῦ
985 5329 1242 5397 Χριστοῦ,
1281 5330 1338 5392 ὃς
1373 5331 1463 5383 διά
1504 5332 1755 5401 Πνεῦμα-

129 5437 234 5483 τος
296 5415 480 5483 ἁγίου
526 5417 720 5471 ἑαυτὸν
774 5421 1146 5490 προσήνεγκεν
1208 5422 1439 5493 ἄμωμον
1493 5424 1572 5493 τῷ
1609 5425 1748 5492 Θεῷ,

129 5510 444 5581 καθαριεῖ
472 5508 574 5580 τὴν
610 5509 914 5582 συνείδησιν
947 5514 1101 5583 ὑμῶν
1129 5515 1237 5569 ἀπὸ
1261 5519 1470 5588 νεκρῶν
1501 5517 1697 5590 ἔργων,
1730 5537 1747 5570 i

1483 5779 1717 5837 νΑΡιΙίΕ
1759 5780 2168 5840 LECTIONES.

213 5882 251 5927 ς
283 5867 554 5927 Omnino
587 5867 872 5937 legendum
899 5879 1004 5936 est,
1034 5872 1284 5945 δευτέρα.
1966 5905 1967 5908 η

521 5959 794 6023 Ριτιιοι.
843 5962 958 6023 Gn.
1005 5964 1186 6028 XCV.
3037 5968 3110 6038 81
