4022 6422
639 443 757 512 ’97!

1853 440 1914 499 S.
1955 437 2276 497 JOANNIS
2303 437 2734 500 DAMASCENI
3782 435 3867 499 σπι

723 555 824 611 Vel
870 554 1072 610 Christi
1105 567 1324 606 carnem
1347 550 1484 606 'istic
1520 547 1719 612 innuit,
1771 547 1855 601 vel
1891 545 2218 601 Ecclesiam.

2396 548 2506 618 Τὴν
2539 550 2716 618 σάρκα
2750 545 3172 615 λέγειὲνταῦθα,
3209 546 3242 616 ἢ
3274 544 3372 616 τὴν
3415 543 3760 616 Ἐκκλησίαν.

733 669 751 701 ι
776 649 855 703 Ad
889 647 1234 704 serviendum
1267 645 1374 699 Deo
1411 641 1653 697 viventi?
1686 661 1703 689 ι
1973 709 1978 715 Ι

726 741 826 796 llic
858 739 1101 794 notilicat
1159 751 1282 790 eum
1332 734 1422 803 qui
1467 731 1700 786 mortuis
1731 727 1993 798 Oper-ibus
2013 727 2221 781 estad-

656 833 860 894 dictus,
891 831 1014 883 vivo
1048 835 1103 882 et
1127 842 1256 882 vero
1291 841 1399 878 non
1429 840 1591 894 posse
1617 823 1849 875 servire.

732 924 897 978 Vens.
933 921 1114 976 lii-18.
1148 939 1166 970 ‹
1201 917 1267 970 Et
1296 917 1418 970 ideo
1447 917 1572 970 novi
1611 912 1925 968 testamenti
1957 910 2224 965 mediator

655 1027 759 1079 est,
787 1022 866 1076 ut,
894 1021 1064 1064 morte
1085 1007 1477 1071 intercedente,
1508 1005 1560 1057 in
1580 1002 2004 1072 redemptionem
2039 1015 2222 1054 earum

657 1095 1200 1170 przevaricationum,
1258 1107 1383 1159 quae
1439 1098 1598 1143 erant
1657 1087 1761 1142 sub
1837 1086 2003 1155 priori
2056 1095 2223 1139 testa-

657 1201 860 1251 mento,
886 1184 1367 1255 repromissionem
1408 1181 1701 1249 accipiant,
1730 1179 1823 1248 qui
1857 1177 2039 1231 vocati
2068 1184 2219 1235 sunt.

655 1291 870 1336 mterua:
909 1274 1265 1330 haereditatis.
1295 1270 1461 1342 246
1507 1269 1604 1324 Ubi
1629 1270 1771 1323 enim
1836 1274 2224 1320 testamentum

657 1382 760 1436 est,
803 1386 953 1424 mors
978 1382 1202 1422 necesse
1233 1377 1319 1420 est
1363 1365 1666 1417 intercedat
1699 1359 2005 1415 testatoris.
2034 1355 2228 1410 Testa-

659 1471 899 1518 mentum
930 1461 1073 1515 euim
1114 1460 1167 1513 in
1191 1455 1422 1512 mortuis
1447 1456 1835 1508 conﬁrmatum
1859 1459 1941 1506 est
1976 1469 1988 1503 :
2025 1448 2226 1518 alioqui

659 1573 768 1612 non
813 1555 977 1616 valet,
1025 1553 1155 1606 dum
1194 1551 1329 1604 vivit
1385 1548 1478 1618 qui
1539 1555 1769 1601 testatus
1801 1551 1906 1597 est.
1943 1540 2099 1596 Unde
2129 1555 2228 1596 nec

659 1648 894 1718 primum
920 1643 1139 1712 quidem
1169 1642 1288 1695 sine
1306 1639 1571 1710 sanguine
1600 1657 1618 1688 ι

726 1737 869 1792 Fieri
896 1745 1109 1806 poterat
1136 1741 1194 1788 ut
1217 1732 1483 1803 plerique,
1511 1731 1601 1800 qui
1653 1727 1986 1783 inﬁrmiores
2015 1730 2227 1788 essent,

659 1847 727 1886 ex
757 1845 824 1885 eo
845 1827 994 1899 quod
1023 1827 1280 1881 Christus
1313 1833 1544 1878 mortem
1580 1821 1816 1885 obierat,
1851 1815 2230 1890 promissioni-

2406 657 2423 689 ι
2458 639 2549 701 Εἰς
2570 638 2631 691 τὸ
2656 637 2938 708 λατρεύειν
2965 636 3085 706 Θεῷ
3117 635 3310 701 ζῶντι;
3345 654 3364 687 ν

2409 729 2672 783 Ἐνταῦθα
2703 728 2978 799 ἐμφαίνει,
3014 729 3096 780 ὅτι
3119 727 3288 798 νεκρά
3311 726 3448 798 ἔργα
3477 726 3672 796 ἔχοντα
3701 728 3792 780 οὐκ
3809 729 3872 781 ενι

2327 822 2600 875 δουλεύειν
2633 820 2709 892 τῷ
2736 821 2897 884 ζῶντι
2925 821 3017 873 καὶ
3046 819 3302 890 ἀληθινῷ.

2406 931 2424 964 ι
2459 913 2670 968 Καὶδιὰ
2698 911 2856 967 τοῦτο
2905 912 3172 982 διαθήκης
3225 911 3422 981 καινῆς
3466 912 3702 982 μεσίτης
3735 913 3873 976 ἐστὶν,

2331 1006 2477 1069 ὅπως
2507 1005 2735 1060 θανάτου
2771 1006 3062 1076 γενομένου
3115 1007 3194 1068 είς
3231 1004 3614 1073 ἀπολύτρωσιν
3656 1003 3762 1056 τῶν
3802 1007 3877 1057 ἐπὶ

2331 1101 2395 1168 τῇ
2429 1097 2621 1172 πρώτῃ
2648 1098 3284 1170 διαθήκηπαραϐάσεων,
3314 1098 3411 1168 τὴν
3436 1096 3776 1166 ἐπαγγελίαν

2334 1192 2501 1256 εωσιν
2531 1190 2580 1240 οἱ
2606 1190 2932 1260 κεκλημένοι
2963 1189 3061 1259 τῆς
3085 1188 3300 1241 αἰωνίου
3331 1187 3872 1258 κληρονομίας.”οπον

2334 1279 2443 1348 γὰρ
2480 1278 2736 1350 διαθήκη,
2771 1279 3000 1333 θάνατον
3031 1279 3245 1346 ἀνάγκη
3295 1277 3560 1348 φέρεσθαι
3591 1275 3687 1330 τοῦ
3726 1277 3870 1330 6:20:-

2337 1370 2522 1439 μένου.
2547 1371 2791 1442 Διαθήκη
2817 1373 2921 1442 γὰρ
2952 1372 3044 1425 ἐπὶ
3062 1374 3274 1443 νεκροῖς
3300 1371 3514 1441 βεϐαία,
3541 1372 3670 1422 ἐπεὶ
3698 1371 3871 1441 μήποτε

2338 1465 2533 1536 ἰσχύει,
2565 1466 2653 1518 ὅτε
2688 1465 2754 1537 ζῇ
2779 1468 2806 1519 ὁ
2831 1465 3166 1536 διαθέμενος.
3199 1465 3363 1518 Ὅθεν
3393 1464 3505 1518 οὐδ’
3534 1466 3568 1534 ἡ
3591 1464 3780 1535 πρώτη
3799 1484 3872 1533 χυ-

2337 1559 2420 1630 ρ“ις
2451 1556 2679 1628 αἵματος
2710 1579 2728 1609 ι

2408 1735 2567 1798 Εἰκὸς
2593 1730 2660 1806 ἦν
2689 1734 2914 1798 πολλοὺς
2943 1735 3054 1786 τῶν
3093 1733 3479 1805 ἀσθενέστερον
3516 1735 3872 1804 διακειμένων,

2339 1826 2446 1880 ἀπὸ
2493 1824 2586 1877 τοῦ
2624 1825 3072 1894 τετελευτηκέναι
3119 1825 3208 1876 τὸν
3241 1824 3466 1896 Κύριον,
3499 1825 3741 1896 μάλιστα
3777 1828 3876 1879 ἁπι-

661 1925 768 1978 bus
801 1922 920 1991 ejus
947 1933 1058 1974 non
1093 1919 1405 1974 crederent.
1444 1914 1715 1982 Quocirca
1739 1910 2228 1981 dicitApostolus:

2337 1921 2480 1970 στεῖν
2503 1919 2620 1980 ταῖς
2650 1916 3001 1985 ἐπαγγελίαις
3034 1915 3218 1971 αὑτοῦ.
3263 1916 3324 1968 Ὀ
3349 1917 3533 1969 τοίνυν
3572 1917 3869 1979 1263-1016,-

660 2015 893 2084 Propter
929 2013 1228 2081 hocipsum
1261 2011 1425 2079 igitur
1467 2024 1590 2062 esse
1634 2005 1954 2060 ﬁdentiores
1993 2009 2230 2073 oportet,

662 2109 794 2178 quia
827 2104 1182 2160 testatoribus
1233 2116 1338 2155 non
1402 2098 1735 2160 viventibus,
1781 2096 1875 2151 sed
1933 2093 2231 2157 defunctis,

665 2199 820 2252 ﬁrma
853 2195 989 2249 ﬁunt
1023 2201 1370 2255 testamenta,
1403 2199 1456 2244 et
1490 2190 1658 2244 robur
1704 2186 2003 2254 accipiunt.
2058 2185 2233 2248 Atque

665 2287 754 2342 hic
803 2293 886 2340 est
914 2295 1112 2337 sensus
1143 2297 1154 2332 :
1191 2279 1334 2334 Deus
1363 2277 1638 2349 pollicitus
1668 2283 1771 2338 est,
1799 2273 2013 2343 inquit;
2038 2271 2233 2324 deinde

665 2394 788 2431 cum
813 2376 1067 2429 homines
1121 2377 1467 2443 peccassent,
1505 2384 1613 2423 non
1661 2367 1837 2421 solum
1871 2365 2080 2434 indigni
2113 2362 2232 2416 fue-

664 2477 796 2523 runt
828 2467 919 2537 qui
953 2466 1351 2535 promissorum
1384 2470 1665 2531 compotes
1699 2458 1912 2520 ﬁerent,
1957 2465 2016 2509 ut
2052 2455 2234 2525 potius

665 2561 890 2616 obnoxii
918 2559 1042 2614 lacti
1073 2559 1187 2612 sint
1213 2556 1395 2609 morti.
1429 2553 1558 2607 Eam
1590 2553 1659 2606 ob
1701 2567 1813 2605 rem
1844 2549 2102 2603 Christus
2138 2563 2232 2600 ve-

666 2656 823 2708 niens
863 2650 1160 2720 assumpsit
1203 2647 1256 2700 in
1314 2663 1372 2701 se
1431 2652 1678 2714 peccata.
1733 2650 2098 2709 mortuusque
2126 2648 2230 2703 est,

666 2756 726 2800 ut
761 2744 838 2798 illi
886 2742 1305 2801 mundarentur,
1342 2738 1609 2809 dignique
1647 2736 1936 2789 evaderent
1967 2732 2061 2800 qui
2106 2746 2233 2800 pro-

665 2837 834 2892 missa
858 2839 1354 2902 consequerentur.

741 2949 758 2980 σ
794 2927 1112 2982 Dedicatqu
1170 2931 1274 2978 est.
1339 2918 1529 2992 ﬂens.
1601 2915 1814 2987 19-21.]
1872 2913 2040 2968 Lecto
2087 2914 2232 2967 enim

589 3093 603 3101 Α
663 3021 815 3076 οιιιηί
850 3018 1110 3073 mandato
1141 3017 1274 3084 legis
1302 3030 1332 3067 a
1384 3013 1567 3082 Moyse
1594 3010 1856 3064 universo
1885 3008 2108 3078 populo,
2137 3021 2230 3060 ac-

667 3115 876 3182 cipiens
927 3109 1250 3179 sanguinem
1308 3105 1607 3159 vitulorum
1657 3113 1709 3156 et
1765 3101 2069 3162 hircorum,
2104 3113 2231 3152 cum

669 3218 809 3272 aqua
840 3210 895 3256 et
922 3202 1042 3253 lana
1084 3197 1364 3260 coccinea,
1407 3215 1425 3247 ι

731 3294 846 3348 lloc
866 3302 970 3354 est,
1001 3292 1215 3344 ﬁrmum
1256 3297 1549 3356 ratumque
1585 3285 1792 3338 factum
1827 3281 1952 3337 fuit.

737 3406 754 3435 α
787 3387 849 3439 Et
877 3385 1136 3455 hyssopo,
1199 3382 1374 3450 ipsum
1413 3391 1630 3446 quoque
1678 3376 1898 3436 librum,
1939 3381 1996 3428 et
2018 3387 2236 3427 omnem

669 3480 930 3547 populum
967 3475 1226 3545 aspersit,
1253 3473 1444 3527 dicens
1473 3487 1486 3520 :
1522 3469 1617 3523 llic
1641 3469 1866 3536 sanguis
1895 3466 2236 3528 testamenti,

667 3573 815 3644 quod
842 3573 1118 3626 mandavit
1149 3570 1215 3623 ad
1245 3584 1340 3623 vos
1386 3567 1548 3621 Deus.
1586 3565 1761 3617 Etiam
1817 3560 2233 3615 tabernaculum

651 3675 723 3720 -et
747 3666 929 3720 omnia
959 3679 1084 3717 vasa
1114 3660 1402 3716 ministerii
1435 3659 1703 3728 sanguine
1733 3655 2035 3711 secundum
2066 3654 2238 3722 legem

657 3757 925 3824 aspersit.
971 3775 989 3806 ι

737 3848 1050 3919 Symbolum
1114 3845 1365 3914 spiritus.
1432 3841 1713 3912 lly550pus
1743 3839 1890 3893 enim
1933 3835 2111 3892 calida
2132 3843 2238 3891 est.

667 3939 812 4008 Quin
845 3947 899 3993 et
933 3952 1072 4008 aqua
1104 3937 1522 4007 signiﬁcabatur
1542 3931 1862 4002 expurgatio
1887 3944 2010 3999 quae
2050 3928 2110 3982 ﬁt
2145 3941 2241 3998 per

671 4029 1025 4097 baptismum.
1058 4025 1206 4079 Lana
1267 4035 1448 4078 autem
1503 4021 1846 4084 sumebatur,
1869 4034 1976 4086 qua
2013 4016 2240 4085 sanguis

667 4121 1069 4172 contineretur.

743 4211 905 4265 Vsus.
941 4210 1033 4262 22.
1053 4225 1072 4258 ι
1110 4210 1174 4262 Ει
1197 4207 1375 4262 omnia
1409 4219 1547 4274 pene
1571 4203 1625 4256 in
1649 4203 1913 4272 sanguine
1937 4200 2236 4256 secundum

668 4305 838 4371 legem
871 4298 1230 4360 inundantur,
1263 4304 1318 4350 et
1342 4295 1463 4350 sine
1502 4292 1790 4363 sanguinis
1824 4291 2089 4348 effusione
2129 4307 2236 4346 non

669 4393 730 4445 ﬁt
769 4389 1047 4443 remissio.
1085 4405 1104 4438 ι
1489 4392 1491 4396 ’

653 4469 668 4482 ’
736 4479 1007 4546 Quoniam
1035 4494 1128 4548 per
1153 4493 1270 4532 eam
1305 4491 1410 4530 non
1447 4475 1687 4546 perfecta
1727 4475 2010 4528 mundatio
2053 4473 2237 4534 ﬁebat,

665 4587 845 4655 neque
888 4567 1127 4640 perfecta
1185 4568 1472 4631 remissio,
1536 4566 1631 4620 sed
1693 4565 2042 4636 imperfecta;

664 4659 823 4721 dixit,
866 4673 1013 4726 pene.

737 4747 905 4803 Vens.
939 4749 1027 4802 23.
1061 4767 1082 4799 ‹
1118 4747 1354 4803 Necesse
1377 4756 1462 4802 est
1487 4762 1638 4818 ergo.
1664 4746 1997 4815 exemplaria
2013 4744 2236 4815 quidem

663 4842 974 4896 coalestium
1010 4842 1095 4894 his
1125 4841 1400 4894 mundari.
1448 4859 1466 4892 ι

737 4931 921 4985 Mundi
947 4931 1046 4993 illi,
1083 4932 1278 5000 inquit,
1315 4931 1409 5002 qui
1439 4929 1742 4985 secundum
1783 4928 1953 5000 legero
1999 4927 2241 4996 perlicie-

664 5026 882 5086 bautur,
921 5024 1226 5093 imperfecti
1251 5021 1940 5086 nibilominusmanebant,
1981 5021 2236 5090 quoniam

662 5123 716 5168 et
749 5114 852 5183 ipsi
885 5113 1056 5184 ﬁgura
1079 5120 1235 5167 erant
1262 5114 1599 5166 futurorum.

739 5223 758 5255 ι
801 5204 920 5274 ipsa
939 5213 1119 5257 autem
1152 5202 1427 5265 emlestia,
1470 5221 1488 5252 ›

733 5295 1039 5352 Ecclesiam
1075 5297 1230 5350 dicit.

742 5405 763 5437 ‹
803 5387 1125 5442 Melioribus
1161 5387 1363 5440 hostiis
1397 5400 1560 5453 quam
1584 5385 1726 5440 istis.
1769 5403 1787 5436 ι

730 5478 885 5533 Tunc
906 5480 1051 5533 enim
1085 5479 1206 5547 agni
1278 5477 1542 5546 sanguine
1583 5479 2066 5546 perungebantur;
2095 5492 2239 5532 nunc

663 5585 794 5626 vero
816 5571 988 5638 ipsius
1016 5570 1244 5624 Christi.

735 5684 1014 5738 Vensﬂl.
1049 5705 1066 5735 ι
1109 5684 1226 5739 Non
1269 5684 1416 5739 enim
1475 5685 1529 5736 in
1573 5685 1892 5738 mauulacta
1933 5694 2125 5738 sancta
2157 5685 2241 5738 in-

621 5849 624 5854 _
664 5776 1153 5840 troivitChristus,
1183 5777 1516 5846 exemplaria
1541 5793 1819 5843 verorum,
1852 5775 1946 5834 sed
1970 5777 2024 5832 in
2059 5778 2237 5848 ipsum

662 5868 886 5932 cwlum,
917 5875 974 5921 ut
997 5878 1252 5936 appareat
1296 5883 1441 5922 nunc
1469 5885 1488 5918 ι

2334 2026 2467 2079 φησι
2487 2024 2500 2038 °
2529 2009 2630 2061 Διά
2655 2007 2812 2061 τοῦτο
2836 2007 2934 2078 μὲν
2955 2004 3045 2061 οὖν
3071 2007 3175 2078 χρὴ
3217 2006 3460 2078 θαρρεῖν,
3481 2009 3566 2060 ὅτι
3595 2010 3660 2061 ού
3694 2007 3879 2070 ζώντων

2335 2104 2443 2154 τῶν
2474 2101 2884 2172 διατιθεμένων,
2916 2102 3029 2154 ἀλλ’
3052 2101 3504 2171 ἀποθνησκόντων
3542 2102 3667 2153 τότε
3701 2100 3879 2170 βέϐαιαί

2336 2196 2473 2248 εἰσιν
2492 2197 2546 2248 αἱ
2575 2196 2856 2266 διαθῆκαι,
2887 2196 2982 2249 xui.
3012 2197 3110 2264 τὴν
3140 2195 3295 2264 ἰσχὺν
3318 2194 3721 2264 λαμϐάνουσιν.
3764 2193 3812 2247 ’0
3838 2195 3880 2247 δὲ

2337 2289 2461 2351 νοῦς
2495 2284 2673 2352 οὗτος
2707 2288 3120 2358 Ἐπηγγείλατο,
3137 2287 3323 2357 φησὶν,
3341 2289 3368 2338 ὁ
3385 2286 3514 2350 Θεός
3538 2305 3549 2318 ·
3580 2281 3708 2339 εἶτα
3733 2287 3878 2356 ἁμαρ-

2335 2381 2588 2441 τάνοντες
2628 2380 2677 2432 οἱ
2721 2379 3016 2448 ἄνθρωποι,
3064 2378 3122 2430 ού
3175 2377 3331 2448 μόνον
3377 2373 3521 2448 ἦσαν
3574 2377 3784 2440 ἀνάξιοι
3807 2376 3879 2442 τὴν

2335 2471 2669 2540 ἐπαγγελίαν
2704 2470 3011 2533 ἀναλαϐεῖν,
3043 2469 3179 2523 ἀλλὰ
3227 2469 3320 2522 καὶ
3367 2468 3586 2539 θανάτῳ
3611 2468 3876 2536 γεγύναςῑν

2337 2566 2533 2635 ἔνοχοι.
2590 2563 2689 2616 Διά
2720 2563 2879 2616 τοῦτο
2911 2562 3204 2632 ὁΧριστὸς
3255 2559 3426 2614 ἐλθὼν
3475 2560 3774 2624 ἀνεδέξατο
3802 2559 3879 2619 τὰς

2336 2658 2631 2728 ἁμαρτίας,
2668 2658 2759 2710 καὶ
2799 2655 3090 2720 ἀπέθανεν,
3145 2654 3230 2706 ἵνα
3273 2652 3738 2724 καθαρισθὲντες,
3768 2649 3878 2714 ἄξιοι

2336 2752 2598 2818 τέκωνται
2627 2749 2719 2810 τὰς
2735 2747 3066 2816 ἐπαγγελίας
3091 2745 3297 2798 λαϐεῖν.

2411 2951 2429 2981 ι
2479 2928 2930 2998 Ἐγκεκαίνισται.
2981 2924 3318 2997 Λαληθείσης
3339 2925 3447 2994 γὰρ
3483 2924 3673 2991 πάσης
3704 2920 3886 2988 ἐντολῆς

2337 3023 2477 3076 κατὰ
2498 3022 2659 3092 νόμον
2703 3019 2808 3074 ὑπὸ
2851 3017 3126 3081 Μωῦσέως
3170 3017 3330 3070 παντὶ
3368 3014 3448 3086 τῷ
3477 3013 3618 3084 λαῷ.
3653 3013 3822 3068 λαϐὼν
3843 3012 3889 3062 τὸ

2336 3111 2476 3187 αἷμα
2501 3115 2606 3168 τῶν
2635 3113 2847 3184 μόσχων
2873 3112 2968 3165 καὶ
2987 3111 3224 3179 τράγων,
3259 3109 3396 3180 μετά
3418 3107 3638 3174 ὓδατος,
3664 3105 3888 3176 καὶὲρίω

2337 3207 2589 3262 κοκκίνου
2601 3246 2614 3270 ,
2645 3227 2661 3257 ι

2409 3300 2688 3364 Τουτέστι,
2721 3295 2914 3368 βεϐαία
2939 3294 3151 3364 γέγονε,
3181 3295 3274 3347 καὶ
3304 3290 3584 3363 ἐκυρώθη.

2415 3412 2432 3444 ι
2471 3391 2580 3444 Καὶ
2603 3389 2877 3452 ὑσσώπου,
2912 3387 3043 3441 αὐτό
3067 3403 3124 3439 τε
3154 3385 3583 3456 τὸξβιϐλίον,’κα“ι
3614 3383 3797 3436 πάντα
3820 3380 3892 3432 τὶν

2339 3483 2466 3538 λαὸν
2487 3483 2791 3555 ὲρῤάντισε,
2810 3481 2982 3548 λέγων
3005 3496 3018 3509 ·
3055 3478 3224 3531 Τοῦτο
3254 3477 3315 3528 τὸ
3338 3473 3476 3546 αἷμα
3500 3476 3606 3546 τῆς
3627 3475 3889 3544 διαθήκης,

2341 3572 2412 3648 ἧς
2440 3573 2743 3627 ἐνετείλατο
2770 3571 2906 3642 πρὸς
2934 3571 3075 3640 ὑμᾶς
3101 3572 3130 3622 ὁ
3153 3568 3306 3630 Θεὸς.
3335 3569 3442 3619 Καὶ
3465 3569 3568 3636 τὴν
3599 3565 3806 3636 σκηνὴν
3829 3564 3891 3623 ἃ,

2341 3667 2436 3720 καὶ
2486 3665 2661 3719 πάντα
2699 3664 2767 3716 τὰ
2814 3662 2984 3733 σκεύη
3043 3662 3142 3732 τῆς
3200 3660 3543 3728 λειτουργίας
3600 3658 3684 3728 τῷ
3731 3657 3892 3724 αἵματι

2342 3755 2540 3826 ὁμοίως
2566 3754 2874 3826 ὲρράντισε.
2899 3771 2915 3802 ι

2413 3845 2686 3915 Σύμϐολον
2717 3842 2811 3896 τοῦ
2839 3841 3170 3912 πνεύματος.
3200 3837 3390 3908 Θερμὴ
3417 3836 3530 3906 γάρ
3555 3838 3591 3906 ἡ
3622 3834 3890 3893 ῦσσωπος·

2341 3939 2458 3991 ἔστι
2489 3937 2598 4007 γὰρ
2629 3936 2724 3989 καὶ
2758 3935 2816 3988 τὸ
2845 3935 2988 4005 ὕδωρ
3044 3934 3306 4003 σημαῖνον
3338 3929 3438 4001 τὴν
3476 3929 3570 3981 διὰ
3603 3925 3894 3997 705317.5-

2343 4047 2550 4102 σματος
2579 4029 2848 4100 κάθαρσιν
2867 4044 2879 4058 ·
2916 4025 3007 4081 καὶ
3036 4025 3097 4077 τὸ
3136 4024 3279 4095 ἔριον
3305 4022 3384 4087 δὲ,
3409 4021 3555 4073 ὥστε
3586 4017 3893 4088 κατέχεσθαι

2339 4125 2401 4176 τὸ
2430 4117 2586 4192 αἷμα.

2417 4232 2434 4264 ι
2474 4215 2582 4267 Καὶ
2613 4211 2798 4283 σχεδὸν
2844 4211 2901 4262 ἐν
2921 4209 3118 4280 αἵματι
3170 4206 3349 4259 πάντα
3387 4204 3756 4275 καθαρίζεται
3781 4201 3894 4255 κατὰ

2339 4307 2430 4359 τὸν
2489 4305 2685 4376 νόμον,
2732 4304 2824 4356 καὶ
2871 4301 3038 4374 χωρὶς
3101 4297 3536 4371 αἱματεκχυσίας
3597 4297 3662 4350 οὗ
3714 4295 3898 4364 γίνεται

2340 4399 2550 4466 ἄφεσις.
2595 4413 2612 4446 ι

2423 4485 2644 4554 Ἐπειδὴ
2671 4483 2876 4537 ἐκείνου
2913 4482 3015 4535 οὐκ
3073 4477 3140 4552 ἦν
3191 4480 3478 4551 καθαρμὸς
3523 4479 3759 4543 τέλειος,
3797 4473 3898 4527 οιζίῖὶ

2113 4565 2237 4619 ideo
2270 4601 2312 4655 ι)
2341 4581 2532 4646 ἄφεσις
2561 4577 2764 4637 τελεία,
2797 4575 2910 4627 ἀλλ’
2938 4572 3224 4644 ἡμιτελὴς,
3253 4567 3372 4624 εἶπε
3396 4571 3481 4635 τὸ,
3521 4570 3778 4638 σχεδόν.

2415 4777 2432 4807 ι
2477 4759 2712 4826 ’Λνάγκη
2769 4751 2883 4817 οῦν,
2925 4755 2994 4806 τὰ
3034 4754 3131 4823 μὲν
3162 4751 3546 4822 ὑποδείγματα
3576 4752 3690 4804 τῶν
3727 4752 3785 4802 ἐν
3805 4750 3898 4806 τοῖς

2339 4849 2604 4918 οὐρανοῖς,
2640 4847 2846 4909 τούτοις
2880 4843 3291 4915 καθαρίζεσθαι.
3324 4863 3344 4894 ι

2453 4933 2588 4997 ῦτοι.
2621 4939 2801 5008 φησιν,
2836 4937 2885 4988 οί
2919 4936 3170 5006 καθαροὶ,
3205 4937 3255 4994 οἱ
3295 4933 3440 4986 κατά
3472 4947 3641 5004 νομον
3682 4932 3898 4986 τελειούο

2343 5049 2513 5102 μενοι,
2539 5031 2743 5092 ἀτελεῖς
2773 5025 2933 5099 ἦσαν,
2966 5027 3152 5099 ἐπειδὴ
3203 5033 3298 5081 καὶ
3342 5027 3515 5090 τύπος
3545 5023 3692 5098 ἦσαν
3719 5027 3896 5078 ἐκεῖνοι

2339 5125 2445 5178 τῶν
2470 5123 2789 5194 μελλόντων.

2415 5236 2433 5268 ι
2465 5217 2613 5271 Αὑτά
2643 5216 2699 5269 δὲ
2728 5217 2795 5268 τὰ
2824 5206 3141 5283 ἐπουράνια,
3186 5233 3204 5265 ι

2411 5313 2522 5384 Τὴν
2565 5311 2888 5381 Ἐκκλησίαν
2927 5308 3098 5377 λέγει.

2416 5425 2434 5457 ι
2463 5403 2752 5474 Κρείττοσι
2778 5403 2990 5464 θυσίαις
3020 5401 3174 5473 παρὰ
3196 5399 3423 5464 ταύτας.
3472 5420 3491 5451 ι

2409 5498 2543 5550 Τότε
2575 5497 2669 5566 μὲν
2692 5495 2962 5567 προϐάτου
2991 5495 3183 5564 αἵματι
3211 5493 3476 5565 ἐχρίοντο,
3508 5491 3600 5544 νῦν
3624 5491 3711 5548 δὲ,
3755 5483 3911 5542 αὑτοῦ

2341 5590 2433 5643 τοῦ
2466 5589 2724 5660 Χριστοῦ.

2418 5703 2435 5734 ι
2467 5684 2540 5735 Ού
2570 5682 2678 5751 γὰρ
2728 5682 2805 5742 εἰς
2861 5680 3216 5751 χειροποίητα
3260 5680 3391 5746 am
3447 5676 3750 5746 είσῆλθενὸ
3783 5675 3914 5741 Χριο

2345 5776 2487 5837 στὸς,
2514 5773 2779 5827 ἀντίτυπα
2812 5773 2920 5824 τῶν
2974 5773 3280 5842 ἀληθινῶν,
3342 5771 3458 5825 ἀλλ’
3514 5771 3589 5832 είς
3611 5770 3790 5821 αῦτζν
3829 5768 3913 5817 τὸν

2343 5867 2568 5940 οὐρανόν
2599 5882 2611 5896 ·
2648 5865 2740 5919 νῦν
2766 5865 3165 5935 ἐμφανισθῆναι
3216 5886 3232 5917 ι
