4022 6410
217 405 316 473 9ῗό
445 397 451 403 ’
1348 399 1428 458 ΙΝ
1458 393 1693 456 EPIST.
1737 392 1805 452 Al

1879 389 2270 450 IIEBRIEOS.
3323 385 3427 451 9η

278 512 464 575 Τοῦτο.
514 512 697 582 φησιν,
752 511 938 581 ὥσπερ
980 508 1043 581 δὴ
1086 508 1229 579 μέγα
1273 506 1530 578 ἐφρόνουν
1555 506 1605 557 οἰ
1640 501 1763 555 ’1ου-
1791 502 1838 559 Α

1936 495 2014 550 lta
2048 497 2208 567 plane
2244 493 2506 565 loquitur,
2548 507 2673 547 cum
2718 500 2995 549 structura
3021 493 3207 564 templi
3239 494 3427 549 adnuo-

214 608 341 663 δαῖοι
368 604 459 658 ἐπὶ
476 606 543 673 τῇ
577 603 669 657 τοῦ
713 602 842 673 ναοῦ
881 603 1215 672 κατασκευῇ,
1248 601 1323 663 ob;
1358 598 1549 669 μηδενὶ
1596 596 1763 650 τόπου

1866 589 1996 643 dum
2019 589 2190 645 Judaei
2222 588 2611 660 gloriarentur,
2645 602 2709 641 ac
2740 586 2785 641 si
2840 587 3024 642 nullus
3053 588 3192 641 alter
3232 587 3429 643 similis

216 697 356 759 όντος
387 693 647 749 τοιούτου.
682 693 849 746 Πάλιν
866 688 960 745 οὖν
984 690 1289 762 σύγκρισις,
1314 690 1407 743 καὶ
1423 688 1484 741 τό
1510 686 1765 757 διάφορνν

1867 692 2109 738 exstaret
2133 683 2307 738 locus.
2344 681 2557 737 llursus
2608 696 2737 750 ergo
2784 681 3194 749 comparatione
3236 682 3429 744 utitur,

217 788 364 852 πολὺ,
395 788 502 857 ὅσῳ
529 786 684 849 αὐτὸς
705 786 733 838 ὁ
757 785 980 855 οὐρανὸς
1012 784 1104 839 τοῦ
1134 782 1283 839 ναοῦ.

1868 775 2221 845 ostenditque
2247 774 2437 845 ingens
2488 773 2755 829 interesse
2800 772 3121 840 discrimen,
3167 785 3432 846 quantum

1871 867 2072 921 coelum
2109 868 2251 922 inter
2276 882 2339 921 ac
2368 867 2653 936 templum.

282 983 301 1016 ι
336 961 426 1033 Τῷ
454 962 727 1033 προσώπῳ
755 961 889 1013 Θεοῦ
918 960 1055 1032 ὑπὲρ
1081 959 1256 1030 ἡμῶν.
1303 978 1319 1009 ι

1123 959 1256 1029 μῶν.
1303 978 1319 1009 ι
1946 976 1966 1009 ι
1998 956 2184 1012 Vultui
2217 955 2309 1012 Dei
2343 973 2440 1028 pro
2470 956 2649 1012 nobis.
2690 977 2707 1010 ι

284 1056 466 1110 Εἰπὼν
494 1054 575 1117 τὸ,
610 1052 1072 1123 ἐμφανισθῆναι,
1124 1053 1215 1105 καὶ
1245 1053 1419 1116 δείξας
1448 1050 1545 1121 τὴν
1563 1051 1769 1103 οἰκονο-

1944 1048 2077 1103 Cum
2101 1046 2333 1112 dixerit,
2364 1057 2420 1100 ut
2447 1056 2721 1117 appareat,
2760 1054 3171 1119 monstrataque
3214 1050 3440 1120 dispen-
3529 1042 3532 1047 ’

220 1142 366 1221 μίαν,
416 1149 512 1201 κα)⁵
554 1146 652 1217 τὴν
679 1145 857 1202 αἰτίαν
905 1145 1120 1213 ἐπάγει,
1146 1146 1227 1198 ὅτι
1262 1143 1417 1198 τοῦτο
1470 1141 1771 1211 πεποίηκεν

1876 1142 2109 1203 satione,
2141 1153 2365 1195 causam
2397 1138 2697 1209 subiungit,
2746 1140 2893 1209 quod
2925 1156 3118 1210 nempe
3148 1156 3247 1210 pro
3281 1141 3442 1194 nobis

219 1241 351 1311 ὑπὲρ
380 1237 725 1310 malum,
783 1237 918 1290 καθὸ
964 1237 1097 1300 Θεὸς
1148 1235 1340 1304 Λόγος,
1382 1234 1613 1288 πάντοτε
1644 1232 1769 1286 σύν-

1876 1234 1928 1287 id
1968 1232 2226 1304 gesserit,
2250 1232 2342 1302 qui
2377 1232 2580 1302 ubique
2638 1242 2721 1287 est
2753 1249 2876 1287 cum
2916 1232 3096 1297 Patre,
3143 1248 3251 1301 qua
3304 1233 3446 1290 Deus

218 1350 328 1386 εστι
357 1331 433 1402 τῷ
463 1332 657 1402 Πατρί.
720 1329 867 1399 Ἐγὼ
928 1332 1055 1401 γὰρ,
1092 1331 1273 1400 φησιν,
1329 1329 1400 1381 ἐν
1450 1328 1531 1393 τῷ
1567 1327 1771 1396 Harp},

1878 1335 1963 1381 est
1989 1324 2251 1381 Verbum.
2294 1326 2384 1382 Ait
2429 1327 2575 1380 enim
2621 1342 2634 1377 :
2669 1323 2781 1397 Ego
2819 1326 2874 1379 in
2924 1324 3104 1391 Patre,
3130 1336 3179 1380 et
3208 1326 3446 1383 Palerin

218 1422 311 1476 καί
339 1424 373 1477 ό
394 1420 599 1489 Πατὴρ
619 1420 687 1473 ἐν
722 1420 871 1488 ἐμοί.

542 1422 599 1489 1p
619 1420 687 1473 ἐν
722 1420 871 1488 ἐμοί.
1879 1436 1959 1472 me
1985 1429 2064 1473 est
2088 1419 2130 1473 ⁵.

288 1533 309 1566 ι
347 1514 480 1567 υύδὲ
513 1512 768 1575 πολλάκις
802 1511 1099 1584 προσφέρει
1138 1510 1348 1574 ἑαυτὸν,
1372 1508 1557 1579 ὥσπερ
1579 1509 1608 1560 ὁ
1642 1508 1785 1579 ἀρχ-.

1947 1510 2108 1584 247
2148 1509 2315 1566 Vens.
2363 1510 2455 1575 25,
2503 1509 2592 1565 26.
2648 1529 2667 1560 σ
2700 1509 2888 1581 Neque
2948 1522 3008 1567 ut
3062 1527 3207 1583 saepe
3258 1512 3451 1569 utl‘erat

218 1608 393 1677 ιερεῦς
431 1606 735 1675 εἰσέρχεται
781 1605 858 1667 εἰς
905 1604 973 1658 τὰ
1002 1604 1129 1671 ἅγια
1158 1603 1278 1657 κατ’
1324 1602 1569 1655 ἐνιαυτὸν
1601 1602 1658 1653 ὲν
1689 1601 1777 1653 αῖ-

1882 1604 2277 1674 semetipsum,
2358 1603 2816 1675 quemadmodum
2878 1604 3123 1675 pontifex
3174 1606 3340 1663 intrat
3398 1606 3452 1663 in

221 1717 349 1771 ματι
371 1697 659 1769 ἀλλοτρίῳ,
686 1698 804 1751 ἐπεὶ
833 1696 937 1750 ἔδει
968 1694 1128 1750 αὑτὸν
1163 1695 1420 1757 πολλάκις
1454 1694 1645 1748 παθεῖν
1672 1693 1780 1747 ἀπὸ

1882 1698 2074 1747 sancta
2124 1706 2220 1762 per
2272 1692 2517 1764 singulos
2578 1707 2750 1748 annos
2802 1694 2859 1747 in
2896 1695 3166 1764 sanguine
3219 1696 3450 1750 alieno:

217 1792 315 1860 τῆς
363 1789 672 1861 καταδολῆς
701 1788 795 1845 τοῦ
828 1789 1065 1859 κόσμου’
1104 1786 1198 1842 νῦν
1222 1786 1278 1840 δὲ
1317 1786 1463 1853 ἆπαξ
1502 1787 1594 1840 ἐπὶ
1651 1802 1777 1838 συν-

1885 1778 2129 1845 alioquin
2157 1780 2445 1848 oportebat
2478 1795 2603 1834 eum
2633 1780 2942 1849 frequenter
2978 1784 3087 1853 pati
3138 1784 3206 1836 ab
3246 1784 3458 1855 origine

218 1882 402 1955 τελείᾳ
422 1882 530 1937 τῶν
549 1880 780 1937 αἰώνων.
823 1900 842 1933 ι

1888 1868 2097 1922 mundi.
2132 1868 2287 1923 Nunc
2323 1879 2505 1925 autem
2545 1872 2712 1925 semel
2746 1873 2797 1927 in
2832 1874 3314 1930 consummatione
3351 1890 3456 1929 sa:-

1884 1963 2154 2017 culorum.

284 2059 356 2113 Εἰ
384 2056 532 2127 παρά
561 2056 658 2127 τὴν
683 2055 879 2129 ἀρχὴν,
912 2056 1065 2125 φησὶ,
1096 2054 1253 2109 τοῦτο
1276 2054 1515 2122 ἐγένετο,
1547 2048 1666 2108 εἶτα
1690 2052 1781 2105 ού-

1960 2054 2017 2111 Si
2055 2056 2213 2110 initio
2252 2056 2304 2110 id
2361 2064 2573 2130 gestum
2617 2064 2784 2122 esset,
2836 2057 3041 2126 inquit,
3092 2066 3205 2111 tum
3264 2055 3460 2112 deinde

219 2150 332 2214 δείς
356 2150 694 2214 ἐπίστευσεν,
727 2148 918 2218 ἔμενεν
942 2149 1000 2199 ἐν
1028 2145 1273 2217 ἀπωλείᾳ
1291 2146 1353 2200 τὸ
1375 2145 1549 2215 γένος.
1574 2145 1648 2198 Ού
1676 2145 1786 2215 γὰρ

1889 2162 2048 2202 nemo
2075 2145 2419 2214 credidisset,
2453 2164 2627 2218 genus
2660 2159 2907 2203 nostrum
2936 2150 2989 2202 in
3021 2149 3243 2203 interitu
3276 2164 3462 2218 perse.

220 2238 284 2313 ἦν
315 2241 543 2297 δυνατὸν
582 2240 831 2314 δεύτερον
871 2239 1162 2293 ἀποθανεῖν
1203 2238 1458 2309 Χριστὸν,
1506 2238 1592 2290 ἵνα
1627 2236 1787 2292 πάλιν

1891 2248 2123 2294 veraret.
2154 2237 2290 2294 Nam
2322 2240 2579 2311 possibile
2606 2256 2716 2296 non
2742 2249 2861 2295 erat
2909 2248 2968 2293 ut
3003 2240 3258 2296 Christus
3282 2240 3465 2296 denuo

224 2334 397 2406 σωθῇ.
439 2334 656 2405 Ἐπειδὴ
684 2332 741 2387 δὲ
767 2333 993 2404 ὕστερον
1021 2330 1193 2385 πολλὰ
1210 2325 1277 2401 ἦν
1300 2332 1369 2385 τὰ
1395 2331 1787 2403 ἁμαρτήματα,

1892 2339 2221 2395 moreretur,
2241 2346 2351 2401 quo
2369 2330 2500 2387 illud
2524 2332 2723 2386 iterum
2742 2330 2952 2385 salvum
2971 2331 3144 2387 ﬁeret.
3167 2330 3463 2401 Postquam

223 2426 454 2490 εἰκότως
482 2425 603 2479 τότε
630 2426 891 2495 ἀνεφάνη.

1892 2438 2024 2478 vero
2078 2424 2307 2495 plurima
2348 2422 2580 2477 tandem
2649 2436 2873 2495 peccata
2929 2426 3292 2489 exstiterunt,
3335 2432 3467 2485 tunc

1893 2524 2268 2569 consentauee
2298 2529 2525 2582 prorsus
2559 2528 2618 2569 se
2644 2514 3004 2583 conspicuum
3044 2514 3216 2572 dedit.

294 2623 317 2660 ε
362 2604 457 2668 Εἰς
491 2602 750 2674 ἀθέτησιν
780 2603 1074 2677 ἁμαρτίας,
1119 2623 1137 2656 ι
1604 2622 1623 2630 -

1604 2622 1623 2630 '
1970 2626 1991 2661 ε
2028 2607 2110 2663 A'd
2140 2608 2557 2664 destitutionem
2590 2608 2832 2680 peccati,
2874 2626 2893 2660 ι

292 2698 369 2755 Τί
425 2698 571 2751 ἐστιν
629 2697 942 2766 ἀθέτησις
1002 2696 1123 2751 ἀντί
1176 2693 1301 2760 τοῦ,
1361 2694 1784 2768 καταφρόνησις.

1967 2698 2239 2769 Quidnam
2272 2708 2357 2755 est
2396 2699 2715 2756 destitutio?
2760 2700 2901 2755 idem
2964 2708 3113 2753 certe
3157 2698 3301 2768 quod
3336 2713 3468 2755 con-

227 2790 427 2848 Οὐκέτι
453 2792 761 2864 παρρησίαν
791 2791 963 2862 ἔχειὴ
997 2789 1261 2861 ἁμαρτία.
1300 2787 1587 2860 Ἠθὲτηται
1620 2788 1729 2856 γὰρ
1764 2788 1798 2859 ἡ

1900 2793 2142 2861 temptio.
2178 2790 2471 2847 Peccatum
2503 2806 2854 2863 nequaquam
2889 2792 3129 2863 amplius
3163 2792 3471 2851 libertatem

228 2883 511 2955 ἁμαρτία,
568 2883 858 2954 ὀφείλουσα
903 2883 1003 2955 μὲν
1068 2882 1363 2937 ἀπολαϐεῖν
1411 2882 1653 2943 κόλασιν,
1699 2880 1800 2932 ούκ

1900 2884 2084 2938 habet.
2117 2882 2251 2937 Nam
2280 2883 2606 2938 destitutum
2633 2894 2717 2939 est
2760 2892 2815 2938 et
2862 2884 3151 2967 abolitum,
3206 2892 3290 2950 ut,
3348 2900 3472 2940 cum

232 2975 582 3030 ἀπολαϐοῦσα
618 2976 697 3031 δέ.
729 2976 1022 3041 Τουτέστι,
1071 2975 1193 3045 βίαν
1222 2973 1449 3028 ἔπαθεν·
1493 2974 1582 3029 ὅτε
1625 2987 1799 3045 προσ·

1900 2989 2095 3045 ρωηοε
2124 2974 2257 3030 dare
2304 2974 2550 3038 deberet,
2595 2975 2773 3031 nullas
2821 2984 3001 3031 tamen
3043 2975 3274 3031 dederit.
3332 2975 3474 3043 Quin

128 3086 137 3097 '
232 3068 464 3141 εδόκησε
489 3070 696 3137 πάντας
727 3069 959 3135 ἀνελεῖν,
986 3069 1108 3122 τότε
1135 3067 1396 3143 ἀνῃρέθη.

1902 3066 2067 3119 etiam
2097 3066 2205 3120 vim
2234 3066 2481 3135 pertulit,
2522 3074 2604 3129 ut,
2637 3064 2767 3119 dum
2810 3065 3071 3136 sperabat
3118 3075 3353 3123 cunctos
3380 3080 3472 3138 pe.

1827 3193 1874 3257 c
1906 3157 2125 3224 rimere,
2154 3166 2284 3213 tunc
2314 3157 2486 3226 ipsum
2520 3166 2859 3229 peremptum
2908 3155 3089 3213 fuerit.

307 3261 326 3294 σ
370 3242 473 3297 Διά
506 3243 608 3313 τῆς
637 3242 827 3309 θυσίας
854 3241 1018 3298 αὑτοῦ
1050 3239 1454 3312 πεφανέρωται.
1494 3257 1514 3291 ι
1829 3239 1874 3257 “

1363 3257 1454 3294 ται.
1494 3257 1514 3291 ι
1829 3239 1874 3257 ’⁸
1985 3269 2003 3301 ι
2037 3249 2140 3305 Per
2172 3249 2405 3305 hostiam
2433 3264 2590 3304 suam
2617 3250 2897 3320 apparuit.
2933 3268 2951 3301 ι

311 3337 667 3411 Ἐφανέρωθη
698 3337 777 3409 τῷ
804 3337 944 3408 Θεῷ,
973 3337 1068 3393 καὶ
1091 3335 1422 3409 προσῆλθεν.

1982 3341 2093 3395 Deo
2122 3357 2181 3396 se
2212 3340 2483 3404 exhibuit,
2520 3347 2573 3393 et
2594 3342 2661 3394 ad
2700 3355 2825 3395 eum
2858 3343 3112 3397 accessit.

308 3444 329 3479 ι
383 3429 495 3483 Καὶ
543 3428 774 3483 καθόσον
825 3429 1109 3483 ἀπόκειται
1138 3430 1252 3491 τοῖς
1296 3424 1601 3497 ἀνθρώποις
1656 3422 1807 3489 ἅπαξ

1987 3430 2152 3486 Vens.
2185 3431 2277 3495 27,
2322 3430 2413 3487 28.
2454 3450 2474 3483 ι
2509 3430 2576 3484 Et
2604 3432 3063 3503 quemadmodum
3103 3441 3367 3491 statutum
3397 3443 3482 3490 est

232 3521 556 3591 ἀποθανεῖν,
589 3522 727 3592 μετά
747 3522 804 3575 δὲ
829 3521 985 3577 τοῦτο
1005 3522 1187 3594 κρίσις
1207 3537 1220 3550 ·
1244 3520 1384 3574 οὕτω
1407 3520 1502 3573 καὶ
1523 3521 1551 3572 ό
1571 3518 1807 3589 Χριστὸς

1913 3524 2231 3579 hominibus
2253 3523 2423 3580 semel
2450 3525 2587 3578 mori
2618 3542 2632 3590 ;
2673 3535 2794 3595 post
2821 3525 2924 3579 hoc
2954 3536 3135 3581 autem
3166 3507 3435 3599 judicium
3465 3546 3476 3585 :

235 3612 392 3681 ἅπαξ
422 3614 801 3689 προσενεχθεὶς
834 3616 914 3678 εἰς
943 3614 1005 3669 τὸ
1035 3612 1244 3667 πολλῶν
1273 3612 1588 3680 ἀνενεγκεῖν
1622 3610 1807 3683 ἀμαρ-

1915 3619 1994 3673 sic
2045 3626 2100 3672 et
2152 3615 2404 3671 Christus
2450 3614 2620 3670 semel
2666 3616 2885 3671 oblatus
2925 3626 3009 3673 est
3062 3616 3131 3671 ad
3184 3618 3482 3677 multorum

232 3708 382 3772 τίας,
425 3726 445 3758 ι

1915 3706 2286 3768 exhaurienda
2314 3714 2557 3781 peccata.
2593 3725 2610 3758 ι

307 3801 429 3853 Καὶ
466 3801 563 3872 τὴν
589 3799 766 3857 αἰτίαν
810 3800 977 3868 λέγει,
1010 3798 1100 3854 διὰ
1124 3799 1177 3854 τί
1220 3798 1364 3867 ἅπαξ
1393 3800 1696 3857 ἀπέθανεν’
1729 3802 1810 3855 ὃτι

1986 3800 2220 3856 Causam
2253 3799 2422 3855 edicit
2453 3814 2553 3854 cur
2583 3807 2834 3855 mortuus
2866 3799 2958 3855 ille
2997 3800 3091 3864 sit,
3137 3801 3230 3869 qui
3292 3802 3487 3857 mortis

235 3892 361 3956 ἑνὸς
415 3891 644 3945 θανάτου
691 3891 1006 3963 ἀντίλυτρον
1050 3892 1286 3961 ἐγένετο.
1344 3892 1628 3949 Ἀπέκειτο
1682 3896 1811 3969 γὰρ,

1919 3895 2083 3949 unius
2124 3893 2301 3947 lactus
2342 3901 2425 3948 est
2467 3891 2726 3962 pretium.
2757 3889 2892 3945 Nam
2928 3900 3194 3947 statutum
3232 3901 3350 3948 erat
3387 3892 3488 3946 hu-

237 3981 436 4047 φησιν,
460 3981 572 4042 τοῖς
591 3978 899 4052 ἀνθρώποις
919 3980 1233 4039 ἀποθανεῖν.
1259 3980 1429 4035 Τοῦτο
1459 3980 1555 4039 οὖν
1574 3984 1637 4038 τὸ
1666 3985 1815 4051 ἅπαξ

1919 3987 2183 4049 minibus,
2220 3986 2423 4056 inquit,
2450 3993 2510 4041 ut
2540 3993 2905 4043 morerentur.
2937 3984 3303 4054 Quamobrem
3322 3986 3490 4041 semel

235 4069 521 4125 ἀπέθανεν
555 4070 695 4142 ὑπὲρ
746 4073 1024 4139 ἁπάντων,
1072 4074 1219 4142 ἅπαξ
1260 4076 1675 4149 προσενεχθείςο
1718 4082 1815 4140 καὶ

1920 4089 2170 4134 mortuus
2202 4086 2288 4134 est
2335 4092 2432 4145 pro
2471 4078 2752 4144 omnibus,
2800 4086 3078 4149 quatenus
3138 4078 3356 4133 oblatus
3406 4088 3492 4137 est

238 4164 352 4217 ὑπὸ
385 4162 534 4229 τίνος
558 4165 591 4237 ἢ
619 4166 709 4234 ὑφ’
741 4165 932 4219 ἑαυτοῦ
955 4165 1228 4238 δηλονότι;
1286 4169 1436 4241 Ἐγὼ
1462 4170 1594 4243 γὰρ,
1627 4173 1813 4243 φησιν,

1922 4171 2112 4229 semel.
2144 4171 2189 4224 A
2219 4184 2454 4237 quonam
2489 4180 2694 4234 autem,
2730 4170 2837 4225 nisi
2867 4184 2896 4224 a
2944 4169 3169 4240 seipso?
3192 4169 3268 4224 ait
3301 4169 3448 4225 enim
3476 4187 3488 4225 :

239 4257 404 4326 ὑπὲρ
433 4256 629 4311 αὐτῶν
658 4256 869 4327 ἁγιάζω
896 4258 1179 4326 ἐμαυτόν.

1924 4265 2036 4338 Ego
2063 4279 2158 4333 pro
2188 4262 2294 4317 illis
2316 4263 2594 4332 sancti/ica
2625 4263 2879 4332 meipsum
2901 4263 2942 4317 ⁷.

320 4367 341 4401 ι
422 4349 517 4402 Ἐκ
561 4349 817 4422 δευτέρου
848 4350 1016 4420 χωρὶς
1048 4350 1320 4421 ἁμαρτίας
1356 4351 1655 4427 ὀφθήσεται
1704 4356 1817 4418 τοῖς

2000 4378 2019 4413 ι
2053 4355 2303 4411 Secundo
2333 4354 2452 4409 sine
2475 4363 2701 4426 peccato
2729 4356 3014 4426 apparebit
3041 4355 3493 4427 exspectantibus

237 4439 417 4495 αὑτὸν
442 4440 916 4513 ἀπεκδεχομένοις,
948 4443 1027 4504 εἰς
1063 4440 1358 4511 σωτηρίαν.
1394 4460 1415 4495 ι

1924 4466 2005 4517 se,
2040 4450 2092 4503 in
2125 4448 2379 4502 salutem.
2419 4465 2438 4499 ι
3354 4464 3362 4473 -

864 4534 1110 4587 ΚΕΦΑΛ.
1147 4534 1205 4591 ιο.
1852 4553 1899 4613 ι)

1852 4553 1899 4613 ι)
2574 4537 2727 4597 CAP.
2778 4537 2844 4597 Χ.

209 4698 215 4717 1
322 4642 345 4677 ι
372 4624 545 4679 Σκιάν
566 4624 674 4698 γὰρ
690 4625 868 4696 ἔχωνό
884 4626 1045 4697 νόμος
1061 4626 1170 4681 τῶν
1200 4627 1502 4698 μελλόντων
1526 4628 1772 4699 ἀγαθῶν,

1996 4633 2161 4689 Vens.
2194 4632 2245 4683 1.
2294 4652 2313 4685 ‹
2351 4627 2611 4687 Umbram
2640 4632 2788 4684 enim
2822 4628 3025 4682 habens
3056 4629 3139 4682 lex
3188 4626 3494 4682 futurorum

1924 4728 2214 4794 bonorum,
2253 4748 2272 4782 ›

331 4808 431 4867 Ἔν
466 4814 532 4884 τῇ
577 4810 790 4887 πρώτῃ,
843 4814 1027 4885 φησὶν,
1079 4810 1267 4884 ὤφθη,
1307 4814 1387 4876 εἰς
1429 4812 1490 4866 τὸ
1539 4809 1672 4886 ἆραι
1725 4812 1825 4876 τὰς

1999 4824 2058 4877 In
2108 4824 2287 4892 primo
2332 4821 2568 4878 adventu
2608 4817 2884 4887 apparuit,
2921 4823 2980 4872 ut
3029 4812 3272 4870 auferret
3309 4823 3497 4868 nostra

237 4903 532 4976 ἁμαρτίας
562 4904 751 4975 ἡμῶν⁸
783 4905 841 4959 ὲν
872 4904 930 4957 δὲ
966 4906 1033 4977 τῇ
1072 4903 1301 4978 δευτέρᾳ
1333 4904 1515 4959 οὐκέτι
1541 4903 1684 4959 οὕτω
1717 4921 1825 4975 φα-

1927 4923 2187 4983 peccata;
2224 4915 2277 4967 in
2307 4909 2550 4969 secundo
2580 4917 2760 4965 autem
2796 4921 2905 4961 nou
2946 4905 3027 4959 sic
3056 4902 3366 4974 apparebit,
3401 4902 3496 4956 sed

239 5001 450 5063 νεῖται,
485 4996 620 5053 ἀλλά
654 4995 843 5051 σώσων
872 4996 997 5060 τοὺς
1036 4997 1114 5060 είς
1139 4996 1301 5050 αὐτὸν
1335 4996 1750 5061 πιστεύσαντας.

1668 5014 1750 5061 ας.
1930 5014 1991 5059 ut
2028 5006 2210 5061 salvos
2238 5003 2400 5059 faciat
2439 5002 2563 5057 illos
2591 5000 2681 5070 qui
2716 4998 2851 5053 inse
2881 4995 3256 5052 crediderunt.

321 5108 346 5143 σ
386 5089 503 5144 Ούκ
549 5089 720 5161 αὐτὴν
758 5087 857 5160 τὴν
909 5088 1097 5143 εἰκόνα
1124 5088 1231 5142 τῶν
1287 5089 1651 5159 πραγμάτων,
1704 5089 1825 5143 κατ’

2000 5117 2019 5149 ι
2054 5096 2169 5152 Non
2187 5098 2360 5165 ipsam
2392 5094 2683 5164 imaginem
2709 5106 2914 5155 rerum,
2933 5103 3031 5158 per
3056 5087 3304 5155 singulos
3323 5098 3498 5138 annos

238 5181 502 5237 ὲνιαυτδν
540 5184 661 5244 ταῖς
698 5180 912 5245 θυσίαις
951 5180 1019 5245 ἃς
1071 5182 1476 5253 προσφέρουσιν
1515 5183 1595 5245 εἰς
1626 5181 1686 5238 τὸ
1744 5181 1826 5235 δι-

1930 5185 2135 5240 eisdem
2182 5184 2317 5255 ipsis
2367 5182 2599 5247 hostiis,
2642 5194 2780 5246 quas
2823 5176 3064 5235 oﬂ'erunt
3105 5173 3497 5237 indesinenter,

238 5274 479 5345 ηνεκὲς,
505 5274 759 5329 οὐδέποτε
789 5272 1045 5327 δύνανται
1081 5274 1207 5336 τοὺς
1243 5272 1718 5347 προσερχομένους
1738 5289 1826 5325 τεο

1930 5292 2209 5347 nunquam
2257 5281 2494 5344 possunt
2547 5270 2873 5327 accedentes
2927 5267 3206 5338 perfectos
3266 5262 3495 5319 facere:

237 5365 509 5421 Μιῶσαι.
546 5365 699 5419 Ἐπεὶ
737 5366 837 5419 οὐκ
866 5364 961 5431 [ἂν
994 5365 1303 5419 ἐπαύσαντο
1349 5364 1822 5438 προσφερόμεναι,

1934 5364 2126 5439 [Vens
2158 5363 2280 5435 2-7]
2334 5361 2575 5434 alioquin
2610 5369 2918 5415 cessassent
2960 5356 3167 5419 oﬂ'erri,
3208 5352 3331 5410 ideo
3354 5355 3498 5423 quod

232 5457 337 5514 διὰ
370 5456 438 5511 τό
470 5457 741 5531 μηδεμίαν
777 5457 920 5529 ἔχειν
949 5456 1031 5511 ἐτι
1058 5456 1362 5529 συνείδησιν
1388 5456 1677 5528 ἁμαρτιῶν
1699 5456 1820 5521 τοὺς

1936 5456 2142 5511 nullam
2203 5455 2468 5511 haberent
2527 5450 2925 5507 conscientiam
2994 5443 3203 5517 peccati
3255 5442 3499 5498 cultores

233 5547 618 5621 λατρεύοντας
661 5547 809 5616 ἅπαξ
855 5548 1328 5623 κεκαθαρμένους·
1367 5548 1485 5602 ἀλλ’
1529 5549 1588 5602 ὲν
1639 5550 1821 5612 αὐτοῖς

1933 5548 2103 5604 semel
2136 5544 2380 5601 mundati
2405 5562 2420 5611 ;
2448 5544 2542 5599 sed
2571 5544 2624 5598 in
2666 5542 2802 5614 ipsis
2831 5534 3282 5595 commemoratio
3306 5545 3500 5605 pecca~

238 5641 564 5714 ἀνάμνησις
607 5641 889 5715 ἁμαρτιῶν
920 5642 1041 5696 κατ’
1071 5622 1335 5696 ἐνιαυτόν.
1382 5640 1669 5700 ’Δδύνατον
1716 5641 1825 5716 γάρ

1934 5650 2113 5696 torum
2144 5656 2240 5714 per
2276 5637 2524 5716 singulos
2553 5652 2726 5695 annos
2752 5636 2831 5694 tit.
2869 5630 3220 5709 lmpossiblle
3244 5637 3328 5684 est
3354 5622 3501 5685 enim

301 5826 327 5857 ⁸
362 5822 523 5883 Joan.
559 5839 672 5891 ιιγ,
704 5824 788 5883 ll.
868 5824 887 5858 ⁷
914 5822 1076 5883 Joan.
1109 5838 1247 5891 xm,
1318 5823 1403 5884 l9.
