4022 6414
562 430 664 493 975

1737 429 1797 487 S.
1834 429 2152 488 JOANNIS
2185 429 2611 489 DAMASCENI

3697 428 3798 492 976

560 539 824 610 sanguine
856 547 1140 591 taurorum
1182 545 1235 591 et
1287 538 1564 592 hircorum
1614 537 1817 593 auferri
1877 548 2123 608 peccata.

2229 535 2367 610 αἷμα
2415 539 2631 610 ταύρων
2679 539 2772 591 καὶ
2802 537 3022 608 τράγων
3066 536 3323 607 ἀφαιρεῖν
3357 535 3668 607 ἁμαρτίας·
3725 537 3801 588 διὸ

559 628 684 684 Ideo
709 628 1024 699 ingrediens
1065 628 1330 681 mundum
1387 627 1522 682 dicit
1553 647 1566 682 :
1611 627 1859 682 llostiam
1893 637 1947 682 et
1980 627 2130 682 obla-

559 722 759 776 tionem
777 698 1058 785 nolit-isti;
1101 736 1296 789 corpus
1341 731 1522 775 autem
1564 723 1765 790 aptasti
1803 723 1932 774 mihi
1979 741 1990 776 ε
2029 721 2128 776 ho-

560 815 925 868 locautomata
952 822 1006 868 et
1041 829 1140 884 pro
1171 823 1396 884 peccato
1444 829 1549 868 non
1602 814 1701 867 tibi
1763 815 2122 884 placuerunt;

558 916 686 960 tunc
717 904 880 959 dixi:
925 903 1064 959 Ecce
1117 905 1298 958 venio.
1338 903 1394 958 ln
1446 905 1630 973 capite
1674 905 1804 958 libri
1857 906 2123 976 scriptum

555 1008 638 1053 est
664 998 732 1052 de
756 1013 860 1063 me,
894 1006 952 1051 ut
982 997 1199 1061 faciam,
1230 999 1390 1061 Deus,
1427 999 1764 1053 voluntatem
1800 1007 1972 1055 tuam.
2005 1018 2025 1052 ι

623 1089 678 1143 Id
707 1098 811 1154 est,
848 1105 953 1143 non
987 1090 1158 1159 ipsam
1190 1090 1499 1144 veritatem.

629 1180 702 1235 De
761 1181 997 1235 victimis
1042 1181 1326 1251 loquitur,
1394 1197 1512 1251 quae
1563 1198 1663 1252 pro
1721 1185 2126 1240 condonatione

554 1269 940 1325 offerebantur.

623 1361 787 1418 Vsus.
818 1365 870 1427 8,
898 1364 950 1420 9.
998 1384 1016 1416 ‹
1055 1363 1322 1435 Superius
1371 1366 1578 1431 dicens,
1627 1368 1753 1436 quia
1805 1367 2036 1434 hostias,
2069 1379 2124 1424 et

552 1447 907 1521 oblationem,
945 1467 999 1511 et
1040 1457 1512 1524 holocautomata,
1544 1470 1596 1513 et
1635 1475 1737 1529 pro
1775 1470 1995 1528 peccato
2021 1477 2122 1514 no-

553 1547 720 1612 luisti,
758 1562 860 1602 nee
886 1548 1088 1618 placita
1134 1557 1264 1604 sunt
1297 1549 1415 1614 tibi,
1458 1565 1580 1620 quae
1621 1555 1918 1606 secundum
1949 1553 2119 1624 legem

551 1637 875 1705 oﬂeruntur,
917 1647 1048 1694 tunc
1078 1638 1260 1694 dixit:
1302 1639 1442 1695 Ecce
1472 1641 1654 1696 venio.
1692 1660 1711 1694 ι

618 1732 804 1788 Veteri
843 1731 1184 1788 Testimonio
1232 1732 1470 1802 probatﬁ
1499 1733 1846 1788 victimarum
1892 1733 2122 1789 oblatio—

447 1854 454 1864 -
550 1838 674 1879 nem
711 1822 946 1878 desiisse
979 1835 1044 1875 ex
1080 1837 1191 1892 quo
1225 1821 1483 1877 Christus
1522 1823 1691 1886 venit,
1725 1825 1936 1878 tametsi
1971 1825 2120 1880 vide-

2229 631 2608 701 εἰσερχόμενος
2639 632 2719 691 είς
2745 630 2835 682 τὸν
2862 629 3064 698 κόσμον
3088 629 3258 697 λέγει.
3293 628 3496 680 Θυσίαν
3525 628 3621 680 καὶ⁵
3641 644 3801 696 προσ-

2230 723 2400 792 φορὰν
2432 723 2530 774 οὐκ
2557 719 2848 792 ἠθέλησας,
2878 719 3038 790 σῶμα
3062 719 3119 772 δὲ
3146 718 3461 790 κατηρτίσω
3501 735 3616 789 μοι.
3664 719 3802 771 Ὀλο-

2229 811 2564 882 καυτὼματα
2601 811 2692 864 καὶ
2725 811 2853 881 περὶ
2886 810 3163 881 ἁμαρτίας
3195 811 3296 863 οὐκ
3325 810 3654 878 εὐδόκησας,
3686 809 3800 863 τότε

2229 902 2402 969 εἷπον,
2447 904 2578 957 Ἰδοὺ
2629 901 2760 971 ἐγώ.
2826 904 2912 955 Ἐν
2958 903 3206 971 κεφαλίδι
3251 902 3456 972 βιϐλίου
3491 902 3802 973 γέγραπται

2229 997 2358 1068 περὶ
2389 995 2546 1066 ἐμοῦ,
2575 995 2670 1048 τοῦ
2707 996 2930 1066 ποιῆσαι
2963 997 2990 1047 ὁ
3018 995 3151 1059 Θεὸς
3179 993 3240 1048 τὸ
3269 994 3482 1066 θέλημά
3516 1011 3634 1048 σου.
3675 1011 3697 1046 ι

2297 1087 2587 1142 Τουτέστιν
2612 1088 2713 1141 ούκ
2741 1087 2914 1157 αὐτὴν
2951 1086 3048 1158 τὴν
3079 1087 3363 1157 ἀλήθειαν.

2296 1180 2459 1248 Λέγει
2491 1180 2549 1233 δὲ
2578 1181 2679 1243 τὰς
2703 1179 2896 1244 Θυσίας
2922 1180 3022 1251 τῆς
3045 1181 3312 1248 ἀφέσεως.

2301 1380 2319 1412 ι
2371 1359 2668 1430 Ἀνώτερον
2701 1357 2895 1428 λέγων,
2925 1357 3006 1411 ὅτι
3038 1356 3260 1422 Θυσίαν,
3304 1355 3396 1408 καὶ
3439 1353 3764 1425 προσφορὰν
3784 1394 3797 1418 ,

2226 1453 2322 1505 καὶ
2369 1449 2799 1522 ὁλοκαυτώματα
2823 1490 2838 1513 ,
2882 1449 2977 1502 καὶ⁵
3019 1449 3145 1518 περὶ
3175 1447 3447 1518 ἁμαρτίας
3476 1447 3581 1498 οὐκ
3606 1445 3799 1515 ἠθέλη-

2225 1562 2342 1611 σας,
2375 1544 2495 1598 οὐδὲ
2525 1543 2853 1614 εὐδόκησαςσ
2902 1543 3104 1605 αἵτινες
3143 1540 3282 1594 κατά
3308 1540 3400 1593 τὸν
3444 1539 3613 1610 νόμον
3642 1554 3801 1609 προσο

2223 1637 2477 1707 φέρονται
2497 1651 2514 1666 ⁸
2536 1634 2657 1687 τότε
2684 1634 2924 1705 εἴρηκενο
2964 1633 3090 1687 Ἰδοὺ
3123 1633 3264 1702 ἥκω.
3310 1648 3330 1682 ι

2308 1727 2588 1781 Δείκνυσιν
2637 1728 2700 1780 ἐκ
2748 1725 3068 1796 Μαρτυρίας
3113 1723 3374 1786 Παλαιᾶς,
3423 1723 3508 1775 ὅτι
3560 1720 3658 1790 ἀφ’
3688 1716 3799 1792 cui)

2222 1818 2488 1888 ἐπιδημία
2520 1816 2780 1889 Χριστοῦ,
2815 1817 3088 1869 πέπαυται
3122 1816 3192 1868 τά
3219 1813 3327 1867 τῶν
3359 1812 3590 1873 θυσιῶν,
3625 1813 3677 1864 εί
3716 1812 3798 1864 καὶ

552 1919 751 1972 bantur
782 1914 960 1969 adhuc
999 1913 1212 1970 ollerri.
1251 1913 1547 1985 Tantisper
1596 1917 1742 1971 enim
1800 1915 2117 1984 differebat;

2224 1911 2468 1965 δοκοῦσιν
2513 1911 2592 1964 ἔτι
2641 1909 3064 1982 προσφέρεσθαι.
3122 1908 3473 1963 Ἀνεῦἀλλετο
3514 1905 3630 1977 γὰρ
3671 1905 3797 1976 πρὸς

550 2025 614 2064 ac
635 2010 850 2065 demum
889 2011 1050 2063 linem
1091 2008 1201 2064 illis
1237 2007 1519 2078 imposuit.

621 2099 785 2173 248
818 2119 836 2152 ι
883 2099 952 2154 Ut
983 2099 1180 2154 faciam
1209 2101 1547 2155 voluntatem
1587 2110 1759 2166 tuam,
1807 2102 1969 2157 Deus.
2007 2104 2121 2156 Au-
2202 2143 2214 2155 .

551 2191 659 2246 fert
691 2194 948 2261 primum,
986 2199 1044 2245 ut
1077 2205 1312 2261 sequens
1342 2201 1569 2248 statuat.
1598 2193 1788 2265 [Vens
1823 2194 2030 2266 1048.]
2065 2196 2122 2249 ln

551 2291 658 2355 qua
692 2283 972 2337 voluntate
1021 2283 1345 2338 sanctiﬁcati
1387 2301 1600 2348 sumus,
1629 2288 1720 2355 qui
1756 2303 1852 2356 per
1894 2288 2123 2342 oblatio-

551 2390 677 2430 nem
711 2376 957 2444 corporis
989 2371 1118 2430 Jesu
1147 2373 1353 2429 Christi
1387 2377 1574 2432 semel.
1602 2375 1666 2460 Et
1690 2379 1866 2433 omnis
1901 2379 2120 2449 quidem

555 2469 809 2523 sacerdos
834 2475 1036 2536 praesto
1069 2476 1153 2522 est
1177 2468 1422 2538 quotidie
1448 2469 1791 2537 ministrans,
1825 2481 1878 2525 et
1903 2470 2119 2525 easdem

557 2577 702 2631 saepe
730 2558 969 2615 oﬁerens
1001 2560 1230 2625 hostias,
1273 2575 1393 2630 qua:
1439 2577 1716 2630 nunquam
1753 2569 1987 2633 possunt
2025 2577 2120 2614 au-

552 2652 696 2708 ferre
724 2664 967 2723 peccata.
1003 2652 1107 2707 llic
1143 2662 1322 2706 autem
1367 2667 1529 2707 unam
1563 2669 1662 2723 pro
1706 2655 1945 2723 peccatis
1977 2641 2123 2708 ὀιτο-

545 2761 680 2800 rens
713 2745 968 2806 hostiam.
1023 2747 1074 2799 in
1141 2748 1534 2815 sempiternum
1586 2747 1738 2801 sedet
1796 2749 1849 2801 in
1896 2747 2120 2802 dextera

555 2836 672 2902 Dei,
705 2837 772 2892 de
797 2848 995 2894 caetero
1017 2852 1364 2908 exspectans,
1400 2840 1572 2895 donec
1606 2854 1880 2912 ponantur
1913 2841 2120 2896 inimici

551 2947 671 2997 eius
705 2949 722 2980 ι

623 3021 888 3091 Meipsum
922 3022 1206 3086 tradendo,
1241 3023 1442 3093 inquit.

630 3131 648 3162 ι
684 3113 988 3167 Seabellum
1037 3114 1236 3183 pedum
1283 3114 1424 3184 ejus.
1480 3114 1602 3172 Una
1653 3117 1796 3172 enim
1849 3117 2125 3172 oblatione

555 3207 954 3260 oonsummavit
985 3208 1039 3259 in
1081 3215 1349 3261 aeternum
1388 3207 1782 3266 sanctiﬁcatos.
1834 3209 2121 3266 Contesta-

555 3306 649 3350 tur
681 3304 862 3350 autem
893 3312 992 3351 nos
1023 3305 1076 3352 et
1103 3297 1342 3368 Spiritus
1376 3307 1619 3355 sanctus.
1655 3303 1950 3372 Postquam
1975 3303 2116 3357 enim

558 3388 736 3443 dixit:
768 3387 881 3443 Hoc
923 3400 1105 3445 autem
1150 3398 1563 3454 testamentum,
1593 3394 1738 3463 quod
1767 3395 2013 3450 testabor
2053 3396 2118 3449 ad

559 3479 681 3534 illos
707 3489 828 3550 post
855 3481 973 3535 dies
1020 3481 1160 3548 illos,
1203 3482 1336 3537 dicit
1366 3480 1630 3540 Dominus
1679 3504 1692 3539 :
1738 3487 1917 3542 dando
1975 3487 2120 3558 leges

557 3585 708 3626 meas
739 3569 794 3624 in
839 3571 1098 3627 cordibus
1140 3588 1350 3638 eorum,
1398 3586 1451 3630 et
1507 3577 1559 3630 in
1615 3579 1888 3633 mentibus
1932 3595 2119 3635 eorum

555 3663 960 3732 tuperscribam
1009 3681 1123 3732 eas,
1179 3676 1232 3721 et
1264 3677 1610 3736 peccatorum
1661 3679 1715 3726 et
1772 3672 2119 3743 iniquitatum

556 3752 660 3825 32m
702 3768 810 3807 non
844 3756 1175 3812 recordabor
1224 3759 1480 3827 amplius.
1531 3761 1632 3816 Ubi
1686 3771 1867 3817 autem
1928 3763 2120 3819 horum

554 3844 827 3911 remissio,
859 3844 970 3915 jam
1003 3862 1110 3900 non
1144 3855 1228 3902 est
1257 3849 1460 3904 oblatio
1500 3866 1598 3919 pro
1627 3863 1871 3921 peccato.
1908 3873 1926 3905 ι

627 4021 879 4078 Inimicos
909 4027 1176 4089 nominat,
1212 4026 1454 4095 Iudaeos,
1482 4039 1535 4084 et
1563 4030 1860 4100 daemones,
1886 4042 1936 4086 et
1968 4047 2124 4103 quot-

542 4119 687 4180 quot
717 4111 1093 4181 praedicationi
1135 4115 1412 4185 Evangelii
1455 4118 1752 4173 obsistunt.

623 4200 788 4258 Vsus.
846 4203 931 4259 l9.
1004 4225 1020 4255 ε
1076 4205 1348 4262 [labentes
1407 4209 1632 4277 itaque,
1694 4209 1930 4276 fratres,
1987 4212 2123 4268 fidu-

552 4297 712 4358 ciam,
747 4314 765 4346 ι

589 4375 592 4378 ’
621 4385 1088 4451 Quemadmodum
1116 4401 1360 4456 peccata,
1393 4392 1592 4460 inquit,
1621 4396 1878 4463 pudorem
1911 4408 2122 4466 creant,

553 4478 635 4529 sic
667 4491 886 4547 quoque
921 4476 1176 4532 ﬁduciam
1221 4490 1274 4534 et
1323 4481 1632 4537 libertatem
1668 4486 1953 4554 habemus,
1995 4491 2119 4544 dum

2223 2002 2426 2069 ὀλίγον,
2451 1997 2572 2054 εἶτα
2600 2001 2880 2071 ἐπήγαγεν
2901 2001 3078 2053 αὐτῶν
3103 1998 3164 2051 τὸ
3189 1997 3360 2060 τέλος.

2300 2115 2316 2146 ι
2355 2093 2462 2148 Τοῦ
2493 2095 2713 2165 ποιῆσαι
2742 2092 2802 2146 τὸ
2830 2092 3042 2164 θέλημά
3084 2110 3176 2145 σου
3209 2093 3236 2144 ὁ
3267 2089 3419 2152 Θεός.
3465 2090 3717 2157 Ἀναιρεῖ
3747 2087 3798 2138 τὸ

2222 2187 2460 2258 πρῶτον,
2513 2186 2600 2239 ἵνα
2650 2185 2712 2238 τὸ
2763 2185 3012 2256 δεύτερον
3063 2185 3256 2255 στήσῃ.
3315 2184 3404 2235 Ἐν
3445 2175 3489 2249 ᾧ
3527 2181 3796 2250 θελήματι

2221 2279 2542 2350 ἡγιασμένοι
2573 2277 2763 2348 ἐσμὲν,
2789 2280 2836 2330 οἱ
2857 2277 2945 2331 διὰ
2963 2276 3059 2345 τῆς
3085 2277 3400 2348 προσφορᾶς
3421 2273 3518 2327 τοῦ
3544 2273 3795 2342 σώματος

2233 2371 2404 2442 Ἰησοῦ
2445 2369 2681 2443 Χριστοῦ
2711 2370 2952 2439 ἐφάπαξ.
3000 2369 3106 2423 Καὶ
3142 2370 3248 2430 πᾶς
3285 2368 3382 2437 μὲν
3420 2367 3603 2436 ἱερεὺς
3634 2365 3790 2433 ἕστη-

2221 2481 2317 2518 κεν
2351 2463 2474 2518 καθ’
2509 2463 2728 2534 ἡμέραν
2771 2461 3122 2531 λειτουργῶν,
3174 2461 3267 2513 καὶ
3294 2460 3392 2522 τὰς
3442 2459 3620 2522 αὑτὰς
3671 2457 3795 2510 πολ-

2220 2558 2378 2620 λάκις
2411 2556 2739 2627 προσφέρων
2770 2555 2981 2629 θυσίας,
3028 2554 3232 2616 αἵτινες
3260 2552 3516 2605 οὐδέπστε
3548 2551 3794 2605 δύνανται

2223 2650 2491 2722 περιελεῖν
2517 2648 2791 2719 ἁμαρτίας
2830 2661 2844 2676 ⁸
2874 2647 3037 2708 αὐτὸς
3069 2645 3127 2700 δέ
3169 2646 3295 2716 μίαν
3331 2647 3470 2716 ὑπὲρ
3518 2643 3795 2714 ἁμαρτιῶν

2223 2741 2593 2813 προσενέγκας
2642 2738 2856 2805 θυσίαν,
2905 2739 2985 2803 εἰς
3037 2737 3097 2792 τὸ
3146 2738 3392 2808 διηνεκὲς
3449 2737 3712 2791 ἐκάθισεν
3744 2738 3794 2788 ἐν

2221 2835 2370 2905 δεξιᾷ
2402 2833 2494 2888 τοῦ
2525 2832 2681 2897 Θεοῦ,
2723 2832 2785 2886 τὸ
2814 2832 3000 2888 λοιπὸν
3027 2832 3401 2902 ἐκδεχόμενος,
3433 2832 3543 2894 ἕως
3570 2829 3796 2884 τεθῶσιν

2225 2928 2275 2978 οἱ
2308 2925 2493 2996 ἐχθροὶ
2529 2922 2695 2977 αὑτοῦ
2738 2943 2756 2974 ι

2295 3017 2403 3070 Τοῦ
2435 3016 2693 3086 ἐμαυτὸν,
2723 3017 2909 3086 φησὶν,
2941 3016 3191 3069 ἐκδοῦναι

2299 3127 2317 3159 ι
2348 3107 2666 3162 Ὑποπόδιον
2691 3107 2801 3161 τῶν
2822 3107 2996 3161 ποδῶν
3029 3106 3213 3159 αὑτοῦ·
3247 3107 3348 3177 μιᾷ
3368 3105 3479 3177 γὰρ
3515 3105 3793 3176 προσφορᾷ

2224 3200 2571 3255 τετελείωκεν
2626 3202 2706 3266 εἰς
2772 3201 2834 3255 τὸ
2888 3201 3133 3271 διηνεκὲς
3191 3199 3316 3262 τοὺς
3379 3198 3789 3269 ἁγιαζομένους.

2224 3295 2510 3365 Μαρτυρεῖ
2537 3294 2592 3347 δὲ
2619 3297 2750 3365 ἡμῖν
2777 3296 2870 3347 καὶ
2894 3295 2953 3347 τὸ
2979 3293 3204 3362 Πνεῦμα
3222 3292 3283 3345 τὸ
3305 3291 3461 3359 ἆγιον
3478 3308 3492 3322 ο
3529 3290 3670 3361 μετὰ
3694 3292 3792 3361 γὰρ

2222 3388 2281 3441 τὸ
2314 3389 2409 3441 καὶ
2444 3387 2865 3459 προειρηκέναι,
2911 3386 3056 3457 Αὕτη
3086 3388 3119 3457 ἡ
3147 3385 3402 3456 διαθήκη,
3441 3386 3508 3455 ἣν
3543 3383 3792 3454 διαθήσο-

2229 3498 2326 3551 μαι
2358 3480 2492 3550 πρδς
2537 3479 2732 3542 αὐτοὺς
2783 3478 2921 3548 μετά
2973 3477 3071 3539 τὰς
3104 3476 3316 3547 ἡμέρας
3364 3474 3618 3538 ἐκείνας,
3651 3473 3791 3540 λέγει

2225 3572 2427 3641 Κύριος
2449 3614 2462 3636 ,
2493 3569 2675 3633 Διδοῦς
2706 3569 2904 3640 νόμους
2938 3585 3038 3639 μου
3075 3569 3165 3622 ἐπὶ
3214 3565 3443 3636 καρδίας
3471 3566 3676 3627 αὐτῶν,
3707 3565 3790 3618 καὶ

2231 3665 2324 3716 ἐπὶ
2369 3664 2476 3716 τῶν
2501 3662 2747 3717 διανοιῶν
2775 3662 2955 3716 αὐτῶν
2997 3660 3281 3732 ἐπιγράψω
3311 3661 3531 3723 αὐτοὺς,
3566 3661 3660 3713 καὶ
3691 3657 3789 3711 τῶν

2224 3751 2509 3822 ἁμαρτιῶν
2560 3752 2758 3816 αὐτῶν,
2811 3753 2907 3804 καὶ
2960 3753 3070 3804 τῶν
3119 3750 3360 3820 ἀνομιῶν
3389 3751 3576 3804 αὐτῶν
3627 3751 3688 3802 οὗ
3719 3747 3786 3819 μὴ

2228 3844 2449 3915 μνησθῶ
2489 3842 2590 3898 ἔτι.
2627 3844 2800 3897 Ὅπου
2831 3843 2888 3896 δὲ
2919 3843 3112 3912 ἄφεσις
3145 3843 3372 3908 τούτων,
3406 3844 3594 3898 οὐκέτι
3630 3859 3784 3915 προσ-

2226 3935 2368 4005 φορὰ
2400 3936 2528 4007 περὶ
2556 3937 2848 4007 ἁμαρτίας.
2899 3954 2916 3985 ι

2305 4027 2583 4098 νεχθροὺς
2627 4028 2790 4082 αὑτοῦ
2843 4027 3125 4090 ’ἰουδαίους
3160 4025 3328 4094 λέγει,
3382 4027 3474 4079 καὶ
3507 4027 3774 4095 δαίμονας,

2225 4122 2321 4176 καὶ
2352 4121 2561 4186 πάντας
2588 4121 2714 4184 τοὺς
2745 4119 3161 4183 ἀντιπίπτοντος
3191 4118 3266 4189 τῷ
3288 4118 3630 4190 κηρύγματι.

2297 4233 2316 4266 ‹
2356 4216 2613 4286 Ἔχοντες
2643 4209 2754 4280 οὖν,
2786 4213 3029 4280 ἀδελφοὶ,
3061 4212 3394 4283 παρρησίαν,
3436 4231 3453 4262 ι

2295 4309 2508 4380 Ὥσπερ
2551 4307 2659 4379 γὰρ
2711 4307 2994 4378 αἰσχύνην,
3045 4307 3198 4376 φησι,
3253 4309 3397 4358 ποιεῖ
3429 4305 3499 4358 τὰ
3539 4307 3772 4375 ἁμαρτή-

2226 4416 2390 4470 ματα,
2415 4397 2558 4452 οὕτω
2585 4399 2922 4471 παρρησίαν,
2952 4398 3010 4450 τὸ
3032 4399 3206 4450 πάντα
3231 4397 3502 4464 ἀφεθῆναι
3528 4398 3673 4466 ἡμῖν,
3695 4396 3772 4448 καὶ

2225 4492 2700 4563 συγκληρονόμους
2733 4491 3008 4560 γενέσθαι,
3053 4490 3146 4544 κα)⁹
3192 4489 3461 4558 τοσαύτης
3486 4489 3771 4543 ἀπολαῦσαι

552 4578 750 4622 cuncta
783 4569 940 4624 nobis
965 4572 1384 4641 condonantur;
1417 4575 1491 4629 ita
1514 4584 1571 4630 ut
1595 4577 1908 4636 cobaaredes
1933 4582 2123 4638 ellicia-
2151 4601 2198 4661 ο
2225 4581 2466 4651 ἀγάπης.

553 4675 696 4721 mur,
730 4675 794 4715 ac
821 4669 983 4718 tantae
1012 4663 1328 4723 dilectionis
1359 4669 1673 4739 participes.

627 4772 645 4802 ι
690 4754 747 4806 In
806 4754 1033 4809 introitu
1099 4771 1408 4815 sanctorum
1465 4763 1516 4816 in
1579 4765 1847 4836 sanguine
1894 4766 2120 4832 Christi,

553 4846 744 4918 [Vsus
786 4849 878 4913 20,
906 4849 998 4920 2|]
1045 4866 1205 4920 quem
1268 4854 1502 4909 initiavit
1543 4857 1702 4912 nobis
1749 4857 1890 4911 viam
1925 4874 2119 4914 novam

550 4947 603 4993 et
631 4940 925 5005 viventem,
951 4956 1046 5010 per
1073 4943 1340 5006 velamen,
1372 4945 1423 4998 id
1471 4955 1555 4999 est
1588 4961 1808 5001 carnem
1842 4965 2026 5015 suam;
2068 4961 2120 5004 et

549 5031 883 5085 sacerdotem
914 5046 1171 5101 magnum
1203 5049 1368 5103 super
1398 5035 1620 5090 domum
1654 5039 1768 5094 Dei.
1814 5061 1830 5090 ›

619 5123 829 5179 (ἷωιιιιη
864 5125 1076 5181 scilicet
1106 5127 1303 5180 innuit.

618 5214 782 5273 Vsus.
813 5218 1002 5273 2234.
1045 5239 1061 5270 ι
1108 5219 1453 5275 Accedamus
1505 5239 1629 5277 cum
1680 5242 1808 5280 vero
1853 5229 2016 5282 corde
2067 5230 2117 5282 in

550 5309 891 5377 plenitudine
914 5311 1062 5376 ﬁdei,
1095 5314 1306 5380 aspersi
1341 5315 1504 5368 corda
1540 5332 1568 5368 a
1591 5319 1930 5375 conscientia
1956 5325 2116 5386 mala,

547 5410 598 5452 et
644 5403 816 5455 abluti
874 5417 1073 5472 corpus
1131 5420 1269 5474 aqua
1336 5408 1534 5461 munda
1590 5429 1603 5464 :
1660 5419 1945 5467 teneamus
1995 5415 2116 5468 fidei

548 5505 747 5546 noStrae
782 5491 1186 5549 confessionem
1235 5496 1684 5556 indeclinabilem
1724 5502 1926 5573 (ﬁdelis
1971 5506 2114 5558 enim

546 5591 650 5645 est,
675 5585 766 5652 qui
794 5586 1148 5657 repromisit),
1175 5596 1230 5644 et
1267 5592 1674 5651 consideremus
1713 5596 1944 5652 invicem
1982 5617 1998 5648 ι

610 5846 801 5906 'Psal.
844 5841 1068 5920 ‘xxnx,
1111 5852 1162 5908 7.

2302 4693 2320 4725 ι
2353 4675 2446 4736 El;
2470 4673 2569 4744 τὴν
2598 4671 2801 4725 εἴσοδον
2831 4671 2936 4724 τῶν
2963 4671 3132 4739 ἁγίων
3157 4673 3215 4724 ἐν
3242 4670 3320 4742 τῷ
3351 4672 3546 4740 αἵματι
3591 4669 3765 4741 dna-5'3,

2219 4764 2286 4836 ἣν
2321 4764 2617 4818 ὲνεκαίνισε
2653 4765 2784 4834 ἡμῖν
2827 4762 2945 4816 ὁδὸν
2986 4762 3300 4833 πρόσφατον
3337 4763 3434 4816 καὶ
3464 4763 3663 4826 ζῶσαν,
3697 4761 3768 4812 διὰ

2219 4855 2314 4908 τοῦ
2343 4856 2854 4925 καταπετάσματος,
2887 4854 3134 4906 τουτέστι
3176 4854 3277 4918 τῆς
3332 4854 3536 4924 σαρκὸς
3586 4850 3763 4907 αὑτοῦ·

2219 4948 2314 5002 καὶ¹
2347 4947 2495 5018 ἱερέα
2523 4948 2692 5018 μέγαν
2717 4947 2812 5000 ἐπὶ
2834 4945 2924 4998 τὸν
2949 4940 3098 4998 οἶκον
3128 4945 3222 4997 τοῦ
3254 4945 3407 5000 Θεοῦ.
3452 4964 3473 4998 ι

2291 5134 2393 5184 Τὸν
2429 5135 2656 5204 οὐρανόν
2684 5151 2836 5204 φησι.

2294 5246 2309 5274 ‹
2355 5226 2792 5296 Προσερχὼμεθα
2827 5225 2946 5296 μετ’
2978 5226 3239 5296 ἀληθινῆς
3283 5226 3510 5299 καρδίας
3554 5230 3611 5281 ἐν
3646 5229 3765 5296 πλη-

2223 5319 2450 5390 ροφορίᾳ
2495 5320 2749 5383 πίστεως,
2789 5322 3201 5393 ἐρῤαντισμένοι
3246 5321 3344 5386 τὰς
3391 5322 3622 5393 καρδίας
3673 5322 3763 5376 ἀπὸ

2224 5409 2582 5480 συνειδήσεως
2640 5412 2913 5482 πονηρᾶς,
2961 5411 3058 5464 καὶ⁸
3115 5410 3431 5479 λελουμένοι
3497 5411 3559 5462 τὸ
3626 5411 3761 5478 σῶμα

2225 5501 2376 5555 ὕδατι
2405 5501 2649 5572 καθαρῷ,
2679 5503 2996 5573 κατέχωμεν
3021 5503 3119 5572 τὴν
3144 5501 3433 5569 ὁμολογίαν
3455 5502 3555 5572 τῆς
3575 5500 3763 5561 ἐλπίδος

2221 5595 2445 5664 ἀκλινῖγ
2496 5596 2685 5657 πιστὸς
2730 5594 2839 5666 γὰρ
2871 5598 2898 5648 ὁ
2941 5593 3445 5665 ἐπαγγειλάμενος’
3497 5594 3589 5647 καὶ
3617 5606 3758 5646 κατα·

2221 5689 2430 5760 νοῶμεν
2453 5688 2710 5761 ἀλλήλους
2747 5711 2764 5743 ι
