  <div class='ocr_page' id='page_1' title='image "/cluster/home/n/w/nwhite01/storage/ocr_20150623/95/hvd.32044019208057/494.png"; bbox 0 0 3844 6444; ppageno 0'>
   <div class='ocr_carea' id='block_1_1' title="bbox 161 413 2168 490">
    <p class='ocr_par' dir='ltr' id='par_1_1' title="bbox 161 413 2168 490">
     <span class='ocr_line' id='line_1_1' title="bbox 161 413 2168 490; baseline 0.006 -14"><span class='ocrx_word' id='word_1_1' title='bbox 161 413 234 477; x_wconf 74' lang='lat'><strong>’77</strong></span> <span class='ocrx_word' id='word_1_2' title='bbox 1270 425 1354 486; x_wconf 91' lang='lat' dir='ltr'><strong>IN</strong></span> <span class='ocrx_word' id='word_1_3' title='bbox 1394 428 1633 488; x_wconf 87' lang='lat' dir='ltr'><strong>EPIST.</strong></span> <span class='ocrx_word' id='word_1_4' title='bbox 1661 429 1760 488; x_wconf 85' lang='lat' dir='ltr'><strong>AD</strong></span> <span class='ocrx_word' id='word_1_5' title='bbox 1782 429 2168 490; x_wconf 57' lang='lat' dir='ltr'><strong>IIEBRJEOS.</strong></span> 
     </span>
    </p>
   </div>
   <div class='ocr_carea' id='block_1_2' title="bbox 3241 438 3349 506">
    <p class='ocr_par' dir='ltr' id='par_1_2' title="bbox 3241 438 3349 506">
     <span class='ocr_line' id='line_1_2' title="bbox 3241 438 3349 506; baseline 0.019 -2"><span class='ocrx_word' id='word_1_6' title='bbox 3241 438 3349 506; x_wconf 74' lang='lat'><strong>978</strong></span> 
     </span>
    </p>
   </div>
   <div class='ocr_carea' id='block_1_3' title="bbox 192 522 1672 617">
    <p class='ocr_par' dir='ltr' id='par_1_3' title="bbox 192 522 1672 602">
     <span class='ocr_line' id='line_1_3' title="bbox 192 522 1672 602; baseline 0.009 -28"><span class='ocrx_word' id='word_1_7' title='bbox 192 522 513 587; x_wconf 86' lang='grc' dir='ltr'>Δείκνυσιν,</span> <span class='ocrx_word' id='word_1_8' title='bbox 544 523 620 586; x_wconf 85' lang='grc' dir='ltr'>ὠς</span> <span class='ocrx_word' id='word_1_9' title='bbox 663 526 756 578; x_wconf 62' lang='grc' dir='ltr'><strong>κα)⁸</strong></span> <span class='ocrx_word' id='word_1_10' title='bbox 801 526 979 580; x_wconf 79' lang='grc' dir='ltr'>πίστει</span> <span class='ocrx_word' id='word_1_11' title='bbox 1032 527 1166 600; x_wconf 78' lang='grc' dir='ltr'>ὀρθῇ</span> <span class='ocrx_word' id='word_1_12' title='bbox 1213 536 1495 602; x_wconf 86' lang='grc' dir='ltr'>προσεῖναι</span> <span class='ocrx_word' id='word_1_13' title='bbox 1553 535 1672 587; x_wconf 87' lang='grc' dir='ltr'>δεῖ¹</span> 
     </span>
    </p>
   </div>
   <div class='ocr_carea' id='block_1_4' title="bbox 1791 522 3350 617">
    <p class='ocr_par' dir='ltr' id='par_1_4' title="bbox 1857 535 3350 617">
     <span class='ocr_line' id='line_1_4' title="bbox 1857 535 3350 617; baseline 0.009 -27"><span class='ocrx_word' id='word_1_14' title='bbox 1857 535 2143 604; x_wconf 83' lang='lat' dir='ltr'><strong>Signiﬁcat</strong></span> <span class='ocrx_word' id='word_1_15' title='bbox 2178 552 2360 606; x_wconf 67' lang='lat' dir='ltr'><strong>Operae</strong></span> <span class='ocrx_word' id='word_1_16' title='bbox 2399 541 2632 617; x_wconf 88' lang='lat' dir='ltr'><strong>pretium</strong></span> <span class='ocrx_word' id='word_1_17' title='bbox 2659 556 2782 596; x_wconf 89' lang='lat' dir='ltr'><strong>esse</strong></span> <span class='ocrx_word' id='word_1_18' title='bbox 2810 551 2866 594; x_wconf 89' lang='lat' dir='ltr'><strong>ut</strong></span> <span class='ocrx_word' id='word_1_19' title='bbox 2905 557 3026 597; x_wconf 89' lang='lat' dir='ltr'><strong>cum</strong></span> <span class='ocrx_word' id='word_1_20' title='bbox 3071 554 3214 598; x_wconf 88' lang='lat' dir='ltr'><strong>recta</strong></span> <span class='ocrx_word' id='word_1_21' title='bbox 3247 548 3350 603; x_wconf 84' lang='lat' dir='ltr'><strong>fide</strong></span> 
     </span>
    </p>
   </div>
   <div class='ocr_carea' id='block_1_5' title="bbox 116 612 1684 694">
    <p class='ocr_par' dir='ltr' id='par_1_5' title="bbox 116 612 1684 694">
     <span class='ocr_line' id='line_1_5' title="bbox 116 612 1684 694; baseline 0.01 -29"><span class='ocrx_word' id='word_1_22' title='bbox 116 612 220 666; x_wconf 72' lang='grc' dir='ltr'>καὶ</span> <span class='ocrx_word' id='word_1_23' title='bbox 249 612 384 684; x_wconf 81' lang='grc' dir='ltr'>ἔργα</span> <span class='ocrx_word' id='word_1_24' title='bbox 413 615 658 686; x_wconf 80' lang='grc' dir='ltr'>λαμπρά.</span> <span class='ocrx_word' id='word_1_25' title='bbox 677 618 936 671; x_wconf 84' lang='grc' dir='ltr'>Τουτέστι</span> <span class='ocrx_word' id='word_1_26' title='bbox 969 619 1073 690; x_wconf 79' lang='grc' dir='ltr'>γὰρ</span> <span class='ocrx_word' id='word_1_27' title='bbox 1103 622 1182 684; x_wconf 85' lang='grc' dir='ltr'><strong>τὸ,</strong></span> <span class='ocrx_word' id='word_1_28' title='bbox 1214 624 1310 676; x_wconf 80' lang='grc' dir='ltr'>καὶ</span> <span class='ocrx_word' id='word_1_29' title='bbox 1331 625 1684 694; x_wconf 68' lang='grc' dir='ltr'><strong>λελουμένοι</strong></span> 
     </span>
    </p>
   </div>
   <div class='ocr_carea' id='block_1_6' title="bbox 115 706 592 775">
    <p class='ocr_par' dir='ltr' id='par_1_6' title="bbox 115 706 592 775">
     <span class='ocr_line' id='line_1_6' title="bbox 115 706 592 775; baseline 0.006 -18"><span class='ocrx_word' id='word_1_30' title='bbox 115 706 183 758; x_wconf 78' lang='grc' dir='ltr'>τὸ</span> <span class='ocrx_word' id='word_1_31' title='bbox 209 707 380 775; x_wconf 79' lang='grc' dir='ltr'>σῶμα</span> <span class='ocrx_word' id='word_1_32' title='bbox 407 707 515 761; x_wconf 78' lang='grc' dir='ltr'>ῦδιι</span> <span class='ocrx_word' id='word_1_33' title='bbox 523 726 592 760; x_wconf 84' lang='grc' dir='ltr'><strong>τι.</strong></span> 
     </span>
    </p>
   </div>
   <div class='ocr_carea' id='block_1_7' title="bbox 191 880 1556 962">
    <p class='ocr_par' dir='ltr' id='par_1_7' title="bbox 191 880 1556 962">
     <span class='ocr_line' id='line_1_7' title="bbox 191 880 1556 962; baseline 0.01 -30"><span class='ocrx_word' id='word_1_34' title='bbox 191 880 286 950; x_wconf 84' lang='grc' dir='ltr'><strong>Τῷ</strong></span> <span class='ocrx_word' id='word_1_35' title='bbox 324 881 598 952; x_wconf 74' lang='grc' dir='ltr'>καθαροὺς</span> <span class='ocrx_word' id='word_1_36' title='bbox 627 884 886 949; x_wconf 69' lang='grc' dir='ltr'>ποιοῦντι,</span> <span class='ocrx_word' id='word_1_37' title='bbox 919 885 950 954; x_wconf 83' lang='grc' dir='ltr'>ἢ</span> <span class='ocrx_word' id='word_1_38' title='bbox 985 886 1062 956; x_wconf 79' lang='grc' dir='ltr'><strong>τῷ</strong></span> <span class='ocrx_word' id='word_1_39' title='bbox 1091 888 1164 958; x_wconf 84' lang='grc' dir='ltr'>μὴ</span> <span class='ocrx_word' id='word_1_40' title='bbox 1191 887 1364 959; x_wconf 85' lang='grc' dir='ltr'>ἐχοντι</span> <span class='ocrx_word' id='word_1_41' title='bbox 1398 885 1556 962; x_wconf 78' lang='grc' dir='ltr'>αἷμα.</span> 
     </span>
    </p>
   </div>
   <div class='ocr_carea' id='block_1_8' title="bbox 191 1061 1572 1140">
    <p class='ocr_par' dir='ltr' id='par_1_8' title="bbox 191 1061 1572 1140">
     <span class='ocr_line' id='line_1_8' title="bbox 191 1061 1572 1140; baseline 0.009 -30"><span class='ocrx_word' id='word_1_42' title='bbox 191 1078 211 1110; x_wconf 74' lang='grc' dir='ltr'><strong>ι</strong></span> <span class='ocrx_word' id='word_1_43' title='bbox 253 1061 348 1122; x_wconf 77' lang='lat' dir='ltr'><strong>Ei;</strong></span> <span class='ocrx_word' id='word_1_44' title='bbox 378 1061 722 1132; x_wconf 78' lang='grc' dir='ltr'><strong>παροξυσμὸν</strong></span> <span class='ocrx_word' id='word_1_45' title='bbox 751 1065 971 1134; x_wconf 80' lang='grc' dir='ltr'><strong>ἀγάπης</strong></span> <span class='ocrx_word' id='word_1_46' title='bbox 1000 1068 1092 1119; x_wconf 77' lang='grc' dir='ltr'>καὶ</span> <span class='ocrx_word' id='word_1_47' title='bbox 1122 1068 1300 1123; x_wconf 85' lang='grc' dir='ltr'>καλῶν</span> <span class='ocrx_word' id='word_1_48' title='bbox 1320 1069 1519 1140; x_wconf 80' lang='grc' dir='ltr'><strong>ἔργων.</strong></span> <span class='ocrx_word' id='word_1_49' title='bbox 1554 1092 1572 1123; x_wconf 73' lang='grc' dir='ltr'><strong>ι</strong></span> 
     </span>
    </p>
   </div>
   <div class='ocr_carea' id='block_1_9' title="bbox 185 1243 1364 1318">
    <p class='ocr_par' dir='ltr' id='par_1_9' title="bbox 185 1243 1364 1318">
     <span class='ocr_line' id='line_1_9' title="bbox 185 1243 1364 1318; baseline 0.01 -25"><span class='ocrx_word' id='word_1_50' title='bbox 185 1243 282 1307; x_wconf 75' lang='grc' dir='ltr'><strong>Εἰς</strong></span> <span class='ocrx_word' id='word_1_51' title='bbox 317 1244 377 1296; x_wconf 85' lang='grc' dir='ltr'><strong>τὸ</strong></span> <span class='ocrx_word' id='word_1_52' title='bbox 409 1245 608 1314; x_wconf 80' lang='grc' dir='ltr'>μᾶλλον</span> <span class='ocrx_word' id='word_1_53' title='bbox 637 1247 879 1318; x_wconf 77' lang='grc' dir='ltr'>ἀγαπᾷν,</span> <span class='ocrx_word' id='word_1_54' title='bbox 908 1251 1000 1303; x_wconf 79' lang='grc' dir='ltr'><strong>καὶ</strong></span> <span class='ocrx_word' id='word_1_55' title='bbox 1028 1253 1364 1318; x_wconf 78' lang='grc' dir='ltr'>ἀγαπᾶσθαι.</span> 
     </span>
    </p>
   </div>
   <div class='ocr_carea' id='block_1_10' title="bbox 189 1335 1679 1416">
    <p class='ocr_par' dir='ltr' id='par_1_10' title="bbox 189 1335 1679 1416">
     <span class='ocr_line' id='line_1_10' title="bbox 189 1335 1679 1416; baseline 0.013 -33"><span class='ocrx_word' id='word_1_56' title='bbox 189 1351 208 1382; x_wconf 73' lang='grc' dir='ltr'><strong>ι</strong></span> <span class='ocrx_word' id='word_1_57' title='bbox 250 1335 340 1404; x_wconf 78' lang='grc' dir='ltr'><strong>Μὴ</strong></span> <span class='ocrx_word' id='word_1_58' title='bbox 370 1337 855 1406; x_wconf 78' lang='grc' dir='ltr'>ἐγκαταλείποντες</span> <span class='ocrx_word' id='word_1_59' title='bbox 883 1341 982 1413; x_wconf 68' lang='grc' dir='ltr'>τὴν</span> <span class='ocrx_word' id='word_1_60' title='bbox 1012 1344 1428 1416; x_wconf 78' lang='grc' dir='ltr'>ἐπισυναγωγὴν</span> <span class='ocrx_word' id='word_1_61' title='bbox 1450 1349 1679 1414; x_wconf 81' lang='grc' dir='ltr'>ἑαυτῶν,</span> 
     </span>
    </p>
   </div>
   <div class='ocr_carea' id='block_1_11' title="bbox 111 1423 1682 1509">
    <p class='ocr_par' dir='ltr' id='par_1_11' title="bbox 111 1423 1682 1509">
     <span class='ocr_line' id='line_1_11' title="bbox 111 1423 1682 1509; baseline 0.011 -35"><span class='ocrx_word' id='word_1_62' title='bbox 111 1423 299 1487; x_wconf 80' lang='grc' dir='ltr'>καθὼς</span> <span class='ocrx_word' id='word_1_63' title='bbox 329 1425 447 1488; x_wconf 77' lang='grc' dir='ltr'>ἔθος</span> <span class='ocrx_word' id='word_1_64' title='bbox 472 1428 632 1491; x_wconf 72' lang='grc' dir='ltr'>τισὶν,</span> <span class='ocrx_word' id='word_1_65' title='bbox 665 1428 798 1482; x_wconf 84' lang='grc' dir='ltr'><strong>ἀλλά</strong></span> <span class='ocrx_word' id='word_1_66' title='bbox 829 1431 1296 1501; x_wconf 83' lang='grc' dir='ltr'>παρακαλοῦντες,</span> <span class='ocrx_word' id='word_1_67' title='bbox 1329 1438 1421 1489; x_wconf 78' lang='grc' dir='ltr'><strong>καὶ</strong></span> <span class='ocrx_word' id='word_1_68' title='bbox 1446 1437 1682 1509; x_wconf 77' lang='grc' dir='ltr'>τοσούτῳ</span> 
     </span>
    </p>
   </div>
   <div class='ocr_carea' id='block_1_12' title="bbox 115 1514 1683 1596">
    <p class='ocr_par' dir='ltr' id='par_1_12' title="bbox 115 1514 1683 1596">
     <span class='ocr_line' id='line_1_12' title="bbox 115 1514 1683 1596; baseline 0.008 -30"><span class='ocrx_word' id='word_1_69' title='bbox 115 1514 346 1583; x_wconf 73' lang='grc' dir='ltr'>μᾶλλον,</span> <span class='ocrx_word' id='word_1_70' title='bbox 374 1515 482 1587; x_wconf 84' lang='grc' dir='ltr'><strong>ὅσῳ</strong></span> <span class='ocrx_word' id='word_1_71' title='bbox 511 1516 734 1586; x_wconf 81' lang='grc' dir='ltr'>βλέπετε</span> <span class='ocrx_word' id='word_1_72' title='bbox 759 1520 1082 1589; x_wconf 75' lang='grc' dir='ltr'>ἐγγίζουσαν</span> <span class='ocrx_word' id='word_1_73' title='bbox 1112 1523 1208 1595; x_wconf 82' lang='grc' dir='ltr'><strong>τὴν</strong></span> <span class='ocrx_word' id='word_1_74' title='bbox 1230 1524 1463 1596; x_wconf 78' lang='grc' dir='ltr'>ἡμέραν.</span> <span class='ocrx_word' id='word_1_75' title='bbox 1500 1526 1683 1578; x_wconf 85' lang='grc' dir='ltr'>Ἑκου-</span> 
     </span>
    </p>
   </div>
   <div class='ocr_carea' id='block_1_13' title="bbox 110 1603 1681 1687">
    <p class='ocr_par' dir='ltr' id='par_1_13' title="bbox 110 1603 1681 1687">
     <span class='ocr_line' id='line_1_13' title="bbox 110 1603 1681 1687; baseline 0.011 -34"><span class='ocrx_word' id='word_1_76' title='bbox 110 1603 246 1667; x_wconf 84' lang='grc' dir='ltr'>σίως</span> <span class='ocrx_word' id='word_1_77' title='bbox 292 1603 400 1676; x_wconf 79' lang='grc' dir='ltr'>γὰρ</span> <span class='ocrx_word' id='word_1_78' title='bbox 431 1607 851 1678; x_wconf 76' lang='grc' dir='ltr'>ἁμαρτανόντων</span> <span class='ocrx_word' id='word_1_79' title='bbox 875 1612 1030 1680; x_wconf 81' lang='grc' dir='ltr'>ἡμῶν</span> <span class='ocrx_word' id='word_1_80' title='bbox 1076 1616 1213 1684; x_wconf 86' lang='grc' dir='ltr'><strong>μετά</strong></span> <span class='ocrx_word' id='word_1_81' title='bbox 1247 1616 1309 1668; x_wconf 85' lang='grc' dir='ltr'><strong>τὸ</strong></span> <span class='ocrx_word' id='word_1_82' title='bbox 1353 1616 1537 1669; x_wconf 77' lang='grc' dir='ltr'>λαϐεῖν</span> <span class='ocrx_word' id='word_1_83' title='bbox 1583 1617 1681 1687; x_wconf 84' lang='grc' dir='ltr'><strong>τὴν</strong></span> 
     </span>
    </p>
   </div>
   <div class='ocr_carea' id='block_1_14' title="bbox 108 1693 1682 1776">
    <p class='ocr_par' dir='ltr' id='par_1_14' title="bbox 108 1693 1682 1776">
     <span class='ocr_line' id='line_1_14' title="bbox 108 1693 1682 1776; baseline 0.01 -32"><span class='ocrx_word' id='word_1_84' title='bbox 108 1693 406 1761; x_wconf 79' lang='grc' dir='ltr'>ἐπίγνωσιν</span> <span class='ocrx_word' id='word_1_85' title='bbox 441 1697 541 1765; x_wconf 79' lang='grc' dir='ltr'><strong>τῆς</strong></span> <span class='ocrx_word' id='word_1_86' title='bbox 571 1698 843 1770; x_wconf 76' lang='grc' dir='ltr'><strong>ἀληθείας,</strong></span> <span class='ocrx_word' id='word_1_87' title='bbox 873 1703 1055 1756; x_wconf 70' lang='grc' dir='ltr'>οὐκέτι</span> <span class='ocrx_word' id='word_1_88' title='bbox 1083 1705 1211 1775; x_wconf 70' lang='grc' dir='ltr'>περὶ</span> <span class='ocrx_word' id='word_1_89' title='bbox 1235 1706 1519 1776; x_wconf 82' lang='grc' dir='ltr'>ἁμαρτιῶν</span> <span class='ocrx_word' id='word_1_90' title='bbox 1549 1708 1682 1760; x_wconf 85' lang='grc' dir='ltr'>ἀπο-</span> 
     </span>
    </p>
   </div>
   <div class='ocr_carea' id='block_1_15' title="bbox 105 1784 1682 1868">
    <p class='ocr_par' dir='ltr' id='par_1_15' title="bbox 105 1784 1682 1868">
     <span class='ocr_line' id='line_1_15' title="bbox 105 1784 1682 1868; baseline 0.01 -33"><span class='ocrx_word' id='word_1_91' title='bbox 105 1784 361 1840; x_wconf 87' lang='grc' dir='ltr'>λείπεται</span> <span class='ocrx_word' id='word_1_92' title='bbox 395 1787 580 1842; x_wconf 82' lang='grc' dir='ltr'>θυσία·</span> <span class='ocrx_word' id='word_1_93' title='bbox 628 1791 834 1863; x_wconf 75' lang='grc' dir='ltr'>φοϐερά</span> <span class='ocrx_word' id='word_1_94' title='bbox 883 1793 938 1846; x_wconf 80' lang='grc' dir='ltr'><strong>δέ</strong></span> <span class='ocrx_word' id='word_1_95' title='bbox 967 1811 1048 1857; x_wconf 88' lang='grc' dir='ltr'><strong>τις</strong></span> <span class='ocrx_word' id='word_1_96' title='bbox 1080 1796 1271 1868; x_wconf 78' lang='grc' dir='ltr'>ἐκδοχὴ</span> <span class='ocrx_word' id='word_1_97' title='bbox 1301 1798 1557 1868; x_wconf 85' lang='grc' dir='ltr'>κρίσεως,</span> <span class='ocrx_word' id='word_1_98' title='bbox 1586 1798 1682 1851; x_wconf 73' lang='grc' dir='ltr'>καὶ</span> 
     </span>
    </p>
   </div>
   <div class='ocr_carea' id='block_1_16' title="bbox 103 1877 1746 1953">
    <p class='ocr_par' dir='ltr' id='par_1_16' title="bbox 103 1877 1746 1953">
     <span class='ocr_line' id='line_1_16' title="bbox 103 1877 1746 1953; baseline 0.01 -26"><span class='ocrx_word' id='word_1_99' title='bbox 103 1877 278 1947; x_wconf 79' lang='grc' dir='ltr'>πυρὸς</span> <span class='ocrx_word' id='word_1_100' title='bbox 330 1877 508 1946; x_wconf 77' lang='grc' dir='ltr'>ζῆλος,</span> <span class='ocrx_word' id='word_1_101' title='bbox 543 1881 742 1934; x_wconf 85' lang='grc' dir='ltr'>ἐσθίειν</span> <span class='ocrx_word' id='word_1_102' title='bbox 788 1883 1074 1953; x_wconf 86' lang='grc' dir='ltr'>μέλλοντος</span> <span class='ocrx_word' id='word_1_103' title='bbox 1117 1887 1242 1950; x_wconf 79' lang='grc' dir='ltr'>τοὺς</span> <span class='ocrx_word' id='word_1_104' title='bbox 1294 1888 1666 1952; x_wconf 83' lang='grc' dir='ltr'>ὑπεναντίους.</span> <span class='ocrx_word' id='word_1_105' title='bbox 1703 1886 1746 1946; x_wconf 89' lang='grc' dir='ltr'><strong><em>Β</em></strong></span> 
     </span>
    </p>
   </div>
   <div class='ocr_carea' id='block_1_17' title="bbox 116 1967 1674 2051">
    <p class='ocr_par' dir='ltr' id='par_1_17' title="bbox 116 1967 1674 2051">
     <span class='ocr_line' id='line_1_17' title="bbox 116 1967 1674 2051; baseline 0.01 -31"><span class='ocrx_word' id='word_1_106' title='bbox 116 1967 414 2038; x_wconf 82' lang='grc' dir='ltr'>Ἀθετήσας</span> <span class='ocrx_word' id='word_1_107' title='bbox 467 1990 548 2036; x_wconf 88' lang='grc' dir='ltr'><strong>τις</strong></span> <span class='ocrx_word' id='word_1_108' title='bbox 577 1975 735 2043; x_wconf 67' lang='grc' dir='ltr'>νόμον</span> <span class='ocrx_word' id='word_1_109' title='bbox 783 1977 1095 2042; x_wconf 74' lang='grc' dir='ltr'>Μωῢσέως,</span> <span class='ocrx_word' id='word_1_110' title='bbox 1150 1981 1319 2050; x_wconf 70' lang='grc' dir='ltr'>χωρὶς</span> <span class='ocrx_word' id='word_1_111' title='bbox 1375 1981 1674 2051; x_wconf 81' lang='grc' dir='ltr'>οἰκτιρμῶν</span> 
     </span>
    </p>
   </div>
   <div class='ocr_carea' id='block_1_18' title="bbox 99 2061 1675 2143">
    <p class='ocr_par' dir='ltr' id='par_1_18' title="bbox 99 2061 1675 2143">
     <span class='ocr_line' id='line_1_18' title="bbox 99 2061 1675 2143; baseline 0.01 -32"><span class='ocrx_word' id='word_1_112' title='bbox 99 2061 198 2112; x_wconf 77' lang='grc' dir='ltr'><strong>ἐπὶ</strong></span> <span class='ocrx_word' id='word_1_113' title='bbox 231 2061 440 2134; x_wconf 68' lang='grc' dir='ltr'>δυσὶνῆ</span> <span class='ocrx_word' id='word_1_114' title='bbox 483 2068 630 2135; x_wconf 83' lang='grc' dir='ltr'>τρισὶ</span> <span class='ocrx_word' id='word_1_115' title='bbox 667 2068 932 2138; x_wconf 78' lang='grc' dir='ltr'>μάρτυσιν</span> <span class='ocrx_word' id='word_1_116' title='bbox 973 2070 1346 2141; x_wconf 86' lang='grc' dir='ltr'>ἀποθνήσκει·</span> <span class='ocrx_word' id='word_1_117' title='bbox 1400 2072 1553 2143; x_wconf 86' lang='grc' dir='ltr'>πόσῳ</span> <span class='ocrx_word' id='word_1_118' title='bbox 1592 2073 1675 2126; x_wconf 87' lang='grc' dir='ltr'>δο-</span> 
     </span>
    </p>
   </div>
   <div class='ocr_carea' id='block_1_19' title="bbox 100 2155 1288 2232">
    <p class='ocr_par' dir='ltr' id='par_1_19' title="bbox 100 2155 1288 2232">
     <span class='ocr_line' id='line_1_19' title="bbox 100 2155 1288 2232; baseline 0.009 -27"><span class='ocrx_word' id='word_1_119' title='bbox 100 2155 254 2207; x_wconf 80' lang='grc' dir='ltr'>κεῖτε</span> <span class='ocrx_word' id='word_1_120' title='bbox 282 2155 525 2226; x_wconf 89' lang='grc' dir='ltr'>χείρονος</span> <span class='ocrx_word' id='word_1_121' title='bbox 549 2157 912 2230; x_wconf 78' lang='grc' dir='ltr'>ἀξιωθήσεται</span> <span class='ocrx_word' id='word_1_122' title='bbox 937 2163 1228 2232; x_wconf 81' lang='grc' dir='ltr'>τιμωρίας,</span> <span class='ocrx_word' id='word_1_123' title='bbox 1270 2183 1288 2215; x_wconf 73' lang='grc' dir='ltr'><strong>ι</strong></span> 
     </span>
    </p>
   </div>
   <div class='ocr_carea' id='block_1_20' title="bbox 173 2350 1675 2431">
    <p class='ocr_par' dir='ltr' id='par_1_20' title="bbox 173 2350 1675 2431">
     <span class='ocr_line' id='line_1_20' title="bbox 173 2350 1675 2431; baseline 0.005 -25"><span class='ocrx_word' id='word_1_124' title='bbox 173 2350 300 2407; x_wconf 69' lang='grc' dir='ltr'>Οἵδε</span> <span class='ocrx_word' id='word_1_125' title='bbox 338 2355 445 2426; x_wconf 77' lang='grc' dir='ltr'>γὰρ</span> <span class='ocrx_word' id='word_1_126' title='bbox 469 2357 575 2410; x_wconf 77' lang='grc' dir='ltr'><strong>ἀπὸ</strong></span> <span class='ocrx_word' id='word_1_127' title='bbox 602 2359 702 2428; x_wconf 84' lang='grc' dir='ltr'>τῆς</span> <span class='ocrx_word' id='word_1_128' title='bbox 733 2359 1044 2428; x_wconf 78' lang='grc' dir='ltr'>συνηθείας.</span> <span class='ocrx_word' id='word_1_129' title='bbox 1075 2362 1167 2414; x_wconf 80' lang='grc' dir='ltr'><strong>καὶ</strong></span> <span class='ocrx_word' id='word_1_130' title='bbox 1204 2365 1303 2430; x_wconf 85' lang='grc' dir='ltr'>τῆς</span> <span class='ocrx_word' id='word_1_131' title='bbox 1334 2363 1675 2431; x_wconf 85' lang='grc' dir='ltr'>ἐπισυναγω-</span> 
     </span>
    </p>
   </div>
   <div class='ocr_carea' id='block_1_21' title="bbox 100 2445 1671 2523">
    <p class='ocr_par' dir='ltr' id='par_1_21' title="bbox 100 2445 1671 2523">
     <span class='ocr_line' id='line_1_21' title="bbox 100 2445 1671 2523; baseline 0.003 -22"><span class='ocrx_word' id='word_1_132' title='bbox 100 2445 241 2514; x_wconf 80' lang='grc' dir='ltr'>γῆς,</span> <span class='ocrx_word' id='word_1_133' title='bbox 297 2447 496 2516; x_wconf 84' lang='grc' dir='ltr'>πολλὴν</span> <span class='ocrx_word' id='word_1_134' title='bbox 549 2445 714 2502; x_wconf 75' lang='grc' dir='ltr'>οὖσαν</span> <span class='ocrx_word' id='word_1_135' title='bbox 751 2452 850 2520; x_wconf 84' lang='grc' dir='ltr'><strong>τὴν</strong></span> <span class='ocrx_word' id='word_1_136' title='bbox 893 2451 1069 2522; x_wconf 78' lang='grc' dir='ltr'>ἰσχύν,</span> <span class='ocrx_word' id='word_1_137' title='bbox 1119 2452 1312 2505; x_wconf 81' lang='grc' dir='ltr'>’Ὅπου</span> <span class='ocrx_word' id='word_1_138' title='bbox 1341 2452 1469 2522; x_wconf 76' lang='grc' dir='ltr'>γὰρ,</span> <span class='ocrx_word' id='word_1_139' title='bbox 1518 2453 1671 2523; x_wconf 74' lang='grc' dir='ltr'>φησὶ,</span> 
     </span>
    </p>
   </div>
   <div class='ocr_carea' id='block_1_22' title="bbox 100 2537 1681 2614">
    <p class='ocr_par' dir='ltr' id='par_1_22' title="bbox 100 2537 1681 2614">
     <span class='ocr_line' id='line_1_22' title="bbox 100 2537 1681 2614; baseline 0.005 -24"><span class='ocrx_word' id='word_1_140' title='bbox 100 2537 216 2592; x_wconf 77' lang='grc' dir='ltr'>δύο</span> <span class='ocrx_word' id='word_1_141' title='bbox 258 2539 294 2606; x_wconf 79' lang='grc' dir='ltr'><strong><em>ἦ</em></strong></span> <span class='ocrx_word' id='word_1_142' title='bbox 330 2540 484 2607; x_wconf 81' lang='grc' dir='ltr'>τρεῖς</span> <span class='ocrx_word' id='word_1_143' title='bbox 521 2541 882 2612; x_wconf 78' lang='grc' dir='ltr'>συνηγμένοι</span> <span class='ocrx_word' id='word_1_144' title='bbox 915 2546 1004 2607; x_wconf 82' lang='grc' dir='ltr'>εις</span> <span class='ocrx_word' id='word_1_145' title='bbox 1037 2543 1103 2598; x_wconf 81' lang='grc' dir='ltr'>τὸ</span> <span class='ocrx_word' id='word_1_146' title='bbox 1136 2543 1282 2613; x_wconf 77' lang='grc' dir='ltr'>ἐμὸν</span> <span class='ocrx_word' id='word_1_147' title='bbox 1316 2543 1522 2614; x_wconf 79' lang='grc' dir='ltr'>ὄνομα,</span> <span class='ocrx_word' id='word_1_148' title='bbox 1555 2545 1681 2598; x_wconf 82' lang='grc' dir='ltr'>ἐκεῖ</span> 
     </span>
    </p>
   </div>
   <div class='ocr_carea' id='block_1_23' title="bbox 99 2631 751 2700">
    <p class='ocr_par' dir='ltr' id='par_1_23' title="bbox 99 2631 751 2700">
     <span class='ocr_line' id='line_1_23' title="bbox 99 2631 751 2700; baseline 0.006 -17"><span class='ocrx_word' id='word_1_149' title='bbox 99 2631 222 2700; x_wconf 79' lang='grc' dir='ltr'>ειμι</span> <span class='ocrx_word' id='word_1_150' title='bbox 249 2632 319 2684; x_wconf 82' lang='grc' dir='ltr'>ὲν</span> <span class='ocrx_word' id='word_1_151' title='bbox 341 2632 508 2700; x_wconf 81' lang='grc' dir='ltr'>μέσῳ</span> <span class='ocrx_word' id='word_1_152' title='bbox 536 2633 751 2687; x_wconf 80' lang='grc' dir='ltr'>αὐτῶν.</span> 
     </span>
    </p>
   </div>
   <div class='ocr_carea' id='block_1_24' title="bbox 180 2721 1676 2797">
    <p class='ocr_par' dir='ltr' id='par_1_24' title="bbox 180 2721 1676 2797">
     <span class='ocr_line' id='line_1_24' title="bbox 180 2721 1676 2797; baseline 0.006 -25"><span class='ocrx_word' id='word_1_153' title='bbox 180 2741 201 2772; x_wconf 86' lang='grc'><strong><em>‹</em></strong></span> <span class='ocrx_word' id='word_1_154' title='bbox 247 2721 304 2775; x_wconf 87' lang='lat'><strong>&#39;0</strong></span> <span class='ocrx_word' id='word_1_155' title='bbox 325 2723 416 2775; x_wconf 86' lang='grc' dir='ltr'><strong>τὸν</strong></span> <span class='ocrx_word' id='word_1_156' title='bbox 455 2723 580 2777; x_wconf 73' lang='grc' dir='ltr'>Υίὸν</span> <span class='ocrx_word' id='word_1_157' title='bbox 609 2722 702 2776; x_wconf 81' lang='grc' dir='ltr'>τοῦ</span> <span class='ocrx_word' id='word_1_158' title='bbox 733 2723 867 2778; x_wconf 82' lang='grc' dir='ltr'>Θεοῦ</span> <span class='ocrx_word' id='word_1_159' title='bbox 893 2727 1298 2795; x_wconf 82' lang='grc' dir='ltr'>καταπατήσας,</span> <span class='ocrx_word' id='word_1_160' title='bbox 1328 2727 1422 2780; x_wconf 74' lang='grc' dir='ltr'><strong>καὶ</strong></span> <span class='ocrx_word' id='word_1_161' title='bbox 1446 2727 1506 2780; x_wconf 86' lang='grc' dir='ltr'><strong>τὸ</strong></span> <span class='ocrx_word' id='word_1_162' title='bbox 1535 2723 1676 2797; x_wconf 80' lang='grc' dir='ltr'>αἷμα</span> 
     </span>
    </p>
   </div>
   <div class='ocr_carea' id='block_1_25' title="bbox 97 2811 1672 2889">
    <p class='ocr_par' dir='ltr' id='par_1_25' title="bbox 97 2811 1672 2889">
     <span class='ocr_line' id='line_1_25' title="bbox 97 2811 1672 2889; baseline 0.004 -24"><span class='ocrx_word' id='word_1_163' title='bbox 97 2814 203 2884; x_wconf 84' lang='grc' dir='ltr'>τῆς</span> <span class='ocrx_word' id='word_1_164' title='bbox 234 2813 497 2885; x_wconf 80' lang='grc' dir='ltr'>διαθήκης</span> <span class='ocrx_word' id='word_1_165' title='bbox 536 2817 714 2869; x_wconf 75' lang='grc' dir='ltr'>κοινὸν</span> <span class='ocrx_word' id='word_1_166' title='bbox 753 2818 1134 2888; x_wconf 76' lang='grc' dir='ltr'>ἡγησάμενος,</span> <span class='ocrx_word' id='word_1_167' title='bbox 1174 2819 1231 2871; x_wconf 90' lang='grc' dir='ltr'><strong>ἐν</strong></span> <span class='ocrx_word' id='word_1_168' title='bbox 1259 2811 1303 2887; x_wconf 81' lang='grc' dir='ltr'><strong>ᾧ</strong></span> <span class='ocrx_word' id='word_1_169' title='bbox 1352 2819 1672 2889; x_wconf 80' lang='grc' dir='ltr'>ἡγιάσθητε,</span> 
     </span>
    </p>
   </div>
   <div class='ocr_carea' id='block_1_26' title="bbox 97 2903 1670 2980">
    <p class='ocr_par' dir='ltr' id='par_1_26' title="bbox 97 2903 1670 2980">
     <span class='ocr_line' id='line_1_26' title="bbox 97 2903 1670 2980; baseline 0.005 -25"><span class='ocrx_word' id='word_1_170' title='bbox 97 2903 197 2956; x_wconf 72' lang='grc' dir='ltr'><strong>καὶ</strong></span> <span class='ocrx_word' id='word_1_171' title='bbox 226 2903 287 2955; x_wconf 78' lang='grc' dir='ltr'><strong>τὸ</strong></span> <span class='ocrx_word' id='word_1_172' title='bbox 310 2905 531 2974; x_wconf 76' lang='grc' dir='ltr'>πνεῦμα</span> <span class='ocrx_word' id='word_1_173' title='bbox 567 2905 665 2974; x_wconf 85' lang='grc' dir='ltr'><strong>τῆς</strong></span> <span class='ocrx_word' id='word_1_174' title='bbox 695 2907 917 2976; x_wconf 79' lang='grc' dir='ltr'>χάριτος</span> <span class='ocrx_word' id='word_1_175' title='bbox 951 2907 1262 2979; x_wconf 75' lang='grc' dir='ltr'>ἐνυϐρίσας,</span> <span class='ocrx_word' id='word_1_176' title='bbox 1301 2909 1534 2980; x_wconf 76' lang='grc' dir='ltr'>Οἴδαμεν</span> <span class='ocrx_word' id='word_1_177' title='bbox 1563 2910 1670 2980; x_wconf 75' lang='grc' dir='ltr'>γὰρ</span> 
     </span>
    </p>
   </div>
   <div class='ocr_carea' id='block_1_27' title="bbox 95 2995 1671 3070">
    <p class='ocr_par' dir='ltr' id='par_1_27' title="bbox 95 2995 1671 3070">
     <span class='ocr_line' id='line_1_27' title="bbox 95 2995 1671 3070; baseline 0.005 -23"><span class='ocrx_word' id='word_1_178' title='bbox 95 2995 191 3049; x_wconf 73' lang='grc' dir='ltr'>τὸν</span> <span class='ocrx_word' id='word_1_179' title='bbox 214 2996 457 3050; x_wconf 70' lang='grc' dir='ltr'>εἰπόνταο</span> <span class='ocrx_word' id='word_1_180' title='bbox 493 2998 644 3068; x_wconf 74' lang='grc' dir='ltr'>Ἐμοὶ</span> <span class='ocrx_word' id='word_1_181' title='bbox 660 2999 956 3070; x_wconf 84' lang='grc' dir='ltr'>ἐκδίκησις,</span> <span class='ocrx_word' id='word_1_182' title='bbox 979 3000 1090 3069; x_wconf 83' lang='grc' dir='ltr'><strong>ἐγὼ</strong></span> <span class='ocrx_word' id='word_1_183' title='bbox 1115 3002 1499 3064; x_wconf 79' lang='grc' dir='ltr'>ἀνταποδώσω,</span> <span class='ocrx_word' id='word_1_184' title='bbox 1525 3002 1671 3070; x_wconf 80' lang='grc' dir='ltr'>λέγει</span> 
     </span>
    </p>
   </div>
   <div class='ocr_carea' id='block_1_28' title="bbox 96 3089 1674 3166">
    <p class='ocr_par' dir='ltr' id='par_1_28' title="bbox 96 3089 1674 3166">
     <span class='ocr_line' id='line_1_28' title="bbox 96 3089 1674 3166; baseline 0.003 -24"><span class='ocrx_word' id='word_1_185' title='bbox 96 3089 327 3158; x_wconf 77' lang='grc' dir='ltr'>Κύριος.</span> <span class='ocrx_word' id='word_1_186' title='bbox 358 3091 468 3143; x_wconf 74' lang='grc' dir='ltr'><strong>Καὶ</strong></span> <span class='ocrx_word' id='word_1_187' title='bbox 502 3091 685 3156; x_wconf 70' lang='grc' dir='ltr'>πάλιν,</span> <span class='ocrx_word' id='word_1_188' title='bbox 720 3094 914 3162; x_wconf 81' lang='grc' dir='ltr'>Κρινεῖ</span> <span class='ocrx_word' id='word_1_189' title='bbox 940 3093 1034 3147; x_wconf 80' lang='grc' dir='ltr'><strong>τὸν</strong></span> <span class='ocrx_word' id='word_1_190' title='bbox 1065 3093 1192 3147; x_wconf 86' lang='grc' dir='ltr'>λαὸν</span> <span class='ocrx_word' id='word_1_191' title='bbox 1225 3093 1412 3149; x_wconf 81' lang='grc' dir='ltr'>αὑτοῦ.</span> <span class='ocrx_word' id='word_1_192' title='bbox 1443 3094 1674 3166; x_wconf 81' lang='grc' dir='ltr'>Φοϐερὸν</span> 
     </span>
    </p>
   </div>
   <div class='ocr_carea' id='block_1_29' title="bbox 95 3181 1240 3255">
    <p class='ocr_par' dir='ltr' id='par_1_29' title="bbox 95 3181 1240 3255">
     <span class='ocr_line' id='line_1_29' title="bbox 95 3181 1240 3255; baseline 0.005 -24"><span class='ocrx_word' id='word_1_193' title='bbox 95 3181 158 3232; x_wconf 66' lang='grc' dir='ltr'>τὸ</span> <span class='ocrx_word' id='word_1_194' title='bbox 191 3183 452 3250; x_wconf 83' lang='grc' dir='ltr'>ἐμπεσεῖν</span> <span class='ocrx_word' id='word_1_195' title='bbox 471 3184 551 3244; x_wconf 83' lang='grc' dir='ltr'>εἰς</span> <span class='ocrx_word' id='word_1_196' title='bbox 573 3186 760 3255; x_wconf 83' lang='grc' dir='ltr'>χεῖρας</span> <span class='ocrx_word' id='word_1_197' title='bbox 789 3183 924 3237; x_wconf 83' lang='grc' dir='ltr'>Θεοῦ</span> <span class='ocrx_word' id='word_1_198' title='bbox 952 3186 1176 3249; x_wconf 79' lang='grc' dir='ltr'>ζῶντος.</span> <span class='ocrx_word' id='word_1_199' title='bbox 1222 3204 1240 3237; x_wconf 75' lang='grc' dir='ltr'><strong>ι</strong></span> 
     </span>
    </p>
   </div>
   <div class='ocr_carea' id='block_1_30' title="bbox 170 3351 1669 3433">
    <p class='ocr_par' dir='ltr' id='par_1_30' title="bbox 170 3351 1669 3433">
     <span class='ocr_line' id='line_1_30' title="bbox 170 3351 1669 3433; baseline 0.009 -33"><span class='ocrx_word' id='word_1_200' title='bbox 170 3351 344 3404; x_wconf 87' lang='grc' dir='ltr'>Ὅταν</span> <span class='ocrx_word' id='word_1_201' title='bbox 381 3352 489 3424; x_wconf 79' lang='grc' dir='ltr'>γὰρ</span> <span class='ocrx_word' id='word_1_202' title='bbox 525 3355 688 3408; x_wconf 78' lang='grc' dir='ltr'>αὐτοῦ</span> <span class='ocrx_word' id='word_1_203' title='bbox 728 3357 1012 3427; x_wconf 84' lang='grc' dir='ltr'>μετασχὼν</span> <span class='ocrx_word' id='word_1_204' title='bbox 1061 3360 1120 3411; x_wconf 87' lang='grc' dir='ltr'><strong>ἐν</strong></span> <span class='ocrx_word' id='word_1_205' title='bbox 1165 3365 1278 3425; x_wconf 86' lang='grc' dir='ltr'>τοῖς</span> <span class='ocrx_word' id='word_1_206' title='bbox 1328 3363 1669 3433; x_wconf 84' lang='grc' dir='ltr'>μυστηρίοις,</span> 
     </span>
    </p>
   </div>
   <div class='ocr_carea' id='block_1_31' title="bbox 97 3442 1672 3525">
    <p class='ocr_par' dir='ltr' id='par_1_31' title="bbox 97 3442 1672 3525">
     <span class='ocr_line' id='line_1_31' title="bbox 97 3442 1672 3525; baseline 0.013 -32"><span class='ocrx_word' id='word_1_207' title='bbox 97 3442 378 3512; x_wconf 80' lang='grc' dir='ltr'>ἁμαρτίαν</span> <span class='ocrx_word' id='word_1_208' title='bbox 417 3444 753 3516; x_wconf 77' lang='grc' dir='ltr'>ἐργάζηται,</span> <span class='ocrx_word' id='word_1_209' title='bbox 795 3448 912 3513; x_wconf 87' lang='grc' dir='ltr'><strong>πῶς</strong></span> <span class='ocrx_word' id='word_1_210' title='bbox 952 3451 1012 3502; x_wconf 91' lang='grc' dir='ltr'><strong>οὑ</strong></span> <span class='ocrx_word' id='word_1_211' title='bbox 1063 3455 1441 3524; x_wconf 74' lang='grc' dir='ltr'>κατεπάτησεν</span> <span class='ocrx_word' id='word_1_212' title='bbox 1488 3458 1672 3525; x_wconf 83' lang='grc' dir='ltr'>αὑτὸν,</span> 
     </span>
    </p>
   </div>
   <div class='ocr_carea' id='block_1_32' title="bbox 97 3537 756 3607">
    <p class='ocr_par' dir='ltr' id='par_1_32' title="bbox 97 3537 756 3607">
     <span class='ocr_line' id='line_1_32' title="bbox 97 3537 756 3607; baseline 0.011 -20"><span class='ocrx_word' id='word_1_213' title='bbox 97 3537 524 3607; x_wconf 75' lang='grc' dir='ltr'>καταφρονήσας</span> <span class='ocrx_word' id='word_1_214' title='bbox 552 3539 716 3593; x_wconf 84' lang='grc' dir='ltr'>αὑτοῦ</span> <span class='ocrx_word' id='word_1_215' title='bbox 743 3560 756 3605; x_wconf 89' lang='grc'>;</span> 
     </span>
    </p>
   </div>
   <div class='ocr_carea' id='block_1_33' title="bbox 168 3627 1674 3712">
    <p class='ocr_par' dir='ltr' id='par_1_33' title="bbox 168 3627 1674 3712">
     <span class='ocr_line' id='line_1_33' title="bbox 168 3627 1674 3712; baseline 0.014 -37"><span class='ocrx_word' id='word_1_216' title='bbox 168 3643 188 3675; x_wconf 79' lang='grc' dir='ltr'><strong>ι</strong></span> <span class='ocrx_word' id='word_1_217' title='bbox 244 3627 753 3699; x_wconf 82' lang='grc' dir='ltr'>Ἀναμιμνήσκεσθε</span> <span class='ocrx_word' id='word_1_218' title='bbox 785 3631 841 3685; x_wconf 81' lang='grc' dir='ltr'>δὲ</span> <span class='ocrx_word' id='word_1_219' title='bbox 882 3635 982 3696; x_wconf 78' lang='grc' dir='ltr'>τὰς</span> <span class='ocrx_word' id='word_1_220' title='bbox 1027 3636 1291 3707; x_wconf 76' lang='grc' dir='ltr'>πρότερον</span> <span class='ocrx_word' id='word_1_221' title='bbox 1339 3639 1572 3712; x_wconf 84' lang='grc' dir='ltr'>ἡμέρας,</span> <span class='ocrx_word' id='word_1_222' title='bbox 1616 3644 1674 3695; x_wconf 82' lang='grc' dir='ltr'><strong>ἐν</strong></span> 
     </span>
    </p>
   </div>
   <div class='ocr_carea' id='block_1_34' title="bbox 97 3711 1675 3805">
    <p class='ocr_par' dir='ltr' id='par_1_34' title="bbox 97 3711 1675 3805">
     <span class='ocr_line' id='line_1_34' title="bbox 97 3711 1675 3805; baseline 0.013 -38"><span class='ocrx_word' id='word_1_223' title='bbox 97 3711 186 3780; x_wconf 74' lang='grc' dir='ltr'>αἷς</span> <span class='ocrx_word' id='word_1_224' title='bbox 234 3718 598 3788; x_wconf 77' lang='grc' dir='ltr'>φωτισθέντες</span> <span class='ocrx_word' id='word_1_225' title='bbox 641 3722 843 3794; x_wconf 81' lang='grc' dir='ltr'>πολλὴν</span> <span class='ocrx_word' id='word_1_226' title='bbox 877 3725 1102 3796; x_wconf 79' lang='grc' dir='ltr'>ἄθλησιν</span> <span class='ocrx_word' id='word_1_227' title='bbox 1141 3711 1470 3799; x_wconf 80' lang='grc' dir='ltr'>ὑπεμείνατε</span> <span class='ocrx_word' id='word_1_228' title='bbox 1501 3733 1675 3805; x_wconf 87' lang='grc' dir='ltr'>παθη-</span> 
     </span>
    </p>
   </div>
   <div class='ocr_carea' id='block_1_35' title="bbox 99 3809 1677 3896">
    <p class='ocr_par' dir='ltr' id='par_1_35' title="bbox 99 3809 1677 3896">
     <span class='ocr_line' id='line_1_35' title="bbox 99 3809 1677 3896; baseline 0.012 -36"><span class='ocrx_word' id='word_1_229' title='bbox 99 3810 311 3876; x_wconf 74' lang='grc' dir='ltr'>μάτωνο</span> <span class='ocrx_word' id='word_1_230' title='bbox 331 3809 492 3864; x_wconf 79' lang='grc' dir='ltr'>τοῦτο</span> <span class='ocrx_word' id='word_1_231' title='bbox 519 3812 618 3882; x_wconf 86' lang='grc' dir='ltr'>μὲν</span> <span class='ocrx_word' id='word_1_232' title='bbox 645 3813 972 3887; x_wconf 84' lang='grc' dir='ltr'>ὀνειδισμοῖς</span> <span class='ocrx_word' id='word_1_233' title='bbox 997 3836 1056 3871; x_wconf 91' lang='grc' dir='ltr'><strong>τε</strong></span> <span class='ocrx_word' id='word_1_234' title='bbox 1087 3820 1184 3872; x_wconf 73' lang='grc' dir='ltr'><strong>καὶ</strong></span> <span class='ocrx_word' id='word_1_235' title='bbox 1215 3821 1426 3892; x_wconf 72' lang='grc' dir='ltr'>θλίψεσι</span> <span class='ocrx_word' id='word_1_236' title='bbox 1459 3824 1677 3896; x_wconf 79' lang='grc' dir='ltr'>θεατρι-</span> 
     </span>
    </p>
   </div>
   <div class='ocr_carea' id='block_1_36' title="bbox 96 3901 1672 3987">
    <p class='ocr_par' dir='ltr' id='par_1_36' title="bbox 96 3901 1672 3987">
     <span class='ocr_line' id='line_1_36' title="bbox 96 3901 1672 3987; baseline 0.013 -36"><span class='ocrx_word' id='word_1_237' title='bbox 96 3901 352 3969; x_wconf 73' lang='grc' dir='ltr'>ζόμενοιο</span> <span class='ocrx_word' id='word_1_238' title='bbox 387 3902 545 3956; x_wconf 80' lang='grc' dir='ltr'>τοῦτο</span> <span class='ocrx_word' id='word_1_239' title='bbox 578 3905 635 3958; x_wconf 79' lang='grc' dir='ltr'>δὲ</span> <span class='ocrx_word' id='word_1_240' title='bbox 677 3910 924 3962; x_wconf 72' lang='grc' dir='ltr'>κοινωνοὶ</span> <span class='ocrx_word' id='word_1_241' title='bbox 962 3909 1069 3963; x_wconf 85' lang='grc' dir='ltr'><strong>τῶν</strong></span> <span class='ocrx_word' id='word_1_242' title='bbox 1113 3911 1287 3973; x_wconf 77' lang='grc' dir='ltr'>οὕτως</span> <span class='ocrx_word' id='word_1_243' title='bbox 1334 3918 1672 3987; x_wconf 63' lang='grc' dir='ltr'>ἀναστρεφοα</span> 
     </span>
    </p>
   </div>
   <div class='ocr_carea' id='block_1_37' title="bbox 100 3993 1674 4077">
    <p class='ocr_par' dir='ltr' id='par_1_37' title="bbox 100 3993 1674 4077">
     <span class='ocr_line' id='line_1_37' title="bbox 100 3993 1674 4077; baseline 0.013 -34"><span class='ocrx_word' id='word_1_244' title='bbox 100 3993 280 4059; x_wconf 85' lang='grc' dir='ltr'>μένων</span> <span class='ocrx_word' id='word_1_245' title='bbox 315 3993 653 4064; x_wconf 84' lang='grc' dir='ltr'>γενηθέντες.</span> <span class='ocrx_word' id='word_1_246' title='bbox 699 4000 810 4051; x_wconf 73' lang='grc' dir='ltr'>Καὶ</span> <span class='ocrx_word' id='word_1_247' title='bbox 849 4002 957 4071; x_wconf 81' lang='grc' dir='ltr'>γὰρ</span> <span class='ocrx_word' id='word_1_248' title='bbox 993 4006 1106 4066; x_wconf 87' lang='grc' dir='ltr'>τοῖς</span> <span class='ocrx_word' id='word_1_249' title='bbox 1148 4005 1370 4076; x_wconf 87' lang='grc' dir='ltr'>δεσμοῖς</span> <span class='ocrx_word' id='word_1_250' title='bbox 1413 4025 1513 4077; x_wconf 89' lang='grc' dir='ltr'><strong>μου</strong></span> <span class='ocrx_word' id='word_1_251' title='bbox 1549 4028 1674 4063; x_wconf 59' lang='grc' dir='ltr'>συν.</span> 
     </span>
    </p>
   </div>
   <div class='ocr_carea' id='block_1_38' title="bbox 96 4082 1674 4172">
    <p class='ocr_par' dir='ltr' id='par_1_38' title="bbox 96 4082 1674 4172">
     <span class='ocr_line' id='line_1_38' title="bbox 96 4082 1674 4172; baseline 0.016 -40"><span class='ocrx_word' id='word_1_252' title='bbox 96 4082 448 4153; x_wconf 82' lang='grc' dir='ltr'>επαθήσατε,</span> <span class='ocrx_word' id='word_1_253' title='bbox 508 4087 603 4140; x_wconf 77' lang='grc' dir='ltr'><strong>καὶ</strong></span> <span class='ocrx_word' id='word_1_254' title='bbox 657 4090 757 4159; x_wconf 81' lang='grc' dir='ltr'><strong>τὴν</strong></span> <span class='ocrx_word' id='word_1_255' title='bbox 811 4093 1068 4164; x_wconf 78' lang='grc' dir='ltr'>ἁρπαγὴν</span> <span class='ocrx_word' id='word_1_256' title='bbox 1136 4096 1245 4149; x_wconf 86' lang='grc' dir='ltr'><strong>τῶν</strong></span> <span class='ocrx_word' id='word_1_257' title='bbox 1321 4099 1674 4172; x_wconf 81' lang='grc' dir='ltr'>ὑπαρχόντων</span> 
     </span>
    </p>
   </div>
   <div class='ocr_carea' id='block_1_39' title="bbox 98 4175 312 4244">
    <p class='ocr_par' dir='ltr' id='par_1_39' title="bbox 98 4175 312 4244">
     <span class='ocr_line' id='line_1_39' title="bbox 98 4175 312 4244; baseline 0.005 -18"><span class='ocrx_word' id='word_1_258' title='bbox 98 4175 259 4244; x_wconf 76' lang='grc' dir='ltr'>ὑμῶν</span> <span class='ocrx_word' id='word_1_259' title='bbox 292 4194 312 4227; x_wconf 71' lang='grc' dir='ltr'><strong>ι</strong></span> 
     </span>
    </p>
   </div>
   <div class='ocr_carea' id='block_1_40' title="bbox 177 4265 1672 4358">
    <p class='ocr_par' dir='ltr' id='par_1_40' title="bbox 177 4265 1672 4358">
     <span class='ocr_line' id='line_1_40' title="bbox 177 4265 1672 4358; baseline 0.016 -42"><span class='ocrx_word' id='word_1_260' title='bbox 177 4265 403 4338; x_wconf 83' lang='grc' dir='ltr'>Ἐπειδὴ</span> <span class='ocrx_word' id='word_1_261' title='bbox 444 4267 789 4335; x_wconf 84' lang='grc' dir='ltr'>διαλυθέντες</span> <span class='ocrx_word' id='word_1_262' title='bbox 814 4268 956 4344; x_wconf 82' lang='grc' dir='ltr'>ἦσαν</span> <span class='ocrx_word' id='word_1_263' title='bbox 988 4277 1094 4329; x_wconf 78' lang='grc' dir='ltr'>ἀπὸ</span> <span class='ocrx_word' id='word_1_264' title='bbox 1141 4278 1249 4332; x_wconf 84' lang='grc' dir='ltr'>τῶν</span> <span class='ocrx_word' id='word_1_265' title='bbox 1277 4279 1534 4352; x_wconf 81' lang='grc' dir='ltr'>θλίψεων,</span> <span class='ocrx_word' id='word_1_266' title='bbox 1569 4286 1672 4358; x_wconf 81' lang='grc' dir='ltr'><strong>δρα</strong></span> 
     </span>
    </p>
   </div>
   <div class='ocr_carea' id='block_1_41' title="bbox 1785 629 3348 706">
    <p class='ocr_par' dir='ltr' id='par_1_41' title="bbox 1785 629 3348 706">
     <span class='ocr_line' id='line_1_41' title="bbox 1785 629 3348 706; baseline 0.009 -26"><span class='ocrx_word' id='word_1_267' title='bbox 1785 629 2130 693; x_wconf 83' lang='lat' dir='ltr'><strong>accedamus,</strong></span> <span class='ocrx_word' id='word_1_268' title='bbox 2181 631 2651 702; x_wconf 82' lang='lat' dir='ltr'><strong>exbibeamusque</strong></span> <span class='ocrx_word' id='word_1_269' title='bbox 2705 635 2920 704; x_wconf 69' lang='lat' dir='ltr'><strong>egregia</strong></span> <span class='ocrx_word' id='word_1_270' title='bbox 2977 653 3166 706; x_wconf 86' lang='lat' dir='ltr'><strong>opera.</strong></span> <span class='ocrx_word' id='word_1_271' title='bbox 3213 637 3348 694; x_wconf 84' lang='lat' dir='ltr'><strong>Nam</strong></span> 
     </span>
    </p>
   </div>
   <div class='ocr_carea' id='block_1_42' title="bbox 1785 719 3349 799">
    <p class='ocr_par' dir='ltr' id='par_1_42' title="bbox 1785 719 3349 799">
     <span class='ocr_line' id='line_1_42' title="bbox 1785 719 3349 799; baseline 0.008 -27"><span class='ocrx_word' id='word_1_272' title='bbox 1785 719 1873 772; x_wconf 92' lang='lat' dir='ltr'><strong>hic</strong></span> <span class='ocrx_word' id='word_1_273' title='bbox 1922 729 2004 774; x_wconf 92' lang='lat' dir='ltr'><strong>est</strong></span> <span class='ocrx_word' id='word_1_274' title='bbox 2067 721 2232 789; x_wconf 83' lang='lat' dir='ltr'><strong>hujus</strong></span> <span class='ocrx_word' id='word_1_275' title='bbox 2285 721 2435 776; x_wconf 83' lang='lat' dir='ltr'><strong>ell&#39;ati</strong></span> <span class='ocrx_word' id='word_1_276' title='bbox 2498 739 2734 789; x_wconf 85' lang='lat' dir='ltr'><strong>sensus,</strong></span> <span class='ocrx_word' id='word_1_277' title='bbox 2800 735 2849 779; x_wconf 82' lang='lat' dir='ltr'><strong>et</strong></span> <span class='ocrx_word' id='word_1_278' title='bbox 2921 728 3089 781; x_wconf 84' lang='lat' dir='ltr'><strong>abluti</strong></span> <span class='ocrx_word' id='word_1_279' title='bbox 3159 747 3349 799; x_wconf 76' lang='lat' dir='ltr'><strong>corpus</strong></span> 
     </span>
    </p>
   </div>
   <div class='ocr_carea' id='block_1_43' title="bbox 1785 827 1940 880">
    <p class='ocr_par' dir='ltr' id='par_1_43' title="bbox 1785 827 1940 880">
     <span class='ocr_line' id='line_1_43' title="bbox 1785 827 1940 880; baseline 0 -16"><span class='ocrx_word' id='word_1_280' title='bbox 1785 827 1940 880; x_wconf 82' lang='lat' dir='ltr'><strong>aqua.</strong></span> 
     </span>
    </p>
   </div>
   <div class='ocr_carea' id='block_1_44' title="bbox 1852 903 3348 983">
    <p class='ocr_par' dir='ltr' id='par_1_44' title="bbox 1852 903 3348 983">
     <span class='ocr_line' id='line_1_44' title="bbox 1852 903 3348 983; baseline 0.009 -27"><span class='ocrx_word' id='word_1_281' title='bbox 1852 903 2021 972; x_wconf 85' lang='lat' dir='ltr'><strong>Aqua,</strong></span> <span class='ocrx_word' id='word_1_282' title='bbox 2057 904 2300 974; x_wconf 88' lang='lat' dir='ltr'><strong>inquam,</strong></span> <span class='ocrx_word' id='word_1_283' title='bbox 2336 921 2456 975; x_wconf 70' lang='lat' dir='ltr'><strong>qua:</strong></span> <span class='ocrx_word' id='word_1_284' title='bbox 2485 908 2720 964; x_wconf 89' lang='lat' dir='ltr'><strong>mundos</strong></span> <span class='ocrx_word' id='word_1_285' title='bbox 2746 910 2898 978; x_wconf 85' lang='lat' dir='ltr'><strong>facit,</strong></span> <span class='ocrx_word' id='word_1_286' title='bbox 2930 923 3021 966; x_wconf 90' lang='lat' dir='ltr'><strong>aut</strong></span> <span class='ocrx_word' id='word_1_287' title='bbox 3063 914 3348 983; x_wconf 81' lang='lat' dir='ltr'><strong>sanguinis</strong></span> 
     </span>
    </p>
   </div>
   <div class='ocr_carea' id='block_1_45' title="bbox 1783 1005 3376 1064">
    <p class='ocr_par' dir='ltr' id='par_1_45' title="bbox 1783 1005 3376 1064">
     <span class='ocr_line' id='line_1_45' title="bbox 1783 1005 3376 1064; baseline 0.004 -17"><span class='ocrx_word' id='word_1_288' title='bbox 1783 1005 1866 1048; x_wconf 90' lang='lat' dir='ltr'><strong>est</strong></span> <span class='ocrx_word' id='word_1_289' title='bbox 1893 1009 2109 1064; x_wconf 84' lang='lat' dir='ltr'><strong>expers.</strong></span> <span class='ocrx_word' id='word_1_290' title='bbox 2525 1053 2534 1064; x_wconf 57' lang='grc'><strong>,</strong></span> <span class='ocrx_word' id='word_1_291' title='bbox 3367 1005 3376 1054; x_wconf 72' lang='grc' dir='ltr'><strong>ἱ</strong></span> 
     </span>
    </p>
   </div>
   <div class='ocr_carea' id='block_1_46' title="bbox 1857 1085 3349 1168">
    <p class='ocr_par' dir='ltr' id='par_1_46' title="bbox 1857 1085 3349 1168">
     <span class='ocr_line' id='line_1_46' title="bbox 1857 1085 3349 1168; baseline 0.011 -31"><span class='ocrx_word' id='word_1_292' title='bbox 1857 1103 1877 1137; x_wconf 77' lang='grc' dir='ltr'><strong>ι</strong></span> <span class='ocrx_word' id='word_1_293' title='bbox 1911 1085 1967 1140; x_wconf 85' lang='lat' dir='ltr'><strong>In</strong></span> <span class='ocrx_word' id='word_1_294' title='bbox 2000 1089 2444 1157; x_wconf 77' lang='lat' dir='ltr'><strong>provocationem</strong></span> <span class='ocrx_word' id='word_1_295' title='bbox 2475 1089 2763 1163; x_wconf 81' lang='lat' dir='ltr'><strong>charitatis</strong></span> <span class='ocrx_word' id='word_1_296' title='bbox 2808 1104 2862 1148; x_wconf 90' lang='lat' dir='ltr'><strong>et</strong></span> <span class='ocrx_word' id='word_1_297' title='bbox 2904 1095 3170 1152; x_wconf 84' lang='lat' dir='ltr'><strong>bonorum</strong></span> <span class='ocrx_word' id='word_1_298' title='bbox 3221 1115 3349 1168; x_wconf 91' lang='lat' dir='ltr'><strong>ope-</strong></span> 
     </span>
    </p>
   </div>
   <div class='ocr_carea' id='block_1_47' title="bbox 1784 1193 1986 1233">
    <p class='ocr_par' dir='ltr' id='par_1_47' title="bbox 1784 1193 1986 1233">
     <span class='ocr_line' id='line_1_47' title="bbox 1784 1193 1986 1233; baseline 0.005 -2"><span class='ocrx_word' id='word_1_299' title='bbox 1784 1193 1926 1233; x_wconf 88' lang='lat' dir='ltr'><strong>rum.</strong></span> <span class='ocrx_word' id='word_1_300' title='bbox 1968 1199 1986 1232; x_wconf 73' lang='grc' dir='ltr'><strong>ι</strong></span> 
     </span>
    </p>
   </div>
   <div class='ocr_carea' id='block_1_48' title="bbox 1850 1269 3018 1345">
    <p class='ocr_par' dir='ltr' id='par_1_48' title="bbox 1850 1269 3018 1345">
     <span class='ocr_line' id='line_1_48' title="bbox 1850 1269 3018 1345; baseline 0.008 -23"><span class='ocrx_word' id='word_1_301' title='bbox 1850 1269 1972 1336; x_wconf 88' lang='lat' dir='ltr'><strong>Quo</strong></span> <span class='ocrx_word' id='word_1_302' title='bbox 1999 1286 2244 1327; x_wconf 87' lang='lat' dir='ltr'><strong>amemus</strong></span> <span class='ocrx_word' id='word_1_303' title='bbox 2275 1274 2531 1345; x_wconf 86' lang='lat' dir='ltr'><strong>amplius,</strong></span> <span class='ocrx_word' id='word_1_304' title='bbox 2568 1284 2622 1329; x_wconf 86' lang='lat' dir='ltr'><strong>et</strong></span> <span class='ocrx_word' id='word_1_305' title='bbox 2650 1277 3018 1333; x_wconf 87' lang='lat' dir='ltr'><strong>redamemur.</strong></span> 
     </span>
    </p>
   </div>
   <div class='ocr_carea' id='block_1_49' title="bbox 1852 1360 3350 1426">
    <p class='ocr_par' dir='ltr' id='par_1_49' title="bbox 1852 1360 3350 1426">
     <span class='ocr_line' id='line_1_49' title="bbox 1852 1360 3350 1426; baseline 0.009 -13"><span class='ocrx_word' id='word_1_306' title='bbox 1852 1360 2018 1418; x_wconf 75' lang='lat' dir='ltr'><strong>Vens.</strong></span> <span class='ocrx_word' id='word_1_307' title='bbox 2075 1362 2261 1419; x_wconf 72' lang='lat'><strong>25—29.</strong></span> <span class='ocrx_word' id='word_1_308' title='bbox 2328 1384 2345 1416; x_wconf 80' lang='grc' dir='ltr'><strong>ι</strong></span> <span class='ocrx_word' id='word_1_309' title='bbox 2399 1363 2517 1419; x_wconf 89' lang='lat' dir='ltr'><strong>Non</strong></span> <span class='ocrx_word' id='word_1_310' title='bbox 2586 1367 2901 1423; x_wconf 81' lang='lat' dir='ltr'><strong>deserentes</strong></span> <span class='ocrx_word' id='word_1_311' title='bbox 2973 1370 3350 1426; x_wconf 89' lang='lat' dir='ltr'><strong>collectionem</strong></span> 
     </span>
    </p>
   </div>
   <div class='ocr_carea' id='block_1_50' title="bbox 1783 1457 3348 1530">
    <p class='ocr_par' dir='ltr' id='par_1_50' title="bbox 1783 1457 3348 1530">
     <span class='ocr_line' id='line_1_50' title="bbox 1783 1457 3348 1530; baseline 0.008 -24"><span class='ocrx_word' id='word_1_312' title='bbox 1783 1463 2051 1514; x_wconf 88' lang='lat' dir='ltr'><strong>nostram,</strong></span> <span class='ocrx_word' id='word_1_313' title='bbox 2091 1457 2229 1510; x_wconf 89' lang='lat' dir='ltr'><strong>sicut</strong></span> <span class='ocrx_word' id='word_1_314' title='bbox 2259 1458 2680 1512; x_wconf 74' lang='lat' dir='ltr'><strong>consuetudinis</strong></span> <span class='ocrx_word' id='word_1_315' title='bbox 2713 1472 2798 1512; x_wconf 89' lang='lat' dir='ltr'><strong>est</strong></span> <span class='ocrx_word' id='word_1_316' title='bbox 2850 1461 3216 1530; x_wconf 89' lang='lat' dir='ltr'><strong>quibusdam;</strong></span> <span class='ocrx_word' id='word_1_317' title='bbox 3256 1465 3348 1518; x_wconf 85' lang='lat' dir='ltr'><strong>sed</strong></span> 
     </span>
    </p>
   </div>
   <div class='ocr_carea' id='block_1_51' title="bbox 1781 1546 3349 1624">
    <p class='ocr_par' dir='ltr' id='par_1_51' title="bbox 1781 1546 3349 1624">
     <span class='ocr_line' id='line_1_51' title="bbox 1781 1546 3349 1624; baseline 0.005 -24"><span class='ocrx_word' id='word_1_318' title='bbox 1781 1546 2150 1610; x_wconf 80' lang='lat' dir='ltr'><strong>consolantes,</strong></span> <span class='ocrx_word' id='word_1_319' title='bbox 2193 1557 2247 1602; x_wconf 85' lang='lat' dir='ltr'><strong>et</strong></span> <span class='ocrx_word' id='word_1_320' title='bbox 2293 1557 2445 1602; x_wconf 90' lang='lat' dir='ltr'><strong>tanto</strong></span> <span class='ocrx_word' id='word_1_321' title='bbox 2493 1551 2686 1618; x_wconf 75' lang='lat' dir='ltr'><strong>magis,</strong></span> <span class='ocrx_word' id='word_1_322' title='bbox 2721 1563 2927 1618; x_wconf 78' lang='lat' dir='ltr'><strong>quanto</strong></span> <span class='ocrx_word' id='word_1_323' title='bbox 2974 1552 3222 1624; x_wconf 86' lang='lat' dir='ltr'><strong>videritis</strong></span> <span class='ocrx_word' id='word_1_324' title='bbox 3250 1570 3349 1624; x_wconf 85' lang='lat' dir='ltr'><strong>ap-</strong></span> 
     </span>
    </p>
   </div>
   <div class='ocr_carea' id='block_1_52' title="bbox 1779 1623 3352 1712">
    <p class='ocr_par' dir='ltr' id='par_1_52' title="bbox 1779 1623 3352 1712">
     <span class='ocr_line' id='line_1_52' title="bbox 1779 1623 3352 1712; baseline 0.008 -24"><span class='ocrx_word' id='word_1_325' title='bbox 1779 1637 2238 1707; x_wconf 82' lang='lat' dir='ltr'><strong>propinquantem</strong></span> <span class='ocrx_word' id='word_1_326' title='bbox 2264 1641 2433 1695; x_wconf 90' lang='lat' dir='ltr'><strong>diem.</strong></span> <span class='ocrx_word' id='word_1_327' title='bbox 2466 1639 2786 1696; x_wconf 84' lang='lat' dir='ltr'><strong>Voluntarie</strong></span> <span class='ocrx_word' id='word_1_328' title='bbox 2813 1643 2960 1698; x_wconf 88' lang='lat' dir='ltr'><strong>enim</strong></span> <span class='ocrx_word' id='word_1_329' title='bbox 2990 1623 3352 1712; x_wconf 69' lang='lat' dir='ltr'><strong>peccantibus</strong></span> 
     </span>
    </p>
   </div>
   <div class='ocr_carea' id='block_1_53' title="bbox 1780 1728 3349 1803">
    <p class='ocr_par' dir='ltr' id='par_1_53' title="bbox 1780 1728 3349 1803">
     <span class='ocr_line' id='line_1_53' title="bbox 1780 1728 3349 1803; baseline 0.006 -23"><span class='ocrx_word' id='word_1_330' title='bbox 1780 1728 1941 1782; x_wconf 89' lang='lat' dir='ltr'><strong>nobis</strong></span> <span class='ocrx_word' id='word_1_331' title='bbox 1980 1737 2105 1798; x_wconf 90' lang='lat' dir='ltr'><strong>post</strong></span> <span class='ocrx_word' id='word_1_332' title='bbox 2161 1739 2447 1799; x_wconf 88' lang='lat' dir='ltr'><strong>acceptam</strong></span> <span class='ocrx_word' id='word_1_333' title='bbox 2501 1731 2751 1785; x_wconf 85' lang='lat' dir='ltr'><strong>notitiam</strong></span> <span class='ocrx_word' id='word_1_334' title='bbox 2789 1733 3058 1799; x_wconf 87' lang='lat' dir='ltr'><strong>veritatis,</strong></span> <span class='ocrx_word' id='word_1_335' title='bbox 3089 1735 3205 1803; x_wconf 88' lang='lat' dir='ltr'><strong>jam</strong></span> <span class='ocrx_word' id='word_1_336' title='bbox 3238 1749 3349 1790; x_wconf 89' lang='lat' dir='ltr'><strong>non</strong></span> 
     </span>
    </p>
   </div>
   <div class='ocr_carea' id='block_1_54' title="bbox 1781 1821 3348 1892">
    <p class='ocr_par' dir='ltr' id='par_1_54' title="bbox 1781 1821 3348 1892">
     <span class='ocr_line' id='line_1_54' title="bbox 1781 1821 3348 1892; baseline 0.005 -20"><span class='ocrx_word' id='word_1_337' title='bbox 1781 1821 2113 1890; x_wconf 83' lang='lat' dir='ltr'><strong>relinquitur</strong></span> <span class='ocrx_word' id='word_1_338' title='bbox 2140 1837 2239 1889; x_wconf 90' lang='lat' dir='ltr'><strong>pro</strong></span> <span class='ocrx_word' id='word_1_339' title='bbox 2285 1824 2526 1892; x_wconf 82' lang='lat' dir='ltr'><strong>peccatis</strong></span> <span class='ocrx_word' id='word_1_340' title='bbox 2582 1825 2801 1890; x_wconf 85' lang='lat' dir='ltr'><strong>hostia;</strong></span> <span class='ocrx_word' id='word_1_341' title='bbox 2861 1825 3126 1882; x_wconf 88' lang='lat' dir='ltr'><strong>terribilis</strong></span> <span class='ocrx_word' id='word_1_342' title='bbox 3166 1835 3348 1882; x_wconf 90' lang='lat' dir='ltr'><strong>autem</strong></span> 
     </span>
    </p>
   </div>
   <div class='ocr_carea' id='block_1_55' title="bbox 1775 1910 3346 1986">
    <p class='ocr_par' dir='ltr' id='par_1_55' title="bbox 1775 1910 3346 1986">
     <span class='ocr_line' id='line_1_55' title="bbox 1775 1910 3346 1986; baseline 0.006 -24"><span class='ocrx_word' id='word_1_343' title='bbox 1775 1910 2019 1979; x_wconf 68' lang='lat' dir='ltr'><strong>quaedam</strong></span> <span class='ocrx_word' id='word_1_344' title='bbox 2073 1915 2410 1982; x_wconf 73' lang='lat' dir='ltr'><strong>exspectatio</strong></span> <span class='ocrx_word' id='word_1_345' title='bbox 2461 1914 2672 1983; x_wconf 73' lang='lat' dir='ltr'><strong>iudicii,</strong></span> <span class='ocrx_word' id='word_1_346' title='bbox 2717 1925 2770 1970; x_wconf 90' lang='lat' dir='ltr'><strong>et</strong></span> <span class='ocrx_word' id='word_1_347' title='bbox 2819 1917 2960 1986; x_wconf 77' lang='lat' dir='ltr'><strong>ignis</strong></span> <span class='ocrx_word' id='word_1_348' title='bbox 3027 1919 3346 1981; x_wconf 69' lang='lat' dir='ltr'><strong>annulatio,</strong></span> 
     </span>
    </p>
   </div>
   <div class='ocr_carea' id='block_1_56' title="bbox 1776 1995 3352 2080">
    <p class='ocr_par' dir='ltr' id='par_1_56' title="bbox 1776 1995 3352 2080">
     <span class='ocr_line' id='line_1_56' title="bbox 1776 1995 3352 2080; baseline 0.006 -25"><span class='ocrx_word' id='word_1_349' title='bbox 1776 2018 1895 2070; x_wconf 77' lang='lat' dir='ltr'><strong>qua:</strong></span> <span class='ocrx_word' id='word_1_350' title='bbox 1949 2016 2336 2073; x_wconf 87' lang='lat' dir='ltr'><strong>consutuptura</strong></span> <span class='ocrx_word' id='word_1_351' title='bbox 2389 2014 2473 2060; x_wconf 90' lang='lat' dir='ltr'><strong>est</strong></span> <span class='ocrx_word' id='word_1_352' title='bbox 2524 1995 2891 2062; x_wconf 74' lang='lat' dir='ltr'><strong>adversarios.</strong></span> <span class='ocrx_word' id='word_1_353' title='bbox 2951 2008 3165 2063; x_wconf 88' lang='lat' dir='ltr'><strong>Irritatn</strong></span> <span class='ocrx_word' id='word_1_354' title='bbox 3225 2011 3352 2080; x_wconf 83' lang='lat' dir='ltr'><strong>quis</strong></span> 
     </span>
    </p>
   </div>
   <div class='ocr_carea' id='block_1_57' title="bbox 1777 2093 3350 2167">
    <p class='ocr_par' dir='ltr' id='par_1_57' title="bbox 1777 2093 3350 2167">
     <span class='ocr_line' id='line_1_57' title="bbox 1777 2093 3350 2167; baseline 0.008 -21"><span class='ocrx_word' id='word_1_355' title='bbox 1777 2093 1983 2148; x_wconf 81' lang='lat' dir='ltr'><strong>faciens</strong></span> <span class='ocrx_word' id='word_1_356' title='bbox 2009 2095 2180 2165; x_wconf 72' lang='lat' dir='ltr'><strong>legem</strong></span> <span class='ocrx_word' id='word_1_357' title='bbox 2219 2095 2411 2167; x_wconf 82' lang='lat' dir='ltr'><strong>Moysi,</strong></span> <span class='ocrx_word' id='word_1_358' title='bbox 2448 2099 2566 2152; x_wconf 89' lang='lat' dir='ltr'><strong>sine</strong></span> <span class='ocrx_word' id='word_1_359' title='bbox 2602 2099 2710 2152; x_wconf 87' lang='lat' dir='ltr'><strong>ulla</strong></span> <span class='ocrx_word' id='word_1_360' title='bbox 2749 2099 3100 2156; x_wconf 87' lang='lat' dir='ltr'><strong>miseratione</strong></span> <span class='ocrx_word' id='word_1_361' title='bbox 3135 2103 3350 2158; x_wconf 86' lang='lat' dir='ltr'><strong>duobus</strong></span> 
     </span>
    </p>
   </div>
   <div class='ocr_carea' id='block_1_58' title="bbox 1775 2184 3352 2264">
    <p class='ocr_par' dir='ltr' id='par_1_58' title="bbox 1775 2184 3352 2264">
     <span class='ocr_line' id='line_1_58' title="bbox 1775 2184 3352 2264; baseline 0.01 -30"><span class='ocrx_word' id='word_1_362' title='bbox 1775 2184 1857 2238; x_wconf 87' lang='lat' dir='ltr'><strong>vel</strong></span> <span class='ocrx_word' id='word_1_363' title='bbox 1887 2184 2064 2239; x_wconf 92' lang='lat' dir='ltr'><strong>tribus</strong></span> <span class='ocrx_word' id='word_1_364' title='bbox 2113 2185 2346 2240; x_wconf 87' lang='lat' dir='ltr'><strong>testibus</strong></span> <span class='ocrx_word' id='word_1_365' title='bbox 2389 2189 2622 2242; x_wconf 90' lang='lat' dir='ltr'><strong>moritur</strong></span> <span class='ocrx_word' id='word_1_366' title='bbox 2653 2209 2666 2244; x_wconf 88' lang='lat'>:</span> <span class='ocrx_word' id='word_1_367' title='bbox 2698 2199 2907 2260; x_wconf 88' lang='lat' dir='ltr'><strong>quanto</strong></span> <span class='ocrx_word' id='word_1_368' title='bbox 2935 2193 3110 2264; x_wconf 80' lang='lat' dir='ltr'><strong>magis</strong></span> <span class='ocrx_word' id='word_1_369' title='bbox 3147 2194 3352 2263; x_wconf 82' lang='lat' dir='ltr'><strong>putatis</strong></span> 
     </span>
    </p>
   </div>
   <div class='ocr_carea' id='block_1_59' title="bbox 1774 2276 2652 2348">
    <p class='ocr_par' dir='ltr' id='par_1_59' title="bbox 1774 2276 2652 2348">
     <span class='ocr_line' id='line_1_59' title="bbox 1774 2276 2652 2348; baseline 0.003 -19"><span class='ocrx_word' id='word_1_370' title='bbox 1774 2276 2040 2330; x_wconf 86' lang='lat' dir='ltr'><strong>deteriora</strong></span> <span class='ocrx_word' id='word_1_371' title='bbox 2071 2279 2264 2331; x_wconf 88' lang='lat' dir='ltr'><strong>mereri</strong></span> <span class='ocrx_word' id='word_1_372' title='bbox 2305 2280 2591 2348; x_wconf 90' lang='lat' dir='ltr'><strong>supplicia,</strong></span> <span class='ocrx_word' id='word_1_373' title='bbox 2631 2298 2652 2332; x_wconf 70' lang='grc' dir='ltr'><strong>ι</strong></span> 
     </span>
    </p>
   </div>
   <div class='ocr_carea' id='block_1_60' title="bbox 1845 2364 3350 2430">
    <p class='ocr_par' dir='ltr' id='par_1_60' title="bbox 1845 2364 3350 2430">
     <span class='ocr_line' id='line_1_60' title="bbox 1845 2364 3350 2430; baseline 0.007 -12"><span class='ocrx_word' id='word_1_374' title='bbox 1845 2364 2080 2422; x_wconf 86' lang='lat' dir='ltr'><strong>Noverat</strong></span> <span class='ocrx_word' id='word_1_375' title='bbox 2123 2368 2266 2422; x_wconf 88' lang='lat' dir='ltr'><strong>enim</strong></span> <span class='ocrx_word' id='word_1_376' title='bbox 2323 2385 2386 2422; x_wconf 77' lang='lat' dir='ltr'><strong>ex</strong></span> <span class='ocrx_word' id='word_1_377' title='bbox 2433 2370 2804 2429; x_wconf 81' lang='lat' dir='ltr'><strong>familiaritate</strong></span> <span class='ocrx_word' id='word_1_378' title='bbox 2840 2380 2897 2428; x_wconf 88' lang='lat' dir='ltr'><strong>et</strong></span> <span class='ocrx_word' id='word_1_379' title='bbox 2945 2375 3263 2430; x_wconf 84' lang='lat' dir='ltr'><strong>collectione</strong></span> <span class='ocrx_word' id='word_1_380' title='bbox 3295 2375 3350 2430; x_wconf 93' lang='lat' dir='ltr'><strong>in</strong></span> 
     </span>
    </p>
   </div>
   <div class='ocr_carea' id='block_1_61' title="bbox 1775 2461 3349 2536">
    <p class='ocr_par' dir='ltr' id='par_1_61' title="bbox 1775 2461 3349 2536">
     <span class='ocr_line' id='line_1_61' title="bbox 1775 2461 3349 2536; baseline 0.008 -27"><span class='ocrx_word' id='word_1_381' title='bbox 1775 2474 1965 2523; x_wconf 89' lang='lat' dir='ltr'><strong>unum,</strong></span> <span class='ocrx_word' id='word_1_382' title='bbox 2008 2461 2236 2516; x_wconf 89' lang='lat' dir='ltr'><strong>multum</strong></span> <span class='ocrx_word' id='word_1_383' title='bbox 2276 2465 2490 2519; x_wconf 91' lang='lat' dir='ltr'><strong>roboris</strong></span> <span class='ocrx_word' id='word_1_384' title='bbox 2530 2467 2610 2520; x_wconf 89' lang='lat' dir='ltr'><strong>eis</strong></span> <span class='ocrx_word' id='word_1_385' title='bbox 2658 2482 3030 2524; x_wconf 87' lang='lat' dir='ltr'><strong>accessurum.</strong></span> <span class='ocrx_word' id='word_1_386' title='bbox 3067 2468 3166 2522; x_wconf 87' lang='lat' dir='ltr'><strong>Ubi</strong></span> <span class='ocrx_word' id='word_1_387' title='bbox 3190 2471 3349 2536; x_wconf 85' lang='lat' dir='ltr'><strong>enim,</strong></span> 
     </span>
    </p>
   </div>
   <div class='ocr_carea' id='block_1_62' title="bbox 1775 2549 3350 2630">
    <p class='ocr_par' dir='ltr' id='par_1_62' title="bbox 1775 2549 3350 2630">
     <span class='ocr_line' id='line_1_62' title="bbox 1775 2549 3350 2630; baseline 0.008 -29"><span class='ocrx_word' id='word_1_388' title='bbox 1775 2549 1850 2602; x_wconf 90' lang='lat' dir='ltr'><strong>ait</strong></span> <span class='ocrx_word' id='word_1_389' title='bbox 1879 2549 2157 2618; x_wconf 88' lang='lat' dir='ltr'><strong>Christus,</strong></span> <span class='ocrx_word' id='word_1_390' title='bbox 2201 2553 2304 2607; x_wconf 79' lang='lat' dir='ltr'><strong>duo</strong></span> <span class='ocrx_word' id='word_1_391' title='bbox 2335 2556 2409 2608; x_wconf 78' lang='lat' dir='ltr'><strong>vel</strong></span> <span class='ocrx_word' id='word_1_392' title='bbox 2465 2567 2569 2610; x_wconf 77' lang='lat' dir='ltr'><strong>tres</strong></span> <span class='ocrx_word' id='word_1_393' title='bbox 2607 2558 2802 2626; x_wconf 81' lang='lat' dir='ltr'><strong>fuerint</strong></span> <span class='ocrx_word' id='word_1_394' title='bbox 2837 2557 3004 2629; x_wconf 63' lang='grc'><strong>249</strong></span> <span class='ocrx_word' id='word_1_395' title='bbox 3049 2561 3350 2630; x_wconf 74' lang='lat' dir='ltr'><strong>congregati</strong></span> 
     </span>
    </p>
   </div>
   <div class='ocr_carea' id='block_1_63' title="bbox 1775 2643 3063 2706">
    <p class='ocr_par' dir='ltr' id='par_1_63' title="bbox 1775 2643 3063 2706">
     <span class='ocr_line' id='line_1_63' title="bbox 1775 2643 3063 2706; baseline 0.007 -13"><span class='ocrx_word' id='word_1_396' title='bbox 1775 2643 1827 2694; x_wconf 87' lang='lat' dir='ltr'><strong>in</strong></span> <span class='ocrx_word' id='word_1_397' title='bbox 1858 2643 2066 2696; x_wconf 80' lang='lat' dir='ltr'><strong>nomine</strong></span> <span class='ocrx_word' id='word_1_398' title='bbox 2098 2660 2232 2706; x_wconf 84' lang='lat' dir='ltr'><strong>meo,</strong></span> <span class='ocrx_word' id='word_1_399' title='bbox 2261 2645 2332 2699; x_wconf 87' lang='lat' dir='ltr'><strong>ibi</strong></span> <span class='ocrx_word' id='word_1_400' title='bbox 2364 2648 2418 2700; x_wconf 84' lang='lat' dir='ltr'><strong>in</strong></span> <span class='ocrx_word' id='word_1_401' title='bbox 2463 2650 2633 2704; x_wconf 84' lang='lat' dir='ltr'><strong>medio</strong></span> <span class='ocrx_word' id='word_1_402' title='bbox 2667 2666 2850 2704; x_wconf 87' lang='lat' dir='ltr'><strong>eorum</strong></span> <span class='ocrx_word' id='word_1_403' title='bbox 2877 2666 2994 2704; x_wconf 78' lang='lat' dir='ltr'><strong>sum</strong></span> <span class='ocrx_word' id='word_1_404' title='bbox 3021 2651 3063 2702; x_wconf 74' lang='grc'><strong>⁸.</strong></span> 
     </span>
    </p>
   </div>
   <div class='ocr_carea' id='block_1_64' title="bbox 1852 2733 3348 2812">
    <p class='ocr_par' dir='ltr' id='par_1_64' title="bbox 1852 2733 3348 2812">
     <span class='ocr_line' id='line_1_64' title="bbox 1852 2733 3348 2812; baseline 0.009 -27"><span class='ocrx_word' id='word_1_405' title='bbox 1852 2754 1870 2785; x_wconf 80' lang='grc' dir='ltr'><strong>ι</strong></span> <span class='ocrx_word' id='word_1_406' title='bbox 1907 2733 2012 2801; x_wconf 86' lang='lat' dir='ltr'><strong>Qui</strong></span> <span class='ocrx_word' id='word_1_407' title='bbox 2055 2735 2250 2791; x_wconf 82' lang='lat' dir='ltr'><strong>Filium</strong></span> <span class='ocrx_word' id='word_1_408' title='bbox 2299 2737 2394 2794; x_wconf 86' lang='lat' dir='ltr'><strong>Dei</strong></span> <span class='ocrx_word' id='word_1_409' title='bbox 2443 2743 2888 2807; x_wconf 86' lang='lat' dir='ltr'><strong>conculcaverit,</strong></span> <span class='ocrx_word' id='word_1_410' title='bbox 2936 2751 2990 2797; x_wconf 90' lang='lat' dir='ltr'><strong>et</strong></span> <span class='ocrx_word' id='word_1_411' title='bbox 3015 2742 3348 2812; x_wconf 75' lang='lat' dir='ltr'><strong>’sanguinem</strong></span> 
     </span>
    </p>
   </div>
   <div class='ocr_carea' id='block_1_65' title="bbox 1777 2830 3352 2906">
    <p class='ocr_par' dir='ltr' id='par_1_65' title="bbox 1777 2830 3352 2906">
     <span class='ocr_line' id='line_1_65' title="bbox 1777 2830 3352 2906; baseline 0.008 -26"><span class='ocrx_word' id='word_1_412' title='bbox 1777 2830 2090 2882; x_wconf 86' lang='lat' dir='ltr'><strong>testamenti</strong></span> <span class='ocrx_word' id='word_1_413' title='bbox 2131 2833 2396 2901; x_wconf 92' lang='lat' dir='ltr'><strong>pollutum</strong></span> <span class='ocrx_word' id='word_1_414' title='bbox 2443 2833 2686 2900; x_wconf 79' lang='lat' dir='ltr'><strong>duxerit,</strong></span> <span class='ocrx_word' id='word_1_415' title='bbox 2727 2836 2784 2891; x_wconf 93' lang='lat' dir='ltr'><strong>in</strong></span> <span class='ocrx_word' id='word_1_416' title='bbox 2817 2853 2926 2906; x_wconf 90' lang='lat' dir='ltr'><strong>quo</strong></span> <span class='ocrx_word' id='word_1_417' title='bbox 2971 2837 3352 2892; x_wconf 70' lang='lat' dir='ltr'><strong>sanctiﬁcata:</strong></span> 
     </span>
    </p>
   </div>
   <div class='ocr_carea' id='block_1_66' title="bbox 1775 2921 3348 2998">
    <p class='ocr_par' dir='ltr' id='par_1_66' title="bbox 1775 2921 3348 2998">
     <span class='ocr_line' id='line_1_66' title="bbox 1775 2921 3348 2998; baseline 0.004 -25"><span class='ocrx_word' id='word_1_418' title='bbox 1775 2930 1881 2979; x_wconf 90' lang='lat' dir='ltr'><strong>est,</strong></span> <span class='ocrx_word' id='word_1_419' title='bbox 1921 2928 1974 2974; x_wconf 88' lang='lat' dir='ltr'><strong>et</strong></span> <span class='ocrx_word' id='word_1_420' title='bbox 2006 2921 2226 2990; x_wconf 89' lang='lat' dir='ltr'><strong>spiritui</strong></span> <span class='ocrx_word' id='word_1_421' title='bbox 2256 2923 2446 2993; x_wconf 66' lang='lat' dir='ltr'><strong>gratia:</strong></span> <span class='ocrx_word' id='word_1_422' title='bbox 2473 2925 2864 2981; x_wconf 89' lang='lat' dir='ltr'><strong>contumeliam</strong></span> <span class='ocrx_word' id='word_1_423' title='bbox 2899 2925 3111 2980; x_wconf 81' lang='lat' dir='ltr'><strong>fecerit.</strong></span> <span class='ocrx_word' id='word_1_424' title='bbox 3154 2922 3348 2998; x_wconf 74' lang='lat' dir='ltr'><strong>[Vr-ms.</strong></span> 
     </span>
    </p>
   </div>
   <div class='ocr_carea' id='block_1_67' title="bbox 1775 3010 3351 3086">
    <p class='ocr_par' dir='ltr' id='par_1_67' title="bbox 1775 3010 3351 3086">
     <span class='ocr_line' id='line_1_67' title="bbox 1775 3010 3351 3086; baseline 0.004 -24"><span class='ocrx_word' id='word_1_425' title='bbox 1775 3011 1866 3074; x_wconf 71' lang='lat'><strong>30,</strong></span> <span class='ocrx_word' id='word_1_426' title='bbox 1891 3010 2004 3082; x_wconf 78' lang='lat' dir='ltr'><strong>5L]</strong></span> <span class='ocrx_word' id='word_1_427' title='bbox 2041 3011 2258 3068; x_wconf 89' lang='lat' dir='ltr'><strong>Scimus</strong></span> <span class='ocrx_word' id='word_1_428' title='bbox 2279 3014 2426 3069; x_wconf 88' lang='lat' dir='ltr'><strong>enim</strong></span> <span class='ocrx_word' id='word_1_429' title='bbox 2453 3017 2546 3084; x_wconf 90' lang='lat' dir='ltr'><strong>qui</strong></span> <span class='ocrx_word' id='word_1_430' title='bbox 2579 3017 2718 3072; x_wconf 77' lang='lat' dir='ltr'><strong>dixit</strong></span> <span class='ocrx_word' id='word_1_431' title='bbox 2752 3032 2766 3072; x_wconf 90' lang='lat'><strong>:</strong></span> <span class='ocrx_word' id='word_1_432' title='bbox 2799 3017 2928 3071; x_wconf 80' lang='lat' dir='ltr'><strong>Mihi</strong></span> <span class='ocrx_word' id='word_1_433' title='bbox 2960 3016 3218 3081; x_wconf 87' lang='lat' dir='ltr'><strong>vindicta,</strong></span> <span class='ocrx_word' id='word_1_434' title='bbox 3249 3033 3351 3086; x_wconf 73' lang='lat' dir='ltr'><strong>ego</strong></span> 
     </span>
    </p>
   </div>
   <div class='ocr_carea' id='block_1_68' title="bbox 1777 3103 3351 3171">
    <p class='ocr_par' dir='ltr' id='par_1_68' title="bbox 1777 3103 3351 3171">
     <span class='ocr_line' id='line_1_68' title="bbox 1777 3103 3351 3171; baseline 0.006 -18"><span class='ocrx_word' id='word_1_435' title='bbox 1777 3103 2102 3167; x_wconf 83' lang='lat' dir='ltr'><strong>retribuam,</strong></span> <span class='ocrx_word' id='word_1_436' title='bbox 2157 3105 2289 3161; x_wconf 89' lang='lat' dir='ltr'><strong>dicit</strong></span> <span class='ocrx_word' id='word_1_437' title='bbox 2339 3105 2624 3163; x_wconf 90' lang='lat' dir='ltr'><strong>Dominus.</strong></span> <span class='ocrx_word' id='word_1_438' title='bbox 2657 3109 2723 3171; x_wconf 84' lang='lat' dir='ltr'><strong>Et</strong></span> <span class='ocrx_word' id='word_1_439' title='bbox 2777 3110 2975 3163; x_wconf 89' lang='lat' dir='ltr'><strong>iterum</strong></span> <span class='ocrx_word' id='word_1_440' title='bbox 3022 3132 3034 3163; x_wconf 85' lang='grc'>;</span> <span class='ocrx_word' id='word_1_441' title='bbox 3073 3105 3351 3162; x_wconf 89' lang='lat' dir='ltr'><strong>Judicabit</strong></span> 
     </span>
    </p>
   </div>
   <div class='ocr_carea' id='block_1_69' title="bbox 1700 3194 3354 3288">
    <p class='ocr_par' dir='ltr' id='par_1_69' title="bbox 1700 3194 3354 3288">
     <span class='ocr_line' id='line_1_69' title="bbox 1700 3194 3354 3288; baseline 0.006 -42"><span class='ocrx_word' id='word_1_442' title='bbox 1700 3233 1743 3288; x_wconf 61' lang='grc' dir='ltr'>ϐ</span> <span class='ocrx_word' id='word_1_443' title='bbox 1779 3194 2042 3252; x_wconf 88' lang='lat' dir='ltr'><strong>Dominus</strong></span> <span class='ocrx_word' id='word_1_444' title='bbox 2078 3199 2339 3267; x_wconf 90' lang='lat' dir='ltr'><strong>populum</strong></span> <span class='ocrx_word' id='word_1_445' title='bbox 2379 3215 2563 3255; x_wconf 87' lang='lat' dir='ltr'><strong>suum.</strong></span> <span class='ocrx_word' id='word_1_446' title='bbox 2608 3200 2956 3256; x_wconf 82' lang='lat' dir='ltr'><strong>Horrendum</strong></span> <span class='ocrx_word' id='word_1_447' title='bbox 2990 3209 3074 3256; x_wconf 89' lang='lat' dir='ltr'><strong>est</strong></span> <span class='ocrx_word' id='word_1_448' title='bbox 3107 3199 3354 3256; x_wconf 87' lang='lat' dir='ltr'><strong>incidere</strong></span> 
     </span>
    </p>
   </div>
   <div class='ocr_carea' id='block_1_70' title="bbox 1777 3289 2533 3348">
    <p class='ocr_par' dir='ltr' id='par_1_70' title="bbox 1777 3289 2533 3348">
     <span class='ocr_line' id='line_1_70' title="bbox 1777 3289 2533 3348; baseline 0.004 -6"><span class='ocrx_word' id='word_1_449' title='bbox 1777 3289 1831 3342; x_wconf 90' lang='lat' dir='ltr'><strong>in</strong></span> <span class='ocrx_word' id='word_1_450' title='bbox 1873 3303 2068 3344; x_wconf 88' lang='lat' dir='ltr'><strong>manus</strong></span> <span class='ocrx_word' id='word_1_451' title='bbox 2101 3291 2193 3346; x_wconf 88' lang='lat' dir='ltr'><strong>Dci</strong></span> <span class='ocrx_word' id='word_1_452' title='bbox 2221 3293 2474 3348; x_wconf 85' lang='lat' dir='ltr'><strong>viventis.</strong></span> <span class='ocrx_word' id='word_1_453' title='bbox 2516 3314 2533 3345; x_wconf 75' lang='grc' dir='ltr'><strong>ι</strong></span> 
     </span>
    </p>
   </div>
   <div class='ocr_carea' id='block_1_71' title="bbox 1847 3378 3350 3458">
    <p class='ocr_par' dir='ltr' id='par_1_71' title="bbox 1847 3378 3350 3458">
     <span class='ocr_line' id='line_1_71' title="bbox 1847 3378 3350 3458; baseline 0.005 -23"><span class='ocrx_word' id='word_1_454' title='bbox 1847 3381 2080 3448; x_wconf 87' lang='lat' dir='ltr'><strong>Quando</strong></span> <span class='ocrx_word' id='word_1_455' title='bbox 2102 3378 2247 3439; x_wconf 89' lang='lat' dir='ltr'><strong>enim</strong></span> <span class='ocrx_word' id='word_1_456' title='bbox 2281 3385 2372 3454; x_wconf 88' lang='lat' dir='ltr'><strong>qui</strong></span> <span class='ocrx_word' id='word_1_457' title='bbox 2398 3386 2671 3456; x_wconf 82' lang='lat' dir='ltr'><strong>particeps</strong></span> <span class='ocrx_word' id='word_1_458' title='bbox 2691 3387 2840 3441; x_wconf 91' lang='lat' dir='ltr'><strong>illius</strong></span> <span class='ocrx_word' id='word_1_459' title='bbox 2860 3386 2959 3440; x_wconf 87' lang='lat' dir='ltr'><strong>fuit</strong></span> <span class='ocrx_word' id='word_1_460' title='bbox 2977 3386 3032 3440; x_wconf 93' lang='lat' dir='ltr'><strong>in</strong></span> <span class='ocrx_word' id='word_1_461' title='bbox 3053 3388 3350 3458; x_wconf 77' lang='lat' dir='ltr'><strong>mysteriis,</strong></span> 
     </span>
    </p>
   </div>
   <div class='ocr_carea' id='block_1_72' title="bbox 1776 3478 3346 3548">
    <p class='ocr_par' dir='ltr' id='par_1_72' title="bbox 1776 3478 3346 3548">
     <span class='ocr_line' id='line_1_72' title="bbox 1776 3478 3346 3548; baseline 0.003 -18"><span class='ocrx_word' id='word_1_462' title='bbox 1776 3485 2058 3546; x_wconf 87' lang='lat' dir='ltr'><strong>peccatum</strong></span> <span class='ocrx_word' id='word_1_463' title='bbox 2096 3478 2356 3542; x_wconf 87' lang='lat' dir='ltr'><strong>admittit,</strong></span> <span class='ocrx_word' id='word_1_464' title='bbox 2391 3479 2668 3547; x_wconf 91' lang='lat' dir='ltr'><strong>quomodo</strong></span> <span class='ocrx_word' id='word_1_465' title='bbox 2704 3495 2809 3532; x_wconf 90' lang='lat' dir='ltr'><strong>nou</strong></span> <span class='ocrx_word' id='word_1_466' title='bbox 2860 3479 3144 3548; x_wconf 83' lang='lat' dir='ltr'><strong>proculcat</strong></span> <span class='ocrx_word' id='word_1_467' title='bbox 3171 3480 3346 3544; x_wconf 90' lang='lat' dir='ltr'><strong>illum,</strong></span> 
     </span>
    </p>
   </div>
   <div class='ocr_carea' id='block_1_73' title="bbox 1777 3569 2777 3640">
    <p class='ocr_par' dir='ltr' id='par_1_73' title="bbox 1777 3569 2777 3640">
     <span class='ocr_line' id='line_1_73' title="bbox 1777 3569 2777 3640; baseline 0.001 -18"><span class='ocrx_word' id='word_1_468' title='bbox 1777 3576 1963 3638; x_wconf 89' lang='lat' dir='ltr'><strong>utpote</strong></span> <span class='ocrx_word' id='word_1_469' title='bbox 2000 3585 2163 3639; x_wconf 90' lang='lat' dir='ltr'><strong>quem</strong></span> <span class='ocrx_word' id='word_1_470' title='bbox 2200 3569 2507 3640; x_wconf 79' lang='lat' dir='ltr'><strong>despicatui</strong></span> <span class='ocrx_word' id='word_1_471' title='bbox 2543 3571 2777 3624; x_wconf 81' lang='lat' dir='ltr'><strong>habeat?</strong></span> 
     </span>
    </p>
   </div>
   <div class='ocr_carea' id='block_1_74' title="bbox 1851 3661 3348 3733">
    <p class='ocr_par' dir='ltr' id='par_1_74' title="bbox 1851 3661 3348 3733">
     <span class='ocr_line' id='line_1_74' title="bbox 1851 3661 3348 3733; baseline 0.001 -18"><span class='ocrx_word' id='word_1_472' title='bbox 1851 3661 2012 3717; x_wconf 78' lang='lat' dir='ltr'><strong>Vens.</strong></span> <span class='ocrx_word' id='word_1_473' title='bbox 2046 3661 2238 3716; x_wconf 68' lang='lat'><strong>52-54.</strong></span> <span class='ocrx_word' id='word_1_474' title='bbox 2271 3681 2291 3712; x_wconf 86' lang='grc'><strong><em>‹</em></strong></span> <span class='ocrx_word' id='word_1_475' title='bbox 2332 3661 2797 3717; x_wconf 81' lang='lat' dir='ltr'><strong>Rememoramini</strong></span> <span class='ocrx_word' id='word_1_476' title='bbox 2832 3663 3096 3733; x_wconf 89' lang='lat' dir='ltr'><strong>pristinos</strong></span> <span class='ocrx_word' id='word_1_477' title='bbox 3122 3662 3260 3726; x_wconf 89' lang='lat' dir='ltr'><strong>dics,</strong></span> <span class='ocrx_word' id='word_1_478' title='bbox 3294 3664 3348 3717; x_wconf 89' lang='lat' dir='ltr'><strong>in</strong></span> 
     </span>
    </p>
   </div>
   <div class='ocr_carea' id='block_1_75' title="bbox 1775 3754 3351 3825">
    <p class='ocr_par' dir='ltr' id='par_1_75' title="bbox 1775 3754 3351 3825">
     <span class='ocr_line' id='line_1_75' title="bbox 1775 3754 3351 3825; baseline 0.002 -17"><span class='ocrx_word' id='word_1_479' title='bbox 1775 3754 1975 3825; x_wconf 90' lang='lat' dir='ltr'><strong>quibus</strong></span> <span class='ocrx_word' id='word_1_480' title='bbox 2022 3754 2340 3818; x_wconf 87' lang='lat' dir='ltr'><strong>illuminati,</strong></span> <span class='ocrx_word' id='word_1_481' title='bbox 2382 3769 2638 3824; x_wconf 82' lang='lat' dir='ltr'><strong>magnum</strong></span> <span class='ocrx_word' id='word_1_482' title='bbox 2669 3764 2949 3809; x_wconf 87' lang='lat' dir='ltr'><strong>certamen</strong></span> <span class='ocrx_word' id='word_1_483' title='bbox 3007 3756 3351 3811; x_wconf 87' lang='lat' dir='ltr'><strong>sustinuistis</strong></span> 
     </span>
    </p>
   </div>
   <div class='ocr_carea' id='block_1_76' title="bbox 1776 3840 3350 3913">
    <p class='ocr_par' dir='ltr' id='par_1_76' title="bbox 1776 3840 3350 3913">
     <span class='ocr_line' id='line_1_76' title="bbox 1776 3840 3350 3913; baseline -0.003 -17"><span class='ocrx_word' id='word_1_484' title='bbox 1776 3843 2132 3913; x_wconf 86' lang='lat' dir='ltr'><strong>passionum;</strong></span> <span class='ocrx_word' id='word_1_485' title='bbox 2165 3852 2220 3897; x_wconf 90' lang='lat' dir='ltr'><strong>et</strong></span> <span class='ocrx_word' id='word_1_486' title='bbox 2252 3843 2303 3896; x_wconf 92' lang='lat' dir='ltr'><strong>iu</strong></span> <span class='ocrx_word' id='word_1_487' title='bbox 2337 3842 2511 3896; x_wconf 88' lang='lat' dir='ltr'><strong>altero</strong></span> <span class='ocrx_word' id='word_1_488' title='bbox 2540 3841 2765 3913; x_wconf 87' lang='lat' dir='ltr'><strong>quidem</strong></span> <span class='ocrx_word' id='word_1_489' title='bbox 2811 3840 3122 3909; x_wconf 87' lang='lat' dir='ltr'><strong>opprobriis</strong></span> <span class='ocrx_word' id='word_1_490' title='bbox 3150 3852 3203 3895; x_wconf 81' lang='lat' dir='ltr'><strong>et</strong></span> <span class='ocrx_word' id='word_1_491' title='bbox 3253 3841 3350 3892; x_wconf 82' lang='lat' dir='ltr'><strong>tri-</strong></span> 
     </span>
    </p>
   </div>
   <div class='ocr_carea' id='block_1_77' title="bbox 1775 3927 3348 4001">
    <p class='ocr_par' dir='ltr' id='par_1_77' title="bbox 1775 3927 3348 4001">
     <span class='ocr_line' id='line_1_77' title="bbox 1775 3927 3348 4001; baseline -0.006 -13"><span class='ocrx_word' id='word_1_492' title='bbox 1775 3932 2148 3988; x_wconf 85' lang='lat' dir='ltr'><strong>bulationibus</strong></span> <span class='ocrx_word' id='word_1_493' title='bbox 2186 3929 2561 4001; x_wconf 88' lang='lat' dir='ltr'><strong>spectaculum</strong></span> <span class='ocrx_word' id='word_1_494' title='bbox 2618 3928 2770 3990; x_wconf 86' lang='lat' dir='ltr'><strong>facti,</strong></span> <span class='ocrx_word' id='word_1_495' title='bbox 2827 3927 2880 3980; x_wconf 93' lang='lat' dir='ltr'><strong>in</strong></span> <span class='ocrx_word' id='word_1_496' title='bbox 2935 3928 3108 3980; x_wconf 87' lang='lat' dir='ltr'><strong>altero</strong></span> <span class='ocrx_word' id='word_1_497' title='bbox 3165 3934 3348 3980; x_wconf 89' lang='lat' dir='ltr'><strong>autem</strong></span> 
     </span>
    </p>
   </div>
   <div class='ocr_carea' id='block_1_78' title="bbox 1775 4016 3348 4080">
    <p class='ocr_par' dir='ltr' id='par_1_78' title="bbox 1775 4016 3348 4080">
     <span class='ocr_line' id='line_1_78' title="bbox 1775 4016 3348 4080; baseline -0.006 0"><span class='ocrx_word' id='word_1_498' title='bbox 1775 4024 1910 4080; x_wconf 86' lang='lat' dir='ltr'><strong>socii</strong></span> <span class='ocrx_word' id='word_1_499' title='bbox 1941 4025 2126 4078; x_wconf 90' lang='lat' dir='ltr'><strong>taliter</strong></span> <span class='ocrx_word' id='word_1_500' title='bbox 2155 4021 2604 4077; x_wconf 87' lang='lat' dir='ltr'><strong>conversantium</strong></span> <span class='ocrx_word' id='word_1_501' title='bbox 2644 4018 2847 4072; x_wconf 74' lang='lat' dir='ltr'><strong>effecti.</strong></span> <span class='ocrx_word' id='word_1_502' title='bbox 2876 4016 3007 4070; x_wconf 82' lang='lat' dir='ltr'><strong>Nam</strong></span> <span class='ocrx_word' id='word_1_503' title='bbox 3032 4028 3084 4072; x_wconf 90' lang='lat' dir='ltr'><strong>et</strong></span> <span class='ocrx_word' id='word_1_504' title='bbox 3112 4016 3348 4071; x_wconf 86' lang='lat' dir='ltr'><strong>vinculis</strong></span> 
     </span>
    </p>
   </div>
   <div class='ocr_carea' id='block_1_79' title="bbox 1776 4109 3351 4183">
    <p class='ocr_par' dir='ltr' id='par_1_79' title="bbox 1776 4109 3351 4183">
     <span class='ocr_line' id='line_1_79' title="bbox 1776 4109 3351 4183; baseline -0.005 -14"><span class='ocrx_word' id='word_1_505' title='bbox 1776 4114 1916 4170; x_wconf 89' lang='lat' dir='ltr'><strong>meis</strong></span> <span class='ocrx_word' id='word_1_506' title='bbox 1948 4113 2221 4183; x_wconf 89' lang='lat' dir='ltr'><strong>compassi</strong></span> <span class='ocrx_word' id='word_1_507' title='bbox 2253 4113 2408 4178; x_wconf 86' lang='lat' dir='ltr'><strong>estis,</strong></span> <span class='ocrx_word' id='word_1_508' title='bbox 2442 4117 2498 4165; x_wconf 92' lang='lat' dir='ltr'><strong>et</strong></span> <span class='ocrx_word' id='word_1_509' title='bbox 2529 4109 2774 4179; x_wconf 89' lang='lat' dir='ltr'><strong>rapinam</strong></span> <span class='ocrx_word' id='word_1_510' title='bbox 2827 4109 3095 4163; x_wconf 86' lang='lat' dir='ltr'><strong>bonorum</strong></span> <span class='ocrx_word' id='word_1_511' title='bbox 3138 4114 3351 4162; x_wconf 87' lang='lat' dir='ltr'><strong>vestro-</strong></span> 
     </span>
    </p>
   </div>
   <div class='ocr_carea' id='block_1_80' title="bbox 1775 4221 1946 4262">
    <p class='ocr_par' dir='ltr' id='par_1_80' title="bbox 1775 4221 1946 4262">
     <span class='ocr_line' id='line_1_80' title="bbox 1775 4221 1946 4262; baseline -0.023 0"><span class='ocrx_word' id='word_1_512' title='bbox 1775 4221 1896 4262; x_wconf 88' lang='lat' dir='ltr'><strong>rum</strong></span> <span class='ocrx_word' id='word_1_513' title='bbox 1927 4225 1946 4258; x_wconf 79' lang='grc' dir='ltr'><strong>Ι</strong></span> 
     </span>
    </p>
   </div>
   <div class='ocr_carea' id='block_1_81' title="bbox 1845 4292 3354 4366">
    <p class='ocr_par' dir='ltr' id='par_1_81' title="bbox 1845 4292 3354 4366">
     <span class='ocr_line' id='line_1_81' title="bbox 1845 4292 3354 4366; baseline -0.005 -13"><span class='ocrx_word' id='word_1_514' title='bbox 1845 4299 2114 4366; x_wconf 87' lang='lat' dir='ltr'><strong>Quoniam</strong></span> <span class='ocrx_word' id='word_1_515' title='bbox 2145 4296 2544 4352; x_wconf 81' lang='lat' dir='ltr'><strong>deﬁciebantur</strong></span> <span class='ocrx_word' id='word_1_516' title='bbox 2575 4295 2646 4350; x_wconf 90' lang='lat' dir='ltr'><strong>ob</strong></span> <span class='ocrx_word' id='word_1_517' title='bbox 2681 4294 3027 4358; x_wconf 85' lang='lat' dir='ltr'><strong>amictiones,</strong></span> <span class='ocrx_word' id='word_1_518' title='bbox 3053 4292 3176 4346; x_wconf 81' lang='lat' dir='ltr'><strong>vide</strong></span> <span class='ocrx_word' id='word_1_519' title='bbox 3213 4305 3354 4361; x_wconf 60' lang='lat' dir='ltr'><strong>quo.</strong></span> 
     </span>
    </p>
   </div>
   <div class='ocr_carea' id='block_1_82' title="bbox 97 4357 1672 4456">
    <p class='ocr_par' dir='ltr' id='par_1_82' title="bbox 97 4357 1672 4442">
     <span class='ocr_line' id='line_1_82' title="bbox 97 4357 1672 4442; baseline 0.015 -33"><span class='ocrx_word' id='word_1_520' title='bbox 97 4357 220 4420; x_wconf 80' lang='grc' dir='ltr'><strong>πῶς</strong></span> <span class='ocrx_word' id='word_1_521' title='bbox 267 4357 470 4423; x_wconf 78' lang='grc' dir='ltr'>αὑτοὺς</span> <span class='ocrx_word' id='word_1_522' title='bbox 511 4363 946 4434; x_wconf 86' lang='grc' dir='ltr'>παραμυθεῖται.</span> <span class='ocrx_word' id='word_1_523' title='bbox 986 4368 1211 4438; x_wconf 86' lang='grc' dir='ltr'>Πρῶτον</span> <span class='ocrx_word' id='word_1_524' title='bbox 1266 4374 1366 4442; x_wconf 85' lang='grc' dir='ltr'>μὲν</span> <span class='ocrx_word' id='word_1_525' title='bbox 1412 4376 1521 4430; x_wconf 84' lang='grc' dir='ltr'><strong>ἀπὸ</strong></span> <span class='ocrx_word' id='word_1_526' title='bbox 1563 4357 1672 4432; x_wconf 81' lang='grc' dir='ltr'>τῶν</span> 
     </span>
    </p>
   </div>
   <div class='ocr_carea' id='block_1_83' title="bbox 1791 4357 3345 4456">
    <p class='ocr_par' dir='ltr' id='par_1_83' title="bbox 1791 4381 3345 4456">
     <span class='ocr_line' id='line_1_83' title="bbox 1791 4381 3345 4456; baseline -0.006 -12"><span class='ocrx_word' id='word_1_527' title='bbox 1791 4391 1937 4444; x_wconf 88' lang='lat' dir='ltr'><strong>nodo</strong></span> <span class='ocrx_word' id='word_1_528' title='bbox 1953 4405 2048 4444; x_wconf 92' lang='lat' dir='ltr'><strong>eos</strong></span> <span class='ocrx_word' id='word_1_529' title='bbox 2069 4388 2414 4450; x_wconf 86' lang='lat' dir='ltr'><strong>consolatur,</strong></span> <span class='ocrx_word' id='word_1_530' title='bbox 2435 4401 2500 4440; x_wconf 90' lang='lat' dir='ltr'><strong>ac</strong></span> <span class='ocrx_word' id='word_1_531' title='bbox 2531 4385 2765 4456; x_wconf 87' lang='lat' dir='ltr'><strong>primum</strong></span> <span class='ocrx_word' id='word_1_532' title='bbox 2791 4383 3009 4454; x_wconf 88' lang='lat' dir='ltr'><strong>quidem</strong></span> <span class='ocrx_word' id='word_1_533' title='bbox 3032 4383 3102 4437; x_wconf 90' lang='lat' dir='ltr'><strong>ab</strong></span> <span class='ocrx_word' id='word_1_534' title='bbox 3131 4381 3345 4437; x_wconf 89' lang='lat' dir='ltr'><strong>iisdem.</strong></span> 
     </span>
    </p>
   </div>
   <div class='ocr_carea' id='block_1_84' title="bbox 95 4447 1672 4549">
    <p class='ocr_par' dir='ltr' id='par_1_84' title="bbox 95 4447 1672 4538">
     <span class='ocr_line' id='line_1_84' title="bbox 95 4447 1672 4538; baseline 0.015 -37"><span class='ocrx_word' id='word_1_535' title='bbox 95 4447 300 4502; x_wconf 80' lang='grc' dir='ltr'>αὑτῶν·</span> <span class='ocrx_word' id='word_1_536' title='bbox 334 4451 889 4523; x_wconf 78' lang='grc' dir='ltr'>Ἀναμιμνήσκεσθε</span> <span class='ocrx_word' id='word_1_537' title='bbox 917 4459 1045 4529; x_wconf 78' lang='grc' dir='ltr'>γὰρ,</span> <span class='ocrx_word' id='word_1_538' title='bbox 1079 4463 1229 4530; x_wconf 72' lang='grc' dir='ltr'>φησὶ,</span> <span class='ocrx_word' id='word_1_539' title='bbox 1257 4464 1359 4531; x_wconf 82' lang='grc' dir='ltr'>τὰς</span> <span class='ocrx_word' id='word_1_540' title='bbox 1387 4469 1672 4538; x_wconf 79' lang='grc' dir='ltr'>πρότερον</span> 
     </span>
    </p>
   </div>
   <div class='ocr_carea' id='block_1_85' title="bbox 1791 4447 3350 4549">
    <p class='ocr_par' dir='ltr' id='par_1_85' title="bbox 1791 4447 3350 4549">
     <span class='ocr_line' id='line_1_85' title="bbox 1791 4447 3350 4549; baseline -0.003 -16"><span class='ocrx_word' id='word_1_541' title='bbox 1791 4479 2255 4545; x_wconf 78' lang='lat' dir='ltr'><strong>Rentemoramini,</strong></span> <span class='ocrx_word' id='word_1_542' title='bbox 2291 4479 2508 4549; x_wconf 89' lang='lat' dir='ltr'><strong>inquit,</strong></span> <span class='ocrx_word' id='word_1_543' title='bbox 2531 4447 2812 4546; x_wconf 51' lang='lat' dir='ltr'><strong>.pristiuos</strong></span> <span class='ocrx_word' id='word_1_544' title='bbox 2858 4476 2990 4529; x_wconf 77' lang='lat' dir='ltr'><strong>dies.</strong></span> <span class='ocrx_word' id='word_1_545' title='bbox 3047 4472 3252 4529; x_wconf 90' lang='lat' dir='ltr'><strong>Deinde</strong></span> <span class='ocrx_word' id='word_1_546' title='bbox 3281 4473 3350 4528; x_wconf 85' lang='lat' dir='ltr'><strong>ab</strong></span> 
     </span>
    </p>
   </div>
   <div class='ocr_carea' id='block_1_86' title="bbox 94 4540 1672 4645">
    <p class='ocr_par' dir='ltr' id='par_1_86' title="bbox 94 4540 1671 4628">
     <span class='ocr_line' id='line_1_86' title="bbox 94 4540 1671 4628; baseline 0.013 -34"><span class='ocrx_word' id='word_1_547' title='bbox 94 4540 350 4610; x_wconf 76' lang='grc' dir='ltr'>ἡμέρας.</span> <span class='ocrx_word' id='word_1_548' title='bbox 385 4544 618 4598; x_wconf 82' lang='grc' dir='ltr'>Ἔπειτα</span> <span class='ocrx_word' id='word_1_549' title='bbox 650 4547 760 4600; x_wconf 81' lang='grc' dir='ltr'><strong>ἀπὸ</strong></span> <span class='ocrx_word' id='word_1_550' title='bbox 806 4550 905 4618; x_wconf 78' lang='grc' dir='ltr'>τῆς</span> <span class='ocrx_word' id='word_1_551' title='bbox 941 4552 1162 4622; x_wconf 70' lang='grc' dir='ltr'>Γραφῆς</span> <span class='ocrx_word' id='word_1_552' title='bbox 1208 4555 1573 4628; x_wconf 75' lang='grc' dir='ltr'>λεγούσης,⁹0</span> <span class='ocrx_word' id='word_1_553' title='bbox 1605 4561 1671 4615; x_wconf 79' lang='grc' dir='ltr'>δὲ</span> 
     </span>
    </p>
   </div>
   <div class='ocr_carea' id='block_1_87' title="bbox 1791 4540 3352 4645">
    <p class='ocr_par' dir='ltr' id='par_1_87' title="bbox 1791 4565 3352 4642">
     <span class='ocr_line' id='line_1_87' title="bbox 1791 4565 3352 4642; baseline -0.005 -16"><span class='ocrx_word' id='word_1_554' title='bbox 1791 4573 2103 4627; x_wconf 65' lang='lat' dir='ltr'><strong>auctoritate</strong></span> <span class='ocrx_word' id='word_1_555' title='bbox 2131 4573 2454 4642; x_wconf 69' lang='lat' dir='ltr'><strong>Scriptum,</strong></span> <span class='ocrx_word' id='word_1_556' title='bbox 2489 4585 2611 4639; x_wconf 74' lang='lat' dir='ltr'><strong>qua:</strong></span> <span class='ocrx_word' id='word_1_557' title='bbox 2645 4568 2780 4623; x_wconf 81' lang='lat' dir='ltr'><strong>dicit</strong></span> <span class='ocrx_word' id='word_1_558' title='bbox 2811 4586 2824 4621; x_wconf 92' lang='lat'><strong>:</strong></span> <span class='ocrx_word' id='word_1_559' title='bbox 2857 4565 3049 4620; x_wconf 77' lang='lat' dir='ltr'><strong>Justus</strong></span> <span class='ocrx_word' id='word_1_560' title='bbox 3083 4577 3261 4621; x_wconf 84' lang='lat' dir='ltr'><strong>autem</strong></span> <span class='ocrx_word' id='word_1_561' title='bbox 3286 4581 3352 4619; x_wconf 72' lang='lat' dir='ltr'><strong>ex</strong></span> 
     </span>
    </p>
   </div>
   <div class='ocr_carea' id='block_1_88' title="bbox 94 4631 1674 4722">
    <p class='ocr_par' dir='ltr' id='par_1_88' title="bbox 94 4631 1674 4722">
     <span class='ocr_line' id='line_1_88' title="bbox 94 4631 1674 4722; baseline 0.016 -39"><span class='ocrx_word' id='word_1_562' title='bbox 94 4631 336 4700; x_wconf 75' lang='grc' dir='ltr'>δίκαιος</span> <span class='ocrx_word' id='word_1_563' title='bbox 381 4633 448 4687; x_wconf 82' lang='grc' dir='ltr'>ἐκ</span> <span class='ocrx_word' id='word_1_564' title='bbox 473 4637 731 4704; x_wconf 85' lang='grc' dir='ltr'>πίστεως</span> <span class='ocrx_word' id='word_1_565' title='bbox 791 4640 1048 4708; x_wconf 72' lang='grc' dir='ltr'>ζήσεται,</span> <span class='ocrx_word' id='word_1_566' title='bbox 1107 4645 1333 4700; x_wconf 84' lang='grc' dir='ltr'>Ἔπειτα</span> <span class='ocrx_word' id='word_1_567' title='bbox 1375 4651 1483 4702; x_wconf 82' lang='grc' dir='ltr'><strong>ἀπὸ</strong></span> <span class='ocrx_word' id='word_1_568' title='bbox 1526 4652 1674 4722; x_wconf 85' lang='grc' dir='ltr'>λογι-</span> 
     </span>
    </p>
   </div>
   <div class='ocr_carea' id='block_1_89' title="bbox 99 4727 1672 4808">
    <p class='ocr_par' dir='ltr' id='par_1_89' title="bbox 99 4727 1672 4808">
     <span class='ocr_line' id='line_1_89' title="bbox 99 4727 1672 4808; baseline 0.015 -32"><span class='ocrx_word' id='word_1_569' title='bbox 99 4727 280 4794; x_wconf 83' lang='grc' dir='ltr'>σμῶν,</span> <span class='ocrx_word' id='word_1_570' title='bbox 314 4727 504 4791; x_wconf 85' lang='grc' dir='ltr'>εἰπὼν,</span> <span class='ocrx_word' id='word_1_571' title='bbox 539 4730 618 4782; x_wconf 83' lang='grc' dir='ltr'><strong>ὅτι</strong></span> <span class='ocrx_word' id='word_1_572' title='bbox 651 4733 815 4785; x_wconf 82' lang='grc' dir='ltr'>Ἔστι</span> <span class='ocrx_word' id='word_1_573' title='bbox 850 4735 1053 4800; x_wconf 80' lang='grc' dir='ltr'>πίστις</span> <span class='ocrx_word' id='word_1_574' title='bbox 1091 4736 1490 4808; x_wconf 74' lang='grc' dir='ltr'>ἐλπιζομένων</span> <span class='ocrx_word' id='word_1_575' title='bbox 1522 4747 1672 4799; x_wconf 80' lang='grc' dir='ltr'>ὑπό·-</span> 
     </span>
    </p>
   </div>
   <div class='ocr_carea' id='block_1_90' title="bbox 97 4821 1672 4900">
    <p class='ocr_par' dir='ltr' id='par_1_90' title="bbox 97 4821 1672 4900">
     <span class='ocr_line' id='line_1_90' title="bbox 97 4821 1672 4900; baseline 0.015 -32"><span class='ocrx_word' id='word_1_576' title='bbox 97 4832 324 4884; x_wconf 83' lang='grc' dir='ltr'>στασις</span> <span class='ocrx_word' id='word_1_577' title='bbox 347 4821 720 4889; x_wconf 79' lang='grc' dir='ltr'>πραγμάτων,</span> <span class='ocrx_word' id='word_1_578' title='bbox 752 4824 1004 4895; x_wconf 76' lang='grc' dir='ltr'>ἐλεγχος</span> <span class='ocrx_word' id='word_1_579' title='bbox 1026 4829 1098 4882; x_wconf 88' lang='grc' dir='ltr'>οὐ</span> <span class='ocrx_word' id='word_1_580' title='bbox 1117 4830 1531 4900; x_wconf 76' lang='grc' dir='ltr'>βλεπομένων.</span> <span class='ocrx_word' id='word_1_581' title='bbox 1563 4841 1672 4893; x_wconf 80' lang='grc' dir='ltr'><strong>Καὶ</strong></span> 
     </span>
    </p>
   </div>
   <div class='ocr_carea' id='block_1_91' title="bbox 97 4910 1672 5001">
    <p class='ocr_par' dir='ltr' id='par_1_91' title="bbox 97 4910 1672 5001">
     <span class='ocr_line' id='line_1_91' title="bbox 97 4910 1672 5001; baseline 0.012 -37"><span class='ocrx_word' id='word_1_582' title='bbox 97 4910 270 4964; x_wconf 81' lang='grc' dir='ltr'>πάλιν</span> <span class='ocrx_word' id='word_1_583' title='bbox 301 4911 411 4964; x_wconf 83' lang='grc' dir='ltr'><strong>ἀπὸ</strong></span> <span class='ocrx_word' id='word_1_584' title='bbox 461 4913 568 4966; x_wconf 84' lang='grc' dir='ltr'><strong>τῶν</strong></span> <span class='ocrx_word' id='word_1_585' title='bbox 613 4918 974 4987; x_wconf 78' lang='grc' dir='ltr'>προπατόρων</span> <span class='ocrx_word' id='word_1_586' title='bbox 1021 4920 1130 4972; x_wconf 86' lang='grc' dir='ltr'><strong>τῶν</strong></span> <span class='ocrx_word' id='word_1_587' title='bbox 1164 4925 1418 4991; x_wconf 82' lang='grc' dir='ltr'>μεγάλων</span> <span class='ocrx_word' id='word_1_588' title='bbox 1463 4929 1672 5001; x_wconf 83' lang='grc' dir='ltr'>ἀνδρῶν</span> 
     </span>
    </p>
   </div>
   <div class='ocr_carea' id='block_1_92' title="bbox 96 5003 1671 5093">
    <p class='ocr_par' dir='ltr' id='par_1_92' title="bbox 96 5003 1671 5093">
     <span class='ocr_line' id='line_1_92' title="bbox 96 5003 1671 5093; baseline 0.013 -38"><span class='ocrx_word' id='word_1_589' title='bbox 96 5003 330 5056; x_wconf 82' lang='grc' dir='ltr'>ἐκείνων</span> <span class='ocrx_word' id='word_1_590' title='bbox 369 5006 462 5057; x_wconf 82' lang='grc' dir='ltr'><strong>καὶ</strong></span> <span class='ocrx_word' id='word_1_591' title='bbox 510 5007 858 5076; x_wconf 85' lang='grc' dir='ltr'>θαυμαστῶν.</span> <span class='ocrx_word' id='word_1_592' title='bbox 906 5010 1143 5077; x_wconf 74' lang='grc' dir='ltr'>Εἰκότως</span> <span class='ocrx_word' id='word_1_593' title='bbox 1170 5015 1226 5068; x_wconf 82' lang='grc' dir='ltr'>δὲ</span> <span class='ocrx_word' id='word_1_594' title='bbox 1275 5018 1489 5087; x_wconf 83' lang='grc' dir='ltr'>πρῶτον</span> <span class='ocrx_word' id='word_1_595' title='bbox 1537 5039 1671 5093; x_wconf 88' lang='grc' dir='ltr'>μνη-</span> 
     </span>
    </p>
   </div>
   <div class='ocr_carea' id='block_1_93' title="bbox 101 5093 1672 5177">
    <p class='ocr_par' dir='ltr' id='par_1_93' title="bbox 101 5093 1672 5177">
     <span class='ocr_line' id='line_1_93' title="bbox 101 5093 1672 5177; baseline 0.014 -33"><span class='ocrx_word' id='word_1_596' title='bbox 101 5093 325 5160; x_wconf 83' lang='grc' dir='ltr'>μονεύει</span> <span class='ocrx_word' id='word_1_597' title='bbox 370 5095 463 5148; x_wconf 82' lang='grc' dir='ltr'>τοῦ</span> <span class='ocrx_word' id='word_1_598' title='bbox 499 5096 686 5162; x_wconf 79' lang='grc' dir='ltr'>Ἀδελ,</span> <span class='ocrx_word' id='word_1_599' title='bbox 738 5101 1002 5173; x_wconf 87' lang='grc' dir='ltr'>πρότερον</span> <span class='ocrx_word' id='word_1_600' title='bbox 1049 5105 1189 5177; x_wconf 75' lang='grc' dir='ltr'>ὑπὲρ</span> <span class='ocrx_word' id='word_1_601' title='bbox 1231 5109 1512 5175; x_wconf 80' lang='grc' dir='ltr'>εὐσεϐείας</span> <span class='ocrx_word' id='word_1_602' title='bbox 1540 5114 1672 5166; x_wconf 63' lang='grc' dir='ltr'>ἀπο-</span> 
     </span>
    </p>
   </div>
   <div class='ocr_carea' id='block_1_94' title="bbox 98 5183 1668 5271">
    <p class='ocr_par' dir='ltr' id='par_1_94' title="bbox 98 5183 1668 5271">
     <span class='ocr_line' id='line_1_94' title="bbox 98 5183 1668 5271; baseline 0.016 -36"><span class='ocrx_word' id='word_1_603' title='bbox 98 5183 392 5248; x_wconf 87' lang='grc' dir='ltr'>θανόντος·</span> <span class='ocrx_word' id='word_1_604' title='bbox 439 5187 695 5259; x_wconf 82' lang='grc' dir='ltr'>δεύτερον</span> <span class='ocrx_word' id='word_1_605' title='bbox 738 5191 910 5264; x_wconf 84' lang='grc' dir='ltr'>Ἑνὼχ</span> <span class='ocrx_word' id='word_1_606' title='bbox 931 5195 997 5248; x_wconf 87' lang='grc' dir='ltr'>δι’</span> <span class='ocrx_word' id='word_1_607' title='bbox 1023 5197 1308 5253; x_wconf 77' lang='grc' dir='ltr'>εὐσέϐειαν</span> <span class='ocrx_word' id='word_1_608' title='bbox 1348 5205 1668 5271; x_wconf 82' lang='grc' dir='ltr'>μετατεθέν-</span> 
     </span>
    </p>
   </div>
   <div class='ocr_carea' id='block_1_95' title="bbox 95 5275 1672 5366">
    <p class='ocr_par' dir='ltr' id='par_1_95' title="bbox 95 5275 1672 5366">
     <span class='ocr_line' id='line_1_95' title="bbox 95 5275 1672 5366; baseline 0.015 -41"><span class='ocrx_word' id='word_1_609' title='bbox 95 5290 212 5339; x_wconf 88' lang='grc' dir='ltr'>τος.</span> <span class='ocrx_word' id='word_1_610' title='bbox 249 5275 462 5340; x_wconf 78' lang='grc' dir='ltr'>δεικνὺς</span> <span class='ocrx_word' id='word_1_611' title='bbox 484 5280 766 5347; x_wconf 79' lang='grc' dir='ltr'>’ἐσομένας</span> <span class='ocrx_word' id='word_1_612' title='bbox 813 5287 1033 5348; x_wconf 82' lang='grc' dir='ltr'>πάντως</span> <span class='ocrx_word' id='word_1_613' title='bbox 1065 5287 1165 5350; x_wconf 86' lang='grc' dir='ltr'><strong>τάς</strong></span> <span class='ocrx_word' id='word_1_614' title='bbox 1195 5290 1429 5359; x_wconf 78' lang='grc' dir='ltr'>ἀμοιϐάς</span> <span class='ocrx_word' id='word_1_615' title='bbox 1448 5311 1460 5323; x_wconf 90' lang='grc'>·</span> <span class='ocrx_word' id='word_1_616' title='bbox 1491 5298 1672 5366; x_wconf 84' lang='grc' dir='ltr'>τρίτον</span> 
     </span>
    </p>
   </div>
   <div class='ocr_carea' id='block_1_96' title="bbox 96 5366 1599 5452">
    <p class='ocr_par' dir='ltr' id='par_1_96' title="bbox 96 5366 1599 5452">
     <span class='ocr_line' id='line_1_96' title="bbox 96 5366 1599 5452; baseline 0.019 -38"><span class='ocrx_word' id='word_1_617' title='bbox 96 5366 250 5432; x_wconf 75' lang='grc' dir='ltr'>Νῶε,</span> <span class='ocrx_word' id='word_1_618' title='bbox 281 5369 684 5441; x_wconf 79' lang='grc' dir='ltr'>κολαζομένους</span> <span class='ocrx_word' id='word_1_619' title='bbox 714 5374 928 5440; x_wconf 78' lang='grc' dir='ltr'>δεικνὺς</span> <span class='ocrx_word' id='word_1_620' title='bbox 955 5380 1082 5443; x_wconf 85' lang='grc' dir='ltr'>τοὺς</span> <span class='ocrx_word' id='word_1_621' title='bbox 1118 5381 1192 5452; x_wconf 79' lang='grc' dir='ltr'>μὴ</span> <span class='ocrx_word' id='word_1_622' title='bbox 1223 5385 1599 5452; x_wconf 81' lang='grc' dir='ltr'>πιστεύοντας.</span> 
     </span>
    </p>
   </div>
   <div class='ocr_carea' id='block_1_97' title="bbox 152 5683 1320 5764">
    <p class='ocr_par' dir='ltr' id='par_1_97' title="bbox 152 5683 1320 5764">
     <span class='ocr_line' id='line_1_97' title="bbox 152 5683 1320 5764; baseline 0.013 -26"><span class='ocrx_word' id='word_1_623' title='bbox 152 5683 177 5716; x_wconf 82' lang='grc'><strong><em>⁹</em></strong></span> <span class='ocrx_word' id='word_1_624' title='bbox 222 5685 414 5742; x_wconf 81' lang='lat' dir='ltr'><strong>Matth.</strong></span> <span class='ocrx_word' id='word_1_625' title='bbox 460 5704 610 5751; x_wconf 79' lang='lat' dir='ltr'><strong>xvnt,</strong></span> <span class='ocrx_word' id='word_1_626' title='bbox 639 5689 730 5744; x_wconf 78' lang='lat'><strong>‘20.</strong></span> <span class='ocrx_word' id='word_1_627' title='bbox 816 5691 859 5721; x_wconf 85' lang='grc'><strong>¹⁶</strong></span> <span class='ocrx_word' id='word_1_628' title='bbox 922 5691 1125 5746; x_wconf 85' lang='lat' dir='ltr'><strong>llabac.</strong></span> <span class='ocrx_word' id='word_1_629' title='bbox 1173 5713 1228 5764; x_wconf 87' lang='lat' dir='ltr'><strong>tt,</strong></span> <span class='ocrx_word' id='word_1_630' title='bbox 1270 5699 1320 5753; x_wconf 76' lang='grc'>4.</span> 
     </span>
    </p>
   </div>
   <div class='ocr_carea' id='block_1_98' title="bbox 1777 4657 3346 4737">
    <p class='ocr_par' dir='ltr' id='par_1_98' title="bbox 1777 4657 3346 4737">
     <span class='ocr_line' id='line_1_98' title="bbox 1777 4657 3346 4737; baseline -0.005 -17"><span class='ocrx_word' id='word_1_631' title='bbox 1777 4668 1881 4737; x_wconf 75' lang='lat' dir='ltr'><strong>ﬁde</strong></span> <span class='ocrx_word' id='word_1_632' title='bbox 1902 4668 2031 4720; x_wconf 82' lang='lat' dir='ltr'><strong>vivet</strong></span> <span class='ocrx_word' id='word_1_633' title='bbox 2057 4665 2120 4718; x_wconf 87' lang='grc'>¹⁰.</span> <span class='ocrx_word' id='word_1_634' title='bbox 2149 4662 2419 4717; x_wconf 61' lang='lat' dir='ltr'><strong>Praeterea</strong></span> <span class='ocrx_word' id='word_1_635' title='bbox 2452 4662 2694 4715; x_wconf 86' lang='lat' dir='ltr'><strong>rationes</strong></span> <span class='ocrx_word' id='word_1_636' title='bbox 2717 4658 3048 4727; x_wconf 88' lang='lat' dir='ltr'><strong>adjicieudo,</strong></span> <span class='ocrx_word' id='word_1_637' title='bbox 3077 4657 3205 4712; x_wconf 91' lang='lat' dir='ltr'><strong>dum</strong></span> <span class='ocrx_word' id='word_1_638' title='bbox 3236 4659 3346 4712; x_wconf 88' lang='lat' dir='ltr'><strong>ait:</strong></span> 
     </span>
    </p>
   </div>
   <div class='ocr_carea' id='block_1_99' title="bbox 1783 4750 3350 4828">
    <p class='ocr_par' dir='ltr' id='par_1_99' title="bbox 1783 4750 3350 4828">
     <span class='ocr_line' id='line_1_99' title="bbox 1783 4750 3350 4828; baseline -0.009 -15"><span class='ocrx_word' id='word_1_639' title='bbox 1783 4758 1878 4813; x_wconf 78' lang='lat' dir='ltr'><strong>Est</strong></span> <span class='ocrx_word' id='word_1_640' title='bbox 1905 4757 2035 4828; x_wconf 76' lang='lat' dir='ltr'><strong>ﬁdes</strong></span> <span class='ocrx_word' id='word_1_641' title='bbox 2071 4754 2455 4825; x_wconf 81' lang='lat' dir='ltr'><strong>sperandarum</strong></span> <span class='ocrx_word' id='word_1_642' title='bbox 2486 4750 2788 4805; x_wconf 81' lang='lat' dir='ltr'><strong>substantia</strong></span> <span class='ocrx_word' id='word_1_643' title='bbox 2837 4766 3034 4810; x_wconf 88' lang='lat' dir='ltr'><strong>rerum,</strong></span> <span class='ocrx_word' id='word_1_644' title='bbox 3068 4765 3350 4818; x_wconf 81' lang='lat' dir='ltr'><strong>argumen-</strong></span> 
     </span>
    </p>
   </div>
   <div class='ocr_carea' id='block_1_100' title="bbox 1779 4838 3352 4914">
    <p class='ocr_par' dir='ltr' id='par_1_100' title="bbox 1779 4838 3352 4914">
     <span class='ocr_line' id='line_1_100' title="bbox 1779 4838 3352 4914; baseline -0.008 -14"><span class='ocrx_word' id='word_1_645' title='bbox 1779 4860 1891 4900; x_wconf 87' lang='lat' dir='ltr'><strong>tum</strong></span> <span class='ocrx_word' id='word_1_646' title='bbox 1919 4863 2021 4900; x_wconf 90' lang='lat' dir='ltr'><strong>non</strong></span> <span class='ocrx_word' id='word_1_647' title='bbox 2049 4844 2438 4914; x_wconf 82' lang='lat' dir='ltr'><strong>apparentium.</strong></span> <span class='ocrx_word' id='word_1_648' title='bbox 2489 4840 2734 4909; x_wconf 85' lang='lat' dir='ltr'><strong>Itemque</strong></span> <span class='ocrx_word' id='word_1_649' title='bbox 2765 4853 2796 4892; x_wconf 92' lang='lat' dir='ltr'><strong>a</strong></span> <span class='ocrx_word' id='word_1_650' title='bbox 2838 4838 3144 4908; x_wconf 82' lang='lat' dir='ltr'><strong>majoribus</strong></span> <span class='ocrx_word' id='word_1_651' title='bbox 3168 4844 3222 4891; x_wconf 90' lang='lat' dir='ltr'><strong>et</strong></span> <span class='ocrx_word' id='word_1_652' title='bbox 3257 4851 3352 4906; x_wconf 89' lang='lat' dir='ltr'><strong>pa-</strong></span> 
     </span>
    </p>
   </div>
   <div class='ocr_carea' id='block_1_101' title="bbox 1778 4927 3348 5006">
    <p class='ocr_par' dir='ltr' id='par_1_101' title="bbox 1778 4927 3348 5006">
     <span class='ocr_line' id='line_1_101' title="bbox 1778 4927 3348 5006; baseline -0.008 -11"><span class='ocrx_word' id='word_1_653' title='bbox 1778 4941 2049 5004; x_wconf 88' lang='lat' dir='ltr'><strong>rentibus,</strong></span> <span class='ocrx_word' id='word_1_654' title='bbox 2086 4935 2298 5006; x_wconf 79' lang='lat' dir='ltr'><strong>magnis</strong></span> <span class='ocrx_word' id='word_1_655' title='bbox 2344 4933 2558 4990; x_wconf 88' lang='lat' dir='ltr'><strong>scilicet</strong></span> <span class='ocrx_word' id='word_1_656' title='bbox 2583 4942 2637 4988; x_wconf 92' lang='lat' dir='ltr'><strong>et</strong></span> <span class='ocrx_word' id='word_1_657' title='bbox 2662 4930 3004 4986; x_wconf 89' lang='lat' dir='ltr'><strong>admirandis</strong></span> <span class='ocrx_word' id='word_1_658' title='bbox 3042 4929 3153 4985; x_wconf 91' lang='lat' dir='ltr'><strong>illis</strong></span> <span class='ocrx_word' id='word_1_659' title='bbox 3191 4927 3348 4982; x_wconf 86' lang='lat' dir='ltr'><strong>viris.</strong></span> 
     </span>
    </p>
   </div>
   <div class='ocr_carea' id='block_1_102' title="bbox 1779 5018 3351 5099">
    <p class='ocr_par' dir='ltr' id='par_1_102' title="bbox 1779 5018 3351 5099">
     <span class='ocr_line' id='line_1_102' title="bbox 1779 5018 3351 5099; baseline -0.011 -12"><span class='ocrx_word' id='word_1_660' title='bbox 1779 5035 1855 5087; x_wconf 84' lang='lat' dir='ltr'><strong>Ac</strong></span> <span class='ocrx_word' id='word_1_661' title='bbox 1894 5031 2090 5087; x_wconf 88' lang='lat' dir='ltr'><strong>merito</strong></span> <span class='ocrx_word' id='word_1_662' title='bbox 2145 5028 2366 5099; x_wconf 87' lang='lat' dir='ltr'><strong>quidem</strong></span> <span class='ocrx_word' id='word_1_663' title='bbox 2419 5027 2598 5096; x_wconf 91' lang='lat' dir='ltr'><strong>primo</strong></span> <span class='ocrx_word' id='word_1_664' title='bbox 2661 5025 2780 5078; x_wconf 93' lang='lat' dir='ltr'><strong>loco</strong></span> <span class='ocrx_word' id='word_1_665' title='bbox 2841 5023 3167 5077; x_wconf 90' lang='lat' dir='ltr'><strong>mentionem</strong></span> <span class='ocrx_word' id='word_1_666' title='bbox 3219 5018 3351 5073; x_wconf 88' lang='lat' dir='ltr'><strong>facit</strong></span> 
     </span>
    </p>
   </div>
   <div class='ocr_carea' id='block_1_103' title="bbox 1773 5111 3348 5194">
    <p class='ocr_par' dir='ltr' id='par_1_103' title="bbox 1773 5111 3348 5194">
     <span class='ocr_line' id='line_1_103' title="bbox 1773 5111 3348 5194; baseline -0.01 -15"><span class='ocrx_word' id='word_1_667' title='bbox 1773 5124 1929 5185; x_wconf 82' lang='lat' dir='ltr'><strong>Abel,</strong></span> <span class='ocrx_word' id='word_1_668' title='bbox 1969 5123 2063 5194; x_wconf 91' lang='lat' dir='ltr'><strong>qui</strong></span> <span class='ocrx_word' id='word_1_669' title='bbox 2112 5121 2324 5192; x_wconf 85' lang='lat' dir='ltr'><strong>primus</strong></span> <span class='ocrx_word' id='word_1_670' title='bbox 2360 5119 2464 5173; x_wconf 90' lang='lat' dir='ltr'><strong>fuit</strong></span> <span class='ocrx_word' id='word_1_671' title='bbox 2499 5134 2688 5174; x_wconf 89' lang='lat' dir='ltr'><strong>eorum</strong></span> <span class='ocrx_word' id='word_1_672' title='bbox 2722 5117 2813 5186; x_wconf 88' lang='lat' dir='ltr'><strong>qui</strong></span> <span class='ocrx_word' id='word_1_673' title='bbox 2850 5130 2948 5184; x_wconf 92' lang='lat' dir='ltr'><strong>pro</strong></span> <span class='ocrx_word' id='word_1_674' title='bbox 2975 5127 3102 5167; x_wconf 86' lang='lat' dir='ltr'><strong>vera</strong></span> <span class='ocrx_word' id='word_1_675' title='bbox 3145 5111 3348 5180; x_wconf 85' lang='lat' dir='ltr'><strong>pietate</strong></span> 
     </span>
    </p>
   </div>
   <div class='ocr_carea' id='block_1_104' title="bbox 1773 5203 3348 5281">
    <p class='ocr_par' dir='ltr' id='par_1_104' title="bbox 1773 5203 3348 5281">
     <span class='ocr_line' id='line_1_104' title="bbox 1773 5203 3348 5281; baseline -0.011 -11"><span class='ocrx_word' id='word_1_676' title='bbox 1773 5217 1973 5272; x_wconf 91' lang='lat' dir='ltr'><strong>mortui</strong></span> <span class='ocrx_word' id='word_1_677' title='bbox 2009 5225 2188 5279; x_wconf 72' lang='lat' dir='ltr'><strong>sunt;</strong></span> <span class='ocrx_word' id='word_1_678' title='bbox 2241 5213 2484 5269; x_wconf 86' lang='lat' dir='ltr'><strong>secundo</strong></span> <span class='ocrx_word' id='word_1_679' title='bbox 2540 5211 2694 5281; x_wconf 88' lang='lat' dir='ltr'><strong>ponit</strong></span> <span class='ocrx_word' id='word_1_680' title='bbox 2749 5207 2957 5272; x_wconf 85' lang='lat' dir='ltr'><strong>Euoch,</strong></span> <span class='ocrx_word' id='word_1_681' title='bbox 2989 5203 3082 5273; x_wconf 91' lang='lat' dir='ltr'><strong>qui</strong></span> <span class='ocrx_word' id='word_1_682' title='bbox 3126 5211 3348 5270; x_wconf 88' lang='lat' dir='ltr'><strong>propter</strong></span> 
     </span>
    </p>
   </div>
   <div class='ocr_carea' id='block_1_105' title="bbox 1773 5298 3348 5378">
    <p class='ocr_par' dir='ltr' id='par_1_105' title="bbox 1773 5298 3348 5378">
     <span class='ocr_line' id='line_1_105' title="bbox 1773 5298 3348 5378; baseline -0.013 -14"><span class='ocrx_word' id='word_1_683' title='bbox 1773 5311 2027 5378; x_wconf 86' lang='lat' dir='ltr'><strong>pietatem</strong></span> <span class='ocrx_word' id='word_1_684' title='bbox 2071 5307 2368 5362; x_wconf 87' lang='lat' dir='ltr'><strong>translatus</strong></span> <span class='ocrx_word' id='word_1_685' title='bbox 2422 5305 2524 5358; x_wconf 91' lang='lat' dir='ltr'><strong>fuit</strong></span> <span class='ocrx_word' id='word_1_686' title='bbox 2571 5323 2582 5358; x_wconf 88' lang='lat'><strong><em>:</em></strong></span> <span class='ocrx_word' id='word_1_687' title='bbox 2622 5302 2711 5356; x_wconf 89' lang='lat' dir='ltr'><strong>ubi</strong></span> <span class='ocrx_word' id='word_1_688' title='bbox 2757 5298 2981 5351; x_wconf 87' lang='lat' dir='ltr'><strong>omnino</strong></span> <span class='ocrx_word' id='word_1_689' title='bbox 3030 5309 3348 5349; x_wconf 83' lang='lat' dir='ltr'><strong>remunera-</strong></span> 
     </span>
    </p>
   </div>
   <div class='ocr_carea' id='block_1_106' title="bbox 1773 5382 3347 5460">
    <p class='ocr_par' dir='ltr' id='par_1_106' title="bbox 1773 5382 3347 5460">
     <span class='ocr_line' id='line_1_106' title="bbox 1773 5382 3347 5460; baseline -0.013 -6"><span class='ocrx_word' id='word_1_690' title='bbox 1773 5405 1954 5458; x_wconf 84' lang='lat' dir='ltr'><strong>tiones</strong></span> <span class='ocrx_word' id='word_1_691' title='bbox 1989 5402 2104 5458; x_wconf 90' lang='lat' dir='ltr'><strong>fore</strong></span> <span class='ocrx_word' id='word_1_692' title='bbox 2144 5400 2432 5460; x_wconf 82' lang='lat' dir='ltr'><strong>ostendit;</strong></span> <span class='ocrx_word' id='word_1_693' title='bbox 2469 5399 2632 5452; x_wconf 88' lang='lat' dir='ltr'><strong>tertio</strong></span> <span class='ocrx_word' id='word_1_694' title='bbox 2684 5391 2833 5448; x_wconf 83' lang='lat' dir='ltr'><strong>Nec.</strong></span> <span class='ocrx_word' id='word_1_695' title='bbox 2873 5403 2986 5458; x_wconf 91' lang='lat' dir='ltr'><strong>quo</strong></span> <span class='ocrx_word' id='word_1_696' title='bbox 3027 5394 3216 5441; x_wconf 88' lang='lat' dir='ltr'><strong>uotum</strong></span> <span class='ocrx_word' id='word_1_697' title='bbox 3269 5382 3347 5434; x_wconf 90' lang='lat' dir='ltr'><strong>fa-</strong></span> 
     </span>
    </p>
   </div>
   <div class='ocr_carea' id='block_1_107' title="bbox 1783 5472 3357 5565">
    <p class='ocr_par' dir='ltr' id='par_1_107' title="bbox 1783 5472 3357 5565">
     <span class='ocr_line' id='line_1_107' title="bbox 1783 5472 3357 5565; baseline -0.015 -16"><span class='ocrx_word' id='word_1_698' title='bbox 1783 5497 1928 5557; x_wconf 88' lang='lat' dir='ltr'><strong>ciat,</strong></span> <span class='ocrx_word' id='word_1_699' title='bbox 1984 5509 2175 5565; x_wconf 72' lang='lat' dir='ltr'><strong>pmnas</strong></span> <span class='ocrx_word' id='word_1_700' title='bbox 2238 5509 2331 5548; x_wconf 85' lang='lat' dir='ltr'><strong>eos</strong></span> <span class='ocrx_word' id='word_1_701' title='bbox 2389 5492 2475 5560; x_wconf 87' lang='lat' dir='ltr'><strong>qui</strong></span> <span class='ocrx_word' id='word_1_702' title='bbox 2534 5503 2640 5543; x_wconf 88' lang='lat' dir='ltr'><strong>non</strong></span> <span class='ocrx_word' id='word_1_703' title='bbox 2703 5478 3088 5540; x_wconf 86' lang='lat' dir='ltr'><strong>crediderint,</strong></span> <span class='ocrx_word' id='word_1_704' title='bbox 3141 5472 3357 5544; x_wconf 76' lang='lat' dir='ltr'><strong>persol~</strong></span> 
     </span>
    </p>
   </div>
   <div class='ocr_carea' id='block_1_108' title="bbox 1782 5600 1928 5639">
    <p class='ocr_par' dir='ltr' id='par_1_108' title="bbox 1782 5600 1928 5639">
     <span class='ocr_line' id='line_1_108' title="bbox 1782 5600 1928 5639; baseline -0.007 -2"><span class='ocrx_word' id='word_1_705' title='bbox 1782 5600 1928 5639; x_wconf 88' lang='lat' dir='ltr'><strong>vere.</strong></span> 
     </span>
    </p>
   </div>
   <div class='ocr_carea' id='block_1_109' title="bbox 1395 5787 2061 5844">
    <p class='ocr_par' dir='ltr' id='par_1_109' title="bbox 1395 5787 2061 5844">
     <span class='ocr_line' id='line_1_109' title="bbox 1395 5787 2061 5844; baseline 0 -1"><span class='ocrx_word' id='word_1_706' title='bbox 1395 5788 1621 5844; x_wconf 71' lang='lat' dir='ltr'><strong>VARIA‘J</strong></span> <span class='ocrx_word' id='word_1_707' title='bbox 1664 5787 2061 5844; x_wconf 79' lang='lat' dir='ltr'><strong>LECTIONES.</strong></span> 
     </span>
    </p>
   </div>
   <div class='ocr_carea' id='block_1_110' title="bbox 180 5863 1178 5945">
    <p class='ocr_par' dir='ltr' id='par_1_110' title="bbox 180 5863 1178 5945">
     <span class='ocr_line' id='line_1_110' title="bbox 180 5863 1178 5945; baseline 0.008 -23"><span class='ocrx_word' id='word_1_708' title='bbox 180 5874 206 5906; x_wconf 72' lang='grc'>³</span> <span class='ocrx_word' id='word_1_709' title='bbox 240 5863 475 5925; x_wconf 76' lang='lat' dir='ltr'><strong>Verbum</strong></span> <span class='ocrx_word' id='word_1_710' title='bbox 504 5870 678 5940; x_wconf 81' lang='lat' dir='ltr'><strong>deest,</strong></span> <span class='ocrx_word' id='word_1_711' title='bbox 707 5871 849 5926; x_wconf 83' lang='lat' dir='ltr'><strong>forte</strong></span> <span class='ocrx_word' id='word_1_712' title='bbox 885 5874 1178 5945; x_wconf 64' lang='grc' dir='ltr'>εἰσφέρειν.</span> 
     </span>
    </p>
   </div>
  </div>
