4022 6416
560 383 665 455 979

555 598 793 654 vinculis
826 598 1056 665 fuerint,
1096 598 1152 652 in
1196 599 1345 652 hunc
1382 596 1495 653 fere
1537 602 1754 652 modum
1795 600 1967 669 loqui.
2000 599 2120 655 Non

557 690 913 746 existimastis
950 689 1067 744 haec
1089 689 1305 743 vincula
1333 696 1388 743 et
1415 697 1637 745 catenas
1668 705 1809 755 esse,
1854 690 1951 745 sed
1974 692 2122 747 velut

558 782 775 836 athletae
806 784 1084 853 generosi,
1139 783 1215 837 ita
1276 781 1547 848 stetistis;
1605 783 1731 851 quia
1776 797 1887 851 non
1942 785 2119 840 nostri

557 887 722 928 causa
763 874 1030 927 duntaxat
1060 888 1197 944 opus
1241 888 1352 927 non
1407 873 1674 929 habuistis
1723 876 2120 945 consolatione,

556 964 651 1021 sed
678 973 732 1021 et
756 965 861 1037 ipsi
896 965 1020 1020 aliis
1050 966 1250 1021 solatio
1285 965 1490 1022 fuistis.

632 1075 653 1109 ‹
696 1056 832 1112 Cum
888 1057 1085 1127 gaudio
1142 1057 1463 1128 suscepistis
1505 1076 1518 1113 :
1576 1069 1971 1129 cognoscentes
2022 1076 2121 1117 vos

558 1147 764 1204 habere
787 1151 1067 1204 meliorem
1091 1157 1146 1205 et
1169 1159 1478 1205 manentem
1510 1150 1895 1206 substantiam.
1929 1152 2116 1225 [Vt-:ns.

554 1238 767 1311 55-59.]
784 1239 959 1295 Nolite
979 1241 1163 1311 itaque
1180 1242 1429 1295 amittere
1452 1241 1840 1297 conﬁdentiam
1860 1254 2119 1307 vestram,

552 1345 675 1401 quae
739 1344 997 1401 magnam‘
1041 1332 1204 1386 habet
1267 1334 1792 1389 remunerationem.
1849 1333 2117 1389 Patientia

552 1423 699 1477 enim
730 1421 886 1477 vobis
928 1422 1243 1478 necessaria
1287 1432 1389 1485 est,
1442 1430 1501 1477 ut
1531 1426 1865 1480 voluntatem
1912 1425 2006 1480 Dei
2040 1426 2121 1479 fa-

551 1513 783 1579 cientes,
808 1514 1101 1584 reportetis
1135 1514 1577 1585 promissionem.
1614 1516 1809 1573 Adhuc
1831 1518 1977 1573 enim
2007 1533 2120 1571 mo-

551 1603 736 1659 dicum
768 1605 1194 1674 aliquantulum,
1243 1607 1337 1676 qui
1387 1616 1656 1665 venturus
1685 1618 1771 1665 est
1814 1612 2021 1675 veniet.
2066 1621 2123 1668 et

553 1708 662 1747 non
695 1694 955 1749 tardabit.
990 1693 1182 1750 Justus
1203 1708 1383 1751 autem
1414 1711 1479 1750 ex
1522 1697 1627 1752 lide
1658 1699 1804 1753 vivet
1838 1716 1852 1753 :
1885 1700 2029 1769 quod
2074 1701 2120 1755 si

553 1789 895 1842 subtraxerit
931 1804 1008 1847 se.
1061 1803 1169 1843 non
1225 1790 1465 1858 placebit
1512 1791 1707 1843 animae
1754 1806 1886 1845 mea;
1916 1792 1972 1845 in
2004 1792 2118 1847 illo.

1759 392 1818 454 S.
1855 392 2175 457 JOANNIS
2215 395 2647 459 DAMASCENI

628 502 873 562 Observa
900 518 1026 561 eum
1065 503 1135 561 de
1164 520 1247 571 se,
1278 514 1336 560 ut
1366 513 1420 561 et
1455 506 1522 564 de
1550 506 1671 563 aliis
1702 507 1793 577 qui
1834 509 2119 563 constricti
2151 516 2195 571 Α

2302 512 2486 584 Ὁρᾷς,
2536 513 2616 565 ὅτι
2648 513 2775 583 περὶ
2806 511 2971 565 αὑτοῦ
3020 526 3175 582 φησι,
3213 510 3309 565 καὶ
3339 509 3449 564 τῶν
3476 510 3653 565 ἄλλων
3698 518 3781 565 6e-

2221 602 2463 672 δεμένων
2508 603 2702 666 οὕτως.
2757 602 2868 672 Οὐχ
2908 601 3187 671 ἡγήσασθε
3238 602 3411 671 δεσμὰ
3460 597 3627 664 εἷναι,
3667 600 3780 654 ἀλλ’

2223 692 2410 764 ὥσπερ
2438 693 2671 765 ἀθληταὶ
2700 696 2955 763 γενναῖοι,
2987 692 3159 757 οὕτως
3183 692 3400 764 ἔστητε,
3424 695 3506 747 ὅτι
3535 694 3595 747 οὐ
3624 692 3784 763 μόνον

2222 787 2281 839 ἐν
2317 789 2430 850 τοῖς
2466 787 2754 858 ἡμετέροις
2794 785 2894 839 οὑκ
2925 785 3135 839 ἐδέεσθε
3184 786 3605 857 παρακλήσεως,
3650 784 3786 839 ἀλλὰ

2221 881 2317 935 καὶ
2343 882 2458 941 τοῖς
2482 879 2664 943 ἄλλοις
2685 878 2939 948 ἐγένεσθε
2973 878 3338 950 παράκλησις.

2297 1072 2317 1106 ι
2355 1053 2509 1107 Μετὰ
2553 1055 2728 1125 χαρᾶς
2761 1053 3191 1124 προσεδέξασθε,
3238 1054 3603 1124 γινώσκοντες
3644 1053 3787 1125 ἔχειν

2222 1148 2435 1207 ἑαυτοῖς
2467 1147 2752 1217 κρείττονα
2798 1145 3031 1218 ὕπαρξιν
3062 1148 3119 1201 ἐν
3160 1146 3433 1217 οὐρανοῖς,
3471 1146 3568 1200 καὶ
3596 1147 3788 1217 μένου-

2225 1254 2343 1291 σαν.
2390 1238 2480 1308 Μὴ
2507 1238 2817 1307 άποὸάλητε
2855 1235 2949 1293 οὖν
2976 1238 3076 1309 τὴν
3113 1238 3429 1310 παρρησίαν
3463 1237 3642 1308 ὑμῶν,
3672 1238 3791 1307 ἥτις

2222 1331 2335 1402 ἔχει
2368 1333 2792 1403 μισθαποδοσίαν
2844 1335 3106 1405 μεγάλην.
3156 1334 3468 1406 Ὑπομονῆς
3498 1334 3611 1405 γὰρ
3638 1332 3790 1403 ἔχετε

2223 1423 2433 1492 χρείαν,
2462 1423 2550 1477 ἵνα
2576 1422 2638 1476 τὸ
2682 1422 2894 1494 θέλημα
2926 1423 3019 1477 τοῦ
3063 1424 3197 1477 Θεοῦ
3245 1424 3594 1494 ποιήσαντες,
3632 1422 3788 1493 κομί-

2224 1514 2387 1585 σησθε
2433 1515 2532 1582 τὴν
2572 1514 2926 1585 ἐπαγγελίαν.
2976 1514 3092 1567 Ἔτι
3147 1515 3254 1586 γὰρ
3316 1514 3510 1586 μικρὸν
3572 1515 3723 1579 ὅσον,
3766 1516 3791 1567 ὁ

2222 1605 2516 1676 ἐρχόμενος
2556 1607 2707 1678 ἥξει,
2757 1608 2855 1661 κα)⁸
2901 1608 2961 1661 οὐ
3016 1610 3252 1678 χρονιεϊο
3300 1610 3329 1661 ὁ
3364 1607 3421 1660 δὲ
3466 1606 3689 1669 δίκαιος
3734 1608 3792 1659 ἐκ

2220 1698 2456 1761 πίστεως
2479 1697 2728 1768 ζήσεται.
2762 1699 2874 1753 Καὶ
2895 1699 2989 1752 ἐὰν
3012 1697 3416 1767 ὑποστείληται,
3450 1697 3555 1750 οὑκ
3584 1697 3790 1750 εὐδοκεῖ

2223 1792 2256 1860 ή
2278 1790 2425 1861 ψυχή
2451 1808 2552 1861 μου
2583 1793 2640 1844 ἐν
2665 1791 2830 1861 αὐτῷ.
2876 1788 3068 1862 Ἡμεῖς
3088 1790 3144 1843 δὲ
3164 1790 3264 1843 οὑκ
3292 1788 3459 1859 ἐσμὲν
3488 1788 3791 1857 ὑποστολῆς

553 1877 668 1934 Nos
693 1888 875 1933 autem
909 1894 1014 1932 non
1048 1894 1243 1935 sumus
1280 1880 1677 1935 subtractionis
1718 1880 1814 1934 filii
1852 1882 1905 1935 in
1939 1882 2121 1951 perdi-

2227 1884 2303 1945 εἰς
2327 1883 2624 1945 ἀπώλειαν,
2642 1883 2779 1936 ἀλλὰ
2806 1884 3041 1945 πίστεως
3064 1884 3143 1946 είς
3160 1882 3509 1954 περιποίησιν
3536 1880 3740 1951 ψυχῆς.
3767 1898 3785 1931 ι

555 1972 784 2035 tionem,
810 1970 902 2024 sed
938 1968 1063 2024 ﬁdei
1098 1970 1154 2023 in
1192 1970 1612 2040 acquisitiouem
1654 1971 1869 2025 animm.
1900 1991 1918 2023 ι

625 2064 729 2130 Qui
779 2078 903 2118 cum
954 2063 1153 2133 gaudio
1194 2059 1413 2127 tolerat,
1460 2064 1769 2118 mercedem
1825 2066 2121 2134 quamdam

554 2156 662 2212 sibi
695 2155 991 2225 repositam
1024 2170 1166 2210 esse
1187 2156 1461 2222 ostendit;
1495 2157 1753 2228 quodque
1776 2172 1863 2211 res
1894 2157 2000 2212 sibi
2030 2159 2125 2214 de-

553 2245 821 2303 trimento
859 2261 970 2301 non
1000 2246 1095 2313 sit,
1125 2246 1220 2302 sed
1251 2247 1565 2317 proventui.

1200 2379 1351 2436 CAP.
1394 2379 1465 2434 Xl

632 2516 791 2574 Vens.
821 2518 925 2574 1-4.
974 2535 994 2570 ‹
1031 2518 1125 2573 Est
1171 2529 1350 2573 autem
1387 2517 1519 2574 ildes
1556 2518 1954 2589 sperandarum
1985 2519 2122 2576 sub-

556 2612 762 2663 stantia
798 2624 1002 2671 rerum,
1039 2618 1422 2676 argumentum
1470 2623 1579 2662 non
1610 2610 2015 2679 apparentium.
2064 2611 2123 2665 In

557 2701 664 2755 hac
699 2701 844 2755 enim
871 2700 1247 2755 testimonium
1277 2698 1562 2753 consecuti
1604 2707 1733 2753 sunt
1758 2715 1940 2754 senes.
1985 2698 2123 2755 Fide

554 2791 913 2862 intelligimus
949 2800 1135 2861 aptata
1165 2807 1289 2846 esse
1335 2790 1535 2845 saecula
1569 2792 1740 2845 verbo
1765 2790 1883 2858 Dei,
1914 2801 1975 2845 ut
2011 2808 2124 2847 non

553 2896 623 2937 ex
670 2881 979 2938 visibilibus
1039 2880 1275 2934 visibilia
1334 2881 1547 2935 tierent.
1622 2878 1755 2933 Fide
1828 2880 2123 2948 plurimam

555 2971 790 3027 hostiam
822 2972 979 3036 Abel,
1005 2986 1167 3041 quam
1194 2970 1352 3032 Cain,
1384 2969 1588 3024 obtulit
1618 2970 1767 3036 Deo;
1818 2984 1915 3038 per
1959 2984 2122 3039 quam

558 3064 933 3120 testimonium
984 3073 1316 3118 consecutus
1350 3072 1457 3125 est,
1529 3077 1654 3117 esse
1705 3063 1912 3130 justus,
1968 3061 2121 3116 testi-

557 3156 799 3209 monimu
835 3156 1157 3224 perhibente
1205 3153 1525 3209 muneribus
1576 3155 1698 3222 ejus
1740 3153 1877 3221 Deo;
1921 3160 1977 3208 et
2026 3168 2125 3223 per

556 3244 708 3297 illam
736 3242 1022 3298 defunctus
1070 3263 1087 3295 ι

628 3334 746 3390 Nisi
803 3337 928 3406 quis
982 3336 1279 3393 invisibilia
1323 3337 1648 3393 certitudine
1689 3337 1883 3405 majori
1916 3346 2121 3402 teneat,

556 3442 724 3499 quam
752 3443 874 3498 qua:
904 3428 1179 3495 videntur,
1217 3429 1349 3485 fides
1374 3445 1496 3486 esse
1527 3445 1639 3484 non
1674 3439 1873 3499 potest.

619 3612 783 3685 250
810 3612 1006 3665 Adhuc
1029 3610 1291 3680 loquitur.
1320 3609 1510 3682 [Vens
1552 3607 1697 3681 5-7.]
1739 3627 1757 3659 ι
1782 3607 1913 3665 Fide
1936 3608 2126 3663 Enoch

557 3707 858 3761 translatus
881 3714 966 3759 est
995 3720 1065 3759 ne
1093 3704 1304 3758 videret
1345 3712 1595 3765 mortem,
1630 3712 1685 3758 et
1724 3718 1834 3757 non
1880 3702 2128 3757 invenie-
2164 3758 2175 3775 ,

559 3800 744 3866 batur,
787 3797 915 3868 quia
940 3796 1220 3852 transtulit
1253 3796 1407 3849 illum
1434 3796 1604 3859 Deus;
1644 3803 1773 3849 ante
1801 3794 2128 3848 translatio-

556 3904 682 3945 nem
716 3890 863 3945 enim
897 3889 1269 3945 testimonium
1300 3888 1491 3941 habuit
1533 3886 1805 3956 placuisse
1833 3886 1966 3941 Deo.
2000 3884 2129 3940 Sine

558 3981 666 4035 [ide
712 3988 892 4035 autem
944 3980 1287 4049 impossibile
1331 3986 1416 4033 est
1447 3980 1664 4046 placere
1707 3976 1836 4032 Deo.
1890 3977 2130 4032 Credere

556 4072 701 4125 enim
740 4080 955 4139 oportet
994 4071 1342 4123 accedentem
1399 4068 1465 4121 ad
1513 4065 1707 4131 Deum,
1752 4065 1885 4134 quia
1930 4074 2034 4129 est,
2075 4070 2131 4117 et

558 4165 969 4235 inquirentibus
1044 4179 1104 4217 se
1167 4167 1553 4214 remunerator
1620 4157 1712 4212 sit.
1789 4154 1922 4210 Fide
1989 4155 2128 4221 Noe,

558 4270 826 4326 responso
861 4264 1088 4323 accepto
1119 4252 1187 4306 de
1224 4252 1292 4306 iis
1322 4268 1441 4321 quae
1486 4250 1665 4305 adhuc
1705 4264 1815 4304 non
1863 4249 2131 4305 videban-

558 4354 674 4409 tur,
715 4357 961 4400 metuens
1016 4344 1225 4414 aptavit
1282 4358 1470 4397 arcam
1530 4342 1587 4396 in
1643 4341 1882 4397 salutem
1932 4341 2130 4397 domus

558 4453 695 4492 ευπλ
738 4455 758 4488 ι

629 4526 1103 4595 Quemadmodum
1160 4525 1362 4582 malum
1412 4526 1535 4596 ipso
1584 4533 1813 4596 aspectu
1861 4525 2128 4580 duntaxat
2161 4554 2205 4609 ο

558 4632 663 4677 suo
717 4621 983 4690 loquitur,
1030 4620 1111 4674 sic
1163 4628 1219 4673 et
1275 4617 1444 4683 Abel,
1502 4617 1632 4672 dum
1693 4618 1747 4671 in
1810 4619 2126 4672 memoriam

558 4712 728 4766 venit.

634 4819 656 4854 ι
692 4802 794 4858 Per
825 4819 987 4872 quam
1024 4804 1303 4858 damnavit
1334 4801 1615 4856 numdum.
1658 4823 1675 4851 ι

627 4895 881 4952 Ostendit
929 4898 1077 4950 enim
1128 4912 1226 4951 eus
1275 4912 1399 4951 esse
1452 4898 1647 4966 dignos
1696 4895 1990 4964 supplicio,
2034 4894 2130 4961 qui

559 5004 740 5062 neque
772 4989 905 5044 dum
940 4988 1307 5043 fabricarctur
1328 5003 1481 5050 arca,
1515 4988 1582 5042 ad
1617 4989 1908 5042 sanitatem
1953 4985 2131 5039 redie-

562 5089 713 5137 runt.

637 5194 656 5228 ι
690 5175 754 5229 Ει
781 5175 1012 5246 iustitia:
1036 5188 1157 5243 qua:
1177 5171 1479 5228 secundum
1509 5171 1670 5225 ﬁdem
1698 5178 1802 5237 est,
1838 5169 2014 5224 haeres
2049 5176 2134 5224 est

560 5265 869 5321 institutus.
904 5283 922 5316 ι

631 5356 747 5411 Hoc
772 5364 878 5421 est,
906 5370 974 5410 ex
998 5356 1100 5409 hoc
1128 5353 1383 5425 apparuit
1407 5352 1617 5424 justus,
1654 5352 1799 5424 quod
1838 5350 2135 5407 crediderit

566 5431 694 5504 Deo.

638 5540 804 5593 Vens.
830 5536 982 5593 8-10.
1030 5556 1048 5589 ‹
1083 5534 1234 5605 Fide,
1279 5537 1375 5609 qui
1404 5545 1636 5592 vocatur
1661 5535 1964 5597 Abraham,
1998 5533 2133 5588 obe-

564 5632 701 5689 divit
731 5634 788 5686 in
824 5633 1002 5687 locum
1032 5634 1206 5697 exire,
1238 5647 1399 5701 quem
1430 5640 1759 5700 accepturus
1785 5636 1904 5683 erat
1936 5630 1991 5683 in
2029 5626 2135 5681 lia:—

564 5727 887 5792 reditatem;
919 5735 971 5779 et
996 5727 1133 5780 exiit
1170 5724 1427 5780 nesciens
1460 5739 1570 5794 quo
1605 5726 1730 5778 iret.
1784 5721 1919 5777 Fide
1946 5722 2135 5777 demo-

566 5828 717 5874 ratus
739 5826 821 5873 est
845 5818 897 5872 in
922 5825 1066 5872 terra
1090 5816 1564 5885 repromissionis,
1579 5827 1838 5886 tanquam
1858 5815 1911 5870 in
1932 5814 2131 5880 aliena,

2304 2064 2363 2116 ’0
2398 2063 2537 2134 μετὰ
2564 2065 2741 2134 χαρᾶς
2786 2063 2989 2134 φέρων,
3018 2061 3291 2115 δείκνυσιν
3333 2062 3416 2113 ὅτι
3448 2058 3565 2128 ἔχει
3605 2056 3790 2126 μισθόν

2221 2174 2365 2217 τινα,
2415 2158 2509 2209 καὶ⁸
2558 2156 2639 2209 ὅτι
2700 2156 2763 2208 οὑ
2817 2153 3012 2225 ζημία,
3068 2153 3205 2207 ἀλλὰ
3265 2150 3529 2221 πρόσοδός
3567 2150 3687 2201 ἐστι
3736 2148 3789 2200 τὸ

2224 2250 2478 2322 πρᾶγμα.

2816 2374 3061 2437 ΚΕΦΑΛ.
3090 2376 3193 2431 lA'.

2301 2534 2319 2565 ι
2366 2513 2523 2565 Ἐστι
2568 2510 2626 2564 δέ
2664 2509 2847 2572 πίστις
2879 2507 3251 2577 ἐλπιζομένων
3290 2505 3615 2567 ὑπόστασις,
3658 2519 3789 2573 aqua

2225 2607 2452 2677 γμάτων
2507 2605 2725 2674 ἐλεγχος
2776 2602 2836 2656 οὑ
2891 2599 3255 2670 βλεπομένων.
3322 2598 3412 2650 Ἐν
3461 2597 3635 2667 ταύτῃ
3691 2596 3789 2665 γὰρ

2226 2697 2689 2770 ἐμαρτυρήθησαν
2748 2695 2799 2746 οἱ
2854 2691 3232 2763 πρεσϐύτεροι.
3300 2690 3490 2742 Πίστει
3567 2688 3787 2757 νοοῦμεν

2226 2792 2587 2864 κατηρτίσθαι
2610 2791 2735 2851 τοὺς
2759 2787 2959 2850 αίῶνας
2985 2786 3186 2856 ῥήματι
3207 2782 3341 2836 Θεοῦ
3356 2823 3372 2846 ,
3408 2786 3489 2846 εἰς
3508 2782 3571 2835 τὸ
3606 2783 3685 2851 μὴ
3708 2784 3792 2833 ἐκ·

2227 2884 2568 2955 φαινομένων
2594 2882 2664 2935 τὰ
2693 2879 3003 2951 βλεπόμενα
3029 2874 3329 2944 γεγονέναι.
3361 2876 3551 2928 Πίστει
3576 2875 3789 2925 πλείονα

2227 2976 2418 3031 θυσίαν
2459 2973 2626 3027 Ἀϐελ
2664 2973 2817 3042 παρὰ
2857 2970 3000 3025 Κάῐν
3042 2971 3381 3040 προσήνεγκε
3432 2966 3510 3037 τῷ
3560 2965 3701 3034 Θεῷ,
3729 2963 3789 3016 δι’

2225 3067 2292 3142 ἦς
2317 3067 2674 3140 ἐμαρτυρήθη
2707 3062 2848 3120 εἶναι
2873 3066 3099 3127 δίκαιος,
3134 3060 3542 3133 μαρτυροῦντος
3571 3060 3666 3112 ἐπὶ
3688 3062 3789 3120 τοῖς

2226 3164 2418 3235 δώροις
2452 3160 2616 3216 αὑτοῦ
2648 3159 2741 3214 τοῦ
2772 3157 2931 3223 Θεοῦ,
2955 3158 3049 3212 καὶ
3068 3155 3134 3209 δι’
3168 3153 3337 3222 αὐτῆς
3363 3151 3657 3207 ἀποθανών
3691 3170 3709 3201 ι

2301 3345 2398 3392 Ἂν
2440 3339 2549 3411 γὰρ
2597 3338 2785 3408 μήτις
2830 3334 2939 3387 τῶν
2973 3331 3264 3403 ὁρωμένων
3288 3329 3627 3397 σαφέστερον
3676 3325 3790 3393 περὶ

2228 3434 2336 3487 τῶν
2386 3432 2637 3502 ἀοράτων
2684 3426 3186 3499 πεπληροφόρηται,
3234 3422 3414 3485 πίστις
3453 3416 3595 3473 εἶναι
3632 3419 3693 3472 οὐ
3718 3416 3791 3470 δύ-

2371 3539 2408 3575 ι.

2371 3539 2408 3575 ι.

2228 3539 2476 3666 ναἷσινῐῦτι
2492 3610 2660 3665 λαλεῖ·
2685 3608 2867 3662 Πίστει
2903 3605 3074 3676 Ἑνὼχ
3098 3603 3433 3674 μετετέθειτο
3451 3600 3546 3655 τοῦ
3574 3601 3647 3672 μὴ
3675 3601 3792 3653 ἰδεῖν

2230 3708 2482 3769 θάνατον,
2514 3704 2609 3758 καὶ
2641 3700 3072 3772 οὑχιεὺρίσκετο,
3102 3697 3235 3750 διότι
3284 3694 3596 3765 μετέθηκεν
3641 3692 3792 3745 αὑτὸν

2228 3800 2258 3852 ὁ
2291 3798 2444 3861 Θεός.
2476 3796 2616 3866 Πρὸς
2649 3795 2756 3863 γάρ
2802 3792 2902 3861 τῆς
2931 3789 3277 3862 μεταθέσεως
3314 3784 3481 3841 αὑτοῦ
3519 3782 3791 3856 μεμαρτύ-

2234 3907 2391 3961 ρηται
2439 3885 2868 3959 εὑηρεστηκέναι
2917 3882 2997 3953 τῷ
3050 3881 3189 3951 Θεῷ,
3248 3878 3417 3951 χωρὶς
3454 3877 3511 3930 δὲ
3568 3877 3792 3936 πίστεως

2229 3981 2491 4035 ἀδύνατον
2524 3977 2909 4048 εὐαρεστῆσαι.
2942 3972 3239 4028 Πιστεῦσαι
3269 3972 3377 4043 γὰρ
3399 3970 3481 4023 δεῖ
3507 3968 3603 4022 τὸν
3632 3982 3789 4038 προσ-

2232 4074 2525 4145 ερχόμενον
2580 4073 2657 4141 τῷ
2690 4070 2827 4140 Θεῷ,
2875 4069 2958 4122 ὃτι
2991 4066 3146 4130 ἔστι,
3195 4065 3290 4118 καὶ
3334 4064 3448 4126 τοῖς
3484 4060 3788 4131 ἐκζητοῦσιν

2232 4166 2393 4218 αὑτὸν
2435 4164 2700 4234 άποδότης
2734 4162 2965 4231 γίνεται.
3002 4160 3191 4213 Πίστει
3224 4154 3629 4228 χρηματισθεὶς
3680 4150 3785 4205 Νῶε

2231 4260 2364 4328 περὶ
2430 4256 2536 4311 τῶν
2589 4256 2813 4326 μηδέπω
2871 4252 3241 4325 βλεπομένων,
3297 4248 3620 4318 εὐλαϐηθεὶς
3673 4261 3783 4297 κατ-

2232 4348 2498 4402 εσκεύασε
2529 4346 2761 4400 κιϐωτὸν
2789 4346 2868 4411 είς
2893 4344 3169 4413 σωτηρίαν
3199 4341 3294 4395 τοῦ
3329 4343 3480 4394 οἴκου
3509 4338 3691 4392 αὑτοῦ.
3726 4356 3742 4386 ι

2307 4526 2519 4595 Ὥσπερ
2568 4525 2794 4595 οὐρανὸς
2847 4522 3170 4594 φαινόμενος
3222 4522 3383 4592 μόνον
3422 4517 3607 4581 λαλεῖ,
3663 4512 3781 4567 οὕτω

2239 4619 2405 4671 Ἀϐελ
2443 4636 2546 4688 μνη
2556 4616 2928 4687 μονευόμενος.

2309 4813 2328 4847 ι
2367 4794 2445 4847 Δι’
2476 4789 2545 4866 ἧς
2578 4793 2865 4865 κατέκρινε
2894 4791 2983 4845 τὸν
3011 4792 3233 4859 κόσμον.
3275 4810 3294 4844 ι

2308 4887 2514 4955 Ἔδειξε
2546 4892 2654 4958 γὰρ
2683 4887 2878 4949 αὐτοὺς
2908 4886 3090 4949 ἀξίους
3128 4884 3286 4947 ὄντας
3330 4882 3626 4947 κολάσεως,
3658 4879 3705 4933 οἶ
3726 4894 3777 4944 γε

2233 4981 2356 5035 οὑδέ
2387 4981 2475 5035 διά
2522 4981 2621 5052 τῆς
2674 4979 3025 5049 κατασκευῆς
3067 4978 3168 5049 τῆς
3223 4976 3457 5030 κιϐωτοῦ
3515 4972 3781 5045 ἐσωφρονί-

2234 5073 2407 5137 ζοντο.
2456 5092 2474 5124 ι

2311 5186 2329 5218 ι
2376 5167 2486 5219 Καὶ
2515 5165 2617 5235 τῆς
2646 5165 2788 5219 κατὰ
2819 5165 3004 5219 πίστιν
3038 5163 3390 5234 δικαιοσύνης
3414 5162 3635 5231 ἐγένετο
3669 5158 3783 5224 κλη-

2237 5258 2482 5330 ρονόμος.
2522 5276 2541 5308 ι

2306 5351 2618 5415 Τουτὲστιν,
2674 5347 2785 5401 ἀπὸ
2816 5347 3009 5401 τούτου
3056 5346 3262 5410 δίκαιος
3307 5344 3508 5415 ἐφάνη,
3556 5343 3661 5398 ἀπὸ
3702 5336 3782 5393 τοῦ

2237 5441 2522 5497 πιστεῦσαι
2552 5440 2691 5509 Θεῷ.

2312 5554 2331 5587 ι
2380 5535 2568 5587 Πίστει
2602 5532 2937 5602 καλούμενος
2991 5527 3263 5600 Ἀϐραὰμ,
3304 5529 3615 5599 ὑπήκουσεν
3654 5522 3786 5587 ἐξελ·

2237 5627 2348 5682 θεῖν
2378 5627 2457 5690 είς
2481 5626 2572 5679 τδν
2619 5627 2803 5688 τόπον,
2842 5624 2903 5677 ὃν
2929 5623 3121 5695 ἔμελλε
3168 5621 3469 5691 λαμϐάνειν
3494 5622 3574 5684 εἰς
3602 5620 3786 5686 κληρο-

2238 5720 2447 5791 νομίαν,
2486 5719 2582 5772 καὶ
2626 5715 2846 5787 ἐξῆλθε,
2891 5715 2967 5787 μὴ
3016 5714 3379 5785 ἐπιστάμενος
3425 5711 3528 5766 ποῦ
3559 5710 3781 5782 ἔρχεται.

2238 5813 2424 5869 Πίστει
2462 5811 2792 5884 παρῴκησεν
2828 5811 2906 5874 είς
2933 5807 3036 5879 γῆν
3075 5806 3177 5879 τῆς
3210 5805 3562 5875 ἐπαγγελίας,
3595 5802 3665 5865 ὡς
3699 5797 3783 5851 ἁλ-
