  <div class='ocr_page' id='page_1' title='image "/cluster/home/n/w/nwhite01/storage/ocr_20150623/95/hvd.32044019208057/496.png"; bbox 0 0 3844 6436; ppageno 0'>
   <div class='ocr_carea' id='block_1_1' title="bbox 9 391 133 454">
    <p class='ocr_par' dir='ltr' id='par_1_1' title="bbox 9 391 133 454">
     <span class='ocr_line' id='line_1_1' title="bbox 9 391 133 454; baseline 0 0"><span class='ocrx_word' id='word_1_1' title='bbox 9 391 133 454; x_wconf 76' lang='lat'><strong>981</strong></span> 
     </span>
    </p>
   </div>
   <div class='ocr_carea' id='block_1_2' title="bbox 1213 395 2108 456">
    <p class='ocr_par' dir='ltr' id='par_1_2' title="bbox 1213 395 2108 456">
     <span class='ocr_line' id='line_1_2' title="bbox 1213 395 2108 456; baseline -0.001 -2"><span class='ocrx_word' id='word_1_2' title='bbox 1213 395 1292 455; x_wconf 89' lang='lat' dir='ltr'><strong>IN</strong></span> <span class='ocrx_word' id='word_1_3' title='bbox 1329 397 1563 456; x_wconf 86' lang='lat' dir='ltr'><strong>EPIST.</strong></span> <span class='ocrx_word' id='word_1_4' title='bbox 1582 397 1681 454; x_wconf 89' lang='lat' dir='ltr'><strong>AD</strong></span> <span class='ocrx_word' id='word_1_5' title='bbox 1721 395 2108 456; x_wconf 62' lang='lat' dir='ltr'><strong>IIEBREOS.</strong></span> 
     </span>
    </p>
   </div>
   <div class='ocr_carea' id='block_1_3' title="bbox 3167 397 3272 458">
    <p class='ocr_par' dir='ltr' id='par_1_3' title="bbox 3167 397 3272 458">
     <span class='ocr_line' id='line_1_3' title="bbox 3167 397 3272 458; baseline 0 0"><span class='ocrx_word' id='word_1_6' title='bbox 3167 397 3272 458; x_wconf 78' lang='lat'><strong>982</strong></span> 
     </span>
    </p>
   </div>
   <div class='ocr_carea' id='block_1_4' title="bbox 3 499 1604 574">
    <p class='ocr_par' dir='ltr' id='par_1_4' title="bbox 3 501 1602 574">
     <span class='ocr_line' id='line_1_4' title="bbox 3 501 1602 574; baseline -0.001 -19"><span class='ocrx_word' id='word_1_7' title='bbox 3 503 281 574; x_wconf 66' lang='grc' dir='ltr'>λοτρίαν,</span> <span class='ocrx_word' id='word_1_8' title='bbox 328 503 386 555; x_wconf 82' lang='grc' dir='ltr'><strong>ἐν</strong></span> <span class='ocrx_word' id='word_1_9' title='bbox 427 504 651 571; x_wconf 80' lang='grc' dir='ltr'><strong>σκηναῖς</strong></span> <span class='ocrx_word' id='word_1_10' title='bbox 700 504 1030 574; x_wconf 76' lang='grc' dir='ltr'><strong>κατοικήσας</strong></span> <span class='ocrx_word' id='word_1_11' title='bbox 1082 501 1222 572; x_wconf 83' lang='grc' dir='ltr'>μετὰ</span> <span class='ocrx_word' id='word_1_12' title='bbox 1281 501 1466 556; x_wconf 73' lang='grc' dir='ltr'>Ἰσαὰκ</span> <span class='ocrx_word' id='word_1_13' title='bbox 1510 503 1602 554; x_wconf 72' lang='grc' dir='ltr'><strong>καὶ</strong></span> 
     </span>
    </p>
   </div>
   <div class='ocr_carea' id='block_1_5' title="bbox 1735 499 3274 574">
    <p class='ocr_par' dir='ltr' id='par_1_5' title="bbox 1735 499 3274 561">
     <span class='ocr_line' id='line_1_5' title="bbox 1735 499 3274 561; baseline 0 -7"><span class='ocrx_word' id='word_1_14' title='bbox 1735 519 1758 555; x_wconf 84' lang='grc' dir='ltr'><strong>ιι</strong></span> <span class='ocrx_word' id='word_1_15' title='bbox 1793 502 1997 556; x_wconf 85' lang='lat' dir='ltr'><strong>casulis</strong></span> <span class='ocrx_word' id='word_1_16' title='bbox 2031 500 2349 561; x_wconf 87' lang='lat' dir='ltr'><strong>habitando,</strong></span> <span class='ocrx_word' id='word_1_17' title='bbox 2386 514 2509 554; x_wconf 92' lang='lat' dir='ltr'><strong>cum</strong></span> <span class='ocrx_word' id='word_1_18' title='bbox 2541 499 2693 553; x_wconf 85' lang='lat' dir='ltr'><strong>Isaae</strong></span> <span class='ocrx_word' id='word_1_19' title='bbox 2735 510 2788 554; x_wconf 88' lang='lat' dir='ltr'><strong>et</strong></span> <span class='ocrx_word' id='word_1_20' title='bbox 2832 499 2998 559; x_wconf 80' lang='lat' dir='ltr'><strong>Jacon</strong></span> <span class='ocrx_word' id='word_1_21' title='bbox 3039 502 3274 558; x_wconf 69' lang='lat' dir='ltr'><strong>eohtere-</strong></span> 
     </span>
    </p>
   </div>
   <div class='ocr_carea' id='block_1_6' title="bbox 27 593 1604 665">
    <p class='ocr_par' dir='ltr' id='par_1_6' title="bbox 27 593 1604 665">
     <span class='ocr_line' id='line_1_6' title="bbox 27 593 1604 665; baseline -0.001 -16"><span class='ocrx_word' id='word_1_22' title='bbox 27 595 249 650; x_wconf 82' lang='grc' dir='ltr'>Ἰακὼϐ</span> <span class='ocrx_word' id='word_1_23' title='bbox 280 595 390 647; x_wconf 86' lang='grc' dir='ltr'>τῶν</span> <span class='ocrx_word' id='word_1_24' title='bbox 415 593 871 665; x_wconf 86' lang='grc' dir='ltr'>συγκληρονόμων</span> <span class='ocrx_word' id='word_1_25' title='bbox 896 595 995 664; x_wconf 84' lang='grc' dir='ltr'>τῆς</span> <span class='ocrx_word' id='word_1_26' title='bbox 1027 593 1356 662; x_wconf 78' lang='grc' dir='ltr'><strong>ἐπαγγελίας</strong></span> <span class='ocrx_word' id='word_1_27' title='bbox 1387 594 1488 664; x_wconf 82' lang='grc' dir='ltr'>τῆς</span> <span class='ocrx_word' id='word_1_28' title='bbox 1514 595 1604 648; x_wconf 80' lang='grc' dir='ltr'>αύ-</span> 
     </span>
    </p>
   </div>
   <div class='ocr_carea' id='block_1_7' title="bbox 5 685 668 758">
    <p class='ocr_par' dir='ltr' id='par_1_7' title="bbox 5 685 668 758">
     <span class='ocr_line' id='line_1_7' title="bbox 5 685 668 758; baseline -0.006 -18"><span class='ocrx_word' id='word_1_29' title='bbox 5 688 152 758; x_wconf 77' lang='grc' dir='ltr'>τῆς.</span> <span class='ocrx_word' id='word_1_30' title='bbox 172 685 480 757; x_wconf 82' lang='grc' dir='ltr'>Ἐξεδέχετο</span> <span class='ocrx_word' id='word_1_31' title='bbox 504 687 612 755; x_wconf 76' lang='grc' dir='ltr'>γὰρ</span> <span class='ocrx_word' id='word_1_32' title='bbox 651 705 668 736; x_wconf 79' lang='lat' dir='ltr'><strong>i</strong></span> 
     </span>
    </p>
   </div>
   <div class='ocr_carea' id='block_1_8' title="bbox 115 777 1605 850">
    <p class='ocr_par' dir='ltr' id='par_1_8' title="bbox 115 777 1605 850">
     <span class='ocr_line' id='line_1_8' title="bbox 115 777 1605 850; baseline -0.001 -18"><span class='ocrx_word' id='word_1_33' title='bbox 115 778 344 849; x_wconf 82' lang='grc' dir='ltr'><strong>Ἐπειδὴ</strong></span> <span class='ocrx_word' id='word_1_34' title='bbox 388 781 467 842; x_wconf 86' lang='grc' dir='ltr'><strong>είς</strong></span> <span class='ocrx_word' id='word_1_35' title='bbox 515 777 738 842; x_wconf 81' lang='grc' dir='ltr'>τούτους</span> <span class='ocrx_word' id='word_1_36' title='bbox 784 778 970 850; x_wconf 80' lang='grc' dir='ltr'>ἐώρων</span> <span class='ocrx_word' id='word_1_37' title='bbox 1013 778 1064 830; x_wconf 78' lang='lat' dir='ltr'><strong>oi</strong></span> <span class='ocrx_word' id='word_1_38' title='bbox 1113 777 1174 842; x_wconf 79' lang='grc' dir='ltr'><strong>ἐξ</strong></span> <span class='ocrx_word' id='word_1_39' title='bbox 1223 777 1486 849; x_wconf 84' lang='grc' dir='ltr'>Ἐϐραίων</span> <span class='ocrx_word' id='word_1_40' title='bbox 1516 795 1605 831; x_wconf 89' lang='grc' dir='ltr'>πε-</span> 
     </span>
    </p>
   </div>
   <div class='ocr_carea' id='block_1_9' title="bbox 16 867 1600 940">
    <p class='ocr_par' dir='ltr' id='par_1_9' title="bbox 16 867 1600 940">
     <span class='ocr_line' id='line_1_9' title="bbox 16 867 1600 940; baseline -0.003 -18"><span class='ocrx_word' id='word_1_41' title='bbox 16 871 438 934; x_wconf 75' lang='grc' dir='ltr'>πιστευκότες,</span> <span class='ocrx_word' id='word_1_42' title='bbox 497 869 572 931; x_wconf 84' lang='grc' dir='ltr'>ὡς</span> <span class='ocrx_word' id='word_1_43' title='bbox 623 869 831 940; x_wconf 84' lang='grc' dir='ltr'>μυρίων</span> <span class='ocrx_word' id='word_1_44' title='bbox 892 867 1306 930; x_wconf 81' lang='grc' dir='ltr'>ἀπολαύσαντας</span> <span class='ocrx_word' id='word_1_45' title='bbox 1362 867 1600 933; x_wconf 84' lang='grc' dir='ltr'><strong>ἀγαθῶν,</strong></span> 
     </span>
    </p>
   </div>
   <div class='ocr_carea' id='block_1_10' title="bbox 11 958 1201 1026">
    <p class='ocr_par' dir='ltr' id='par_1_10' title="bbox 11 958 1201 1026">
     <span class='ocr_line' id='line_1_10' title="bbox 11 958 1201 1026; baseline 0.002 -15"><span class='ocrx_word' id='word_1_46' title='bbox 11 959 316 1013; x_wconf 84' lang='grc' dir='ltr'>δείκνυσιν</span> <span class='ocrx_word' id='word_1_47' title='bbox 337 960 417 1012; x_wconf 84' lang='grc' dir='ltr'>ὅτι</span> <span class='ocrx_word' id='word_1_48' title='bbox 450 959 657 1012; x_wconf 76' lang='grc' dir='ltr'>οὐδέπω</span> <span class='ocrx_word' id='word_1_49' title='bbox 687 958 861 1022; x_wconf 81' lang='grc' dir='ltr'>οὐδεὶς</span> <span class='ocrx_word' id='word_1_50' title='bbox 888 958 1201 1026; x_wconf 77' lang='grc' dir='ltr'>ἐκομίσατο.</span> 
     </span>
    </p>
   </div>
   <div class='ocr_carea' id='block_1_11' title="bbox 113 1049 1263 1121">
    <p class='ocr_par' dir='ltr' id='par_1_11' title="bbox 113 1049 1263 1121">
     <span class='ocr_line' id='line_1_11' title="bbox 113 1049 1263 1121; baseline 0.001 -19"><span class='ocrx_word' id='word_1_51' title='bbox 113 1069 134 1102; x_wconf 78' lang='lat' dir='ltr'><strong>t</strong></span> <span class='ocrx_word' id='word_1_52' title='bbox 174 1052 291 1121; x_wconf 80' lang='grc' dir='ltr'><strong>Τὴν</strong></span> <span class='ocrx_word' id='word_1_53' title='bbox 316 1051 442 1114; x_wconf 80' lang='grc' dir='ltr'>τοὺς</span> <span class='ocrx_word' id='word_1_54' title='bbox 466 1050 747 1120; x_wconf 79' lang='grc' dir='ltr'><strong>θεμελίους</strong></span> <span class='ocrx_word' id='word_1_55' title='bbox 779 1049 1007 1120; x_wconf 80' lang='grc' dir='ltr'>ἔχουσαν</span> <span class='ocrx_word' id='word_1_56' title='bbox 1037 1051 1208 1106; x_wconf 88' lang='grc' dir='ltr'>πόλιν.</span> <span class='ocrx_word' id='word_1_57' title='bbox 1245 1070 1263 1103; x_wconf 73' lang='grc' dir='ltr'><strong>ι</strong></span> 
     </span>
    </p>
   </div>
   <div class='ocr_carea' id='block_1_12' title="bbox 107 1137 899 1210">
    <p class='ocr_par' dir='ltr' id='par_1_12' title="bbox 107 1137 899 1210">
     <span class='ocr_line' id='line_1_12' title="bbox 107 1137 899 1210; baseline 0 -17"><span class='ocrx_word' id='word_1_58' title='bbox 107 1137 425 1204; x_wconf 77' lang='grc' dir='ltr'>Τουτέστιν,</span> <span class='ocrx_word' id='word_1_59' title='bbox 460 1139 559 1210; x_wconf 82' lang='grc' dir='ltr'>τὴν</span> <span class='ocrx_word' id='word_1_60' title='bbox 581 1140 899 1194; x_wconf 80' lang='grc' dir='ltr'>ἀσάλευτον.</span> 
     </span>
    </p>
   </div>
   <div class='ocr_carea' id='block_1_13' title="bbox 114 1225 1350 1303">
    <p class='ocr_par' dir='ltr' id='par_1_13' title="bbox 114 1225 1350 1303">
     <span class='ocr_line' id='line_1_13' title="bbox 114 1225 1350 1303; baseline 0.002 -20"><span class='ocrx_word' id='word_1_61' title='bbox 114 1250 134 1283; x_wconf 74' lang='grc' dir='ltr'><strong>ι</strong></span> <span class='ocrx_word' id='word_1_62' title='bbox 166 1225 277 1296; x_wconf 83' lang='grc' dir='ltr'>Ἧς</span> <span class='ocrx_word' id='word_1_63' title='bbox 307 1232 553 1303; x_wconf 78' lang='grc' dir='ltr'>τεχνίτης</span> <span class='ocrx_word' id='word_1_64' title='bbox 585 1233 678 1286; x_wconf 74' lang='grc' dir='ltr'><strong>καὶ</strong></span> <span class='ocrx_word' id='word_1_65' title='bbox 711 1232 1041 1303; x_wconf 80' lang='grc' dir='ltr'>δημιουργὸς</span> <span class='ocrx_word' id='word_1_66' title='bbox 1079 1235 1106 1287; x_wconf 85' lang='grc' dir='ltr'>ὁ</span> <span class='ocrx_word' id='word_1_67' title='bbox 1137 1234 1290 1298; x_wconf 86' lang='grc' dir='ltr'>Θεός.</span> <span class='ocrx_word' id='word_1_68' title='bbox 1333 1255 1350 1286; x_wconf 75' lang='grc' dir='ltr'><strong>ι</strong></span> 
     </span>
    </p>
   </div>
   <div class='ocr_carea' id='block_1_14' title="bbox 108 1323 1602 1398">
    <p class='ocr_par' dir='ltr' id='par_1_14' title="bbox 108 1323 1602 1398">
     <span class='ocr_line' id='line_1_14' title="bbox 108 1323 1602 1398; baseline 0.004 -22"><span class='ocrx_word' id='word_1_69' title='bbox 108 1324 282 1386; x_wconf 76' lang='grc' dir='ltr'>Αὐτὸς</span> <span class='ocrx_word' id='word_1_70' title='bbox 315 1325 423 1395; x_wconf 79' lang='grc' dir='ltr'>γὰρ</span> <span class='ocrx_word' id='word_1_71' title='bbox 466 1323 658 1386; x_wconf 76' lang='grc' dir='ltr'>ἐλθὼν,</span> <span class='ocrx_word' id='word_1_72' title='bbox 691 1325 907 1396; x_wconf 77' lang='grc' dir='ltr'>ἐκείνην</span> <span class='ocrx_word' id='word_1_73' title='bbox 951 1327 1135 1390; x_wconf 84' lang='grc' dir='ltr'>αὐτοῖς</span> <span class='ocrx_word' id='word_1_74' title='bbox 1176 1328 1486 1398; x_wconf 75' lang='grc' dir='ltr'>ἐχαρίσατο.</span> <span class='ocrx_word' id='word_1_75' title='bbox 1540 1330 1602 1382; x_wconf 75' lang='lat' dir='ltr'><strong>Ei</strong></span> 
     </span>
    </p>
   </div>
   <div class='ocr_carea' id='block_1_15' title="bbox 24 1413 1601 1486">
    <p class='ocr_par' dir='ltr' id='par_1_15' title="bbox 24 1413 1601 1486">
     <span class='ocr_line' id='line_1_15' title="bbox 24 1413 1601 1486; baseline 0.004 -22"><span class='ocrx_word' id='word_1_76' title='bbox 24 1413 116 1483; x_wconf 82' lang='grc' dir='ltr'>μὴ</span> <span class='ocrx_word' id='word_1_77' title='bbox 158 1413 270 1483; x_wconf 79' lang='grc' dir='ltr'><strong>γὰρ</strong></span> <span class='ocrx_word' id='word_1_78' title='bbox 309 1413 575 1483; x_wconf 78' lang='grc' dir='ltr'>κατῆλθεν</span> <span class='ocrx_word' id='word_1_79' title='bbox 608 1413 836 1483; x_wconf 77' lang='grc' dir='ltr'>Ἰησοῦς,</span> <span class='ocrx_word' id='word_1_80' title='bbox 867 1414 962 1466; x_wconf 64' lang='grc' dir='ltr'><strong>καὶ⁸</strong></span> <span class='ocrx_word' id='word_1_81' title='bbox 997 1415 1225 1486; x_wconf 80' lang='grc' dir='ltr'>ἀνῆλθεν</span> <span class='ocrx_word' id='word_1_82' title='bbox 1270 1418 1350 1480; x_wconf 85' lang='grc' dir='ltr'><strong>είς</strong></span> <span class='ocrx_word' id='word_1_83' title='bbox 1391 1417 1481 1471; x_wconf 81' lang='grc' dir='ltr'>τὸν</span> <span class='ocrx_word' id='word_1_84' title='bbox 1510 1419 1601 1470; x_wconf 80' lang='grc' dir='ltr'>οὐ·</span> 
     </span>
    </p>
   </div>
   <div class='ocr_carea' id='block_1_16' title="bbox 28 1505 1603 1580">
    <p class='ocr_par' dir='ltr' id='par_1_16' title="bbox 28 1505 1603 1580">
     <span class='ocr_line' id='line_1_16' title="bbox 28 1505 1603 1580; baseline 0.004 -24"><span class='ocrx_word' id='word_1_85' title='bbox 28 1505 226 1573; x_wconf 83' lang='grc' dir='ltr'>ρανὸν,</span> <span class='ocrx_word' id='word_1_86' title='bbox 273 1505 578 1576; x_wconf 79' lang='grc' dir='ltr'>πρόδρομος</span> <span class='ocrx_word' id='word_1_87' title='bbox 623 1505 781 1576; x_wconf 82' lang='grc' dir='ltr'>ἡμῶν</span> <span class='ocrx_word' id='word_1_88' title='bbox 815 1506 1127 1576; x_wconf 78' lang='grc' dir='ltr'>γενόμενος,</span> <span class='ocrx_word' id='word_1_89' title='bbox 1173 1509 1272 1562; x_wconf 75' lang='grc' dir='ltr'><strong>οὐκ</strong></span> <span class='ocrx_word' id='word_1_90' title='bbox 1327 1508 1394 1562; x_wconf 81' lang='grc' dir='ltr'>ἂν</span> <span class='ocrx_word' id='word_1_91' title='bbox 1442 1511 1603 1580; x_wconf 83' lang='grc' dir='ltr'>ἡμεῖς</span> 
     </span>
    </p>
   </div>
   <div class='ocr_carea' id='block_1_17' title="bbox 28 1595 970 1669">
    <p class='ocr_par' dir='ltr' id='par_1_17' title="bbox 28 1595 970 1669">
     <span class='ocr_line' id='line_1_17' title="bbox 28 1595 970 1669; baseline 0.006 -23"><span class='ocrx_word' id='word_1_92' title='bbox 28 1595 268 1649; x_wconf 77' lang='grc' dir='ltr'>ἐκείνων</span> <span class='ocrx_word' id='word_1_93' title='bbox 298 1597 614 1669; x_wconf 77' lang='grc' dir='ltr'><strong>ἠξιώθημεν</strong></span> <span class='ocrx_word' id='word_1_94' title='bbox 644 1598 750 1652; x_wconf 85' lang='grc' dir='ltr'><strong>τῶν</strong></span> <span class='ocrx_word' id='word_1_95' title='bbox 776 1598 970 1668; x_wconf 84' lang='grc' dir='ltr'>μονῶν.</span> 
     </span>
    </p>
   </div>
   <div class='ocr_carea' id='block_1_18' title="bbox 115 1689 1328 1763">
    <p class='ocr_par' dir='ltr' id='par_1_18' title="bbox 115 1689 1328 1763">
     <span class='ocr_line' id='line_1_18' title="bbox 115 1689 1328 1763; baseline 0.004 -25"><span class='ocrx_word' id='word_1_96' title='bbox 115 1707 134 1738; x_wconf 75' lang='grc' dir='ltr'><strong>ι</strong></span> <span class='ocrx_word' id='word_1_97' title='bbox 176 1689 364 1743; x_wconf 78' lang='grc' dir='ltr'>Πίστει</span> <span class='ocrx_word' id='word_1_98' title='bbox 393 1689 501 1760; x_wconf 78' lang='grc' dir='ltr'>γὰρ</span> <span class='ocrx_word' id='word_1_99' title='bbox 530 1691 716 1762; x_wconf 76' lang='grc' dir='ltr'>Σάρρα</span> <span class='ocrx_word' id='word_1_100' title='bbox 745 1692 838 1744; x_wconf 72' lang='grc' dir='ltr'><strong>καὶ</strong></span> <span class='ocrx_word' id='word_1_101' title='bbox 871 1690 1007 1762; x_wconf 79' lang='grc' dir='ltr'>αὐτὴ</span> <span class='ocrx_word' id='word_1_102' title='bbox 1045 1691 1272 1763; x_wconf 85' lang='grc' dir='ltr'>δύναμιν</span> <span class='ocrx_word' id='word_1_103' title='bbox 1310 1710 1328 1743; x_wconf 69' lang='grc' dir='ltr'><em>υ</em></span> 
     </span>
    </p>
   </div>
   <div class='ocr_carea' id='block_1_19' title="bbox 120 1780 1600 1854">
    <p class='ocr_par' dir='ltr' id='par_1_19' title="bbox 120 1780 1600 1854">
     <span class='ocr_line' id='line_1_19' title="bbox 120 1780 1600 1854; baseline 0.002 -20"><span class='ocrx_word' id='word_1_104' title='bbox 120 1782 515 1854; x_wconf 84' lang='grc' dir='ltr'>Ἐντρεπτικῶς</span> <span class='ocrx_word' id='word_1_105' title='bbox 565 1780 793 1836; x_wconf 76' lang='grc' dir='ltr'>ἐνταῦθα</span> <span class='ocrx_word' id='word_1_106' title='bbox 848 1783 1088 1854; x_wconf 53' lang='grc' dir='ltr'>ἧρξατοω</span> <span class='ocrx_word' id='word_1_107' title='bbox 1130 1783 1184 1836; x_wconf 72' lang='grc' dir='ltr'>εἴ</span> <span class='ocrx_word' id='word_1_108' title='bbox 1228 1800 1291 1852; x_wconf 90' lang='grc' dir='ltr'><strong>γε</strong></span> <span class='ocrx_word' id='word_1_109' title='bbox 1341 1784 1600 1852; x_wconf 78' lang='grc' dir='ltr'>γυναικὸς</span> 
     </span>
    </p>
   </div>
   <div class='ocr_carea' id='block_1_20' title="bbox 27 1874 1602 1946">
    <p class='ocr_par' dir='ltr' id='par_1_20' title="bbox 27 1874 1602 1946">
     <span class='ocr_line' id='line_1_20' title="bbox 27 1874 1602 1946; baseline 0.001 -18"><span class='ocrx_word' id='word_1_110' title='bbox 27 1875 478 1946; x_wconf 63' lang='grc' dir='ltr'>ὀλιγοψυχότεροι</span> <span class='ocrx_word' id='word_1_111' title='bbox 517 1874 814 1942; x_wconf 71' lang='grc' dir='ltr'>φαίνονται.</span> <span class='ocrx_word' id='word_1_112' title='bbox 855 1875 1013 1938; x_wconf 86' lang='grc' dir='ltr'>Ὄλος</span> <span class='ocrx_word' id='word_1_113' title='bbox 1043 1875 1148 1945; x_wconf 75' lang='grc' dir='ltr'>γὰρ</span> <span class='ocrx_word' id='word_1_114' title='bbox 1181 1875 1356 1928; x_wconf 78' lang='grc' dir='ltr'>αὐτῶν</span> <span class='ocrx_word' id='word_1_115' title='bbox 1390 1875 1418 1926; x_wconf 87' lang='grc' dir='ltr'>ὁ</span> <span class='ocrx_word' id='word_1_116' title='bbox 1447 1875 1602 1944; x_wconf 86' lang='grc' dir='ltr'>λόγος</span> 
     </span>
    </p>
   </div>
   <div class='ocr_carea' id='block_1_21' title="bbox 28 1968 1602 2040">
    <p class='ocr_par' dir='ltr' id='par_1_21' title="bbox 28 1968 1602 2040">
     <span class='ocr_line' id='line_1_21' title="bbox 28 1968 1602 2040; baseline -0.001 -17"><span class='ocrx_word' id='word_1_117' title='bbox 28 1973 119 2032; x_wconf 84' lang='grc' dir='ltr'>εἰς</span> <span class='ocrx_word' id='word_1_118' title='bbox 143 1969 304 2022; x_wconf 74' lang='grc' dir='ltr'>τοῦτο</span> <span class='ocrx_word' id='word_1_119' title='bbox 331 1971 712 2039; x_wconf 77' lang='grc' dir='ltr'>οἰκονομεῖται,</span> <span class='ocrx_word' id='word_1_120' title='bbox 736 1970 816 2032; x_wconf 86' lang='grc' dir='ltr'><strong>είς</strong></span> <span class='ocrx_word' id='word_1_121' title='bbox 837 1968 898 2022; x_wconf 74' lang='grc' dir='ltr'>τὸ</span> <span class='ocrx_word' id='word_1_122' title='bbox 928 1969 1384 2040; x_wconf 84' lang='grc' dir='ltr'>ἀποκεκμηκότας</span> <span class='ocrx_word' id='word_1_123' title='bbox 1407 1969 1602 2032; x_wconf 74' lang='grc' dir='ltr'>αὐτοὺς</span> 
     </span>
    </p>
   </div>
   <div class='ocr_carea' id='block_1_22' title="bbox 27 2061 473 2132">
    <p class='ocr_par' dir='ltr' id='par_1_22' title="bbox 27 2061 473 2132">
     <span class='ocr_line' id='line_1_22' title="bbox 27 2061 473 2132; baseline -0.004 -16"><span class='ocrx_word' id='word_1_124' title='bbox 27 2064 248 2132; x_wconf 79' lang='grc' dir='ltr'>ἁνακτή</span> <span class='ocrx_word' id='word_1_125' title='bbox 257 2061 473 2114; x_wconf 87' lang='grc' dir='ltr'>σασθαι.</span> 
     </span>
    </p>
   </div>
   <div class='ocr_carea' id='block_1_23' title="bbox 118 2151 1602 2223">
    <p class='ocr_par' dir='ltr' id='par_1_23' title="bbox 118 2151 1602 2223">
     <span class='ocr_line' id='line_1_23' title="bbox 118 2151 1602 2223; baseline 0.002 -20"><span class='ocrx_word' id='word_1_126' title='bbox 118 2173 136 2203; x_wconf 73' lang='grc' dir='ltr'><strong>ι</strong></span> <span class='ocrx_word' id='word_1_127' title='bbox 189 2154 286 2214; x_wconf 84' lang='grc' dir='ltr'><strong>Εἰς</strong></span> <span class='ocrx_word' id='word_1_128' title='bbox 341 2151 642 2222; x_wconf 81' lang='grc' dir='ltr'>καταϐολὴν</span> <span class='ocrx_word' id='word_1_129' title='bbox 686 2151 998 2222; x_wconf 86' lang='grc' dir='ltr'>σπέρματος</span> <span class='ocrx_word' id='word_1_130' title='bbox 1049 2151 1244 2214; x_wconf 77' lang='grc' dir='ltr'>ἔλαϐε,</span> <span class='ocrx_word' id='word_1_131' title='bbox 1297 2153 1390 2204; x_wconf 81' lang='grc' dir='ltr'>καὶ</span> <span class='ocrx_word' id='word_1_132' title='bbox 1453 2152 1602 2223; x_wconf 74' lang='grc' dir='ltr'>παρὰ</span> 
     </span>
    </p>
   </div>
   <div class='ocr_carea' id='block_1_24' title="bbox 31 2243 1600 2316">
    <p class='ocr_par' dir='ltr' id='par_1_24' title="bbox 31 2243 1600 2316">
     <span class='ocr_line' id='line_1_24' title="bbox 31 2243 1600 2316; baseline 0.001 -20"><span class='ocrx_word' id='word_1_133' title='bbox 31 2245 233 2314; x_wconf 73' lang='grc' dir='ltr'>καιρὸν</span> <span class='ocrx_word' id='word_1_134' title='bbox 288 2243 503 2314; x_wconf 82' lang='grc' dir='ltr'>ἡλικίας</span> <span class='ocrx_word' id='word_1_135' title='bbox 557 2243 761 2308; x_wconf 77' lang='grc' dir='ltr'>ἔτεκεν,</span> <span class='ocrx_word' id='word_1_136' title='bbox 799 2244 918 2296; x_wconf 79' lang='grc' dir='ltr'>ἐπεὶ</span> <span class='ocrx_word' id='word_1_137' title='bbox 971 2244 1160 2297; x_wconf 79' lang='grc' dir='ltr'>πιστὸν</span> <span class='ocrx_word' id='word_1_138' title='bbox 1210 2246 1455 2316; x_wconf 82' lang='grc' dir='ltr'>ἡγήσατο</span> <span class='ocrx_word' id='word_1_139' title='bbox 1509 2245 1600 2298; x_wconf 79' lang='grc' dir='ltr'><strong>τὸν</strong></span> 
     </span>
    </p>
   </div>
   <div class='ocr_carea' id='block_1_25' title="bbox 30 2336 588 2408">
    <p class='ocr_par' dir='ltr' id='par_1_25' title="bbox 30 2336 588 2408">
     <span class='ocr_line' id='line_1_25' title="bbox 30 2336 588 2408; baseline -0.004 -19"><span class='ocrx_word' id='word_1_140' title='bbox 30 2339 251 2405; x_wconf 82' lang='grc' dir='ltr'>ἐπαγγε</span> <span class='ocrx_word' id='word_1_141' title='bbox 261 2336 342 2389; x_wconf 89' lang='grc' dir='ltr'>ιλὰ</span> <span class='ocrx_word' id='word_1_142' title='bbox 350 2353 530 2408; x_wconf 88' lang='grc' dir='ltr'>μενον.</span> <span class='ocrx_word' id='word_1_143' title='bbox 571 2357 588 2387; x_wconf 77' lang='grc' dir='ltr'><strong>ι</strong></span> 
     </span>
    </p>
   </div>
   <div class='ocr_carea' id='block_1_26' title="bbox 109 2426 1306 2498">
    <p class='ocr_par' dir='ltr' id='par_1_26' title="bbox 109 2426 1306 2498">
     <span class='ocr_line' id='line_1_26' title="bbox 109 2426 1306 2498; baseline 0 -18"><span class='ocrx_word' id='word_1_144' title='bbox 109 2429 420 2489; x_wconf 85' lang='grc' dir='ltr'>Τουτέστιν,</span> <span class='ocrx_word' id='word_1_145' title='bbox 453 2431 533 2491; x_wconf 82' lang='grc' dir='ltr'><strong>είς</strong></span> <span class='ocrx_word' id='word_1_146' title='bbox 562 2427 622 2480; x_wconf 73' lang='grc' dir='ltr'><strong>τὸ</strong></span> <span class='ocrx_word' id='word_1_147' title='bbox 657 2430 944 2498; x_wconf 83' lang='grc' dir='ltr'>κατασχεῖν</span> <span class='ocrx_word' id='word_1_148' title='bbox 975 2426 1035 2480; x_wconf 78' lang='grc' dir='ltr'>τὸ</span> <span class='ocrx_word' id='word_1_149' title='bbox 1066 2427 1306 2498; x_wconf 88' lang='grc' dir='ltr'>σπέρμα.</span> 
     </span>
    </p>
   </div>
   <div class='ocr_carea' id='block_1_27' title="bbox 119 2517 1602 2588">
    <p class='ocr_par' dir='ltr' id='par_1_27' title="bbox 119 2517 1602 2588">
     <span class='ocr_line' id='line_1_27' title="bbox 119 2517 1602 2588; baseline 0.001 -20"><span class='ocrx_word' id='word_1_150' title='bbox 119 2535 137 2568; x_wconf 80' lang='grc' dir='ltr'><strong>ι</strong></span> <span class='ocrx_word' id='word_1_151' title='bbox 171 2517 263 2569; x_wconf 81' lang='grc' dir='ltr'>Διὸ</span> <span class='ocrx_word' id='word_1_152' title='bbox 301 2518 392 2571; x_wconf 78' lang='grc' dir='ltr'>καὶ</span> <span class='ocrx_word' id='word_1_153' title='bbox 437 2518 527 2586; x_wconf 73' lang='grc' dir='ltr'><strong>ἀφ’</strong></span> <span class='ocrx_word' id='word_1_154' title='bbox 560 2517 674 2580; x_wconf 82' lang='grc' dir='ltr'>ἑνὸς</span> <span class='ocrx_word' id='word_1_155' title='bbox 706 2517 1092 2588; x_wconf 76' lang='grc' dir='ltr'>ἐγεννήθησαν,</span> <span class='ocrx_word' id='word_1_156' title='bbox 1137 2518 1230 2572; x_wconf 80' lang='grc' dir='ltr'><strong>καὶ</strong></span> <span class='ocrx_word' id='word_1_157' title='bbox 1259 2517 1430 2571; x_wconf 79' lang='grc' dir='ltr'>ταῦτα</span> <span class='ocrx_word' id='word_1_158' title='bbox 1459 2535 1602 2572; x_wconf 88' lang='grc' dir='ltr'>νενε-</span> 
     </span>
    </p>
   </div>
   <div class='ocr_carea' id='block_1_28' title="bbox 34 2608 1598 2683">
    <p class='ocr_par' dir='ltr' id='par_1_28' title="bbox 34 2608 1598 2683">
     <span class='ocr_line' id='line_1_28' title="bbox 34 2608 1598 2683; baseline 0.003 -22"><span class='ocrx_word' id='word_1_159' title='bbox 34 2609 343 2681; x_wconf 83' lang='grc' dir='ltr'>κρωμένου,</span> <span class='ocrx_word' id='word_1_160' title='bbox 380 2608 563 2672; x_wconf 84' lang='grc' dir='ltr'>καθὼς</span> <span class='ocrx_word' id='word_1_161' title='bbox 597 2610 666 2662; x_wconf 74' lang='grc' dir='ltr'>τὰ</span> <span class='ocrx_word' id='word_1_162' title='bbox 692 2610 863 2682; x_wconf 83' lang='grc' dir='ltr'>ἄστρα</span> <span class='ocrx_word' id='word_1_163' title='bbox 895 2609 988 2663; x_wconf 79' lang='grc' dir='ltr'>τοῦ</span> <span class='ocrx_word' id='word_1_164' title='bbox 1022 2609 1250 2681; x_wconf 79' lang='grc' dir='ltr'>ούρανοῦ</span> <span class='ocrx_word' id='word_1_165' title='bbox 1283 2611 1360 2682; x_wconf 83' lang='grc' dir='ltr'>τῷ</span> <span class='ocrx_word' id='word_1_166' title='bbox 1384 2611 1598 2683; x_wconf 78' lang='grc' dir='ltr'>πλήθει,</span> 
     </span>
    </p>
   </div>
   <div class='ocr_carea' id='block_1_29' title="bbox 33 2701 1601 2775">
    <p class='ocr_par' dir='ltr' id='par_1_29' title="bbox 33 2701 1601 2775">
     <span class='ocr_line' id='line_1_29' title="bbox 33 2701 1601 2775; baseline 0.003 -22"><span class='ocrx_word' id='word_1_167' title='bbox 33 2704 134 2755; x_wconf 75' lang='grc' dir='ltr'><strong>καὶ</strong></span> <span class='ocrx_word' id='word_1_168' title='bbox 173 2701 247 2764; x_wconf 72' lang='grc' dir='ltr'>ὡς</span> <span class='ocrx_word' id='word_1_169' title='bbox 293 2703 497 2772; x_wconf 85' lang='grc' dir='ltr'>ἄμμος,</span> <span class='ocrx_word' id='word_1_170' title='bbox 530 2703 564 2772; x_wconf 83' lang='grc' dir='ltr'><strong>ἡ</strong></span> <span class='ocrx_word' id='word_1_171' title='bbox 597 2704 747 2773; x_wconf 72' lang='grc' dir='ltr'>παρὰ</span> <span class='ocrx_word' id='word_1_172' title='bbox 781 2703 838 2756; x_wconf 79' lang='grc' dir='ltr'>τὸ</span> <span class='ocrx_word' id='word_1_173' title='bbox 876 2703 1050 2772; x_wconf 81' lang='grc' dir='ltr'>χεῖλος</span> <span class='ocrx_word' id='word_1_174' title='bbox 1095 2703 1195 2772; x_wconf 74' lang='grc' dir='ltr'>τῆς</span> <span class='ocrx_word' id='word_1_175' title='bbox 1245 2702 1535 2775; x_wconf 85' lang='grc' dir='ltr'>θαλάσσης.</span> <span class='ocrx_word' id='word_1_176' title='bbox 1569 2707 1601 2775; x_wconf 81' lang='grc' dir='ltr'>ἡ</span> 
     </span>
    </p>
   </div>
   <div class='ocr_carea' id='block_1_30' title="bbox 35 2793 488 2863">
    <p class='ocr_par' dir='ltr' id='par_1_30' title="bbox 35 2793 488 2863">
     <span class='ocr_line' id='line_1_30' title="bbox 35 2793 488 2863; baseline 0 -19"><span class='ocrx_word' id='word_1_177' title='bbox 35 2793 430 2863; x_wconf 82' lang='grc' dir='ltr'>ἀναρίθμητος.</span> <span class='ocrx_word' id='word_1_178' title='bbox 470 2813 488 2844; x_wconf 71' lang='grc' dir='ltr'><strong>ι</strong></span> 
     </span>
    </p>
   </div>
   <div class='ocr_carea' id='block_1_31' title="bbox 107 2885 1602 2960">
    <p class='ocr_par' dir='ltr' id='par_1_31' title="bbox 107 2885 1602 2960">
     <span class='ocr_line' id='line_1_31' title="bbox 107 2885 1602 2960; baseline 0.003 -24"><span class='ocrx_word' id='word_1_179' title='bbox 107 2885 280 2937; x_wconf 75' lang='grc' dir='ltr'>Τοῦτο</span> <span class='ocrx_word' id='word_1_180' title='bbox 308 2887 408 2938; x_wconf 78' lang='grc' dir='ltr'>οὐκ</span> <span class='ocrx_word' id='word_1_181' title='bbox 437 2885 580 2952; x_wconf 76' lang='grc' dir='ltr'>ἐστι,</span> <span class='ocrx_word' id='word_1_182' title='bbox 609 2886 794 2956; x_wconf 71' lang='grc' dir='ltr'>φησὶν,</span> <span class='ocrx_word' id='word_1_183' title='bbox 849 2887 1009 2957; x_wconf 81' lang='grc' dir='ltr'>μόνον</span> <span class='ocrx_word' id='word_1_184' title='bbox 1039 2888 1098 2941; x_wconf 78' lang='grc' dir='ltr'><strong>τὸ</strong></span> <span class='ocrx_word' id='word_1_185' title='bbox 1138 2887 1474 2960; x_wconf 83' lang='grc' dir='ltr'>θαυμαστὸν,</span> <span class='ocrx_word' id='word_1_186' title='bbox 1521 2890 1602 2941; x_wconf 85' lang='grc' dir='ltr'><strong>ὅτι</strong></span> 
     </span>
    </p>
   </div>
   <div class='ocr_carea' id='block_1_32' title="bbox 35 2974 1603 3051">
    <p class='ocr_par' dir='ltr' id='par_1_32' title="bbox 35 2974 1603 3051">
     <span class='ocr_line' id='line_1_32' title="bbox 35 2974 1603 3051; baseline 0.003 -25"><span class='ocrx_word' id='word_1_187' title='bbox 35 2975 197 3044; x_wconf 75' lang='grc' dir='ltr'>ἔσχεν</span> <span class='ocrx_word' id='word_1_188' title='bbox 243 2974 469 3045; x_wconf 87' lang='grc' dir='ltr'>δύναμιν</span> <span class='ocrx_word' id='word_1_189' title='bbox 495 2978 576 3039; x_wconf 89' lang='grc' dir='ltr'>εἰς</span> <span class='ocrx_word' id='word_1_190' title='bbox 627 2975 935 3048; x_wconf 84' lang='grc' dir='ltr'>καταϐολὴν</span> <span class='ocrx_word' id='word_1_191' title='bbox 992 2978 1323 3051; x_wconf 88' lang='grc' dir='ltr'>σπέρματος,</span> <span class='ocrx_word' id='word_1_192' title='bbox 1369 2977 1482 3032; x_wconf 85' lang='grc' dir='ltr'>ἀλλ’</span> <span class='ocrx_word' id='word_1_193' title='bbox 1522 2979 1603 3031; x_wconf 85' lang='grc' dir='ltr'>ὅτι</span> 
     </span>
    </p>
   </div>
   <div class='ocr_carea' id='block_1_33' title="bbox 33 3066 1602 3142">
    <p class='ocr_par' dir='ltr' id='par_1_33' title="bbox 33 3066 1602 3142">
     <span class='ocr_line' id='line_1_33' title="bbox 33 3066 1602 3142; baseline 0.004 -23"><span class='ocrx_word' id='word_1_194' title='bbox 33 3066 307 3120; x_wconf 75' lang='grc' dir='ltr'>τοσούτων</span> <span class='ocrx_word' id='word_1_195' title='bbox 336 3068 552 3135; x_wconf 74' lang='grc' dir='ltr'>ἐγένετο</span> <span class='ocrx_word' id='word_1_196' title='bbox 599 3068 804 3140; x_wconf 81' lang='grc' dir='ltr'>μήτηρ,</span> <span class='ocrx_word' id='word_1_197' title='bbox 833 3070 972 3123; x_wconf 79' lang='grc' dir='ltr'>ὅσων</span> <span class='ocrx_word' id='word_1_198' title='bbox 1003 3071 1122 3124; x_wconf 72' lang='grc' dir='ltr'>οὐδὲ</span> <span class='ocrx_word' id='word_1_199' title='bbox 1162 3070 1378 3142; x_wconf 75' lang='grc' dir='ltr'>εὖφοροι</span> <span class='ocrx_word' id='word_1_200' title='bbox 1407 3072 1602 3138; x_wconf 86' lang='grc' dir='ltr'>γαστέ-</span> 
     </span>
    </p>
   </div>
   <div class='ocr_carea' id='block_1_34' title="bbox 1704 591 3263 663">
    <p class='ocr_par' dir='ltr' id='par_1_34' title="bbox 1704 591 3263 663">
     <span class='ocr_line' id='line_1_34' title="bbox 1704 591 3263 663; baseline 0.001 -17"><span class='ocrx_word' id='word_1_201' title='bbox 1704 593 1864 650; x_wconf 87' lang='lat' dir='ltr'><strong>dibus</strong></span> <span class='ocrx_word' id='word_1_202' title='bbox 1891 593 2134 663; x_wconf 85' lang='lat' dir='ltr'><strong>ejusdem</strong></span> <span class='ocrx_word' id='word_1_203' title='bbox 2170 591 2638 651; x_wconf 74' lang='lat' dir='ltr'><strong>repromissionis.</strong></span> <span class='ocrx_word' id='word_1_204' title='bbox 2683 593 3042 662; x_wconf 73' lang='lat' dir='ltr'><strong>Exspectabat</strong></span> <span class='ocrx_word' id='word_1_205' title='bbox 3068 596 3211 648; x_wconf 89' lang='lat' dir='ltr'><strong>enim</strong></span> <span class='ocrx_word' id='word_1_206' title='bbox 3245 614 3263 647; x_wconf 78' lang='grc' dir='ltr'><strong>ι</strong></span> 
     </span>
    </p>
   </div>
   <div class='ocr_carea' id='block_1_35' title="bbox 1773 770 3270 842">
    <p class='ocr_par' dir='ltr' id='par_1_35' title="bbox 1773 770 3270 842">
     <span class='ocr_line' id='line_1_35' title="bbox 1773 770 3270 842; baseline 0.003 -16"><span class='ocrx_word' id='word_1_207' title='bbox 1773 770 2039 838; x_wconf 83' lang='lat' dir='ltr'><strong>Quoniam</strong></span> <span class='ocrx_word' id='word_1_208' title='bbox 2079 772 2156 826; x_wconf 89' lang='lat' dir='ltr'><strong>illi</strong></span> <span class='ocrx_word' id='word_1_209' title='bbox 2205 771 2296 842; x_wconf 88' lang='lat' dir='ltr'><strong>qui</strong></span> <span class='ocrx_word' id='word_1_210' title='bbox 2356 786 2421 826; x_wconf 80' lang='lat' dir='ltr'><strong>ex</strong></span> <span class='ocrx_word' id='word_1_211' title='bbox 2473 771 2718 827; x_wconf 76' lang='lat' dir='ltr'><strong>llebrzeis</strong></span> <span class='ocrx_word' id='word_1_212' title='bbox 2762 773 3131 838; x_wconf 86' lang='lat' dir='ltr'><strong>crediderant,</strong></span> <span class='ocrx_word' id='word_1_213' title='bbox 3175 789 3270 830; x_wconf 88' lang='lat' dir='ltr'><strong>eos</strong></span> 
     </span>
    </p>
   </div>
   <div class='ocr_carea' id='block_1_36' title="bbox 1705 863 3272 933">
    <p class='ocr_par' dir='ltr' id='par_1_36' title="bbox 1705 863 3272 933">
     <span class='ocr_line' id='line_1_36' title="bbox 1705 863 3272 933; baseline 0.003 -17"><span class='ocrx_word' id='word_1_214' title='bbox 1705 863 2060 933; x_wconf 90' lang='lat' dir='ltr'><strong>aspiciebant,</strong></span> <span class='ocrx_word' id='word_1_215' title='bbox 2094 879 2194 916; x_wconf 91' lang='lat' dir='ltr'><strong>ceu</strong></span> <span class='ocrx_word' id='word_1_216' title='bbox 2227 864 2382 918; x_wconf 88' lang='lat' dir='ltr'><strong>bonis</strong></span> <span class='ocrx_word' id='word_1_217' title='bbox 2409 866 2716 920; x_wconf 84' lang='lat' dir='ltr'><strong>innumeris</strong></span> <span class='ocrx_word' id='word_1_218' title='bbox 2747 875 2989 931; x_wconf 87' lang='lat' dir='ltr'><strong>ornatos,</strong></span> <span class='ocrx_word' id='word_1_219' title='bbox 3029 865 3272 922; x_wconf 85' lang='lat' dir='ltr'><strong>declarat</strong></span> 
     </span>
    </p>
   </div>
   <div class='ocr_carea' id='block_1_37' title="bbox 1706 952 2631 1024">
    <p class='ocr_par' dir='ltr' id='par_1_37' title="bbox 1706 952 2631 1024">
     <span class='ocr_line' id='line_1_37' title="bbox 1706 952 2631 1024; baseline 0.005 -18"><span class='ocrx_word' id='word_1_220' title='bbox 1706 952 1974 1008; x_wconf 90' lang='lat' dir='ltr'><strong>neminem</strong></span> <span class='ocrx_word' id='word_1_221' title='bbox 2007 953 2302 1023; x_wconf 86' lang='lat' dir='ltr'><strong>quidquam</strong></span> <span class='ocrx_word' id='word_1_222' title='bbox 2339 956 2631 1024; x_wconf 73' lang='lat' dir='ltr'><strong>recepisse.</strong></span> 
     </span>
    </p>
   </div>
   <div class='ocr_carea' id='block_1_38' title="bbox 1779 1045 3006 1102">
    <p class='ocr_par' dir='ltr' id='par_1_38' title="bbox 1779 1045 3006 1102">
     <span class='ocr_line' id='line_1_38' title="bbox 1779 1045 3006 1102; baseline 0.003 -6"><span class='ocrx_word' id='word_1_223' title='bbox 1779 1064 1798 1096; x_wconf 82' lang='grc' dir='ltr'><strong>ι</strong></span> <span class='ocrx_word' id='word_1_224' title='bbox 1832 1045 2207 1099; x_wconf 88' lang='lat' dir='ltr'><strong>Fundamenta</strong></span> <span class='ocrx_word' id='word_1_225' title='bbox 2240 1047 2531 1102; x_wconf 73' lang='lat' dir='ltr'><strong>habentem</strong></span> <span class='ocrx_word' id='word_1_226' title='bbox 2563 1047 2864 1102; x_wconf 89' lang='lat' dir='ltr'><strong>civitatem.</strong></span> <span class='ocrx_word' id='word_1_227' title='bbox 2899 1069 2914 1100; x_wconf 73' lang='grc' dir='ltr'><strong>ι</strong></span> <span class='ocrx_word' id='word_1_228' title='bbox 3000 1063 3006 1068; x_wconf 92' lang='grc'><strong>·</strong></span> 
     </span>
    </p>
   </div>
   <div class='ocr_carea' id='block_1_39' title="bbox 1773 1135 2858 1194">
    <p class='ocr_par' dir='ltr' id='par_1_39' title="bbox 1773 1135 2858 1194">
     <span class='ocr_line' id='line_1_39' title="bbox 1773 1135 2858 1194; baseline 0.006 -6"><span class='ocrx_word' id='word_1_229' title='bbox 1773 1135 1826 1189; x_wconf 90' lang='lat' dir='ltr'><strong>ld</strong></span> <span class='ocrx_word' id='word_1_230' title='bbox 1869 1145 1953 1191; x_wconf 90' lang='lat' dir='ltr'><strong>est</strong></span> <span class='ocrx_word' id='word_1_231' title='bbox 1993 1137 2379 1192; x_wconf 82' lang='lat' dir='ltr'><strong>inconcussam</strong></span> <span class='ocrx_word' id='word_1_232' title='bbox 2418 1146 2472 1192; x_wconf 90' lang='lat' dir='ltr'><strong>et</strong></span> <span class='ocrx_word' id='word_1_233' title='bbox 2500 1138 2858 1194; x_wconf 80' lang='lat' dir='ltr'><strong>immobilem.</strong></span> 
     </span>
    </p>
   </div>
   <div class='ocr_carea' id='block_1_40' title="bbox 1780 1227 2878 1298">
    <p class='ocr_par' dir='ltr' id='par_1_40' title="bbox 1780 1227 2878 1298">
     <span class='ocr_line' id='line_1_40' title="bbox 1780 1227 2878 1298; baseline 0.006 -21"><span class='ocrx_word' id='word_1_234' title='bbox 1780 1246 1798 1277; x_wconf 87' lang='grc'><em>‹</em></span> <span class='ocrx_word' id='word_1_235' title='bbox 1835 1227 2006 1298; x_wconf 81' lang='lat' dir='ltr'><strong>Cujus</strong></span> <span class='ocrx_word' id='word_1_236' title='bbox 2045 1231 2242 1284; x_wconf 75' lang='lat' dir='ltr'><strong>artifex</strong></span> <span class='ocrx_word' id='word_1_237' title='bbox 2282 1239 2335 1284; x_wconf 90' lang='lat' dir='ltr'><strong>et</strong></span> <span class='ocrx_word' id='word_1_238' title='bbox 2375 1231 2627 1284; x_wconf 86' lang='lat' dir='ltr'><strong>conditor</strong></span> <span class='ocrx_word' id='word_1_239' title='bbox 2662 1230 2826 1287; x_wconf 88' lang='lat' dir='ltr'><strong>Deus.</strong></span> <span class='ocrx_word' id='word_1_240' title='bbox 2861 1251 2878 1284; x_wconf 77' lang='grc' dir='ltr'><strong>ι</strong></span> 
     </span>
    </p>
   </div>
   <div class='ocr_carea' id='block_1_41' title="bbox 1775 1320 3268 1388">
    <p class='ocr_par' dir='ltr' id='par_1_41' title="bbox 1775 1320 3268 1388">
     <span class='ocr_line' id='line_1_41' title="bbox 1775 1320 3268 1388; baseline 0.005 -18"><span class='ocrx_word' id='word_1_241' title='bbox 1775 1320 1896 1388; x_wconf 88' lang='lat' dir='ltr'><strong>lpse</strong></span> <span class='ocrx_word' id='word_1_242' title='bbox 1941 1320 2086 1374; x_wconf 90' lang='lat' dir='ltr'><strong>enim</strong></span> <span class='ocrx_word' id='word_1_243' title='bbox 2141 1320 2368 1375; x_wconf 89' lang='lat' dir='ltr'><strong>veniens</strong></span> <span class='ocrx_word' id='word_1_244' title='bbox 2395 1321 2558 1380; x_wconf 60' lang='lat' dir='ltr'><strong>(hanc</strong></span> <span class='ocrx_word' id='word_1_245' title='bbox 2598 1321 2679 1374; x_wconf 90' lang='lat' dir='ltr'><strong>eis</strong></span> <span class='ocrx_word' id='word_1_246' title='bbox 2714 1322 2956 1377; x_wconf 88' lang='lat' dir='ltr'><strong>donavit.</strong></span> <span class='ocrx_word' id='word_1_247' title='bbox 2995 1321 3126 1378; x_wconf 85' lang='lat' dir='ltr'><strong>Nam</strong></span> <span class='ocrx_word' id='word_1_248' title='bbox 3164 1324 3268 1379; x_wconf 91' lang='lat' dir='ltr'><strong>nisi</strong></span> 
     </span>
    </p>
   </div>
   <div class='ocr_carea' id='block_1_42' title="bbox 1701 1409 3269 1486">
    <p class='ocr_par' dir='ltr' id='par_1_42' title="bbox 1701 1409 3269 1486">
     <span class='ocr_line' id='line_1_42' title="bbox 1701 1409 3269 1486; baseline 0.004 -21"><span class='ocrx_word' id='word_1_249' title='bbox 1701 1409 1859 1467; x_wconf 85' lang='lat' dir='ltr'><strong>Jesus</strong></span> <span class='ocrx_word' id='word_1_250' title='bbox 1891 1412 2289 1478; x_wconf 86' lang='lat' dir='ltr'><strong>descendisset,</strong></span> <span class='ocrx_word' id='word_1_251' title='bbox 2325 1421 2379 1466; x_wconf 91' lang='lat' dir='ltr'><strong>et</strong></span> <span class='ocrx_word' id='word_1_252' title='bbox 2415 1412 2759 1467; x_wconf 85' lang='lat' dir='ltr'><strong>ascendisset</strong></span> <span class='ocrx_word' id='word_1_253' title='bbox 2790 1415 2842 1468; x_wconf 94' lang='lat' dir='ltr'><strong>in</strong></span> <span class='ocrx_word' id='word_1_254' title='bbox 2872 1416 3093 1480; x_wconf 67' lang='lat' dir='ltr'><strong>coelum,</strong></span> <span class='ocrx_word' id='word_1_255' title='bbox 3129 1431 3269 1486; x_wconf 73' lang='lat' dir='ltr'><strong>pra:-</strong></span> 
     </span>
    </p>
   </div>
   <div class='ocr_carea' id='block_1_43' title="bbox 1702 1506 3271 1584">
    <p class='ocr_par' dir='ltr' id='par_1_43' title="bbox 1702 1506 3271 1584">
     <span class='ocr_line' id='line_1_43' title="bbox 1702 1506 3271 1584; baseline 0.004 -23"><span class='ocrx_word' id='word_1_256' title='bbox 1702 1521 1898 1562; x_wconf 91' lang='lat' dir='ltr'><strong>eursor</strong></span> <span class='ocrx_word' id='word_1_257' title='bbox 1932 1519 2120 1562; x_wconf 86' lang='lat' dir='ltr'><strong>noster</strong></span> <span class='ocrx_word' id='word_1_258' title='bbox 2159 1506 2358 1569; x_wconf 86' lang='lat' dir='ltr'><strong>factus,</strong></span> <span class='ocrx_word' id='word_1_259' title='bbox 2395 1509 2777 1565; x_wconf 84' lang='lat' dir='ltr'><strong>mansionibus</strong></span> <span class='ocrx_word' id='word_1_260' title='bbox 2819 1511 2943 1566; x_wconf 86' lang='lat' dir='ltr'><strong>istis</strong></span> <span class='ocrx_word' id='word_1_261' title='bbox 2991 1527 3271 1584; x_wconf 90' lang='lat' dir='ltr'><strong>nunquam</strong></span> 
     </span>
    </p>
   </div>
   <div class='ocr_carea' id='block_1_44' title="bbox 1703 1597 2251 1669">
    <p class='ocr_par' dir='ltr' id='par_1_44' title="bbox 1703 1597 2251 1669">
     <span class='ocr_line' id='line_1_44' title="bbox 1703 1597 2251 1669; baseline 0.005 -18"><span class='ocrx_word' id='word_1_262' title='bbox 1703 1597 1909 1669; x_wconf 78' lang='lat' dir='ltr'><strong>dignati</strong></span> <span class='ocrx_word' id='word_1_263' title='bbox 1935 1599 2251 1656; x_wconf 79' lang='lat' dir='ltr'><strong>fuissemus.</strong></span> 
     </span>
    </p>
   </div>
   <div class='ocr_carea' id='block_1_45' title="bbox 1775 1692 3021 1764">
    <p class='ocr_par' dir='ltr' id='par_1_45' title="bbox 1775 1692 3021 1764">
     <span class='ocr_line' id='line_1_45' title="bbox 1775 1692 3021 1764; baseline 0.003 -19"><span class='ocrx_word' id='word_1_264' title='bbox 1775 1692 1936 1747; x_wconf 70' lang='lat' dir='ltr'><strong>Vens.</strong></span> <span class='ocrx_word' id='word_1_265' title='bbox 1971 1693 2058 1747; x_wconf 87' lang='grc'><strong>11.</strong></span> <span class='ocrx_word' id='word_1_266' title='bbox 2097 1711 2115 1744; x_wconf 78' lang='grc' dir='ltr'><strong>ι</strong></span> <span class='ocrx_word' id='word_1_267' title='bbox 2153 1693 2284 1748; x_wconf 88' lang='lat' dir='ltr'><strong>Fide</strong></span> <span class='ocrx_word' id='word_1_268' title='bbox 2306 1703 2359 1749; x_wconf 90' lang='lat' dir='ltr'><strong>et</strong></span> <span class='ocrx_word' id='word_1_269' title='bbox 2387 1694 2504 1764; x_wconf 86' lang='lat' dir='ltr'><strong>ipsa</strong></span> <span class='ocrx_word' id='word_1_270' title='bbox 2536 1693 2670 1748; x_wconf 88' lang='lat' dir='ltr'><strong>Sara</strong></span> <span class='ocrx_word' id='word_1_271' title='bbox 2706 1696 2964 1751; x_wconf 87' lang='lat' dir='ltr'><strong>virtutem</strong></span> <span class='ocrx_word' id='word_1_272' title='bbox 3003 1715 3021 1749; x_wconf 70' lang='grc' dir='ltr'><strong>ι</strong></span> 
     </span>
    </p>
   </div>
   <div class='ocr_carea' id='block_1_46' title="bbox 1774 1781 3273 1855">
    <p class='ocr_par' dir='ltr' id='par_1_46' title="bbox 1774 1781 3273 1855">
     <span class='ocr_line' id='line_1_46' title="bbox 1774 1781 3273 1855; baseline 0.003 -19"><span class='ocrx_word' id='word_1_273' title='bbox 1774 1781 1874 1836; x_wconf 87' lang='lat' dir='ltr'><strong>Hic</strong></span> <span class='ocrx_word' id='word_1_274' title='bbox 1893 1782 2061 1836; x_wconf 88' lang='lat' dir='ltr'><strong>veluti</strong></span> <span class='ocrx_word' id='word_1_275' title='bbox 2090 1798 2320 1851; x_wconf 83' lang='lat' dir='ltr'><strong>arguere</strong></span> <span class='ocrx_word' id='word_1_276' title='bbox 2345 1783 2557 1854; x_wconf 88' lang='lat' dir='ltr'><strong>incipit,</strong></span> <span class='ocrx_word' id='word_1_277' title='bbox 2582 1785 3022 1855; x_wconf 87' lang='lat' dir='ltr'><strong>quandoquidem</strong></span> <span class='ocrx_word' id='word_1_278' title='bbox 3043 1786 3273 1841; x_wconf 86' lang='lat' dir='ltr'><strong>muliere</strong></span> 
     </span>
    </p>
   </div>
   <div class='ocr_carea' id='block_1_47' title="bbox 1704 1874 3271 1948">
    <p class='ocr_par' dir='ltr' id='par_1_47' title="bbox 1704 1874 3271 1948">
     <span class='ocr_line' id='line_1_47' title="bbox 1704 1874 3271 1948; baseline 0.001 -19"><span class='ocrx_word' id='word_1_279' title='bbox 1704 1874 2097 1930; x_wconf 85' lang='lat' dir='ltr'><strong>imbecilliores</strong></span> <span class='ocrx_word' id='word_1_280' title='bbox 2123 1875 2472 1930; x_wconf 85' lang='lat' dir='ltr'><strong>videbantur.</strong></span> <span class='ocrx_word' id='word_1_281' title='bbox 2506 1875 2640 1929; x_wconf 86' lang='lat' dir='ltr'><strong>Nam</strong></span> <span class='ocrx_word' id='word_1_282' title='bbox 2674 1885 2821 1932; x_wconf 87' lang='lat' dir='ltr'><strong>totus</strong></span> <span class='ocrx_word' id='word_1_283' title='bbox 2843 1877 2947 1932; x_wconf 88' lang='lat' dir='ltr'><strong>iste</strong></span> <span class='ocrx_word' id='word_1_284' title='bbox 2975 1878 3043 1932; x_wconf 89' lang='lat' dir='ltr'><strong>de</strong></span> <span class='ocrx_word' id='word_1_285' title='bbox 3074 1878 3271 1948; x_wconf 87' lang='lat' dir='ltr'><strong>priscis</strong></span> 
     </span>
    </p>
   </div>
   <div class='ocr_carea' id='block_1_48' title="bbox 1703 1967 3272 2039">
    <p class='ocr_par' dir='ltr' id='par_1_48' title="bbox 1703 1967 3272 2039">
     <span class='ocr_line' id='line_1_48' title="bbox 1703 1967 3272 2039; baseline 0.003 -19"><span class='ocrx_word' id='word_1_286' title='bbox 1703 1967 1954 2037; x_wconf 89' lang='lat' dir='ltr'><strong>patribus</strong></span> <span class='ocrx_word' id='word_1_287' title='bbox 1981 1982 2166 2022; x_wconf 87' lang='lat' dir='ltr'><strong>sermo</strong></span> <span class='ocrx_word' id='word_1_288' title='bbox 2192 1968 2260 2020; x_wconf 90' lang='lat' dir='ltr'><strong>ad</strong></span> <span class='ocrx_word' id='word_1_289' title='bbox 2295 1968 2399 2022; x_wconf 91' lang='lat' dir='ltr'><strong>hoc</strong></span> <span class='ocrx_word' id='word_1_290' title='bbox 2429 1975 2664 2039; x_wconf 87' lang='lat' dir='ltr'><strong>spectat,</strong></span> <span class='ocrx_word' id='word_1_291' title='bbox 2700 1979 2760 2023; x_wconf 92' lang='lat' dir='ltr'><strong>ut</strong></span> <span class='ocrx_word' id='word_1_292' title='bbox 2795 1967 3113 2024; x_wconf 84' lang='lat' dir='ltr'><strong>fatiscentes</strong></span> <span class='ocrx_word' id='word_1_293' title='bbox 3146 1970 3272 2026; x_wconf 88' lang='lat' dir='ltr'><strong>illos</strong></span> 
     </span>
    </p>
   </div>
   <div class='ocr_carea' id='block_1_49' title="bbox 1703 2065 1934 2112">
    <p class='ocr_par' dir='ltr' id='par_1_49' title="bbox 1703 2065 1934 2112">
     <span class='ocr_line' id='line_1_49' title="bbox 1703 2065 1934 2112; baseline 0 -3"><span class='ocrx_word' id='word_1_294' title='bbox 1703 2065 1934 2112; x_wconf 86' lang='lat' dir='ltr'><strong>recreet.</strong></span> 
     </span>
    </p>
   </div>
   <div class='ocr_carea' id='block_1_50' title="bbox 1778 2147 3274 2220">
    <p class='ocr_par' dir='ltr' id='par_1_50' title="bbox 1778 2147 3274 2220">
     <span class='ocr_line' id='line_1_50' title="bbox 1778 2147 3274 2220; baseline 0.002 -21"><span class='ocrx_word' id='word_1_295' title='bbox 1778 2166 1798 2199; x_wconf 81' lang='grc' dir='ltr'><strong>ι</strong></span> <span class='ocrx_word' id='word_1_296' title='bbox 1835 2147 1894 2202; x_wconf 85' lang='grc' dir='ltr'><strong>1η</strong></span> <span class='ocrx_word' id='word_1_297' title='bbox 1924 2149 2244 2203; x_wconf 76' lang='lat' dir='ltr'><strong>missionem</strong></span> <span class='ocrx_word' id='word_1_298' title='bbox 2289 2149 2518 2205; x_wconf 89' lang='lat' dir='ltr'><strong>seminis</strong></span> <span class='ocrx_word' id='word_1_299' title='bbox 2573 2151 2816 2220; x_wconf 87' lang='lat' dir='ltr'><strong>accepit;</strong></span> <span class='ocrx_word' id='word_1_300' title='bbox 2871 2151 3032 2205; x_wconf 85' lang='lat' dir='ltr'><strong>etiam</strong></span> <span class='ocrx_word' id='word_1_301' title='bbox 3077 2160 3274 2220; x_wconf 57' lang='lat' dir='ltr'><strong>prater</strong></span> 
     </span>
    </p>
   </div>
   <div class='ocr_carea' id='block_1_51' title="bbox 1703 2242 3274 2314">
    <p class='ocr_par' dir='ltr' id='par_1_51' title="bbox 1703 2242 3274 2314">
     <span class='ocr_line' id='line_1_51' title="bbox 1703 2242 3274 2314; baseline 0.003 -22"><span class='ocrx_word' id='word_1_302' title='bbox 1703 2247 1921 2310; x_wconf 89' lang='lat' dir='ltr'><strong>tempus</strong></span> <span class='ocrx_word' id='word_1_303' title='bbox 1977 2242 2154 2296; x_wconf 66' lang='lat' dir='ltr'><strong>aetatis</strong></span> <span class='ocrx_word' id='word_1_304' title='bbox 2192 2243 2424 2311; x_wconf 84' lang='lat' dir='ltr'><strong>peperit,</strong></span> <span class='ocrx_word' id='word_1_305' title='bbox 2482 2243 2740 2314; x_wconf 85' lang='lat' dir='ltr'><strong>quoniam</strong></span> <span class='ocrx_word' id='word_1_306' title='bbox 2785 2243 2996 2300; x_wconf 73' lang='lat' dir='ltr'><strong>fidelem</strong></span> <span class='ocrx_word' id='word_1_307' title='bbox 3041 2243 3274 2299; x_wconf 89' lang='lat' dir='ltr'><strong>credidit</strong></span> 
     </span>
    </p>
   </div>
   <div class='ocr_carea' id='block_1_52' title="bbox 1702 2331 2458 2403">
    <p class='ocr_par' dir='ltr' id='par_1_52' title="bbox 1702 2331 2458 2403">
     <span class='ocr_line' id='line_1_52' title="bbox 1702 2331 2458 2403; baseline -0.003 -16"><span class='ocrx_word' id='word_1_308' title='bbox 1702 2346 1827 2387; x_wconf 89' lang='lat' dir='ltr'><strong>eum</strong></span> <span class='ocrx_word' id='word_1_309' title='bbox 1857 2331 1950 2403; x_wconf 90' lang='lat' dir='ltr'><strong>qui</strong></span> <span class='ocrx_word' id='word_1_310' title='bbox 1994 2334 2404 2401; x_wconf 89' lang='lat' dir='ltr'><strong>repromiserat.</strong></span> <span class='ocrx_word' id='word_1_311' title='bbox 2440 2352 2458 2385; x_wconf 74' lang='grc' dir='ltr'><strong>ι</strong></span> 
     </span>
    </p>
   </div>
   <div class='ocr_carea' id='block_1_53' title="bbox 1771 2422 2672 2491">
    <p class='ocr_par' dir='ltr' id='par_1_53' title="bbox 1771 2422 2672 2491">
     <span class='ocr_line' id='line_1_53' title="bbox 1771 2422 2672 2491; baseline 0.002 -13"><span class='ocrx_word' id='word_1_312' title='bbox 1771 2423 1826 2478; x_wconf 85' lang='lat' dir='ltr'><strong>ld</strong></span> <span class='ocrx_word' id='word_1_313' title='bbox 1862 2434 1965 2491; x_wconf 89' lang='lat' dir='ltr'><strong>est,</strong></span> <span class='ocrx_word' id='word_1_314' title='bbox 1994 2424 2063 2479; x_wconf 89' lang='lat' dir='ltr'><strong>ad</strong></span> <span class='ocrx_word' id='word_1_315' title='bbox 2093 2422 2431 2480; x_wconf 90' lang='lat' dir='ltr'><strong>retinendum</strong></span> <span class='ocrx_word' id='word_1_316' title='bbox 2464 2444 2672 2484; x_wconf 89' lang='lat' dir='ltr'><strong>semen.</strong></span> 
     </span>
    </p>
   </div>
   <div class='ocr_carea' id='block_1_54' title="bbox 1774 2516 3277 2590">
    <p class='ocr_par' dir='ltr' id='par_1_54' title="bbox 1774 2516 3277 2590">
     <span class='ocr_line' id='line_1_54' title="bbox 1774 2516 3277 2590; baseline 0.005 -21"><span class='ocrx_word' id='word_1_317' title='bbox 1774 2516 1942 2572; x_wconf 66' lang='lat' dir='ltr'><strong>Vens.</strong></span> <span class='ocrx_word' id='word_1_318' title='bbox 1977 2516 2064 2570; x_wconf 71' lang='lat'><strong>12.</strong></span> <span class='ocrx_word' id='word_1_319' title='bbox 2111 2535 2128 2567; x_wconf 75' lang='grc' dir='ltr'><strong>ι</strong></span> <span class='ocrx_word' id='word_1_320' title='bbox 2168 2516 2400 2588; x_wconf 88' lang='lat' dir='ltr'><strong>Propter</strong></span> <span class='ocrx_word' id='word_1_321' title='bbox 2431 2519 2574 2587; x_wconf 90' lang='lat' dir='ltr'><strong>quod</strong></span> <span class='ocrx_word' id='word_1_322' title='bbox 2601 2528 2654 2573; x_wconf 89' lang='lat' dir='ltr'><strong>et</strong></span> <span class='ocrx_word' id='word_1_323' title='bbox 2679 2519 2748 2574; x_wconf 89' lang='lat' dir='ltr'><strong>ab</strong></span> <span class='ocrx_word' id='word_1_324' title='bbox 2772 2533 2882 2575; x_wconf 93' lang='lat' dir='ltr'><strong>uno</strong></span> <span class='ocrx_word' id='word_1_325' title='bbox 2905 2518 3012 2574; x_wconf 90' lang='lat' dir='ltr'><strong>orti</strong></span> <span class='ocrx_word' id='word_1_326' title='bbox 3043 2527 3172 2575; x_wconf 90' lang='lat' dir='ltr'><strong>sunt</strong></span> <span class='ocrx_word' id='word_1_327' title='bbox 3200 2520 3277 2590; x_wconf 85' lang='lat' dir='ltr'><strong>(et</strong></span> 
     </span>
    </p>
   </div>
   <div class='ocr_carea' id='block_1_55' title="bbox 1704 2608 3276 2678">
    <p class='ocr_par' dir='ltr' id='par_1_55' title="bbox 1704 2608 3276 2678">
     <span class='ocr_line' id='line_1_55' title="bbox 1704 2608 3276 2678; baseline 0.001 -15"><span class='ocrx_word' id='word_1_328' title='bbox 1704 2609 1808 2663; x_wconf 87' lang='lat' dir='ltr'><strong>hoc</strong></span> <span class='ocrx_word' id='word_1_329' title='bbox 1835 2608 2124 2678; x_wconf 89' lang='lat' dir='ltr'><strong>emortuo)</strong></span> <span class='ocrx_word' id='word_1_330' title='bbox 2179 2616 2437 2678; x_wconf 88' lang='lat' dir='ltr'><strong>tanquam</strong></span> <span class='ocrx_word' id='word_1_331' title='bbox 2477 2609 2657 2664; x_wconf 92' lang='lat' dir='ltr'><strong>sidera</strong></span> <span class='ocrx_word' id='word_1_332' title='bbox 2692 2610 2820 2664; x_wconf 86' lang='lat' dir='ltr'><strong>coeli</strong></span> <span class='ocrx_word' id='word_1_333' title='bbox 2871 2611 2928 2664; x_wconf 92' lang='lat' dir='ltr'><strong>in</strong></span> <span class='ocrx_word' id='word_1_334' title='bbox 2965 2610 3276 2666; x_wconf 89' lang='lat' dir='ltr'><strong>multitudi-</strong></span> 
     </span>
    </p>
   </div>
   <div class='ocr_carea' id='block_1_56' title="bbox 1706 2697 3275 2768">
    <p class='ocr_par' dir='ltr' id='par_1_56' title="bbox 1706 2697 3275 2768">
     <span class='ocr_line' id='line_1_56' title="bbox 1706 2697 3275 2768; baseline 0 -16"><span class='ocrx_word' id='word_1_335' title='bbox 1706 2714 1850 2760; x_wconf 85' lang='lat' dir='ltr'><strong>nem,</strong></span> <span class='ocrx_word' id='word_1_336' title='bbox 1882 2707 1936 2751; x_wconf 89' lang='lat' dir='ltr'><strong>et</strong></span> <span class='ocrx_word' id='word_1_337' title='bbox 1968 2697 2112 2752; x_wconf 91' lang='lat' dir='ltr'><strong>sicut</strong></span> <span class='ocrx_word' id='word_1_338' title='bbox 2141 2713 2306 2752; x_wconf 87' lang='lat' dir='ltr'><strong>arena</strong></span> <span class='ocrx_word' id='word_1_339' title='bbox 2337 2713 2459 2768; x_wconf 79' lang='lat' dir='ltr'><strong>qua:</strong></span> <span class='ocrx_word' id='word_1_340' title='bbox 2489 2707 2571 2753; x_wconf 89' lang='lat' dir='ltr'><strong>est</strong></span> <span class='ocrx_word' id='word_1_341' title='bbox 2603 2699 2666 2753; x_wconf 92' lang='lat' dir='ltr'><strong>ad</strong></span> <span class='ocrx_word' id='word_1_342' title='bbox 2697 2714 2851 2753; x_wconf 90' lang='lat' dir='ltr'><strong>oram</strong></span> <span class='ocrx_word' id='word_1_343' title='bbox 2889 2697 3079 2761; x_wconf 91' lang='lat' dir='ltr'><strong>maris,</strong></span> <span class='ocrx_word' id='word_1_344' title='bbox 3108 2699 3275 2753; x_wconf 91' lang='lat' dir='ltr'><strong>innu-</strong></span> 
     </span>
    </p>
   </div>
   <div class='ocr_carea' id='block_1_57' title="bbox 1707 2790 2059 2844">
    <p class='ocr_par' dir='ltr' id='par_1_57' title="bbox 1707 2790 2059 2844">
     <span class='ocr_line' id='line_1_57' title="bbox 1707 2790 2059 2844; baseline 0 -2"><span class='ocrx_word' id='word_1_345' title='bbox 1707 2790 2007 2844; x_wconf 84' lang='lat' dir='ltr'><strong>merabilis.</strong></span> <span class='ocrx_word' id='word_1_346' title='bbox 2039 2809 2059 2842; x_wconf 74' lang='grc' dir='ltr'><strong>ι</strong></span> 
     </span>
    </p>
   </div>
   <div class='ocr_carea' id='block_1_58' title="bbox 1775 2882 3278 2956">
    <p class='ocr_par' dir='ltr' id='par_1_58' title="bbox 1775 2882 3278 2956">
     <span class='ocr_line' id='line_1_58' title="bbox 1775 2882 3278 2956; baseline 0.001 -20"><span class='ocrx_word' id='word_1_347' title='bbox 1775 2882 1891 2937; x_wconf 88' lang='lat' dir='ltr'><strong>Non</strong></span> <span class='ocrx_word' id='word_1_348' title='bbox 1925 2883 2026 2938; x_wconf 91' lang='lat' dir='ltr'><strong>hoc</strong></span> <span class='ocrx_word' id='word_1_349' title='bbox 2067 2884 2269 2946; x_wconf 89' lang='lat' dir='ltr'><strong>solum,</strong></span> <span class='ocrx_word' id='word_1_350' title='bbox 2297 2884 2501 2956; x_wconf 87' lang='lat' dir='ltr'><strong>inquit,</strong></span> <span class='ocrx_word' id='word_1_351' title='bbox 2559 2884 2809 2940; x_wconf 86' lang='lat' dir='ltr'><strong>mirabile</strong></span> <span class='ocrx_word' id='word_1_352' title='bbox 2851 2892 2955 2948; x_wconf 87' lang='lat' dir='ltr'><strong>est,</strong></span> <span class='ocrx_word' id='word_1_353' title='bbox 2987 2883 3134 2954; x_wconf 88' lang='lat' dir='ltr'><strong>quod</strong></span> <span class='ocrx_word' id='word_1_354' title='bbox 3166 2882 3278 2938; x_wconf 83' lang='lat' dir='ltr'><strong>vir-</strong></span> 
     </span>
    </p>
   </div>
   <div class='ocr_carea' id='block_1_59' title="bbox 1705 2975 3273 3046">
    <p class='ocr_par' dir='ltr' id='par_1_59' title="bbox 1705 2975 3273 3046">
     <span class='ocr_line' id='line_1_59' title="bbox 1705 2975 3273 3046; baseline 0.004 -20"><span class='ocrx_word' id='word_1_355' title='bbox 1705 2983 1876 3028; x_wconf 87' lang='lat' dir='ltr'><strong>tutcm</strong></span> <span class='ocrx_word' id='word_1_356' title='bbox 1912 2975 2162 3030; x_wconf 84' lang='lat' dir='ltr'><strong>habuerit</strong></span> <span class='ocrx_word' id='word_1_357' title='bbox 2184 2976 2250 3030; x_wconf 89' lang='lat' dir='ltr'><strong>ad</strong></span> <span class='ocrx_word' id='word_1_358' title='bbox 2278 2976 2682 3046; x_wconf 82' lang='lat' dir='ltr'><strong>susceptionem</strong></span> <span class='ocrx_word' id='word_1_359' title='bbox 2703 2977 2965 3043; x_wconf 86' lang='lat' dir='ltr'><strong>seminis;</strong></span> <span class='ocrx_word' id='word_1_360' title='bbox 2989 2976 3083 3031; x_wconf 86' lang='lat' dir='ltr'><strong>sed</strong></span> <span class='ocrx_word' id='word_1_361' title='bbox 3110 2976 3273 3032; x_wconf 86' lang='lat' dir='ltr'><strong>etiam</strong></span> 
     </span>
    </p>
   </div>
   <div class='ocr_carea' id='block_1_60' title="bbox 1705 3068 3272 3138">
    <p class='ocr_par' dir='ltr' id='par_1_60' title="bbox 1705 3068 3272 3138">
     <span class='ocr_line' id='line_1_60' title="bbox 1705 3068 3272 3138; baseline -0.001 -16"><span class='ocrx_word' id='word_1_362' title='bbox 1705 3071 1848 3138; x_wconf 90' lang='lat' dir='ltr'><strong>quod</strong></span> <span class='ocrx_word' id='word_1_363' title='bbox 1890 3077 2055 3124; x_wconf 58' lang='lat' dir='ltr'><strong>tanta:</strong></span> <span class='ocrx_word' id='word_1_364' title='bbox 2105 3068 2476 3124; x_wconf 90' lang='lat' dir='ltr'><strong>multitudinis</strong></span> <span class='ocrx_word' id='word_1_365' title='bbox 2521 3077 2692 3123; x_wconf 89' lang='lat' dir='ltr'><strong>mater</strong></span> <span class='ocrx_word' id='word_1_366' title='bbox 2722 3069 2985 3132; x_wconf 80' lang='lat' dir='ltr'><strong>evaserit,</strong></span> <span class='ocrx_word' id='word_1_367' title='bbox 3013 3075 3272 3137; x_wconf 88' lang='lat' dir='ltr'><strong>quantam</strong></span> 
     </span>
    </p>
   </div>
   <div class='ocr_carea' id='block_1_61' title="bbox 41 3158 1604 3239">
    <p class='ocr_par' dir='ltr' id='par_1_61' title="bbox 41 3159 1604 3234">
     <span class='ocr_line' id='line_1_61' title="bbox 41 3159 1604 3234; baseline 0.021 -28"><span class='ocrx_word' id='word_1_368' title='bbox 41 3176 151 3229; x_wconf 80' lang='grc' dir='ltr'>ρες.</span> <span class='ocrx_word' id='word_1_369' title='bbox 201 3160 287 3223; x_wconf 79' lang='grc' dir='ltr'>Ὠς</span> <span class='ocrx_word' id='word_1_370' title='bbox 326 3159 395 3212; x_wconf 73' lang='grc' dir='ltr'>τὰ</span> <span class='ocrx_word' id='word_1_371' title='bbox 440 3160 634 3230; x_wconf 77' lang='grc' dir='ltr'>ἄστρα</span> <span class='ocrx_word' id='word_1_372' title='bbox 685 3163 826 3233; x_wconf 83' lang='grc' dir='ltr'>γὰρ,</span> <span class='ocrx_word' id='word_1_373' title='bbox 876 3165 1044 3234; x_wconf 78' lang='grc' dir='ltr'>φησὶ.</span> <span class='ocrx_word' id='word_1_374' title='bbox 1082 3163 1186 3218; x_wconf 79' lang='grc' dir='ltr'><strong>τοῦ</strong></span> <span class='ocrx_word' id='word_1_375' title='bbox 1216 3164 1505 3231; x_wconf 54' lang='grc' dir='ltr'><strong>οὐρανοῦ,</strong></span> <span class='ocrx_word' id='word_1_376' title='bbox 1547 3163 1604 3230; x_wconf 64' lang='grc' dir='ltr'>ἐξ</span> 
     </span>
    </p>
   </div>
   <div class='ocr_carea' id='block_1_62' title="bbox 1735 3158 3277 3239">
    <p class='ocr_par' dir='ltr' id='par_1_62' title="bbox 1735 3158 3277 3222">
     <span class='ocr_line' id='line_1_62' title="bbox 1735 3158 3277 3222; baseline -0.003 -6"><span class='ocrx_word' id='word_1_377' title='bbox 1735 3180 1807 3216; x_wconf 74' lang='grc' dir='ltr'>ιΘο</span> <span class='ocrx_word' id='word_1_378' title='bbox 1841 3162 1982 3215; x_wconf 86' lang='lat' dir='ltr'><strong>uteri</strong></span> <span class='ocrx_word' id='word_1_379' title='bbox 2021 3160 2114 3215; x_wconf 94' lang='lat' dir='ltr'><strong>ulli</strong></span> <span class='ocrx_word' id='word_1_380' title='bbox 2147 3159 2290 3215; x_wconf 86' lang='lat' dir='ltr'><strong>ferre</strong></span> <span class='ocrx_word' id='word_1_381' title='bbox 2326 3160 2566 3222; x_wconf 80' lang='lat' dir='ltr'><strong>valeant.</strong></span> <span class='ocrx_word' id='word_1_382' title='bbox 2616 3159 2773 3214; x_wconf 90' lang='lat' dir='ltr'><strong>Sicut</strong></span> <span class='ocrx_word' id='word_1_383' title='bbox 2815 3158 2991 3212; x_wconf 78' lang='lat' dir='ltr'><strong>sidera</strong></span> <span class='ocrx_word' id='word_1_384' title='bbox 3027 3158 3162 3222; x_wconf 73' lang='lat' dir='ltr'><strong>caeli,</strong></span> <span class='ocrx_word' id='word_1_385' title='bbox 3199 3159 3277 3212; x_wconf 85' lang='lat' dir='ltr'><strong>in-</strong></span> 
     </span>
    </p>
   </div>
   <div class='ocr_carea' id='block_1_63' title="bbox 36 3251 800 3322">
    <p class='ocr_par' dir='ltr' id='par_1_63' title="bbox 36 3251 800 3322">
     <span class='ocr_line' id='line_1_63' title="bbox 36 3251 800 3322; baseline 0.003 -18"><span class='ocrx_word' id='word_1_386' title='bbox 36 3252 155 3315; x_wconf 72' lang='grc' dir='ltr'>ἑνὸς</span> <span class='ocrx_word' id='word_1_387' title='bbox 182 3251 242 3304; x_wconf 87' lang='grc' dir='ltr'>δὲ</span> <span class='ocrx_word' id='word_1_388' title='bbox 270 3252 602 3322; x_wconf 84' lang='grc' dir='ltr'>σπέρματος,</span> <span class='ocrx_word' id='word_1_389' title='bbox 633 3251 800 3321; x_wconf 83' lang='grc' dir='ltr'><strong>λέγει.</strong></span> 
     </span>
    </p>
   </div>
   <div class='ocr_carea' id='block_1_64' title="bbox 104 3341 1602 3420">
    <p class='ocr_par' dir='ltr' id='par_1_64' title="bbox 104 3341 1602 3420">
     <span class='ocr_line' id='line_1_64' title="bbox 104 3341 1602 3420; baseline 0.003 -24"><span class='ocrx_word' id='word_1_390' title='bbox 104 3344 266 3397; x_wconf 73' lang='grc' dir='ltr'>Κατὰ</span> <span class='ocrx_word' id='word_1_391' title='bbox 297 3344 479 3398; x_wconf 83' lang='grc' dir='ltr'>πίστιν</span> <span class='ocrx_word' id='word_1_392' title='bbox 507 3345 774 3401; x_wconf 80' lang='grc' dir='ltr'>ἀπέθανον</span> <span class='ocrx_word' id='word_1_393' title='bbox 817 3341 960 3402; x_wconf 71' lang='grc' dir='ltr'>οὗτοι</span> <span class='ocrx_word' id='word_1_394' title='bbox 993 3350 1212 3414; x_wconf 71' lang='grc' dir='ltr'>πάντες,</span> <span class='ocrx_word' id='word_1_395' title='bbox 1243 3350 1318 3420; x_wconf 85' lang='grc' dir='ltr'><strong>μὴ</strong></span> <span class='ocrx_word' id='word_1_396' title='bbox 1349 3349 1602 3411; x_wconf 81' lang='grc' dir='ltr'>λαϐόντες</span> 
     </span>
    </p>
   </div>
   <div class='ocr_carea' id='block_1_65' title="bbox 36 3435 1550 3505">
    <p class='ocr_par' dir='ltr' id='par_1_65' title="bbox 36 3435 1550 3505">
     <span class='ocr_line' id='line_1_65' title="bbox 36 3435 1550 3505; baseline 0.006 -18"><span class='ocrx_word' id='word_1_397' title='bbox 36 3435 136 3499; x_wconf 65' lang='grc' dir='ltr'><strong>τὰς</strong></span> <span class='ocrx_word' id='word_1_398' title='bbox 166 3437 524 3505; x_wconf 75' lang='grc' dir='ltr'>ἐπαγγελίας.</span> <span class='ocrx_word' id='word_1_399' title='bbox 561 3459 578 3490; x_wconf 78' lang='lat' dir='ltr'><strong>i</strong></span> <span class='ocrx_word' id='word_1_400' title='bbox 1547 3453 1550 3455; x_wconf 80' lang='lat'><strong><em>&#39;</em></strong></span> 
     </span>
    </p>
   </div>
   <div class='ocr_carea' id='block_1_66' title="bbox 106 3527 974 3602">
    <p class='ocr_par' dir='ltr' id='par_1_66' title="bbox 106 3527 974 3602">
     <span class='ocr_line' id='line_1_66' title="bbox 106 3527 974 3602; baseline 0.006 -22"><span class='ocrx_word' id='word_1_401' title='bbox 106 3527 173 3580; x_wconf 76' lang='lat' dir='ltr'><strong>Ui</strong></span> <span class='ocrx_word' id='word_1_402' title='bbox 200 3527 328 3598; x_wconf 77' lang='grc' dir='ltr'>περὶ</span> <span class='ocrx_word' id='word_1_403' title='bbox 349 3527 441 3580; x_wconf 80' lang='grc' dir='ltr'>τὸν</span> <span class='ocrx_word' id='word_1_404' title='bbox 483 3527 756 3600; x_wconf 83' lang='grc' dir='ltr'>Ἀϐραὰμ,</span> <span class='ocrx_word' id='word_1_405' title='bbox 789 3532 974 3602; x_wconf 83' lang='grc' dir='ltr'>φησίν.</span> 
     </span>
    </p>
   </div>
   <div class='ocr_carea' id='block_1_67' title="bbox 111 3707 1603 3784">
    <p class='ocr_par' dir='ltr' id='par_1_67' title="bbox 111 3707 1603 3784">
     <span class='ocr_line' id='line_1_67' title="bbox 111 3707 1603 3784; baseline 0.005 -24"><span class='ocrx_word' id='word_1_406' title='bbox 111 3728 131 3760; x_wconf 84' lang='grc'><strong><em>‹</em></strong></span> <span class='ocrx_word' id='word_1_407' title='bbox 181 3707 343 3762; x_wconf 77' lang='grc' dir='ltr'>Ἀλλὰ</span> <span class='ocrx_word' id='word_1_408' title='bbox 371 3709 655 3782; x_wconf 73' lang='grc' dir='ltr'>πόρρωθεν</span> <span class='ocrx_word' id='word_1_409' title='bbox 690 3711 856 3774; x_wconf 82' lang='grc' dir='ltr'>αὐτὰς</span> <span class='ocrx_word' id='word_1_410' title='bbox 890 3710 1104 3776; x_wconf 86' lang='grc' dir='ltr'>ἰδόντες,</span> <span class='ocrx_word' id='word_1_411' title='bbox 1132 3711 1226 3766; x_wconf 75' lang='grc' dir='ltr'><strong>καὶ</strong></span> <span class='ocrx_word' id='word_1_412' title='bbox 1272 3713 1603 3784; x_wconf 82' lang='grc' dir='ltr'>ἀσπασάμε-</span> 
     </span>
    </p>
   </div>
   <div class='ocr_carea' id='block_1_68' title="bbox 39 3799 1604 3875">
    <p class='ocr_par' dir='ltr' id='par_1_68' title="bbox 39 3799 1604 3875">
     <span class='ocr_line' id='line_1_68' title="bbox 39 3799 1604 3875; baseline 0.003 -24"><span class='ocrx_word' id='word_1_413' title='bbox 39 3815 133 3860; x_wconf 85' lang='grc' dir='ltr'>νοι,</span> <span class='ocrx_word' id='word_1_414' title='bbox 168 3801 266 3852; x_wconf 70' lang='grc' dir='ltr'>καὶ</span> <span class='ocrx_word' id='word_1_415' title='bbox 322 3799 772 3871; x_wconf 83' lang='grc' dir='ltr'>ὁμολογήσαντες,</span> <span class='ocrx_word' id='word_1_416' title='bbox 818 3801 902 3854; x_wconf 84' lang='grc' dir='ltr'>ὃτι</span> <span class='ocrx_word' id='word_1_417' title='bbox 931 3801 1070 3865; x_wconf 83' lang='grc' dir='ltr'>ξένοι</span> <span class='ocrx_word' id='word_1_418' title='bbox 1101 3802 1195 3855; x_wconf 76' lang='grc' dir='ltr'><strong>καὶ</strong></span> <span class='ocrx_word' id='word_1_419' title='bbox 1235 3803 1604 3875; x_wconf 84' lang='grc' dir='ltr'>παρεπίδημοί</span> 
     </span>
    </p>
   </div>
   <div class='ocr_carea' id='block_1_69' title="bbox 40 3891 1607 3967">
    <p class='ocr_par' dir='ltr' id='par_1_69' title="bbox 40 3891 1607 3967">
     <span class='ocr_line' id='line_1_69' title="bbox 40 3891 1607 3967; baseline 0.004 -25"><span class='ocrx_word' id='word_1_420' title='bbox 40 3892 172 3944; x_wconf 86' lang='grc' dir='ltr'>εἰσιν</span> <span class='ocrx_word' id='word_1_421' title='bbox 205 3891 299 3944; x_wconf 71' lang='grc' dir='ltr'>ἐπὶ</span> <span class='ocrx_word' id='word_1_422' title='bbox 319 3892 417 3962; x_wconf 81' lang='grc' dir='ltr'>τῆς</span> <span class='ocrx_word' id='word_1_423' title='bbox 439 3895 560 3964; x_wconf 85' lang='grc' dir='ltr'>γῆς.</span> <span class='ocrx_word' id='word_1_424' title='bbox 592 3893 655 3945; x_wconf 90' lang='grc' dir='ltr'><strong>Οἱ</strong></span> <span class='ocrx_word' id='word_1_425' title='bbox 684 3893 791 3964; x_wconf 77' lang='grc' dir='ltr'><strong>γὰρ</strong></span> <span class='ocrx_word' id='word_1_426' title='bbox 827 3893 1050 3948; x_wconf 78' lang='grc' dir='ltr'>τοιαῦτα</span> <span class='ocrx_word' id='word_1_427' title='bbox 1077 3893 1344 3963; x_wconf 83' lang='grc' dir='ltr'>λέγοντες,</span> <span class='ocrx_word' id='word_1_428' title='bbox 1374 3897 1607 3967; x_wconf 79' lang='grc' dir='ltr'>ἐμφανί-</span> 
     </span>
    </p>
   </div>
   <div class='ocr_carea' id='block_1_70' title="bbox 43 3983 1607 4058">
    <p class='ocr_par' dir='ltr' id='par_1_70' title="bbox 43 3983 1607 4058">
     <span class='ocr_line' id='line_1_70' title="bbox 43 3983 1607 4058; baseline 0.003 -22"><span class='ocrx_word' id='word_1_429' title='bbox 43 3983 261 4048; x_wconf 78' lang='grc' dir='ltr'>ζουσιν,</span> <span class='ocrx_word' id='word_1_430' title='bbox 290 3985 370 4038; x_wconf 78' lang='grc' dir='ltr'>ὅτι</span> <span class='ocrx_word' id='word_1_431' title='bbox 401 3985 636 4055; x_wconf 84' lang='grc' dir='ltr'>πατρίδα</span> <span class='ocrx_word' id='word_1_432' title='bbox 680 3986 1050 4057; x_wconf 74' lang='grc' dir='ltr'>ἐπιζητοῦσιν.</span> <span class='ocrx_word' id='word_1_433' title='bbox 1087 3988 1196 4040; x_wconf 74' lang='grc' dir='ltr'>Καὶ</span> <span class='ocrx_word' id='word_1_434' title='bbox 1225 3991 1272 4042; x_wconf 85' lang='grc' dir='ltr'><strong>εί</strong></span> <span class='ocrx_word' id='word_1_435' title='bbox 1321 3989 1418 4058; x_wconf 82' lang='grc' dir='ltr'><strong>μὲν</strong></span> <span class='ocrx_word' id='word_1_436' title='bbox 1463 3989 1607 4043; x_wconf 78' lang='grc' dir='ltr'>ὲκεί-</span> 
     </span>
    </p>
   </div>
   <div class='ocr_carea' id='block_1_71' title="bbox 42 4073 1608 4151">
    <p class='ocr_par' dir='ltr' id='par_1_71' title="bbox 42 4073 1608 4151">
     <span class='ocr_line' id='line_1_71' title="bbox 42 4073 1608 4151; baseline 0.004 -23"><span class='ocrx_word' id='word_1_437' title='bbox 42 4091 134 4144; x_wconf 83' lang='grc' dir='ltr'><strong>νης</strong></span> <span class='ocrx_word' id='word_1_438' title='bbox 178 4077 550 4146; x_wconf 78' lang='grc' dir='ltr'>ἐμνημόνευον</span> <span class='ocrx_word' id='word_1_439' title='bbox 574 4116 589 4140; x_wconf 93' lang='grc'><strong>,</strong></span> <span class='ocrx_word' id='word_1_440' title='bbox 619 4077 711 4146; x_wconf 81' lang='grc' dir='ltr'><strong>ἀφ’</strong></span> <span class='ocrx_word' id='word_1_441' title='bbox 740 4073 809 4150; x_wconf 86' lang='grc' dir='ltr'>ἦς</span> <span class='ocrx_word' id='word_1_442' title='bbox 856 4077 1110 4148; x_wconf 79' lang='grc' dir='ltr'>ἐξῆλθον,</span> <span class='ocrx_word' id='word_1_443' title='bbox 1140 4075 1283 4150; x_wconf 73' lang='grc' dir='ltr'>εἶχον</span> <span class='ocrx_word' id='word_1_444' title='bbox 1317 4081 1383 4134; x_wconf 89' lang='grc' dir='ltr'><strong>ἂν</strong></span> <span class='ocrx_word' id='word_1_445' title='bbox 1420 4082 1608 4151; x_wconf 82' lang='grc' dir='ltr'>καιρὸν</span> 
     </span>
    </p>
   </div>
   <div class='ocr_carea' id='block_1_72' title="bbox 43 4165 1606 4240">
    <p class='ocr_par' dir='ltr' id='par_1_72' title="bbox 43 4165 1606 4240">
     <span class='ocr_line' id='line_1_72' title="bbox 43 4165 1606 4240; baseline 0.006 -21"><span class='ocrx_word' id='word_1_446' title='bbox 43 4165 383 4237; x_wconf 75' lang='grc' dir='ltr'>ἀνακάμψαι.</span> <span class='ocrx_word' id='word_1_447' title='bbox 415 4168 530 4221; x_wconf 84' lang='grc' dir='ltr'><strong>Νῦν</strong></span> <span class='ocrx_word' id='word_1_448' title='bbox 561 4168 618 4221; x_wconf 81' lang='grc' dir='ltr'><strong>δὲ</strong></span> <span class='ocrx_word' id='word_1_449' title='bbox 661 4169 968 4238; x_wconf 87' lang='grc' dir='ltr'>κρείττονος</span> <span class='ocrx_word' id='word_1_450' title='bbox 995 4171 1297 4240; x_wconf 85' lang='grc' dir='ltr'>ὀρέγονται,</span> <span class='ocrx_word' id='word_1_451' title='bbox 1330 4175 1606 4229; x_wconf 80' lang='grc' dir='ltr'>τουτέστιν</span> 
     </span>
    </p>
   </div>
   <div class='ocr_carea' id='block_1_73' title="bbox 43 4257 1604 4335">
    <p class='ocr_par' dir='ltr' id='par_1_73' title="bbox 43 4257 1604 4335">
     <span class='ocr_line' id='line_1_73' title="bbox 43 4257 1604 4335; baseline 0.008 -27"><span class='ocrx_word' id='word_1_452' title='bbox 43 4257 386 4330; x_wconf 70' lang='grc' dir='ltr'>ἐπουρανίου.</span> <span class='ocrx_word' id='word_1_453' title='bbox 432 4260 522 4312; x_wconf 86' lang='grc' dir='ltr'>Διὸ</span> <span class='ocrx_word' id='word_1_454' title='bbox 555 4261 654 4314; x_wconf 83' lang='grc' dir='ltr'>οὐκ</span> <span class='ocrx_word' id='word_1_455' title='bbox 708 4262 1087 4332; x_wconf 78' lang='grc' dir='ltr'>ἐπαισχύνεται</span> <span class='ocrx_word' id='word_1_456' title='bbox 1137 4266 1330 4330; x_wconf 82' lang='grc' dir='ltr'>αὐτοὺς</span> <span class='ocrx_word' id='word_1_457' title='bbox 1375 4269 1403 4320; x_wconf 84' lang='grc' dir='ltr'>ὁ</span> <span class='ocrx_word' id='word_1_458' title='bbox 1453 4267 1604 4335; x_wconf 80' lang='grc' dir='ltr'>Θεὸς,</span> 
     </span>
    </p>
   </div>
   <div class='ocr_carea' id='block_1_74' title="bbox 44 4349 1608 4430">
    <p class='ocr_par' dir='ltr' id='par_1_74' title="bbox 44 4349 1608 4430">
     <span class='ocr_line' id='line_1_74' title="bbox 44 4349 1608 4430; baseline 0.008 -29"><span class='ocrx_word' id='word_1_459' title='bbox 44 4349 167 4415; x_wconf 73' lang='grc' dir='ltr'>θεὸς</span> <span class='ocrx_word' id='word_1_460' title='bbox 227 4350 603 4405; x_wconf 76' lang='grc' dir='ltr'>ἐπικαλεῖσθαι</span> <span class='ocrx_word' id='word_1_461' title='bbox 659 4353 856 4407; x_wconf 80' lang='grc' dir='ltr'>αὐτῶν.</span> <span class='ocrx_word' id='word_1_462' title='bbox 921 4353 1209 4426; x_wconf 85' lang='grc' dir='ltr'>Ἦτοίμασε</span> <span class='ocrx_word' id='word_1_463' title='bbox 1265 4359 1371 4430; x_wconf 82' lang='grc' dir='ltr'><strong>γὰρ</strong></span> <span class='ocrx_word' id='word_1_464' title='bbox 1427 4361 1608 4424; x_wconf 80' lang='grc' dir='ltr'>αὐτοῖς</span> 
     </span>
    </p>
   </div>
   <div class='ocr_carea' id='block_1_75' title="bbox 43 4440 280 4496">
    <p class='ocr_par' dir='ltr' id='par_1_75' title="bbox 43 4440 280 4496">
     <span class='ocr_line' id='line_1_75' title="bbox 43 4440 280 4496; baseline 0 -3"><span class='ocrx_word' id='word_1_465' title='bbox 43 4440 218 4496; x_wconf 74' lang='grc' dir='ltr'>πόλιν.</span> <span class='ocrx_word' id='word_1_466' title='bbox 261 4461 280 4493; x_wconf 73' lang='grc' dir='ltr'><strong>ι</strong></span> 
     </span>
    </p>
   </div>
   <div class='ocr_carea' id='block_1_76' title="bbox 107 4532 785 4604">
    <p class='ocr_par' dir='ltr' id='par_1_76' title="bbox 107 4532 785 4604">
     <span class='ocr_line' id='line_1_76' title="bbox 107 4532 785 4604; baseline 0.003 -18"><span class='ocrx_word' id='word_1_467' title='bbox 107 4532 202 4603; x_wconf 81' lang='grc' dir='ltr'><strong>Τῷ</strong></span> <span class='ocrx_word' id='word_1_468' title='bbox 223 4532 496 4603; x_wconf 86' lang='grc' dir='ltr'>πνεύματι</span> <span class='ocrx_word' id='word_1_469' title='bbox 523 4533 785 4604; x_wconf 89' lang='grc' dir='ltr'>δηλονότι.</span> 
     </span>
    </p>
   </div>
   <div class='ocr_carea' id='block_1_77' title="bbox 113 4623 1612 4698">
    <p class='ocr_par' dir='ltr' id='par_1_77' title="bbox 113 4623 1612 4698">
     <span class='ocr_line' id='line_1_77' title="bbox 113 4623 1612 4698; baseline 0.007 -22"><span class='ocrx_word' id='word_1_470' title='bbox 113 4642 133 4676; x_wconf 77' lang='grc' dir='ltr'><strong>ι</strong></span> <span class='ocrx_word' id='word_1_471' title='bbox 160 4623 362 4677; x_wconf 80' lang='grc' dir='ltr'>Πίστει</span> <span class='ocrx_word' id='word_1_472' title='bbox 414 4626 813 4696; x_wconf 86' lang='grc' dir='ltr'>προσενήνοχεν</span> <span class='ocrx_word' id='word_1_473' title='bbox 863 4627 1112 4698; x_wconf 80' lang='grc' dir='ltr'>Ἀϐραὰμ</span> <span class='ocrx_word' id='word_1_474' title='bbox 1144 4628 1237 4683; x_wconf 84' lang='grc' dir='ltr'><strong>τὸν</strong></span> <span class='ocrx_word' id='word_1_475' title='bbox 1272 4631 1455 4684; x_wconf 79' lang='grc' dir='ltr'>Ἰσαὰκ</span> <span class='ocrx_word' id='word_1_476' title='bbox 1493 4651 1612 4686; x_wconf 85' lang='grc' dir='ltr'>πει-</span> 
     </span>
    </p>
   </div>
   <div class='ocr_carea' id='block_1_78' title="bbox 49 4716 1614 4792">
    <p class='ocr_par' dir='ltr' id='par_1_78' title="bbox 49 4716 1614 4792">
     <span class='ocr_line' id='line_1_78' title="bbox 49 4716 1614 4792; baseline 0.007 -25"><span class='ocrx_word' id='word_1_477' title='bbox 49 4716 368 4787; x_wconf 79' lang='grc' dir='ltr'>ραζόμενος.</span> <span class='ocrx_word' id='word_1_478' title='bbox 400 4719 495 4770; x_wconf 82' lang='grc' dir='ltr'><strong>καὶ</strong></span> <span class='ocrx_word' id='word_1_479' title='bbox 521 4717 612 4770; x_wconf 80' lang='grc' dir='ltr'><strong>τὸν</strong></span> <span class='ocrx_word' id='word_1_480' title='bbox 645 4718 906 4788; x_wconf 88' lang='grc' dir='ltr'>μονογενῆ</span> <span class='ocrx_word' id='word_1_481' title='bbox 931 4721 1288 4792; x_wconf 79' lang='grc' dir='ltr'>προσέφερεν,</span> <span class='ocrx_word' id='word_1_482' title='bbox 1323 4724 1350 4776; x_wconf 87' lang='grc' dir='ltr'>ὁ</span> <span class='ocrx_word' id='word_1_483' title='bbox 1383 4725 1478 4787; x_wconf 79' lang='grc' dir='ltr'>τὰς</span> <span class='ocrx_word' id='word_1_484' title='bbox 1517 4727 1614 4778; x_wconf 77' lang='grc' dir='ltr'><strong>ἐπ-</strong></span> 
     </span>
    </p>
   </div>
   <div class='ocr_carea' id='block_1_79' title="bbox 49 4807 1612 4884">
    <p class='ocr_par' dir='ltr' id='par_1_79' title="bbox 49 4807 1612 4884">
     <span class='ocr_line' id='line_1_79' title="bbox 49 4807 1612 4884; baseline 0.007 -26"><span class='ocrx_word' id='word_1_485' title='bbox 49 4807 303 4876; x_wconf 82' lang='grc' dir='ltr'>αγγελίας</span> <span class='ocrx_word' id='word_1_486' title='bbox 333 4808 747 4878; x_wconf 65' lang='grc' dir='ltr'>ἀναδεξάμενος,</span> <span class='ocrx_word' id='word_1_487' title='bbox 782 4810 917 4881; x_wconf 78' lang='grc' dir='ltr'>πρὸς</span> <span class='ocrx_word' id='word_1_488' title='bbox 961 4811 1020 4864; x_wconf 79' lang='grc' dir='ltr'>ὃν</span> <span class='ocrx_word' id='word_1_489' title='bbox 1071 4813 1338 4884; x_wconf 81' lang='grc' dir='ltr'>ἐλαλήθη,</span> <span class='ocrx_word' id='word_1_490' title='bbox 1379 4815 1459 4868; x_wconf 80' lang='grc' dir='ltr'>ὅτι</span> <span class='ocrx_word' id='word_1_491' title='bbox 1525 4817 1612 4869; x_wconf 83' lang='grc' dir='ltr'>Ἐν</span> 
     </span>
    </p>
   </div>
   <div class='ocr_carea' id='block_1_80' title="bbox 59 4897 1051 4973">
    <p class='ocr_par' dir='ltr' id='par_1_80' title="bbox 59 4897 1051 4973">
     <span class='ocr_line' id='line_1_80' title="bbox 59 4897 1051 4973; baseline 0.005 -23"><span class='ocrx_word' id='word_1_492' title='bbox 59 4897 244 4954; x_wconf 69' lang='grc' dir='ltr'>Ἰσαὰκ</span> <span class='ocrx_word' id='word_1_493' title='bbox 263 4898 594 4970; x_wconf 81' lang='grc' dir='ltr'>κληθήσεταί</span> <span class='ocrx_word' id='word_1_494' title='bbox 629 4918 710 4954; x_wconf 92' lang='grc' dir='ltr'><strong>σοι</strong></span> <span class='ocrx_word' id='word_1_495' title='bbox 757 4901 995 4973; x_wconf 86' lang='grc' dir='ltr'>σπέρμα.</span> <span class='ocrx_word' id='word_1_496' title='bbox 1032 4922 1051 4954; x_wconf 84' lang='grc'><strong><em>›</em></strong></span> 
     </span>
    </p>
   </div>
   <div class='ocr_carea' id='block_1_81' title="bbox 110 4995 1610 5070">
    <p class='ocr_par' dir='ltr' id='par_1_81' title="bbox 110 4995 1610 5070">
     <span class='ocr_line' id='line_1_81' title="bbox 110 4995 1610 5070; baseline 0.003 -23"><span class='ocrx_word' id='word_1_497' title='bbox 110 4995 321 5064; x_wconf 88' lang='grc' dir='ltr'>Πεῖραν</span> <span class='ocrx_word' id='word_1_498' title='bbox 364 4995 464 5065; x_wconf 81' lang='grc' dir='ltr'><strong>τῆς</strong></span> <span class='ocrx_word' id='word_1_499' title='bbox 497 4995 778 5059; x_wconf 74' lang='grc' dir='ltr'>εὐσεϐείας</span> <span class='ocrx_word' id='word_1_500' title='bbox 828 4997 1154 5061; x_wconf 77' lang='grc' dir='ltr'>ἐπιδεικνύς.</span> <span class='ocrx_word' id='word_1_501' title='bbox 1192 4998 1452 5070; x_wconf 77' lang='grc' dir='ltr'>Πειράζει</span> <span class='ocrx_word' id='word_1_502' title='bbox 1483 5001 1610 5070; x_wconf 70' lang='grc' dir='ltr'>γὰρ,</span> 
     </span>
    </p>
   </div>
   <div class='ocr_carea' id='block_1_82' title="bbox 50 5084 1614 5160">
    <p class='ocr_par' dir='ltr' id='par_1_82' title="bbox 50 5084 1614 5160">
     <span class='ocr_line' id='line_1_82' title="bbox 50 5084 1614 5160; baseline 0.004 -24"><span class='ocrx_word' id='word_1_503' title='bbox 50 5084 137 5156; x_wconf 72' lang='grc' dir='ltr'><strong>οὐχ</strong></span> <span class='ocrx_word' id='word_1_504' title='bbox 167 5089 264 5150; x_wconf 79' lang='grc' dir='ltr'><strong>ὡς,</strong></span> <span class='ocrx_word' id='word_1_505' title='bbox 295 5085 508 5156; x_wconf 79' lang='grc' dir='ltr'>ἀγνοῶν</span> <span class='ocrx_word' id='word_1_506' title='bbox 550 5085 702 5156; x_wconf 81' lang='grc' dir='ltr'>Θεὸς,</span> <span class='ocrx_word' id='word_1_507' title='bbox 731 5085 845 5138; x_wconf 74' lang='grc' dir='ltr'>ἀλλ’</span> <span class='ocrx_word' id='word_1_508' title='bbox 897 5087 977 5140; x_wconf 87' lang='grc' dir='ltr'>ὃτι</span> <span class='ocrx_word' id='word_1_509' title='bbox 1012 5089 1063 5140; x_wconf 87' lang='grc' dir='ltr'>οἱ</span> <span class='ocrx_word' id='word_1_510' title='bbox 1117 5088 1260 5156; x_wconf 78' lang='grc' dir='ltr'>ἅγιοι</span> <span class='ocrx_word' id='word_1_511' title='bbox 1296 5091 1492 5160; x_wconf 86' lang='grc' dir='ltr'>πεῖραν</span> <span class='ocrx_word' id='word_1_512' title='bbox 1520 5091 1614 5144; x_wconf 80' lang='grc' dir='ltr'>καὶ</span> 
     </span>
    </p>
   </div>
   <div class='ocr_carea' id='block_1_83' title="bbox 51 5177 1614 5253">
    <p class='ocr_par' dir='ltr' id='par_1_83' title="bbox 51 5177 1614 5253">
     <span class='ocr_line' id='line_1_83' title="bbox 51 5177 1614 5253; baseline 0.005 -24"><span class='ocrx_word' id='word_1_513' title='bbox 51 5177 324 5244; x_wconf 80' lang='grc' dir='ltr'>ἀπόδειξιν</span> <span class='ocrx_word' id='word_1_514' title='bbox 377 5179 475 5248; x_wconf 83' lang='grc' dir='ltr'>τῆς</span> <span class='ocrx_word' id='word_1_515' title='bbox 526 5179 808 5241; x_wconf 84' lang='grc' dir='ltr'>εὐσεϐείας</span> <span class='ocrx_word' id='word_1_516' title='bbox 855 5180 1278 5251; x_wconf 84' lang='grc' dir='ltr'>παρασχόμενοι,</span> <span class='ocrx_word' id='word_1_517' title='bbox 1314 5181 1614 5253; x_wconf 79' lang='grc' dir='ltr'>θαυμαστοὶ</span> 
     </span>
    </p>
   </div>
   <div class='ocr_carea' id='block_1_84' title="bbox 52 5269 683 5342">
    <p class='ocr_par' dir='ltr' id='par_1_84' title="bbox 52 5269 683 5342">
     <span class='ocr_line' id='line_1_84' title="bbox 52 5269 683 5342; baseline 0.005 -21"><span class='ocrx_word' id='word_1_518' title='bbox 52 5271 198 5342; x_wconf 77' lang='grc' dir='ltr'>παρὰ</span> <span class='ocrx_word' id='word_1_519' title='bbox 232 5272 367 5324; x_wconf 77' lang='grc' dir='ltr'>πᾶσι</span> <span class='ocrx_word' id='word_1_520' title='bbox 400 5269 683 5338; x_wconf 84' lang='grc' dir='ltr'>γένωνται.</span> 
     </span>
    </p>
   </div>
   <div class='ocr_carea' id='block_1_85' title="bbox 121 5363 1614 5435">
    <p class='ocr_par' dir='ltr' id='par_1_85' title="bbox 121 5363 1614 5435">
     <span class='ocr_line' id='line_1_85' title="bbox 121 5363 1614 5435; baseline 0.005 -23"><span class='ocrx_word' id='word_1_521' title='bbox 121 5379 138 5412; x_wconf 78' lang='grc' dir='ltr'><strong>ι</strong></span> <span class='ocrx_word' id='word_1_522' title='bbox 173 5363 569 5434; x_wconf 74' lang='grc' dir='ltr'>Λογισάμενος,</span> <span class='ocrx_word' id='word_1_523' title='bbox 602 5363 684 5415; x_wconf 86' lang='grc' dir='ltr'>ὃτι</span> <span class='ocrx_word' id='word_1_524' title='bbox 718 5364 813 5416; x_wconf 78' lang='grc' dir='ltr'><strong>καὶ</strong></span> <span class='ocrx_word' id='word_1_525' title='bbox 843 5364 908 5416; x_wconf 80' lang='grc' dir='ltr'><strong>ἐκ</strong></span> <span class='ocrx_word' id='word_1_526' title='bbox 956 5364 1161 5434; x_wconf 83' lang='grc' dir='ltr'>νεκρῶν</span> <span class='ocrx_word' id='word_1_527' title='bbox 1189 5365 1426 5435; x_wconf 78' lang='grc' dir='ltr'>ἐγείρειν</span> <span class='ocrx_word' id='word_1_528' title='bbox 1459 5366 1614 5420; x_wconf 84' lang='grc' dir='ltr'>δυνα-</span> 
     </span>
    </p>
   </div>
   <div class='ocr_carea' id='block_1_86' title="bbox 55 5450 426 5518">
    <p class='ocr_par' dir='ltr' id='par_1_86' title="bbox 55 5450 426 5518">
     <span class='ocr_line' id='line_1_86' title="bbox 55 5450 426 5518; baseline 0.016 -15"><span class='ocrx_word' id='word_1_529' title='bbox 55 5450 134 5514; x_wconf 78' lang='grc' dir='ltr'>τὸς</span> <span class='ocrx_word' id='word_1_530' title='bbox 157 5457 186 5508; x_wconf 80' lang='grc' dir='ltr'>ὁ</span> <span class='ocrx_word' id='word_1_531' title='bbox 213 5455 368 5518; x_wconf 86' lang='grc' dir='ltr'>Θεός.</span> <span class='ocrx_word' id='word_1_532' title='bbox 408 5474 426 5504; x_wconf 76' lang='grc' dir='ltr'><strong>ι</strong></span> 
     </span>
    </p>
   </div>
   <div class='ocr_carea' id='block_1_87' title="bbox 122 5545 1613 5622">
    <p class='ocr_par' dir='ltr' id='par_1_87' title="bbox 122 5545 1613 5622">
     <span class='ocr_line' id='line_1_87' title="bbox 122 5545 1613 5622; baseline 0.031 -37"><span class='ocrx_word' id='word_1_533' title='bbox 122 5545 354 5614; x_wconf 78' lang='grc' dir='ltr'>Ἔλεγε,</span> <span class='ocrx_word' id='word_1_534' title='bbox 385 5547 571 5616; x_wconf 77' lang='grc' dir='ltr'>φησιν,</span> <span class='ocrx_word' id='word_1_535' title='bbox 598 5548 678 5601; x_wconf 84' lang='grc' dir='ltr'><strong>ὅτι</strong></span> <span class='ocrx_word' id='word_1_536' title='bbox 711 5548 739 5599; x_wconf 89' lang='grc' dir='ltr'>ὁ</span> <span class='ocrx_word' id='word_1_537' title='bbox 766 5549 830 5601; x_wconf 81' lang='grc' dir='ltr'>ἐκ</span> <span class='ocrx_word' id='word_1_538' title='bbox 861 5549 1071 5618; x_wconf 80' lang='grc' dir='ltr'>μήτρας</span> <span class='ocrx_word' id='word_1_539' title='bbox 1095 5550 1190 5602; x_wconf 73' lang='grc' dir='ltr'>καὶ</span> <span class='ocrx_word' id='word_1_540' title='bbox 1221 5553 1613 5622; x_wconf 51' lang='lat' dir='ltr'><strong>remeam“,</strong></span> 
     </span>
    </p>
   </div>
   <div class='ocr_carea' id='block_1_88' title="bbox 61 5637 1614 5716">
    <p class='ocr_par' dir='ltr' id='par_1_88' title="bbox 61 5637 1614 5716">
     <span class='ocr_line' id='line_1_88' title="bbox 61 5637 1614 5716; baseline 0.006 -28"><span class='ocrx_word' id='word_1_541' title='bbox 61 5637 146 5688; x_wconf 72' lang='grc' dir='ltr'><strong>καὶ</strong></span> <span class='ocrx_word' id='word_1_542' title='bbox 167 5638 443 5708; x_wconf 81' lang='grc' dir='ltr'>ἀχρήστου</span> <span class='ocrx_word' id='word_1_543' title='bbox 475 5639 846 5710; x_wconf 85' lang='grc' dir='ltr'>γεγενημένης</span> <span class='ocrx_word' id='word_1_544' title='bbox 871 5681 886 5702; x_wconf 87' lang='grc'><strong>,</strong></span> <span class='ocrx_word' id='word_1_545' title='bbox 913 5640 1026 5693; x_wconf 74' lang='grc' dir='ltr'>υἱὸν</span> <span class='ocrx_word' id='word_1_546' title='bbox 1054 5641 1306 5708; x_wconf 89' lang='grc' dir='ltr'>γενέσθαι</span> <span class='ocrx_word' id='word_1_547' title='bbox 1336 5660 1614 5716; x_wconf 87' lang='grc' dir='ltr'>παρεσχη-</span> 
     </span>
    </p>
   </div>
   <div class='ocr_carea' id='block_1_89' title="bbox 64 5725 1263 5802">
    <p class='ocr_par' dir='ltr' id='par_1_89' title="bbox 64 5725 1263 5802">
     <span class='ocr_line' id='line_1_89' title="bbox 64 5725 1263 5802; baseline 0.008 -25"><span class='ocrx_word' id='word_1_548' title='bbox 64 5725 180 5791; x_wconf 68' lang='grc' dir='ltr'>κὼς,</span> <span class='ocrx_word' id='word_1_549' title='bbox 205 5730 302 5783; x_wconf 78' lang='grc' dir='ltr'><strong>καὶ</strong></span> <span class='ocrx_word' id='word_1_550' title='bbox 335 5729 609 5798; x_wconf 79' lang='grc' dir='ltr'>σφαγέντα</span> <span class='ocrx_word' id='word_1_551' title='bbox 642 5730 938 5800; x_wconf 79' lang='grc' dir='ltr'>ἀναστῆσαι</span> <span class='ocrx_word' id='word_1_552' title='bbox 963 5732 1263 5802; x_wconf 87' lang='grc' dir='ltr'>δυνήσεται.</span> 
     </span>
    </p>
   </div>
   <div class='ocr_carea' id='block_1_90' title="bbox 129 5821 1434 5896">
    <p class='ocr_par' dir='ltr' id='par_1_90' title="bbox 129 5821 1434 5896">
     <span class='ocr_line' id='line_1_90' title="bbox 129 5821 1434 5896; baseline 0.004 -25"><span class='ocrx_word' id='word_1_553' title='bbox 129 5838 146 5871; x_wconf 79' lang='grc' dir='ltr'><strong>ι</strong></span> <span class='ocrx_word' id='word_1_554' title='bbox 175 5821 336 5878; x_wconf 82' lang='grc' dir='ltr'>Ὅθεν</span> <span class='ocrx_word' id='word_1_555' title='bbox 365 5821 530 5874; x_wconf 69' lang='grc' dir='ltr'>αὑτὸν</span> <span class='ocrx_word' id='word_1_556' title='bbox 560 5822 648 5875; x_wconf 69' lang='grc' dir='ltr'><strong>καὶ</strong></span> <span class='ocrx_word' id='word_1_557' title='bbox 675 5824 732 5876; x_wconf 82' lang='grc' dir='ltr'><strong>ἐν</strong></span> <span class='ocrx_word' id='word_1_558' title='bbox 765 5823 1043 5896; x_wconf 81' lang='grc' dir='ltr'>παραϐολῇ</span> <span class='ocrx_word' id='word_1_559' title='bbox 1075 5824 1381 5895; x_wconf 81' lang='grc' dir='ltr'>ἐκομίσατο.</span> <span class='ocrx_word' id='word_1_560' title='bbox 1418 5845 1434 5876; x_wconf 77' lang='grc' dir='ltr'><strong>ι</strong></span> 
     </span>
    </p>
   </div>
   <div class='ocr_carea' id='block_1_91' title="bbox 1714 3250 2645 3324">
    <p class='ocr_par' dir='ltr' id='par_1_91' title="bbox 1714 3250 2645 3324">
     <span class='ocr_line' id='line_1_91' title="bbox 1714 3250 2645 3324; baseline -0.001 -18"><span class='ocrx_word' id='word_1_561' title='bbox 1714 3254 1854 3324; x_wconf 86' lang='lat' dir='ltr'><strong>quit,</strong></span> <span class='ocrx_word' id='word_1_562' title='bbox 1889 3267 1955 3306; x_wconf 80' lang='lat' dir='ltr'><strong>ex</strong></span> <span class='ocrx_word' id='word_1_563' title='bbox 1988 3266 2098 3306; x_wconf 93' lang='lat' dir='ltr'><strong>uno</strong></span> <span class='ocrx_word' id='word_1_564' title='bbox 2131 3250 2387 3306; x_wconf 80' lang='lat' dir='ltr'><strong>videlicet</strong></span> <span class='ocrx_word' id='word_1_565' title='bbox 2419 3253 2645 3307; x_wconf 85' lang='lat' dir='ltr'><strong>semine.</strong></span> 
     </span>
    </p>
   </div>
   <div class='ocr_carea' id='block_1_92' title="bbox 1784 3340 3278 3399">
    <p class='ocr_par' dir='ltr' id='par_1_92' title="bbox 1784 3340 3278 3399">
     <span class='ocr_line' id='line_1_92' title="bbox 1784 3340 3278 3399; baseline 0 -1"><span class='ocrx_word' id='word_1_566' title='bbox 1784 3343 1948 3398; x_wconf 75' lang='lat' dir='ltr'><strong>Vens.</strong></span> <span class='ocrx_word' id='word_1_567' title='bbox 1975 3341 2158 3398; x_wconf 78' lang='grc'><strong>15-16.</strong></span> <span class='ocrx_word' id='word_1_568' title='bbox 2197 3361 2214 3393; x_wconf 83' lang='grc' dir='ltr'><strong>ι</strong></span> <span class='ocrx_word' id='word_1_569' title='bbox 2252 3340 2420 3396; x_wconf 85' lang='lat' dir='ltr'><strong>Juxta</strong></span> <span class='ocrx_word' id='word_1_570' title='bbox 2451 3343 2610 3397; x_wconf 84' lang='lat' dir='ltr'><strong>tidem</strong></span> <span class='ocrx_word' id='word_1_571' title='bbox 2657 3343 2901 3399; x_wconf 80' lang='lat' dir='ltr'><strong>defuncti</strong></span> <span class='ocrx_word' id='word_1_572' title='bbox 2931 3351 3059 3399; x_wconf 89' lang='lat' dir='ltr'><strong>sunt</strong></span> <span class='ocrx_word' id='word_1_573' title='bbox 3089 3357 3278 3398; x_wconf 71' lang='lat' dir='ltr'><strong>omnes</strong></span> 
     </span>
    </p>
   </div>
   <div class='ocr_carea' id='block_1_93' title="bbox 1715 3439 2888 3510">
    <p class='ocr_par' dir='ltr' id='par_1_93' title="bbox 1715 3439 2888 3510">
     <span class='ocr_line' id='line_1_93' title="bbox 1715 3439 2888 3510; baseline -0.004 -14"><span class='ocrx_word' id='word_1_574' title='bbox 1715 3444 1822 3507; x_wconf 87' lang='lat' dir='ltr'><strong>isti,</strong></span> <span class='ocrx_word' id='word_1_575' title='bbox 1865 3457 1972 3495; x_wconf 93' lang='lat' dir='ltr'><strong>non</strong></span> <span class='ocrx_word' id='word_1_576' title='bbox 2007 3439 2252 3510; x_wconf 83' lang='lat' dir='ltr'><strong>acceptis</strong></span> <span class='ocrx_word' id='word_1_577' title='bbox 2282 3439 2833 3510; x_wconf 88' lang='lat' dir='ltr'><strong>repromissionibus.</strong></span> <span class='ocrx_word' id='word_1_578' title='bbox 2869 3458 2888 3491; x_wconf 76' lang='grc' dir='ltr'><strong>ι</strong></span> 
     </span>
    </p>
   </div>
   <div class='ocr_carea' id='block_1_94' title="bbox 1784 3531 3286 3602">
    <p class='ocr_par' dir='ltr' id='par_1_94' title="bbox 1784 3531 3286 3602">
     <span class='ocr_line' id='line_1_94' title="bbox 1784 3531 3286 3602; baseline -0.001 -16"><span class='ocrx_word' id='word_1_579' title='bbox 1784 3533 2059 3587; x_wconf 79' lang='lat' dir='ltr'><strong>Abraham</strong></span> <span class='ocrx_word' id='word_1_580' title='bbox 2108 3533 2386 3597; x_wconf 90' lang='lat' dir='ltr'><strong>nimirum,</strong></span> <span class='ocrx_word' id='word_1_581' title='bbox 2415 3541 2470 3587; x_wconf 92' lang='lat' dir='ltr'><strong>et</strong></span> <span class='ocrx_word' id='word_1_582' title='bbox 2528 3533 2620 3600; x_wconf 90' lang='lat' dir='ltr'><strong>qui</strong></span> <span class='ocrx_word' id='word_1_583' title='bbox 2665 3548 2729 3587; x_wconf 79' lang='lat' dir='ltr'><strong>ex</strong></span> <span class='ocrx_word' id='word_1_584' title='bbox 2774 3546 2840 3586; x_wconf 89' lang='lat' dir='ltr'><strong>eo</strong></span> <span class='ocrx_word' id='word_1_585' title='bbox 2873 3531 2981 3586; x_wconf 90' lang='lat' dir='ltr'><strong>orti</strong></span> <span class='ocrx_word' id='word_1_586' title='bbox 3029 3538 3159 3586; x_wconf 90' lang='lat' dir='ltr'><strong>sunt</strong></span> <span class='ocrx_word' id='word_1_587' title='bbox 3190 3545 3286 3602; x_wconf 72' lang='lat' dir='ltr'><strong>pa—.</strong></span> 
     </span>
    </p>
   </div>
   <div class='ocr_carea' id='block_1_95' title="bbox 1715 3626 1988 3681">
    <p class='ocr_par' dir='ltr' id='par_1_95' title="bbox 1715 3626 1988 3681">
     <span class='ocr_line' id='line_1_95' title="bbox 1715 3626 1988 3681; baseline -0.011 0"><span class='ocrx_word' id='word_1_588' title='bbox 1715 3626 1988 3681; x_wconf 60' lang='lat' dir='ltr'><strong>triarche.</strong></span> 
     </span>
    </p>
   </div>
   <div class='ocr_carea' id='block_1_96' title="bbox 1782 3714 3280 3786">
    <p class='ocr_par' dir='ltr' id='par_1_96' title="bbox 1782 3714 3280 3786">
     <span class='ocr_line' id='line_1_96' title="bbox 1782 3714 3280 3786; baseline -0.002 -16"><span class='ocrx_word' id='word_1_589' title='bbox 1782 3716 1940 3786; x_wconf 75' lang='lat'><strong>251</strong></span> <span class='ocrx_word' id='word_1_590' title='bbox 1980 3736 1998 3767; x_wconf 78' lang='grc' dir='ltr'><strong>ι</strong></span> <span class='ocrx_word' id='word_1_591' title='bbox 2039 3714 2146 3770; x_wconf 88' lang='lat' dir='ltr'><strong>Sed</strong></span> <span class='ocrx_word' id='word_1_592' title='bbox 2172 3731 2199 3768; x_wconf 89' lang='lat' dir='ltr'><strong>a</strong></span> <span class='ocrx_word' id='word_1_593' title='bbox 2233 3716 2389 3786; x_wconf 86' lang='lat' dir='ltr'><strong>longe</strong></span> <span class='ocrx_word' id='word_1_594' title='bbox 2416 3729 2512 3770; x_wconf 81' lang='lat' dir='ltr'><strong>eas</strong></span> <span class='ocrx_word' id='word_1_595' title='bbox 2560 3715 2915 3786; x_wconf 84' lang='lat' dir='ltr'><strong>accipientes,</strong></span> <span class='ocrx_word' id='word_1_596' title='bbox 2947 3725 3001 3769; x_wconf 93' lang='lat' dir='ltr'><strong>et</strong></span> <span class='ocrx_word' id='word_1_597' title='bbox 3033 3715 3280 3769; x_wconf 71' lang='lat' dir='ltr'><strong>salutan-</strong></span> 
     </span>
    </p>
   </div>
   <div class='ocr_carea' id='block_1_97' title="bbox 1713 3808 3286 3879">
    <p class='ocr_par' dir='ltr' id='par_1_97' title="bbox 1713 3808 3286 3879">
     <span class='ocr_line' id='line_1_97' title="bbox 1713 3808 3286 3879; baseline 0.001 -17"><span class='ocrx_word' id='word_1_598' title='bbox 1713 3818 1818 3874; x_wconf 87' lang='lat' dir='ltr'><strong>tes,</strong></span> <span class='ocrx_word' id='word_1_599' title='bbox 1846 3819 1900 3864; x_wconf 89' lang='lat' dir='ltr'><strong>et</strong></span> <span class='ocrx_word' id='word_1_600' title='bbox 1935 3808 2259 3864; x_wconf 83' lang='lat' dir='ltr'><strong>confitentes</strong></span> <span class='ocrx_word' id='word_1_601' title='bbox 2300 3808 2432 3879; x_wconf 92' lang='lat' dir='ltr'><strong>quia</strong></span> <span class='ocrx_word' id='word_1_602' title='bbox 2468 3809 2742 3879; x_wconf 84' lang='lat' dir='ltr'><strong>peregrini</strong></span> <span class='ocrx_word' id='word_1_603' title='bbox 2769 3817 2824 3865; x_wconf 93' lang='lat' dir='ltr'><strong>et</strong></span> <span class='ocrx_word' id='word_1_604' title='bbox 2872 3809 3118 3879; x_wconf 89' lang='lat' dir='ltr'><strong>hospites</strong></span> <span class='ocrx_word' id='word_1_605' title='bbox 3150 3819 3286 3865; x_wconf 87' lang='lat' dir='ltr'><strong>sunt</strong></span> 
     </span>
    </p>
   </div>
   <div class='ocr_carea' id='block_1_98' title="bbox 1715 3899 3280 3974">
    <p class='ocr_par' dir='ltr' id='par_1_98' title="bbox 1715 3899 3280 3974">
     <span class='ocr_line' id='line_1_98' title="bbox 1715 3899 3280 3974; baseline -0.005 -12"><span class='ocrx_word' id='word_1_606' title='bbox 1715 3918 1879 3974; x_wconf 90' lang='lat' dir='ltr'><strong>super</strong></span> <span class='ocrx_word' id='word_1_607' title='bbox 1911 3913 2136 3958; x_wconf 88' lang='lat' dir='ltr'><strong>terram.</strong></span> <span class='ocrx_word' id='word_1_608' title='bbox 2169 3901 2275 3970; x_wconf 85' lang='lat' dir='ltr'><strong>Qui</strong></span> <span class='ocrx_word' id='word_1_609' title='bbox 2303 3902 2448 3957; x_wconf 90' lang='lat' dir='ltr'><strong>enim</strong></span> <span class='ocrx_word' id='word_1_610' title='bbox 2483 3902 2598 3955; x_wconf 68' lang='lat' dir='ltr'><strong>haac</strong></span> <span class='ocrx_word' id='word_1_611' title='bbox 2635 3900 2846 3964; x_wconf 87' lang='lat' dir='ltr'><strong>dicunt,</strong></span> <span class='ocrx_word' id='word_1_612' title='bbox 2881 3899 3192 3971; x_wconf 77' lang='lat' dir='ltr'><strong>significant</strong></span> <span class='ocrx_word' id='word_1_613' title='bbox 3219 3916 3280 3956; x_wconf 82' lang='lat' dir='ltr'><strong>se</strong></span> 
     </span>
    </p>
   </div>
   <div class='ocr_carea' id='block_1_99' title="bbox 1715 3991 3278 4067">
    <p class='ocr_par' dir='ltr' id='par_1_99' title="bbox 1715 3991 3278 4067">
     <span class='ocr_line' id='line_1_99' title="bbox 1715 3991 3278 4067; baseline -0.004 -17"><span class='ocrx_word' id='word_1_614' title='bbox 1715 3996 1946 4067; x_wconf 88' lang='lat' dir='ltr'><strong>patriam</strong></span> <span class='ocrx_word' id='word_1_615' title='bbox 1970 3993 2267 4064; x_wconf 82' lang='lat' dir='ltr'><strong>inquirere.</strong></span> <span class='ocrx_word' id='word_1_616' title='bbox 2291 3992 2356 4046; x_wconf 87' lang='lat' dir='ltr'><strong>Et</strong></span> <span class='ocrx_word' id='word_1_617' title='bbox 2379 3993 2425 4047; x_wconf 91' lang='lat' dir='ltr'><strong>si</strong></span> <span class='ocrx_word' id='word_1_618' title='bbox 2444 3993 2667 4062; x_wconf 91' lang='lat' dir='ltr'><strong>quidem</strong></span> <span class='ocrx_word' id='word_1_619' title='bbox 2689 3991 2864 4061; x_wconf 90' lang='lat' dir='ltr'><strong>ipsius</strong></span> <span class='ocrx_word' id='word_1_620' title='bbox 2884 3991 3278 4055; x_wconf 76' lang='lat' dir='ltr'><strong>meminissent,</strong></span> 
     </span>
    </p>
   </div>
   <div class='ocr_carea' id='block_1_100' title="bbox 1713 4083 3279 4161">
    <p class='ocr_par' dir='ltr' id='par_1_100' title="bbox 1713 4083 3279 4161">
     <span class='ocr_line' id='line_1_100' title="bbox 1713 4083 3279 4161; baseline -0.008 -15"><span class='ocrx_word' id='word_1_621' title='bbox 1713 4092 1780 4146; x_wconf 90' lang='lat' dir='ltr'><strong>de</strong></span> <span class='ocrx_word' id='word_1_622' title='bbox 1808 4105 1915 4161; x_wconf 90' lang='lat' dir='ltr'><strong>qua</strong></span> <span class='ocrx_word' id='word_1_623' title='bbox 1970 4089 2245 4151; x_wconf 79' lang='lat' dir='ltr'><strong>exierunt,</strong></span> <span class='ocrx_word' id='word_1_624' title='bbox 2275 4086 2548 4141; x_wconf 87' lang='lat' dir='ltr'><strong>habebant</strong></span> <span class='ocrx_word' id='word_1_625' title='bbox 2587 4083 2780 4153; x_wconf 90' lang='lat' dir='ltr'><strong>utique</strong></span> <span class='ocrx_word' id='word_1_626' title='bbox 2833 4091 3048 4152; x_wconf 91' lang='lat' dir='ltr'><strong>tempus</strong></span> <span class='ocrx_word' id='word_1_627' title='bbox 3093 4097 3279 4137; x_wconf 82' lang='lat' dir='ltr'><strong>rever-</strong></span> 
     </span>
    </p>
   </div>
   <div class='ocr_carea' id='block_1_101' title="bbox 1717 4175 3282 4248">
    <p class='ocr_par' dir='ltr' id='par_1_101' title="bbox 1717 4175 3282 4248">
     <span class='ocr_line' id='line_1_101' title="bbox 1717 4175 3282 4248; baseline -0.005 -10"><span class='ocrx_word' id='word_1_628' title='bbox 1717 4185 1885 4239; x_wconf 86' lang='lat' dir='ltr'><strong>tendi.</strong></span> <span class='ocrx_word' id='word_1_629' title='bbox 1914 4182 2074 4237; x_wconf 90' lang='lat' dir='ltr'><strong>Nunc</strong></span> <span class='ocrx_word' id='word_1_630' title='bbox 2112 4188 2292 4235; x_wconf 87' lang='lat' dir='ltr'><strong>autem</strong></span> <span class='ocrx_word' id='word_1_631' title='bbox 2340 4180 2619 4234; x_wconf 90' lang='lat' dir='ltr'><strong>meliorem</strong></span> <span class='ocrx_word' id='word_1_632' title='bbox 2651 4183 2936 4248; x_wconf 89' lang='lat' dir='ltr'><strong>appetunt,</strong></span> <span class='ocrx_word' id='word_1_633' title='bbox 2969 4175 3022 4230; x_wconf 92' lang='lat' dir='ltr'><strong>id</strong></span> <span class='ocrx_word' id='word_1_634' title='bbox 3053 4183 3136 4230; x_wconf 90' lang='lat' dir='ltr'><strong>est</strong></span> <span class='ocrx_word' id='word_1_635' title='bbox 3166 4189 3282 4230; x_wconf 69' lang='lat' dir='ltr'><strong>ca:-</strong></span> 
     </span>
    </p>
   </div>
   <div class='ocr_carea' id='block_1_102' title="bbox 1715 4267 3282 4333">
    <p class='ocr_par' dir='ltr' id='par_1_102' title="bbox 1715 4267 3282 4333">
     <span class='ocr_line' id='line_1_102' title="bbox 1715 4267 3282 4333; baseline -0.004 -4"><span class='ocrx_word' id='word_1_636' title='bbox 1715 4276 1926 4333; x_wconf 88' lang='lat' dir='ltr'><strong>lestem.</strong></span> <span class='ocrx_word' id='word_1_637' title='bbox 1962 4275 2088 4330; x_wconf 90' lang='lat' dir='ltr'><strong>Ideo</strong></span> <span class='ocrx_word' id='word_1_638' title='bbox 2140 4289 2248 4329; x_wconf 91' lang='lat' dir='ltr'><strong>non</strong></span> <span class='ocrx_word' id='word_1_639' title='bbox 2307 4272 2662 4328; x_wconf 83' lang='lat' dir='ltr'><strong>confunditur</strong></span> <span class='ocrx_word' id='word_1_640' title='bbox 2712 4271 2855 4325; x_wconf 87' lang='lat' dir='ltr'><strong>Deus</strong></span> <span class='ocrx_word' id='word_1_641' title='bbox 2907 4269 3094 4324; x_wconf 86' lang='lat' dir='ltr'><strong>vocari</strong></span> <span class='ocrx_word' id='word_1_642' title='bbox 3137 4267 3282 4323; x_wconf 88' lang='lat' dir='ltr'><strong>Deus</strong></span> 
     </span>
    </p>
   </div>
   <div class='ocr_carea' id='block_1_103' title="bbox 1714 4363 2894 4437">
    <p class='ocr_par' dir='ltr' id='par_1_103' title="bbox 1714 4363 2894 4437">
     <span class='ocr_line' id='line_1_103' title="bbox 1714 4363 2894 4437; baseline -0.009 -13"><span class='ocrx_word' id='word_1_643' title='bbox 1714 4384 1900 4424; x_wconf 87' lang='lat' dir='ltr'><strong>eorum</strong></span> <span class='ocrx_word' id='word_1_644' title='bbox 1935 4384 1948 4419; x_wconf 89' lang='lat'>:</span> <span class='ocrx_word' id='word_1_645' title='bbox 1979 4365 2187 4437; x_wconf 90' lang='lat' dir='ltr'><strong>paravit</strong></span> <span class='ocrx_word' id='word_1_646' title='bbox 2217 4367 2360 4420; x_wconf 89' lang='lat' dir='ltr'><strong>enim</strong></span> <span class='ocrx_word' id='word_1_647' title='bbox 2404 4365 2513 4419; x_wconf 91' lang='lat' dir='ltr'><strong>illis</strong></span> <span class='ocrx_word' id='word_1_648' title='bbox 2542 4363 2842 4418; x_wconf 87' lang='lat' dir='ltr'><strong>civitatem.</strong></span> <span class='ocrx_word' id='word_1_649' title='bbox 2874 4379 2894 4413; x_wconf 84' lang='grc'><strong>›</strong></span> 
     </span>
    </p>
   </div>
   <div class='ocr_carea' id='block_1_104' title="bbox 1643 4541 2310 4614">
    <p class='ocr_par' dir='ltr' id='par_1_104' title="bbox 1643 4541 2310 4614">
     <span class='ocr_line' id='line_1_104' title="bbox 1643 4541 2310 4614; baseline 0 -20"><span class='ocrx_word' id='word_1_650' title='bbox 1643 4541 1686 4594; x_wconf 89' lang='lat' dir='ltr'><strong>D</strong></span> <span class='ocrx_word' id='word_1_651' title='bbox 1788 4542 1994 4614; x_wconf 85' lang='lat' dir='ltr'><strong>Spiritu</strong></span> <span class='ocrx_word' id='word_1_652' title='bbox 2030 4543 2310 4595; x_wconf 86' lang='lat' dir='ltr'><strong>nimirum.</strong></span> 
     </span>
    </p>
   </div>
   <div class='ocr_carea' id='block_1_105' title="bbox 1783 4629 3281 4697">
    <p class='ocr_par' dir='ltr' id='par_1_105' title="bbox 1783 4629 3281 4697">
     <span class='ocr_line' id='line_1_105' title="bbox 1783 4629 3281 4697; baseline -0.003 -10"><span class='ocrx_word' id='word_1_653' title='bbox 1783 4633 1947 4689; x_wconf 75' lang='lat' dir='ltr'><strong>Vens.</strong></span> <span class='ocrx_word' id='word_1_654' title='bbox 1980 4633 2066 4697; x_wconf 84' lang='grc'><strong>17,</strong></span> <span class='ocrx_word' id='word_1_655' title='bbox 2097 4633 2179 4686; x_wconf 80' lang='grc'><strong>18.</strong></span> <span class='ocrx_word' id='word_1_656' title='bbox 2211 4651 2228 4682; x_wconf 86' lang='grc'><em>‹</em></span> <span class='ocrx_word' id='word_1_657' title='bbox 2268 4630 2395 4686; x_wconf 78' lang='lat' dir='ltr'><strong>Fide</strong></span> <span class='ocrx_word' id='word_1_658' title='bbox 2427 4631 2624 4684; x_wconf 87' lang='lat' dir='ltr'><strong>obtulit</strong></span> <span class='ocrx_word' id='word_1_659' title='bbox 2658 4629 2931 4683; x_wconf 84' lang='lat' dir='ltr'><strong>Abraham</strong></span> <span class='ocrx_word' id='word_1_660' title='bbox 2966 4630 3136 4692; x_wconf 88' lang='lat' dir='ltr'><strong>Isaac,</strong></span> <span class='ocrx_word' id='word_1_661' title='bbox 3157 4645 3281 4683; x_wconf 89' lang='lat' dir='ltr'><strong>cum</strong></span> 
     </span>
    </p>
   </div>
   <div class='ocr_carea' id='block_1_106' title="bbox 1713 4721 3282 4793">
    <p class='ocr_par' dir='ltr' id='par_1_106' title="bbox 1713 4721 3282 4793">
     <span class='ocr_line' id='line_1_106' title="bbox 1713 4721 3282 4793; baseline 0.001 -17"><span class='ocrx_word' id='word_1_662' title='bbox 1713 4733 2054 4788; x_wconf 83' lang='lat' dir='ltr'><strong>tentaretur;</strong></span> <span class='ocrx_word' id='word_1_663' title='bbox 2082 4735 2134 4776; x_wconf 90' lang='lat' dir='ltr'><strong>et</strong></span> <span class='ocrx_word' id='word_1_664' title='bbox 2183 4723 2521 4792; x_wconf 78' lang='lat' dir='ltr'><strong>unigenitum</strong></span> <span class='ocrx_word' id='word_1_665' title='bbox 2569 4721 2856 4787; x_wconf 69' lang='lat' dir='ltr'><strong>offerebat,</strong></span> <span class='ocrx_word' id='word_1_666' title='bbox 2892 4723 2987 4792; x_wconf 91' lang='lat' dir='ltr'><strong>qui</strong></span> <span class='ocrx_word' id='word_1_667' title='bbox 3021 4737 3282 4793; x_wconf 81' lang='lat' dir='ltr'><strong>suscepe-</strong></span> 
     </span>
    </p>
   </div>
   <div class='ocr_carea' id='block_1_107' title="bbox 1715 4813 3280 4885">
    <p class='ocr_par' dir='ltr' id='par_1_107' title="bbox 1715 4813 3280 4885">
     <span class='ocr_line' id='line_1_107' title="bbox 1715 4813 3280 4885; baseline 0 -16"><span class='ocrx_word' id='word_1_668' title='bbox 1715 4828 1796 4870; x_wconf 86' lang='lat' dir='ltr'><strong>rat</strong></span> <span class='ocrx_word' id='word_1_669' title='bbox 1843 4815 2322 4885; x_wconf 86' lang='lat' dir='ltr'><strong>repromissiones,</strong></span> <span class='ocrx_word' id='word_1_670' title='bbox 2359 4816 2423 4868; x_wconf 84' lang='lat' dir='ltr'><strong>ad</strong></span> <span class='ocrx_word' id='word_1_671' title='bbox 2459 4829 2620 4884; x_wconf 87' lang='lat' dir='ltr'><strong>quem</strong></span> <span class='ocrx_word' id='word_1_672' title='bbox 2649 4813 2974 4880; x_wconf 64' lang='lat' dir='ltr'><strong>dictumest</strong></span> <span class='ocrx_word' id='word_1_673' title='bbox 3007 4833 3019 4868; x_wconf 91' lang='lat'><strong>:</strong></span> <span class='ocrx_word' id='word_1_674' title='bbox 3054 4813 3190 4879; x_wconf 85' lang='lat' dir='ltr'><strong>Quia</strong></span> <span class='ocrx_word' id='word_1_675' title='bbox 3227 4817 3280 4869; x_wconf 91' lang='lat' dir='ltr'><strong>in</strong></span> 
     </span>
    </p>
   </div>
   <div class='ocr_carea' id='block_1_108' title="bbox 1716 4908 2606 4962">
    <p class='ocr_par' dir='ltr' id='par_1_108' title="bbox 1716 4908 2606 4962">
     <span class='ocr_line' id='line_1_108' title="bbox 1716 4908 2606 4962; baseline -0.004 0"><span class='ocrx_word' id='word_1_676' title='bbox 1716 4910 1864 4962; x_wconf 89' lang='lat' dir='ltr'><strong>lsaac</strong></span> <span class='ocrx_word' id='word_1_677' title='bbox 1892 4908 2178 4962; x_wconf 81' lang='lat' dir='ltr'><strong>vocabitur</strong></span> <span class='ocrx_word' id='word_1_678' title='bbox 2207 4908 2301 4961; x_wconf 83' lang='lat' dir='ltr'><strong>tibi</strong></span> <span class='ocrx_word' id='word_1_679' title='bbox 2337 4922 2549 4961; x_wconf 79' lang='lat' dir='ltr'><strong>semen.</strong></span> <span class='ocrx_word' id='word_1_680' title='bbox 2588 4925 2606 4958; x_wconf 75' lang='grc' dir='ltr'><strong>ι</strong></span> 
     </span>
    </p>
   </div>
   <div class='ocr_carea' id='block_1_109' title="bbox 1786 4999 3282 5071">
    <p class='ocr_par' dir='ltr' id='par_1_109' title="bbox 1786 4999 3282 5071">
     <span class='ocr_line' id='line_1_109' title="bbox 1786 4999 3282 5071; baseline 0.001 -17"><span class='ocrx_word' id='word_1_681' title='bbox 1786 5001 2231 5071; x_wconf 83' lang='lat' dir='ltr'><strong>Experimentum</strong></span> <span class='ocrx_word' id='word_1_682' title='bbox 2283 5001 2530 5069; x_wconf 82' lang='lat' dir='ltr'><strong>praebens</strong></span> <span class='ocrx_word' id='word_1_683' title='bbox 2562 5001 2784 5071; x_wconf 89' lang='lat' dir='ltr'><strong>pietatis</strong></span> <span class='ocrx_word' id='word_1_684' title='bbox 2809 5016 2942 5056; x_wconf 67' lang='lat' dir='ltr'><strong>suae.</strong></span> <span class='ocrx_word' id='word_1_685' title='bbox 2976 4999 3108 5054; x_wconf 84' lang='lat' dir='ltr'><strong>Nam</strong></span> <span class='ocrx_word' id='word_1_686' title='bbox 3138 5000 3282 5056; x_wconf 88' lang='lat' dir='ltr'><strong>Deus</strong></span> 
     </span>
    </p>
   </div>
   <div class='ocr_carea' id='block_1_110' title="bbox 1715 5092 3280 5164">
    <p class='ocr_par' dir='ltr' id='par_1_110' title="bbox 1715 5092 3280 5164">
     <span class='ocr_line' id='line_1_110' title="bbox 1715 5092 3280 5164; baseline 0 -16"><span class='ocrx_word' id='word_1_687' title='bbox 1715 5095 2018 5164; x_wconf 87' lang='lat' dir='ltr'><strong>periculum</strong></span> <span class='ocrx_word' id='word_1_688' title='bbox 2061 5092 2215 5158; x_wconf 79' lang='lat' dir='ltr'><strong>facit,</strong></span> <span class='ocrx_word' id='word_1_689' title='bbox 2263 5108 2370 5147; x_wconf 93' lang='lat' dir='ltr'><strong>non</strong></span> <span class='ocrx_word' id='word_1_690' title='bbox 2411 5109 2476 5148; x_wconf 81' lang='lat' dir='ltr'><strong>ex</strong></span> <span class='ocrx_word' id='word_1_691' title='bbox 2505 5093 2834 5163; x_wconf 77' lang='lat' dir='ltr'><strong>ignorantia,</strong></span> <span class='ocrx_word' id='word_1_692' title='bbox 2867 5093 2961 5148; x_wconf 84' lang='lat' dir='ltr'><strong>sed</strong></span> <span class='ocrx_word' id='word_1_693' title='bbox 2989 5102 3048 5147; x_wconf 91' lang='lat' dir='ltr'><strong>ut</strong></span> <span class='ocrx_word' id='word_1_694' title='bbox 3084 5094 3280 5158; x_wconf 88' lang='lat' dir='ltr'><strong>sancti,</strong></span> 
     </span>
    </p>
   </div>
   <div class='ocr_carea' id='block_1_111' title="bbox 1716 5182 3280 5254">
    <p class='ocr_par' dir='ltr' id='par_1_111' title="bbox 1716 5182 3280 5254">
     <span class='ocr_line' id='line_1_111' title="bbox 1716 5182 3280 5254; baseline 0.001 -17"><span class='ocrx_word' id='word_1_695' title='bbox 1716 5183 1942 5254; x_wconf 86' lang='lat' dir='ltr'><strong>probata</strong></span> <span class='ocrx_word' id='word_1_696' title='bbox 1994 5182 2476 5252; x_wconf 88' lang='lat' dir='ltr'><strong>demonstrataque</strong></span> <span class='ocrx_word' id='word_1_697' title='bbox 2534 5184 2734 5254; x_wconf 88' lang='lat' dir='ltr'><strong>pietate</strong></span> <span class='ocrx_word' id='word_1_698' title='bbox 2784 5199 2922 5246; x_wconf 87' lang='lat' dir='ltr'><strong>sua,</strong></span> <span class='ocrx_word' id='word_1_699' title='bbox 2953 5193 3181 5239; x_wconf 88' lang='lat' dir='ltr'><strong>cunctos</strong></span> <span class='ocrx_word' id='word_1_700' title='bbox 3224 5184 3280 5239; x_wconf 93' lang='lat' dir='ltr'><strong>in</strong></span> 
     </span>
    </p>
   </div>
   <div class='ocr_carea' id='block_1_112' title="bbox 1717 5274 2404 5345">
    <p class='ocr_par' dir='ltr' id='par_1_112' title="bbox 1717 5274 2404 5345">
     <span class='ocr_line' id='line_1_112' title="bbox 1717 5274 2404 5345; baseline -0.001 -17"><span class='ocrx_word' id='word_1_701' title='bbox 1717 5274 2133 5329; x_wconf 85' lang='lat' dir='ltr'><strong>admirationem</strong></span> <span class='ocrx_word' id='word_1_702' title='bbox 2165 5274 2404 5345; x_wconf 90' lang='lat' dir='ltr'><strong>rapiant.</strong></span> 
     </span>
    </p>
   </div>
   <div class='ocr_carea' id='block_1_113' title="bbox 1784 5363 3281 5435">
    <p class='ocr_par' dir='ltr' id='par_1_113' title="bbox 1784 5363 3281 5435">
     <span class='ocr_line' id='line_1_113' title="bbox 1784 5363 3281 5435; baseline 0.002 -18"><span class='ocrx_word' id='word_1_703' title='bbox 1784 5365 1950 5420; x_wconf 73' lang='lat' dir='ltr'><strong>Vens.</strong></span> <span class='ocrx_word' id='word_1_704' title='bbox 1985 5363 2072 5417; x_wconf 83' lang='grc'><strong>19.</strong></span> <span class='ocrx_word' id='word_1_705' title='bbox 2113 5383 2132 5416; x_wconf 78' lang='grc' dir='ltr'><strong>ι</strong></span> <span class='ocrx_word' id='word_1_706' title='bbox 2168 5365 2456 5420; x_wconf 86' lang='lat' dir='ltr'><strong>Arbitrans</strong></span> <span class='ocrx_word' id='word_1_707' title='bbox 2505 5367 2633 5435; x_wconf 88' lang='lat' dir='ltr'><strong>quia</strong></span> <span class='ocrx_word' id='word_1_708' title='bbox 2671 5373 2724 5420; x_wconf 90' lang='lat' dir='ltr'><strong>et</strong></span> <span class='ocrx_word' id='word_1_709' title='bbox 2759 5377 2790 5418; x_wconf 88' lang='lat' dir='ltr'><strong>a</strong></span> <span class='ocrx_word' id='word_1_710' title='bbox 2827 5365 3055 5420; x_wconf 87' lang='lat' dir='ltr'><strong>mortuis</strong></span> <span class='ocrx_word' id='word_1_711' title='bbox 3103 5367 3281 5421; x_wconf 85' lang='lat' dir='ltr'><strong>susci-</strong></span> 
     </span>
    </p>
   </div>
   <div class='ocr_carea' id='block_1_114' title="bbox 1715 5456 2434 5526">
    <p class='ocr_par' dir='ltr' id='par_1_114' title="bbox 1715 5456 2434 5526">
     <span class='ocr_line' id='line_1_114' title="bbox 1715 5456 2434 5526; baseline -0.003 -18"><span class='ocrx_word' id='word_1_712' title='bbox 1715 5466 1834 5512; x_wconf 79' lang='lat' dir='ltr'><strong>tare</strong></span> <span class='ocrx_word' id='word_1_713' title='bbox 1864 5466 2058 5526; x_wconf 87' lang='lat' dir='ltr'><strong>potens</strong></span> <span class='ocrx_word' id='word_1_714' title='bbox 2088 5464 2174 5509; x_wconf 92' lang='lat' dir='ltr'><strong>est</strong></span> <span class='ocrx_word' id='word_1_715' title='bbox 2205 5456 2364 5511; x_wconf 88' lang='lat' dir='ltr'><strong>Deus.</strong></span> <span class='ocrx_word' id='word_1_716' title='bbox 2417 5475 2434 5506; x_wconf 75' lang='grc' dir='ltr'><strong>ι</strong></span> 
     </span>
    </p>
   </div>
   <div class='ocr_carea' id='block_1_115' title="bbox 1787 5548 3286 5622">
    <p class='ocr_par' dir='ltr' id='par_1_115' title="bbox 1787 5548 3286 5622">
     <span class='ocr_line' id='line_1_115' title="bbox 1787 5548 3286 5622; baseline 0.004 -21"><span class='ocrx_word' id='word_1_717' title='bbox 1787 5548 2052 5614; x_wconf 87' lang='lat' dir='ltr'><strong>Dicebat,</strong></span> <span class='ocrx_word' id='word_1_718' title='bbox 2087 5549 2264 5618; x_wconf 90' lang='lat' dir='ltr'><strong>inquit</strong></span> <span class='ocrx_word' id='word_1_719' title='bbox 2303 5567 2315 5602; x_wconf 90' lang='lat'><strong>:</strong></span> <span class='ocrx_word' id='word_1_720' title='bbox 2352 5549 2448 5604; x_wconf 88' lang='lat' dir='ltr'><strong>Ille</strong></span> <span class='ocrx_word' id='word_1_721' title='bbox 2478 5550 2571 5618; x_wconf 89' lang='lat' dir='ltr'><strong>qui</strong></span> <span class='ocrx_word' id='word_1_722' title='bbox 2629 5565 2694 5604; x_wconf 80' lang='lat' dir='ltr'><strong>ex</strong></span> <span class='ocrx_word' id='word_1_723' title='bbox 2737 5551 2896 5604; x_wconf 88' lang='lat' dir='ltr'><strong>vulva</strong></span> <span class='ocrx_word' id='word_1_724' title='bbox 2929 5558 3150 5622; x_wconf 87' lang='lat' dir='ltr'><strong>propter</strong></span> <span class='ocrx_word' id='word_1_725' title='bbox 3199 5565 3286 5609; x_wconf 86' lang='lat' dir='ltr'><strong>se-</strong></span> 
     </span>
    </p>
   </div>
   <div class='ocr_carea' id='block_1_116' title="bbox 1717 5640 3285 5714">
    <p class='ocr_par' dir='ltr' id='par_1_116' title="bbox 1717 5640 3285 5714">
     <span class='ocr_line' id='line_1_116' title="bbox 1717 5640 3285 5714; baseline 0.003 -18"><span class='ocrx_word' id='word_1_726' title='bbox 1717 5641 1868 5696; x_wconf 90' lang='lat' dir='ltr'><strong>nium</strong></span> <span class='ocrx_word' id='word_1_727' title='bbox 1909 5640 2148 5694; x_wconf 86' lang='lat' dir='ltr'><strong>marcida</strong></span> <span class='ocrx_word' id='word_1_728' title='bbox 2183 5649 2344 5708; x_wconf 91' lang='lat' dir='ltr'><strong>atque</strong></span> <span class='ocrx_word' id='word_1_729' title='bbox 2385 5641 2561 5694; x_wconf 88' lang='lat' dir='ltr'><strong>inutili</strong></span> <span class='ocrx_word' id='word_1_730' title='bbox 2615 5641 2856 5707; x_wconf 89' lang='lat' dir='ltr'><strong>reddita,</strong></span> <span class='ocrx_word' id='word_1_731' title='bbox 2904 5643 3050 5714; x_wconf 82' lang='lat' dir='ltr'><strong>gigni</strong></span> <span class='ocrx_word' id='word_1_732' title='bbox 3111 5643 3285 5701; x_wconf 75' lang='lat' dir='ltr'><strong>[illum</strong></span> 
     </span>
    </p>
   </div>
   <div class='ocr_carea' id='block_1_117' title="bbox 1720 5733 3077 5804">
    <p class='ocr_par' dir='ltr' id='par_1_117' title="bbox 1720 5733 3077 5804">
     <span class='ocr_line' id='line_1_117' title="bbox 1720 5733 3077 5804; baseline -0.001 -15"><span class='ocrx_word' id='word_1_733' title='bbox 1720 5735 2014 5799; x_wconf 88' lang='lat' dir='ltr'><strong>concessit,</strong></span> <span class='ocrx_word' id='word_1_734' title='bbox 2051 5733 2166 5804; x_wconf 88' lang='lat' dir='ltr'><strong>ipse</strong></span> <span class='ocrx_word' id='word_1_735' title='bbox 2208 5733 2406 5802; x_wconf 90' lang='lat' dir='ltr'><strong>poterit</strong></span> <span class='ocrx_word' id='word_1_736' title='bbox 2446 5741 2508 5786; x_wconf 91' lang='lat' dir='ltr'><strong>et-</strong></span> <span class='ocrx_word' id='word_1_737' title='bbox 2533 5733 2778 5787; x_wconf 87' lang='lat' dir='ltr'><strong>occisum</strong></span> <span class='ocrx_word' id='word_1_738' title='bbox 2816 5736 3077 5791; x_wconf 81' lang='lat' dir='ltr'><strong>excitare.</strong></span> 
     </span>
    </p>
   </div>
   <div class='ocr_carea' id='block_1_118' title="bbox 1796 5825 3001 5896">
    <p class='ocr_par' dir='ltr' id='par_1_118' title="bbox 1796 5825 3001 5896">
     <span class='ocr_line' id='line_1_118' title="bbox 1796 5825 3001 5896; baseline -0.002 -16"><span class='ocrx_word' id='word_1_739' title='bbox 1796 5845 1816 5880; x_wconf 69' lang='grc' dir='ltr'><strong>ι</strong></span> <span class='ocrx_word' id='word_1_740' title='bbox 1852 5825 2006 5881; x_wconf 71' lang='lat' dir='ltr'><strong>[nde</strong></span> <span class='ocrx_word' id='word_1_741' title='bbox 2039 5841 2164 5882; x_wconf 90' lang='lat' dir='ltr'><strong>eum</strong></span> <span class='ocrx_word' id='word_1_742' title='bbox 2195 5833 2248 5880; x_wconf 89' lang='lat' dir='ltr'><strong>et</strong></span> <span class='ocrx_word' id='word_1_743' title='bbox 2287 5825 2336 5880; x_wconf 91' lang='lat' dir='ltr'><strong>in</strong></span> <span class='ocrx_word' id='word_1_744' title='bbox 2372 5825 2685 5895; x_wconf 81' lang='lat' dir='ltr'><strong>parabolam</strong></span> <span class='ocrx_word' id='word_1_745' title='bbox 2713 5828 2940 5896; x_wconf 79' lang='lat' dir='ltr'><strong>accepit.</strong></span> <span class='ocrx_word' id='word_1_746' title='bbox 2975 5845 3001 5878; x_wconf 74' lang='grc' dir='ltr'><strong>ι.</strong></span> 
     </span>
    </p>
   </div>
  </div>
