4022 6414
610 348 714 413 983
1792 348 1851 404 S.
1879 344 2194 405 JOANNIS

687 463 746 516 ld
784 469 889 525 est,
926 462 982 516 in
1009 472 1337 529 exemplum.
1368 456 1505 513 Nam
1554 457 1724 528 ﬁgura
1759 457 1962 512 Christi
1999 457 2179 510 factus
2207 456 2255 512 Α

614 562 699 609 est
727 570 742 607 ι
774 550 987 623 hocque
1010 551 1223 605 facinus
1253 552 1469 620 signum
1492 557 1608 603 erat
1638 547 1751 602 fore
1778 556 1835 602 ut
1860 547 2018 601 Pater
2047 546 2181 603 Uni-

616 647 861 715 genitum
892 644 1127 698 traderet
1156 642 1515 697 offerendum.

687 738 854 793 Vens.
907 737 997 797 20,
1028 737 1116 790 21.
1160 755 1178 785 ι
1239 734 1371 789 Fide
1428 743 1481 788 et
1541 734 1607 788 de
1659 734 1856 787 futuris
1906 733 2184 788 benedixit

621 828 769 885 Isaac
793 830 962 886 Jacob
992 843 1044 885 et
1095 830 1263 883 Esau.
1299 826 1430 881 Fide
1463 825 1632 881 Jacob
1666 829 1903 881 moriens
1937 828 2183 897 singulos

620 923 857 976 ﬁliorum
890 922 1088 990 Joseph
1141 920 1439 973 benedixit.
1482 937 1500 969 ι

697 1015 992 1075 Undenam,
1040 1014 1236 1082 inquit,
1272 1013 1394 1065 ﬁliis
1422 1019 1571 1063 tanta
1606 1011 1697 1064 illa
1726 1010 1865 1065 bona
1913 1013 2186 1081 pollicitus

622 1116 727 1167 est,
759 1107 863 1161 nisi
892 1108 1017 1175 quia
1042 1106 1298 1159 credebat
1328 1104 1435 1158 Deo
1465 1105 1488 1156 ?

700 1219 717 1249 ‹
750 1198 815 1250 Et
847 1198 1095 1251 adoravit
1139 1198 1194 1249 in
1227 1193 1449 1265 fastigio
1475 1196 1641 1266 virga
1684 1211 1819 1251 suae.
1856 1194 2046 1267 [Vens
2071 1197 2159 1249 9.9..

626 1288 755 1343 Fide
793 1288 996 1358 Joseph
1042 1289 1108 1342 de
1137 1288 1474 1357 profectione
1504 1288 1739 1342 ﬁliorum
1790 1291 1952 1345 Israel
1986 1306 2190 1343 memo-

623 1391 778 1436 ratus
808 1392 906 1437 est.
948 1401 969 1433 ι

696 1472 870 1539 Tunc,
908 1474 1084 1543 inquit
1112 1514 1126 1538 ,
1156 1490 1264 1528 non
1302 1475 1477 1529 solum
1511 1473 1707 1530 eﬁ‘atus
1758 1485 1879 1542 est,
1918 1475 2012 1531 sed
2046 1486 2097 1529 et
2128 1476 2193 1529 iis

623 1580 745 1633 qua:
774 1575 1002 1621 ventura
1033 1576 1214 1630 erant,
1253 1567 1390 1621 adeo
1416 1566 1743 1632 conﬁdebat,
1787 1578 1845 1621 ut
1866 1578 1920 1621 ct
1948 1568 2049 1621 hoc
2082 1570 2196 1637 ipse

624 1655 795 1724 gestis
846 1656 1199 1727 exprimeret.
1230 1656 1364 1709 Nam
1406 1658 1530 1725 quia
1570 1656 1818 1711 futurum
1869 1666 1988 1712 erat
2022 1667 2079 1710 ut
2129 1674 2195 1712 ex

625 1747 884 1815 bphraim
919 1763 1015 1802 rex
1050 1750 1188 1804 alter
1216 1757 1589 1817 consurgeret,
1624 1758 1916 1817 eapropter
1940 1749 2197 1802 adorasse

626 1852 751 1893 eum
784 1839 840 1893 in
871 1839 1092 1911 fastigio
1128 1840 1291 1911 virga:
1338 1856 1449 1896 sum
1478 1842 1571 1894 ait.
1618 1839 1735 1893 Jam
1792 1842 1934 1894 enim
1960 1880 1971 1901 ,
2000 1841 2195 1908 inquit,

628 1928 923 2001 Josephum
956 1934 1305 1996 adoraverat,
1338 1935 1655 2003 significans
1686 1949 1809 1988 eum
1845 1934 1913 1989 ab
1944 1935 2201 1986 universo

634 2026 833 2091 populo
904 2037 1125 2096 propter
1200 2027 1451 2097 Epliraim
1520 2026 1997 2081 adorandumzid
2058 2026 2201 2095 quod

633 2118 980 2187 postmodum
1016 2135 1045 2172 a
1073 2120 1327 2176 tribubus
1359 2128 1630 2189 patratum
1660 2120 1779 2173 fuit.

703 2297 816 2354 Hoc
851 2302 1098 2370 est,quia
1132 2302 1245 2371 jam
1280 2303 1600 2371 grandzevus
1642 2308 1779 2356 erat.

708 2411 727 2439 ς
768 2391 834 2445 Ει
873 2392 939 2448 de
970 2395 1189 2449 ossibus
1217 2396 1331 2449 suis
1368 2394 1667 2447 mandavit.
1705 2393 1895 2463 [Vens
1921 2392 2038 2464 23.]
2072 2388 2205 2446 Fide

631 2481 841 2553 Moyses
885 2497 1066 2551 natus,
1101 2504 1119 2537 ι

706 2573 773 2629 Ut
833 2588 986 2631 certo
1016 2578 1265 2633 crederet
1314 2580 1551 2649 populus
1591 2580 2023 2649 redemptionem
2070 2579 2206 2649 ipsis

631 2668 905 2737 quondam
936 2669 1271 2725 adfuturam.
1303 2671 1493 2741 Neque
1541 2674 1687 2727 enim
1711 2671 1778 2726 de
1833 2674 2038 2727 ossium
2076 2687 2206 2727 suo-

632 2774 755 2814 rum
814 2763 1170 2819 translatione
1232 2765 1844 2828 commonuisset,nisi
1903 2766 2006 2819 hoc
2057 2772 2209 2819 certo

632 2862 931 2921 praenosset
956 2854 1221 2909 futurum.

710 2963 729 2995 ι
765 2942 1085 3000 Occultatus
1129 2955 1215 3001 est
1248 2948 1531 3003 mensibus
1584 2951 1765 3005 tribus
1816 2968 1844 3004 a
1888 2949 2209 3019 parentibus

636 3032 773 3093 suis,
810 3048 875 3087 eo
915 3035 1061 3103 quod
1083 3034 1313 3089 vidisset
1341 3037 1644 3106 elegantem
1685 3038 1981 3096 infantem;
2019 3043 2072 3085 et
2103 3048 2207 3087 non

2226 339 2651 401 DAMASCENI
3664 348 3736 417 gat

2348 456 2635 509 Τουτὲστιν
2661 455 2718 505 ἐν
2745 451 3122 520 ὑποδείγματι.
3157 446 3329 513 Τύπος
3358 451 3453 523 γὰρ
3474 454 3628 524 γέγονε
3645 462 3739 534 Χρι.

2284 547 2409 601 στοῦ
2436 562 2451 577 ’
2500 547 2593 599 καὶ
2628 544 2787 597 τοῦτο
2817 539 2885 613 ἦν
2920 540 3217 611 σύμϐολον,
3266 541 3438 596 τοῦτον
3474 546 3651 618 Πατέρα
3680 555 3743 608 τὸν

2282 641 2559 711 Μονογενῆ
2593 640 2907 711 προσάγειν.

2360 755 2378 787 ι
2414 735 2598 788 Πίστει
2628 735 2722 788 καὶ
2748 733 2877 804 περὶ
2906 732 3204 804 μελλόντων
3235 731 3501 799 εὐλόγησεν
3529 732 3675 787 Ἰσαὰκ
3688 738 3748 789 τὸν

2298 830 2488 881 Ἰακὼϐ
2535 828 2743 881 καὶτὸν
2785 827 2978 881 Ἡσαῦ.
3014 828 3201 881 Πίστει
3248 825 3429 877 Ἰακὼῦ
3460 826 3748 895 ἀποθνήσκων,

2286 923 2515 979 ἕκαστον
2544 923 2649 975 τῶν
2679 922 2808 973 υἱῶν
2844 921 3039 990 Ἰωσὴφ
3081 921 3385 989 εὐλόγησεν.

2358 1016 2547 1079 Πόθεν,
2579 1018 2762 1085 φησὶν,
2780 1014 3141 1083 ἐπηγγείλατο
3171 1016 3280 1075 τοῖς
3311 1014 3437 1074 υἱοῖς
3456 1012 3649 1065 τοσαῦτα
3668 1014 3755 1080 ἀγα·

2290 1108 2379 1166 Οὰ,
2409 1106 2567 1177 aena
2592 1106 2682 1159 τοῦ
2717 1106 2992 1160 πιστεύειν
3042 1106 3119 1176 τῷ
3149 1106 3298 1175 Θεῷ;
3472 1102 3475 1107 ’

2367 1220 2385 1251 ι
2424 1201 2534 1254 Καὶ
2576 1199 2979 1269 προσεκύνησεν
3004 1200 3096 1251 ἐπὶ
3123 1198 3183 1251 τὸ
3206 1198 3372 1267 ἄκρον
3412 1199 3500 1266 τῆς
3524 1197 3679 1265 ῥάϐδου
3700 1200 3758 1251 αὖ·

2292 1293 2404 1346 τοῦ.
2450 1292 2637 1345 Πίστει
2676 1292 2871 1362 Ἰωσὴφ
2910 1290 3178 1343 τελευτῶν
3235 1290 3359 1360 περὶ
3400 1289 3493 1357 τῆς
3530 1288 3759 1355 ὲξόδουτίυν

2294 1385 2423 1436 υἱῶν
2464 1384 2677 1454 Ἰσραὴλ
2713 1384 3105 1454 ἐμνημόνευσε.
3144 1402 3161 1433 ι

2377 1476 2659 1539 Ἐνταῦθα,
2686 1478 2872 1545 φησὶν,
2908 1475 2968 1527 ού
3016 1475 3176 1545 μόνον
3204 1470 3376 1537 εἶπεν,
3408 1473 3529 1526 ἀλλὰ
3554 1474 3632 1523 καὶ
3651 1472 3764 1535 οὕτως

2298 1568 2517 1641 ἐθάρρει
2559 1571 2671 1630 τοῖς
2706 1568 3003 1637 ἐσομένοις,
3044 1567 3120 1630 ὡς
3161 1567 3255 1619 καὶ
3286 1565 3361 1635 τῷ
3404 1566 3537 1635 ἔργῳ
3562 1564 3767 1626 αὐτὸςὲτο

2299 1658 2519 1722 έδειξεν.
2564 1658 2777 1727 Ἐπειδὴ
2806 1657 2914 1727 γὰρ
2941 1656 3163 1727 ἔμελλεν
3193 1655 3301 1709 ἀπὸ
3340 1655 3429 1707 τοῦ
3470 1653 3671 1725 Ἐφραὶμ
3709 1655 3767 1705 ἀνι

2305 1751 2811 1821 ίστασθαιβασιλεὺς
2852 1751 3058 1821 ἕτερος,
3086 1749 3186 1815 διὸ,
3225 1749 3377 1819 φησὶ,
3414 1746 3773 1818 καὶπροσεκύνη·

2304 1863 2393 1897 σεν
2416 1846 2506 1897 ἐπὶ
2538 1844 2597 1896 τὸ
2622 1844 2791 1914 ἀκρον
2814 1843 2913 1913 τῆς
2957 1842 3153 1912 ῥάϐδου
3184 1840 3370 1893 αὐτοῦ.
3410 1840 3538 1908 Ἤδη
3570 1838 3684 1907 γὰρ,
3706 1855 3773 1906 φη-

2302 1938 2407 1999 σὶν,
2439 1937 2822 2005 προσεκυνείτο
2856 1933 2934 2003 τῷ
2966 1934 3161 2003 Ἰωσὴφ
3182 1975 3195 1995 ,
3230 1932 3331 2003 τὴν
3378 1931 3469 1983 τοῦ
3523 1929 3686 1990 παντὸς
3718 1928 3777 1980 τοῦ

2301 2027 2429 2081 λαοῦ
2462 2026 2828 2097 προσκύνησιν
2850 2025 3157 2095 δηλῶν,τὴν
3196 2022 3457 2093 ἐσομένην
3487 2020 3618 2089 αὐτῷ
3637 2020 3699 2071 διὰ
3718 2017 3779 2069 τα]

2316 2121 2554 2191 Ἐφραίμ
2594 2137 2608 2151 ⁸
2638 2122 2731 2175 καὶ
2778 2118 2939 2172 τοῦτο
2983 2118 3145 2187 ἐξέϐη
3199 2117 3290 2170 διὰ
3349 2116 3458 2168 τῶν
3502 2112 3658 2183 φυλῶν
3680 2111 3783 2162 ὓπε-

2306 2231 2418 2284 ρον.

2374 2307 2415 2358 Τ
2420 2305 2629 2359 ουτέστι
2653 2305 2743 2358 καὶ
2768 2304 2944 2375 γέρων
2976 2304 3052 2356 ὢν
3084 2303 3206 2373 ήδη.

2380 2418 2397 2450 ι
2438 2400 2547 2452 Καὶ
2578 2398 2703 2466 περὶ
2754 2398 2861 2449 τῶν
2895 2396 3097 2449 ὀστέων
3150 2392 3314 2447 αὐτοῦ
3343 2390 3641 2444 ἐνετείλατο.
3662 2386 3786 2439 Πίστει

2286 2490 2545 2560 ”Μωῦσῆς
2578 2488 2879 2559 γεννηθεὶς,
2913 2506 2930 2537 ι

2375 2582 2491 2634 Ἵνα
2514 2578 2780 2651 πιστεύσῃ
2802 2580 2830 2632 ὁ
2858 2579 3003 2642 λαὸς,
3045 2579 3126 2632 ὅτι
3160 2579 3380 2638 πάντως
3419 2576 3562 2628 ἔσται
3595 2570 3712 2639 αὐτῷ
3732 2568 3792 2620 ixi.

2306 2690 2522 2744 τρωσις.
2553 2672 2667 2725 υύκ
2695 2672 2759 2725 ἂν
2790 2671 2898 2741 γὰρ
2930 2670 3059 2739 περὶ
3082 2671 3180 2738 τῆς
3204 2668 3543 2739 μεταθέσεως
3561 2664 3655 2716 τῶν
3680 2660 3797 2714 ὀστῶν

2306 2764 2742 2836 ἐμνημόνευσεν,
2772 2764 2821 2815 εἰ
2863 2762 2938 2834 μὴ
2988 2761 3227 2832 ἀκριϐῶς
3274 2758 3423 2829 ἐώρα
3474 2756 3702 2825 ἐσομένην
3735 2752 3798 2803 αὐτ

2306 2858 2427 2927 τήν.

2383 2967 2403 2999 ι
2452 2946 2687 3016 Ἐκρύϐη
2743 2945 3009 3016 τρίμηνον
3065 2944 3172 2997 ἀπὸ
3216 2944 3329 2996 τῶν
3384 2941 3623 3012 πατέρων
3670 2930 3799 2995 αὐτοῦ,

2230 1794 2274 1852 Β

2308 3039 2440 3091 διότι
2467 3034 2605 3091 εἶδον
2643 3040 2857 3091 ἀστεῖον
2904 3037 2964 3088 τὸ
3014 3036 3245 3095 παιδίον,
3286 3036 3381 3088 καὶ
3403 3036 3502 3088 οὐκ
3536 3027 3803 3101 ἐφοϐήθησαν

640 3123 941 3176 timuerunt
993 3126 1138 3193 regis
1168 3126 1433 3180 edictum.
1468 3124 1658 3197 [Vens
1700 3127 1817 3197 ει]
1842 3126 1969 3179 Fide
2000 3124 2206 3195 Moyses

2318 3132 2379 3183 τὸ
2425 3132 2699 3199 διάταγμα
2753 3130 2845 3184 τοῦ
2879 3128 3158 3199 βασιλέως.
3199 3128 3390 3181 Πίστει
3436 3124 3653 3192 Μωῦσῆς
3688 3119 3806 3189 μέγας

638 3211 860 3279 grandis
918 3209 1096 3266 factus
1122 3254 1136 3277 ,
1164 3232 1181 3265 ι

710 3301 848 3367 Quia
885 3319 993 3357 non
1046 3305 1120 3359 ita
1159 3320 1323 3375 grave
1366 3316 1451 3362 est
1505 3309 1712 3363 sanctis
1762 3310 1868 3365 illis
1909 3312 2041 3365 viris
2074 3310 2210 3365 infe-

639 3393 817 3449 riores
840 3395 1171 3460 rideri,eam
1204 3400 1273 3452 ob
1309 3415 1425 3454 rem
1461 3400 1712 3455 homines
1736 3404 1938 3456 nullius
1972 3404 2211 3460 nominis

639 3493 695 3542 et
725 3488 993 3558 ignobiles
1042 3490 1272 3558 profert.

709 3578 870 3649 252
914 3600 932 3631 ι
994 3580 1219 3652 Negavit
1267 3599 1327 3639 se
1382 3601 1506 3641 esse
1563 3586 1728 3641 ﬁlium
1792 3586 1915 3642 ﬁlia:
1966 3586 2213 3641 Pharao-

641 3670 747 3733 nis.
787 3669 975 3742 [Vens
1014 3672 1106 3746 25]
1161 3676 1336 3746 magis
1371 3678 1577 3749 eligens
1631 3678 1794 3749 afﬂigi
1835 3696 1959 3734 cum
2014 3682 2215 3749 populo

642 3758 757 3826 Dei,
797 3783 815 3814 ι

711 3855 825 3910 Hoc
858 3858 936 3911 ait
975 3866 1034 3912 ut
1091 3860 1282 3914 doceat
1340 3860 1467 3917 illos
1524 3866 1707 3917 omnia
1769 3865 2077 3935 despicere,
2112 3881 2213 3920 nec

642 3948 934 4005 cancidere
966 3953 1202 4019 animis,
1241 3954 1370 4009 dum
1425 3957 1711 4013 facultates
1752 3974 1864 4011 suae
1913 3960 2217 4028 diriperen—

642 4044 733 4094 tur
765 4058 781 4095 :
810 4042 1032 4111 quando
1061 4043 1272 4115 Moyses
1301 4061 1520 4116 quoque
1554 4060 1779 4117 propter
1813 4050 1972 4104 tidem
2004 4053 2219 4105 thesau-

644 4147 739 4187 ros
770 4134 951 4204 regios
978 4136 1223 4205 reliquit.

714 4220 834 4277 Non
884 4224 1211 4293 simpliciter
1257 4225 1505 4289 dimisit,
1538 4227 1632 4280 sed
1680 4234 1734 4280 et
1788 4228 2213 4289 abrenuntiavit,

647 4313 751 4367 hoc
773 4321 856 4368 est
885 4314 1011 4367 odio
1042 4314 1173 4367 illud
1205 4313 1417 4373 habuit.
1450 4323 1503 4367 et
1555 4316 1863 4368 exhorruit.
1896 4318 2028 4369 Dum
2068 4317 2215 4369 enim

647 4406 845 4459 ccelum
899 4406 1341 4475 proponebatur,
1373 4406 1577 4461 frustra
1630 4410 1805 4478 regias
1853 4408 2072 4479 {Egypti
2119 4410 2217 4463 do-

590 4484 596 4490 ’
647 4510 769 4551 mos
797 4495 1027 4551 miratus
1056 4504 1223 4551 esset.

726 4604 745 4637 ι
790 4585 963 4651 Quam
1028 4586 1345 4655 temporalis
1406 4590 1613 4657 peccati
1657 4589 1857 4644 habere
1893 4590 2216 4658 jucundita-

650 4685 759 4731 tem
792 4693 803 4728 :
837 4676 1028 4749 [Vens
1058 4677 1150 4750 26]
1202 4680 1437 4749 majores
1471 4682 1693 4736 divitias
1745 4682 2068 4738 existimans
2099 4685 2219 4741 the-

651 4784 814 4826 sauro
841 4769 1222 4847 Egyptiorum
1270 4791 1287 4823 ι

721 4862 1010 4918 Peccatum
1039 4878 1163 4918 esse
1206 4865 1361 4929 dixit,
1385 4867 1527 4921 nolle
1556 4883 1677 4921 cum
1711 4869 1832 4923 aliis
1858 4868 2040 4940 afﬂigi.

726 5061 745 5094 ι
785 5043 1175 5113 lmproperium
1205 5044 1754 5117 Christi:aspicicbat
1779 5051 1923 5105 enim
1959 5052 2009 5104 in
2038 5066 2220 5106 remu-

654 5137 1015 5193 nerationem.
1072 5137 1405 5209 [Vens.27.]
1440 5141 1573 5195 Fide
1626 5142 1848 5211 reliquit
1901 5142 2219 5214 Aigyptum,

654 5242 761 5282 non
796 5232 1000 5286 veritus
1052 5230 1455 5284 animositatem
1499 5235 1658 5301 regis.

727 5319 837 5375 Hoc
863 5331 967 5386 est,
997 5322 1126 5375 talia
1168 5322 1272 5376 sibi
1304 5324 1643 5391 exprobrari,
1680 5326 1862 5392 qualia
1911 5328 2071 5381 nobis
2100 5343 2223 5396 pro-

654 5420 774 5482 pter
798 5413 1111 5469 Christum:
1142 5430 1239 5469 seu
1271 5415 1397 5484 quia
1420 5413 1657 5485 [Egyplii
1692 5414 1802 5471 Deo
1833 5421 2221 5473 contumeliam

656 5506 965 5574 irrogaraut
998 5544 1012 5572 ,
1042 5506 1246 5575 injuste
1276 5507 1560 5561 aﬁiciendo
1586 5550 1599 5572 ,
1636 5517 1689 5562 et
1718 5509 1998 5564 laboribus
2035 5512 2223 5580 oppri-

656 5595 852 5649 mendo
880 5597 1180 5665 Israelitas,
1220 5613 1283 5654 ac
1327 5600 1374 5655 si
1411 5601 1479 5654 ab
1514 5601 1604 5653 illo
1663 5600 1884 5655 liberari
1923 5616 2030 5656 non
2096 5617 2223 5672 pos.

656 5691 797 5742 bent.
2164 5708 2167 5711 ⁷

740 5796 760 5830 ι
796 5778 1132 5837 invisibilem
1178 5784 1327 5839 enim
1359 5796 1618 5855 tanquam
1650 5787 1839 5845 ridens
1870 5789 2154 5846 sustinuit.
2199 5810 2217 5843 ι

2312 3241 2620 3293 γενομενος,
2668 3242 2684 3271 ι

2396 3312 2613 3382 Ἐπειδὴ
2638 3313 2746 3366 τῶν
2778 3312 2947 3380 ἁγίων
2992 3312 3214 3365 ἐκείνων
3247 3312 3510 3373 ἐλάττους
3536 3308 3731 3379 φανῆναι
3751 3303 3811 3354 οὖα

2310 3406 2396 3459 δὲν
2423 3402 2489 3476 ἦν
2515 3405 2704 3470 δεινὸν,
2735 3407 2928 3457 τούτου
2959 3404 3141 3475 χάριν,
3187 3403 3282 3456 καὶ
3316 3403 3572 3466 εὐτελεῖς,
3602 3399 3681 3452 καὶ
3716 3394 3808 3463 ἀσή-

2316 3514 2449 3567 μους
2482 3496 2679 3565 άνδρας
2711 3497 2943 3565 τίθησιν.

2390 3609 2407 3640 ι
2461 3590 2763 3659 Ἦρνήσατο
2790 3587 3039 3655 λέγεσθαι
3064 3572 3176 3648 υίὸς
3210 3586 3483 3657 θυγατρὸς
3521 3580 3696 3651 Φαραὼ
3723 3575 3814 3647 μᾶλα

2313 3681 2402 3735 λον
2432 3682 2681 3751 ἐλόμενος
2706 3682 3197 3749 συγκακουχεῖσθαι
3226 3680 3306 3749 τῷ
3339 3679 3455 3749 λαῴ
3484 3677 3573 3730 τοῦ
3602 3672 3732 3736 Θεοῦ,
3763 3689 3776 3718 ι

2385 3860 2555 3915 Τοῦτό
2607 3878 2771 3929 φησι,
2802 3860 3069 3913 διδάσκων
3117 3859 3315 3919 αὐτοὺς
3362 3854 3701 3925 καταφρονεῖν
3727 3847 3819 3899 πάν·

2316 3968 2443 4011 των.
2475 3952 2569 4005 καὶ
2601 3951 2675 4020 μὴ
2724 3949 3015 4019 ἀδημονεῖν
3055 3948 3146 4000 ἐπὶ
3171 3950 3235 4017 τῇ
3263 3946 3375 3999 τῶν
3413 3942 3735 4012 ὑπαρχόντων
3756 3938 3821 4001 ἀρ·

2317 4046 2487 4113 παγῇ,
2518 4044 2651 4096 ὅπου
2682 4058 2745 4109 γε
2767 4043 2795 4093 ὁ
2814 4040 3055 4109 Μωῦσῆς
3084 4039 3173 4091 διὰ
3204 4038 3391 4090 πίστιν
3421 4037 3549 4099 τοὺς
3580 4028 3822 4104 βασιλικοὺς

2318 4136 2530 4201 ἐξέλιπε
2573 4132 2899 4202 Θησαυρούς.

2389 4226 2500 4294 Οὐχ
2528 4224 2712 4287 ἁπλῶς
2746 4224 2958 4292 ἀφῆκεν
2984 4262 2999 4283 ,
3028 4221 3189 4290 φησὶν
3212 4261 3226 4282 ,
3259 4218 3378 4272 ἀλλ’
3410 4220 3690 4288 ἠρνήσατο,
3716 4225 3825 4262 ταντ-

2317 4317 2467 4370 έστιν
2528 4316 2778 4384 ἐμίσησε,
2817 4313 2912 4365 καὶ
2968 4313 3315 4383 ἀπεστράφη.
3353 4311 3465 4363 Τοῦ
3514 4309 3617 4377 γὰρ
3654 4296 3826 4371 οὐρανοῦ

2317 4408 2681 4478 προκειμένου
2707 4446 2723 4472 ,
2768 4406 3028 4476 περισσὸν
3068 4400 3137 4474 ἦν
3186 4405 3255 4457 τὰ
3292 4402 3544 4473 βασίλεια
3591 4392 3829 4466 θαυμάζειν

2248 4496 2293 4550 D
2320 4498 2619 4567 Αἰγύπτου.

2396 4611 2414 4643 ι
2456 4593 2525 4643 Ἢ
2600 4593 2929 4661 πρόσκαιρον
2996 4589 3142 4660 ἔχειν
3214 4590 3495 4662 ἁμαρτίας
3554 4587 3801 4642 ἀπόλαυσιν

2324 4684 2544 4753 μείζονα
2576 4684 2803 4736 πλοῦτον
2834 4683 3179 4754 ἡγησάμενος
3202 4683 3308 4735 τῶν
3336 4683 3395 4735 ὲν
3416 4682 3668 4749 Αἰγύπτῳ
3686 4677 3832 4744 θησαυ-

2322 4775 2432 4845 ρῶν
2468 4794 2485 4825 ι

2404 4868 2705 4937 Ἀμαρτίαν
2760 4862 2902 4932 εἷπε,
2933 4869 2993 4922 τὸ
3024 4869 3099 4940 μὴ
3136 4869 3354 4942 θελῆσαι
3388 4872 3506 4931 τοῖς
3540 4867 3705 4926 ἄλλοις
3744 4875 3834 4923 συγ-

2322 4961 2659 5031 κακωθῆναι.

2398 5072 2416 5103 ι
2450 5054 2552 5105 Τὸν
2578 5052 2880 5123 ὀνειδισμὸν
2908 5051 2998 5106 τοῦ
3044 5051 3282 5125 Χριστοῦ
3307 5068 3322 5083 ⁸
3358 5054 3639 5107 ἀπέϐλεπε
3668 5047 3758 5115 γὰρ
3783 5044 3839 5101 εἱς

2321 5145 2417 5215 τὴν
2445 5146 2888 5211 μισθαποδοσίαν.
2927 5146 3115 5199 Πίστει
3145 5146 3436 5200 κατέλιπεν
3485 5148 3756 5214 Αἴγυπτον,
3785 5133 3838 5204 μὴ

2325 5236 2577 5305 φοϐηθεὶς
2611 5236 2700 5288 τὸν
2731 5236 2901 5306 θυμὸν
2930 5236 3024 5289 τοῦ
3051 5236 3333 5306 βασιλέως.
3371 5257 3387 5286 ι

2393 5330 2700 5395 Τουτέστιν,
2726 5330 2803 5381 Τὸ
2839 5330 3193 5394 ὀνειδίζεσθαι
3226 5330 3472 5391 τοιαῦτα,
3510 5324 3597 5381 οἶα
3630 5326 3762 5395 ὑμεῖς
3777 5316 3840 5369 διά

2321 5416 2412 5473 τὸν
2434 5421 2670 5490 Χριστόν
2693 5436 2707 5449 ’
2745 5421 2777 5491 ἢ
2806 5422 2887 5474 ὃτι
2908 5422 2957 5474 οἱ
2987 5422 3273 5491 Αἰγύπτιοι
3298 5422 3586 5474 ὠνείδισαν
3612 5420 3694 5471 τὸν
3723 5413 3840 5469 Θεὸν,

2324 5512 2661 5579 ἀδικοῦντες,
2696 5514 2793 5567 καὶ
2814 5514 3249 5579 καταπονοῦντες
3278 5516 3403 5577 τοὺς
3445 5515 3507 5579 ἐξ
3552 5509 3763 5583 Ἰσραὴλ.
3784 5504 3842 5564 ὡς

2328 5607 2402 5677 μὴ
2426 5606 2722 5677 δυνάμενον
2752 5606 2965 5671 σώζειν.

2328 5796 2350 5845 ι
2418 5807 2434 5841 ι
2466 5791 2567 5843 Τὸν
2600 5790 2707 5863 γὰρ
2742 5790 2973 5861 ἀόρατον
2992 5788 3066 5853 ὡς
3096 5790 3236 5860 ὁρῶν
3256 5789 3612 5859 ἐκαρτέρησε.
3653 5801 3672 5835 ι

3895 1308 3897 1371 1

3898 1402 3899 1465 1

3900 1496 3901 1543 1

3902 1590 3903 1649 1

3904 1684 3905 1739 1

3906 1778 3907 1853 1

3908 1872 3909 1939 1

3910 1966 3911 2013 l
