4022 6430
232 398 343 465 985

1378 407 1457 473 IN
1497 409 1730 472 EPIST.
1755 407 1853 471 AD
1892 409 2283 474 HEBRIEOS.

3354 414 3462 479 986

303 516 410 571 Τὸν
436 517 567 572 Θεὸν
589 517 748 588 ἔχων,
783 521 936 591 φησὶ,
982 522 1067 576 διὰ
1124 525 1324 588 παντὸς
1373 527 1432 578 ἐν
1474 529 1540 598 τῇ
1575 526 1790 597 καρδίᾳ,

1962 527 2096 580 Cum
2126 523 2342 596 semper
2374 525 2428 578 in
2456 523 2622 578 corde
2651 522 2822 578 Deum
2845 522 3090 588 haberet,
3131 525 3327 592 innuit,
3346 529 3464 586 haec

225 612 409 666 ταῦτα
443 612 722 679 ὑπέμεινε.

308 725 326 756 ι
364 706 550 760 Πίστει
587 707 855 778 πεποίηκε
892 707 953 761 τὸ
996 709 1205 778 Πάσχα,
1242 710 1338 763 καὶ
1365 711 1463 782 τὴν
1492 711 1793 782 πρόσχυσιν

223 798 327 853 τοῦ
358 801 610 870 αἷματος,
637 801 722 854 ἵνα
749 803 823 871 μὴ
851 803 879 855 ὁ
899 803 1200 873 δλεθρεύων
1221 805 1289 858 τὰ
1311 805 1636 875 πρωτότοκα
1666 805 1794 879 θίγῃ

227 892 430 947 αὐτῶν.
461 912 481 946 ι

306 987 568 1056 Τὸν-περί¹
628 987 737 1040 τῶν
768 988 1082 1059 μυστηρίων
1115 989 1371 1059 ἐμϐάλλει
1413 991 1592 1059 λόγον.
1631 992 1794 1058 Λέγει

225 1077 311 1144 δὲ,
375 1079 458 1133 ὄτι
506 1081 802 1144 πιστεύσας
841 1081 932 1134 τὸν
987 1081 1310 1155 ὀλεορευτὴν
1355 1083 1644 1149 δυσωπεῖν,
1701 1085 1796 1136 καὶ

231 1171 433 1236 σώζειν
459 1173 521 1224 τὸ
553 1173 733 1241 γένος,
760 1173 818 1226 τὸ
847 1175 1034 1247 ἀρνίον
1053 1175 1306 1245 ἔσφαξεν.

309 1371 330 1406 ε
371 1353 560 1407 Πίστει
585 1353 839 1426 διέϐησαν
859 1355 957 1426 τὴν
985 1355 1248 1428 Ἐρυθρὰν
1282 1357 1573 1424 Θάλασσαν,
1603 1357 1677 1420 ὡς
1707 1357 1794 1410 διὰ

341 1449 423 1500 ἃς.
455 1466 475 1497 ι

341 1449 423 1500 ἃς.
455 1466 475 1497 ι

224 1446 472 1592 ξηΠάλιν
500 1541 578 1602 είς
631 1537 758 1592 λαὸν
813 1539 1105 1612 ὀλόκληρον
1151 1543 1335 1610 ἐξάγει
1380 1543 1478 1612 τὴν
1539 1542 1791 1612 μίμησιν.

227 1629 350 1684 Ἵνα
373 1630 450 1701 μὴ
467 1630 719 1698 λέγωσιν,
748 1631 829 1684 ὅτι
857 1632 932 1685 Οὐ
963 1633 1236 1704 δυνάμεθα
1265 1636 1406 1688 κατὰ
1429 1634 1552 1697 τοὺς
1593 1633 1789 1701 ἁγίους

223 1723 504 1792 γενέσθαι.

305 1832 326 1864 ι
358 1807 463 1877 *Πς
501 1813 696 1882 πεῖραν
730 1812 990 1877 λαϐόντες
1023 1815 1072 1866 οἱ
1119 1814 1424 1882 Αἰγύπτιοι.
1481 1815 1791 1885 κατεπόθη-

1894 618 2088 672 iubens
2119 616 2405 673 sustinuit.

1966 707 2132 763 Vens.
2153 709 2243 762 28.
2277 727 2295 758 ι
2337 705 2468 760 Fide
2494 706 2790 761 celebravit
2824 705 3058 773 Pascha,
3090 718 3144 764 et
3179 714 3461 779 sanguinis

1895 799 2237 866 effusionem,
2287 815 2376 863 ne,
2422 800 2517 870 qui
2568 801 2822 854 vastabat
2869 803 3168 869 pritniliva,
3211 811 3460 877 tangeret

1895 909 2008 948 90$.
2051 912 2072 945 θ

1971 983 2290 1039 Sermonem
2325 985 2498 1054 injicit
2525 985 2592 1040 de
2626 981 2903 1056 mysteriis
2939 1003 2953 1040 :
2983 987 3168 1056 aitque
3199 986 3418 1059 Moysen
3443 1029 3458 1054 ,

1895 1092 2020 1130 cum
2074 1086 2224 1132 certo
2259 1081 2505 1133 crederet
2564 1087 2894 1134 vastatorem
2941 1095 2970 1132 a
3003 1095 3062 1134 se
3110 1080 3459 1147 ﬂectendum,

1896 1177 2282 1239 servatumque
2331 1170 2398 1222 iri
2445 1182 2621 1240 genus
2651 1183 2832 1236 suum,
2861 1187 3060 1242 agnum
3088 1171 3296 1227 idcirco
3342 1189 3460 1227 ma-

1899 1272 2102 1316 classe.

1958 1349 2126 1406 Vens.
2168 1353 2258 1418 29,
2289 1353 2377 1406 30.
2411 1372 2429 1404 ι
2464 1351 2594 1410 Fide
2647 1357 2984 1410 transierunt
3027 1371 3180 1413 mare
3215 1356 3460 1414 Rubrum

1895 1455 2150 1516 tanquam
2184 1462 2280 1517 per
2311 1446 2522 1500 aridam
2547 1455 2769 1502 terram.
2809 1466 2827 1498 ι

1969 1539 2166 1593 lterum
2195 1541 2511 1594 universum
2543 1541 2798 1610 populum
2835 1543 3089 1612 proponit
3111 1543 3458 1607 imitandum,

1894 1643 1964 1680 ne
1991 1629 2237 1682 dicerent
2267 1647 2280 1683 :
2311 1627 2486 1684 Penes
2525 1644 2628 1684 nos
2661 1645 2768 1684 non
2799 1640 2882 1685 est
2925 1640 3238 1686 sanctorum
3280 1649 3461 1688 mores

1897 1721 2119 1774 referre.

1973 1831 1990 1862 ι
2046 1810 2200 1876 Quod
2267 1810 2477 1880 experti
2533 1811 2770 1882 Aigyptii
2833 1813 3072 1867 devorati
3133 1823 3280 1869 sunt.
3331 1815 3462 1869 Fide

227 1905 556 1958 σαν.Πίστει
592 1878 661 1958 τὰ
691 1904 846 1973 τείχη
887 1903 1097 1974 Ἱεριχὼ
1127 1878 1310 1968 ἔπεσε,
1337 1904 1683 1958 κυκλωθέντα
1703 1878 1793 1957 ἐπὶ

1895 1903 2032 1956 muri
2061 1901 2278 1955 Jericbo
2310 1911 2638 1957 corruerunt
2673 1905 2906 1958 circuitu
2941 1904 3150 1957 dierum
3185 1916 3410 1975 septem.
3436 1925 3457 1960 ι

224 1999 372 2052 ἑπτὰ
399 1999 633 2071 ἡμέρας.
671 2017 688 2050 ι

302 2091 533 2155 Ἐδειξε,
565 2092 748 2162 φησιν,
782 2093 860 2144 ὅτι
886 2090 1026 2160 ὕδωρ
1067 2085 1156 2160 ἦν,
1191 2090 1276 2143 διὰ
1304 2092 1412 2143 τῶν
1443 2090 1794 2160 ἐμπεσόντων

222 2186 322 2238 καὶ
348 2185 776 2253 ἀποπνιγέντων,
817 2187 865 2238 εί
901 2184 1155 2238 καὶκατὰ
1188 2181 1441 2254 βούλησιν
1483 2184 1640 2244 Θεοῦ,
1675 2199 1795 2235 στεα

227 2274 498 2347 ρεὼτερον
525 2275 735 2347 τείχους
761 2276 999 2344 ἐγένετο.

303 2387 323 2420 ι
371 2370 558 2422 Πίστει
600 2369 766 2423 Ῥαὰϐ
817 2371 850 2440 ἡ
904 2370 1080 2441 πόρνη
1132 2371 1193 2422 οὐ
1281 2366 1622 2422 συναπόλωλε
1680 2369 1795 2431 τοῖς

220 2461 582 2531 ἀπειθήσασι,
602 2463 865 2532 δεξαμένη
901 2465 1029 2524 τοὺς
1062 2464 1442 2524 κατασκόπους
1481 2463 1597 2530 μετ’
1641 2461 1795 2532 είρή-

221 2570 348 2624 νης.
382 2555 491 2608 Καὶ
510 2556 561 2608 τί
585 2554 663 2608 ἔτι
692 2555 855 2622 λέγω,
897 2555 1165 2624 ἐπιλείψει
1192 2556 1298 2624 γάρ
1334 2571 1399 2624 με
1438 2553 1793 2624 διηγούμενον

218 2646 459 2717 χρόνος,
509 2647 636 2718 περὶ
695 2647 935 2712 Γεδεὼν,
991 2647 1177 2717 Βαράκ
1227 2663 1317 2709 τε,
1367 2649 1460 2699 καὶ
1518 2644 1791 2716 Σαμψὼν,

219 2738 325 2790 καὶ
371 2738 598 2807 Ἰεφθάε,
627 2739 789 2793 Δαϐίδ
811 2756 892 2803 τε,
951 2738 1046 2792 καὶ
1088 2738 1362 2809 Σαμουὴλ,
1391 2739 1485 2790 καὶ
1523 2738 1630 2790 τῶν
1664 2755 1795 2809 προ-

217 2830 437 2900 φητῶν,
477 2851 493 2883 ι
1117 2883 1120 2894 ,

298 2924 510 2978 Οὔκοῦν
537 2926 779 2994 αἰσχρὸν,
815 2927 997 2997 φησὶν,
1025 2929 1072 2980 εἰ
1097 2927 1190 2981 καὶ
1217 2925 1422 2996 πόρνης
1445 2923 1794 2996 ἁπιστότεροι

217 3015 500 3085 φαίνεσθε.

303 3127 325 3161 ‹
355 3109 521 3162 Οἱδιὰ
557 3109 791 3174 πίστεως
814 3109 1254 3180 κατηγωνίσαντο
1285 3109 1585 3180 βασιλείας.
1618 3128 1637 3160 ι

295 3205 361 3256 OE
396 3203 522 3274 napi.
553 3203 642 3256 τὸν
672 3203 892 3257 Γεδεών.

297 3295 475 3350 Τοῦτο
535 3297 642 3367 γὰρ
703 3297 905 3358 πίστις,
959 3297 1088 3350 ὅταν
1121 3299 1190 3350 τὰ
1224 3300 1525 3367 πράγματα
1570 3300 1707 3370 πρὸς
1734 3300 1794 3352 τὸ

214 3389 472 3444 ἐναντίον
505 3389 744 3442 ἐκϐαίνει
771 3405 784 3420 ·
822 3392 915 3442 καὶ
951 3391 1072 3442 τότε
1102 3391 1183 3442 δεῖ
1210 3393 1505 3458 πιστεύειν,
1535 3393 1615 3445 ὅτι
1641 3393 1792 3446 οὐδὲν

214 3481 471 3536 ἐναντίον
503 3480 744 3550 γέγονεν,
779 3481 917 3536 ἀλλὰ
941 3483 1115 3536 πάντα
1139 3483 1426 3538 ἀκόλουθα,

301 3680 322 3714 ι
361 3661 699 3732 Είργάσαντο
728 3662 1094 3732 δικαιοσύνην.
1141 3683 1158 3714 ›

293 3753 465 3806 Αὐτοὶ
487 3748 628 3808 οὗτοι
653 3755 813 3808 πάλιν
838 3771 851 3784 ο
881 3755 914 3823 ἦ
948 3755 1042 3807 καὶ
1065 3755 1157 3807 τὸν
1191 3753 1354 3808 Δαϐίδ
1377 3770 1560 3825 φησιν.

300 3949 323 3984 ι
369 3932 660 4002 Ἐπὲτυχον
681 3932 1043 3998 ἐπαγγελιῶν.
1087 3951 1106 3983 ι

295 4023 400 4076 Διά
431 4024 529 4093 τὴν
560 4026 637 4086 είς
665 4024 792 4086 τοὺς
831 4024 1086 4091 ἐγγόνους
1140 4023 1379 4078 ἐκϐᾶσαν
1428 4021 1678 4093 εὐλογίαν
1707 4039 1721 4055 ο
1762 4024 1793 4097 ἦ

213 4116 324 4170 ἐπὶ
348 4115 444 4169 τοῦ
475 4116 655 4181 Δαϐὶδ,
685 4115 775 4170 διὰ
815 4116 913 4186 τὴν
956 4115 1049 4169 τοῦ
1102 4116 1452 4188 Σαλομῶντος
1495 4117 1794 4185 βασιλείαν.

297 4309 322 4344 ε
372 4291 653 4364 Ἐφραξαν
681 4294 927 4353 στόματα
944 4295 1190 4349 λεόντων.
1216 4314 1234 4348 ι

304 4384 398 4448 Ὦς
433 4384 654 4455 Δανιὴλ.

297 4496 322 4529 ι
365 4477 640 4531 Ἐσϐεσαν
669 4475 900 4548 δύναμιν
931 4481 1122 4550 πυρός.
1153 4499 1172 4530 ι

302 4569 399 4635 Ὠς
429 4573 478 4625 οἱ
507 4574 654 4642 τρεῖς
685 4574 896 4636 παῖδες.

297 4688 323 4720 ι
364 4667 608 4736 Ἕφυγον
640 4669 882 4738 στόματα
913 4670 1210 4740 μαχαίρας.

298 4760 394 4822 Ὧς
416 4761 466 4812 ot
503 4759 862 4829 Ἰσραηλῖται.

294 4875 316 4907 ε
368 4853 889 4925 Ἐνεδυναμώθησαν
949 4855 1058 4910 ἀπὸ
1112 4857 1796 4932 ἀσθενείας,ἐγενήθησαν

213 4947 448 5018 ίσχυροὶ
477 4949 534 4999 ἐν
555 4947 797 5017 πολέμῳ.
839 4967 857 4998 ι

304 5038 372 5090 '0
420 5038 562 5090 κατὰ
607 5037 706 5108 τὴν
758 5038 1012 5092 ἐπάνοδον
1043 5039 1191 5107 λέγει
1229 5043 1326 5114 τὴν
1353 5045 1418 5096 ἐκ
1456 5043 1792 5108 Βαϐυλῶνος.

211 5124 322 5188 Τίς
353 5123 463 5195 γὰρ
488 5124 714 5195 ἦλπισεν
766 5127 874 5180 ἀπὸ
929 5129 1029 5198 τῆς
1078 5131 1452 5200 αἰχμαλωσίας
1497 5136 1796 5204 ἐπανήκειν

209 5216 427 5279 αὐτούς
451 5234 468 5284 ;
499 5218 593 5270 καὶ
619 5219 716 5272 οὐκ
737 5221 1028 5290 ἐπανήκειν
1053 5221 1232 5292 μόνον,
1265 5225 1398 5278 ἀλλὰ
1425 5225 1518 5278 καὶ
1547 5227 1796 5298 ἰσχυροὺς

214 5308 511 5378 γενέσθαι,
547 5309 641 5360 καὶ
661 5307 838 5361 κλῖναι
867 5312 1221 5380 παρεμϐολὰς
1254 5313 1584 5386 ἀλλοτρίων;

295 5419 316 5452 ι
366 5400 724 5470 Παρεμϐολὰς
747 5399 965 5455 ἔκλιναν
993 5405 1311 5477 ἀλλοτρίων.
1335 5426 1354 5459 ι

287 5491 572 5561 Σαμψώμ.

298 5605 318 5636 ι
361 5585 596 5640 Ἐλαϐον
624 5592 883 5656 γυναῖκες
937 5591 994 5658 ἐξ
1029 5593 1374 5660 ἀναστάσεως
1413 5597 1543 5661 τοὺς
1570 5596 1794 5669 νεκροὺς

211 5676 426 5732 αὐτῶν.
462 5698 482 5730 ι

292 5768 378 5821 Τὰ
401 5770 543 5824 κατά
571 5776 855 5845 προφήτας
885 5777 1115 5831 ἐνταῦθα
1137 5778 1305 5847 λέγει,
1335 5782 1427 5838 τὸν
1471 5783 1677 5852 Ἠλίαν,
1703 5784 1793 5838 τὸν

229 5852 561 5920 Ἐλισσαῖον.
598 5865 841 5940 Νεκροὺς
867 5868 976 5939 γὰρ
1008 5869 1328 5941 ἀνέστησαν.

1964 1995 2368 2062 Comprobavit,
2396 1996 2594 2064 inquit,
2630 2011 2824 2065 aquam
2861 2013 3004 2060 esse,
3040 1999 3149 2052 illis
3172 1999 3464 2052 subsiden-

1895 2090 2041 2144 tibus
2088 2097 2142 2143 et
2192 2089 2520 2156 suﬂocatis;
2571 2091 2822 2160 quamvis
2860 2092 3088 2161 alioqui,
3135 2091 3246 2146 Deo
3274 2093 3464 2162 itaju-

1895 2181 2076 2245 bente,
2106 2197 2264 2235 muro
2286 2180 2513 2236 solidior
2542 2189 2708 2237 esset.

1963 2365 2126 2419 Vens.
2161 2366 2248 2425 51.
2272 2365 2363 2419 5-2.
2405 2384 2422 2417 ι
2456 2363 2588 2419 Fide
2617 2365 2809 2418 Rahab
2842 2375 3104 2420 meretrix
3157 2382 3266 2421 non
3304 2367 3464 2437 periit

1895 2471 2018 2510 cum
2059 2457 2380 2521 incredulis,
2414 2458 2692 2525 excipiens
2726 2458 3103 2526 exploratores
3149 2474 3272 2512 cum
3307 2475 3459 2528 pace.

1894 2549 1961 2602 Et
2018 2549 2148 2618 quid
2207 2549 2386 2603 adhuc
2449 2549 2673 2603 dicam?
2709 2547 2929 2600 Deﬁciet
2988 2549 3133 2601 enim
3189 2565 3274 2603 me
3323 2558 3461 2602 tem-

1895 2656 1999 2712 pus
2046 2649 2392 2695 enarrantcm
2448 2641 2517 2694 de
2559 2638 2778 2693 Gedeon
2806 2679 2822 2703 ,
2855 2647 2911 2692 et
2966 2639 3174 2702 Barac,
3203 2650 3257 2694 et
3307 2638 3462 2693 Sam-

1895 2748 2021 2798 son,
2059 2740 2114 2786 et
2168 2731 2381 2802 Jephte,
2423 2741 2477 2786 et
2521 2730 2712 2793 David,
2753 2739 2810 2786 et
2857 2727 3100 2796 Samuel,
3133 2739 3187 2784 et
3229 2731 3461 2800 prophe-

1895 2825 1989 2889 tis,
2025 2843 2043 2875 ι

1967 2915 2074 2969 Res
2122 2931 2252 2986 ergo
2282 2924 2365 2970 est
2403 2914 2562 2986 digna
2603 2915 2828 2984 pudore,
2864 2915 3042 2985 inquit
3117 2915 3162 2970 si
3218 2930 3314 2969 vos
3352 2928 3456 2970 me-

1896 3008 2095 3062 retrice
2141 3008 2534 3062 increduliores
2590 3007 2952 3075 prmliueritis,

1972 3095 2130 3152 Vens.
2159 3097 2248 3150 55.
2285 3115 2302 3146 ι
2340 3097 2440 3161 Qui
2494 3113 2588 3164 per
2629 3096 2785 3150 ﬁdem
2820 3097 3068 3150 vicerunt
3106 3112 3292 3166 regna.
3333 3115 3352 3146 ι

1819 3207 1861 3267 c
1965 3189 2183 3244 Gedeon
2233 3190 2442 3244 scilicet
2472 3201 2523 3242 et
2562 3189 2673 3242 alii.

1965 3279 2120 3334 Tunc
2157 3283 2356 3349 quippe
2405 3281 2538 3334 ﬁdes
2565 3291 2682 3343 est,
2715 3267 2936 3350 quando
2988 3297 3075 3336 res
3122 3282 3460 3335 contr-arium

1894 3373 2098 3424 exitum
2139 3371 2342 3425 habere
2375 3371 2668 3438 videntur;
2699 3380 2924 3441 tumque
2980 3373 3202 3427 credere
3249 3383 3463 3443 oportet

1896 3464 2030 3516 nihil
2059 3465 2321 3517 contrarii
2357 3465 2694 3534 contingere,
2725 3466 2818 3520 sed
2849 3475 3212 3519 consentanea
3237 3480 3464 3534 prorsus

1896 3556 2036 3608 serie
2067 3555 2250 3608 omnia
2281 3554 2420 3610 ﬁeri.

1971 3669 1988 3699 ‹
2025 3649 2241 3716 Operati
2265 3659 2394 3702 sunt
2438 3650 2732 3718 justitiam.
2771 3667 2790 3700 ι

1966 3744 2123 3814 253
2173 3743 2254 3798 Illi
2299 3744 2405 3815 ipsi
2445 3745 2683 3811 iterum,
2709 3743 2794 3798 vel
2845 3744 3034 3798 saltem
3084 3743 3342 3797 Davidem
3375 3741 3463 3796 di-

1897 3839 1991 3890 cit.

1971 3945 1990 3976 ‹
2029 3925 2222 3996 Adepti
2259 3930 2391 3981 Sunt
2427 3927 2908 3997 repromissiones.
2952 3947 2970 3978 ι

1961 4019 2240 4084 Quatenus
2271 4036 2468 4091 nempe
2507 4029 2730 4091 nepotes
2761 4023 3003 4092 ipsorum
3033 4022 3462 4076 benedictionem

1897 4113 2178 4167 consecuti
2223 4124 2372 4168 sunt.
2409 4113 2502 4169 Vel
2540 4114 2797 4169 Davidem
2844 4116 2956 4178 ait,
2982 4116 3074 4184 qui
3113 4114 3461 4170 Salomonem

1899 4205 2043 4274 regni
2086 4219 2463 4260 successorem
2517 4205 2724 4260 habuit.

1973 4317 1991 4348 c
2024 4297 2449 4353 Obduraverunt
2482 4314 2578 4352 ora
2613 4300 2855 4356 leonum.
2890 4319 2909 4351 ι

1970 4387 2131 4444 Velut
2163 4391 2376 4446 Daniel.

1969 4481 2138 4538 Vsus.
2169 4483 2260 4538 54.
2301 4503 2321 4536 ι
2357 4484 2758 4542 Exstinxerunt
2783 4486 3044 4557 impetum
3084 4488 3245 4558 ignis.
3277 4505 3295 4539 ι

1969 4574 2038 4629 Ut
2073 4587 2200 4645 pula
2232 4585 2342 4631 tres
2389 4580 2566 4650 pueri.

1973 4686 1990 4717 ι
2035 4668 2357 4739 Eﬁ'ugerunt
2386 4670 2558 4723 aciem
2592 4669 2780 4738 gladii.
2810 4688 2828 4720 ι

1971 4759 2130 4814 Velut
2167 4761 2445 4816 lsraelitm.

1975 4872 1992 4903 ι
2031 4853 2442 4906 Convaluerunt
2467 4851 2536 4906 de
2579 4851 2932 4922 inﬁrmitate;
2975 4852 3145 4909 fortes
3180 4853 3305 4909 facti
3337 4865 3464 4910 sunt

1898 4945 1949 4998 in
1978 4945 2144 5000 bello.
2182 4964 2202 4996 ι

1970 5038 2084 5091 lloc
2133 5038 2209 5090 ait
2253 5035 2321 5091 de
2363 5050 2618 5106 regressu
2657 5048 2688 5090 e
2734 5034 3054 5107 Babylonia.
3091 5035 3290 5107 Ecquis
3318 5037 3460 5091 enim

1898 5133 2175 5196 sperasset
2221 5139 2316 5181 eos
2381 5125 2448 5179 dc
2513 5124 2828 5194 captivitate
2882 5123 3251 5178 reversuros?
3286 5138 3462 5190 neque

1899 5220 2074 5274 solum
2124 5235 2468 5280 reversuros,
2498 5218 2592 5273 sed
2645 5226 2700 5272 et
2739 5217 2998 5271 robustos
3027 5225 3080 5268 et
3115 5215 3285 5269 fortes
3325 5214 3461 5280 fore,

1900 5311 1973 5364 ita
2005 5320 2063 5364 ut
2089 5311 2520 5382 alienigenarum
2549 5325 2769 5380 quoque
2801 5320 2981 5362 castra
3019 5307 3312 5362 funderent
3339 5307 3361 5359 ?

1972 5422 1990 5454 ‹
2030 5403 2222 5458 Castra
2249 5411 2532 5459 verterunt
2559 5413 2891 5458 exterarum.
2926 5420 2943 5452 ι

1964 5493 2218 5550 Samson.

1966 5585 2131 5642 Vens.
2162 5587 2250 5641 55.
2273 5606 2292 5638 ‹
2318 5590 2663 5657 Acceperunt
2683 5586 2939 5642 mulieres
2968 5585 3036 5644 de
3061 5589 3464 5644 resurrectione

1897 5689 2148 5736 mortuos
2178 5696 2330 5738 SUOS.
2370 5701 2389 5733 ι

1967 5773 2041 5826 Ea
2086 5782 2273 5826 narrat
2322 5789 2439 5843 quae
2477 5774 2759 5844 prOphetis
2813 5774 3150 5842 acciderunt,
3185 5775 3314 5831 Elia:
3355 5776 3462 5831 sci—

1895 5867 2062 5929 licet,
2103 5872 2156 5920 et
2207 5864 2406 5922 Eliseo.
2454 5865 2547 5923 Isti
2599 5883 2833 5940 namque
2879 5880 3126 5927 mortuos
3175 5871 3241 5926 ad
3291 5871 3458 5928 vitam

1895 5967 2308 6017 revocaverunt.
