4022 6416
571 386 676 455 9S7

1757 392 1815 450 S.
1853 387 2168 451 JOANNIS
2206 386 2635 448 DAMASCENI

638 522 659 556 ι
699 494 802 556 Alii
842 499 1067 557 distenti
1096 504 1247 564 sunt,
1274 514 1385 555 non
1418 498 1786 571 suscipientes
1816 500 2143 572 redemptio-

2316 517 2337 550 ι
2374 499 2557 553 Ἄλλοι
2577 499 2633 553 δὲ
2654 496 3240 569 ἐτυμπανίσθησαν,οὑ
3260 493 3692 568 προσδεξάμενοι
3727 492 3815 563 τὴν

533 610 732 659 ‘nem,
791 601 850 648 ut
924 593 1204 648 meliorem
1282 591 1593 647 invenirent
1661 591 2142 646 resurrectionem.

570 686 759 763 [Vens
799 686 901 751 56,
939 683 1056 757 37.]
1106 685 1211 739 Alii
1250 684 1489 740 ludibria
1535 694 1587 739 et
1638 684 1868 739 verbera
1907 684 2140 755 experti,

571 781 797 850 insuper
827 787 881 833 et
926 779 1147 835 vincula
1174 786 1227 833 et
1255 792 1530 834 carceres.
1573 775 1825 847 Lapidati
1861 786 2009 833 sunt.
2056 795 2074 827 ι

645 872 979 941 Stephanus.

640 983 659 1017 ι
701 964 846 1020 Secti
892 974 1043 1030 sunt,
1086 963 1280 1019 tentati
1338 969 1491 1032 sunt,
1538 961 1595 1017 in
1659 961 1937 1019 occisione
1982 961 2149 1034 gladii

574 1056 777 1111 mortui
828 1062 978 1111 sunt.
1020 1074 1039 1107 ι

646 1150 749 1202 Eos
776 1163 843 1202 ex
900 1146 1181 1216 prophetis
1210 1144 1345 1199 dicit
1398 1143 1492 1213 qui
1538 1141 1852 1212 interempti
1906 1140 2147 1207 fuerunt,

574 1238 769 1293 Isaiam
794 1246 944 1308 puta,
978 1238 1072 1307 qui
1118 1252 1271 1292 serra
1313 1237 1487 1306 lignea
1512 1242 1694 1289 sectus
1746 1234 1869 1290 fuit.

650 1350 669 1382 ι
706 1331 1060 1386 Circuierunt
1089 1331 1144 1384 in
1204 1328 1419 1385 melotis
1446 1368 1461 1391 ,
1494 1334 1549 1383 et
1600 1325 1834 1397 pellibus
1885 1324 2150 1397 caprinis,

579 1433 825 1493 egentes,
855 1423 1179 1495 angustiati,
1217 1422 1421 1477 aﬂlicti.
1460 1440 1480 1473 ι

646 1518 816 1573 Elias.

647 1608 1024 1665 V’sns.’58-4G.
1061 1627 1079 1659 ι
1112 1607 1322 1674 Quibus
1375 1607 1576 1677 dignus
1603 1622 1714 1662 non
1751 1614 1871 1663 erat
1894 1606 2152 1662 mundus.

578 1702 639 1759 1n
672 1703 1065 1760 solitudinibus
1091 1710 1363 1768 errantes,
1388 1701 1444 1755 in
1494 1700 1799 1765 montibus,
1834 1709 1889 1756 et
1928 1700 2153 1770 spelun-

578 1795 682 1859 cis,
714 1803 769 1850 et
816 1794 1069 1850 cavernis
1118 1803 1274 1849 terrae
1301 1812 1315 1859 ;
1343 1801 1398 1849 et
1437 1792 1493 1847 hi
1520 1808 1712 1848 omnes
1737 1793 2058 1849 testimonio
2094 1794 2155 1847 li-

2244 591 2640 663 ἀπολύτρωσιν,
2666 589 2758 645 ἶνα
2811 590 3120 662 κρεῑττενος
3172 589 3524 652 ἀναστάσεως
3561 585 3815 655 τύχωσιν.

2246 685 2463 755 Ἕτεροι
2495 685 2551 738 δὲ
2589 685 2920 754 ἐμπαιγμῶν
2948 689 3039 737 καὶ
3069 683 3348 755 μαστίγων
3375 685 3577 755 πεῖραν
3612 684 3815 751 ἐλαὸον,

2245 776 2405 829 ἔτιδὲ
2434 776 2647 848 δεσμῶν
2675 777 2767 829 καὶ
2803 776 3069 846 φυλακῆς.
3120 774 3535 846 ⁹Ελιθάσθησαν.
3574 793 3594 827 ι

2319 869 2611 938 Στέφανος.

2324 981 2341 1012 ι
2387 960 2779 1030 Ἐπρίσθησαν,
2809 957 3239 1033 ἐπειράσθησαν,
3283 959 3341 1010 ἐν
3372 956 3518 1027 φόνῳ
3549 972 3821 1028 μαχα.ρας

2247 1053 2537 1108 ἀπέθανον.
2571 1072 2591 1105 ι

2322 1146 2461 1207 Τοὺς
2532 1144 2906 1207 ἀποθανόντας
2959 1142 3279 1216 προφήτας,
3341 1142 3549 1212 φησὶν,
3605 1142 3686 1205 ὡς
3738 1140 3821 1196 τὸν

2263 1239 2509 1300 Ἡσαΐαν.
2547 1240 2627 1291 ὅτι
2655 1240 2712 1290 ἐν
2740 1237 2935 1306 ξυλίνῳ
2970 1236 3206 1308 ὲπρίσθη
3229 1236 3433 1307 πρίονι.

2327 1346 2345 1379 ι
2388 1328 2682 1399 Περιῆλθον
2733 1329 2790 1379 ἐν
2828 1326 3121 1397 μηλωταῖς,
3190 1329 3248 1380 ἐν
3280 1326 3513 1396 αἰγείοις
3538 1327 3820 1398 δέρμασιν,

2254 1420 2664 1491 ὑστερούμενοι,
2696 1418 3023 1490 θλιϐόμενοι,
3058 1419 3514 1489 κακουχούμενοι.
3544 1438 3563 1471 ι

2336 1512 2545 1575 Ἠλίας.

2330 1621 2347 1653 ι
2370 1597 2466 1655 Ὧν
2493 1604 2591 1656 ούκ
2613 1598 2679 1673 ἦν
2713 1603 2862 1669 ἄξιος
2894 1605 2921 1656 ὁ
2953 1604 3180 1674 κόσμος.
3217 1603 3303 1657 Ἐν
3325 1603 3589 1673 ἐρημίαις
3621 1601 3823 1654 πλανὼ-

2259 1710 2427 1763 μενοι,
2462 1693 2556 1746 καὶ
2593 1692 2767 1764 ὄρεσι,
2801 1694 2896 1747 καὶ
2927 1694 3239 1764 σπηλαίοις,
3271 1696 3366 1746 καὶ
3390 1696 3512 1757 ταῖς
3542 1692 3711 1756 ὀπαῖς
3740 1697 3824 1761 τῆς

2257 1784 2362 1854 γῆς
2385 1801 2398 1815 ·
2430 1784 2523 1837 κα)¹
2562 1779 2705 1838 οὑτοι
2739 1787 2941 1849 πάντες
2994 1785 3437 1856 μαρτυρηθέντες
3465 1784 3557 1838 διὰ
3607 1784 3713 1855 τῆς
3750 1785 3827 1836 πί-

576 1888 666 1943 dei
711 1886 948 1957 probati,
975 1902 1086 1941 non
1123 1894 1457 1955 acceperunt
1502 1886 2014 1956 repromissionem,
2042 1884 2150 1941 Deo

2260 1894 2448 1940 στεως,
2498 1879 2598 1930 οὐκ
2644 1880 2970 1948 ἐκομίσαντο
3016 1879 3115 1949 τὴν
3153 1879 3513 1947 ἐπαγγελίαν,
3566 1878 3666 1931 τοῦ
3703 1878 3824 1930 θεοῦ

577 1995 677 2051 pro
716 1980 873 2035 nobis
904 1980 1101 2035 melius
1134 1980 1336 2049 aliquid
1374 1978 1732 2049 providente,
1767 1989 1828 2034 ut
1876 1993 1987 2035 non
2032 1980 2152 2035 sine

578 2070 737 2127 nobis
761 2081 1300 2127 consummarentur.
1339 2090 1358 2123 ι

1213 2217 1365 2273 CAP.
1399 2216 1512 2272 XII.

648 2357 815 2413 Vens.
851 2356 902 2410 1.
938 2374 957 2409 ι
992 2356 1226 2426 Ideoque
1260 2367 1314 2411 et
1366 2372 1466 2413 nos
1502 2365 1707 2413 tantam
1742 2357 2004 2414 habentes
2048 2360 2155 2415 im-

580 2452 812 2523 positam
849 2450 1050 2506 nubem
1097 2470 1118 2504 ι

650 2536 841 2602 Ellam,
866 2537 1096 2607 ejusque
1126 2540 1310 2596 socios
1348 2541 1506 2599 dicit.
1541 2542 1813 2609 Quidnam
1867 2544 2034 2615 igitur
2066 2545 2157 2602 hic

577 2637 735 2683 erant
762 2630 1041 2699 accepturi
1071 2631 1094 2683 ?

648 2719 911 2777 Mundum
944 2726 1133 2795 utique
1174 2726 1481 2799 intelligere
1525 2738 1742 2801 oportet
1767 2746 1863 2789 eos
1897 2733 1989 2803 qui
2025 2739 2155 2788 sunt

577 2810 635 2866 in
666 2815 895 2869 mundo.

653 2926 672 2959 ι
718 2904 984 2973 Testinm,
1018 2909 1356 2979 deponenles
1386 2928 1549 2969 omne
1579 2916 1816 2986 pondus,
1857 2937 1877 2972 ι

646 2998 836 3056 Testes
862 3002 1017 3066 dicit,
1040 3019 1148 3057 non
1182 3006 1344 3060 modo
1374 3007 1468 3077 qui
1508 3008 1611 3063 sub
1654 3025 1796 3064 novo
1827 3018 2156 3070 testamento

578 3103 727 3155 sunt,
764 3094 859 3148 sed
908 3096 1071 3148 etiam
1104 3097 1198 3165 qui
1258 3099 1360 3153 sub
1400 3101 1572 3154 veteri
1609 3100 1780 3156 fuere.
1827 3102 1961 3158 Nam
1994 3114 2047 3159 et
2077 3107 2155 3162 illi

578 3184 952 3238 testimoninm
980 3186 1251 3242 dederunt
1281 3190 1479 3245 divinae
1503 3193 1941 3262 magnificentiae.

648 3294 667 3326 ι
705 3274 768 3328 Et
820 3277 1191 3335 circumstans
1219 3298 1318 3336 nos
1368 3292 1655 3353 peccatum
1677 3329 1691 3349 ,
1717 3302 1812 3356 per
1836 3292 2157 3358 patientiam

2259 1971 2387 2041 περὶ
2405 1972 2558 2040 ἡμῶν
2588 1972 2836 2042 κρεῖττόν
2863 1988 2915 2024 τι
2941 1971 3415 2043 προϐλεψαμένου,
3445 1970 3535 2025 ἵνα
3554 1971 3634 2041 μὴ
3672 1972 3826 2041 χωρὶς

2260 2063 2417 2133 ήμῶν
2456 2064 2809 2119 τελειωθῶσι.
2849 2084 2865 2115 ι

2852 2222 3100 2276 ΚΕΦΑΛ.
3130 2222 3227 2275 IB’.

2339 2376 2356 2408 ι
2394 2356 2695 2427 Τοιγαροῦν
2734 2358 2827 2410 καὶ
2852 2358 3015 2427 ἡμεῖς
3054 2355 3313 2409 τοσοῦτον
3341 2369 3561 2426 εχοντες
3594 2355 3828 2426 περικεί-

2265 2467 2424 2521 μενον
2456 2450 2587 2519 ήμῖν
2623 2449 2781 2517 νέφος
2816 2467 2835 2500 ι

2332 2542 2470 2606 Τοὺς
2498 2541 2627 2611 περὶ
2665 2540 2849 2595 Ἠλίαν
2879 2540 3031 2610 φησί.
3056 2540 3121 2593 Τί
3149 2540 3327 2594 τοίνυν
3346 2540 3584 2611 ἤμελλον
3604 2538 3829 2594 ἐνταῦθα

2262 2630 2664 2701 ἀπολαμϐάνειν
2690 2651 2705 2699 ;

2332 2725 2551 2795 Κόσμον
2589 2743 2653 2795 γε
2712 2725 2818 2797 μὴν
2851 2726 2908 2778 ἐν
2954 2724 3185 2791 τούτοις,
3224 2727 3353 2788 τοὺς
3396 2726 3457 2780 ἐν
3485 2725 3685 2798 κόσμῳ
3708 2728 3829 2780 νοεί-

2264 2815 2387 2869 σθαι
2421 2817 2643 2888 πρέπει.

2337 2928 2356 2959 ‹
2394 2910 2721 2979 Μαρτύρων,
2749 2909 2912 2977 ὄγκον
2936 2910 3266 2981 ἀποθέμενοι
3293 2911 3494 2975 πάντα,
3530 2932 3549 2965 ι

2331 3002 2655 3072 Μάρτυρας,
2714 3002 2835 3071 οὐχὶ
2864 3003 2987 3065 τοὺς
3028 3003 3086 3055 ἐν
3115 3005 3181 3074 τῇ
3227 3004 3404 3075 Καινῇ
3458 3005 3611 3073 λέγει
3656 3007 3828 3076 μόνον,

2262 3093 2396 3148 ἀλλὰ
2446 3093 2538 3146 καὶ
2582 3094 2708 3156 τοὺς
2742 3094 2799 3145 έν
2848 3096 2913 3163 τῇ
2951 3092 3179 3164 Παλαιᾷ.
3224 3095 3333 3147 Καὶ
3374 3094 3484 3167 γὰρ
3529 3098 3627 3150 καὶ
3687 3099 3830 3151 αὐτοι

2182 3221 2227 3280 c
2263 3184 2654 3256 ἐμαρτύρησαν
2680 3187 2745 3255 τῇ
2778 3184 2871 3238 τοῦ
2902 3184 3033 3238 Θεοῦ
3066 3187 3469 3258 μεγαλειότητι.

2337 3296 2354 3327 ι
2406 3278 2516 3330 Καὶ
2544 3280 2644 3348 τὴν
2673 3278 3064 3347 εὐπερίστατον
3106 3279 3405 3351 ἁμαρτίαν,
3445 3281 3515 3333 δι’
3556 3283 3831 3353 ὑπομονῆς

577 3382 868 3422 curramus
894 3369 959 3422 ad
985 3374 1324 3441 propositum
1358 3379 1517 3434 nobis
1546 3390 1859 3439 certamen:
1886 3385 2076 3457 [Vens
2096 3387 2150 3461 2]

2258 3369 2545 3440 τρέχωμεν
2572 3372 2662 3423 τὸν
2714 3370 3071 3441 προκείμενον
3108 3374 3241 3443 ἡμῖν
3290 3373 3498 3441 ἀγῶνα,
3522 3376 3830 3444 ἀφορῶντες

577 3459 905 3528 aspicientes
941 3462 994 3516 in
1047 3474 1326 3522 auctorem
1384 3469 1511 3527 ﬁdei
1564 3482 1619 3529 et
1652 3459 2150 3537 consummatorem

2260 3465 2341 3526 είς
2388 3463 2479 3516 τὸν
2515 3465 2611 3533 τῆς
2644 3463 2882 3527 πίστεως
2928 3464 3191 3535 ἀρχηγὸν,
3252 3467 3346 3519 καὶ
3391 3466 3693 3540 τελειωτήν
3730 3470 3830 3539 Ἰη-

574 3546 786 3604 Jesum.
826 3591 853 3605 ..

646 3661 802 3753 Quod
857 3682 957 3721 nos
1022 3668 1177 3727 facile
1228 3674 1630 3743 circumvenit,
1661 3682 1745 3737 vel
1800 3686 1946 3753 quod
1995 3686 2157 3743 facile

576 3751 737 3825 254
787 3756 1173 3815 circumveniri
1202 3776 1386 3841 queat.
1415 3767 1591 3839 Atque
1619 3770 1721 3827 hoc
1743 3751 1950 3840 potius.
1985 3778 2156 3831 Dum-

577 3846 739 3899 modo
773 3849 916 3902 enim
950 3852 1181 3907 velimus
1204 3896 1218 3919 ,
1249 3854 1393 3912 facili
1434 3863 1657 3931 negotio
1694 3880 1987 3934 possumus
2025 3885 2154 3938 pec-

579 3944 703 3990 cato
731 3943 1043 4008 superiores
1070 3945 1209 4002 fleri.

651 4069 670 4102 ι
713 4050 836 4120 Qui,
882 4061 1165 4128 proposito
1199 4063 1302 4118 sibi
1356 4067 1575 4136 gaudio,
1609 4072 1871 4127 sustinuit
1910 4090 2152 4143 crucem,

574 4143 903 4202 confusione
937 4158 1285 4224 contempta,
1323 4156 1375 4210 in
1435 4158 1660 4215 dextera
1714 4163 1861 4218 sedis
1913 4164 2011 4221 Dei
2063 4182 2150 4223 se-

575 4234 687 4289 det.
721 4254 740 4288 ι

644 4346 761 4440 ῌοο
795 4359 899 4415 est,
936 4352 989 4406 in
1015 4361 1286 4423 potestate
1317 4358 1466 4417 illius
1498 4373 1618 4418 erat
1652 4366 1786 4422 nihil
1828 4372 1961 4440 pati,
1989 4373 2033 4427 si
2062 4390 2153 4429 vo-

576 4434 786 4493 luisset.
821 4441 937 4510 lpse
966 4460 1095 4500 vero
1122 4446 1481 4509 nihilominus
1510 4458 1733 4524 pertulit
1764 4434 2005 4527 crucem,
2027 4479 2149 4519 cum

576 4528 725 4582 nulla
750 4534 1081 4592 necessitate
1110 4538 1176 4593 ad
1208 4554 1429 4598 crucem
1452 4546 1788 4618 adigeretur.
1814 4551 1951 4609 Nam
1977 4556 2149 4612 nostri

577 4634 742 4676 causa
779 4623 969 4680 aﬂixus
999 4636 1082 4682 est
1110 4632 1282 4687 cruci.

634 4728 812 4830 Vsus.-
857 4737 1012 4791 5-H).
1056 4759 1073 4791 ι
1110 4740 1433 4815 Recogitate
1481 4750 1625 4805 enim
1672 4769 1796 4810 eum
1848 4762 1942 4830 qui
1987 4766 2150 4821 talem

578 4823 841 4877 sustinuit
894 4841 922 4878 a
980 4836 1359 4897 peccatoribus
1439 4839 1730 4898 adversum
1796 4823 2151 4923 semetipsum

578 4918 1096 4989 contradictionem,
1129 4934 1187 4979 ut
1242 4945 1307 4984 ne
1347 4931 1673 5003 fatigemini,
1722 4943 1921 4999 animis
1950 4918 2152 5007 vestris

578 5007 912 5070 deﬁcientes.
948 5013 1199 5073 Nondum
1234 5023 1377 5075 enim
1413 5042 1585 5097 usque
1613 5031 1680 5085 atl
1720 5038 2041 5105 sanguinem
2071 5058 2157 5097 re-

580 5101 817 5171 stitistis,
857 5106 1122 5164 adversus
1153 5124 1438 5181 peccatum
1471 5101 1861 5192 repugnantes,
1893 5138 1948 5182 et
1996 5132 2151 5187 obliti

578 5192 713 5247 estis
744 5198 1143 5292 consolationis
1171 5218 1292 5269 qua:
1325 5206 1481 5262 vobis
1518 5221 1776 5282 tanquam
1822 5217 1948 5275 ﬁliis
1974 5220 2150 5292 loqui-

580 5288 697 5380 tur,
725 5283 917 5340 dicens
962 5308 973 5342 :
1005 5286 1106 5341 Fili
1163 5293 1232 5343 mi
1265 5336 1279 5357 ,
1312 5296 1421 5348 noli
1471 5302 1742 5370 negligere
1799 5283 2148 5380 disciplinam

548 5414 551 5417 .
577 5370 814 5440 Domini,
850 5395 1027 5449 neque
1058 5381 1468 5455 fatigeris,dum
1503 5393 1572 5447 ab
1598 5410 1663 5448 eo
1692 5370 2145 5469 argueris:Quem

576 5466 720 5521 enim
774 5468 950 5541 diligit
1007 5471 1303 5543 Dominus,
1359 5482 1592 5553 castigat
1637 5466 1915 5559 :ﬂagellat
1964 5466 2146 5550 autem

577 5572 796 5614 omnem
828 5562 999 5621 tilium
1024 5583 1184 5637 quem
1224 5572 1436 5641 recipit.
1472 5576 1525 5629 lu
1576 5578 1868 5650 disciplina
1899 5602 2146 5654 perseve-

577 5655 698 5704 rate
724 5666 738 5703 :
776 5658 1040 5721 tanquam
1075 5657 1200 5713 filiis
1233 5663 1387 5718 vobis
1418 5664 1571 5719 offert
1601 5682 1659 5722 se
1690 5668 1852 5726 Deus.
1889 5672 2022 5739 Quis
2051 5691 2147 5730 au-

578 5752 689 5831 tem
727 5742 870 5799 ﬁlius
903 5762 1062 5818 quem
1094 5766 1202 5806 non
1235 5757 1460 5827 corripit
1490 5762 1685 5831 paten?
1720 5764 1874 5831 Quod
1917 5768 1963 5821 si
1996 5779 2146 5824 extra

580 5829 921 5903 disciplinam
1004 5840 1180 5911 estis,
1220 5845 1378 5917 cujus
1440 5829 1756 5928 participes:
1808 5856 1936 5912 facti
2012 5871 2140 5918 sunt

2185 4563 2298 4649 υμ

2262 3557 2405 3611 σοὺν.
2450 3576 2469 3608 ι

2330 3673 2439 3742 Τὴν
2490 3673 2725 3736 εὐκόλως
2749 3676 3180 3746 περιισταμένην
3215 3677 3382 3748 ἡμᾶς,
3410 3676 3445 3747 ἢ
3471 3677 3573 3747 τὴν
3602 3677 3829 3739 suam;

2258 3765 2577 3835 περίστασιν
2632 3766 2934 3838 δυναμένην
2981 3770 3192 3825 παθεῖν.
3260 3768 3476 3823 Μᾶλλον
3536 3769 3596 3823 δὲ
3644 3769 3814 3822 τοῦτο.

2267 3858 2476 3929 Ῥᾴδιον
2512 3859 2620 3930 γάρ
2648 3859 2742 3913 ἐὰν
2757 3860 3093 3932 θελήσωμεν,
3112 3861 3498 3932 περιγενέσθαι
3530 3866 3634 3933 τῆς
3664 3864 3831 3933 ἀμαρ-

2254 3950 2411 4012 τίας.,

2334 4081 2353 4113 ι
2392 4064 2487 4127 Ὃς
2516 4065 2636 4118 ἀντὶ
2664 4064 2764 4131 τῆς
2793 4066 3160 4137 προκειμένης
3195 4066 3343 4138 αὑτῷ
3365 4068 3547 4138 χαρᾶς
3574 4068 3828 4137 ὑπέμεινε

2258 4154 2511 4225 σταυρὸν,
2544 4155 2807 4226 αἰσχύνης
2865 4158 3306 4228 καταφρονήσας,
3353 4160 3411 4210 ἐν
3435 4157 3595 4229 δεξιᾷ
3638 4175 3701 4210 τε
3742 4158 3827 4211 τσ]

2257 4246 2446 4316 θρόνου
2477 4248 2571 4300 τοῦ
2594 4247 2731 4301 Θεοῦ
2763 4248 3077 4306 κεκάθικεν.
3116 4269 3134 4299 ι

2327 4360 2638 4426 Τουτέστιν,
2672 4361 2800 4431 ἐξῆν
2831 4362 2980 4432 αύτῷ
3019 4363 3185 4434 μηδὲν
3229 4364 3447 4429 παθεῖν,
3485 4368 3651 4439 εἴπερ
3674 4368 3826 4439 ήδούο

2253 4451 2392 4505 λετο.
2445 4453 2502 4507 'O
2556 4454 2613 4506 δὲ
2670 4455 2793 4507 ἀντὶ
2826 4454 3018 4509 τούτου
3052 4455 3286 4527 σταυρὸν
3332 4456 3622 4528 ὑπέμεινε,
3672 4460 3828 4531 μηδε-

2307 4545 2390 4598 ίαν
2417 4545 2553 4615 ἔχων
2589 4547 2831 4619 ἀνάγκην
2894 4547 2985 4601 τοῦ
3031 4548 3435 4620 σταυρωθῆναι.
3482 4548 3827 4625 Ἐ’σταυρὼθη

2257 4636 2327 4703 γὰ
2336 4654 2365 4707 ρ
2402 4637 2433 4705 ἡ
2442 4636 2557 4705 μῶν
2580 4637 2783 4691 ἕνεκεν.

2334 4769 2351 4801 ι
2402 4750 2819 4819 Ἀναλογίσασθε
2849 4751 2957 4823 γάρ
2977 4753 3068 4805 τὸν
3096 4752 3353 4824 τοιαύτην
3370 4756 3827 4829 ὑπομεμενηκότα

2258 4844 2362 4896 ὑπὸ
2388 4843 2497 4896 τῶν
2536 4843 2880 4914 ἁμαρτωλῶν
2924 4847 3003 4908 εἰς
3036 4846 3198 4900 αὑτὸν
3253 4848 3598 4917 ἀντιλογίαν,
3631 4853 3716 4905 ἵνα
3757 4851 3823 4920 μὴ

2259 4936 2495 5005 κάμητε,
2520 4937 2641 4998 ταῖς
2669 4936 2869 5007 ψυχαῖς
2894 4938 3046 5008 ὑμῶν
3062 4939 3401 5009 ἐκλυόμενοι.
3438 4940 3615 4996 Οὔπω
3644 4944 3822 5015 μέχρις

2256 5026 2486 5097 αἵματος
2532 5028 2987 5100 ἀντικατέστητε,
3038 5030 3173 5101 πρὸς
3227 5032 3332 5101 τὴν
3369 5033 3653 5103 ἁμαρτίαν
3704 5037 3826 5088 ἀντ-

2257 5119 2650 5190 αγωνιζόμενοι
2676 5137 2689 5150 ⁸
2726 5122 2829 5190 καὶξ
2856 5120 3143 5193 ἐκλέλησθε
3174 5122 3278 5192 τῆς
3322 5126 3747 5197 παρακλήσεως,
3768 5126 3828 5193 ἦ·

2257 5228 2341 5274 τις
2368 5211 2495 5280 ὑμῖν
2522 5211 2598 5275 ὠς
2631 5212 2765 5275 υἱοῖς
2795 5212 3120 5279 διαλέγεται’
3153 5214 3250 5267 Υίέ
3292 5232 3417 5284 μου,
3470 5216 3551 5287 μή
3585 5215 3828 5285 ὀλιγώρει

2258 5304 2504 5369 παιδείας
2531 5306 2758 5376 Κυρίου,
2790 5305 2924 5376 μηδὲ
2962 5306 3159 5360 ἐκλύου
3202 5308 3293 5359 ὑπ’
3326 5308 3492 5361 αὑτοῦ
3542 5309 3829 5377 ἐλεγχόμε-

2258 5415 2367 5461 νος.
2403 5400 2502 5451 Ὂν
2531 5400 2640 5469 γὰρ
2677 5400 2867 5470 ἀγαπᾷ
2894 5398 3119 5471 Κύριος,
3176 5400 3447 5467 παιδεύει,
3483 5404 3739 5473 μαστιγοῖ
3773 5401 3829 5453 δέ

2258 5491 2437 5545 πάντα
2466 5491 2581 5543 υἱὸν
2606 5491 2664 5544 ὃν
2686 5492 3052 5563 παραδέχεται
3070 5510 3083 5523 ·
3110 5494 3189 5555 είς
3222 5494 3470 5549 παιδείαν
3492 5498 3792 5567 ὑπομένετε
3809 5512 3824 5525 ·

2256 5584 2330 5648 ὡς
2359 5585 2495 5647 υἱοῖς
2531 5585 2659 5654 ὑμῖν
2713 5584 3079 5656 προσφέρεται
3126 5588 3155 5640 ὁ
3183 5585 3337 5651 Θεός.
3379 5589 3477 5651 Τίς
3528 5590 3636 5658 γάρ
3676 5590 3829 5641 ἐστιν

2254 5679 2468 5741 υἰὸ;,ὃν
2491 5679 2551 5732 οὑ
2586 5678 2831 5731 παιδεύει
2874 5679 3089 5750 πατήρ;
3138 5680 3199 5733 Εἰ
3246 5680 3302 5734 δὲ
3340 5682 3509 5752 χωρίς
3548 5686 3665 5736 ἐστε
3694 5698 3830 5736 παι-

2256 5770 2424 5836 δείας,
2460 5765 2527 5841 ἧς
2554 5770 2769 5839 μέτοχοι
2800 5770 3057 5837 γεγόνασι
3092 5770 3313 5833 πάντες,
3360 5774 3469 5840 ἄρα
3495 5772 3635 5824 νόθοι
3674 5772 3825 5835 ἐστὶ,

2251 5861 2345 5916 καὶ
2381 5860 2478 5930 οὐχ
2500 5858 2623 5912 υἱοί.
2660 5856 2792 5914 Εἶτα
2823 5858 2945 5923 τοὺς
2982 5860 3080 5929 μὲν
3104 5860 3200 5931 τῆς
3234 5860 3436 5931 σαρκὸς
3470 5861 3624 5932 ἡμῶν
3642 5858 3820 5915 πατέ-
