4022 6426
147 412 251 483 989

1289 424 1370 487 IN
1404 424 1641 491 EPIST.
1667 423 1767 490 AD
1796 422 2184 489 HEBR/EOS.

3262 412 3370 476 990

144 547 245 602 ρας
263 531 478 603 εἴχομεν
500 531 810 598 παιδευτὰς,
838 534 933 588 καὶ
954 535 1359 607 ἐνετρεπόμεθα
1387 553 1402 568 ·
1436 537 1497 590 ού
1528 536 1708 606 πολλῷ

1839 547 2195 602 nmnes;ergo
2248 529 2521 595 adulleri,
2560 535 2613 581 et
2672 540 2781 579 non
2821 521 2913 577 lilii
2973 524 3130 579 estis.
3188 522 3391 577 Deinde

146 626 345 696 μᾶλλον
372 626 828 698 ὑποταγησόμεθα
853 648 868 680 ι

208 899 275 955 Ei
311 901 381 956 τὰ
406 899 513 954 τῶν
576 898 821 972 πλησίων
876 900 1028 968 πάθη
1075 900 1134 953 ού
1178 896 1515 970 διανίστησιν
1542 898 1712 968 ἡμᾶς,

144 995 333 1066 φησὶν,
370 995 484 1049 ἀλλ’
513 990 607 1048 οὖν
629 996 697 1048 τὰ
722 993 816 1048 τοῦ
845 995 1114 1048 Δεσπότου
1145 996 1225 1058 είς
1255 992 1413 1047 τοῦτο
1435 992 1712 1065 διεγείρει,

142 1088 220 1150 είς
240 1088 309 1142 τὸ
329 1088 511 1142 ἀθλεῖν
537 1088 678 1158 ὑπὲρ
704 1088 814 1142 τῶν
848 1084 1035 1160 ψυχῶν
1069 1087 1249 1159 ἡμῶν.
1657 1076 1667 1092 ’

218 1284 240 1319 ‹
275 1262 371 1337 Τῷ
399 1266 576 1337 Πατρὶ
603 1265 713 1320 τῶν
746 1265 1093 1337 πνευμάτων,
1115 1266 1209 1319 καὶ
1242 1261 1511 1336 ζήσομεν;
1542 1263 1591 1315 οἱ
1618 1261 1715 1332 μὲν

140 1357 248 1431 γὰρ
316 1360 454 1430 πρὸς
508 1358 698 1428 ὀλίγας
730 1358 948 1430 ἡμέρας
998 1358 1141 1412 κατὰ
1194 1358 1256 1411 τὸ
1307 1356 1499 1411 δοκοῦν
1531 1356 1718 1417 αὐτοῖς

143 1451 433 1507 ἐπαίδευον
461 1468 477 1483 ο
514 1452 542 1505 ὁ
587 1451 647 1506 δὲ
680 1452 776 1505 ἐπὶ
806 1452 868 1505 τὸ
893 1451 1169 1523 συμφέρον
1190 1453 1269 1512 εἰς
1297 1451 1359 1504 τὸ
1392 1448 1717 1521 μεταλαϐεῖν

141 1543 245 1613 τῆς
278 1544 564 1615 ἁγιότητος
589 1544 776 1599 αὑτοῦ.
800 1542 957 1597 Πᾶσα
975 1543 1033 1596 δὲ
1053 1542 1270 1596 παιδεία
1292 1541 1428 1612 πρὸς
1456 1541 1517 1594 τὸ
1545 1539 1718 1609 παρὸν

140 1638 203 1691 οὐ
234 1639 386 1692 δοκεῖ
409 1640 581 1709 χαρᾶς
606 1635 770 1701 εἶναι,
805 1637 942 1691 ἀλλὰ
977 1636 1155 1707 λύπης
1180 1653 1193 1669 ’
1224 1634 1454 1707 ὕστερον
1492 1634 1548 1688 δὲ
1577 1650 1716 1703 καρ-

144 1730 249 1785 πὸν
275 1731 548 1803 εἰρηνικὸν
565 1731 755 1796 τοῖςδι⁹
786 1732 957 1799 αὐτῆς
994 1750 1012 1782 ι

225 1906 298 1959 Ἤ
329 1904 440 1958 τῶν
467 1905 823 1977 χαρισμάτων
861 1906 1048 1976 φησὶν,
1086 1905 1119 1975 ἢ
1170 1903 1278 1957 τῶν
1311 1903 1507 1973 εὐχῶν,
1550 1903 1583 1975 ἢ
1610 1903 1720 1957 τῶν
1752 1886 1792 1941 Β

140 1998 455 2068 δυνάμεων.

216 2108 239 2141 ι
275 2089 754 2159 Γεγυμνασμένοις
785 2088 1086 2144 ἀποδίδωσι
1115 2090 1487 2161 δικαιοσύνης.
1507 2089 1597 2141 Διὸ
1619 2088 1718 2150 τὰς

140 2181 486 2261 παρειμένας
514 2183 719 2254 χεῖρας,
777 2181 873 2235 καὶ⁹
923 2181 991 2235 τὰ
1050 2182 1471 2261 παραλελυμένα
1516 2180 1719 2248 γόνατα

141 2272 593 2345 ἑπανορθὼσατε,
656 2274 751 2327 καὶ
795 2273 1022 2346 τροχιὰς
1070 2268 1237 2346 ὀρθὰς
1303 2274 1565 2345 ποιήσατε
1609 2272 1720 2334 τοῖς

142 2366 310 2419 ποσὶν
334 2364 508 2435 ὑμῶν,
542 2364 629 2419 ἶνα
659 2365 734 2437 μὴ
758 2364 819 2419 τὸ
850 2366 1022 2437 χωλὸν
1045 2366 1313 2438 ἐκτραπῇ,
1345 2366 1467 2436 ἰαθῇ
1496 2365 1553 2418 δὲ
1587 2363 1722 2434 μᾶλ-

139 2456 258 2513 λον.
283 2456 524 2528 Εἰρήνην
580 2456 806 2510 διώκετε
861 2456 1003 2527 μετὰ
1032 2457 1273 2522 πάντων,
1320 2458 1415 2511 καὶ
1443 2457 1533 2509 τὸν
1563 2457 1720 2523 ἁγιαο

142 2544 309 2614 σμόν,
364 2538 424 2598 οὗ
473 2547 642 2617 χωρὶς
700 2546 875 2611 οὐδεὶς
937 2546 1128 2617 ὄψεται
1166 2548 1258 2601 τὸν
1302 2547 1526 2618 Κύριον.
1570 2547 1720 2599 Ἐπι-

141 2632 481 2698 σκοποῦντες
513 2635 587 2705 μή
644 2653 731 2701 τις
779 2636 1023 2709 ὑστερῶν
1073 2636 1182 2690 ἀπὸ
1237 2638 1334 2709 τῆς
1363 2639 1584 2709 χάριτος
1626 2634 1720 2689 τοῦ

139 2725 310 2781 Θεοῦ.
347 2745 368 2777 ι

224 2817 380 2870 Ἀντὶ
419 2816 535 2884 τοῦ,
583 2820 698 2883 τοῖς
727 2818 1125 2891 ἀνασχομένοις
1154 2820 1249 2874 ἐπὶ
1284 2821 1441 2885 πολὺ,
1475 2822 1567 2875 καὶ
1593 2838 1723 2891 καρο

138 2910 459 2981 τερήσασι·
497 2910 594 2964 καὶ
666 2911 899 2985 εὐφήμῳ
948 2913 1172 2984 ὀνόματι
1229 2914 1514 2985 κέχρηται.
1578 2916 1722 2986 Ἀρα

136 3001 427 3071 γυμνασία
486 3004 631 3057 ἐστὶν
674 3005 708 3076 ἡ
768 3004 1006 3069 παιδεία,
1069 3005 1161 3059 τὸν
1204 3005 1446 3077 ἀθλητὴν
1502 3007 1722 3078 ἰσχυρὸν

134 3093 534 3168 ἑργαζομένη,
585 3097 681 3152 καὶ
734 3096 1178 3168 ἀκαταγώνιστον
1224 3099 1283 3152 ὲν
1319 3101 1432 3163 τοῖς
1491 3099 1719 3167 ἀγῶσιν,

135 3186 364 3257 ἇααχον
391 3188 445 3239 ὲν
473 3190 585 3252 τοῖς
611 3188 891 3259 πολέμοις.

210 3300 229 3332 ι
266 3282 363 3351 Μή
387 3297 469 3344 τις
502 3281 624 3352 ῥίζα
674 3281 901 3353 πικρίας
952 3283 1063 3337 ἄνω
1117 3281 1327 3353 φύουσα
1369 3282 1721 3356 ὲνοχλῇ,,καὶ

133 3374 225 3428 διὰ
259 3372 473 3443 ταύτης
504 3373 771 3444 μιανθῶσι
801 3373 1006 3428 πολλοί.
1040 3392 1057 3425 ι

209 3465 341 3520 Κᾶν
453 3482 537 3527 τις
567 3466 693 3537 ῥίζα
740 3465 967 3535 τοιαύτη
1000 3466 1215 3535 γέγονε,
1252 3467 1404 3539 φησὶ,
1452 3467 1724 3539 μηδεμίαν

134 3557 390 3628 βλάστην
414 3555 549 3626 ἄφες
582 3556 873 3629 ἀναϐῆναι,
915 3557 1029 3611 ἀλλ’
1060 3556 1314 3628 ἔκκοψον,
1341 3559 1428 3613 ἵνα
1478 3559 1553 3631 μὴ
1582 3561 1725 3632 φέρῃ

134 3647 427 3720 καρπούς.

213 3763 234 3795 ι
274 3744 485 3815 Μῆτις
512 3742 725 3815 πόρνος,
783 3743 817 3814 ἢ
875 3742 1121 3814 βέϐηλος,
1148 3743 1224 3809 ὡς
1264 3744 1458 3810 Ἡσαῦ,
1490 3745 1549 3810 ὃς
1603 3747 1726 3800 ἀντὶ

134 3834 412 3907 βρώσεως
435 3834 562 3903 μιᾶς
590 3832 817 3886 ἀπέδοτο
843 3831 912 3885 τὰ
940 3833 1282 3903 πρωτοτόκια
1313 3832 1498 3887 αὐτοῦ.
1536 3853 1555 3885 ι

208 4016 319 4079 Εἰς
365 4014 529 4068 τοῦτο
590 4014 867 4081 στίξας.δεῖ
898 4014 1032 4084 (11),
1082 4010 1238 4087 ἴναῇ
1282 4014 1464 4068 τελεία
1494 4014 1724 4081 διάνοια,

130 4109 237 4164 καὶ
264 4108 335 4162 τὸ
384 4107 799 4179 ἐπιφερόμενον,
837 4108 876 4176 ἢ
910 4107 1194 4176 βέϐηλος,
1234 4108 1317 4174 ὡς
1373 4108 1582 4163 Ἠσαῦ.
1630 4109 1728 4162 Βέ-

131 4202 319 4274 ϐηλος
343 4201 427 4266 δὲ,
443 4200 855 4273 γαστρίμαργος
881 4201 975 4254 καὶ
1002 4201 1265 4271 ἀκρατής.

213 4403 237 4436 ι
294 4380 443 4435 ’Ίστε
485 4381 593 4453 γὰρ
643 4381 724 4434 ὅτι
772 4382 867 4433 καὶ
914 4380 1207 4450 μετέπειτα
1253 4379 1423 4433 Θέλων
1464 4380 1725 4450 κληρονος

133 4476 331 4546 μῆσαι
359 4471 459 4543 τὴν
486 4471 737 4538 εὐλογίαν
756 4511 771 4534 ,
804 4470 1239 4541 ἀπεδοκιμάσθη.
1280 4472 1585 4535 Μετανοὶας
1617 4472 1726 4542 γὰρ

1815 636 2001 696 patres
2033 624 2255 696 quidem
2299 621 2480 676 carnis
2517 626 2720 673 nostra:
2743 616 3052 672 eruditores
3076 614 3392 672 habuimus.

1814 727 1867 773 et
1900 719 2292 774 reverebamur
2325 729 2421 770 eos
2452 730 2467 768 :
2501 727 2610 766 non
2634 710 2807 764 multo
2846 709 3020 781 magis
3045 708 3394 777 obtempera-

1814 811 1996 866 bimus
2025 830 2045 863 ι

1884 901 2039 968 Quod
2072 900 2115 957 si
2147 915 2211 955 ea
2239 913 2360 970 quae
2390 896 2685 967 propinqui
2726 894 2903 950 nostri
2935 890 3084 963 passi
3121 898 3269 955 sunt,
3298 903 3397 944 ηε-

1815 1009 2089 1064 quaquam
2124 1009 2222 1048 nos
2255 994 2494 1063 erigunt,
2531 989 2730 1060 inquit,
2751 999 2805 1043 at
2838 988 3031 1044 saltem
3058 1000 3182 1055 qua
3211 981 3398 1035 Domi-

1816 1103 1923 1143 nus
1981 1087 2270 1149 sustinuit,
2301 1085 2369 1140 ad
2404 1085 2509 1139 hoc
2552 1083 2799 1138 excitant
2828 1089 2889 1136 ut
2919 1094 3019 1151 pro
3049 1075 3259 1133 nostris
3282 1073 3398 1128 ani-

1817 1179 2011 1233 mabus
2048 1177 2452 1248 depugnetnus.

1888 1284 1907 1318 ι
1948 1265 2097 1320 Patri
2127 1266 2441 1336 spirituum,
2461 1272 2513 1318 et
2536 1261 2816 1317 vivemus?
2836 1270 2889 1315 et
2912 1260 2991 1314 illi
3019 1256 3239 1329 quidem
3260 1270 3399 1326 pau-

1817 1361 1899 1416 cis
1928 1360 2125 1415 diebus
2158 1355 2464 1413 secundum
2515 1355 2855 1410 voluntatem
2887 1367 3043 1408 suam
3074 1340 3401 1405 erudiebant

1816 1471 1957 1518 nos;
1995 1454 2085 1509 hic
2133 1459 2317 1507 autem
2346 1450 2414 1505 ad
2468 1449 2523 1505 id
2573 1448 2719 1519 quod
2755 1448 2887 1501 utile
2936 1452 3044 1511 est,
3073 1445 3128 1498 in
3176 1440 3401 1512 partici-

1818 1549 1998 1620 pando
2058 1546 2553 1602 sanctiﬁcationem
2615 1542 2759 1612 ejus.
2798 1539 2990 1612 [νεεδ.
3046 1535 3162 1607 11.]
3209 1534 3402 1589 Omnis

1819 1648 2001 1695 autem
2053 1637 2345 1707 disciplina
2378 1636 2433 1689 in
2471 1634 2727 1705 praesenti
2779 1630 3003 1699 quidem
3043 1627 3261 1681 videtur
3290 1637 3402 1677 non

1819 1748 1943 1789 esse
1973 1732 2184 1802 gaudii,
2214 1731 2307 1784 sed
2356 1728 2615 1782 maeroris
2660 1742 2672 1779 :
2712 1733 2903 1793 postea
2936 1728 3119 1775 autem
3161 1718 3400 1771 fructum

1819 1819 2232 1891 pacatissimum
2265 1818 2333 1872 iis
2363 1816 2455 1885 qui
2481 1831 2576 1885 per
2596 1829 2714 1868 eam
2764 1832 2781 1863 ι

1896 1911 1995 1967 Vel
2031 1913 2299 1966 donorum
2354 1910 2466 1972 ait,
2501 1923 2598 1963 seu
2636 1906 2962 1977 gratiarum,
2998 1901 3086 1955 vel
3132 1896 3403 1966 precatio-

1820 2021 1972 2068 num,
2004 2004 2089 2059 vel
2114 2004 2405 2057 virtutum.

1896 2115 1914 2147 ι
1957 2095 2253 2149 Exercitati
2286 2101 2437 2158 sunt,
2480 2090 2661 2147 reddit
2686 2088 2939 2158 iustitiae.
2973 2079 3402 2158 [Vens.12-15.]

1818 2187 2047 2257 Propter
2076 2185 2221 2257 quod
2252 2188 2521 2241 remissas
2554 2198 2753 2237 manus
2794 2189 2848 2235 et
2883 2180 3063 2234 soluta
3095 2191 3269 2247 genua
3298 2177 3405 2229 eri-

1820 2281 1959 2351 gite,
1988 2287 2041 2334 et
2074 2294 2297 2349 gressus
2344 2285 2525 2332 rectos
2568 2275 2736 2330 facite
2788 2272 3021 2341 pedibus
3081 2268 3314 2332 vestris,
3347 2276 3406 2320 ut

1820 2387 1931 2427 non
1966 2370 2279 2425 claudicans
2314 2370 2437 2440 quis
2474 2375 2658 2428 erret,
2692 2367 2866 2435 magis
2919 2372 3101 2416 autem
3156 2369 3404 2415 sanetur.

1821 2464 2016 2519 Pacem
2059 2463 2353 2535 sequimini
2391 2478 2515 2515 cum
2554 2460 2835 2522 omnibus,
2871 2467 2925 2511 et
2959 2452 3405 2512 sanctimoniam,

1823 2556 1942 2609 sine
1978 2570 2084 2624 qua
2126 2568 2284 2607 nemo
2318 2552 2525 2607 videbit
2594 2549 2789 2605 Deum.
2846 2544 3296 2614 Contemplantes
3341 2556 3408 2591 ne

1822 2648 1945 2717 quis
1976 2646 2118 2700 desit
2150 2644 2337 2715 gratiae
2377 2642 2494 2698 Dei.
2529 2663 2548 2693 ι

1894 2824 1999 2879 Pro
2050 2792 2240 2880 eoddm
2295 2837 2358 2876 ac
2400 2822 2446 2876 si
2477 2821 2705 2880 diceret.
2740 2820 2832 2891 qui
2878 2818 2971 2873 diu
3021 2814 3409 2872 sustinuerunt

1822 2926 1879 2973 et.
1906 2921 2429 2987 perseveraverunt:
2467 2912 2558 2966 ubi
2598 2926 2731 2965 voce
2764 2911 2901 2964 bene
2948 2914 3182 2963 sonante
3215 2902 3405 2955 utitur.

1823 3012 2122 3067 Enimvero
2165 3007 2490 3063 exercitatio
2522 3004 2814 3073 disciplina
2851 3010 2934 3057 est
2958 3040 2972 3064 ,
2998 3015 3119 3070 qua:
3149 2996 3407 3049 athletam

1823 3106 2111 3161 robustum
2160 3101 2378 3164 reddit,
2418 3108 2473 3153 et
2510 3096 2942 3167 insuperabilem
2982 3095 3038 3148 in
3094 3088 3409 3145 certamini-

1746 3229 1788 3288 ο
1826 3198 1948 3261 bus,
1977 3210 2039 3249 ac
2061 3195 2117 3247 in
2142 3193 2349 3263 prmliis
2380 3188 2888 3259 inexpugnabilem.

1897 3306 1915 3339 ι
1948 3285 2022 3340 Ne
2057 3300 2163 3355 qua
2210 3283 2365 3336 radix
2403 3279 2793 3333 amaritudinis
2828 3290 3049 3331 sursum
3084 3268 3406 3342 germinans

1825 3371 2107 3441 impediat,
2144 3380 2198 3424 et
2236 3366 2339 3439 per
2376 3368 2525 3421 illam
2559 3368 2919 3437 inquinentur
2955 3362 3134 3416 multi.
3177 3379 3195 3411 ›

1895 3459 2034 3526 Etsi,
2076 3461 2277 3530 inquit,
2313 3458 2584 3528 ejusmodi
2628 3458 2780 3512 radix
2810 3455 3050 3519 exsistit,
3079 3468 3146 3506 ne
3183 3450 3409 3521 permit-

1825 3562 1909 3608 tas
1942 3553 2113 3607 ullum
2148 3568 2369 3623 germen
2403 3566 2705 3622 exsurgere
2737 3569 2752 3618 ;
2799 3549 2894 3605 sed
2935 3554 3157 3617 amputa
3202 3543 3409 3604 statim,

1826 3660 1895 3700 ne
1923 3643 2133 3698 fructus
2167 3643 2435 3713 proferat.

1896 3735 2062 3792 Vens.
2096 3735 2183 3791 16.
2235 3755 2253 3787 ‹
2307 3735 2384 3790 Ne
2417 3735 2540 3804 quis
2596 3733 2904 3788 fornicator
2930 3769 2945 3795 ,
2980 3735 3073 3782 aut
3120 3723 3409 3795 profanus,

1828 3838 1888 3884 ut
1916 3831 2082 3893 Esau,
2115 3828 2209 3899 qui
2240 3840 2461 3899 propter
2497 3842 2658 3881 unam
2704 3839 2885 3881 escam
2932 3820 3180 3877 vendidit
3217 3814 3410 3888 primi-

1826 3924 1936 3976 tiva
1981 3937 2099 3976 sua.
2132 3942 2149 3973 ι

1896 4012 1995 4066 Hic
2026 4022 2241 4082 oportet
2272 4012 2696 4082 interpungere,
2736 4017 2794 4063 ut
2830 4009 2902 4064 sit
2938 4006 3099 4077 255
3133 4002 3410 4074 perfectus

1827 4121 2051 4169 sensus,
2085 4116 2246 4176 atque
2285 4105 2673 4175 sultjungitur,
2718 4112 2811 4156 aut
2841 4102 3122 4170 profanus,
3157 4108 3213 4151 ut
3238 4095 3407 4150 Esau.

1827 4200 1989 4270 Atqui
2054 4204 2321 4270 prot‘auus
2378 4200 2522 4264 fuit,
2559 4199 2690 4269 quia
2742 4196 2971 4268 gulosus
3027 4202 3083 4248 et
3142 4193 3410 4258 intempe-

1828 4308 1979 4346 rans.

1899 4384 2066 4438 Vens.
2121 4383 2208 4437 17.
2248 4400 2266 4433 ι
2318 4381 2528 4438 Scitote
2572 4383 2718 4438 enim
2786 4383 3053 4454 quoniam
3111 4388 3166 4436 et
3221 4389 3412 4451 postea

1830 4479 2063 4548 cupiens
2141 4477 2473 4531 haereditare
2558 4476 3025 4539 benedictionem,
3082 4475 3414 4544 reprobatus

126 4567 320 4620 τόπον
350 4565 453 4635 οὐχ
480 4558 667 4634 εὗρεν,
710 4562 908 4634 καίπερ
956 4562 1094 4633 μετὰ
1123 4563 1372 4634 δακρύων
1420 4566 1725 4635 ἐκζητήσας

1839 4582 1934 4626 est.
1967 4572 2088 4625 Non
2139 4572 2285 4625 enim
2344 4570 2555 4624 invenit
2608 4571 2951 4640 poenitentia:
3003 4570 3206 4632 locum,
3239 4581 3413 4636 quan-

128 4658 343 4727 αὑτήν.
386 4674 405 4706 ι

208 4747 299 4800 Δι’
336 4745 647 4817 ὑπερϐατοῦ
686 4746 920 4801 ἐνταῦθα
950 4749 977 4800 ὁ
1015 4747 1159 4808 νοῦς.
1205 4747 1294 4817 Τῷ
1329 4748 1509 4802 τοίνυν
1543 4750 1734 4804 θέλων·

128 4836 611 4906 κληρονομῆσαι
639 4837 754 4904 τὴν
781 4838 1168 4907 ἐπαγγελίαν,
1214 4838 1451 4908 σύναψον
1473 4841 1554 4901 τὸ,
1585 4841 1735 4909 μετὰ

124 4931 431 4999 δακρύων
459 4930 653 4997 αὐτὴν
688 4928 1055 4998 ἐκζητήσας,
1085 4930 1172 4983 ἵνα
1271 4930 1478 4985 διάνοια
1507 4935 1539 5002 ἡ
1569 4932 1729 5004 αὕτη.

126 5020 453 5093 Βουληθεὶς
507 5019 914 5092 κληρονομῆσαι
983 5022 1080 5074 καὶ
1139 5021 1300 5085 αὐτὸς
1358 5023 1729 5092 ἐπαγγελίαν,

125 5116 307 5186 φησι,
344 5114 441 5167 καὶ
478 5112 614 5184 μετὰ
644 5113 894 5183 δακρύων
931 5114 1103 5186 αὐτὴν
1154 5114 1357 5185 ταύτην
1400 5117 1734 5187 ἐπαγγελίαν

1831 4680 1994 4734 quam
2025 4680 2150 4717 cum
2184 4664 2445 4735 lacrymis
2479 4664 2808 4733 inquisisset
2835 4677 2974 4718 eam.
3013 4682 3031 4713 ›

1903 4754 2016 4809 Hoc
2048 4757 2101 4808 in
2140 4757 2261 4809 loco
2309 4756 2613 4826 hyperbato
2638 4755 2833 4808 utitur.
2872 4752 3009 4807 Huic
3029 4755 3211 4822 itaque
3242 4765 3415 4805 mem-

1832 4847 1956 4911 bro,
1985 4848 2199 4914 cupiens
2233 4845 2554 4900 hareditare
2584 4846 3026 4912 benedictionem,
3062 4845 3195 4899 illud
3221 4844 3413 4913 junge,

1833 4954 1951 4991 cum
1988 4938 2242 5008 lacrymis
2286 4938 2559 5007 inquirens
2609 4953 2772 5002 eam;
2820 4946 2880 4991 ut
2925 4938 3015 4992 hic
3062 4939 3133 4992 sit
3178 4951 3411 4993 sensus:

1838 5031 1975 5086 Cum
2007 5040 2061 5086 et
2112 5032 2231 5101 ipse
2280 5031 2603 5087 haereditate
2645 5031 2899 5087 obtinere
2927 5033 3415 5102 repromissionem

1839 5132 2087 5195 cuperet,
2132 5123 2499 5195 eamdemque
2544 5124 2969 5196 promissionem
3004 5140 3130 5180 cum
3161 5126 3416 5197 laerymis

1674 5305 1904 5365 NOT/E.

210 5440 341 5510 (Η)
380 5435 485 5503 Εἷς
522 5435 697 5492 τοῦτο
750 5440 952 5505 στίξαι
990 5439 1099 5496 δεῖ.
1142 5439 1240 5496 Hic
1291 5444 1446 5499 locus
1478 5445 1733 5500 nonnihil

120 5513 326 5590 habet.
377 5510 732 5590 obscuritatis
758 5552 773 5573 .
805 5523 953 5565 textu
983 5552 996 5575 ,
1024 5516 1084 5590 n_i_
1122 5513 1298 5577 fallor,
1334 5517 1627 5569 oscitantia
1664 5518 1731 5569 li-

126 5579 333 5656 brarii
388 5579 974 5656 vit_iato._Quapropter
1026 5584 1405 5656 Chrysostomi
1462 5588 1733 5656 interpre-

123 5653 421 5729 tationem
445 5649 599 5729 juvat
624 5650 712 5729 hic
754 5649 1025 5729 subjicere
1057 5671 1070 5708 :
1140 5649 1278 5729 Kal.__
1302 5655 1396 5708 τοῦ
1436 5649 1731 5729 nemos-71v

121 5719 396 5798 {sillath
423 5720 526 5798 ;_0_t’:_
558 5719 725 5798 _1061:0
768 5719 1001 5798 ἐνταῦβά
1032 5741 1225 5798 φησιν,
1253 5726 1335 5779 ὅτι
1376 5719 1572 5798 πόρνος
1602 5719 1732 5798 ἦνίὸ

136 5789 346 5865 Ἠσαῦ
371 5789 764 5865 gausape;
804 5789 1208 5865 ἀντιδιαστολὴν
1252 5803 1426 5849 κεῖται
1451 5789 1580 5861 τοῦ,
1621 5789 1735 5850 Τὸν

129 5860 470 5936 ἀγιασμὸν
522 5859 779 5915 διώκετε.
820 5862 891 5914 Τὸ
918 5864 995 5928 δὲ,
1031 5859 1252 5935 βέϐηλος
1274 5908 1287 5934 ,
1320 5869 1395 5931 ὡς
1426 5859 1732 5938 πρὸςνὲκεῑ-

1829 5467 1920 5503 νον
1974 5451 2226 5523 εἶ’ρηιιαιι⁸
2263 5472 2281 5504 ι
2322 5450 2555 5507 Ubinam
2597 5454 2745 5507 enim
2804 5450 2961 5523 ﬁsau
3014 5448 3195 5523 fuisse
3257 5462 3414 5505 scoro

1830 5527 1977 5575 tator
2030 5520 2257 5577 l'e'rtur?
2297 5523 2414 5577 Non
2470 5524 2573 5577 hoc
2635 5523 2750 5587 ait,
2804 5521 2946 5577 Esau
3008 5520 3401 5576 fornicatorem

1830 5592 2024 5659 fuisse,
2063 5596 2157 5648 sed
2189 5609 2374 5648 vocem
2407 5594 2546 5646 hanc
2573 5609 2665 5662 per
2715 5594 3116 5663 oppositionem
3142 5590 3411 5663 adhibuit

1831 5672 2056 5733 propter
2086 5666 2200 5718 haec
2236 5665 2340 5717 alia
2389 5665 2554 5719 verba
2581 5682 2593 5718 :
2624 5662 2918 5733 Sequimini
2975 5662 3408 5717 sanctimoniam.

1830 5736 2096 5789 Caeterum
2144 5734 2311 5803 quod,
2356 5734 2659 5803 profanus,
2692 5736 2949 5799 additur,
2986 5734 3051 5787 ad
3100 5733 3231 5786 illud
3286 5746 3414 5803 spe-

1829 5814 1937 5860 ctat
1976 5823 1988 5861 :
2022 5806 2211 5861 nullus
2248 5821 2379 5876 ergo
2414 5805 2676 5875 profanus
2714 5806 2855 5863 sicut
2886 5804 3053 5871 Esau,
3089 5822 3106 5855 ι
3147 5814 3251 5859 etc.
3408 5824 3417 5833 -
