4022 6426
633 371 736 441 991

1835 378 1896 438 S.
1937 376 2256 440 JOANNIS
2294 376 2722 438 DAMASCENI

3766 371 3858 435 99?.

635 486 962 558 postularet,
999 486 1323 554 reprobatus
1352 486 1473 553 fuit,
1508 489 1634 558 quia
1668 505 1770 543 non
1809 491 2002 544 invenit
2033 492 2205 545 locum

2311 490 2638 564 ἐκζητήσας,
2666 490 3105 561 ἀπεδοκιμάσθη,
3129 489 3217 544 ὅτι
3242 488 3565 559 μετανοίας
3598 489 3709 555 οὐχ
3736 485 3864 553 ηὗρε

631 580 977 650 ρωηὶιειιιὶω.
1011 578 1131 634 Non
1171 582 1428 649 pmuituit
1471 583 1645 647 illum,
1694 583 1894 652 inquit.
1926 583 2210 650 Quomodo

633 673 804 736 enim,
834 673 925 740 qui
980 671 1242 726 dicebat:
1307 673 1815 743 Appropinquabunt
1867 674 1979 730 dies
2036 676 2209 731 luctus

633 765 800 828 patris
832 764 955 828 mei,
993 773 1040 817 et
1083 765 1320 817 occidam
1359 763 1526 818 ,ἴσοοὸ
1557 765 1777 834 fratrem
1811 784 1982 821 meum
2015 768 2105 822 ”?

700 939 868 996 Vsus.
903 942 988 995 18.
1025 959 1042 991 ι
1081 939 1200 994 Non
1225 943 1369 994 enim
1398 943 1714 997 accessistis
1763 944 1826 997 ad
1863 945 2206 999 tractabilem

632 1044 900 1096 montem,
931 1040 986 1086 et
1015 1033 1404 1087 accensibilem
1463 1035 1667 1103 ignem,
1701 1037 2003 1096 turbinem.
2037 1036 2209 1091 et‘ca—

629 1125 893 1196 liginem,
912 1134 964 1178 et
989 1125 1305 1194 procellam.
1342 1145 1361 1176 ι
1785 1127 1790 1133 “

702 1217 886 1271 Multis
930 1219 1043 1285 jam
1096 1218 1150 1270 in
1207 1217 1344 1272 locis
1390 1232 1591 1270 novum
1653 1225 2041 1274 testamentum
2080 1237 2206 1275 cum

625 1318 809 1364 vetere
859 1310 1134 1374 contulit,
1177 1311 1531 1382 ostenditque
1590 1311 1692 1364 hoc
1741 1313 1837 1366 illo
1874 1314 2033 1383 longe
2067 1330 2206 1382 pra:-

626 1401 924 1454 cellentius
998 1417 1141 1454 esse.
1219 1401 1315 1452 llic
1382 1416 1600 1470 quoque
1671 1417 1766 1471 per
1851 1413 2204 1457 transennam

629 1502 932 1561 utrumque
981 1502 1290 1562 comparat,
1329 1501 1385 1547 et
1433 1509 1531 1561 pro
1579 1492 1762 1565 Moyse
1788 1492 1975 1548 Jesum
2011 1496 2206 1564 ponit,

626 1594 681 1641 et
736 1601 835 1655 pro
895 1586 1094 1653 populo
1154 1587 1326 1638 multa
1384 1587 1704 1655 angelorum
1766 1586 1958 1650 millia,
2022 1594 2076 1640 et
2108 1602 2208 1656 pro

627 1684 816 1731 monte
848 1676 1075 1728 malum.

699 1765 866 1822 Vens.
914 1766 1104 1820 19-925.
1145 1784 1162 1816 ι
1207 1765 1270 1819 Et
1302 1767 1447 1821 tuba:
1488 1783 1708 1830 sonum,
1745 1777 1801 1822 et
1853 1785 2040 1823 vocem
2082 1786 2205 1823 ver-

626 1859 848 1923 borum,
877 1874 1044 1927 quam
1078 1860 1171 1928 qui
1215 1859 1536 1920 audierunt,
1592 1871 2001 1915 excusaverunt
2027 1877 2104 1924 se,
2141 1878 2207 1916 ne
2239 1844 2280 1896 Β

632 1951 786 2004 ﬁeret
817 1951 897 2004 eis
927 1951 1176 2005 verbum.
1221 1951 1335 2005 Non
1371 1954 1519 2005 enim
1555 1953 1854 2022 portabant
1891 1955 2036 2024 quod
2078 1970 2210 2022 prce-

630 2043 936 2112 cipiebatur
974 2063 985 2097 :
1013 2054 1066 2097 et
1098 2045 1142 2097 si
1180 2044 1352 2099 bestia
1395 2046 1628 2115 tetigerit
1656 2058 1908 2110 mortem,
1941 2048 2210 2118 lapidabi-

631 2139 744 2184 tur.
775 2133 838 2186 Et
863 2135 936 2186 ita
969 2135 1222 2190 terribile
1267 2146 1384 2189 erat
1431 2139 1575 2207 quod
1615 2139 1903 2192 videbatur
1943 2158 1955 2193 :
1997 2141 2209 2211 Moyses

631 2221 810 2277 dixit:
873 2222 1189 2279 Exterritus
1237 2241 1358 2279 sum
1410 2236 1467 2281 et
1516 2229 1940 2285 tremebundus.
1977 2228 2080 2284 Sed
2115 2247 2208 2283 ac-

634 2312 885 2368 cessistis
924 2315 990 2368 ad
1019 2314 1151 2368 Sion
1205 2324 1470 2383 montem,
1502 2326 1555 2372 et
1589 2319 1863 2374 civitatem
1895 2320 1989 2376 llei
2021 2322 2210 2376 viven-

632 2404 724 2466 tis.
779 2403 1090 2461 Jerusalem
1148 2409 1430 2464 caelestem
1491 2419 1544 2465 et
1619 2413 1920 2466 multorum
1976 2415 2208 2469 millium

630 2497 949 2566 angelorum
1006 2494 1418 2568 frequentiam}
1468 2512 1524 2556 et
1556 2502 1854 2559 Ecclesiant
1901 2507 2212 2575 primitivo—

631 2598 775 2648 rum,
827 2589 920 2657 qui
995 2591 1297 2660 conscripti
1358 2601 1488 2647 sunt
1537 2596 1591 2648 in
1647 2596 1827 2662 cmlis,
1870 2605 1927 2651 et
1965 2598 2210 2665 judicem

628 2677 874 2731 omnium
928 2679 1118 2745 Deum,
1170 2692 1223 2737 et
1264 2685 1556 2753 spiritibus
1591 2685 1880 2754 Jjustorum
1929 2688 2208 2756 perfecto-

630 2781 777 2833 rum,
835 2780 887 2824 et
926 2775 1244 2828 testamenti
1301 2776 1429 2830 novi
1491 2777 1850 2830 mediatorent
1900 2777 2109 2845 .lesum,
2157 2789 2211 2836 et

629 2863 924 2931 sanguinis
975 2868 1354 2935 aspersionem
1415 2870 1613 2924 melius
1652 2872 1971 2940 loquentem
2045 2889 2209 2943 quam

631 2951 792 3007 Abel.
833 2952 1024 3010 Videte
1047 2972 1115 3010 ne
1146 2959 1414 3012 recusetis
1446 2959 1790 3028 loquentem.
1830 2981 1848 3012 ›

703 3043 867 3100 Velut
901 3049 1230 3104 adveniente
1255 3067 1380 3120 rege
1412 3054 1620 3120 aliquo.

700 3136 962 3204 Quaenam
999 3157 1130 3194 vero
1166 3142 1443 3211 primitiva
1482 3144 1635 3206 dicit,
1676 3146 1780 3198 nisi
1823 3145 2102 3199 ﬁdelium?

709 3339 728 3373 ι
767 3321 823 3376 Si
863 3322 1008 3376 enim
1061 3323 1136 3378 illi
1173 3340 1284 3378 non
1341 3327 1675 3397 etl'ngerunt,
1733 3338 2054 3383 recusantes
2082 3345 2206 3383 eum

629 3413 726 3481 qui
779 3428 951 3482 super
997 3425 1200 3469 terram
1264 3418 1618 3487 loquebatur,
1655 3422 1834 3475 multo
1867 3423 2043 3492 magis
2080 3437 2207 3486 nos,

629 3506 720 3574 qui
756 3506 822 3560 de
847 3508 1002 3562 cmlis
1031 3509 1348 3578 loquentem
1383 3512 1544 3567 nobis
1577 3515 1900 3572 avertimus.
1940 3534 1958 3568 ι
2038 3565 2043 3570 .

699 3594 936 3665 Moysem
995 3599 1201 3653 innuit.
1264 3601 1444 3670 Atque
1499 3602 1587 3656 hic
1641 3619 1842 3659 sensus
1869 3613 1998 3660 est:
2037 3607 2095 3660 Si
2124 3606 2208 3662 illi

628 3685 724 3755 qui
756 3698 1090 3758 respuerunt
1132 3691 1285 3746 illum
1343 3708 1371 3746 a
1405 3710 1514 3762 quo
1557 3703 1776 3751 terrena
1810 3697 2210 3767 promitteban-

626 3788 736 3838 tur,
771 3795 879 3833 non
913 3780 1222 3853 effugerunt
1249 3785 1518 3857 (Moysem
1561 3787 1712 3851 citat,
1758 3790 1888 3858 quia
1937 3792 2052 3845 haec
2086 3807 2206 3845 om-

629 3870 719 3922 nia
746 3870 934 3940 figura
969 3887 1147 3938 erant,
1180 3886 1310 3947 puta
1347 3879 1489 3948 agri,
1538 3882 1942 3950 possessiones,
1971 3891 2024 3937 et
2059 3891 2209 3938 terra

628 3963 1118 4038 Chananaaorutn),
1168 3979 1379 4039 quanto
1417 3974 1702 4040 graviores
1739 3990 1930 4044 pinnas
1973 3977 2206 4042 dabunt,

628 4054 723 4122 qui
757 4058 1037 4124 aspernati
1078 4061 1232 4112 illtnn
1285 4060 1510 4124 fuerint,
1561 4066 1653 4132 qui
1716 4067 1959 4121 cmlestia
1995 4068 2211 4137 pollici-

627 4157 718 4200 lus
755 4157 838 4201 est
862 4150 874 4201 ι

701 4238 869 4295 Vens.
895 4241 985 4296 26.
1026 4262 1044 4294 ι
1077 4243 1250 4312 Cujus
1280 4262 1382 4299 vox
1425 4249 1596 4301 movit
1624 4257 1834 4303 terrain
1867 4258 2029 4316 tunc;
2062 4268 2211 4306 nunc

630 4339 812 4386 ratem
855 4335 1181 4403 repromisit
1235 4337 1466 4394 dicens:
1523 4339 1716 4394 Adhuc
1764 4343 1957 4410 semel,
2008 4354 2062 4398 et
2109 4361 2230 4416 ego.

631 4426 884 4492 movebo,
919 4447 939 4480 ι

686 4517 744 4570 ld
773 4527 879 4584 est,
940 4521 1236 4592 legislatio,
1291 4540 1415 4595 quae
1444 4525 1498 4580 in
1555 4535 1740 4582 monte
1782 4526 1915 4583 Sina
1950 4532 2205 4602 contigit,

629 4611 916 4677 percelluit
963 4630 1147 4679 aures,
1194 4631 1297 4671 nec
1329 4634 1437 4671 non
1500 4619 1756 4674 liberatio
1815 4637 1881 4675 ex
1940 4621 2202 4695 IEgypto.

626 4699 763 4756 Nam
797 4702 1078 4773 Scriptura
1114 4708 1288 4763 dicit:
1325 4709 1488 4773 Deus,
1522 4729 1641 4765 cum
1669 4712 1990 4781 egredereris
2022 4732 2205 4770 coram

626 4795 818 4861 populo
887 4805 996 4861 tuo,
1049 4815 1166 4853 cum
1236 4805 1591 4865 pertransires
1658 4805 1713 4857 in
1776 4806 2005 4871 deserto,
2065 4817 2206 4862 terra

629 4897 770 4940 mota
799 4897 897 4942 est.
939 4891 1002 4942 ¹².

697 4980 813 5035 Hoc
867 4991 973 5045 est,
1009 4997 1112 5035 vox
1157 5000 1250 5053 per
1311 4988 1626 5042 universam
1683 4997 1911 5054 terram,
1955 5007 2074 5060 qum
2103 4992 2205 5046 sub

627 5074 767 5128 coelo
799 5082 902 5140 est,
936 5091 1266 5145 personans.

703 5185 721 5218 ι
762 5165 880 5222 Non
911 5170 1093 5223 solum
1125 5176 1354 5233 terram,
1389 5171 1483 5225 sed
1514 5180 1566 5225 et
1599 5173 1819 5227 ccelum.
1867 5172 2058 5246 Heus.
2090 5175 2205 5247 27.]

626 5260 781 5326 Quod
819 5270 1002 5315 autem
1036 5263 1225 5329 semel,
1257 5264 1412 5325 dicit,
1451 5265 1713 5329 declarat,
1746 5285 1763 5313 ι

697 5352 1002 5423 256lloc
1054 5355 1208 5419 dicit,
1269 5372 1377 5425 qua
1429 5358 1550 5409 novi
1607 5359 1922 5413 testamenti
1980 5360 2205 5414 traditio

625 5447 960 5513 paciticavit,
1015 5457 1128 5500 tum
1179 5465 1304 5519 qua:
1349 5450 1402 5502 in
1450 5449 1628 5522 caelis,
1662 5459 1779 5503 tum
1819 5467 1940 5521 qua:
1972 5452 2201 5508 interra

628 5549 794 5607 sunt;
835 5551 888 5596 et
919 5545 1048 5613 quia
1104 5546 1347 5599 innotuit
1375 5547 1727 5614 potestatibus
1783 5556 1833 5600 et
1885 5548 2200 5617 principati-

629 5629 724 5684 bus
762 5647 852 5699 per
887 5633 1181 5690 Ecclesium
1219 5637 1568 5707 multiformis
1596 5639 1861 5706 sapientia
1892 5638 1990 5692 Dei
2027 5640 2090 5692 “.

683 5829 724 5861 ’ί
757 5829 893 5888 Gen.
973 5853 1140 5902 xxvu,
1179 5837 1256 5896 Η.
1325 5843 1528 5898 “Psal.
1571 5859 1739 5907 LXVII,
1805 5844 1854 5897 8.

2311 588 2518 640 τόπον.
2553 589 2623 640 Οὐ
2653 587 2761 656 γὰρ
2797 586 3111 656 μετενόησε,
3149 585 3307 654 φησί.
3353 583 3479 646 Πῶς
3507 582 3640 651 γὰρ,
3679 582 3734 640 δς
3766 582 3863 634 ἑλε-

2311 697 2438 748 γεν,
2485 681 2871 750 Ἐγγίσουσιν
2923 682 2983 733 al
3022 680 3232 746 ἡμέραι
3287 677 3394 730 τοῦ
3461 674 3722 740 πένθους
3775 675 3866 728 τοῦ

2309 773 2534 841 πατρός
2580 791 2733 842 μου,
2784 775 2882 827 καὶ
2935 770 3247 828 ἀποκτενῶ
3309 769 3520 825 Ἰακὼϐ
3564 769 3675 822 τὸν
3714 767 3868 821 ἀδελ-

2308 867 2426 935 φόν
2460 885 2570 932 μου
2590 883 2606 929 ;

2386 979 2405 1010 ‹
2451 960 2524 1012 Ού
2560 959 2669 1031 γὰρ
2699 957 3141 1028 προσεληλύθατε
3179 954 3574 1028 ψηλαφωμένῳ
3610 951 3749 1022 ὄρει,
3790 952 3870 1005 καὶ

2310 1049 2633 1120 κεκαυμένῳ
2699 1049 2868 1118 πυρὶ,
2929 1048 3026 1102 καὶ
3078 1045 3290 1117 γνόφῳ,
3357 1045 3453 1098 καὶ
3510 1043 3732 1112 σκότῳ,
3791 1042 3868 1093 καὶ

2312 1141 2527 1213 θυέλλῃ.
2576 1161 2594 1193 ι

2390 1232 2480 1286 Ἐν
2509 1231 2723 1294 πολλοῖς
2755 1230 2859 1300 ἤδη
2890 1228 3185 1301 συγκρίνας
3222 1228 3320 1300 τὴν
3353 1227 3500 1281 Νέαν
3533 1228 3601 1296 τῇ
3639 1225 3861 1292 Παλαιᾷ,

2309 1327 2404 1379 καὶ
2435 1326 2614 1390 δείξας
2662 1324 2865 1395 ταύτην
2917 1323 3131 1394 ἐκείνης
3185 1322 3318 1377 πολὺ
3370 1321 3701 1390 κρείττονα,
3733 1319 3864 1370 πάλιν

2310 1421 2404 1473 καὶ
2440 1419 2677 1473 ἐνταῦθα
2720 1420 2842 1472 κατ’
2876 1416 3175 1488 ἐπιδρομὴν
3222 1416 3538 1484 συγκρίνει,
3569 1415 3699 1466 ἀντὶ
3731 1413 3863 1466 Mini-

2310 1512 2446 1575 σέως
2481 1510 2651 1575 τιθεὶς
2699 1509 2942 1578 Ἰησοῦν,
2973 1511 3066 1562 καὶ
3104 1508 3225 1562 ἀντὶ
3260 1505 3387 1560 λαοῦ
3421 1505 3698 1578 μυριάδας
3731 1505 3865 1571 ἀγγέ-

2309 1603 2415 1657 λων
2435 1643 2450 1668 ,
2484 1604 2580 1658 καὶ
2609 1603 2732 1657 ἀντὶ
2766 1603 2926 1674 ὅρους
2954 1602 3049 1655 τὸν
3080 1602 3325 1672 οὐρανόν.

2386 1801 2406 1834 ι
2454 1781 2568 1836 Καὶ
2597 1781 2896 1849 σάλπιγγος
2939 1781 3054 1851 ἤχῳ
3075 1821 3091 1844 ,
3125 1780 3218 1832 καὶ
3250 1778 3434 1848 φωνῆς
3487 1775 3781 1847 ῥημάτων.
3812 1768 3864 1843 ἧς

2310 1876 2356 1928 οἱ
2394 1875 2724 1935 ἀκούσαντες
2750 1874 3157 1943 παρῃτήσανψ,
3194 1871 3267 1940 μὴ
3301 1865 3678 1939 προστεθῆναι
3711 1866 3863 1924 αὐτοῖς

2309 1969 2486 2037 λόγον.
2533 1969 2645 2021 Οὐκ
2677 1967 2871 2037 ἔφερον
2905 1966 3012 2036 γὰρ
3050 1965 3110 2017 τὸ
3142 1963 3591 2032 διαστελλόμενον
3614 1977 3629 1989 ⁸
3664 1959 3762 2012 κᾶν
3799 1958 3871 2026 θηο

2313 2061 2424 2133 ρίον
2455 2059 2580 2131 θίγῃ
2611 2059 2702 2112 τοῦ
2733 2058 2912 2130 ὅρους,
2939 2056 3437 2127 λιθοϐοληθήσεται.
3465 2055 3578 2107 Καὶ
3619 2052 3759 2105 οὕτω
3793 2070 3867 2118 ςι-

2310 2153 2469 2223 ϐερδν
2496 2149 2564 2223 ἦν
2583 2152 2644 2205 τὸ
2676 2152 3078 2221 φανταζόμενον
3099 2167 3111 2180 ·
3145 2149 3385 2218 Μωῦσῆς
3409 2143 3589 2211 εἶπεν,
3624 2146 3870 2212 Ἐκφὰς

2311 2250 2424 2317 εἰμι
2476 2247 2568 2300 καὶ¹
2596 2244 2877 2315 ἔντρομος.
2914 2243 3074 2297 Ἀλλὰ
3103 2240 3545 2312 προσεληλύθατε
3577 2239 3721 2292 Σιὼν
3747 2239 3867 2306 ὄρει,

2309 2341 2406 2394 καὶ
2436 2339 2590 2394 πόλει
2621 2338 2757 2392 Θεοῦ
2783 2337 3004 2402 ζῶντος,
3047 2334 3403 2408 Ἰερουσαλὴμ
3433 2331 3768 2403 ἐπουρανξῳ,
3793 2331 3870 2382 καὶ

2313 2433 2569 2504 μυριάσιν
2597 2431 2844 2500 ἀγγέλων
2867 2429 3188 2500 πανηγύρει,
3216 2429 3310 2482 καὶ
3339 2425 3646 2497 Ἐκκλησία
3678 2441 3868 2495 πρωτο-

2310 2525 2483 2578 τόκων
2514 2525 2571 2577 ἐν
2595 2523 2846 2594 οὐρανοῖς
2872 2520 3382 2591 ἀπογεγραμμένων
3406 2557 3421 2582 ,
3445 2519 3545 2572 καλ⁸
3575 2520 3742 2588 κριτῇ
3771 2515 3868 2583 Θεῷ

2311 2616 2559 2680 πάντων,
2591 2615 2687 2666 καὶ
2723 2612 3000 2682 πνεύμασι
3029 2612 3253 2665 δικαίων
3283 2609 3763 2680 τετελειωμένων,
3794 2609 3870 2660 καὶ

2308 2705 2575 2777 διαθήκης
2599 2705 2724 2768 νέας
2762 2704 2957 2776 μεσὲτῃ
2994 2702 3196 2772 Ἰησοῦ,
3221 2703 3317 2756 καὶ
3338 2703 3537 2771 αἵματι
3567 2699 3870 2772 ῥαντισμοῦ,

2311 2801 2554 2869 κρεῖττον
2584 2798 2831 2852 λαλοῦντι
2857 2799 3004 2868 παρὰ
3036 2798 3126 2851 τὸν
3150 2795 3335 2851 Ἅϐελ.
3369 2795 3609 2849 Βλέπετε
3643 2795 3716 2865 μὴ
3750 2809 3874 2860 παρ’

2309 2888 2606 2961 αιτήσησθε
2635 2888 2726 2942 τὸν
2754 2887 3035 2943 λαλοῦντα.
3076 2905 3096 2938 ι

2380 3068 2514 3122 "At;
2543 3068 2618 3130 ὡς
2647 3067 2739 3120 ἐπὶ
2774 3066 3036 3137 βασιλέως
3065 3067 3212 3129 τινὸς
3240 3065 3537 3137 παρόντος.

2237 3189 2278 3246 C
2383 3162 2555 3214 Τίνων
2604 3161 2691 3226 δὲ,
2742 3160 2909 3231 φησὶ,
2952 3157 3345 3231 πρωτοτόκων,
3391 3156 3512 3210 ἀλλ’
3563 3156 3598 3228 ἢ
3649 3157 3761 3210 τῶν
3805 3176 3877 3210 τει-

2311 3270 2452 3306 στων
2477 3269 2491 3316 ;

2386 3363 2404 3396 ι
2440 3345 2501 3396 Εἰ
2533 3342 2642 3414 γὰρ
2668 3345 2866 3398 ἐκεῖνοι
2890 3344 2991 3398 οὐκ
3021 3344 3239 3414 ἔφυγον,
3267 3345 3359 3397 τὸν
3376 3346 3469 3398 ἐπὶ
3487 3345 3588 3413 τῆς
3623 3346 3732 3416 γῆς
3761 3364 3880 3414 παρ-

2309 3438 2665 3508 αιτησάμενοι
2714 3438 3145 3510 χρηματίζοντα.
3170 3439 3354 3510 πολλῷ
3397 3439 3608 3509 μᾶλλον
3637 3442 3818 3511 ἡμεῖς,
3840 3442 3880 3491 οὶ

2309 3531 2399 3584 τὸν
2425 3531 2518 3582 ἀπ’
2547 3530 2793 3600 οὐρανῶν
2823 3532 3317 3603 ἀποστρεφόμενοι.
3355 3550 3373 3582 ι

2381 3623 2618 3676 Μωῦσέα
2637 3623 2818 3691 λέγει·
2842 3625 2870 3676 ό
2897 3623 2951 3676 δὲ
2979 3623 3102 3687 νοῦς
3128 3619 3282 3686 οὗτος
3307 3640 3320 3652 ·
3353 3623 3416 3676 Ei
3453 3622 3548 3674 τὸν
3576 3622 3650 3676 τὰ
3681 3623 3881 3690 ἐπίγεια

2311 3713 2779 3784 ἐπαγγελλόμενον
2799 3716 3272 3786 παραιτησάμενοι
3295 3715 3397 3767 ούκ
3417 3714 3694 3784 ἐξέφυγον
3717 3719 3734 3782 ζ
3753 3716 3883 3780 λέγει

2308 3804 2365 3857 δὲ
2395 3803 2485 3857 τὸν
2525 3806 2764 3858 Μωῦσέα
2785 3845 2800 3868 ,
2832 3808 2915 3860 ὅτι
2958 3806 3163 3859 τυπικὰ
3209 3807 3388 3860 πάντα
3420 3801 3491 3876 ἦν
3525 3809 3750 3869 ἐκεῖνα,
3787 3801 3883 3858 οἷον

2311 3897 2469 3968 ἀγροὶ
2492 3899 2584 3950 καὶ
2611 3899 2886 3969 κτήματα,
2925 3899 3020 3952 καὶ
3051 3899 3124 3968 γῆ
3157 3899 3544 3969 Χαναναίων),
3576 3900 3732 3969 πόσῳ
3761 3898 3880 3968 μᾶλ-

2309 3989 2399 4042 λον
2437 3992 2484 4043 οἱ
2517 3991 2609 4044 τὸν
2648 3992 2716 4044 τὰ
2756 3993 2984 4063 οὐράνια
3024 3992 3502 4062 ἐπαγγελλόμενον
3553 3993 3883 4064 παραιτησὰ-

2313 4102 2483 4154 μενοι,
2518 4085 2943 4158 κολασθήσονται
2964 4086 2977 4138 l

2386 4281 2404 4312 ‹
2442 4256 2515 4316 Oli
2541 4263 2574 4332 ἡ
2606 4264 2756 4335 φωνὴ
2783 4264 2883 4335 τὴν
2911 4264 3016 4334 γῆν
3037 4263 3298 4318 ἐσάλευσε
3324 4266 3475 4330 τότε,
3511 4264 3612 4318 νῦν
3646 4264 3702 4318 δὲ
3730 4263 3883 4332 ἐπὴῖο

2311 4353 2495 4420 γελται
2515 4394 2530 4419 ,
2557 4355 2730 4424 λέγων
2751 4371 2764 4386 ⁸
2792 4356 2914 4409 Ἔτι
2945 4355 3114 4421 ἅπαξ,
3145 4354 3255 4424 ἐγὼ
3286 4356 3439 4419 σείω,
3475 4375 3496 4408 ι

2244 4545 2284 4600 ι)
2381 4531 2425 4582 Τ
2427 4531 2675 4584 ουτέστιν
2702 4531 2796 4585 καὶ
2821 4533 2855 4603 ἡ
2885 4533 3026 4586 κατὰ
3055 4531 3116 4585 τὸ
3145 4533 3270 4604 ὅρος
3311 4534 3446 4586 Σινᾶ
3485 4534 3786 4603 νομοθεσία
3809 4533 3885 4595 ἐξ·

2305 4625 2567 4688 άκουστος
2595 4624 2809 4693 γέγονε,
2845 4626 2940 4678 καὶ
2971 4627 3005 4696 ὴ
3031 4626 3317 4696 λύτρωσις,
3349 4630 3382 4694 ἠ
3421 4626 3480 4690 ἐξ
3508 4627 3810 4695 Αἰγύπτου.
3840 4628 3883 4677 Ὀ

2308 4717 2444 4782 θεὸς
2495 4719 2635 4788 γὰρ,
2685 4719 2850 4787 φησὶν
2873 4758 2886 4780 ,
2929 4719 2998 4770 ἐκ
3066 4717 3172 4772 τοῦ
3205 4719 3656 4784 ἐκπορεύεσθαί
3692 4734 3769 4771 σε
3803 4720 3886 4771 er-

2302 4809 2492 4863 ὠπιον
2518 4808 2624 4861 τοῦ
2651 4809 2804 4862 λαοῦ
2836 4825 2972 4872 σου,
3000 4808 3070 4862 ἐν
3092 4806 3171 4872 τῷ
3185 4807 3521 4863 διαϐαίνειν
3535 4825 3614 4862 σε
3641 4809 3753 4873 τὴν
3767 4809 3884 4875 ἔρη-

2298 4918 2418 4970 μον
2433 4943 2448 4966 ,
2492 4900 2566 4970 γῆ
2595 4902 2866 4968 ἐσείσθη.

2376 4993 2668 5047 Τουτέστιν
2690 5034 2704 5056 ,
2730 4995 2762 5064 ἡ
2793 4996 2874 5055 εἰς
2899 4995 3115 5049 ἅπασαν
3145 4995 3360 5064 ἤκουσα
3391 4995 3494 5066 τὴν
3528 4997 3622 5050 ὑπ’
3648 4995 3884 5069 οὐρανόν.

2384 5195 2400 5225 ι
2449 5175 2522 5226 Οὐ
2564 5175 2723 5244 μόνον
2755 5175 2856 5246 τὴν
2904 5178 3040 5246 γῆν,
3083 5176 3220 5230 ἀλλὰ
3264 5179 3360 5232 καὶ
3397 5176 3493 5229 τὸν
3535 5176 3800 5248 οὐρανόν·
3838 5174 3894 5228 ct

2307 5267 2396 5323 δὲ,
2432 5266 2608 5332 ἅπαξ,
2643 5265 2814 5336 δηλοῖ,
2857 5285 2876 5317 ι

2382 5358 2552 5413 Τοῦτο
2603 5359 2791 5427 λέγει,
2823 5361 2904 5412 ὅτι
2949 5361 2982 5430 ἡ
3025 5359 3123 5428 τῆς
3169 5359 3365 5429 καινῆς
3410 5359 3679 5431 διαθήκης
3714 5359 3896 5430 παρά-

2311 5453 2456 5516 δοσις
2481 5451 2867 5524 εἰρηνοποίησε
2889 5451 2975 5504 ’τὰ
3013 5453 3070 5504 ἐν
3105 5454 3218 5514 τοῖς
3257 5452 3532 5521 οὐρανοῖς,
3566 5451 3658 5505 καὶ
3685 5453 3758 5503 τὰ
3807 5451 3897 5502 ἐπὶ

2310 5547 2444 5616 γῆς,
2479 5547 2575 5600 καὶ
2627 5547 2708 5600 ὅτι
2759 5545 3062 5617 ἐγνωρίσθη
3107 5545 3196 5598 διὰ
3232 5545 3330 5616 τῆς
3375 5545 3710 5615 Ἐκκλησίας
3768 5543 3890 5605 τά(

2309 5637 2520 5706 ἀρχαῖς
2549 5638 2644 5691 καὶ
2675 5637 2804 5705 ταῖς
2839 5637 3152 5705 ἐξουσίαις
3181 5638 3218 5705 ἡ
3236 5623 3677 5702 πολυποίκιλος
3705 5638 3899 5708 σοφία

2313 5729 2417 5782 τοῦ
2456 5729 2620 5784 Θεοῦ.

1935 5847 1975 5876 ¹³
2007 5845 2215 5902 tloloss.
2248 5863 2290 5917 ι,
2323 5846 2411 5902 ξλθ.
