4022 6468
149 473 246 535 993

215 598 236 632 ς
282 576 402 630 Τῶν
433 571 809 643 σαλευομένων
847 569 946 641 τὴν
988 567 1312 640 μετάθεσιν,
1353 567 1428 630 ὡς
1471 583 1702 637 πεποιη-
1729 574 1778 630 Α

146 673 350 745 μένων,
375 668 461 722 ίνα
495 666 653 737 μείνῃ
691 663 758 716 τὰ
793 663 866 733 μὴ
899 661 1235 731 σαλευόμενα
1258 675 1272 690 ⁶
1301 659 1382 714 διὸ
1425 659 1701 730 βασιλείαν

142 763 436 820 ἀσάλευτον
473 756 1012 829 παραλαμϐάνοντες,
1058 771 1080 806 ι

208 853 381 908 Τοῦτὸ
403 867 585 922 φησιν,
623 849 705 902 ὅτι
733 845 1110 918 μετατέθεικεν
1127 843 1218 898 τὸν
1248 845 1410 915 νόμον
1443 844 1521 907 είς
1549 842 1702 896 πολι-

141 963 192 999 τε
202 945 285 998 ίαν
319 942 714 1012 πνευματικήν.

215 1058 233 1089 ι
269 1038 507 1107 Ἔχομεν
537 1035 717 1104 χάριν,
748 1031 814 1086 δι’
834 1046 900 1102 ης
919 1029 1252 1101 λατρεύομεν
1290 1027 1602 1098 εὐαρέστως
1628 1026 1703 1096 τῷ

142 1128 258 1200 Θεῷ
298 1127 435 1198 μετά
484 1125 664 1187 αίδοῦς
702 1125 794 1177 καὶ
845 1121 1145 1184 εὐλαϐείας.
1200 1119 1307 1172 Καὶ
1341 1119 1449 1189 γὰρ
1493 1118 1523 1170 ὁ
1572 1117 1704 1181 Θεὸς

140 1222 300 1293 ἡμῶν
330 1219 442 1290 πῦρ
469 1216 884 1273 καταναλίσκον.
925 1232 943 1265 ι

725 1305 973 1358 ΚΕΦᾹΛ.
1014 1305 1110 1357 1Γ’.

101 1353 109 1406 1
214 1417 234 1451 ι
285 1399 352 1452 Ἦ
383 1397 700 1468 φιλαδελφία
734 1395 957 1466 μενέτω.
994 1415 1012 1446 ι

211 1492 589 1562 Εὐχαρίστως,
629 1490 781 1558 φησὶ,
809 1487 1180 1558 λατρεύωμεν,
1216 1487 1289 1559 μὴ
1324 1486 1461 1557 μετὰ
1501 1502 1705 1556 γογγυα-

139 1583 296 1654 σμῶν
317 1625 332 1645 ,
366 1583 498 1652 μηδὲ
532 1580 935 1644 ἁποκακοῦντες
968 1583 1026 1633 ἐν
1058 1585 1176 1645 ταῖς
1211 1581 1472 1650 θλίψεσιν.

213 1694 232 1725 ι
283 1675 400 1744 Τῆς
454 1673 760 1743 φιλοξενίας
810 1673 884 1745 μὴ
928 1674 1347 1729 ἐπιλανθάνεσθε
1376 1693 1388 1706 ·
1439 1675 1528 1728 διὰ
1571 1674 1705 1728 ταύ-

135 1784 238 1838 της
278 1767 392 1835 γὰρ
433 1784 450 1816 ι

206 1859 329 1911 Οὐκ
364 1854 521 1922 εἷπε,
569 1857 888 1926 ξενοδοχίας,
928 1859 1064 1912 ἀλλὰ
1115 1860 1494 1926 φιλοξενίας·
1549 1878 1703 1914 τουτ-

1284 458 1367 518 ΙΝ
1407 458 1641 517 EPIST.
1680 456 1779 516 AD
1816 455 2206 516 HEBIUEOS.

3274 464 3380 529 994

1880 583 1898 618 ι
1941 564 2223 620 Mobilium
2269 564 2714 630 translationem,
2756 574 3017 636 tanquam
3080 569 3381 637 factorum,

1807 666 1868 711 ut
1899 665 2157 712 maneant
2185 671 2249 712 ea
2277 671 2398 726 quae
2418 666 2547 711 sunt
2573 657 2892 713 immobilia.
2926 660 3117 732 [Vt-:ns.
3141 666 3234 733 28,
3258 667 3378 742 29.]

1806 749 1994 818 Itaque
2012 765 2239 819 regnum
2267 749 2548 804 immobile
2575 751 2969 820 suscipientes,
3007 774 3024 806 ι

1880 837 1956 892 lta
2016 839 2274 908 loquitur,
2318 855 2382 892 eo
2422 839 2566 910 quod
2613 837 3059 900 transmutaverit
3111 847 3282 917 legem
3326 852 3379 905 in

1809 931 2150 1003 spiritualem
2183 933 2378 1002 agendi
2413 933 2710 987 rationem.
3399 1003 3402 1008 '

1884 1040 1903 1072 ι
1943 1019 2222 1075 Habemus
2281 1023 2534 1089 gratiam,
2593 1039 2691 1091 per
2744 1040 2908 1093 quam
2967 1029 3234 1086 servimus
3267 1031 3382 1100 pla-

1808 1120 1993 1168 centes
2031 1114 2140 1166 Deo
2190 1128 2314 1166 cum
2369 1123 2513 1167 metu
2572 1125 2626 1168 et
2682 1120 3008 1174 reverentia.
3069 1120 3205 1176 Nam
3239 1123 3382 1178 Deus

1810 1213 2001 1260 noster
2037 1205 2179 1276 ignis
2209 1219 2542 1260 consumens
2573 1217 2681 1262 est.
2726 1227 2744 1258 ι

2425 1298 2580 1351 CAP.
2615 1298 2752 1353 Xlll.

1879 1390 2047 1446 Vens.
2081 1391 2131 1445 l.
2164 1409 2184 1443 ι
2215 1390 2468 1446 Charitas
2499 1393 2870 1451 fraternitatis
2901 1407 3140 1456 maneat.
3181 1419 3198 1452 ι

1883 1481 2050 1537 Grato
2101 1483 2289 1536 animo
2340 1485 2669 1548 servimus,
2711 1487 2915 1556 inquit,
2973 1507 3080 1545 non
3137 1509 3384 1547 llllll'mll-

1811 1575 2004 1637 rando,
2046 1588 2146 1628 nec
2189 1575 2490 1629 deﬁciendo
2529 1577 2583 1630 in
2617 1577 3024 1637 alilictionibus.

1881 1665 2046 1721 Vens.
2105 1668 2161 1719 2.
2223 1684 2241 1717 ι
2273 1665 2718 1738 HOSpilalitatem
2773 1672 2944 1727 nolite
2994 1674 3238 1729 oblivici.
3283 1676 3384 1729 Per

1812 1760 1951 1814 hanc
1977 1762 2144 1824 enim,
2179 1778 2197 1810 ι

1877 1850 1994 1904 Non
2062 1853 2222 1914 dixit,
2277 1853 2686 1922 susceptionem
2756 1856 3196 1926 peregrinorum,
3265 1860 3382 1922 Sed,

140 1947 292 2000 ἐστιν
313 1989 330 2013 ,
359 1947 450 2018 Μὴ
488 1947 674 2012 ἁπλῶς
705 1949 1049 2020 ξενοδοχεῖτε,
1068 1951 1202 2004 ἀλλὰ
1234 1949 1371 2020 μετὰ
1399 1950 1494 2002 τοῦ
1539 1951 1712 2019 φιλεῖν

1815 1961 2128 2016 propensam
2179 1945 2628 2014 Izaspitalitahzm:
2679 1948 2784 2002 hoc
2823 1958 2929 2016 est,
2957 1965 3063 2002 non
3114 1950 3384 2019 simplici-

135 2040 264 2102 τοὺς
299 2039 504 2103 ξένους.

211 2235 231 2269 ι
304 2218 538 2273 Ἐλαθὸν
589 2237 732 2284 τινες
789 2219 1092 2286 ξενίσαντες
1147 2225 1432 2292 ἀγγέλους.
1489 2225 1708 2294 Μιμνή-

131 2310 339 2364 σκεσθε
378 2311 488 2364 τῶν
523 2312 792 2384 δεσμίων,
846 2315 920 2380 ὡς
954 2316 1361 2386 συνδεδεμένοι,
1392 2316 1500 2370 τῶν
1544 2334 1711 2372 κσκοο

128 2405 422 2474 χουμένων
441 2444 457 2470 ,
487 2405 562 2468 ὡς
585 2406 680 2458 καὶ
705 2407 860 2461 αὐτοὶ
889 2408 1038 2472 ὄντες
1067 2411 1126 2462 ὲν
1159 2409 1390 2478 σώματι.
1433 2429 1452 2462 ι

201 2580 308 2634 Διὰ
342 2581 453 2652 γὰρ
490 2577 646 2635 τοῦτο
685 2583 714 2635 ὁ
755 2583 944 2654 μισθὸς
977 2584 1053 2655 τῷ
1091 2585 1341 2656 Ἀϐραὰμ
1369 2585 1577 2639 δέδοται
1617 2584 1710 2655 με-

126 2691 259 2742 γας,
295 2677 384 2728 ὅτι
425 2675 498 2747 μὴ
530 2675 684 2740 είδὼς
729 2677 992 2746 ἀγγέλους
1031 2679 1226 2741 αὐτοὺς
1259 2679 1416 2742 ὄντας
1447 2681 1704 2744 ἐξένισεν.

140 2768 379 2839 Ἐπειδὴ
407 2771 455 2823 εί
494 2770 610 2842 ᾔδει
633 2809 648 2835 ,
680 2771 832 2824 οὐδὲν
863 2771 1196 2842 θαυμαστόν.
1242 2773 1613 2825 Ἀποτείνεται
1653 2772 1710 2826 δὲ

123 2862 227 2916 καὶ
263 2862 350 2924 είς
379 2861 472 2915 τὸν
502 2861 645 2916 Λώτ.

198 2954 410 3024 Τίμιος
449 2956 478 3008 ὁ
509 2955 685 3025 γάμος
730 2955 790 3008 ὲν
830 2956 985 3016 πᾶσι.
1020 2956 1114 3009 καὶ
1161 2956 1195 3026 ἡ
1227 2956 1381 3027 κοίτη
1424 2956 1705 3025 ἀμίαντος.

119 3047 384 3114 Πόρνψς
412 3046 469 3100 δὲ
501 3048 594 3100 καὶ
622 3045 841 3117 μοιχοὺς
867 3049 1092 3117 κρινεῖὸ
1124 3047 1272 3111 Θεὸς.
1311 3048 1709 3119 Ἀφιλάργυρος

116 3138 150 3188 ὀ
199 3136 454 3207 τρόπος,
499 3137 830 3208 ἀρκούμενοι
871 3140 982 3200 τοῖς
1035 3137 1338 3207 παροῦσιν·
1390 3138 1550 3201 αὐτὸς
1600 3138 1708 3209 γὰρ

117 3229 364 3298 εἴρηκεν
388 3244 404 3258 ⁸
431 3228 504 3281 υύ
535 3230 609 3300 μή
641 3245 698 3281 σε
727 3229 860 3294 ἀνῶ,
893 3229 1000 3281 οὐδ’
1031 3229 1091 3282 ού
1127 3231 1201 3299 μή
1237 3247 1296 3281 σε
1327 3230 1705 3299 ἐγκαταλίπωο

114 3321 274 3375 ὥστε
308 3321 650 3394 θαρροῦντας
675 3325 821 3394 ἡμᾶς
852 3322 1053 3390 λέγειν,
1092 3322 1294 3393 Κύριος
1328 3323 1450 3393 ἐμοὶ
1490 3323 1707 3392 βοηθὸς,
1739 3301 1780 3359 C

112 3417 221 3466 καὶ
285 3415 350 3466 ού
417 3414 828 3486 φοϐηθήσομαι,
879 3415 932 3467 τί
985 3415 1205 3482 ποιήσει
1264 3431 1354 3485 μοι
1405 3413 1708 3483 ἄνθρωπος.

111 3506 530 3577 Μνημονεύετε
567 3508 676 3560 τῶν
705 3507 1029 3579 ἡγουμένων
1071 3507 1253 3578 ὑμῶν,
1284 3507 1481 3571 οἵτινες
1518 3507 1711 3576 ἐλάλη-

111 3614 225 3650 σαν
260 3598 405 3668 ὑμῖν
439 3598 533 3651 τὸν
555 3597 712 3667 λόγον
745 3599 838 3653 τοῦ
875 3598 1029 3653 Θεοῦ.

189 3688 485 3752 Γενέσθω,
512 3691 666 3760 φησὶ,
689 3689 889 3760 τίμιος,
921 3693 1017 3745 καὶ
1049 3690 1124 3762 μὴ
1149 3689 1459 3761 μολυνέσθω
1487 3691 1552 3760 τῇ
1579 3688 1713 3758 πρὸς

103 3783 203 3834 ἑτέ
213 3799 332 3854 ραν
366 3785 642 3854 κοινωνίᾳ.

189 3893 211 3925 ι
269 3868 383 3925 Ὧν
445 3873 877 3945 ἀναθεωροῦντες
929 3877 1027 3947 τὴν
1065 3875 1290 3930 ἔκϐασιν
1343 3875 1710 3946 ἀναστροφῆς,

102 3968 399 4038 μιμεῖσθε
433 3968 532 4038 τὴν
551 3967 752 4024 πίστιν.
798 3969 1002 4039 Ἰησοῦς
1035 3970 1271 4040 Χριστὸς
1300 3969 1447 4039 χθὲς,
1490 3968 1582 4022 καὶ
1613 3967 1711 4037 σή-

102 4075 304 4130 μερον
334 4060 365 4113 ὁ
391 4059 577 4124 αὐτὸς,
609 4062 702 4114 καὶ
725 4062 804 4125 είς
833 4063 958 4124 τοὺς
989 4062 1209 4125 αἰῶνας.
1243 4063 1496 4133 Διδαχαῖς
1530 4061 1713 4115 ποικί-

94 4151 239 4215 λαις
265 4151 375 4204 καὶ
411 4151 593 4216 ξέναις
623 4154 696 4224 μὴ
721 4153 1125 4225 παραφέρεσθε.
1158 4154 1336 4207 Καλὸν
1364 4154 1474 4224 γὰρ
1519 4174 1536 4205 ι

173 4242 558 4314 Θεωροῦντες
600 4244 775 4297 αὐτῶν
815 4247 906 4298 τὸν
955 4246 1101 4316 βίον,
1141 4248 1234 4299 καὶ
1261 4246 1358 4317 τὴν
1400 4244 1710 4308 πολιτείαν,

87 4337 278 4407 φησὶ,
330 4335 588 4404 μιμεῖσθε
620 4338 716 4407 τὴν
755 4339 952 4390 πίστιν.
997 4338 1061 4391 Τί
1093 4341 1206 4391 ἐστι
1240 4336 1710 4408 ἁναθεωροῦντες;

87 4426 383 4496 συνεχῶς
428 4426 754 4496 στρέφοντες
792 4430 848 4481 ἐν
883 4431 1126 4493 ἑαυτοῖς,
1155 4429 1531 4496 ἐξετάζοντες,
1564 4428 1711 4496 λογι-

82 4524 380 4592 ζόμενοκ
424 4520 857 4590 ἀναζητοῦντες,
903 4523 1142 4594 ἀκριϐῶς
1180 4524 1582 4589 βασανίζοντες,
1632 4525 1712 4576 ὅτι

78 4615 270 4676 τέλος
313 4613 564 4683 χρηστὸν
592 4614 771 4667 αὐτῶν
793 4614 912 4684 ,ἔχει
941 4617 973 4682 ἡ
1003 4617 1337 4686 ἀναστροφή.

173 4723 196 4753 ι
251 4702 482 4770 Χάριτι
513 4701 854 4771 βεϐαιοῦσθαι
886 4704 982 4775 τὴν
1012 4704 1261 4777 καρδίαν,
1304 4723 1321 4753 ι

179 4794 369 4848 Ἀντὶ
397 4793 495 4846 τοῦ
526 4795 724 4849 πίστει.

164 4909 187 4939 σ
241 4888 348 4942 Οὐ
395 4886 712 4956 βρώμασιν,
749 4892 804 4941 ὲν
842 4886 922 4953 οἷς
955 4890 1054 4943 οὐκ
1090 4890 1448 4962 ὠφελήθησαν
1476 4893 1524 4944 οἱ
1559 4909 1717 4962 ’περμ

69 4983 514 5052 πατήσαντες.
565 4982 796 5051 Ἔχομεν
841 4981 1259 5053 θυσιαστήριον,
1304 4985 1363 5050 ἐξ
1410 4976 1472 5036 οὗ
1524 4987 1716 5053 φαγεῖν

65 5078 191 5129 οὐκ
230 5074 490 5144 ἔχουσιν
510 5073 558 5124 oi
585 5077 647 5143 τῇ
682 5076 852 5145 σκηνῇ
875 5074 1249 5150 λατρεύοντες.
1275 5070 1374 5129 Ὧν
1392 5077 1499 5147 γὰρ
1529 5076 1716 5145 δίεφθ’

63 5185 264 5240 ρεται
301 5162 487 5229 ζώων
520 5167 578 5216 τὸ
604 5160 744 5234 αἷμα
781 5169 908 5238 περὶ
939 5168 1216 5237 ἁμαρτίας
1246 5169 1325 5231 εἰς
1358 5170 1424 5220 τὰ
1463 5169 1594 5236 ἆγια
1633 5168 1720 5221 διὰ

59 5262 178 5316 τοῦ
220 5258 596 5332 ἀρχιερέως,
626 5259 829 5312 τούτων
860 5264 928 5314 τὰ
962 5261 1194 5333 σώματα
1229 5263 1590 5316 κατακαίεται
1615 5263 1720 5328 ἔξω

57 5361 178 5429 τῆς
227 5353 650 5424 παρεμϐολῆς.
693 5357 783 5408 Διὸ
827 5359 921 5410 καὶ
985 5359 1220 5428 Ἰησοῦς,
1257 5359 1342 5412 ἵνα
1394 5360 1594 5430 ἁγιάσῃ
1631 5357 1719 5410 διὰ

53 5450 177 5502 τοῦ
223 5447 408 5502 ἰδίου
434 5445 662 5514 αἵματος
695 5446 786 5500 τὸν
815 5447 961 5514 λαὸν,
1003 5467 1021 5498 ι

157 5622 444 5697 Ἦρέμα
475 5621 772 5677 αἰνίττεται
799 5627 923 5686 τοὺς
945 5624 1044 5696 τὴν
1070 5626 1401 5697 παραίτησιν
1435 5627 1542 5681 τῶν
1580 5627 1719 5700 βρωο

49 5720 308 5794 μάτων
343 5713 701 5781 εἰσάγοντας.

146 5831 173 5863 σ
230 5805 432 5869 Ἐξω
451 5806 549 5874 τῆς
574 5807 749 5876 πύλης
773 5808 990 5862 ἔπαθεν.
1007 5810 1198 5864 Τοίνυν
1221 5811 1568 5882 ἐξερχώμεθα
1589 5816 1720 5886 πρὸς

44 5904 266 5963 αὑτὸν
325 5895 458 5960 ἔξω
500 5897 599 5968 τῆς
649 5900 1026 5972 παρεμϐολῆς,
1073 5903 1166 5956 τὸν
1211 5905 1514 5974 ὀνειδισμὸν
1557 5907 1716 5961 αὑτοῦ

1811 2048 1894 2092 ter
1949 2038 2186 2109 excipite
2249 2041 2593 2109 peregrinos,
2649 2042 2746 2096 sed
2812 2057 2936 2096 cum
2991 2043 3287 2096 dilectione
3333 2052 3386 2098 et

1811 2130 2105 2184 charitate.

1892 2242 1910 2274 ι
1958 2221 2262 2277 Latnerunt
2303 2223 2550 2293 quidam,
2599 2226 2808 2294 angelis
2838 2226 3081 2296 hospitio
3126 2227 3384 2295 receptis.

1813 2313 2002 2386 [νεῐιε.
2050 2315 2129 2388 5.]
2180 2316 2510 2371 Memenlote
2544 2319 2877 2381 vinctorum,
2928 2329 3186 2388 tanquam
3220 2320 3382 2374 simul

1811 2407 2015 2472 vincti;
2074 2408 2458 2473 laborantium,
2513 2420 2770 2479 lanquam
2823 2421 2875 2465 et
2906 2412 3011 2482 ipsi
3057 2413 3113 2466 in
3147 2427 3384 2482 corpore

1811 2508 2110 2553 morantes.
2149 2518 2166 2550 ι

1882 2590 2108 2644 ldcirco-
2150 2606 2346 2660 magna
2392 2607 2603 2646 merces
2642 2592 2766 2646 data
2805 2602 2890 2649 est
2919 2593 3224 2657 Abraham,
3256 2595 3385 2663 quia

1811 2696 1950 2750 quos
1977 2682 2261 2735 nesciebat
2288 2683 2510 2751 angelos
2553 2699 2694 2744 esse,
2733 2683 2833 2738 hos
2862 2687 3082 2753 excepit
3117 2685 3380 2753 hOSpitio.

1810 2769 1944 2824 Nam
1971 2771 2016 2824 si
2053 2772 2334 2834 rescisset,
2376 2773 2509 2825 nihil
2552 2774 2920 2830 admiratione
2952 2775 3175 2846 dignum
3225 2777 3383 2829 foret.

1811 2861 1924 2917 Hoc
1962 2864 2123 2917 etiam
2159 2863 2223 2917 ad
2257 2863 2358 2918 Lot
2395 2874 2625 2934 spectat.

1881 2953 2049 3011 Vens.
2086 2954 2202 3009 4-7.
2238 2975 2256 3006 ‹
2295 2943 2624 3011 Honorabile
2655 2958 2995 3012 connuhium
3025 2958 3079 3012 in
3105 2959 3380 3022 omnibus,

1815 3053 1869 3100 et
1904 3053 2060 3100 torus
2091 3046 2495 3100 immaculatns.
2518 3047 2907 3105 Fornicalores
2963 3051 3107 3104 enim
3142 3060 3196 3103 et
3225 3052 3380 3104 adul-

1814 3148 1962 3192 teros
1998 3139 2268 3207 judicabit
2330 3139 2490 3196 Deus.
2549 3139 2671 3194 Sint
2717 3158 2899 3197 mores
2946 3145 3068 3197 sine
3125 3144 3380 3204 avaritia,

1812 3231 2051 3284 contenti
2115 3232 2514 3300 prazsentibus;
2572 3234 2690 3303 ipse
2741 3235 2885 3288 enim
2935 3235 3120 3289 dixit:
3178 3233 3295 3289 Non
3332 3243 3382 3289 te

1814 3319 2085 3378 deseram.
2143 3335 2318 3388 neque
2367 3321 2779 3392 derelinquam;
2835 3325 2909 3377 ita
2945 3334 3005 3378 ut
3049 3324 3386 3379 conlidenter

1812 3410 2100 3464 dicamus:
2157 3411 2422 3466 Dominus
2478 3414 2610 3466 mihi
2662 3415 2884 3483 adjutor
2939 3433 2952 3468 :
3017 3432 3123 3468 non
3182 3415 3386 3469 timebo

1812 3504 1944 3574 quid
1995 3504 2162 3558 faciat
2191 3506 2323 3558 mihi
2359 3507 2542 3559 homo.
2580 3507 2910 3563 Mementote
2969 3509 3383 3579 pra-positorum

1812 3602 2142 3659 vestrorum,
2175 3597 2266 3664 qui
2301 3597 2458 3650 vobis
2492 3598 2655 3650 locuti
2689 3610 2820 3652 sunt
2848 3600 3076 3653 verbum
3106 3597 3223 3653 Dei.
3265 3617 3284 3650 ι

1879 3686 1984 3741 Per
2024 3689 2209 3740 omnia
2241 3688 2311 3741 sit
2343 3705 2466 3742 cum
2520 3695 2726 3745 decore
2790 3701 2843 3745 et
2888 3693 3119 3756 honore,
3155 3705 3258 3744 nec
3297 3691 3384 3744 in-

1813 3781 2072 3852 quinetur
2100 3786 2378 3835 consortio
2409 3798 2533 3835 cum
2572 3792 2857 3838 extranea.

1889 3889 1908 3922 ι
1941 3871 2182 3937 Quorum
2223 3873 2638 3928 considerantes
2667 3876 2878 3928 exitum
2916 3875 3382 3939 conversationis,

1814 3961 2104 4016 imitamini
2135 3961 2315 4017 ﬁdem.
2352 3961 2542 4034 [Vens
2571 3964 2624 4024 8,
2656 3965 2734 4037 9.]
2765 3964 2927 4019 Jcsus
2957 3965 3213 4019 Christus
3237 3965 3381 4027 heri,

1814 4065 1868 4112 et
1909 4057 2067 4111 hodie
2097 4058 2236 4127 ipse,
2272 4066 2326 4111 et
2355 4060 2406 4112 in
2438 4060 2660 4113 saecula.
2704 4059 2984 4114 Doctrinis
3014 4061 3179 4113 variis
3208 4069 3261 4115 et
3293 4076 3386 4131 pc-

1814 4150 2051 4218 regrinis
2085 4150 2256 4202 noiite
2289 4149 2508 4205 abduci.
2539 4152 2810 4219 Optimum
2843 4160 2927 4204 est
2956 4153 3102 4204 enim
3130 4169 3148 4201 ι

1885 4240 2339 4304 Considerantes,
2396 4244 2595 4310 inquit,
2647 4243 2812 4296 vitam
2859 4259 3048 4297 eorum
3079 4253 3130 4297 et
3164 4257 3389 4296 conver-

1817 4333 2107 4398 sationem,
2161 4334 2457 4389 imitamini
2514 4337 2695 4391 ﬁdem.
2753 4336 2893 4402 Quid
2934 4335 3391 4391 considerantes?

1818 4425 2193 4480 indesinenter
2251 4427 2307 4480 in
2375 4427 2534 4482 vobis
2592 4431 3388 4498 versantes,.investigantcs,

1817 4525 2159 4586 reputantes,
2210 4517 2578 4586 inquirentes,
2637 4518 2930 4587 diligenter
2987 4521 3386 4588 expendentes,

1818 4611 2074 4679 quoniam
2114 4625 2304 4664 eorum
2339 4613 2683 4665 conversatio
2728 4610 2968 4667 faustum
3003 4612 3176 4684 ﬁnem.
3199 4613 3380 4667 habet.

1890 4720 1912 4752 ι
1943 4700 2130 4754 Gratia
2164 4703 2418 4757 stabilire
2453 4719 2567 4766 cor,
2611 4723 2628 4754 ι

1889 4797 2016 4849 Sive
2051 4797 2170 4849 lide.

1895 4907 1913 4938 ι
1950 4887 2068 4941 Non
2100 4888 2267 4950 escis,
2301 4904 2419 4955 quae
2463 4903 2570 4940 non
2612 4887 2945 4957 profuerunt
2978 4889 3388 4942 ambulantibus

1819 4980 1992 5048 inleis.
2021 4978 2210 5052 [Vens
2237 4978 2448 5052 10-12.]
2482 4979 2757 5035 Habemus
2779 4981 2970 5042 altare,
3008 4979 3073 5033 de
3105 4995 3213 5050 quo
3228 4983 3389 5032 edere

1819 5087 1928 5126 non
1953 5073 2154 5127 habent
2184 5082 2508 5142 potestatem
2545 5075 2637 5143 qui
2660 5073 3012 5128 tabernaculo
3051 5071 3384 5124 deserviunt.

1820 5163 2065 5230 Quorum
2118 5166 2264 5219 enim
2329 5166 2653 5219 animalium
2720 5165 2954 5219 infertur
3005 5164 3234 5230 sanguis
3289 5175 3391 5230 pro

1821 5266 2045 5325 peccato
2082 5259 2137 5311 in
2171 5256 2373 5312 Sancta
2428 5267 2744 5314 sanctormn
2786 5273 2881 5327 per
2921 5254 3258 5325 pontificem,
3292 5253 3390 5305 hoc

1820 5366 1940 5403 rum
1999 5364 2231 5420 corpora
2273 5332 2616 5406 .crcmanlur
2684 5359 2838 5405 extra
2901 5355 3104 5401 castra.
3163 5345 3392 5414 Propter

1820 5441 1967 5512 quod
1999 5449 2051 5496 et
2087 5440 2270 5510 Jesus,
2312 5453 2371 5496 ut
2422 5442 2796 5499 sanctiﬁcaret
2841 5454 2937 5512 per
2974 5453 3135 5493 suum
3165 5436 3388 5508 sangui-

1822 5553 1944 5593 nem
1977 5541 2257 5611 populum,
2293 5560 2312 5593 ι

1895 5630 2025 5685 lllos
2057 5633 2220 5686 tacite
2255 5633 2440 5687 innuit
2480 5634 2573 5704 qui
2626 5634 2875 5689 ciborum
2913 5629 3284 5687 exclusionem
3314 5625 3392 5679 in-

1823 5727 2211 5781 troducebant.

1892 5818 2053 5888 257
2081 5839 2099 5870 ‹
2140 5819 2304 5874 Extra
2340 5832 2547 5890 portam
2581 5839 2778 5893 passus
2814 5831 2920 5878 est.
2957 5820 3146 5893 [VEns.
3173 5811 3386 5884 15—16.]

1823 5911 2093 5966 Excamus
2120 5911 2287 5984 igitur
2313 5913 2380 5967 ad
2412 5931 2532 5968 eum
2589 5925 2743 5972 extra
2776 5927 2979 5982 castra,
3002 5905 3386 5983 improperiuul
