3910 6420
136 455 238 520 937

1248 459 1326 520 IN
1364 462 1601 521 EPIST.
1644 463 1671 521 Ι
1710 464 1807 521 AD
1845 463 2323 525 TIMOTIIEUM.

3264 471 3367 538 998

134 574 371 631 ποιεῖτε.
413 575 577 645 Ὁρᾷς
622 576 703 628 ὅτι
750 574 810 627 οὐ
846 575 972 645 περὶ
1011 574 1297 646 δογμάτων
1341 579 1516 643 ἐστὶν,
1566 579 1673 632 ἀλλ.

1808 583 1861 633 in
1894 581 2044 635 oculo
2087 591 2174 635 tuo
2206 599 2309 634 non
2364 582 2503 637 vides
2558 585 2633 654 ‘7’?
2673 585 2867 638 Omnia
2896 603 3018 654 ergo
3050 603 3368 657 quwcunque

130 668 260 739 περὶ
303 668 416 736 βίου
450 667 543 719 καὶ
573 664 767 735 ἔργων.
811 666 968 719 Ἀλλὰ
992 668 1021 719 ὁ
1047 667 1254 731 Παῦλος
1280 669 1540 740 πρότερον
1573 688 1699 723 συν-

1804 672 2039 725 dixermt
2098 672 2263 738 vobis,
2319 674 2475 742 facile
2502 691 2520 727 :
2564 676 2849 729 secundum
2880 689 3056 730 autem
3092 694 3249 746 opera
3276 695 3367 733 eo-

129 758 363 828 έστησεν
441 758 671 820 αὐτοὺς,
717 758 811 809 καὶ
861 757 980 809 τότε
1043 760 1227 828 φησὶν,
1259 762 1541 815 Πείθεσθε
1579 762 1673 817 τοῖς

1806 781 1921 817 rum
1958 766 2119 819 nolite
2139 767 2312 831 facere
2349 768 2413 823 ⁸⁸.
2444 768 2605 824 Vides
2634 769 2824 838 igitur,
2858 785 2965 823 non
2996 771 3062 825 de
3091 770 3365 838 doctrina,

128 850 489 919 ἡγουμένοις
514 847 681 917 ὑμῶν
700 890 715 914 ,
740 849 834 901 καί
865 848 1155 903 ὑπείκετε.

1805 856 1902 911 sed
1951 856 2018 911 de
2064 858 2188 911 vitae
2224 859 2439 913 ratione
2473 868 2528 913 et
2572 861 2831 928 Operibus
2877 876 3183 915 sermonem
3218 877 3363 917 esse.

125 941 337 998 Paulus
371 944 574 1013 itaque.
608 941 774 1011 258
824 956 946 994 cum
1023 943 1258 1011 primum
1283 959 1379 999 eos
1450 947 1939 1013 commendaverit,
1996 958 2127 1003 tunc
2188 950 2369 1004 dicit:
2436 950 2652 1005 Obedile
2698 954 2996 1021 prwpositis
3060 954 3266 1019 vestris,
3315 964 3366 1007 et

125 1035 418 1103 σοὺ-ἰαθεὶς.

201 1144 221 1179 ι
282 1125 705 1197 Ἀπολελυμένον
725 1145 740 1161 ·
797 1127 914 1198 μεθ’
945 1121 1007 1181 οῦ
1038 1167 1052 1189 ,
1086 1129 1181 1182 ἐὰν
1218 1130 1404 1199 τάχιον
1436 1129 1689 1199 ἔρχηται,

122 1220 328 1291 ὂψομαι
357 1219 518 1289 ὑμᾶς.
564 1217 907 1274 Ἀσπάσασθε
944 1220 1149 1285 πάντας
1192 1223 1318 1284 τοὺς
1357 1223 1690 1292 ἡγουμένους

122 1311 304 1379 ὑμῶν,
336 1311 430 1364 καὶ
459 1311 667 1374 πάντας
691 1313 815 1375 τοὺς
837 1312 1043 1381 ἁγίους.
1086 1312 1445 1376 Ἀσπάζονται
1472 1315 1613 1383 ὑμᾶς
1641 1316 1689 1367 οἱ

121 1404 230 1459 ἀπὺ
258 1405 360 1473 τῆς
402 1403 646 1466 Ἰταλίας.
691 1422 709 1454 ι

200 1495 698 1564 Ἆπολελυμένον.
731 1494 934 1557 Πόθεν;
970 1490 1136 1566 Οἶμαι
1176 1497 1338 1550 αὐτὸν
1367 1497 1446 1561 είς
1474 1497 1684 1565 δεσμω-

117 1589 310 1660 τήριον
341 1585 742 1657 ἐμϐεϐλῆσθαι·
786 1586 818 1656 ἢ
866 1586 1020 1657 εἰμὴ
1055 1586 1241 1649 τοῦτο.
1284 1588 1391 1640 ἀπὸ
1448 1586 1686 1655 Ἀθηνῶν

116 1677 538 1749 ἀπολελυμένον.
568 1676 681 1731 Kal.
715 1675 824 1746 γὰρ
858 1678 951 1729 καὶ
986 1676 1142 1731 τοῦτο
1188 1681 1244 1730 ὲν
1291 1680 1412 1735 ταῖς
1450 1679 1686 1748 Πρὰξεσι

116 1771 321 1823 κεῖται.

192 1880 214 1913 ι
268 1860 335 1912 Ἦ
365 1859 522 1932 χάρις
558 1859 693 1929 μετὰ
728 1860 943 1913 πάντων
976 1860 1146 1930 ὑμῶν.
1194 1860 1387 1930 Ἀμήν.
1429 1880 1447 1911 ι

196 1950 260 2005 Ἦ
290 1952 451 2022 χάρις
484 1951 601 2015 πῶς
632 1952 840 2020 γίνεται
890 1953 1007 2022 μεθ’
1060 1952 1249 2023 ὴμῶνς
1281 1955 1375 2007 ἐὰν
1413 1955 1487 2025 μὴ
1527 1954 1682 2026 ὑϐρί-

113 2059 299 2111 σωμεν
328 2045 407 2105 είς
434 2043 533 2112 τὴν
562 2043 897 2115 εὐεργεσίαν.

111 2133 271 2201 Πρὸς
310 2132 612 2200 Ἐϐραίους
636 2132 858 2200 ἐγράφη
889 2132 1006 2187 ἀπὸ
1035 2133 1145 2201 τῆς
1180 2133 1439 2199 Ἰταλίας
1464 2133 1560 2187 διὰ
1596 2140 1682 2190 Τι-

548 2226 787 2293 μοθέου.
827 2226 1072 2294 Στίχων.
1118 2224 1236 2294 ψγκ

180 2316 332 2387 (Τὴν
360 2317 496 2387 πρὸς
524 2317 805 2386 Ἐὖραίους
856 2318 1168 2388 Ἐπιστολὴν
1200 2320 1402 2387 ἱστορεῖ
1426 2318 1672 2388 Κλήμης,

108 2401 169 2463 οῦ
222 2410 498 2481 μέμνηται
542 2409 787 2472 Παῦλος,
818 2410 874 2472 ὃς
913 2411 1005 2463 καὶ
1057 2410 1349 2471 ἐπίσκοπος
1393 2410 1677 2479 Ῥωμαίων

108 2500 363 2567 ἐγένετοο
407 2499 480 2561 ὼς
525 2499 735 2551 Παύλου
783 2499 949 2569 αὐτὴν
1007 2498 1280 2568 Ἑϐραίοις
1321 2501 1387 2569 τῇ
1438 2500 1676 2569 Ἐϐραΐδι

107 2592 376 2661 διαλέκτῳ
427 2592 782 2657 συντάξαντος
820 2591 1172 2661 ἡρμηνεύθη,
1226 2590 1300 2653 ὥς
1343 2608 1522 2654 τινες,
1575 2592 1678 2644 ὑπὸ

106 2684 298 2737 Λουκᾶ
341 2683 432 2736 τοῦ
477 2683 864 2753 εὐαγγελιστοῦ
896 2701 910 2714 ·
960 2685 1034 2747 ὡς
1079 2683 1136 2736 δὲ
1178 2683 1347 2747 ἄλλοι,
1380 2683 1484 2736 ὑπὸ
1512 2682 1677 2737 αὑτοῦ

106 2775 201 2828 τοῦ
234 2775 574 2847 Κλήμεντος.
598 2778 616 2845 )

193 2888 234 2923 ⁸⁷
269 2890 458 2945 Matth.
492 2906 587 2953 vn,
610 2892 665 2947 4.
753 2893 797 2924 ¹⁸
820 2891 1008 2945 Matth.
1050 2906 1209 2956 xxm,
1242 2892 1298 2946 5.

1875 1152 1893 1183 ι
1921 1132 2238 1193 Dimissum,
2259 1146 2381 1185 cum
2402 1146 2511 1200 quo
2543 1130 2610 1198 (si
2641 1131 2877 1185 celerius
2904 1130 3137 1203 venerit)
3165 1132 3365 1187 videbo

1796 1240 1915 1277 vos.
1951 1224 2198 1277 Salutate
2233 1238 2424 1277 omnes
2446 1224 2777 1293 prmpositos
2806 1230 3043 1289 vestros,
3092 1232 3146 1277 et
3171 1238 3367 1280 omnes

1796 1324 2035 1367 sanctos.
2072 1313 2324 1366 Salutant
2361 1330 2455 1368 vos
2484 1315 2579 1384 qui
2614 1323 2741 1369 sunt
2771 1314 2839 1367 de
2868 1313 3039 1369 ltalia.
3077 1334 3095 1367 ι

1864 1496 2170 1550 Diminum.
2236 1495 2390 1550 Unde
2423 1510 2546 1550 reor
2577 1496 2731 1549 illum
2768 1496 2823 1549 in
2865 1510 3142 1549 carcerem
3176 1496 3364 1562 conje-

1790 1599 1938 1642 ctum
2000 1588 2202 1651 fuisse;
2249 1589 2335 1642 sin
2388 1603 2541 1652 vero,
2588 1586 2880 1641 dimissum
2932 1587 3187 1641 Athenis.
3222 1588 3359 1641 Nam

1787 1688 1842 1733 et
1881 1680 1983 1733 hoc
2013 1696 2229 1748 quoque
2263 1681 2316 1733 in
2349 1679 2579 1734 Actibus
2620 1679 2990 1748 apostolorum
3022 1678 3277 1732 habetur.

1860 1858 2026 1914 Vens.
2057 1859 2148 1913 25.
2180 1878 2198 1910 ‹
2240 1857 2425 1912 Gratia
2455 1874 2578 1911 cum
2608 1858 2864 1913 omnibus
2890 1858 3064 1913 vobis.
3099 1858 3289 1913 Amen.
3330 1878 3348 1908 ι

1860 1953 2107 2019 Quonam
2161 1954 2321 2006 modo
2360 1954 2533 2023 gratia
2567 1952 2853 2006 nobiscum
2894 1952 3023 2015 erit,
3077 1953 3123 2006 si
3155 1951 3360 2005 beneli-

1789 2041 1981 2095 centize
2016 2040 2111 2095 Dei
2144 2056 2487 2110 nequaquam
2524 2042 2709 2108 iujurii
2741 2042 2990 2095 erimus?

1788 2131 2037 2200 Epistola
2061 2132 2128 2185 ad
2158 2130 2406 2185 Πρω-(εστ
2440 2149 2503 2186 ea:
2537 2132 2701 2185 Italia
2731 2134 2929 2201 scripta
2960 2142 3036 2187 est
3062 2148 3153 2201 per
3174 2132 3359 2187 Timo-

2242 2225 2433 2278 theum.
2487 2224 2731 2278 Versibus
2761 2225 2885 2278 705.

1855 2318 1873 2387 (
1900 2317 2194 2386 Epistulam
2224 2316 2289 2369 ad
2320 2316 2573 2369 llchrmus
2601 2315 2857 2369 edisserit
2887 2315 3160 2379 Clemens,
3196 2315 3358 2382 cujus

1782 2409 2031 2463 meminit
2086 2408 2308 2470 Paulus,
2365 2409 2569 2475 quique
2637 2408 3013 2460 ltomanorum
3065 2406 3357 2474 episcopus

1780 2501 1883 2555 fuit
1913 2518 1926 2554 :
1962 2509 2021 2555 ut
2060 2502 2255 2568 nempe
2280 2515 2403 2553 cum
2436 2499 2737 2568 Apostolus
2766 2513 2883 2551 eam
2918 2497 3191 2551 llebraico
3220 2497 3356 2549 idin-

1781 2600 1925 2645 mate
1958 2592 2299 2660 scripsisset,
2343 2590 2395 2642 in
2429 2590 2677 2643 Crmcum
2718 2589 2987 2643 translata
3019 2588 3109 2650 sit,
3144 2598 3201 2640 ut
3234 2587 3355 2655 qni-

1781 2680 1905 2736 dem
1939 2681 2219 2737 nonnullis
2254 2682 2452 2751 placet,
2487 2698 2515 2732 a
2564 2680 2709 2734 Luca
2740 2680 3071 2749 evangelista
3098 2696 3112 2745 ;
3143 2687 3202 2732 ut
3228 2676 3354 2730 aliis

1783 2788 1939 2839 vero,
1968 2775 2037 2828 ab
2063 2773 2255 2829 eodem
2283 2772 2588 2827 Clemente.
2614 2774 2630 2841 )

117 3072 3310 3109 mw

675 3245 845 3331 ΕΙΣ
940 3242 1589 3331 ΕΠΙΣΤΟΛΗΝ
1641 3242 1933 3329 ΠΡΟΣ
2016 3238 2605 3329 ΤΙΜΟΘΕΟΝ
2648 3232 2765 3319 Α’.

491 3597 620 3687 ΙΝ
695 3596 1361 3690 EPISTOLAM
1439 3592 1900 3684 PRIMAM
1973 3591 2120 3678 AD
2199 3586 2976 3678 TlMOTHEUM.

533 3915 923 3969 ΚΕΦΑΛΑΙΟΝ
981 3915 1270 3968 ΠΡΩΤΟΝ.

168 4024 191 4059 ‹
228 4004 443 4070 Παῦλος
500 4006 789 4068 ἀπόστολος
845 4005 1078 4077 Χριστοῦ
1122 4005 1293 4076 Ἰησοῦ
1334 4008 1453 4059 κατ’
1483 4010 1671 4063 ἐπιτα-

98 4098 195 4169 γὴν
255 4098 394 4151 Θεοῦ
455 4099 663 4171 Πατρδς
711 4100 819 4169 (12)
869 4098 1021 4168 ὑμῶν
1081 4100 1171 4150 καὶ
1219 4100 1421 4169 Κυρίου
1496 4102 1666 4171 Ἰησοῦ

98 4190 334 4261 Χριστοῦ
364 4191 463 4259 τῆς
511 4190 725 4253 ἐλπίδος
774 4192 953 4260 ἡμῶν,
987 4190 1234 4261 Τιμοθέῳ
1258 4192 1465 4262 γνησίῳ
1492 4194 1666 4264 τέκνῳ

98 4283 150 4333 ὲν
189 4282 396 4335 πίστει.
429 4300 448 4332 ι

170 4371 394 4443 Ἐπειδὴ
451 4372 621 4442 μέγας
662 4368 729 4443 ἦν
772 4374 801 4425 ὁ
832 4374 979 4440 ἀγὼν
1028 4374 1106 4444 τῷ
1155 4376 1367 4446 μαθητῇ
1395 4392 1409 4407 ⁸
1443 4375 1663 4444 δέσμιος

94 4464 197 4534 γὰρ
242 4460 318 4535 ἦν
346 4464 487 4535 ὑπὲρ
515 4464 607 4517 τοῦ
642 4465 1027 4536 κηρύγματος·’
1070 4466 1257 4519 τούτου
1298 4469 1457 4537 χάριν
1502 4468 1661 4531 εὐθὺς

96 4557 154 4607 ἐκ
182 4554 489 4625 προοιμίων
526 4554 803 4626 ἀνίστησιν
838 4556 1000 4609 αὑτοῦ
1046 4556 1143 4627 τὴν
1173 4558 1370 4629 ψυχὴν.
1417 4559 1659 4628 Σωτῆρα

93 4645 175 4696 τὸν
207 4646 345 4699 Θεὸν
371 4646 551 4699 καλῶν
572 4664 585 4677 ·
612 4648 793 4715 ὅμοιον
822 4646 877 4698 δὲ
905 4647 979 4709 ὡς
1014 4648 1061 4699 εἰ
1087 4648 1252 4716 λέγον
1289 4651 1361 4702 Οὐ
1394 4652 1496 4721 χρὴ
1522 4655 1659 4721 ἀκη-

92 4732 202 4801 διᾷν
230 4736 293 4785 ὲν
324 4734 443 4796 ταῖς
466 4732 729 4803 Θλίψεσιν,
764 4734 973 4803 ἔχοντες
1004 4736 1229 4807 Σωτῆρα
1258 4739 1349 4792 τὸν
1378 4740 1530 4805 Θεὸν,
1564 4742 1657 4793 καὶ

92 4822 274 4876 ἐλπίδα
302 4824 395 4877 τὸν
430 4824 682 4895 Χριστόν.

155 5014 502 5087 Εὐρίσκομεν
543 5020 651 5090 γὰρ
692 5021 754 5074 τὸ
798 5020 1023 5092 Πνεῦμα
1066 5023 1221 5091 λέγον
1251 5040 1264 5052 ·
1318 5024 1658 5092 Ἀφορίσατε

88 5122 183 5169 μοι
213 5105 464 5159 Παῦλον
492 5110 588 5162 καὶ
616 5110 946 5179 Βαρνάϐαν.

159 5216 179 5249 ι
217 5199 429 5271 Χάρις,
460 5202 641 5265 ἕλεος,
686 5206 877 5276 εἰρήνη
905 5206 1011 5260 ἀπὸ
1039 5205 1173 5259 Θεοῦ
1215 5206 1428 5277 Πατρὸς
1463 5206 1650 5277 ἡμῶν,

91 5289 180 5341 καὶ
213 5292 423 5362 Κυρίου
452 5294 689 5364 Χριστοῦ
732 5296 906 5367 Ἰησοῦ
942 5297 1039 5351 τοῦ
1068 5298 1275 5369 Κυρίου
1304 5298 1481 5368 ἡμῶν.
1522 5317 1539 5348 ι

157 5382 269 5436 Καὶ
295 5384 456 5438 τοῦτο
473 5386 574 5453 τῆς
602 5387 832 5457 θλίψεως
853 5390 1257 5461 παραμυθικόν.
1286 5390 1534 5463 Οὐδαμοῦ
1560 5391 1652 5444 τὸν

92 5468 233 5524 ἔλεον
271 5474 307 5544 ἢ
346 5476 579 5530 ἐνταῦθα
617 5480 923 5551 ὠνόμασεν.

96 5660 138 5697 "
158 5668 284 5723 Act.
324 5686 439 5734 1m,
464 5674 521 5726 '2.

2285 3910 2513 3967 CAPUT
2542 3910 2834 3967 PRIMUM.

1841 4007 2008 4064 Vens.
2048 4008 2101 4071 1,
2131 4008 2187 4063 2.
2224 4024 2242 4057 ι
2284 4006 2486 4061 Paulus
2539 4006 2821 4075 apostolus
2854 4005 2983 4061 Jesu
3014 4006 3214 4063 Christi
3249 4024 3336 4065 se-

1769 4103 2011 4157 cundum
2042 4100 2334 4169 imperium
2384 4097 2479 4153 Dei
2523 4098 2704 4153 Patris
2755 4100 2952 4165 nostri,
3006 4108 3059 4153 et
3117 4101 3335 4157 Domini

1769 4196 1944 4250 nostri
1992 4193 2123 4249 Jesu
2155 4192 2358 4248 Christi
2401 4192 2518 4262 spei
2550 4200 2775 4259 nostrae,
2818 4190 3110 4249 Timotheo
3133 4194 3334 4252 dilecto

1767 4288 1878 4341 ﬁlio
1906 4288 1957 4339 in
1992 4286 2115 4341 ﬁde.
2144 4306 2162 4337 ι

1835 4379 2107 4445 Quoniam
2158 4393 2415 4449 magnum
2464 4383 2745 4433 certamen
2780 4378 3136 4433 incumbebat
3165 4378 3333 4435 disci-

1764 4471 1911 4539 pulo,
1954 4483 2076 4523 cum
2128 4469 2346 4522 vinctus
2380 4476 2525 4522 esset
2579 4474 2799 4536 propter
2854 4466 3328 4537 praedicationem',

1763 4577 1880 4616 eam
1912 4560 1981 4614 oh
2012 4574 2237 4613 causam
2282 4560 2461 4613 statim
2518 4558 2588 4615 ab
2621 4558 2845 4613 exordio
2886 4559 3130 4615 animum
3180 4562 3330 4619 illius

1764 4653 1950 4723 erigit,
1990 4653 2158 4706 Deum
2210 4650 2544 4706 Salvatorem
2592 4660 2786 4716 vocat;
2820 4652 3047 4721 perinde
3078 4669 3143 4708 ac
3167 4655 3214 4709 si
3241 4656 3328 4709 di-

1762 4756 1946 4799 ceret:
1980 4744 2099 4798 Non
2133 4759 2233 4798 nos
2264 4751 2479 4813 oportet
2510 4744 2564 4796 in
2608 4742 3000 4800 atllictionihus
3035 4747 3330 4804 concidere

1762 4835 1967 4898 animo,
1998 4834 2093 4903 qui
2147 4834 2318 4890 Deum
2374 4833 2675 4889 habeamus
2712 4834 3049 4892 Salvatorem
3083 4849 3137 4894 et
3166 4838 3328 4895 Citri-

1762 4937 1907 4981 stum
1942 4942 2113 4995 spem.

1834 5020 2149 5073 Invenimus
2198 5018 2345 5073 enim
2416 5016 2689 5088 Spiritum
2732 5021 3013 5077 edixisse:
3049 5022 3327 5095 Segregate

1760 5112 1888 5164 milii
1926 5109 2154 5164 Paulum
2190 5122 2237 5161 et
2269 5108 2574 5162 Barnabam
2613 5111 2682 5166 ¹⁹.

1834 5223 1852 5255 ι
1908 5204 2121 5265 Gratia,
2174 5202 2586 5269 misericordia,
2641 5220 2745 5273 pax
2804 5220 2832 5257 a
2892 5204 3003 5259 Deo
3054 5203 3216 5260 Patre
3268 5216 3322 5262 et

1684 5293 1728 5348 Ι)
1757 5296 1975 5350 Christo
2004 5293 2134 5350 Jesu
2165 5294 2396 5347 Domino
2431 5305 2643 5351 nostro.
2682 5316 2699 5346 ι

1830 5391 2010 5457 Atque
2063 5387 2165 5441 hoc
2203 5395 2288 5441 est
2335 5386 2647 5442 atllictionis
2689 5388 3049 5442 levamentum
3080 5398 3134 5444 et
3178 5390 3323 5445 sola-

1761 5496 1909 5535 men.
1938 5478 2224 5548 Nusquam
2268 5478 2697 5534 misericordiam
2733 5479 2819 5534 his
2851 5481 2905 5534 in
2946 5481 3082 5537 locis
3119 5498 3321 5540 memo-

1764 5571 1921 5625 ravit.

1587 5766 1817 5825 NOT/E.

156 5852 270 5923 (iit)
310 5856 396 5910 Sic
420 5859 637 5927 quidem
663 5859 878 5915 codices
906 5860 1113 5930 aliquot
1149 5878 1163 5915 :
1197 5869 1388 5916 auctor
1410 5874 1540 5917 vero
1569 5877 1691 5917 cum
1722 5865 2112 5935 Chrysostomo
2130 5876 2182 5921 et
2208 5869 2327 5926 aliis
2359 5869 2587 5940 legebat,
2625 5871 2895 5942 Σωτῆρος.
