4022 6430
523 454 632 522 999

525 671 648 714 cum
689 654 821 707 irem
856 651 909 703 in
941 645 1342 702 Macedoniam.
1373 664 1392 698 ι

592 746 714 802 Νοη
761 741 1013 810 magistri
1063 753 1216 792 more
1259 736 1525 806 loquitur,
1560 734 1656 790 sed
1688 750 1825 805 pene
1858 732 2090 797 famuli;

528 847 588 892 ut
634 835 962 904 discipulum
1023 830 1218 885 doceat
1257 828 1499 882 modeste
1525 841 1588 880 ac
1613 827 1850 881 demisse
1881 837 2091 894 sapere.

603 948 622 982 ι
659 929 730 984 Ut
756 925 1114 981 denuntiares
1144 920 1473 990 quihusdam
1497 933 1606 972 non
1634 917 1793 972 aliter
1815 915 2038 972 docere.
2069 934 2089 968 ι

599 1021 717 1076 Non
749 1035 844 1075 eos
887 1014 1209 1071 nominatim
1269 1011 1498 1074 indicat,
1554 1024 1622 1065 ne
1665 1008 2097 1079 impudentiores

527 1112 742 1167 ﬁerent.

599 1200 772 1255 Vens.
806 1199 860 1252 4.
900 1217 918 1248 ι
957 1195 1142 1266 Neque
1181 1192 1532 1248 intenderent
1564 1189 1789 1255 fabulis,
1832 1207 1851 1241 ι

599 1292 892 1345 Fabulosis
924 1289 1116 1358 utique
1167 1285 1480 1341 Iudaeorum
1513 1282 1931 1344 traditionibus,
1960 1294 2099 1350 quos

528 1385 691 1437 etiam
727 1382 990 1452 propheta
1026 1381 1290 1449 coarguit’
1316 1379 1512 1433 dicens
1545 1395 1557 1428 :
1611 1377 1866 1429 Docentes
1897 1373 2102 1428 doctri-

530 1493 627 1528 nas
681 1484 730 1528 et
783 1471 1040 1526 mandata
1087 1472 1358 1524 hominum
1402 1471 1468 1522 ὀ.
1514 1467 1649 1522 Nam
1682 1467 1935 1538 neglecta
1966 1463 2102 1536 legis

529 1567 898 1636 expositione,
936 1565 1268 1618 traditiones
1303 1578 1432 1618 suas
1460 1561 1923 1632 excogitaverant.

606 1678 624 1709 ι
660 1658 722 1709 Et
751 1657 1086 1727 genealogiis
1125 1654 1511 1708 interminatis.
1547 1672 1565 1704 ι

605 1749 948 1816 (.‘enealogias
982 1755 1160 1809 vocat,
1200 1745 1520 1813 theogonias
1543 1742 1882 1801 Graecorum,
1910 1738 2103 1806 longas

532 1847 703 1898 series
732 1841 984 1894 deorum.
1022 1837 1288 1891 Hortatur
1315 1851 1447 1906 ergo
1477 1835 1812 1904 discipulum
1853 1831 2016 1902 259
2046 1840 2104 1884 ut

531 1951 630 1989 eos
681 1932 954 1987 disturbet
989 1931 1082 2000 qui
1126 1929 1345 1983 fabulas
1395 1927 1658 1981 Judaicas
1709 1925 2108 1994 amplecteren-

535 2034 646 2088 tur,
685 2040 783 2078 nec
814 2024 936 2078 illos
965 2023 1111 2091 loqui
1151 2021 1354 2076 sineret
1398 2021 1494 2091 qui
1526 2017 1864 2075 Graecanicis
1905 2016 2110 2071 errori-

532 2119 637 2171 bus
691 2117 896 2171 addicti
962 2122 1172 2179 essent,
1236 2129 1340 2169 nec
1395 2112 1562 2169 veluti
1626 2107 2111 2166 concatenationes

534 2211 762 2266 deorum
795 2208 1022 2263 inferre.

613 2321 631 2353 ι
663 2301 792 2366 Quae
837 2301 1168 2367 quaestiones
1223 2306 1488 2368 praestant
1545 2297 1752 2367 magis,
1788 2309 1950 2366 quam
1997 2293 2112 2348 dis-

535 2393 914 2462 pensationem
952 2393 1040 2444 Ilei
1077 2394 1129 2444 in
1159 2391 1283 2444 lide.
1321 2411 1338 2442 ι

609 2483 733 2536 Istae
785 2483 1086 2546 doctrinae,
1144 2483 1362 2550 inquit,
1418 2497 1544 2534 cum
1602 2481 1739 2534 nulli
1793 2481 2112 2549 adiumento

537 2575 649 2629 sint
670 2616 685 2639 ,
734 2576 1010 2628 hominem
1061 2576 1286 2643 insuper
1319 2589 1349 2626 ιι
1379 2573 1799 2641 dispensatione
1827 2571 1925 2625 Dei
1954 2586 2113 2624 aver-

536 2675 681 2722 tunt.
724 2665 1180 2731 Dispensationem
1233 2674 1417 2720 autem
1451 2664 1548 2718 Dei
1585 2665 1824 2736 appellat
1860 2664 2116 2718 incarna-

538 2756 708 2810 tionis
737 2758 1077 2828 mysterium.

609 2847 777 2904 Vsns.
816 2849 868 2902 5.
900 2868 917 2900 ι
946 2847 1100 2902 Finis
1136 2858 1321 2902 autem
1359 2847 1619 2916 praecepti
1653 2853 1738 2900 est
1769 2844 2015 2899 charitas
2051 2843 2118 2897 de

539 2942 709 2997 corde
763 2956 938 3011 puro,
989 2949 1043 2995 et
1083 2941 1428 2994 conscientia
1467 2941 1646 3005 bona,
1673 2946 1741 3006 λοι
1783 2937 1887 2992 ﬁde
1916 2952 2025 2991 non
2059 2937 2117 2988 (i-

539 3042 652 3093 cta.
685 3052 705 3086 ι

614 3125 668 3179 Id
698 3133 816 3187 est,
861 3139 1076 3179 summa
1127 3123 1514 3178 mandatorum
1559 3131 1646 3177 est
1687 3136 1868 3178 sermo
1897 3122 1963 3176 dc
1990 3121 2119 3175 cha-

542 3217 724 3270 ritate.
759 3215 1228 3280 Quemadmodum
1275 3225 1456 3271 autem
1507 3215 1796 3287 Scriptura
1838 3216 2116 3270 Christum

543 3307 704 3360 ﬁnem
757 3306 892 3374 legis
941 3306 1076 3359 dicit
1126 3307 1194 3368 ⁸¹,
1247 3307 1350 3360 hoc
1401 3317 1488 3362 est
1541 3307 2010 3375 complementum
2065 3314 2118 3360 et

544 3399 942 3462 summarium;
978 3401 1057 3452 sic
1093 3407 1148 3453 et
1177 3400 1282 3453 hoc
1332 3400 1385 3453 in
1440 3401 1561 3454 loco
1617 3400 1943 3454 vocabulum
1993 3402 2118 3468 ﬁnis

543 3493 853 3560 usurpavit.
885 3491 1029 3547 Bene
1064 3508 1192 3547 vero
1225 3493 1456 3562 adjecit,
1492 3492 1555 3546 de
1589 3495 1746 3547 corde
1776 3509 1950 3562 puro;
1983 3509 2120 3563 quo—

542 3583 692 3639 niam
744 3592 799 3638 et
851 3585 1122 3640 malorum
1175 3595 1258 3640 est
1288 3585 1534 3640 amicitia
1557 3627 1572 3647 .
1605 3586 1785 3656 qualis
1816 3586 1994 3641 fuerat
2028 3601 2122 3639 eo-

545 3692 668 3732 rum
702 3679 794 3744 qui
845 3677 1094 3730 unanimi
1151 3678 1388 3733 consilio
1436 3677 1722 3734 Christum
1769 3677 1937 3748 impie
1983 3675 2122 3730 allii-

546 3775 769 3820 XCI‘llllL

617 3857 785 3914 Vens.
827 3859 879 3913 6.
906 3879 922 3910 ι
951 3859 1197 3926 Quorum
1237 3860 1462 3929 quidam
1493 3859 1839 3924 aberrantes,
1866 3857 2118 3913 conversi

546 3960 675 4004 sunt
705 3951 758 4003 in
793 3951 1192 4020 vaniloquium.
1230 3971 1248 4001 ι

611 4040 653 4091 A
690 4041 994 4106 charitate,
1028 4043 1142 4103 ait,
1197 4049 1250 4095 et
1302 4040 1643 4096 conscientia
1693 4043 1870 4106 bona,
1915 4050 1969 4096 ct
2016 4041 2122 4096 ﬁde

546 4147 656 4186 non
691 4134 976 4187 simulata.

619 4222 782 4279 Vens.
827 4225 880 4278 7.
912 4244 929 4273 ι
968 4222 1226 4278 Volentes
1285 4239 1407 4278 esse
1466 4224 1601 4294 legis
1655 4224 1949 4290 doctores,
2012 4241 2119 4281 non

548 4317 923 4385 intelligentes
951 4355 966 4376 ,
1009 4332 1185 4384 neque
1215 4317 1282 4370 de
1329 4317 1532 4386 quibus
1581 4317 1900 4386 loquuntur,
1944 4334 2122 4388 neque

545 4406 614 4462 de
642 4408 843 4475 quibus
876 4406 1168 4459 afﬁrmant.
1200 4425 1219 4458 ι

619 4495 812 4550 Libido
848 4498 1050 4566 quippe
1073 4497 1399 4552 dominandi
1428 4514 1524 4554 eos
1554 4501 1698 4571 cogit
1726 4512 1787 4555 ut
1819 4503 2115 4574 magisterii

545 4606 750 4646 munus
780 4591 1067 4658 arripiant.

613 4702 780 4758 Vens.
823 4702 878 4767 8,
918 4702 972 4756 9.
1002 4720 1020 4753 ι
1052 4701 1268 4757 Scimus
1299 4712 1485 4757 autem
1514 4705 1638 4772 quia
1671 4698 1812 4760 bona
1867 4718 1954 4763 est
1996 4709 2078 4762 lex
2101 4747 2116 4772 ,

548 4797 593 4852 si
624 4796 751 4864 quis
776 4809 839 4848 ea
871 4793 1112 4864 legitime
1143 4805 1346 4850 utatur.
1379 4796 1490 4850 lloc
1524 4800 1728 4866 sciens,
1763 4819 1780 4852 ι

614 4907 904 4977 Legitime,
946 4908 1166 4977 inquit,
1213 4909 1262 4961 id
1302 4919 1420 4973 est,
1457 4928 1554 4980 per
1590 4929 1755 4982 opera
1799 4915 1967 4984 legem
2017 4917 2120 4970 im-

550 5001 768 5072 plendo.
803 4999 1154 5069 Rursumque
1189 5002 1417 5072 legitime
1462 5005 1689 5068 dicitur,
1740 5006 1870 5060 dum
1918 5009 2118 5077 aliquis

549 5097 653 5166 legi
690 5111 896 5150 morem
936 5095 1099 5164 gerit.
1133 5096 1258 5164 Legi
1296 5113 1421 5150 vero
1457 5098 1546 5152 ille
1576 5116 1782 5154 morem
1824 5101 1998 5171 gerit,
2027 5104 2118 5170 qui

549 5187 829 5242 Christum
867 5187 1142 5256 suscipit:
1188 5187 1314 5256 quia
1365 5204 1561 5256 nempe
1611 5189 1723 5243 haec
1767 5205 1868 5246 nos
1916 5202 2120 5262 myste-

551 5280 691 5334 rium
722 5279 841 5349 ejus
869 5278 1142 5341 docebat,
1171 5278 1318 5347 quod
1350 5279 1656 5335 umbratice
1687 5281 2008 5337 delincaret.

617 5412 646 5461 ,ι
676 5393 817 5460 Quia
851 5395 936 5448 lex
961 5393 1116 5463 justo
1149 5408 1258 5447 non
1288 5401 1373 5448 est
1405 5395 1604 5464 posita.
1639 5414 1656 5445 ι

619 5503 912 5559 Proximus
945 5519 1144 5560 sensus
1170 5513 1286 5567 est,
1313 5503 1528 5572 justum
1563 5508 1786 5564 minime
1817 5510 2113 5567 obnoxium

551 5611 676 5652 esse
711 5595 1002 5668 supplicio.
1033 5594 1385 5665 Spiritualior
1411 5597 1574 5665 verof,
1625 5613 1750 5653 eum
1800 5602 1893 5671 qui
1933 5603 2118 5672 justus

553 5687 733 5744 factus
786 5687 891 5754 sit,
943 5687 1172 5742 liberum
1220 5702 1339 5743 esse
1395 5703 1426 5741 a
1480 5689 1729 5747 molestis
1775 5691 2118 5762 jussionibus

624 5866 669 5899 ”
697 5864 802 5923 lsa.
836 5881 985 5929 uix,
1025 5865 1110 5920 l5.
1186 5868 1230 5899 “
1270 5866 1426 5922 liom.
1467 5883 1518 5935 κ,
1560 5868 1612 5924 4.

1709 441 1770 500 S.
1803 435 2120 499 JOANNIS
2143 434 2571 498 DAMASCENI
2627 475 2632 478 -

591 563 760 617 Vens.
791 560 844 614 5.
883 576 901 608 ι
941 556 1098 610 Sicut
1128 554 1317 624 rogavi
1357 560 1409 607 te
1436 559 1496 605 ut
1521 563 1838 605 remaneres
1869 547 2093 618 Ephesi,
2124 546 2172 604 Α

3624 437 3742 502 1000

2276 566 2294 598 ι
2347 548 2547 613 Καθὼς
2579 550 2930 622 παρεκάλεσά
2963 567 3020 604 σε
3063 554 3389 624 προσμεῖναι
3426 553 3484 605 ὲν
3521 553 3749 625 Ἐφέσῳ,

2197 643 2560 713 πορευόμενος
2591 646 2669 708 είς
2699 645 3055 699 Μακεδονίαν.
3099 666 3115 696 ι

2265 737 2338 789 Ού
2363 736 2684 790 διδασκάλου
2721 740 2870 808 φωνῇ
2914 737 3199 806 κέχρηται,
3231 737 3347 793 ἀλλ’
3386 737 3606 790 οἰκέτου
3648 754 3751 809 σχε-

2195 829 2304 894 δὸν,
2338 829 2425 882 ἵνα
2454 830 2639 902 διδάξῃ
2667 831 2755 884 τὸν
2789 831 3036 901 μαθητὴν
3067 834 3537 901 ταπεινοφρονεῖν.

2274 944 2291 975 ι
2340 926 2457 979 Ἵνα
2493 926 2871 997 παραγγείλῃς
2899 926 3030 991 τισὶ,
3066 926 3139 996 μὴ
3173 924 3694 997 ἑτεροδιδασκαλεῖν.
3730 943 3749 979 ι

2271 1016 2345 1070 Ού
2375 1016 2589 1086 τίθησιν
2630 1016 2846 1079 αὐτοὺς,
2873 1016 3151 1086 ὀνομαστὶ,
3185 1016 3271 1069 ἵνα
3303 1015 3378 1088 μὴ
3415 1017 3754 1084 ἀναισχυντο-

2198 1108 2387 1179 τέρους
2416 1110 2639 1180 ποιήσῃ.

2277 1216 2294 1248 ι
2332 1199 2481 1267 Μηδὲ
2513 1198 2798 1269 προσέχειν
2831 1198 3041 1268 μύθοις,
3081 1215 3104 1252 ι

2271 1290 2404 1352 Ταῖς
2432 1289 2685 1359 μυθικαῖς
2709 1289 2820 1343 τῶν
2859 1290 3123 1344 Ἰουδαίων
3155 1289 3538 1361 παραδόσεσιν,
3570 1283 3652 1352 οἷς
3679 1290 3756 1344 καὶ

2202 1384 2229 1436 6
2247 1383 2529 1452 προφήτης
2553 1381 2795 1436 ἐνεκάλει
2825 1381 2998 1449 λέγων
3020 1401 3033 1414 ·
3064 1381 3460 1448 Διδάσκοντες
3485 1383 3755 1437 διδασκα-

2203 1475 2370 1540 λίας,
2419 1473 2760 1542 ἐντάλματα
2824 1473 3171 1541 ἀνθρώπων.
3229 1474 3506 1543 Ἀφιέντες
3540 1474 3649 1545 γὰρ
3686 1475 3758 1539 ἐξ·

2205 1565 2457 1638 ηγεῖσϐαι
2480 1566 2574 1619 τὸν
2603 1569 2790 1636 νόμον,
2835 1566 2969 1629 ἰδίας
2999 1565 3327 1636 παραδόσεις
3355 1567 3637 1622 ἐπενόουν.

2283 1679 2302 1712 ι
2346 1661 2458 1713 Καὶ
2485 1659 2856 1729 γενεαλογίαις
2884 1661 3230 1731 ἁπεράντοις.
3259 1677 3277 1708 ι

2278 1751 2714 1822 Γενεαλογίας,
2758 1752 2857 1813 τάς
2904 1751 3034 1822 παρ’
3080 1750 3350 1821 Ἑλλήνων
3381 1748 3661 1817 θεογονίας
3686 1747 3761 1801 15'-

2208 1861 2328 1912 γει,
2359 1844 2458 1908 τάς
2487 1843 2672 1914 σειράς
2696 1843 2803 1896 τῶν
2837 1842 2995 1900 θεῶν.
3025 1844 3296 1914 Παραινεῖ
3319 1838 3413 1896 οῦν
3436 1841 3513 1912 τῷ
3537 1841 3758 1912 μαθητῇ,

2211 1937 2308 1990 καὶ
2347 1939 2474 2001 τοὺς
2532 1935 2718 2005 μύθοις
2777 1936 3087 1999 Ἰουδαϊκοῖς
3138 1935 3514 2006 κεχρημένους
3553 1934 3763 2004 άνατρὲο

2211 2047 2352 2095 πειν,
2385 2033 2480 2083 καὶ
2519 2031 2643 2094 τοὺς
2686 2028 3004 2100 Ἑλληνικῆς
3050 2029 3266 2096 ἀπάτης
3314 2029 3653 2098 χρωμένους,
3701 2027 3762 2098 μὴ

2210 2125 2526 2196 ἐπιτρέπειν
2575 2123 2788 2186 λαλεῖν,
2856 2123 2992 2194 μηδὲ
3051 2123 3216 2176 οἱονεὶ
3270 2121 3456 2192 σειράς
3507 2119 3765 2190 εἰσφέρειν

2213 2217 2370 2271 θεῶν.

2290 2329 2308 2363 ‹
2339 2310 2566 2373 Αἴτινες-
2605 2311 2860 2382 ζητήσεις
2896 2307 3194 2380 παρέχουσι
3239 2308 3464 2378 μᾶλλον,
3502 2307 3537 2378 ἢ
3573 2305 3762 2360 οἰκοδο-

2217 2405 2350 2476 μίαν
2398 2404 2532 2457 Θεοῦ
2568 2404 2670 2474 τὴν
2703 2405 2761 2456 ἐν
2793 2403 3000 2457 πίστει.
3042 2421 3060 2455 ι

2286 2489 2478 2556 Αῦται,
2516 2496 2698 2566 φησὶν,
2731 2497 2783 2548 αἱ
2813 2493 3152 2548 διδασκαλίαι
3187 2493 3324 2562 πρὸς
3343 2493 3404 2545 τὸ
3435 2492 3606 2562 μηδὲν
3635 2493 3764 2562 ὠφε-

2215 2586 2348 2651 λεῖν,
2376 2587 2471 2639 καὶ
2498 2586 2598 2655 τῆς
2637 2585 2949 2655 οἰκονομίας
2970 2584 3063 2636 τοῦ
3089 2582 3246 2642 Θεοῦ,
3273 2580 3651 2651 ἀπασχολοῦσι
3692 2581 3769 2634 τὸν

2217 2675 2522 2746 ἄνθρωπον.
2559 2677 2915 2745 Οίκονομίαν
2947 2674 3005 2728 δὲ
3055 2673 3201 2727 Θεοῦ
3223 2674 3284 2725 τὸ
3307 2673 3406 2743 τῆς
3436 2671 3768 2743 ὲνανθρωπήο

2218 2784 2354 2834 σεως
2388 2770 2536 2838 λέγει
2571 2771 2891 2838 μυστήριον.

2296 2874 2318 2910 ο
2349 2857 2422 2911 Τὸ
2453 2858 2510 2910 δὲ
2547 2857 2699 2921 τέλος
2731 2857 2832 2926 τῆς
2877 2857 3255 2928 παραγγελίας
3295 2856 3467 2918 ἐστὶν,
3497 2853 3688 2924 ἀγάπη
3716 2853 3772 2906 ὲκ

2217 2949 2466 3021 καθαρᾶς
2499 2951 2748 3022 καρδίας,
2777 2950 2869 3003 καὶ
2913 2949 3268 3018 συνειδήσεως
3297 2947 3536 3017 ἀγαθῆς,
3574 2946 3672 3000 καὶ
3692 2965 3771 2998 ·,ιο

2146 3082 2193 3145 c
2224 3060 2392 3106 στεως
2417 3043 2801 3112 ἀνυποκρίτου.
2841 3061 2859 3092 ι

2293 3134 2571 3197 Τουτέστι,
2612 3133 2908 3200 κεφάλαιον
2954 3132 3054 3203 τῆς
3105 3131 3484 3203 παραγγελίας
3556 3130 3722 3191 ἐστὶν,
3750 3132 3775 3182 6

2222 3225 2349 3293 περὶ
2377 3225 2598 3293 ἀγάπης
2628 3225 2804 3292 λόγος.
2835 3225 3044 3294 ’Ὠσπερ
3083 3224 3139 3276 δὲ
3169 3223 3322 3287 τέλος
3350 3225 3520 3292 νόμου
3550 3221 3774 3292 Χριστὸν

2221 3312 2466 3383 ήΓραφὴ
2493 3311 2676 3380 λέγει,
2723 3313 2970 3365 τουτέστι
3006 3310 3401 3380 συμπλήρωσιν
3460 3309 3559 3362 καὶ
3616 3325 3776 3374 κεφαο

2220 3399 2466 3461 λαίωσιν.
2491 3399 2638 3453 οὕτω
2667 3399 2902 3452 ἐνταῦθα
2940 3399 3130 3470 εἴρηκε
3163 3398 3260 3470 τὴν
3289 3397 3484 3461 λέξιν.
3532 3390 3607 3449 Εὖ
3641 3397 3695 3450 δὲ
3724 3395 3779 3446 τὺ

2197 3491 2538 3561 προσθεῖναι
2588 3492 2655 3544 ἐκ
2693 3490 2954 3559 καθαρᾶς
3001 3489 3270 3558 καρδίας,
3301 3488 3492 3560 ἐπειδὴ
3526 3488 3640 3542 ἔστι
3692 3488 3776 3542 καὶ

2222 3584 2473 3652 πονηρῶν
2507 3583 2717 3653 ἀγάπη.
2771 3576 2889 3636 Οἷοι
2943 3577 3084 3654 ἦσαν
3114 3582 3162 3634 οἱ
3194 3578 3555 3651 ὁμονοοῦντες
3581 3579 3674 3631 ἐπὶ
3718 3581 3776 3648 τῇ

2222 3673 2361 3726 κατά
2379 3673 2614 3743 Χριστοῦ
2637 3672 2944 3744 δυσσεϐείᾳ.

2298 3874 2315 3905 ι
2347 3848 2447 3908 Ὧν
2483 3869 2624 3915 τινες
2659 3853 3086 3923 ἀστοχήσαντες,
3137 3849 3518 3920 ἐξετράπησαν
3568 3849 3648 3910 εἰς
3689 3863 3779 3917 μα-

2223 3944 2551 4012 ταιολογίαν.
2583 3964 2601 3995 ι

2294 4038 2404 4107 Τῆς
2431 4038 2651 4109 ἀγάπης
2679 4037 2848 4107 λέγει.
2897 4038 2992 4091 καὶ
3035 4038 3133 4107 τῆς
3164 4035 3375 4105 ἀγαθῆς
3403 4033 3775 4101 συνειδήσεως,

2222 4129 2314 4182 καὶ
2348 4129 2445 4197 τῆς
2469 4129 2837 4200 ἀνυποκρίτου
2867 4131 3124 4192 πίστεως.

2307 4241 2324 4273 ι
2363 4223 2618 4285 Θέλοντες
2658 4219 2794 4275 εἶναι
2855 4221 3318 4292 νομοδιδάσκαλοι,
3393 4221 3468 4291 μὴ
3519 4221 3777 4283 νοοῦντες.

2229 4318 2365 4388 μήτε
2397 4317 2431 4371 ἃ
2465 4315 2703 4384 λέγουσι,
2733 4317 2872 4387 μήτε
2905 4317 3034 4387 περὶ
3062 4315 3226 4369 τίνων
3259 4315 3717 4369 διαϐεϐαιοῦνται.
3757 4333 3774 4365 ι

2299 4502 2364 4550 '0
2408 4501 2515 4570 γὰρ
2559 4499 2699 4571 ἔρως
2752 4499 2850 4569 τῆς
2905 4497 3198 4569 φιλαρχίας
3245 4497 3550 4566 ἀναγκάζει
3596 4497 3656 4551 τὸ
3683 4496 3784 4550 τῶν

2230 4593 2570 4648 διδασκάλων
2605 4590 2870 4662 ἁρπάζειν
2901 4591 3137 4662 ἀξίωμα.

2299 4729 2314 4759 ι
2347 4709 2583 4778 Οἴδαμεν
2630 4707 2688 4760 δὲ
2735 4708 2816 4760 ὅτι
2870 4706 3034 4768 καλὸς
3079 4707 3108 4756 6
3154 4704 3338 4775 νόμος,
3395 4705 3493 4757 ἐάν
3537 4721 3623 4767 τις
3649 4701 3788 4772 αὐτῷ

2225 4804 2479 4872 νομίμως
2504 4801 2719 4872 χρῆται.
2762 4798 2933 4862 Εἰδὼς
2961 4798 3139 4862 τοῦτο,
3181 4817 3198 4847 ›

2296 4919 2390 4982 T6,
2421 4917 2701 4986 νομίμως,
2742 4914 2864 4969 ἀντὶ
2897 4914 3013 4975 τοῦ,
3051 4912 3120 4964 δι’
3161 4911 3336 4982 ἔργων
3375 4909 3542 4962 αὑτὸν
3577 4909 3788 4979 πληροῖ.

2227 5010 2336 5062 Καὶ
2371 5009 2534 5061 πάλιν
2557 5008 2619 5060 τὸ
2664 5007 2946 5075 νομίμως,
2998 5007 3127 5057 ὅταν
3179 5021 3260 5066 τις
3307 5001 3457 5072 αύτῷ
3517 5001 3792 5054 πείθεσθαι

2227 5099 2395 5165 λέγει.
2433 5099 2684 5151 Πείθεται
2733 5098 2789 5150 δὲ
2837 5096 2983 5165 αὐτῷ
3013 5099 3039 5148 ὁ
3079 5097 3367 5166 δεχόμενος
3400 5095 3494 5147 τὸν
3544 5094 3792 5164 Χριστὸν,

2227 5191 2363 5242 καθὸ
2404 5192 2500 5243 καὶ
2525 5191 2585 5243 τὸ
2618 5189 2747 5258 περὶ
2783 5187 2947 5242 αὑτοῦ
2975 5189 3252 5241 ἐδίδασκεν
3293 5189 3442 5256 ἡμᾶς
3469 5186 3787 5258 μυστήριον,

2231 5283 2419 5353 ὥσπερ
2442 5286 2499 5335 ὲν
2530 5284 2707 5346 σκιαῖς
2743 5282 2871 5352 ὑμῖν
2898 5281 3269 5350 καταγράφων
3301 5279 3452 5332 αὑτό.

2302 5416 2321 5449 ι
2364 5398 2486 5450 "Ut:
2521 5397 2712 5464 δικαίῳ
2742 5396 2906 5467 νόμος
2927 5396 2986 5447 ού
3025 5396 3225 5448 κεῖται.
3255 5412 3272 5445 ι

2298 5513 2457 5567 Κατὰ
2479 5512 2579 5583 μὲν
2601 5511 2692 5565 τὸν
2720 5510 3013 5582 πρόχειρον
3031 5500 3210 5578 λόγον,
3233 5507 3314 5561 δτι
3337 5505 3611 5567 κολάσεως
3633 5505 3771 5554 ἐστιν

2234 5604 2389 5668 me;
2428 5602 2505 5673 τῷ
2528 5601 2742 5673 δικαίῳ.
2763 5601 2923 5655 Κατὰ
2954 5600 3009 5653 δὲ
3034 5599 3124 5652 τὸν
3153 5598 3682 5669 πνευματικώτερον,
3701 5592 3780 5643 ὅτι

2230 5698 2258 5751 6
2285 5699 2595 5764 δικαιωθεὶς
2625 5697 2716 5752 διὰ
2744 5697 2844 5766 τῆς
2885 5695 3128 5765 χάριτος,
3167 5693 3270 5762 ἔξω
3294 5691 3605 5746 λυπούντων
3628 5698 3782 5759 προσ·
