3910 6410
605 325 771 395 ’1003

1775 320 1852 386 τε.
1880 325 2201 385 JOANNIS
2233 317 2663 392 DAMASCENI

3705 340 3800 405 100i

631 436 928 510 exprimit,
961 436 1129 491 'velut
1186 435 1533 504 significans,
1580 443 1692 488 tum
1741 436 1887 488 illam
1922 451 2043 490 cum
2095 449 2190 504 qua

2303 437 2466 490 οἱονεὶ
2499 441 2779 510 σημαίνων
2831 440 3046 513 ἑκείὺην
3092 443 3191 513 μεθ
3240 462 3308 516 ης
3346 445 3532 500 ἔλαϐεν
3561 449 3801 512 αὖτὲν,ιεὶ

629 528 979 586 Timotheum
1023 537 1344 595 acceperat,
1389 541 1512 580 cum
1546 541 1652 595 qua
1683 535 1736 578 ct
1764 526 1940 595 ipsum
1967 526 2197 578 circum-

626 613 868 683 Ciderat,
901 627 956 672 et
1009 631 1133 671 cum
1188 631 1294 686 qua
1339 616 1535 670 ordine
1587 629 1745 668 sacro
1794 613 2046 669 eumdem
2097 613 2200 666 ini-

627 713 880 766 tiaverat.

703 821 722 854 ι
753 802 927 868 Quam
957 800 1180 870 quidam
1212 800 1536 869 repellentes
1559 839 1574 864 ,
1604 799 1748 852 circa
1784 798 1941 852 tidem
1975 797 2199 850 naufra-

623 904 920 965 gaverunt,
969 892 1176 964 [Veas.
1217 891 1329 962 9.0]
1371 907 1435 945 ex
1498 891 1700 961 quibus
1741 898 1824 944 est
1874 889 2199 959 Hymenaaus

623 995 677 1040 et
707 983 1040 1048 Alexander,
1073 997 1214 1052 quos
1245 981 1444 1034 tradidi
1478 981 1716 1033 Satante.
1751 998 1768 1031 ι

697 1075 830 1129 Nam
860 1074 950 1128 ubi
986 1076 1100 1128 vita
1137 1073 1387 1143 deposita
1421 1081 1507 1126 est
1531 1111 1544 1134 ,
1577 1081 1631 1124 et
1677 1071 1952 1141 ejusmodi
1996 1070 2194 1140 dogma

619 1166 676 1220 in
709 1167 884 1219 lucem
915 1163 1118 1228 editur,
1157 1178 1220 1216 ac
1256 1164 1522 1232 plurimos
1552 1162 1742 1217 videas
1776 1164 1830 1216 in
1863 1161 2192 1232 profundum

623 1258 894 1311 malorum
925 1270 1225 1318 corruere,
1253 1264 1307 1308 et
1331 1255 1396 1307 ad
1430 1254 1690 1325 gentilem
1729 1253 1891 1307 ritum
1925 1250 2193 1306 converti.

623 1344 693 1402 Ut
719 1346 864 1401 enim
897 1345 1208 1400 futurorum
1260 1357 1405 1398 metu
1443 1345 1669 1398 minime
1700 1343 2040 1407 crucientur,
2075 1342 2193 1395 ani-

619 1451 710 1491 mo
738 1435 1071 1505 persuadere
1097 1435 1319 1489 student
1353 1435 1488 1488 falsa
1536 1448 1661 1489 esse
1707 1447 2052 1504 quaecunque
2093 1447 2194 1487 nos

618 1525 913 1580 tradimus.

656 1639 707 1670 ~¢
739 1617 810 1674 Ut
835 1617 1054 1672 discant
1083 1631 1189 1672 non
1216 1617 1619 1688 blasphemarc.
1655 1636 1672 1668 ι

1076 1705 1084 1714 ’
1255 1707 1424 1763 'CAP.
1468 1707 1534 1762 li.

659 1793 664 1797 ’
691 1797 853 1854 Vens.
874 1790 877 1793 ’
899 1799 950 1853 1.
980 1817 1000 1850 ι
1031 1797 1279 1853 Obsecro
1305 1799 1471 1868 igitur
1501 1800 1738 1868 primum
1773 1798 1891 1854 ﬁeri
1924 1799 2191 1855 obsecra-

615 1891 833 1954 tiones,
884 1891 1318 1960 postulationes,
1363 1898 1417 1944 et
1458 1891 1762 1960 gratiarum
1806 1892 2052 1947 actiones
2094 1907 2195 1963 pro

614 1982 875 2038 omnibus
900 1982 1273 2036 hominibus.»

571 2075 576 2080 ’
683 2075 805 2132 Non
835 2083 893 2130 ιιι
918 2090 1012 2131 eos
1039 2075 1274 2140 doceat,
1307 2077 1514 2148 inquit,
1561 2077 1659 2133 sed
1702 2087 1760 2132 ut
1801 2077 2032 2132 discant.
2073 2075 2193 2132 Non

615 2167 757 2222 enim
802 2166 906 2223 hoc
949 2168 1040 2223 ille
1073 2176 1329 2237 praestat,
1362 2169 1455 2225 sed
1485 2169 1784 2225 indictione
1811 2183 1986 2240 poenae
2021 2168 2072 2224 id
2095 2183 2195 2224 ac-

613 2259 771 2314 cidit.

681 2352 847 2410 vens.
889 2354 1020 2410 2-6.
1049 2374 1067 2407 ι
1103 2355 1207 2410 Pro
1245 2355 1463 2426 regibus
1493 2364 1548 2410 et
1572 2353 1829 2421 omnibus
1853 2353 1946 2424 qui
1978 2352 2033 2406 in
2063 2351 2193 2407 sub-

613 2445 843 2502 limitate
891 2456 1051 2514 sunt,
1126 2448 1284 2520 261
1337 2459 1394 2503 ut
1443 2449 1682 2518 quietam
1732 2457 1785 2502 et
1837 2446 2189 2516 tranquillam

611 2536 780 2590 vitam
822 2553 1051 2609 agamus
1100 2539 1154 2593 in
1203 2539 1355 2594 omni
1411 2541 1617 2609 pietate
1664 2547 1719 2593 et
1763 2539 2044 2594 castitate.
2077 2534 2192 2592 Iloc

609 2629 755 2683 enim
781 2629 982 2685 bonum
1011 2641 1094 2686 est
1154 2639 1206 2686 et
1237 2641 1516 2700 acceptum
1546 2646 1735 2686 coram
1763 2628 2050 2685 Salvatore
2083 2629 2192 2684 Deo

609 2729 829 2787 nostro,
861 2723 953 2793 qui
993 2723 1107 2777 vult
1139 2739 1331 2778 omnes
1360 2723 1608 2777 homines
1639 2722 1820 2777 salvos
1854 2720 2004 2785 ﬁeri,
2036 2726 2091 2774 et
2123 2717 2191 2772 ad

609 2815 944 2881 agnitionem
973 2815 1220 2869 veritatis
1256 2815 1468 2870 venire.
1493 2813 1652 2869 Unus
1672 2813 1820 2868 enim
1853 2809 2018 2876 Deus,
2047 2827 2190 2867 unus

534 2951 539 2960 .
611 2905 880 2961 mediator
911 2905 1004 2960 Dei
1029 2917 1082 2960 et
1117 2905 1400 2961 hominum
1425 2947 1439 2972 ,
1487 2906 1654 2960 homo
1697 2903 1956 2960 Christus
1993 2900 2189 2968 Iesus,

609 2997 700 3064 qui
735 2995 885 3052 dedit
909 2998 1266 3066 semetipsum
1293 3015 1311 3048 ι

682 3089 822 3155 Quia
875 3089 1156 3160 principes
1189 3097 1326 3144 tunc
1373 3090 1636 3160 temporis
1689 3089 2034 3144 Christianos
2069 3101 2187 3141 ma-
2215 3110 2260 3174 Ο

610 3182 766 3236 xime‘
791 3180 1230 3244 insectabantur,
1287 3179 1559 3236 orandum
1623 3195 1745 3237 esse
1776 3194 1876 3251 pro
1905 3179 2040 3250 ipsis
2086 3178 2185 3244 ait,

610 3279 667 3324 ut
700 3269 886 3326 ﬁdeles
915 3270 1133 3326 discant
1155 3286 1248 3326 eos
1311 3286 1422 3326 non
1476 3270 1681 3327 odisse.
1717 3269 1830 3326 Hoc
1859 3284 2054 3341 nempe
2085 3269 2186 3324 do-

539 3353 546 3356 ’
607 3377 761 3426 cens,
791 3360 938 3433 quod
965 3360 1231 3419 Dominus
1258 3361 1345 3419 his
1370 3362 1554 3418 verbis
1607 3367 1942 3434 praeceperat
1975 3375 1990 3415 :
2023 3360 2188 3417 Orate

605 3462 702 3523 pro
735 3453 1165 3524 persequentibus
1199 3471 1288 3510 vos
1306 3455 1373 3510 ".
1405 3453 1757 3527 Quapropter
1785 3452 1990 3527 adjecit
2019 3470 2036 3510 :
2065 3455 2183 3510 Hoc

597 3542 801 3597 bonum
825 3551 906 3600 est
933 3553 983 3599 et
1014 3555 1312 3615 acceptant.

650 3653 700 3686 ‘s
736 3632 1301 3709 Redemptionetn'pro
1323 3638 1599 3706 omnibus,
1615 3623 2028 3704 testimonium,
2054 3653 2075 3689 ι

674 3725 812 3782 Cum
891 3728 963 3782 ob
1021 3735 1248 3798 peccata
1288 3744 1387 3784 sua
1421 3728 1688 3800 puniendi
1742 3735 1954 3794 essent,
1980 3727 2182 3802 inquit,

607 3814 800 3870 horum
835 3815 954 3872 vice
979 3806 1174 3871 Filium
1199 3833 1360 3873 suum
1384 3817 1556 3874 dedit.
2149 3815 2156 3819 ’

676 3995 1038 4067 Temporibus
1091 3999 1240 4066 suis;
1295 3998 1498 4071 [Vens
1529 3997 1586 4066 7,
1613 3997 1680 4071 8]
1721 4000 1776 4054 in
1813 4014 1922 4070 quo
1971 3997 2184 4070 positus

605 4100 724 4138 sum
746 4101 846 4158 ego
873 4089 1196 4157 praedicator
1215 4100 1266 4145 et
1293 4090 1586 4160 Apostolus
1614 4089 1930 4156 (veritatem
1960 4091 2102 4157 dico,
2131 4101 2185 4146 et

606 4192 714 4230 non
755 4181 1041 4249 mentior),
1074 4182 1333 4248 magister
1363 4183 1603 4250 gentium
1642 4181 1695 4236 in
1730 4183 1832 4237 tide
1856 4191 1910 4237 et
1933 4181 2179 4238 veritate.

609 4263 739 4318 Volo
766 4282 864 4337 ego
892 4270 1038 4324 viros
1067 4286 1226 4324 orare
1250 4290 1268 4321 ι

678 4356 729 4408 Id
755 4366 860 4422 est,
889 4360 965 4412 uti
997 4363 1358 4430 congruebat.

677 4467 694 4496 ι
731 4446 786 4501 1η
838 4451 984 4503 omni
1015 4451 1156 4512 loco,
1216 4453 1462 4508 levantes
1523 4468 1688 4522 puras
1720 4469 1915 4510 manus
1951 4458 2072 4512 sine
2102 4460 2181 4513 ira
2214 4475 2258 4530 ῃ

604 4546 655 4592 et
692 4539 1108 4610 disceptatione.
1141 4563 1159 4594 ο

673 4625 931 4684 Ostendit
965 4633 1244 4688 sacriﬁcio
1276 4634 1485 4689 Christi
1511 4634 1715 4690 factum
1758 4653 1883 4694 esse
1915 4647 1974 4693 ut
2001 4643 2188 4697 omnis

604 4720 756 4773 orbis
781 4727 940 4774 terra!
961 4721 1117 4778 locus
1135 4721 1444 4780 Jerusalem
1475 4724 1753 4781 eraderet.
1786 4726 1962 4783 Pnras
1997 4747 2185 4785 manus

605 4810 761 4874 dicit,
794 4822 851 4866 ut
878 4812 1028 4883 ipsos
1064 4815 1260 4893 doceat
1284 4818 1351 4870 ah
1382 4817 1534 4872 omni
1573 4830 1799 4888 peccato
1831 4838 2003 4890 puros
2035 4838 2181 4887 esse,

605 4903 754 4956 velut
810 4913 937 4958 ante
982 4904 1216 4962 dixerat.
1247 4907 1388 4962 lllud
1425 4925 1576 4975 vero,
1615 4911 1727 4964 sine
1763 4913 1868 4978 ira,
1914 4913 2058 4969 idem
2097 4926 2182 4969 est

604 5000 769 5063 atque
834 4995 1161 5065 injuriarum
1226 4999 1595 5056 immemores.
1657 4999 1808 5056 istud
1868 5004 2078 5068 etiam,
2131 5017 2181 5059 et

603 5084 1088 5154 disceptationibus,
1154 5104 1372 5144 omnem
1435 5091 1831 5148 haesitationem
1885 5094 2099 5162 adimit,
2133 5105 2186 5150 et

604 5173 872 5241 ejusmodi
917 5178 1290 5244 dubietatem;
1351 5197 1476 5235 num
1543 5181 1685 5239 forte
1735 5199 1927 5240 eorum
1981 5201 2102 5256 quae
2149 5202 2176 5239 a

607 5262 714 5317 Deo
747 5267 1048 5336 postulant,
1078 5279 1362 5340 compotes
1401 5283 1587 5328 essent
1620 5273 1822 5329 futuri.

677 5354 842 5412 \‘ens.
905 5359 959 5422 9,
994 5360 1080 5414 10.
1123 5378 1142 5411 ι
1183 5360 1450 5417 Similiter
1505 5372 1560 5419 ct
1605 5366 1865 5422 mulieres
1894 5367 1950 5421 in
1985 5367 2176 5422 habitu

606 5453 802 5497 ornato
835 5461 960 5500 cum
1007 5450 1336 5505 verecundia
1379 5461 1431 5506 et
1465 5455 1763 5511 sobrietate
1793 5467 2058 5514 ornantes
2088 5473 2170 5525 se,

605 5541 659 5586 e'.
683 5547 790 5587 non
817 5535 870 5589 in
905 5539 1066 5592 tortis
1103 5540 1372 5607 crinibus,
1404 5553 1496 5598 aut
1529 5561 1682 5612 auro,
1719 5557 1809 5602 aut
1841 5551 2178 5618 margaritis.

704 5712 724 5742 ¹
754 5711 941 5769 Matth.
980 5731 1113 5782 nit,
1149 5718 1238 5774 ιιι.

2305 530 2426 596 μεθ’
2452 525 2519 600 ἦς
2541 532 2857 604 περιέτεμε,
2891 535 2985 587 καὶ
3019 533 3137 604 μεθ’
3167 531 3236 607 ἦς
3266 537 3605 608 ἐχειροτόνει.

2379 816 2395 845 ι
2440 798 2546 849 ’Ἢν
2576 815 2720 860 τινες
2765 801 3138 870 ἀπωσόμενοι,
3168 803 3294 873 περὶ
3343 802 3441 868 τὴν
3481 804 3651 856 πίστιν
3692 808 3800 858 ἐντι.

2301 887 2533 957 ἀγησαν,
2555 883 2627 941 ὧν
2652 891 2799 944 ἐστιν
2815 891 3102 961 ’Υμεναῖος
3122 893 3215 946 καὶ
3241 892 3435 957 Ἀλέξα
3453 894 3590 965 ιερος
3611 895 3690 957 οὓς
3707 913 3798 966 περι

2298 977 2479 1031 ἐδωκα
2502 980 2579 1049 τῷ
2600 982 2836 1052 Σατανᾷ,
2882 1003 2900 1034 ι

2369 1071 2538 1125 Ὅταν
2568 1073 2676 1143 γὰρ
2755 1074 2868 1144 βίος
2887 1077 3332 1146 ἀπεγνωσμένος,
3364 1078 3461 1130 καὶ
3492 1077 3656 1145 δόγμα
3679 1077 3799 1128 τίκτει

2295 1173 2386 1210 ται
2438 1159 2701 1226 τοιοῦτον,
2757 1165 2851 1215 καὶ
2895 1164 3042 1218 ἐστιν
3104 1166 3230 1218 ἰδεῖν
3289 1166 3524 1228 πολλοὺς
3554 1167 3638 1218 ἐπὶ
3661 1166 3709 1218 τὸ
3736 1167 3794 1216 :23

2297 1252 2633 1302 καταπεσεῖν
2661 1253 2740 1313 είς
2773 1251 2931 1322 βυθὸν
2987 1256 3173 1308 κακῶν
3219 1257 3313 1308 καὶ
3370 1258 3454 1318 είς
3512 1254 3799 1324 Ἑλληνισμίν

2295 1339 2689 1409 ἐκτραπέντας.
2740 1344 2858 1398 Ἵνα
2881 1345 2989 1416 γὰρ
3033 1347 3108 1417 μὴ
3139 1346 3215 1416 τῷ
3245 1347 3399 1418 φὸδῳ
3427 1347 3538 1399 τῶν
3572 1347 3799 1416 palliatus

2297 1429 2728 1499 βασανίζωνται,
2767 1438 3132 1490 σπουδάσουσι
3182 1440 3367 1489 πεῖσαι
3423 1439 3529 1506 τὴν
3559 1437 3799 1507 Quit-git;

2295 1523 2464 1593 όευδῆ
2497 1525 2673 1577 πάντα
2701 1526 2768 1578 τὰ
2807 1528 2938 1598 παρ’
2971 1530 3126 1598 ἡμῖν.

2373 1635 2389 1665 ι
2429 1617 2546 1669 Ἵνα
2588 1618 2921 1672 παιδευθῶσι
2967 1620 3044 1691 μὴ
3067 1621 3439 1691 βλασφημεῖν.

2900 1713 3151 1767 ΚΕΦΑΛ.
3192 1715 3267 1767 B'.

2371 1816 2388 1846 α
2443 1796 2877 1870 Παρακαλῶοῦν
2911 1802 3126 1872 πρῶτον
3160 1801 3381 1856 πάντων
3438 1803 3696 1856 ποιεῖσθαι
3724 1801 3802 1868 551‘.-

2299 1905 2432 1952 σειο,
2471 1894 2799 1963 προσευχὰς,
2835 1892 3130 1959 ἐντεύξεις,
3175 1894 3538 1964 εὐχαριστίας
3563 1895 3687 1964 ὑπὲρ
3710 1893 3798 1944 πᾶν·

2295 1992 2403 2027 των
2431 1976 2528 2028 ἀνθ
2537 1979 2754 2047 ρώπων.
2790 1996 2805 2029 ι

2368 2068 2479 2135 Οὐχ
2501 2068 2586 2119 ἵνα
2617 2069 2884 2140 παιδεύσῃ
2909 2070 3133 2134 αὐτοὺς,
3167 2071 3351 2141 φησιν,
3385 2071 3504 2124 ἀλλ’
3536 2071 3619 2124 ἵνα
3637 2069 3803 2122 παιδει-

2296 2156 2501 2211 Οῶσιν.
2535 2159 2608 2210 Ού
2627 2161 2736 2229 γὰρ
2768 2162 2974 2224 ἐκεῖνος
3001 2161 3163 2214 τοῦτο
3187 2161 3508 2232 ἐργάζεται,
3544 2162 3650 2214 ἀλλ’
3674 2162 3723 2212 ὲκ
3741 2160 3801 2228 τῆς

2293 2250 2570 2312 κολάσεως
2603 2251 2760 2304 τοῦτο
2794 2253 3103 2324 συμϐαίνει.

2371 2361 2388 2392 ι
2433 2344 2608 2414 Ὑπὲρ
2653 2346 2943 2415 βασιλέων,
3003 2349 3095 2400 καὶ
3129 2348 3349 2401 πάντων
3382 2349 3494 2401 τῶν
3534 2350 3590 2400 ἐν
3622 2347 3800 2416 ὑπεροχῇ

2294 2439 2484 2504 ὄντων,
2545 2441 2630 2493 ἵνα
2683 2443 2890 2512 ἤρεμον
2935 2445 3036 2496 καὶ
3073 2443 3297 2514 ἡσύχιον
3355 2444 3473 2512 βίον
3512 2444 3749 2510 διάγωμεν
3767 2441 3802 2488 ἐν

2296 2537 2442 2605 πάσῃ
2479 2537 2730 2608 εὐσεϐείᾳ
2772 2537 2864 2589 καὶ
2887 2538 3198 2608 σεμνότητι.
3231 2535 3405 2590 Τοῦτο
3439 2536 3552 2608 γὰρ
3581 2536 3716 2588 καλὸν
3742 2531 3802 2581 au".

2293 2629 2588 2681 ἀπιέδεκτον
2645 2630 2876 2682 ἐνώπιον
2925 2629 3020 2682 τοῦ
3075 2631 3323 2700 Σωτῆρος
3385 2631 3551 2699 ἡμῶν
3595 2625 3724 2688 Θεοῦ,
3765 2622 3803 2682 ὃς

2293 2720 2505 2782 πάντας
2536 2719 2858 2790 ἀνθρώπους
2885 2720 3029 2773 θέλει
3083 2720 3354 2790 σωθῆναι,
3390 2722 3488 2772 καὶ
3523 2721 3600 2783 είς
3626 2717 3802 2783 ἐπίγνω-

2294 2827 2377 2862 σιν
2407 2811 2664 2880 ἀληθείας
2693 2811 2887 2865 ἐλθεῖν.
2922 2809 3016 2876 Εἷς
3054 2813 3162 2884 γὰρ
3191 2813 3345 2877 Θεὸς,
3400 2808 3483 2875 εἷς
3510 2812 3601 2865 καὶ
3631 2796 3802 2879 assist;

2291 2903 2428 2956 Θεοῦ
2457 2904 2551 2957 καὶ
2593 2903 2920 2975 ἀνθρώπων,
2953 2905 3238 2976 ἄνθρωπος
3287 2903 3506 2974 Ἰησοῦς
3553 2899 3802 2974 Χριττῂβ

2289 2997 2413 3060 δούς
2443 2997 2636 3050 ἑαυτὸν
2677 3017 2696 3050 ι

2375 3088 2595 3160 Ἐπειδὴ
2615 3089 2738 3142 τότε
2773 3089 3010 3160 μάλιστα
3045 3087 3350 3150 ἐδιώκοντο,
3405 3086 3576 3156 φησὶν
3611 3081 3801 3154 εὓχεςθιι

2295 3181 2434 3253 ὑπὲρ
2464 3181 2666 3246 αὐτῶν,
2693 3179 2781 3236 ἴνα
2825 3180 3052 3254 διδάσκῃ
3086 3179 3161 3252 μὴ
3213 3183 3396 3251 μισεῖν
3429 3178 3642 3240 αὐτούς.
3677 3173 3801 3228 Τοῦτο

2287 3271 2486 3339 λέγων,
2523 3273 2552 3325 δ
2582 3271 2916 3344 προσέταξεν
2939 3274 2967 3324 ὁ
2994 3271 3201 3342 Κύριος
3217 3271 3417 3339 λέγων,
3443 3266 3803 3337 Προσεύχεσῡι

2285 3363 2441 3431 ὑπὲρ
2477 3361 2594 3416 τῶν
2639 3362 2982 3417 διωκόντων
3033 3361 3212 3431 ὑμᾶς.
3263 3361 3356 3414 Διὸ
3411 3361 3508 3414 καὶ
3537 3360 3800 3430 ἐπήγαγεν

2287 3447 2472 3509 ’Τοῦτο
2500 3454 2694 3509 καλὸν
2719 3453 2819 3508 καί
2849 3453 3208 3511 ἀπόδεκτον.

2361 3649 2382 3683 s
2434 3629 2785 3703 ’Δντίλυτρον
2819 3629 2961 3702 ὑπὶρ
2998 3629 3219 3685 πάντων
3245 3643 3262 3659 ·
3289 3629 3351 3684 τὸ
3382 3629 3691 3702 μαρτύριον,
3720 3641 3735 3675 ι

2362 3720 2654 3793 Ἐμελλεν,
2707 3721 2866 3794 φησι,
2913 3719 3277 3794 τιμωρεῖσθαι
3330 3720 3536 3785 αὐτοὺς
3571 3718 3688 3788 ὑπὲρ
3723 3711 3800 3766 τίη

2283 3813 2724 3886 ἁμαρτημάτων,
2747 3813 2862 3869 ἀλλ’
2890 3814 3010 3869 ἀντ’
3041 3812 3266 3868 ἐκείνων
3303 3813 3400 3866 τὸν
3431 3811 3620 3868 εαυτοῦ
3651 3809 3798 3863 ἔδωκεν

2286 3906 2450 3976 Υίόνς

2363 4020 2382 4054 ι
2414 4001 2644 4071 Καιροῖς
2683 3999 2851 4064 ἰδίοις,
2881 4002 2961 4064 εἰς
2996 3999 3026 4052 ὃ
3051 3998 3242 4070 ἐτέθην
3262 3997 3372 4066 ἐγὼ
3396 3996 3577 4070 κήρυξ
3611 3990 3796 4049 mitia-5-

2287 4088 2495 4152 στολος,
2529 4087 2794 4159 ἀλήθειαν
2858 4087 3025 4158 λέγω,
3069 4089 3130 4142 ού
3184 4087 3481 4158 ψεύδομαι,
3546 4083 3794 4140 διδάσκιλκ

2284 4179 2476 4245 ἐθνῶν,
2508 4180 2567 4232 ἐν
2597 4179 2778 4232 πίστει
2811 4181 2905 4234 καὶ
2934 4180 3180 4251 ἀλγθείᾳ.
3205 4180 3481 4255 Βούλομαι
3509 4198 3600 4234 ουν
3626 4172 3796 4256 3190;25-

2287 4271 2476 4340 χεσθαι
2510 4273 2634 4334 τοὺς
2668 4273 2864 4340 ἄνδρας
2904 4293 2942 4338 ι,

2361 4364 2642 4426 Τουτέστι,
2679 4364 3089 4434 προσηκόντως.

2365 4474 2382 4506 ι
2433 4455 2522 4507 Ἐν
2561 4458 2720 4509 παντὶ
2740 4457 2912 4525 τόπῳ,
2939 4455 3266 4524 ἐπαίροντας
3294 4455 3480 4518 ὁσίους
3519 4458 3696 4525 χεῖρας,
3720 4466 3794 4513 χεν

2294 4547 2376 4618 pi;
2407 4547 2577 4618 ὀργῆς
2612 4549 2706 4600 καὶ
2739 4547 3116 4617 διαλογισμοῦ.
3156 4567 3203 4626 »ί

2360 4642 2664 4704 Δείκνυσιν,
2697 4641 2770 4703 ὡς
2809 4641 2897 4693 διὰ
2931 4640 3030 4710 τῆς
3073 4640 3264 4703 θυσίας
3318 4638 3412 4692 τοῦ
3449 4636 3672 4710 Χριστοῦ
3693 4635 3793 4689 i=1;

2287 4734 2388 4802 τῆς
2405 4733 2730 4802 οἰκουμένης
2752 4733 2912 4795 τόπος
2930 4733 3154 4800 γέγονεν
3187 4730 3572 4802 Ἰερουσαλήμ.
3612 4726 3792 4782 'OCim‘

2283 4825 2340 4877 δὲ
2373 4823 2568 4892 χεῖρας
2601 4822 2776 4890 λέγει,
2799 4822 3064 4876 διδάσκων
3089 4823 3286 4885 αὖτοὺς
3319 4825 3525 4892 πάσης.
3553 4823 3622 4885 ὡς
3648 4815 3791 4872 simia.

2289 4913 2616 4984 καθαρεύειν
2649 4913 2944 4984 ἁμαρτίας.
2987 4913 3062 4964 Τὸ
3115 4913 3192 4976 δὲ,
3229 4913 3414 4981 χωρὶς
3449 4911 3640 4982 ὀργῆς,
3683 4919 3792 4958 τουτο

2288 5008 2436 5060 ἐστιν
2465 5005 2880 5076 ἀμνησικάκους
2909 5004 3086 5068 ὄντας.
3128 5005 3202 5057 Τὸ
3231 5005 3306 5069 δὲ,
3341 4999 3723 5073 διαλογισμῶν,
3752 4994 3794 5044 τὲ

2289 5098 2588 5169 ἀμφίϐολον
2622 5098 2974 5168 ἀναιροῦντός
3014 5098 3154 5163 ἐστι,
3189 5099 3286 5150 καὶ
3308 5096 3370 5151 τὸ
3409 5096 3728 5159 διστάζοντος.
3756 5084 3792 5135 εί

2289 5189 2395 5262 ἄρα
2429 5187 2644 5242 λάϐοιεν
2668 5189 2701 5241 ἃ
2735 5187 2947 5241 αἰτοῦσι
2971 5187 3122 5259 παρὰ
3145 5187 3302 5242 Θεοῦ.

2369 5390 2387 5421 ι
2449 5370 2727 5434 Ὡσαύτως
2754 5371 2850 5424 καὶ
2873 5369 2973 5434 τὰς
3004 5373 3271 5439 γυναῖκας
3316 5373 3374 5424 ἐν
3416 5364 3680 5430 καταστολῇ
3719 5373 3784 5407 κε’·

2295 5461 2459 5531 σμίῳ,
2500 5461 2635 5531 μετὰ
2663 5461 2847 5526 αἰδοῦς
2873 5460 2967 5513 καὶ
3000 5461 3359 5532 σωφροσύνης
3383 5461 3589 5530 κοσμεῖν
3615 5446 3791 5504 ἑαυτὰς.

2297 5551 2369 5643 μὴ
2400 5553 2457 5606 ἐν
2495 5551 2820 5623 πλέγμασιν,
2855 5552 2888 5609 ἦ
2943 5553 3001 5606 ὲν
3039 5552 3246 5626 χρυσῶ,
3297 5554 3329 5624 ἦ
3391 5547 3716 5622 μαργαρίταις,
3766 5535 3794 5602 ἦ
