4022 6408
220 396 361 460 1005

1348 396 1425 455 ΙΝ
1467 394 1702 453 EPIST.
1742 394 1843 451 AD
1893 387 2351 452 TIMOTHEUM
2418 386 2471 447 Ι.

3320 377 3456 443 1006

217 515 502 587 ἱματισμῷ
538 515 840 580 πολυτελεῖ,
868 515 983 569 ἀλλ’
1016 515 1044 568 δ
1074 515 1271 586 πρέπει
1303 511 1573 581 γυναιξὶν,
1610 513 1782 577 ἐπαγ-

1895 508 1970 562 vel
1998 514 2147 561 veste
2177 503 2450 574 pretiosa;
2504 499 2601 553 sed
2640 496 2788 567 quod
2833 496 2988 551 decet
3014 495 3294 561 mulieres,
3325 511 3457 565 pro-

211 606 567 678 γελλομέναις
601 606 912 660 θεοσέϐειαν
936 607 1003 659 δι’
1034 606 1214 678 ἔργων
1235 606 1475 674 ἀγαθῶν.
1515 626 1532 655 ι

285 697 565 762 Τουτέστι,
634 697 969 767 πανταχόθεν
1045 694 1496 766 περιστέλλεσθαι

208 787 352 856 ὅπερ
381 789 496 840 ἐστι
525 786 718 839 πολλοῦ
747 787 913 854 φόϐου
941 785 1307 855 σημαντικόν.

290 897 310 929 ι
338 879 481 947 Γυνὴ
514 880 571 931 ἐν
597 877 799 948 ἠσυχίᾳ
836 876 1174 948 μανθανέτω.
1221 877 1280 928 ἐν
1320 875 1471 943 πάσῃ
1502 875 1780 943 ὑποταγῇ.

208 969 442 1023 Γυναικὶ
465 970 520 1022 δὲ
546 969 815 1023 διδάσκειν
861 969 961 1021 οὐκ
989 968 1179 1036 ἐπιτρέ
1192 986 1292 1031 πω,
1318 961 1325 966 ’
1349 966 1472 1018 οὐδὲ
1507 964 1788 1018 αὐθεντεῖν

205 1062 439 1131 ἀνδρὸς,
484 1061 599 1116 ἀλλ’
638 1056 779 1114 εἶναι
814 1062 872 1113 ἐν
922 1061 1147 1131 ἠσυχίᾳ.
1210 1060 1381 1128 Ἀδὰμ
1409 1058 1519 1129 γὰρ
1572 1056 1786 1128 πρῶτος

206 1148 481 1219 ἐπλάσθη,
503 1145 619 1202 εἶτα
658 1148 791 1200 Εὕα.
829 1166 847 1199 ι

281 1241 618 1309 Βουλόμενος
663 1238 847 1291 αὐτῶν
887 1237 1184 1308 περικόψαι
1236 1239 1335 1306 τὴν
1380 1238 1637 1307 ἀφορμὴν
1683 1234 1783 1305 τῆς

1579 693 1782 759 καλῶς,

212 1328 435 1395 λαλιᾶς,
463 1330 585 1382 οὐδὲ
614 1327 888 1382 διδάσκειν
938 1328 1107 1390 αὑτὰς
1142 1330 1447 1399 ἐπιτρέπει.
1482 1329 1593 1380 Καὶ
1631 1325 1788 1379 τοῦτο

206 1422 331 1489 γὰρ
359 1420 657 1489 κοσμιότης
709 1419 845 1482 ἐστὶ,
912 1420 1042 1488 περὶ
1097 1435 1164 1492 ης
1194 1420 1287 1471 καὶ
1331 1417 1621 1486 διελέγετο,
1654 1417 1789 1487 μηδὲ

204 1509 395 1562 λαλεῖν
421 1510 573 1572 ὅλως.
599 1510 748 1577 ’Ἅμα
777 1509 833 1560 δὲ
865 1510 957 1561 καὶ
998 1508 1096 1579 τὴν
1127 1508 1308 1560 αἰτίαν
1332 1507 1571 1578 τίθησιν,
1599 1507 1787 1576 ἐπειδὴ

203 1598 365 1661 ἅπαξ
395 1599 620 1662 ἐδίδαξε,
674 1599 768 1651 καὶ
796 1597 886 1652 τὸν
911 1598 1079 1667 ἄνδρα
1122 1597 1494 1667 κατέστρεψεν
1518 1636 1533 1661 ,
1590 1600 1683 1649 καὶ
1720 1600 1788 1668 τῇ

204 1693 472 1757 παρακοῇ
504 1686 804 1740 ὑπεύθυνον
824 1685 1100 1757 ἐποίησεν.

288 1806 309 1839 ε
359 1790 471 1842 Καὶ
514 1789 682 1859 Ἀδὰμ
709 1789 809 1841 οὐκ
828 1789 1108 1858 ἠπατήθη,
1137 1788 1170 1857 ἡ
1204 1788 1261 1841 δὲ
1287 1785 1423 1858 γυνὴ
1447 1784 1786 1855 ἀπατηθείσα

202 1878 269 1930 ἐν
311 1878 622 1948 παραὸἀσει
645 1878 856 1946 γέγονε.
890 1877 1217 1947 Σωθήσεται
1258 1876 1314 1928 δὲ
1345 1876 1436 1930 διὰ
1460 1878 1558 1946 τῆς
1597 1892 1786 1928 τεκνο-

201 1970 425 2035 γονίας,
480 1970 575 2021 ἐὰν
627 1969 885 2039 μείνωσιν
923 1971 983 2021 ἐν
1029 1968 1236 2033 πίστει,
1278 1967 1374 2021 καὶ
1431 1967 1646 2039 ἀγάπῃ,
1695 1969 1787 2019 καὶ

202 2055 473 2127 ἁγιασμῷ
506 2056 646 2126 μετὰ
678 2055 1053 2127 σωφροσύνης.
1091 2073 1111 2107 ι

278 2232 433 2301 Πρὸς
478 2231 764 2302 σύγκρισιν
851 2231 948 2295 τῆς
993 2231 1271 2299 γυναικὸς,
1322 2233 1487 2300 φησὶν
1520 2228 1679 2284 αὐτόν
1716 2231 1791 2301 μὴ

201 2322 566 2392 ἡπατῆσθαιο
592 2322 752 2375 πάλιν
788 2322 845 2374 δέ
882 2323 941 2375 οὐ
976 2324 1106 2392 περὶ
1155 2320 1326 2392 Ἀδὰμ
1363 2320 1597 2391 εἴρηται,
1652 2319 1791 2376 Εἷὸε

202 2413 273 2465 τὸ
299 2412 500 2473 ξύλον
523 2411 609 2464 ὅτι
642 2413 739 2465 καὶ
770 2411 961 2465 καλὸν
982 2416 1068 2477 εὶς
1085 2410 1341 2480 βρῶσιν,
1368 2410 1504 2465 ἀλλὰ
1529 2415 1659 2483 περὶ
1690 2414 1787 2482 τῆς

202 2504 496 2569 γυναικός.
532 2503 641 2558 Καὶ
690 2504 897 2575 ἔφαγε,
962 2504 1061 2557 καὶ
1107 2503 1295 2557 ἔδωκε
1348 2504 1459 2568 καὶ,
1489 2502 1570 2568 τῷ
1620 2504 1790 2571 ἀνδρὶ

198 2593 430 2661 αὐτῆς,
462 2594 603 2651 ὥστε
636 2591 792 2659 οὗτος
853 2596 953 2649 οὐκ
1006 2594 1275 2665 ἐπιθυμίᾳ
1324 2595 1507 2657 ἐνδοὺς
1552 2595 1787 2666 παρέϐη,

202 2685 353 2739 ἁλλὰ
398 2690 467 2757 τῇ
500 2688 723 2754 γυναικὶ
760 2686 1027 2750 πεισθείς.

823 2844 1070 2898 ΚΕΦΛΛ.
1112 2842 1180 2895 Γ’.

281 2976 304 3008 ι
341 2956 541 3019 Πιστὸς
564 2958 592 3009 ὁ
618 2955 791 3023 λόγος.
833 2974 851 3009 ι
1647 3011 1653 3017 ,

286 3056 527 3124 Ὅμοιον
559 3054 635 3117 ὡς
670 3056 719 3109 εἰ
762 3054 942 3123 λέγοι·
978 3055 1068 3125 Μὴ
1107 3058 1374 3125 κατηφεῖς
1408 3055 1665 3126 γένησθε,
1711 3057 1792 3108 ὅτι

1886 598 2169 652 mittentes
2198 595 2453 665 pietatem
2483 606 2577 661 per
2607 590 2749 644 bona
2781 603 2969 658 opera.
3007 608 3024 639 ι

1960 689 2073 745 Hoc
2127 699 2232 750 est,
2288 683 2651 754 undequaque
2705 682 2909 737 debent
2952 682 3204 736 modesto
3253 680 3457 736 vestitu

1889 780 1967 832 uti
1999 794 2015 832 :
2049 776 2103 830 id
2125 773 2271 845 quod
2299 773 2453 827 multi
2488 772 2702 826 timoris
2726 777 3111 840 argumentum
3140 778 3243 823 est.

1958 865 2127 921 Vens.
2166 864 2353 919 “~15.
2415 882 2431 913 ι
2465 861 2661 916 Mulier
2725 863 2778 915 iu
2824 862 3045 916 silentio
3100 858 3279 914 discat
3334 874 3459 914 cum

1889 960 2249 1028 subiectione.
2280 955 2485 1009 Docere
2543 964 2725 1008 autem
2758 954 2973 1006 mulieri
3020 967 3128 1005 non
3173 950 3456 1021 permitto,

1890 1066 2065 1120 neque
2086 1030 2353 1103 dominari
2384 1047 2437 1100 in
2468 1047 2662 1109 virum,
2682 1045 2777 1099 sed
2807 1060 2926 1098 esse
2954 1044 3007 1097 in
3031 1042 3268 1097 silentio.
3288 1041 3460 1097 Adam

1890 1142 2097 1211 primus
2127 1140 2392 1194 formatus
2421 1146 2525 1202 est,
2552 1135 2748 1191 deinde
2782 1136 2911 1189 Eva.
2937 1155 2955 1187 ι

1959 1238 2094 1291 Cum
2153 1234 2280 1289 velit
2330 1232 2675 1301 loquacitatis
2703 1231 3024 1287 occasiones
3047 1234 3129 1286 eis
3154 1238 3460 1300 amputare,

1890 1343 1994 1382 nec
2043 1326 2312 1396 permittit
2345 1334 2404 1378 ut
2436 1325 2695 1379 doceant.
2746 1322 2870 1377 Haac
2906 1322 3053 1377 enim
3083 1330 3169 1378 est
3202 1322 3462 1377 honestas

1892 1419 1983 1472 illa
2013 1418 2080 1472 de
2115 1431 2222 1485 qua
2256 1418 2479 1470 locutus
2514 1422 2653 1477 erat,
2680 1413 3051 1484 przecipieudo
3084 1429 3153 1467 ne
3189 1412 3461 1467 ullatenus

1891 1509 2259 1576 loquerentur.
2286 1506 2513 1576 Insuper
2553 1514 2730 1560 autem
2762 1513 2816 1559 et
2875 1505 2964 1558 hic
3008 1518 3229 1558 causam
3285 1502 3460 1569 aliert,

1892 1601 2039 1669 quod
2073 1614 2269 1668 nempe
2332 1613 2456 1653 cum
2484 1598 2657 1652 semel
2688 1597 2959 1656 docuerit,
3008 1595 3091 1649 vir
3117 1595 3186 1648 ab
3216 1595 3334 1663 ipsa
3363 1593 3461 1647 de-

1890 1690 2070 1759 jectus
2098 1690 2190 1752 sit,
2218 1698 2271 1741 et
2304 1688 2675 1755 inobsequens
2708 1685 2977 1740 redditus.

1966 1778 2136 1833 Vens.
2179 1779 2264 1840 M,
2298 1778 2382 1832 15.
2418 1795 2436 1828 ι
2472 1777 2537 1831 Ει
2560 1776 2731 1831 Adam
2766 1792 2872 1829 non
2900 1786 2984 1829 est
3017 1774 3313 1839 seductus;
3340 1789 3461 1827 mu-

1893 1872 1991 1925 lier
2024 1880 2204 1925 autem
2262 1870 2487 1924 seducta
2520 1869 2574 1922 in
2619 1868 3076 1936 praevaricatione
3117 1865 3241 1920 fuit.
3270 1866 3462 1935 Salva-

1891 1962 2049 2018 bitur.
2067 1972 2244 2015 autem
2278 1976 2373 2031 per
2408 1961 2641 2013 ﬁliorum
2666 1957 3168 2029 generationem,si
3204 1963 3462 2010 maneant

1893 2054 1949 2107 in
1972 2052 2097 2116 lide,
2130 2063 2182 2107 et
2216 2050 2530 2113 dilectione,
2555 2059 2608 2104 ct
2632 2048 3067 2105 sanctiﬁcatione
3093 2062 3219 2103 cum
3244 2047 3459 2102 sobrie-

1892 2149 2023 2197 tate.
2056 2159 2073 2195 ι

1962 2233 2023 2286 in
2054 2230 2525 2301 comparationem
2575 2230 2828 2285 mulieris
2876 2228 3308 2287 seductumnon
3338 2242 3462 2283 esse

1893 2325 2069 2378 virum
2093 2322 2244 2377 dicit.
2283 2320 2517 2375 Rursum
2546 2335 2675 2375 vero
2707 2336 2815 2374 non
2848 2320 2916 2374 de
2945 2318 3158 2373 Adamn
3197 2320 3461 2387 scriptum

1892 2424 1976 2470 est
2005 2430 2017 2466 :
2068 2413 2211 2467 Vidit
2242 2415 2445 2483 lignum
2482 2414 2622 2481 quod
2646 2422 2778 2466 esset
2816 2419 3008 2466 bonum
3032 2411 3100 2465 ad
3128 2411 3459 2472 vescendum,

1894 2507 1988 2561 sed
2025 2509 2091 2559 de
2148 2506 2378 2559 muliere
2417 2520 2430 2558 :
2471 2503 2537 2556 Et
2568 2505 2814 2567 comedit,
2847 2504 3090 2573 deditque
3125 2504 3237 2556 viro
3262 2517 3359 2555 suo
3388 2502 3456 2552 ".

1893 2597 2262 2663 Quamobrem
2330 2597 2419 2651 ille
2498 2610 2608 2649 non
2676 2594 2941 2664 appetitui
3004 2591 3461 2661 obtemperandu

1894 2688 2214 2741 mandatum
2249 2686 2498 2751 violavit,
2536 2685 2629 2741 sed
2661 2685 3015 2755 obsequendo
3047 2683 3284 2737 mulieri.

2523 2843 2677 2900 CAP.
2715 2844 2759 2899 ll

1974 2980 1991 3010 ι
2014 2958 2211 3015 Fidelis
2237 2975 2439 3015 sermo.
2458 2977 2475 3011 ι

1964 3052 2125 3122 262
2150 3050 2384 3107 Perinde
2403 3060 2491 3109 est
2522 3068 2587 3109 ac
2618 3054 2664 3110 si
2693 3051 2900 3108 diceret
2926 3068 2938 3104 :
2960 3051 3039 3108 Ne
3057 3060 3256 3109 mwsto
3280 3052 3465 3105 animo

196 3146 263 3200 τὸ
289 3146 457 3214 γένος
482 3145 631 3216 ὑμῶν
649 3145 1019 3216 διαὸἐόληται.
1048 3146 1286 3199 Ἔδωκεν
1318 3148 1447 3216 ὑμῖν
1475 3148 1504 3200 ό
1523 3147 1658 3209 Θεὸς
1692 3147 1788 3199 καὶ

1897 3145 2043 3209 sitis,
2086 3158 2150 3198 ac
2180 3144 2226 3199 si
2262 3144 2418 3200 sexui
2449 3154 2631 3200 vestro
2653 3144 3000 3201 detrahatur.
3031 3146 3277 3201 Alteram
3307 3145 3466 3200 vobis

197 3238 413 3309 ἑτέραν
443 3236 698 3308 ἀφορμὴν
728 3236 1025 3307 σωτηρίας,
1069 3238 1170 3307 τὴν
1201 3238 1620 3308 παιδοτροφίαν,
1642 3238 1784 3292 ὥστε

1897 3233 2037 3290 Deus
2056 3236 2401 3291 occasionem
2428 3238 2680 3307 porrexit
2730 3238 2947 3301 salutis,
2977 3238 3274 3294 liberorum
3313 3238 3466 3293 vide-

201 3328 285 3397 μὴ
320 3327 491 3396 μόνον
516 3327 588 3380 δι’
621 3325 853 3390 ἑαυτῶν,
882 3326 1022 3382 ἀλλὰ
1041 3329 1137 3383 καὶ
1161 3328 1229 3381 δι’
1259 3329 1463 3400 ἐτέρων
1493 3329 1784 3395 σώζεσθαι.

196 3418 495 3482 Σώξονται
551 3420 681 3489 γὰρ,
717 3419 800 3473 ὃτι
832 3419 1073 3490 ἀθλητὰς
1126 3420 1365 3492 ἔθρεψαν
1392 3422 1471 3492 τῷ
1513 3421 1651 3494 Θεῷ.
1679 3424 1790 3477 Καὶ

193 3514 285 3566 ὅτι
320 3511 490 3565 τοῦτο
515 3509 705 3577 σώζει,
753 3513 1029 3582 ἐπήγαγε,
1080 3515 1305 3580 Πιστὸς
1327 3517 1361 3569 ὀ
1396 3515 1605 3584 λόγος,
1630 3531 1790 3585 μονο-

194 3603 370 3675 νουχὶ
386 3602 584 3672 λέγων,
602 3604 807 3674 Μηδεὶς
834 3602 1155 3671 ἀπιστείτω,
1181 3604 1316 3678 φησί
1340 3619 1357 3638 ⁸
1379 3605 1468 3660 διὰ
1489 3607 1588 3676 τῆς
1602 3624 1791 3661 τεκνο-

193 3698 401 3763 γονίας
421 3693 684 3758 σώζονται
714 3710 729 3727 ο
763 3697 826 3750 οὐ
886 3697 998 3768 γάρ
1045 3697 1166 3751 ἐστι
1190 3696 1352 3752 τοῦτο
1383 3699 1604 3771 μικρὸν,
1632 3699 1694 3753 τὸ
1720 3699 1790 3753 τὰ

192 3785 440 3841 δοθέντα
472 3785 660 3840 παιδία
692 3787 822 3858 παρ’
854 3785 1045 3853 αὐτοῦ,
1089 3786 1266 3843 ταῦτα
1296 3787 1444 3861 αὑτῷ
1467 3788 1765 3845 ἀναθεῖναι.

279 4072 301 4105 ε
338 4052 415 4107 Εἴ
433 4068 517 4115 τις
548 4051 851 4123 ἐπισκοπῆς
885 4052 1160 4124 ὀρέγεται,
1193 4050 1361 4106 καλοῦ
1400 4050 1563 4123 ἔργου
1595 4052 1785 4106 ἐπιου-

197 4145 320 4214 μεῖ.
356 4146 455 4196 Δεῖ
475 4137 565 4197 οὖν
586 4143 677 4196 τὸν
711 4144 1008 4198 ἐπίσκοπον
1044 4161 1065 4196 ι
1769 4184 1779 4195 .

272 4235 403 4288 Οὐκ
424 4232 665 4303 ἐγκαλῶ,
690 4234 859 4304 φησί·
893 4234 1228 4305 προστασίας
1259 4234 1367 4307 γὰρ
1383 4234 1543 4307 ἔργον
1567 4237 1704 4301 ἐστὶ,
1738 4238 1791 4290 εἴ

194 4342 285 4388 τις
319 4324 535 4395 ταύτην
557 4325 669 4395 ἔχοι
705 4325 803 4396 τὴν
831 4326 1147 4396 ἐπιθυμίαν,
1175 4326 1315 4381 ὥστε
1349 4327 1424 4399 μὴ
1458 4327 1557 4398 τῆς
1586 4329 1784 4400 ἀρχῆς,

195 4420 303 4474 καὶ
344 4418 451 4487 τῆς
474 4417 566 4469 ἀπ’
591 4418 760 4488 αὐτῆς
794 4419 959 4488 τιμῆς
990 4417 1238 4485 ἐφίεσθαι
1276 4419 1459 4489 μόνον.
1504 4419 1666 4474 Ἀλλὰ
1696 4424 1787 4475 καὶ⁵

1892 3321 2019 3378 licet
2089 3323 2498 3390 educationem,
2564 3335 2623 3380 ut
2678 3328 2991 3382 tummodo
3024 3344 3124 3399 per
3178 3343 3278 3383 vos
3332 3329 3466 3398 ipsa:

1889 3414 2054 3470 salvae
2085 3414 2230 3479 sitis,
2256 3431 2444 3470 verum
2469 3421 2635 3471 etiam
2671 3432 2769 3488 per
2788 3417 2946 3473 alios.
2978 3417 3271 3474 Enimvero
3302 3419 3469 3475 salvae

1889 3508 2046 3573 ﬁunt,
2106 3509 2237 3578 quia
2266 3506 2502 3563 athletas
2561 3508 2671 3563 Deo
2706 3512 2981 3564 nutriunt.
3034 3508 3306 3580 Quodque
3360 3510 3466 3567 hoc

1887 3598 1970 3653 eis
1994 3596 2268 3652 conducat
2301 3596 2368 3652 ad
2393 3599 2654 3665 salutem,
2691 3600 2877 3656 intulit
2905 3601 2989 3655 his
3023 3600 3211 3656 verbis
3242 3619 3255 3654 :
3293 3599 3454 3654 Fide-

1889 3688 1955 3743 lis
1984 3704 2176 3743 sermo.
2208 3691 2380 3754 Quasi
2417 3688 2567 3744 dicat
2604 3704 2619 3743 :
2646 3688 2820 3747 Nemo
2875 3699 3098 3747 revocet
3130 3692 3186 3746 in
3211 3691 3464 3757 dubium,

1888 3779 2019 3850 quin
2039 3795 2134 3852 per
2163 3781 2403 3837 llliorum
2434 3781 2848 3854 generationem
2878 3783 3114 3839 salutem
3149 3784 3462 3839 obtineant.

1887 3868 2007 3924 Non
2053 3869 2205 3926 enim
2245 3869 2351 3925 hoc
2380 3872 2645 3941 exiguum
2671 3869 2881 3940 aliquid
2908 3877 3018 3935 est,
3051 3868 3196 3925 ﬁlios
3230 3866 3343 3923 Deo
3373 3869 3470 3927 de-

1887 3960 2035 4027 dere,
2055 3963 2149 4033 qui
2188 3962 2258 4017 ab
2295 3964 2529 4035 ipsomet
2558 3963 2673 4018 dati
2728 3972 2878 4019 sunt.
3462 3972 3465 3977 ‘

1963 4071 1981 4105 ι
2007 4053 2063 4109 Si
2118 4054 2247 4125 quis
2287 4055 2671 4126 episcopatum
2737 4054 3039 4119 desiderat,
3082 4054 3287 4109 bonum
3322 4068 3468 4125 Opus

1888 4145 2182 4200 desiderat.
2212 4143 2441 4217 Oportet
2460 4161 2591 4216 ergo
2620 4144 2939 4215 episcopum
2982 4164 3002 4198 ι

1940 4236 2059 4294 Non
2097 4239 2285 4307 culpo,
2310 4235 2510 4307 inquit.
2540 4235 2697 4308 Opus
2732 4236 2934 4306 quippe
2956 4234 3246 4307 regiminis
3280 4244 3386 4302 est,
3422 4240 3470 4293 si

1906 4330 2032 4401 quis
2065 4328 2167 4383 hoc
2223 4326 2559 4383 desiderium
2595 4326 2783 4391 habet,
2836 4334 2894 4380 ut
2926 4341 3101 4397 neque
3146 4329 3467 4398 primatum,

1892 4437 2071 4490 neque
2128 4421 2393 4475 honorem
2431 4419 2528 4491 qui
2586 4433 2650 4473 ex
2690 4434 2755 4473 eo
2799 4419 3194 4488 consequitur,
3223 4427 3468 4474 tantum~

193 4510 307 4579 τῆς
348 4508 687 4578 προστασίας
715 4508 816 4561 οὐκ
861 4509 1078 4575 ἐγκαλῶ
1100 4526 1115 4542 ο
1150 4511 1272 4562 ἐπεὶ
1331 4512 1425 4563 καὶ
1460 4513 1697 4581 Μωῦσῆς
1728 4514 1785 4580 ἐξ

1895 4513 2054 4565 modo
2105 4510 2312 4579 cupiat.
2367 4510 2513 4575 Quin
2542 4524 2643 4563 nec
2697 4509 2985 4580 regiminis
3018 4509 3265 4564 studium
3298 4520 3426 4565 taxo
3454 4529 3467 4564 :

196 4598 393 4669 ἀρχῆς
423 4596 612 4650 τοῦτον
643 4598 768 4668 ἔσχε
801 4599 892 4652 τὸν
936 4599 1122 4671 ζῆλον,
1161 4600 1256 4653 τοῦ
1316 4602 1636 4655 ἐπισκοπεῖν
1662 4605 1789 4667 τοὺς

200 4690 492 4756 ἀδελφοὺς
513 4688 700 4742 αὑτοῦ.

279 4803 298 4832 ι
364 4779 760 4850 Ἀνεπίληπτον
790 4778 951 4849 εἶναι,
1000 4800 1019 4835 ι

271 4874 387 4926 Διά
420 4872 549 4941 μιᾶς
596 4870 789 4937 λέξεως
818 4875 999 4926 πᾶσαν
1025 4873 1186 4927 αὐτὸν
1217 4876 1414 4947 ἀρετὴν
1446 4876 1589 4947 ἔχειν
1617 4895 1788 4949 προσ-

195 4963 395 5030 suis.

280 5075 299 5107 ι
345 5054 501 5116 Μιᾶς
522 5055 776 5119 γυναικὸς
805 5053 993 5125 ἄνδρα,
1021 5056 1312 5127 νηφαλέον,
1356 5057 1630 5129 σώφρονα,
1663 5061 1789 5113 κόσα

200 5166 364 5219 μιον,
406 5146 701 5216 φιλόξενον,
731 5148 1078 5213 διδακτικὺν,
1130 5152 1204 5219 μὴ
1241 5150 1517 5221 πάροινον,
1547 5152 1622 5222 μὴ
1658 5153 1794 5225 πλή-

194 5260 372 5312 κτην,
403 5242 478 5309 μὴ
501 5240 882 5311 αἰσχροκερδῆ,
900 5241 1014 5293 ἀλλ’
1037 5242 1279 5311 ἐπιεικῆ,
1303 5242 1538 5313 ἄμαχον,
1562 5245 1791 5314 ἀφιλάρ-

192 5350 405 5405 γυρον,
440 5330 535 5383 τοῦ
566 5330 691 5383 ἰδίου
726 5332 873 5384 οἴκου
915 5332 1092 5395 καλῶς
1126 5336 1575 5404 προϊστάμενον,ι

276 5517 410 5567 Ἵνα
444 5512 521 5581 μὴ
545 5510 702 5564 τοῦτο
725 5512 979 5581 ἐμπόδιον
1003 5513 1231 5582 γένηται
1257 5516 1367 5577 τοῖς
1397 5515 1497 5585 ἤδη
1527 5515 1793 5587 ἐσχηκόσι

195 5607 490 5679 γαμετὰς,
522 5605 554 5673 ἢ
587 5605 678 5657 καὶ
717 5604 852 5674 πρὸς
892 5604 1303 5675 ἁντιδιαστολὴν
1330 5606 1438 5660 τῶν
1478 5610 1630 5676 παρὰ
1668 5609 1800 5662 Ἰου-

278 5788 331 5819 ¹³
366 5784 512 5842 Gen.
550 5800 635 5847 Ill,
661 5785 716 5841 6.
804 5785 849 5817 ’⁸
881 5782 1055 5840 Exod.
1087 5800 1145 5851 ιι,
1174 5785 1256 5840 ιι.

1896 4603 2340 4673 quandoquidem
2371 4611 2426 4655 et
2450 4600 2667 4671 MoyScs
2700 4602 2875 4669 prima
2902 4610 3061 4655 astate
3102 4601 3208 4656 hoc
3239 4605 3469 4657 aemula-

1897 4707 1985 4750 tus
2020 4703 2127 4757 est,
2163 4702 2219 4747 ut
2247 4694 2509 4748 fratribus
2547 4693 2663 4747 suis
2703 4693 3049 4761 prospiceret
3075 4694 3143 4746 ".

1963 4783 2506 4854 lrreprehensibilem
2555 4796 2702 4847 esse,
2741 4802 2759 4832 ι

1963 4874 2079 4929 Una
2116 4875 2358 4929 dictione
2393 4887 2567 4943 genus
2623 4888 2784 4926 omne
2827 4874 3045 4927 virtutis
3073 4872 3384 4928 habendum
3416 4888 3467 4927 ei

1898 4968 2253 5039 praescripsit.
2596 4956 2599 4957 ν

1961 5058 2131 5115 Unius
2160 5058 2348 5112 uxoris
2375 5057 2579 5121 virum,
2608 5056 2879 5118 sobrium,
2914 5055 3266 5125 prudentem,
3293 5071 3466 5109 orna-

1895 5159 2030 5215 tum,
2094 5152 2444 5220 hospitalem,
2508 5149 2788 5203 ductorem
2829 5164 2841 5199 :
2904 5145 3106 5219 [\‘ztts.
3143 5145 3294 5218 5-5]
3332 5163 3464 5203 non

1896 5243 2254 5305 vinulentum,
2308 5258 2418 5295 non
2468 5255 2849 5310 percussorem
2881 5257 2894 5292 :
2924 5257 3031 5295 non
3088 5242 3267 5311 turpis
3323 5241 3462 5296 lucri

1897 5334 2175 5401 cupidum,
2214 5333 2307 5387 sed
2336 5332 2669 5395 modestum,
2703 5348 2811 5387 non
2856 5332 3179 5404 litigiosum,
3222 5349 3333 5389 non
3361 5349 3463 5390 cu-

1898 5423 2109 5493 pidum,
2135 5424 2319 5478 domui
2350 5438 2465 5479 sua:
2501 5423 2638 5479 bene
2671 5425 3047 5494 praepositum,
3090 5443 3108 5477 ι

1958 5512 2035 5569 Ne
2062 5514 2165 5569 hoc
2200 5514 2311 5569 illis
2350 5515 2745 5585 impedimento
2782 5516 2874 5579 sit,
2904 5516 2997 5586 qui
3029 5514 3138 5585 iam
3172 5525 3297 5571 ante
3325 5530 3466 5571 uxo-

1898 5619 1988 5661 res
2006 5605 2297 5673 duxerint;
2326 5607 2411 5663 vel
2443 5607 2507 5660 ad
2535 5606 2903 5663 dill'erentiam
2928 5607 3219 5663 doctorum
3240 5606 3463 5667 δυόωσ-
