4022 6408
628 391 764 456 Ῑοσῖ

1716 383 1776 441 S.
1807 380 2125 443 JOANNIS
2164 385 2591 446 DAMASCENI

3718 388 3835 454 1003

630 520 774 568 rum,
809 501 1011 572 quibus
1045 498 1129 553 fas
1170 506 1289 555 erat
1332 498 1469 552 duas
1501 497 1661 551 etiam
1710 511 1912 551 uxores
1942 496 2145 550 habere
2181 515 2191 550 :

2298 501 2469 564 δαίοις
2497 502 2855 568 διδασκάλων,
2882 495 2964 567 οἷς
3018 501 3147 573 ἐξῆν
3175 503 3267 555 καὶ
3296 502 3392 557 δύο
3415 502 3583 572 ἔχειν,
3609 503 3737 577 Lup
3757 510 3836 559 καὶ

630 597 680 650 id
712 593 860 664 quod
893 592 1066 660 magis
1101 598 1535 645 consentaneum
1570 595 1673 642 est.

700 705 717 736 ι
748 685 917 739 Filios
970 683 1261 737 habentem
1294 679 1549 735 subditos
1583 693 1707 735 cum
1732 678 1883 733 omni
1911 678 2190 733 castitate.

626 775 683 828 Si
713 774 836 844 quis
869 780 1051 827 autem
1078 771 1263 826 domui
1293 784 1406 825 suae
1432 782 1667 838 praeesse
1696 766 1893 832 nescit,
1920 766 2198 835 quomodo

625 864 883 918 Ecclesiae
909 862 1005 917 Dei
1063 861 1398 931 diligentiam
1440 857 1661 912 habebit
1686 856 1708 909 ?
1731 876 1751 907 ι

693 956 969 1009 Cundecet
996 952 1141 1007 enim
1178 960 1287 1004 nte
1327 964 1388 1003 re
1425 947 1732 1003 domestica
1766 949 2016 1018 exempla
2056 964 2197 1019 prae-

626 1047 775 1106 beat,
812 1058 974 1113 posse
1007 1057 1066 1097 se
1090 1050 1238 1095 recte
1271 1039 1415 1094 ﬁlios
1472 1035 1776 1092 secundum
1806 1037 1975 1093 Deum
2030 1040 2196 1093 insti-

629 1145 805 1189 tuere.

699 1224 863 1280 Vens.
890 1225 947 1277 .6.
988 1241 1005 1275 ι
1038 1222 1160 1277 Non
1188 1228 1545 1291 neopnytum,
1566 1235 1635 1276 ne
1660 1219 1714 1273 in
1746 1219 2061 1289 superbiam
2086 1219 2199 1281 elae

624 1326 715 1372 tus
731 1357 745 1372 .
780 1335 798 1369 ι

685 1407 825 1461 Eum
872 1406 1006 1461 dicit
1040 1404 1136 1475 qui
1173 1418 1348 1473 nuper
1402 1402 1655 1461 eruditus
1688 1401 1782 1467 sit,
1816 1415 1926 1456 non
1960 1399 2053 1471 qui
2090 1400 2183 1470 ju-

616 1499 797 1553 nioris
815 1496 1015 1553 aetatis.

681 1610 702 1643 ε
736 1591 794 1645 In
817 1591 1096 1661 judicium
1127 1588 1334 1643 incidat
1362 1588 1588 1643 diaboli.
1626 1606 1645 1639 ι

687 1680 741 1734 Id
768 1689 871 1745 est,
924 1682 980 1734 in
1034 1678 1282 1735 eamdem
1324 1678 1859 1741 condemnationem,
1902 1691 2066 1746 quam
2104 1674 2194 1729 ille

619 1773 694 1827 ob
723 1772 1037 1841 superbiam
1073 1769 1318 1826 sustulit.

684 1828 854 1917 Vens.
906 1862 1027 1915 7-9.
1066 1879 1084 1912 ι
1110 1859 1339 1930 Oportet
1373 1860 1529 1914 illum
1584 1869 1639 1914 et
1673 1859 2051 1913 testimonium
2086 1859 2183 1912 ha-
2226 1828 2245 1884 ί

621 1957 757 2010 bere
775 1955 983 2009 bonum
1017 1955 1088 2007 ab
1108 1953 1177 2006 iis
1211 1952 1303 2022 qui
1335 1951 1467 2006 foris
1492 1958 1641 2015 sunt,
1668 1966 1735 2005 ne
1757 1952 1810 2003 in
1835 1950 2189 2019 opprobrium

626 2044 855 2107 incidat,
891 2050 945 2097 ct
985 2042 1040 2096 in
1074 2042 1328 2110 laqueum
1354 2039 1588 2095 diaboli.
1631 2038 1907 2094 Diaconos
1936 2039 2192 2093 similiter

623 2133 882 2204 pudicos,
918 2146 1026 2186 non
1059 2131 1355 2201 bilingues,
1417 2144 1527 2182 non
1568 2129 1697 2182 vino
1732 2128 1909 2182 multo
1947 2127 2189 2187 deditos.

626 2237 737 2277 non
793 2228 954 2291 turpe
980 2222 1198 2277 lucrum
1226 2228 1529 2282 sectantes,
1561 2217 1828 2274 habentes
1860 2217 2185 2288 mysterium

628 2316 777 2379 ﬁdei,
809 2335 829 2368 ι

697 2406 938 2461 Omnino
959 2403 1140 2465 debet,
1173 2400 1372 2471 inquit,
1404 2402 1651 2457 homines
1677 2400 1730 2454 in
1755 2400 1839 2455 sui
1868 2398 2193 2455 admiratio-

626 2511 750 2552 nem
784 2496 1025 2557 trabere,
1049 2502 1102 2548 et
1131 2493 1320 2562 justus
1351 2507 1496 2555 esse,
1539 2499 1598 2546 ut
1626 2491 1696 2546 ab
1734 2491 1985 2560 ipsismet
2015 2489 2193 2544 inimi-

626 2589 711 2643 cis
738 2586 1109 2642 testimonium
1152 2584 1367 2638 habeat.
1397 2584 1450 2635 Id
1487 2582 1635 2651 quod
1660 2584 1887 2653 perinde
1911 2589 1997 2639 est
2028 2590 2194 2650 atque

623 2676 758 2730 illud
798 2674 1044 2731 .eﬂ‘atum
1083 2695 1095 2729 :
1130 2671 1329 2728 Luceat
1386 2672 1478 2727 lu:
1504 2683 1677 2727 vestra
1721 2688 1900 2728 coram
1960 2671 2193 2725 homini-

622 2768 720 2822 bus
744 2767 814 2822 ".

695 2877 713 2910 ι
751 2856 808 2911 In
833 2855 1170 2912 conscientia
1203 2871 1361 2926 pura.
1390 2854 1600 2927 [Vens
1637 2854 1861 2928 I0-I5.]
1888 2854 1951 2909 Et
1984 2854 2038 2909 hi
2070 2854 2192 2926 qui-

622 2950 745 3005 dem
774 2948 1073 3017 probentur
1107 2947 1365 3017 primum,
1406 2956 1459 3002 et
1488 2947 1567 3002 sic
1607 2946 1946 3012 miniStrcnt,
1981 2947 2190 3001 nullum

622 3042 831 3098 crimen
876 3040 1162 3097 habentes.
1199 3036 1456 3094 Mulieres
1485 3038 1743 3095 similiter
1796 3038 2045 3107 pudicas,
2083 3048 2188 3091 non

623 3134 996 3198 detrahentes,
1050 3132 1290 3195 sobrias,
1318 3130 1508 3191 fideles
1550 3129 1605 3185 in
1649 3128 1925 3187 omnibus.
1963 3126 2188 3185 Diaconi
2218 3157 2262 3218 Ο

624 3226 739 3285 sint
765 3225 930 3285 unius
953 3226 1143 3281 uxoris
1174 3223 1301 3289 viri,
1333 3223 1427 3293 qui
1451 3221 1578 3279 ﬁliis
1610 3222 1728 3277 suis
1758 3222 1898 3277 bene
1926 3218 2187 3290 praesint,

623 3331 681 3377 et
736 3318 854 3375 suis
916 3318 1195 3373 domibus.
1251 3314 1357 3381 Qui
1422 3315 1566 3369 enim
1634 3313 1778 3368 bene
1840 3312 2189 3374 ministrant,

622 3409 854 3483 gradum
881 3409 1083 3463 bonum
1109 3407 1214 3463 sibi
1247 3406 1561 3476 acquirunt,
1595 3415 1649 3460 et
1671 3404 1896 3459 multam
1933 3401 2189 3458 ﬁduciam

624 3502 683 3557 in
718 3500 844 3565 (ide,
904 3514 1026 3569 quae
1056 3508 1142 3557 est
1169 3500 1222 3554 in
1277 3497 1501 3553 Christo
1532 3494 1684 3552 Jesu.
1723 3494 1846 3549 Haec
1865 3494 1961 3549 tibi
1985 3492 2190 3556 scribo,

625 3605 853 3662 sperans
883 3606 969 3648 me
997 3590 1063 3646 ad
1106 3600 1158 3644 te
1176 3589 1336 3660 263
1384 3588 1570 3645 venire
1603 3587 1736 3642 cito.
1775 3584 1832 3639 Si
1864 3594 2046 3640 autem
2079 3592 2190 3637 tar-

626 3683 849 3749 davero,
890 3690 949 3740 ut
979 3683 1125 3739 scias
1146 3680 1425 3752 quomodo
1452 3686 1703 3750 oporteat
1734 3687 1786 3734 te
1819 3679 1872 3731 in
1906 3678 2068 3735 domo
2097 3675 2192 3731 Dei

625 3774 965 3837 conversari,
1011 3789 1136 3843 qua:
1162 3784 1246 3831 est
1282 3772 1529 3829 Ecclesia
1564 3770 1659 3829 Dei
1696 3771 1823 3836 vivi,
1865 3770 2117 3827 columna
2139 3774 2194 3821 et

624 3864 1031 3920 ﬁrmamentum
1058 3862 1327 3918 veritatis.
1361 3879 1379 3915 ι

626 3955 631 3960 ’
698 3954 809 4009 Iloc
837 3963 940 4018 est,
989 3954 1079 4023 qui
1139 3962 1286 4011 recta
1321 3953 1425 4007 (Ide
1470 3952 1721 4009 instructi
1762 3952 1896 4014 sint,
1948 3948 2194 4016 nihilque

625 4045 799 4105 dolosi
824 4046 874 4102 ei
904 4044 1265 4099 admisceant.

699 4135 861 4190 Vens.
902 4134 988 4188 I6.
1026 4152 1044 4185 ι
1086 4132 1154 4193 Et
1194 4132 1481 4194 manifeste
1530 4148 1786 4204 magnum
1837 4141 1923 4189 est
1973 4129 2195 4201 pietatis

626 4233 1055 4287 sacramentum.
1095 4223 1239 4279 Deus
1272 4224 1653 4281 manifestatus
1687 4232 1775 4283 est
1799 4224 1853 4288 in
1885 4237 2071 4278 carne.
2098 4240 2117 4272 ι

696 4318 772 4381 Ne
797 4317 931 4370 mihi
959 4314 1322 4369 tintinnabula
1349 4313 1681 4378 narraveris,
1716 4314 1933 4382 inquit;
1958 4329 2027 4391 ne
2053 4311 2191 4368 San-

2302 592 2532 661 ὰρμόζει
2557 591 2780 661 μᾶλλον.

2375 702 2393 735 ι
2428 682 2604 736 Τέκνα
2669 683 2861 753 ἔχοντα
2893 684 2951 737 ἐν
2999 684 3425 755 ύποταγῇμετὰ
3457 685 3639 755 πὼσης
3676 688 3838 756 σεμνό-

2299 791 2476 845 τητος.
2515 775 2573 828 Εί
2606 775 2663 828 δέ
2695 792 2777 838 τις
2798 774 2891 829 τοῦ
2922 774 3053 829 ἰδίου
3075 775 3223 828 οἴκου
3256 773 3570 845 προστῆναι
3591 776 3690 828 οὐκ
3715 771 3828 842 οῐδε,

2300 865 2417 929 πῶς
2455 866 2783 935 Ἐκκλησίας
2817 865 2955 920 Θεοῦ
2982 867 3412 937 ὲπιμελήσεταις
3439 870 3481 935 ι]

2369 960 2463 1010 Δεῖ
2483 958 2592 1023 γὰρ
2648 959 2812 1010 αὑτὸν
2848 958 3060 1009 οῐκοθεν
3093 957 3473 1028 παρασχέσθω
3501 957 3574 1010 τὰ
3610 956 3838 1025 παραδεί-

2297 1067 2507 1119 γματα,
2540 1050 2615 1113 ὼς
2667 1049 2849 1112 καλῶς
2885 1048 3175 1118 δυνήσεται
3221 1048 3294 1101 τὰ
3330 1046 3477 1100 κατά
3524 1046 3659 1100 Θεὸν
3704 1047 3837 1100 τέκνα

2296 1141 2535 1193 διοικεῖν.

2372 1250 2391 1281 ι
2430 1230 2521 1301 Μὴ
2553 1230 2831 1298 νεόφυτον,
2859 1228 2947 1282 ἵνα
2980 1227 3056 1298 μὴ
3085 1225 3378 1295 τυφωθεὶς,
3416 1243 3435 1277 ι

2366 1407 2469 1461 Τὸν
2493 1408 2688 1461 νεωστὶ
2731 1406 3112 1478 κατηχημένον
3155 1404 3324 1473 λέγει,
3369 1404 3432 1458 οὐ
3482 1402 3576 1456 τὸν
3601 1400 3834 1473 νεώτερον

2295 1503 2360 1571 τῇ
2398 1499 2579 1570 ἡλικίᾳ

2373 1612 2389 1643 ι
2420 1593 2511 1655 Είς
2554 1594 2728 1663 κρῖμα
2759 1589 2977 1662 ἐμπέσῃ
3000 1587 3095 1641 τοῦ
3127 1586 3401 1643 διαϐόλου.
3448 1603 3468 1638 ι

2367 1684 2655 1736 Τουτέστιν
2684 1684 2761 1746 είς
2792 1681 2887 1750 τὴν
2929 1680 3251 1749 καταδίκην,
3279 1680 3346 1749 ἢν
3374 1679 3588 1739 ἐκεῖνος
3636 1674 3737 1728 ἀπὸ
3758 1673 3837 1743 τῆς

2298 1775 2554 1837 ἀπονοίας
2586 1775 2868 1844 ὑπέμεινε.

2371 1886 2388 1917 ι
2431 1869 2519 1917 Δεῖ
2542 1866 2599 1918 δὲ
2623 1865 2784 1919 αὑτὸν
2812 1864 2907 1918 καλ⁸
2933 1862 3239 1934 μαρτυρίαν
3260 1860 3430 1933 καλὴν
3450 1860 3598 1929 ἔχειν
3624 1860 3729 1913 ἁττί
3748 1858 3839 1909 τῶν

2293 1956 2419 2021 ἔξω,
2449 1956 2534 2008 ἵνα
2564 1957 2638 2026 μὴ
2672 1957 2751 2017 είς
2781 1953 3088 2024 ὀνειδισμὸν
3136 1952 3377 2023 ἐμπέσῃ.
3416 1951 3513 2003 καὶ
3541 1947 3741 2015 παγίδα
3761 1945 3837 1998 τοῦ

2295 2048 2563 2103 διαϐόλου.
2620 2040 2911 2110 διακόνους
2960 2045 3222 2108 ὡσαύτως
3281 2045 3550 2114 σεμνοὺς,
3610 2042 3685 2111 μὴ
3718 2040 3836 2091 δι.λῦ-

2294 2157 2444 2208 γους,
2463 2140 2536 2210 μὴ
2559 2139 2684 2210 οἴνῳ
2707 2137 2885 2207 πολλῷ
2906 2137 3293 2208 προσέχοντας,
3323 2134 3400 2205 μὴ
3430 2131 3835 2202 αἰσχροκερδεξ·

2292 2232 2517 2301 ἔχοντας
2551 2230 2612 2283 τὸ
2644 2229 2947 2302 μυστήριον
2984 2229 3241 2300 πίστεως,
3279 2245 3298 2279 ι

2364 2410 2549 2475 Οὕτως
2569 2408 2794 2481 ὀφείλει,
2828 2408 2984 2477 φησι,
3011 2403 3321 2475 Θαυμαστὸς
3349 2398 3494 2457 εἶναι
3525 2401 3620 2456 καὶ
3633 2401 3836 2463 δίκαιος,

2293 2502 2369 2566 ὡς
2404 2503 2650 2565 καὶτοὺς
2709 2500 2937 2571 ἐχθροὺς
2992 2497 3139 2566 αὑτῷ
3183 2496 3507 2566 μαρτυρεῖν.
3545 2493 3764 2563 Ὅμοιον
3792 2489 3838 2541 δι

2292 2592 2391 2663 τῷ,
2422 2590 2722 2661 Λαμψάτω
2753 2589 2819 2646 τὸ
2856 2587 2983 2659 φῶς
3016 2586 3182 2657 ὑμῶν
3226 2586 3572 2654 ἔμπροσθεν
3610 2581 3730 2638 τῶν
3753 2582 3841 2637 dr-

2294 2682 2560 2753 θρώπων.

2369 2879 2387 2915 ι
2446 2860 2534 2913 Ἐν
2563 2857 2777 2928 καθαρᾷ
2817 2857 3142 2927 συνειδήσει.
3194 2855 3306 2909 Καὶ
3355 2845 3507 2907 οὗτοι
3538 2850 3595 2905 δὲ
3634 2851 3838 2919 δοκιμα-

2292 2952 2572 3019 ζέσθωσαν
2609 2949 2847 3021 πρῶτον,
2896 2943 3016 3000 εἶτα
3066 2944 3513 3008 διακονείτωσαν,
3540 2939 3839 3007 ἀνέγκλητα

2292 3043 2465 3106 ὄντες.
2517 3042 2785 3102 Γυναῖκας
2818 3036 3084 3100 ὡσαύτως
3136 3034 3363 3105 σεμνὰς,
3427 3033 3504 3103 μὴ
3560 3029 3837 3091 διαϐόλους,

2292 3129 2614 3201 νηφαλέους,
2646 3127 2843 3189 πιστὰς
2872 3128 2929 3180 ἐν
2956 3127 3144 3179 πᾶσιν.
3178 3124 3426 3178 Διὰκονοι
3454 3121 3701 3176 εστωσαν
3729 3119 3838 3189 μιᾶς

2293 3221 2552 3290 γυναικὸς
2583 3217 2796 3288 ἄνδρες,
2838 3219 3044 3271 τέκνων
3094 3213 3275 3277 καλῶς
3309 3213 3723 3285 προϊστάμενοι,
3760 3208 3837 3263 καὶ

2292 3310 2399 3366 τῶν
2427 3310 2572 3364 ίδίων
2594 3308 2779 3362 οίκων.
2804 3309 2867 3360 Οἱ
2918 3306 3027 3374 γὰρ
3074 3305 3254 3368 καλῶς
3283 3304 3722 3374 διακονήσαντες,
3759 3298 3837 3368 βα·

2294 3402 2428 3474 θμὸν
2465 3403 2679 3464 ἑαυτοῖς
2710 3399 2874 3454 καλὸν
2910 3394 3341 3469 περιποιοῦνται,
3370 3395 3466 3447 καὶ
3488 3392 3692 3462 πολλὴν
3720 3391 3837 3458 ira}

2294 3496 2486 3566 ρησίαν
2513 3494 2779 3550 ὲνπίστει
2816 3493 2884 3546 τὰ
2937 3494 2995 3546 ἐν
3049 3491 3272 3562 Χριστῷ
3315 3486 3515 3558 Ἰησοῦ.
3547 3484 3732 3540 Ταῦτά
3768 3498 3838 3535 σοι

2292 3588 2517 3659 γράφω,
2570 3586 2805 3649 ἐλπίζων
2844 3583 3020 3639 ἐλθεῖν
3060 3583 3197 3653 πρὸς
3249 3580 3308 3633 σὲ
3368 3578 3583 3648 τάχιον.
3648 3573 3836 3628 Ἐὰνδὲ

2294 3677 2559 3749 βραδύνω,
2592 3676 2677 3729 ἵνα
2714 3676 2881 3746 εἰδῇς,
2916 3675 3033 3737 πῶς
3067 3675 3146 3727 δεῖ
3177 3676 3233 3726 ὲν
3262 3672 3396 3741 οῐκῳ
3427 3668 3566 3722 Θεοῦ
3592 3663 3831 3734 ἀναστρέσ

2293 3764 2509 3839 φέσοαι,
2543 3769 2663 3838 ἥτις
2693 3767 2839 3821 ἐστὶν
2896 3764 3191 3835 Ἐκκλησία
3239 3760 3375 3815 Θεοῦ
3413 3759 3637 3823 ζῶντος,
3670 3754 3836 3814 στύλος

2295 3862 2385 3913 καὶ
2414 3860 2692 3930 ἑδραίωμα
2729 3858 2826 3928 τῆς
2854 3856 3131 3927 ἀληθείας.
3166 3873 3183 3906 ι

2363 3950 2672 4013 Τουτέστιν,
2703 3949 2868 4019 ὀρθὴν
2897 3947 3119 4016 ἔχοντας
3150 3944 3354 4005 πίστιν,
3395 3944 3493 3995 καὶ
3523 3940 3689 4012 μηδὲν
3716 3935 3833 4005 αὐτῇ

2290 4044 2398 4097 τῶν
2426 4042 2615 4094 δολίων
2646 4042 3060 4107 ἐπεισάγοντας.

2368 4155 2384 4185 ι
2419 4133 2527 4186 Καὶ
2556 4130 2998 4203 ὁμολογουμένως
3036 4128 3178 4200 μέγα
3207 4128 3324 4181 ἐστὶ
3349 4128 3412 4180 τὸ
3448 4129 3551 4197 τῆς
3580 4123 3834 4183 εὐσεϐείας

2297 4225 2611 4295 μυστήριον.
2641 4222 2773 4285 Θεὸς
2802 4219 3121 4291 ἐφανερώθη
3148 4221 3206 4272 ὲν
3240 4219 3427 4291 σαρκί.
3456 4237 3477 4271 a

2361 4311 2453 4383 Μή
2486 4331 2575 4383 μοι
2598 4315 2757 4386 εἴπῃς
2784 4314 2910 4375 τοὺς
2940 4312 3216 4375 κώδωνας,
3235 4314 3420 4381 φησιν,
3438 4311 3575 4383 μηδὲ
3600 4310 3667 4365 τὰ
3692 4309 3835 4374 Ἅγια

625 4418 711 4465 cta
744 4416 1083 4471 sanctorum.
1118 4421 1185 4460 nc
1222 4420 1495 4461 summum
1536 4404 1897 4461 sacerdotem.
1950 4392 2192 4461 Ecclesia

2294 4404 2399 4461 τῶν
2428 4404 2617 4471 ἁγίων,
2659 4402 2791 4471 μηδὲ
2820 4402 2909 4455 τὸν
2948 4401 3230 4471 ἀρχιερέα.
3262 4400 3463 4463 Στύλος
3504 4400 3623 4453 ἐστὶ
3660 4400 3753 4468 τῆς
3775 4400 3836 4446 ol-

625 4508 711 4555 est
762 4496 912 4549 orbis
966 4494 1254 4557 columna;
1314 4482 1715 4549 sacramentum
1763 4507 2017 4562 magnum
2069 4499 2189 4556 est,

2296 4497 2568 4566 κουμένης
2618 4495 2650 4562 ἡ
2694 4491 3018 4562 Ἐκκλησία·
3076 4490 3171 4543 καὶ⁵
3220 4490 3522 4559 μυστήριόν
3573 4490 3718 4550 ἐστι,
3758 4486 3835 4537 καί

626 4602 692 4643 ac
718 4585 936 4658 pietatis
987 4592 1433 4651 sacramentum;
1486 4583 1649 4653 idque
1689 4584 1742 4637 in
1779 4583 2035 4639 confesso
2079 4591 2193 4649 est,

626 4693 735 4733 non
766 4678 819 4731 in
852 4675 1099 4745 ancipiti.
1138 4674 1271 4730 Nam
1312 4675 1415 4729 hoc
1450 4683 1536 4730 est
1560 4675 1949 4730 indubitatum.

702 4785 719 4817 ι
752 4766 1092 4821 Justilieatus
1122 4774 1206 4821 est
1238 4766 1290 4818 in
1320 4766 1541 4836 spiritu.
1577 4785 1595 4817 ι

696 4857 776 4912 Ita
806 4858 1079 4927 loquitur,
1100 4858 1356 4926 quoniam
1386 4859 1475 4915 ille
1510 4858 1603 4927 qui
1628 4856 1899 4913 consimili
1940 4855 2102 4911 modo
2133 4870 2197 4910 ac

626 4963 725 5003 nos
754 4947 1100 5017 participavit
1125 4962 1345 5002 carnem
1382 4957 1435 5002 et
1466 4948 1807 5016 sanguinem,
1846 4960 2190 5017 nequaquam

625 5049 911 5109 peccatum
958 5038 1200 5100 admisit,
1258 5054 1355 5093 nec
1411 5040 1663 5096 inventus
1692 5048 1779 5095 est
1814 5039 1979 5094 dolus
2009 5038 2065 5094 in
2099 5053 2193 5094 ore

623 5130 765 5201 ejus.

700 5240 719 5273 ι
770 5222 1037 5293 Apparuit
1062 5222 1290 5294 angelis,
1318 5222 1645 5291 praedicatus
1675 5231 1758 5277 est
1778 5222 2050 5291 gentibus,
2073 5237 2193 5278 cre-

624 5313 771 5369 ditus
803 5324 888 5369 est
919 5314 974 5368 in
1001 5313 1226 5378 mundo,
1261 5322 1575 5383 assumptus
1603 5322 1687 5370 est
1712 5313 1767 5367 in
1808 5314 1999 5384 gloria.
2040 5332 2059 5365 ι

1254 5405 1405 5459 CAP.
1464 5404 1554 5459 IV.

694 5487 860 5555 Vens.
906 5488 1024 5555 1-3.
1066 5516 1086 5552 ι
1134 5498 1373 5570 Spiritus
1425 5507 1608 5554 autem
1661 5500 1957 5559 manifeste
2008 5501 2188 5559 dicit:

623 5588 751 5660 quia
784 5590 840 5644 in
890 5589 1210 5646 novissimis
1260 5591 1607 5662 temporibus
1644 5590 1929 5649 discedent
1961 5592 2193 5663 quidam

623 5692 657 5736 Ι
690 5679 810 5735 ﬁde.
850 5699 867 5730 ι

702 5793 753 5828 ⁸⁵
784 5794 977 5849 Matth.
1008 5812 1065 5862 ν,
1096 5797 1184 5851 ιθ..

2296 4587 2458 4657 μέγα,
2486 4584 2575 4638 καί
2612 4583 2888 4645 εὐσεϐείας
2920 4583 3237 4655 μυστήριον,
3266 4582 3360 4635 καὶ
3391 4579 3833 4649 ὁμολογουμέναις,

2292 4679 2355 4731 ού
2386 4676 2751 4747 ζητουμένως.
2795 4673 3185 4743 Ἀναμφίϐολον
3213 4674 3320 4743 γάρ
3347 4672 3521 4726 ἐστιν.

2372 4786 2390 4819 ι
2438 4764 2758 4835 Ἐδικαιώθη
2787 4766 2844 4816 ἐν
2880 4765 3175 4834 πνεύματι.
3206 4783 3225 4818 a

2367 4857 2537 4911 Τοῦτό
2566 4874 2755 4926 φησιν,
2782 4856 2863 4909 ὅτι
2898 4855 3219 4925 μταλαὸὼν
3260 4856 3494 4926 αἵματος
3528 4855 3617 4909 καὶ
3657 4850 3853 4922 σαρκὸς,

2305 4947 2696 5018 παραπλησίως
2724 4947 2878 5015 ἡμῖν,
2907 4947 3006 4998 οὐκ
3028 4945 3280 5015 ἐποίησεν
3312 4945 3606 5015 ἁμαρτίαν,
3625 4942 3739 4996 οὐδὲ
3761 4940 3835 4993 εὖ·

2303 5038 2433 5110 ρέθη
2464 5037 2614 5102 δόλος
2638 5040 2697 5092 ὲν
2732 5036 2812 5109 τῷ
2844 5038 3073 5107 στόματι
3100 5036 3286 5092 αὑτοῦ.

2377 5240 2395 5271 ι
2423 5220 2599 5290 Ὤςρθη
2625 5220 2902 5287 ἀγγέλοις,
2925 5218 3201 5289 ἐκηρύχθη
3226 5219 3283 5273 ὲν
3308 5217 3541 5284 ἔθνεσιν,
3568 5215 3835 5283 ἐπιστεύθη

2300 5315 2357 5366 ὲν
2395 5316 2603 5385 κόσμῳ,
2630 5311 2906 5382 ἀνελήφθη
2937 5313 2994 5364 ἐν
3025 5311 3173 5381 δόξῃ.
3213 5330 3232 5362 ι

2898 5405 3151 5457 ΚΕΦΑΛ.
3198 5403 3274 5459 Δ’.

2378 5519 2396 5551 ι
2443 5500 2517 5552 Τὸ
2549 5499 2605 5554 δὲ
2628 5497 2847 5567 πνεῦμα
2873 5496 3057 5567 ῥητῶς
3080 5496 3249 5564 λέγει,
3273 5496 3356 5549 ὅτι
3387 5498 3445 5550 ὲν
3474 5496 3711 5568 ὑστέρας
3730 5509 3833 5547 xar-

2303 5594 2418 5664 ροίς
2446 5589 2844 5662 ἀποστήσονταί
2875 5604 3023 5651 τινες
3060 5588 3162 5656 τῆς
3195 5589 3459 5653 πίστεως.
3488 5609 3512 5641 ι
