4022 6414
613 392 750 463 1011

1705 401 1767 461 8.
1810 399 2130 463 JOANNIS
2168 403 2598 470 DAMASCENI

3695 426 3799 494 1012

602 513 1044 579 conversatione,
1082 513 1136 568 in
1171 513 1464 578 cbaritate,
1496 512 1549 567 in
1580 512 1777 583 spll‘ilu
1803 551 1819 577 ,
1854 514 1907 567 in
1941 515 2077 581 lide,
2113 515 2161 567 in

2272 519 2481 592 ἀγάπῃ,
2508 523 2567 574 ἐν
2594 524 2884 595 πνεύματι,
2912 529 2970 581 ἐν
3009 527 3211 592 πίστει,
3241 530 3300 583 ὲν
3333 532 3549 605 ἁγνείᾳ.
3586 535 3799 613 ἐωςίμ

602 608 878 663 castitate.
903 603 1039 660 Dum
1062 605 1246 669 venio,
1266 604 1483 673 attende
1511 603 1767 671 lectioni,
1794 604 2168 666 exhortationi

601 711 655 755 ot
683 700 964 754 doctrinae.
998 718 1017 752 ι

667 792 910 847 Ostende
935 806 1119 862 opera,
1158 790 1356 861 inquit,
1386 789 1587 845 canitie
1639 789 1804 861 digna
1836 808 1850 845 :
1887 806 2009 861 quae
2040 791 2169 848 sub-

603 884 730 938 inde
763 885 929 938 etiam
962 891 1206 938 enarrat.

666 974 834 1031 Vens.
880 975 965 1039 M,
1006 976 1091 1030 15.
1121 993 1139 1026 ι
1168 973 1287 1029 Noli
1323 974 1596 1045 negligere
1623 974 1853 1044 gratiam
1879 990 2001 1045 qua:
2029 976 2084 1029 in
2117 984 2168 1032 te

600 1076 714 1132 est,
745 1083 868 1137 quae
900 1066 1027 1120 data
1056 1075 1141 1121 cst
1174 1067 1272 1123 tibi
1318 1082 1444 1121 cum
1498 1067 1849 1137 impositione
1899 1084 2162 1124 manuum

598 1157 944 1229 presbyterii.
980 1156 1106 1213 Haec
1137 1158 1401 1214 meditare
1430 1175 1443 1211 :
1476 1157 1530 1211 in
1559 1158 1680 1215 istis
1707 1167 1848 1222 esto.
1878 1178 1896 1210 ι

670 1250 992 1305 Doctrinam
1026 1252 1123 1304 ait.

668 1361 685 1393 ι
717 1339 785 1396 Ut
832 1340 1119 1411 profectus
1163 1352 1291 1397 tuus
1332 1341 1658 1397 manifestus
1690 1342 1763 1396 sit
1798 1342 1851 1397 in
1885 1344 2162 1399 omnibus.

596 1432 615 1504 ι’
637 1430 805 1489 Vens.
836 1431 969 1499 16.]
999 1435 1235 1489 Attende
1273 1435 1373 1489 tibi
1402 1442 1457 1488 et
1488 1434 1753 1491 doctrinae
1781 1453 1794 1489 :
1835 1439 1977 1491 insta
2009 1435 2063 1490 in
2096 1436 2166 1489 il-

476 1558 482 1564 ρ
595 1523 686 1577 iis.
727 1522 840 1578 Hoc
873 1525 1019 1578 enim
1054 1525 1301 1593 faciens,
1335 1525 1570 1594 teipsum
1603 1527 1817 1580 salvum
1850 1525 2018 1583 facies
2048 1568 2060 1591 ,
2109 1535 2165 1583 et

591 1628 690 1669 eos
721 1614 814 1683 qui
847 1624 897 1669 te
926 1614 1180 1670 audiunt.
1221 1634 1240 1669 ι

659 1700 784 1759 Non
814 1703 869 1760 in
904 1705 1013 1760 vita
1040 1706 1219 1765 solum
1241 1748 1255 1772 ,
1290 1706 1387 1764 sed
1408 1714 1462 1763 et
1493 1707 1550 1765 in
1577 1708 1746 1766 verbo
1773 1709 2059 1767 doctrinae.

662 1970 833 2045 Vsus.
876 1973 989 2031 1-4.
1022 1992 1039 2028 ι
1067 1972 1356 2032 Seniorem
1384 1950 1901 2049 neincrepaveris:
1932 1980 2033 2035 sed
2060 1980 2165 2036 ob-

593 2078 750 2121 secta
777 2073 837 2120 ut
867 2075 1121 2136 patrem;
1145 2066 1383 2138 juvenes
1417 2077 1477 2124 ut
1505 2069 1709 2129 fratres
1737 2088 1756 2137 ;
1786 2087 1925 2129 anus
1956 2083 2013 2127 ut
2050 2089 2164 2129 ma-

593 2165 756 2219 tres;
797 2155 1118 2224 juveneulas
1166 2166 1229 2217 ut
1277 2173 1536 2227 sorores,
1586 2161 1643 2216 in
1688 2163 1840 2217 omni
1891 2166 2163 2221 castitate.

592 2243 805 2304 Viduas
852 2246 1093 2321 honora,
1148 2266 1279 2323 quae
1322 2268 1450 2315 vere
1494 2253 1674 2310 vidua?
1730 2263 1876 2315 sunt.
1935 2254 1992 2311 Si
2044 2272 2166 2328 qum

592 2346 777 2392 autent
811 2338 978 2393 vidua
1021 2339 1163 2411 ﬁlios
1199 2348 1296 2396 aut
1340 2352 1569 2413 nepotes
1610 2342 1805 2410 habet,
1835 2344 2014 2402 discat
2048 2348 2165 2418 pri-1

591 2444 766 2495 mum,
797 2448 817 2484 ι
2098 2476 2101 2477 ν

666 2520 741 2576 De
789 2537 1163 2597 quocunque,
1209 2525 1305 2595 qui
1357 2534 1631 2594 provectae
1682 2526 1754 2582 sit
1802 2530 2014 2592 aetatis,
2077 2526 2165 2589 ιο..

588 2613 799 2684 quitur.
1396 2606 1399 2607 ⁷

668 2721 689 2756 ι
724 2704 954 2761 Domum
990 2720 1147 2763 suam
1186 2721 1412 2778 regere,
1454 2715 1507 2764 et
1541 2718 1787 2763 mutuam
1834 2711 2005 2767 vicem
2036 2711 2162 2767 red-

589 2794 721 2851 dere
753 2795 1098 2864 parentibus.
1148 2795 1264 2852 Hoc
1308 2798 1455 2852 enim
1502 2808 1787 2868 acceptum
1834 2809 1920 2854 est
1971 2815 2163 2855 coram

589 2882 726 2940 Deo.
762 2883 955 2953 Ufens,
993 2886 1141 2959 5-7.]
1171 2886 1307 2953 Quae
1331 2895 1513 2943 autem
1554 2903 1679 2960 vere
1715 2889 1880 2944 vidua
1936 2898 2056 2954 est,
2107 2899 2162 2947 et

492 3034 495 3037 ν
588 2974 866 3039 desolata,
910 2987 1093 3047 speret
1134 2979 1187 3033 in
1228 2978 1435 3044 Deum,
1467 2988 1521 3035 et
1557 2979 1723 3035 instet
1756 2981 2160 3037 obsecrationi-

590 3066 696 3122 bus
724 3076 780 3122 et
807 3070 1151 3125 orationibus
1187 3078 1351 3130 nocte
1383 3080 1439 3126 et
1466 3073 1575 3128 die.
1612 3071 1746 3126 Na’m
1780 3089 1902 3143 quae
1933 3075 1988 3128 in
2019 3074 2160 3130 deli-

589 3158 695 3214 ciis
729 3167 843 3222 est,
876 3161 1064 3215 vivens
1093 3173 1309 3216 mortua
1341 3175 1448 3221 εει.
1508 3162 1573 3216 Εῑ
1616 3165 1733 3222 haec
1782 3168 2050 3237 praecipe,
2101 3176 2159 3223 ut
2186 3188 2229 3247 (ς

591 3248 1101 3320 irreprehcnsibiles
1127 3255 1259 3308 sint.
1286 3273 1305 3309 ι

654 3338 799 3395 Idem
834 3351 915 3399 est
943 3355 1043 3403 ac.
1077 3342 1215 3398 bene
1247 3360 1459 3415 gerere.

662 3429 829 3486 Vens.
871 3431 924 3487 8.
957 3450 979 3489 ι
1006 3430 1061 3486 Si
1100 3435 1226 3503 quis
1260 3446 1444 3493 autem
1495 3453 1759 3504 suorum,
1816 3448 1871 3495 et
1922 3442 2169 3499 maxime.

589 3519 1029 3583 domesticorum
1060 3539 1250 3578 curam
1283 3542 1393 3581 non
1428 3527 1613 3584 habet.
1644 3546 1663 3581 ι

612 3608 769 3665 .Eos
829 3610 908 3664 ait
963 3612 1055 3681 qui
1117 3628 1320 3681 genere
1373 3616 1666 3686 propinqui
1722 3627 1907 3687 sunt;
1964 3638 2161 3691 quem-

591 3698 882 3754 admodum
907 3711 961 3761 et
996 3701 1167 3767 Isaias
1206 3721 1219 3759 :
1253 3703 1440 3774 Aﬂines
1472 3706 1679 3777 generis,
1711 3711 1791 3767 tui
1836 3729 1938 3766 non
1980 3730 2167 3781 aspere

586 3791 727 3845 ueris
754 3792 821 3851 “.

663 3899 681 3931 ι
711 3880 898 3938 Fidem
932 3887 1180 3957 negarit,
1211 3899 1267 3945 et
1299 3898 1385 3947 est
1416 3891 1622 3948 inﬁdeli
1657 3895 1929 3951 deterior:
1960 3893 2157 3967 [Verte

585 3972 764 4047 9-15.]
792 3973 970 4029 Vidua
1001 3979 1238 4049 eligatur
1270 3997 1380 4036 non
1414 3984 1603 4039 minus
1654 3984 1936 4057 sexaginta
1986 4002 2162 4042 anno-

588 4080 744 4129 rum,
773 4083 896 4137 quae
927 4069 1090 4140 265
1121 4070 1288 4127 fuerit
1318 4075 1484 4131 unius
1525 4076 1625 4129 viri
1675 4094 1855 4145 uxor;
1889 4079 1944 4133 in
1978 4081 2161 4149 operi-

588 4157 691 4212 bus
724 4157 886 4213 bonis
914 4161 1288 4215 testimonium
1318 4163 1564 4219 habens:
1603 4167 1647 4221 si
1689 4166 1832 4223 ﬁlios
1867 4169 2154 4231 educavit.

588 4248 636 4302 si
669 4247 915 4318 hospitio
943 4251 1187 4319 recepit,
1220 4254 1264 4307 si
1298 4263 1618 4309 sanctorum
1669 4258 1836 4324 pedes
1892 4260 2059 4326 lavit,
2112 4262 2160 4319 si

588 4338 1003 4396 tribulationem
1038 4344 1374 4410 patientibus
1407 4349 1885 4418 subministravit,
1921 4356 1966 4411 si
1999 4372 2161 4414 omne

588 4448 730 4501 Opus
757 4432 960 4489 bonum
991 4436 1285 4492 subsecuta
1319 4447 1428 4496 est.
1458 4441 1942 4503 Adolescentiores
1975 4459 2159 4507 autem

2271 627 2456 681 χομαι,
2507 615 2747 687 πρόσεχε
2784 619 2850 688 τῇ
2896 618 3222 688 ἀναγνώσει,
3256 625 3322 693 τῇ
3379 627 3726 697 παρακλήσει,
3748 640 3799 707 τῇ

2268 701 2606 777 διδασκαλίᾳ.
2644 726 2662 759 ι
3780 701 3787 737 ⁵

2343 796 2519 867 Ἔργα
2562 799 2692 870 γὰρ,
2743 804 2929 872 φησιν,
2972 806 3240 874 ἐπίδειξον
3268 808 3393 875 ἄξια
3433 809 3643 877 πολιᾶς,
3676 814 3706 867 ἃ
3733 819 3805 871 καὶ

2270 886 2467 957 ἐφεξῆς
2494 889 2659 957 λέγει.

2344 999 2362 1032 ι
2408 982 2497 1052 Μὴ
2527 984 2717 1054 ἀμέλει
2761 989 2854 1041 τοῦ
2894 992 2953 1043 ἐν
2979 993 3061 1045 σοὶ
3098 995 3460 1065 χαρίσματος,
3511 997 3540 1050 ὃ
3566 997 3712 1067 ἐδόθη
3743 1016 3805 1052 σοι

2266 1072 2352 1129 διὰ
2379 1077 2736 1146 προφητείας,
2761 1082 2903 1149 μετὰ
2929 1084 3227 1151 ἐπιθέσεως
3247 1086 3354 1142 τῶν
3376 1090 3578 1159 χειρῶν
3601 1093 3810 1161 πρεσϐυ-

2267 1164 2470 1234 τερίου.
2503 1167 2686 1222 Ταῦτα
2723 1174 2940 1239 μελέτα,
2973 1177 3031 1231 ὲν
3055 1178 3264 1244 τούτοις
3300 1179 3429 1244 ίσθι,
3469 1201 3490 1234 ι

2338 1256 2449 1324 Τῆς
2476 1257 2829 1327 διδασκαλίας
2850 1267 3034 1335 φησίν.

2346 1367 2363 1398 ι
2402 1350 2520 1404 Ἵνα
2546 1368 2639 1404 σου
2670 1354 2703 1422 ή
2736 1356 2990 1427 προκοπὴ
3021 1360 3230 1433 φανερὰ
3328 1364 3390 1417 ὲν
3418 1365 3609 1416 πᾶσιν.
3638 1364 3810 1433 Ἐπεχε

2272 1440 2506 1510 σεαυτῷ,
2552 1444 2648 1495 καὶ
2678 1447 2743 1514 τῇ
2775 1445 3122 1522 διδασκαλίᾳ,
3164 1451 3389 1522 ἐπίμενε
3432 1453 3637 1516 αὐτοῖς.
3668 1453 3810 1506 Τοῦτο

2267 1531 2376 1600 γὰρ
2422 1532 2617 1599 ποιῶν,
2648 1534 2743 1588 καὶ
2797 1538 3023 1593 σεαυτὸν
3063 1521 3278 1611 σώσεις,
3324 1544 3418 1596 καὶ
3461 1544 3590 1606 τοὺς
3613 1544 3811 1597 ἁκούονκ

2267 1633 2364 1695 τὰς
2391 1644 2505 1687 σου.
2549 1649 2568 1683 ι

2337 1726 2430 1797 Μὴ
2457 1727 2514 1780 ιν
2541 1726 2622 1798 τῷ
2650 1726 2753 1798 βίῳ
2787 1726 2968 1798 μόνον,
3000 1725 3136 1780 ἀλλά
3168 1724 3263 1779 και
3294 1724 3353 1777 ιν
3380 1723 3459 1795 τῷ
3490 1722 3636 1792 λόγῳ
3662 1724 3732 1793 τῷ
3750 1725 3811 1777 δι-

2268 1815 2601 1889 δασκαλικῷ.

2197 1860 2243 1921 Β
2271 1860 2601 1889 ”“””“”’”Ὶ”
2862 1887 3112 1941 sema.
3145 1887 3221 1942 Et.

2290 2012 2295 2015 -
2339 1976 2709 2051 Πρεσσυτέρῳ
2750 1980 2825 2051 μὴ
2867 1978 3196 2050 ιπιπλήξῃς,
3240 1977 3377 2033 ἀλλὰ
3408 1978 3709 2048 παρακάλει
3746 1984 3807 2041 ὡς

2269 2069 2501 2140 πατέρα,
2538 2071 2844 2141 νεωτέρους
2891 2070 2970 2136 ὡς
3014 2068 3299 2139 ἀδελφοὺς,
3344 2068 3718 2139 πρεσϐυτέρας
3747 2068 3807 2132 ὡς

2270 2160 2536 2232 μητέρας.
2560 2161 2832 2232 νεωτέρας
2859 2162 2936 2226 ὡς
2962 2158 3200 2229 ἀδελφὰς
3226 2162 3285 2214 ἐν
3324 2158 3476 2229 πάσῃ
3503 2161 3693 2230 ἁγνείᾳ
3729 2160 3808 2229 χή.

2270 2266 2369 2320 ρας
2392 2250 2525 2321 τίμα
2550 2250 2649 2313 τὰς
2674 2250 2844 2314 ὅντως
2879 2251 3073 2321 χήρας.
3104 2249 3167 2303 Et
3199 2248 3257 2303 δέ
3299 2264 3384 2311 τις
3408 2248 3555 2319 χήρα
3585 2246 3806 2317 τέκνα,ἢ

2266 2342 2467 2413 ἔκγονα
2493 2342 2627 2414 ἔχει,
2660 2343 2978 2414 μανθανέτω
3006 2341 3243 2413 πρῶτον,
3283 2360 3303 2394 ι

2335 2522 2475 2596 Περὶ
2499 2522 2701 2589 παντὸς
2727 2522 3098 2594 γεγηρακότος
3118 2519 3291 2590 λέγεις

2340 2719 2364 2757 ι
2405 2698 2509 2753 Τὸν
2540 2698 2669 2751 ίδιον
2702 2691 2853 2766 οἶκον
2880 2695 3145 2759 εὐσεϐεῖν,
3184 2695 3280 2747 καὶ
3313 2691 3551 2763 ἀμοιϐὰς
3587 2688 3811 2747 ﬁrmitati.

2265 2807 2353 2843 ναι
2382 2792 2494 2852 τοῖς
2527 2788 2837 2859 προγόνοις.
2868 2785 3041 2839 Τοῦτο
3075 2786 3181 2857 γάρ
3233 2786 3383 2836 ἐστιν
3416 2780 3712 2835 ἀπόδεκτον
3739 2779 3811 2831 ὲν-

2263 2882 2433 2934 ώπιον
2466 2878 2561 2933 τοῦ
2583 2878 2742 2945 Θεοῦ.
2768 2878 2834 2932 Ἦ
2865 2876 3109 2945 δὲδντως
3134 2872 3409 2945 χήρα,καὶ
3447 2870 3809 2941 μεμονωμένη.

2263 2973 2492 3046 ήλπικεν
2522 2972 2614 3024 ἐπὶ
2637 2969 2730 3022 τδν
2777 2968 2931 3032 Θεὸν,
2967 2968 3064 3020 καὶ
3108 2966 3405 3038 προσμένει
3447 2966 3572 3028 ταῖς
3618 2964 3811 3034 δεήσεσι

2263 3066 2357 3121 καὶ
2388 3068 2507 3129 ταῖς
2538 3065 2868 3135 προσευχαῖς
2898 3060 3116 3124 νυκτὸς,
3147 3060 3243 3113 κα)⁵
3266 3061 3483 3129 ἡμέρας
3504 3074 3520 3088 ο
3552 3060 3587 3128 ἠ
3618 3056 3673 3110 δὲ
3696 3071 3811 3107 σπα-

2264 3154 2506 3221 ταλῶσα,
2545 3154 2695 3219 ζῶσα
2744 3151 3030 3222 τέθνηκεν.
3078 3153 3187 3205 Καὶ
3235 3150 3405 3217 ταῦτα
3466 3146 3808 3220 παράγγελλε,

2230 3256 2233 3257 ⁷
2265 3250 2351 3303 ἴνα
2386 3246 2740 3317 ἀνεπίληπτοι
2769 3240 2922 3301 ὦσιν.
2963 3262 2983 3296 ι

2344 3340 2491 3393 Ἀντὶ
2527 3338 2645 3402 τοῦ,
2682 3337 2745 3391 εὖ
2772 3340 2967 3401 ποιεῖν.

2342 3450 2359 3485 ι
2400 3430 2464 3484 Et
2504 3430 2561 3483 δέ
2597 3446 2683 3492 τις
2719 3427 2825 3489 τῶν
2866 3427 3033 3488 ἰδίων,
3060 3424 3154 3478 καὶ
3195 3422 3431 3493 μάλιστα
3466 3422 3578 3475 τῶν
3602 3421 3811 3487 οἰκείων,

2262 3522 2323 3575 οὐ
2359 3523 2598 3592 προνοεῖ,
2633 3538 2652 3571 ι
3489 3576 3507 3593 ,

2332 3614 2473 3675 Τοὺς
2497 3612 2646 3680 γένει
2688 3613 3062 3683 προσήκοντας
3108 3610 3293 3680 φησιν,
3327 3607 3402 3671 ὡς
3441 3608 3540 3659 καὶ
3583 3605 3807 3664 Ἡσαΐας,

2270 3702 2414 3769 Τοὺς
2439 3702 2696 3766 οἰκείους
2723 3700 2829 3755 τοῦ
2856 3701 3198 3768 σπέρματός
3229 3712 3346 3757 σου
3378 3698 3492 3764 οὺχ
3528 3695 3807 3763 exspes-ct.

2340 3901 2363 3935 t
2397 3882 2509 3954 Τὴν
2538 3882 2721 3935 πίστιν
2752 3881 3007 3951 ἤρνηται,
3044 3880 3139 3932 καὶ
3177 3878 3323 3931 ἐστιν
3357 3874 3589 3930 ἀπίστου
3617 3872 3807 3945 χείρων.

2264 3980 2427 4051 Χήρα
2459 3975 2847 4044 καταλεγέσθω
2893 3972 2967 4044 μὴ
2996 3972 3215 4025 ἔλαττον
3252 3967 3388 4022 ἑτῶν
3428 3967 3703 4036 ἑξήκοντα,
3730 3977 3812 4028 γε·

2264 4071 2455 4138 γονυῖα
2484 4068 2602 4130 ἐνὸς
2627 4065 2817 4138 ἀνδρὸς
2843 4064 3000 4133 γυνὴ,
3024 4065 3081 4115 ὲν
3107 4062 3286 4134 ἔργοις
3314 4058 3501 4122 καλοῖς
3536 4070 3813 4127 μαρτυρου-

2268 4162 2425 4233 μένη,
2457 4162 2505 4214 εἰ
2542 4158 3026 4228 ἐτεκνοτρόφησεν,
3063 4158 3109 4208 εἰ
3156 4152 3553 4222 ἐξενοδόχησεν,
3586 4150 3633 4201 εἰ
3667 4145 3812 4212 ἁγίων

2265 4253 2430 4318 πόδας
2475 4252 2675 4321 ἔνιψεν,
2730 4253 2779 4304 εἰ
2828 4248 3165 4319 θλιϐομένοις
3216 4247 3549 4314 ἐπήρκεσεν,
3586 4243 3630 4294 εί
3671 4235 3812 4290 παντὶ

2264 4344 2409 4414 ἔργῳ
2424 4342 2614 4412 ἁγαθῷ
2640 4340 3095 4411 ἐπηκολούθησεν.
3112 4335 3401 4406 Νεωτέρας
3422 4333 3480 4386 δὲ
3698 4342 3811 4428 mii-

2264 4436 2438 4490 αιτοῦ.
2493 4437 2661 4487 Ὅταν
2710 4434 2818 4503 γὰρ
2872 4430 3384 4502 καταστρηνιάσωσι
3439 4425 3536 4479 τοῦ
3582 4425 3809 4493 Χριστοῦ,

590 4520 787 4577 viduas
830 4521 1033 4578 devita.
1099 4526 1234 4580 Cum
1290 4529 1438 4582 enim
1496 4531 1786 4589 luxuriata:
1844 4536 2054 4595 fuerint
2103 4541 2157 4595 in

2267 4533 2464 4600 γαμεῖν
2517 4529 2811 4592 ἐθέλουσιν,
2846 4527 3068 4596 ἔχουσαι
3095 4526 3289 4595 κρῖμα,
3341 4521 3425 4573 ὅτι
3472 4519 3585 4588 τὴν,
3617 4513 3809 4585 πρώτην

587 4611 869 4668 Christum
895 4655 909 4679 ,
936 4614 1145 4670 nubere
1172 4618 1363 4672 volunt
1383 4660 1397 4683 ,
1427 4621 1690 4682 habentes
1714 4624 2119 4685 damnationem
2144 4672 2158 4695 ,

588 4702 717 4769 quia
749 4704 981 4771 primam
1020 4707 1183 4760 tidem
1219 4709 1430 4764 initam
1470 4711 1741 4769 fecerunt.
1773 4715 1947 4771 Simul
1978 4729 2159 4775 autem

586 4803 641 4848 et
691 4795 886 4850 otiosae
938 4795 1162 4852 discunt
1214 4800 1455 4857 circuire
1506 4804 1746 4861 domos:
1810 4824 1919 4863 non
1980 4812 2159 4866 solum

587 4884 808 4950 otiosae,
861 4886 957 4942 sed
1013 4898 1070 4942 et
1116 4891 1396 4958 verbosas,
1454 4903 1509 4949 et
1556 4898 1824 4967 curiosae,
1874 4902 2162 4973 loquentes

586 4991 708 5045 qua
734 4992 841 5032 non
875 4982 1276 5049 oportet..Volo
1304 5002 1433 5055 ergo
1459 4987 1710 5057 juniores
1744 4995 1951 5051 nubere
1972 5038 1985 5062 ,
2020 4998 2162 5052 tilios

591 5082 918 5136 procreare,
958 5072 1411 5133 matresfamilias
1451 5095 1601 5147 esse,
1650 5085 1859 5138 nullam
1914 5090 2164 5144 occasio-

588 5175 714 5215 nem
742 5161 877 5219 dare
905 5162 1229 5220 adversario
1275 5170 1558 5226 maledicti
1607 5176 1804 5242 gratia.
1846 5175 1966 5231 1am
2015 5180 2159 5234 enim

584 5254 830 5322 quaedam
864 5267 1151 5315 conversa:
1181 5272 1311 5315 sunt
1341 5270 1491 5319 retro
1520 5264 1804 5325 Satanam.
1838 5289 1855 5321 ι

655 5346 797 5410 Quia
837 5347 1077 5407 inﬁdelis
1110 5352 1220 5416 ille,
1253 5355 1359 5409 etsi
1402 5365 1694 5417 extraneos
1745 5365 2001 5434 despicit.
2029 5383 2155 5438 pro-

582 5437 820 5507 pinquos
856 5450 1036 5498 tamen
1071 5460 1176 5500 non
1216 5458 1562 5517 aspernatur.
1610 5453 1773 5523 Atqui
1818 5459 1975 5526 ﬁdem
2008 5437 2157 5519 cont-

584 5537 803 5596 pactum
839 5532 993 5589 dicit.

655 5620 822 5679 Vens.
868 5626 1055 5683 16-25.
1097 5649 1115 5682 ι
1156 5631 1210 5687 Si
1251 5636 1377 5705 quis
1428 5638 1513 5693 vir
1587 5651 1681 5697 aut
1732 5645 1927 5701 mulier
1985 5647 2157 5721 ﬁdelis

651 5802 698 5835 "
729 5802 837 5858 lsa.
864 5822 1019 5876 um,
1048 5811 1097 5877 7,
1124 5831 1233 5872 sec.
1272 5834 1398 5874 nx.

2268 4623 2452 4676 πίστιν
2496 4620 2788 4690 ἠθέτησαν.
2827 4619 2980 4687 ’Ἅμα
3018 4616 3075 4668 δὲ
3107 4616 3201 4668 καὶ
3247 4614 3413 4685 ὀιργαλ⁸
3457 4610 3805 4682 μανθάνουσιν,

2268 4713 2694 4786 περιερχόμεναι
2729 4710 2825 4773 τὰς
2863 4708 3037 4769 οἰκίας
3059 4724 3073 4738 ·
3100 4708 3162 4760 οὺ
3210 4706 3368 4774 μόνον
3402 4704 3457 4755 δὲ
3485 4702 3668 4769 ἀργαὶ,
3698 4696 3809 4748 am

2269 4803 2364 4858 καὶ
2397 4802 2646 4872 φλύαροι,
2675 4799 2770 4853 καὶ
2805 4798 3114 4868 περίεργοι,
3146 4794 3405 4847 λαλοῦσαι
3431 4792 3501 4844 τὰ
3528 4790 3599 4861 μὴ
3627 4788 3805 4850 δέοντα.

2268 4897 2542 4967 Βούλομαι
2572 4889 2665 4948 οὖν
2690 4892 2961 4960 νεωτέρας
2995 4890 3213 4959 γαμεῖν,
3248 4885 3605 4952 τεκνογονεῖν,
3636 4878 3807 4933 οἰκοδε-

2269 4989 2512 5051 σποτεῖν,
2546 4983 2814 5056 μηδεμίαν
2837 4980 3091 5051 ἀφορμὴν
3112 4978 3309 5031 διδόναι
3343 4975 3423 5044 τῷ
3457 4971 3803 5035 ἀντικειμένῳ,

2266 5080 2528 5150 λοιδορίας
2561 5078 2742 5146 χάριν.
2778 5073 2916 5143 Ἤδη
2950 5071 3059 5141 γάρ
3090 5086 3234 5131 τινες
3266 5067 3634 5137 ἐξετράπησαν
3658 5059 3806 5111 ὀπίσω

2265 5173 2360 5226 τοῦ
2393 5170 2629 5224 Σατανᾶ.
2673 5186 2692 5218 ι

2338 5352 2463 5404 Ὅτι
2486 5349 2713 5409 ἐκεῖνος,
2738 5346 2786 5397 εἰ
2816 5343 2910 5395 καὶ
2940 5341 3015 5412 μὴ
3042 5340 3167 5401 τοὺς
3194 5335 3527 5405 ἀλλοτρίους,
3556 5334 3666 5392 τοὺς
3692 5340 3802 5391 γουν

2268 5441 2436 5512 ἐγγὺς
2458 5440 2520 5494 οὐ
2557 5437 2808 5509 περιορᾷ.
2843 5433 2955 5505 Τὴν
2990 5416 3266 5502 συνθήκην
3304 5428 3490 5497 φησίν.

2344 5670 2360 5699 ι
2404 5647 2468 5701 Εἴ
2495 5664 2579 5711 τις
2615 5640 2824 5707 πιστὸς,
2857 5638 2889 5710 ἢ
2922 5634 3085 5705 πιστὴ
3131 5632 3243 5705 ἔχει
3285 5635 3481 5705 χήρας,
3525 5622 3798 5699 Emptum!
