3910 6400
101 428 219 492 1013

1122 427 1202 486 ΙΝ
1241 426 1478 486 EPIST.
1518 427 1614 484 AD
1651 425 2112 486 TIMOTHEUM
2149 425 2197 484 Ι.

3180 429 3330 495 1014»

95 542 288 602 αὑταῖς..
323 538 415 592 καὶ
441 539 518 612 μὴ
547 537 816 608 βαρείσθω
857 539 890 607 ἡ
935 536 1252 604 Ἐκκλησία,
1287 538 1374 590 ἶνα
1407 538 1526 600 ταῖς
1554 536 1644 589 όν-

1758 535 1910 592 ltabet
1952 537 2172 603 viduas,
2225 535 2606 592 suhtninistret
2645 536 2775 602 illis,
2820 547 2874 594 et
2919 555 3028 594 non
3063 552 3316 612 gravetur

93 649 188 694 τως
215 631 410 701 χήραις
457 631 757 702 ἐπαρκέσῃ.
798 629 860 681 Οί
905 627 1084 692 καλῶς
1123 629 1469 699 προεστῶτες
1514 646 1645 700 πρεο

96 720 350 812 ψύτεροι,
377 717 569 784 διπλῆς
593 718 756 786 τιμῆς
786 715 1180 782 ἀξιούσθωσαν,
1214 717 1448 787 μάλιστα
1478 718 1528 770 oi
1553 734 1644 769 κο-

96 807 308 872 ξιῶντες
334 811 389 862 ἐν
410 809 553 878 λόγῳ
579 809 673 862 καὶ
689 807 1026 878 διδασκαλίᾳ.
1050 807 1212 880 Λέγει
1241 807 1351 879 γὰρ
1373 811 1404 878 ἡ
1429 808 1642 878 Γραφὴο

95 901 217 954 Βοῦν
247 901 486 954 ἀλοῶντα
531 901 592 952 οὑ
627 899 915 969 φιμώσεις.
958 899 1087 961 Καὶ,
1131 899 1311 963 ’Ἄξιος
1341 902 1368 951 ὁ
1407 900 1646 970 ἐργάτης

94 993 176 1048 τοῦ
215 992 402 1063 μισθοῦ
447 990 638 1046 αὑτοῦ.
687 991 842 1050 Κατά
888 989 1264 1060 πρεσϐυτέρου
1311 991 1646 1061 κατηγορίαν

98 1085 162 1154 μὴ
185 1083 508 1154 παραδέχου,
541 1081 697 1144 ἐκτὸς
730 1083 778 1132 εἰ
815 1081 890 1150 μὴ
920 1081 1012 1132 ἐπὶ
1043 1081 1137 1133 δύο
1174 1081 1206 1151 ἢ
1241 1081 1407 1152 τριῶν
1441 1081 1646 1152 μαρτύ-

98 1193 211 1245 ρων.
254 1175 390 1237 Τοὺς
418 1173 837 1244 ἁμαρτάνοντας
887 1171 1118 1226 ἐνώπιον
1165 1173 1384 1226 πάντων
1434 1173 1644 1243 ἔλεγχε,

96 1268 172 1318 ἵνα
210 1265 302 1318 καὶ
328 1263 595 1324 οίλοιποὶ
637 1263 798 1332 φόϐον
833 1263 1021 1334 ἔχωσι.
1056 1263 1510 1334 Διαμαρτύρομαι
1563 1265 1647 1316 ὲν-

94 1357 247 1410 ὡπιον
275 1354 366 1408 τοῦ
382 1354 518 1408 Θεοῦ
551 1356 645 1408 καὶ
667 1355 873 1424 Κυρίου
910 1353 1081 1424 Ἰησοῦ
1116 1354 1374 1424 Χριστοῦ,
1421 1354 1646 1409 καὶτῶν

94 1446 347 1506 ἐκλεκτῶν
365 1445 632 1515 ἀγγέλων,
657 1446 745 1500 ἵνα
768 1445 940 1498 ταῦτα
965 1445 1205 1517 φυλάξῃς
1232 1447 1399 1517 χωρὶς
1424 1448 1648 1519 προκρί-

99 1556 271 1608 ματος,
308 1538 478 1608 μηδὲν
522 1537 690 1591 ποιῶν
733 1537 874 1590 κατά
919 1537 1260 1608 πρόσκλισιν.
1313 1540 1517 1610 Χεῖρας
1549 1557 1646 1592 τα·

95 1627 220 1698 χὲως
250 1627 436 1697 μηδενὶ
469 1626 722 1689 ἐπιτίθει,
770 1626 906 1697 μηδὲ
937 1627 1182 1680 κοινώνει
1223 1629 1522 1703 ἁμαρτίαις
1557 1629 1648 1682 άλ-

94 1718 333 1788 λοτρίαις.
366 1718 600 1771 Σεαυτὸν
643 1716 808 1786 ἁγνὸν
849 1719 1027 1788 τήρει.
1069 1719 1285 1790 Μηκέτι
1339 1720 1644 1789 ὑδροπότει,

95 1809 195 1861 ἀλλ’
219 1808 342 1879 οίνῳ
389 1808 555 1879 ὀλίγῳ
583 1808 704 1879 χρῶ
725 1808 815 1862 διὰ
857 1808 948 1863 τὸν
987 1809 1259 1881 στόμαχόν
1287 1829 1380 1864 σου
1424 1813 1517 1866 καὶ⁵
1548 1811 1646 1874 τὰς

94 1901 286 1965 πυκνάς
315 1918 408 1955 σου
441 1901 746 1966 ἀσθενείας.
775 1903 951 1967 Τινῶν
977 1900 1281 1972 ἀνθρώπων
1300 1905 1355 1957 αί
1381 1904 1646 1974 ἁμαρτίαι

95 1991 334 2064 πρόδηλοί
376 1994 509 2058 είσι,
541 1993 884 2065 προάγουσαι
924 1994 1006 2059 είς
1039 1993 1250 2066 κρίσιν’
1295 1995 1406 2049 τισὶ
1447 1997 1505 2050 δὲ
1555 1998 1650 2054 καὶ

94 2082 560 2140 ιπακολουθοῦσιν.
599 2083 877 2150 Ὡσαύτως
917 2085 1013 2140 καὶ
1035 2086 1106 2141 τὰ
1147 2085 1288 2141 καλά
1333 2087 1474 2162 ἔργα
1511 2069 1649 2160 πρό-

93 2172 216 2244 δηλά
239 2174 378 2240 ὶστι,
428 2176 525 2230 καὶ
573 2177 644 2233 τὰ
683 2175 861 2241 ἄλλως
895 2175 1091 2257 εχοντα
1138 2177 1516 2253 κρυϐἢναιοὺ
1559 2181 1654 2245 δός

93 2281 253 2320 ναται.
296 2284 317 2319 ι

672 2450 924 2506 nam.
961 2453 1051 2521 qv.

162 2560 179 2591 ‹
216 2540 371 2596 Ὅσοι
394 2541 532 2597 είσὶν
554 2541 659 2597 ὑπὸ
690 2542 856 2611 ζυγὸν
880 2542 1057 2597 δοῦλοι
1087 2543 1216 2609 τοὺς
1260 2545 1424 2608 ίδίους
1453 2547 1652 2601 δεσπό-

97 2646 186 2694 τας,
209 2633 387 2703 πάσης
405 2633 570 2703 τιμῆς
597 2632 781 2699 ἀξίους
795 2633 1164 2704 ἡγείσθωσαν,
1187 2635 1274 2689 ἵνα
1299 2637 1373 2709 μὴ
1400 2637 1462 2692 τὸ
1483 2638 1653 2710 ὄνομα

97 2720 178 2774 τοῦ
209 2723 366 2787 Θεοῦ,
407 2723 502 2777 καὶ
530 2725 562 2796 ἡ
592 2724 910 2780 διδασκαλία
941 2725 1361 2798 βλασφημῆται.·
1382 2730 1445 2783 Οί
1478 2731 1535 2785 δὲ
1564 2750 1652 2788 πι-

101 2813 241 2876 στοὺς
293 2814 516 2882 ἔχοντες.
553 2814 820 2877 δεσπότας
865 2815 939 2886 μὴ
993 2819 1524 2889 καταφρονείτωσαν,
1571 2825 1651 2876 ὅτι

99 2901 296 2969 ἀδελφοί
325 2905 484 2978 εἰσιν,
526 2905 660 2957 ἀλλά
690 2905 890 2974 μᾶλλον
917 2906 1338 2975 δουλευέτωσαν,
1371 2913 1452 2965 ὅτι
1476 2914 1654 2978 πιστοί

100 2995 190 3045 εἰσι
216 2995 308 3047 καὶ
349 2977 645 3066 ἀγαπητοὶ,
683 2999 732 3050 oi
766 2999 863 3067 τῆς
907 3001 1224 3069 εὐεργεσίας
1261 3003 1654 3074 ἀντιλαμϐανό-

102 3100 254 3150 μενοι.
291 3086 476 3139 Ταῦτα
506 3087 722 3142 δίδασκε
760 3090 852 3142 καὶ
891 3092 1220 3160 παρακάλει.
1257 3094 1323 3146 Εἴ
1357 3112 1439 3158 τις
1469 3097 1652 3167 ἑτερο-

1716 631 2015 694 Ecclesia,
2079 637 2134 684 ut
2185 630 2253 685 iis
2293 645 2412 700 qua:
2463 646 2590 686 vere
2641 632 2816 686 vidua:
2865 643 3014 697 sunt,
3060 634 3312 690 suﬂieiat.

1745 722 1850 789 Qui
1896 723 2033 778 bene
2075 730 2314 791 przrsunt
2357 723 2680 795 presbyteri,
2718 725 2922 795 duplici
2977 726 3182 782 honore
3221 727 3318 782 ha-

1747 813 2002 866 beantur.
2063 811 2300 865 maxime
2361 811 2453 879 qui
2508 811 2760 864 laborant
2811 812 2864 865 in
2897 814 3068 867 verbo
3111 820 3165 866 et
3215 811 3314 866 do-

1749 904 1942 958 ctrina.
2011 902 2147 955 Dicit
2202 902 2346 956 enim
2397 900 2721 970 Scriptura:
2776 900 2893 956 Non
2953 902 3204 970 alligahis
3252 916 3316 955 os

1750 993 1868 1048 bovi
1901 992 2181 1045 trituranti
2229 993 2297 1055 '7;
2329 999 2386 1045 et
2412 1030 2426 1055 ,
2475 991 2682 1060 Dignus
2723 1001 2808 1046 est
2840 992 3134 1062 operarius
3173 1006 3317 1046 mer-

1747 1084 1881 1140 cede
1919 1099 2016 1139 sua
2057 1083 2124 1136 ’⁸.
2161 1083 2433 1138 Adversus
2473 1084 2850 1154 presbyterum
2907 1083 3316 1140 accusationem

1748 1176 1858 1230 noli
1897 1176 2164 1245 recipere,
2197 1173 2302 1229 nisi
2334 1173 2439 1228 sub
2483 1174 2697 1230 duobus
2725 1181 2817 1228 aut
2846 1174 3023 1230 tribus
3064 1175 3314 1230 testibus.

1746 1265 2047 1322 Peccantes
2086 1279 2270 1319 coram
2319 1265 2573 1319 omnibus
2607 1280 2796 1334 argue,
2849 1272 2907 1317 ut
2939 1272 2993 1319 et
3027 1264 3206 1327 czeteri
3245 1263 3332 1316 ti-.

1749 1371 1958 1413 morem
2009 1356 2267 1411 habeant.
2324 1356 2579 1410 Obtestor
2625 1370 2812 1410 coram
2857 1355 2967 1410 Deo
2995 1363 3050 1410 et
3082 1353 3318 1408 Domino

1745 1443 1877 1500 Jesu
1901 1444 2146 1506 Christo,
2175 1451 2230 1498 et
2255 1443 2447 1498 electis
2486 1445 2715 1514 angelis,
2765 1452 2824 1497 ut
2864 1443 2979 1498 haec
3010 1443 3316 1507 custodias,

1748 1539 1869 1594 sine
1917 1536 2257 1607 prazjudicio,
2306 1536 2442 1588 nihil
2492 1534 2698 1590 faciens
2737 1535 2790 1589 in
2840 1535 3065 1590 alteram
3107 1543 3316 1604 partem

1748 1629 2096 1686 declinando.
2134 1628 2326 1682 Manus
2366 1629 2477 1681 cito
2521 1628 2724 1680 nemini
2760 1626 3110 1696 imposueris,
3143 1640 3320 1697 neque

1749 1721 2248 1776 communicaveris
2275 1720 2517 1790 peccatis
2550 1719 2768 1773 alienis.
2802 1717 3063 1789 'l‘eipsum
3102 1725 3315 1772 castum

1749 1814 1989 1870 custodi.
2026 1813 2150 1868 Noli
2189 1814 2370 1867 adhuc
2428 1826 2626 1882 aquam
2684 1811 2894 1876 bibere,
2949 1811 3042 1866 sed
3099 1808 3317 1869 modico

1751 1910 1879 1965 vino
1912 1917 2069 1962 utere
2115 1911 2339 1977 prepter
2375 1901 2720 1959 stomachum
2753 1910 2930 1964 ttmm,
2952 1963 2954 1965 ς
2980 1909 3033 1956 et
3065 1899 3322 1978 frequen-

1751 2012 1833 2061 tes
1860 2010 1985 2057 tuas
2029 1997 2399 2054 inﬁrmitates.
2444 1993 2820 2062 Quorumdam
2861 1992 3149 2055 hominum
3193 2007 3319 2064 pec-

1749 2101 1879 2153 cata.
1927 2089 2228 2148 manifesta
2285 2094 2438 2152 sunt,
2493 2084 2861 2157 praecedentia
2898 2085 2965 2140 ad
3005 2083 3318 2155 judicium:

1750 2186 2022 2262 quosdam
2067 2191 2250 2239 autem
2276 2187 2330 2237 et
2366 2179 2808 2252 subsequuntur.
2850 2176 3121 2233 Similiter
3148 2183 3202 2232 et
3228 2174 3320 2236 ,το-ε

1751 2283 1840 2332 cta
1870 2277 2014 2333 bona
2051 2271 2346 2329 manifesta
2388 2278 2543 2337 sum,
2569 2276 2774 2340 etquae
2799 2267 3058 2332 aliter,”
3084 2266 3350 2341 habent,

1750 2365 2016 2432 abscondi
2045 2380 2158 2428 non
2195 2371 2448 2440 ppssunt.
2485 2380 2527 2420 ι.

2380 2453 2532 2510 CAP.
2558 2451 2707 2517 ,Ἧι

1822 2551 1990 2610 νεεδ,
2039 2548 2160 2608 1-5,
2193 2564 2213 2598 ι
2266 2544 2592 2618 Quicunque
2644 2550 2775 2605 sunt
2812 2543 2927 2600 sub
2968 2542 3101 2614 iugo
3146 2544 3324 2609 servi,

1751 2643 2005 2702 dominos
2062 2653 2194 2698 suos
2245 2639 2455 2693 honore
2481 2636 2676 2706 dignos
2720 2633 3082 2702 arbitrentur,
3126 2649 3197 2690 ne
3224 2633 3319 2690 Dei

1754 2751 1952 2791 nomen
1980 2742 2037 2790 et
2061 2731 2311 2788 doctrina
2353 2728 2781 2798 blasphemetur.
2825 2725 2931 2793 Qui
2962 2735 3144 2782 autem
3184 2725 3320 2781 tide-

1755 2829 1834 2883 ies
1863 2827 2067 2880 habent
2095 2823 2370 2888 dominos,
2404 2835 2512 2874 non
2555 2826 2930 2883 contemnant,
2962 2799 3092 2888 quia
3123 2816 3322 2873 fratres

1754 2927 1916 2983 sunt;
1955 2918 2051 2974 sed
2091 2917 2265 2986 magis
2308 2913 2572 2975 serviant,
2606 2911 2737 2981 quia
2787 2909 2974 2965 ﬁdeles
3003 2916 3134 2964 sunt
3154 2919 3207 2964 et
3233 2909 3323 2964 (ιι-ο

1755 3011 1904 3076 lecti,
1936 3009 2030 3080 qui
2081 3005 2336 3063 beneficii
2389 3002 2688 3075 participes
2732 3009 2880 3058 sunt.
2926 3000 3052 3056 Haec
3093 2999 3233 3055 doce
3266 3007 3322 3056 et

1753 3103 2069 3158 exhortare.
2103 3098 2160 3152 Si
2193 3097 2322 3167 quis
2364 3096 2523 3150 aliter
2561 3094 2742 3159 docet,
2775 3104 2831 3149 et
2867 3109 2978 3148 non
3015 3092 3322 3163 acquiescit

98 3174 406 3240 διδασκαλεί,
430 3180 524 3232 καὶ
549 3180 622 3251 μὴ
641 3181 1003 3252 προσέρχεται
1026 3183 1322 3251 ὑγιαίνουσι
1345 3185 1522 3255 λόγοις
1539 3174 1648 3253 ’τοῖς

1758 3193 1908 3250 sanis
1954 3189 2305 3247 sermonibus
2359 3186 2574 3241 Domini
2627 3185 2805 3241 nostri
2843 3182 2972 3240 Jesu
3019 3183 3241 3249 Christi,
3268 3189 3323 3238 et

100 3264 180 3317 τοῦ
213 3267 414 3337 Κυρίου
471 3268 628 3338 ἡμῶν
670 3269 844 3340 Ἰησοῦ
881 3269 1138 3340 Χριστοῦ,
1170 3272 1266 3326 καὶ
1307 3275 1371 3344 τῇ
1411 3276 1531 3328 κατ’
1564 3277 1652 3329 εὑ-

101 3356 297 3417 σέϐειαν
335 3359 673 3431 διδασκαλίᾳ,
706 3360 1014 3430 τετύφωται
1051 3363 1216 3434 μηδὲν
1259 3366 1647 3436 ἐπιστάμενος,

99 3447 220 3500 ἀλλά
240 3450 410 3503 νοσῶν
438 3452 566 3520 περὶ
590 3448 848 3520 ζητήσεις
879 3453 972 3505 καὶ
1003 3453 1355 3523 λογομαχίας,
1389 3458 1444 3523 ἐξ
1469 3450 1546 3509 ὧν
1571 3460 1652 3526 γί-

99 3555 229 3592 νεται
265 3541 481 3611 φθόνος,
521 3542 688 3612 ἕρεις,
721 3543 1082 3615 βλασφημίαι,
1115 3547 1383 3613 ὑπόνοιαι,
1415 3568 1432 3599 ›

160 3631 431 3694 Τουτέστι,
476 3633 624 3699 δόξαι
659 3634 754 3688 καὶ
784 3634 1030 3704 δόγματα
1079 3638 1291 3707 πονηρά
1314 3655 1328 3670 ο
1365 3639 1486 3692 τότε
1524 3644 1651 3714 περὶ

98 3721 216 3776 Θεοῦ
249 3724 283 3778 ἀ
332 3725 407 3795 μὴ
451 3724 549 3788 δεῖ,
602 3726 1054 3796 ὑποπτευόμενοι,
1091 3729 1220 3781 ὅταν
1270 3731 1349 3793 είς
1398 3729 1652 3802 ζητήσεις

100 3813 434 3885 ἐμπέσωμεν.

162 3924 178 3954 ι
219 3909 692 3978 Διαπαρατριϐαι,
739 3911 1152 3982 διεφθαρμένων
1203 3913 1506 3983 ἀνθρώπων
1561 3916 1649 3967 τὸν

99 3994 228 4057 νοῦν,
257 3999 349 4048 καὶ
371 3998 833 4069 ἀπεστερημένων
869 4000 970 4069 τῆς
1001 4000 1281 4069 ἀληθείας,
1323 4004 1650 4072 νομιζόντων

101 4087 347 4156 πορισμδν
376 4083 516 4140 εἶναι
564 4089 663 4159 τὴν
694 4089 997 4144 εὐσέϐειαν.
1053 4091 1346 4162 Ἀφίστασο
1384 4095 1492 4146 ἀπὸ
1541 4095 1650 4146 τῶν

97 4177 352 4231 τοιούτων.
386 4176 544 4230 Ἔστι
571 4178 627 4232 δὲ
663 4181 929 4250 πορισμὸς
967 4181 1142 4252 μέγας
1168 4184 1200 4251 ἡ
1227 4184 1478 4238 εὐσέϐεια
1515 4187 1650 4254 μετά

99 4265 433 4337 αὐταρκείας,
461 4267 627 4320 Οὐδὲν
651 4268 760 4340 γὰρ
785 4271 1183 4342 εἰσηνέγκαμεν
1203 4274 1284 4336 είς
1310 4274 1400 4326 τὸν
1422 4276 1646 4346 κόσμον,

97 4354 240 4423 δῆλον
276 4358 356 4412 ὅτι
390 4358 509 4411 οὑδὲ
553 4358 854 4427 ἐξενεγκεῖν
884 4379 937 4414 τι
983 4361 1277 4432 δυνάμεθα.
1315 4365 1568 4434 Ἔχοντες
1595 4367 1647 4419 δὲ

97 4445 372 4520 διατροφὰς
397 4450 490 4503 καὶ
514 4451 898 4521 σκεπάσματα,
922 4452 1131 4516 τούτοις
1159 4455 1646 4527 ἀρκεσθησὼμεθα.

1754 3284 1804 3340 ei
1829 3296 1951 3354 qua:
1986 3279 2285 3336 secundum
2318 3277 2573 3346 pietatem
2609 3283 2693 3329 est
2720 3275 3007 3341 doctrinae,
3046 3273 3322 3344 superbus

1753 3383 1859 3437 est,
1887 3373 2025 3428 nihil
2049 3371 2256 3432 sciens,
2289 3368 2384 3422 sed
2432 3367 2696 3437 languens
2725 3366 2870 3420 circa
2904 3364 3241 3434 quaestiones
3268 3369 3344 3420 et.

1755 3475 1965 3533 pugnas
2025 3458 2339 3519 verborum,
2395 3470 2461 3509 ex
2522 3453 2724 3524 quibus
2776 3453 3032 3508 oriuntur
3078 3451 3318 3512 invidiae,

1754 3550 2157 3612 contentiones,
2181 3545 2553 3617 blasphemiar,
2591 3545 2961 3614 suspiciones,
3009 3564 3025 3594 ι

1824 3641 1882 3696 id
1923 3646 2027 3705 est,
2085 3637 2379 3707 opiniones
2435 3641 2490 3688 et
2533 3633 2787 3702 dogmata
2819 3647 3009 3708 prava.
3055 3629 3211 3685 Tune
3254 3629 3322 3684 de

1753 3733 1866 3787 Deo
1919 3727 2359 3786 existimationes
2397 3725 2710 3783 malesanas
2757 3723 3042 3787 habemus,
3101 3719 3321 3792 quando

1755 3825 1806 3877 in
1833 3820 2163 3893 qumstiones
2194 3818 2508 3873 incidimus.
3231 3813 3234 3816 ”

1825 3916 1989 3970 Vens.
2035 3913 2186 3968 5-H).
2245 3929 2263 3961 ι
2315 3909 2766 3965 Conﬂictationcs
2809 3906 3093 3961 hominum
3141 3911 3322 3958 mente

1755 4014 2165 4078 corruptorum,
2197 4011 2253 4058 et
2300 4003 2397 4072 qui
2432 4001 2662 4056 veritate
2707 3997 2905 4069 privati
2940 4003 3090 4057 sunt,
3124 3994 3320 4048 existi-

1755 4101 2020 4156 mantium
2055 4101 2328 4167 quaestum
2365 4108 2487 4148 esse
2519 4094 2802 4162 pietatem.
2843 4088 2936 4144 Est
2961 4093 3147 4142 autem
3176 4099 3324 4153 qum-

1754 4198 1873 4246 stus
1923 4200 2156 4258 magnus
2204 4182 2383 4254 pietas
2431 4197 2556 4236 cum
2590 4178 2941 4236 sutiicientia.
2995 4175 3140 4230 Nihil
3174 4173 3320 4228 enim

1753 4280 2045 4335 intulimus
2099 4276 2155 4331 in
2195 4275 2498 4338 mundum;
2533 4272 2678 4326 haud
2729 4269 2959 4324 dubiant
3015 4266 3162 4337 quod
3224 4278 3324 4319 nec

1755 4373 1974 4426 auferre
2007 4367 2137 4439 quid
2170 4371 2466 4437 possimus.
2509 4363 2788 4418 llabeutes
2837 4369 3018 4415 autem
3063 4358 3322 4411 alimenta

1753 4471 1808 4518 et
1837 4461 2040 4530 quibus
2068 4465 2344 4528 tegamur,
2386 4455 2473 4509 his
2507 4453 2755 4523 contenti
2785 4453 2978 4506 simus.
3013 4448 3117 4514 Qui
3138 4454 3322 4500 autem

100 4540 151 4593 Οί
186 4541 236 4594 δὲ
272 4542 585 4612 βουλόμενοι
626 4543 877 4596 πλουτεῖν
928 4545 1290 4612 ἐμπίπτουσιν
1337 4550 1416 4612 είς
1454 4567 1648 4619 πειρα-

1758 4523 1944 4608 volunt
2006 4523 2204 4604 divites
2256 4547 2393 4609 ﬁeri,
2445 4543 2698 4598 incidunt
2747 4543 2802 4596 in
2853 4542 3232 4603 tentationem,
3262 4547 3316 4592 ct

100 4632 241 4699 σμὸν,
283 4634 379 4684 καὶ
417 4633 640 4702 παγίδα,
675 4633 768 4686 καὶ
797 4634 1096 4704 ἐπιθυμίας
1130 4636 1330 4702 πολλάς
1367 4639 1647 4710 ἀνοήτους,

98 4721 178 4771 καὶ
227 4720 536 4791 βλαϐεράς,
581 4722 788 4785 αἵτινες
842 4723 1116 4792 βυθίζουσι
1166 4726 1292 4789 τοὺς
1332 4727 1653 4798 ἀνθρώπους

98 4811 164 4873 είς
191 4811 408 4883 ὄλεθρον
452 4813 546 4866 καὶ
595 4814 887 4867 ἀπώλειαν.
933 4814 1086 4878 Ῥίζα
1139 4815 1246 4884 γὰρ
1296 4816 1513 4870 πάντων
1542 4819 1650 4871 τῶν

98 4907 265 4958 κακῶν
312 4909 458 4959 ἐστιν
516 4907 550 4976 ή
604 4906 966 4977 φιλαργυρία·
1017 4902 1086 4978 ἧς
1139 4924 1283 4970 τινες
1330 4908 1648 4980 ὀρεγόμενοι

98 4994 544 5067 ἀπεπλανήθησαν
573 4995 680 5049 ἀπὸ
717 4997 815 5066 τῆς
845 4997 1100 5063 πίστεως,
1153 4998 1246 5051 καὶ
1285 4999 1510 5064 ἑαυτοὺς
1549 5019 1646 5058 πε-

103 5087 365 5157 ριέπειραν
392 5085 605 5145 όδὺναις
636 5085 876 5148 πολλαῖς.

155 5175 318 5229 Τοῦτό
349 5192 514 5246 φησι·
544 5176 806 5247 Καθάπερ
834 5175 902 5229 τά
931 5175 1186 5246 ψωραλέα
1227 5178 1336 5234 τῶν
1364 5179 1648 5248 προϐάτων

100 5266 550 5337 παρατριϐόμενα,
582 5267 739 5320 νόσου
785 5268 879 5320 καὶ
913 5266 982 5320 τὰ
1020 5268 1331 5334 ὑγιαίνοντα
1373 5271 1652 5342 ἐμπίπλη-

101 5375 194 5421 σιν,
219 5360 390 5422 οῦτως
413 5360 508 5412 καὶ
527 5358 682 5412 αὐτοὶ
715 5361 764 5411 οί
796 5361 1022 5428 πονηροὶ
1055 5359 1266 5428 ἄνδρες.

166 5469 182 5499 ι
217 5452 288 5504 ΣΞ)
317 5452 394 5516 δὲ,
420 5444 464 5502 ὦ
487 5450 739 5522 ἄνθρωπε
767 5449 860 5502 τοῦ
890 5449 1045 5514 Θεοῦ,
1069 5449 1239 5503 ταῦτα
1263 5453 1429 5522 φεῦγε
1447 5471 1458 5484 ·
1487 5455 1646 5508 δίωκε

98 5539 451 5613 δικαιοσύνην,
484 5541 784 5602 εὐσέϐειαν,
821 5541 1025 5604 πίστιν,
1061 5542 1304 5612 ἀγάπην,
1348 5545 1645 5616 ὑπομονὴν,

100 5632 384 5703 πραότητα.
404 5633 693 5702 Ἀγωνίζου
710 5633 801 5687 τὸν
830 5633 993 5686 καλὸν
1020 5635 1208 5702 ἀγῶνα
1238 5635 1335 5704 τῆς
1375 5638 1606 5702 πίστεως
1634 5656 1645 5669 ·

135 5799 174 5829 ³⁷
213 5802 364 5862 Dem.
419 5822 544 5866 xxv,
582 5806 640 5869 i;
682 5803 695 5855 I
735 5804 861 5857 Cor.
907 5822 976 5868 Ix,
1005 5806 1054 5858 8.
1147 5808 1187 5835 ³⁸
1222 5805 1565 5869 .‘lattlt.x,‘7.

1754 4644 1809 4696 in
1843 4642 2099 4711 laqueum
2153 4637 2383 4698 diaboli,
2425 4643 2479 4688 et
2533 4632 2807 4688 desideria
2851 4631 3018 4690 multa
3075 4629 3312 4684 absurda

1752 4742 1808 4790 et
1858 4733 2074 4792 nociva,
2126 4745 2248 4800 quae
2289 4734 2540 4796 mergunt
2588 4724 2838 4779 homines
2872 4723 2929 4776 in
2961 4723 3240 4800 interitum
3268 4728 3323 4774 et

1754 4823 2144 4895 perditionem.
2204 4816 2378 4872 Radix
2420 4815 2568 4870 enim
2619 4813 2864 4870 omnium
2923 4799 3192 4867 malorum
3236 4815 3323 4864 est

1753 4912 2030 4983 cupiditas
2063 4929 2075 4965 :
2115 4923 2278 4980 quam
2306 4905 2531 4976 quidam
2573 4912 2894 4975 appetentes
2929 4911 3253 4957 erraverunt
3289 4915 3319 4953 a

1755 5003 1880 5068 (ide,
1909 5011 1963 5058 et
1993 5003 2349 5056 inseruerunt
2387 5013 2444 5054 se
2475 4996 2758 5052 doloribus
2788 4995 2997 5056 multis.
3031 5013 3048 5045 ι

1825 5185 1991 5256 266
2017 5183 2513 5249 Quemadmodum,
2547 5184 2746 5253 inquit,
2797 5193 2928 5235 oves
2956 5175 3245 5236 scabiosa,
3271 5171 3320 5228 si

1757 5291 1881 5332 cum
1914 5276 2041 5329 aliis
2069 5275 2341 5338 habitent,
2378 5282 2607 5328 eazteras
2638 5274 2805 5327 etiam
2841 5282 2963 5339 quae
2992 5278 3141 5319 sanae
3168 5268 3319 5324 sunt,

1759 5368 1952 5422 morbo
1993 5367 2246 5420 inliciunt
2277 5381 2402 5429 suo,
2444 5365 2524 5421 sic
2550 5374 2605 5420 et
2635 5362 2760 5416 mali
2795 5360 3069 5415 homines.

1828 5458 1994 5512 Vsus.
2045 5457 2229 5510 ll-M.
2273 5476 2290 5506 ι
2345 5454 2428 5510 Τιι
2483 5463 2685 5518 autem,
2744 5467 2777 5506 ο
2818 5452 2984 5504 homo
3035 5444 3153 5506 Dei,
3207 5442 3322 5498 haec

1759 5549 1925 5619 fuge:
1979 5555 2191 5603 sectare
2241 5563 2379 5602 κει-ο
2429 5545 2722 5616 justitiam,
2800 5541 3082 5610 pietatem,
3135 5537 3316 5597 ﬁdem,

1759 5639 2106 5704 charitatem,
2173 5639 2514 5710 patientiam.
2593 5633 3098 5692 mansuetudinem.
3160 5627 3324 5690 Certa
