4024 6458
234 454 381 520 1017

1247 456 1326 515 ΙΝ
1358 456 1596 516 EPIST.
1663 457 1758 515 AD
1800 452 2265 514 TIMOTHEUM
2302 451 2385 509 ΙΙ.

3377 446 3512 519 1018

226 573 609 644 ἀνυποκρίτου
654 575 916 639 πίστεως,
954 577 1074 646 ἥτις
1113 574 1357 643 ὲνῴκησε
1398 575 1616 644 πρῶτον
1652 575 1709 625 ὲν
1758 573 1813 640 τῇ

1930 567 2369 625 recordationem
2427 562 2711 632 accipiens
2746 562 2869 631 ejus
2913 560 3039 621 ﬁdei
3077 575 3198 631 quae
3238 568 3325 621 est
3374 561 3427 621 iu
3457 570 3511 625 te

234 667 455 737 μάμμῃ
502 683 595 719 σου
631 668 822 730 Λωῖδι,
864 668 958 720 καί
988 670 1055 737 τῇ
1094 667 1260 737 μητρί
1307 683 1402 719 σου
1458 665 1701 735 Εὐνίκῃί
1730 663 1826 717 πέ-

228 771 477 825 πεισμαι
497 755 553 808 δὲ
580 756 662 808 ὅτι
688 758 784 809 καὶ
806 758 862 809 ὲν
885 757 989 811 σοί.
1012 759 1090 810 Δι’
1120 757 1187 827 ἣν
1217 756 1398 809 αἰτίαν
1427 755 1825 825 ἀναμιμνήσκω

232 860 301 898 σε
332 838 720 916 ἀναζωπυρεῖν
738 848 800 905 τὸ
828 849 1076 920 χάρισμα
1103 848 1197 903 τοῦ
1231 845 1389 914 Θεοῦ,
1426 846 1454 899 ὅ
1483 849 1631 900 ἐστιν
1660 847 1718 897 ὲν
1741 846 1825 899 σοὶ

227 936 328 990 διὰ
362 938 466 1008 τῆς
495 939 796 1004 ἐπιθέσεως
834 941 942 994 τῶν
975 941 1173 1011 χειρῶν
1207 958 1331 1011 μου.
1370 940 1445 993 οὐ
1480 940 1589 1010 γὰρ
1627 939 1826 992 ἔδωκεν

229 1030 379 1098 ἡμῖν
408 1032 439 1083 δ
479 1030 612 1094 Θεὸς
662 1030 877 1101 πνεῦμα
916 1031 1141 1095 δειλίας,
1186 1031 1320 1087 ἀλλὰ
1368 1030 1671 1101 δυνάμεως,
1729 1029 1824 1082 καὶ

228 1120 489 1190 ἀγάπης,
516 1122 613 1175 καὶ
639 1123 1047 1194 σωφρονισμοῦ.
1090 1142 1109 1175 ι

307 1298 538 1368 Γράψας
555 1298 722 1369 αὐτῷ,
748 1298 824 1361 ὡς
852 1300 1107 1367 ἀφίξεται
1128 1302 1265 1373 πρὸς
1287 1303 1470 1367 αὑτὸν,
1505 1303 1818 1375 ὲνεποδίσθη

227 1388 418 1452 δεθεὶς
448 1392 525 1452 εἰς
567 1389 821 1461 Ῥώμην⁸
863 1390 944 1445 διὸ
983 1392 1361 1465 καὶδευτέρας
1410 1394 1557 1464 αὐτῷ
1604 1394 1821 1464 ἐδέησεν

231 1480 558 1550 ἐπιστολῆς.

311 1654 542 1727 Πρῶτον
592 1657 870 1728 ἐγκώμιον
902 1659 995 1713 τοῦ
1049 1661 1316 1730 μαθητοῦ,
1350 1664 1432 1716 ὅτι
1479 1664 1685 1717 ἄνωθεν
1713 1663 1821 1717 ἀπὸ

228 1746 423 1808 οἰκίας
457 1748 572 1799 ἐστὶ
605 1748 684 1818 τῷ
721 1750 941 1820 Χριστῷ
980 1752 1356 1821 δουλευούσης.

313 1854 338 1888 ε
388 1838 479 1907 Μὴ
512 1834 604 1891 οὖν
638 1841 1011 1911 ἐπαισχυνθῇς
1049 1843 1110 1896 τὸ
1146 1845 1447 1915 μαρτύριον
1478 1846 1573 1901 τοῦ
1608 1848 1813 1918 Κυρίου

1929 672 2038 714 non
2074 656 2225 725 ﬁcta,
2258 668 2383 724 qum
2436 661 2492 714 et
2541 652 2812 709 habitavit
2860 651 3098 722 primum
3149 651 3206 707 in
3242 652 3365 707 avia
3417 664 3511 715 tua

1926 749 2118 813 Loide,
2183 746 2345 819 267
2396 756 2452 804 et
2504 752 2684 801 matre
2741 754 2835 802 tua
2885 742 3129 809 Eunico;
3165 752 3355 803 certus
3385 759 3509 805 sum

1926 848 2109 899 autem
2144 838 2293 909 quod
2343 846 2397 895 et
2431 837 2488 893 in
2521 843 2594 893 te.
2658 834 2890 905 Propter
2938 849 3102 904 quam
3155 849 3382 893 causam
3415 834 3512 891 ad-

1925 945 2120 988 moneo
2152 936 2293 989 teut
2327 928 2634 987 resuscites
2668 927 2897 996 gratiam
2926 923 3021 981 Dei
3046 965 3060 989 ,
3100 940 3224 994 quae
3262 932 3348 983 est
3377 924 3435 983 in
3460 933 3513 981 ιο
3598 974 3603 979 .

1925 1038 2024 1093 per
2077 1020 2486 1092 impositionem
2548 1034 2820 1077 manuum
2873 1031 3147 1075 tnearum.
3192 1016 3315 1077 Non
3360 1017 3510 1075 enim

1921 1113 2071 1174 dedit
2113 1114 2277 1167 nobis
2334 1113 2477 1168 Deus
2526 1111 2783 1182 spiritum
2831 1106 3201 1180 timoris,'scd
3262 1106 3507 1172 virtutis,

1921 1215 1975 1263 et
2005 1206 2346 1271 dilectionis,
2386 1214 2441 1260 et
2472 1203 2822 1261 sobrietatis.
2860 1222 2878 1259 ι

1991 1298 2129 1354 Cum
2159 1297 2484 1367 scripsisset
2522 1311 2584 1351 se
2644 1294 3020 1366 profecturum
3051 1292 3117 1348 ad
3153 1293 3329 1354 illum.
3380 1305 3513 1361 pro-

1922 1390 2129 1445 hibitus
2155 1390 2280 1456 fuit,
2343 1390 2675 1457 vinctusque
2728 1387 2961 1443 Romam
3022 1385 3339 1455 perductus.
3360 1384 3506 1451 Qua.

1921 1488 2150 1553 propter
2189 1496 2423 1537 necesse
2470 1479 2581 1535 fuit
2609 1488 2671 1537 ut
2704 1479 2934 1534 alteram
2976 1475 3045 1531 ad
3093 1477 3345 1532 eumdem
3387 1476 3505 1545 epi—

1920 1574 2117 1628 stolam
2140 1572 2329 1628 daret.

1991 1664 2169 1721 Prima
2210 1663 2647 1735 lausfdiscipuli.
2687 1664 2836 1734 quod
2868 1679 2933 1720 et
2968 1663 3185 1723 fantilia
3218 1662 3292 1718 sit
3340 1661 3503 1716 ϐίη-ῖς

1923 1764 2008 1811 sto
2026 1756 2358 1825 jampridem
2398 1757 2733 1825 mancipata.
3545 1747 3555 1759 ’

1990 1844 2157 1902 Vsus.
2188 1847 2242 1911 8,
2271 1847 2324 1900 9.
2363 1864 2381 1896 ι
2420 1844 2539 1901 Noli
2564 1846 2734 1915 igitur
2752 1847 3085 1901 erubescere
3118 1842 3503 1901 testimonium

230 1927 425 1997 ἡμῶν,
456 1928 587 1999 μηδὲ
620 1930 722 1998 ἐμὲ
764 1930 857 1984 τὸν
900 1910 1119 2003 δέσμιον
1148 1910 1342 1999 αὑτοῦ,
1364 1934 1501 1989 ἀλλὰ
1542 1910 1813 2005 συγκακο-

1923 1936 2138 1994 Domini
2176 1937 2375 1998 nostri,
2415 1951 2597 2005 neque
2628 1952 2715 1991 me
2751 1938 2996 1992 vinctum
3047 1935 3201 2005 ejus;
3233 1934 3329 1989 sed
3391 1932 3505 1987 col-

230 2017 490 2088 πάθησον
520 2018 597 2088 τῷ
626 2020 965 2092 Εὑαγγελίῳ,
992 2025 1135 2078 κατά
1162 2024 1392 2096 δύναμιν
1419 2027 1554 2081 Θεοῦ
1588 2028 1682 2080 τοῦ
1715 2029 1813 2081 σώ-

1923 2028 2110 2087 labora
2146 2027 2447 2098 Evangelia
2472 2026 2776 2087 secundum
2806 2028 3066 2082 virtutem
3102 2026 3216 2086 Dei.
3248 2024 3340 2094 qui
3404 2037 3505 2078 nos

228 2124 438 2174 σαντος
466 2111 635 2178 ἡμᾶς,
677 2112 771 2165 καὶ
803 2111 1131 2177 καλέσαντος
1164 2116 1355 2187 κλήσει
1391 2119 1543 2189 ἁγία,
1579 2122 1642 2173 οὐ
1675 2122 1813 2175 κατὰ

1921 2118 2199 2183 liberavit,
2237 2128 2292 2177 et
2326 2118 2544 2174 vocavit
2572 2118 2861 2173 vocatione
2894 2131 2995 2172 sua
3022 2126 3232 2178 sancta.
3273 2129 3386 2168 non
3418 2128 3505 2168 seu

224 2198 302 2252 τὰ
346 2198 488 2270 ἔργα
518 2199 697 2270 ήμῶν,
746 2202 884 2257 ἀλλά
925 2204 1022 2257 καὶ
1070 2207 1191 2259 κατ’
1242 2208 1380 2262 ἰδίαν
1417 2210 1678 2279 πρόθεσιν
1726 2214 1813 2266 καὶ

1921 2209 2160 2273 cundum
2192 2204 2361 2277 Opera
2402 2216 2613 2271 nostra.
2650 2208 2747 2266 sed
2798 2206 3104 2267 secundum
3158 2204 3502 2274 propositum

224 2291 423 2361 χάριν,
474 2292 576 2360 τὴν
620 2292 869 2348 δοθεῖσαν
925 2296 1057 2365 ἡμῖν
1103 2298 1161 2349 ἐν
1212 2298 1433 2369 Χριστῷ
1490 2301 1663 2370 Ἰησοῦ
1714 2302 1813 2373 πρὸ

1921 2315 2081 2359 suum
2124 2308 2179 2357 et
2222 2302 2480 2369 gratiam.
2535 2314 2657 2369 quae
2713 2300 2841 2357 data
2886 2307 2973 2355 est
3005 2298 3241 2355 nobisin
3281 2295 3503 2352 Christo

226 2383 453 2461 χρόνων
479 2385 612 2457 σίων
621 2385 735 2439 ίων.
786 2404 813 2439 »ν

300 2476 430 2553 Ιςάν
457 2477 618 2538 αὐτὸς
642 2477 818 2533 ταῦτα
846 2479 1047 2551 πάθῃς,
1077 2482 1233 2551 φησὶ,
1281 2482 1356 2552 μὴ
1387 2483 1705 2555 αἰσχυνθῇς.

306 2586 332 2619 ι
376 2570 790 2641 Φανερωθεῖσαν
839 2572 895 2625 δὲ
948 2572 1043 2631 νῦν
1072 2574 1163 2629 ὃιά
1212 2575 1310 2645 τῆς
1361 2577 1686 2645 ἐπιφανείας
1720 2576 1815 2631 τοῦ

224 2660 450 2730 Κυρίου
494 2662 652 2732 ἡμῶν
712 2663 894 2734 Ἰησοῦ
944 2665 1208 2735 Χριστοῦ,
1240 2666 1689 2737 καταργήσαντος
1718 2669 1816 2738 μὲν

222 2752 325 2803 τὸν
365 2751 622 2816 θάνατον,
676 2755 1013 2820 φωτίσαντος
1058 2756 1116 2809 δὲ
1164 2756 1308 2828 ζωὴν
1360 2760 1458 2813 καὶ
1503 2760 1814 2830 ἀφθαρσίαν

220 2843 322 2897 διὰ
358 2842 457 2896 τοῦ
503 2844 863 2915 Εὑαγγελίου,
912 2847 995 2911 εἰς
1026 2847 1055 2900 ὃ
1102 2848 1294 2921 ἐτέθην
1342 2851 1453 2919 εγὼ
1487 2852 1683 2923 κῆρυξ,
1721 2855 1814 2909 καὶ

222 2935 560 3002 ἀπόστολος,
593 2937 689 2990 καί
715 2937 1037 3003 διδάσκαλος
1071 2939 1262 2995 ἐθνῶν.
1295 2944 1372 2994 Δι’
1398 2944 1466 3014 ἢν
1510 2945 1690 2998 αἰτίαν
1720 2948 1814 3001 καὶ

219 3029 409 3082 ταῦτα
440 3028 655 3099 πάσχω,
686 3030 801 3083 ἀλλ’
843 3031 951 3087 οὐκ
985 3032 1413 3107 ἐπαισχύνομαι.
1461 3031 1591 3091 Οἶδα
1626 3036 1734 3109 γὰρ
1766 3031 1812 3106 ᾧ

220 3117 599 3184 πεπίστευκα,
647 3120 743 3173 καὶ
793 3120 1099 3193 πέπεισμαι
1150 3122 1232 3189 ὅτι
1280 3124 1505 3189 δυνατός
1551 3129 1668 3180 ἐστι
1710 3129 1810 3197 τὴν

1916 2390 2045 2452 lesu
2063 2400 2193 2450 ante
2228 2401 2476 2462 tempora
2498 2392 2804 2451 saecularia.
2832 2410 2852 2448 ι

1989 2484 2231 2543 Tametsi
2267 2485 2384 2541 haec
2405 2486 2617 2554 patiare
2651 2485 2852 2554 inquit,
2878 2484 2985 2537 noli
3004 2483 3330 2538 «imbutae.

1984 2576 2153 2635 Vens.
2186 2577 2270 2641 ιο,
2299 2577 2385 2631 18.
2419 2575 2762 2631 Mauit‘estata
2806 2583 2891 2630 est
2920 2584 3102 2630 autem
3140 2591 3285 2628 nunc
3313 2587 3406 2644 per
3436 2573 3502 2627 il—

1914 2667 2332 2727 luminationcm
2362 2666 2663 2724 Salvatoris
2693 2667 2872 2722 nostri
2901 2665 3032 2721 Jesu
3057 2666 3393 2736 Christi,qui
3412 2664 3504 2721 de-

1876 2766 1879 2769 “
1914 2759 2114 2817 struxit
2138 2765 2390 2826 mortem,
2412 2757 2739 2814 illuminavit
2766 2765 2952 2813 autem
2974 2758 3141 2811 vitam
3174 2766 3228 2812 et
3248 2756 3501 2812 incorru-

1915 2851 2163 2920 ptionem
2202 2864 2298 2919 per
2350 2847 2704 2918 Evangelium
2740 2865 2767 2915 ;
2796 2848 2849 2905 in
2873 2862 2981 2917 quo
3009 2847 3224 2918 positus
3248 2862 3368 2901 sum
3396 2861 3500 2916 ego

1913 2940 2265 3010 pradicator,
2296 2945 2352 2997 et
2383 2939 2692 3007 apostolus.
2718 2946 2774 2994 et
2807 2938 3069 3009 magister
3112 2939 3378 3008 gentium.
3416 2937 3501 2992 0b

1911 3045 2074 3101 quam
2106 3043 2330 3091 causam
2360 3030 2524 3085 etiam
2570 3028 2684 3085 hate
2708 3027 2909 3097 patior,
2958 3027 3054 3083 sed
3100 3042 3209 3081 non
3263 3025 3500 3085 confun-

1914 3122 2035 3179 dor.
2066 3119 2198 3179 Scio
2257 3121 2404 3175 enim
2455 3120 2544 3175 cui
2611 3119 2845 3186 credidi,
2879 3129 2934 3174 et
2956 3127 3144 3176 certus
3189 3134 3312 3175 sum
3369 3118 3499 3188 quia

223 3210 570 3282 παραθήκην
599 3210 834 3281 φυλάξαι
879 3215 960 3276 εἰς
1002 3214 1218 3284 ἐκείνην
1234 3213 1344 3302 τὴν
1372 3217 1604 3287 ἡμέραν.
1649 3218 1812 3272 Tna-

1921 3222 2109 3285 potens
2138 3224 2223 3269 est
2250 3212 2559 3282 depositum
2590 3228 2770 3267 meum
2803 3227 3025 3268 servare
3057 3213 3112 3266 in
3152 3212 3305 3266 illum
3330 3211 3494 3266 diem.

218 3303 479 3355 τύπωσιν
506 3302 595 3372 ἔχε
622 3302 975 3370 ὑγιαινόντων
1007 3304 1203 3372 λόγων,
1225 3297 1302 3359 ὧν
1331 3308 1459 3378 παρ’
1488 3308 1625 3378 ἐμοῦ
1648 3309 1814 3380 ήκου-

222 3410 333 3453 σας
363 3394 425 3445 ἐν
453 3392 656 3458 πίστει,
688 3394 783 3449 καί
813 3396 1002 3468 ἀγάπῃ
1031 3400 1094 3468 τῇ
1126 3399 1184 3451 ὲν
1212 3398 1434 3468 Χριστῷ
1470 3398 1665 3470 Ἰησοῦν.
1700 3403 1812 3474 Τὴν

220 3485 409 3555 καλὴν
442 3486 769 3558 παραθήκην
801 3487 1037 3555 φύλαξον
1064 3490 1153 3543 διὰ
1184 3490 1501 3560 Πνεύματος
1526 3493 1680 3559 ἁγίου
1718 3495 1810 3547 τοῦ

221 3576 569 3639 ἐνοικοῦντος
604 3578 665 3630 ἐν
691 3579 846 3647 ἡμῖν.
880 3573 1012 3632 Οἶδα
1059 3578 1238 3643 τοῦτο,
1272 3581 1701 3651 ἀπεστράφησάν
1743 3600 1811 3652 με

220 3670 437 3732 πάντες
468 3670 517 3722 οἰ
552 3672 609 3723 ὲν
638 3673 704 3741 τῇ
746 3670 922 3741 Ἀσίᾳ,
951 3663 1026 3724 ὧν
1060 3673 1176 3724 ἐστι
1219 3672 1456 3740 Φύγελος
1485 3674 1579 3726 καί⁵
1614 3674 1813 3745 Ἑρμο-

221 3762 423 3831 γένης.
472 3761 594 3832 Δῲη
640 3761 791 3824 ἔλεος
842 3763 870 3814 ὁ
912 3762 1117 3832 Κύριος
1147 3762 1224 3832 τῷ
1271 3763 1626 3835 Ὀνησιφόρου
1657 3764 1808 3835 οἴκῳ,

221 3855 313 3906 ὅτι
352 3853 614 3916 πολλάκις
661 3870 730 3923 με
761 3853 1047 3924 ἀνέψυξεν,
1082 3856 1176 3907 καὶ
1206 3854 1304 3924 τὴν
1346 3856 1536 3908 ἅλυσίν
1577 3874 1677 3925 μου
1712 3858 1811 3911 οὐκ

222 3944 576 4015 ἑπῃσχύνθη,
611 3945 748 3999 ἀλλά
790 3945 1084 4016 γενόμενός
1119 3948 1177 3999 ἐν
1220 3946 1427 4018 Ῥώμῃ,
1465 3949 1810 4001 σπουδαιότε-

226 4053 331 4113 ρον
362 4035 601 4106 ἐζήτησέ
637 4053 726 4106 με,
760 4038 856 4090 καὶ
891 4031 1070 4107 εὗρεν.
1103 4035 1222 4108 Δῴη
1254 4037 1401 4107 αύτῷ
1428 4040 1457 4091 ὁ
1483 4039 1687 4108 Κύριος
1717 4040 1810 4091 εὑ-

223 4128 351 4196 ρεῖν
380 4124 530 4179 ἔλεον
557 4126 711 4197 παρά
731 4126 938 4197 Κυρίου
967 4129 1026 4178 ἐν
1046 4127 1229 4198 ἐκείνῃ
1253 4129 1315 4197 τῇ
1347 4128 1525 4198 ἡμέρᾳ
1544 4144 1557 4159 ο
1591 4132 1683 4182 καὶ
1712 4130 1810 4182 ὅσα

223 4210 287 4268 ἑν
335 4215 549 4287 Ἐφέσῳ
580 4216 892 4287 ὃιηκὸνησε,
925 4216 1133 4286 βέλτιον
1166 4220 1230 4272 σὺ
1257 4218 1569 4286 γινώσκεις.
1622 4240 1639 4273 ι

838 4394 1092 4465 non.
1141 4396 1215 4449 B'.

309 4502 331 4537 ι
358 4484 434 4537 Σὺ
464 4483 579 4549 οὖν,
599 4485 788 4539 τέκνον
821 4503 947 4555 μου,
981 4487 1280 4557 ἐνδυναμοῦ
1303 4489 1360 4541 ὲν
1392 4492 1458 4559 τῇ
1512 4490 1696 4560 χάριτι
1742 4492 1805 4560 τῇ

1919 3305 2170 3365 Formam
2217 3305 2361 3361 habe
2404 3319 2666 3359 sanorum
2726 3304 3044 3365 verborum,
3082 3317 3261 3373 quaea
3298 3318 3383 3355 me
3403 3318 3499 3356 auo

1917 3398 2043 3455 disti
2069 3397 2123 3451 in
2154 3396 2263 3452 ﬁde
2290 3396 2417 3453 etin
2439 3397 2739 3453 dilectione
2772 3396 2827 3451 in
2854 3396 3077 3455 Christo
3108 3394 3263 3453 Jesu.
3287 3395 3497 3450 Bonum

1917 3488 2221 3556 depositum
2257 3486 2495 3551 custodi,
2547 3503 2641 3556 per
2675 3485 2940 3556 Spiritum
2985 3497 3238 3542 sanctum
3277 3487 3372 3556 qui
3400 3485 3500 3540 ha-

1917 3579 2054 3633 bitat
2083 3580 2136 3631 in
2171 3574 2352 3631 nobis.
2403 3578 2527 3633 Scis
2569 3578 2692 3639 hoc,
2746 3578 2890 3647 quod
2942 3579 3121 3633 aversi
3195 3586 3377 3632 sunta
3412 3592 3499 3632 me

1917 3689 2109 3728 omnes
2155 3674 2247 3741 qui
2278 3672 2331 3726 in"
2368 3672 2492 3726 Asia
2520 3682 2669 3735 sunt,
2704 3688 2767 3726 ex
2808 3672 3010 3740 quibus
3039 3679 3123 3727 est
3152 3670 3423 3741 Phygelus
3445 3679 3500 3725 et

1920 3765 2305 3834 Hermogenes.
2356 3764 2453 3817 Det
2484 3762 2918 3817 misericordiam
2981 3761 3244 3816 Dominus
3299 3761 3496 3815 Onesi-

1918 3857 2077 3927 phori
2102 3857 2288 3911 domui
2318 3875 2330 3910 :
2367 3856 2494 3925 quia
2551 3870 2693 3923 saepe
2728 3870 2816 3909 me
2870 3853 3235 3924 retrigeravit,
3265 3861 3318 3907 et
3351 3860 3497 3907 rate-

1921 3965 2046 4005 nam
2081 3964 2257 4003 meam
2286 3962 2391 4001 non
2418 3947 2638 4001 erubuit
2662 3964 2675 4000 :
2696 3947 2790 4002 sed
2819 3962 2942 4002 eum
2973 3947 3199 4000 Romam
3235 3946 3494 4008 venisset,

1918 4039 2259 4094 solliciteme
2294 4037 2547 4106 quaesivit
2572 4045 2627 4091 et
2666 4037 2895 4091 invenit.
2946 4035 3048 4089 Det
3105 4035 3178 4088 illi
3230 4033 3496 4088 Dominus

1920 4128 2165 4184 invenire
2210 4124 2645 4182 miscricordiam
2678 4139 2706 4177 a
2737 4124 2969 4178 Domino
3013 4125 3069 4178 in
3121 4124 3212 4178 illa
3282 4124 3390 4178 die.
3430 4122 3495 4178 Et

1916 4229 2121 4292 quanta
2177 4218 2377 4290 Ephesi
2437 4218 2767 4273 ministravit
2824 4216 2981 4281 mihi,
3026 4224 3083 4270 tu
3138 4216 3334 4270 melius
3393 4229 3495 4270 no-
3602 4268 3616 4290 κ

1917 4316 2007 4368 sti.
2035 4333 2054 4365 ι

2582 4402 2737 4460 CAP.
2786 4402 2852 4459 ll.

1993 4516 2010 4548 ι
2043 4496 2124 4553 Tu
2174 4512 2326 4566 ergo,
2362 4497 2434 4550 tili
2479 4498 2582 4561 mi,
2615 4495 2931 4569 cont‘prtare
2962 4495 3016 4549 in
3053 4494 3226 4565 gratia
3254 4507 3375 4562 quae
3410 4499 3495 4547 est

224 4574 289 4630 tv
343 4571 564 4645 Χριστῷ
626 4574 824 4645 Ἰησοῦ,
873 4577 966 4630 καί
1011 4576 1048 4629 ἀ
1097 4578 1338 4648 ήκουσας
1393 4582 1521 4651 παρ’
1554 4580 1688 4650 ἐμοῦ
1723 4580 1809 4634 διὰ

1921 4592 1965 4644 in
2019 4589 2243 4644 Christo
2273 4588 2441 4655 Jesu;
2474 4598 2529 4643 et
2554 4603 2676 4657 qum
2705 4587 2908 4641 audisti
2941 4600 2971 4639 a
3004 4600 3093 4641 me
3135 4600 3234 4656 per
3287 4586 3495 4639 multos

224 4666 451 4743 πολλῶν
497 4666 789 4738 μαρτύρων
824 4667 999 4722 ταῦτα
1047 4669 1293 4739 παράθου
1340 4674 1549 4735 πιστοῖς
1602 4672 1812 4742 ἀνθρώ-

225 4753 381 4835 ποίς,
416 4757 615 4820 οἵτινες
678 4757 856 4833 ἱκανοὶ
899 4757 1137 4823 ἔσονται,
1190 4761 1284 4813 καί
1329 4762 1552 4831 ἑτέρους
1579 4763 1810 4830 διδάξαι.

224 4850 305 4909 Σὺ
347 4843 441 4901 οὖν
474 4848 860 4919 κακοπάθησον
903 4851 981 4913 ὡς
1023 4852 1188 4915 καλὸς
1238 4852 1575 4923 στρατιώτης
1639 4855 1813 4924 Ἰησοῦ

224 4938 496 5010 Χριστοῦ.
520 4939 706 5001 Οὐδεὶς
726 4941 1180 5012 στρατευόμενος,
1210 4944 1545 5014 ἐμπλέκεται
1576 4950 1696 5010 ταῖς
1715 4948 1809 5003 τοῦ

227 5031 354 5101 βίου
383 5032 816 5101 πραγματείαις,
849 5033 935 5095 ῑνα
968 5033 1047 5105 τῷ
1082 5036 1575 5107 στρατολογήσαντι
1610 5040 1806 5111 ἀρέσῃ.

236 5114 376 5177 Ἒάν
408 5122 466 5175 δὲ
494 5124 591 5206 καὶ
626 5124 762 5194 ἀθλῇ
794 5142 903 5191 τις,
939 5127 1001 5178 ού
1048 5127 1431 5197 στεφανοῦται,
1471 5130 1568 5183 ἐὰν
1606 5131 1681 5203 μὴ
1724 5149 1808 5184 vo-

229 5213 422 5281 μίμως
453 5210 684 5284 ἀθλήσῃ.
731 5215 836 5267 Τὸν
886 5216 1165 5271 κοπιῶντα
1197 5221 1443 5290 γεωργὸν
1488 5220 1568 5273 δεῖ
1594 5221 1809 5291 πρῶτον

222 5302 342 5355 τῶν
389 5304 621 5374 καρπῶν
672 5307 1129 5377 μεταλαμϐάνειν.
1175 5311 1304 5363 Νόει
1348 5310 1384 5365 ἃ
1432 5311 1604 5379 λέγω·
1648 5313 1805 5367 δώσει

229 5399 344 5467 ’,ἀρ
374 5416 456 5451 σοι
486 5400 515 5452 ὀ
554 5401 758 5473 Κύριος
790 5403 1004 5457 σύνεσιν
1038 5406 1097 5459 ἐν
1127 5410 1281 5461 πᾶσι.
1333 5408 1654 5481 Μνημόνευε
1699 5408 1805 5480 ’1η-

230 5487 363 5543 ποῦν
388 5490 628 5560 Χριστὸν
655 5494 1031 5565 ἐγηγερμένον
1068 5498 1132 5551 ἐκ
1160 5497 1369 5567 νεκρῶν
1397 5500 1465 5552 ὲκ
1491 5500 1805 5570 σπέρματος

222 5577 395 5632 Δαόὶδ
456 5583 597 5635 κατά
644 5583 705 5635 τὸ
760 5585 1077 5652 εὐαγγέλιόν
1130 5605 1255 5657 μου,
1309 5588 1367 5640 ἐν
1412 5581 1456 5655 ᾧ
1504 5590 1804 5644 κακοπαθῶ

228 5667 396 5739 μὲχρι
421 5670 638 5741 δεσμῶν
670 5674 746 5737 ὡς
784 5674 1092 5746 κακοῦργος
1117 5691 1131 5707 ⁸
1163 5678 1276 5731 ἀλλ’
1304 5680 1333 5730 ὁ
1365 5679 1520 5748 λόγος
1546 5680 1637 5733 τοῦ
1668 5681 1801 5735 Θεοῦ
1840 5704 1845 5705 ν

222 5759 285 5812 οὐ
316 5760 550 5816 δέδεται.
584 5764 683 5817 Διά
710 5766 868 5823 τοῦτο
897 5767 1077 5821 πάντα
1110 5769 1371 5839 ὑπομένω·
1386 5771 1472 5824 διὰ
1501 5773 1624 5834 τοὺς
1651 5772 1802 5825 ἐκλε·

225 5850 423 5933 κτοὺς,
472 5852 560 5906 ἵνα
628 5855 721 5907 καὶ
774 5855 926 5909 αὐτοὶ
987 5858 1261 5927 σωτηρίας
1315 5858 1517 5927 τύχωσι
1576 5860 1675 5929 τῆς
1739 5861 1794 5913 ἐν

1914 4687 2107 4745 testes,
2163 4679 2278 4732 haec
2323 4677 2648 4732 commenda
2701 4675 2953 4730 ﬁdelibus
3006 4673 3345 4739 hominibus,
3397 4674 3495 4744 qui

1914 4770 2095 4835 idonei
2119 4776 2282 4823 erunt
2314 4779 2368 4823 et
2397 4768 2534 4823 alios
2590 4768 2806 4822 docere.
2844 4765 2925 4820 Tu
2949 4781 3081 4836 ergo
3128 4766 3319 4821 labora
3347 4766 3495 4822 sicut

1914 4861 2089 4916 bonus
2113 4861 2269 4915 miles
2306 4858 2437 4914 Jesu
2474 4859 2705 4914 Christi.
2746 4859 2920 4913 Nemo
2984 4858 3227 4914 militans
3258 4856 3490 4913 Deoim~

1914 4952 2081 5021 plicat
2129 4966 2187 5005 se
2249 4950 2483 5019 negotiis
2534 4949 2912 5009 smcularihus,
2948 4957 3008 5002 ut
3049 4949 3095 5002 ei
3126 4950 3341 5017 placeat
3393 4947 3489 5016 qui

1913 5060 1972 5098 se
1994 5043 2268 5112 probavit.
2326 5042 2705 5107 Laborantem
2746 5041 3042 5111 agricolam
3096 5050 3311 5110 oportet
3373 5040 3489 5111 pri-

1912 5148 2059 5187 mum
2089 5132 2156 5187 de
2219 5132 2490 5187 fructibus
2532 5134 2832 5201 percipere.
2894 5130 3139 5201 lntcllige
3165 5145 3286 5199 quae
3315 5129 3440 5183 dico
3471 5147 3484 5182 :

1909 5224 2060 5277 dabit
2085 5223 2232 5277 enim
2268 5223 2365 5279 tibi
2399 5220 2662 5278 Dominus
2693 5223 2748 5278 in
2807 5222 3066 5277 omnibus
3122 5220 3482 5275 intellectum.

1910 5315 2251 5371 Mcmoresto
2285 5315 2575 5369 Dominum
2639 5315 2823 5369 Jesum
2885 5316 3166 5369 Christum
3237 5310 3485 5368 rbsurre-

1908 5407 2055 5462 xisse
2083 5421 2113 5459 a
2146 5408 2383 5461 mortuis
2409 5423 2477 5461 ex
2500 5407 2708 5462 semine
2748 5405 2916 5460 David
2945 5404 3246 5460 secundum
3300 5401 3484 5454 Evan-

1907 5499 2107 5568 gelium
2164 5513 2363 5561 meum,
2409 5500 2461 5551 in
2516 5515 2624 5568 quo
2670 5498 2858 5553 laboro
2922 5512 3095 5567 usque
3152 5495 3219 5549 ad
3258 5493 3479 5549 vincula

1906 5589 2059 5661 quasi
2093 5590 2236 5643 male
2258 5605 2517 5660 open-aus,
2557 5592 2651 5646 sed
2688 5590 2911 5646 verbum
2949 5589 3042 5642 Dei
3090 5601 3198 5641 non
3226 5593 3311 5641 est
3356 5584 3481 5637 alli-

1905 5689 2110 5749 gatum.
2171 5677 2299 5734 ideo
2358 5680 2541 5734 omnia
2588 5682 2838 5737 sustineo
2889 5687 3110 5751 propter
3161 5679 3388 5739 electos.
3422 5682 3479 5729 ut

1903 5778 1957 5823 ct
1992 5769 2094 5837 ipsi
2125 5767 2357 5823 salutem
2413 5779 2843 5840 consequantur,
2900 5787 3021 5841 quae
3083 5767 3480 5824 estinChristo

1908 5859 2032 5915 Jcsu
2095 5873 2216 5911 cum
2269 5862 2439 5931 gloria
2491 5872 2714 5918 mtcrua.
2774 5862 2977 5919 Fidelis
3033 5876 3247 5925 sermo;
3282 5874 3403 5914 nam
3430 5857 3477 5911 si
