4024 6448
562 434 701 500 1919

1758 429 1818 489 S.
1845 423 2162 487 JOANNIS
2199 422 2627 482 DAMASCENI

3676 410 3802 480 109B

563 549 891 606 commortui
932 563 1146 615 sumus,
1183 552 1247 616 eti
1273 548 1662 615 convivemus;
1694 551 1740 605 si
1767 550 2126 608 sustinemus,

2241 538 2454 609 Χριστῷ
2498 538 2695 607 Ἰησοῦ,
2735 537 2873 606 μετά
2917 534 3352 605 ὂόξηςαίωνίου.
3401 531 3602 594 Πιστὸς
3646 534 3677 584 ὀ
3717 533 3798 585 λό-

563 646 617 693 et
640 638 1011 709 regnabimus.
1045 639 1102 692 Si
1139 639 1539 710 negaverimus,
1560 646 1613 693 et
1636 638 1726 693 ille
1753 639 1975 709 negabit
1996 654 2126 705 nos;

562 730 612 784 si
645 743 751 783 non
779 729 1075 797 credimus,
1102 729 1188 784 ille
1245 729 1419 784 ﬁdelis
1454 736 1766 797 permanet:
1800 745 1999 799 negare
2046 746 2130 785 se-

561 821 742 890 ipsum
770 836 877 876 non
893 822 1088 889 potest.
1128 820 1256 874 Haec
1287 835 1600 884 commone,
1621 821 1920 876 testiﬁcans
1944 835 2128 877 coram

563 911 816 966 Domino.
877 911 997 966 Noli
1053 911 1380 966 contendere
1413 911 1596 965 verbis
1639 929 1651 965 :
1691 912 1756 966 ad
1786 911 1925 966 nihil
1984 914 2127 968 enim

564 1000 700 1055 utile
715 1009 819 1066 est,
845 1000 948 1055 nisi
971 999 1037 1054 ad
1056 1000 1469 1054 subversionem
1495 1000 1854 1055 audientium.
1881 999 2132 1057 Sollicite

563 1104 698 1144 cura
720 1092 954 1158 teipsum
993 1090 1284 1159 probatum
1327 1091 1584 1146 exhibere
1618 1090 1753 1155 Deo,
1819 1093 2129 1161 operarium

564 1179 1028 1245 inconfusibilem,
1050 1189 1196 1236 recte
1224 1189 1550 1237 tractantem
1577 1183 1806 1237 verbum
1858 1185 2126 1240 veritatis.

564 1269 798 1323 Profana
821 1271 985 1341 268
1004 1281 1185 1325 autem
1219 1280 1274 1327 et
1305 1273 1616 1344 vaniloquia
1642 1274 1820 1330 devita
1850 1293 1864 1341 ;
1902 1276 2128 1330 multum

563 1357 706 1411 enim
764 1359 1061 1426 proﬁciunt
1096 1359 1166 1414 ad
1196 1360 1570 1429 impietatem:
1608 1371 1662 1417 et
1697 1378 1879 1418 sermo
1938 1380 2128 1419 eorum

565 1452 626 1499 ut
652 1460 851 1504 cancer
880 1451 1054 1519 serpit
1087 1465 1101 1504 :
1130 1469 1196 1507 ex
1220 1453 1422 1523 quibus
1445 1463 1529 1508 est
1564 1453 1897 1524 I-lymenreus
1918 1464 1980 1510 ret
2013 1455 2134 1510 Phi-

563 1536 728 1604 letus,
793 1540 943 1609 quia
972 1541 1203 1599 veritate
1243 1545 1589 1612 exciderunt,
1647 1547 1896 1602 dicentes
1946 1563 2130 1603 resur-

564 1629 867 1686 rectionem
900 1647 1026 1689 esse
1060 1633 1175 1704 jam
1224 1634 1450 1702 factam,
1481 1647 1536 1693 et
1568 1638 1956 1705 subverterunt
1994 1655 2132 1710 quo-

563 1720 817 1776 rumdam
845 1721 1026 1782 ﬁdem.
1063 1725 1174 1782 Sed
1201 1727 1415 1784 ﬁrmum
1444 1728 1860 1786 fundamentum
1886 1729 1978 1787 Dei
2001 1739 2132 1796 stat,

563 1809 1138 1887 habenssignaculum
1202 1819 1342 1876 hoc:
1401 1819 1672 1892 Cognovit
1725 1821 1995 1881 Dominus
2039 1824 2132 1894 qui

2236 647 2365 699 γος⁶
2417 634 2465 683 εί
2517 632 2624 700 γὰρ
2677 628 3158 698 συναπεθάνομεν,
3202 628 3296 680 καλ⁵
3349 625 3700 693 συζήσομεν·
3753 628 3797 676 εἰ

2237 723 2600 793 ὑπομένομεν,
2623 723 2734 783 ,καὶ
2785 720 3314 791 συμϐασιλεύσομεν.
3371 717 3435 770 Ei
3470 716 3796 785 ἀρνούμεθα,

2235 816 2489 876 κάκεῖνος
2535 813 2833 883 ἀρνήσεται
2885 814 3049 881 ἡμᾶς.
3094 813 3154 862 Εἰ
3202 809 3565 878 ἀπιστοῦμεν,
3602 809 3796 869 ἐκεῖνος

2236 906 2422 967 πιστὸς
2451 905 2601 974 μένει
2621 917 2635 932 ⁸
2669 903 3009 974 ἀρνήσασθαι
3042 900 3232 955 ἑαυτὸν
3262 900 3323 952 οὐ
3348 899 3597 953 δύναται.
3625 898 3800 950 Ταῦτα

2238 995 2644 1066 ὑπομίμνησκε,
2671 994 3178 1066 διαμαρτυρόμενος
3201 992 3432 1045 ἐνώπιον
3463 990 3560 1043 τοῦ
3580 989 3797 1060 Κυρίου,

2240 1087 2314 1156 μὴ
2346 1087 2693 1156 λογομαχεῖν,
2724 1086 2800 1147 ὡς
2830 1085 2983 1139 οὐδὲν
3017 1085 3289 1155 χρήσιμον
3331 1083 3424 1136 ἐπὶ
3458 1087 3802 1152 καταστροφῇ

2236 1178 2344 1228 τῶν
2382 1177 2712 1231 ἀκουόντων.
2757 1170 3068 1228 Σπούδασον
3103 1174 3326 1227 σεαυτὸν
3371 1174 3596 1243 δόκιμον
3628 1191 3800 1243 παραυ

2240 1268 2434 1338 στῆσαι
2467 1267 2546 1338 τῷ
2597 1266 2841 1338 Χριστῷ,
2881 1267 3121 1338 ἐργάτην
3156 1265 3607 1334 ἀνεπαίσχυντον,
3653 1263 3796 1331 ὀρθοο

2237 1361 2502 1430 τομοῦντα
2532 1362 2624 1414 τὸν
2655 1361 2823 1430 λόγον,
2854 1363 2952 1432 τῆς
2980 1360 3256 1430 ἀληθείας.
3296 1359 3404 1422 Τάς
3444 1357 3505 1411 δὲ
3555 1357 3801 1427 βεϐήλους

2238 1453 2568 1522 κενοφωνίας
2598 1467 2927 1525 περιστασο·
2976 1453 3066 1506 ἐπὶ
3109 1452 3271 1504 πλέον
3300 1451 3408 1521 γὰρ
3445 1450 3799 1520 προκόψουσιν

2239 1543 2514 1607 ἀσεϐείας,
2551 1545 2646 1597 καὶ
2683 1545 2711 1596 ό
2756 1543 2913 1611 λόγος
2955 1543 3133 1597 αὐτῶν
3165 1543 3239 1606 ὡς
3283 1544 3599 1611 γάγγραινα
3643 1541 3798 1610 νομήν

2238 1634 2350 1697 ἕξει
2369 1649 2382 1661 ’
2414 1627 2488 1688 ὧν
2525 1634 2674 1687 ἐστιν
2711 1634 2996 1703 ’Υμεναῖος
3057 1635 3150 1687 καὶ
3177 1633 3428 1702 Φιλητὸς,
3459 1633 3657 1692 οἵτινες
3686 1633 3802 1701 περὶ

2238 1726 2338 1796 τὴν
2385 1723 2645 1795 ἀλήθειαν
2689 1725 3020 1795 ἠστόχησαν,
3069 1724 3320 1792 λέγοντες
3372 1723 3472 1793 τήν
3521 1723 3804 1776 ἀνάστασιν

2241 1816 2344 1888 ἤδη
2381 1816 2687 1886 γεγονέναι,
2723 1817 2823 1869 καὶ⁸
2848 1815 3214 1888 ἀνατρέπουσι
3260 1815 3364 1884 τήν
3411 1829 3577 1867 τινων
3611 1812 3801 1866 πίστιν.

564 1911 694 1958 sunt
732 1885 886 1976 ejus;
949 1916 1006 1966 et
1057 1909 1306 1968 discedat
1343 1912 1414 1968 ab
1457 1885 1775 1984 iniquitate~
1815 1916 1996 1976 omnis
2043 1885 2138 1988 qui

2255 1885 2314 1961 Ὅ
2331 1885 2532 1979 ’μέντοι
2563 1906 2782 1978 στερεὸς
2809 1885 3061 1978 θεμέλιος
3087 1905 3181 1958 τοῦ
3212 1901 3348 1958 Θεοῦ
3395 1904 3654 1972 ἕστηκεν,
3679 1901 3804 1970 ἔχων

564 1993 816 2050 nominat
848 2011 1048 2055 nomen
1105 1999 1434 2059 Domini.ln
1469 2018 1668 2076 magna
1719 2013 1900 2062 autem
1951 2007 2137 2074 domo,

564 2097 678 2139 non
731 2086 912 2145 solum
971 2100 1105 2148 sunt
1149 2108 1282 2150 vasa
1337 2108 1503 2150 aurea
1529 2105 1586 2153 et
1633 2107 1912 2169 argentea,
1959 2098 2057 2155 sed
2085 2109 2141 2157 et

565 2173 748 2247 lignea
797 2185 854 2236 et
875 2179 1063 2240 ﬁctilia
1097 2199 1115 2240 :
1149 2192 1206 2241 et
1233 2185 1484 2258 quadam
1530 2186 1748 2259 quidem
1769 2189 1824 2246 in
1850 2189 2135 2263 honorem,

564 2268 814 2356 quadam
845 2281 1027 2330 autem
1046 2274 1102 2332 in
1131 2278 1543 2334 contumeliam.
1562 2280 1620 2336 Si
1639 2283 1764 2353 quis
1791 2298 1924 2356 ergo
1949 2300 2140 2343 emun-

565 2354 862 2420 daveritse
885 2362 956 2420 ab
985 2363 1129 2430 istis.
1175 2367 1282 2424 erit
1322 2371 1498 2427 vasin
1541 2370 1835 2442 honorem,
1861 2354 2138 2435 sanctiﬁ-

565 2455 751 2505 catum
787 2459 846 2508 et
874 2452 1008 2511 utile
1031 2452 1268 2514 Domino
1309 2460 1376 2514 ad
1408 2473 1570 2516 omne
1631 2476 1772 2534 opus
1810 2464 2016 2522 bonum
2039 2483 2141 2538 pa-

565 2544 768 2596 ratum.
815 2538 1088 2599 Juvenilia
1150 2555 1334 2604 autem
1393 2549 1668 2608 desideria
1719 2553 1878 2627 fuge,
1923 2563 2138 2616 sectare

563 2643 696 2685 vero
717 2630 1010 2700 justitiam,
1046 2633 1227 2700 ﬁdem,
1253 2638 1602 2708 oharitatem,
1635 2653 1689 2698 et
1709 2659 1902 2715 pacem
1926 2662 2049 2703 cum
2068 2649 2138 2706 iis

564 2719 659 2788 qui
685 2719 948 2779 invocant
975 2723 1266 2784 Dominum
1302 2730 1370 2787 de
1395 2733 1560 2790 corde
1589 2749 1748 2804 puro.
1797 2737 2008 2796 Stultas
2040 2755 2138 2795 au-

565 2817 674 2866 tem
697 2820 752 2868 et
774 2813 894 2871 sine
918 2816 1207 2886 disciplina
1233 2823 1564 2892 quaestiones
1577 2826 1755 2881 devita
1775 2845 1790 2895 ;
1809 2830 1991 2886 sciens
2009 2832 2137 2901 quia

567 2914 834 2970 generant
865 2905 1008 2964 lites.
1043 2909 1272 2967 Servum
1325 2923 1508 2971 autem
1548 2916 1763 2973 Domini
1793 2936 1898 2975 non
1919 2919 2139 2992 oportet

568 2993 824 3065 litigare;
860 2999 956 3054 sed
1013 3013 1361 3058 mansuetum
1410 3021 1530 3062 esse
1561 3009 1626 3063 ad
1652 3025 1842 3066 omnes
1866 3051 1880 3076 ,
1929 3013 2137 3068 docibi-

569 3085 696 3149 lem,
745 3089 1066 3157 patientem,
1109 3109 1234 3148 cum
1289 3098 1555 3154 modestia
1613 3103 1999 3172 corripientem
2040 3122 2136 3161 eos

569 3177 664 3278 qui
705 3181 970 3286 resistunt
1000 3202 1014 3237 :
1050 3188 1345 3254 nequando
1413 3189 1554 3246 Deus
1588 3192 1679 3247 det
1720 3194 1826 3249 illis
1871 3197 2139 3265 pueniten-
2168 3225 2212 3286 ο

571 3267 701 3320 tiam
724 3267 793 3322 ad
844 3276 1287 3341 cognoscendam
1323 3279 1630 3347 veritatem,
1659 3293 1714 3338 et
1750 3285 2079 3355 resipiscaut
2109 3304 2138 3343 a

566 3357 769 3414 diaboli
817 3360 1052 3432 laqueis,
1083 3364 1140 3421 in
1171 3383 1282 3439 quo
1323 3372 1526 3442 captivi
1561 3381 1818 3432 tenentur
1868 3378 1933 3434 ad
1966 3380 2141 3451 ipsius

567 3449 930 3513 voluntatem.
953 3474 974 3509 ι

1199 3719 1350 3780 CAP.
1372 3723 1466 3782 111.

638 3807 803 3864 Vsus.
836 3810 889 3876 Ι,
916 3810 1004 3866 il.
1041 3810 1185 3868 «Hoc
1204 3827 1382 3870 autem
1418 3819 1634 3884 scitote,
1664 3821 1808 3890 quod
1832 3822 1886 3879 in
1904 3825 2142 3882 novissi-

569 3901 672 3955 mis
701 3902 894 3958 diebns
949 3903 1234 3962 instabunt
1285 3916 1532 3979 tempora
1584 3915 1911 3981 periculosa.
1970 3917 2144 3974 Erunt

567 3991 712 4045 enim
739 3991 992 4049 homines
1023 3997 1235 4066 seipsos
1267 4009 1537 4064 amantes,
1587 4003 1798 4072 cupidi,
1843 4006 1996 4070 elati,
2047 4022 2142 4063 su-

565 4084 758 4150 perbi,
819 4086 1128 4157 blasphemi
1161 4129 1178 4154 ,
1236 4092 1561 4158 parentibus
1619 4109 1729 4150 non
1790 4097 2140 4166 obedientes,

569 4178 786 4248 ingrati,
817 4179 1057 4240 scelesti,
1093 4179 1216 4233 sine
1261 4180 1571 4248 alfectione,
1605 4185 1726 4241 sine
1768 4203 1920 4256 pace,
1962 4191 2144 4244 crimi-

570 4276 826 4332 natores,
890 4269 1324 4337 incontinentes,
1385 4273 1658 4340 immites,
1717 4277 1835 4331 sine
1889 4278 2142 4350 benigni-

569 4365 698 4420 tate,
760 4359 1091 4427 proditores,
1152 4364 1415 4431 protervi,
1459 4366 1673 4431 tumidi,
1702 4374 1756 4422 et
1801 4368 2140 4439 voluptatum

570 4453 848 4502 amatores
913 4449 1088 4519 magis
1143 4466 1324 4531 quam_
1369 4452 1511 4520 Dei;
1583 4455 1850 4515 habentes
1919 4462 2138 4531 quidem

2240 1998 2340 2070 τὴν
2388 1998 2660 2069 σᾳραγίδα
2705 1996 2932 2068 ταύτην.
2980 1999 3166 2066 Ἔγνω
3222 1993 3434 2068 Κύριος
3483 1995 3617 2058 τοὺς
3662 1992 3804 2055 Sura;

2241 2087 2428 2155 αὐτοῦ,
2458 2088 2554 2142 καὶ
2589 2087 2884 2160 ἀποστήτω
2931 2085 3041 2141 ἀπὸ
3078 2084 3434 2148 ἀδικίαςσπᾶς
3473 2085 3507 2138 6
3533 2083 3810 2154 ὀνομάζων

2239 2181 2300 2236 τὸ
2326 2181 2499 2252 ὄνομα
2527 2181 2757 2254 Κυρίου.
2795 2179 2886 2234 Ἕν
2919 2178 3133 2251 μεγάλῃ
3160 2177 3219 2233 δὲ
3244 2175 3392 2249 οἰκίᾳ
3434 2175 3540 2230 οὐκ
3568 2174 3690 2229 εστι
3719 2175 3804 2245 ps.

2241 2291 2332 2328 νον
2358 2272 2532 2344 σκεύη
2563 2273 2741 2344 χρυσά
2781 2270 2878 2327 καὶ
2905 2271 3149 2343 ἀργυρᾶ,
3192 2269 3330 2324 ἀλλὰ
3357 2269 3451 2324 καὶ
3491 2267 3684 2334 ξύλινα
3719 2267 3803 2321 καὶ

2240 2365 2539 2438 ὀστράκινα
2558 2381 2573 2396 ⁸
2605 2365 2700 2420 καὶ
2729 2363 2766 2420 ἃ
2795 2363 2898 2436 μὶν
2941 2363 3024 2427 είς
3070 2361 3261 2434 τιμὴν,
3293 2360 3342 2418 ἃ..
3362 2361 3424 2416 δὲ
3452 2362 3540 2426 είς
3567 2359 3802 2432 ἀτιμίαν.

2253 2455 2381 2510 Ἐἀν
2416 2450 2511 2510 οῦν
2548 2470 2634 2518 τις
2678 2453 2962 2527 ἐκκαθάρῃ
3013 2452 3206 2508 ἑαυτδν
3243 2452 3352 2508 ἀπο
3378 2451 3615 2517 τούτων,
3666 2451 3799 2505 Im:

2242 2547 2438 2612 σκεῦος
2487 2547 2569 2611 είς
2615 2545 2805 2619 τιμήν,
2859 2545 3193 2620 ἡγιασμένον
3243 2543 3341 2597 καὶ
3386 2541 3694 2614 εὔχρηστον
3731 2540 3800 2611 τῷ
3869 2542 3875 2547 ’

2240 2638 2484 2709 Δεσπότῃ
2529 2638 2611 2702 εἰς
2655 2639 2764 2691 πᾶν
2799 2637 2960 2708 ἔργον
3001 2636 3206 2706 ἀγαθὸν
3231 2634 3662 2706 ἡτοιμασμένον.
3704 2633 3799 2696 Τὰς

2239 2727 2298 2780 δὲ
2325 2726 2657 2797 νεωτερικὰς
2681 2725 2979 2797 ἐπιθυμίας
3016 2726 3183 2796 φεῦγε
3207 2741 3222 2755 ·
3252 2726 3414 2780 δίωκε
3455 2724 3516 2778 δὲ
3545 2722 3800 2776 δικαιοσύ-

2241 2835 2360 2889 νην,
2408 2818 2611 2881 πίστιν,
2633 2809 2887 2889 ἀγάπην,
2937 2819 3161 2889 εἰρήνην
3198 2817 3334 2887 μετά
3380 2815 3800 2872 τῶν.ἐπικαλου-

2245 2912 2421 2978 μένων
2473 2909 2564 2963 τὸν
2608 2909 2812 2976 Κύριον
2864 2911 2930 2962 ἐκ
2980 2909 3228 2979 καθαρᾶς
3279 2907 3527 2978 καρδίας.
3594 2907 3706 2970 "rs;
3749 2906 3798 2958 δὲ

2246 2999 2433 3069 μωρὰς
2483 3000 2577 3052 καὶ
2609 2998 2970 3061 ἀπαιδεύτους
3017 2999 3272 3068 ζητήσεις
3321 2996 3616 3068 παραιτοῦ,
3662 2995 3798 3057 εἰδὼς

2241 3091 2323 3144 ὅτι
2354 3090 2583 3159 γεννῶσι
2621 3091 2820 3160 μάχας.
2853 3089 3048 3160 Αοῦλον
3088 3089 3145 3142 δὲ
3178 3089 3379 3162 Κυρίου
3441 3089 3500 3140 ού
3532 3088 3615 3140 δεῖ
3647 3089 3796 3157 μάχε-

2244 3183 2388 3246 σθαι,
2439 3183 2558 3236 ’ἀλλ’
2610 3184 2772 3254 ἤπιον
2824 3178 2962 3236 εἶναι
3013 3182 3150 3252 πρὸς
3200 3183 3434 3247 πάντας,
3486 3181 3795 3243 διδακτικὺν,

2242 3275 2579 3339 ἀνεξίκακον,
2614 3276 2670 3326 ὲν
2699 3274 2968 3344 πραότητι
3007 3273 3327 3326 παιδεύοντα
3357 3274 3483 3336 τοὺς
3525 3273 3794 3326 ἀντιδιατι-

2242 3367 2503 3438 θεμένους
2522 3384 2537 3404 ·-
2568 3369 2780 3436 μήποτε
2811 3366 2904 3438 ’δῷ
2950 3368 3138 3428 αὐτοῖς
3166 3369 3194 3419 ὁ
3235 3365 3369 3428 Θεὸς
3419 3366 3706 3433 μετάνοιαν
3730 3367 3798 3426 εἰς

2240 3457 2538 3525 ἐπίγνωσιν
2581 3457 2857 3527 ἀληθείας,
2895 3457 2989 3510 καὶ
3019 3456 3368 3526 ἀνανήψωσιν
3403 3457 3470 3508 ὲκ
3517 3458 3618 3526 τῆς
3643 3455 3798 3508 διαϐό-

2241 3548 2332 3602 λου
2360 3549 2606 3615 παγίδος,
2642 3548 3017 3619 ἐζωγρημένοι
3059 3547 3150 3600 ὑπ’
3184 3547 3349 3600 αὑτοῦ
3386 3549 3468 3610 είς
3508 3548 3574 3598 τὸ
3611 3546 3796 3600 ἐκείνου

2242 3639 2473 3710 θέλημα.
2523 3658 2541 3690 ι

2851 3731 3101 3784 ΚΕΦΑΛ.
3144 3731 3215 3784 Γ’.

2321 3845 2339 3877 ‹
2379 3826 2550 3879 Τοῦτο
2576 3825 2632 3878 δὲ
2653 3822 2949 3893 γινώσκετε
2982 3825 3063 3876 ὅτι
3089 3825 3145 3874 ἑν
3180 3821 3436 3891 ἐσχάταις
3470 3821 3697 3891 ἡμέραις
3724 3823 3795 3872 ἐν·

2244 3919 2529 3987 στήσονται
2574 3916 2754 3986 καιροὶ
2800 3915 3045 3984 χαλεποί.
3099 3915 3349 3966 Ἔσονται
3378 3912 3490 3981 γὰρ
3526 3914 3576 3964 oi
3605 3912 3796 3979 ἀνθρω-

2243 4024 2357 4071 ποι,
2405 4007 2675 4076 φίλαυτοι,
2708 4005 3052 4076 φιλάργυροι,
3111 4003 3402 4068 ἀλαζόνες,
3453 4005 3791 4074 ὑπερήφανοι,

2245 4097 2576 4168 βλάσφημοι,
2621 4096 2872 4164 γονεῦσιν
2915 4095 3184 4158 ἀπειθεῖς,
3231 4093 3542 4164 ἀχάριστοι,
3589 4094 3788 4153 ἀνόσιοι,

2242 4189 2519 4258 ἄστοργοι,
2570 4188 2841 4252 ἄσπονδοι,
2885 4186 3144 4249 διάϐολοι,
3192 4185 3478 4256 ἀκρατεῖς,
3527 4185 3787 4255 ἀνήμεροι,

2243 4278 2587 4346 ἀφιλάγαθοι,
2623 4277 2896 4347 προδόται,
2927 4277 3239 4346 προπετεῖς,
3270 4274 3655 4344 τετυφωμένοι,
3684 4271 3790 4342 φιλο

2242 4367 2419 4436 ήδονοι
2458 4367 2678 4435 μᾶλλον,
2729 4367 2762 4436 ἢ
2811 4365 3081 4434 φιλόθεοι·
3129 4365 3345 4435 ἔχοντες
3397 4365 3668 4434 μόρφωσιν
3706 4360 3786 4413 εῦ-

2245 4457 2478 4522 σεϐείας,
2511 4457 2608 4526 τὴν
2635 4458 2692 4510 δὲ
2725 4457 2953 4526 δύναμιν
2997 4457 3166 4524 αὐτῆς
3201 4455 3524 4526 ἠρνημένοι.
3557 4454 3658 4506 Καὶ
3682 4450 3787 4504 τούο

570 4538 805 4607 speciem
833 4541 1074 4608 pietatis,
1125 4520 1389 4599 virtutem
1426 4555 1610 4602 autem
1673 4549 1795 4617 ejus
1860 4520 2136 4623 abnegau-

2242 4566 2366 4611 τους
2401 4549 2714 4618 ἀποτρέπου
2738 4567 2750 4578 ·
2787 4549 2851 4600 ἐκ
2881 4546 3084 4601 τούτων
3113 4548 3220 4616 γάρ
3246 4547 3386 4599 εἰσιν
3423 4547 3473 4599 οἱ
3512 4544 3785 4603 ἐνδύνοντξς
3833 4599 3837 4602 ,

571 4636 675 4682 tes.
695 4627 758 4682 Et
793 4629 894 4684 hos
926 4630 1110 4686 devita
1141 4651 1155 4686 :
1187 4649 1252 4688 ex
1272 4633 1359 4690 his
1388 4636 1532 4690 enim
1561 4647 1689 4693 sunt
1723 4640 1816 4709 qui
1853 4652 2140 4711 penetrant

571 4717 764 4774 domos
787 4759 802 4784 ,
836 4731 889 4776 et
919 4724 1166 4792 captivas
1220 4725 1430 4780 ducunt
1465 4728 1823 4786 mulierculas
1885 4744 2140 4791 oneratas

573 4812 834 4890 peccatis,
871 4829 993 4883 quas
1051 4816 1327 4872 ducuntur
1358 4820 1526 4874 variis
1568 4820 1854 4878 desideriis
1883 4844 1894 4878 :
1929 4841 2143 4895 semper

572 4901 942 4968 discentes,et
966 4921 1087 4975 quae
1149 4924 1432 4980 nunquam
1461 4911 1528 4965 ad
1557 4913 1848 4968 scientiam
1893 4918 2141 4974 veritatis

571 5001 805 5061 possunt
847 4996 1153 5066 pervenire.
1183 4999 1654 5066 Quemadmodum
1698 5018 1882 5062 autem
1938 5007 2142 5067 Jannes

569 5093 626 5139 et
655 5081 905 5144 Jambres
935 5090 1261 5147 restiterunt
1300 5093 1510 5166 Moysi;
1551 5099 1624 5152 ita
1653 5106 1708 5155 et
1763 5101 1816 5154 hi
1880 5101 2143 5158 resistent

571 5175 829 5247 veritati;
872 5180 1123 5238 homines
1168 5187 1417 5256 corrupti
1460 5197 1664 5255 mente,
1719 5193 1940 5262 reprobi
1994 5195 2142 5250 circa

573 5267 758 5335 ﬁdem,
797 5269 892 5325 sed
953 5271 1089 5325 ultra
1124 5289 1232 5328 non
1266 5277 1575 5342 proﬁcient.
1619 5278 1934 5349 [nsipientia
1993 5285 2142 5338 enim

567 5376 762 5414 eorum
820 5362 1108 5420 manifesta
1160 5367 1265 5421 erit
1320 5370 1595 5437 omnibus,
1649 5373 1793 5427 sicut
1825 5383 1880 5429 et
1921 5376 2140 5432 illorum

575 5454 699 5507 tlnlt.
724 5451 806 5508 Tu
839 5464 1340 5515 autemassecutus
1373 5475 1432 5515 es
1461 5477 1634 5516 meam
1691 5467 2022 5532 doctrinam,
2059 5469 2143 5524 in-

573 5543 942 5612 stitutionem,
979 5552 1342 5618 propositum,
1400 5552 1582 5617 ﬁdem,
1649 5556 2139 5626 longanimitatem,

576 5633 946 5691 dilectionem.
985 5640 1330 5707 patientiam,
1363 5643 1799 5710 persecutiones,
1838 5649 2139 5717 passiones;

574 5724 758 5792 qualia
792 5725 923 5780 mihi
950 5726 1088 5781 facta
1127 5738 1254 5783 sunt
1299 5730 1626 5796 Antiochize,
1688 5732 1879 5802 lconii,
1923 5736 1977 5791 in
2037 5737 2143 5810 Ly—

577 5813 726 5873 stz'is,
743 5816 930 5880 quales
948 5818 1357 5884 persecutiones
1375 5821 1632 5876 sustinui.
1661 5842 1676 5873 ι

2241 4643 2322 4704 είς
2368 4640 2467 4703 τὰς
2516 4640 2720 4702 οἰκίας,
2771 4640 2865 4692 καὶ
2923 4637 3428 4708 αἱχμαλωτεύοντες
3463 4637 3782 4705 γυναικάρια,

2243 4731 2627 4802 σεσωρευμένα
2674 4730 2992 4801 ἁμαρτίαις,
3046 4729 3293 4798 ἀγόμενα
3331 4728 3647 4798 ἐπιθυμίαις
3687 4742 3783 4777 πει·

2241 4822 2444 4886 κίλαις,
2474 4822 2707 4875 πάντοτε
2739 4821 3098 4891 μανθάνοντα,
3130 4820 3226 4874 καὶ
3275 4819 3545 4890 μηδέποτε
3580 4821 3654 4880 εἰς
3687 4817 3786 4867 ἐπί-

2242 4932 2443 4983 γνωσιν
2495 4913 2753 4985 ἀληθείας
2802 4914 2978 4967 ἐλθεῖν
3023 4913 3317 4983 δυνάμενα.
3370 4915 3467 4965 Ὃν
3516 4913 3702 4984 τρόπον
3738 4908 3784 4960 δὲ

2254 5007 2460 5077 Ἰαννῆς
2491 5008 2583 5059 καὶ
2625 5005 2887 5076 Ἰαμϐρῆς
2915 5004 3250 5074 ἀντέστησαν
3278 5004 3516 5074 Μωῦσῇ,
3548 5002 3683 5055 οὕτω
3707 4999 3784 5053 καὶ

2243 5089 2390 5149 οὗτοι
2431 5095 2777 5149 ἀνθίστανται
2805 5097 2872 5165 τῇ
2913 5094 3162 5166 ἀληθείᾳ,
3194 5093 3477 5163 ἄνθρωποι
3511 5091 3783 5160 κατεφθαρ-

2247 5188 2397 5257 μένοι
2446 5187 2555 5239 τὸν·
2587 5187 2731 5249 νοῦν,
2778 5187 3027 5255 ἀδόκιμοι
3075 5184 3205 5257 περ)⁵
3245 5185 3346 5256 τὴν
3375 5185 3580 5246 πίστιν,
3610 5182 3712 5237 ἀλλ’
3733 5179 3781 5232 ού

2245 5277 2610 5352 προκόψὸυσιν
2640 5279 2734 5332 ἐπὶ
2770 5278 2974 5333 πλεῖον.
3031 5279 3094 5330 Ἡ
3122 5276 3231 5348 γὰρ
3255 5278 3413 5331 ἄνοια
3439 5276 3617 5328 αὐτῶν
3651 5271 3782 5337 ἔκδη-

2243 5372 2332 5436 λος
2359 5373 2508 5426 έσται
2554 5373 2738 5438 πᾶσιν,
2786 5371 2861 5434 ὡς
2891 5370 2986 5424 καὶ
3018 5371 3051 5437 ἡ
3093 5358 3337 5422 ἐκείνων
3366 5367 3603 5436 ἐγένετο.
3634 5364 3698 5416 Σὺ
3737 5362 3780 5414 δὲ

2245 5462 2732 5535 παρηκολούθηκάς
2769 5478 2871 5532 μου
2919 5463 2986 5532 τῇ
3019 5459 3356 5529 διδασκαλίᾳ,
3390 5462 3458 5529 τῇ
3506 5458 3704 5524 ἀγωγῇ,
3727 5455 3779 5521 τῇ

2248 5557 2520 5627 προθέσει,
2554 5558 2619 5626 τῇ
2648 5555 2851 5619 πίστει,
2889 5555 2956 5622 τῇ
2997 5549 3368 5621 μακροθυμίᾳ,
3398 5552 3463 5619 τῇ
3491 5549 3690 5616 ἀγάπῃ,
3726 5545 3777 5611 τῇ

2246 5649 2514 5716 ὑπομονῇ.
2566 5648 2677 5707 τοῖς
2721 5645 3002 5712 διωγμοῖς,
3053 5645 3162 5704 τοῖς
3209 5640 3548 5710 παθήμασιν,
3585 5633 3666 5692 οἷά
3707 5649 3778 5702 μοι

2246 5739 2460 5806 ἐγένετο
2483 5738 2540 5788 ἐν
2578 5735 2893 5806 Ἀντιοχείᾳ,
2926 5735 2982 5786 ὲν
3023 5731 3243 5801 Ἰκονίῳ,
3279 5732 3336 5784 ὲν
3361 5729 3636 5798 Λύστροις,
3659 5725 3778 5784 oio»;

2246 5828 2515 5894 διωγμοὺς
2548 5826 2848 5896 ὑπήνεγκα.
2895 5843 2911 5873 ι
