3910 6400
46 431 158 501 ιθρι

100 548 158 598 Ἀ
187 542 274 596 διὰ
302 539 510 594 Θέκλαν
538 537 794 599 πέπονθε,
824 534 991 603 λέγει.

102 656 117 687 ι
160 635 267 687 Καὶ
287 635 350 685 ἐκ
376 632 592 685 πάντων
621 646 687 699 με
714 628 981 697 ἐρρύσατο
1005 629 1033 679 ὁ
1063 626 1286 696 Κύριος.
1315 626 1423 677 Καὶ
1456 624 1587 674 πάν-

39 742 113 786 τες
152 724 205 775 δὲ
250 723 298 773 οἱ
333 720 579 783 θέλοντες
611 717 852 781 εὐσεϐῶς
883 717 980 788 ζῇν
1018 719 1076 769 ὲν
1114 715 1337 787 Χριστῷ
1390 712 1585 785 Ἰησοῦ,

40 816 426 886 διωχθήσονται.
474 832 492 864 ι

96 909 304 961 Τούτων
339 907 413 968 ὡς
452 904 664 976 νεαρῶν
707 904 873 957 ὄντων
908 902 1189 973 ἐμνήσθη·
1236 902 1305 954 τὰ
1351 900 1409 953 δὲ
1455 899 1592 953 ἄλλα

39 1004 247 1072 ἀφῆκεν,
281 1000 355 1063 ὡς
384 998 639 1071 γνώριμα
666 999 797 1052 ὄντα
840 997 914 1068 τῷ
948 997 1123 1067 ἀνδρί.

103 1111 119 1144 ι
160 1092 391 1163 Πονηροὶ
434 1090 491 1143 δὲ
537 1089 814 1161 ἀνθρωττοι
852 1090 947 1143 καὶ
994 1090 1190 1157 γόητες
1224 1085 1591 1159 προκόψουσιν

42 1187 119 1236 ἐπὶ
140 1184 194 1236 τὸ
212 1187 411 1254 χεῖρον,
433 1181 743 1244 πλανῶντες
771 1183 862 1233 καὶ
885 1179 1250 1249 πλανώμενοι.
1280 1178 1349 1229 Σῦ
1381 1177 1435 1228 δὲ
1463 1176 1592 1247 μένε

40 1279 89 1328 ἐν
118 1270 191 1338 οἷς
236 1275 460 1346 ἔμαθες,
512 1276 607 1328 καὶ
656 1274 963 1343 ἐπιστώθης
983 1265 1017 1305 ι’
1053 1273 1208 1337 εἰδὼς
1253 1272 1405 1343 παρὰ
1450 1271 1593 1333 τίνος

41 1365 241 1435 ἔμαθες,
279 1366 371 1418 καὶ
396 1367 478 1418 ὃτι
514 1365 621 1418 ἀπὸ
653 1365 903 1434 βρέφους.
952 1383 971 1415 ι

104 1542 204 1604 Τὰς
254 1542 463 1611 θλίψεις
509 1541 746 1594 ἐνταῦθὰ
780 1557 930 1611 φησι,
986 1541 1081 1593 καὶ
1118 1542 1217 1603 τὰς
1260 1539 1451 1607 ὀδύνας
1496 1538 1593 1607 τῆς

44 1634 211 1701 στενῆς
245 1635 338 1686 καὶ
368 1634 731 1703 τεθλιμμένης
764 1633 885 1686 ὁδοῦ
926 1632 1022 1701 τῆς
1055 1632 1277 1703 ἀρετῆς.

104 1746 119 1777 ι
163 1724 242 1777 Τὰ
284 1725 403 1796 ἱερὰ
428 1726 732 1795 γράμματα
778 1720 947 1789 οἶδας,
995 1724 1063 1777 τὰ
1109 1720 1382 1793 δυνάμενά
1417 1737 1476 1774 σε
1507 1736 1597 1771 σο-

42 1820 175 1886 φίσαι
219 1820 300 1882 είς
361 1816 635 1889 σωτηρίαν
690 1815 778 1870 διὰ
829 1814 1066 1877 πίστεως
1109 1812 1211 1884 τῆς
1269 1815 1327 1867 ἐν
1376 1811 1597 1883 Χριστῷ

51 1908 226 1981 Ἰησοῦ.
271 1928 291 1961 ι

105 2001 202 2053 Τὸν
230 1999 397 2067 νόμον
425 1998 522 2053 καὶ
559 1999 689 2061 τοὺς
761 1996 1047 2067 προφήτας
1089 1995 1259 2065 λέγει,
1285 1992 1481 2055 οἵτινες
1515 1988 1615 2043 αύ-

43 2092 123 2145 τδν
168 2090 427 2144 ἐδύναντο
478 2091 559 2153 είς
604 2090 705 2161 τὴν
754 2088 949 2157 σοφίαν
994 2088 1314 2156 ἀναγαγεῖν,
1365 2081 1615 2137 τουτέστι

42 2182 279 2253 Χριστόν.
334 2180 429 2246 Εἰς
469 2181 658 2235 τοῦτον
702 2181 811 2253 γὰρ
856 2180 1183 2253 ἐπληροῦτο,
1224 2178 1320 2233 καὶ
1355 2177 1384 2228 ὁ
1427 2176 1612 2244 νόμος,

43 2277 125 2328 καὶ
160 2276 207 2328 οἱ
243 2275 551 2346 προφῆται.
597 2275 724 2327 “tm
765 2272 823 2327 δὲ
861 2272 979 2344 ᾔδει
1020 2271 1121 2343 τὴν
1164 2269 1412 2341 Γραφὴν,
1454 2267 1615 2337 δῆλον

44 2369 96 2419 ὲκ
121 2365 210 2420 τοῦ
246 2366 539 2436 ἱστορῆσαι
572 2364 668 2417 τὸν
698 2364 917 2417 Λουκᾶν
949 2362 1080 2433 περὶ
1113 2360 1299 2414 αὐτοῦ.
1353 2360 1477 2412 Ὅτι
1510 2373 1616 2427 μη-

43 2456 153 2525 τρδς
196 2452 269 2527 ἧν
324 2455 584 2518 Ἰουδαίας
631 2456 850 2525 πιστῆς,
897 2453 1179 2508 τουτέστιν
1223 2450 1283 2515 ἐξ
1341 2448 1615 2504 Ἰουδαίων

46 2546 405 2618 πιπευσάσης
433 2547 514 2607 εἰς
545 2546 811 2617 Χριστόνί

111 2656 128 2689 ι
170 2639 331 2692 Πᾶσα
376 2638 568 2710 Γραφὴ
609 2637 969 2700 θεόπνευστος
1013 2636 1105 2690 καὶ
1156 2635 1431 2705 ὠφέλιμος
1476 2631 1613 2702 πρὸς

45 2729 406 2794 διδασκαλίαν,
436 2730 573 2800 πρὸς
603 2728 848 2799 ἔλεγχον,
881 2729 1018 2798 πρὸς
1049 2726 1445 2797 ἐπανόρθωσιν,
1475 2726 1613 2795 πρὸς

47 2818 281 2871 παιδείαν
315 2817 411 2890 τὴν
440 2818 500 2871 ὲν
531 2818 845 2888 δικαιοσύνῃ
867 2835 880 2847 ο
907 2818 992 2871 ἵνα
1018 2818 1204 2888 ἄρτιος
1236 2812 1269 2890 ᾗ
1294 2819 1322 2870 ό
1349 2815 1447 2869 τοῦ
1474 2814 1610 2867 Θεοῦ

49 2908 340 2979 ἄνθρωπος,
380 2910 515 2983 πρὸς
550 2912 657 2964 πᾶν
694 2909 857 2980 ἔργον
888 2909 1092 2978 ἀγαθὸν
1126 2908 1535 2981 ἐξηρτισμένος.
1587 2928 1606 2960 ι

642 3126 893 3180 ΚΕΦΑΛ.
946 3128 1018 3179 Δ’.

119 3282 137 3313 ι
165 3258 617 3330 Διαμαρτύρομαι
649 3255 743 3312 οῦν
787 3258 898 3325 ἐγὼ
935 3256 1161 3310 ἐνώπιον
1203 3254 1292 3309 τοῦ
1336 3254 1492 3319 Θεοῦ,
1525 3256 1618 3307 καί

54 3355 135 3407 τοῦ
159 3356 366 3425 Κυρίου
392 3350 571 3421 »Ἰησοῦ
596 3350 856 3422 Χριστοῦ,
896 3349 990 3403 τοῦ
1019 3347 1301 3420 μέλλοντος
1328 3349 1553 3419 κρίνειν.
1594 3366 1612 3398 ι
1638 3376 1641 3377 ν

117 3447 323 3515 Πολλὴν
358 3445 706 3515 παράκλησιν
738 3444 1103 3513 ποιησάμενος
1139 3443 1232 3495 καὶ
1268 3440 1620 3511 παραμυθίαν

54 3538 148 3590 ἀπὸ
180 3539 422 3599 πάντων,
459 3536 654 3599 ἐπάγει
705 3535 799 3588 καὶ
842 3535 939 3604 τὴν
969 3534 1076 3587 ἀπὸ
1114 3533 1221 3585 τῶν
1267 3531 1496 3602 Γραφῶν
1528 3548 1622 3583 τε·

56 3630 325 3701 λειοτέραν
344 3624 532 3681 οὖσαν.
556 3629 795 3690 Εἰκότως
814 3626 872 3679 δὲ
893 3625 1162 3692 τοσαύτην
1191 3624 1406 3691 ἐπάγει,
1434 3622 1621 3691 ἐπειδὴ

56 3721 286 3793 λυπηρὸν
322 3719 719 3800 ἕμελλενέρείν
762 3716 840 3787 τῷ
888 3715 1127 3787 μαθητῇ,
1157 3713 1248 3766 τὸν
1283 3711 1474 3766 ἑαυτοῦ
1525 3710 1619 3764 θά-

58 3831 222 3869 ναῖον.

128 3907 376 3975 Ἐκείνην
420 3903 552 3973 φησὶ
590 3901 687 3972 τὴν
732 3899 973 3970 Γραφὴν,
1032 3898 1157 3968 περὶ
1205 3890 1273 3968 ἦς
1322 3892 1496 3957 εἶπεν,
1546 3893 1626 3947 ὅτι

68 3998 199 4051 Ἀπὸ
227 3996 501 4065 ,ϐρέφους
535 3996 659 4062 ἱερὰ
692 3992 1013 4062 Γράμματα
1049 3988 1238 4055 οἶδας.

123 4108 141 4140 ι
186 4089 408 4151 Ζίητας
443 4088 538 4141 καὶ
574 4086 821 4157 νεκροὺς,
854 4084 995 4137 κατὰ
1024 4083 1123 4153 τὴν
1168 4070 1492 4150 ἐπιφάνειαν
1526 4078 1624 4131 αύ-

57 4178 162 4244 τοῦ,
199 4180 296 4232 καὶ
344 4176 445 4247 τὴν
492 4175 769 4246 βασιλείαν
806 4172 973 4226 αὐτοῦ
997 4190 1009 4202 ·
1045 4171 1279 4241 κήρυξον
1324 4170 1415 4222 τὸν
1449 4168 1625 4236 λόγον,

59 4268 305 4338 ἐπίστηθι
352 4286 371 4320 ι

132 4359 526 4430 ’Δμαρτωλοῦς
578 4357 669 4410 καὶ
723 4354 963 4415 δικαίους
1010 4352 1189 4420 λέγει·
1241 4352 1273 4421 ἢ
1330 4352 1411 4404 ὅτι
1446 4350 1633 4403 πολλοὶ

62 4447 580 4517 καταλειφθήσονται
615 4440 849 4508 ζῶντες.¹

130 4562 147 4592 ι
195 4541 510 4612 Εὐκαίρως,
545 4539 824 4609 ἀκαίρως·
863 4535 1100 4604 ἔλεγξον,
1137 4533 1488 4602 ἐπιτίμησον.
1525 4549 1631 4585 πα·
1660 4557 1710 4615 υ

64 4633 361 4701 ρακάλεσον
398 4632 456 4682 ὲν
492 4632 638 4701 πάσῃ
686 4625 1039 4699 μακροθυμία
1072 4629 1163 4678 καὶ
1190 4624 1397 4694 διδαχῇ.
1437 4624 1633 4675 Ἔσται

63 4714 174 4795 γὰρ’
195 4724 414 4794 καιρὸς,
468 4724 555 4776 ὅτε
603 4720 702 4789 τῆς
751 4718 1103 4787 ὑγιαινούσης
1149 4713 1501 4775 διδασκαλίας
1536 4713 1637 4766 ούκ

64 4819 361 4884 ἀνέξονται,
393 4817 529 4870 ἀλλὰ
566 4816 706 4869 κατὰ
740 4815 838 4876 τὰς
868 4811 1165 4879 ἐπιθυμίας
1202 4810 1302 4872 τὰς
1341 4808 1476 4869 ἰδίας
1516 4808 1637 4859 ἐαυ-

64 4916 167 4975 τοίς
202 4910 643 4979 ὲπισωρεύσουσι
689 4904 1064 4967 διδασκάλους,
1116 4922 1132 4951 ι

127 5003 448 5062 Τουτέστιν,
482 5000 572 5070 Μὴ
601 5002 692 5069 ἔχε
725 4996 1134 5068 κεχωρισμένον
1167 4993 1389 5063 καιρόν·
1426 4992 1511 5045 ἀεί
1558 5010 1640 5044 σοι

64 5094 198 5147 ἔστω
248 5094 461 5163 καιρδς,
516 5092 605 5159 Μὴ
652 5092 710 5142 ὲν
740 5091 951 5160 εἰρήνῃ,
1000 5087 1133 5157 μηδὲ
1183 5087 1241 5138 ἐν
1283 5084 1516 5155 εὐθυμία
1542 5084 1639 5148 ὢν,

70 5184 199 5251 μηδὲ
230 5184 291 5236 ὲν
341 5181 637 5251 Ἐκκλησία
670 5179 981 5247 καθήμενος
1026 5176 1184 5246 μόνον
1228 5172 1467 5246 διδάξῃς,
1504 5176 1559 5226 ἐν
1587 5173 1643 5225 δὲ

65 5279 171 5338 τοῖς
203 5274 478 5335 κινδύνοις
512 5272 866 5341 περισταλῇς,
900 5269 1034 5323 ἀλλὰ
1065 5268 1168 5321 κᾶν
1202 5269 1259 5319 ἐν
1286 5266 1644 5335 δεσμωτηρίῳ

66 5356 147 5430 ᾗς,
186 5361 296 5414 κᾶν
326 5360 514 5413 ἆλυσιν
562 5358 967 5430 περικείμενος,
1007 5356 1080 5427 μὴ
1120 5355 1302 5424 παύσῃ
1349 5353 1442 5406 τοῦ
1476 5352 1646 5423 κηρύ-

68 5470 301 5521 rimos-

138 5563 155 5594 ι
197 5543 541 5613 Κνηθόμενοι
566 5541 663 5612 τὴν
692 5541 882 5611 ἀκοὴν,
904 5540 993 5591 καὶ
1018 5538 1126 5591 ἀπὸ
1152 5538 1248 5607 μὲν
1270 5540 1369 5608 τῆς
1393 5535 1647 5605 ἀληθείας

67 5634 159 5707 τὴν
189 5636 367 5707 ἀκοὴν
390 5632 967 5704 ἀποστρέψουσιν,ηὲπὶ
988 5630 1043 5683 δὲ
1066 5631 1189 5691 τοὺς
1222 5629 1424 5699 μύθους
1453 5630 1649 5698 ἐκτρα-

73 5729 358 5796 πήσονται.
392 5730 463 5781 Σὺ
496 5727 551 5780 δὲ
588 5726 723 5794 νῆφε
762 5727 819 5777 ἐν
850 5726 1005 5785 πᾶσι,
1040 5722 1448 5791 κακοπαθησον.
1488 5723 1649 5792 ἔργον

74 5813 297 5886 ποίησον
329 5813 736 5885 εὐαγγελιστοῦ,
773 5814 871 5884 τὴν
904 5812 1179 5866 διακονίαν
1233 5830 1322 5867 σου
1374 5814 1644 5883 πληροφό-

1005 422 1086 482 IN
1130 421 1373 481 EPIST.
1418 418 1516 478 AD
1548 416 2013 479 TIMOTHEUM
2058 417 2141 479 Il.

3129 397 3266 463 10°29

1762 533 1943 586 lnnuit
1972 548 2032 584 ea
2067 548 2188 600 qua:
2222 528 2434 582 Thecla‘e
2454 540 2621 579 causa
2652 535 2951 593 perpessus
2979 524 3117 570 erat.

1767 644 1785 676 ι
1816 624 1879 677 Ει
1901 642 1964 678 ex
1995 624 2249 677 omnibus
2280 620 2481 689 eripuit
2506 633 2589 670 ine
2620 615 2903 668 Dominus.
2936 607 3127 681 [Vens
3160 602 3272 675 19...]

1694 719 1758 772 Et
1783 734 1974 773 omnes
2003 717 2096 786 qui
2146 716 2233 785 pic
2286 714 2476 766 volunt
2534 710 2716 764 vivere
2762 709 2816 761 in
2847 704 3069 759 Christo
3117 697 3270 759 Jesu,

1694 810 2138 881 persecutionem
2173 805 2468 875 patientur.
2517 822 2533 853 ι

1765 900 2323 959 [lorum-meminit,
2377 906 2433 951 ut
2496 894 2863 951 recentiorum
2913 907 2928 949 ς
2972 887 3077 940 alia
3144 880 3305 936 vero'

1695 994 2062 1067 prmiermisit.
2096 1002 2151 1046 ιιι
2177 1007 2294 1061 qua:
2334 988 2623 1043 Timotheo
2658 991 2937 1053 comperta
2966 986 3169 1035 essent.

1770 1088 1931 1142 Vens.
1994 1085 2162 1139 15-15
2225 1101 2243 1133 ι
2278 1081 2406 1136 Mali
2463 1064 2641 1134 autem
2692 1076 2942 1130 homines
2992 1079 3042 1125 et
3112 1067 3274 1123 sedu-

1695 1187 1876 1237 ctdres
1903 1179 2190 1249 proficient
2235 1177 2287 1229 in
2330 1175 2523 1246 pejus;
2554 1180 2801 1225 errantes
2841 1175 2895 1220 ct
2932 1167 2984 1218 in
3032 1174 3275 1217 errorem

1696 1248 1998 1326 mittentes.
2035 1267 2117 1321 Tu
2150 1281 2280 1321 vero
2324 1277 2583 1335 perinane
2618 1261 2673 1314 in
2708 1258 2779 1313 iis
2819 1270 2941 1325 qum
3006 1248 3276 1310 didicisti,

1666 1374 1751 1418 -et
1789 1370 1940 1417 certa
1979 1360 2080 1415 fide
2103 1366 2257 1417 tenes
2290 1373 2305 1422 ;
2339 1355 2569 1409 sciensa
2594 1367 2702 1421 quo
2733 1346 3015 1402 didiceris.
3057 1342 3122 1395 Et
3153 1340 3278 1409 quia

1697 1456 1764 1509 ab
1791 1454 2046 1508 infantia.
2079 1470 2097 1503 ι

1771 1544 1873 1598 llic
1940 1542 2276 1597 afﬂictiones
2332 1538 2646 1609 significat,
2682 1542 2735 1590 et
2763 1530 3114 1594 acerbitates,
3162 1538 3282 1595 qua)

1696 1636 1750 1688 in
1788 1642 1939 1687 arcta
1963 1641 2309 1701 angustaque
2333 1630 2549 1683 virtutis
2584 1629 2669 1681 via
2719 1628 3042 1677 occurrunt.

1772 1743 1790 1776 ι
1828 1722 2029 1778 Sacras
2067 1724 2276 1785 litteras
2306 1720 2474 1783 nosti,
2508 1733 2629 1789 quae
2647 1726 2701 1771 te
2730 1720 2965 1786 possunt
3012 1712 3285 1767 instruere

1701 1812 1768 1870 ad
1792 1814 2051 1879 salutem,
2081 1828 2178 1885 per
2214 1812 2374 1868 ﬁdem
2415 1825 2539 1881 qua:
2569 1816 2657 1865 est
2687 1807 2743 1861 in
2802 1803 3023 1859 Christo
3073 1797 3228 1854 Jesu.
3259 1814 3279 1847 ι

1788 1990 1986 2064 Legem
2021 1991 2098 2046 ait
2145 2000 2201 2047 et
2254 1989 2575 2061 prophetas,
2622 1999 2744 2056 qua
2795 1980 3041 2038 valerent
3062 1991 3185 2031 eum
3221 1972 3285 2027 ad

1717 2083 2065 2153 sapientiam,
2104 2079 2162 2136 id
2188 2087 2275 2136 est
2331 2078 2405 2134 ad
2445 2077 2730 2134 Christum
2791 2064 3194 2144 provehere.ln
3223 2076 3290 2117 eo

1716 2175 1882 2249 269
1910 2174 2181 2242 siquidem
2216 2171 2441 2242 impleta
2465 2176 2551 2226 est
2600 2170 2685 2223 lex
2717 2179 2785 2221 ac
2802 2162 3105 2235 prophetae.
3131 2154 3289 2224 Quod

1714 2275 1898 2322 autem
1933 2266 2273 2337 Scripturam
2299 2268 2507 2324 nosset,
2540 2257 2950 2314 manifestatum
2992 2259 3099 2317 est,
3124 2264 3293 2321 quan-

1714 2356 2008 2428 doquidem
2050 2355 2169 2425 ipse
2199 2352 2379 2408 Lucas
2410 2349 2605 2407 scribit
2624 2347 2773 2419 quod
2804 2359 2871 2401 ex
2903 2342 3088 2400 Judaea
3118 2346 3293 2394 matre

1713 2460 1870 2507 ortus
1920 2457 2092 2514 esset,
2132 2447 2185 2503 id
2216 2453 2303 2502 est
2333 2459 2455 2517 quae
2495 2458 2559 2499 ex
2594 2440 2785 2496 Judaao
2811 2449 3010 2511 genere
3041 2434 3097 2489 in
3130 2430 3293 2488 Chri-

1714 2552 1858 2599 stum
1897 2540 2225 2597 crediderat.

1788 2630 1957 2687 Vens.
1992 2629 2079 2695 16,
2112 2629 2201 2683 17.
2237 2645 2257 2680 ι
2290 2625 2488 2680 Omnis
2514 2624 2803 2692 Scriptura
2842 2609 3297 2678 divinitusinspi-

1716 2733 1857 2789 rata,
1902 2723 2055 2777 utilis
2093 2728 2177 2776 est
2219 2719 2286 2773 ad
2332 2715 2668 2778 docendum,
2714 2711 2782 2766 ad
2814 2706 3184 2778 arguendum,
3228 2701 3294 2754 ad

1714 2816 2155 2885 corripiendum,
2186 2813 2252 2865 ad
2285 2807 2650 2866 erudiendum
2696 2804 2750 2858 in
2780 2801 2997 2869 justitia
3032 2817 3045 2852 :
3082 2805 3139 2850 ut
3172 2809 3296 2865 per—

1717 2907 1891 2962 fectus
1929 2907 1999 2963 sit
2034 2907 2194 2962 homo
2224 2902 2318 2957 Dei
2351 2900 2418 2955 ad
2469 2914 2630 2955 omne
2684 2910 2822 2965 opus
2851 2892 3054 2947 bonum
3091 2888 3298 2943 instru-

1716 3005 1863 3053 ctus.
1899 3015 1917 3047 ι

2359 3125 2515 3181 CAP.
2570 3123 2659 3177 ιν.

1796 3264 1960 3318 Vens.
1999 3263 2054 3317 1.
2122 3281 2139 3313 ι
2181 3260 2475 3316 Testillcor
2515 3257 2684 3329 igitur
2735 3271 2835 3326 ego
2887 3266 3072 3306 coram
3108 3248 3218 3303 Deo
3248 3252 3305 3300 et

1718 3353 1949 3408 Domino
1974 3352 2101 3407 Jesu
2132 3351 2373 3412 Christo,
2408 3348 2503 3417 qui
2531 3346 2881 3416 judicaturus
2918 3347 3003 3395 est
3044 3357 3059 3389 ι

1790 3444 2085 3514 Postquam
2116 3458 2180 3496 ex
2213 3440 2361 3492 omni
2389 3439 2566 3506 capite
2600 3450 2724 3489 eum
2769 3441 2853 3486 est
2894 3431 3221 3484 cohortatus
3251 3428 3305 3475 et

1722 3537 2066 3599 consolatus,
2113 3534 2265 3586 addit
2322 3531 2544 3583 tandem
2589 3525 2892 3597 perfectius
2925 3527 3304 3590 argumentum

1722 3646 1785 3684 ex
1826 3625 2155 3696 Scripturis.
2209 3625 2274 3677 Et
2306 3621 2563 3675 consulto
2624 3614 2890 3685 quidem;
2923 3609 3178 3680 quoniam
3219 3608 3305 3659 di-

1725 3718 1940 3788 scipulo
1974 3730 2140 3786 grave
2187 3712 2461 3783 quoddam
2502 3719 2557 3763 et
2594 3708 2751 3788 triste
2786 3703 3131 3759 indicaturus
3165 3704 3303 3759 erat,

1726 3827 1883 3867 suam
1909 3808 2168 3863 videlicet
2200 3790 2455 3859 mortem.
2664 3781 2675 3789 “

1801 3903 2143 3971 Seripturam
2195 3899 2343 3953 illam
2384 3896 2480 3958 ait,
2535 3894 2605 3949 de
2649 3908 2757 3963 qua
2790 3891 2952 3945 modo
2992 3894 3120 3943 ante
3151 3884 3305 3939 dixe—

1731 4001 1811 4049 ral.
1843 4012 1857 4049 :
1896 3992 1972 4046 Ab
2010 3991 2240 4060 infantia
2276 3987 2511 4041 Litteras
2551 4000 2733 4039 sacras
2767 3982 2929 4035 nosti.

1805 4107 1824 4138 ι
1869 4085 2033 4139 Vivos
2087 4092 2143 4138 et
2191 4090 2464 4141 mortuos,
2511 4094 2608 4148 per
2653 4077 2949 4130 adventum
2990 4071 3114 4138 ejus
3146 4075 3199 4123 et
3225 4082 3308 4118 re-

1731 4198 1896 4254 gnum
1942 4180 2063 4250 ejus
2096 4197 2107 4232 :
2142 4175 2309 4250 [Vens
2340 4175 2398 4247 ‘2]
2429 4174 2666 4229 Przedica
2696 4172 2942 4234 verbum,
2974 4169 3117 4221 insta
3160 4184 3178 4216 ι

1805 4361 2136 4416 Peccatores
2160 4366 2213 4411 et
2242 4358 2428 4427 justos
2459 4355 2595 4409 dicrt
2625 4368 2639 4406 :
2676 4352 2760 4405 vel
2790 4348 2935 4419 quod
2963 4346 3116 4400 inulti
3149 4345 3200 4398 in
3230 4343 3309 4397 vi-

1738 4453 1821 4508 vis
1845 4451 2174 4521 superstites
2223 4455 2407 4503 erunt.

1815 4566 1833 4595 ‹
1880 4543 2225 4613 Opportune,
2260 4541 2583 4607 importune
2624 4552 2636 4588 :
2665 4549 2853 4601 argue,
2887 4529 3129 4598 increpa,
3156 4528 3311 4580 OIDSC‘

1737 4651 1827 4691 cra
1877 4636 1930 4687 in
1971 4632 2118 4686 oinni
2172 4628 2437 4699 patientia
2497 4633 2551 4679 et
2605 4623 2855 4677 doctrina
2891 4620 3082 4687 IVEns.
3126 4618 3178 4678 5,
3230 4615 3309 4686 4.]

1737 4727 1859 4781 Erit
1915 4725 2060 4779 enirn
2120 4732 2342 4787 tempus
2396 4733 2521 4771 cum
2582 4729 2771 4769 sanam
2837 4711 3147 4767 doctrinam
3203 4723 3310 4760 non

1740 4814 2117 4877 sustinebunt,
2173 4809 2268 4864 sed
2327 4807 2393 4861 ad
2437 4819 2537 4861 sua
2585 4802 2863 4858 desideria
2914 4798 3314 4855 coacervahunt

1742 4907 1844 4962 sibi
1878 4904 2197 4975 magistros,
2242 4920 2259 4951 ι

1819 4998 1931 5050 lloc
1967 5004 2071 5057 est,
2101 4992 2321 5047 Nullum
2369 4998 2588 5058 tempus
2630 4986 2914 5041 definitum
2946 4984 3087 5038 habe
3124 4999 3135 5033 :
3171 4997 3315 5036 sem-

1746 5107 1841 5161 per
1875 5090 1969 5142 tihi
2004 5096 2219 5158 tempus
2248 5084 2517 5148 adsit,‘ut
2566 5096 2674 5135 non
2724 5078 2885 5133 modo
2931 5077 2983 5129 in
3020 5087 3173 5144 pace.
3222 5076 3317 5122 aut

1745 5181 1963 5251 quando
2020 5180 2163 5232 bono
2212 5193 2271 5230 es
2321 5177 2530 5237 animo,
2589 5182 2682 5225 aut
2719 5168 2951 5241 ‘quando
2986 5167 3037 5219 in
3070 5162 3315 5215 Ecclesia

1748 5273 2015 5331 versaris.
2046 5279 2177 5323 tunc
2216 5269 2394 5322 solum
2428 5266 2660 5330 doceas;
2695 5265 2934 5329 dumque
2974 5252 3213 5325 pericula
3237 5252 3319 5303 in-

1747 5371 1971 5435 gruunt,
2019 5362 2257 5415 desistas
2303 5379 2315 5414 :
2362 5358 2457 5413 sed
2510 5358 2623 5412 sive
2664 5367 2886 5408 carcere
2931 5348 3182 5401 inclusus
3218 5343 3315 5405 sis,

1750 5458 1864 5510 sive
1895 5466 2087 5507 catena
2115 5454 2354 5513 vinctus,
2393 5465 2502 5503 non
2539 5462 2725 5503 cesses
2764 5459 2791 5496 a
2831 5439 3246 5508 przcdicationc.

1826 5566 1844 5598 ι
1880 5546 2203 5601 Prurientcs
2245 5544 2519 5605 auditum,
2554 5550 2605 5595 et
2638 5555 2666 5592 a
2699 5536 2929 5591 veritate
2971 5530 3190 5602 quidem
3221 5544 3315 5580 au-

1751 5640 1925 5693 ditum
1978 5645 2246 5701 avertent,
2304 5636 2371 5689 ad
2424 5634 2638 5689 fabulas
2673 5638 2856 5684 autem
2907 5630 3319 5681 convertentur.

1754 5729 1943 5801 [Vens
2001 5729 2055 5790 5,
2111 5728 2186 5797 6.)
2240 5727 2321 5781 Tu
2363 5722 2491 5780 vero
2518 5723 2705 5793 vigila,
2738 5721 2798 5774 in
2826 5716 3084 5773 omnibus
3110 5711 3320 5769 labora,

1754 5836 1889 5888 onus
1934 5819 2014 5873 lac
2071 5820 2439 5887 evangelistat,
2504 5814 2872 5869 ministerium
2934 5817 3088 5864 tuutn
3137 5799 3322 5872 impio.
