4024 6438
578 376 719 451 1027

1763 372 1822 431 S.
1863 371 2181 433 JOANNIS
2205 372 2637 433 DAMASCENI

3814 241 3832 269 τ

3697 370 3805 439 1028

583 510 690 548 non
725 492 902 563 turpis
934 491 1073 547 lucri
1124 490 1405 559 cupidum,
1430 489 1527 545 sed
1578 488 1933 557 hospitalem.
1984 460 2167 542 beni:

2265 489 2370 553 θον,
2404 489 2677 560 σώφρονα,
2712 488 2945 549 δίκαιον,
2986 488 3156 551 ὅσιον,
3186 484 3455 556 ἐγκρατῆ.
3482 485 3805 554 ἀντεχόμενον

582 600 773 655 gnum,
802 586 1032 656 justum,
1064 591 1341 645 sanctum,
1372 582 1773 643 continentem,
1806 580 2143 648 amplecten-
2192 652 2201 661 Ἀ

584 686 689 730 tem
723 692 846 731 eum
871 676 966 746 qui
990 675 1292 729 secundum
1313 674 1621 727 doctrinam
1648 678 1752 737 est,
1779 670 1991 725 lidelem
2042 685 2160 724 ser-

583 783 799 823 monem
834 786 850 824 :
877 777 936 821 ut
968 775 1161 837 potens
1187 769 1257 820 sit
1290 775 1342 820 et
1366 764 1647 819 exhortari
1681 764 1733 816 in
1775 762 2035 817 doctrina
2068 778 2159 817 sa-

584 875 676 923 na,
703 868 757 913 et
786 874 879 913 eos
931 858 1029 926 qui
1052 857 1465 921 contradicunt,
1516 869 1771 922 arguere.
1836 853 1974 907 Sunt
2007 853 2153 908 enim

582 950 743 1013 multi
774 950 941 1003 etiam
984 948 1389 1011 inobedientes,
1436 945 1744 1015 vaniloqui,
1789 944 2159 1013 seductores;

587 1044 820 1095 maxime
850 1039 941 1109 qni
968 1037 1037 1093 de
1088 1036 1509 1092 circumcisione
1542 1044 1693 1100 sunt,
1730 1050 1871 1105 quos
1940 1042 2163 1106 oportet

585 1131 887 1199 redargui;
930 1129 1023 1199 qui
1080 1130 1373 1183 universas
1404 1129 1603 1182 domos
1651 1129 2002 1193 subvertunt,
2060 1127 2157 1181 do-

583 1229 772 1276 centes
810 1233 931 1289 quaa
963 1233 1070 1272 non
1104 1227 1338 1288 oportet,
1374 1221 1549 1287 turpis
1603 1218 1742 1272 lucri
1786 1219 1982 1288 gratia.
2018 1218 2163 1273 Dixit

585 1312 808 1381 quidam
836 1326 899 1364 ex
934 1310 1043 1364 illis
1074 1308 1335 1378 proprius
1366 1309 1609 1377 ipsorum
1650 1328 1667 1359 ι

652 1402 768 1455 Νοη
811 1402 961 1455 illum
986 1402 1402 1469 (continentem)
1427 1400 1501 1453 ait
1528 1402 1619 1469 qui
1664 1399 1894 1468 jejunat,
1922 1398 2017 1453 sed
2068 1399 2160 1468 qui

580 1493 832 1549 aﬂ‘ectum
879 1506 1096 1546 onmem
1128 1490 1461 1545 moderatur.

658 1603 676 1635 ι
710 1583 1020 1653 Pr0pheta:
1060 1580 1353 1637 Cretenses
1382 1595 1597 1650 semper
1634 1581 1950 1647 mendaces,
1990 1579 2165 1635 mala:

582 1676 792 1739 bestiae,
832 1684 1050 1729 ventres
1097 1675 1259 1743 pigri.
1298 1671 1491 1745 [Vr-ms.
1527 1672 1732 1744 4545.]
1755 1673 2155 1728 Testimonium

584 1766 689 1819 hoc
718 1779 908 1819 verum
932 1772 1036 1819 est.
1070 1763 1249 1827 Quam
1276 1764 1350 1817 ob
1381 1777 1607 1816 causam
1648 1763 1870 1831 increpa
1900 1764 2028 1816 illos
2058 1764 2157 1816 du-

583 1873 664 1921 re,
700 1864 759 1909 ut
785 1857 896 1910 sint
931 1856 1053 1910 sani
1084 1856 1140 1907 in
1164 1853 1291 1919 (ide,
1352 1868 1463 1907 non
1510 1854 1861 1908 intendentes
1916 1852 2160 1908 Judaicis
2193 1833 2234 1887 Β

586 1948 788 2002 fabulis
822 1956 875 2001 et
911 1945 1187 1999 mandatis
1221 1945 1527 2007 hominum,
1591 1947 1960 2001 aversantium
2010 1946 2159 1999 veri-

582 2050 770 2095 tatem.
798 2037 991 2093 Omnia
1015 2038 1236 2107 quidcm
1267 2037 1466 2091 munda
1497 2056 1514 2088 ι

653 2132 967 2197 Prop/telam
998 2130 1087 2185 hic
1118 2130 1519 2184 Callimachum
1572 2137 1787 2199 poetam
1825 2137 2001 2183 vocat.
2060 2127 2159 2183 Ec-

581 2239 683 2277 cur
710 2239 838 2278 vero
860 2223 977 2292 ejus
1008 2224 1323 2277 testimonio
1356 2223 1532 2275 utitur
1554 2222 1577 2274 ?
1598 2221 1857 2289 quoniam
1911 2220 2161 2274 homines

583 2323 715 2367 tunc
739 2313 1041 2383 praesertim
1065 2311 1277 2382 pudore
1328 2312 1706 2376 percellnntur
1723 2312 1953 2377 anubis,
1978 2326 2161 2381 quan-

582 2406 653 2459 do
693 2421 790 2459 eos
820 2421 1047 2459 suorum
1077 2404 1559 2459 criminationibus
1578 2404 1957 2472 coarguimus.

660 2513 679 2545 ‹
718 2493 932 2549 Mundis
965 2512 978 2547 :
1015 2494 1387 2561 coinquinatis
1422 2501 1604 2546 autem
1637 2500 1692 2546 et
1737 2492 2054 2548 inﬁdelibus
2081 2492 2165 2547 ni-

584 2587 659 2640 hil
688 2594 771 2640 est
828 2585 1116 2653 mundum,
1169 2584 1263 2639 scd
1324 2584 1622 2652 inquinaue
1683 2592 1814 2637 sunt
1872 2599 2063 2639 eorum
2110 2596 2165 2640 et

583 2694 738 2733 mens
760 2687 812 2731 et
833 2675 1393 2747 conseientia.[Veas.
1422 2676 1533 2747 l6.j
1551 2678 1894 2731 Conﬁtentur
1923 2693 1982 2731 se
2002 2693 2165 2731 nosse

585 2769 774 2834 Deum,
822 2768 983 2824 factis
1028 2776 1209 2823 autem
1253 2778 1475 2838 negant,
1524 2784 1646 2822 cum
1687 2770 1799 2823 sint
1838 2769 2162 2833 abominati,

580 2870 635 2915 et
660 2860 1030 2927 incredibiles,
1061 2870 1114 2916 et
1148 2861 1214 2914 ad
1247 2875 1411 2914 omne
1447 2876 1587 2929 opus
1619 2860 1821 2914 bonum
1857 2861 2097 2929 reprobi.
2140 2878 2157 2909 ›

882 2967 895 2972 ‘
1279 2952 1432 3006 CAP.
1463 2951 1525 3004 ll.

654 3046 821 3101 νεεδ.
848 3046 963 3102 1-5.
1010 3044 1090 3098 Tu
1122 3054 1301 3099 autem
1346 3045 1571 3113 loquere
1593 3045 1924 3114 quaedccent
1974 3058 2164 3099 sanam

582 3140 914 3197 doctrinam.
961 3140 1133 3194 Senes
1162 3145 1220 3191 ut
1284 3137 1455 3193 sobrii
1505 3138 1639 3201 sint,
1696 3138 1816 3192 sani
1842 3138 1896 3191 in
1950 3136 2075 3204 ﬁde,
2106 3139 2161 3191 in
2191 3164 2237 3227 ο

582 3231 991 3297 dilectione,in
1019 3228 1299 3300 patientia.
1360 3228 1514 3284 Anus
1545 3229 1800 3283 similiter
1863 3229 1917 3282 in
1972 3229 2160 3283 habitu

583 3329 798 3388 sancto,
828 3335 938 3375 non
991 3318 1416 3391 criminatrices,
1461 3332 1571 3372 non
1635 3317 1808 3372 multo
1863 3319 1988 3372 vino
2044 3332 2164 3373 ser-

583 3414 819 3479 vientes,
866 3411 1007 3467 bene
1061 3408 1344 3477 docentes,
1379 3418 1444 3465 ut
1510 3409 1854 3480 prudentiam
1926 3409 2161 3465 doceant

585 3501 1049 3567 adolescentulas,
1086 3510 1145 3556 ut
1174 3502 1328 3558 viros
1379 3516 1513 3558 suos
1557 3509 1768 3568 antent,
1827 3501 1972 3557 lilios
2026 3517 2163 3559 suos

584 3593 1098 3667 diligant.Sobrias,
1159 3601 1371 3660 castas,
1424 3592 1624 3649 domus
1652 3606 1845 3648 curam
1872 3592 2161 3663 habentes,

583 3688 877 3760 benignas,
913 3685 1171 3742 subditas
1203 3684 1344 3742 viris
1371 3683 1516 3742 suis.
1547 3687 1579 3736 ἰ

653 3776 775 3833 Non
812 3785 1008 3849 suapte
1035 3784 1254 3843 natura,
1279 3774 1373 3833 sed
1397 3791 1464 3831 ex
1490 3774 1865 3835 destinatione
1910 3779 2164 3835 volunta-

585 3870 658 3926 tis
687 3869 909 3925 illorum
941 3866 1037 3940 qui
1069 3882 1135 3924 ea
1158 3868 1522 3939 participant.

657 3961 822 4032 272
854 3980 872 4013 ι
905 3958 975 4015 Ut
1003 3975 1112 4015 non
1140 3960 1554 4031 hlasphemetur
1584 3960 1814 4017 verbum
1842 3959 2158 4033 Dei.[V£ns.

584 4055 744 4113 6-l3.
769 4052 791 4126 ]
830 4051 1070 4110 Juvenes
1100 4051 1362 4108 similiter
1391 4051 1622 4108 hortare
1651 4059 1714 4106 ut
1742 4054 1916 4109 sobrii
1942 4056 2076 4109 sint.
2104 4055 2160 4109 ln

584 4143 847 4201 omnibus
889 4143 1125 4214 teipsum
1184 4140 1363 4211 praebe
1384 4141 1694 4211 exemplum
1727 4142 2001 4197 bonorum
2028 4146 2193 4213 ope-'

585 4252 734 4301 rum,
764 4236 818 4289 in
849 4234 1118 4300 doctrina,
1159 4232 1212 4286 in
1245 4232 1583 4302 integritate,
1609 4232 1664 4286 in
1699 4234 1993 4303 gravitate,
2032 4251 2158 4290 ver-

585 4326 715 4381 bum
748 4338 968 4389 sanum,
1003 4322 1503 4391 irreprehensihile,
1531 4330 1595 4375 ut
1624 4323 1669 4379 is
1702 4323 1796 4393 qui
1822 4339 1889 4379 ex
1914 4325 2150 4380 adverso

584 4422 669 4470 est
690 4411 1123 4477 vereatur,nihil
1153 4411 1360 4467 habens
1388 4414 1592 4467 malum
1623 4413 1809 4469 dicere
1837 4415 1905 4470 de
1963 4418 2154 4472 nobis.

2263 582 2357 636 τοῦ
2394 584 2535 636 κατά
2570 584 2668 653 τὴν
2705 581 2925 651 διδαχὴν
2974 579 3170 663 πισηοῦ
3212 579 3397 646 λόγου,
3435 578 3523 629 ἴνα
3563 577 3806 651 δυνατὸςῇ

2262 676 2355 727 καὶ
2384 673 2725 744 παρακαλεῖν
2753 674 2809 726 ὲν
2832 674 2898 741 τῇ
2921 672 3112 741 διδαχῇ
3148 673 3214 741 τῇ
3243 668 3588 740 ὑγιαινούσῃ,
3606 672 3691 721 καὶ
3710 671 3807 733 τοὺς

2262 765 2642 833 ἀντιλέγοντας
2677 765 2864 833 ἐλέγχε
2878 780 2943 815 ιν.
2976 763 3095 814 Εἰσὶ
3137 763 3245 830 γὰρ
3279 760 3468 813 πολλοὶ
3512 761 3603 812 καὶ
3633 762 3803 813 ἀνυπό-

2261 873 2472 920 τακτοι,
2506 856 2879 925 ματαιολόγοι,
2913 854 3280 925 φρεναπάται,
3306 853 3546 921 μάλιστα
3579 852 3624 901 οῖ
3652 852 3708 902 ὲκ
3738 869 3809 903 πε-

2265 944 2518 1012 ριτομῆς,
2549 942 2643 1006 οὒς
2676 942 2759 994 δεῖ
2800 940 3174 1010 ἐπιστομίζειν
3200 958 3214 971 ·
3247 940 3449 1002 οἵτινες
3480 939 3634 1001 ὅλους
3657 938 3807 1000 οἴκους

2263 1033 2682 1101 ἀνατρέπουσιν,
2732 1030 3077 1091 διδάσκοντες
3106 1028 3141 1082 ἀ
3170 1027 3247 1099 μὴ
3284 1028 3386 1093 δεῖ,
3420 1027 3808 1098 αἰσχροκέρδαδς

2263 1124 2444 1195 χάριν.
2483 1118 2619 1176 Εἷπέ
2645 1140 2729 1186 τις
2760 1121 2821 1187 ἐξ
2850 1122 3029 1175 αὑτῶν
3061 1121 3195 1184 ἴδιος
3221 1119 3405 1173 αὑτῶν
3443 1138 3463 1173 ι

2336 1398 2409 1449 Οὑ
2433 1397 2523 1449 τὸν
2547 1394 2851 1465 νηστευτὴν
2874 1391 3107 1445 ἐνταῦθα
3132 1392 3302 1461 λέγει,
3338 1390 3479 1445 ἀλλά
3517 1391 3609 1443 τὸν
3640 1388 3811 1453 πάθους

2266 1488 2570 1560 κρατοῦντα
2602 1485 2822 1547 παντός.

2347 1598 2365 1630 ι
2381 1580 2674 1651 Προφήτης
2695 1593 2707 1605 ·
2739 1577 2954 1647 Κρῆτες
2976 1576 3063 1629 ἀεὶ
3085 1574 3334 1644 ψεῦσται,
3358 1574 3507 1629 γακά
3532 1573 3705 1643 Θηρία,
3732 1590 3812 1642 γα-

2268 1671 2457 1738 στέρες
2499 1667 2691 1739 ἀργαί.
2737 1667 2803 1719 ’Π
2840 1666 3126 1736 μαρτυρία
3160 1665 3299 1736 αὕτη
3338 1666 3488 1718 ἐστὶν
3522 1663 3815 1732 ἀληθήςΔ(

2267 1766 2333 1837 ἠν
2357 1766 2535 1819 αἰτίαν
2582 1765 2772 1835 ἔλεγχε
2813 1765 3012 1827 αὑτοὺς
3063 1765 3373 1833 ἀποτόμως,
3416 1763 3505 1814 ἵνα
3534 1760 3815 1829 ὑγιαίνωσιν

2264 1862 2322 1911 ἐν
2346 1863 2411 1930 τῇ
2442 1860 2645 1922 πίστει,
2679 1858 2753 1927 μὴ
2781 1857 3143 1927 προσέχοντες
3177 1858 3493 1916 Ἰουδαϊκοῖς
3523 1854 3816 1925 μύοοις,καί

2262 1949 2509 2011 ἐντολαῖς
2560 1946 2864 2017 ἀνθρώπων
2909 1947 3409 2015 ἀποστρεφομένων
3436 1945 3535 2015 τὴν
3571 1936 3815 2012 ἀλήθειαν.

2263 2042 2447 2095 Πάντα
2484 2040 2582 2111 μὲν
2620 2040 2840 2111 καθαρά
2870 2042 2982 2102 τοῖς
3010 2058 3027 2090 ι

2328 2134 2670 2202 Προφήτην,
2710 2131 2946 2185 ἐνταῦθα
2980 2132 3069 2184 τὸν
3097 2132 3328 2202 ποιητὴν
3367 2131 3544 2198 λέγει,
3579 2129 3667 2181 τὸν
3693 2128 3814 2181 Καὶ·

2262 2226 2499 2296 λίμαχον
2532 2225 2669 2296 (16).
2703 2227 2801 2277 Διά
2828 2224 2881 2277 τί
2907 2224 2964 2276 δὲ
2997 2226 3063 2294 τῇ
3091 2222 3371 2294 μαρτυρίᾳ
3392 2221 3560 2274 αὑτοῦ
3586 2239 3601 2287 ;
3632 2222 3705 2274 ὅτι
3733 2222 3818 2289 μά·

2262 2316 2419 2368 λιστα
2470 2316 2680 2379 τούτοις
2742 2315 3075 2386 ἐντρέπομεν
3110 2313 3327 2377 αὑτοὺς,
3360 2312 3491 2365 ὅταν
3522 2313 3587 2364 ὲκ
3612 2311 3714 2363 τῶν
3738 2310 3817 2362 αύ-

2262 2407 2371 2460 τῶν
2394 2406 2604 2473 ἐνέγκω
2614 2424 2715 2476 μεν
2755 2408 2850 2469 τὰς
2884 2405 3242 2481 κατηγορίας.

2342 2518 2358 2551 ι
2400 2500 2708 2570 Καθαροῖς’
2746 2502 2859 2563 τοῖς
2897 2498 2953 2551 δὲ
3010 2498 3415 2571 μεμιασμένοις
3456 2499 3552 2554 καὶ
3596 2496 3819 2559 ἀπίστοις

2264 2592 2416 2645 οὐδὲν
2464 2592 2729 2663 καθαρὸν,
2760 2592 2897 2646 ἀλλά
2938 2591 3235 2661 μεμίανται
3274 2590 3476 2653 αὑτῶν,
3518 2590 3610 2641 καί
3638 2592 3665 2641 ὁ
3696 2587 3819 2647 νοῦς.

2265 2683 2360 2735 καὶ
2461 2682 2787 2752 συνείδησις
2810 2682 2940 2735 Θεὸν
2980 2680 3342 2752 ὁμολογοῦσιν
3381 2681 3607 2741 εἰδέναι,
3652 2683 3751 2741 τοῖς
3778 2680 3822 2731 δὲ

2267 2773 2447 2844 ἔργοις
2497 2774 2810 2844 ἀρνοῦνται.
2861 2772 3151 2826 Βδελυκτοί
3211 2772 3387 2836 ὄντες,
3437 2772 3533 2825 καὶ
3577 2770 3819 2831 ἀπειθεῖς,

2267 2867 2361 2917 καὶ
2395 2864 2532 2936 πρὸς
2565 2866 2671 2918 πᾶν
2714 2865 2873 2936 ἔργον
2898 2864 3104 2932 ἀγαθὸν
3132 2864 3403 2933 ἀδόκιμοι.
3440 2884 3458 2914 ι

2880 2956 3129 3009 ΚΕΦΑΑ.
3173 2956 3248 3009 B'.

2343 3071 2359 3102 ι
2388 3053 2458 3104 Σὺ
2485 3050 2541 3104 δὲ
2564 3050 2716 3105 λάλει
2746 3050 2781 3103 ὃ.
2820 3049 3020 3119 πρέπει
3046 3051 3112 3119 τῇ
3153 3048 3477 3119 ὑγιαινούσῃ
3504 3045 3824 3117 διδασκαλία.

2268 3140 2587 3209 Πρεσϐύτας
2618 3137 2920 3209 νηφαλέους
2958 3133 3122 3202 εἶναι,
3165 3138 3421 3207 σεμνοὺς,
3457 3135 3739 3205 σώφρονας
3772 3137 3827 3203 τῇ

2272 3232 2476 3296 πίστει,
2508 3234 2576 3301 τῇ
2618 3230 2830 3303 ἀγάπῃ,
2857 3231 3128 3301 ὑπομονῇ.
3164 3230 3543 3299 Πρεσϐύτιδας
3568 3228 3828 3293 ὡσαύτως,

2267 3323 2325 3374 ὲν
2352 3324 2738 3391 καταστήματι
2775 3323 3145 3392 ἱεροπρεπεῖς,
3175 3323 3250 3392 μὴ
3284 3319 3595 3384 διαὸόλους,
3627 3319 3700 3391 μὴ
3720 3319 3831 3387 οἴνῳ

2268 3412 2447 3484 πολλῷ
2483 3412 2909 3484 δεδουλωμένας,
2944 3413 3463 3477 καλοδιδασκάλους,
3500 3414 3594 3466 ἵνα
3638 3427 3829 3482 σωφρο-

2268 3505 2457 3571 νίξωσι
2483 3504 2583 3568 τάς
2609 3504 2737 3568 νέας
2779 3503 3106 3577 φιλάνδρους
3132 3501 3293 3570 εἶναι,
3339 3504 3709 3575 φιλοτέκνους,
3739 3501 3829 3554 σώ-

2269 3614 2498 3670 φρονας,
2541 3596 2735 3666 ἀγνάς,
2772 3597 3080 3668 οἰκουροὺς,
3120 3595 3357 3666 ἀγαθάς,
3397 3594 3831 3665 ὑποτασσομένας

2266 3693 2382 3754 τοῖς
2404 3690 2561 3754 ἰδίοις
2593 3689 2875 3764 ἀνδράσιν.
2915 3707 2933 3740 ι

2339 3785 2415 3838 οὐ
2445 3784 2599 3855 παρά
2617 3784 2717 3853 τὴν
2740 3782 2950 3837 οἰκείαν
2978 3783 3160 3853 φύσιν,
3190 3781 3328 3837 ἀλλά
3355 3781 3511 3854 παρά
3532 3782 3634 3855 τὴν
3658 3780 3827 3853 προαί-

2269 3893 2420 3949 ρεσιν
2441 3875 2550 3931 τῶν
2584 3875 3135 3947 μεταλαμϐανόντων.

2347 3987 2365 4023 ι
2390 3970 2505 4022 Ἰνα
2525 3968 2598 4038 μὴ
2616 3970 2643 4021 ὁ
2658 3968 2812 4035 λόγος
2841 3967 2935 4021 τοῦ
2961 3967 3096 4022 Θεοῦ
3125 3967 3691 4040 βλασφημῆται.Τοίκ
3713 3984 3823 4022 νεω-

2267 4058 2459 4130 τέρους
2481 4058 3080 4132 ὡσαύτωςᾼπαρακάλει
3105 4062 3423 4131 σωφρονεῖν.
3459 4061 3603 4132 Περὶ
3632 4060 3819 4121 πάντας

2268 4152 2460 4205 ἑαυτὸν
2508 4130 2889 4222 παρεχόμενος
2930 4152 3103 4207 τύπον
3134 4130 3316 4207 καλῶν
3353 4130 3559 4224 ἔργων,
3598 4156 3653 4209 ἐν
3677 4157 3733 4225 τῇ
3755 4153 3817 4207 δι-

2266 4242 2553 4314 δασκαλία,
2578 4243 2870 4315 ἀφθορίαν,
2906 4244 3234 4314 σεμνότητα,
3263 4246 3421 4313 λόγον
3462 4247 3613 4316 ὑγιῆ.
3638 4246 3814 4300 ἀκατάο

2266 4351 2507 4403 γνωστον
2533 4351 2544 4363 ’
2581 4335 2668 4387 ἵνα
2706 4336 2734 4387 ό
2763 4334 2822 4399 ἐξ
2870 4334 3123 4397 ἐναντίας
3168 4336 3436 4407 ἐντραπῇ,
3491 4338 3655 4406 μηδὲν
3696 4338 3810 4405 ἔχων

2266 4425 2397 4497 περὶ
2419 4425 2575 4495 ἡμῶν
2613 4425 2792 4494 λέγειν
2824 4425 3052 4493 φαῦλον.
3080 4426 3315 4490 Δούλους
3367 4427 3521 4491 ἰδίοις
3552 4427 3806 4488 δεσπόταις

588 4502 791 4559 Servos
844 4502 1084 4558 dominis
1117 4502 1234 4556 suis
1293 4501 1544 4557 subditos
1599 4518 1746 4567 esse,
1785 4504 1841 4558 in
1895 4507 2154 4562 omnibus

2265 4517 2659 4572 ὑποτάσσεσθαι
2696 4520 2754 4570 ὲν
2797 4520 2986 4581 πᾶσιν,
3037 4518 3372 4589 εὐαρέστους
3398 4516 3559 4581 εἶναι,
3592 4520 3661 4590 μὴ
3680 4522 3801 4572 ἀντι-

586 4596 889 4664 placentes,
919 4608 1028 4646 non
1056 4592 1519 4658 contradicentes,
1554 4608 1661 4647 non
1682 4592 2023 4661 fraudantes,
2060 4597 2156 4652 sed

584 4704 798 4741 omnem
833 4686 987 4740 ﬁdem
1046 4686 1243 4740 bonam
1298 4685 1674 4747 ostendentes,
1722 4696 1783 4741 ut
1846 4688 2154 4744 doctrinam

586 4778 888 4833 Salvatoris
918 4777 1096 4832 nostri
1131 4775 1222 4830 Dei
1255 4784 1451 4831 ornent
1478 4778 1533 4831 in
1562 4779 1843 4834 omnibus.
1882 4781 2154 4851 Apparuit

582 4870 728 4925 enim
748 4872 919 4941 gratia
942 4870 1059 4931 Dei,
1086 4869 1344 4923 salutaris
1364 4870 1623 4926 omnibus
1648 4872 1989 4938 hominibus,
2021 4890 2155 4928 crn-

583 4963 739 5017 diens
770 4978 892 5025 nos,
926 4970 983 5014 ut
1036 4962 1375 5031 abnegantcs
1418 4962 1753 5033 impietatem
1774 4973 1827 5019 et
1847 4966 2156 5032 saecularia,

583 5052 878 5115 desideria,
929 5054 1132 5116 sobrie,
1166 5064 1219 5108 ct
1252 5053 1422 5123 justo,
1474 5063 1529 5109 et
1566 5055 1652 5124 pie
1689 5056 1939 5112 vivamus
1974 5059 2029 5111 in
2064 5060 2166 5115 hoc

584 5146 807 5206 smcnlo,
857 5152 1243 5213 exspectantes
1300 5146 1518 5199 beatam
1567 5160 1721 5214 spem
1756 5155 1810 5200 et
1856 5146 2152 5205 adventum

584 5234 773 5304 gloria:
804 5236 989 5307 magni
1017 5233 1111 5290 Dei
1134 5246 1189 5290 et
1230 5234 1536 5291 Salvatoris
1597 5237 1768 5289 nostri
1805 5235 1936 5292 Jesu
1990 5241 2151 5295 Chri-

585 5328 676 5382 sti.
716 5346 734 5379 ι

2265 4611 2539 4678 λέγοντας,
2600 4610 2733 4680 μηδὲ
2774 4610 3215 4681 νοσφιζομένους,
3252 4612 3386 4664 ἀλλά
3438 4613 3620 4666 πίστιν
3658 4614 3803 4665 πᾶσιν

2266 4702 2744 4772 ἐπιδεικνυμένους
2799 4702 3033 4773 ἀγαθὴν,
3070 4703 3160 4756 ἵνα
3207 4705 3305 4773 τὴν
3356 4704 3702 4759 διδασκαλίαν
3730 4702 3801 4756 τοῦ
3840 4714 3850 4757 ':

2267 4795 2519 4866 Σωτῆρος
2545 4793 2704 4865 ἡμῶν
2732 4794 2868 4847 Θεοῦ
2909 4795 3191 4865 κοσμῶσιν
3235 4797 3293 4849 ἐν
3333 4800 3518 4851 πᾶσιν.
3565 4796 3802 4864 Ἐπεφάνη
3835 4776 3849 4821 τ

2266 4888 2373 4958 γὰρ
2401 4890 2432 4957 ἡ
2468 4888 2631 4957 χάρις
2662 4888 2755 4940 τοῦ
2780 4887 2916 4940 Θεοῦ
2955 4889 2987 4959 ἡ
3022 4891 3289 4959 σωτήριος
3312 4876 3478 4945 πᾶσιν
3510 4892 3802 4963 ἀνθρώποις,

2267 4978 2600 5033 παιδεύουσα
2652 4982 2819 5051 ἡμᾶς,
2879 4982 2967 5034 ἵνα
3002 4984 3375 5054 ἀρνησάμενοι
3425 4986 3526 5055 τὴν
3564 4984 3802 5047 ἀσέϐειαν,

2265 5071 2361 5122 καὶ
2391 5071 2489 5133 τάς
2506 5072 2777 5142 κοσμικὰς
2802 5073 3121 5144 ἐπιθυμίας,
3152 5078 3451 5147 σωφρόνως
3479 5079 3574 5131 καὶ
3597 5078 3802 5137 δικαίως,

2265 5162 2359 5213 καὶ
2396 5163 2636 5227 εὐσεϐῶς
2659 5165 2916 5236 ζήσωμεν
2946 5170 3002 5219 ἐν
3028 5167 3107 5237 τῷ
3147 5168 3243 5220 νῦν
3266 5169 3445 5234 αἰῶνι,
3479 5166 3802 5239 προσδεχομέο

2265 5273 2386 5317 νους
2414 5256 2510 5326 τὴν
2553 5260 2832 5329 μακαρίαν
2878 5262 3087 5327 ἐλπίδα,
3123 5263 3219 5314 καὶ
3266 5264 3590 5331 ἐπιφάνειαν
3620 5264 3704 5331 τῆς
3733 5260 3799 5311 δόο

2266 5347 2362 5418 ξης
2397 5352 2491 5403 τοῦ
2530 5353 2768 5420 μεγάλου
2811 5354 2968 5420 Θεοῦ,
3027 5356 3116 5409 καὶ
3157 5357 3414 5427 Σωτῆρος
3462 5357 3614 5425 ἡμῶν
3656 5350 3795 5423 Ἰησοῦ

2266 5442 2526 5512 Χριστοῦ.
2571 5465 2587 5495 ι

660 5506 703 5571 έ-
1562 5498 1567 5501 ’
2098 5498 2328 5603 NOTAE:

842 5616 952 5700 Ter
1014 5622 1421 5700 .li'cgtwazor.
1479 5621 1859 5700 Theodorctns
1928 5633 2153 5699 perinde

586 5686 967 5767 Callintaclinm
995 5688 1149 5767 dicit;
1168 5686 1562 5767 Chrysostomo
1592 5711 1740 5760 vero,
1762 5686 2151 5767 Epiménidem}

583 5756 676 5819 qui
701 5769 831 5809 sane
860 5756 1135 5812 Cretensis
1173 5756 1298 5827 fuit,
1327 5771 1380 5816 et
1402 5763 1560 5834 cujus
1590 5756 1746 5823 voces
1772 5756 2034 5838 quasdam
2070 5756 2153 5828 re;

2261 5644 2418 5709 citat,

2263 5710 2483 5771 Paulus'
2501 5718 2742 5790 allegat.)

2451 5662 2571 5720 qua;
2612 5656 2789 5705 tamen
2854 5668 2961 5709 non
3022 5654 3155 5710 satis
3217 5652 3337 5709 illas
3393 5654 3629 5709 referunt
3685 5660 3794 5720 quas
