3910 6400
72 348 219 420 ⁵1329

1114 340 1197 409 1N
1240 332 1478 409 EPIST.
1523 350 1620 408 AD
1653 342 2181 411 PHILEMONEM.

3192 335 3327 410 1030

157 472 218 523 El
252 469 360 541 γάρ
395 469 683 540 συμϐαίνει
721 469 955 537 γυναῖκα
1005 464 1201 534 πιστὴν
1237 463 1450 532 ἀπίστῳ
1494 480 1648 516 συνοιη

1834 454 1968 518 Nam
1993 464 2038 519 si
2096 464 2369 537 contingit
2405 475 2461 521 ut
2496 485 2634 526 uxor
2664 468 2862 533 ﬁdelis,
2895 480 3017 537 qua!
3047 479 3171 519 cum
3208 464 3329 516 viro

81 561 300 624 κοῦσαν,
334 561 408 631 μὴ
438 556 576 614 εἶναι
595 560 872 632 ἐνάρετον,
900 559 935 629 ἡ
961 555 1279 627 βλασφημία
1297 557 1388 608 ἐπὶ
1410 555 1500 607 τὸν
1522 554 1653 607 Θεὸν

79 652 371 705 διαϐαίνειν
401 652 609 706 εἴωθεν.

151 762 169 793 ι
212 744 310 805 Ὃς
351 743 550 796 ἔδωκεν
594 743 786 796 ἑαυτὸν
817 742 957 811 ὑπὲρ
993 740 1167 811 ἡμῶν,
1194 741 1282 793 ἴνα
1305 739 1651 809 λυτρώσηται

82 835 219 910 ὑμᾶς
245 834 354 887 ἀπὸ
382 836 563 905 πάσης
593 836 848 904 ἀνομίας,
875 836 968 887 καὶ
1005 832 1285 903 καθαρίσῃ
1316 832 1495 901 ἐαυτῷ
1523 831 1652 883 λαὸν

80 924 410 992 περιούσιον,
454 923 705 994 ζηλωτὴν
758 924 942 978 καλῶν
998 924 1195 995 ἔργων.
1244 922 1428 975 Ταῦτα
1478 921 1648 985 λάλει,

81 1015 170 1067 καὶ
217 1015 551 1085 παρακάλει,
589 1018 683 1069 καὶ
734 1016 921 1086 ἔλεγχε
977 1016 1114 1085 μετὰ
1153 1014 1337 1083 πάσης
1359 1014 1647 1083 ἐπιταγῆς.

78 1104 284 1174 Μηδείς
317 1123 413 1159 σου
446 1109 869 1179 περιφρονείτω.
910 1129 928 1159 ι
1188 1092 1191 1095 Δ

711 1202 961 1253 ΚΕΨΑΛ.
998 1199 1070 1251 Γ⁹.

152 1309 170 1341 ι
204 1290 621 1360 Ὑπομίμνησκε
655 1292 848 1353 αὐτοῦς
873 1294 1085 1361 ἀρχαῖς,
1118 1291 1212 1344 καὶ
1235 1291 1503 1356 ἐξουσίαις
1528 1290 1651 1344 ὑπο-

78 1379 393 1443 τάσσεσθαι,
418 1380 758 1450 πειθαρχεῖν,
791 1381 927 1451 πρὸς
952 1384 1059 1433 πᾶν
1088 1381 1250 1451 ἔργον
1274 1382 1479 1450 ἀγαθὸν
1510 1381 1648 1435 ἑτοί-

81 1487 210 1537 μους
244 1467 406 1535 εἶναι,
442 1472 644 1540 μηδένα
667 1472 1029 1541 βλασφημεῖν,
1054 1474 1303 1543 ἀμάχους
1330 1470 1489 1539 εἶναι,
1524 1476 1646 1526 ἐπι-

76 1565 262 1624 εικεῖς,
314 1564 494 1615 πᾶσαν
530 1561 973 1632 ἐνδεικνυμένους
1005 1564 1290 1633 πραότητα
1342 1564 1478 1633 πρδς
1516 1563 1649 1616 πάν-

75 1670 170 1715 τας
195 1652 540 1723 ἀνθρώπους.
582 1649 768 1722 Ἦμεν
799 1655 907 1723 γάρ
935 1670 1065 1706 ποτε
1085 1654 1181 1708 καὶ
1213 1656 1375 1724 ἡμεῖς
1405 1654 1646 1725 ἀνόητοι,

75 1744 343 1809 ἀπειθεῖς,
389 1742 757 1813 πλανώμενοι,
807 1744 1156 1808 δουλεύοντες
1199 1747 1649 1818 ἐπιθυμίαιςκαὶ

75 1834 293 1903 ἡδοναῖς
331 1834 622 1898 ποικίλαις,
664 1837 721 1887 ἐν
770 1836 958 1905 κακίᾳ,
998 1836 1092 1890 καὶ
1142 1836 1320 1907 φθόνῳ
1351 1838 1650 1905 διάγοντες,
1687 1829 1727 1882 Β

78 1926 355 1994 στυγητοί,
398 1926 685 1995 μισοῦντες
719 1925 999 1995 ἀλλήλους.
1036 1928 1168 1981 ”()τε
1198 1927 1251 1980 δὲ
1285 1930 1316 1997 ἡ
1347 1929 1651 1997 χρηστότης

74 2018 167 2069 καὶ
184 2019 217 2085 ἡ
239 2017 621 2086 φιλανθρωπία
650 2017 896 2087 ἐπεφάνη
918 2017 1011 2070 τοῦ
1037 2018 1191 2087 Σωτῆ
1202 2035 1291 2087 ρος
1310 2018 1469 2088 ἡμῶν
1491 2018 1648 2083 Θεοῦ,

74 2111 169 2163 οὐκ
216 2110 283 2174 ἐξ
326 2110 504 2180 ἔργων
550 2112 657 2162 τῶν
714 2113 771 2163 ἐν
822 2111 1139 2181 δικαιοσύνῃ
1190 2106 1264 2163 ὧν
1313 2114 1651 2182 ἐποιήσαμεν

74 2199 257 2271 ἡμεῖς,
294 2201 429 2253 ἀλλὰ
468 2202 610 2254 κατὰ
640 2203 702 2253 τὸ
728 2202 922 2254 ἐαυτοῦ
958 2203 1105 2265 ἕλεος
1132 2203 1335 2257 ἔσωσεν
1364 2204 1532 2273 ἡμᾶς,
1562 2203 1652 2256 διά

71 2292 301 2363 λουτροῦ
334 2294 776 2361 παλιγγενεσίας,
810 2294 905 2347 καὶ
953 2295 1375 2357 ἀνακαινώσεως
1403 2295 1653 2364 Πνεῦμα-

72 2400 159 2446 τος
188 2384 372 2451 ἁγίου,
404 2377 463 2436 οῦ
486 2385 699 2453 ἐξέχεεν
734 2386 817 2455 ἐφ’
845 2387 993 2456 ἡμᾶς
1037 2387 1306 2450 πλουσίως
1346 2388 1433 2441 διὰ
1477 2387 1651 2459 Ἰησοῦ

72 2473 313 2542 Χριστοῦ
362 2473 456 2527 τοῦ
497 2474 750 2546 Σωτῆρος
793 2478 971 2545 ἡμῶν,
1016 2477 1103 2529 ἵνα
1148 2477 1534 2541 δικαιωθέντες
1584 2481 1650 2549 τῇ

74 2567 286 2618 ἐκείνου
329 2568 528 2637 χάριτι,
578 2568 907 2639 κληρονόμοι
975 2568 1266 2639 γενώμεθα
1310 2568 1430 2620 κατ’
1459 2568 1653 2621 ἐλπίδα

73 2657 214 2727 ζωῆς
272 2661 515 2713 αἰωνίου.
577 2662 831 2724 Πιστὸςὸ
870 2661 1025 2729 λόγος
1056 2679 1068 2693 ·
1112 2661 1206 2715 καὶ
1260 2662 1389 2732 περὶ
1445 2662 1652 2713 τούτων

75 2751 337 2821 βούλομαί
365 2769 423 2803 σε
458 2752 830 2821 βεϐαιοῦσθαι,
859 2754 945 2806 ἵνα
993 2753 1324 2823 φροντίζωσι
1352 2752 1533 2805 καλῶν
1557 2754 1649 2821 ἕρ-

71 2858 178 2908 γων
215 2841 581 2910 προΐστασθαι
614 2844 661 2894 οἱ
705 2844 1128 2905 πεπιστευκότες
1155 2842 1295 2912 Θεῷ.
1324 2842 1509 2899 Ταῦτά
1536 2843 1653 2895 ἐστι

72 2934 208 2986 καλὰ
240 2933 339 2985 καὶ
370 2932 622 3001 ὠφέλιμα
651 2936 763 2993 τοῖς
796 2934 1126 3004 ἀνθρώποις.
1160 2934 1369 3005 Μωρὰς
1401 2935 1456 2987 δὲ
1492 2933 1653 3004 ζητὴ-

71 3036 180 3083 σεις
203 3022 305 3073 καὶ
328 3020 706 3089 γενεαλογίας,
744 3025 840 3075 καὶ
872 3023 1039 3093 ἕρεις,
1071 3025 1166 3077 καὶ
1199 3026 1379 3095 μάχας
1418 3008 1649 3095 νομικὰς

70 3111 420 3179 περιίστασο.
448 3110 571 3163 Εἰσὶ
600 3114 708 3182 γάρ
735 3112 1033 3181 ἀνωφελεῖς
1075 3116 1169 3167 καὶ
1201 3115 1443 3184 μάταιοι.
1484 3115 1649 3185 Αἱρε-

1766 551 1968 608 iulideli
2002 555 2235 623 habitat,
2268 558 2458 612 virtuti
2496 575 2602 615 non
2634 562 2724 617 det
2749 573 2970 627 operam
2991 597 3005 619 ,
3047 557 3329 610 obtrecta-

1762 646 1835 699 tio
1862 657 1913 699 et
1944 646 2285 716 blasphemia
2316 650 2371 704 in
2400 650 2567 705 Deum
2602 652 2777 721 ipsum
2809 648 3118 704 redundare
3148 647 3309 701 solet.

1835 736 1999 794 Vens.
2034 741 2224 805 ΗΑΒ.
2265 759 2283 790 ι
2322 741 2425 807 Qui
2458 744 2606 798 dedit
2640 744 2996 811 semetipsum
3027 755 3125 810 pro
3151 739 3331 802 nobis,

1758 837 1818 882 ut
1852 830 2146 885 redimeret
2187 846 2288 886 nos
2321 832 2390 884 ab
2420 835 2567 886 omni
2594 833 2908 902 iniquitate,
2946 844 2999 885 et
3031 830 3328 883 mundaret

1759 921 1859 975 sibi
1912 923 2171 993 populum
2214 924 2631 991 acceptabilem,
2680 931 3011 979 sectatorem
3059 922 3333 975 bonorum

1757 1027 2006 1082 operum.
2044 1013 2171 1069 llarc
2201 1015 2446 1084 loquere,
2479 1024 2533 1069 et
2563 1016 2882 1079 exhortare,
2910 1024 2964 1069 et
2994 1027 3171 1083 argue
3204 1027 3329 1067 cum

1757 1108 1904 1162 omni
1950 1107 2204 1178 imperio.
2245 1107 2414 1162 Nemo
2449 1118 2500 1163 te
2539 1114 2876 1162 contemnat.
2923 1125 2942 1157 ι

2453 1202 2612 1257 CAP.
2650 1203 2729 1257 Ill.

1828 1292 1995 1351 Vens.
2031 1294 2182 1349 l-l5.
2219 1295 2495 1350 «Admone
2535 1296 2657 1348 illos
2694 1293 3038 1364 principibus
3066 1299 3120 1346 et
3176 1298 3333 1360 pote-

1758 1387 1999 1440 statibus
2037 1385 2288 1441 subditos
2312 1402 2458 1449 esse.
2483 1386 2633 1440 dicto
2654 1386 2899 1448 obedire,
2932 1384 2997 1437 ad
3016 1396 3179 1435 omne
3193 1395 3332 1450 opus

1757 1478 1968 1530 bonum
2004 1487 2227 1547 paratos
2260 1494 2403 1543 esse,
2459 1478 2734 1532 neminem
2765 1476 3170 1545 blaspltcmare.
3220 1486 3331 1524 non

1756 1568 2034 1637 litigiosos
2073 1584 2219 1635 esse,
2254 1570 2348 1625 sed
2384 1569 2685 1636 modestos,
2716 1582 2934 1621 omnem
2974 1564 3333 1620 ostendentes

1757 1659 2232 1714 mansuetudinem
2265 1661 2332 1714 ad
2364 1676 2555 1715 omnes
2585 1660 2858 1713 homines.
2914 1657 3147 1710 Eramns
3176 1654 3327 1709 enim

1758 1749 2057 1818 aliquando
2086 1759 2142 1803 et
2177 1750 2661 1821 nos‘insipientes,
2696 1747 2987 1813 increduli,
3037 1752 3322 1807 errantes,

1757 1841 2063 1895 servientes
2116 1841 2411 1897 desideriis
2464 1851 2519 1895 et
2581 1839 2963 1909 voluptatibus
3015 1838 3213 1901 variis,
3271 1837 3329 1889 in

1756 1931 1962 1985 malitia
1994 1941 2050 1987 et
2081 1932 2286 1989 invidia
2324 1939 2570 2002 agentes,
2613 1932 2869 1991 odibiles.
2904 1930 3156 1984 odientes
3193 1928 3332 1981 invi-

1755 2039 1894 2080 cem.
1932 2025 2067 2079 Cum
2122 2034 2305 2082 autem
2347 2026 2661 2095 benignitas
2708 2032 2761 2076 ct
2797 2024 3113 2077 humanitas
3162 2037 3332 2091 appa-

1754 2114 1868 2167 ruit
1909 2112 2216 2170 Salvatoris
2269 2114 2446 2169 nostri
2478 2113 2570 2168 Dei
2598 2130 2706 2167 non
2738 2130 2802 2168 ex
2833 2111 3335 2183 operibusjusﬁtim

1754 2220 1877 2273 quae
1928 2205 2160 2260 fecimus
2197 2221 2321 2270 nos,
2366 2207 2460 2259 sed
2526 2205 2828 2259 secundum
2895 2202 3333 2257 misericordiam

1755 2312 1910 2351 suam
1942 2298 2122 2352 salvos
2146 2313 2249 2352 nos
2271 2296 2397 2351 fecit
2428 2312 2524 2365 per
2562 2297 2838 2350 lavacrum
2894 2294 3333 2365 regenerationis

1761 2396 1815 2441 et
1878 2386 2256 2441 renovationis
2306 2386 2543 2457 Spiritus
2577 2386 2774 2449 sanai,
2811 2401 2972 2455 quem
3043 2384 3236 2439 eﬂ'udit
3278 2385 3332 2437 in

1755 2489 1857 2529 nos
1890 2476 2107 2530 abunde
2154 2491 2253 2545 per
2302 2475 2483 2531 lesum
2519 2476 2795 2530 Christum
2835 2475 3173 2531 Salvatorem
3230 2490 3332 2530 no-

1754 2574 1953 2630 strum,
2008 2575 2063 2621 ut
2092 2566 2379 2636 iustiﬁcati
2422 2567 2596 2637 gratia
2632 2566 2821 2635 ipsius,
2863 2566 3104 2621 hmredes
3157 2565 3332 2621 simus

1754 2658 2057 2711 secundum
2092 2673 2246 2727 spem
2280 2657 2402 2711 vitae
2463 2667 2703 2711 aeternae.
2762 2656 2965 2710 Fidelis
2991 2670 3173 2710 sermo
3204 2662 3329 2721 est;

1752 2760 1809 2803 et
1838 2747 1905 2803 de
1939 2748 2023 2802 his
2056 2748 2179 2802 volo
2210 2759 2263 2804 te
2286 2750 2639 2811 conlirmare,
2677 2754 2736 2800 ut
2764 2754 2958 2801 curent
2988 2746 3147 2801 bonis
3188 2760 3324 2816 ope-

1752 2841 1906 2895 ribus
1934 2856 2189 2909 praeesse,
2221 2840 2315 2909 qui
2344 2839 2578 2893 credunt
2612 2838 2762 2893 .Deo.
2796 2840 2922 2891 Haec
2956 2837 3246 2893 suntbona
3276 2846 3333 2891 et

1760 2933 1919 2987 utilia
1951 2933 2287 2986 hominibus.
2313 2931 2517 2986 Stultus
2551 2939 2734 2986 autem
2766 2931 3124 3001 quaestiones,
3158 2939 3211 2984 et
3244 2945 3335 3000 ge-

1754 3024 2058 3094 nealogias,
2093 3032 2149 3079 et
2178 3024 2584 3088 contentiones,
2620 3030 2674 3078 et
2700 3038 2913 3093 pugnas
2962 3023 3093 3093 legis
3119 3022 3331 3089 devita;

1756 3123 1885 3169 sunt
1939 3116 2082 3170 enim
2116 3114 2341 3170 inutiles
2368 3123 2421 3169 et
2450 3130 2621 3169 vanae.
2678 3112 3003 3169 llaereticum
3053 3114 3332 3169 hominem

65 3202 214 3254 τικὸν
240 3201 533 3272 ἄνθρωπον
572 3203 710 3273 μετὰ
750 3204 880 3273 μίαν
925 3206 1020 3258 καὶ
1062 3205 1325 3276 δευτέραν
1364 3205 1648 3259 νουθεσίαν

1760 3216 1882 3280 post
1942 3222 2107 3262 unam
2160 3214 2217 3262 et
2268 3207 2569 3263 secundam
2628 3206 3035 3277 correptionem
3095 3206 3330 3262 devita:

68 3294 362 3363 παραιτοῦ,
421 3294 578 3359 εἰδὼς
606 3296 689 3349 ὅτι
741 3295 1107 3366 ἐξέστραπται
1158 3299 1187 3349 ὁ
1225 3296 1490 3360 τοιοῦτος,
1556 3297 1652 3349 καὶ

66 3385 398 3456 ἁμαρτάνει,
432 3384 509 3439 ὣν
546 3387 1032 3459 αὐτοκατάκριτος.
1068 3390 1235 3442 Ὅταν
1270 3389 1471 3460 πέμψω
1522 3390 1649 3459 Ἀρ-

67 3478 239 3547 τιμᾶν
291 3476 427 3547 πρὸς
458 3477 538 3543 σὲ,
576 3478 609 3550 ἡ
645 3479 903 3549 Τυχικδν,
948 3480 1255 3535 σπούδασον
1305 3481 1483 3535 ἐλθεῖν
1512 3480 1650 3551 πρός

69 3585 132 3635 με
155 3568 239 3632 τίς
268 3566 584 3623 Νικόπολιν.
620 3566 770 3621 Ἐκεῖ
799 3568 909 3641 γὰρ
934 3570 1169 3640 κέκρικα
1202 3570 1647 3641 παραχειμάσαι.

66 3661 245 3732 Ζηνᾶν
298 3662 394 3715 τὸν
429 3661 661 3731 νομικδν
713 3662 809 3715 καὶ
853 3662 1098 3717 Ἀπολλὼ
1146 3664 1456 3727 σπουδαίως
1510 3662 1647 3735 πρό-

65 3755 310 3826 πεμψον,
350 3754 441 3808 ῖνα
480 3754 650 3826 μηδὲν
687 3754 873 3820 αὐτοῖς
908 3754 1095 3830 λείπῃ.
1126 3755 1567 3811 Μανθανέτωσαν
1592 3755 1651 3810 δὲ

66 3846 155 3899 καὶ
191 3847 246 3899 οἱ
299 3846 565 3918 ἡμέτεροι
608 3847 792 3902 καλῶν
823 3848 1001 3921 εργων
1032 3849 1401 3921 προΐστασθαι
1437 3849 1520 3913 εἰς
1550 3848 1651 3913 τὰς

66 3936 379 4007 ἀναγκαίας
436 3939 649 4009 χρείας.
688 3940 775 3992 ἵνα
836 3941 910 4010 μὴ
956 3934 1091 3993 ὦσιν
1126 3942 1393 4012 ἄκαρποι.
1442 3940 1650 3995 Ἀσπά-

68 4029 249 4092 ζονταί
286 4044 347 4081 σε
376 4031 425 4082 οἱ
465 4031 583 4099 μετ’
612 4030 746 4099 ἐμοῦ
795 4032 1021 4095 πάντες.
1056 4034 1343 4087 Ἄσπασαι
1382 4033 1507 4095 τοὺς
1561 4048 1651 4102 φι-

64 4119 291 4184 λοῦντας
305 4122 454 4190 ἡμᾶς
480 4123 538 4174 ἐν
562 4122 762 4177 πίστει.
801 4122 863 4175 Ἢ
884 4124 1041 4194 χάρις
1066 4124 1204 4193 μετὰ
1222 4124 1442 4179 πάντων
1468 4124 1643 4194 ὑμῶν.

75 4210 128 4260 ’Λ
138 4214 213 4281 μί,
222 4232 248 4264 ν
258 4250 272 4263 .

63 4303 218 4369 Πρὸς
256 4304 449 4367 Τίτον,
481 4304 591 4372 τῆς
621 4303 871 4372 Κρητῶν
896 4305 1235 4371 ἐκκλησίας
1268 4305 1505 4374 πρῶτον
1521 4306 1649 4359 ἐπί-

132 4388 379 4444 σκοπον
416 4374 929 4441 χειροτονηθέντα,
965 4374 1195 4444 ἐγράφη
1242 4376 1363 4432 ἀπὸ
1390 4378 1646 4430 Νικοπό-

128 4446 289 4507 λεως
315 4443 426 4512 τῆς
448 4444 848 4509 Μακεδονίας.
874 4443 1237 4513 Στίχωνίχζκ

1754 3301 1937 3355 sciens
1970 3297 2101 3370 quia
2152 3298 2467 3355 subversus
2521 3306 2631 3363 est,
2666 3298 2764 3369 qui
2820 3297 3096 3369 ejusmodi
3137 3308 3245 3363 cst,
3280 3309 3336 3354 et

1752 3392 2043 3462 delinquit,
2080 3407 2207 3446 cum
2250 3392 2325 3455 sit
2351 3391 2579 3463 proprio
2632 3389 2846 3461 judicio
2909 3389 3331 3448 condemnatus.

1752 3484 1891 3539 Cum
1922 3482 2129 3537 misero
2154 3480 2225 3536 ad
2263 3490 2317 3537 te
2340 3482 2624 3536 Artemam
2657 3488 2750 3535 aut
2775 3480 3103 3551 Tychicum,
3128 3480 3329 3537 lestina

1752 3571 1821 3626 ad
1849 3586 1935 3627 me
1963 3570 2155 3628 venire
2186 3569 2493 3641 Nicopolim
2528 3587 2543 3625 :
2584 3568 2661 3624 ibi
2683 3568 2833 3625 enim
2866 3569 3036 3625 statui
3063 3568 3333 3627 hiemare.

1752 3663 1959 3720 lenam
2013 3661 2393 3733 legisperitum
2428 3670 2486 3717 et
2542 3660 2741 3732 Apollo
2771 3659 3010 3716 sollicite
3034 3660 3333 3732 pramitte,

1751 3762 1814 3810 ut
1838 3753 1979 3811 nihil
2019 3752 2134 3810 illis
2163 3751 2330 3809 desit.
2373 3750 2597 3808 Discant
2636 3761 2822 3808 autem
2854 3758 2910 3807 et
2940 3752 3119 3808 nostri
3155 3752 3318 3810 bonis

1749 3846 2015 3919 operibus
2082 3861 2321 3919 praeesse
2349 3844 2418 3901 ad
2461 3860 2597 3902 usus
2639 3842 3008 3911 necessarios,
3046 3858 3161 3901 non
3220 3845 3339 3902 sint

1757 3937 2119 3996 infructuosi.
2178 3935 2435 3993 Salutant
2468 3943 2523 3993 te
2552 3935 2649 4007 qui
2671 3949 2893 3993 mecum
2926 3943 3058 3992 sunt
3114 3950 3332 3993 omnes.

1752 4028 1947 4087 Saluta
1979 4045 2077 4087 eos
2113 4031 2211 4101 qui
2238 4044 2345 4086 nos
2374 4037 2563 4085 amant
2590 4028 2649 4086 in
2682 4025 2810 4085 ﬁde.
2838 4024 3031 4084 Gratia
3060 4023 3159 4085 Dei
3190 4041 3318 4085 cum
3388 4100 3396 4106 ἢ

1748 4123 2006 4179 omnibus
2046 4121 2224 4179 vobis.
2263 4124 2462 4178 Amen.
2498 4139 2519 4174 ι

1822 4304 1903 4358 Ad
1935 4305 2130 4367 Titum,
2156 4305 2245 4374 qui
2270 4306 2472 4373 primus
2500 4304 2671 4361 Cretce
2718 4302 3015 4374 episggpus
3047 4303 3329 4357 ordinatus

1751 4376 1875 4443 fuit,
1911 4370 2433 4445 l'Ipistola'Nt'copoli
2465 4390 2529 4427 ex
2561 4370 2773 4428 civitate
2822 4370 3157 4429 Macedoniae
3191 4374 3331 4426 scri-

1751 4456 1843 4513 pta
1874 4458 1973 4500 est.
2018 4446 2266 4499 Versibus
2305 4446 2393 4499 97.

719 4814 890 4899 ΕΙΣ
966 4788 1604 4898 ΕΠΙΣΤΟΑΗΝ
1671 4812 1959 4897 ΠΡΟΣ
2062 4808 2687 4897 ΦΙΛΗΜΟΝΑ.

1671 5022 1738 5029 -ι-

1688 5166 1836 5251 AD
1976 5165 2831 5257 PHILEMONEM.

613 5167 735 5253 ΙΝ
860 5152 1549 5255 ἘΡΙΞΤΟΙΑΜ

124 5486 142 5515 ι
185 5463 405 5526 Παῦλος
436 5464 654 5533 δέσμιος
696 5464 871 5535 Ἰησοῦ
924 5465 1184 5535 Χριστοῦ,
1239 5468 1333 5519 καὶ
1378 5469 1641 5537 Τιμόθεος

1820 5472 1980 5542 273
2006 5471 2172 5527 Vens.
2204 5472 2331 5527 1-3.
2359 5491 2376 5522 ι
2396 5471 2597 5526 Paulus
2618 5472 2831 5527 vinctus
2858 5470 3061 5527 Christi
3089 5471 3238 5532 Jesu.
3274 5481 3331 5531 et

53 5558 77 5605 ό
97 5556 352 5624 ἀδελφὸς,
371 5555 633 5625 Φιλήμονι
656 5556 733 5626 τῷ
756 5557 1025 5627 ἀγαπητῴ
1056 5559 1148 5610 καὶ
1176 5559 1422 5628 συνεργῷ
1459 5562 1637 5629 ἡμῶν,

55 5649 143 5699 καὶ
190 5648 403 5719 Ἀπφίᾳ
423 5651 489 5720 τῇ
519 5651 802 5720 ἀγαπητῇ,
827 5650 919 5701 καὶ
962 5650 1248 5719 ’Λρχίππῳ
1292 5651 1370 5718 τῷ
1401 5669 1638 5721 συστρα-

53 5739 219 5812 τιώτῃ
258 5741 435 5810 ἡμῶν,
472 5744 566 5794 καὶ
627 5744 692 5813 τῇ
756 5743 1085 5815 κατοικούσῃ
1139 5744 1453 5815 Ἐκκλησία,
1480 5748 1642 5815 χάρις

1752 5563 2072 5619 Timotheus
2102 5565 2288 5629 frater,
2313 5562 2621 5617 Philemoni
2654 5562 2855 5617 dilecto
2885 5571 2938 5618 et
2962 5563 3201 5633 adjutori
3231 5580 3330 5619 no-

1747 5666 1883 5719 stro,
1914 5654 2208 5726 etApphiaa
2229 5654 2407 5710 sorori
2428 5653 2855 5717 charissimre,et
2877 5652 3154 5725 Archippo
3180 5669 3328 5707 com-

1749 5746 1984 5801 militoni
2030 5755 2242 5810 nostro,
2277 5755 2328 5799 et
2362 5745 2621 5809 Ecclesiae
2652 5761 2774 5815 quze
2809 5746 2860 5800 in
2896 5747 3059 5802 domo
3092 5756 3181 5801 tua
3224 5755 3327 5807 est.
