3910 6418
558 307 693 398 1031

1751 321 1810 379 S.
1851 319 2171 380 JOANNIS
2197 319 2629 380 DAMASCENI

3673 315 3788 378 1032

555 440 728 513 gratia
780 437 938 493 vobis
998 441 1053 490 et
1106 449 1209 505 pax
1246 449 1276 489 a
1331 433 1440 487 Deo
1477 433 1638 486 Patre
1669 441 1720 486 et
1750 432 1976 487 Domino
2006 432 2127 487 Jesn

2241 432 2371 500 ὑμῖν
2405 432 2501 486 καὶ
2525 433 2715 502 εἰρήνη
2747 430 2853 483 ἀπὸ
2883 429 3017 482 Θεοῦ
3050 428 3264 499 Πατρος
3306 427 3400 479 καὶ
3426 425 3631 496 Κυρίου
3657 429 3790 496 ἡμὲν

554 533 800 588 Christo.
860 549 877 581 ι
1202 585 1210 592 ,
1576 585 1586 595 .

622 622 743 679 Non
771 621 928 676 initio
942 617 1127 675 statim
1144 617 1373 689 gratiam
1389 616 1650 688 postulat,
1674 616 1770 672 sed
1787 617 1962 673 Virum
1982 617 2134 688 prius

555 709 915 765 admiratione
943 703 1300 777 prosequitur
1334 715 1388 758 et
1415 703 1601 758 laudat
1624 703 1694 758 ob
1723 705 1974 774 egregias
2028 718 2134 757 ac—

555 804 756 858 tiones.
806 798 1133 852 charitatem
1178 793 1325 850 illius
1362 795 1687 864 praedicans,
1723 804 1776 850 et
1801 795 1956 850 fidem
2007 810 2133 866 erga

555 891 871 955 Dominum,
947 902 1056 960 qua
1114 887 1330 942 cunctis
1402 886 1609 942 sanctis
1667 887 2130 941 communicaret.

624 1072 792 1128 Vens.
817 1071 973 1125 4-20.
1025 1088 1045 1122 α
1077 1069 1270 1126 Gratia
1303 1083 1404 1138 ago
1458 1067 1567 1123 Deo
1619 1082 1742 1122 meo
1774 1083 1990 1136 semper
2022 1082 2133 1123 me-

553 1165 787 1219 moriam
830 1163 912 1216 tui
972 1159 1182 1216 faciens
1240 1160 1296 1214 in
1331 1158 1678 1214 orationibtts
1704 1159 1871 1221 meis,
1903 1157 2130 1213 audietis

553 1254 874 1310 charitatem
916 1260 1064 1307 tuam
1101 1263 1154 1307 et
1185 1251 1371 1314 fidem,
1402 1265 1569 1321 quam
1597 1250 1770 1307 habes
1812 1251 1864 1304 in
1900 1248 2131 1305 Domino

548 1346 705 1413 Jesu,
733 1347 867 1400 etin
907 1357 1101 1399 omnes
1130 1351 1391 1408 sanctos;
1432 1348 1492 1394 ut
1529 1339 1960 1395 communicatio
2004 1336 2129 1395 ﬁdei

550 1444 657 1491 tua:
691 1434 918 1491 evidens
957 1432 1053 1487 ﬁat
1116 1432 1184 1492 in,
1209 1429 1491 1502 agnitione
1543 1429 1725 1485 omnis
1765 1431 1949 1494 operis
1979 1429 2129 1495 boni,

549 1527 696 1598 quod
734 1535 819 1582 est
854 1525 909 1580 in
955 1523 1114 1580 vobis
1151 1524 1206 1577 in
1239 1521 1463 1578 Christo
1492 1513 1645 1578 Iesu.
1679 1517 1950 1575 Gaudium
1983 1521 2127 1576 enim

552 1633 811 1688 magnum
840 1615 1006 1670 habui
1039 1623 1093 1670 et
1129 1613 1565 1669 consolationem
1600 1607 1653 1666 in
1685 1613 1958 1667 charitate
1988 1619 2077 1666 tua
2111 1630 2124 1665 :

549 1707 679 1780 quia
715 1708 931 1763 viscera
978 1715 1296 1762 sanctorum
1332 1704 1730 1775 requieverunt
1784 1719 1881 1774 per
1912 1712 1988 1769 te,
2024 1701 2128 1757 fra-

2253 525 2426 594 Ἰησοῦ
2455 523 2712 595 Χριστοῦ.
2743 541 2760 574 ι

2251 668 2256 672 .
2309 618 2422 668 Οὐκ
2450 615 2651 678 εὐθέως
2679 613 2743 667 ὲκ
2800 612 3102 683 προοιμίων
3145 612 3293 664 αἰτεῖ
3344 610 3442 682 τὴν
3469 609 3791 686 Iamnam

2235 689 2503 778 πρότερον
2532 707 2622 760 τὸν
2651 707 2822 777 ἄνδρα
2858 704 3130 775 θαυμάζει
3183 706 3280 757 καὶ
3332 705 3546 756 ἐπαινεῖ
3583 702 3673 754 ἐπὶ
3703 705 3792 763 τοίς

2234 797 2624 868 κατορθώμασι
2691 799 2788 868 τὴν
2840 794 3062 865 ἀγάπην
3126 795 3316 860 αὐτοῦ,
3371 796 3468 847 καὶ
3511 795 3612 864 τὴν
3638 795 3791 846 πίστιν

2232 891 2335 960 τὴν
2360 889 2496 960 πρὸς
2521 890 2612 942 τὸν
2638 888 2848 958 Κῦριον
2885 887 3146 953 ἐπαινῶν,
3176 887 3248 951 ,ἐξ
3293 881 3359 960 ἧς
3415 888 3513 940 καὶ
3547 888 3682 938 πᾶσι
3705 890 3793 946 τοῖς

2232 982 2408 1051 ἁγίοις
2442 979 2758 1044 κοινωνικὸς
2792 977 2881 1050 ἦν.

2309 1094 2327 1126 ι
2375 1072 2700 1144 Εὐχάριστῶ
2725 1073 2804 1143 τῷ
2832 1070 2950 1142 Θεῷ
2975 1069 3228 1138 πάντοτε,
3262 1071 3458 1142 μνείαν
3508 1087 3606 1124 σου
3641 1069 3793 1122 ποιού-

2234 1183 2394 1236 μενος
2453 1167 2548 1217 ἐπὶ
2597 1165 2705 1218 τῶν
2761 1163 3080 1234 προσευχῶν
3137 1180 3263 1233 μου,
3303 1161 3519 1216 ἀκούων
3572 1156 3667 1213 σου
3710 1160 3789 1231 τηρ

2231 1257 2473 1328 ἀγάπην,
2503 1255 2599 1311 καὶ
2647 1256 2745 1327 τὴν
2775 1251 2981 1321 πίστιν,
3017 1255 3084 1324 ην
3115 1252 3262 1322 ἔχεις
3295 1252 3433 1324 πρὸς
3471 1252 3571 1305 τὸν
3618 1250 3793 1321 Κύριον

2241 1348 2473 1415 Ἰησοῦν,
2507 1347 2602 1403 καὶ
2636 1348 2717 1410 είς
2739 1347 2948 1408 πάντας
2979 1346 3104 1407 τοὺς
3138 1344 3346 1412 ἁγίους,
3381 1346 3537 1406 ὅπως
3569 1346 3602 1413 ἡ
3643 1343 3795 1395 διακο-

2228 1434 2315 1492 νία
2347 1440 2445 1510 τῆς
2507 1437 2746 1502 πίστεώς
2781 1454 2874 1490 σου
2898 1436 3128 1508 ἐνεργὴς
3156 1436 3384 1506 γένηται
3436 1437 3495 1487 ὲν
3527 1433 3796 1502 ἐπιγνώσει

2229 1531 2431 1596 παντὸς
2477 1530 2686 1599 ἀγαθοῦ
2740 1529 2834 1583 τοῦ
2900 1530 2959 1582 ὲν
3017 1531 3152 1600 ἡμῖν
3181 1529 3260 1591 είς
3288 1527 3529 1596 Χριστὸν
3591 1523 3793 1595 Ἰησοῦν.

2229 1621 2405 1693 Χάριν
2462 1621 2572 1691 γάρ
2621 1619 2819 1690 ἔχομεν
2856 1618 3060 1689 πολλὴν
3087 1619 3184 1672 καὶ
3233 1616 3590 1686 παράκλησιν
3635 1615 3797 1680 irrit-ﬁ

2229 1713 2419 1790 ἀγάπῃ
2441 1733 2556 1779 σου,
2582 1716 2663 1768 ὅτι
2697 1714 2768 1768 τά
2791 1714 3081 1783 σπλάγχνα
3103 1713 3211 1765 τῶν
3234 1712 3404 1779 άγίων
3435 1707 3799 1763 ἀναπέπαυται

549 1811 655 1856 ter.
736 1796 966 1869 Propter
1024 1796 1175 1868 quod
1243 1797 1474 1851 multam
1529 1792 1782 1851 ﬁduciam
1831 1796 2040 1851 habens
2073 1796 2126 1850 in

2236 1808 2315 1862 διὰ
2342 1787 2458 1873 σοῦ,
2492 1806 2710 1875 ἀδελφέ.
2750 1805 2840 1858 Διὸ
2895 1805 3098 1876 πολλὴν
3129 1804 3202 1856 ·ὲν
3241 1802 3466 1872 Χριστῷ
3495 1801 3795 1872 παρρησίαν

548 1885 770 1947 Christo
796 1881 1266 1959 Jesu'imperandi
1296 1889 1395 1942 tibi
1428 1888 1576 1958 quod
1602 1889 1669 1942 ad
1702 1903 1816 1943 rem
1847 1887 2084 1960 pertinet
2112 1906 2125 1942 :

552 1991 779 2053 propter
824 1977 1153 2035 charitatem
1204 1981 1380 2050 magis
1414 1981 1671 2042 obsecro,
1707 1996 1833 2034 cum
1864 1981 1941 2035 sis
1974 1979 2123 2044 talis,

548 2084 611 2129 ut
641 2072 846 2128 Paulus
870 2088 1064 2138 senex,
1087 2087 1234 2125 nunc
1263 2081 1446 2126 autem
1469 2079 1525 2126 et
1553 2071 1774 2126 vinctus
1803 2069 1932 2125 Jesu
1969 2069 2130 2124 Chri-

550 2166 646 2221 sti.
685 2166 932 2220 Obsecro
965 2173 1019 2218 te
1052 2178 1152 2234 pro
1183 2165 1302 2217 meo
1345 2159 1478 2228 filio,
1513 2177 1676 2232 quem
1727 2159 1891 2231 genui
1918 2159 1972 2213 in
2003 2159 2125 2214 viu-

550 2257 716 2323 culis,
763 2253 1044 2320 Onesimo,
1083 2253 1176 2324 qui
1240 2253 1337 2308 tibi
1399 2251 1696 2324 aliquando
1747 2249 1960 2306 inutilis
1999 2250 2125 2319 fuit,

548 2366 698 2405 nunc
755 2356 936 2402 autem
969 2356 1020 2402 et
1059 2346 1190 2400 mihi
1228 2355 1281 2401 et
1335 2345 1433 2401 tibi
1488 2346 1663 2410 utilis,
1716 2361 1878 2415 quem
1938 2342 2126 2400 remisi

548 2437 670 2494 tibi.
705 2433 786 2492 Tu
822 2443 1004 2492 autem
1030 2433 1208 2501 illum,
1241 2433 1298 2488 id
1325 2444 1410 2491 est
1439 2433 1650 2489 viscera
1684 2450 1824 2496 mea,
1862 2434 2124 2503 suscipe:

547 2545 713 2600 quem
749 2542 852 2597 ego
899 2525 1182 2582 volueram
1241 2541 1457 2581 mecum
1503 2524 1771 2590 detinere,
1831 2533 1892 2579 ut
1927 2540 2028 2596 pro
2074 2531 2128 2579 te

550 2619 686 2674 mihi
719 2615 1065 2674 ministraret
1096 2617 1152 2672 in
1184 2613 1428 2672 vinculis
1478 2611 1784 2688 Evangelii.
1831 2610 1960 2670 Sine
1991 2629 2124 2670 cou-

548 2709 674 2765 silio
705 2716 890 2763 autem
938 2715 1035 2760 tuo
1066 2705 1206 2760 nihil
1236 2704 1386 2760 volui
1430 2704 1639 2772 facere,
1673 2704 1752 2758 uti
1785 2721 1852 2759 ne
1883 2705 2029 2761 velut
2058 2720 2124 2758 ex

551 2799 885 2855 necessitate
929 2795 1137 2853 bonum
1193 2805 1351 2852 tuum
1399 2807 1568 2863 esset,
1601 2796 1696 2852 sed
1729 2795 2122 2851 voluntarium.

547 2887 808 2947 Forsitan
863 2890 1012 2945 enim
1073 2886 1195 2945 ideo
1242 2887 1508 2944 discessit
1555 2887 1624 2942 ad
1659 2889 1852 2944 horam
1888 2902 1918 2941 a
1959 2897 2033 2954 te,
2071 2899 2128 2942 ut

546 2989 813 3038 aeternum
848 2980 1001 3035 illmn
1035 2980 1307 3050 reciperes
1337 2997 1351 3034 :
1381 2977 1495 3050 jam
1526 2993 1636 3034 non
1660 2987 1721 3034 ut
1753 2980 2001 3044 servum,
2031 2974 2126 3033 sed

547 3083 715 3143 supra
740 3085 961 3126 servum
988 3069 1382 3139 charissitnum
1404 3063 1661 3134 fratrem,
1689 3066 1928 3124 maxime
1953 3069 2086 3123 mihi
2110 3088 2122 3124 :

548 3163 757 3230 quanto
789 3170 971 3213 autem
1023 3157 1201 3229 magis
1243 3157 1366 3224 tibi,
1403 3167 1459 3215 et
1509 3160 1565 3214 in
1605 3175 1793 3227 carne,
1841 3168 1895 3215 et
1923 3159 1977 3215 in
2020 3160 2127 3215 Do-

551 3250 742 3309 mino?
766 3247 825 3326 Si
867 3265 999 3322 ergo
1041 3251 1216 3307 habes
1269 3266 1356 3306 me
1411 3251 1644 3317 socium,
1701 3249 1925 3322 suscipe
1976 3250 2128 3305 illum

552 3341 698 3400 sicut
731 3359 838 3398 me.
871 3341 926 3396 Si
964 3349 1146 3398 autem
1181 3341 1392 3411 aliquid
1423 3342 1616 3396 nocuit
1651 3341 1772 3405 tibi,
1811 3349 1908 3396 aut
1947 3339 2127 3405 debet,

552 3433 660 3489 hoc
690 3431 824 3488 mihi
873 3433 1103 3504 imputa.
1147 3429 1262 3502 Ego
1294 3427 1500 3486 Paulus
1528 3431 1728 3502 scripsi
1761 3445 1883 3486 mea
1919 3446 2080 3485 manu
2113 3451 2126 3486 :

551 3540 652 3596 ego
681 3523 942 3592 reddam;
986 3537 1045 3579 ut
1093 3541 1200 3580 non
1234 3523 1415 3586 dicam
1468 3526 1591 3590 tibi,
1623 3525 1770 3597 quod
1806 3532 1861 3578 ct
1892 3525 2128 3596 teipsnm

552 3611 688 3669 mihi
719 3613 907 3670 debes.
943 3613 1042 3680 lta,
1087 3614 1280 3680 frater,
1314 3631 1418 3685 ego
1452 3624 1502 3670 te
1535 3613 1690 3671 fruar
1730 3617 1782 3670 in
1823 3615 2072 3671 Domino.
2106 3635 2124 3670 ι

617 3706 728 3763 Pro
758 3723 920 3764 servo
946 3706 1166 3779 quidem
1196 3709 1460 3763 scribitur
1490 3707 1757 3779 Epistola,
1797 3703 1961 3778 idque
2003 3723 2127 3761 cum

551 3794 645 3853 ille
673 3795 1004 3868 aufugisset,
1037 3798 1150 3852 imo
1197 3798 1249 3852 cl
1276 3796 1495 3853 furatus
1536 3805 1720 3865 esset;
1769 3795 1864 3852 sed
1894 3813 1957 3852 ex
1991 3796 2132 3866 Apo-

551 3887 680 3944 'stoli
741 3889 998 3944 doctrina
1053 3882 1290 3945 fructum
1342 3891 1651 3946 retulisset.
1695 3891 1862 3962 Atqui
1913 3907 1979 3944 ex
2027 3891 2128 3944 hac

554 3980 712 4036 utilia
743 3981 912 4038 multa
944 3981 1242 4052 percipias.
1277 3975 1457 4036 Unum
1503 3981 1746 4052 quidem,
1783 3992 1837 4037 et
1869 3984 2128 4052 primum,

487 4106 492 4110 -
552 4079 808 4144 Oportere
853 4081 912 4126 ut
953 4087 1013 4128 se
1060 4072 1230 4142 aliqui
1270 4073 1536 4126 sollicitos
1578 4088 1705 4143 erga
1748 4087 1942 4126 omnes
1988 4087 2130 4142 prae-

555 4164 738 4243 beant.
772 4163 908 4218 Nam
944 4164 992 4219 si
1031 4164 1238 4218 Paulus
1286 4163 1384 4234 pro
1419 4179 1580 4219 servo
1634 4163 1865 4233 fugitivo
1894 4171 1948 4218 ct
1981 4161 2128 4228 fure,

555 4268 680 4307 cum
709 4254 754 4309 is
786 4254 1137 4324 resipuisset,
1169 4261 1387 4307 tantum
1435 4253 1832 4309 sollicitudinis
1863 4254 2128 4315 ostendit,

555 4354 764 4417 quanto
803 4346 976 4417 magis
1035 4344 1310 4400 incumbit
1357 4345 1518 4399 nobis
1568 4343 1784 4417 desides
1842 4362 1950 4399 non
1986 4361 2130 4408 esse,

2229 1898 2366 1968 ἔχων
2396 1898 2712 1951 ἐπιτάσσειν
2742 1913 2826 1949 σοι
2857 1896 2918 1949 τὸ
2946 1895 3148 1964 ἀνῆκον
3170 1893 3258 1946 διά
3286 1892 3386 1962 τὴν
3415 1893 3668 1962 ἀγάπην,
3684 1893 3798 1959 μᾶλα

2229 1991 2318 2044 λον
2353 1989 2676 2062 παρακαλῶ,
2701 1988 2943 2051 τοιοῦτος
2987 1987 3064 2040 ὢν
3095 1987 3170 2050 ὡς
3222 1985 3436 2048 Παῦλος
3481 1983 3799 2056 πρεσϐύτης.

2227 2082 2349 2137 νυνὶ
2375 2083 2430 2134 δὲ
2464 2081 2558 2135 καὶ
2583 2081 2806 2150 δέσμιος
2846 2078 3026 2150 Ἰησοῦ
3087 2076 3346 2148 Χριστοῦ.
3396 2075 3718 2148 Παρακαλῶ
3756 2092 3804 2126 σε

2230 2174 2359 2243 περὶ
2406 2173 2501 2225 τοῦ
2535 2171 2669 2242 ἐμοῦ
2718 2171 2933 2232 τέκνου,
2964 2169 3022 2222 ὃν
3054 2169 3323 2237 ἐγέννησα
3352 2169 3413 2220 ὲν
3449 2169 3569 2231 τοῖς
3608 2165 3806 2237 6:33.55;

2230 2281 2354 2334 μου,
2407 2264 2695 2332 Ὀνήσιμον
2724 2260 2814 2313 τόν
2842 2259 2974 2312 ποτέ
3009 2273 3092 2312 σοι
3145 2261 3423 2329 ἄχρηστον
3443 2299 3458 2321 ,
3494 2255 3638 2317 νυνὶ,
3661 2258 3712 2310 δὲ
3743 2259 3807 2308 σν).

2229 2356 2322 2408 καὶ
2354 2355 2476 2425 ἐμοὶ
2502 2352 2900 2425 εὖχρηστον,ὂν
2921 2351 3086 2405 ἀνεῖπε
3099 2350 3235 2422 μψα.
3268 2351 3342 2403 Σὺ
3373 2349 3437 2402 δὲ
3460 2350 3652 2413 αὐτὸν,
3676 2366 3807 2402 τουτο

2229 2447 2346 2500 ἐστι
2377 2447 2447 2499 τά
2488 2445 2597 2515 ἐμὰ
2628 2445 2933 2513 σπλάγχνα,
2990 2440 3321 2513 προσλαϐοῦ,
3351 2441 3428 2508 δν,
3463 2441 3584 2509 ἑγὼ
3615 2441 3808 2494 ἐϐουλό-

2231 2554 2337 2609 μην
2369 2537 2506 2608 πρὸς
2561 2537 2799 2606 ἐμαυτὸν
2854 2532 3125 2603 κατέχειν,
3159 2533 3248 2586 ἴνα
3291 2531 3443 2602 ὑπὲρ
3481 2531 3581 2584 σοῦ
3610 2533 3809 2598 διακονῇ

2231 2646 2320 2699 μοι
2345 2630 2405 2681 ὲν
2445 2629 2560 2690 τοῖς
2621 2626 2841 2696 δεσμοῖς
2873 2623 2969 2678 τοῦ
2997 2622 3357 2692 Εὖαγγελίου.
3402 2624 3599 2695 Χωρὶς
3639 2625 3694 2676 δὲ
3729 2624 3812 2691 τῆς

2228 2721 2455 2792 γνώμης
2509 2721 2661 2774 οὐδὲν
2722 2718 2966 2789 ἠθέλησα
3025 2719 3272 2789 ποιῆσαι,
3337 2719 3433 2772 ἵνα
3484 2720 3568 2790 μὴ
3613 2720 3688 2781 ὠς
3712 2716 3810 2769 κατ’

2228 2813 2478 2883 ἀνάγκην
2502 2813 2562 2864 τὸ
2585 2810 2788 2880 ἀγαθόν
2816 2828 2909 2863 σου
2939 2805 2997 2882 ᾖ,
3032 2809 3168 2862 ἀλλὰ
3194 2809 3338 2863 κατὰ
3368 2810 3656 2862 ἑκούσιον.
3683 2809 3818 2874 Τάχα

2227 2905 2338 2976 γάρ
2360 2903 2449 2956 διὰ
2477 2901 2638 2956 τοῦτο
2668 2900 2952 2972 ἐχωρίσθη
2973 2900 3108 2970 πρὸς
3141 2900 3315 2970 ὤραν,
3341 2900 3436 2952 ἵνα
3484 2900 3710 2952 αἰώνιον
3729 2899 3813 2951 Is)-

2227 2996 2319 3049 τὸν
2373 2995 2605 3065 ἀπέχῃς,
2665 2994 2850 3046 οὐκέτι
2905 2993 2978 3054 ὡς
3019 2990 3223 3054 δοῦλον,
3272 2989 3396 3044 ἀλλ’
3429 2991 3580 3062 ὑπὲρ
3625 2988 3814 3050 δοῦλον.

2229 3087 2456 3156 ἀδελφὸν
2517 3085 2826 3156 ἀγαπητὸν,
2865 3082 3102 3154 μάλιστα
3147 3081 3294 3152 ἐμοὶ,
3325 3082 3486 3152 πόσῳ
3540 3080 3602 3136 δὲ
3635 3082 3814 3154 μᾶλλον

2234 3179 2337 3244 σοὶ,
2371 3177 2466 3231 καὶ
2500 3179 2557 3230 ὲν
2607 3177 2794 3247 σαρκὶ,
2845 3173 2942 3228 καὶ
2997 3173 3054 3225 ἐν
3105 3172 3316 3243 Κυρίῳ.
3349 3171 3414 3225 ΕΞ
3447 3168 3549 3226 οὖν
3578 3190 3650 3242 με
3691 3172 3816 3245 ἔχεις

2187 3312 2195 3320 .
2231 3267 2510 3328 κοινωνὸν,
2547 3263 2861 3335 προσλαϐοῦ
2889 3262 3052 3316 αὑτὸν
3081 3260 3154 3324 ὡς
3187 3261 3313 3330 ἐμέ.
3348 3262 3413 3314 Εἰ
3440 3264 3500 3316 δέ
3544 3280 3601 3314 τι
3639 3262 3815 3331 tam,

2233 3361 2293 3414 σέ
2335 3375 2417 3425 σε,
2455 3359 2488 3428 ἣ
2521 3356 2748 3422 ὀφείλει,
2790 3353 2948 3408 τοῦτο
2974 3351 3098 3424 ἐμοὶ
3152 3351 3388 3420 ὲλλὸγει.
3444 3353 3596 3421 Ἐγὼ
3626 3351 3817 3414 ΠαΜ

2230 3447 2446 3518 ἔγραψα
2479 3447 2545 3516 τῇ
2586 3446 2696 3515 ἐμῇ
2754 3444 2922 3514 χειρὶ,
2959 3441 3069 3510 ἐγὼ
3100 3441 3384 3495 ἀποτίσω·
3422 3443 3514 3494 ἵνα
3568 3443 3650 3513 μὴ
3693 3441 3818 3508 λέγω

2233 3557 2334 3602 σοι,
2371 3541 2454 3592 ὅτι
2486 3539 2580 3592 καὶ
2624 3539 2814 3591 ἑαυτόν
2853 3554 2944 3606 μοι
2997 3532 3406 3606 προσοφείλεις.
3435 3533 3571 3596 Ναὶ,
3603 3533 3806 3600 ἀδελ-ξε,

2232 3632 2342 3699 ἐγώ
2377 3648 2461 3684 σοι
2491 3625 2723 3700 ὀναίμην
2759 3630 2814 3680 ὲν
2843 3625 3052 3699 Κυρίῳ.
3088 3645 3106 3677 r

2313 3722 2484 3794 ’Υπὲρ
2500 3721 2688 3776 δούλου
2719 3721 2814 3792 μὲν
2837 3720 3108 3789 γράφεται
3135 3719 3166 3786 ἡ
3199 3715 3520 3786 Ἐπιστολὴ,
3552 3714 3818 3768 καὶταῦτα

2230 3815 2664 3885 ἁποδράσαντος,
2691 3812 2782 3864 καὶ
2837 3811 2920 3862 ἔτι
2952 3811 3048 3862 καὶ
3083 3808 3410 3875 κλέψαντος,
3443 3807 3813 3876 ὡφεληθέντος

2232 3904 2286 3957 δὲ
2323 3907 2530 3975 διάτῆς
2565 3901 2915 3965 διδασκαλίας
2967 3900 3062 3953 τοῦ
3130 3899 3485 3952 ’Λποστόλου.
3534 3900 3720 3951 Πολλά
3772 3899 3817 3948 Et

2233 3998 2329 4050 καὶ
2360 3999 2423 4049 ὲκ
2445 3996 2648 4065 ταύτης
2671 3993 2740 4046 τά
2771 3994 3039 4063 χρήσιμα.
3088 3992 3182 4043 Ἓν
3209 3990 3308 4059 μὲν
3348 3990 3446 4043 καὶ
3496 3991 3740 4060 πρῶτον,
3767 3990 3816 4042 τὸ

2235 4086 2520 4141 σπουδαῖον
2546 4085 2683 4138 εἶναί
2715 4102 2868 4147 τινας
2905 4085 3040 4154 πρὸς
3097 4083 3326 4144 πάντας.
3372 4083 3437 4134 Εἰ
3469 4083 3584 4153 γὰρ
3617 4082 3816 4140 Παῦλος

2234 4181 2371 4250 ὑπὲρ
2400 4178 2668 4250 δραπέτου
2695 4177 2788 4230 καὶ
2824 4176 3058 4229 κλέπτου
3116 4172 3514 4244 μετανοοῦντος
3555 4174 3816 4240 τοο-αὐτην

2235 4273 2469 4323 ποιεῖται
2501 4267 2756 4338 σπουδὴν,
2784 4264 2964 4336 πολλῷ
2998 4265 3199 4336 μᾶλλον
3226 4262 3349 4316 οὔτε
3370 4265 3523 4334 ἡμᾶς
3558 4265 3814 4335 προςήκει

2235 4359 2516 4431 ῥᾳθύμους
2540 4335 2847 4426 εἷναι-περί
2884 4335 3036 4418 τινας
3067 4354 3177 4407 τῶν
3227 4353 3498 4423 ἀδελφῶν.
3541 4356 3815 4424 Δεύτερον,

556 4411 650 4496 ubi
681 4443 748 4498 de
779 4411 1046 4497 fratribus
1095 4440 1425 4512 quibusdam
1482 4411 1988 4510 agitur.’Alterum
2025 4451 2127 4508 est,

2236 4411 2258 4431 r
2279 4411 2294 4429 ‘4
2320 4411 2331 4414 '
2352 4411 2362 4412 ί
2382 4411 2402 4430 r
2432 4411 2441 4413 ν
2468 4411 2471 4412 ⁷
2497 4411 2515 4422 υ
2630 4411 2638 4412 ί
2796 4411 2808 4426 ι
3019 4411 3035 4418 '
3369 4411 3382 4423 '
3717 4411 3730 4424 '
3803 4411 3813 4416 ⁷

2236 4452 2318 4505 ὅτι
2353 4450 2415 4502 τὸ
2441 4447 2686 4502 δουλικὸν
2714 4448 2869 4516 γένος
2910 4447 2971 4499 οὺ
3023 4446 3104 4498 δεῖ
3129 4445 3569 4512 ἀπογινώσκειν,
3607 4446 3711 4498 κᾶν
3744 4446 3815 4505 εἰς

557 4534 625 4590 de
670 4535 853 4590 servili
905 4533 1222 4588 conditione
1272 4532 1499 4588 minime
1537 4533 1943 4604 desperandum
1980 4550 2125 4599 esse,

559 4627 774 4682 tametsi
799 4627 867 4682 ad
897 4635 1201 4682 extremam
1231 4640 1406 4696 usque
1438 4625 1740 4695 nequitiam
1769 4629 2126 4696 processerit.

558 4715 661 4772 ﬂ‘ic
691 4718 838 4773 enim
878 4716 1142 4788 fugitivus
1181 4727 1234 4772 et
1267 4719 1354 4770 fur
1379 4732 1504 4773 cum
1554 4715 1777 4781 fuisset,
1812 4718 1880 4772 ad
1917 4726 2130 4773 tantum

558 4810 711 4866 istud
760 4812 981 4864 virtutis
1040 4807 1319 4880 fastigium
1384 4808 1654 4879 pervenit.
1715 4807 1988 4876 Tertium,
2051 4808 2133 4862 fas

561 4901 786 4957 minime
818 4917 942 4956 esse
972 4917 1162 4957 servos
1192 4917 1222 4956 a
1254 4901 1496 4957 dominis
1528 4901 1853 4957 abstrahere
1882 4921 1894 4956 :
1934 4917 2060 4955 nam
2091 4903 2132 4954 si

561 4995 792 5062 Paulus,
849 4996 944 5065 qui
992 5003 1142 5048 tanta
1185 4994 1330 5065 apud
1381 4992 1758 5049 Philemonem
1807 4995 2137 5050 auctoritate

562 5089 817 5158 pollebat,
885 5088 1206 5146 Onesimum
1268 5097 1479 5151 tamen,
1547 5089 1708 5159 cujus
1764 5089 2136 5144 ministerium

562 5180 669 5237 sibi
703 5180 999 5236 admodum
1051 5178 1184 5232 utile
1214 5185 1382 5242 esset,
1433 5177 1680 5234 detinere
1725 5181 1903 5234 noluit
1937 5189 2138 5252 praeter

563 5272 681 5327 heri
717 5272 1048 5328 sententiam
1076 5285 1140 5323 ac
1168 5270 1536 5333 voluntatem,
1571 5285 1600 5323 a
1633 5270 1850 5326 fortiori
1902 5272 2006 5328 hoc
2039 5288 2138 5330 no-

562 5366 648 5420 bis
681 5363 860 5421 facere
896 5380 1004 5418 non
1053 5362 1201 5417 licet.
1239 5361 1296 5416 Si
1337 5362 1480 5416 enim
1520 5361 1763 5417 famulus
1793 5365 2008 5421 eximite
2037 5368 2138 5422 vir-

2235 4543 2470 4614 ὲσχάτην
2503 4541 2673 4612 ἐλάσῃ
2704 4539 2924 4593 κακίαν.
2977 4537 3036 4590 '0
3065 4537 3175 4605 γάρ
3206 4536 3456 4606 κλέπτης
3483 4539 3587 4589 καὶ
3634 4537 3819 4606 ὅρκιε·

2234 4653 2332 4702 της
2365 4633 2510 4687 οὕτω
2546 4633 2770 4700 γέγονεν
2801 4631 3078 4700 ἐνάρετος.
3105 4627 3324 4699 Τρίτον,
3351 4627 3440 4679 ὅτι
3470 4627 3817 4689 τοὺςδούλοος

2239 4727 2494 4798 ἀποσπᾷν
2524 4725 2631 4777 τῶν
2651 4722 2930 4776 δεσπότων
2957 4721 3018 4774 οὐ
3055 4720 3347 4790 προσήκει.
3381 4716 3445 4770 Et
3481 4718 3596 4788 γὰρ
3625 4717 3819 4775 Παῦλος

2240 4817 2381 4872 οὕτω
2443 4815 2662 4889 θαρρῶν
2707 4815 2788 4886 τῷ
2841 4815 3104 4885 Φιλήμονι
3165 4811 3260 4864 τὸν
3304 4811 3610 4882 Ὀνήσιμον
3661 4811 3816 4868 οὕτως

2243 4910 2566 4981 εὐχάριστον
2630 4907 2779 4977 αὐτῷ
2809 4907 2940 4961 ὄντα
2992 4905 3128 4975 πρὸς
3157 4903 3439 4958 διακονίαν
3465 4906 3566 4956 οὐκ
3600 4903 3817 4973 ἠθέλησε

2244 5001 2538 5070 κατασχεῖν
2569 4999 2723 5068 ποιρά
2756 4995 2982 5066 γνώμην
3011 4993 3104 5048 τοῦ
3134 4994 3438 5056 Δεσπὸτου,
3475 4991 3666 5069 πολλῷ

2243 5092 2335 5145 λον
2365 5090 2517 5161 ἡμᾶς
2547 5087 2709 5141 τοῦτο
2761 5090 2936 5140 ποιεῖν
2977 5085 3038 5140 οὐ
3089 5085 3222 5158 χρὴ.
3254 5084 3319 5136 Ei
3361 5083 3472 5154 γάρ
3514 5081 3822 5152 Suspecta:
3908 5081 3910 5150 ξ

2244 5186 2392 5238 ἐστιν
2421 5186 2450 5236 ὀ
2480 5181 2724 5248 οἰκέτης,
2751 5179 2928 5250 ταύτῃ
2961 5178 3202 5249 μάλιστα
3246 5177 3451 5246 πρέπει
3492 5173 3661 5228 αὑτὸν
3686 5174 3742 5223 ἐν
3763 5173 3820 5236 τῇ
3908 5167 3910 5182 ¹

2245 5276 2459 5346 δουλείᾳ
2478 5274 2685 5344 μένειν,
2716 5273 2813 5326 καὶ
2841 5270 2940 5342 τὴν
2959 5269 3281 5323 δεσποτείαν
3303 5265 3720 5334 ἐπιγινώσκειν,
3745 5261 3823 5310 ἶνα
3908 5303 3910 5320 ,

2245 5369 2550 5439 εὔχρηστος
2578 5367 2713 5419 πᾶσι
2742 5366 2856 5427 τοῖς
2885 5364 2942 5416 ὲν
2969 5361 3116 5431 οἰκία
3148 5359 3399 5429 γένηται.

563 5462 698 5516 tutis
725 5470 832 5526 est,
867 5461 992 5515 ideo
1023 5474 1254 5529 prorsus
1292 5461 1555 5513 convenit
1593 5459 1759 5531 274
1789 5469 1848 5514 ιιι
1906 5463 1958 5516 in
2029 5465 2299 5520 servitute
2351 5471 2592 5528 maneat,
2663 5473 2715 5517 ct
2763 5459 2936 5514 herile
3019 5457 3106 5527 ius
3157 5462 3446 5526 agnoscat,
3504 5459 3562 5505 ut
3611 5447 3823 5505 cunctis

564 5552 659 5624 qui
687 5552 836 5608 domi
865 5560 1016 5619 sunt,
1047 5553 1336 5607 omnmodo
1357 5562 1411 5606 et
1446 5552 1667 5606 utilitati
1688 5569 1814 5609 esse
1838 5557 2066 5634 possit;

1847 5639 2083 5702 VAIIM’.
2125 5647 2528 5705 LECTIONES.

640 5744 660 5767 ⁸
699 5734 840 5804 Lege
864 5750 930 5790 ex
965 5734 1251 5807 Chrysost.
1285 5735 1605 5808 εὔχρηστον.
