4024 6442
556 407 689 469 1039

1734 373 1796 432 S.
1829 367 2150 429 JUANNIS
2182 365 2615 427 DAMASCENI

3661 358 3782 418 1010

556 518 628 577 ad
676 514 863 577 ﬁdem
924 517 987 572 et
1042 501 1341 569 Ecclesiae
1388 496 1684 577 dogmata
1733 494 2251 577 27gtspectant,
2331 484 2656 577 mentione
2710 480 3030 577 factmde
3096 477 3786 577 virtutibus-‘dun‘taxat

558 610 827 671 eorumq

833 558 1545 653 iiede‘é'résiiié'viui‘é,
1580 589 1697 653 seu
1730 558 1822 653 δεῖ
1844 558 2187 653 Emissa
2232 581 2448 653 mores
2488 560 2960 653 pertinentibus
3017 558 3210 620 unice
3260 564 3579 653 ageretur:
3608 559 3786 653 Cujus

558 637 1458 750 EBEEZ'mF'iﬁJJi'Eifﬁi'éspita
1498 637 2033 750 [farallelu's‘uncti
2077 644 2436 750 hlaxinii‘et
2476 637 2746 750 Antonii.
2780 637 3401 750 Melissm,kqtlorum
3439 638 3620 750 pecul:
3660 650 3789 750 ante

560 717 1643 820 ‘ﬁié‘Eo‘iEﬁ.‘é‘éﬁ'aiiBEiuifﬁesmism
1665 728 1838 820 mihi
1862 724 2170 820 ταφεεείίρ,
2185 722 2370 820 ξιμφςί,
2390 720 2649 820 ﬁniit}:
2666 719 2856 820 esse
2874 718 3399 820 sericam?
3415 717 3786 820 thesis-

1505 807 1953 895 identidemet
1986 794 2249 877 Josepﬁi
2287 799 2669 906 testimonia.
2693 794 3144 906 subjicianntur.
3184 794 3788 906 qubusndiiﬁful'ta:

759 875 1540 974 iﬁ'iai'drﬁ"éiﬁéuiendis,
1577 902 1719 974 cuin
1745 875 2175 972 meimparem
2212 896 2471 974 prorsus
2506 875 3241 956 sentiam,'sagaciorum
3266 875 3649 947 criticorum,
3690 876 3790 954 qui

562 957 1252 1059 Sisidiiéaifjﬁdicio
1281 989 1377 1033 me
1410 957 1579 1030 ultro
1612 957 2127 1041 subscriptiirum
2163 957 2481 1035 profiteor.

563 1203 1821 1231 __________________._____

1279 1376 1871 1465 ΠΡΟΛΟΓΟΣ
1953 1373 2180 1459 ΤΩΝ

1828 1198 2139 1214 -ι-

2277 1370 3071 1459 ΠΑΡΑΛΛΗΛΩΝ.

1644 1554 2046 1615 PROLOGUS
2102 1553 2176 1612 IN
2230 1552 2697 1614 PARALLELA.

622 1900 871 1957 Pretiosa
918 1914 1006 1954 res
1052 1899 1229 1955 virtus
1273 1903 1394 1961 est,
1450 1911 1557 1967 qua
1614 1896 1780 1951 homo
1842 1910 1965 1949 cum
2020 1894 2127 1972 Dco

2304 1894 2507 1964 Κτῆμα
2556 1894 2735 1965 τίμιον
2785 1897 2817 1965 ἠ
2874 1895 3066 1966 ἁρετὴ,
3129 1893 3247 1965 Θεῷ
3309 1878 3675 1961 συνάπτουσα,
3716 1898 3796 1950 καὶ

550 1993 923 2063 conjungitur,
955 1999 1011 2046 et
1042 1992 1195 2061 regni
1225 1992 1494 2046 caelorum
1516 1989 1700 2044 evadit
1726 2003 1974 2058 compos.
2005 1987 2128 2043 Haec

550 2100 715 2153 porro
759 2084 1074 2138 divinorum
1110 2082 1495 2145 mandatorum
1538 2080 1928 2136 observatione
1970 2094 2124 2135 com-

550 2183 797 2242 paratur.
853 2173 1126 2228 Domiuus
1187 2172 1458 2244 siquidem
1521 2172 1578 2227 iu
1634 2171 2127 2242 pollicitationibus

548 2282 686 2336 quas
713 2266 780 2320 ad
817 2267 1100 2339 pepulum,
1134 2265 1228 2335 qui
1260 2266 1313 2320 in
1345 2263 1581 2335 Egypto
1616 2263 1794 2319 fuerat
1820 2279 2127 2318 commora—

548 2365 661 2422 tus,
701 2356 959 2427 faciebat,
987 2359 1067 2412 ait
1104 2376 1117 2411 :
1161 2357 1222 2414 Si
1253 2356 1531 2411 audieritis
1564 2373 1644 2409 me
1680 2365 1730 2411 et
1769 2355 2128 2409 custodieritis

545 2457 808 2517 pracepta
840 2465 976 2512 mea,
1003 2448 1153 2504 eritis
1186 2447 1312 2502 mihi
1342 2446 1567 2514 populus
1613 2446 1923 2515 peculiaris,
1957 2446 2132 2516 regule

546 2539 926 2604 sacerdotium,
958 2557 1083 2609 gens
1125 2548 1315 2594 sancta
1339 2542 1377 2593 ⁸.
1416 2538 1557 2604 Quin
1594 2538 1689 2593 Dei
1734 2553 1956 2609 quoque
1990 2537 2131 2594 ﬁlius

545 2630 663 2685 ﬁeri
694 2631 1075 2700 pronuntiavit
1111 2646 1231 2695 eos,
1264 2631 1357 2701 qui
1397 2630 1602 2686 divinis
1643 2630 1991 2699 jussionilius
2031 2630 2130 2685 ob-

544 2732 873 2792 temperant.
910 2724 1189 2789 Quantum
1223 2738 1356 2778 vero
1392 2723 1540 2778 istud
1595 2723 1798 2777 bonum
1843 2724 1937 2788 sit,
1974 2737 2132 2777 nemo

543 2825 629 2870 est
667 2814 760 2885 qui
796 2829 1056 2870 sermone
1105 2814 1282 2884 possit
1338 2827 1624 2868 enarrare.
1692 2812 1879 2867 Gratia
1927 2812 2132 2883 quippe

543 2915 795 2960 naturam
822 2914 1069 2961 nostram
1088 2915 1348 2975 superat:
1370 2905 1686 2975 adoptionis
1709 2905 1946 2975 dignitas
1978 2920 2128 2975 spem

543 3011 763 3052 onmem
790 2997 1030 3052 excedit.
1060 2995 1331 3062 Quocirca
1362 3004 1420 3049 ut
1456 2995 1625 3049 tantis
1642 2995 1802 3050 bonis
1832 2996 2127 3065 potiamur,

544 3094 800 3157 prompto
831 3096 889 3142 et
921 3087 1092 3142 alacri
1118 3088 1305 3141 animo
1345 3101 1410 3141 ea
1446 3088 1674 3157 exsequi
1704 3088 1982 3151 convenit,
2008 3104 2130 3159 quae

2237 1982 2516 2054 βασιλείας
2548 1982 2794 2054 οὐρανῶν
2825 1982 3183 2055 προξενοῦσα.
3231 1984 3510 2055 Πορισμὸς
3529 1985 3586 2038 δε
3613 1986 3797 2055 ταύτης

2234 2076 2268 2146 ἡ
2315 2075 2421 2129 τῶν
2471 2073 2631 2128 θείων
2676 2075 2909 2129 ἐντολῶν
2942 2076 3172 2146 τήρησις
3208 2073 3440 2143 γίνεται.
3476 2075 3615 2144 Φησὶ
3640 2078 3740 2148 γὰρ
3774 2078 3797 2129 ό

2234 2168 2438 2239 Κύριος
2461 2170 2518 2220 ὲν
2552 2167 2913 2237 ἐπαγγελίαις
2946 2168 3081 2239 πρὸς
3128 2167 3220 2220 τὸν
3252 2170 3311 2221 ὲν
3357 2168 3622 2240 Αἰγύπτῳ
3648 2172 3794 2225 λαόν·

2246 2259 2389 2314 Ἐὰν
2408 2261 2716 2329 ἀκούσητέ
2760 2279 2902 2331 μου,
2933 2262 3029 2315 καὶ
3064 2262 3377 2331 φυλάξητε
3422 2265 3531 2330 τὰς
3566 2265 3798 2331 ἐντολάς

2230 2370 2371 2422 μου,
2397 2352 2617 2407 ἐσεσθέ
2641 2370 2743 2423 μοι
2792 2353 2944 2419 λαὸς
2981 2354 3346 2423 περιούσιος,
3384 2355 3795 2419 βασίλειοι-ιε-

2228 2439 2520 2509 ράτευμα,
2566 2440 2743 2506 ἔθνος
2798 2441 2989 2511 ἅγιον.
3033 2442 3144 2496 Καὶ
3194 2446 3346 2507 υἱοὺς
3387 2444 3527 2498 Θεοῦ
3569 2446 3797 2515 γενέσθαι

2232 2534 2360 2595 τοὺς
2380 2532 2816 2603 πειθαρχοῦντας
2850 2536 2962 2597 τοῖς
3011 2536 3429 2606 προστάγμασιν
3476 2538 3795 2607 ἀπεφήνατο.

2245 2623 2463 2677 Ἥλίκον
2494 2623 2552 2679 δὲ
2573 2623 2734 2678 τοῦτο
2761 2625 2966 2694 ἀγαθὸν
2997 2626 3152 2695 λόγος
3197 2629 3543 2699 ἑρμηνεῦσαι
3570 2632 3630 2684 οὐ
3660 2632 3799 2684 δύνα-

2230 2733 2343 2771 ται.
2377 2716 2551 2789 ’Υπὲρ
2578 2718 2687 2791 γὰρ
2712 2718 2810 2789 τὴν
2864 2721 3145 2792 ἡμετέραν
3192 2721 3355 2789 φύσιν
3386 2724 3419 2792 ή
3451 2724 3646 2794 χάρις’
3677 2725 3797 2795 ὑπὲρ

2232 2808 2422 2863 ἐλπίδα
2466 2810 2526 2863 τὸ
2574 2810 2675 2879 τῆς
2739 2808 3011 2874 υἱοθεσίας
3046 2810 3286 2881 ἀξίωμα.
3318 2813 3601 2883 Προσήκει
3636 2814 3798 2866 τοίνυν

2232 2900 2380 2969 ἡμᾶς
2416 2900 2556 2971 ὑπὲρ
2591 2898 2699 2953 τῶν
2749 2900 3006 2954 τοιούτων
3056 2901 3276 2970 ἀγαθῶν
3323 2903 3392 2955 τὰ
3452 2905 3798 2975 ἐντεταλμένα

2233 2992 2532 3063 προθύμως
2554 2994 2814 3048 ἐκτελεῖν.
2856 2994 3075 3065 Ῥᾳδίαν
3108 2995 3164 3049 δὲ
3203 2995 3301 3064 τὴν
3323 2996 3417 3048 τοῦ
3442 2998 3797 3068 συμφέροντος

2233 3085 2445 3155 αἵρεσιν
2492 3085 2708 3157 ἕξομεν,
2767 3087 3147 3160 παραλλήλους
3199 3089 3384 3153 θέντες
3436 3089 3543 3155 τὰς
3598 3092 3795 3161 ἀρετὰς,

542 3178 709 3235 nobis
760 3178 1031 3247 imperata
1089 3186 1240 3233 sunt.
1273 3177 1477 3233 Facilis
1522 3186 1705 3232 autem
1733 3178 1853 3249 ejus
1884 3180 2032 3250 quod
2062 3196 2125 3237 ex

2234 3178 2328 3231 καὶ
2385 3178 2485 3243 τὰς
2528 3178 2853 3247 ἀντιζύγους
2908 3180 3002 3233 καὶ
3046 3179 3328 3243 ἀντιθέους
3374 3180 3561 3233 αὐτῶν
3594 3181 3791 3242 κακίας,

543 3276 734 3321 nostra
767 3267 1009 3322 utilitate
1033 3268 1127 3329 sit,
1169 3268 1373 3323 electio
1402 3268 1589 3323 futura
1613 3277 1718 3336 est,
1752 3270 1796 3323 si
1823 3272 2056 3326 virtutes
2076 3277 2129 3325 et

543 3359 683 3427 ipsis
698 3360 1013 3415 adversaria
1041 3361 1258 3429 Deoque
1280 3362 1535 3431 opposita
1565 3362 1695 3415 vitia
1714 3376 2127 3428 componamus.

541 3461 597 3506 et
630 3451 901 3522 quidquid
934 3452 1002 3507 de
1032 3453 1165 3516 illis,
1200 3459 1309 3505 tam
1346 3454 1402 3506 in
1432 3450 1725 3523 Scriptura
1757 3467 1936 3515 sacra,
1961 3468 2126 3523 quam

543 3557 573 3596 a
606 3545 817 3600 sanctis
849 3544 1149 3615 divinoque
1172 3541 1406 3599 Numine
1430 3545 1625 3599 aﬂlatis
1650 3542 1904 3600 Patribus
1921 3543 2127 3599 dictum

543 3636 729 3702 fuerit,
762 3635 1143 3691 consulamus.
1170 3635 1383 3691 Exinde
1403 3636 1548 3692 enim
1578 3651 1705 3690 cum
1722 3638 1921 3691 eximia
1947 3636 2130 3706 justo-

539 3741 662 3783 rum
696 3726 942 3797 praemia,
975 3736 1090 3781 tum
1127 3725 1482 3783 denuntiatos
1532 3727 1802 3796 improbis
1843 3728 2127 3783 cruciatus

540 3818 936 3889 intelligemus.

613 3905 888 3962 Caeterum
922 3921 1086 3962 nosse
1131 3907 1364 3963 interest
1393 3907 1463 3962 ad
1509 3906 1842 3963 Christianae
1874 3908 2126 3963 veritatis

540 4000 798 4071 gloriam,
830 4014 861 4055 e
890 3998 1141 4054 Philonis
1170 4010 1225 4054 et
1248 3999 1471 4071 Iosephi
1505 4002 1875 4057 monumentis
1906 4017 1935 4055 a
1964 4002 2124 4057 nobis

540 4092 706 4145 etiam
736 4091 1041 4147 sententias
1069 4105 1195 4146 esse
1219 4098 1549 4162 congestas;
1582 4093 1676 4161 qui
1714 4091 1928 4147 Hebraei
1964 4094 2126 4149 ambo

540 4190 705 4253 atque
765 4183 963 4238 eruditi
1013 4183 1114 4237 viri
1173 4182 1416 4238 fuerunt.
1481 4184 1851 4249 Quamobrem
1899 4185 1953 4239 in
2010 4201 2124 4240 rem

541 4273 735 4336 fuerit,
766 4274 916 4327 omni
946 4272 1232 4343 diligentia
1267 4275 1460 4328 horum
1486 4275 1898 4331 narrationibus
1921 4284 1974 4330 et
2010 4292 2128 4347 pro-

540 4364 813 4420 nuntiatis
845 4365 1095 4419 animum
1127 4365 1432 4431 attendere,
1489 4375 1548 4421 ut
1597 4368 1694 4437 qui
1744 4383 1857 4423 non
1891 4369 2055 4424 modo
2095 4387 2124 4424 a

540 4455 829 4525 praecipuae
859 4454 983 4510 fidei
1008 4463 1062 4510 et
1091 4456 1402 4513 sanctitatis
1429 4457 1690 4525 virorum,
1716 4460 1807 4529 qui
1846 4460 1984 4530 apud
2023 4474 2124 4516 nos

2232 3270 2328 3323 xui.
2360 3271 2459 3323 ὅσα
2488 3270 2616 3343 περὶ
2649 3270 2830 3323 αὐτῶν
2856 3270 3109 3324 λέλεκται
3132 3274 3196 3341 τῇ
3229 3270 3347 3341 θείᾳ
3362 3272 3559 3342 Γραφῇ
3593 3272 3795 3332 καὶτοῖς

2233 3361 2407 3429 ἁγίοις
2438 3362 2533 3415 καὶ
2562 3360 2842 3432 θεοφόροις
2876 3362 3034 3431 ἡμῶν
3065 3363 3365 3433 Πατράσιν.
3399 3362 3677 3431 Εἰσόμεθα
3701 3362 3795 3431 γὰρ

2229 3453 2479 3506 ἐντεῦθεν
2510 3454 2730 3516 καὶτὰς
2778 3453 3039 3524 λαμπρὰς
3088 3453 3196 3507 τῶν
3252 3453 3480 3507 δικαίων
3529 3451 3793 3523 διανομὰς,

2230 3546 2326 3599 καλ¹
2367 3546 2465 3609 τὰς
2514 3545 2893 3616 ἡπειλημένας
2941 3546 3084 3600 κατὰ
3150 3545 3261 3601 τῶν
3328 3544 3669 3603 ἀθετοῦντων
3718 3561 3795 3599 κο-

2229 3635 2431 3698 λάσεις.

2313 3922 2508 3976 ’ἰστέον
2536 3924 2613 3985 δὲ.
2659 3925 2742 3979 ὅτι
2774 3927 2867 3979 καὶ
2910 3926 3018 3981 ἀπὸ
3055 3925 3163 3979 τῶν
3197 3925 3435 3987 Φίλωνος
3460 3922 3558 3977 καὶ
3591 3920 3791 3987 Ἰωσήπο

2228 4029 2329 4066 που
2384 4017 2778 4087 συνταγμάτων
2824 4018 3197 4090 ἠθροίσθησαν
3240 4017 3460 4087 γνῶμαι
3516 4017 3602 4079 εἰς
3656 4013 3791 4077 κλέος

2228 4107 2324 4177 τῆς
2358 4110 2487 4179 παρ’
2520 4110 2678 4180 ἡμῶν
2702 4111 2985 4183 ἀληθείας.
3025 4111 3271 4183 Ἐὃραῖοι
3315 4110 3372 4164 δὲ
3402 4110 3578 4181 ἄμφω
3604 4108 3694 4163 καὶ
3713 4105 3788 4159 λόο

2226 4215 2336 4266 γιοι
2366 4200 2588 4271 ἄνδρεςο
2620 4202 2699 4257 διὸ
2725 4204 3024 4275 προσήκειν
3046 4203 3127 4258 δεῖ
3148 4202 3287 4276 μετὰ
3313 4203 3498 4273 πάσης
3526 4199 3789 4273 ἀκριϐείας

2225 4292 2339 4354 τοῖς
2354 4291 2678 4362 διηγήμασι,
2708 4295 2803 4348 καὶ
2818 4296 3214 4366 ἀποφθέγμασι
3240 4294 3471 4358 τούτων,
3503 4293 3583 4357 ὡς
3608 4292 3669 4346 ού
3704 4288 3786 4360 μό·

2227 4395 2315 4432 νον
2344 4380 2440 4434 τοῦ
2476 4381 2681 4436 σκοποῦ
2715 4384 2822 4437 τῶν
2853 4384 2981 4455 παρ’
3018 4386 3152 4455 ἡμῖν
3181 4383 3520 4437 πιστοτάτων
3560 4383 3655 4437 καὶ
3702 4396 3788 4451 μα-

2228 4475 2435 4545 καρίων
2459 4476 2668 4547 ἀνδρῶν
2705 4476 2813 4530 οὐδ’
2841 4478 2977 4541 ὅλως
3012 4476 3509 4550 διαμαρτάνουσιν·
3557 4475 3690 4530 ἀλλά
3732 4488 3784 4541 γε

540 4546 867 4612 floruerunt,
920 4547 1028 4602 fine
1070 4555 1125 4601 et
1165 4550 1447 4619 proposito
1479 4564 1549 4605 ne
1594 4550 1867 4606 tantillum
1902 4551 2122 4623 quidem

2231 4564 2322 4618 καὶ
2356 4546 2569 4635 πολλὴν
2590 4565 2686 4636 τὴν
2746 4566 2987 4635 ἰσότητα,
3018 4546 3117 4621 καὶ*
3163 4546 3503 4639 ὁνμοιολεξίαν
3532 4566 3592 4619 έν
3627 4582 3683 4617 τε
3714 4563 3785 4615 λό-

540 4639 837 4704 aberrent;
873 4654 1061 4694 verum
1100 4646 1154 4694 et
1186 4640 1480 4711 ingentem,
1530 4648 1647 4698 tum
1689 4643 1742 4699 in
1768 4642 1977 4708 verbis,
2006 4652 2125 4700 tum

539 4731 595 4785 in
629 4730 899 4794 moribus,
927 4732 1347 4805 similitudinem
1380 4742 1435 4790 et
1467 4736 1892 4793 consensionem
1929 4737 2126 4808 prtefe-

538 4828 665 4875 rant
716 4839 730 4875 :
785 4831 840 4877 et
888 4822 1182 4880 doctorum
1218 4825 1439 4896 eloquia
1478 4843 1601 4898 qua:
1649 4843 1717 4885 ex
1753 4828 1840 4886 his
1873 4830 2126 4887 eruditus

544 4907 705 4966 Pater
748 4911 1126 4980 producturus
1155 4924 1278 4978 est,
1335 4916 1665 4974 confirment
1703 4918 1908 4989 potius,
1958 4932 2122 4991 quam

544 4997 873 5055 imminuant
906 5007 961 5056 et
993 5000 1340 5057 labefactent.

614 5177 629 5208 ¹
667 5170 836 5233 Exod.
872 5194 989 5248 xix,
1023 5181 1138 5246 5,6.

2229 4673 2348 4725 γοις
2377 4656 2474 4711 καὶ
2526 4656 2682 4728 ἤθεσι
2719 4657 3147 4727 ἐπιδείκνυνται,
3184 4657 3517 4728 βεϐαιοῦντα
3564 4657 3781 4730 μᾶλλον,

2227 4748 2326 4802 οὐκ
2360 4748 2687 4806 ὲλαττοῦντα
2714 4750 2919 4805 τούτων
2936 4751 3087 4825 παρὰ
3109 4750 3201 4809 τοῦ
3220 4750 3435 4823 Πατρὺς
3459 4750 3783 4822 ῥηθησόμενα

2228 4840 2400 4909 λόγια.
