4024 6414
156 406 173 426 ⁵
216 431 346 495 ιο-ιι

1457 440 1697 500 SACRA
1733 440 2194 505 PARALLELA.

3318 450 3458 518 1042

229 581 3448 624 ____.__._.._...___._____________________________________

1130 734 1297 806 279
1328 735 1465 791 ΤΟΥ
1501 737 1597 792 ΕΝ
1628 740 1857 796 ΑΓῙΟΙΣ
1886 741 2160 798 ΠΑΤΡΟΣ
2186 737 2379 799 ΗΜΩΝ

631 916 1375 1060 ΙΩΑΝΝΟΥ
1450 929 1799 1064 ΤΟΥ
1879 929 3050 1076 ΔΑΜΑΣΚΗΝΟΥ

408 1230 772 1398 ΕΙΣ
852 1231 1140 1402 ΤΑ
1211 1237 1714 1410 ΙΕΡΑ
1791 1244 3269 1422 ΠΑΡΑΛΛΗΛΑ..

774 1668 1294 1798 SANCTI
1395 1686 2004 1804 JOANNIS
2085 1687 2906 1806 DAMASCENI

632 1980 888 2130 DE
1005 1978 1664 2137 SACRIS
1779 1979 3026 2142 PARALLELIS.

282 2391 400 2462 Τῆς
429 2390 786 2446 θεοπνεύστου
817 2393 1042 2466 Γραφῆς
1073 2399 1107 2467 ὴ
1139 2397 1393 2468 ἄσκησις,
1447 2398 1679 2454 πλούτου
1707 2401 1790 2456 δό-

1969 2403 2264 2474 Script‘urae
2309 2402 2570 2458 divinitus
2623 2401 2906 2476 inspirataa
2968 2399 3251 2464 studium‘,
3307 2412 3461 2468 opes,

204 2481 313 2555 ξ-ης
338 2485 434 2538 καὶ
462 2485 656 2557 ἀρχῆς,
689 2486 782 2538 καὶ
811 2487 1032 2540 πάντων
1060 2489 1160 2542 ὅσα
1181 2488 1240 2541 τὸ
1271 2489 1463 2560 θνητὸν
1485 2490 1789 2556 ἀσπάζεται

201 2577 392 2645 γένος,
425 2577 709 2648 ὑπερέχει.
752 2577 1026 2648 σωτηρίας
1057 2580 1191 2649 ἡμῖν
1219 2580 1404 2648 ἐφόδια
1425 2581 1787 2654 χαριζομένη.

201 2668 288 2721 Τὸ
321 2668 379 2721 δὲ
411 2669 538 2738 ῥᾷον
565 2668 754 2739 φέρειν
787 2669 914 2732 τοὺς
963 2668 1022 2734 ἐξ
1051 2670 1220 2741 αὐτῆς
1259 2671 1454 2736 πόνους
1474 2713 1489 2737 ,
1523 2673 1585 2726 τὸ
1617 2675 1792 2746 παρὸν

203 2759 349 2830 ἡμῖν
379 2759 829 2831 πραγματεύεται
859 2759 1164 2830 σύνταγμα.
1220 2761 1342 2815 Τῶν
1369 2762 1478 2837 γὰρ
1503 2763 1626 2818 λίαν
1664 2765 1793 2820 Θαυ-

206 2848 563 2922 μαζομένων,
586 2849 654 2904 τὰ
684 2849 904 2903 ἐτικαθ’
934 2849 1238 2922 ὑπερϐολὴν
1282 2853 1488 2923 ἀμείνω
1525 2854 1671 2908 ἐστιν
1698 2857 1790 2913 εύ-

203 2943 334 3014 ρεῖν
363 2942 423 2994 ἐν
443 2940 614 3011 αὐτῷ,
638 2941 732 2994 καὶ
773 2941 935 3013 κόρος
967 2941 1141 3006 οὐδεὶς
1185 2943 1357 3014 ἀκοῆς
1397 2946 1506 3008 τοῖς
1559 2948 1792 3017 ἐπισκή-

199 3049 411 3086 πτουσι
435 3032 662 3101 γίνεται.
699 3032 762 3085 'H
783 3034 892 3103 γὰρ
911 3032 1006 3086 τοῦ
1028 3032 1259 3097 κάλλους
1281 3033 1391 3088 τῶν
1411 3037 1746 3108 ἐγκειμένων
1763 3039 1791 3080 h

198 3121 415 3196 ἐκλογὴ
447 3127 581 3196 πρὸς
605 3125 801 3195 ἑαυτὴν
841 3125 989 3178 ἕλκει
1018 3125 1146 3189 τοὺς
1186 3126 1634 3198 ἐντυγχάνοντας,
1691 3131 1792 3184 οὐκ

197 3215 363 3268 ἐῶσα
399 3219 596 3287 καμεῖν
625 3217 686 3270 τὸ
717 3217 908 3285 μέλλον
955 3215 1185 3270 ἀκοῦσαι
1237 3217 1556 3286 ποθοῦντας,
1589 3222 1682 3275 καὶ
1716 3222 1791 3285 ὡς

197 3307 264 3359 ἐν
300 3309 585 3379 στιχηραῖς
629 3319 652 3348 ο
711 3309 895 3380 ᾄδεται
928 3311 1185 3381 ῥησεσινο
1225 3330 1244 3363 ‹
1299 3312 1362 3366 Ol
1393 3312 1666 3377 ἒσθίοντές
1699 3331 1788 3383 με,

196 3396 290 3449 ἔτι
332 3398 670 3465 πεινάσουσι,
698 3399 789 3454 καὶ
813 3401 861 3453 oi
889 3399 1136 3466 πίνοντές
1173 3419 1262 3472 με,
1289 3401 1368 3455 ἔτι
1393 3402 1726 3472 διψήσουσιν.
1766 3422 1785 3454 ι

210 3487 560 3559 Ἐπέραστος
582 3491 692 3562 γὰρ
723 3490 798 3554 ὡς
845 3490 1062 3560 ἀληθῶς
1091 3494 1124 3561 ἡ
1162 3493 1439 3563 γλυκύτης
1476 3493 1586 3548 τῶν
1630 3510 1792 3546 πνευ-

199 3579 464 3650 ματικῶν
495 3580 838 3652 μαθημάτων
865 3578 1192 3652 ἀγιᾶζουσα,
1222 3584 1317 3638 καὶ
1343 3584 1671 3650 αύξάνουσα,
1697 3586 1792 3640 καὶ

197 3668 489 3741 τρέφουσα
519 3670 548 3710 ά
574 3671 674 3735 τὰς
692 3670 870 3742 ψυχάς
889 3689 904 3704 ο
955 3672 1308 3746 περιείληφεν
1333 3675 1391 3728 δὲ
1434 3674 1534 3729 ὅσα
1561 3674 1790 3746 ἠθικῶς,

1893 2494 2141 2563 gloriam,
2174 2491 2487 2562 imperium,
2506 2505 2569 2543 ac
2600 2488 2834 2560 denique
2860 2504 2947 2544 res
2974 2503 3068 2544 eas
3090 2503 3301 2555 omnes,
3327 2503 3464 2557 quas

1895 2583 2156 2638 mortales
2196 2581 2450 2652 amplecti
2504 2580 2706 2645 solent,
2749 2579 3070 2634 antecellit:
3113 2577 3312 2649 quippe
3344 2581 3466 2648 quas

1893 2676 2088 2732 salutis
2117 2675 2277 2730 nobis
2311 2674 2506 2728 viatica
2544 2672 2767 2727 tribuat.
2791 2661 2861 2726 Ut
2895 2675 3076 2724 autem
3103 2667 3277 2740 ipsius
3309 2667 3466 2720 [abov-

1894 2781 1984 2820 res
2014 2765 2229 2819 facilius
2266 2763 2503 2818 feramus
2529 2805 2542 2828 ,
2576 2763 2682 2816 hoc
2711 2761 2870 2816 nobis
2902 2760 3163 2814 volumen
3195 2765 3416 2828 praestat
3447 2774 3462 2811 :

1895 2857 2167 2926 siquidem
2198 2856 2265 2911 iis
2305 2866 2426 2927 quze
2458 2869 2685 2911 summae
2717 2851 3067 2908 admirationi
3109 2858 3261 2916 sunt,
3305 2850 3467 2919 longe

1893 2950 2275 3020 praestantiora
2305 2951 2356 3003 in
2398 2965 2464 3004 eo
2493 2949 2734 3017 reperire
2755 2954 2874 3010 est;
2903 2957 3080 3014 neque
3108 2944 3332 2997 satietas
3355 2942 3465 2996 ulla

1895 3043 2247 3100 fastidiumve
2301 3041 2472 3094 ullum
2506 3037 2812 3109 legentibus
2847 3034 3058 3090 oboriri
3095 3040 3297 3104 potest.
3366 3027 3464 3086 Et-

1891 3137 2034 3191 enim
2071 3133 2422 3204 pulchrarum
2451 3129 2804 3184 materiarum
2828 3139 2949 3196 qua:
2971 3125 3061 3179 hic
3083 3124 3464 3188 continentur,

1893 3227 2137 3282 delectus
2169 3226 2235 3280 ad
2273 3240 2332 3281 se
2361 3224 2594 3280 lectores
2637 3221 2825 3278 trahit.
2880 3229 3131 3299 θείς-ευρ
3178 3213 3468 3284 defatigari

1894 3323 2046 3384 sinit,
2080 3321 2174 3391 qui
2210 3334 2272 3375 ca
2305 3334 2426 3389 quae
2453 3323 2782 3387 seqtiuntur,
2807 3293 3303 3387 audire-gestiunt;
3333 3297 3466 3378 quit;

1892 3417 2080 3482 etiam,
2126 3414 2587 3487 quemadmodum
2638 3413 2858 3467 canitur
2909 3411 2967 3466 in
3019 3405 3307 3465 sententiis
3343 3417 3468 3475 qua:

1895 3507 2143 3562 versibus
2178 3506 2394 3574 scriptae
2414 3512 2543 3558 sunt
2569 3521 2583 3558 :
2617 3523 2635 3554 ι
2664 3501 2766 3569 Qui
2792 3502 2960 3558 edunt
2989 3515 3095 3564 me,
3124 3498 3305 3552 adhuc
3335 3509 3466 3549 esu-

1894 3598 2058 3661 rient,
2091 3607 2144 3652 et
2166 3595 2259 3666 qui
2289 3595 2490 3650 bibunt
2520 3609 2627 3660 me,
2655 3594 2835 3648 adhuc
2862 3592 3050 3646 sitient
3072 3591 3113 3644 ¹.
3149 3607 3168 3640 ι
3195 3585 3467 3656 Spiritua-

1893 3689 2026 3743 lium
2049 3687 2251 3758 quippe
2268 3684 2686 3754 disciplinarum
2711 3679 3015 3752 expetenda
3037 3679 3197 3750 plane
3221 3676 3466 3732 suavitas

195 3759 233 3830 ἢ
269 3761 572 3829 γνωμικῶς
595 3801 610 3824 ,
640 3762 674 3833 ἢ
703 3765 1109 3834 παραινετικῶς
1141 3766 1198 3838 [ἡ
1243 3769 1431 3840 μνήμη
1465 3768 1707 3837 ἀγκναία
1739 3767 1786 3840 ο]

1893 3786 2000 3844 est,
2049 3793 2172 3849 quae
2210 3786 2432 3832 sanctos
2483 3773 2678 3828 reddat
2723 3772 2973 3834 animos,
3028 3781 3230 3836 eosque
3270 3765 3378 3818 ala‘t
3414 3771 3469 3818 et

200 3851 355 3924 πρὸς
388 3854 567 3906 πᾶσαν
596 3854 776 3908 αἰτίαν
811 3872 892 3919 τε,
924 3857 1018 3910 καὶ
1050 3857 1311 3911 ὑπόθεσιν
1349 3861 1414 3930 τῇ
1458 3877 1518 3912 τε
1555 3859 1786 3930 Παλαιᾷ,

198 3938 310 3993 καὶ
339 3940 461 4012 Νέᾳ
485 3941 592 3994 τῶν
621 3942 784 4013 ἱερῶν
811 3943 1006 4013 λογίων
1034 3947 1222 4018 Γραφῇ
1254 3947 1523 4014 λέλεκται,
1568 3951 1680 4013 τοῖς
1734 3949 1788 4002 δὲ

200 4031 394 4098 ἁγίοις
439 4033 532 4084 καὶ
571 4032 850 4104 θεοφόροις
886 4037 1046 4106 ήμῶν
1075 4038 1388 4109 Πατράσιν·
1431 4033 1507 4093 ὧν
1548 4039 1609 4093 τὸ
1646 4040 1790 4110 μέγα

199 4121 392 4184 κλέος,
456 4124 597 4177 κατὰ
635 4126 819 4178 πᾶσαν
872 4127 965 4197 τὴ,
1015 4129 1349 4201 οἰκουμένην
1380 4130 1400 4169 ί
1443 4129 1790 4200 διαϐεϐόηται

201 4216 306 4269 καὶ
337 4214 607 4287 ὕμνηταιο
642 4220 734 4272 καὶ
765 4219 832 4273 τὰ
860 4223 986 4286 περὶ
1017 4224 1230 4278 τούτων
1257 4226 1533 4298 σποράδην
1561 4227 1791 4297 κείμενα

200 4308 615 4378 ἀποφθέγματα
639 4311 1048 4382 ὴνθολόγηνται,
1081 4319 1174 4368 καὶ
1199 4317 1348 4380 ἰδίοις
1366 4317 1569 4381 τίτλοις
1607 4335 1788 4390 παραο

198 4399 506 4454 τέθεινται.
559 4403 716 4456 Πᾶσα
762 4403 819 4456 δὲ
852 4406 884 4474 ή
917 4409 1268 4477 πραγματεία
1311 4412 1368 4463 ἐν
1405 4411 1552 4481 τρισὶ
1586 4410 1789 4482 βίϐλοις

201 4490 666 4562 ἀναγέγραπταιο
717 4495 811 4548 καὶ
840 4496 1046 4549 τούτων
1079 4499 1112 4569 ἡ
1148 4499 1244 4570 μὲν
1275 4501 1466 4572 πρώτη
1503 4502 1789 4572 σύγκειται

200 4576 306 4648 ἀφ’
337 4576 418 4634 ὧν
452 4582 684 4652 μάλιστα
712 4586 979 4656 προσήκοι
1007 4589 1394 4660 ΙῑΧριστιςλινοῖς
1427 4592 1455 4632 ιι
1486 4593 1586 4664 τὴν
1617 4593 1791 4666 ἀρχὴν

199 4673 298 4727 ἀεὶ
322 4673 614 4738 ποιεῖσθαι,
647 4675 754 4730 ἀπὺ
774 4677 932 4742 Θεοῦ,
957 4679 1056 4750 τὴν
1084 4682 1368 4752 τριαδικὴν
1399 4684 1601 4752 μονάδα
1625 4686 1792 4754 φωτί-

202 4761 416 4827 ζουσαν
445 4765 510 4818 ὲκ
539 4768 841 4838 προοιμίων
868 4770 1040 4840 ἡμᾶς.
1084 4771 1150 4824 Ἦ
1181 4773 1238 4824 δὲ
1262 4773 1510 4845 δευτέρα,
1540 4777 1668 4847 περὶ
1699 4793 1792 4829 σν-

205 4855 466 4920 στάσεως
486 4857 579 4910 καὶ
595 4860 986 4926 καταστάσεως
1010 4864 1120 4917 τῶν
1143 4864 1503 4934 ἀνθρωπίνων
1533 4867 1794 4936 πραγμά-

199 4965 323 5001 των
363 4949 560 5020 φησίν·
600 4953 634 5022 ἠ
665 4951 720 5005 δὲ
757 4954 938 5026 τρίτη,
994 4956 1140 5019 ἰδίως
1190 4957 1259 5010 τὰ
1309 4958 1438 5029 περὶ
1466 4959 1667 5030 ἀρετῆς
1699 4960 1794 5014 καὶ

201 5038 418 5102 κακίας
447 5043 796 5114 περιείληφεν
822 5048 867 5101 i.
894 5047 1000 5101 Διὰ
1019 5048 1079 5101 τὸ
1106 5047 1373 5119 εὖληπτον
1399 5049 1454 5103 δὲ
1499 5049 1545 5113 i,
1568 5053 1661 5104 καὶ
1696 5055 1794 5123 ρᾳ-

1890 3877 2100 3939 augeat.
2141 3866 2316 3922 Porro
2367 3866 2623 3920 volumen
2674 3863 2820 3918 istud
2872 3858 3258 3930 complectitur
3304 3854 3467 3925 quid-

1889 3959 2022 4032 quid
2046 3958 2307 4016 memoria
2339 3965 2530 4013 tenere
2551 3962 2786 4026 oportet,
2811 3953 2926 4009 sive
2942 3952 3010 4007 ad
3043 3965 3225 4006 mores
3249 3961 3467 4002 accom-

1891 4033 2136 4117 modate,
2190 4051 2303 4107 sive
2338 4049 2697 4110 sententiose,
2750 4061 2847 4102 seu
2896 4044 2964 4099 ad
3007 4039 3465 4099 commonendum

1890 4145 2158 4216 apposite,
2192 4157 2515 4214 quacunque
2551 4140 2616 4194 de
2641 4153 2807 4193 causa
2841 4136 2925 4190 vel
2959 4137 3303 4204 argumento,
3355 4136 3464 4182 tam

1891 4236 1945 4292 in
1996 4235 2179 4292 Veteri
2251 4249 2416 4305 quam
2469 4234 2521 4287 in
2569 4230 2722 4286 Novo
2779 4227 3061 4282 sacrorum
3103 4219 3464 4279 Oraeulorum

1889 4331 2263 4386 instrumento
2304 4327 2515 4383 dictum
2559 4325 2652 4385 sit,
2689 4334 2902 4376 necnon
2954 4332 2984 4371 a
3035 4313 3241 4371 sanctis
3273 4307 3468 4366 divini-

1892 4432 2090 4492 tusque
2119 4419 2398 4475 instinctis
2445 4415 2706 4472 Patribus
2737 4409 2967 4473 nostris,
2998 4419 3233 4479 quorum
3267 4402 3465 4473 ingens

1891 4514 2065 4586 gloria
2114 4520 2230 4567 toto
2277 4510 2408 4564 orbe
2451 4506 2759 4562 celebratur
2789 4509 2844 4556 et
2884 4499 3213 4554 decantatur
3249 4511 3265 4548 :
3301 4501 3467 4561 atque

1893 4606 2378 4677 apOphthegmata,
2402 4616 2525 4671 quae
2555 4599 2642 4655 his
2688 4597 2756 4653 de
2787 4597 2952 4652 rebus
2987 4593 3223 4664 sparsim
3255 4588 3464 4658 jacent,

1893 4698 1947 4752 in
1974 4698 2194 4752 modum
2227 4693 2421 4749 ﬂorum
2451 4692 2593 4746 lecta
2625 4696 2776 4750 sunt,
2819 4695 2874 4741 et
2912 4686 2969 4741 in
2999 4699 3131 4739 suns
3160 4681 3349 4736 titulos
3380 4693 3468 4733 re-

1895 4789 2019 4842 lata.
2054 4786 2220 4856 Atqui
2255 4785 2576 4839 universum
2625 4793 2762 4850 opus
2809 4777 2965 4832 libris
3000 4776 3180 4831 tribus
3195 4770 3468 4826 -contine-

1893 4885 2003 4944 tur;
2029 4891 2260 4946 quorum
2291 4873 2498 4944 primus
2533 4886 2597 4926 ex
2631 4869 2701 4925 iis
2739 4875 2978 4931 constat,
3021 4880 3050 4920 a
3079 4862 3278 4934 quibus
3306 4857 3468 4913 Chri-

1897 4968 2107 5025 stianos
2137 4967 2192 5020 in
2235 4963 2429 5035 primis
2459 4963 2617 5017 decet
2643 4958 2957 5029 auspicari;
2985 4956 3244 5011 nimirum
3269 4967 3298 5004 a
3333 4948 3464 5012 Deo,

1898 5069 2060 5129 atque
2091 5058 2158 5112 ab
2182 5057 2430 5127 ipsismet
2458 5052 2774 5125 primordiis
2797 5050 2993 5105 trinam
3020 5045 3259 5116 etplicat
3283 5040 3466 5095 unita-

200 5129 344 5193 δίως
401 5132 680 5202 εὑρίσκειν
710 5138 778 5190 τὰ
807 5135 1132 5209 ζητούμενα,
1182 5142 1211 5194 ὁ
1261 5140 1424 5207 πίναξ
1468 5143 1576 5195 τῶν
1617 5161 1788 5212 κεφα-

1897 5159 2028 5204 tem.
2064 5147 2352 5204 Secundus
2392 5145 2459 5201 de
2497 5160 2679 5200 rerum
2711 5143 3077 5197 humanarum
3112 5139 3465 5206 coagmenta-

201 5221 402 5288 λαίων,
433 5224 603 5294 ἤγουν
631 5229 678 5280 οἱ
712 5228 900 5297 τίτλοι,
933 5231 1074 5286 κατὰ
1131 5236 1390 5300 στοιχεῖον
1419 5234 1699 5303 σύγκειται
1741 5236 1787 5275 Ιι·

202 5315 305 5367 καὶ
335 5313 566 5370 ἕκαστον
596 5319 926 5392 ζητούμενον
957 5325 1254 5392 κεφάλαιον
1288 5327 1644 5398 εὑρεθήσεται
1677 5327 1791 5380 κεί-

207 5426 382 5478 μενον
403 5411 462 5473 ἐν
486 5410 564 5483 τῷ
591 5417 879 5485 γράμματι
927 5417 1022 5488 ἀφ’
1059 5413 1122 5474 οὗ
1155 5423 1250 5476 καὶ
1280 5423 1539 5494 ἄρχεται·
1571 5417 1700 5486 οἷον,
1731 5425 1790 5476 τὸ

279 5545 306 5577 ³
332 5543 505 5601 Eccli.
548 5565 694 5617 xxiv,
719 5550 811 5605 ‘29.

1901 5240 2046 5295 tione
2083 5246 2138 5294 et
2173 5243 2317 5294 statu
2361 5235 2526 5290 verba
2582 5232 2732 5288 facit.
2786 5231 3004 5285 Tertius
3060 5223 3343 5297 speciatim
3400 5219 3470 5274 de

1898 5331 2101 5386 virtute
2146 5337 2200 5386 et
2231 5328 2368 5383 vitio
2420 5332 2638 5382 tractat.
2691 5326 2959 5380 Caeterum
2999 5335 3108 5390 quo
3142 5315 3358 5372 facilius
3386 5314 3470 5368 in-

1898 5421 2072 5478 veniri
2103 5420 2318 5490 possint
2357 5433 2418 5474 ea
2448 5431 2569 5489 qua:
2596 5423 2940 5487 quaeruntur.
2983 5410 3150 5467 index’
3203 5406 3479 5478 capitum,

1504 5623 1741 5680 VARI/13
1780 5622 2185 5680 LECTIONES.

280 5724 690 5807 ‘Buycfucald.
717 5731 967 5807 ’ξωᾴννρυ
1000 5731 1372 5807 πρεσϐυτέρου
1409 5734 1502 5807 καὶ.
1527 5735 1776 5807 μοναχοῦ-
1792 5735 1881 5787 τοῦ
1903 5737 2289 5807 Δαμασκηνοῦ,
2320 5705 2428 5790 των
2450 5733 2929 5807 ἐκλογῶνίρίϐλιον
2961 5729 3141 5807 αηκαὶ
3168 5730 3220 5799 β.
3274 5729 3303 5769 Β
3332 5697 3467 5783 ibid.

209 5800 271 5852 λε.
281 5811 348 5864 γο
353 5797 531 5866 μένων
538 5839 550 5850 .

677 5811 700 5840 ο
737 5801 868 5857 ibid.
898 5801 1096 5856 ἔνεστι.
1149 5801 1177 5842 ά
1205 5801 1335 5857 ibid.
1364 5813 1418 5857 et
1445 5801 1639 5858 Venet.
1665 5801 1935 5868 αῦξουσα.

2042 5818 2066 5846 ο
2117 5802 2258 5878 Βύρ.
2281 5802 2598 5878 ᾁναγκαίαζ
2619 5802 3128 5878 εεάγοηειὶειιιῂοε
3159 5813 3322 5878 vo_c_es
3349 5811 3458 5850 non

212 5867 450 5950 lusitent.
485 5866 528 5950 ,ί
561 5869 934 5950 Κιιρείυεαίὰλ
963 5873 1030 5925 τὰ
1076 5871 1366 5950 ,σποράδην
1398 5871 1646 5950 κείμενα..
1737 5866 1923 5950 (ibid.
1954 5866 2242 5950 προσήκεῖ.
2271 5875 2322 5950 ,δ
2355 5866 2486 5933 ibid.
2521 5879 2585 5947 τῇ
2611 5875 2862 5947 τριαδικῇ
2893 5871 3078 5946 μονάδι
3101 5867 3456 5941 φωτίζονσαν·

222 5949 245 5979 ³
280 5934 418 5993 ibid.
451 5934 711 6009 εἰρημένα
736 5941 971 6008 περιείλ.

1071 5941 1083 5990 i
1121 5940 1282 5999 Deest
1308 5942 1383 5997 δέ.
1471 5940 1502 5982 ιιί
1529 5943 1660 5998 ibid.
1697 5940 2029 6001 σύᾶκεινταί.
