4024 6416
561 396 586 460 1
600 399 706 465 043

1752 401 1813 459 S.
1843 400 2163 466 IOANNIS
2190 403 2618 465 DAMASCENI

3694 402 3820 465 ιοιι

557 520 672 577 sive
708 518 877 582 tituli,
914 515 1107 570 ordine
1137 515 1483 585 alphabetico
1525 515 1868 583 compositus
1915 525 1999 571 est
2030 535 2042 570 :
2084 524 2139 570 et

2264 520 2352 573 ιπδ
2402 521 2495 575 τοῦ
2534 523 2680 592 ἄλφα
2709 564 2723 587 .
2779 523 2857 585 είς
2888 520 2950 575 τὸ
2979 520 3124 591 ἄλφα
3176 523 3469 591 στοιχεῖον·
3502 520 3594 571 καὶ
3627 518 3687 570 τὸ
3718 520 3820 571 ἀπὶ)

559 609 987 681 unumquodque
1044 614 1208 677 caput
1238 608 1293 661 in
1318 624 1380 662 ea
1413 607 1591 661 littera
1616 607 1779 661 silum
1812 608 2133 676 reperietur,

558 715 590 754 a
621 718 727 772 qua
790 699 1029 769 incipit:
1071 697 1309 768 exempli
1359 698 1572 767 gratia,
1612 713 1731 766 qum
1782 696 2054 766 incipiunt
2107 714 2137 751 a

560 795 737 849 littera
767 809 823 853 α,
853 793 906 845 in
938 792 1206 846 elemento
1236 808 1270 843 α
1302 809 1314 844 :
1350 806 1470 856 qua:
1493 806 1523 844 a
1560 789 1612 859 β,
1654 790 1708 843 iu
1742 790 2038 855 elemento,
2086 791 2135 859 β,

559 895 611 940 et
639 885 720 939 sic
751 883 818 939 de
854 883 1100 951 reliquis.
1134 882 1193 935 In
1228 882 1334 952 [ine
1387 891 1569 936 autem
1630 882 1898 953 cujusque
1944 883 2141 939 litterae

561 978 706 1032 tituli
765 986 893 1031 sunt
940 976 1051 1030 alio
1105 975 1366 1029 lectorem
1428 974 1795 1037 remittentes,
1842 976 1908 1030 de
1937 976 2141 1045 quibus

561 1086 690 1125 mox
722 1084 894 1139 pauca
929 1067 1104 1123 dicam
1140 1083 1263 1120 cum
1296 1068 1422 1136 quis
1452 1082 1640 1122 eorum
1688 1067 1763 1123 sit
1792 1084 1926 1123 usus
1957 1070 2138 1123 decla-

563 1163 717 1218 rabo.
783 1161 1252 1228 Quemadmodum
1303 1161 1470 1230 280
1522 1170 1702 1215 autem
1756 1163 1943 1216 vinum
2000 1178 2141 1233 aqua

564 1260 925 1321 temperatum
980 1265 1149 1305 suave
1207 1260 1290 1304 est
1342 1258 1397 1303 et
1445 1250 1750 1317 jucundam
1806 1250 2141 1321 voluptatem

565 1343 860 1413 quamdam
890 1341 1090 1407 eﬂicit,
1152 1340 1233 1396 sic
1292 1354 1513 1410 quoque
1569 1349 1681 1393 tota
1736 1341 1902 1410 hujus
1961 1342 2143 1411 operis

566 1444 870 1499 structura,
906 1443 1097 1505 utpote
1149 1449 1217 1488 ex
1252 1432 1452 1486 divinis
1484 1432 1709 1489 Litteris
1736 1442 1791 1489 et
1824 1445 2144 1488 sanctorum

567 1541 632 1581 ac
659 1526 926 1581 divinitus
960 1525 1266 1579 albatorum
1284 1522 1507 1577 Patrum
1529 1524 2004 1581 lucubrationibus
2020 1540 2147 1592 per-

567 1622 755 1682 mista,
777 1635 902 1674 cum
931 1620 1204 1686 ingentem
1228 1617 1341 1672 illis
1363 1617 1455 1687 qui
1492 1617 1704 1687 legendi
1729 1617 1962 1673 studiosi
1994 1626 2143 1684 sunt,

568 1713 986 1768 oblectationem
1023 1711 1198 1774 aﬂert,
1224 1718 1338 1765 tum
1376 1710 1548 1764 multa
1582 1709 1747 1766 etiam
1776 1710 1857 1766 cis
1880 1711 1971 1781 qui
2011 1719 2151 1765 stre-

568 1819 679 1858 nuc
709 1803 1034 1858 incumbunt
1071 1802 1270 1867 labori,
1317 1802 1385 1856 ad
1418 1818 1481 1858 ea
1513 1817 1637 1872 quae.
1676 1802 1884 1871 legunt,
1912 1802 2150 1857 retinen-

569 1895 661 1957 da,
688 1910 753 1949 ac
780 1895 1017 1964 denique
1063 1910 1172 1949 non
1212 1896 1464 1964 exiguam
1517 1893 1820 1948 lectoribus
1860 1895 2148 1964 quibusvis

2238 613 2332 665 τοῦ
2365 612 2525 683 βῆτα,
2566 616 2646 677 είς
2674 613 2735 666 τὸ
2782 614 2949 684 βῆτα⁸
2977 612 3178 683 ὁμοίως
3214 612 3312 665 καὶ
3353 610 3421 663 τὰ
3454 608 3582 678 ἑξῆς
3617 609 3821 661 ᾶπαντα

2244 706 2503 774 στοιχεῖα.
2553 705 2641 757 Ἐν
2680 705 2824 758 τέλει
2883 702 2996 757 δὲι
3050 704 3281 758 ἑκάστου
3332 700 3665 773 γράμματός
3722 699 3821 749 εἰσι

2240 793 2410 847 τίτλοι
2452 795 2953 865 παραπεμπόμενοι
2978 834 2991 856 ,
3027 794 3155 863 περὶ
3179 787 3253 845 ὧν
3292 790 3492 861 μικρὸν
3520 788 3743 856 ὕστερον
3776 788 3822 838 ὲν

2243 888 2354 949 τοῖς
2377 886 2569 949 τόποις
2592 886 2888 957 γενόμενος
2919 884 3127 956 βραχέα
3166 882 3306 952 ἐρῶ,
3339 879 3531 949 σαφῶς
3560 878 3622 930 τὸ
3646 878 3705 941 ἐξ
3731 878 3823 929 αὖ·

2242 978 2354 1031 τῶν
2379 984 2651 1049 χρήσιμον
2680 977 2988 1049 παριστῶν.
3032 978 3128 1029 Ὃν
3165 974 3222 1027 δὲ
3250 974 3460 1045 τρόπον
3509 967 3651 1033 οἶνος
3681 968 3822 1021 ὕδατι
3868 1036 3871 1039 Α

2248 1069 2601 1141 συγκραθεὶς,
2632 1069 2765 1141 ἡδύς
2790 1070 2908 1123 ἐστι
2948 1069 3043 1123 καί⁵
3074 1068 3348 1138 ἐπιτερπῆ
3383 1064 3485 1134 τὴν
3514 1066 3675 1133 χάριν
3699 1062 3825 1114 ἀπο-

2244 1164 2422 1216 τελεῖ·
2460 1161 2634 1225 οὖτως
2665 1162 2813 1232 καὶὴ
2849 1160 3165 1229 κατασκευὴ
3192 1157 3317 1212 ὅλου
3337 1154 3434 1209 τοῦ
3464 1152 3824 1222 συγγράμμα-

2246 1272 2359 1318 τος,
2390 1254 2702 1325 σύμμικτος
2724 1250 2860 1306 οὖσα
2881 1252 2989 1306 ἀπὸ
3016 1252 3117 1321 τῆς
3151 1249 3303 1312 Θείας
3335 1245 3587 1318 Γραφῆς,
3612 1242 3827 1296 καὶτῶν

2246 1347 2412 1401 ὁσίων
2456 1347 2552 1400 καὶ
2580 1346 2858 1417 θεοφόρων
2893 1343 3106 1416 ἀνδρῶν
3133 1385 3149 1410 ,
3185 1340 3390 1411 πολλὴν
3422 1338 3560 1408 ἔχει,
3588 1338 3703 1399 τοῖς
3738 1335 3828 1402 μὲν

2250 1439 2597 1509 βουλομένοις
2626 1437 3021 1507 ἀναγινώσκειν
3052 1434 3438 1507 ψυχαγωγίαν,
3469 1432 3583 1491 τοῖς
3609 1428 3669 1481 δὲ
3688 1428 3828 1498 φιλο-

2250 1530 2527 1597 πονοῦσιν,
2561 1533 2641 1595 είς
2680 1531 2741 1584 τὸ
2788 1530 2876 1585 διά
2904 1531 3127 1601 μνήμης
3174 1524 3467 1582 ἀναλαϐεῖν
3496 1520 3827 1591 εὐμάρειαν·

2252 1626 2387 1675 πᾶσι
2429 1622 2487 1676 δὲ
2519 1626 2633 1687 τοῖς
2690 1623 3138 1693 ἐντυγχάνουσιν,
3186 1617 3478 1687 ὠφέλειαν.
3516 1614 3628 1669 Καὶ
3662 1613 3712 1666 εἱ
3744 1612 3832 1681 μὲν

2252 1713 2432 1776 καλῶς
2462 1714 2558 1766 καὶ
2584 1715 2974 1786 προσηκόντως
3001 1713 3384 1773 συντέτακται,
3409 1706 3574 1761 τοῦτο
3589 1706 3692 1775 τῆς
3713 1702 3835 1756 ἂνω-

2255 1806 2346 1859 θεν
2383 1808 2618 1878 ὑπάρχει
2649 1809 2842 1879 ῥοπῆς.
2878 1808 2941 1860 Εί
2962 1807 3018 1860 δὲ
3052 1805 3357 1875 βαναύσως,
3388 1802 3487 1855 καὶ
3512 1799 3575 1853 οὐ
3608 1797 3731 1851 λίαν
3757 1796 3834 1847 εὖ-

2259 1900 2484 1971 στόχως,
2523 1901 2681 1955 τοῦτο
2730 1901 2792 1953 τὸ
2823 1900 2922 1970 τῆς
2950 1900 3094 1969 ἐμῆς
3145 1896 3453 1957 ἀσθενείας.
3512 1894 3726 1959 Ὀνομσ-
3768 1887 3836 1953 τῷ

570 1988 889 2042 utilitatem.
928 1988 1005 2042 Ac
1030 1988 1078 2043 si
1104 1987 1323 2058 quidem
1353 1993 1503 2041 recte
1543 1993 1596 2040 et
1624 1992 1684 2039 ut
1726 2001 1826 2055 par
1858 1994 1963 2050 est,
1999 1988 2155 2042 volu-

2264 1992 2366 2062 ὅλῳ
2396 1994 2737 2064 συντάγματι
2770 1992 2843 2047 τὰ
2878 1992 3026 2062 ἱερά.

545 2098 697 2151 _men
730 2083 835 2137 hoc
864 2083 1257 2138 concinnatum
1289 2082 1599 2145 εει,ἀίνίηο
1627 2081 1680 2135 id
1709 2083 1918 2135 auxilio
1947 2084 2148 2139 ascribi
2192 2085 2395 2143 debet:
2432 2091 2518 2144 sin
2587 2104 2717 2145 vero
2784 2088 2971 2160 pingui
3031 2086 3298 2150 Minerva,
3344 2094 3653 2155 parumque
3706 2074 3838 2132 felici

569 2189 855 2238 successu,
902 2174 1006 2230 hoc
1040 2174 1409 2229 imbecillitati
1454 2188 1588 2227 mea:
1621 2171 1974 2226 tribuendum
2023 2176 2148 2229 erit.
2189 2174 2386 2232 Totum
2418 2194 2582 2249 porro
2610 2181 2868 2236 volumen
2903 2194 3062 2233 sacra
3092 2182 3469 2245 nuncupatur.

642 2266 797 2323 Scire
826 2275 1010 2321 autem
1044 2274 1282 2336 oportet,
1318 2282 1348 2322 e
1375 2265 1622 2320 Philonis
1650 2266 1811 2319 etiam
1842 2274 1897 2318 et
1924 2264 2151 2336 Iosephi

570 2356 1058 2412 lucubrationibus
1100 2358 1359 2411 collectas
1394 2372 1519 2412 esse
1568 2356 1893 2420 sententias,
1932 2357 1999 2411 ad
2032 2358 2152 2412 lau-

571 2448 695 2504 dem
749 2449 960 2505 scilicet
1016 2450 1346 2504 Christiana:
1394 2450 1664 2513 veritatis,
1719 2465 1884 2519 quam
1937 2451 2152 2522 ipsimet

573 2538 878 2598 adversarii
906 2541 1026 2609 ejus
1052 2541 1583 2597 commendaverint.
1676 2542 1681 2545 “

956 2633 1445 2688 Transmissionum
1487 2634 1796 2703 explicatio.

649 2725 810 2781 Modo
830 2727 1082 2797 sequitur
1108 2737 1160 2781 ut
1194 2728 1261 2782 de
1292 2727 1814 2783 trausmissiouibus
1844 2727 2156 2793 titulorum,

577 2820 695 2889 qui,
729 2836 854 2873 cum
912 2821 982 2875 ab
1031 2820 1222 2875 eadem
1268 2820 1449 2875 littera
1490 2821 1781 2891 incipiant,
1813 2821 1940 2875 alibi
1973 2830 2155 2876 tamen

578 2912 743 2981 positi
792 2918 922 2965 sunt
961 2920 1015 2967 et
1050 2912 1423 2981 reperiuntur,
1472 2927 1781 2967 sermonem
1837 2912 2153 2967 habeamus.

581 3004 767 3058 Dicam
796 3020 923 3059 vero
947 3005 1077 3074 quid
1109 3006 1180 3059 sit
1226 3006 1604 3068 trausmissio,
1637 3014 1691 3060 et
1726 3020 1889 3074 quam
1926 3004 1996 3057 ob
2027 3018 2158 3057 cau-

581 3109 698 3148 sam
731 3096 971 3150 inventa.
998 3094 1369 3151 Transmissio
1396 3104 1479 3152 est
1511 3096 1679 3151 dictio
1709 3111 1807 3150 nos
1842 3110 1907 3150 eo
1927 3091 2158 3157 ducens,

587 3185 683 3238 ubi
720 3186 991 3255 quidquid
1031 3186 1354 3255 quaerimus,
1386 3187 1676 3257 reperitur.
1706 3184 1955 3256 Magnam
1983 3193 2164 3239 autem

586 3276 705 3331 haec
738 3277 1028 3331 utilitatem
1062 3277 1205 3331 libro
1256 3277 1415 3333 aﬂert
1456 3296 1470 3331 :
1520 3294 1627 3330 non
1676 3276 1842 3330 modo
1872 3276 2019 3331 enim
2062 3277 2167 3329 hoc

583 3379 835 3440 prastat,
868 3379 930 3424 ut
958 3370 1200 3425 breviter
1231 3370 1440 3439 aliquid
1467 3369 2039 3439 comprehendamus;
2069 3366 2165 3421 sed

585 3459 750 3513 etiam
783 3461 1049 3515 orationis
1083 3461 1458 3531 prolixitatem
1484 3468 1756 3530 amputat,
1791 3467 1850 3513 ut
1881 3468 2009 3529 pote
2045 3474 2169 3529 qua:

587 3548 777 3603 eadem
809 3560 1052 3620 repetere
1074 3566 1187 3605 non
1219 3552 1387 3615 sinat,
1426 3566 1525 3605 nec
1562 3549 1930 3621 frequentiori
1984 3565 2168 3605 rerum

586 3640 900 3694 earumdem
934 3640 1225 3696 iteratione
1255 3641 1558 3695 molestiam
1591 3641 1935 3697 auditoribus
1956 3657 2165 3697 creare.

585 3732 753 3801 Atqui
780 3733 1127 3802 potissimum
1187 3734 1405 3788 inventa
1440 3740 1547 3799 est,
1592 3734 1664 3788 ob
1710 3748 1775 3788 ea
1811 3748 1932 3803 qua:
1966 3734 2169 3789 similia

590 3833 738 3888 sunt,
771 3824 885 3879 sive
912 3841 1034 3895 quae
1090 3824 1467 3893 multipliciter
1512 3826 1580 3879 de
1627 3839 1734 3878 una
1777 3825 2082 3895 eademque
2113 3840 2171 3879 re

589 3916 970 3970 enuntiantur.
998 3915 1150 3970 Multi
1187 3917 1456 3987 siquidem
1490 3916 1547 3971 in
1574 3918 1822 3987 quolibet
1848 3918 1991 3971 libro
2024 3917 2169 3971 tituli

589 4017 739 4069 sunt,
792 4022 1027 4076 quorum
1091 4007 1383 4077 inscriptio
1437 4017 1675 4077 quatuor
1732 4008 2073 4072 nominibus,
2109 4022 2172 4063 ac

589 4098 826 4153 fortasse
859 4098 1027 4154 etiam
1067 4099 1322 4168 pluribus
1354 4110 1574 4154 constet
1606 4119 1620 4154 :
1663 4117 1712 4154 v.
1754 4117 1838 4170 gr.
1876 4100 1951 4154 De
1982 4116 2170 4171 super-

590 4191 689 4254 bis,
718 4201 769 4245 et
798 4191 1074 4259 fastuosis,
1106 4200 1155 4244 et
1183 4193 1553 4260 arrogantibus
1573 4234 1589 4256 ,
1654 4202 1704 4246 et
1758 4194 1933 4246 inanis
1986 4193 2171 4260 gloria:

589 4282 818 4351 cupidis.
852 4282 976 4336 Haec
1006 4282 1152 4336 enim
1181 4284 1307 4337 licet
1337 4298 1364 4334 τι
1395 4284 1626 4339 diversis
1662 4285 2168 4355 litterisincipiant,

589 4374 803 4428 ratione
821 4381 1002 4427 tamen
1023 4374 1264 4429 materiae
1281 4374 1425 4428 idem
1440 4384 1591 4430 sunt.
1613 4373 1765 4430 Unde
1783 4376 1948 4431 etiam
1964 4375 2167 4431 factum

2346 2275 2542 2327 ’ἰστέον
2573 2274 2631 2327 δὲ
2653 2273 2729 2337 ὡς
2762 2281 2802 2303 ⁸³
2832 2272 2927 2326 καὶ
2966 2270 3077 2324 ἀπὸ
3101 2268 3210 2322 τῶν
3234 2266 3331 2321 τοῦ
3352 2266 3593 2325 Φίλωνος
3613 2262 3713 2314 καὶ
3735 2262 3836 2313 Ἰω-

2263 2367 2480 2436 σήππου
2522 2362 2920 2433 συνταγμάτων
2963 2368 2990 2396 η
3046 2355 3415 2429 ἠθροίσθησαν
3475 2350 3719 2421 γνῶμαι,
3770 2348 3839 2405 εις

2265 2460 2422 2522 κλέος
2449 2458 2547 2526 τῆς
2582 2456 2713 2527 παρ’
2749 2457 2880 2525 ἡμῖν
2912 2450 3197 2523 ἀληθείας,
3244 2447 3337 2501 καὶ
3367 2445 3475 2499 ὑπὸ
3509 2439 3792 2512 δυσμενῶν
3814 2446 3836 2473 ⁸

2265 2553 2471 2622 ἀνευφη
2482 2566 2582 2621 μου
2592 2550 2781 2621 μένης.

2600 2642 2669 2695 ’11
2715 2641 2897 2703 λύσις
2936 2635 3055 2690 τῶν
3088 2628 3525 2703 παραπομπῶν.

2347 2734 2633 2791 Ἐντεῦθεν
2672 2735 2728 2784 αι
2781 2729 3153 2801 παραπομπαὶ
3202 2724 3310 2777 τῶν
3339 2722 3559 2783 τίτλων,
3592 2718 3706 2769 τῶν
3744 2714 3835 2767 ἀπὸ

2264 2829 2357 2886 τοῦ
2386 2826 2551 2883 αὐτοῦ
2591 2823 2857 2896 στοιχείου
2881 2820 3223 2891 ἀρχομένων,
3261 2816 3354 2869 καὶ
3385 2809 3625 2881 ἀλλαχοῦ
3658 2806 3834 2877 κειμέ-

2264 2940 2369 2977 νων
2394 2936 2453 2973 τε
2481 2958 2497 2981 ,
2560 2917 2655 2970 καὶ
2712 2912 3142 2986 εὑρισκομένων.
3180 2905 3517 2975 Λεχθήσεται
3567 2899 3621 2951 δὲ
3649 2895 3703 2948 τί
3735 2896 3836 2946 ἐστι

2266 3009 2641 3083 παραπομπὴ,
2660 3006 2753 3060 καὶ
2768 2985 2835 3058 δι’
2858 3003 2924 3074 ἢν
2949 3000 3127 3056 αἰτίαν
3152 2995 3461 3067 ἐξεύρηται.
3489 2985 3833 3083 Παραπομπή

2267 3079 2385 3157 ἐστι
2414 3100 2561 3167 λέξις
2589 3097 2879 3171 ὁδηγοῦσα,
2901 3092 2997 3148 καὶ
3016 3092 3249 3145 ἕλκουσα
3279 3088 3428 3156 ἡμᾶς
3464 3082 3595 3135 ἔνθα
3620 3079 3835 3131 ἕκαστον

2268 3197 2377 3251 τῶν
2417 3193 2768 3265 ζητουμένων
2805 3187 3144 3260 εὑρίσκεται.
3183 3178 3391 3249 Πολλὴν
3432 3177 3491 3229 δὲ
3519 3175 3714 3245 χρεῖαν
3739 3172 3835 3271 sla-

2271 3292 2429 3361 φέρει
2460 3287 2539 3358 τῷ
2568 3284 2931 3353 συντάγματι.
2968 3279 3042 3332 Οὐ
3075 3276 3234 3347 μόνον
3259 3271 3366 3343 γάρ
3393 3270 3665 3338 σύντομον
3691 3270 3838 3316 κατα-

2271 3360 2434 3452 ληψιν
2466 3377 2773 3451 χαρίζεται,
2799 3372 2937 3427 ἀλλὰ
2964 3372 3061 3424 καὶ
3084 3370 3255 3440 μῆκος
3275 3365 3433 3432 λόγου
3465 3360 3834 3452 ὑποτέμνεται,

2275 3446 2740 3545 μῆνσυγχωροῦσα
2784 3462 3153 3531 παλιλλογεῖν,
3188 3458 3282 3511 καὶ
3320 3458 3390 3509 τὰ
3420 3452 3566 3506 αὐτὰ

2273 3536 2529 3633 λέγοντας
2547 3536 2781 3631 ἐνοχλεῖν
2810 3555 2941 3618 τοὺς
2966 3552 3286 3613 ἀκούοντας.
3320 3547 3582 3602 Μάλιστα
3609 3542 3668 3595 δὲ
3698 3536 3835 3607 ἐξηύ-

2275 3674 2436 3728 ρηται
2457 3654 2547 3709 διὰ
2567 3652 2635 3707 τὰ
2657 3650 3012 3723 ὁμοιότροπα,
3040 3646 3208 3717 ἡγουν
3231 3642 3303 3697 τὰ
3324 3639 3419 3695 ἐπὶ
3450 3638 3571 3702 ἑνὸς
3602 3636 3837 3708 πρᾶγμα·

2273 3767 2363 3812 τος
2389 3746 2673 3818 πολλαχῶς
2711 3742 3007 3814 λεγόμενα.
3040 3740 3298 3808 Διάφοροι
3327 3735 3437 3804 γάρ
3474 3736 3585 3786 είσι
3604 3729 3766 3783 τίτλοι
3788 3730 3835 3778 ἐν

2273 3843 2492 3911 ἑκάστῳ
2527 3838 2693 3911 βίϐλῳ
2721 3839 2786 3890 ὲκ
2819 3836 3102 3905 τεσσάρων
3141 3830 3443 3902 ὀνομάτων,
3498 3828 3633 3889 ἴσως
3663 3824 3719 3877 δὲ
3758 3823 3834 3911 καί

2275 3935 2339 3985 ἐκ
2369 3930 2632 3984 πλειόνων
2683 3927 2783 3990 τὰς
2842 3924 3154 3995 ἐπιγραφὰς
3207 3922 3453 3992 ἔχοντες·
3511 3911 3649 3981 οἷον,
3713 3909 3832 3977 Περί

2274 4020 2696 4091 ὑπερηφάνων,
2745 4017 2843 4072 καὶ
2875 4014 3169 4083 σοϐαρῶν,
3226 4013 3325 4067 καί
3382 4008 3710 4070 ἀλαζόνων,
3752 4018 3829 4057 ut

2274 4113 2632 4177 κενοδόξων.
2668 4110 2857 4164 Ταῦτα
2894 4108 3003 4178 γὰρ
3032 4108 3082 4159 εί
3110 4107 3204 4159 καὶ
3243 4104 3349 4158 ἀπὸ
3380 4102 3643 4171 διαφόρου
3674 4097 3829 4167 γράμο

2278 4226 2445 4281 ματος
2473 4209 2656 4277 ἔχουσι
2677 4204 2774 4273 τὴν
2795 4201 2988 4273 ἀρχὴν,
3016 4198 3215 4252 ταύτόν
3239 4198 3355 4250 ἐστι
3383 4194 3462 4264 τῷ
3486 4192 3824 4260 ὑποκειμέικιδ.

2275 4302 2366 4356 Διὸ
2389 4300 2482 4354 καὶ
2502 4298 2601 4369 τὴν
2634 4296 2742 4349 τῶν
2792 4295 3051 4367 ῥημάτων
3085 4290 3388 4360 παράθεσιν
3416 4287 3527 4340 ἀπὸ
3557 4289 3657 4351 τῆς
3701 4281 3827 4339 Θείας

2275 4392 2502 4465 Γραφῆς
2536 4390 2631 4443 καλ⁸
2679 4387 2789 4441 τῶν
2823 4384 2984 4439 όσίων
3032 4382 3293 4452 Πατέρων
3341 4379 3543 4440 κοινῶς
3588 4376 3823 4465 ἐδέξαντο.

588 4468 713 4530 esti,
766 4473 826 4519 ut
881 4465 1166 4520 nominum
1215 4466 1620 4537 verborumque
1679 4468 2082 4539 appositionem
2140 4484 2157 4522 ε

2276 4456 2607 4542 Κάὶ-πάλιν,
2640 4479 2781 4547 Περὶ
2832 4474 3198 4545 προπετοῦς,
3249 4470 3348 4525 καὶ
3392 4464 3697 4531 ἀναιδοῦς,
3734 4456 3824 4562 καὶ

590 4556 877 4627 Scriptura
918 4573 1078 4613 sacra
1128 4568 1183 4613 et
1228 4560 1438 4613 sanctis
1493 4559 1749 4615 Patribus
1796 4561 2168 4616 communiter

589 4648 927 4719 acceperint.
971 4649 1342 4722 Rursumque,
1397 4651 1469 4705 De
1523 4652 1818 4716 temerario,
1887 4661 1936 4707 et
1989 4654 2165 4717 impuo

589 4740 773 4806 dente,
807 4750 857 4805 et
895 4744 1316 4808 excandescenle,
1364 4754 1415 4799 et
1462 4746 1736 4811 iracundo,
1787 4754 1837 4799 et
1885 4746 2165 4802 cholerico.

587 4828 725 4885 Nam
755 4841 809 4887 et
846 4843 1044 4889 cuncta
1088 4836 1204 4889 lucc
1243 4839 1682 4894 consideratione
1720 4854 1889 4892 unum
1923 4848 1977 4893 et
2024 4839 2166 4893 idem

589 4937 738 4979 sunt.
767 4928 943 4997 Atque
974 4944 1044 4983 ne
1079 4929 1340 4987 lectiones
1362 4932 1582 4988 easdem
1613 4932 1679 4988 iis
1706 4931 2024 4998 tribuendo,
2048 4948 2170 5002 quae

586 5020 877 5076 vocabulis
914 5022 1204 5086 duntaxat,
1254 5038 1318 5078 ac
1365 5041 1471 5079 non
1526 5026 1653 5080 item
1687 5026 1852 5081 rebus
1891 5024 2172 5095 disjuncta

590 5119 741 5173 sunt,
772 5112 822 5166 in
857 5114 1227 5183 prolixitatem
1261 5115 1593 5180 incidamus,
1619 5119 1936 5174 necessario
1952 5119 2171 5189 excogi-

585 5213 701 5258 tata
733 5207 1086 5263 trausmissio
1125 5217 1208 5262 cst
1235 5226 1249 5262 :
1282 5209 1445 5276 cujus
1477 5210 1723 5265 videlicet
1751 5226 1857 5281 Ope
1889 5219 1942 5266 et
1968 5212 2172 5265 auxilio

595 5295 697 5350 hoc
728 5308 1101 5369 comparatur,
1151 5307 1213 5353 ut
1265 5300 1404 5354 tituli
1459 5317 1555 5356 seu
1598 5305 1777 5373 capita
1826 5303 2170 5373 alphabetieo

596 5387 782 5443 ardiue
803 5390 1054 5444 edantur.
1086 5388 1357 5456 Quocirca
1385 5391 1452 5446 iis
1482 5393 1574 5463 qui
1606 5394 1909 5447 litterarum
1931 5394 2163 5447 indicen

594 5477 800 5545 tegunt,
840 5479 1147 5535 faciendum
1176 5491 1277 5547 est,
1317 5490 1376 5536 ut
1415 5484 1867 5538 trausmissiunes
1904 5484 2004 5553 ipsi
2036 5482 2167 5537 sub-

2275 4576 2608 4648 θυμώδους,
2639 4572 2734 4627 καί
2768 4571 3036 4640 ὀργίλου,
3058 4565 3157 4620 καὶ
3184 4559 3653 4653 ὀξυχόλοψιξαι
3680 4552 3823 4653 raris:

2276 4642 2385 4738 γὰρ
2416 4666 2593 4720 πάντα
2634 4665 2691 4716 ὲν
2723 4662 2789 4730 τῇ
2822 4657 3026 4728 θεωρίᾳ
3073 4654 3401 4724 ὑπάρχουσι.
3434 4649 3547 4704 Καὶ
3573 4649 3657 4701 ἵνα
3686 4642 3749 4715 μὴ
3775 4642 3822 4738 ἐν

2274 4732 2564 4829 ’τῷ-νέμειν
2588 4754 2657 4808 τὰ
2682 4752 2823 4807 αὐτὰ
2852 4746 3259 4818 ἀναγνώσματα
3284 4746 3396 4807 τοῖς
3422 4743 3480 4794 ὲν
3514 4732 3821 4829 ῥήμασι,καὶ

2275 4854 2377 4905 οὐκ
2406 4853 2463 4904 ἐν
2498 4846 2786 4917 πράγμασι
2809 4839 3262 4914 κεχωρισμένοις,
3287 4834 3536 4906 μακροὺς
3560 4827 3819 4929 (inanimi:

2279 4962 2381 5015 μεν
2403 4913 2963 5010 λόγονῆ-ἀναγκαίως
2994 4936 3027 5004 ἡ
3051 4926 3403 5002 παραπομπὴ
3430 4924 3732 5015 eandm-rat,
3761 4913 3804 4964 δι

2275 5007 2343 5105 ἧς
2393 5007 2736 5101 περιγίνεται
2794 5026 2928 5096 ἡμῖν
2956 5025 2991 5093 ὴ
3030 5020 3173 5075 κατὰ
3212 5020 3477 5088 στοιχεῖον
3507 5013 3614 5067 τῶν
3636 5007 3815 5105 sideri.

2276 5126 2444 5195 ἤγουν
2469 5120 2579 5175 τῶν
2613 5118 2944 5187 κεφαλαίων,
2971 5114 3206 5176 έκθεσις.
3230 5110 3507 5180 Προσήκει
3528 5104 3694 5159 τοίνυν
3716 5098 3816 5157 τοὺς

2273 5212 2703 5283 ἐντυγχάνοντας
2738 5207 2817 5280 τῷ
2852 5206 3041 5261 πίνακι
3070 5202 3371 5273 στοιχείων,
3403 5200 3503 5253 καὶ
3532 5197 3628 5260 τὰς
3670 5203 3817 5283 παραυ

2275 5282 2501 5370 πομπάς
2554 5303 2653 5366 τὰς
2694 5297 3146 5368 ὑποτεταγμένας
3203 5293 3354 5364 αὐτῷ
3399 5282 3812 5346 ἐπισκέπτεσθαι.

2276 5399 2348 5451 Τὸ
2378 5400 2489 5469 γάρ
2513 5395 2675 5467 ζητού
2686 5412 2844 5468 μενον
2870 5391 3164 5460 κεφάλαιον
3191 5390 3247 5442 ὲν
3280 5387 3359 5441 ἑνὶ
3380 5385 3588 5439 τούτων
3614 5374 3810 5450 semei;-

2282 5502 2451 5537 σεται.

591 5567 759 5635 jectas
793 5570 1110 5638 inspiciunt.
1143 5570 1319 5642 Caput
1349 5572 1496 5626 enim
1528 5574 1672 5642 quod
1710 5574 2000 5645 qutesitum
2037 5575 2163 5634 erit,
2206 5570 2263 5627 in
2299 5574 2489 5625 harum
2525 5571 2707 5641 aliqua
2749 5569 3076 5639 reperietur.

1880 5711 2122 5768 VAR'IE
2179 5709 2583 5768 LECTIONES.

694 5831 709 5871 1
744 5831 867 5886 Haec
898 5834 1092 5887 desunt
1127 5835 1180 5887 in
1213 5830 1356 5902 Rup.
1397 5851 1576 5902 usque
1600 5831 1690 5893 ad,
1719 5834 1776 5883 ὃν
1803 5834 1858 5885 δὲ
1883 5833 2100 5902 τρόπος.

2215 5846 2255 5874 σι
2294 5831 2655 5901 Rupot‘ut-ald.
2686 5831 2787 5884 ὅτι.
2843 5839 2871 5868 ιι
2906 5830 3037 5885 ibid.
3085 5840 3554 5895 συγγραμματων.

3660 5823 3683 5853 ο
3705 5810 3814 5867 ibid.

606 5901 847 5974 Ἑϐραῖοι
866 5904 921 5958 δὲ
951 5903 1253 5974 ἀμφότεροι
1277 5888 1551 5972 χά“ι>.όγῖοι
1586 5888 1775 5969 ἄνδρες
1804 5888 2264 5961 ouemadmodum
2289 5914 2341 5960 et
2360 5888 2415 5959 in
2434 5904 2600 5959 altera
2622 5903 2941 5973 praefatione
2967 5915 3063 5958 seu
3086 5888 3316 5971 prologo
3329 5888 3585 5964 abonymi
3604 5888 3813 5953 habet!"-
