4024 6416
191 447 327 512 1069
1445 443 1684 504 SACRA
1716 442 1780 503 ΡΑ

1974 440 2176 502 LELA.
3316 426 3415 494 1οῗ
3417 431 3452 494 0
3561 439 3563 442 ’

772 561 1076 634 Στοιχεῒον
1100 562 1170 618 Ω.
1791 566 1838 624 Α

1791 566 1838 624 Α
2504 551 2706 608 Littera
2749 555 2815 608 Ω.

179 658 318 732 Περὶ
377 658 529 732 ῷρας
579 657 675 732 ita}
725 656 952 732 ἡμέραςΔ
983 657 1242 732 θανάτου,
1282 655 1406 732 mih
1425 655 1526 732 τῆς
1576 654 1758 732 ἐξόδου

1863 648 1902 703 Ι.
1937 648 2177 732 De_liora
2196 646 2355 703 etilie
2374 647 2590 711 mortis,
2615 654 2670 701 et
2691 659 2954 729 excessus
2988 642 3165 700 nostri
3189 660 3205 700 :
3227 651 3283 728 et
3305 645 3451 714 quod

280 718 473 799 ἡμῶν·
509 718 618 800 itai.‘
638 718 883 800 att-"193]
907 718 1081 800 ξήμᾶς
1142 718 1565 800 εὑτρεπζζεσθαι
1617 718 1761 796 πρὸς

1969 718 2185 800 adeam
2215 727 2466 800 oporteat
2499 733 2600 800 nos
2636 718 2936 786 praeparari
2975 734 2988 771 :
3019 724 3072 772 et
3097 729 3206 786 quo
3230 718 3284 769 in
3307 724 3453 772 statu

277 790 472 871 αἶῦτὴν,
495 799 592 852 καὶ
620 801 678 854 ὲν
697 791 742 868 ᾧ
777 790 1080 869 medim
1099 799 1200 870 τὴν
1231 790 1592 869 μετάστασιν.
1671 790 1683 796 ’

1969 790 2271 845 debeamus
2307 806 2338 844 ο
2373 791 2484 842 vita
2527 790 2789 860 migrare.

247 935 402 999 Ἕως
423 927 526 989 ὧδε
560 934 590 988 ὁ
612 931 793 1004 κῶδηξ
842 931 952 986 τῶν
982 933 1110 1004 τῇδε
1133 934 1200 1004 τῇ
1237 930 1406 1002 βίϐλῳ
1431 928 1764 1000 ἐντεταγμέ-

1938 925 2239 998 llucusque.
2278 927 2586 982 indiculum
2620 926 2914 998 posuimus
2955 942 3150 983 eorum
3187 942 3309 998 quae
3351 927 3455 983 hoc

173 1045 281 1082 νων
304 1045 319 1060 ο
351 1024 779 1097 ὲπελευσώμεθα
801 1024 992 1079 λοιπὸν
1024 1025 1117 1078 ἐπὶ
1147 1024 1244 1088 τὰς
1274 1024 1510 1078 ἑκάστου
1555 1021 1762 1076 τούτων

1868 1020 1924 1076 in
1952 1018 2098 1075 libro
2120 1028 2484 1076 recensentur
2514 1037 2528 1073 :
2569 1020 2736 1076 modo
2767 1029 3120 1078 transeamus
3150 1023 3216 1077 ad
3255 1038 3457 1077 unum-

175 1119 319 1175 κατὰ
340 1129 362 1157 ι’
386 1119 626 1192 στροφὴν
650 1119 747 1172 καὶ
768 1117 1076 1184 συντάξεις,
1103 1117 1491 1181 πλατύνοντες,
1523 1117 1617 1172 καὶ
1645 1116 1764 1170 δια-

1866 1113 2128 1185 quodque
2167 1121 2337 1184 caput
2392 1115 2813 1170 edisserendum
2859 1122 2915 1170 et
2963 1115 3455 1178 conscribendum.

174 1210 503 1282 τρανοῦντες
526 1208 725 1274 ταῦτα,
749 1210 824 1273 ὡς
845 1200 962 1264 οἶόν
989 1225 1072 1272 τε,
1095 1209 1162 1262 ἐκ
1192 1207 1302 1260 τῶν
1320 1207 1410 1261 διὰ
1444 1207 1763 1278 Πνεῦματος

1871 1207 2088 1278 singula
2145 1207 2491 1278 explicantes
2544 1207 3028 1280 declarantesque,
3095 1209 3277 1280 quoad
3337 1209 3460 1278 ejus

173 1302 339 1372 ἁγίου
395 1302 792 1374 ἐμφερομένων
821 1304 880 1356 ὲν
909 1303 1076 1373 ἱεροῖς
1121 1299 1442 1374 προφητῶν,
1482 1299 1579 1354 καὶ
1628 1301 1762 1354 ἀπο·

1872 1301 2072 1370 poterit
2104 1300 2246 1366 ﬁeri,
2277 1316 2342 1356 ex
2378 1299 2448 1354 iis
2478 1315 2606 1372 qua:
2636 1298 2851 1372 Spiritu
2896 1308 3094 1356 sancto
3150 1309 3376 1358 auctore
3404 1300 3461 1356 in

178 1395 408 1460 στόλων,
441 1397 538 1449 καὶ
571 1394 1004 1464 εὐαγγελιστῶν,
1050 1395 1145 1450 καὶ
1172 1393 1512 1448 διδασκάλων
1535 1393 1764 1460 δέλτοις,

1872 1395 2046 1452 sacris
2079 1395 2476 1468 prophetarum
2529 1405 2584 1451 et
2637 1397 3040 1467 apostolorum,
3082 1406 3249 1468 atque
3293 1413 3461 1454 evan-

176 1488 552 1559 προαγούσης,
582 1487 680 1542 καὶ
732 1485 1167 1561 προλαμποῦσης
1224 1487 1443 1542 πάντων
1502 1485 1602 1556 τῆς
1636 1487 1765 1558 περὶ

1874 1486 2193 1557 gelistarum
2225 1486 2631 1558 doctorumque
2653 1489 3026 1545 voluminibus
3053 1487 3348 1556 feruntur;
3404 1499 3463 1543 ut

175 1579 277 1650 τὴν
298 1580 734 1651 τριωπὸστατον
772 1580 904 1652 μίαν
925 1619 941 1647 ,
974 1581 1071 1636 καὶ
1096 1579 1428 1652 ἁσύγχυτον,
1457 1580 1552 1633 καὶ
1575 1577 1764 1650 ὀμοού-

1876 1591 2050 1638 tamen
2089 1596 2297 1647 sermo,
2327 1581 2492 1638 veluti
2526 1579 2615 1636 iax
2642 1591 2691 1637 et
2727 1582 2961 1654 lampas,
2997 1583 3368 1654 praeminatur
3396 1584 3465 1661 de

178 1685 297 1724 σιον
348 1668 581 1740 θεότητα
621 1669 936 1741 Θεολογίαςο
965 1671 1049 1725 ὅτι
1100 1669 1159 1738 ἐξ
1212 1670 1447 1742 αῠτῆςη
1485 1669 1625 1736 θεία,
1679 1669 1767 1726 καὶ

1874 1685 1979 1727 una
2015 1679 2070 1726 et
2104 1671 2158 1726 in
2192 1671 2371 1728 tribus
2401 1673 2659 1742 personis
2709 1674 2850 1728 citra
2899 1673 3285 1731 confusionem
3333 1677 3463 1729 sul)-

179 1767 472 1836 σωτήριος,
498 1765 593 1819 καὶ⁸
634 1763 899 1829 ζωοποιὺς
949 1763 1218 1836 ικαρίσθη
1265 1764 1400 1834 ἡμῖν
1451 1761 1638 1826 πίστις
1671 1761 1768 1817 καὶ

1875 1763 2128 1828 sistente,
2160 1762 2741 1833 consubstantialique
2762 1761 2986 1818 deitate.
3024 1762 3097 1817 Ex
3133 1761 3252 1834 ipsa
3285 1765 3464 1834 siqui-

175 1856 466 1927 ὁμολογία,
499 1857 534 1929 ἠ
557 1855 616 1911 δὲ
647 1855 792 1911 κατὰ
823 1856 986 1927 φύσιν
1017 1857 1112 1908 καὶ
1161 1854 1302 1920 εἶδος
1341 1854 1514 1927 αὐτῆς
1561 1853 1764 1927 ἵδρυσις

1877 1853 1994 1910 dem
2027 1853 2214 1910 divina
2243 1855 2642 1925 salutarisque,
2670 1863 2724 1910 et
2761 1853 2974 1910 vivitlca
3003 1854 3136 1912 tides
3166 1866 3221 1912 et
3246 1855 3466 1909 confes-

176 1949 464 2021 ιπ⁹αὐτῆς
518 1927 726 2005 εἴσεται
757 1961 779 1989 ³
815 1950 954 2022 μόνῃ
1000 1952 1068 2023 τῇ
1107 1949 1241 2022 ἁγίᾳ
1275 1949 1371 2004 καὶ⁵
1413 1949 1765 2021 προσκυνητῇ

1875 1944 1963 2002 sio
1991 1959 2260 2002 concessa
2304 1945 2466 2002 nobis
2505 1954 2614 2010 est,
2658 1947 2820 2016 cujus
2878 1945 3110 2001 ﬁrmitas
3161 1946 3462 2004 secundum

177 2041 400 2114 Τριάδι,
457 2042 601 2098 κατὰ
635 2043 700 2097 τὸ
735 2043 1062 2116 εἰρημένον,
1110 2041 1285 2106 οὐδεὶς
1329 2040 1591 2112 γινώσκει
1622 2059 1640 2093 ι
1671 2041 1766 2106 Τις

1877 2044 2129 2094 naturam
2161 2045 2216 2092 et
2251 2036 2494 2108 speciem
2538 2050 2698 2093 suam
2750 2034 2808 2090 in
2863 2035 2968 2091 hac
3014 2035 3131 2091 sola
3183 2043 3376 2090 sancta
3412 2043 3466 2087 et

177 2134 379 2188 ἔστινὸ
404 2134 554 2201 Υἱὸς,
580 2135 631 2189 εἰ
686 2133 764 2207 μὴ
785 2137 813 2189 ὁ
847 2135 1039 2208 Πατήρ
1065 2151 1080 2168 ·
1112 2134 1234 2188 οὐδὲ
1273 2133 1367 2188 τὸν
1425 2132 1643 2206 Πατέρα
1690 2149 1766 2198 τις

1878 2128 2156 2186 adoranda
2191 2127 2468 2185 Trinitate
2492 2129 2764 2185 consistat
2805 2146 2819 2184 :
2854 2129 3160 2185 sccmnlum
3194 2127 3343 2184 istud
3385 2129 3467 2182 ef-

179 2226 569 2298 ὲπιγινὼσκει,
633 2229 684 2283 εἰ
741 2227 866 2300 μὴὸ
902 2229 1050 2293 Υἱός.
1103 2227 1362 2294 Καὶ,Τὰ
1403 2225 1540 2282 Θεοῦ
1591 2226 1768 2290 οὐδεὶς

1877 2221 2052 2278 fatum
2087 2239 2102 2277 :
2145 2239 2164 2273 ι
2202 2221 2373 2278 Nemo
2405 2222 2558 2276 novit
2596 2221 2725 2292 quis
2764 2221 2838 2276 sit
2869 2218 3065 2288 Filius,
3115 2219 3222 2276 nisi
3279 2218 3463 2284 Pater,

183 2320 363 2390 ἔγνω,
401 2322 450 2374 εξ
487 2322 560 2393 μὴ
591 2319 655 2375 τὸ
689 2306 918 2392 Πνεῦμα
986 2321 1083 2375 τοῦ
1138 2319 1275 2375 Θεοῦ
1296 2359 1312 2384 ,
1355 2321 1415 2376 τὸ
1440 2319 1678 2393 ἐρευνῶν
1703 2319 1772 2374 τὰ

1876 2332 2058 2388 neque
2096 2315 2314 2371 Patrem
2343 2316 2471 2388 quis
2501 2316 2673 2381 novit,
2703 2315 2812 2371 nisi
2845 2313 3017 2371 Filius
3045 2315 3086 2369 ³.
3126 2334 3144 2367 ι
3179 2314 3464 2386 Itemque:

187 2410 328 2483 βάθη
359 2411 456 2464 τοῦ
481 2411 640 2466 Θεοῦ.
671 2430 688 2462 ι
713 2405 784 2484 ᾯ
814 2412 1019 2484 πρέπει
1075 2413 1226 2466 πᾶσα
1283 2411 1434 2477 δόξα,
1487 2412 1643 2484 τιμὴ,
1675 2411 1774 2466 καὶ

1885 2428 1904 2463 ι
1936 2408 2069 2477 Qua:
2108 2407 2202 2464 Dei
2226 2416 2357 2464 sunt
2387 2423 2550 2464 nemo
2581 2408 2754 2471 novit,
2793 2408 2900 2462 nisi
2949 2405 3189 2478 Spiritus
3223 2405 3344 2470 Dei,
3372 2406 3466 2476 qui

181 2503 583 2574 προσκύνησις,
632 2505 728 2559 σὺν
761 2502 843 2576 τῷ
863 2506 1088 2575 ἀνάρχῳ
1116 2505 1311 2574 Πατρι,
1375 2503 1473 2558 καὶ
1506 2502 1585 2574 τῷ
1617 2519 1770 2575 μονο-

1883 2508 2168 2557 scrutatur
2191 2499 2464 2572 prol‘unda
2493 2497 2650 2554 Dei‘.
2688 2517 2706 2552 ι
2740 2497 2900 2553 Hunc
2933 2498 3092 2553 decet
3117 2500 3317 2560 honor,
3351 2497 3470 2566 ειη-

180 2597 335 2663 γενεῖ
357 2595 454 2648 καὶ
493 2594 747 2667 συνάρχῳ
786 2593 920 2666 Υιῷ,
954 2594 1052 2649 νῦν
1075 2611 1156 2661 τε,
1210 2595 1306 2649 καὶ
1325 2595 1406 2659 εἰς
1461 2595 1590 2658 τοὺς
1641 2596 1769 2648 ἀτε-

1881 2595 1985 2658 ria,
2015 2602 2071 2649 et
2101 2593 2377 2660 adoratio,
2411 2609 2538 2648 cum
2580 2591 2741 2648 Patre
2770 2593 2930 2662 cujus
2962 2590 3294 2662 principium
3343 2590 3470 2644 nul.

182 2687 481 2758 λιυτήτους
529 2689 626 2742 καὶ
691 2687 1038 2760 ἀπεράντους
1101 2687 1304 2752 αἰῶνας
1366 2686 1476 2742 τῶν
1533 2687 1768 2742 αἰώνων.

1880 2687 1995 2745 lum
2030 2694 2136 2756 est,
2165 2697 2220 2744 et
2271 2688 2560 2760 unigenito
2593 2687 2755 2752 Filio,
2788 2686 2882 2758 qui
2928 2701 2997 2742 ex
3029 2684 3222 2742 eodem
3255 2698 3320 2738 ac
3351 2684 3469 2753 ipse

193 2777 395 2852 ’Διιίινο
691 2848 694 2851 ,
1883 2779 2158 2850 principio
2197 2785 2303 2844 est,
2351 2793 2500 2833 nunc
2547 2785 2602 2833 et
2651 2777 2707 2832 in
2753 2776 3106 2832 interminata
3149 2781 3204 2829 et
3253 2772 3466 2828 inﬁnita

1879 2871 2082 2927 saecula
2117 2870 2467 2928 saeculorum.
2498 2867 2691 2926 Amen.

1510 3003 1642 3059 VAll
1655 3003 1744 3059 UE
1783 3004 2193 3061 LECTIONES.

265 3103 289 3133 π
326 3091 598 3164 Suspecta
631 3109 759 3161 vox,
796 3103 891 3151 aut
921 3095 1152 3155 delenda
1179 3097 1378 3168 copula
1415 3097 1529 3152 καί.
1613 3104 1634 3131 ³
1669 3099 1854 3167 Forte,
1884 3099 1972 3152 ἐπ’
2005 3100 2142 3170 αὐτῇ
2167 3099 2404 3166 ἵσταται,
2437 3101 2517 3156 τοι
2547 3100 2752 3157 ἔσεται.

191 3309 3464 3348 W

1039 3481 1547 3570 ΙΩΑΝΝΟΥ
1619 3483 1849 3570 ΤΟΥ
1925 3479 2700 3573 ΔΑΜΑΣΚΗΝΟΥ

879 3673 1090 3786 ΤΑ
1163 3673 1564 3788 ΙΕΡΑ
1666 3665 2800 3788 ΠΑΡΑΛΛΗΛΑ.

1121 4060 1216 4148 8.
1279 4059 1794 4171 JOANNIS
1870 4065 2547 4158 DAMASCENI

940 4276 1510 4412 SACRA
1584 4275 2701 4412 PABALLELA.

728 4677 1124 4736 ΣτοιχειοΝ
1168 4687 1236 4738 Α.
1809 4678 1858 4740 c
2393 4675 2556 4748 297
2582 4673 2904 4732 LITTERA
2939 4677 3008 4738 Α.

195 4769 398 4835 Τιτλος
451 4769 690 4843 πρῶτος.
763 4803 832 4813 —
883 4773 1026 4842 Περὶ
1095 4773 1292 4828 ἀϊδίου
1335 4774 1620 4843 θεότητος
1676 4771 1790 4841 τῆς
1895 4765 2114 4824 Titulus
2143 4768 2464 4843 primus._—
2494 4769 2572 4824 De
2605 4781 2804 4843 attenta
2826 4771 3024 4828 deitate
3063 4785 3263 4830 sancta!
3285 4784 3483 4830 ctam:-

267 4843 448 4920 ὀπίας
493 4840 593 4920 ξιαρ
633 4840 974 4920 ὀμουυοςίοιί
998 4844 1270 4920 Τριάὃος·
1305 4844 1406 4898 καὶ
1437 4840 1528 4899 ὅτι
1560 4840 1650 4913 εἷς
1688 4840 1787 4898 καὶ
1964 4841 2337 4920 substantialis
2371 4841 2652 4920 Trinitatis
2680 4858 2700 4898 :
2731 4853 2778 4896 et
2817 4843 2956 4912 quod
2986 4861 3122 4899 unus
3145 4847 3391 4918 solusque
3412 4851 3480 4901 sit

263 4913 460 4980 μόνος
486 4911 585 4966 ἐπὶ
611 4911 806 4968 πᾶσιν
836 4916 870 4968 δ
902 4911 1069 4982 Θεόῤ.
1220 4911 1223 4912 ⁷
1626 4911 1638 4913 ’
1966 4927 2126 4980 super
2152 4913 2329 4966 omnia
2362 4913 2525 4967 Deus.

283 5023 302 5054 ι
331 4998 504 5058 Εἶπεν
553 5007 584 5058 ὁ
627 5004 789 5068 Θεός·
837 5007 1166 5078 Ποιήσωμεν
1199 5007 1487 5080 ἄνθρωπον
1550 5008 1671 5063 κατ’
1713 5008 1792 5062 ει·
1966 5002 2096 5059 Gen.
2132 5021 2171 5068 I,
2201 5004 2293 5059 26.
2317 5035 2385 5046 -
2418 5024 2436 5056 ι
2478 5004 2626 5059 Dixit
2660 5005 2804 5061 Deus
2842 5025 2855 5061 :
2887 5006 3179 5065 Faciamus
3203 5010 3479 5066 hominem

197 5093 340 5148 κόνα
371 5094 472 5165 τὴν
506 5095 802 5166 ἡμετέραν,
831 5095 927 5150 καὶ
951 5096 1074 5151 καθ’
1103 5097 1384 5168 ὁμοίωσιν.
1413 5117 1432 5152 ι
1893 5097 1965 5154 ad
2001 5099 2294 5169 imaginem
2326 5106 2382 5154 et
2417 5099 2836 5156 similitudinem
2870 5111 3139 5158 nostram.
3175 5123 3195 5156 ι

278 5203 300 5236 ι
337 5181 508 5239 Εἶπεν
546 5189 576 5240 ὁ
621 5185 756 5252 Θεός
779 5204 794 5220 ο
823 5186 958 5243 Ἰδοὺ
997 5189 1226 5259 γέγονεν
1261 5190 1456 5262 Ἀδὰμ,
1500 5191 1578 5254 ὡς
1617 5187 1698 5256 εἷς
1731 5191 1792 5258 ἐξ
1968 5190 2100 5247 Gen.
2131 5209 2217 5256 111,
2249 5192 2343 5249 22.
2375 5223 2446 5234 -
2479 5212 2498 5244 ι
2547 5193 2689 5248 Dixit
2715 5193 2858 5250 Deus
2886 5214 2900 5250 :
2939 5195 3080 5252 Ecce
3100 5197 3274 5252 Adam
3304 5197 3485 5254 factus

197 5275 385 5348 ἡμῶν.
422 5295 443 5330 ι
1895 5294 1980 5342 est
2003 5287 2147 5342 sicut
2167 5301 2312 5343 unus
2333 5301 2401 5341 ex
2427 5287 2612 5344 nobis.
2653 5307 2672 5341 ›

281 5388 302 5423 ι
326 5368 519 5435 Δεῦτε,
547 5371 891 5438 καταϐάντες
921 5365 1242 5446 συγχέωμεν
1277 5374 1460 5430 αὐτῶν
1491 5374 1592 5448 τὴν
1621 5375 1793 5445 γλῶσο
1968 5373 2100 5430 Gen.
2133 5393 2211 5443 χι,
2247 5378 2298 5432 ’1.
2323 5407 2392 5419 -
2420 5398 2438 5429 ι
2484 5377 2698 5444 Venite.
2728 5387 2783 5436 et
2811 5379 3212 5437 descendentes
3246 5383 3485 5439 confun-

201 5477 329 5524 σαν,
361 5460 452 5514 ἵνα
487 5459 563 5534 μὴ
595 5462 908 5518 ἀκούσωσιν
926 5463 1158 5530 ἕκαστος
1181 5465 1282 5536 τῆς
1309 5465 1496 5537 φωνῆς
1525 5465 1622 5520 τοῦ
1649 5466 1790 5538 πλη-
1895 5466 2095 5522 damus
2127 5469 2369 5540 linguam
2410 5486 2624 5537 eorum,
2651 5478 2711 5527 ut
2735 5489 2844 5529 non
2880 5474 3070 5530 audiat
3101 5477 3486 5546 unusquisque

203 5550 342 5604 σίον.
367 5570 388 5603 ι
1891 5574 2084 5615 vocem
2107 5561 2342 5632 proximi
2369 5563 2479 5618 sui.
2517 5582 2536 5616 ι

281 5657 302 5692 ι
340 5641 565 5708 Ἀκουε,
598 5643 839 5718 Ἰσραήλ*
876 5645 1085 5719 Κύριος
1118 5649 1298 5716 ὁθεός
1327 5667 1446 5720 σου,
1471 5650 1673 5725 Κύριος
1707 5649 1789 5716 εἷς
1971 5653 2129 5709 Deut.
2178 5671 2277 5722 vn,
2316 5657 2370 5714 l.
2398 5687 2470 5697 —
2506 5676 2526 5710 ι
2575 5657 2738 5726 Audi,
2768 5657 2938 5717 Israel
2973 5682 2986 5718 :
3039 5662 3305 5720 Dominus
3342 5663 3484 5720 Deus

201 5735 376 5790 ἆστιν.
409 5752 428 5786 ι
1559 5777 1564 5782 -
1897 5755 2050 5816 ιιιιιε,
2091 5747 2235 5806 Deus
2263 5767 2410 5808 unus
2442 5760 2543 5809 est.
2583 5771 2600 5805 ι

283 5827 536 5922 σ-Ἶδετε,
564 5829 646 5885 ὅτι
685 5830 801 5903 ἐγώ
841 5835 979 5906 ειμι,
1027 5837 1122 5892 καὶ
1176 5837 1276 5892 οὐκ
1325 5837 1439 5892 ἔστι
1469 5836 1603 5902 Θεὸς
1654 5837 1792 5912 πλὴν
1974 5839 2132 5896 Deut.
2169 5859 2345 5908 χχχιι,
2376 5844 2467 5900 59.
2495 5875 2562 5886 --
2601 5864 2620 5898 ι
2659 5844 2848 5902 Videte
2882 5850 3028 5920 quod
3087 5865 3188 5922 ego
3238 5849 3380 5920 sim,
3431 5856 3488 5906 et

202 5918 362 5995 ιμοῦ.
397 5939 418 5974 ι
1901 5949 2012 5990 non
2036 5933 2106 5991 sit
2134 5934 2280 5993 alius
2308 5933 2454 5993 Deus
2479 5947 2676 6008 praeter
2699 5956 2803 5997 tttc.
2848 5961 2866 5994 ι
