4024 6412
575 486 706 554 I’ﬂl

642 603 790 657 l’sal.
817 616 947 663 xvn,
985 601 1073 655 31.
1106 628 1174 639 —-
1208 615 1224 646 ι
1268 595 1403 662 Quis
1437 594 1580 649 Dens
1626 602 1823 661 prteter
1855 588 2145 643 Dominum
2180 595 2218 649 Α

572 693 863 759 nostrum?
899 701 986 745 aut
1018 689 1145 758 quis
1178 687 1322 740 Deus
1372 696 1566 754 praeter
1603 683 1770 737 Demn
1807 680 2094 735 nostrum?
2128 698 2145 730 ι

643 785 794 840 Psal.
828 798 1000 846 xxxii,
1032 781 1177 835 6.—
1214 799 1231 831 ι
1280 778 1460 833 Verbo
1498 776 1715 830 Domini
1776 772 1899 828 cceli
1940 770 2151 837 ﬁrmati

572 884 721 936 sunt.
756 882 809 928 et
843 873 1037 943 spiritu
1068 871 1180 925 oris
1211 869 1330 935 ejus
1355 868 1535 921 omnis
1570 866 1745 919 virtus
1773 878 1985 918 eorum.
2023 880 2041 911 ι

642 1044 790 1097 Ρεαι.
822 1058 1009 1102 Lxxin,
1040 1042 1119 1094 i2.
1144 1071 1206 1079 —-
1243 1058 1259 1089 ι
1298 1038 1441 1092 Deus
1471 1046 1655 1090 autem
1688 1050 1779 1090 rex
1817 1043 2008 1091 noster
2027 1044 2154 1089 ante

571 1138 789 1191 saecula.
833 1156 849 1187 ι

643 1250 790 1315 Ρεαι,
824 1266 1022 1315 ωηεν,
1054 1248 1106 1303 8.
1138 1280 1210 1291 --
1245 1266 1261 1298 ι
1295 1246 1412 1303 Non
1455 1254 1537 1302 est
1566 1245 1766 1301 similis
1823 1244 1902 1299 tui
1942 1244 1994 1298 in
2025 1243 2150 1307 diis,

570 1341 822 1403 Domine,
855 1349 907 1393 et
932 1347 1143 1395 nonest
1177 1338 1476 1394 secundum
1505 1351 1671 1407 opera
1694 1344 1811 1388 tua.
1852 1352 1870 1385 ι

639 1430 789 1484 Psut.
813 1446 1036 1492 Lxxxtx,
1066 1430 1115 1484 1.
1141 1460 1208 1469 --
1240 1448 1256 1479 ι
1285 1429 1540 1493 Domine,
1571 1425 1851 1498 refugium
1883 1425 2064 1479 factus
2094 1439 2154 1478 es

567 1524 748 1586 nobis,
783 1523 836 1576 in
871 1522 1227 1593 generatione
1250 1529 1301 1576 et
1323 1521 1699 1593 generatione.
1736 1537 1755 1571 ι

636 1615 791 1670 Psal.
832 1632 942 1679 xiv,
987 1615 1075 1671 18.
1104 1644 1162 1655 —
1221 1633 1237 1665 ι
1280 1612 1527 1684 Regnum
1562 1621 1740 1675 tuum,
1774 1626 2002 1682 regnum
2035 1626 2154 1663 om-

566 1710 717 1764 nium
753 1709 1100 1773 saeculorum,
1130 1728 1147 1759 ι
1171 1717 1282 1761 etc.

638 1800 753 1855 Isa.
785 1816 860 1863 vr,
894 1800 1011 1856 1-5.
1044 1827 1112 1839 —-
1147 1817 1163 1849 ι
1209 1797 1437 1852 Factum
1479 1806 1563 1853 est
1604 1797 1658 1850 in
1692 1812 1839 1851 anno
1870 1809 1979 1865 quo
2009 1809 2154 1848 mor-

571 1902 821 1949 tuus-est
863 1909 958 1947 rex
1007 1891 1198 1957 Ozias,
1256 1891 1369 1946 vidi
1424 1890 1713 1944 Dominum
1774 1888 2056 1944 sedentem
2098 1886 2150 1939 in

569 1986 708 2042 solio
740 1984 959 2040 excelso
978 1994 1031 2039 et
1058 1986 1269 2039 elevato
1295 2000 1308 2036 :
1337 1991 1391 2037 et
1424 1983 1585 2053 plena
1610 1987 1727 2035 erat
1759 1980 1955 2035 domus
1978 1979 2154 2049 gloria

568 2075 711 2143 ejus.
743 2074 808 2127 Et
835 2071 1122 2142 Seraphim
1150 2072 1375 2126 stabant
1399 2070 1549 2125 circa
1581 2068 1715 2124 illud
1748 2088 1761 2124 :
1796 2084 1891 2124 sex
1920 2068 2020 2123 alae
2048 2067 2142 2121 uni

568 2176 621 2222 et
656 2183 751 2223 sex
781 2166 883 2221 alae
922 2165 1117 2233 alteri;
1154 2171 1209 2219 et
1242 2162 1464 2220 duabus
1498 2162 1756 2217 velabant
1786 2160 1957 2216 facies
2001 2175 2152 2224 suas,

567 2269 621 2314 et
643 2258 859 2314 duabus
889 2258 1145 2313 velabant
1178 2256 1343 2327 pedes
1364 2271 1515 2319 suos,
1549 2266 1599 2310 et
1628 2254 1847 2309 duabus
1873 2252 2151 2309 volabant.

570 2351 635 2404 Et
674 2350 987 2405 clamabant
1023 2351 1162 2403 alter
1186 2347 1255 2402 ad
1295 2347 1553 2412 alterum,
1590 2360 1645 2402 et
1679 2344 1982 2401 dicebant:
2016 2341 2154 2398 San-

567 2453 711 2506 ctus,
772 2450 1020 2508 sanctus,
1086 2449 1335 2504 sanctus,
1388 2436 1656 2492 Dominus
1692 2435 1837 2493 Deus
1888 2434 2150 2491 Sabaoth.

566 2533 731 2588 Plena
767 2541 851 2588 est
884 2532 1066 2587 omnis
1096 2538 1244 2586 terra
1280 2530 1453 2601 gloria
1488 2529 1629 2599 ejus.
1671 2548 1689 2581 ι

638 2711 752 2766 Isa.
777 2727 889 2779 xu,
909 2712 963 2766 4.
982 2741 1048 2751 —-
1082 2731 1099 2763 ι
1138 2709 1253 2782 Ego
1278 2709 1561 2777 Dominus,
1585 2717 1639 2766 et
1670 2709 1724 2764 in
1758 2723 1822 2765 ea
1845 2723 1964 2779 quae
1989 2721 2154 2765 even-

566 2814 685 2858 tura
716 2813 868 2870 sunt,
894 2817 995 2875 ego
1025 2817 1169 2858 sum.
1209 2821 1229 2855 ι

637 2895 753 2949 Ιεα.
789 2910 950 2958 xuii,
986 2895 1067 2949 IO.
1098 2923 1169 2934 —
1203 2912 1221 2945 ι
1258 2892 1500 2958 Scitote,
1542 2900 1597 2946 et
1645 2890 1855 2946 credite
1897 2889 2065 2953 mihi,
2099 2896 2154 2944 et

566 2988 877 3058 intelligite,
909 2986 1041 3056 quia
1091 3000 1195 3056 ego
1235 2985 1353 3055 ipse
1386 2999 1531 3040 sum.
1582 2983 1723 3038 Ante
1774 2998 1859 3037 me
1916 2996 2029 3036 non
2070 2988 2155 3036 est

566 3078 837 3133 formatus
873 3078 1015 3134 Deus
1045 3078 1211 3143 alius,
1232 3086 1289 3131 et
1321 3092 1538 3132 mecum
1564 3093 1671 3130 non
1701 3075 1829 3130 erit.
1862 3073 1972 3144 Ego
2004 3088 2150 3137 sum,

564 3186 667 3240 ego
697 3186 818 3225 sum
844 3170 1011 3232 Deus,
1046 3179 1101 3225 et
1133 3186 1242 3224 non
1279 3177 1364 3226 est
1391 3180 1543 3224 extra
1581 3185 1667 3224 me
1707 3168 1951 3222 salvans.
1989 3186 2007 3219 ι

638 3257 753 3313 Isa.
778 3274 923 3327 xuv,
960 3260 1011 3313 7.
1034 3290 1105 3300 -—
1145 3278 1163 3311 ι
1211 3258 1338 3314 Haec
1388 3260 1525 3314 dicit
1559 3258 1824 3315 Dominus
1859 3257 2024 3321 Deus,
2055 3272 2151 3312 rex
2178 3283 2223 3342 ο

565 3346 734 3400 israel
763 3354 817 3401 et
840 3346 1148 3419 redemptor
1169 3348 1314 3417 ejus,
1345 3347 1612 3403 Dominus
1641 3347 2005 3402 exercituum.
2041 3346 2153 3417 Ego

563 3438 801 3508 primus.
835 3449 888 3494 et
916 3455 1017 3511 ego
1058 3441 1421 3505 novissimus,
1463 3448 1517 3495 et
1562 3440 1776 3510 absque
1809 3456 1895 3495 me
1922 3455 2033 3495 non
2069 3448 2154 3495 est

565 3530 731 3585 Deus.
755 3531 891 3597 Quis
953 3534 1099 3587 sicut
1126 3533 1269 3604 ego?
1295 3532 1434 3599 Stet,
1463 3542 1519 3588 et
1548 3540 1726 3596 vocet,
1756 3544 1810 3587 et
1837 3530 2149 3595 annuntict,

562 3631 617 3677 et
656 3632 926 3693 praeparet
960 3626 1117 3688 mihi,
1149 3641 1214 3680 ex
1245 3641 1353 3695 quo
1384 3624 1487 3680 feci
1535 3625 1812 3680 hominem
1840 3623 1894 3678 in
1928 3623 2148 3686 saecula,

564 3726 615 3769 et
642 3731 765 3785 qua:
791 3726 1025 3771 ventura
1061 3724 1214 3783 sunt,
1245 3726 1538 3787 antequam
1573 3718 1816 3780 veniant,
1863 3715 2153 3769 annuntiet

626 3808 636 3817 .
686 3808 696 3817 .

564 3809 721 3861 mihi.
767 3827 784 3859 ι

642 3900 757 3954 Isa.
789 3916 917 3965 xui,
948 3899 999 3952 8.
1035 3929 1103 3941 --
1133 3918 1152 3951 ι
1189 3900 1300 3969 Ego
1344 3898 1612 3955 Dominus
1666 3897 1811 3955 Deus
1864 3916 1878 3953 :
1917 3898 2151 3970 gloriam

565 4008 737 4048 meam
774 3992 933 4045 alteri
972 4005 1081 4043 non
1113 3990 1277 4054 dabo,
1328 4005 1431 4046 nec
1462 3992 1698 4047 virtutes
1724 4006 1875 4047 meas
1926 3991 2151 4060 sculpti-

562 4086 729 4138 libus.
768 4101 785 4132 ι
1706 4080 1709 4081 ⁷

626 4173 828 4227 Jerem.
865 4187 921 4233 x,
955 4170 1043 4223 10.
1080 4200 1143 4210 -
1190 4170 1358 4241 298
1393 4188 1412 4221 ι
1448 4169 1717 4226 Dominus
1771 4180 1954 4225 autem
2007 4170 2150 4225 Deus

539 4280 723 4319 .vcrus
758 4273 842 4318 est
880 4280 893 4315 ς
944 4262 1060 4330 ipse
1098 4260 1243 4316 Deus
1285 4263 1609 4327 viventium,
1670 4270 1724 4316 et
1768 4277 1863 4317 rex
1915 4263 2149 4317 saeculo-

560 4372 706 4409 rum.
746 4374 763 4405 Ι

630 4446 845 4501 Baruch
889 4462 985 4511 ιιι,
1034 4447 1124 4502 '55.
1156 4475 1225 4487 —
1273 4464 1291 4497 ι
1330 4445 1430 4501 llic
1481 4455 1565 4501 est
1618 4445 1762 4501 Deus
1824 4454 2061 4502 noster:
2096 4457 2150 4501 et

561 4555 669 4593 non
706 4539 1069 4593 aestimabitur
1113 4539 1257 4593 alius
1289 4538 1554 4593 adversus
1594 4553 1740 4593 eum.

1738 479 1798 536 S.
1842 476 2074 536 JOANN
2092 476 2159 532 IS
2193 474 2621 533 DAMASCENI

3675 472 3786 541 1072

2328 606 2345 638 ι
2382 587 2476 649 Τίς
2521 587 2652 650 Θεὸς
2687 587 2859 657 πάρεξ
2904 586 2996 639 τοῦ
3036 587 3242 657 Κυρίου
3296 586 3474 656 ἡμῶν,
3512 586 3546 656 ἢ
3574 587 3650 650 τίς
3679 589 3783 654 Bri);

2256 678 2396 747 πλὴν
2430 677 2524 730 τοῦ
2560 677 2693 730 Θεοῦ
2727 678 2915 748 ἡμῶν;
2950 697 2967 729 ι

2333 790 2349 820 ι
2389 769 2477 840 Τῷ
2504 769 2647 841 λόγῳ
2679 771 2887 841 Κυρίου
2924 773 2972 824 οἱ
3004 772 3223 843 οὐρανοὶ
3256 770 3680 841 ἐστερεώθησαν,
3714 774 3788 826 καὶ

2254 862 2331 932 τῷ
2365 862 2638 933 πνεύματι
2684 864 2779 915 τοῦ
2835 864 3104 934 στόματος
3130 863 3295 916 αὑτοῦ
3342 865 3496 915 πᾶσα
3533 866 3565 931 ἡ
3598 860 3787 931 Binum;

2255 952 2454 1007 αὐτῶν.
2484 974 2501 1005 ι

2331 1064 2348 1095 ι
2383 1045 2442 1098 Ὀ
2475 1045 2529 1098 δὲ
2564 1045 2694 1110 Θεὸς
2733 1046 2989 1116 βασιλεὺς
3018 1046 3177 1116 ἡμῶν
3209 1045 3315 1114 πρὸ
3347 1044 3577 1096 αἰώνων.
3610 1064 3626 1094 ι

2333 1267 2350 1299 ι
2389 1248 2500 1301 Οὐκ
2547 1249 2695 1299 ἔστιν
2723 1246 2907 1314 ὅμοιός
2938 1263 3019 1298 σοι
3068 1247 3126 1297 ὲν
3172 1244 3335 1308 Θεοῖς,
3371 1243 3571 1314 Κύριε,
3608 1244 3791 1295 7.1".st

2251 1338 2369 1391 ἔστι
2403 1338 2546 1390 κατὰ
2577 1337 2643 1390 τὰ
2675 1336 2813 1407 ἔργα
2842 1353 2957 1389 σου.
2993 1354 3010 1386 ι

2332 1450 2349 1481 ι
2384 1430 2577 1497 Κύριε,
2636 1429 2930 1499 καταφυγὴ
2966 1426 3231 1499 ἐγενήθης
3262 1428 3417 1496 ἡμῖν,
3450 1426 3508 1478 ὲν
3542 1426 3690 1496 γενεᾷ
3721 1427 3793 1475 καὶ

2257 1522 2441 1593 γενεᾷ.
2482 1540 2500 1572 ι

2328 1632 2346 1664 ι
2385 1613 2449 1665 Ἦ
2481 1612 2725 1683 βασιλεία
2754 1627 2871 1677 σου,
2898 1610 3142 1682 βασιλεία
3176 1610 3391 1664 πάντων
3416 1610 3525 1662 τῶν
3557 1608 3746 1661 αἰώνων
3773 1628 3788 1659 ι

2261 1702 2354 1755 καὶ
2383 1702 2443 1754 τὸ
2474 1701 2679 1755 λοιπόν.

2332 1815 2349 1845 ι
2397 1795 2641 1863 Ἐγένετο
2685 1791 2779 1846 τοῦ
2836 1790 3115 1854 ἐνιαυτοῦ,
3150 1781 3211 1843 οῦ
3258 1788 3534 1844 ἀπέθανεν
3579 1789 3798 1853 Ὀζίαςὸ

2258 1886 2532 1956 βασιλεὺς,
2573 1881 2711 1939 εἶδον
2764 1884 2855 1937 τὸν
2909 1882 3113 1956 Κύριον
3149 1881 3463 1949 καθήμενον
3514 1880 3605 1932 ἐπὶ
3639 1878 3798 1951 θρόνου

2257 1978 2463 2049 ὑψηλοῦ
2494 1978 2587 2031 καὶ
2620 1976 2960 2048 ἐπηρμένου,
2994 1977 3088 2028 καὶ
3116 1974 3330 2045 πλήρης
3358 1974 3387 2025 ὸ
3426 1968 3577 2035 οἶκος
3607 1972 3698 2042 τῆς
3728 1972 3798 2025 δό-

2258 2070 2349 2141 ξης
2377 2069 2566 2123 αὑτοῦ.
2600 2070 2709 2123 Καὶ
2740 2068 2992 2140 Σεραφιμ
3032 2067 3381 2136 εἱστήκεισαν
3410 2062 3581 2118 αὐτοῦ
3614 2065 3797 2133 κύκλῳ·

2255 2161 2315 2226 ἒξ
2344 2159 2616 2231 πτέρυγες
2655 2158 2735 2230 τῶ
2782 2158 2884 2222 ἑνὶ,
2917 2157 3011 2211 καὶ
3042 2156 3103 2221 ἒξ
3150 2156 3418 2227 πτέρυγες
3458 2154 3538 2225 τῷ
3586 2156 3685 2207 ἔνι’
3725 2156 3799 2207 καὶ

2253 2255 2375 2316 ταῖς
2410 2258 2512 2323 μὲν
2542 2250 2696 2305 δυσὶν
2739 2249 3043 2304 ἐκάλυπτον
3068 2248 3137 2302 τά
3172 2248 3443 2318 πρόσωπα
3479 2248 3700 2309 ἑαυτῶν,
3725 2246 3801 2299 καὶ

2252 2348 2375 2408 ταῖς
2404 2344 2557 2398 δυσὶν
2607 2342 2915 2397 ἐκάλυπτον
2943 2342 3068 2405 τοὺς
3100 2341 3268 2403 πόδας
3306 2339 3541 2401 ἑαυτῶν,
3576 2340 3668 2392 καὶ
3703 2342 3801 2401 ταῖς

2252 2437 2405 2490 δυσὶν
2438 2437 2722 2491 ὲπέταντο.
2774 2434 2885 2490 Kai.
2930 2432 3163 2505 ἔκραζον
3212 2434 3400 2504 ἕτερος
3445 2432 3583 2503 πρὸς
3622 2432 3801 2500 ἕτερον,

2254 2528 2347 2582 καὶ
2372 2527 2557 2596 ἔλεγον
2579 2543 2592 2556 ·
2631 2528 2845 2597 Ἀγιος,
2881 2526 3059 2594 ἅγιος,
3093 2526 3270 2593 ἅγιος,
3316 2522 3527 2593 Κύριος
3570 2520 3800 2576 Σαόαώθ.

2255 2620 2471 2691 πλήρης
2505 2620 2654 2672 πᾶσα
2685 2619 2719 2689 ἡ
2750 2618 2819 2688 γῆ
2849 2618 2950 2690 τῆς
2977 2616 3135 2689 δόξης
3160 2614 3348 2670 αὐτοῦ.
3382 2634 3402 2667 ›

2329 2729 2346 2761 ι
2388 2709 2529 2780 Ἐγὼ
2557 2710 2691 2775 Θεὸς
2730 2711 2969 2781 πρῶτος,
2996 2710 3091 2764 καὶ
3123 2710 3204 2773 εἰς
3230 2709 3297 2762 τὰ
3327 2706 3690 2779 ἐπερχόμενα,
3715 2702 3805 2773 ἐγώ

2254 2804 2392 2874 εἰμι.
2433 2822 2452 2855 ι

2336 2914 2353 2947 ι
2388 2895 2589 2961 Γνῶτε,
2650 2897 2746 2949 καὶ
2792 2894 3119 2949 πιστεύσατέ
3169 2910 3281 2965 μοι,
3328 2892 3422 2947 καὶ
3477 2891 3695 2959 συνῆτε,
3737 2890 3801 2942 ὅτι

2254 2989 2407 3059 εἰμι’
2447 2987 2761 3059 ἔμπροσθέν
2793 3004 2896 3057 μου
2930 2988 3030 3039 οὐκ
3080 2986 3303 3055 ἐγένετο
3353 2983 3515 3049 ἄλλος
3556 2983 3699 3046 Θεὸς,
3728 2983 3802 3034 καὶ

2258 3082 2376 3151 μετ’
2414 3079 2549 3151 ἐμοῦ
2590 3082 2689 3134 οὐκ
2718 3079 2891 3135 ἔσται.
2930 3080 3073 3148 Ἑγώ
3124 3082 3241 3149 ειμι
3273 3079 3428 3146 Θεὸς,
3462 3079 3558 3131 καὶ
3592 3078 3685 3130 οὐκ
3711 3076 3803 3128 ἔστι

2256 3172 2435 3243 πάρεξ
2464 3171 2600 3243 ἐμοῦ
2641 3172 2851 3235 σώζων.
2885 3190 2902 3223 ι

2334 3286 2351 3317 ι
2386 3266 2573 3329 Οῦτως
2600 3265 2749 3334 λέγει
2780 3264 3006 3334 Κύριος,
3031 3264 3163 3328 θεὸς
3190 3262 3445 3333 βασιλεὺς
3482 3260 3711 3332 Ἰσραὴλ,
3731 3259 3805 3313 xxi

2255 3360 2283 3411 ὁ
2315 3359 2618 3430 ῥυσάμενος
2661 3357 2841 3420 αὐτὸν,
2880 3354 3080 3425 Κύριος
3122 3353 3373 3408 Σαϐαὼθ.
3410 3352 3554 3422 Ἐγὼ
3599 3353 3802 3425 πρῶτος,

2255 3451 2349 3505 καὶ
2372 3449 2483 3516 ἐγὼ
2522 3448 2661 3519 μετά
2705 3449 2901 3511 ταῦτα,
2935 3450 3029 3502 καὶ
3066 3448 3204 3518 πλὴν
3233 3447 3368 3517 ἐμοῦ
3406 3448 3510 3501 οὐκ
3542 3446 3653 3499 ἐστι
3675 3444 3802 3505 Θεός.

2255 3545 2351 3608 Τίς
2380 3542 2566 3613 ῶσπερ
2587 3541 2696 3611 ἐγώ
2719 3558 2733 3607 ;
2762 3542 2973 3613 Στήτω,
2998 3542 3091 3594 καὶ
3124 3542 3427 3606 καλεσάτω,
3452 3540 3551 3594 καὶ
3577 3541 3803 3606 ἀναγγει-

2252 3635 2421 3697 λάτω,
2442 3635 2536 3687 καὶ¹
2563 3634 2906 3704 ἑτοιμασάτω
2940 3649 3050 3704 μοι,
3085 3632 3179 3702 ἀφ’
3202 3627 3262 3687 οῦ
3288 3632 3523 3702 ἐποίησα
3549 3630 3805 3702 ἄνθρωπον

2254 3728 2331 3789 εἰς
2362 3727 2454 3780 τὸν
2481 3727 2678 3790 αἰῶνα,
2700 3726 2884 3781 καὶτὰ
2906 3726 3180 3798 ἐρχόμενα
3202 3726 3307 3798 πρὸ
3331 3726 3425 3779 τοῦ
3453 3724 3627 3778 ἐλθεῖν
3651 3726 3801 3790 ἀπαγ·

2253 3819 2489 3887 γει).ἀτω
2524 3838 2634 3889 μοι.
2675 3839 2691 3869 ι

2330 3930 2347 3961 ι
2383 3910 2522 3979 Ἐγὼ
2572 3911 2775 3982 Κύριος
2803 3914 2830 3966 ὁ
2869 3912 3022 3979 Θεὸς,
3056 3913 3155 3983 τὴν
3211 3912 3369 3979 δόξαν
3402 3929 3507 3981 μου
3559 3913 3719 3981 ἑτέρῳ
3752 3909 3801 3960 οὗ

2253 4000 2431 4063 δώσω,
2468 4001 2590 4053 οὐδὲ
2618 4002 2715 4064 τὰς
2741 4003 2943 4072 ἀρετάς
2976 4019 3077 4074 μου
3106 4005 3219 4066 τοῖς
3246 4002 3528 4070 γλυπτοῖς.
3559 4021 3576 4052 ι

2327 4197 2344 4229 ι
2385 4178 2589 4249 Κύριος
2628 4176 2880 4248 ἀληθινός
2929 4179 3069 4241 ἐστι,
3097 4176 3230 4239 Θεὸς
3264 4176 3506 4242 ζώντων,
3538 4178 3629 4230 καὶ
3667 4176 3792 4245 βαστ-

2252 4268 2377 4331 λεὺς
2412 4268 2644 4321 αἰώνων.
2676 4288 2695 4320 ι

2328 4465 2345 4495 ι
2381 4441 2548 4507 Οῦτος
2570 4448 2598 4499 ὁ
2624 4446 2754 4510 Θεὸς
2777 4445 2955 4518 ἡμῶν,
2984 4446 3047 4499 οὐ
3074 4445 3459 4517 λογισθήσεται
3486 4446 3660 4517 ἕτερος
3682 4444 3786 4514 πρὸς

2252 4539 2435 4593 αὐτόν.
2477 4559 2493 4589 ι

632 4631 771 4685 Dan.
816 4646 900 4695 ιιι,
944 4632 1065 4685 100.
1100 4661 1169 4671 --
1200 4651 1219 4683 (
1264 4631 1510 4703 Regnum
1557 4630 1701 4701 ejus,
1736 4646 1962 4701 regnum
2004 4647 2148 4687 sem-

2328 4649 2345 4682 ι
2391 4632 2453 4684 'll
2494 4631 2741 4702 βασιλεία
2771 4631 2960 4697 αὐτοῦ,
3000 4630 3250 4701 βασιλεία
3282 4630 3520 4696 αἰώνιος,
3554 4632 3642 4684 καὶ
3670 4630 3698 4699 η
3722 4626 3786 4689 ὲξο

564 4724 837 4790 piternum
866 4742 879 4777 :
905 4730 959 4777 et
985 4731 1234 4795 potestas
1261 4725 1381 4795 ejus
1410 4725 1466 4778 in
1508 4724 1863 4796 generatione
1893 4732 1948 4779 et
1981 4739 2150 4795 gene-

565 4812 861 4866 rationem.
904 4832 921 4864 ι

629 4922 830 4978 Matth.
865 4940 948 4986 ιιι,
1008 4923 1093 4978 16.
1137 4954 1207 4965 -
1260 4943 1279 4976 ι
1327 4925 1652 4996 Baptizatus
1710 4935 1890 4982 autem
1954 4925 2148 4989 Jesus,

560 5017 853 5073 confestim
888 5017 1139 5072 ascendit
1194 5016 1261 5073 de
1292 5034 1433 5087 aqua
1479 5036 1491 5072 :
1527 5028 1581 5073 et
1614 5034 1744 5075 ecce
1797 5020 1970 5087 aperti
2020 5028 2150 5074 sunt

560 5111 685 5166 caeli
713 5130 727 5165 :
762 5120 816 5164 et
842 5110 982 5165 vidit
1008 5110 1279 5179 Spiritum
1307 5110 1734 5168 descendentem
1768 5114 1912 5168 sicut
1938 5114 2150 5167 colum-

562 5206 708 5269 bam,
735 5210 791 5257 et
812 5202 1123 5258 venientem
1150 5217 1320 5274 super
1353 5219 1433 5258 se.
1474 5205 1538 5258 Et
1567 5221 1698 5261 ecce
1740 5221 1843 5259 vox
1890 5205 1957 5260 de
2008 5208 2150 5259 coelo

560 5289 752 5344 dicens
783 5308 796 5344 :
836 5290 940 5345 Hic
969 5300 1053 5345 est
1083 5290 1261 5346 Filius
1293 5306 1448 5347 meus
1479 5293 1734 5359 dilectus,
1768 5296 1820 5348 in
1862 5310 1971 5365 quo
2016 5295 2149 5349 mihi

562 5379 698 5433 bene
722 5380 1049 5449 complacui.
1077 5399 1097 5433 ι

632 5473 749 5523 Act.
789 5486 885 5533 vn,
922 5472 1010 5527 15.
1044 5504 1115 5512 -
1152 5492 1169 5525 ι
1216 5472 1532 5543 Stephanus
1566 5482 1747 5529 autem
1772 5515 1786 5539 ,
1830 5490 1953 5531 cum
2002 5487 2151 5532 esset

564 5558 759 5627 plenus
810 5559 1022 5631 Spiritu
1074 5574 1291 5629 sancto,
1349 5564 1641 5620 intendens
1692 5565 1746 5619 in
1775 5568 1977 5621 cmlnm
2015 5567 2151 5622 vidit

559 5648 789 5716 gloriam
830 5651 950 5713 Dei,
994 5663 1047 5707 et
1102 5653 1292 5709 Jcsum
1343 5664 1580 5711 stantem
1618 5672 1647 5707 a
1684 5654 1892 5711 dextris
1945 5656 2062 5721 Dei,
2096 5666 2150 5712 et

560 5740 698 5793 dixit
728 5759 740 5795 :
771 5741 909 5797 Ecce
933 5743 1092 5798 video
1122 5747 1293 5800 caelos
1326 5754 1566 5816 apertos,
1592 5753 1645 5800 et
1674 5745 1868 5800 Filium
1913 5747 2150 5804 hominis

561 5842 796 5888 s‘antem
835 5852 865 5887 a
889 5837 1098 5891 dextris
1135 5839 1245 5893 Dei.
1281 5861 1297 5890 ι

638 5924 663 5978 l
697 5924 822 5981 Cor.
853 5945 967 5991 vin,
1007 5934 1057 5982 4.
1090 5961 1153 5969 ——
1193 5950 1209 5982 ι
1244 5929 1439 5986 Nullus
1487 5942 1572 5987 est
1625 5933 1765 5989 Deus
1818 5933 1924 5987 nisi
1976 5950 2139 5989 unus.

2256 4722 2417 4776 ουσία
2446 4722 2611 4777 αὑτοῦ
2644 4724 2724 4787 εἰς
2751 4722 2947 4792 γενεὰν
2980 4724 3075 4777 καὶ¹
3105 4721 3320 4791 γενεάν.
3361 4739 3379 4772 ι

2331 4938 2349 4972 ι
2385 4920 2495 4974 Καὶ
2520 4918 2839 4989 βαπτισθεὶς
2860 4921 2889 4972 ὁ
2932 4918 3159 4989 Κύριος,
3194 4918 3363 4989 ἀνέϐη
3394 4919 3561 4981 εὐθὺς
3591 4916 3688 4971 ἀπὸ
3713 4912 3785 4966 τοῦ

2253 5012 2467 5075 ὓδατος.
2499 5013 2608 5065 Καὶ
2657 5011 2766 5065 ἰδοὺ
2798 5012 3155 5083 ἀνεῴχθησαν
3190 5011 3342 5082 αὐτῷ
3366 5013 3416 5064 οἱ
3455 5012 3683 5083 οὐρανοὶ,
3714 5008 3787 5060 καὶ

2252 5101 2393 5158 εἶδεν
2420 5105 2480 5157 τὸ
2523 5103 2749 5175 Πνεῦμα
2778 5103 2874 5158 τοῦ
2921 5102 3057 5156 Θεοῦ
3091 5102 3447 5165 καταϐαῖνον,
3492 5103 3624 5156 ὡσεὶ
3661 5116 3785 5170 esp:-

2257 5197 2478 5267 στεράν,
2520 5196 2616 5249 καὶ
2645 5194 2940 5266 ἐρχόμενον
2969 5195 3059 5247 ἐπ’
3092 5196 3276 5250 αὐτόν.
3306 5195 3417 5248 Καὶ
3456 5195 3562 5249 ἰδοὺ
3589 5192 3718 5261 φωνὴ
3738 5193 3784 5242 ὲκ

2250 5287 2346 5341 τοῦ
2376 5286 2606 5358 οὐρανοῦ
2630 5287 2898 5355 λέγουσαι
2943 5282 3112 5350 Οὗτός
3146 5288 3293 5340 ἐστιν
3334 5290 3363 5341 ό
3396 5286 3525 5349 Υἱός
3549 5304 3659 5356 μου,
3686 5274 3784 5345 ὲνῷ

2253 5380 2549 5450 ηὑὸόκησα.
2587 5399 2606 5431 ι

2334 5493 2352 5526 ι
2381 5474 2654 5543 Στέφανος
2682 5472 2738 5526 δὲ
2768 5473 3033 5543 ὑπάρχων
3062 5474 3279 5547 πλήρης
3308 5475 3623 5543 Πνεῦματος
3644 5467 3779 5536 ἁγίων

2258 5567 2512 5628 ἀτενίσας
2563 5570 2644 5631 εἰς
2693 5568 2787 5620 τὸν
2835 5569 3085 5639 οὐρανὸν,
3131 5563 3271 5621 εἶδεν
3316 5566 3475 5631 δόξαν
3525 5564 3668 5624 Θεοῦ,
3712 5556 3781 5608 καὶ

2267 5659 2474 5731 Ἰησοῦν
2497 5660 2712 5713 ἑστῶτα
2750 5663 2813 5715 ἐκ
2843 5661 3036 5725 δεξιῶν
3061 5662 3154 5714 τοῦ
3171 5661 3329 5724 Θεοῦ,
3354 5660 3446 5712 καὶ
3469 5655 3641 5710 εἶπεν
3679 5650 3778 5703 Ἰδοὺ

2252 5753 2445 5825 θεωρῶ
2474 5754 2602 5816 τοὺς
2627 5754 2890 5822 οὐρανοὺς
2919 5754 3318 5823 ἀνεῳγμένους,
3349 5750 3443 5802 καὶ
3469 5751 3556 5800 τὸν
3574 5744 3684 5799 Υξὸν
3708 5738 3777 5791 τιιῦ

2255 5847 2547 5913 ἀνθρώπου
2582 5848 2645 5899 ἐκ
2667 5846 2856 5911 δεξιῶν
2890 5847 3103 5899 ἑστῶτα
3128 5843 3222 5896 τοῦ
3243 5842 3400 5896 Θεοῦ.
3435 5860 3453 5893 ι

2328 5956 2345 5989 ι
2384 5937 2575 6001 Οὐδεὶς
2603 5938 2735 6001 Θεὸς
2762 5941 2809 5992 εἰ
2838 5938 2916 6009 μὴ
2948 5934 3048 6001 εἷς.
3088 5938 3197 5989 Καὶ
3223 5935 3331 6003 γάρ
3364 5935 3469 5985 εἰσὶ
3510 5930 3614 5985 0εοῖ
3651 5927 3693 5974 ἒξ
