3910 6400
149 447 295 516 13⁸73

1410 445 1647 506 SACRA
1682 438 2144 502 PARALLELA.

3277 424 3410 488 107i

150 578 331 629 μενοι,
358 559 471 614 εἴτε
501 560 558 614 ὲν
597 558 834 630 οὐρανῷ,
863 559 973 612 εἴτε
1017 559 1108 611 ἐπὶ
1141 559 1238 626 τῆς
1279 557 1400 628 γῆς,
1436 556 1548 610 ἀλλ’
1594 555 1723 624 ἡμῖν

1837 545 1961 603 Nam
1992 547 2097 602 etsi
2140 553 2268 600 sunt
2295 539 2388 616 qui
2416 543 2679 598 dicuntur
2711 540 2813 600 dii.
2851 538 2968 593 sive
3011 536 3066 590 in
3100 534 3262 600 coelo,
3295 535 3410 588 sive

146 648 236 716 εἷς
263 652 396 716 Θεὸς
424 655 451 706 6
481 653 667 723 Πατὴρ
701 651 760 718 ἐξ
789 645 850 704 οὗ
873 653 940 704 τὰ
965 653 1166 713 πάντα,
1205 651 1299 704 καὶ
1327 650 1488 720 ἡμεῖς
1518 649 1596 710 εἰς
1630 645 1726 698 αύ-

146 745 276 798 τόν·
306 743 404 798 καὶ
427 739 506 808 εἷς
522 743 725 814 Κύριος
760 743 966 814 Ἰησοῦς
994 743 1247 812 Χριστὸς,
1264 741 1330 793 δι’
1354 734 1414 794 οὗ
1434 739 1502 792 τὰ
1527 738 1725 802 πάντα,

145 838 252 889 καὶ
286 837 450 908 ἡμεῖς
481 834 551 889 δι’
573 834 738 889 αὐτοῦ
759 851 774 867 ·
807 837 903 890 καὶ
935 835 993 887 ἓν
1028 833 1250 904 Πνεῦμα
1293 833 1470 902 ἅγιον,
1501 833 1560 884 ὲν
1586 824 1632 899 ᾧ
1657 829 1728 883 τὰ

148 929 359 989 πάντα.
385 927 478 981 καὶ
506 927 668 999 ἡμεῖς
701 926 761 991 ἐξ
789 925 978 981 αὑτοῦ.
1005 945 1022 977 ι

224 1018 552 1090 Διαδραμὼν
593 1019 664 1072 τὰ
715 1019 1032 1089 σύμπαντα,
1084 1017 1180 1070 καὶ
1235 1015 1375 1086 ὑπὲρ
1413 1014 1592 1067 πᾶσαν
1630 1012 1727 1082 τὴν

147 1111 338 1164 κτίσιν
368 1110 665 1174 ἀνανεύσας
704 1113 816 1174 τοῖς
843 1111 1146 1178 λογισμοῖς,
1195 1107 1449 1160 ἐπέκεινα
1481 1107 1570 1159 τὸν
1600 1103 1727 1157 νοῦν

143 1202 488 1272 ἁνυψὼσας,
544 1205 796 1274 ἐννόησον
855 1202 954 1272 τὴν
1025 1202 1174 1274 θείαν
1231 1202 1426 1270 φύσιν,
1483 1199 1726 1253 ἑστῶσαν

144 1295 448 1365 ἄτρεπτον.
489 1295 869 1359 ἀναλλοίωτον,
905 1294 1116 1364 ἀπαθῆ,
1156 1294 1354 1365 ἁπλῆν,
1406 1293 1723 1357 ἀσύνθετον,

143 1387 478 1456 ἀδιαίρετον,
505 1386 620 1456 φῶς
641 1388 959 1458 ἀπρόσιτον,
982 1385 1213 1457 δύναμιν
1237 1385 1464 1454 ἄφατον,
1499 1383 1728 1454 μέγεθος

143 1481 559 1550 ἀπεριόριστον,
595 1479 752 1544 δόξαν
787 1479 1376 1550 ῦπεραστράπτουσαν,
1413 1477 1726 1548 ἀγαθότητα

142 1571 522 1642 ἐπιθυμητὴν,
550 1570 747 1636 κάλλος
774 1573 1078 1642 ἀμήχανον,
1107 1571 1348 1643 σφοδρῶς
1387 1570 1485 1641 μὲν
1509 1571 1606 1636 τῆς
1635 1586 1725 1622 τε-

141 1663 446 1732 τρωμένης
473 1663 649 1734 ψυχῆς
687 1663 1122 1732 καθαπτόμενον,
1151 1663 1292 1733 λόγῳ
1329 1663 1386 1716 δὲ
1419 1661 1725 1732 δηλωθῆναι

143 1753 291 1823 πρὸς
326 1754 484 1819 ἀξίαν
517 1754 797 1809 ἀδύνατον.
836 1753 982 1806 Ἐκεῖ
1021 1753 1232 1822 Πατὴρ,
1277 1753 1394 1804 ἐκεῖ
1431 1751 1578 1817 Υἱὸς,
1609 1753 1726 1805 ἐκεῖ

147 1845 318 1913 ἅγιον
348 1845 593 1916 Πνεῦμα,
618 1847 650 1916 ἡ
677 1845 928 1909 ἄκτιστος
945 1844 1130 1914 φύσις,
1145 1847 1204 1899 τὸ
1226 1846 1554 1898 Δεσποτικὸν
1573 1843 1726 1908 ἀξίω-

145 1955 254 2008 μα,
283 1939 317 2008 ἡ
345 1937 545 2009 φυσικὴ
587 1937 894 2008 ἀγαθότηςο
941 1938 1192 2010 Πατὴρή
1229 1938 1444 1991 πάντων
1485 1937 1652 2008 ἀρχὴ.
1692 1937 1726 2007 ή

139 2029 306 2082 αἰτία
328 2027 422 2082 τοῦ
449 2024 588 2082 εἶναι
617 2031 728 2092 τοῖς
758 2024 928 2095 οὖσιν,
958 2031 992 2100 ἡ
1027 2028 1154 2100 ῥίζα
1189 2028 1299 2082 τῶν
1337 2027 1578 2092 ζώντων.
1607 2025 1730 2088 ὅθεν

141 2121 425 2192 προῆλθεν
447 2123 475 2192 ἡ
493 2121 644 2192 πηγὴ
660 2121 757 2191 τῆς
774 2121 937 2192 ζωῆς,
958 2123 991 2191 ὴ
1010 2122 1190 2191 σοφία,
1207 2124 1238 2191 ἡ
1255 2120 1552 2191 δύναμις,ὴ
1569 2117 1731 2174 εἰκὼν

139 2211 577 2280 ἀπαράλλακτος
604 2213 699 2266 τοῦ
727 2214 960 2285 ἀοράτου
983 2212 1138 2278 Θεοῦ,
1151 2215 1179 2267 6
1195 2215 1258 2267 ὲκ
1273 2211 1364 2266 τοῦ
1379 2211 1590 2283 Πατρὸς
1609 2229 1727 2281 γεν-

137 2301 338 2372 νηθεὶς
363 2303 507 2365 Υἱὸς,
525 2302 552 2354 ό
569 2299 676 2366 ζῶν
695 2302 888 2372 Λόγος,
903 2304 930 2355 6
951 2301 1081 2366 Θεὸς
1104 2301 1201 2368 ὢν,
1223 2302 1317 2354 καὶ
1339 2299 1472 2371 πρὸς
1489 2298 1578 2352 τὸν
1597 2299 1731 2353 θεὸν

137 2395 243 2448 ὢν·
265 2397 389 2466 οὐχ).
411 2395 868 2466 προσγενόμενος,
901 2389 1165 2466 ὑπάρχων
1194 2395 1301 2466 πρὸ
1328 2395 1437 2448 τῶν
1470 2392 1682 2447 αἰώνων
1705 2407 1720 2420 °

136 2486 272 2556 οῦχὶ
304 2485 668 2557 προσκτηθεὶς
690 2486 948 2557 ὕστερονο
979 2485 1133 2549 Υἱὸς,
1167 2485 1288 2554 οὐχὶ
1311 2484 1528 2554 κτῆμα·
1565 2499 1725 2554 ποιη-

138 2577 270 2646 τὴς,
312 2578 436 2647 οὐχ).
470 2577 712 2648 ποίημα·
746 2576 991 2644 κτίστης,
1030 2575 1151 2646 οὐχὶ
1187 2575 1244 2628 δὲ
1281 2573 1515 2644 κτίσμαο
1545 2573 1724 2627 πάντα

134 2666 222 2720 ὣν
257 2669 363 2721 ὅσα
393 2668 540 2721 ἐστὶν
565 2669 595 2721 6
625 2667 840 2739 Πατήρ·
877 2667 1005 2730 Υίὸς
1031 2661 1185 2719 εἷπον
1214 2664 1310 2718 καὶ
1356 2663 1547 2734 Πατήρ
1571 2681 1586 2694 ·
1621 2661 1725 2731 φύ-

138 2757 320 2811 λασσέ
365 2775 453 2828 μοι
483 2757 686 2822 ταύτας
715 2758 817 2822 τὰς
874 2757 1162 2829 ἰδιότητας.
1197 2756 1390 2812 Μένων
1423 2755 1517 2809 οῦν
1541 2756 1599 2807 ἐν
1645 2753 1722 2824 τῷ

138 2848 294 2905 εἶναι
322 2851 471 2914 Υἱὸς,
502 2853 679 2906 πάντα
707 2852 853 2905 ἐστὶν
875 2853 975 2904 ὅσα
1005 2851 1150 2904 ἐστὶν
1171 2852 1198 2904 6
1229 2850 1436 2920 Πατὴρ,
1461 2845 1604 2900 κατὰ
1627 2844 1724 2916 τὴν

137 2943 314 2998 αὐτοῦ
346 2946 528 3015 φωνὴν
553 2943 648 2997 τοῦ
679 2946 759 2998 Κν
770 2944 908 3015 ρίου,
933 2943 1202 3006 εἰπόντος’
1237 2961 1255 2994 ι
1276 2941 1461 2995 Πάντα
1488 2940 1588 2993 ὅσα
1611 2937 1724 3008 ἔχει

134 3038 168 3089 6
207 3037 429 3106 Πατὴρ,
462 3036 570 3106 ὲμὰ.
605 3037 771 3089 ἐστιν.
794 3055 812 3086 ι
853 3034 942 3105 Τῷ
962 3034 1077 3088 όντι
1108 3035 1214 3104 γὰρ
1243 3033 1342 3103 τῆς
1372 3031 1580 3095 εἰκόνος
1608 3029 1724 3083 ἐστὶ

140 3129 335 3182 πάντα
361 3128 460 3181 ὅσα
490 3128 605 3181 ἔστι
634 3132 702 3200 τῇ
731 3127 1072 3200 πρωτοτύπῳ
1105 3128 1309 3198 μορφῇ.

1829 639 1886 693 in
1922 648 2092 704 terra,
2133 637 2293 692 nobis
2344 646 2526 690 tamen
2571 647 2714 687 unus
2768 629 2910 685 Deus
2961 627 3143 692 Pater,
3193 639 3258 680 ex
3301 642 3410 695 quo

1827 730 2037 794 omnia,
2064 739 2120 786 et
2167 744 2267 785 nos
2298 731 2352 782 in
2409 728 2561 782 illum
2602 742 2616 779 :
2653 731 2707 780 et
2739 738 2882 778 unus
2921 720 3084 776 Jesus
3121 718 3404 781 Christus,

1829 838 1924 893 per
1949 838 2110 894 quem
2138 821 2342 887 omnia,
2363 826 2419 875 et
2448 832 2549 873 nos
2587 831 2684 887 per
2714 816 2895 886 ipsum
2924 831 2938 866 :
2977 819 3032 867 et
3054 826 3201 866 unus
3233 808 3407 879 Spiri-

1827 924 1918 972 tus
1937 927 2182 980 sanctus,
2214 916 2269 970 in
2299 929 2408 984 quo
2432 911 2638 972 omnia,
2669 916 2724 963 et
2758 923 2859 964 nos
2889 921 2957 961 ex
2985 905 3128 975 ipso.
3162 922 3180 956 ι

1901 1008 2164 1071 Basilius,
2189 1006 2265 1061 De
2289 1005 2414 1075 ﬁde.
2439 1035 2508 1046 —
2539 1001 2808 1058 Universa
2854 995 3220 1070 peragrando,
3254 1003 3412 1064 teque

1829 1105 2008 1176 ipsum
2049 1104 2382 1174 cogitatione
2440 1115 2607 1171 supra
2667 1113 2757 1153 res
2811 1094 3072 1160 conditas
3125 1089 3410 1162 erigenda,

1828 1205 2065 1253 mentem
2104 1196 2334 1250 ulterius
2357 1194 2634 1255 attollens,
2659 1189 2900 1244 divinam
2923 1193 3178 1240 naturam
3204 1182 3404 1256 cogita,

1830 1290 2104 1354 stabilem,
2155 1288 2225 1344 ab
2253 1287 2402 1341 omni
2443 1283 2770 1344 mutatione,
2805 1277 3167 1336 conversione
3203 1283 3257 1330 et
3289 1289 3412 1345 per-

1828 1383 2086 1454 pessione
2124 1387 2415 1442 remotam,
2464 1375 2791 1446 simplicem.
2821 1375 3105 1440 expertem
3131 1363 3409 1433 composi-

1828 1474 1996 1530 tionis
2033 1482 2087 1528 et
2117 1471 2447 1536 divisionis;
2500 1469 2682 1524 lumen
2731 1466 3096 1524 inaccessum,
3148 1457 3407 1514 virtutem

1828 1564 2271 1626 inenarrabilem.
2305 1561 2648 1616 indeﬁnitam
2677 1552 3140 1623 magnitudinem,
3171 1547 3407 1620 gloriam

1828 1657 1968 1711 ultra
2003 1655 2224 1709 modmn
2271 1653 2615 1711 rutilantem,
2669 1642 3032 1716 expetendam
3080 1638 3406 1693 bonitatem.

1827 1743 2292 1818 pulchritudinem
2355 1739 2741 1811 singularem;
2813 1747 3048 1804 qumque
3111 1727 3407 1785 sauciatam

1827 1839 2043 1909 quidem
2073 1836 2314 1889 animam
2345 1833 2700 1886 vehementer
2729 1822 3074 1897 perstringit,
3125 1819 3257 1889 quin
3311 1830 3411 1870 nec

1831 1905 2016 1986 verbis
2069 1929 2197 1983 ullis
2249 1941 2348 1994 pro
2397 1922 2662 1994 dignitate
2715 1917 2892 1990 possit
2940 1905 3236 1969 declarari?
3295 1907 3410 1960 lllie

1825 2023 2008 2088 Pater,
2057 2021 2172 2076 illic
2210 2018 2407 2084 Filius,
2455 2014 2567 2069 illic
2595 2012 2839 2082 Spiritus
2869 2017 3118 2068 sanctus,
3162 2005 3407 2058 increata

1827 2122 2046 2179 natura,
2075 2111 2266 2167 herilis
2297 2107 2623 2166 auctoritas,
2661 2103 2883 2159 bonitas
2926 2097 3214 2154 naturalis.
3246 2091 3410 2147 Pater

1826 2205 2070 2260 omnium
2098 2212 2181 2258 est
2208 2201 2384 2270 origo,
2415 2207 2468 2254 et
2499 2194 2776 2252 universis
2799 2207 2922 2264 qua:
2957 2198 3087 2247 sunt
3109 2183 3406 2244 exsistendi

1827 2309 2018 2359 causa,
2068 2306 2280 2348 necnon
2316 2290 2614 2346 viventium
2643 2285 2824 2352 radix,
2867 2284 3013 2339 unde
3045 2281 3250 2354 prodiit
3287 2277 3409 2332 l'ons

1831 2388 1978 2452 vitae,
2041 2383 2332 2456 sapientia,
2387 2382 2652 2450 potentia,
2717 2379 2897 2447 imago
2933 2389 3162 2445 prorsus
3214 2369 3410 2424 similis

1832 2477 2130 2538 invisibilis
2192 2475 2321 2537 Dei,
2383 2472 2554 2526 Filius
2591 2485 2657 2525 ex
2712 2467 2876 2522 Patre
2919 2466 3162 2536 genitus,
3222 2465 3410 2515 vivens

1831 2570 2092 2630 Verbum,
2126 2567 2218 2636 qui
2274 2564 2419 2618 Deus
2469 2572 2572 2624 est,
2621 2570 2675 2616 et
2724 2570 2808 2615 est
2851 2557 2994 2628 apud
3055 2555 3245 2616 Deum,
3297 2569 3403 2607 non

1829 2660 2197 2723 adventitius;
2227 2665 2353 2711 ante
2394 2654 2594 2709 saecula
2639 2653 2879 2722 genitus,
2913 2665 3018 2704 non
3055 2643 3404 2719 postmodum
3423 2656 3446 2678 τε

1826 2755 2047 2808 tandem
2084 2748 2390 2820 aequisitus
2417 2763 2431 2813 ;
2458 2743 2650 2806 Filius,
2678 2757 2791 2797 non
2825 2739 3106 2812 possessio
3133 2734 3408 2807 quaedam,

1825 2844 2024 2906 Factor,
2083 2856 2192 2895 non
2244 2837 2515 2892 l'actitium
2569 2833 2817 2904 aliquid;
2870 2839 3105 2891 creator,
3159 2842 3266 2881 non
3321 2840 3410 2879 res

1823 2947 2028 2997 creata,
2061 2931 2243 2986 omnia
2267 2944 2390 3000 qme
2415 2927 2575 2981 Pater
2598 2935 2703 2990 est,
2736 2925 3034 2979 exsistens.
3072 2920 3211 2982 Dixi,
3237 2916 3408 2971 Filius

1825 3039 1880 3086 et
1913 3027 2116 3081 Pater:
2153 3023 2237 3079 fac
2269 3023 2405 3076 istas
2453 3020 2813 3090 preprietatcs
2856 3030 3061 3069 serves.
3106 3010 3406 3065 Filietatem

1825 3123 1992 3195 igitur
2027 3119 2291 3179 retinens,
2347 3121 2546 3169 cuncta
2587 3120 2670 3166 est
2714 3125 2836 3178 qua:
2880 3106 3062 3168 Pater.
3094 3100 3406 3160 secundum

139 3225 445 3294 ipsammet
487 3222 697 3278 Domini
754 3237 963 3288 vocem,
995 3221 1088 3292 qui
1137 3222 1213 3274 ait
1245 3239 1256 3274 :
1312 3237 1330 3270 ι
1369 3217 1561 3274 Omnia
1601 3233 1724 3289 quae
1763 3217 1924 3273 Pater
1952 3215 2115 3269 habet
2148 3225 2264 3267 mea
2299 3216 2428 3266 sunt
2457 3205 2639 3278 (Joan.
2691 3221 2801 3264 xvi,
2839 3203 2948 3273 15).
2997 3221 3015 3253 i
3082 3200 3215 3254 Nam
3287 3212 3408 3267 pro-

136 3319 236 3372 cul
270 3316 440 3373 dubio
482 3318 733 3389 imaginis
779 3327 907 3374 sunt
955 3332 1020 3373 ea
1062 3318 1244 3371 omnia
1279 3331 1401 3386 qttae
1448 3316 1722 3385 primaria:
1759 3313 1948 3369 formae
1985 3307 2340 3364 conveniunt.

215 3414 372 3469 Μίαν
397 3413 581 3485 φωνὴν
605 3413 704 3485 τὴν
733 3412 922 3484 αὐτὴν,
956 3413 1050 3467 καλ⁵
1077 3411 1366 3482 σύμφωνος
1395 3411 1718 3482 φθέγξομαι.

1899 3405 2055 3477 Greg.
2093 3403 2236 3458 Naz.
2299 3411 2439 3458 orat.
2503 3400 2588 3454 15.
2623 3427 2692 3438 -
2725 3396 2896 3452 Unam
2941 3393 3299 3463 eamdemque
3353 3398 3409 3444 et

139 3508 325 3580 Τριάς
368 3505 444 3569 ὡς
491 3503 706 3575 ἀληθῶς
738 3504 772 3574 ἠ
808 3502 997 3576 Τριάς,
1039 3502 1292 3571 ἀδελφοί·
1328 3501 1499 3572 Τριάς
1539 3500 1616 3563 δὲ,
1663 3502 1725 3553 ού

139 3598 498 3671 πραγμάτων
520 3597 720 3651 ἀνίσων
748 3596 952 3667 ἀπαρίο
962 3612 1147 3666 μησις,
1171 3593 1286 3648 ἀλλ’
1323 3595 1452 3646 ἴσων
1482 3595 1578 3646 καὶ
1600 3595 1730 3662 ὀμο-

139 3693 330 3763 τίμων
361 3691 654 3762 σύλληψις,
686 3689 914 3759 ἐνούσης
947 3691 1044 3759 τῆς
1078 3687 1452 3759 προσηγορίας
1486 3687 1553 3739 τὰ
1591 3688 1730 3757 ἡνω-

145 3779 296 3848 μένα
324 3780 389 3832 ὲκ
418 3778 655 3848 φύσεως,
685 3780 777 3832 καὶ
799 3779 900 3832 οὐκ
921 3777 1097 3846 ἐώσης
1125 3775 1487 3848 σκεδασθῆναι
1510 3775 1728 3848 ἀριθμῷ

140 3872 435 3943 λελυμένῳ
471 3872 540 3926 τὰ
573 3871 647 3943 μὴ
680 3871 934 3942 λυόμενα.

231 4051 405 4123 Ἡμῖν
434 4046 514 4114 εἷς
547 4051 678 4115 Θεὸς
705 4051 734 4104 6
764 4051 976 4121 Πατὴρ,
1009 4048 1068 4114 ἐξ
1093 4046 1153 4104 οὗ
1179 4049 1248 4102 τὰ
1279 4049 1456 4102 πάντα
1475 4065 1487 4079 ·
1521 4047 1616 4101 καὶ
1650 4040 1729 4110 εἷς

141 4143 174 4194 6
207 4141 368 4205 Υἱὸς,
403 4141 470 4194 δι’
506 4134 570 4194 οὗ
633 4141 700 4194 τὰ
735 4142 942 4196 πάνταο
975 4142 1068 4194 καὶ
1117 4140 1174 4193 ἓν
1212 4139 1433 4210 Πνεῦμα
1465 4138 1640 4208 ἅγιον,
1675 4141 1730 4190 ὲν

138 4229 188 4303 ᾧ
220 4233 296 4288 τὰ
329 4237 526 4288 πάντα.

219 4414 362 4476 Θεὸς
409 4411 506 4482 μέν
541 4415 656 4466 ἐστι
686 4412 746 4466 τὸ
788 4410 1091 4483 ἀκρότατον
1120 4410 1213 4465 καὶ
1267 4411 1584 4480 ἀπρόσιτον,
1629 4411 1731 4464 καὶ

143 4508 398 4578 ᾶρῥητον
427 4503 565 4571 φῶς,
627 4504 750 4556 οὕτε
799 4501 880 4556 νοῒ
903 4503 1134 4569 ληπτὸν,
1177 4501 1300 4554 οὕτε
1349 4502 1493 4571 λόγῳ
1546 4503 1729 4572 ῥητὸν,

146 4595 341 4664 πάσης
365 4593 692 4661 φωτιστικὸν
719 4592 943 4662 λογικῆς
968 4591 1210 4661 φύσεως·
1235 4591 1390 4644 τοῦτο
1420 4594 1477 4644 ὲν
1500 4594 1730 4663 νοητοῖς,

142 4689 296 4755 ὅπερ
325 4688 384 4739 ὲν
412 4684 688 4756 αἰσθητοῖς
729 4687 757 4738 6
803 4685 975 4755 ἥλιος.
1021 4685 1184 4737 Ὂσον
1215 4685 1280 4736 ἂν
1340 4682 1727 4754 καθαρώμεθα,

1830 3501 2047 3556 brevem
2079 3511 2267 3551 vocem
2294 3493 2546 3562 eloquar.
2578 3489 2824 3543 Trinitas
2867 3501 2992 3541 vere
3024 3483 3267 3539 Trinitas
3301 3491 3405 3547 est,

1830 3588 2051 3644 fratres.
2088 3585 2334 3640 Trinitas
2363 3596 2532 3654 porro
2562 3596 2671 3636 non
2715 3578 3017 3650 dispar-ium
3052 3591 3238 3632 rerum
3266 3591 3407 3628 enu-

1829 3679 2060 3736 meratio
2083 3686 2188 3740 est,
2226 3674 2320 3732 sed
2355 3672 2668 3743 aequalium,
2695 3678 2749 3724 et
2783 3669 3046 3739 aequalem
3081 3666 3405 3737 dignitatem

1831 3771 2152 3828 habentium
2210 3766 2497 3829 collectio;
2557 3761 2834 3818 vocabulo
2881 3758 3144 3814 nimirum
3188 3773 3252 3813 ea
3309 3771 3406 3811 co-

1832 3865 2076 3935 pulante,
2111 3875 2234 3932 quae
2259 3867 2455 3913 natura
2481 3862 2613 3912 sunt
2639 3854 2916 3923 copulata,
2949 3867 3050 3907 nec
3081 3866 3176 3922 per
3203 3848 3405 3903 mixtim

1832 3968 2122 4009 numerum
2151 3966 2217 4006 ea
2257 3949 2423 4005 dilabi
2464 3948 2700 4010 sinente,
2742 3960 2863 4014 quae
2908 3944 3044 3998 solvi
3103 3950 3408 4012 nequeant.

1905 4046 2062 4102 Orat.
2103 4045 2156 4098 in
2186 4041 2288 4099 SS.
2314 4041 2564 4096 Lumina.
2590 4070 2660 4079 —
2692 4038 2859 4092 Nobis
2886 4052 3029 4090 unus
3050 4035 3194 4090 Deus
3223 4033 3403 4094 Pater,

1833 4155 1896 4196 ex
1923 4153 2032 4210 quo
2059 4137 2278 4201 omnia;
2320 4143 2375 4190 et
2415 4149 2559 4188 unus
2608 4130 2872 4185 Dominus
2917 4127 3079 4183 Iesus
3129 4127 3405 4188 Christus,

1835 4245 1930 4301 per
1959 4244 2122 4300 quem
2149 4226 2336 4282 omnia
2363 4243 2377 4291 ;
2417 4235 2466 4281 et
2502 4241 2644 4279 unus
2679 4223 2918 4291 Spiritus
2944 4231 3188 4284 sanctus,
3218 4219 3272 4272 in
3292 4235 3407 4290 quo

1833 4337 2038 4376 omnia.

1906 4410 2060 4467 Orat.
2093 4413 2144 4466 in
2179 4409 2238 4465 S.
2277 4408 2509 4477 Baptist.
2534 4407 2762 4461 —.Deus
2795 4406 2979 4459 lumen
3019 4416 3294 4459 summum
3327 4411 3410 4454 est

1832 4515 1888 4561 et
1929 4505 2294 4565 inaccessum,
2327 4501 2473 4570 (lttod
2507 4497 2672 4568 299
2699 4511 2800 4552 nec
2827 4505 3009 4551 mente
3044 4494 3274 4566 percipi,
3307 4509 3406 4546 nec

1836 4596 2025 4652 verbis
2057 4595 2320 4664 esplicari
2354 4599 2568 4662 potest;
2614 4599 2864 4644 naturam
2911 4603 3128 4643 omnem
3171 4587 3410 4646 rationa-

1838 4690 1942 4743 lem
1997 4687 2334 4741 illuminans.
2366 4683 2520 4749 Quod
2559 4683 2641 4737 sol
2695 4683 2748 4735 in
2809 4681 3110 4736 sensilibus
3150 4689 3255 4743 est,
3301 4679 3406 4731 hoc
3481 4727 3492 4737 ,

147 4777 587 4848 φανταζόμενον,
635 4779 726 4831 καὶ
754 4778 877 4830 ὅσον
932 4775 996 4830 ἂν
1043 4775 1462 4844 φαντασθῶμεν,
1503 4775 1728 4843 ἀγαπὼ-

1839 4781 1928 4835 ille
1956 4781 2008 4834 in
2031 4775 2526 4839 intellectualibus;
2557 4790 2622 4829 eo
2645 4789 2703 4828 se
2725 4777 2896 4843 magis
2925 4771 3404 4842 contemplandum

149 4887 346 4941 μενον,
379 4870 472 4922 καὶ
512 4870 635 4923 ὅσον
670 4868 735 4922 ἂν
781 4869 1180 4938 ἀγαπήσωμεν,
1213 4863 1368 4930 αὖθις
1402 4867 1690 4938 νοούμενον
1714 4883 1728 4899 ο

146 4962 294 5018 αὐτὸ
324 4962 521 5015 ἑαυτοῦ
553 4962 884 5034 θεωρητικόν
914 4977 972 5014 τε
999 4959 1092 5014 καὶ
1117 4958 1551 5029 καταληπτικόν·
1577 4959 1733 5029 ὀλίγα

145 5057 271 5119 τοῖς
296 5054 404 5121 ἐξω
429 5056 708 5124 χεόμενον.

215 5327 404 5394 Ὅπερ
434 5325 584 5378 ἐστὶν
611 5329 722 5390 τοῖς
745 5327 1019 5395 αἰσθητοῖς
1035 5327 1204 5397 ἥλιος,
1222 5329 1380 5382 τοῦτο
1396 5333 1506 5393 τοῖς
1530 5333 1736 5402 νοητοῖς

149 5413 317 5474 Θεός.
344 5411 406 5460 Ὀ
435 5412 532 5481 μὲν
565 5411 673 5482 γὰρ
694 5414 786 5466 τὸν
822 5413 1100 5484 ὁρώμενον
1131 5417 1353 5485 φωτίζει
1377 5417 1596 5489 κόσμον,
1625 5421 1652 5472 6
1679 5419 1736 5472 δὲ

148 5505 248 5558 τὸν
265 5504 523 5574 ἀόρατον.
540 5505 646 5556 Καὶ
657 5507 684 5557 6
704 5503 804 5574 μὲν
819 5506 918 5568 τάς
935 5508 1253 5575 σωματικὰς
1269 5509 1419 5578 ὄψεις
1435 5509 1734 5579 ήλιοειδεῖς,

151 5597 182 5648 6
206 5593 268 5647 δὲ
301 5594 405 5656 τάς
442 5594 635 5665 νοεράς
668 5594 858 5664 φύσεις
896 5597 1149 5661 θεοειδεῖς
1187 5600 1579 5668 ἀπεργάζεται.
1625 5601 1737 5654 Καὶ

150 5686 309 5740 ὥσπε
319 5702 352 5754 ρ
385 5680 538 5748 οὗτος
569 5690 683 5750 τοῖς
703 5705 762 5740 τε
787 5689 978 5759 ὁρῶσι,
1005 5691 1100 5742 καὶ
1139 5693 1250 5752 τοῖς
1279 5692 1597 5761 ὁρωμένοις,
1625 5696 1736 5756 τοῖς

157 5780 263 5849 μὲν
291 5779 395 5849 τὴν
421 5777 515 5831 τοῦ
541 5779 695 5849 όρᾷν,
725 5781 835 5843 τοῖς
868 5780 924 5832 δὲ
959 5779 1054 5852 τὴν
1083 5783 1175 5835 τοῦ
1208 5785 1437 5852 ὁρᾶσθαι
1477 5785 1732 5855 rupe.va
1755 5825 1776 5837 ρ

154 5872 419 5938 δύναμιν,
456 5870 616 5932 αὐτὸς
664 5871 772 5923 τῶν
803 5871 1093 5942 ὁρωμένων
1140 5875 1255 5926 ἐστὶ
1308 5876 1360 5927 τὸ
1407 5875 1725 5928 κάλλιστον’

1839 4872 2109 4943 praebens,
2142 4884 2251 4940 quo
2281 4868 2488 4939 puriori
2523 4867 2706 4921 animo
2735 4881 2967 4932 sumus;
3015 4875 3070 4920 et
3111 4879 3177 4918 eo
3218 4877 3409 4916 rursus

1838 4962 2132 5018 amandum
2187 4961 2382 5030 magis,
2431 4974 2541 5029 quo
2597 4958 2860 5012 attentius
2899 4972 3022 5012 eum
3063 4956 3407 5024 contempla—

1843 5072 1998 5122 mur;
2029 5064 2082 5109 et
2100 5070 2168 5109 eo
2195 5054 2428 5122 denique
2454 5052 2627 5121 magis
2645 5050 3018 5121 cognoscitur,
3037 5064 3148 5118 quo
3173 5047 3410 5115 amplius

1842 5149 2018 5218 ipsum
2043 5160 2294 5201 amamus
2320 5163 2332 5200 :
2357 5144 2472 5215 ipse
2494 5161 2552 5198 se
2569 5145 2954 5214 speculaturet
2972 5136 3409 5209 comprehendit,

1841 5251 1896 5296 et
1937 5239 2226 5309 perexigue
2248 5237 2316 5292 ad
2346 5245 2574 5292 externa
2605 5234 2954 5290 dillunditur.

1912 5331 2064 5385 Orat.
2088 5331 2139 5384 in
2163 5327 2223 5384 S.
2247 5328 2443 5384 Athan.
2469 5358 2542 5368 —
2568 5327 2723 5393 Quod
2754 5323 3111 5380 sensibilibus
3139 5321 3302 5376 rebus
3327 5331 3406 5374 est

1839 5425 1922 5478 sol
1953 5432 2160 5486 noster,
2207 5423 2309 5477 hoc
2361 5420 2504 5476 Deus
2537 5429 2621 5476 est
2641 5419 2730 5474 'iis
2767 5433 2888 5486 qua:
2944 5423 3125 5470 mente
3183 5415 3407 5485 praedita

1838 5523 1986 5570 sunt.
2029 5515 2127 5570 llle
2171 5515 2315 5568 enim
2351 5512 2615 5568 mundum
2673 5511 2820 5564 hunc
2871 5506 3261 5578 aspectabilem
3297 5507 3408 5562 col-

1841 5609 2080 5675 lustrat;
2133 5606 2224 5662 hic
2272 5604 2621 5660 invisibilem.
2680 5601 2776 5657 [lle
2807 5598 3060 5670 cerporis
3097 5598 3291 5653 oculos
3336 5598 3407 5651 ita

1841 5699 2024 5763 allicit,
2055 5707 2114 5754 ut
2144 5699 2276 5755 solis
2307 5697 2540 5767 speciem
2577 5694 2815 5750 referant
2848 5712 2863 5749 :
2897 5693 2986 5747 hie
3034 5701 3247 5747 mentes
3293 5690 3406 5745 dei-

1841 5788 2042 5843 l‘ormes
2074 5787 2222 5842 facit.
2250 5788 2426 5858 Atque
2455 5796 2511 5842 ut
2555 5787 2665 5849 ille,
2696 5794 2805 5838 tam
2835 5784 2905 5840 iis
2945 5784 3148 5854 quibus
3192 5781 3404 5836 vivendi

1835 5879 2068 5934 facultas
2120 5878 2274 5932 adest
2321 5893 2482 5940 quam
2522 5877 2588 5931 iis
2640 5893 2758 5940 qua:
2794 5874 3067 5938 videntur,
3117 5872 3260 5926 hanc
3296 5865 3404 5922 sint
