4024 6440
548 466 687 538 10¹15

1745 472 1806 533 S.
1845 468 2165 531 JOANNIS
2205 466 2635 531 DAMASCENI

3661 465 3770 535 101

543 584 767 654 praebet,
799 588 858 636 ut
891 589 945 636 et
972 580 1065 635 illa
1094 580 1319 653 quidem
1356 580 1599 646 videant,
1650 580 1753 638 ista
1796 582 2121 649 videantur;
2154 643 2156 649 η

2260 582 2368 636 ὓτω
2393 584 2488 637 καὶ
2514 583 2546 636 6
2575 582 2711 648 Θεὸς
2746 586 2860 649 τοῖς
2883 589 2943 639 τε
2972 585 3178 651 νοοῦσι,
3212 587 3306 641 καὶ
3334 586 3449 650 τοῖς
3476 586 3768 657 νοουμένοις.

472 746 475 750 η
545 692 670 729 cum
702 675 817 743 ipse
847 676 1012 730 rebus
1038 690 1159 745 quae
1181 675 1284 730 sub
1306 684 1589 746 aspectum
1623 676 1854 742 cadunt,
1888 674 2131 745 pulchri-

547 768 738 821 tudine
769 767 1059 821 antecellat
1093 786 1106 822 :
1147 767 1340 822 eodem
1367 771 1530 822 modo
1562 768 1725 830 Deus,
1755 782 1878 821 cum
1915 768 1984 823 iis
2011 782 2131 838 quae

548 857 909 927 intelligentia
960 867 1211 923 utuntur,
1266 860 1369 914 hoc
1412 859 1627 925 aﬂerat,
1662 866 1721 913 ut
1776 858 2130 928 intelligant:

2236 674 2349 738 τοῖς
2389 674 2490 745 μὲν
2517 673 2579 729 τὸ
2622 677 2786 743 νοεῖν,
2818 680 2933 742 τοῖς
2981 677 3038 731 δὲ
3067 678 3129 732 τὸ
3163 678 3406 733 νοεῖσθαι
3438 678 3769 749 δημιουργῶν,

2238 764 2402 830 αὐτὸς
2425 766 2533 818 τῶν
2563 766 2874 838 νοουμένων
2903 769 3031 852 ἐστὶ,
3049 769 3109 823 τὸ
3137 770 3457 842 ἀκρότατον,
3482 770 3560 834 είς
3582 768 3636 824 ὃν
3652 772 3770 825 πᾶσα

2242 855 2431 926 ἔφεσις
2459 858 2701 913 ἵσταται.

546 953 602 998 et
654 946 721 1001 iis
771 955 1107 1018 quamente
1172 948 1568 1019 percipiuntur,
1613 958 1673 1004 ut
1763 949 2165 1020 intelligantur,
2240 948 2357 1019 ipse
2424 950 2657 1021 proinde
2731 951 3153 1025 intelligibilium
3235 954 3485 1010 omnium
3563 966 3771 1011 summus

548 1047 632 1092 est
674 1046 884 1103 vertex,
938 1037 994 1092 in
1042 1054 1152 1108 quo
1208 1039 1541 1095 desiderium
1591 1056 1753 1096 omne
1805 1041 2025 1098 sistitur
2070 1048 2126 1095 et
2164 1040 2414 1111 quiescit.

621 1127 897 1201 Chrysa".
931 1130 1072 1185 hom.
1104 1132 1170 1184 7'7
1213 1134 1266 1186 in
1310 1131 1474 1187 Joan.
1504 1163 1577 1173 —
1620 1133 1832 1189 Idcirco
1865 1134 2035 1189 etiam
2076 1133 2133 1188 in

549 1221 879 1293 baptismate
916 1222 1158 1277 Trinitas
1218 1225 1545 1280 assumitur.
1604 1224 1738 1280 Nam
1793 1225 1958 1281 Pater
2020 1241 2133 1282 rem

554 1329 771 1368 omnem
799 1322 979 1383 potest
1006 1314 1241 1379 cllicere,
1283 1315 1569 1388 Filiusque
1608 1318 1765 1384 item,
1810 1312 2135 1388 et‘Spiritus

555 1415 783 1461 sanctus
814 1425 826 1460 :
859 1420 985 1460 cum
1040 1422 1174 1462 vero
1205 1408 1271 1463 de
1318 1407 1477 1465 Patre
1517 1423 1677 1464 nemo
1710 1409 2032 1481 ambigeret,
2069 1410 2137 1464 de

553 1496 694 1552 Filio
718 1507 899 1553 autem
926 1508 981 1553 et
1021 1498 1230 1569 Spiritu
1278 1511 1471 1557 sancto
1519 1503 1903 1558 controversia
1956 1501 2132 1571 foret;

554 1601 846 1665 eapropter
872 1595 1161 1665 utriusque
1195 1597 1389 1649 ltorum
1426 1611 1621 1650 nomen
1656 1596 1711 1650 in
1741 1605 1931 1653 sancta
1953 1596 2137 1650 initia-

555 1686 709 1741 tione
748 1697 1090 1757 assumptum
1120 1687 1243 1755 fuit,
1282 1696 1339 1742 ut
1385 1690 1438 1743 in
1478 1689 2014 1744 subministratiouis
2044 1704 2137 1742 ar-

557 1796 819 1835 canorum
846 1781 1063 1835 illorum
1081 1782 1349 1837 bonorum
1374 1781 1660 1848 societate,
1690 1780 1975 1852 dignitatis
2002 1794 2142 1851 quo-

559 1888 666 1943 que
697 1871 1015 1927 societatem
1058 1887 1506 1944 agnoscere-mus.

634 1952 822 2032 ΕρἱρΙι.
896 1965 950 2019 in
994 1965 1126 2020 Anc.
1182 1983 1238 2020 ιι.
1297 1964 1382 2020 10.
1418 1998 1484 2006 -
1541 1966 1818 2027 Sanctus,
1880 1972 2145 2030 sanctus,
2181 1958 2220 2022 Β

563 2066 815 2111 sanctus.
875 2055 990 2111 Non
1043 2057 1253 2121 dicunt,
1309 2058 1509 2124 sancti,
1561 2058 1761 2123 sancti,
1808 2066 1867 2111 ut.
1908 2058 1956 2113 ei
1998 2057 2146 2128 quod

564 2147 844 2217 singulare
877 2156 981 2211 est,
1015 2149 1370 2218 multiplicem
1421 2150 1841 2219 appellationem
1878 2149 2145 2213 tribuant,

567 2254 668 2292 nec
693 2239 858 2291 trium
908 2254 1193 2294 numerum
1231 2239 1596 2294 dissimulent.
1651 2239 1757 2295 Sed
1808 2240 1879 2293 ita
1912 2248 1996 2294 ter
2024 2240 2150 2309 qui-

565 2330 687 2384 dem
732 2339 983 2386 sanctum
1028 2331 1349 2401 praedicant,
1384 2339 1443 2385 ut
1497 2346 1604 2386 uno
1633 2330 1939 2402 eodemque
1988 2330 2150 2385 modo

566 2431 621 2477 et
678 2423 1034 2493 singulariter
1059 2438 1245 2477 vocem
1279 2423 1662 2493 pronuntient,
1694 2438 1761 2477 ne
1799 2423 1984 2492 plures
2015 2421 2151 2477 deos

569 2516 873 2569 nominent.
912 2514 1069 2571 Unus
1102 2516 1247 2569 enim
1283 2514 1425 2569 Deus
1457 2525 1541 2570 est
1584 2513 1745 2569 Pater
1793 2515 1845 2568 in
1903 2513 2063 2575 Filio,
2096 2524 2152 2567 et

569 2603 740 2661 Filius
788 2606 844 2659 in
886 2603 1046 2660 Patre
1097 2619 1220 2658 cum
1280 2602 1486 2674 Spiritu
1547 2611 1763 2657 sancto.
1820 2602 1884 2656 Et
1944 2602 2153 2657 idcirco

570 2704 798 2751 sanctus
835 2696 928 2766 qui
979 2696 1032 2750 in
1074 2697 1281 2751 sanetis
1339 2696 1657 2767 requiescit,
1699 2695 1858 2749 Pater
1904 2710 2064 2749 verus
2098 2703 2153 2750 et

568 2790 900 2854 subsistens,
936 2789 1111 2844 Filius
1149 2804 1366 2860 quoque
1403 2806 1563 2845 verus
1613 2798 1668 2842 et
1716 2788 2049 2852 subsistens,
2100 2794 2153 2841 et

572 2880 813 2951 Spiritus
846 2890 1073 2936 sanctus
1120 2898 1285 2936 verus
1330 2890 1383 2936 et
1451 2880 1785 2936 subsistens.
1836 2880 1964 2935 Tria
2002 2891 2151 2945 sunt,

572 2978 666 3028 sed
700 2973 877 3029 deitas
906 2990 1033 3041 una,
1064 2976 1303 3030 essentia
1324 2990 1456 3038 una,
1492 2989 1599 3028 una
1631 2973 1983 3044 gloriﬁcatio,
2011 2988 2154 3029 unus

576 3064 737 3119 Deus.
767 3063 866 3119 Ubi
896 3063 1060 3119 Deum
1088 3065 1426 3119 nominasti?
1449 3079 1557 3119 una
1587 3079 1806 3134 quoque
1828 3063 2151 3118 Trinitatem

576 3165 758 3211 mente
803 3159 1122 3227 complexus
1150 3172 1232 3212 es.
1283 3155 1534 3212 Habuisti
1573 3157 1838 3228 Spiritum
1870 3155 2158 3211 sanctum?

576 3248 820 3317 potentia
860 3245 1039 3302 Patris
1061 3254 1113 3301 et
1142 3245 1280 3311 Filio
1316 3246 1408 3303 Dei
1430 3248 1670 3303 donatus
1688 3264 1770 3305 es.
1800 3246 2010 3303 Patrem
2038 3246 2157 3302 lau-

2306 1137 2405 1191 Διά
2441 1136 2600 1191 τοῦτο
2631 1138 2723 1193 καὶ
2759 1138 2851 1192 ἐπὶ
2878 1137 2974 1192 τοῦ
3011 1137 3391 1208 βαπτίσματος
3420 1140 3455 1209 ἡ
3477 1138 3642 1207 Τριὰς
3663 1139 3772 1209 λαμ-

2239 1225 2482 1282 ϐάνεται.
2533 1228 2642 1281 Καὶ
2670 1228 2779 1299 γὰρ
2813 1228 2841 1279 6
2874 1228 3061 1299 Πατὴρ
3100 1228 3161 1282 τὸ
3204 1228 3312 1281 πᾶν
3346 1228 3672 1298 ἐργάσασθαι
3706 1229 3774 1281 δύο

2238 1336 2415 1382 ναται,
2453 1321 2548 1373 καὶ
2580 1320 2608 1372 6
2664 1320 2793 1383 Υἱὸς
2844 1322 2938 1374 καὶ
2970 1319 3033 1374 τὸ
3084 1320 3309 1392 Πνεῦμα
3362 1320 3427 1374 τὸ
3459 1320 3643 1387 ἅγιον·
3689 1319 3774 1374 ἀλλ’

2241 1410 2428 1481 ἐπειδὴ
2459 1412 2585 1481 περὶ
2635 1411 2727 1465 τοῦ
2789 1412 3006 1482 ῐΙατρὸς
3061 1413 3234 1477 οὐδεὶς
3264 1412 3617 1483 ἀμφιϐάλλει,
3658 1414 3710 1465 τὸ
3734 1414 3775 1466 δὲ

2244 1504 2546 1574 ἀμφίϐολον
2579 1501 2646 1576 ἦν
2694 1507 2824 1577 περὶ
2872 1506 2966 1559 τοῦ
3004 1505 3135 1560 Υίοῦ
3184 1506 3406 1560 καὶτοῦ
3445 1506 3599 1575 ἁγίου
3639 1507 3774 1559 [1νεύ-

2247 1614 2435 1668 ματος,
2472 1598 2839 1671 παρείληπται
2886 1599 2946 1652 ὲν
2974 1601 3037 1670 τῇ
3091 1599 3454 1670 μυσταγωγίᾳ
3481 1640 3496 1663 ,
3531 1597 3614 1651 ἵνα
3650 1598 3699 1650 ἐν
3726 1599 3775 1668 τῇ

2248 1692 2503 1762 κοινωνίᾳ
2534 1690 2643 1745 τῶν
2681 1693 3014 1764 ἀπορρήτων
3046 1692 3271 1745 ἐκείνων
3306 1690 3550 1760 ἀγαθῶν,
3593 1691 3679 1743 καὶ
3701 1689 3776 1761 τὴν

2247 1782 2538 1837 κοινωνίαν
2563 1783 2662 1855 τῆς
2694 1783 2848 1850 ἀξίας
2872 1781 3409 1853 καταμανθάνωμεν·

2322 1960 2511 2035 ’Ἄγιος
2536 2003 2551 2029 ,
2612 1965 2787 2033 ἀγιος,
2845 1964 3025 2033 ἀγιοςυ
3071 1964 3167 2018 καὶ
3216 1965 3276 2017 οὐ
3327 1964 3602 2034 λέγουσιν,
3647 1964 3779 2033 am,

2248 2056 2413 2126 ἅγιοι,
2444 2055 2530 2112 ἵνα
2580 2056 2644 2111 τὸ
2676 2056 2857 2111 ἑνικὸν
2889 2054 3248 2127 πολυώνυμον
3290 2058 3631 2128 ἀποφάνωσι,
3676 2058 3783 2129 μηδὲ

2247 2149 2356 2201 τῶν
2387 2149 2555 2220 τριῶν
2584 2149 2675 2203 τὸν
2708 2149 2941 2221 ἀριθμὸν
2973 2149 3393 2223 ἀποκρύψωσιν,
3423 2148 3563 2204 ἀλλὰ
3591 2149 3702 2221 τρὶς
3724 2150 3786 2203 δι-

2256 2240 2409 2294 δόασι
2463 2239 2565 2311 τὴν
2613 2239 2967 2309 ἀγιαστείαν·
3039 2240 3326 2311 μονοειδῶς
3379 2240 3437 2294 δὲ
3490 2241 3584 2293 καὶ
3629 2241 3787 2303 ὲνιιαῖις

2251 2330 2694 2402 ἀποφθέγγονται
2726 2332 2815 2385 τὸν
2849 2330 3027 2401 λόγον,
3058 2332 3147 2387 ἵνα
3182 2331 3257 2403 μὴ
3291 2329 3591 2386 πυλυθεῖαν
3620 2332 3793 2402 ὄνομα·

2254 2433 2420 2471 σωσιν
2440 2435 2453 2451 ο
2517 2413 2597 2484 εἷς
2625 2419 2735 2491 γάρ
2781 2420 2898 2473 ἐστι
2944 2420 3079 2485 Θεὸς
3107 2420 3298 2493 Πατὴρ
3340 2422 3400 2475 ἐν
3429 2420 3546 2492 Υἱῷ
3567 2437 3581 2451 ·
3613 2420 3725 2485 Υἱὸς
3750 2423 3797 2474 ὲν

2253 2509 2430 2580 [lat-pi
2462 2511 2557 2564 σὺν
2597 2511 2738 2581 ἁγίῳ
2763 2511 3065 2583 Πνεύματι.
3098 2512 3211 2567 Καὶ
3251 2512 3341 2568 διὰ
3389 2513 3553 2567 τοῦτο
3586 2514 3726 2582 ἀγιος
3751 2515 3797 2567 ἐν

2254 2602 2426 2671 ἁγίοις
2444 2603 2875 2673 ἀναπαυόμενος,
2894 2604 3087 2675 Πατὴρ
3113 2606 3142 2659 ὁ
3168 2604 3422 2675 ἀληθινὸς
3446 2604 3796 2668 ἐνυπόστατος,

2254 2694 2351 2747 καὶ
2373 2691 2499 2756 Υἱὸς
2517 2691 2771 2758 amem;
2795 2694 3185 2759 ἐνυπόστατος,
3212 2696 3308 2749 καὶ
3328 2692 3555 2766 Πνεῦμα
3583 2692 3797 2763 ἀληθινὸν

2255 2785 2639 2847 ὲνυπόττατον,
2675 2785 2801 2856 τρία
2838 2785 2968 2841 ὄντα
3015 2787 3115 2859 μία
3142 2787 3354 2858 θεότης,
3388 2785 3488 2857 μία
3522 2784 3690 2847 οὐσία,
3722 2783 3799 2854 μία

2254 2879 2550 2947 δοξολογία,
2574 2873 2653 2942 εἷς
2678 2879 2828 2943 Θεόςο
2871 2880 3146 2948 ὀνομάσας
3170 2880 3323 2943 Θεὸν,
3360 2877 3800 2950 συμπεριείληφας

2256 2973 2464 3043 διανοίᾳ
2496 2972 2593 3043 τὴν
2626 2972 2855 3044 Τριάδα.
2881 2973 3081 3043 Ἔσχες
3111 2972 3335 3044 Πνεῦμα
3370 2973 3549 3041 ἅγιον,
3570 2969 3801 3040 κατηξίω-

2262 3081 2352 3115 σαι
2378 3063 2478 3133 τῆς
2527 3062 2813 3134 δυνάμεως
2845 3064 2946 3135 τῆς
2996 3064 3257 3136 πατρῴας
3291 3064 3391 3120 καὶ
3429 3062 3525 3117 τοῦ
3555 3062 3681 3116 Υίοῦ
3727 3058 3800 3112 τοῦ

2259 3154 2429 3207 Θεοῦο
2472 3153 2733 3219 ὲδόξασας
2784 3154 2877 3209 τὸν
2920 3155 3163 3228 Πατέρα,
3217 3157 3503 3227 ἐσήμανας
3540 3154 3629 3207 τὸν
3679 3153 3801 3214 Υἱὸν,

2262 3248 2355 3300 καὶ
2394 3247 2457 3300 τὸ
2504 3246 2659 3316 ἆγιον
2709 3246 2957 3318 Πνεῦμα,
3012 3246 3147 3301 ἀλλὰ
3183 3246 3258 3319 μὴ
3297 3246 3437 3301 κατὰ
3488 3244 3803 3312 συναλοιςήν.

577 3306 765 3393 dasti?
818 3337 1014 3393 Filium
1073 3348 1125 3394 et
1176 3338 1444 3411 Spiritum
1499 3349 1754 3406 sanctum
1812 3338 2156 3410 signiﬁcasti.

2267 3342 2425 3395 Ἔστι
2468 3306 2577 3412 γὰρ
2609 3342 2637 3394 6
2660 3306 3073 3411 Har'hp'lla'n'qp
3093 3354 3107 3369 ·
3135 3306 3281 3391 ἐστίν
3299 3339 3327 3391 6
3361 3336 3493 3399 Υίὸς
3514 3334 3669 3398 Υἱός·
3688 3306 3809 3386 ἔστιν

578 3442 689 3481 non
719 3435 897 3484 tamen
931 3443 1031 3499 per
1054 3428 1311 3484 unionem
1336 3438 1392 3485 et
1420 3422 1795 3485 coalitionem.
1822 3427 1983 3483 Pater
2014 3428 2161 3483 enim

579 3527 663 3571 est
704 3516 884 3583 Pater,
913 3527 967 3573 et
995 3519 1167 3576 Filius
1204 3519 1393 3588 Filius,
1428 3530 1484 3575 et
1516 3520 1756 3591 Spiritus
1777 3528 2007 3577 sanctus
2040 3519 2163 3590 Spi-

580 3611 723 3662 ritus
750 3620 995 3663 sancuts.
1035 3608 1105 3661 At
1134 3607 1378 3666 Trinitas
1414 3610 1482 3664 ab
1516 3611 1723 3665 unitate
1772 3616 1827 3663 et
1881 3606 2164 3662 identitato

580 3701 805 3755 tniuime
838 3711 1046 3756 semota
1077 3707 1183 3758 est.

656 3792 797 3848 Ibid.
819 3824 884 3834 —
911 3794 956 3849 Ο
988 3794 1237 3851 Trinitas
1267 3803 1481 3861 sancta,
1513 3811 1636 3865 quae
1666 3795 2010 3861 numeraris;
2047 3789 2167 3846 'l‘ri-

584 3887 731 3941 nitas
759 3900 867 3941 uno
891 3886 1112 3942 nomine
1150 3889 1478 3942 numerata!
1518 3885 1637 3941 Non
1674 3887 1822 3942 enim
1858 3885 2042 3940 unitas
2083 3882 2167 3938 vel

582 3975 837 4033 binarius
857 3978 1081 4044 dicitur,
1114 3992 1292 4048 neque
1323 3978 1508 4033 unitas
1535 3987 1589 4032 et
1616 3978 1831 4044 unitas;
1858 3977 1951 4031 sed
1982 3974 2168 4030 Trini-

584 4073 673 4122 tas
723 4067 778 4121 in
822 4068 1056 4132 unitate,
1103 4075 1160 4122 et
1213 4068 1400 4122 unitas
1440 4067 1493 4121 iu
1546 4066 1839 4132 Trinitate,
1902 4066 2169 4137 singulari

587 4157 786 4225 forma,
821 4168 874 4213 ct
896 4159 1265 4230 appellatione
1296 4158 1581 4227 singulari.
1612 4157 1767 4214 Unus
1795 4157 1958 4214 Pater
1982 4159 2036 4214 in
2077 4155 2168 4212 Fi-

586 4252 687 4317 lio,
722 4251 893 4307 Filius
935 4253 986 4305 iu
1019 4251 1179 4305 Patre
1209 4258 1266 4304 et
1289 4250 1502 4319 Spiritu
1529 4260 1743 4306 saneto.

660 4338 778 4395 Una
807 4350 890 4394 est
920 4341 1094 4410 gloria
1142 4338 1321 4393 Patris
1354 4347 1410 4394 et
1442 4338 1563 4393 Filii
1596 4350 1649 4395 et
1693 4339 1934 4410 Spiritus
1971 4337 2167 4394 sancti.

595 4432 890 4487 «Gloriam
943 4432 1090 4486 enim
1143 4445 1341 4497 meam,
1404 4430 1605 4501 inquit,
1648 4431 1805 4485 alteri
1868 4447 1976 4485 nou
2032 4430 2173 4486 dabo

590 4524 729 4596 (Im.
765 4538 902 4588 xui,
933 4524 1009 4593 8).
1049 4521 1168 4578 Non
1206 4524 1353 4579 enim
1380 4522 1660 4579 secundus
1695 4522 1835 4578 Deus
1861 4531 1944 4579 est
1973 4521 2169 4586 Filius,

590 4618 685 4672 sed
718 4613 958 4671 Verbum
994 4617 1159 4670 unius
1190 4623 1246 4671 et
1276 4617 1450 4673 solius
1479 4616 1591 4682 Dei,
1624 4616 1716 4687 qui
1757 4616 1810 4670 iu
1843 4616 1999 4671 Patre
2029 4614 2173 4670 Deus

590 4723 716 4762 esse
748 4706 1098 4777 praedicatur,
1136 4709 1599 4782 quemadmodum
1632 4716 1687 4764 et
1718 4708 1880 4763 Pater
1919 4708 1974 4762 in
2012 4706 2169 4762 Filio.

591 4796 754 4853 Velut
791 4799 953 4870 300
978 4801 1143 4855 etiam
1180 4802 1354 4857 Isaias
1383 4802 1479 4867 ait,
1513 4801 1639 4855 dum
1670 4799 1869 4854 Filium
1908 4816 2015 4855 una
2043 4814 2170 4854 cum

592 4889 754 4945 Patre
811 4891 977 4947 Deum
1038 4894 1326 4962 proﬁtetur
1360 4914 1372 4949 :
1415 4915 1433 4946 ι
1473 4894 1796 4948 Adorabuut
1832 4904 1903 4960 te,
1937 4903 1990 4948 ct
2036 4894 2088 4948 in
2121 4904 2173 4949 te

592 4980 872 5036 orabunt:
910 4983 1169 5052 quoniam
1228 4985 1282 5039 iu
1346 4995 1397 5040 te
1458 4985 1601 5040 Deus
1659 4984 1861 5049 Israel,
1921 4985 2175 5040 Salvator

593 5072 734 5146 (lsa.
777 5090 901 5140 ην,
943 5076 1173 5149 14,15).
1220 5096 1238 5129 ι
1270 5077 1712 5145 Confundentur,
1744 5088 1799 5134 et
1842 5080 2172 5134 erubescent

593 5181 808 5231 omnes,
849 5168 942 5238 qui
975 5168 1077 5238 ipsi
1111 5169 1499 5235 adversantur,
1544 5186 1644 5229 nec
1677 5172 1854 5241 ipsum
1905 5170 2174 5227 conﬁten-

595 5265 706 5321 tur,
748 5274 847 5313 ncc
870 5258 1135 5330 Spiritum
1169 5260 1345 5331 ipsius
1366 5262 1609 5332 ejusdem
1636 5278 1699 5318 ac
1722 5262 1893 5319 Filius
1924 5263 2176 5319 essentize

596 5363 739 5411 esse.
768 5365 831 5404 ac
858 5360 1057 5420 praeter
1077 5369 1223 5419 eum,
1254 5354 1420 5409 alium
1456 5355 1623 5410 Deum
1653 5371 1795 5413 esse.

669 5439 1024 5513 Nequaquam
1074 5445 1148 5499 ita
1189 5454 1326 5503 est:
1377 5446 1705 5502 absithon
1757 5457 1840 5504 est
1889 5456 2176 5520 procreata

600 5524 868 5597 Trinitas,
916 5538 1012 5592 sed
1046 5540 1379 5610 sempiterna
1419 5550 1472 5599 et
1515 5559 1623 5598 uua
1671 5549 1755 5598 est
1806 5544 1861 5598 in
1907 5542 2178 5598 Trinitate

2262 3436 2323 3489 τὸ
2357 3433 2513 3503 ἆγιον
2541 3430 2789 3502 Πνεῦμα,
2828 3431 2985 3501 ἅγιον
3026 3429 3273 3502 Πνεῦμα.
3306 3427 3447 3483 Ἀλλ’
3473 3428 3578 3481 οὐκ
3606 3424 3809 3495 ἀπηλλο-

2263 3524 2542 3597 τριωμένη
2594 3523 2765 3595 Τριὰς
2830 3524 2929 3594 τῆς
2978 3521 3228 3592 ἐνότητος
3257 3561 3271 3586 ,
3328 3519 3423 3574 καὶ
3473 3518 3578 3588 τῆς
3649 3515 3810 3570 τιυτῶ

2265 3635 2449 3688 τητος.

2337 3789 2408 3848 Ὠ
2432 3795 2601 3866 Τριὰς
2636 3794 2767 3863 ἁγία
2798 3791 3177 3865 ἀριθμουμένη
3212 3802 3258 3854 ³,
3295 3787 3465 3860 Τριὰς
3508 3788 3568 3840 ὲν
3617 3784 3694 3839 ἑνὶ
3720 3782 3815 3834 ὀνό-

2273 3907 2402 3962 ματι
2438 3888 2561 3960 ἀριο
2572 3886 2850 3959 μουμένηί
2888 3885 2963 3939 Οὐ
2986 3884 3095 3955 γὰρ
3117 3882 3336 3952 λέγεται
3364 3880 3538 3953 μονὰς
3572 3874 3815 3962 mrem,

2270 3960 2390 4033 οὐδὲ
2426 3977 2593 4049 μονὰς
2620 3977 2714 4030 καὶ
2765 3974 2954 4046 μονὰς,
2988 3972 3124 4027 ἀλλά
3173 3970 3345 4042 Τριάς
3399 3971 3459 4021 ὲν
3503 3965 3709 4039 μονάδι,
3740 3960 3819 4017 καὶ

2276 4068 2442 4143 μονὰς
2497 4071 2555 4123 ὲν
2589 4067 2801 4137 Τριάδι,
2849 4063 3139 4138 μονοειδῶς
3192 4060 3533 4133 μονωνύμως
3564 4053 3642 4121 εἷς
3673 4053 3815 4143 θε⁶ἰ’

2271 4142 2462 4234 Πατὴρ
2516 4161 2573 4214 ἐν
2633 4158 2779 4229 rit;-
2830 4157 2960 4222 Υἱὸς
3007 4156 3064 4209 ὲν
3109 4152 3289 4225 [ιατρι
3343 4152 3443 4206 σὺν
3496 4148 3638 4217 ἁγίῳ
3671 4142 3818 4198 [Ier-

2279 4461 2297 4494 ι
2316 4442 2427 4511 Τὴν
2446 4439 2601 4506 δόξαν
2630 4435 2736 4507 γάρ
2757 4450 2882 4505 μου,
2902 4433 3086 4502 φησὶν,
3106 4429 3276 4499 ἑτέρῳ
3302 4428 3363 4480 οὐ
3391 4424 3573 4479 δώσω.
3601 4443 3620 4475 ι
3645 4422 3714 4474 υύ
3732 4417 3821 4511 γάρ

2273 4510 2393 4586 ἐστι
2417 4532 2671 4600 δεύτερος
2704 4527 2836 4591 Θεὸς
2867 4528 2895 4580 6
2931 4524 3078 4588 Υἱὸς,
3112 4521 3249 4577 ἀλλά
3280 4520 3454 4589 Λόγος
3483 4517 3580 4571 τοῦ
3612 4515 3720 4576 ἑνὸς
3743 4510 3819 4563 καὶ

2279 4625 2443 4696 μόνου
2466 4620 2626 4683 Θεοῦ,
2657 4614 3077 4688 θεολογούμενος
3111 4614 3168 4667 ὲν
3201 4609 3397 4681 [lat-pi,
3424 4608 3504 4673 ὡς
3531 4607 3625 4661 καὶ
3659 4600 3818 4696 nostri

2276 4694 2334 4771 ἓν
2364 4714 2479 4784 Υίῴ
2515 4712 2869 4780 Θεολογεῖται.
2906 4705 3107 4771 Καθὼς
3147 4702 3241 4759 καὶ
3278 4699 3507 4764 Ἡσαΐας
3529 4699 3691 4767 λέγει,
3722 4694 3818 4746 0:9-

2274 4807 2451 4877 λογῶν
2482 4805 2607 4857 Υίὺν
2638 4802 2735 4856 σὺν
2762 4799 2936 4869 Πατρί
2956 4816 2970 4831 ο
3000 4817 3017 4851 ι
3040 4792 3494 4869 Προσκυνήσουσί
3532 4808 3633 4852 σοι,
3662 4786 3746 4841 καὶ
3773 4785 3817 4835 ἐν

2282 4900 2365 4954 σοὶ
2424 4894 2844 4969 προσεύξονται·
2876 4894 2959 4946 ὅτι
3001 4894 3059 4945 ὲν
3109 4890 3193 4944 σοὶ
3223 4891 3252 4944 6
3299 4887 3433 4952 Θεὸς
3477 4885 3571 4940 τοῦ
3615 4877 3816 4953 Ἰσραὴλ.

2276 4992 2494 5061 Σωτήρ.
2519 5007 2536 5039 ι
2566 4985 3036 5057 Δίσχυνθήσονται
3062 4986 3157 5037 καὶ
3188 4980 3619 5053 ἐντραπήσονται
3649 4976 3816 5029 πάντες

2276 5085 2325 5137 oi
2353 5080 2726 5151 ἀντικείμενοι
2749 5075 2918 5148 αὐτῷ,
2944 5077 3003 5129 oi'
3030 5074 3104 5146 μὴ
3132 5071 3525 5144 ὁμολογοῦντες
3558 5066 3709 5134 αὐτῷ,
3739 5060 3813 5113 κίε

2277 5179 2340 5232 τὸ
2379 5175 2607 5247 Πνεῦμα
2656 5171 2847 5237 αὐτοῦ,
2875 5172 2972 5241 τῆς
3020 5168 3190 5239 αὐτῆς
3225 5166 3305 5238 τῷ
3350 5164 3466 5235 Υἱῷ
3514 5162 3703 5221 οὐσίας.
3738 5154 3811 5206 καὶ

2283 5272 2424 5341 πλὴν
2460 5267 2627 5324 αὐτοῦ
2654 5264 2783 5338 [μὴ]
2811 5257 2950 5317 εἶναι
2983 5260 3137 5315 Θεόν.

2355 5447 2470 5501 Οὐκ
2489 5443 2639 5498 ἔστιν
2672 5438 2844 5495 οὕτω*
2878 5434 2953 5509 μὴ
2983 5433 3229 5505 γένοιτο·
3263 5432 3365 5486 οὐκ
3411 5428 3531 5483 ἔστι
3558 5415 3807 5509 γεννητὴὴ

2285 5538 2477 5612 Τριὰς,
2516 5535 2631 5591 ἀλλ’
2664 5533 2855 5596 ἀΐδιος,
2880 5506 2993 5583 ⁷κοιλ
3042 5526 3143 5600 μία
3189 5525 3381 5597 θεότης
3422 5524 3482 5578 ἑν
3515 5515 3705 5591 Τριάδι,
3734 5506 3811 5561 καὶ

1876 5678 2111 5736 VARle
2153 5675 2553 5735 LECTIONES.

671 5772 701 5856 ς
735 5759 859 5847 ilice
896 5761 1368 5856 legunturcodetu
1401 5772 1503 5856 lori
1534 5772 1676 5856 apud
1713 5770 2400 5856 Epiphaqiumznupefuc.
2452 5785 2582 5852 γριρο
2622 5762 2823 5856 tribui}.
2847 5750 3811 5856 Αιιιυιιίιοοιιξρ.

604 5832 967 5914 ιριλσῃςςουζ
994 5834 1087 5886 τοῦ
1113 5837 1198 5914 εἰς
1226 5838 1284 5891 τὸ
1317 5844 1375 5895 ὐ
1400 5832 1588 5913 κύριος
1606 5832 1787 5898 ἔκτισὲ
1821 5832 1916 5914 με.
1943 5844 1987 5911 ρ

610 5918 694 5962 tur
717 5904 824 5957 Μία
848 5902 995 5968 δόξα,
1023 5920 1077 5957 κ.
1100 5922 1149 5959 τ.
1181 5906 1224 5958 ὲ.

2424 5814 2716 5912 δίθὶῦιῑίλίε
2749 5832 2903 5890 illius
2929 5814 3255 5901 l’tr‘agtucnti;
3273 5814 3431 5894 quod
3460 5814 3629 5882 statim
3657 5814 3805 5885 sequi-
