4024 6424
233 399 365 461 1077
468 388 469 391 ‘

1489 400 1729 474 εΑρῑιΑ
1756 412 2213 474 PARALLELA.

3349 409 3483 479 1078

227 518 327 586 μία
352 517 479 583 δόξα
505 518 605 588 τῆς
636 520 797 589 ἁγίας
828 521 1077 593 Τριάδος.
1114 524 1222 579 Καὶ
1264 527 1473 596 σχίζειν
1516 529 1689 601 αὐτὴν
1718 533 1799 595 είς

1933 531 2103 591 ιεὶιειε,
2129 537 2183 584 et
2216 544 2323 584 una
2374 536 2581 585 sanctae
2621 528 2912 585 Trinitatis
2956 529 3154 600 gloria.
3188 527 3251 583 Et
3290 544 3386 585 vos
3413 544 3480 586 eo

224 610 521 683 διαφόρους
552 611 741 681 φύσεις
772 614 1040 684 τολμᾶτες
1074 616 1236 687 Μόνῳ
1262 618 1384 689 Θεῷ
1414 621 1675 692 ἁρμόττει
1708 623 1800 676 λέ-

236 719 346 769 (ειν
393 703 456 757 τὸ
498 705 667 775 ἐμόν.
700 705 876 761 Αὑτοῦ
914 710 1021 781 γὰρ
1056 709 1221 779 μόνου
1273 710 1441 777 ὅντως
1492 713 1679 787 κτῆμα
1733 715 1802 769 τὰ

172 820 179 851 ε
228 797 431 851 πάντα.

223 930 487 1016 “il-.3}
512 962 581 973 -
607 934 745 1016 ’ἴδιοι
799 934 907 1016 τρῦ
943 936 1246 1016 dem?!”
1294 934 1448 1016 sirm
1477 939 1799 1016 mese:-

292 1002 537 1140 3:281?
580 1003 781 1058 πάντα
826 1002 1049 1075 ἐφορᾷ,
1090 1008 1190 1063 καὶ
1244 1008 1426 1064 οὐδὲν
1464 1011 1654 1065 αὑτὸν
1701 1010 1802 1065 λέ-

300 1204 320 1236 ι
358 1186 470 1240 Οὐκ
499 1186 643 1239 ἔστιν
672 1186 731 1251 ὃς
760 1187 1027 1253 ἐξελεῖται
1060 1189 1126 1245 ἐκ
1152 1189 1265 1245 τῶν
1296 1192 1501 1265 χειρῶν
1532 1210 1660 1264 μου.
1703 1212 1723 1245 ι

300 1385 320 1418 ι
360 1366 594 1437 Ὀρατής
620 1366 772 1420 ἐστιν
797 1366 976 1439 ἔργων
1008 1369 1210 1441 χειρῶν
1234 1368 1537 1443 ἀνθρώπων
1565 1387 1579 1401 ·
1606 1372 1801 1443 λέληθε

221 1455 278 1510 δὲ
310 1458 477 1512 αὐτὸν
502 1458 656 1512 οὐδὲν
682 1450 758 1513 ὧν
790 1459 1145 1531 πράττουσιν.
1183 1479 1202 1512 ι
1289 1515 1293 1519 ,

303 1570 323 1601 ι
357 1550 560 1623 Κύριος
592 1551 771 1605 πάντα
799 1552 995 1629 ἐφορᾷ,
1032 1552 1470 1623 καταλαμϐάνων
1510 1554 1805 1627 ἀνεξιχνία-

222 1659 365 1708 an,
428 1643 618 1709 ἐνδοξά
664 1660 724 1698 τε
766 1645 863 1698 καὶ.
903 1644 1153 1711 ἐξαίσια,
1202 1637 1279 1700 ὧν
1325 1645 1425 1699 οὐκ
1477 1645 1626 1699 ἐστιν
1681 1647 1805 1718 ἀρι-

223 1734 386 1803 θμός.
421 1754 438 1786 ι

304 1845 323 1878 ι
352 1828 450 1891 Τίς
502 1821 658 1892 οὗτος
708 1830 737 1882 ό
782 1828 1040 1901 κρύπτων
1090 1845 1158 1900 με
1198 1827 1417 1901 βουλὴν,
1472 1830 1711 1901 συνέχων
1747 1831 1804 1887 δέ

224 1917 454 1988 ῥήματα
486 1922 544 1972 ἐν
579 1919 795 1992 καρδίᾳ,
831 1921 931 1991 ἐμὲ.
960 1920 1133 1975 οἴεται
1164 1921 1467 1992 κρύπτειν;
1499 1942 1520 1977 ι

302 2106 327 2140 ς
375 2090 611 2155 Ἐτάζων
644 2090 873 2164 καρδίας
895 2093 991 2149 καὶ
1020 2096 1253 2168 νεφροὺς
1280 2097 1309 2151 ὁ
1335 2096 1489 2163 Θεός.
1519 2118 1538 2152 ι

312 2296 331 2328 ι
370 2277 606 2351 ’Υψηλὸς
638 2278 866 2349 Κύριος,
919 2282 1017 2335 καὶ
1048 2278 1282 2335 ταπεινὰ
1327 2282 1539 2353 ἐφορᾷ,
1591 2289 1685 2336 καὶ
1742 2287 1811 2337 τὰ

228 2368 418 2440 ὑψηλὰ
448 2370 838 2443 ἀπομακρόθεν
867 2370 1149 2441 γινώσκει.
1186 2391 1204 2424 ι
1767 2422 1771 2428 .

308 2482 326 2513 ι
366 2461 477 2516 Ποῦ
510 2462 764 2534 πορευθῶ
795 2462 903 2518 ἀπὸ
935 2465 1031 2518 τοῦ
1074 2464 1385 2537 πνεύματός
1429 2482 1544 2532 σου,
1581 2465 1675 2520 καὶ
1705 2467 1813 2521 ἀπὸ

227 2554 326 2609 τοῦ
360 2556 659 2628 προσώπου
694 2575 788 2611 σου
820 2560 923 2613 ποῦ
950 2558 1141 2629 φύγω;
1170 2580 1185 2613 ι

306 2666 327 2698 ι
370 2647 543 2719 ’ᾼὸης
570 2650 664 2703 καὶ
714 2651 960 2704 ἀπώλεια
993 2652 1206 2723 φανερά
1246 2652 1397 2724 παρὰ
1436 2654 1661 2725 Κυρίῳ·
1697 2654 1811 2720 πῶς

226 2740 358 2810 οὐχὶ
392 2742 486 2795 καὶ
518 2743 573 2795 αἱ
604 2743 820 2813 καρδίαι
845 2745 955 2798 τῶν
986 2744 1327 2817 ὰνθρώπων;
1366 2765 1385 2798 ι

312 2851 331 2884 ι
363 2833 453 2887 Ἐν
488 2834 651 2889 παντὶ
698 2837 847 2907 τόπῳ
894 2837 1165 2910 ὀφθαλμοὶ
1220 2838 1426 2909 Κυρίου
1483 2837 1813 2895 σκοπεύουσι

231 2926 445 2990 κακούς
467 2944 525 2981 τε
557 2930 650 2983 καὶ
680 2930 941 3000 ἀγαθούς.
979 2950 999 2984 ι

312 3037 332 3068 ι
362 3019 494 3085 θεὸς
546 3023 782 3091 ἐγγίζων
814 3025 929 3094 είμὶ
975 3023 1107 3092 ἐγὼ,
1142 3024 1290 3093 λέγει
1344 3024 1579 3097 Κύριος,
1614 3026 1707 3080 καὶ
1752 3028 1814 3081 οὐ

230 3109 368 3173 Θεὸς
400 3112 722 3184 πόρρωθενς
756 3116 819 3168 Et
844 3115 1178 3187 κρυὸήσεταί
1200 3133 1253 3169 τι
1279 3118 1336 3170 ἐν
1366 3118 1635 3189 κρυφίοις,
1662 3119 1817 3188 κάγὼ

1907 620 2155 675 audaciae
2181 622 2563 690 prorumpitis,
2609 628 2667 675 ut
2715 634 2838 675 eam
2890 621 2944 676 in
2976 621 3224 676 diversas
3254 630 3480 676 naturas

1905 711 2209 767 scindatis?
2264 710 2370 767 Uni
2418 710 2526 768 Deo
2576 729 2748 767 meum
2801 712 2985 768 dicere
3034 711 3315 768 convenit.
3344 711 3478 767 Nam

1906 804 2024 875 ipse
2051 805 2205 860 solus
2239 805 2423 859 omnia
2450 820 2582 861 vere
2611 803 2877 875 passidet.

1926 933 2016 989 Tit
2069 931 2134 987 ll.
2178 962 2250 973 —
2300 932 2454 997 Quod
2502 932 2644 988 Deus
2705 932 2861 987 vitari
2910 941 3165 1001 nequeat,
3215 931 3455 1001 quodque

2007 1002 2185 1057 omnia
2214 1003 2492 1074 inspiciat,
2534 1019 2625 1058 nec
2652 1004 2941 1073 quidquam
2986 1004 3158 1071 ipsum
3183 1001 3371 1056 lateat.

1974 1194 2130 1253 Deut.
2154 1213 2328 1265 χχιιι,
2344 1199 2535 1256 59.—t
2562 1198 2682 1256 Non
2707 1208 2792 1257 est
2811 1199 2905 1271 qui
2923 1199 3122 1271 eripiat
3138 1199 3207 1256 de
3228 1198 3483 1255 manibus

1903 1288 2063 1344 meis.
2108 1308 2128 1342 ι

1976 1397 1997 1429 ι
2036 1378 2379 1451 Conspector
2426 1387 2513 1437 est
2554 1394 2783 1450 operum
2824 1380 3108 1436 hominum
3156 1397 3173 1434 :
3213 1366 3325 1437 nec
3357 1396 3482 1435 eum

1904 1468 2201 1542 quidquam
2231 1486 2297 1525 ex
2330 1470 2400 1526 iis
2429 1485 2553 1540 quae
2592 1468 2821 1537 faciunt,
2857 1470 3012 1525 latet.
3044 1488 3062 1521 ι

1973 1560 2076 1614 Job
2102 1578 2155 1623 v,
2196 1562 2250 1617 9.
2276 1592 2347 1602 —
2398 1581 2416 1613 ι
2449 1562 2713 1618 Dominus
2744 1562 2929 1617 omnia
2960 1564 3142 1618 cernit
3182 1577 3198 1617 :
3229 1577 3485 1634 compre-

1906 1652 2153 1708 hendens
2188 1653 2589 1719 inscrutabilia,
2631 1653 2855 1719 eximia,
2896 1661 2951 1707 et
3001 1651 3296 1723 stupenda,
3350 1666 3485 1723 quo-

1907 1758 2028 1798 rum
2052 1758 2162 1799 non
2186 1754 2269 1799 εει
2300 1759 2585 1801 numerus.
2628 1762 2646 1795 ι

1974 1833 2076 1887 .Ιοῦ
2128 1849 2261 1898 xui,
2317 1835 2373 1889 3.
2406 1863 2478 1874 —
2509 1853 2527 1885 ι
2571 1832 2706 1899 Quis
2762 1842 2851 1887 est
2894 1831 3019 1895 iste,
3060 1831 3153 1901 qui
3208 1832 3351 1887 celat
3402 1846 3486 1884 me

1833 1925 1879 1981 Β
1906 1927 2221 1991 consilium,
2255 1934 2310 1981 et
2348 1926 2597 1981 continet
2648 1924 2814 1980 verba
2849 1924 2903 1978 in
2936 1921 3101 1979 corde
3133 1941 3149 1979 :
3183 1938 3268 1978 me
3300 1930 3485 1976 autem

1906 2026 2061 2089 putat
2088 2017 2466 2073 abscondere?
2500 2036 2518 2069 ι

1980 2109 2131 2165 Psal.
2184 2125 2298 2174 vn,
2352 2109 2407 2165 9.
2462 2138 2533 2148 —
2588 2125 2607 2159 ι
2662 2106 2936 2162 Scrutans
2986 2105 3153 2161 corda
3218 2112 3272 2159 ct
3327 2118 3485 2159 renes

1911 2200 2071 2257 Dens.
2117 2218 2135 2251 ι

1988 2290 2135 2346 Psal.
2171 2306 2425 2355 cxxxvn,
2484 2288 2538 2345 6.
2573 2317 2643 2327 —
2690 2308 2707 2339 ι
2749 2285 3017 2342 Excelsus
3071 2283 3377 2349 Dominus,
3434 2290 3489 2339 et

1910 2384 2134 2438 humilia
2163 2384 2409 2452 respicit,
2441 2390 2494 2437 et
2521 2382 2628 2435 alta
2660 2394 2689 2433 a
2716 2380 2878 2449 longe
2908 2376 3219 2448 cognoscit.
3255 2395 3273 2428 ι

1989 2473 2136 2529 Psal.
2181 2487 2446 2538 cxxxvm,
2490 2471 2540 2525 7.
2579 2500 2648 2510 —
2692 2488 2709 2519 ι
2752 2470 2872 2536 Quo
2923 2468 3013 2523 ibo
3055 2482 3085 2522 a
3121 2466 3322 2538 spiritu
3350 2471 3485 2533 tuo;

1907 2575 1965 2622 et
1989 2580 2098 2635 quo
2126 2580 2155 2619 a
2186 2562 2325 2619 facie
2354 2571 2449 2617 tua
2482 2562 2728 2633 fugiam?
2768 2579 2785 2611 ι

1986 2656 2143 2711 Prov.
2187 2672 2274 2721 xv,
2315 2656 2399 2710 il.
2432 2684 2504 2695 -—-
2547 2672 2565 2705 ι
2608 2654 2858 2708 Infernus
2909 2662 2963 2707 et
3015 2650 3249 2723 perditio
3304 2665 3492 2705 coram

1917 2746 2145 2802 Domino
2178 2766 2192 2802 :
2224 2754 2434 2818 quanto
2457 2746 2630 2817 magis
2661 2744 2827 2801 corda
2860 2746 3162 2799 hominum.
3194 2762 3215 2797 ι

1991 2838 2131 2894 Ibid.
2156 2839 2209 2893 3.
2234 2870 2302 2881 -—
2334 2858 2353 2891 ι
2385 2839 2440 2894 1η
2463 2839 2611 2893 omni
2642 2839 2760 2893 loco
2807 2838 2952 2894 oculi
2997 2837 3209 2893 Domini
3234 2844 3493 2893 contem-

1916 2930 2133 3001 planttl'
2160 2929 2336 2984 bonos
2367 2937 2422 2985 et
2460 2930 2655 2984 malos.
2692 2949 2710 2982 ι

1983 3018 2183 3075 Jerem.
2220 3034 2375 3081 unt.
2406 3018 2496 3075 9.5.
2540 3050 2607 3059 —
2647 3038 2664 3070 ι
2706 3020 2847 3074 Deus
2868 3034 2898 3075 e
2928 3019 3110 3074 vicino
3128 3034 3228 3090 ego
3255 3033 3408 3084 sum;
3439 3026 3495 3073 et

1916 3126 2025 3166 non
2059 3110 2201 3166 Deus
2237 3110 2305 3166 de
2331 3110 2531 3181 longe?
2563 3110 2620 3165 Si
2653 3110 3022 3165 occultabitur
3050 3110 3133 3165 vir
3161 3111 3212 3163 in
3251 3110 3487 3165 abscon-

228 3203 336 3254 ούκ
370 3201 572 3273 ὂψομαι
602 3205 761 3273 αὐτός
788 3206 879 3277 Μὴ
918 3204 1041 3276 οὐχὶ
1077 3206 1168 3259 τὸν
1202 3207 1429 3277 οὐρανὸν
1459 3209 1554 3263 καὶ
1578 3209 1675 3281 τὴν
1705 3210 1809 3281 γῆν

1933 3200 2066 3265 litis,
2094 3208 2150 3255 et
2179 3216 2280 3273 ego
2320 3218 2427 3255 non
2456 3200 2653 3255 videbo
2685 3216 2831 3263 eum,
2859 3199 2993 3255 dicit
3015 3200 3314 3255 Dominus?
3342 3198 3494 3253 Nun-

231 3289 350 3358 ἐγὼ
379 3292 596 3365 πληρῶ,
621 3294 774 3364 λέγει
805 3295 1037 3367 Κύριος;
1078 3317 1097 3349 ι

316 3488 336 3521 ι
362 3470 568 3542 Κύριος
600 3473 946 3545 ἀποκαλύψει
978 3475 1148 3548 βαθέα
1187 3479 1277 3531 καὶ
1315 3476 1633 3549 ἀπόκρυφα,
1655 3475 1817 3547 γινώ-

232 3577 388 3617 σκων
420 3564 489 3618 τὰ
514 3566 572 3619 ἐν
596 3566 801 3633 σκότει,
832 3568 931 3623 καὶ
958 3567 1074 3637 φῶς
1106 3570 1226 3640 μετ’
1257 3568 1422 3624 αὐτοῦ
1454 3571 1591 3624 ἐστι.
1616 3589 1638 3624 ο

315 3766 335 3799 ι
375 3748 449 3801 Τδ
485 3750 709 3821 συνέχον
749 3751 819 3805 τά
856 3751 1056 3820 πάντα,
1102 3752 1304 3822 γνῶσιν
1338 3753 1452 3824 ἔχει
1485 3756 1695 3826 φωνῆς’
1730 3754 1818 3809 διὰ

232 3839 400 3894 τοῦτο
422 3843 795 3915 φθεγγόμενος
825 3845 986 3900 ἄδικα
1020 3846 1197 3911 οὐδεὶς
1221 3847 1283 3902 οὐ
1324 3848 1400 3920 μὴ
1429 3848 1589 3920 λάθῃ,
1616 3849 1727 3902 οὐδ’
1754 3850 1815 3903 οὑ

234 3934 317 4006 μὴ
352 3936 750 4006 παρελεύσεται
782 3938 944 3994 αὐτὸν
967 3938 1268 4012 ἐλέγχουσα
1292 3941 1441 4014 δίκη.
1472 3962 1490 3996 ι

314 4132 336 4167 ι
366 4116 492 4169 Τῶν
523 4119 737 4191 νεφρῶν
790 4121 955 4175 αὐτοῦ
1009 4123 1243 4196 μάρτυς,
1302 4125 1396 4181 καὶ
1439 4126 1540 4197 τῆς
1591 4127 1818 4198 καρδίας

236 4204 411 4260 αὐτοῦ
444 4208 743 4277 ἐπίσκοπος
787 4214 1027 4285 ἀληθὴς,
1062 4217 1158 4270 καὶ
1205 4217 1306 4288 τῆς
1348 4216 1602 4289 γλώσσης
1656 4219 1820 4273 ἀκου-

237 4300 398 4370 στὴς.
434 4320 453 4352 ι

317 4412 339 4444 ι
367 4393 481 4464 Τὴν
506 4395 604 4467 σὴν
637 4398 797 4468 χεῖρα
835 4399 1095 4467 ἐκφυγεῖν
1128 4398 1389 4453 ἀδύνατόν
1413 4402 1576 4457 ἐστιν.
1615 4420 1637 4454 ο

1841 3275 1883 3333 C
1916 3293 2051 3364 quid
2084 3309 2195 3347 non
2224 3293 2420 3349 caelum
2457 3302 2511 3349 et
2561 3302 2765 3348 terram
2798 3302 2900 3363 ego
2947 3293 3168 3362 impleo,
3221 3292 3355 3347 dicit
3388 3290 3495 3347 Do-

1915 3386 2140 3442 minus?
2173 3405 2191 3437 ι

1985 3476 2127 3533 Dan.
2172 3494 2229 3545 ιι,
2271 3456 2363 3533 22.
2387 3481 2457 3517 -—'-
2509 3496 2525 3529 ι
2556 3474 2699 3533 Deus
2744 3474 2948 3531 revelat
2979 3472 3248 3546 profunda
3285 3480 3340 3529 et
3370 3474 3499 3529 abs-

1916 3570 2160 3638 condita,
2189 3578 2243 3626 et
2272 3570 2423 3625 novit
2467 3585 2587 3640 quae
2618 3571 2672 3624 in
2718 3567 2963 3624 tenebris
2987 3576 3135 3632 sunt,
3168 3575 3221 3621 et
3252 3566 3341 3620 lux
3369 3582 3494 3621 cum

1916 3679 1984 3723 eo
2009 3671 2118 3720 est.
2150 3682 2169 3715 ι

1986 3756 2117 3825 Sap.
2138 3771 2177 3823 l,
2197 3755 2347 3809 7.—~¢
2374 3755 2511 3818 Hoc,
2531 3752 2679 3823 quod
2705 3752 2949 3809 continet
2968 3750 3174 3815 omnia,
3207 3749 3495 3806 scientiam

1919 3850 2085 3906 habet
2118 3848 2290 3904 vocis.
2323 3847 2555 3919 PrOpter
2595 3847 2699 3901 hoc
2733 3846 2830 3917 qui
2866 3844 3112 3915 loquitur
3141 3843 3350 3914 inique,
3385 3859 3496 3897 non

1920 3947 2102 4012 potest
2154 3940 2346 3998 latere.
2379 3952 2477 3994 nec
2528 3936 2803 4007 prazteriet
2843 3950 2966 3992 eum
3013 3934 3319 4005 corripiens
3344 3932 3495 4003 judi-

1917 4032 2084 4087 cium.
2116 4049 2135 4082 ι
2856 4014 2861 4019 ’
3258 4079 3266 4085 .

1990 4123 2130 4178 Ibid.
2166 4122 2291 4177 6.—
2328 4140 2345 4173 ι
2383 4118 2597 4175 Renum
2632 4118 2775 4175 illitis
2809 4117 2964 4174 testis
2995 4112 3078 4173 est
3108 4113 3273 4182 Dens,
3296 4122 3351 4171 et
3374 4129 3500 4171 cor-

1919 4214 2005 4270 tis
2056 4214 2228 4284 ipsius
2255 4221 2533 4270 scrutator
2590 4225 2788 4277 verus,
2851 4219 2905 4265 et
2970 4208 3168 4280 linguae
3220 4205 3344 4278 ejus
3393 4221 3495 4260 au~

1919 4308 2084 4363 ditor.
2120 4327 2137 4359 ι

1992 4400 2117 4468 Sap.
2152 4414 2263 4461 xvi,
2292 4398 2378 4453 l5.
2405 4426 2478 4444 —
2504 4414 2522 4448 ι
2556 4394 2773 4451 Manum
2840 4403 2986 4448 tuam
3038 4390 3274 4462 cﬂ‘ugere
3297 4389 3498 4459 impos-

1922 4492 2081 4549 sibile
2107 4498 2211 4547 est.
2256 4510 2273 4543 ι

317 4592 335 4625 ι
374 4575 437 4627 Οί
470 4574 740 4646 ὀφθαλμοὶ
774 4576 980 4647 Κυρίου
1011 4578 1405 4648 μυριοπλάσιον
1445 4580 1596 4651 ἡλίου
1621 4599 1812 4649 (punet-

1995 4582 2162 4639 Eccli.
2200 4597 2358 4647 ιχιιι,
2389 4578 2481 4637 28.
2515 4607 2580 4619 —-—
2616 4598 2633 4631 ι
2684 4577 2841 4635 Oculi
2890 4575 3104 4631 Domini
3148 4575 3322 4629 multo
3379 4572 3502 4644 plus

242 4662 482 4734 νότεροι,
514 4665 901 4731 ἐπιϐλέποντες
931 4666 1114 4731 πάσας
1148 4669 1247 4733 τὰς
1276 4669 1430 4732 ὁδοὺς
1466 4671 1574 4724 τῶν
1609 4671 1821 4756 ἀνθρὼο

240 4774 383 4813 πων.
419 4778 438 4811 ι

321 4868 341 4903 ι
378 4852 563 4920 Ἔγνω
590 4852 794 4925 Κύριος
825 4854 853 4907 ὀ
885 4854 1107 4924 ὕψιστος
1144 4856 1326 4909 πᾶσαν
1371 4855 1696 4926 συνείδησιν,
1730 4857 1823 4909 καὶ

242 4942 550 5014 ἐπέϐλεψεν
582 4947 660 5010 εἰς
693 4949 919 5017 σημεῖον
949 4946 1166 5013 αἰῶνος,
1198 4947 1559 5016 ἀπαγγέλλων
1582 4947 1650 5002 τά
1681 4964 1824 5019 παρ-

241 5033 495 5097 ελθόντα,
542 5036 637 5088 καὶ
680 5035 748 5089 τὰ
796 5037 1054 5107 ἐσόμενα,
1110 5039 1207 5091 καὶ
1256 5036 1663 5092 ἀποκαλύπτων
1702 5039 1822 5109 ίχνη

242 5125 608 5196 ἀποκρύφων.
644 5129 717 5181 Οὐ
752 5128 1033 5200 παρῆλθεν
1062 5129 1226 5183 αὑτὸν
1254 5132 1361 5184 πᾶν
1389 5131 1686 5203 διανόημα’
1724 5132 1825 5185 οὐκ

242 5218 457 5289 ἐκρύϐη
496 5218 587 5272 ὑπ’
620 5219 786 5273 αὑτοῦ
814 5218 893 5285 εἷς
923 5221 1100 5290 λόγος.
1134 5220 1217 5275 Τά
1241 5222 1507 5293 μεγαλεῖα
1532 5221 1697 5276 αὐτοῦ
1726 5224 1824 5293 τῆς

246 5308 442 5379 σοφίας
487 5311 585 5380 τῆς
635 5313 908 5384 κοσμικῆς
956 5313 1288 5384 ἐκόσμησεν,
1331 5315 1389 5378 ὃς
1428 5316 1543 5368 ἐστι
1590 5314 1696 5385 πρὸ
1733 5314 1825 5367 τοῦ

246 5403 585 5469 ιιίῶνος,νκα.λ⁵
614 5406 691 5469 είς
714 5404 805 5457 τὸν
835 5405 1118 5459 αἰῶνα.ού
1151 5406 1477 5475 προσετέθη,
1505 5404 1626 5459 οὔτε
1659 5406 1825 5475 ἠλατ-

245 5495 421 5567 τώθη.
437 5514 454 5547 ι

325 5608 344 5641 ι
390 5589 567 5659 Ἔργα
595 5590 771 5661 πάσης
806 5589 1009 5660 σαρκὸς
1054 5589 1286 5645 ἐνώπιον
1338 5589 1529 5653 αὐτοῦ,
1582 5590 1676 5643 καὶ
1717 5589 1817 5642 ούκ

249 5682 364 5735 ἔστι
403 5681 671 5753 κρυϐῆναί
696 5700 749 5736 τι
780 5684 884 5737 ἀπὸ
918 5684 1025 5737 τῶν
1064 5682 1356 5755 ὀφθαλμῶν
1393 5682 1579 5737 αὐτοῦ.
1617 5703 1633 5733 ι

330 5884 350 5917 ι
392 5862 477 5928 Ὡς
516 5863 681 5934 πηλὸς
712 5863 999 5934 κεραμέως
1055 5863 1112 5916 ἐν
1161 5862 1302 5935 χειρὶ
1334 5859 1519 5928 αὐτοῦ,
1555 5860 1693 5915 κατᾶ
1728 5859 1825 5933 τὴν

1926 4674 2223 4730 lucidiores
2257 4680 2388 4730 sunt
2424 4672 2563 4739 sole,
2593 4670 3112 4739 circumspicientes
3146 4681 3339 4723 omnes
3384 4666 3503 4720 vias

1925 4767 2232 4821 hominum.
2267 4784 2284 4815 ι

1996 4855 2167 4911 Eccli.
2203 4872 2338 4921 nn,
2374 4855 2440 4909 i8
2470 4870 2627 4925 seqq.
2659 4886 2725 4895 —
2757 4871 2777 4905 ι
2812 4852 3082 4924 Cognovit
3118 4850 3385 4907 Dominus
3414 4850 3506 4904 Al-

1927 4949 2175 5006 tissimus
2200 4964 2415 5003 omnem
2438 4945 2929 5011 conscientiam,ct
2956 4945 3191 5015 inspexit
3208 4945 3264 4999 in
3288 4944 3503 5012 signum

1926 5042 2053 5104 teri,
2080 5040 2417 5095 annuntians
2467 5053 2588 5108 quae
2624 5036 3035 5108 praeterierunt,
3069 5040 3123 5089 et
3160 5049 3284 5103 qnze
3314 5047 3505 5100 super-

1926 5141 2158 5186 ventura
2188 5139 2337 5192 sunt,
2363 5138 2417 5185 et
2444 5130 2692 5185 revelans
2725 5127 2951 5197 vestigia
2987 5125 3351 5181 occultorum.
3385 5120 3503 5175 Non

1928 5220 2189 5291 praeteriit
2222 5234 2346 5274 cum
2386 5218 2493 5272 ulla
2529 5217 2825 5289 cogitatio,
2862 5230 2972 5270 non
3022 5210 3314 5268 abscondit
3348 5225 3407 5265 se
3436 5210 3507 5265 ab

1928 5330 1993 5369 eo
2032 5314 2174 5367 ullus
2206 5326 2408 5368 sermo.
2443 5309 2712 5381 lllagnalia
2752 5308 3034 5378 sapientiae
3058 5320 3171 5361 suae
3201 5301 3503 5364 decoravit,

1930 5407 2023 5476 qui
2053 5414 2138 5459 est
2169 5410 2297 5457 ante
2339 5402 2629 5467 saeculum,
2676 5410 2731 5456 et
2770 5414 2945 5470 usque
2977 5398 3029 5451 in
3073 5394 3354 5450 saeculum.
3384 5391 3506 5446 Non

1932 5496 2181 5559 increvit,
2222 5508 2322 5550 nec
2354 5493 2618 5549 decrevit.
2650 5510 2668 5543 ι

2004 5583 2174 5639 Eccti.
2208 5598 2399 5648 χχχιιι,
2434 5580 2520 5637 l9.
2545 5610 2612 5621 —-
2641 5599 2658 5631 ι
2690 5578 2867 5651 Opera
2905 5576 3086 5634 omnis
3106 5572 3289 5631 carnis
3316 5586 3503 5628 eorum

1934 5679 2029 5735 illo
2061 5687 2192 5733 sunt
2229 5692 2244 5731 :
2277 5683 2331 5731 et
2362 5689 2466 5729 non
2500 5681 2583 5730 est
2622 5671 2770 5745 quod
2819 5670 3192 5728 abscondatur
3219 5667 3286 5723 al)
3328 5663 3507 5720 oculis

1933 5772 2072 5842 ejus.
2113 5789 2130 5820 ι

2008 5860 2173 5915 Eccli.
2209 5873 2404 5923 xxxi”,
2440 5856 2522 5913 l5.
2547 5886 2613 5897 —-
2647 5874 2663 5908 ι
2697 5853 2862 5921 Quasi
2885 5853 3057 5909 lutum
3085 5849 3234 5922 ﬁguli
3260 5849 3314 5905 in
3340 5860 3500 5902 manu
