3910 6400
78 425 191 481 ιυειρι

1338 426 1576 487 SACRA
1616 427 2077 490 PARALLELA.

3192 432 3328 531 mss-.3

79 538 154 589 καὶ
184 536 250 590 τά
280 536 339 591 ὲν
381 539 571 610 χερσῖν
614 538 943 611 εὑρίσκομεν
975 538 1114 609 μετά
1146 539 1312 592 πόνου
1339 556 1352 570 ·
1383 542 1450 593 τὰ
1484 541 1545 595 δὲ
1577 543 1622 594 ἐκ.

1741 542 1790 596 in
1823 556 1965 598 terra
2004 556 2175 599 sunt:
2208 555 2261 601 cl.
2309 565 2431 619 quae
2464 550 2517 603 in
2554 559 2848 620 prospectu
2902 557 3053 614 sunt,
3102 548 3315 604 inveni-

79 632 325 702 )lpavol;,
350 630 435 695 τίς
461 632 795 703 ὲξιχνίασεν;
831 652 849 684 ι

134 827 153 859 ι
188 808 561 881 Χαλεπὼτερά
604 827 698 864 σου
736 810 810 883 μὴ
839 812 1012 882 ζήτει,
1043 814 1136 867 καὶ
1195 812 1508 886 ὑψηλότερά
1537 832 1634 869 σου

73 901 138 969 μὴ
168 901 535 973 περιεργάζου
556 920 570 935 ο
598 903 656 958 ἃ.
681 906 998 977 προσετάγη
1049 924 1154 970 σοι,
1190 907 1362 962 ταῦτα
1392 907 1631 963 διανοοῦ.

72 992 136 1045 Οὐ
161 993 268 1063 γάρ
290 995 409 1049 ἐστί
440 1012 523 1050 σοι
552 996 712 1068 χρεία
737 998 847 1051 τῶν
874 998 1152 1068 κρυπτῶν.
1192 1000 1281 1053 Ἐν
1314 1003 1426 1064 τοῖς
1443 1018 1636 1072 περισ-

72 1088 172 1149 σοῖς
198 1086 307 1151 τῶν
332 1087 513 1160 ἔργων
563 1107 657 1143 σου
695 1089 770 1162 μὴ
819 1091 1212 1163 περιεργάζου.
1246 1093 1476 1147 Πλείονα
1522 1093 1633 1165 γὰρ

72 1178 325 1244 συνέσεως
379 1180 683 1253 ἀνθρώπων
731 1183 1028 1254 ὑπεδείχθη
1082 1201 1200 1237 σοι’
1265 1186 1496 1250 πολλοὺς
1526 1186 1633 1259 γὰρ

71 1269 336 1325 ἀπώλεσεν
377 1274 411 1344 ή
443 1274 713 1347 ὑπόληψις
770 1275 971 1342 αὐτῶν,
1008 1282 1105 1331 κα)⁸
1158 1277 1387 1332 ὑπόνοια
1420 1279 1635 1350 πονηρά

70 1363 323 1436 ὼλίσθησε
363 1365 605 1421 διάνοιαν
652 1367 869 1423 αὐτῶν·
919 1369 1064 1422 καὶὸ
1101 1368 1334 1439 ἀγαπῶν
1384 1369 1631 1425 κίνδυνον

70 1459 121 1509 ἐν
144 1455 287 1530 αὐτῷ
312 1458 617 1515 ἀπολεῖται.
652 1479 673 1512 ι

138 1699 155 1732 ι
196 1679 337 1751 Περὶ
356 1673 789 1754 πράγματος,οὗ
816 1682 917 1737 οὐκ
950 1681 1067 1738 ἔστι
1096 1700 1179 1737 σοι
1207 1682 1389 1755 χρεία,
1424 1681 1502 1755 μὴ
1533 1699 1634 1736 πε-

72 1792 140 1845 ριε
150 1774 372 1845 ργάζου.
406 1793 426 1828 ι

134 1886 149 1917 ι
182 1864 485 1937 Θαυμαστὰ
511 1868 581 1921 τά
601 1864 740 1939 ἔργα
767 1866 999 1939 Κυρίου,
1026 1867 1122 1921 καὶ
1144 1865 1365 1938 κρυπτά
1392 1867 1461 1920 τά
1493 1865 1633 1936 ἔργα

68 1958 215 2011 αὐτοῦ
244 1958 581 2029 ἀνθρώποις.
619 1977 639 2010 ι

126 2073 143 2104 ι
176 2052 273 2118 Τίς
306 2053 603 2124 ιξιχνιάσει
659 2052 731 2107 τὰ
767 2053 1029 2125 μεγαλεῖα
1078 2052 1172 2106 τοῦ
1218 2050 1391 2116 Θεοῦ;
1426 2049 1633 2121 κράτος

63 2145 152 2213 τῆς
189 2144 569 2217 μεγαλοσύνης
600 2145 764 2200 αὑτοῦ
807 2146 892 2210 τίς
920 2143 1385 2218 ἐξαριθμήσεταις
1416 2146 1511 2200 καὶ
1547 2144 1633 2208 τίς

64 2238 348 2311 προσθήσει
382 2239 819 2311 ἐκδιηγήσασθαι
855 2239 925 2293 τὰ
952 2239 1079 2311 ὲλέη
1112 2238 1314 2307 αὐτοῦς
1354 2239 1454 2291 οὐκ
1480 2236 1631 2291 ἔστιν

63 2332 374 2396 ἐλαττῶσαι,
405 2332 529 2387 οὐδὲ
557 2332 879 2404 προσθεῖναι
902 2348 916 2362 ·
950 2331 1045 2386 καὶ
1078 2331 1180 2385 οὐκ
1208 2330 1356 2385 ἔστιν
1386 2329 1629 2401 ἐξιχνιά-

64 2442 142 2479 σαι
164 2426 228 2480 τά
243 2426 505 2497 θαύματα
524 2426 728 2498 Κυρίου
744 2441 757 2454 ·
788 2427 918 2479 ὅταν
942 2423 1242 2498 συντελέσῃ
1263 2424 1293 2476 ὁ
1318 2422 1415 2478 ἄνθ
1426 2438 1628 2494 ρωπος,

62 2512 165 2565 τότε
199 2512 463 2586 ἄρχεται·
507 2515 603 2568 καὶ
642 2515 772 2568 ὅταν
800 2512 1009 2586 παύσῃ,
1054 2510 1177 2565 τότε
1212 2508 1629 2582 ὲξαπορηθήσε-

62 2622 157 2659 ται.
200 2625 223 2659 ι

125 2720 141 2751 ι
171 2698 306 2755 Θεὸν
332 2699 509 2764 οὐδεὶς
547 2697 763 2771 ἑώρακε
800 2696 1045 2754 πώποτε.
1080 2717 1101 2752 ι

124 2812 142 2843 ι
183 2792 240 2846 '0
262 2792 525 2862 βασιλεὺς
552 2793 662 2847 τῶν
689 2792 1111 2864 βασιλευόντων,
1144 2792 1240 2846 καὶ
1270 2788 1480 2862 Κύριος
1518 2788 1628 2843 τῶν

59 2885 443 2955 κυριευόντων⁸
473 2885 539 2947 ό⁸ξ
552 2884 711 2954 μόνος
744 2884 884 2956 ἔχων
914 2883 1222 2939 ἀθανασίαν
1242 2901 1255 2914 ·
1292 2882 1410 2953 φῶς
1456 2882 1625 2936 οίκῶν

60 2976 366 3047 ἀπρόσιτον,
421 2977 481 3032 ὃν
515 2973 655 3031 εἶδεν
690 2977 868 3041 οὐδεὶς
924 2975 1252 3050 ἀνθρώπων,
1308 2973 1429 3028 οὐδὲ
1494 2973 1626 3027 ἰδεῖν

58 3081 285 3121 ουναται.
325 3085 343 3118 ι

114 3160 175 3213 El
207 3159 390 3229 βούλει
425 3160 553 3229 περὶ
575 3160 712 3215 Θεοῦ
742 3161 925 3231 λέγειν
953 3178 1031 3224 τι,
1058 3159 1091 3231 ἢ
1124 3157 1372 3222 ἀκούειν,
1398 3158 1533 3227 ἄφες
1562 3156 1624 3209 τὸ

1743 650 1868 691 mus
1900 651 2024 691 cum
2076 639 2283 695 labore.
2337 645 2469 707 Quae
2522 651 2703 697 autem
2752 641 2807 696 in
2838 641 2994 698 cmlis
3024 650 3174 705 sunt,
3201 642 3328 712 quis

1743 728 2143 802 investigabit?
2180 754 2199 786 ι

1815 823 1987 880 Εεειὶ.
2042 842 2125 891 ιιι,
2167 826 2360 882 22-27.
2395 859 2462 869 —
2494 848 2512 880 ‹
2562 829 2775 884 Altiora
2826 838 2878 885 te
2910 843 2979 884 ne
3015 828 3326 899 quaesieris,

1742 924 1797 973 et
1826 916 2055 973 fortiora
2094 928 2146 975 te
2179 936 2247 976 ne
2281 930 2560 977 scrutatus
2596 921 2767 978 fueris
2794 939 2806 975 :
2841 923 2938 979 sed
2967 938 3090 995 quae
3114 938 3324 993 praece-

1743 1011 1825 1082 pit
1876 1012 1975 1067 tibi
2028 1011 2195 1081 Deus,
2239 1015 2331 1069 illa
2381 1017 2561 1087 cogita
2616 1032 2858 1087 semper.
2893 1017 3016 1072 Non
3068 1019 3214 1073 enim
3245 1026 3329 1071 est

1744 1103 1840 1158 tibi
1875 1107 2250 1162 necessarium
2300 1124 2421 1179 quae
2451 1108 2783 1163 abscondita
2834 1117 2989 1173 sunt,
3024 1108 3230 1164 videre.
3268 1107 3324 1160 lu

1743 1198 2102 1267 supervacuis
2148 1199 2409 1267 operibus
2490 1201 2603 1255 tuis
2664 1216 2732 1257 ne
2812 1199 2986 1255 fueris
3041 1198 3323 1253 curiosus.

1741 1284 1987 1341 Plurima
2034 1288 2180 1343 enim
2235 1306 2402 1361 super
2458 1306 2686 1347 sensum
2752 1292 3037 1346 hominum
3100 1298 3327 1346 ostensa

1742 1388 1874 1436 sunt
1911 1382 2032 1437 libi.
2086 1381 2285 1437 Multos
2338 1384 2484 1439 enim
2531 1384 2774 1456 perdidit
2818 1385 3061 1454 suspicio
3098 1398 3322 1438 eorum:

1740 1482 1797 1529 et
1844 1473 1899 1528 in
1937 1475 2183 1531 vanitate
2244 1479 2489 1533 detinuit
2546 1494 2746 1534 sensus
2815 1477 3075 1532 illorum:
3126 1484 3180 1531 ct
3230 1476 3324 1545 qui

1742 1574 1890 1620 amat
1918 1568 2254 1637 periculum,
2287 1571 2340 1624 in
2367 1586 2434 1625 eo
2469 1571 2690 1641 peribit.

1812 1658 1987 1715 Eccli.
2012 1676 2089 1725 χι,
2123 1661 2178 1715 9.
2201 1691 2272 1701 -—
2297 1682 2315 1714 ι
2360 1662 2434 1718 De
2459 1679 2522 1720 ea
2556 1680 2634 1731 re,
2673 1680 2796 1737 qua:
2821 1672 2873 1720 te
2904 1679 3013 1719 non
3040 1663 3320 1722 molestat,

1741 1766 1812 1807 ne
1842 1754 2167 1810 certaveris.
2200 1774 2218 1807 ι

1815 1841 2179 1899 Ιῡὶά.4.-«
2239 1846 2513 1902 Mirabilia
2577 1864 2745 1918 opera
2801 1848 3072 1904 Altissimi
3126 1848 3320 1913 solius,

1664 1924 1707 1979 Β
1736 1937 1979 2008 gloriosa
2007 1948 2064 1994 et
2104 1939 2403 2004 absconsa,
2438 1951 2494 1997 et
2532 1942 2713 1997 invisa
2755 1957 2925 2012 opera
2958 1942 3133 1997 illius.
3166 1962 3184 1996 ι

1803 2030 1965 2101 302
2003 2030 2175 2086 Ecdi.
2226 2048 2388 2100 ινιιι,
2423 2034 2477 2088 3.
2507 2064 2579 2077 --
2608 2052 2625 2085 ι
2652 2032 2788 2100 Quis
2818 2034 3170 2105 investigabit
3202 2050 3322 2089 ma-

1733 2125 1913 2195 gnalia
1946 2124 2079 2180 Dei?
2109 2125 2370 2181 virtutem
2400 2136 2582 2182 autem
2608 2126 3011 2197 magnitudinis
3046 2128 3169 2197 ejus
3194 2128 3322 2198 quis

1734 2217 2091 2272 enuntiabit?
2142 2227 2237 2273 aut
2270 2220 2398 2290 quis
2450 2220 2673 2290 adiiciet
2704 2236 2969 2276 enarrare
3002 2222 3323 2277 misericor-

1733 2308 1879 2364 diam
1908 2310 2076 2382 ejus?
2116 2310 2237 2368 Non
2287 2320 2373 2368 est
2409 2314 2683 2380 minuere,
2735 2330 2836 2370 nec
2888 2314 3131 2384 adjicere
3166 2332 3179 2367 :
3219 2331 3321 2371 nec

1732 2411 1821 2459 est
1875 2403 2125 2461 invenire
2161 2407 2437 2477 magnalia
2490 2406 2612 2463 Dei.
2660 2405 2796 2462 Cum
2850 2410 3322 2464 consummaverit

1732 2495 1920 2562 homo,
1978 2507 2107 2553 tunc
2158 2498 2432 2571 incipiet:
2492 2508 2547 2556 et
2594 2515 2720 2555 cum
2773 2501 3072 2570 quieverit,
3124 2517 3319 2572 opera-

1730 2587 1901 2646 bitur.
1939 2609 1957 2642 ι

1799 2679 1963 2735 Joau.
2004 2682 2161 2747 ι,18.
2193 2713 2262 2724 -
2296 2701 2314 2736 ι
2356 2682 2526 2739 Deum
2579 2699 2743 2739 nemo
2794 2684 2934 2739 vidit
2980 2698 3246 2754 unquam.
3295 2703 3313 2736 ι

1802 2769 1833 2825 1
1870 2772 2007 2827 Tim.
2058 2791 2133 2836 vr.
2174 2774 2261 2828 15.
2290 2802 2341 2813 ——
2381 2794 2401 2827 ι
2428 2773 2544 2830 Rex
2586 2790 2799 2847 regum,
2841 2774 3111 2831 Dominus
3144 2775 3319 2831 domi-

1728 2864 2007 2929 nantium,
2054 2867 2147 2937 qui
2181 2868 2333 2923 solus
2362 2866 2535 2922 habet
2580 2867 3077 2932 immortalitatem,
3132 2877 3186 2922 et
3231 2868 3317 2922 lu-

1728 2969 1849 3011 cem
1906 2957 2115 3013 habitat
2163 2958 2647 3015 inacccssibilem:
2703 2975 2867 3031 quem
2909 2960 3100 3015 nullus
3136 2959 3316 3015 homi-

1729 3065 1860 3104 num
1892 3050 2056 3115 vidit.
2098 3052 2193 3107 sed
2231 3068 2333 3108 nec
2365 3052 2552 3108 videre
2578 3060 2780 3122 potest.

1798 3137 1967 3193 Basil.
2000 3139 2077 3195 De
2111 3141 2239 3211 ﬁde.
2270 3171 2340 3182 —
2364 3141 2424 3197 Si
2466 3142 2535 3197 de
2561 3140 2674 3197 Deo
2705 3141 2990 3215 quidpiam
3029 3142 3179 3214 loqui
3220 3156 3316 3197 aut

58 3252 195 3321 σῶμα
216 3252 415 3306 ἑαυτοῦ
436 3269 450 3283 ·
487 3252 625 3324 ἀφες
656 3253 755 3318 τὰς
782 3253 1102 3324 σωματικὰς
1119 3250 1424 3318 αἰσθήσεις
1452 3249 1621 3305 κατά-

1741 3232 1923 3289 audire
1954 3234 2170 3301 studes,
2227 3235 2460 3291 missum
2516 3235 2602 3290 l'ac
2652 3250 2856 3307 corpus
2906 3244 3085 3302 tuum,
3116 3235 3317 3291 missos

53 3343 161 3395 λιπε
197 3346 299 3417 τὴν
325 3345 429 3416 γῆν
451 3361 466 3375 ο
501 3346 771 3399 κατάλιπε
800 3346 900 3416 τὴν
932 3343 1211 3399 θάλασσαν
1232 3360 1245 3373 ·
1281 3343 1432 3397 κάτω
1462 3359 1620 3397 σεαυ-

51 3435 133 3487 τοῦ
176 3436 406 3507 ποίησον
453 3436 545 3490 τὸν
578 3437 716 3509 ἀέρα
744 3454 759 3468 ·
796 3434 1125 3507 παράδραμε
1175 3433 1350 3507 ὥρας,
1410 3432 1618 3505 καιρῶν

53 3528 313 3593 εὐταξίας,
374 3530 475 3594 τὰς
532 3531 660 3601 περὶ
685 3529 792 3599 γῆν
824 3529 1237 3599 διακοσμήσεις.
1310 3525 1483 3596 ’Υπὲρ
1526 3524 1618 3578 τὸν

54 3620 236 3693 αίθέρα
267 3622 473 3692 γενοῦ·
519 3622 737 3694 διάϐηθι
770 3623 900 3685 τοὺς
950 3620 1207 3691 ἀστέρας,
1244 3618 1315 3673 τά
1350 3619 1479 3689 περ)⁵
1523 3617 1621 3671 αὒ-

52 3714 146 3767 τῶν
177 3714 461 3787 θαύματα,
496 3714 597 3786 την
645 3715 945 3783 εὐκοσμίαν
994 3710 1214 3774 αὐτῶν,
1260 3712 1331 3763 τά
1383 3709 1616 3779 μεγέθη,

51 3806 135 3870 τὰς
203 3807 431 3880 χρείας,
486 3807 585 3878 τὴν
653 3805 1052 3879 λαμπρότητα,
1122 3803 1224 3873 τὴν
1283 3801 1454 3867 θέσιν,
1519 3802 1620 3871 τὴν

52 3899 231 3955 κτίσιν.

109 3994 194 4065 Μὴ
221 3994 378 4065 ζήτει
404 3992 475 4047 τὰ
503 3990 870 4063 ἀνερεύνητα·
904 3991 1027 4044 οὐδὲ
1053 3990 1162 4061 γὰρ
1181 3990 1479 4060 εὑρίσκεις.
1501 3987 1620 4039 Ἵνα

50 4085 143 4155 γὰρ
165 4087 217 4139 τί
252 4086 350 4140 καὶ
381 4086 603 4158 ζητεῖς;
639 4086 799 4156 Παρά
839 4084 987 4148 τίνος
1016 4083 1162 4154 ἔχεις
1196 4084 1424 4155 μαθεῖν,
1458 4080 1618 4150 Παρά

50 4176 170 4244 Ὑῆςς
214 4178 318 4230 οὐκ
374 4177 718 4246 ὑφειστήκει.
761 4176 924 4245 Παρά
977 4172 1280 4243 θα).ἀσσης;
1328 4172 1428 4225 οὐκ
1474 4166 1544 4239 ἦν
1581 4171 1614 4240 ὴ

51 4263 195 4332 ὑγρά.
234 4264 399 4336 Παρά
422 4264 695 4337 οὐρανοῦ;
728 4265 831 4318 οὐκ
858 4259 925 4335 ἦν
956 4263 1239 4335 ἐπαρθείς.
1274 4261 1435 4332 Παρά
1461 4259 1615 4331 ἡλίου

48 4358 129 4409 καὶ
155 4358 421 4430 σελήνηςς
478 4358 692 4412 οὐδέπω
737 4356 1229 4430 δεδημιούργηντο.
1279 4354 1444 4408 Ἀλλὰ
1480 4352 1615 4425 παρ’

48 4447 272 4514 αἰώνων;
300 4450 412 4519 πρὸ
432 4448 644 4502 αἰώνων
666 4452 693 4502 ὁ
718 4450 1053 4519 Μονογενής.
1084 4447 1176 4520 Μὴ
1200 4447 1419 4512 ἐξέταζε
1445 4446 1513 4501 τὰ
1542 4446 1616 4517 μὴ

48 4539 122 4590 ἀεὶ
153 4540 304 4603 ὄντα,
342 4542 485 4612 ὑπὲρ
513 4540 608 4594 τοῦ
637 4542 724 4595 ἀεὶ
750 4542 922 4604 ὄντος.
953 4542 1015 4594 Et
1041 4542 1099 4596 δὲ
1126 4543 1200 4611 μὴ
1235 4540 1433 4604 θέλεις,
1480 4539 1617 4592 ἀλλά

1728 3325 1813 3379 fac
1843 3341 2142 3397 corporeos
2163 3344 2385 3385 sensus.
2423 3330 2629 3385 Desere
2655 3338 2886 3395 terram,
2914 3330 3109 3386 desere
3140 3346 3308 3409 mare,

1724 3434 1891 3488 supra
1927 3435 2108 3477 aerem
2146 3436 2396 3493 assurge,
2438 3424 2568 3477 anni
2596 3436 2783 3494 partes
2817 3426 3062 3495 praeteri,
3102 3434 3314 3495 tempo-

1725 3528 1848 3566 rum
1882 3514 2131 3579 ordines,
2177 3524 2506 3571 ornamenta
2556 3524 2756 3572 terrae:
2806 3518 3010 3573 aethere
3057 3517 3314 3588 superior

1723 3605 1843 3669 ﬁas,
1883 3606 2162 3676 pertransi
2212 3607 2427 3675 stellas,
2465 3624 2529 3664 ea
2565 3624 2690 3679 quae
2739 3608 2889 3663 circa
2924 3609 3048 3665 illas
3079 3609 3310 3664 miriﬁca

1721 3707 1875 3764 sunt,
1938 3708 2196 3753 ornatum
2279 3715 2493 3761 earum.
2581 3701 3044 3771 magnitudinem,
3124 3716 3308 3768 usum,

1720 3791 2097 3863 splendorem,
2125 3792 2318 3857 situm,
2358 3791 2829 3861 procreationem.

1793 3965 2070 4036 Ejusdem.
2100 3998 2170 4007 —
2196 3968 2275 4024 Nc
2316 3969 2413 4024 illa
2452 3986 2671 4040 qumras
2718 3986 2840 4042 quae
2897 3970 3151 4042 indagari
3213 3988 3309 4027 nc-

1719 4070 1975 4130 queunt:
2016 4077 2197 4132 neque
2246 4063 2394 4118 enim
2448 4064 2719 4121 invenies.
2778 4063 2987 4137 Ecquid
3041 4066 3187 4121 enim
3243 4081 3307 4120 ea

1719 4154 2039 4223 qmeris?A
2088 4171 2330 4225 quonam
2392 4171 2583 4212 eorum
2654 4156 2883 4213 haurire
2938 4158 3307 4229 cognitionem

1719 4247 1941 4317 possis?
1988 4248 2035 4302 Α
2084 4250 2275 4303 terra?
2308 4256 2367 4303 at
2420 4264 2530 4303 non
2580 4250 2908 4305 exsistebat.
2960 4251 3005 4303 A
3049 4249 3309 4304 mari?at

1720 4338 1964 4393 nondum
2018 4340 2166 4395 unda
2218 4347 2360 4396 erat.
2396 4342 2443 4395 Α
2479 4340 2667 4396 οωιοῖ
2716 4341 2962 4396 nondum
3008 4350 3305 4397 extensum

1719 4439 1861 4487 erat.
1918 4433 1959 4485 Α
2017 4434 2137 4487 sole
2187 4440 2241 4487 et
2278 4435 2449 4489 luna?
2493 4434 2737 4489 nondum
2793 4435 3001 4489 conditi
3054 4440 3308 4490 erant.A

1722 4523 1988 4578 smculis?
2037 4540 2226 4579 verum
2260 4536 2389 4579 ante
2436 4526 2637 4581 sarcula
2662 4526 2917 4581 exstabat
2957 4525 3302 4597 Uuigenitus.

50 4624 381 4691 φιλονεικεῖ-ς,
415 4629 706 4698 καταγελῶ
764 4648 857 4683 σου
893 4633 993 4701 τῆς
1037 4630 1287 4699 ἀγνοίας,
1323 4628 1525 4700 μᾶλλον
1559 4628 1616 4681 δὲ

1741 4616 1829 4670 ³ιό
1865 4616 1959 4670 illo
1991 4617 2084 4686 qui
2120 4618 2495 4686 sempiternus
2544 4625 2655 4680 est.
2689 4634 2758 4673 ne
2789 4633 2853 4672 ea
2903 4634 3028 4689 qua:
3079 4619 3306 4673 minime

50 4716 205 4771 κλαίω
244 4736 347 4773 σου
381 4720 479 4791 τὴν
508 4722 732 4793 τόλμαν.

104 4983 221 5047 Τοῖς
248 4984 667 5055 γεγραμμένοις
703 4984 935 5037 πίστευε
961 5000 975 5015 ⁸
1023 4985 1092 5039 τὰ
1130 4984 1204 5055 μὴ
1242 4982 1612 5054 γεγραμμένα

48 5074 112 5143 μὴ
153 5078 329 5146 ζήτει.
390 5076 606 5130 Εῖδέναι
653 5078 820 5147 ἡμεῖς
855 5076 1148 5147 ὀφείλομεν
1192 5077 1228 5131 δι
1260 5078 1366 5149 χρὴ
1398 5076 1605 5141 λαλεῖν,

45 5169 126 5219 καὶ
148 5167 183 5221 θ.
211 5169 325 5241 χρὴ
349 5172 580 5240 omnem.
612 5170 704 5241 Μὴ
731 5169 914 5223 πάντα
936 5170 1007 5223 τᾷι
1026 5172 1245 5242 ῥήματα
1270 5172 1335 5241 τῇ
1368 5168 1611 5240 γλώσσῃ,

45 5257 118 5309 ἵνα
143 5260 218 5332 μὴ
270 5261 479 5334 πάθῃς,
529 5259 782 5333 καθάπερ
818 5264 848 5315 ὁ
895 5263 1198 5333 ὀφθαλμὸς,
1259 5262 1318 5326 ὃς
1370 5262 1491 5316 ὂλον
1522 5260 1613 5313 τὸν

46 5350 179 5421 ἣλιον
210 5354 556 5417 ἀποϐλέψας,
589 5355 784 5408 ἀπολεῖ
814 5357 911 5410 καὶ
954 5356 982 5408 ὃ
1008 5355 1123 5427 ἔχει
1157 5355 1292 5425 φῶς.

106 5624 281 5689 Πόσος
321 5626 353 5679 ὁ
401 5624 553 5692 Θεδς,
588 5628 685 5680 καὶ
725 5626 780 5680 τί
832 5627 893 5681 τὸ
943 5630 1144 5699 μέτρον
1190 5627 1284 5680 τοῦ
1310 5627 1479 5693 -Θεοῦ,
1519 5628 1612 5682 καὶ

48 5720 284 5782 ποταπὸς
328 5718 429 5791 τὴν
478 5719 702 5785 οὐσίανς
738 5718 813 5773 τὰ
843 5718 1088 5785 τοιαῦτα,
1141 5720 1459 5775 ἐπικίνδυνα
1512 5722 1611 5790 μὲν

47 5804 332 5877 ἐρωτῶντι,
380 5813 586 5885 ἀπορία
633 5811 690 5865 δὲ
727 5811 804 5883 τῷ
860 5813 1241 5885 ὲρωτωμένῳυ
1301 5814 1478 5887 saturi;
1531 5817 1605 5876 δὲ,

50 5897 299 5967 ίεραπεέα
323 5904 431 5959 τῶν
458 5904 727 5962 τοιούτων.

1720 4717 1926 4765 aeterna
1959 4718 2115 4771 sunt,
2146 4712 2379 4780 cogites.
2406 4709 2563 4775 Quod
2595 4711 2640 4764 si
2671 4709 2802 4763 mihi
2830 4725 2938 4765 non
2970 4726 3177 4765 morem
3208 4726 3305 4780 ge-

1720 4804 1819 4864 ris,
1848 4800 1944 4856 sed
1997 4802 2336 4855 contendere
2392 4802 2577 4871 cupis,
2652 4802 2929 4857 inscitiam
2968 4814 3126 4857 tuam
3175 4803 3302 4857 irri-

1720 4893 1844 4957 deo,
1884 4893 1996 4946 imo
2030 4893 2213 4960 potius
2243 4893 2610 4947 temeritatem
2649 4893 2898 4964 deploro.

1793 4985 2153 5054 Ejusdem.——
2176 4986 2248 5040 lis
2277 5002 2400 5056 qme
2433 4988 2643 5057 scripta
2672 4996 2830 5053 sunt,
2861 4989 3019 5045 [idem
3054 4987 3253 5042 adhibe
3285 5002 3300 5039 ι

1718 5095 1844 5150 quae
1875 5080 2088 5149 scripto
2139 5080 2368 5134 minime
2415 5079 2638 5149 prodita
2680 5089 2832 5143 sunt,
2869 5095 2939 5139 ne
2983 5079 3296 5148 quaesieris.

1718 5172 1833 5228 lloc
1891 5173 2038 5227 scire
2078 5173 2331 5237 interest,
2382 5172 2515 5242 quid
2562 5172 2713 5239 loqui
2744 5180 3014 5242 oporteat,
3062 5170 3191 5239 quid
3223 5171 3301 5224 si-

1718 5267 1852 5321 lere.
1878 5265 1999 5319 Non
2039 5266 2228 5319 omnia
2273 5264 2439 5319 verba
2458 5265 2670 5335 lingua:
2695 5263 3093 5318 committenda
3121 5269 3253 5315 sunt
3283 5281 3297 5315 :

1717 5374 1787 5413 ne
1816 5358 2021 5428 alioqui
2061 5356 2204 5412 idem
2236 5357 2334 5411 tibi
2371 5357 2521 5428 quod
2568 5359 2731 5413 oculo
2773 5356 3010 5419 accidat,
3037 5355 3132 5425 qui
3169 5355 3299 5409 dum

1716 5452 1887 5506 solem
1922 5458 2095 5504 totum
2128 5451 2330 5505 intueri
2368 5452 2587 5517 nititur,
2620 5467 2739 5507 eam
2770 5466 2991 5522 quoque
3016 5466 3125 5522 qua
3158 5463 3300 5522 prae-

1715 5544 1867 5598 ditus
1897 5552 2002 5609 est,
2028 5545 2204 5598 lucem
2236 5544 2462 5599 amittit.
2834 5596 2835 5599 η

1798 5635 1951 5706 Ejus.
1989 5638 2044 5691 in
2081 5635 2140 5692 S.
2166 5637 2756 5702 Mamant.—Quantus
2786 5638 2857 5691 sit
2890 5636 3057 5699 Deus,
3090 5649 3293 5707 quanta

1716 5729 1891 5800 ipsius
1915 5728 2171 5784 essentia:
2216 5743 2500 5795 mensura,
2531 5728 2750 5798 aliaque
2790 5726 2844 5782 id
2868 5742 3078 5798 genus;
3123 5728 3296 5782 inter-

1715 5819 1930 5891 roganti
1964 5819 2187 5889 quidem
2232 5820 2549 5890 periculosa
2586 5829 2715 5877 sunt
2746 5839 2759 5876 :
2789 5823 2838 5877 ei
2873 5832 3053 5877 autem
3088 5823 3179 5892 qui
3215 5822 3299 5875 in-

1718 5919 2054 5983 terrogatur,
2090 5913 2347 5983 perplexa
2382 5928 2651 5988 prorsusa
2677 5913 2967 5971 Silentium
2997 5930 3125 5972 vero
3153 5914 3301 5986 ejus-

1722 6006 1866 6061 modi
1910 6022 2093 6061 rcrum
2127 6006 2399 6063 medicina
2434 6015 2537 6065 cst.
