3910 6416
587 412 731 477 1083
1777 414 1837 473 S.
1876 412 1913 476 Ι
1916 413 2118 475 OANN
2126 414 2199 476 IS
2219 416 2615 478 DAMASCEN
2625 417 2649 477 Ι

658 523 725 578 In
757 521 896 592 paul.
922 536 1048 577 ειν.
1082 551 1150 562 -
1176 520 1283 588 Qui
1332 535 1442 577 non
1474 520 1664 593 dejicit
1694 522 1938 578 animum
1971 540 2155 587 suum,
2189 531 2233 587 Α

583 630 689 670 nec
742 614 808 668 ad
860 614 1225 669 imitationem
1272 614 1524 685 Apostoli
1589 614 1763 670 dicit:
1824 635 1842 665 ι
1900 613 2157 685 Fratres;

584 722 690 777 ego
744 706 1017 777 meipsum
1067 706 1313 762 nondum
1372 707 1617 762 arbitror
1676 708 2160 779 comprehendisse

3686 417 3795 484 ιω

2345 526 2404 581 Ὀ
2435 526 2510 598 μὴ
2548 524 2822 580 ταπεινῶν
2861 524 3056 579 ἑαυτοῦ
3097 523 3195 597 τήν
3226 524 3488 589 διάνοιαν,
3525 527 3657 597 μηδὲ
3684 533 3795 583 κατὰ

2269 616 2498 687 μίμησιν
2521 616 2616 670 τοῦ
2662 616 2987 670 ’Δποστόλου
3032 616 3208 685 λέγων
3237 615 3324 682 τὸ,
3362 634 3381 668 ε
3430 616 3687 687 Ἀδελφοὶ,
3714 620 3797 688 ἐγὼ

2265 706 2500 776 ἐμαυτὸν
2533 705 2677 759 οὕτω
2729 704 3017 776 λογίζομαι
3058 705 3452 775 κατειληφέναι
3473 722 3559 760 τι·
3622 727 3640 759 ι
3691 710 3797 761 cun

2264 798 2529 869 περινοῶν
2566 798 2754 863 οὐσίας
2783 798 2920 853 Θεοῦ
2957 796 3282 869 κατάληψιν,
3310 798 3407 851 καὶ
3436 799 3517 869 τῷ
3548 799 3657 870 ἰδίῳ
3681 802 3796 871 λογι-

2267 888 2389 960 σμῷ
2422 891 2709 961 ὲκμετρῶν
2736 890 2805 943 τὰ
2837 888 3128 960 ἀνέφικτα,
3159 890 3253 942 καὶ
3282 890 3529 944 τοιοῦτον
3579 886 3709 945 εἶναι
3731 894 3796 947 λο-

2266 979 2555 1051 γιζόμενος
2601 980 2694 1036 τὸν
2741 981 2897 1045 Θεὸν,
2950 981 3074 1035 ὅσον
3114 981 3275 1044 αὐτὸς
3303 980 3381 1051 τῷ
3437 980 3553 1052 ίδίῳ
3596 982 3799 1054 λογισμῷ

2263 1074 2613 1146 περιέλαϐεν,
2655 1074 2751 1128 καὶ
2794 1074 2932 1139 ὅλως
2979 1074 3071 1127 τὸν
3107 1075 3307 1128 οἰκεῖον
3340 1074 3469 1128 νοῦν
3511 1075 3799 1147 μέτρονὼ

587 797 865 868 (Philipp.
900 798 1156 870 ΙΙΙ,15)2
1198 818 1217 851 ι
1277 814 1467 854 verum
1514 801 1771 854 essentia:
1817 801 2017 856 divinae
2066 816 2162 857 co-

586 891 893 960 gnitionem
928 892 1181 958 rimatur,
1209 898 1263 947 et
1293 892 1644 963 cogitationis
1668 908 1783 949 sua:
1812 894 2037 949 modulo
2069 910 2157 960 ea,

582 996 709 1050 quae
754 984 1152 1053 comprehendi
1186 998 1297 1038 non
1348 993 1601 1054 possunt,
1636 985 1881 1051 metitur,
1916 994 2160 1041 tantum-

586 1076 821 1146 demque
852 1073 1140 1140 duntaxat,
1179 1085 1446 1146 quantum
1496 1075 1613 1147 ipse
1645 1092 1748 1132 suo
1795 1078 1979 1134 animo
2007 1093 2161 1134 com-

589 1166 781 1235 plexus
810 1174 915 1230 est,
942 1165 1113 1221 Deum
1158 1181 1284 1222 esse
1313 1175 1525 1235 censet,
1560 1181 1626 1222 ac
1652 1168 1887 1240 denique
1922 1178 2160 1225 mentem

2276 1164 2432 1218 5ντων
2487 1164 2834 1237 ποιούμενος,
2893 1165 2988 1219 καὶ
3024 1164 3099 1237 μὴ
3128 1164 3504 1236 λογιζόμενος,
3561 1166 3645 1219 ὅτι
3701 1167 3801 1237 ῥᾷον

587 1273 745 1313 snam
779 1273 967 1312 eorum
999 1274 1123 1329 qua:
1150 1260 1426 1315 exsistunt
1475 1273 1796 1314 mensuram
1849 1259 2160 1323 constituit,

2276 1256 2384 1309 tot!
2414 1256 2619 1329 κοτύλῃ
2674 1258 2851 1328 μικρᾷ
2890 1256 2988 1328 τὴν
3026 1258 3207 1335 πᾶσαν
3255 1256 3539 1310 θάλασσαν
3569 1257 3801 1327 inpagi-

588 1359 650 1404 ut
701 1364 803 1405 nec
860 1350 995 1405 illud
1030 1365 1219 1407 secum
1268 1359 1485 1422 reputet
1540 1351 1760 1407 facilius
1788 1367 1914 1409 esse
1939 1352 2161 1409 vasculo

2276 1365 2381 1414 σαι,
2413 1348 2448 1420 ἢ
2488 1347 2567 1420 τῷ
2599 1348 2928 1422 ἀνθρωπίνῳ
2957 1347 3032 1419 νῷ
3056 1352 3155 1421 τῆς
3178 1349 3387 1419 ἀφάτου
3422 1350 3801 1421 μεγαλειότητος

583 1442 784 1512 exiguo
832 1450 1007 1496 totum
1062 1457 1215 1498 mare
1247 1443 1453 1509 metiri,
1494 1459 1660 1515 quam
1691 1443 1933 1499 humana
1978 1452 2161 1500 mente

2276 1441 2364 1495 τοῦ
2417 1442 2555 1497 Θεοῦ
2605 1442 3062 1515 περιδράξασθαι,
3124 1445 3245 1515 είκῆ
3298 1445 3683 1516 φυσιούμενος,
3734 1448 3802 1498 καὶ

587 1530 683 1587 Dei
720 1531 1063 1602 maiestatem
1113 1535 1264 1590 omni
1306 1550 1562 1591 sermone
1608 1536 2039 1606 prmstantiorem
2069 1549 2159 1589 ar-

2276 1534 2639 1605 ὲπαιρόμενος
2664 1537 2732 1607 τῇ
2771 1535 3100 1607 ματαιότητι
3148 1535 3243 1590 τοῦ
3267 1538 3389 1600 νοὸς
3420 1536 3615 1601 αὑτοῦ,
3640 1538 3695 1591 ού
3734 1537 3801 1589 δύ-

587 1627 769 1696 ripere
820 1635 876 1683 ct
908 1628 1161 1697 amplecti
1198 1647 1211 1682 :
1256 1627 1367 1692 ille,
1407 1642 1534 1683 cum
1584 1642 1871 1699 perperam
1931 1626 2153 1683 inﬂatus

2276 1643 2418 1680 μαται
2458 1626 2639 1697 λέγειν
2669 1626 2751 1693 τὸ,
2797 1645 2815 1679 ι
2859 1628 3206 1693 Ἐπίστευσα,
3234 1628 3317 1682 διὸ
3352 1629 3617 1699 ἐλάλησα.
3646 1649 3664 1681 ι

586 1725 642 1771 et
672 1718 848 1773 elatus
879 1720 1122 1774 vanitate
1148 1734 1349 1776 sensus
1377 1720 1463 1776 sui
1488 1719 1583 1786 sit,
1606 1719 1792 1776 dicere
1820 1733 2168 1791 nequaquam
2239 1728 2420 1791 potest
2459 1738 2473 1775 :
2541 1738 2559 1772 ι
2620 1719 2840 1776 Credidi
2898 1729 3120 1792 pr0pter
3165 1722 3311 1793 quod
3374 1722 3601 1779 locutus
3645 1738 3747 1777 sum
3788 1738 3800 1769 ι

588 1807 763 1879 (Ρεαι.
791 1825 915 1877 cxv,
951 1809 1016 1864 10
1033 1810 1075 1883 ).

663 1943 935 2013 Ejusdem.
964 1976 1035 1987 —
1064 1946 1143 2000 Ex
1181 1945 1467 2017 Scriptura
1512 1945 1699 2001 divina
1732 1946 1911 2002 edocti
1940 1961 2154 2012 sumus,

2330 1948 2705 2019 Δεδιδάγμεθα
2755 1949 2907 2021 παρά
2934 1949 3034 2019 τῆς
3082 1948 3230 2012 θείας
3256 1950 3488 2021 Γραφῆς
3528 1950 3689 2020 μηδὲν
3711 1951 3806 2003 ἑτι-

588 2038 761 2092 menti
826 2046 1031 2096 nostra:
1088 2040 1518 2111 permittendum
1572 2054 1682 2095 non
1715 2055 1861 2109 esse,
1908 2050 1969 2096 ut
1998 2039 2160 2111 quid-

588 2141 754 2195 quam
786 2138 984 2198 praeter
1017 2145 1081 2185 ea
1114 2145 1237 2202 qua:
1258 2144 1529 2187 concessa
1560 2138 1711 2196 sunt,
1751 2131 2111 2203 imaginetur.

660 2260 851 2329 Ejusd.
878 2229 1037 2319 'hom.
1084 2265 1158 2320 De
1200 2267 1326 2337 ﬁde.
1364 2299 1433 2308 —
1466 2267 1563 2324 Del
1613 2267 1833 2339 quidem
1881 2283 2161 2339 nunquam

588 2370 697 2409 non
726 2357 1039 2412 meminisse
1065 2359 1214 2429 pium
1250 2367 1356 2426 est,
1390 2368 1554 2432 atque
1583 2360 1882 2432 ejusmodi,
1922 2369 1982 2415 ut
2010 2377 2164 2417 mens

587 2466 778 2507 amore
805 2452 995 2509 divino
1025 2456 1273 2525 przedita,
1307 2456 1467 2528 303
1502 2457 1730 2512 minime
1754 2457 1948 2513 satiari
1980 2463 2163 2526 queat.

586 2546 657 2599 At
692 2561 777 2600 res
830 2546 1049 2603 divinas
1100 2564 1356 2605 sermone
1402 2550 1666 2621 prosequi
1723 2549 1902 2604 audax
1948 2549 2167 2605 facinus

584 2648 670 2695 est
701 2658 715 2695 :
748 2640 948 2711 quippe
994 2658 1117 2697 cum
1167 2644 1286 2714 ipsa
1341 2659 1563 2715 quoque
1613 2659 1769 2699 mens
1799 2659 1829 2697 a
1867 2658 2049 2698 rerum
2083 2641 2168 2696 di-

587 2732 797 2801 gnitate
826 2734 1017 2804 procul
1058 2734 1297 2801 excidat,
1333 2744 1386 2791 et
1430 2752 1554 2807 qua:
1601 2736 1656 2790 in
1718 2736 1963 2790 animum
2032 2735 2163 2789 sub-

587 2824 774 2889 ierint,
814 2828 1054 2882 tenuiter
1104 2839 1159 2882 et
1214 2828 1452 2884 obscure
1498 2843 1751 2883 sermone
1790 2827 2160 2883 declarentur.

585 2916 721 2972 Cum
756 2919 924 2989 igitur
949 2931 1001 2976 et
1024 2936 1177 2976 mens
1212 2930 1406 2975 nostra
1435 2936 1617 2976 rerum
1644 2920 1974 2976 celsitudine
2004 2920 2162 2989 longe

588 3011 663 3064 sit
691 3009 943 3075 inferior,
980 3020 1035 3065 at
1073 3028 1268 3067 rursus
1306 3012 1411 3083 ipsi
1461 3026 1686 3083 quoque
1720 3010 2041 3082 cogitationi
2067 3026 2161 3065 ce-

586 3098 684 3154 dat
715 3102 928 3167 oratio;
980 3102 1112 3172 quid
1170 3102 1392 3157 tandem
1430 3101 1612 3158 afferri
1665 3103 1862 3173 possit,
1898 3101 2030 3173 quin
2062 3116 2163 3157 nc-

2266 2044 2488 2113 τρέπειν
2516 2040 2677 2111 ἡμῶν
2709 2040 2788 2111 τῷ
2842 2039 2919 2113 νῷ
2975 2039 3127 2113 παρά
3177 2038 3287 2095 τῶν
3332 2041 3807 2112 συγκεχωρημένων

2268 2133 2718 2207 φαντασιοῦσθαι.

2339 2267 2475 2323 Θεοῦ
2503 2268 2817 2340 μεμνῆσθαι
2851 2268 2947 2338 μὲν
2984 2266 3251 2337 διηνεκῶς
3278 2267 3526 2331 εὐσεϐὲς,
3559 2268 3653 2321 καὶ
3685 2267 3809 2335 κόρον

2268 2358 2368 2413 ούκ
2399 2358 2520 2429 ἕχον
2551 2360 2616 2429 τῇ
2646 2356 2877 2428 φιλοθέῳ
2901 2356 3045 2427 ψυχῇ
3068 2374 3081 2389 ·
3102 2357 3247 2427 λόγῳ
3266 2356 3323 2412 δὲ
3347 2357 3605 2422 διεξιέναι
3633 2356 3810 2425 sinapi

2267 2450 2405 2504 Θεοῦ
2436 2450 2711 2522 τολμηρόν
2735 2466 2749 2481 ·
2802 2451 2906 2520 τῆς
2948 2450 3049 2521 μὲν
3076 2449 3312 2514 διανοίας
3348 2450 3538 2521 πολλῷ
3564 2450 3644 2520 τῷ
3666 2452 3809 2519 μέτρῳ

2266 2544 2369 2615 τῆς
2404 2544 2561 2608 ἀξίας
2590 2543 2699 2598 τῶν
2732 2544 3072 2615 πραγμάτων
3103 2542 3531 2615 ἀποπιπτούσης
3552 2560 3569 2575 ·
3598 2543 3741 2597 πάλιν
3770 2542 3810 2592 Si

2266 2636 2361 2691 τοῦ
2410 2637 2570 2705 λόγου
2607 2636 2866 2709 ἀμυδρῶς
2913 2635 3287 2707 παριστῶντος
3331 2635 3401 2689 τὰ
3441 2636 3717 2706 νοηθέντα.
3764 2631 3810 2684 ΕΞ

2269 2726 2431 2801 οὖνὴ
2479 2731 2578 2800 μὲν
2624 2729 2833 2784 διάνοια
2879 2727 3041 2799 ἡμῶν
3083 2727 3233 2797 παρά
3281 2727 3423 2780 πολὺ
3447 2727 3547 2781 τοῦ
3586 2726 3811 2797 μεγέθσλς

2269 2821 2379 2875 τῶν
2411 2822 2755 2893 πραγμάτων
2783 2821 3243 2894 ἀπολιμπάνεται,
3278 2827 3308 2878 ό
3336 2826 3395 2880 δὲ
3430 2826 3591 2894 λόγος
3614 2823 3813 2878 ἐλάττων

2271 2914 2391 2966 ἐστὶ
2422 2913 2517 2967 καὶ
2555 2913 2729 2983 αὐτῆς
2756 2914 2855 2984 τῆς
2895 2914 3155 2983 διανοίας,
3192 2918 3310 2981 πῶς
3353 2918 3460 2972 ούκ
3503 2916 3815 2987 ἀναγκαίαῂ

2274 3006 2493 3076 σιωπὴ,
2520 3007 2737 3077 μήποτε
2774 3007 2831 3059 ὲν
2877 3010 2943 3079 τῇ
2974 3007 3081 3060 τῶν
3116 3010 3379 3079 ῥημάτων
3430 3011 3677 3080 εὐτελείᾳ
3714 3007 3817 3075 δόξῃ

2271 3102 2598 3156 κινδυνεύειν
2620 3103 2717 3173 τῆς
2741 3102 3021 3171 θεολογίας
3056 3102 3116 3155 τὸ
3144 3101 3361 3172 θαῦμα;

587 3191 892 3245 ccssarinm
927 3194 1206 3249 silentium
1239 3194 1330 3261 sit,
1357 3211 1426 3252 ne
1459 3196 1530 3253 ob
1567 3196 1842 3253 sermonis
1876 3195 2163 3261 vilitatem,
2202 3196 2407 3251 eximia
2436 3204 2490 3252 et
2521 3195 2844 3252 admiranda
2887 3196 3201 3252 divinarum
3268 3210 3459 3250 rerum
3532 3192 3820 3267 magnitudo

590 3284 889 3355 periclitari
916 3287 1195 3343 videatur?

662 3395 820 3468 (ἔνθα.
867 3396 1009 3453 Ναι.
1066 3408 1207 3455 orat.
1232 3398 1326 3456 59.
1350 3429 1420 3439 -
1440 3398 1653 3472 Lingua
1701 3407 1869 3470 atque
1896 3396 2078 3455 anima
2106 3404 2163 3453 et

2334 3396 2546 3469 Φρίττω
2573 3396 2666 3450 καὶ
2688 3396 2964 3466 γλῶσσαν,
2995 3396 3087 3450 καὶ
3102 3396 3364 3459 διάνοιαν,
3393 3398 3529 3451 ὅταν
3559 3398 3688 3467 περὶ
3709 3395 3818 3449 Θεοῦ

592 3499 779 3545 mente
807 3488 1100 3557 horresco,
1137 3505 1263 3546 cum
1302 3491 1372 3546 de
1415 3490 1528 3546 Deo
1575 3505 1887 3547 sermonem
1945 3489 2159 3545 habeo:

594 3582 1090 3655 hnncque'ipsum
1145 3582 1476 3640 laudabilem
1530 3592 1586 3640 et
1633 3584 1849 3639 beatum
1910 3581 2162 3638 affectum

593 3674 752 3730 vobis
782 3684 1004 3747 exopto.

666 3784 756 3843 Id.
811 3797 952 3844 orat.
1000 3786 1091 3844 26.
1120 3818 1190 3837 .—
1228 3787 1463 3844 linmilis
1515 3803 1637 3845 meo
1684 3786 1905 3859 quidem
1952 3785 2164 3857 judicio

594 3878 904 3934 censendus
934 3888 1040 3946 est,
1071 3896 1179 3935 non
1222 3881 1315 3951 qui
1360 3895 1526 3952 parva
1560 3880 1629 3936 de
1663 3880 1846 3950 seipso
1891 3879 2165 3950 loquitur,

596 3972 761 4041 idque
808 3970 953 4043 apud
996 3987 1203 4043 paucos
1262 3980 1318 4028 et
1366 3988 1527 4040 raro;
1564 3987 1665 4029 nec
1691 3972 1784 4044 qui
1817 3971 2164 4043 dejectiorem

2264 3491 2610 3561 φθέγγωμαι,
2642 3491 2737 3545 καὶ
2765 3490 2897 3560 ὑμῖν
2924 3490 2983 3543 τὸ
3018 3489 3152 3543 αὐτὸ
3202 3489 3567 3561 συνεύχομαι,
3591 3490 3654 3545 τὺ
3687 3491 3817 3544 ἐπαι-

2262 3583 2414 3637 νετὸν
2444 3583 2615 3648 πάθος
2654 3583 2749 3637 καὶ
2776 3583 3068 3653 μακάριον.

2335 3783 2734 3854 Ταπεινόφρων
2770 3782 2921 3852 ἐμὸς,
2954 3784 3052 3856 οὐχ
3084 3786 3234 3849 ὅστις
3279 3786 3409 3871 περὶ
3439 3785 3643 3842 ἑαυτοῦ
3678 3784 3819 3858 μικρὰ

2262 3875 2591 3944 διαλέγεται.
2640 3875 2737 3929 καὶ
2778 3874 2935 3929 τοῦτο
2980 3876 3119 3948 πρὸς
3162 3877 3382 3946 ὀλίγους
3431 3879 3530 3933 καὶ
3580 3878 3817 3945 ὀλιγάκις.

2263 3969 2385 4023 οὐδὲ
2434 3970 2583 4033 ὅστις
2611 3969 2886 4032 ταπεινῶς
2924 3970 3322 4043 προσαγορεύει
3360 3969 3455 4024 τὸν
3497 3971 3817 4042 ἀτιμότερον.

2264 4058 2380 4114 ἀλλ’
2435 4058 2583 4123 ὅστις
2627 4060 2754 4129 περὶ
2795 4045 2931 4113 Θεοῦ
2987 4057 3225 4130 μετρίως
3263 4059 3611 4128 φθέγγεται”
3660 4060 3743 4111 καὶ
3769 4056 3819 4107 τὰ

2270 4153 2369 4225 μὲν
2397 4153 2571 4206 εἰπεῖν
2601 4146 2767 4219 οἶδεν,
2794 4151 2862 4205 τά
2888 4151 2945 4205 δὲ
2974 4150 3251 4222 κατέχειν,
3286 4152 3396 4205 τῶν
3431 4152 3489 4205 δὲ
3514 4152 3819 4222 ὁμολογῆται

594 4063 880 4120 humiliter
938 4065 1287 4135 alloquitur:
1336 4063 1433 4121 sed
1482 4064 1575 4135 qui
1631 4064 1700 4120 de
1757 4065 1866 4121 Deo
1918 4064 2167 4120 modeste

594 4157 887 4229 loquitur:
939 4158 1037 4229 qui
1080 4158 1186 4213 alia
1235 4159 1440 4223 dicere,
1478 4158 1586 4212 alia
1642 4156 1863 4213 silentio
1893 4172 2164 4227 premere,

595 4252 833 4306 aliorum
877 4251 1116 4322 denique
1157 4252 1432 4307 inscitiam
1473 4250 1727 4306 confiteri
1783 4250 1961 4317 novit,
2006 4250 2163 4320 eique

2276 4244 2365 4314 τὴν
2397 4245 2653 4312 ἀγνοιαν’
2716 4244 2809 4297 καὶ
2852 4245 3269 4314 παραχωρετται
3319 4241 3417 4296 τοῦ
3456 4242 3624 4311 λόγου
3651 4241 3724 4312 τῷ
3750 4257 3819 4291 πι-

594 4340 765 4407 cedit,
796 4342 886 4397 cui
926 4343 1196 4398 sermonis
1239 4356 1372 4396 cura
1411 4340 1711 4397 commissa
1775 4343 2014 4413 est:qui
2055 4342 2163 4413 spi-

2276 4334 2564 4398 στευθέντι,
2592 4335 2685 4389 καὶ
2722 4329 2865 4389 εἷναί
2904 4351 3025 4388 τινα
3056 4334 3579 4407 πνευματικώτερον
3615 4336 3821 4405 δέχεται.

596 4433 937 4489 ritualiorem
984 4448 1109 4489 esse
1158 4433 1398 4504 aliquem
1444 4449 1604 4505 aequo
1634 4434 1821 4490 animo
1868 4433 1993 4499 fert,
2025 4435 2163 4491 etin

2276 4426 2364 4481 καὶ
2386 4426 2753 4497 διαϐεϐηκότα
2788 4425 3081 4497 μᾶλλον-ὲν
3111 4425 3340 4497 θεωρίᾳ.

596 4525 1060 4595 contemplatione
1086 4526 1513 4595 provectiorem.

671 4637 813 4693 Ibid.
840 4637 1063 4694 —-Cnm
1095 4640 1277 4695 omnis
1315 4639 1497 4695 oratio
1540 4647 1733 4709 suapte
1764 4648 1957 4695 natura
1995 4640 2163 4696 imbe-

2336 4628 2500 4681 Φύσει
2529 4629 2629 4699 μὲν
2652 4629 2796 4691 ἄπας
2820 4627 2979 4696 λόγος
3014 4627 3235 4699 σαθρὸς,
3277 4627 3374 4680 καὶ
3405 4627 3717 4697 εὐκίνητος,
3747 4626 3819 4676 καί

598 4731 741 4786 ciliis
799 4732 892 4797 sit,
940 4730 1213 4800 facileque
1257 4732 1452 4803 agitari
1482 4742 1671 4803 queat,
1705 4741 1759 4787 et
1794 4741 2020 4805 propter
2048 4749 2163 4787 ser-

2276 4721 2359 4774 διά
2390 4720 2483 4773 τὸν
2508 4721 2811 4792 ἀντίμαχον
2841 4721 2999 4789 λόγον
3019 4719 3340 4789 ἐλευθερίαν
3362 4720 3467 4772 οὐκ
3498 4720 3666 4788 ἔχων.
3708 4717 3760 4769 Ὅ
3778 4716 3818 4767 δὲ

597 4834 818 4874 monem
870 4835 937 4874 ex
982 4820 1215 4875 adverso
1258 4827 1594 4892 pugnantem
1635 4819 1890 4875 libertate
1933 4827 2160 4874 careat:

2276 4813 2397 4883 περὶ
2429 4811 2587 4876 Θεοῦ,
2632 4811 2871 4882 τοσούτῳ
2905 4811 3124 4881 μᾶλλον,
3156 4812 3268 4881 ὅσῳ
3296 4810 3485 4880 μεῖζον
3519 4813 3585 4864 τὸ
3628 4806 3815 4863 duass!-

597 4916 714 4962 tum
740 4922 871 4963 vero
901 4924 963 4963 ea
990 4924 1111 4979 qua:
1137 4909 1204 4965 de
1220 4909 1335 4981 Deo
1367 4910 1693 4980 suscipitur,
1729 4917 1882 4963 tanto
1912 4908 2035 4979 plus
2067 4908 2163 4961 ha-

2276 4922 2454 4976 μενον,
2487 4907 2583 4958 καὶ
2614 4908 2642 4959 ὁ
2677 4904 2833 4976 ζῆλος
2862 4904 3082 4971 πλείων,
3115 4904 3210 4957 καὶ
3244 4906 3272 4956 ό
3318 4904 3569 4963 κίνδυνος
3600 4898 3814 4972 Iahni-

596 5000 689 5056 het
716 5000 1072 5065 difficultatis,
1105 5011 1323 5072 quanto
1350 5002 1530 5070 majus
1568 5010 1954 5072 argumentum
1980 5007 2087 5064 est,
2115 5006 2163 5054 et

2276 5014 2445 5069 τερος.
2490 4998 2599 5051 Καὶ
2654 4998 2709 5050 τί
2750 4996 3101 5067 φοϐηθέντες.
3153 4996 3206 5048 τί
3241 4995 3629 5067 θαῤῥήσομεη
3658 4989 3813 5052 νοῦνῆ

597 5096 749 5152 zelus
790 5095 1093 5160 ardentior,
1118 5104 1173 5150 et
1208 5096 1515 5165 periculum
1553 5094 1796 5167 gravius.
1828 5093 2015 5164 Ecqua
2048 5099 2159 5146 tan.

2276 5089 2449 5157 λόγον,
2481 5090 2514 5160 ἢ
2548 5090 2755 5159 ἀκοήν;
2789 5091 2845 5142 ἐν
2874 5088 3025 5159 τρισὶ
3061 5086 3275 5151 τούτοις
3310 5086 3563 5140 κινδύνου

595 5188 718 5243 dem
759 5187 978 5243 subnixi
1011 5186 1211 5241 fiducia
1257 5194 1465 5240 metum
1490 5186 1650 5240 hunc
1679 5184 2064 5255 dispellemus?
2096 5199 2163 5237 an

2276 5195 2381 5241 τος.
2418 5178 2527 5232 Καὶ
2556 5178 2667 5249 γὰρ
2695 5179 2888 5248 νοῆσαι
2925 5175 3159 5247 χαλεπὸν
3191 5175 3287 5228 καὶ
3317 5174 3661 5245 ἑρμηνεῦσαι
3703 5172 3817 5238 ἀμή-

598 5278 895 5341 sermonis,
937 5294 1005 5332 an
1054 5277 1318 5331 auditus?
1379 5276 1823 5347 quandoquidem
1875 5276 1929 5329 in
1981 5274 2163 5330 tribus

2276 5287 2476 5341 χανον,
2529 5270 2622 5323 καὶ
2677 5270 2845 5340 ἀκοῆς
2908 5267 3327 5340 κεκαθαρμένης
3366 5270 3554 5337 τυχεῖν

595 5372 721 5446 istis
768 5369 1074 5439 periculum
1110 5376 1385 5423 versatur.
1440 5365 1573 5419 Nam
1630 5376 1684 5422 et
1733 5366 2017 5423 intellectu
2078 5382 2163 5422 res

2280 5383 2491 5436 στερον.

598 5462 819 5516 divinas
853 5461 1141 5531 percipere
1206 5459 1442 5513 arduum
1507 5466 1611 5523 est,
1652 5468 1706 5536 et
1766 5474 2029 5515 enarrare
2102 5457 2443 5530 perdifficile,
2508 5456 2847 5528 majorisque
2905 5453 3127 5509 tandem
3187 5450 3531 5507 difﬁcultatis
3585 5454 3819 5520 purgatas

599 5568 765 5608 aures
791 5554 1059 5610 nancisci.

2343 5663 2440 5727 Τίς
2478 5660 2671 5733 φθόνος
2714 5656 3007 5724 ὲπαινετῆς
3028 5653 3387 5715 ἀναϐάτεωςς
3428 5648 3621 5709 Κὼειί
3646 5642 3814 5707 πτῶμα

2275 5757 2543 5818 τοιοῦτον,
2568 5748 2682 5807 οἷον
2711 5752 2943 5821 ὲπάρσει
2988 5746 3381 5819 περιπαρῆναι,
3415 5744 3506 5798 καὶ
3544 5741 3622 5812 μὴ
3645 5734 3817 5805 γνῶναι

2276 5852 2370 5917 τῆς
2406 5844 2749 5917 ἀνθρωπίνης
2774 5840 3087 5905 ἀναϐάσεως
3110 5839 3205 5900 τὴν
3233 5837 3583 5893 ταπείνωσιν.
3604 5830 3696 5885 καὶ
3722 5826 3819 5880 ὁπ’

672 5665 816 5720 Ibid.
840 5700 907 5709 —
937 5669 1077 5736 Quid
1112 5677 1219 5735 est,
1254 5668 1616 5739 quamobrem
1656 5668 1947 5740 quisquam
1979 5668 2166 5724 lauda-

600 5758 767 5812 bilem
819 5772 1113 5816 ascensum
1170 5761 1414 5831 cuipiam
1475 5760 1757 5816 invideat?
1821 5761 1900 5816 Ac
1948 5776 2164 5825 rursus,

602 5847 730 5918 quis
770 5847 999 5919 perinde
1042 5849 1224 5919 gravis
1262 5864 1449 5915 casus,
1486 5856 1652 5920 atque
1700 5846 1933 5905 elatione
1984 5856 2167 5903 trans--
