3910 6402
42 386 156 499 mss

1272 448 1507 509 SACRA
1542 450 2002 517 PARALLELA.

3138 452 3269 528 1086

38 556 102 607 ἔτι
144 554 383 605 λείπεται
428 548 525 604 τοῦ
580 549 837 623 ἀληθινοῦ
903 550 1073 623 ὕψους
1121 556 1149 608 ὁ
1191 556 1411 613 πάντων
1454 559 1589 615 ἀνώ-

1729 563 1806 634 gi,
1838 580 1939 619 nec
1970 565 2197 621 humani
2222 582 2487 628 ascensus
2520 582 2858 645 compertam
2896 573 3265 631 humilitatem

35 660 200 715 τερος;

24 820 33 897 ᾗ
92 828 346 898 Κρεῖσσον
370 831 569 900 καμεῖν
604 829 663 883 ἐν
685 831 799 894 τοῖς
828 831 1114 903 λογισμοῖς
1154 832 1294 903 μετά
1322 834 1421 905 τῆς
1460 835 1586 908 ὁδη·

36 929 140 999 γίας
156 928 246 983 τοῦ
270 929 607 1001 Πνεῦματος,
628 929 663 1003 ἢ
686 930 993 1004 προχείρως
1010 932 1227 987 ἀσεϐεῖν
1248 933 1347 1004 τὴν
1375 935 1587 1007 ῥᾳστώο

35 1041 117 1093 νην
143 1024 420 1080 διώκοντα.

94 1113 216 1169 Οὔτε
241 1115 382 1187 ἀέρα
410 1115 638 1172 ἔπνευσέ
670 1135 755 1183 τις
795 1119 915 1174 ὅλον
945 1118 1190 1184 πώποτε,
1236 1117 1363 1172 οὔτε
1396 1118 1587 1172 οὐσίαν

36 1208 295 1274 παντελῶς
318 1208 471 1275 Θεοῦ,
502 1210 534 1283 ἢ
576 1209 698 1275 νοῦς
735 1211 1034 1284 ἐχώρησεν,
1070 1212 1102 1282 ἢ
1132 1210 1286 1282 φωνὴ
1321 1207 1583 1281 περιὲλα-

35 1298 132 1351 ϐεν.
874 1300 877 1303 ἱ

97 1388 255 1460 ’Δλλη
314 1389 414 1461 μὲν
457 1393 571 1456 τοῖς
623 1391 1128 1466 ἐκκεκαθαρμένοις
1165 1394 1444 1461 παντελῶς
1487 1397 1587 1471 τὴν

34 1479 249 1534 διάνοιαν
295 1482 525 1552 ἁρμόζει
570 1485 603 1555 ἡ
664 1484 935 1554 θεολογία,
980 1488 1013 1557 ἡ
1063 1488 1302 1559 μάλιστα
1334 1489 1585 1561 ἀληθής’

34 1571 148 1643 ἄλλη
170 1571 222 1626 δὲ
253 1576 370 1639 τοῖς
399 1575 637 1641 πολλοῖς,
662 1579 695 1648 ὴ
719 1578 989 1651 δυναμένη
1019 1580 1118 1653 τὴν
1140 1581 1378 1636 διάνοιαν
1407 1583 1589 1638 αὐτῶν

1694 651 1918 722 habere,
1954 665 2010 711 et
2061 670 2331 729 quantum
2382 662 2562 720 adhuc
2594 680 2625 720 a
2655 680 2788 722 vero
2840 665 3062 736 fastigio
3094 665 3263 732 abs".

1690 746 1783 815 qui
1811 750 2029 805 cunctis
2059 760 2146 805 est
2185 752 2516 809 sublimior?

1776 836 1860 893 Id.
1894 852 2031 897 orat.
2067 843 2157 898 25.
2184 874 2255 885 --
2277 845 2509 904 Praestat
2552 848 2940 906 ratiocmando
2975 842 3272 920 duce'S'pi-

1694 934 1807 988 ritu
1842 934 2116 1002 laborare,
2135 951 2324 1006 quam,
2354 939 2487 995 dum
2523 940 2699 995 otium
2729 949 2785 995 et
2810 940 3268 1011 tranquillitatem

1692 1036 2107 1094 consectamur,
2149 1030 2415 1101 praecipiti
2448 1046 2583 1087 casu
2616 1032 2671 1086 in
2705 1032 3043 1103 impietatem
3083 1047 3266 1088 ruere.

1764 1116 1852 1171 Id.
1903 1130 2041 1173 orat.
2095 1119 2132 1173 2
2179 1120 2255 1175 De
2305 1119 2708 1178 Filio.-—Nec
2742 1138 2926 1179 aerem
2974 1124 3269 1194 quisquam

1692 1215 1870 1263 totum
1956 1225 2197 1282 unquam
2277 1214 2544 1285 spiravit;
2626 1230 2732 1271 nec
2810 1214 2905 1271 Dei
2968 1216 3269 1270 essentiam

1693 1300 1955 1372 perfecte,
1986 1314 2082 1358 aut
2112 1320 2269 1361 mons
2296 1307 2576 1376 concepit,
2601 1314 2695 1361 aut
2722 1322 2826 1362 vox
2855 1307 3141 1379 complexa
3164 1319 3269 1364 est.

1767 1392 1986 1449 Incerti.
2020 1424 2089 1435 —
2113 1396 2234 1450 Alia
2272 1396 2547 1467 theologia
2577 1397 2691 1454 illis
2722 1399 3003 1465 convenit,
3034 1414 3270 1471 quorum

1695 1490 1914 1543 animus
1956 1490 2183 1545 omnino
2222 1498 2488 1562 purgatus
2533 1499 2643 1556 est,
2700 1506 2827 1560 qua:
2879 1492 2926 1546 si
2973 1489 3270 1547 admodum

1693 1596 1853 1648 vera;
1886 1582 1994 1636 alia
2021 1597 2146 1652 quae
2171 1582 2337 1652 vulgo
2362 1581 2631 1653 quadret;
2664 1598 2788 1653 quae
2822 1582 3085 1637 nimirum
3119 1598 3274 1638 men-

34 1668 101 1731 είς
142 1667 418 1741 εὐσέϐειαν
450 1669 805 1727 ἐκκαλεῖσθαι
854 1674 948 1727 καὶ
986 1672 1406 1744 δικαιοπραγίαν
1434 1676 1491 1729 ὲν
1518 1678 1585 1748 τῇ

1724 1686 1804 1728 em
1840 1686 2030 1727 eorum
2058 1673 2125 1727 ad
2157 1674 2411 1744 pietatem
2443 1683 2497 1727 et
2524 1673 2796 1743 justitiam
2827 1674 3003 1745 possit
3029 1673 3270 1739 allicere,

32 1764 149 1832 πρὸς
178 1763 444 1835 ἀλλήλους
479 1766 748 1839 κοινωνίᾳ,
781 1767 1201 1823 ἀπαλλάττουσα
1246 1768 1340 1823 τοῦ
1388 1768 1590 1842 θηριώ-

1724 1780 1793 1821 ter
1844 1774 2096 1821 mutuum
2139 1766 2531 1823 commercium
2573 1782 2670 1823 eos
2718 1781 2749 1821 a
2801 1768 2912 1821 vita
2939 1766 3115 1822 ferina
3144 1766 3274 1822 abs-

32 1855 135 1920 δους
166 1854 302 1925 βίου.

1724 1857 1944 1913 rahens.
3032 1936 3033 1941 γ

90 1950 147 2003 Τί
172 1967 301 2004 ποτε
334 1952 439 2022 ἄρα
468 1952 585 2006 ἐστὶ
607 1953 667 2007 τὸ
698 1953 835 2023 φῶς,
930 1954 991 2008 τὸ
1020 1955 1260 2025 ζοφῶδες
1295 1958 1457 2013 τοῦτο
1485 1959 1585 2031 τῆς

1759 1946 1917 2018 Greg.
1960 1949 2125 2021 Nysa.
2161 1952 2217 2005 in
2246 1952 2281 2007 5
2300 1951 2558 2007 beatit.—
2582 1951 2725 2019 Quid
2753 1951 2977 2007 tandem
3006 1951 3141 2005 illud
3166 1958 3273 2015 est,

30 2040 353 2114 ἀνθρωπίνης
407 2042 623 2113 φύσεως
669 2043 936 2100 σπήλαιον
979 2046 1039 2099 ιν
1084 2046 1163 2120 τῷ
1214 2049 1447 2122 παρόντι
1488 2051 1588 2123 βίῳ

1729 2059 1799 2099 ιιο
1832 2044 2183 2100 tenebrosum
2201 2045 2307 2101 hoc
2334 2046 2583 2101 humana:
2606 2053 2813 2102 natura
2834 2058 3051 2101 antrum
3091 2046 3144 2099 in
3170 2044 3275 2099 hac

29 2130 111 2182 οὐκ
134 2131 543 2199 ἁπαυγάζεται;
574 2134 643 2187 Ἦ
666 2134 807 2204 τάχα
824 2136 960 2205 πρὸς
985 2137 1303 2208 ἀνήνυστον,
1338 2142 1432 2195 καὶ
1454 2143 1590 2198 ἀκα-

1729 2138 1804 2191 ita
1836 2138 2248 2195 collustratur?
2276 2140 2362 2194 An
2394 2138 2635 2196 fortasse
2676 2139 2730 2195 id
2772 2139 2879 2195 sibi
2920 2139 3132 2194 frustra
3173 2152 3277 2193 no-

28 2222 275 2293 τάληπτον
301 2226 334 2294 ὴ
359 2224 622 2292 ἐπιθυμία
647 2226 868 2295 manu;
904 2229 1001 2293 Τίς
1031 2229 1138 2303 γάρ
1166 2232 1225 2285 ὲν
1254 2234 1386 2304 ἡμῖν
1432 2234 1590 2305 λόγος

1725 2239 1807 2284 tra
1869 2230 2150 2301 cupiditas
2215 2233 2481 2304 proponit
2549 2232 2903 2297 intuendum.
2972 2231 3121 2304 quod
3180 2245 3279 2286 nec

29 2312 268 2377 τοιοῦτος,
302 2313 380 2378 ὡς
406 2316 728 2385 ἀνιχνεῦσαι
762 2317 858 2371 τοῦ
890 2319 1228 2392 ζητουμένου
1260 2324 1359 2394 τὴν
1389 2326 1587 2394 φύσινς

1724 2324 1991 2388 ιονιῃοαι·ἰ,
2055 2339 2156 2379 nec
2210 2326 2417 2396 percipi
2472 2326 2683 2397 queat?
2732 2323 2994 2391 Quaenam
3038 2323 3183 2378 enim
3220 2321 3276 2375 in

28 2404 108 2468 Τίς
158 2404 374 2477 ἐξεύροι
429 2409 710 2479 ὀνομάτων
757 2428 817 2465 τε
862 2414 956 2466 καὶ
1012 2417 1276 2487 ῥημάτων
1313 2420 1590 2488 σημασίαν

1724 2414 1861 2470 Iobis
1919 2422 2075 2469 tanta
2132 2414 2370 2470 facultas
2408 2416 2480 2471 sit
2549 2416 2809 2482 rationis,
2860 2423 2920 2469 ut
2963 2412 3087 2484 ejus
3132 2411 3278 2484 quod

27 2496 280 2567 τοιαύτην,
315 2499 392 2563 ὡς
431 2500 588 2566 ἀξίαν
619 2504 754 2574 ἡμῖν
793 2503 1002 2560 ἔννοιαν
1044 2506 1139 2561 τοῦ
1187 2510 1588 2581 ὑπερκειμένου

1724 2506 1996 2578 ιιιαξτίιιιιι,
2044 2515 2302 2564 naturam
2353 2509 2726 2580 pervestigare
2768 2508 2984 2579 possit?
3012 2505 3279 2573 Quisnam

28 2585 182 2651 φωτὸς
233 2587 635 2657 ὲμποιεῖσθαις
689 2591 816 2656 Πῶς
869 2594 1125 2666 ὀνομάσω
1162 2597 1223 2651 τὸ
1274 2598 1588 2668 ἀθάνατονς

1724 2609 1904 2654 antam
1947 2600 2238 2656 nominum
2271 2610 2326 2656 et
2356 2601 2757 2657 vocabulorum
2815 2598 3277 2669 significationem

26 2674 127 2739 πῶς
153 2679 491 2750 παραστήσω
522 2681 583 2736 τὸ
610 2682 807 2752 ἄῦλονς
837 2685 955 2751 πῶς
983 2688 1040 2741 δὲ
1073 2688 1232 2758 δείξω
1257 2690 1318 2745 τὸ
1360 2692 1571 2759 aeteae;

1724 2691 2179 2758 :omminiscatur,
2223 2698 2283 2747 ut
2318 2692 2521 2748 summi
2555 2692 2702 2747 illius
2740 2690 2970 2747 luminis
2992 2690 3277 2745 notionem

24 2767 125 2831 πῶς
148 2768 393 2827 διαλάὁω
418 2773 478 2826 τὸ
508 2774 799 2845 ἀμέγεθες,
836 2779 897 2832 τὸ
928 2780 1153 2848 ἄποτον,
1192 2784 1256 2838 τὸ
1285 2782 1499 2851 ἄποιον,
1530 2785 1590 2840 τὸ

1724 2780 1859 2837 nobis
1890 2797 1994 2853 pro
2032 2796 2102 2837 eo
2133 2797 2199 2836 ac
2228 2781 2456 2854 dignum
2489 2790 2596 2848 est,
2634 2779 2872 2837 efferat?
2898 2778 3022 2846 Quo
3053 2777 3279 2831 nomine

25 2858 436 2929 ἀσχημάτιστον,
470 2864 529 2919 τὸ
560 2868 698 2939 μήτε
724 2868 895 2938 τόπῳ,
946 2872 1082 2943 μήτε
1126 2874 1303 2946 χρόνῳ
1333 2876 1589 2947 εὑρισκό-

1724 2874 1931 2946 dquod
1986 2874 2304 2930 immortale
2360 2882 2468 2940 est,
2511 2874 2824 2945 appellem?
2880 2868 3161 2944 quomodo
3223 2867 3280 2923 id

26 2966 186 3019 μενον,
240 2955 305 3009 τὸ
363 2955 630 3028 ἐξώτερον
683 2961 885 3025 παντὸς
919 2966 1235 3036 πειρασμοῦ
1283 2970 1377 3021 καὶ
1412 2969 1590 3035 πάσης

1724 2966 1843 3037 ιυοά
1885 2968 2142 3035 materia,
2182 2975 2237 3022 et
2276 2967 2421 3038 quod
2474 2966 2655 3022 forma
2703 2975 2887 3029 vacat,
2942 2963 3276 3026 ostendero,

24 3044 287 3115 ὁριστικῆς
334 3049 667 3119 φαντασίαςς
710 3047 785 3108 οῦκ
809 3053 972 3126 ἔργον
1018 3055 1151 3127 ζωὴ,
1180 3057 1275 3111 καὶ
1304 3060 1338 3131 ή
1370 3062 1590 3117 πάντων

1724 3060 1792 3129 [ιιί
1823 3060 2045 3115 demum
2092 3060 2144 3115 id
2186 3060 2441 3114 oratione
2476 3058 2837 3128 complectar,
2880 3054 3029 3129 quod
3068 3053 3282 3125 magni-

24 3134 115 3188 τῶν
148 3140 292 3193 κατά
342 3140 403 3194 τδ
447 3141 653 3211 ἀγαθόν
685 3144 997 3215 νοουμένων
1048 3146 1386 3215 ὐπόστασις;
1446 3150 1590 3206 Ἀλλ’

1724 3150 1907 3215 udine,
1938 3146 2287 3222 quantitate,
2313 3149 2480 3222 305.
2502 3150 2774 3221 qualitate
2802 3158 2856 3205 et
2880 3149 3055 3218 figura
3088 3145 3282 3201 caret?

24 3228 87 3293 ὡς
120 3229 191 3302 μὴ
219 3234 405 3305 μάτην
437 3235 465 3288 ό
508 3234 665 3304 λόγος
694 3235 869 3309 κάμῃ,
901 3241 1015 3303 τοῖς
1055 3240 1362 3312 ἀχωρήτοις
1399 3243 1595 3298 ἑαυτὸν

24 3322 375 3382 ὲπεκτείνων·
432 3329 711 3401 ἀμήχανον
768 3330 878 3403 γὰρ
922 3331 1028 3385 ὑπὸ
1075 3333 1387 3406 κατάληψιν
1434 3336 1590 3392 τοῦτο

1724 3336 1768 3391 ιι)
1822 3336 1975 3392 omni
2027 3336 2251 3393 termini
2303 3344 2359 3392 et
2413 3333 2755 3392 deﬁnitionis
2790 3333 2979 3404 specie
3034 3331 3279 3388 alienum

24 3414 179 3471 ἐλθεῖν
198 3435 214 3451 ο
265 3419 859 3493 πολυπραγμονοῦντες
920 3424 1289 3495 παυσώμεθα,
1334 3427 1590 3483 τοσοῦτον

1724 3443 1815 3500 :st;
1848 3432 2012 3504 cujus
2051 3447 2222 3505 Opera
2262 3434 2374 3488 vita
2413 3439 2521 3497 est,
2553 3438 2719 3502 atque
2750 3428 3000 3485 omnium
3030 3441 3154 3498 quae
3187 3441 3280 3482 se-

24 3509 167 3577 μόνον
226 3513 293 3567 ἐκ
343 3512 452 3566 τῶν
510 3512 858 3587 ζητηθέντων
919 3517 1300 3590 κερδάναντες,
1346 3522 1473 3576 ὅσον
1523 3522 1590 3577 δι’

1724 3525 1937 3581 undum
1975 3524 2180 3581 bonum
2212 3523 2623 3595 intelliguntur,
2661 3520 2872 3577 creatio
2906 3528 2962 3576 et
2992 3524 3280 3574 sustenta-

24 3604 182 3659 αὐτῶν
202 3606 419 3661 ἔννοιαν
440 3625 565 3663 τινα
594 3609 859 3680 μεγέθους
883 3610 1165 3683 ἄφραστον
1216 3613 1588 3669 ἀνατυπώσα-

1730 3618 1920 3674 ulum?
1948 3615 2152 3673 Verum
2186 3631 2255 3671 ne
2289 3630 2477 3672 sermo
2508 3623 2701 3669 noster
2727 3613 3009 3668 incassum
3037 3608 3278 3670 laboret,

24 3693 151 3749 σθαι.
188 3697 357 3751 Ὅσον
379 3696 437 3752 δὲ
460 3699 560 3770 τῆς
598 3700 854 3769 γνώσεως
895 3701 1053 3775 ἡμῶν
1092 3702 1426 3775 ὑψηλότερον
1447 3700 1590 3761 εῖναι

1724 3710 1829 3763 lum
1872 3708 1938 3764 ad
1974 3722 2039 3764 ea
2067 3721 2191 3779 qua:
2230 3703 2353 3776 capi
2383 3718 2494 3759 non
2524 3709 2785 3775 possunt,
2820 3714 2947 3755 sese
2973 3694 3281 3766 exporrigit

23 3784 73 3839 τὸ
94 3789 295 3858 ἀγαθὸν
325 3794 394 3863 τῇ
418 3791 581 3862 φύσει
612 3780 965 3865 πιστεύομεν,
997 3795 1256 3850 τοσοῦτον
1285 3796 1490 3867 μᾶλλον
1527 3798 1590 3853 τὸ

1738 3815 1918 3871 neque
1960 3799 2107 3855 enim
2155 3797 2271 3854 fieri
2309 3802 2495 3868 potest
2528 3802 2589 3849 ut
2624 3794 2727 3849 hoc
2759 3790 2864 3848 sub
2895 3788 3273 3860 cognitionem

23 3882 199 3948 πένθος
224 3886 446 3950 ἑαυτοῖς
473 3887 818 3960 ὲπιτείνομεν
836 3905 851 3921 ο
883 3889 967 3943 ὅτι
994 3888 1187 3944 τούτου
1223 3890 1321 3945 τοῦ
1352 3890 1587 3963 ὑπεραίο

1724 3894 1916 3965 radat),
1981 3893 2205 3949 curiose
2253 3892 2361 3947 ista
2427 3888 2714 3959 inquirere
2768 3884 3117 3947 desinamus,
3172 3880 3278 3935 hoc

24 3992 189 4045 ροντος
248 3980 438 4034 πᾶσαν
473 3979 704 4052 δύναμιν
752 3982 1172 4056 καταληπτικὴν
1217 3983 1277 4040 ὲν
1327 3985 1590 4060 μετουσίᾳ

1725 3997 1911 4042 autum
1944 4002 2010 4042 ex
2040 3985 2128 4041 his
2152 3998 2277 4055 quae
2307 3998 2339 4038 a
2371 3980 2537 4038 nobis
2568 3978 2800 4051 quaesita
2830 3984 2981 4043 sunt,
3015 3970 3278 4029 utilitatis

24 4069 137 4123 ποτὲ
164 4066 200 4143 ἦ
207 4089 313 4141 μεν
348 4073 397 4126 οἱ
418 4073 718 4145 ἄνθρωποι.

1724 4076 2014 4141 :onsecuti.
2056 4075 2204 4147 quod
2252 4089 2353 4145 per
2403 4088 2467 4130 ea
2502 4072 2797 4149 notionem
2837 4067 3130 4140 quamdam
3161 4076 3282 4118 ma-

23 4163 313 4231 gnitudinis
382 4165 821 4238 inexplicabilem
873 4169 1063 4224 animo
1116 4170 1276 4248 nobis
1321 4169 1653 4228 effinximus.
1720 4171 1895 4226 Porro
1953 4185 2064 4242 quo
2126 4169 2330 4224 bonum
2389 4164 2533 4237 illud
2604 4170 2798 4235 suapte
2864 4169 3061 4217 natura
3127 4156 3281 4227 cogi-

24 4257 217 4314 talione
258 4267 459 4314 nostra
503 4275 630 4315 esse
672 4260 970 4317 sublimius
1026 4262 1327 4329 credimus,
1363 4279 1430 4320 eo
1475 4264 1682 4336 majore
1709 4265 1864 4321 luctu
1890 4262 2209 4347 aﬂicimur;
2260 4259 2526 4333 quoniam
2592 4271 2695 4313 nos
2756 4252 3034 4328 quondam
3103 4250 3281 4305 homi-

1694 3242 1845 3315 quod
1870 3257 1971 3299 nec
1995 3242 2050 3298 in
2089 3242 2231 3307 loco,
2254 3257 2366 3298 nec
2399 3243 2453 3297 in
2486 3251 2737 3313 tempore
2786 3239 3103 3306 invenitur;
3131 3238 3278 3310 quod
3370 3240 3383 3243 "

24 4362 107 4402 nes
130 4349 227 4403 illo
255 4349 815 4418 incomprehensibili
846 4351 992 4406 bono
1028 4352 1369 4411 fruebamur.

93 4442 429 4513 ’Δκράτητος
472 4443 567 4496 καὶ
598 4442 1000 4515 οὐρανοδρόμος
1044 4446 1079 4516 η
1121 4445 1241 4500 θεία
1265 4445 1451 4515 φύσις,
1486 4446 1586 4500 ἀν-

23 4528 229 4599 ίῳικτος
253 4533 375 4597 τοῖς
399 4531 711 4600 διώκουσιν,
735 4534 1035 4604 ὲγγίζουσα
1066 4537 1180 4599 τοῖς
1212 4536 1583 4593 πιστεύουσιν.

90 4817 464 4891 ’Δνθρώπιναι
490 4818 668 4888 λέξεις
711 4818 847 4875 Θεοῦ
900 4820 1092 4877 οὐσίαν
1147 4821 1486 4894 ἑρμηνεῦσαι
1534 4822 1596 4879 οὐ

23 4902 279 4963 Βὺνανται.

85 5000 272 5054 Ἔστιν
292 5001 385 5053 ὅτε
417 4998 509 5052 καὶ
538 4998 806 5071 θεολογεῖν
832 5002 1222 5073 ἐπιχειροῦσιν,
1253 5005 1389 5058 ὅπου
1430 5006 1525 5059 καὶ
1562 5005 1596 5078 ἡ

23 5088 228 5161 ἀλήθεια
254 5091 574 5161 ἀνέφικτος,
606 5109 702 5146 και
725 5095 752 5147 ὁ
774 5095 1079 5166 στοχασμὸς
1107 5096 1470 5161 ἐπικίνδυνος.

80 5271 136 5325 Et
169 5272 363 5339 ζητεῖς
389 5271 545 5337 Θεὸν,
570 5265 616 5326 ὦ
641 5273 872 5341 διάνοια,
919 5275 1213 5341 ἐξελθοῦσα
1257 5278 1364 5332 ἀπὸ
1393 5278 1598 5349 σαυτῆς

23 5361 295 5434 ἀναζήτει.

23 5498 202 5556 Τίτλ.Δ
224 5543 239 5559 .
264 5535 341 5546 ——
365 5504 505 5573 Περὶ
536 5506 774 5575 ἁγαπης
792 5575 796 5576 ν
816 5505 917 5560 καί
949 5507 1138 5576 φόϐου
1165 5507 1347 5562 Θεοῦ·
1384 5508 1481 5563 καὶ
1510 5508 1599 5565 ὅτι
1646 5528 1651 5533 '

326 5575 557 5642 παντὸς
586 5575 812 5647 ἀγαθοῦ
841 5575 1268 5647 ὑπερέχουσιν.

83 5728 102 5762 ι
142 5710 444 5765 Ἐκάλεσεν
466 5711 697 5781 ἄγγελος
725 5712 933 5785 Κυρίου
962 5712 1054 5767 τὸν
1087 5712 1341 5784 Ἀσραάμ
1362 5713 1421 5780 ἐξ
1445 5715 1601 5784 οὐρα.

24 5797 122 5861 νοῦ,
153 5802 249 5855 καὶ
284 5795 446 5854 εἶπεν
490 5802 673 5875 αὐτῷ·
717 5803 987 5874 Ἀϐραάμ.
1035 5802 1092 5857 Ὀ
1136 5803 1196 5856 δὲ
1236 5798 1428 5859 εἶπενο
1465 5805 1599 5858 Ἰδοὺ

23 5889 137 5957 lytr).
164 5889 307 5947 Εῐπε
334 5891 413 5946 δέ·
432 5894 523 5967 Μὴ
555 5896 815 5965 ὲπιόἁλῃς
835 5894 932 5965 τὴν
953 5896 1110 5965 χεῖρά
1137 5912 1231 5951 σου
1255 5896 1349 5952 ἐπὶ
1367 5896 1428 5953 τὸ
1461 5914 1591 5954 παι·-

1765 4445 1962 4517 Chrys.
2026 4445 2081 4499 in
2127 4442 2189 4499 S.
2253 4441 2432 4511 Steph.
2472 4438 2759 4493 -—Divina
2808 4442 3006 4491 mtura
3054 4439 3278 4503 captum

1693 4552 1915 4594 omnem
1949 4536 2189 4595 excedit.
2227 4542 2396 4605 atque
2426 4536 2480 4587 in
2518 4535 2720 4587 caelum
2747 4530 3019 4592 excurrit,
3065 4536 3125 4582 ut
3162 4541 3277 4582 non

1627 4611 1672 4668 θ
1702 4647 1731 4686 a
1767 4628 2235 4702 persequentibus
2282 4633 2453 4697 queat
2494 4623 2641 4695 capi,
2674 4630 2730 4679 et
2761 4622 2831 4678 iis
2870 4622 2963 4692 qui
3000 4621 3107 4677 fide
3135 4634 3280 4693 pra:-

1698 4720 1798 4775 diti
1838 4728 1992 4781 sunt,
2024 4718 2277 4789 proxima
2314 4718 2406 4771 sit.

1769 4812 2002 4883 Didymi.
2038 4839 2106 4850 —
2129 4807 2382 4863 Humana
2427 4805 2597 4862 verba
2643 4805 2736 4860 Dei
2767 4803 3071 4861 essentiam
3100 4816 3279 4857 enun-

1700 4905 1839 4959 tiare
1866 4913 2165 4971 nequeunt.
2493 4946 2499 4951 .

1773 4993 1914 5050 Nili.
1948 5024 2020 5033 —
2044 4992 2329 5049 Interdum
2355 4992 2521 5048 etiam
2556 4990 2624 5046 de
2657 4990 2867 5046 divinis
2907 4988 3075 5044 rebus
3102 4984 3280 5041 disse-

1699 5104 1825 5144 rere
1853 5094 2170 5154 conantur;
2226 5086 2319 5141 ubi
2376 5100 2481 5141 nec
2531 5085 2823 5140 veritatem
2871 5081 3091 5151 assequi
3122 5078 3278 5150 quis-

1698 5198 1863 5254 quam
1900 5182 2096 5254 possit,
2140 5190 2193 5234 et
2220 5179 2558 5249 conjecturis
2584 5177 2664 5232 uti
2698 5175 3072 5247 periculosum
3101 5178 3207 5225 est.

1774 5275 2037 5330 Philonis.
2070 5272 2213 5328 -—Si
2248 5272 2420 5328 Deum
2451 5270 2677 5342 quaeris,
2711 5283 2745 5324 ο
2776 5282 2955 5330 mens,
2990 5281 3055 5320 ex
3096 5263 3272 5333 tcipsa

1699 5367 1900 5423 excedo
1927 5375 1986 5422 ut
2016 5379 2257 5437 quaeras.

1700 5503 1807 5562 Tit.
1855 5503 1945 5559 IV.
1974 5535 2047 5546 -—
2068 5503 2145 5559 De
2191 5520 2372 5559 umore
2401 5513 2449 5558 et
2482 5504 2667 5557 timore
2697 5499 2819 5569 Dei,
2848 5508 2898 5554 et
2945 5499 3090 5569 quod
3133 5508 3282 5550 omne

2241 5575 2431 5629 bonum
2470 5580 2737 5641 superent.

1772 5706 1902 5763 Gen.
1930 5723 2067 5773 χιιι,
2103 5707 2190 5775 Η,
2226 5708 2315 5762 12.
2340 5736 2409 5748 -
2443 5725 2463 5760 ι
2502 5704 2570 5760 Ει
2598 5704 2817 5760 vocavit
2845 5703 3079 5776 angelus
3105 5702 3282 5757 Abra-

1700 5804 1827 5860 ham
1857 5802 1923 5861 de
1954 5803 2117 5869 cmlo,
2146 5803 2341 5859 dicens
2370 5802 2457 5858 ei:
2486 5799 2790 5856 Abraham.
2816 5799 2920 5867 Qui
2952 5795 3238 5869 respondit
3264 5813 3276 5849 :

1702 5898 1946 5959 Adsum;
1987 5896 2235 5958 dixitque
2271 5896 2363 5954 ei:
2410 5893 2489 5953 Ne
2535 5893 2805 5952 extendas
2853 5904 3075 5948 manum
3122 5895 3276 5944 tuam
