3910 6406
653 428 790 498 1687

1839 429 1899 488 s.
1939 427 2258 488 JOANNIS
2297 400 2725 490 DAMASCEM

3730 429 3822 491 1635

649 563 816 617 super
845 560 1102 615 puerum.
1135 559 1316 613 neque
1353 509 1643 598 l‘aciasilli
1687 543 2015 612 quidquam.
2065 541 2225 596 Nune

2349 545 2513 614 ῑάριόν
2545 562 2662 610 σου,
2726 546 2860 616 μηδὲ
2916 547 3150 618 ποιήσῃς
3198 544 3347 615 αὖτῷ
3404 543 3587 614 μηθέν.
3616 545 3710 598 Νῦν
3753 565 3822 615 pp
3892 525 3893 532 γ

646 637 878 702 cognovi
918 635 1065 704 quod
1100 636 1298 690 timeas
1331 634 1656 697 Dominum,
1689 645 1744 687 et
1774 649 1887 688 non
1925 633 2222 703 pepercisti

648 728 935 799 nuigenito
975 726 1090 781 lilio
1121 735 1216 781 tuo
1245 735 1467 795 propter
1494 741 1599 780 me.
1633 744 1652 777 ι

721 817 876 872 Deut.
905 833 960 879 ι,
989 816 1078 871 12.
1107 845 1174 857 -
1209 835 1226 868 ι
1257 813 1322 880 Et
1373 822 1558 880 uunc,’
1578 814 1770 883 Israel,
1807 815 1938 887 quid
1965 814 2230 872 Dominus

649 909 792 966 Deus
848 909 985 979 petit
1032 915 1168 972 ate,
1222 909 1329 963 nisi
1383 915 1442 962 ut
1493 909 1690 964 timeas
1737 907 1911 964 Deum
1956 917 2138 975 tuum,
2175 920 2233 966 et

647 1001 896 1056 ambules
928 1001 982 1056 in
1015 999 1410 1054 omnibusviis
1449 1000 1614 1068 ejus?
1647 1019 1666 1052 ι

717 1090 874 1145 Deut.
911 1105 984 1154 νι,
1020 1089 1074 1144 5.
1104 1119 1172 1130 -
1199 1109 1216 1142 ι
1261 1087 1463 1156 Diliges
1503 1089 1792 1146 Dominum
1848 1089 2026 1145 Deum
2064 1099 2224 1147 tuum

644 1199 713 1238 ex
736 1191 853 1235 tota
888 1191 1076 1236 mente
1109 1189 1226 1245 tua,
1262 1190 1315 1236 et
1339 1195 1404 1236 ex
1438 1188 1552 1236 tota
1579 1181 1767 1236 anima
1799 1189 1914 1245 tua,
1947 1189 2004 1236 et
2025 1197 2092 1236 ex
2122 1197 2234 1236 omo

646 1275 814 1330 nibus
844 1275 1060 1329 viribus
1103 1276 1234 1329 tuis.
1274 1293 1292 1326 ι

720 1367 874 1422 Ριαι.
907 1383 1058 1430 xxiv,
1111 1367 1198 1422 M.
1227 1397 1298 1408 —
1322 1384 1340 1419 ι
1380 1366 1820 1423 Firmamentum
1848 1375 1933 1424 est
1965 1366 2232 1424 Dominus

657 1464 980 1520 timentibus
1011 1479 1163 1520 eum.
1201 1483 1219 1516 ι

726 1556 878 1611 Psal.
916 1572 1090 1620 xxxii,
1124 1555 1283 1611 8-18.
1311 1574 1422 1608 -ι
1469 1555 1688 1612 Timeat
1719 1556 2010 1614 Dominum
2050 1557 2233 1613 omnis

651 1659 822 1703 terra.
856 1647 998 1704 Ecce
1045 1648 1193 1703 oculi
1234 1647 1453 1704 Domini
1487 1665 1653 1719 super
1682 1657 1989 1708 metuentes
2018 1666 2167 1707 eum.
2205 1668 2228 1704 ι

720 1738 873 1793 Psal.
933 1754 1134 1802 xxxiii,
1165 1738 1321 1793 8-10.
1372 1770 1440 1781 -
1483 1757 1503 1791 ι
1536 1740 2037 1798 Castrametabitur
2076 1758 2235 1813 ange-

649 1833 738 1886 lus
771 1830 985 1885 Domini
1021 1831 1075 1885 in
1129 1831 1370 1886 circuitu
1408 1832 1719 1887 timentium
1755 1848 1906 1900 eum,
1940 1843 1996 1890 et
2034 1834 2234 1907 eripiet

649 1939 771 1979 eos.
796 1921 1009 1977 Timete
1039 1921 1356 1988 Dominum,
1391 1937 1585 1980 omnes
1627 1925 1803 1980 sancti
1829 1927 1974 1997 ejus.
2013 1946 2033 1980 ι

723 2013 873 2068 Psal.
905 2027 998 2078 cx,
1033 2013 1088 2069 9.
1121 2044 1182 2060 -
1217 2033 1236 2067 ι
1291 2013 1516 2070 initium
1565 2017 1852 2087 sapientize
1907 2019 2074 2074 timor
2117 2018 2236 2077 .Do-

653 2105 812 2159 mini.
853 2123 873 2158 ι

725 2195 877 2251 Ριαι.
928 2213 1040 2263 cxi,
1094 2196 1287 2251 l.-—¢
1328 2195 1530 2254 Beatus
1568 2198 1654 2255 vir
1700 2200 1797 2272 qui
1846 2200 2003 2258 timet
2047 2201 2237 2257 Domi-

652 2304 808 2344 num.
843 2307 863 2342 ι

725 2380 879 2437 Psal.
903 2396 1093 2447 cxvnu,
1124 2381 1248 2438 120.
1274 2412 1346 2424 -
1373 2402 1393 2436 ι
1423 2382 1650 2456 Contige
1679 2400 1712 2440 a
1753 2385 1954 2442 timore
1987 2396 2081 2442 tuo
2110 2403 2235 2443 car-

653 2489 753 2530 nes
789 2488 960 2530 meas.
999 2491 1021 2527 ι

722 2566 871 2621 Ρεαι.
935 2581 1159 2634 curui,
1193 2567 1244 2623 1.
1286 2597 1357 2610 —-
1383 2587 1402 2622 ι
1435 2567 1591 2625 Beati
1643 2583 1837 2636 omnes
1884 2571 1977 2642 qui
2035 2573 2234 2630 timent

652 2661 971 2716 Dominum.
1005 2680 1024 2714 ι

721 2754 869 2809 Prol.
905 2769 1084 2821 exui,
1171 2755 1260 2820 10,
1316 2755 1542 2811 11.-ι
1590 2754 1710 2810 Non
1777 2756 1834 2811 in
1897 2755 2230 2812 fortitudine

649 2846 777 2914 equi
811 2846 1151 2902 voluntatem
1186 2847 1516 2915 babes,,nee
1556 2847 1612 2902 in
1640 2847 1796 2904 tibiis
1838 2849 1936 2903 viri
1968 2849 2231 2919 benepla-

649 2939 820 2992 citum
856 2946 944 2993 est
973 2938 1092 3006 tibi,
1129 2957 1148 2990 ι
1180 2946 1290 2994 etc.

721 3029 879 3085 Prov.
907 3046 972 3096 ιι,
1009 3030 1065 3086 6.
1096 3059 1167 3072 —
1199 3050 1217 3083 ι
1259 3031 1529 3088 Dominus
1562 3031 1718 3089 dabit
1766 3033 2142 3105 sapientiam;
2177 3040 2233 3089 et

647 3123 793 3176 viam
825 3123 1135 3178 timentium
1165 3140 1223 3180 se
1255 3125 1555 3181 custodiet.
1596 3145 1615 3180 ι

715 3211 877 3268 Prov.
911 3230 1025 3276 xw,
1065 3213 1158 3270 27.
1204 3245 1276 3258 --
1317 3236 1334 3264 σ
1385 3214 1580 3272 Timor
1629 3218 1852 3275 Domini
1905 3219 2032 3276 fons
2078 3219 2227 3284 vitae,
2255 3242 2301 3306 ο

644 3313 700 3361 et
729 3304 862 3359 facit
893 3314 952 3360 ut
986 3307 1236 3364 declines
1267 3323 1298 3362 a
1331 3309 1493 3363 ruina
1527 3311 1742 3368 mortis.
1780 3331 1800 3364 ι

720 3397 880 3454 Prov.
910 3414 1029 3468 rut,
1075 3399 1166 3455 15.
1197 3431 1268 3442 -
1315 3420 1333 3454 ι
1375 3403 1569 3460 Timor
1620 3403 1837 3460 Domini
1896 3405 2014 3461 odit
2065 3404 2230 3462 mali-

641 3493 807 3548 tiam.
848 3511 868 3544 ι

717 3581 880 3638 Prov.
920 3601 978 3648 ιι.
1013 3587 1105 3641 27.
1135 3617 1205 3627 -
1239 3607 1257 3640 ι
1296 3587 1492 3644 Timor
1522 3589 1745 3646 Domini
1795 3601 2038 3665 apponet
2083 3591 2225 3650 dies.

643 3676 980 3733 Praesidium
1015 3681 1234 3749 piorum
1268 3682 1436 3742 timor
1466 3683 1706 3740 Domini.
1745 3706 1766 3739 ι

655 3800 657 3802 -
715 3768 880 3840 305
923 3769 1086 3826 Prov.
1121 3789 1212 3836 xv,
1248 3774 1338 3830 27.
1369 3805 1438 3816 -—-
1477 3796 1497 3828 ι
1547 3779 1646 3832 Per
1704 3781 1956 3835 timorem
2012 3778 2226 3834 Domini

645 3857 891 3918 declinat
920 3862 1104 3920 omnis
1133 3879 1169 3919 a
1202 3867 1390 3923 malis.
1428 3867 1641 3925 Tuetur
1672 3869 1937 3928 Dominus
1967 3871 2227 3926 timentes

645 3964 729 4004 se.
767 3968 786 4001 ι

641 4086 643 4088 .
723 4041 887 4100 Prov.
928 4060 1012 4108 ιιι,
1042 4045 1094 4100 7.
1127 4077 1198 4088 —
1229 4067 1250 4099 ι
1278 4049 1436 4105 Time
1489 4050 1807 4116 Dominum,
1842 4064 1898 4112 et
1929 4057 2129 4114 recede
2159 4059 2228 4114 ab

648 4133 798 4187 omni
827 4134 994 4190 malo.
1027 4134 1186 4192 Tunc
1223 4139 1438 4196 sanitas
1464 4143 1573 4196 erit
1603 4144 1882 4201 umbiculo
1912 4155 2028 4211 tuo,
2064 4157 2120 4204 et
2149 4149 2225 4202 ir-

637 4223 846 4293 -rigatio
871 4226 1093 4282 ossibus
1118 4229 1249 4284 tuis.
1295 4249 1315 4282 ι

720 4313 877 4370 Prov.
913 4334 1027 4384 xw,
1079 4321 1171 4375 26.
1207 4351 1279 4366 —
1311 4342 1330 4375 ι
1377 4323 1432 4378 lu
1487 4326 1686 4383 timore
1742 4327 1962 4386 Domini
2026 4329 2225 4385 ﬁducia

647 4406 1019 4467 fortiturliuis.
1061 4431 1080 4465 ι

711 4500 884 4555 Eccle.
921 4519 1019 4569 sit,
1063 4505 1153 4561 15.
1188 4536 1259 4549 --
1291 4526 1310 4559 ι
1351 4506 1542 4564 Finem
1591 4510 1873 4581 loquendi,
1907 4524 2082 4572 totum
2121 4534 2224 4574 au-

645 4591 698 4644 di
734 4610 745 4644 :
788 4592 952 4647 Deum
990 4597 1136 4662 time,
1167 4609 1219 4654 et
1251 4601 1506 4656 mandata
1541 4603 1664 4672 ejus
1695 4606 1949 4665 observa.
1986 4629 2004 4660 ι

717 4683 953 4742 Malach.
988 4705 1061 4754 ιν,
1099 4693 1153 4746 2.
1183 4722 1252 4737 -—-
1285 4712 1304 4746 ι
1335 4695 1558 4751 Orietur
1589 4699 1748 4754 vobis
1777 4701 2104 4760 timentibus
2128 4722 2224 4758 uo-

643 4789 770 4828 mcn
832 4793 1012 4834 meum
1065 4782 1482 4868 sobjustitiaa;
1538 4797 1593 4843 et
1645 4790 1855 4846 sanitas
1911 4793 1965 4848 in
2028 4797 2222 4865 pennis

645 4881 787 4936 ejus.
827 4887 846 4920 ι
1496 4889 1499 4891 ·

714 4955 922 5013 llabac.
955 4973 1020 5023 ιι,
1047 4957 1139 5014 20.
1180 4991 1242 5001 —
1271 4979 1290 5012 ι
1333 4962 1599 5022 Dominus
1653 4967 1706 5022 in
1767 4972 1972 5042 templo
2029 4985 2222 5030 sancto

645 5062 747 5102 suo
789 5067 802 5102 :
837 5049 1031 5105 timeat
1065 5065 1094 5103 a
1120 5050 1259 5106 facie
1281 5054 1404 5123 ejus
1433 5061 1615 5115 omnis
1654 5067 1821 5115 terra.
1864 5082 1883 5114 ι

717 5138 888 5196 Eccli.
933 5155 972 5208 1,
1002 5141 1090 5207 17,
1124 5143 1210 5207 12,
1245 5145 1330 5212 19,
1363 5147 1457 5211 20,
1485 5150 1578 5213 2|,
1609 5150 1700 5216 34,
1735 5154 1826 5208 56.
1870 5184 1942 5194 -
1983 5176 2001 5206 ι
2035 5156 2223 5214 Timor

645 5234 864 5289 Domini
897 5236 1074 5307 gloria
1103 5248 1158 5293 et
1195 5239 1478 5310 gloriatio.
1512 5242 1702 5299 Timor
1726 5245 1945 5302 Domini
1981 5248 2222 5305 deiecta-

645 5327 725 5380 bit
747 5343 866 5390 eor,
894 5337 952 5384 et
989 5330 1145 5385 dabit
1183 5333 1430 5388 lmtitiam
1459 5343 1515 5388 et
1539 5337 1803 5406 gaudium
1835 5341 1890 5395 in
1916 5341 2223 5413 loiigitndi-

646 5432 768 5471 nem
800 5420 1037 5476 dierum.
1088 5423 1327 5479 Timenti
1369 5424 1663 5482 Dominum
1710 5430 1850 5485 bene
1890 5435 2018 5500 erit,
2069 5446 2124 5488 et
2168 5440 2222 5492 in

643 5509 836 5566 diebus
868 5517 1371 5571 consummationis
1425 5519 1576 5574 illius
1621 5520 1994 5582 benedicelur.
2041 5525 2224 5583 Pleni-

643 5601 779 5655 tudo
828 5605 1112 5674 sapientiae
1169 5620 1253 5665 est
1307 5611 1500 5666 timere
1549 5611 1741 5668 Deum.
1772 5613 1948 5672 Radix
2003 5623 2223 5688 sapien-

644 5691 737 5745 tiae
795 5702 880 5748 est
932 5697 1131 5755 timere
1189 5699 1362 5756 Deum
1406 5711 1510 5758 :et
1562 5705 1702 5760 rami
1753 5705 1874 5776 ejus
1933 5708 2220 5779 longitudo

643 5782 884 5843 dierum.
924 5788 1207 5860 Sapientia
1244 5801 1299 5850 et
1333 5794 1623 5866 disciplina
1666 5799 1832 5853 timor
1868 5799 2104 5856 Domini.
2136 5802 2213 5859 Ne

2332 634 2503 702 ἔγνων
2533 638 2615 691 ὅτι
2641 638 2778 709 φοϐῇ
2813 639 2878 692 σὺ
2935 638 3028 692 τὸν
3069 637 3224 700 Θεὸν,
3276 638 3372 690 καὶ
3421 639 3520 690 οὐκ
3574 638 3743 706 ἐφείσω
3761 641 3821 691 τοῦ

2332 724 2449 777 υίοῦ
2487 742 2581 778 σου
2602 726 2698 779 τοῦ
2732 726 3020 796 ἀγαπητοῦ
3045 727 3113 780 δι’
3144 727 3266 797 ὲμέ.
3305 746 3324 778 ι

2408 833 2427 866 ι
2464 817 2571 869 Καὶ
2613 815 2730 880 νῦν,
2779 817 3018 890 Ἰσραὴλ,
3068 819 3120 872 τί
3165 819 3373 888 Κύριος
3423 820 3461 871 ὁ
3507 818 3631 881 Θεὸς
3665 821 3826 872 ἀπαιπῖ
3871 835 3873 837 ί

2334 907 2484 978 παρὰ
2516 909 2610 962 σοῦ
2631 948 2645 970 ,
2683 910 2798 965 ἀλλ’
2826 910 2858 979 ἢ
2891 910 3174 980 φοϐεῖσθαι
3213 911 3378 964 αὐτὸν
3397 948 3414 976 ,
3450 912 3545 964 καὶ
3581 910 3824 981 πορεύεσθαι

2332 998 2392 1050 ἐν
2425 999 2626 1063 πάσαις
2649 1004 2767 1065 ταῖς
2792 1001 2929 1065 ὁδοῖς
2951 1002 3118 1055 αὐτοῦ
3143 1020 3158 1062 ;
3200 1022 3218 1052 ι

2410 1109 2428 1141 ‹
2479 1091 2817 1162 Ἀγαπήσεις
2871 1091 3077 1162 Κύριον
3113 1094 3209 1147 τὸν
3253 1093 3388 1147 Θεόν
3421 1111 3516 1147 σου
3566 1094 3620 1160 ἐξ
3645 1093 3824 1160 amri;
3892 1091 3893 1100 “

2333 1181 2614 1252 δυνάμεώς
2646 1200 2761 1238 σου.
2795 1203 2813 1235 ι
3892 1185 3893 1188 ’

2414 1381 2434 1414 ι
2467 1362 2814 1435 Κραταίωμα
2840 1363 3042 1434 Κύριος
3063 1364 3170 1417 τῶν
3198 1364 3556 1435 φοϐουμένων
3589 1366 3737 1420 αὐτόν.
3766 1387 3777 1417 ι

2414 1567 2432 1598 ι
2488 1547 2783 1619 Φοϐηθήτω
2823 1547 2915 1601 τὸν
2963 1547 3168 1619 Κύριον
3213 1549 3370 1603 πᾶσα
3424 1551 3458 1621 ἡ
3511 1553 3599 1622 γῆ.
3661 1551 3761 1603 uae-3
3794 1555 3825 1602 vi
3892 1615 3893 1618 η

2335 1639 2606 1711 ὀφθαλμοὶ
2647 1641 2853 1711 Κυρίου
2889 1641 2982 1695 ἐπὶ
3012 1643 3141 1705 τοὺς
3177 1641 3553 1713 φοϐουμένους
3587 1643 3742 1696 αὐτόν.
3769 1662 3784 1692 ι
3892 1707 3893 1722 χ

2416 1746 2433 1779 ι
2471 1727 2822 1798 Παρεμϐαλεὶξ
2850 1729 3083 1798 ἄγγελος
3112 1732 3321 1803 Κυρίου
3348 1733 3539 1803 κύκλῳ
3566 1734 3663 1785 τῶν
3693 1733 3832 1801 φάσει
3892 1741 3893 1748 ‘

2341 1817 2517 1888 μένων
2568 1817 2750 1884 αὐτὸν,
2805 1819 2902 1873 καί⁸
2949 1821 3176 1892 ῥύσεται
3222 1823 3444 1887 αὐτούς.
3490 1823 3735 1896 Φοϐήθητε
3774 1825 3834 1874 τὶν

2263 1904 2310 1962 Β
2341 1909 2570 1982 Κύριον,
2598 1911 2802 1974 πάντες
2835 1912 2888 1964 oi
2919 1913 3065 1982 ἅγιοι
3097 1913 3288 1969 αὑτοῦ.
3330 1934 3348 1968 ι

2417 2019 2435 2053 ι
2485 1999 2652 2072 Ἀρχὴ
2679 2001 2893 2073 σοφίας,
2925 2001 3091 2072 φόϐος
3126 2005 3357 2075 Κυρίου.
3395 2024 3414 2057 ι

2414 2203 2432 2235 ι
2471 2185 2758 2258 Μακάριος
2783 2185 2922 2258 ἀνὴρ
2951 2189 2979 2241 ό
3008 2187 3347 2258 φοϐούμενος
3367 2188 3461 2241 τὸν
3495 2188 3700 2258 Κύριον.
3735 2208 3748 2238 ι

2412 2407 2430 2439 ι
2467 2388 2795 2461 Καθήλωσον
2819 2392 2882 2444 ἐκ
2907 2390 3002 2444 τοῦ
3033 2391 3200 2462 φόϐου
3238 2410 3335 2448 σου
3367 2395 3472 2458 τας
3493 2396 3686 2466 σάρκας
3709 2413 3800 2464 μοι.
3823 2415 3834 2443 ι

2411 2591 2430 2625 ι
2471 2574 2746 2646 Μακάριοι
2789 2577 2988 2642 πάντες
3016 2579 3066 2630 οἱ
3099 2578 3436 2648 φοϐούμενοι
3478 2583 3574 2634 τὸν
3617 2581 3836 2652 Κύριον.»

2411 2781 2429 2812 ι
2470 2761 2583 2814 Οὐκ
2612 2763 2669 2814 ὲν
2698 2763 2763 2832 τῇ
2797 2761 3089 2835 δυναστείᾳ
3127 2763 3223 2817 τοῦ
3264 2765 3436 2820 ἵππου
3474 2764 3661 2830 θέλεις,
3687 2765 3782 2818 οὐδὲ
3805 2766 3842 2813 ἐν

2335 2857 2456 2917 ταῖς
2497 2855 2737 2926 κνήμαις
2777 2854 2873 2908 τοῦ
2921 2855 3113 2930 ἀνδρὸς
3152 2857 3416 2922 εύδοκεῖς,
3454 2878 3472 2910 ι
3511 2861 3602 2912 καὶ
3628 2860 3684 2911 τὰ
3708 2857 3841 2909 λοιπά.
3892 2889 3893 2892 η

2411 3059 2430 3091 ‹
2464 3038 2669 3111 Κύριος
2697 3038 2862 3094 δώσει
2912 3041 3132 3110 σοφίαν,
3191 3041 3288 3094 καὶ
3341 3041 3464 3094 ὁδον
3501 3040 3843 3109 εὐλαϐουμένων

2333 3131 2496 3186 αὑτὸν
2519 3130 2852 3201 διαφυλάξει.
2887 3152 2905 3185 ι
3892 3209 3893 3220 γ

2409 3244 2428 3278 ι
2476 3226 2641 3290 Φόϐος
2681 3226 2886 3296 Κυρίου
2927 3226 3079 3298 πηγὴ
3123 3227 3306 3298 ζωῆςο
3353 3229 3502 3282 ποιεῖ
3543 3228 3598 3281 δὲ
3633 3227 3846 3282 ἐκκλίνει-ν

2321 3318 2396 3372 ,ἐκ
2433 3318 2658 3386 παγίδος
2685 3317 2940 3373 θανάτου.
2981 3337 3000 3370 ι

2410 3431 2429 3466 ι
2463 3413 2871 3484 ΦόϐοςεΚυρίου
2915 3414 3067 3484 μισεί
3093 3413 3318 3467 κακίαν.
3355 3433 3374 3465 ι

2407 3616 2427 3649 ι
2462 3596 2630 3659 Φόϐος
2658 3597 2866 3667 Κυρίου
2920 3595 3280 3668 προστίθησιν
3326 3597 3566 3667 ἡμέρας.
3614 3591 3844 3663 ὐχύρωμε

2329 3690 2516 3751 ὁσίων.
2550 3688 2717 3758 φόϐος
2750 3690 2978 3760 Κυρίου.
3017 3707 3036 3742 ι
3114 3732 3120 3738 .

2407 3783 2591 3855 «Φόϐῳ
2627 3783 2835 3856 Κυρίου
2865 3783 3105 3838 ἐκκλίνει
3139 3785 3248 3847 πᾶς
3281 3782 3391 3836 ἀπὸ
3418 3781 3627 3835 κακῶν.
3670 3797 3689 3831 ι

2412 3875 2808 3950 Ὑπερασπίζει
2844 3875 3049 3947 Κύριος
3078 3875 3187 3929 τῶν
3223 3872 3638 3944 εὐλαϐουμένων
3663 3867 3843 3925 αὐτόν.»
3892 3889 3893 3944 ξ

2405 4077 2422 4109 ι
2465 4056 2636 4111 Φοϐοὗ
2668 4056 2759 4111 τὸν
2801 4056 2956 4119 Θεὸν,
3001 4055 3094 4108 καὶ
3126 4053 3374 4108 ἔκκλινον
3414 4053 3524 4108 ἀπὸ
3565 4051 3749 4110 παντὸς
3783 4062 3830 4096 ια

2330 4150 2426 4204 κοῦ
2449 4166 2460 4180 ·
2489 4151 2610 4204 τότε
2649 4151 2793 4215 ἴασις
2820 4150 2973 4204 ἔσται
3001 4148 3079 4220 τῷ
3113 4148 3328 4218 σώματί
3359 4165 3478 4210 σου,
3510 4147 3607 4201 καὶ
3621 4144 3845 4212 ἐπιμέλεια

2327 4245 2439 4307 τοῖς
2466 4243 2675 4306 ὀστέοις
2702 4261 2817 4298 σου.
2867 4262 2886 4294 ι

2405 4356 2422 4387 ι
2483 4335 2572 4397 Ἐν
2601 4335 2754 4407 φόϐῳ
2785 4335 2992 4409 Κυρίου
3024 4334 3184 4397 ἐλπὶς
3214 4333 3422 4403 ἰσχύος.
3469 4350 3488 4382 ι

2406 4537 2423 4567 ι
2468 4514 2632 4578 Τέλος
2681 4513 2866 4582 λόγου,
2902 4513 2963 4565 τὸ
3016 4513 3122 4565 πᾶν
3166 4511 3332 4566 ἄκουε
3353 4525 3365 4537 ·
3397 4509 3490 4562 τὸν
3538 4507 3667 4561 Θεδν
3706 4498 3845 4572 φοϐῶν

2258 4589 2301 4646 D
2333 4609 2547 4672 καὶτὰς
2583 4605 2804 4668 ἐντολὰς
2836 4604 3001 4658 αὑτοῦ
3037 4604 3301 4673 φύλασσε.
3351 4621 3370 4652 ι

2402 4720 2420 4750 ι
2480 4698 2752 4752 ’Δνατελεί
2780 4699 2910 4766 ἡμῖν
2951 4699 3063 4758 τοῖς
3092 4693 3451 4764 φοϐουμένοις
3488 4692 3550 4744 τὸ
3577 4687 3736 4758 mea
3777 4699 3844 4776 μιξ
3892 4713 3893 4744 γ

2323 4794 2475 4864 ἥλιος
2541 4790 2927 4861 δικαιοσύνης,
2988 4790 3081 4841 καὶ
3137 4788 3196 4840 ἐν
3250 4788 3363 4848 τοῖς
3423 4782 3680 4854 πτέρυξιν
3727 4777 3843 4829 ait?!

2328 4883 2491 4948 ῐασις.
2537 4901 2555 4935 ι

2403 4994 2420 5026 ι
2470 4975 2673 5045 Κύριος
2724 4976 2782 5027 ὲν
2831 4971 2942 5042 ναῷ
2975 4971 3116 5043 ἁγίῳ
3167 4971 3358 5034 αὑτοῦ,
3413 4966 3737 5023 εύλαϐείσῧω
3771 4961 3843 5013 ἀέλ

2327 5067 2622 5140 προσώπου
2653 5065 2817 5120 αὐτοῦ
2854 5067 3004 5118 πᾶσα
3033 5065 3064 5134 ἡ
3097 5063 3189 5133 γῆ.
3240 5082 3258 5114 ι

2402 5181 2420 5213 ι
2468 5161 2634 5224 Φόϐος
2660 5160 2887 5231 Κυρίου,
2919 5158 3046 5224 δόξα
3073 5159 3168 5211 καὶ
3191 5156 3476 5226 καύχημα.
3497 5155 3661 5216 Φόϐος
3693 5146 3840 5215 Κυρὲσσ

2325 5253 2516 5325 τέρψει
2553 5251 2801 5323 καρδίαν,
2833 5251 2927 5304 καὶ
2974 5247 3134 5303 δώσει
3187 5247 3546 5318 εὐφροσύνην,
3577 5246 3669 5298 καὶ
3696 5236 3842 5332 χαρὲτί

2326 5347 2420 5401 καὶ
2451 5343 2947 5416 μακροημέρευσιν.
2981 5343 3070 5411 Τῷ
3101 5339 3422 5410 φοϐουμένῳ
3466 5339 3557 5391 τὸν
3599 5335 3770 5402 Κύριον
3804 5345 3843 5375 εέ

2328 5440 2481 5494 ἔσται
2509 5439 2593 5492 ἐπ’
2621 5439 2888 5507 ἐσχάτων.
2927 5435 3094 5506 Ἀρχὴ
3130 5434 3344 5501 σοφίας,
3379 5419 3842 5500 φοϐείσθαιτὸνκῦο

2328 5549 2462 5602 ριον,
2484 5528 2746 5597 στέφανος
2779 5527 2991 5595 σοφίας,
3022 5524 3184 5591 φόϐος
3217 5521 3444 5593 Κυρίου.
3495 5518 3645 5583 Ῥίζα
3679 5514 3843 5579 mil?-

2326 5620 2612 5692 φοϐεῖσθαι
2633 5619 2723 5672 τὸν
2742 5617 2967 5688 Κύριον,
2986 5617 3079 5670 καὶ
3098 5617 3148 5669 οί
3180 5614 3366 5669 κλάδοι
3387 5612 3556 5680 αὐτῆς
3581 5619 3844 5680 μακροιξρέ-
3892 5677 3893 5682 1

2324 5728 2529 5784 ρευσις.
2545 5708 2712 5772 Σοφία
2726 5710 2818 5762 καὶ
2831 5708 3061 5770 παιδεία,
3077 5706 3479 5778 φόϐοςΚυρίου.
3494 5706 3582 5771 Μὴ
3593 5698 3843 5762 dareta.

2322 5801 2725 5876 φόοῳΚυρίου.
2751 5801 2846 5853 καὶ
2872 5801 2947 5871 μὴ
2968 5799 3272 5872 προσέλθῃς
3299 5797 3448 5868 αύτῷ
3473 5795 3662 5866 καρδίᾳ
3674 5789 3840 5852 διςτῗλ
3892 5853 3893 5856 η

642 5873 722 5930 tis
748 5876 1088 5938 incredibilis
1123 5883 1306 5939 timori
1354 5884 1590 5947 Domini.
1621 5897 1674 5943 ct
1707 5907 1774 5944 ne
1801 5891 2108 5946 accesseris
2143 5894 2210 5948 ad
2252 5873 2378 5952 eum
2405 5873 2609 5951 duplici
2636 5890 2821 5948 corde.
2854 5911 2880 5941 ι
