4024 6418
185 482 305 549 1089

1419 472 1653 549 SACRA
1694 464 2153 531 PARALLELA.

3278 465 3413 530 1090

242 623 259 656 ι
302 599 516 669 Πνεῦμα
566 599 917 668 φοϐουμένων
972 595 1175 665 Κύριον
1225 592 1479 662 ζήσεται·
1540 601 1573 660 ἦ
1613 590 1707 659 γὰρ

1903 584 2073 638 Ecm.
2130 599 2315 647 xxxiv,
2372 583 2462 644 Η,
2514 581 2601 636 19.
2641 600 2756 633 -ι
2804 580 3050 652 Spiritus
3098 582 3413 636 timentium

176 697 311 759 ἐλπὶς
350 691 527 748 αὐτῶν
574 692 667 745 ἐπὶ
712 690 802 743 τὸν
836 689 1075 752 σώζοντα
1130 686 1349 748 αύτούς.
1422 682 1721 753 Ὀφθαλμοὶ

174 788 360 859 Κυρίου
396 784 487 837 ἐπὶ
534 784 663 844 τοὺς
706 782 1038 851 ἀγαπῶντας
1081 779 1273 835 αὐτόν’
1308 776 1575 848 ὀφθαλμοὶ
1605 778 1722 830 Κυ-

174 880 275 953 ρίου
296 877 383 931 ἐπὶ
411 875 537 939 τοὺς
560 874 927 945 φοϐουμένους
954 873 1137 928 αύτόν.
1187 891 1206 924 0

236 986 255 1019 ι
296 966 357 1021 Οί
406 965 731 1035 φοϐούμενοι
784 965 1021 1035 Κύριον,
1082 964 1413 1035 ἀναμείνατε
1461 961 1523 1016 τὸ
1572 961 1720 1025 ἔλεος

168 1056 337 1126 αὐτοῦ,
372 1058 466 1111 καὶ
499 1056 574 1129 μὴ
600 1056 905 1121 ὲκκλίνατε,
938 1057 1022 1109 ἵνα
1052 1056 1125 1127 μὴ
1158 1055 1383 1125 πέσητε.
1426 1054 1489 1107 0i
1524 1050 1721 1124 φοϐού-

170 1168 306 1223 μενοι
371 1149 575 1221 Κύριον
626 1150 728 1203 οὐκ
797 1148 1155 1220 ἀπειθήσουσι
1217 1148 1481 1220 ῥημάτων
1528 1142 1717 1199 αὐτοῦ·

164 1244 251 1298 καὶ
287 1245 333 1296 οί
384 1240 707 1311 ἀγαπῶντες
759 1241 955 1305 αὑτὸν,
1002 1240 1379 1294 συντελέσουσι
1423 1238 1523 1302 τὰς
1567 1237 1719 1301 ὁδοὺς

163 1334 333 1391 αὑτοῦ.
380 1354 400 1387 0

227 1447 245 1480 ι
287 1426 374 1498 Τῷ
395 1424 714 1496 φοϐουμένῳ
739 1424 829 1477 τὸν
851 1424 1053 1495 Κύριον
1073 1426 1173 1476 οὐκ
1203 1425 1504 1493 ἀπαντήσει
1527 1422 1716 1482 κακὸν,

160 1520 264 1573 ἀλλ’
289 1522 345 1572 ὲν
377 1518 669 1590 πειρασμῷ
703 1518 796 1571 καὶ
825 1516 974 1589 πάλῃ
1004 1516 1286 1583 ὲξελεϊται.
1316 1516 1589 1587 Χρήματα
1622 1516 1717 1568 καὶ

158 1605 355 1677 ﬂia-xi);
389 1604 656 1675 άνυψοῦσι
691 1605 939 1676 καρδίαν,
980 1606 1073 1658 καὶ
1121 1606 1262 1674 ὑπὲρ
1288 1605 1576 1676 ἀμφότερα
1618 1604 1715 1674 φό-

158 1699 238 1757 ϐος
269 1698 492 1769 Κυρίου.
544 1716 561 1748 ι

221 1806 237 1839 ι
292 1789 348 1842 '0
384 1787 719 1859 φοϐούμενος
744 1788 947 1861 Κύριον
991 1786 1202 1841 εὐθύνει
1235 1787 1419 1855 φίλους
1456 1786 1642 1840 αὑτοῦ.
1690 1804 1709 1838 0

217 1984 236 2018 ι
291 1966 379 2019 Ἐν
409 1966 559 2038 φόϐῳ
589 1966 795 2036 Κυρίου
828 1964 970 2019 ἔστω
1008 1963 1066 2019 τὸ
1103 1963 1369 2036 καύχημά
1413 1979 1528 2018 σου.
1578 1981 1596 2013 ι

218 2163 236 2197 ι
274 2144 504 2215 Σπέρμα
533 2144 753 2215 ἔντιμον
798 2146 986 2211 ποῖον;
1018 2145 1080 2197 Oi
1112 2142 1439 2213 φοϐούμενοι
1470 2140 1563 2194 τὸν
1597 2139 1711 2194 Κύ-

156 2255 272 2310 ριον.
301 2237 565 2301 Πλούσιος
607 2239 702 2292 καὶ
742 2238 973 2305 ἔνδοξος,
1002 2238 1095 2291 καὶ
1137 2237 1327 2309 πένης,
1357 2236 1420 2290 τὸ
1446 2236 1711 2305 καύχημα

149 2331 331 2396 αὐτῶν,
367 2330 534 2400 φόϐος
561 2330 791 2403 Κυρίου.
842 2351 861 2381 0

214 2442 234 2475 ι
275 2425 336 2477 Οί
381 2424 708 2493 φοϐούμενοι
750 2423 976 2496 Κύριον,
1012 2423 1340 2479 πιστεύσατε
1386 2422 1560 2494 αὐτῷ,
1611 2423 1708 2476 καὶ

147 2516 200 2570 οὐ
234 2516 304 2588 μή
342 2516 492 2588 πέσῃ
523 2516 552 2568 ὁ
586 2516 778 2585 μισθὸς
806 2516 982 2587 ὑμῶν.
1016 2518 1081 2570 Οί
1111 2516 1437 2587 φοϐούμενοι
1482 2515 1707 2586 Κύριον,

146 2608 386 2662 ιλπίσατε
430 2609 509 2670 εἰς
538 2606 738 2676 ἀγαθὰ,
768 2610 860 2661 καὶ
883 2610 963 2673 εἰς
987 2608 1328 2679 εὐφροσύνην
1365 2606 1584 2662 αίώνιον
1616 2605 1710 2659 καὶ

144 2698 295 2762 ἔλεος.
345 2717 364 2750 0

209 2810 225 2843 ι
268 2792 550 2860 Μεγιστάν
572 2792 668 2845 καὶ
698 2790 914 2862 κριτὴς,
939 2792 1034 2844 καὶ
1070 2788 1339 2860 δυνάστης
1365 2787 1705 2856 δοξασθήσε-

142 2899 239 2947 ται,
273 2884 363 2936 καὶ
398 2884 503 2937 οὐκ
530 2882 673 2937 ἔστιν
697 2884 877 2937 αὐτῶν
905 2899 991 2946 τις
1026 2882 1226 2955 μείζων
1249 2881 1344 2935 τοῦ
1372 2879 1706 2950 φοϐουμένου

142 2976 222 3027 τὸν
254 2976 483 3047 Κύριον.
534 2994 552 3028 ι

208 3086 226 3119 ι
272 3068 433 3120 Πᾶσα
458 3066 619 3134 σοφία
645 3065 805 3135 φόϐος
832 3064 1058 3135 Κυρίου.
1081 3063 1246 3116 Ούδὲν
1269 3064 1515 3133 κρεῖττον
1539 3061 1706 3130 φόϐου

141 3158 354 3231 Κυρίου,
391 3159 491 3211 καὶ
530 3158 683 3211 οὐδὲν
709 3155 1041 3227 γλυκύτερον
1093 3156 1187 3209 τοῦ
1227 3155 1517 3227 προσέχειν
1558 3155 1707 3207 ἐντο-

138 3252 246 3314 λαῖς
268 3252 503 3323 Κυρίου.
551 3268 569 3301 ι

202 3455 219 3485 ι
271 3434 331 3485 '0
364 3431 707 3501 φοϐούμενος
759 3429 989 3500 Κύριον,
1035 3428 1192 3481 οὐδὲν
1241 3424 1702 3509 εὐλαϐηθήσεται.

132 3526 465 3597 Φοϐουμένου
508 3522 732 3596 Κύριον,
772 3521 1018 3593 μακαρία
1047 3522 1081 3592 ή
1110 3520 1279 3591 ψυχή.
1327 3537 1345 3569 ι

197 3636 219 3671 ι
272 3618 332 3674 ὐ
371 3616 709 3688 φοϐούμενος
736 3612 961 3685 Κύριον.
993 3612 1270 3677 ἐκδέξεται
1297 3608 1566 3664 παιδείαν.
1609 3628 1628 3661 0

198 3815 215 3847 ι
260 3799 323 3851 Οί
352 3795 683 3867 φοϐούμενοι
720 3794 947 3863 Κύριον,
980 3790 1270 3863 εὑρήσουσι
1300 3793 1475 3863 κρίμα
1503 3790 1597 3845 καὶ
1623 3791 1705 3844 δικ

128 3887 440 3961 καιὼματα,
480 3888 577 3942 καὶ
604 3886 680 3951 ὡς
712 3885 828 3956 φῶς
856 3883 1245 3954 ἐκλάμψουσιν.
1293 3902 1313 3934 ι

196 4084 215 4116 ι
261 4066 377 4120 Ούκ
438 4066 584 4118 ἔστιν
632 4065 692 4117 ἐν
738 4062 888 4133 φόϐῳ
939 4062 1147 4134 Κυρίου
1189 4062 1505 4126 ἐλάττωσις,
1539 4062 1702 4132 φόϐος

127 4158 347 4228 Κυρίου,
374 4157 455 4221 ὡς
494 4156 821 4226 παράδεισος
855 4155 1130 4223 εὐλογίας.
1182 4174 1199 4206 0

192 4371 209 4402 ι
254 4352 349 4422 Μὴ
390 4349 647 4421 φοϐεῖσθε
676 4348 785 4404 ἀπὸ
814 4347 924 4402 τῶν
956 4350 1387 4405 ἁποκτεινοντων
1414 4350 1476 4403 τὸ
1515 4349 1698 4420 σῶμα,

122 4445 211 4515 τὴν
242 4445 299 4497 δὲ
331 4444 517 4515 ψυχὴν
552 4442 625 4514 μὴ
656 4442 971 4513 δυναμένων
1017 4444 1372 4497 ἀποκτεῖναι·
1420 4442 1699 4514 φοϐήθητε

117 4536 169 4586 δὲ
202 4536 409 4605 μᾶλλον
444 4534 534 4587 τὸν
556 4534 851 4604 δυνάμενον
882 4532 977 4586 καὶ
1025 4533 1205 4605 ψυχὴν
1234 4534 1329 4587 καὶ
1359 4534 1517 4604 σῶμα
1558 4536 1697 4587 ἁπο-

120 4627 263 4681 λὲσαι
296 4631 357 4682 ὲν
388 4628 606 4698 γεέννῃ.
656 4645 673 4679 ι

187 4739 206 4769 ι
251 4719 461 4782 Καθὼς
518 4719 769 4791 ήγάπησέ
820 4736 887 4788 με
937 4720 966 4772 ό
996 4717 1210 4789 Πατὴρ,
1242 4716 1401 4785 κάγὼ
1434 4717 1697 4787 ἠγάπησα

120 4810 281 4880 ὑμᾶς.
317 4812 565 4865 Μείνατε
595 4812 652 4864 ὲν
677 4814 742 4882 τῇ
779 4812 968 4882 ἀγάπῃ
999 4814 1064 4881 τῇ
1096 4812 1224 4880 ἐμῇ.
1267 4810 1393 4862 Ἐὰν
1421 4809 1521 4871 τὰς
1550 4811 1698 4861 ἐντο-

116 4903 208 4965 λάς
235 4920 341 4972 μου
377 4903 681 4972 τηρήσητε,
720 4905 931 4972 μενεῖτε
961 4903 1018 4953 ὲν
1051 4905 1117 4971 τῇ
1149 4901 1337 4971 ἀγάπῃ
1370 4917 1492 4969 μου.
1518 4898 1701 4962 καθὼς

116 4996 222 5061 ἐγὼ
241 4996 347 5059 τὰς
373 4995 595 5056 ἐντολὰς
619 4994 716 5047 τοῦ
748 4994 959 5065 Πατρός
986 5011 1088 5065 μου
1109 4995 1406 5066 τετήρηκα,
1432 4994 1527 5046 καὶ
1556 4992 1702 5063 μένω

114 5089 278 5141 αὑτοῦ
310 5090 374 5141 ἰν
405 5091 471 5157 τῇ
503 5088 713 5161 ἀγάπῃ.
763 5107 781 5139 0

189 5198 208 5231 ι
264 5177 521 5244 ’Λνοίξας
558 5180 763 5249 Πέτρος
794 5180 855 5233 τὸ
885 5179 1059 5249 στόμα
1089 5174 1242 5231 εἶπεν
1262 5193 1276 5209 ·
1319 5178 1442 5230 Ἐπὶ
1473 5174 1701 5245 ἀληθείᾳ

115 5267 640 5337 καταλαμϐάνομαι,
699 5270 782 5321 ὃτι
836 5269 939 5322 οὐκ
991 5268 1105 5322 εστι
1157 5266 1630 5338 προσωπολήπτης
1672 5265 1702 5316 ό

114 5357 268 5422 Θεὸς,
302 5357 449 5411 ἀλλὰ
479 5358 538 5410 ὲν
583 5359 747 5411 παντὶ
791 5358 934 5412 ἔθνει
968 5362 997 5413 ό
1027 5358 1360 5429 φοϐούμενος
1392 5358 1570 5416 αὐτὴν.
1610 5356 1702 5409 καὶ

113 5449 491 5520 ἐργαζόμενος
526 5448 891 5521 δικαιοσύνην,
923 5451 1109 5513 δεκτὸς
1139 5450 1292 5521 αύτῷ
1324 5453 1491 5504 ἐστιν.
1541 5467 1558 5500 ι

184 5560 205 5593 ι
254 5542 507 5611 Οἴδαμεν
535 5543 615 5595 ὅτι
646 5546 759 5607 τοῖς
786 5544 1039 5611 ἀγαπῶσι
1068 5545 1160 5596 τὸν
1186 5544 1319 5596 Θεὸν
1368 5542 1543 5596 πάντα
1577 5558 1703 5593 συν-

113 5636 269 5705 εργεῖ
301 5634 392 5696 είς
424 5633 647 5701 ἀγαθόν.
696 5655 715 5688 0

188 5744 208 5777 ι
260 5725 334 5778 Et
383 5740 470 5788 τις
525 5727 718 5797 άγαπᾷ
764 5728 857 5781 τὸν
902 5728 1054 5793 Θεὸν,
1102 5721 1256 5791 οὗτος
1304 5730 1574 5798 ἔγνωσται
1610 5728 1701 5782 ὑπ’

113 5817 311 5870 αὑτοῦ.
368 5836 391 5870 0

182 5912 363 5975 Φόϐος
400 5912 621 5985 Κυρίου,
655 5913 952 5985 καθάρσιον
984 5914 1182 5984 ψυχῆς,
1228 5915 1365 5968 κατὰ
1396 5917 1493 5987 τὴν
1540 5916 1701 5986 εὐχὴν

1826 674 1995 730 Deum
2048 675 2197 728 vivet
2246 693 2257 726 :
2312 688 2439 742 spes
2493 672 2642 726 enim
2697 671 2920 727 illorum
2966 673 3020 727 in
3057 672 3317 733 salutem.
3359 682 3411 725 et

1823 767 1972 822 oculi
2004 766 2097 821 Dei
2130 769 2184 819 in
2209 765 2504 836 diligentes
2536 780 2615 820 se.
2642 764 2801 820 Oculi
2844 765 3062 820 Domini
3093 780 3261 835 super
3298 781 3409 818 me-

1820 865 2049 912 tuentes
2068 873 2215 911 eum.
2254 874 2273 907 0

1897 949 2068 1004 Eccli.
2102 965 2164 1011 ιι,
2196 948 2252 1012 7,
2297 947 2386 1002 18.
2415 976 2480 987 -—
2507 965 2525 997 ι
2564 945 2869 1001 Metuentes
2904 945 3407 1012 Dominum,susti-

1822 1050 1952 1098 nete
2010 1041 2451 1097 misericordiam
2508 1040 2650 1110 ejus,
2694 1050 2749 1094 et
2803 1054 2916 1094 non
2972 1037 3302 1103 deﬂectatis,
3340 1057 3407 1093 ne

1821 1128 2058 1190 c'adatis.
2089 1134 2194 1200 Qui
2227 1134 2428 1188 timent
2464 1133 2784 1194 Dominum,
2820 1146 2931 1186 non
2962 1139 3129 1187 erunt
3166 1132 3404 1186 incredi-

1822 1226 1966 1282 biles
1993 1228 2180 1283 verbis
2205 1226 2389 1291 illius;
2425 1234 2480 1278 et
2506 1224 2602 1294 qui
2634 1223 2875 1293 diligunt
2900 1224 3080 1289 illum,
3117 1240 3405 1279 conserva-

1822 1321 1962 1375 bunt
1986 1322 2100 1376 vias
2130 1322 2300 1376 illius.
2334 1339 2353 1372 0

1810 1424 1817 1435 '
1896 1412 2056 1469 Eccli.
2090 1431 2280 1479 xxxtu,
2316 1416 2366 1468 1.
2392 1442 2463 1455 --
2490 1430 2509 1463 ι
2556 1411 2792 1467 Τίιιιειιιί
2825 1411 3119 1467 Dominum
3155 1427 3264 1466 non
3306 1428 3401 1464 oe.-

1818 1517 2044 1562 current
2087 1508 2253 1567 maia.
2289 1505 2387 1561 sed
2422 1507 2475 1559 in
2511 1505 2815 1558 tentatione
2856 1511 2912 1558 et
2948 1505 3097 1559 lucta
3140 1505 3402 1559 liberabit

1816 1612 1965 1653 eum.
1994 1598 2308 1652 Facultates
2335 1604 2391 1652 et
2423 1597 2599 1650 virtus
2639 1594 2888 1650 exaltant
2925 1610 3022 1650 cor
3054 1611 3067 1649 :
3104 1597 3201 1650 sed
3235 1611 3403 1665 super

1819 1689 1932 1744 haec
1957 1692 2125 1743 timor
2162 1689 2399 1743 Domini.
2432 1708 2452 1740 0

1888 1781 2059 1836 Eccli.
2106 1797 2197 1848 η,
2246 1782 2337 1836 26.
2383 1810 2453 1821 --
2497 1800 2516 1833 ι
2552 1780 2655 1848 Qui
2707 1780 2860 1833 timet
2909 1779 3221 1842 Dominum,
3259 1780 3399 1833 diri-

1818 1874 1898 1945 git
1925 1875 2138 1929 amicos
2168 1890 2321 1929 suos.
2356 1891 2374 1924 0

1748 1964 1790 2019 B
1888 1965 2058 2019 Eccli.
2089 1982 2164 2029 ix,
2193 1964 2284 2019 22.
2323 1993 2393 2005 --
2429 1982 2449 2017 ι
2480 1964 2538 2019 ln
2576 1965 2775 2022 timore
2823 1963 3041 2019 Domini
3080 1963 3159 2039 .sit
3196 1962 3400 2032 gloria~

1813 2060 1891 2115 tio
1925 2068 2040 2112 tua.
2087 2077 2105 2111 0

1885 2150 2055 2203 Ecclt'.
2090 2165 2144 2213 κ,
2171 2149 2265 2213 25,
2299 2149 2391 2204 25.
2425 2179 2493 2191 -—
2524 2168 2544 2201 ι
2586 2150 2785 2205 Semen
2837 2145 3164 2201 honorabile
3193 2142 3398 2214 quale?

1812 2243 1903 2313 qui
1943 2245 2138 2297 timent
2172 2244 2487 2298 Dominum.
2525 2242 2705 2309 Dives,
2746 2250 2802 2298 et
2832 2242 3143 2311 gloriosus,
3175 2250 3231 2294 et
3260 2254 3395 2310 pau-

1813 2351 1933 2405 per,
1960 2336 2221 2405 gloriatio
2243 2350 2434 2390 eorum
2461 2337 2628 2391 timor
2665 2335 2903 2390 Domini.
2948 2352 2966 2386 0
3056 2364 3057 2367 η

1876 2426 2041 2479 Eccli.
2080 2442 2141 2489 ιι,
2175 2427 2230 2489 8,
2267 2426 2320 2479 9.
2354 2459 2401 2469 -
2445 2445 2466 2478 ι
2502 2426 2604 2493 Qui
2649 2426 2858 2481 timetis
2898 2424 3220 2489 Dominum,
3270 2439 3396 2479 cre-

1811 2513 1926 2568 dite
1968 2515 2082 2580 illi;
2124 2524 2180 2571 et
2231 2530 2338 2570 non
2392 2518 2756 2572 evacuabitur
2788 2528 3001 2569 merces
3026 2522 3231 2570 vestra.
3285 2514 3389 2581 Qui

1812 2603 2021 2659 timetis
2058 2605 2372 2672 Dominum,
2412 2617 2635 2677 sperate
2669 2609 2836 2671 bona,
2867 2613 2922 2660 et
2953 2606 3206 2660 lanitium
3243 2622 3392 2663 sem-

1808 2694 2105 2766 piternam,
2138 2707 2193 2753 et
2222 2700 2686 2756 misericordiam.
2720 2720 2740 2754 0
3306 2680 3323 2689 ﬁ

1883 2785 2051 2842 Eccli.
2083 2804 2141 2855 ι,
2172 2788 2267 2845 27.
2297 2820 2370 2831 -
2413 2810 2431 2843 ι
2467 2792 2722 2863 Magnus,
2759 2802 2814 2849 et
2851 2793 3044 2864 judex.
3093 2800 3147 2849 et
3194 2801 3392 2867 potens

1809 2878 1915 2931 erit
1942 2879 1995 2931 in
2039 2880 2250 2937 honore
2293 2898 2308 2937 :
2352 2891 2409 2939 et
2441 2898 2552 2937 non
2588 2890 2674 2939 est
2721 2885 2901 2955 major
2953 2884 3051 2939 illo
3097 2884 3190 2954 qui
3235 2883 3393 2937 timet

1813 2966 2127 3023 Dominum.
2174 2990 2192 3023 0

1881 3059 2050 3114 Eccli.
2081 3078 2196 3128 xu,
2234 3063 2326 3127 28,
2369 3064 2461 3119 18.
2498 3094 2568 3107 -
2612 3064 2852 3122 tOmnis
2896 3068 3167 3137 sapientia
3222 3069 3390 3123 timor

1809 3150 2048 3207 Domini.
2111 3152 2257 3208 Nihil
2314 3157 2514 3213 melius
2560 3172 2721 3227 quam
2781 3159 2946 3213 timor
3012 3158 3285 3213 Domini:
3334 3170 3389 3214 et

1808 3244 1947 3298 nihil
1994 3245 2238 3313 dulcius,
2289 3263 2459 3317 quam
2510 3250 2788 3320 respicere
2843 3249 2899 3303 in
2958 3251 3234 3305 mandatis
3282 3250 3389 3305 Do-

1733 3304 1780 3365 C
1814 3336 1969 3389 mini.
2014 3356 2031 3389 0

1885 3427 2055 3482 Eccli.
2085 3445 2242 3495 nm,
2272 3432 2362 3486 57.
2394 3462 2465 3473 —-
2498 3452 2517 3485 ι
2548 3434 2653 3502 Qui
2688 3436 2847 3491 timet
2893 3435 3207 3501 Dominum,
3246 3438 3387 3492 nihil

1813 3520 2133 3589 trepidabit.
2176 3521 2445 3579 Timentis
2481 3524 2773 3579 Dominum
2802 3527 2960 3580 beata
2999 3539 3085 3581 est
3113 3529 3317 3581 anima.
3360 3549 3379 3581 0

1886 3610 2054 3666 Eccli.
2085 3629 2275 3680 χχιιι,
2303 3615 2390 3668 17.
2420 3645 2491 3656 --
2527 3635 2545 3667 ι
2579 3616 2684 3683 Qui
2719 3619 2876 3672 timet
2905 3617 3219 3684 Dominum,
3247 3621 3387 3674 acci-

1813 3704 1917 3773 piet
1950 3704 2325 3775 disciplinam.
2361 3725 2380 3757 0

1885 3794 2052 3851 Ereti.
2084 3813 2253 3862 xxxii,
2292 3798 2375 3853 16.
2419 3828 2487 3841 —
2532 3819 2552 3852 ι
2585 3801 2688 3867 Qui
2730 3803 2926 3859 timent
2965 3804 3257 3859 Dominum
3282 3806 3385 3857 .in-

1812 3889 2031 3943 venient
2055 3890 2326 3959 judicium
2363 3900 2414 3947 et
2436 3893 2885 3962 iustificationes,
2910 3907 2964 3952 et
2996 3906 3055 3951 ut
3076 3898 3166 3952 lux
3205 3896 3384 3967 fulge-

1812 3980 1965 4034 bunt.
2008 4000 2027 4033 0

1879 4072 2047 4128 Eccli.
2088 4089 2178 4141 ιιι,
2214 4074 2307 4139 26,
2332 4073 2424 4138 27,
2461 4105 2531 4115 —-
2584 4094 2603 4125 ε
2638 4073 2756 4131 Non
2796 4088 2880 4133 est
2929 4079 2983 4134 in
3032 4082 3232 4136 timore
3277 4084 3380 4137 Do-

1808 4163 1943 4217 mini
1970 4164 2303 4220 imminutio.
2332 4163 2525 4219 Timor
2555 4164 2769 4221 Domini
2802 4168 2947 4223 sicut
2975 4170 3263 4240 paradisus
3288 4173 3381 4227 be-

1808 4254 2162 4310 nedictionis.
2200 4275 2217 4306 0

1877 4344 2073 4401 Matth.
2098 4364 2154 4411 χ,
2176 4349 2270 4403 28.
2301 4376 2372 4388 --
2402 4369 2422 4402 ι
2445 4348 2624 4406 Nolite
2655 4353 2848 4408 timere
2875 4367 2971 4408 eos
2991 4354 3084 4425 qui
3120 4355 3379 4409 octidom

1805 4453 2032 4510 corpus,
2071 4442 2308 4496 animam
2338 4452 2523 4499 autem
2554 4460 2662 4498 non
2700 4456 2936 4515 possunt
2963 4446 3254 4503 occidere:
3282 4450 3377 4502 sed

1806 4534 1992 4603 potius
2022 4548 2147 4588 eum
2180 4535 2388 4600 timete,
2441 4537 2533 4606 qui
2588 4546 2769 4606 potest
2799 4552 3005 4608 corpus
3048 4548 3102 4594 et
3138 4543 3377 4595 animam

1730 4654 1774 4719 θ
1806 4625 2040 4697 perdere
2074 4624 2129 4678 in
2161 4626 2497 4695 gehennam.

1871 4715 2035 4771 Joan.
2071 4732 2160 4783 xv,
2203 4718 2465 4780 9,10.-
2503 4741 2520 4772 ι
2563 4720 2718 4774 Sicut
2743 4722 2942 4776 dilexit
2973 4738 3059 4778 me
3100 4723 3280 4784 Pater.
3323 4734 3378 4780 et

1801 4822 1901 4877 ego
1941 4807 2108 4862 dilexi
2150 4808 2508 4865 vos.Manete
2543 4813 2595 4864 in
2623 4812 2923 4867 dilectione
2964 4830 3105 4869 mea.
3146 4818 3203 4868 bi
3242 4831 3379 4886 prae-

1801 4905 1957 4967 cepta
1997 4913 2117 4953 mea
2166 4901 2542 4963 servaveritis,
2589 4902 2754 4972 306
2804 4904 3096 4958 manebitis
3142 4906 3198 4960 in
3238 4906 3377 4960 dile-

1801 4989 1986 5043 ctione
2020 5004 2163 5057 mea,
2207 4991 2353 5045 sicut
2381 5002 2435 5046 et
2472 5007 2574 5061 ego
2607 4992 2789 5048 Patris
2824 4996 2926 5048 ιιιυί
2968 4996 3227 5049 mandata
3262 5011 3379 5051 ser-

1803 5080 1949 5143 vavi,
1986 5088 2040 5135 et
2063 5096 2261 5136 maneo
2284 5082 2339 5135 in
2365 5082 2483 5151 ejus
2508 5084 2831 5138 dilectione.
2863 5106 2880 5137 0

1874 5174 1991 5227 Act.
2024 5188 2079 5235 κ,
2104 5174 2195 5228 54.
2225 5198 2298 5212 --
2332 5192 2351 5225 ι
2380 5176 2651 5244 Aperiens
2683 5178 2885 5232 Petrus
2920 5193 2984 5231 os
3013 5193 3173 5233 suum
3199 5178 3375 5236 dixit:

1804 5261 1863 5315 In
1894 5264 2128 5318 veritate
2155 5267 2422 5335 comperi,
2452 5268 2599 5335 quod
2636 5283 2744 5322 non
2772 5278 2854 5324 est
2885 5282 3250 5340 personarum
3284 5285 3378 5323 ae-

1805 5361 1999 5422 ceptor
2030 5353 2197 5419 Deus,
2225 5355 2320 5409 sed
2352 5356 2405 5409 in
2436 5360 2587 5412 omni
2616 5370 2799 5429 gente,
2833 5362 2925 5431 qui
2956 5360 3112 5413 timet
3140 5372 3289 5423 eum,
3322 5370 3378 5415 et

1806 5446 1942 5499 facit
1968 5446 2267 5514 justitiam,
2302 5460 2568 5518 acceptus
2601 5460 2685 5506 est
2704 5451 2802 5509 illi.
2841 5470 2862 5505 0

1874 5536 2026 5591 llam.
2068 5554 2188 5602 νιιι,
2242 5540 2337 5595 28.
2369 5570 2440 5582 —-—
2496 5560 2514 5593 ι
2563 5542 2784 5598 Scimus
2828 5547 2959 5616 quia
3021 5547 3381 5620 diligentibus

1806 5630 1974 5683 Deum
2008 5631 2191 5684 omnia
2225 5644 2599 5701 cooperantur
2624 5636 2677 5689 in
2709 5636 2937 5692 bonum.
2983 5658 3002 5688 0

1878 5722 1906 5776 Ι
1940 5722 2063 5779 Cor.
2100 5740 2217 5788 vm,
2243 5725 2297 5779 ὅ.
2325 5756 2392 5765 -
2429 5746 2447 5776 ι
2480 5727 2536 5781 Si
2565 5730 2689 5798 quis
2711 5730 2889 5800 diligit
2924 5730 3114 5791 Deum.
3150 5733 3238 5789 hic
3287 5750 3383 5791 c0—

1808 5817 1997 5886 gnitus
2027 5824 2113 5870 est
2149 5817 2220 5870 ab
2245 5832 2329 5870 eo.
2363 5837 2381 5868 0

1880 5911 2049 5965 anil.
2103 5909 2155 5961 in
2211 5912 2326 5965 t'm'l.
2375 5910 2531 5968 Prov.
2569 5947 2639 5956 -—
2676 5913 2887 5970 Domini
2925 5917 3107 5983 timor,
3141 5920 3382 5987 expiatio
