4024 6422
640 460 772 524 1091

1836 454 1900 517 S.
1938 453 2259 516 JOANNIS
2294 454 2729 520 DAMASCENI

3746 466 3848 533 me

634 582 720 631 est
745 571 937 639 animi,
963 570 1265 628 secundum
1296 570 1441 625 hanc
1471 569 1760 642 Propheta:
1787 571 2214 642 postulationem

2324 570 2415 625 τοῦ
2445 573 2735 644 Προφητου
2772 573 3044 643 λέγοντος·
3085 595 3104 628 ι
3146 578 3481 651 Καθήλωσον
3508 581 3573 635 ἐκ
3600 582 3688 636 τοῦ
3722 586 3848 653 φόόω

636 666 877 721 dicentis
907 681 920 717 :
956 682 975 716 ι
1009 664 1234 735 Conﬁge
1254 663 1453 718 timore
1489 670 1585 717 tuo
1618 676 1817 719 carnes
1848 677 2002 718 meas
2030 661 2207 734 (Psal.

635 772 825 822 cxvut,
865 755 989 823 120)
1023 775 1041 807 ι
1077 776 1090 811 :
1130 766 1389 826 tanquam
1416 756 1518 810 hac
1544 755 1782 821 ratione,
1811 755 2064 825 improba
2093 768 2213 807 om-

637 850 724 905 nis
769 857 825 905 et
874 847 1149 917 flagitiosa
1213 846 1361 902 actio
1420 846 1720 917 profugiat,
1765 847 1857 901 ubi
1910 847 2075 902 timor
2127 862 2214 901 se-

637 942 761 996 dem
813 941 929 994 ﬁxit
961 955 974 991 :
1006 940 1210 1009 quippe
1249 952 1378 993 cum
1410 938 1666 1006 corporis
1715 937 1959 992 membra
1994 952 2112 991 eam
2144 938 2215 993 ob

636 1048 863 1089 causam
897 1032 962 1095 ad
993 1030 1174 1100 turpia
1209 1030 1417 1100 flagitia
1447 1029 1656 1085 moveri
1686 1037 1982 1100 nequeant,
2019 1030 2110 1084 ubi
2146 1030 2217 1083 ti-

639 1140 790 1179 more
812 1140 912 1179 ceu
938 1123 1108 1177 clavis
1139 1124 1353 1176 conﬁxa
1385 1133 1534 1176 sunt.
1565 1120 2039 1186 Quemadmodum
2066 1122 2213 1176 enim

637 1217 732 1285 qui
768 1230 970 1285 corpus
1014 1212 1185 1269 clavis
1230 1215 1558 1267 transfixum
1609 1213 1797 1277 habet,
1834 1213 1891 1267 in
1943 1211 2215 1281 ejusmodi

636 1307 887 1362 cruciatu
931 1314 1211 1371 versatur,
1242 1314 1301 1358 ut
1336 1304 1479 1357 nihil
1525 1304 1704 1358 valeat
1745 1318 1913 1374 agere
1953 1322 1967 1358 :
2011 1304 2093 1359 sic
2123 1304 2217 1373 qui

638 1398 838 1454 timore
884 1396 978 1451 Dei
1024 1396 1367 1452 constrictus
1401 1402 1651 1462 tenetur,
1700 1411 1810 1450 non
1856 1395 2021 1449 oculo
2053 1394 2121 1449 ad
2153 1409 2218 1449 ea

637 1506 761 1562 qua:
800 1489 1026 1544 minime
1068 1504 1211 1559 opus
1254 1496 1362 1552 est,
1402 1488 1505 1552 uti,
1562 1504 1669 1543 non
1707 1502 1905 1541 manus
1939 1487 2006 1540 ad
2046 1488 2220 1542 inter-

638 1582 816 1638 dictas
855 1583 1102 1637 actiones
1145 1596 1402 1645 movere;
1438 1580 1576 1634 nihil
1621 1579 1922 1650 quidquam
1959 1577 2220 1648 denique,

638 1675 727 1730 vel
762 1689 1017 1745 parvum,
1045 1673 1131 1729 vel
1166 1688 1451 1743 magnum,
1490 1679 1857 1743 praeterquam
1900 1670 2220 1733 conveniat,

2317 680 2413 716 σου
2450 665 2550 729 τὰς
2592 666 2804 737 σάρκας
2839 685 2940 739 μου
2963 684 2975 698 ·
3020 688 3039 721 ι
3067 669 3144 734 ὡς
3170 672 3307 726 ὅπου
3352 671 3519 740 φόϐος
3546 674 3751 739 ἐνοικεῖ,
3775 678 3851 731 πάι

2318 771 2419 827 σης
2465 760 2709 829 πονηρᾶς
2758 761 2855 813 καὶ
2899 759 3124 824 ἀνοσίας
3165 761 3419 834 πράξεως
3453 765 3851 837 ἀποφυγούσης,

2314 848 2424 902 τῶν
2476 848 2573 903 τοῦ
2618 850 2869 921 σώματος
2922 854 3100 925 μελῶν
3142 857 3431 927 κινηθῆναι
3481 862 3621 929 πρὸς
3665 863 3854 927 nm;

2316 938 2598 1011 ἐνεργείας
2624 942 2717 996 διὰ
2743 942 2804 998 τὸ
2835 943 2911 1015 τῷ
2946 946 3100 1017 φόϐῳ
3139 948 3513 1018 καθηλῶσθαι,
3549 950 3621 1021 μὴ
3660 950 3853 1022 δυναμέ-

2318 1046 2443 1086 νων.
2493 1032 2705 1107 Ὠσπερ
2746 1036 2857 1109 γὰρ
2906 1040 2936 1091 ό
2982 1041 3378 1112 ἐμπεπηγότας
3427 1042 3570 1113 ἔχων
3615 1045 3671 1096 ἐν
3713 1046 3855 1115 ἐαυτῷ

2315 1125 2442 1188 τούς
2464 1130 2814 1197 σωματικούς
2840 1130 3026 1201 ἥλους,
3056 1134 3420 1205 ἀνενέργητός
3453 1136 3626 1201 ἐστιν,
3656 1138 3750 1190 ὐπὸ
3774 1139 3855 1190 τῶν

2318 1214 2520 1270 ὀδυνῶν
2548 1220 2934 1291 κατεχόμενος,
2970 1223 3145 1289 οὕτως
3172 1227 3201 1277 δ
3228 1226 3308 1296 τῷ
3342 1226 3496 1296 φόϐῳ
3534 1226 3665 1280 Θεοῦ
3706 1246 3855 1282 κατει-

2318 1306 2619 1379 λημμένος,
2648 1312 2749 1367 οὐκ
2798 1314 3068 1389 ὀφθαλμῷ
3113 1320 3422 1391 χρήσασθαι
3466 1321 3603 1393 πρὸς
3630 1322 3666 1377 ἃ
3690 1324 3754 1393 μὴ
3779 1325 3855 1389 δεῖ,

2324 1398 2385 1452 οὐ
2415 1402 2601 1472 χεῖρας
2628 1403 2851 1474 κινῆσαι
2874 1408 3011 1478 πρὸς
3043 1410 3504 1483 άπηγορευμὲνας
3531 1414 3766 1485 πράξεις,
3784 1419 3858 1485 οὐχ

2326 1488 2461 1554 ὅλως
2501 1494 2696 1565 μικρὸν
2746 1495 2779 1566 ἢ
2815 1497 3003 1567 μεῖζον
3050 1502 3343 1574 ἐνεργῆσαι
3376 1505 3532 1575 παρὰ
3571 1506 3635 1559 τὸ
3662 1506 3858 1575 καθῆκον

2326 1580 2578 1636 δύναται·
2615 1580 2725 1641 οἷον
2770 1589 2931 1662 ὀδύνῃ
2963 1593 3071 1645 τινὶ
3103 1596 3169 1666 τῇ
3199 1596 3502 1669 προσδοκίᾳ
3537 1597 3645 1652 τῶν
3672 1599 3859 1667 cide

2330 1671 2530 1729 θέντων
2562 1695 2625 1730 συ
2633 1683 3052 1754 μπεπαρμένος.

639 1771 866 1833 patrare
909 1770 1131 1833 potest;
1188 1763 1344 1816 velut
1406 1776 1603 1831 nempe
1644 1760 2045 1831 suppliciorum
2100 1774 2223 1829 quae
2262 1758 2409 1817 Deus
2446 1769 2817 1827 comminatus
2846 1776 3224 1839 est,cruciatu
3294 1781 3560 1849 quodam,
3621 1790 3864 1852 exspecta-

643 1857 795 1912 tione
831 1857 1209 1928 transﬁgatur.

827 1902 1369 2006 Eonstitut.
1404 1946 1530 2019 Reg.
1566 1949 1676 2019 fus.
1709 1947 1818 2003 Im.
1840 1948 1894 2003 2.
1923 1978 1994 1988 -
2030 1947 2225 2003 Chari-
2256 1902 2313 2008 Β⁸

642 2048 731 2096 tas
760 2055 890 2111 erga
926 2038 1097 2095 Deum
1129 2040 1455 2111 exposcitur
1481 2054 1512 2093 a
1546 2040 1712 2095 nobis
1755 2048 2020 2110 tanquam
2067 2037 2222 2094 debi-

632 2139 761 2186 tum
790 2130 1201 2197 necessarium;
1229 2130 1376 2201 quod
1407 2129 1537 2185 dum
1563 2132 1785 2186 animus
1815 2132 2083 2188 solvendo
2109 2146 2223 2185 non

642 2233 752 2288 est,
774 2223 881 2278 hoc
897 2223 1056 2277 matis
1080 2222 1344 2279 omnibus
1363 2231 1447 2278 est
1471 2223 1901 2278 intolerabilius.
1936 2222 2221 2294 Siquidem

645 2314 888 2370 alienum
918 2328 1046 2369 esse
1088 2322 1141 2369 et
1177 2329 1434 2369 aversum
1471 2329 1503 2368 a
1534 2315 1664 2379 Deo,
1704 2313 1840 2383 ipsis
1884 2328 2110 2385 quoque
2133 2330 2225 2383 ge-

644 2404 840 2461 hennae
863 2405 1064 2460 futuris
1094 2405 1463 2470 cruciatibus,
1498 2405 1757 2474 asperius
1779 2412 1886 2470 est,
1914 2414 1968 2458 et
2002 2406 2224 2477 gravius

646 2496 729 2551 illi
757 2495 852 2566 qui
880 2496 1145 2551 damnum
1180 2495 1285 2551 hoc
1313 2494 1551 2565 patitur;
1604 2493 1758 2549 velut
1808 2494 1971 2549 oculo
2016 2495 2226 2550 lumine

642 2589 854 2655 orbari,
885 2587 1012 2643 licet
1036 2588 1225 2643 nullus
1254 2586 1459 2656 alioqui
1485 2584 1643 2641 dolor
1665 2586 1913 2641 accedat.

717 2679 906 2735 Timor
947 2679 1166 2734 Domini
1202 2678 1518 2734 omnimoda
1552 2685 1700 2732 recte
1727 2676 1874 2733 facta
1920 2678 2089 2733 animi
2124 2693 2221 2734 su-

644 2781 825 2856 perat.
1752 2828 1755 2829 ,

715 2863 975 2922 Charitas
1016 2880 1145 2936 erga
1194 2865 1360 2919 Deum
1411 2864 1466 2919 in
1514 2865 1619 2921 hoc
1649 2866 1752 2921 sita
1781 2872 1886 2932 est,
1914 2873 1974 2919 ut
2002 2862 2223 2918 animus

646 2959 899 3029 quotidie
940 2974 1000 3013 se
1025 2972 1195 3028 supra
1218 2957 1366 3011 vires
1396 2958 1678 3012 extendat.

718 3050 845 3121 Reg.
888 3051 1026 3106 ιιι-ευ.
1063 3060 1251 3119 quiest.
1278 3048 1405 3103 212.
1436 3048 2001 3116 —Quemadmodutn
2036 3048 2136 3103 bos
2170 3054 2224 3101 et

646 3143 841 3198 asinus
874 3157 944 3197 ex
981 3141 1248 3197 beneﬁcio
1270 3142 1415 3213 quod
1458 3142 1529 3196 ab
1557 3142 1741 3196 alente
1778 3141 2111 3210 suscipiunt,
2156 3141 2225 3194 ti—

2411 1951 2734 2023 Ἀναγκαῖον
2787 1957 3008 2029 ὄφλημα
3041 1960 3140 2031 τὴν
3178 1962 3262 2026 είς
3308 1961 3442 2017 Θεὸν
3475 1964 3697 2036 ἀγάπην
3736 1968 3867 2023 ἁπαι-

2323 2041 2584 2113 τούμεθα,
2618 2046 2647 2099 δ
2675 2050 2741 2119 τῇ
2771 2047 3064 2125 ἐλλιπούσῃ
3105 2052 3265 2124 ψυχῇ·
3286 2054 3506 2108 πάντων
3543 2057 3725 2111 κακῶν
3749 2062 3868 2114 ἐστιν

2324 2134 2746 2208 ἀφορητότατον.
2775 2141 2912 2196 Θεοῦ
2938 2144 3047 2215 γὰρ
3080 2145 3432 2217 ὰλλοτρίωσις
3447 2153 3545 2202 καὶ
3564 2151 3867 2224 ἀποστροφὴ,

2325 2226 2422 2278 καὶ
2475 2227 2584 2280 τῶν
2638 2229 2697 2282 ἐν
2750 2234 2817 2303 τῇ
2857 2232 3050 2305 γεέννῃ
3101 2235 3575 2307 προσδοκωμένων
3627 2240 3867 2297 κολάσων

2324 2316 2727 2393 ἁφορητότερόν
2760 2323 2875 2377 ἐστι
2925 2325 3020 2379 καὶ
3053 2325 3358 2400 βαρύτερον
3396 2330 3477 2399 τῷ
3526 2330 3764 2397 παθόντι,
3808 2334 3867 2397 ὡς

2325 2409 2593 2484 ὀφθαλμῷ
2615 2414 2794 2483 φωτὸς
2825 2415 3102 2489 στέρησις,
3133 2418 3237 2472 κᾶν
3264 2419 3342 2489 μὴ
3369 2419 3536 2492 ὀδύνη
3561 2426 3753 2495 προσῇ.

2396 2672 2563 2736 ⁴Ιρόϐος
2590 2673 2799 2744 Κυρίου
2832 2664 3101 2731 παντοίων
3132 2679 3579 2752 κατορθωμάτων
3608 2681 3705 2752 τῆς
3726 2684 3872 2754 ψυχῆς

2327 2766 2690 2836 περιγίνεται.

2409 2858 2473 2911 Ἡ
2505 2861 2584 2923 είς
2615 2860 2749 2916 Θεὸν
2780 2862 2971 2935 ἀγάπη
3021 2864 3161 2937 αὐτη
3208 2866 3378 2931 ἐστὶν,
3413 2867 3478 2921 τὸ
3512 2869 3650 2941 ὑπὲρ
3677 2869 3873 2939 δύναμιν

2325 2950 2412 3004 ἀεὶ
2439 2951 2538 3022 τὴν
2562 2951 2738 3024 ψυχὴν
2766 2955 3099 3010 ἐπεκτεῖναι.

2396 3042 2610 3115 ’Ὥσπερ
2630 3045 2707 3115 τῷ
2729 3045 2813 3117 βοῒ
2844 3048 2937 3101 καὶ
2968 3048 3044 3119 τῷ
3077 3050 3183 3121 ὄνῳ
3231 3052 3294 3104 ἐκ
3321 3052 3422 3122 τῆς
3468 3053 3621 3125 παρὰ
3656 3053 3746 3108 τοῦ
3781 3054 3874 3125 τρί-

2328 3150 2521 3203 φοντος
2559 3136 2901 3206 εὐεργεσίας,
2934 3141 2966 3208 η
3000 3140 3139 3211 πρὸς
3171 3141 3332 3194 αὐτὸν
3358 3143 3550 3214 ἀγάπη
3578 3144 3875 3213 αὐτομάτως

648 3248 854 3287 morem
907 3246 1037 3302 erga
1088 3230 1258 3286 Deum
1320 3239 1518 3301 sponte
1563 3230 1949 3301 concipimus;
2010 3232 2055 3285 si
2113 3246 2219 3285 non

2328 3225 2624 3293 ἐγγίνεται,
2665 3226 2806 3281 οὕτω
2852 3232 2945 3284 καὶ
2976 3233 3162 3302 ἡμεῖς,
3189 3234 3283 3287 ἐὰν
3307 3236 3647 3306 εὐαισύήτως
3688 3237 3775 3289 καὶ
3801 3239 3875 3289 εὐ-

647 3324 871 3395 stupido
924 3324 1253 3395 ingratoqne
1299 3324 1485 3380 animo
1520 3322 1790 3379 beneﬁcia
1824 3324 2216 3391 suscipiamus.

2327 3319 2628 3388 γνωμόνως
2662 3320 2760 3384 τὰς
2800 3293 3449 3397 εὐεργεσίας-δεξώμεθα.
3507 3293 3876 3383 fovimus-5th

646 3417 755 3485 Qui
790 3418 907 3473 ﬁeri
952 3418 1147 3487 possit,
1182 3424 1241 3470 ut
1280 3424 1361 3471 tot
1402 3426 1796 3486 tantorumque
1821 3415 2218 3470 bencﬁciorum

645 3521 926 3566 auctorem
974 3509 1145 3565 Deum
1200 3526 1308 3564 non
1355 3510 1745 3578 redamemus;
1801 3508 2027 3581 quando
2069 3509 2221 3576 ejus-

646 3603 795 3658 modi
840 3602 1071 3657 aﬁ'ectus
1126 3602 1390 3669 naturali,
1446 3609 1509 3657 ut
1554 3602 1630 3656 ita
1675 3601 1878 3662 dicam.
1925 3599 2218 3661 instinctu,

646 3695 801 3750 nullo
836 3694 1090 3760 docente,
1124 3693 1328 3749 animis
1352 3693 1566 3749 nostris
1602 3691 1814 3749 inditus
1848 3693 1971 3747 fuit.

720 3784 864 3840 Naz.
917 3794 1057 3841 orat.
1115 3784 1173 3838 2.
1204 3783 1521 3839 —-lnitium
1581 3783 1869 3853 sapientiae
1918 3791 2004 3839 est
2057 3784 2224 3839 timor

645 3877 887 3944 Domini,
925 3876 1098 3932 veluti
1144 3877 1335 3946 prima:
1382 3874 1633 3945 quaedam
1680 3873 1867 3930 fascia:
1907 3875 2080 3932 illius.
2124 3876 2223 3931 Sa-

644 3968 859 4039 pientia
924 3976 1109 4023 autem
1179 3967 1434 4021 timorem
1502 3976 1821 4035 exsuperat.
1879 3982 2092 4036 nosque
2156 3968 2223 4023 ad

648 4075 899 4116 amorem
945 4060 1282 4130 provehens,
1324 4058 1420 4113 Dei
1467 4059 1676 4114 amicos
1707 4068 1761 4113 et
1789 4058 1937 4113 ﬁlios
1978 4074 2075 4128 pro
2103 4074 2223 4115 ser-

647 4152 735 4209 vis
766 4152 919 4207 facit.

721 4239 1001 4310 Ejusdem,
1048 4249 1187 4294 orat.
1246 4267 1385 4293 ι.-
1426 4238 1636 4293 Bonum
1692 4250 1779 4294 est
1826 4241 2227 4313 aliquantisper

644 4333 814 4389 etiam
874 4332 1155 4397 secedere,
1202 4331 1668 4400 quemadmodum
1726 4334 1858 4388 olim
1900 4334 2137 4407 Moyses,
2170 4346 2226 4392 et

648 4423 1001 4495 postmodum
1046 4421 1343 4489 Jeremias,
1386 4437 1454 4477 ac
1495 4436 1750 4495 prompte
1784 4435 1952 4496 atque
1998 4428 2227 4499 impigre

647 4515 716 4572 ad
747 4527 1034 4571 vocantem
1062 4530 1380 4581 accurrere,
1413 4523 1474 4570 ut
1504 4515 1572 4571 de
1602 4517 1821 4574 Aarone
1847 4528 1902 4575 et
1922 4517 2065 4575 Isaia
2090 4535 2225 4590 pro-

647 4610 823 4665 (litum
854 4617 940 4664 est
976 4623 990 4661 :
1021 4606 1323 4663 dummodo
1350 4619 1651 4680 utrumque
1688 4610 1774 4680 pie
1814 4611 1907 4665 ﬁat
1940 4627 1953 4663 :
1986 4614 2219 4668 alterum
2255 4635 2300 4690 υ

647 4701 721 4757 ob
758 4701 1039 4771 propriam
1092 4699 1493 4768 inﬁrmitatem,
1550 4701 1784 4758 alterum
1832 4704 1905 4759 ob
1967 4705 2218 4761 vocantis

650 4794 980 4864 potentiam.

719 4884 912 4956 Chrys.
953 4894 1092 4939 orat.
1121 4885 1188 4939 15
1218 4884 1294 4940 De
1329 4895 1459 4942 stat.
1483 4916 1554 4927 —
1584 4885 1704 4942 Non
1744 4894 1957 4942 tantum
1999 4888 2224 4947 virtutis

648 4977 817 5034 habet
852 4976 1053 5042 oratio;
1076 4986 1341 5046 quantum
1371 4978 1536 5034 eﬁicit
1569 4980 1754 5034 timor.
1807 4979 1952 5046 Quid
1975 4982 2223 5040 atrocius

649 5068 937 5141 gehenna?
966 5077 1021 5122 at
1037 5068 1175 5123 nihil
1197 5069 1321 5138 ejus
1351 5070 1549 5125 timore
1570 5070 1787 5125 utilius.
1817 5071 1995 5127 Metus
2021 5073 2222 5145 quippe

650 5160 912 5231 gehennae
937 5158 1100 5214 nobis
1128 5159 1279 5228 regni
1302 5159 1543 5214 caelestis
1564 5174 1826 5214 coronam
1853 5161 2015 5217 affert
2040 5182 2054 5217 :
2080 5162 2223 5218 haud

652 5266 815 5307 secus
853 5266 919 5306 ac
940 5251 996 5306 in
1032 5250 1228 5305 militis
1264 5264 1485 5318 semper
1507 5251 1706 5305 armati
1741 5252 1931 5317 domo,
1964 5268 2072 5307 non
2094 5269 2227 5323 pra:-

650 5343 743 5408 do,
784 5358 893 5399 non
944 5342 1176 5399 eﬂ'ossor
1207 5356 1517 5408 murorum,
1542 5357 1653 5396 non
1687 5344 1962 5413 quispiam
1994 5346 2135 5400 alius
2158 5361 2224 5401 ex

647 5436 739 5490 his
771 5437 866 5505 qui
910 5434 1182 5504 ejusmodi
1234 5432 1483 5488 facinora
1530 5434 1943 5504 aggrediuntur,
1986 5436 2217 5505 propius

650 5526 854 5581 audeat
878 5542 1146 5596 apparere
1168 5545 1181 5579 :
1209 5528 1405 5582 timore
1422 5527 1504 5581 sic
1521 5527 1737 5583 animos
1761 5528 2066 5591 obtinente,
2089 5530 2227 5586 nihil

652 5615 1005 5672 illiberalium
1028 5618 1189 5688 307
1216 5617 1573 5674 aﬁ'ectionum
1601 5617 1765 5673 facile
1794 5619 1954 5676 nobis
1985 5620 2221 5689 accedit,

654 5708 749 5763 scd
787 5722 980 5765 omnes
1031 5727 1153 5767 sese
1193 5710 1528 5781 proripiunt,
1577 5719 1632 5764 ct
1672 5710 1855 5781 fugam
1898 5721 2223 5781 capessunt,

658 5800 874 5855 timoris
913 5801 965 5856 vi
1011 5810 1064 5858 et
1094 5804 1336 5874 potentia
1379 5802 1624 5872 undique
1656 5801 1792 5858 fusae
1818 5810 1872 5858 et
1902 5802 2222 5875 proﬂigate.

654 5889 767 5948 Nec
794 5908 923 5951 vero
952 5896 1056 5952 hoc
1098 5894 1275 5951 solum
1309 5895 1446 5951 lucri
1478 5910 1542 5952 ex
1575 5895 1776 5952 timore
1808 5896 2102 5969 capimus;
2125 5898 2221 5954 sed

2322 3411 2416 3463 καὶ
2438 3411 2771 3482 τηλικούτων
2795 3414 3092 3486 εὐεργέτην
3116 3416 3249 3471 Θεὸν
3282 3418 3399 3483 πῶς
3418 3419 3519 3473 οὐκ
3548 3422 3875 3491 ἀγαπήσομεν

2324 3504 2464 3558 κατά
2508 3505 2687 3573 φύσιν,
2726 3507 2792 3560 ἶν’
2817 3507 2991 3573 οὕτως
3013 3505 3172 3576 εἴπω,
3196 3511 3495 3576 ἀδιδάκτως
3515 3514 3620 3583 τῆς
3651 3515 3875 3585 τοιαύτης

2322 3595 2617 3662 διαθέσεως
2653 3601 2719 3671 τῇ
2752 3601 3054 3676 ὐγιανούσῃ
3074 3603 3218 3677 ψυχῇ
3250 3606 3648 3678 ἐγγινομένηςς

2408 3778 2576 3850 Ἀρχὴ
2609 3780 2802 3849 σοφίας
2831 3779 2996 3848 φόϐος
3022 3783 3246 3853 Κυρίου,
3281 3780 3395 3838 οἷόν
3414 3801 3468 3839 τι
3501 3787 3721 3859 πρῶτον
3737 3789 3875 3859 σπάρ-

2325 3887 2490 3939 γανον
2512 3887 2525 3900 ·
2557 3872 2648 3924 καὶ
2678 3871 2840 3941 σοφία
2869 3872 2962 3926 τὸν
3011 3874 3177 3940 φόϐον
3220 3876 3531 3947 ὐπερϐἄσα,
3562 3882 3660 3934 καὶ
3689 3884 3765 3945 είς
3798 3882 3874 3950 τὴν

2327 3964 2547 4033 ἀγάπην
2590 3965 2990 4031 ἀναϐιϐάσασα,
3035 3966 3171 4021 Θεοῦ
3206 3968 3396 4038 φίλους
3428 3972 3576 4042 ἡμᾶς
3626 3977 3723 4029 καὶ
3751 3976 3874 4037 uici;

2326 4053 2448 4106 ἀντὶ
2472 4052 2677 4107 δούλων
2705 4054 3022 4126 ἐργάζεται.

2413 4236 2643 4306 Ἀγαθὸν
2686 4239 2782 4293 καὶ
2815 4239 3171 4313 ὑποχωρῆσαί
3201 4260 3255 4297 τι
3290 4246 3511 4317 μικρὸν,
3552 4247 3629 4313 ὠς
3665 4251 3875 4320 Μωῦσῆς

2330 4329 2539 4393 ἐκεῖνος
2588 4329 2648 4383 τὸ
2691 4330 2919 4386 παλαιὸν
2940 4372 2954 4397 ,
3015 4334 3110 4387 καὶ
3176 4333 3446 4407 Ἱερεμίας
3495 4338 3754 4411 ὕστερον,
3799 4342 3874 4394 καὶ

2330 4421 2702 4494 προσδραμεῖν
2760 4425 2996 4495 ἐτοίμως
3023 4426 3101 4498 τῷ
3135 4428 3411 4498 καλοῦντι,
3458 4432 3535 4495 ὡς
3588 4433 3796 4505 Ἀαρών
3827 4450 3871 4484 τι

2330 4515 2425 4568 καὶ
2470 4515 2720 4583 Ἡσαῖας,
2756 4519 2917 4589 μόνον
2946 4520 3187 4586 εὐσεϐῶς
3224 4524 3545 4597 ἀμφότερα*
3576 4527 3641 4579 τὺ
3688 4529 3781 4599 μὶν
3802 4529 3871 4579 au

2328 4606 2429 4678 τὴν
2461 4606 2669 4665 οἰκείαν
2697 4609 3004 4678 ἀσθένειαν,
3030 4611 3090 4667 τὸ
3120 4613 3177 4667 δὲ
3207 4613 3296 4669 διὰ
3338 4616 3439 4685 τὴν
3485 4615 3576 4678 τοῦ
3608 4617 3872 4677 καλοῦντος

2322 4698 2573 4770 δύναμιν.

2397 4881 2474 4935 Οὐ
2493 4879 2747 4935 τοσοῦτον
2776 4881 3107 4953 ἐργάζεσθαι
3137 4882 3427 4954 δυνήσεται
3455 4884 3638 4953 λόγος,
3659 4885 3776 4939 ὅσον
3802 4885 3870 4953 ip—

2325 4971 2556 5042 γάζεται
2596 4973 2780 5043 φόϐος.
2807 4973 2873 5026 Τί
2896 4973 3120 5044 γεέννης
3151 4974 3568 5047 χαλεταῦτερον;
3605 4978 3721 5033 ἀλλ’
3746 4976 3869 5030 οὐδὲν

2324 5063 2421 5119 τοῦ
2450 5064 2657 5136 ταύτης
2682 5065 3096 5137 χρησιμώτερον
3129 5067 3318 5137 φόϐου.
3369 5068 3428 5123 '0
3467 5069 3579 5140 γὰρ
3619 5074 3718 5143 τῆς
3743 5069 3869 5138 γεέν·

2325 5174 2424 5227 νης
2456 5156 2623 5227 φόϐος
2654 5157 2746 5210 τὸν
2775 5156 2873 5227 τῆς
2901 5155 3179 5227 βασιλείας
3209 5160 3340 5229 ἡμῖν
3357 5160 3573 5231 κομίζει
3616 5162 3866 5228 στέφανον.

2327 5248 2597 5320 Καθάπερ
2625 5250 2682 5303 ἐν
2699 5247 2847 5319 οἰκίᾳ
2874 5247 3210 5319 στρατιώτου
3236 5248 3504 5320 διηνεκῶς
3530 5251 3866 5321 ὡπλισμένου.

2325 5344 2388 5398 οὐ
2437 5342 2664 5415 λῃστὴς,
2709 5341 2772 5395 οὐ
2830 5342 3182 5415 τοιχωρύχος,
3233 5344 3334 5398 οὐκ
3369 5344 3531 5407 ἄλλος
3561 5362 3646 5408 τις
3686 5346 3784 5398 τῶν
3818 5342 3871 5393 τὰ

2326 5436 2555 5491 τοιαῦτα
2584 5436 3062 5505 κακουργούντων,
3082 5436 3347 5508 τολμήσει
3369 5437 3605 5509 φανῆναι
3632 5438 3865 5507 πλησίον

2328 5526 2473 5580 οὕτω
2515 5526 2681 5596 φόϐου
2728 5527 3055 5597 κατέχοντος
3096 5526 3196 5591 τὰς
3238 5526 3438 5599 ψυχάς,
3489 5529 3639 5582 οὐδὲν
3670 5528 3769 5582 τῶν
3799 5530 3869 5580 ἀνι

2333 5620 2636 5691 ελευθέρων
2670 5618 2861 5674 παθῶν
2896 5619 3278 5691 ἐπεισέρχεται
3309 5621 3509 5692 ῥᾳδίως
3558 5624 3709 5693 ἡμῖν,
3758 5618 3869 5673 em

2331 5712 2654 5784 δραπετεύει
2678 5712 2771 5767 καὶ
2799 5712 3185 5782 φυγαδεύεται,
3215 5716 3283 5785 τῇ
3314 5714 3585 5785 τυραννίδι
3605 5713 3699 5769 τοῦ
3731 5712 3867 5781 φόϐον

2334 5806 2603 5862 πάντοθεν
2638 5805 3055 5875 ἐξελαυνόμενα.
3090 5805 3197 5859 Καὶ
3229 5808 3290 5859 οὐ
3317 5806 3477 5860 τοῦτό
3508 5809 3653 5859 ἐστιν
3697 5806 3724 5858 ὃ
3755 5818 3868 5873 up-

2334 5896 2585 5969 πούμεθα
2638 5896 2747 5952 ἀπὸ
2801 5896 2897 5951 τοῦ
2949 5896 3115 5967 φόϐου
3154 5897 3337 5969 μόνον,
3398 5898 3531 5953 ἀλλὰ
3572 5896 3669 5951 καὶ
3712 5896 3869 5962 ἕτερον
