3910 6398
85 449 207 515 1893

1337 443 1574 504 SACRA
1610 444 2048 505 PARAILELA

3180 445 3316 522 1094

82 560 247 630 πολλῷ
301 559 506 631 μεῖζον.
554 558 628 614 Οὐ
672 557 782 628 γὰρ
822 555 888 628 δὴ
935 554 1096 625 μόνον
1127 554 1193 608 τὰ
1237 555 1450 626 πονηρά
1484 554 1637 624 ἡμῶν

1764 553 1896 608 iliud
1939 568 2159 623 quoque
2218 552 2388 607 multo
2439 553 2810 622 praestantius.
2852 551 2968 609 Non
3007 557 3155 611 enim
3189 569 3312 614 tan-

80 653 358 706 ἀπελαύνει
395 651 558 723 πάθη,
594 650 729 705 ἀλλὰ
759 649 855 703 καὶ⁸
881 648 1062 700 πᾶσαν
1092 646 1302 713 εἰσάγει
1335 646 1473 715 μετὰ
1511 645 1638 698 πολ-

80 746 168 814 λῆς
218 744 468 805 εὐκολίας
515 742 616 814 τὴν
673 741 899 813 ἀρετήν.
953 738 1118 791 Οὐδὲν
1168 738 1276 807 γάρ
1331 736 1472 790 οὕτω
1510 754 1639 789 κατ-

84 837 239 888 εσθίει
286 835 384 905 μὲν
430 835 824 904 ἁμαρτήματα,
867 829 1078 902 ἀρετὴν⁸
1103 830 1162 883 δὲ
1199 829 1460 896 αὕξεσθαι
1498 830 1642 881 ποιεῖ

81 931 163 980 καὶ
207 926 442 990 θάλλειν,
470 927 543 989 ῶς
581 923 862 996 διηνεκοῦς
904 922 1068 992 φόϐου
1115 921 1295 990 φύσις.
1337 920 1436 974 Διὰ
1482 919 1640 973 τοῦτο

79 1021 157 1070 τὸν
189 1019 262 1089 μὴ
289 1017 534 1080 συζῶντα
550 1016 697 1085 φόϐῳ
714 1016 997 1086 ἀμήχανον
1037 1014 1404 1082 κατορθῶσαι,
1433 1013 1640 1084 ῶσπερο

79 1114 160 1165 οὖν
189 1113 278 1165 τὸν
305 1115 360 1163 ἐν
389 1109 536 1180 φόϐῳ
566 1109 745 1172 ζῶντα
774 1109 1057 1177 ἀμήχανον
1092 1105 1433 1176 διαμαρτεῖν.

140 1289 303 1353 Φόϐος
327 1289 474 1341 οὐδὲν
502 1288 688 1358 ἔτερόν
711 1289 881 1352 ἐστιν,
914 1289 948 1358 ἢ
988 1289 1188 1359 τεῖχος,
1221 1287 1317 1340 καὶ
1343 1285 1634 1356 ἀσφάλεια,

78 1386 162 1436 καὶ
193 1386 402 1451 πύργος
432 1379 899 1448 ἁκαταγὼνιστος.

149 1558 204 1609 Ὀ
235 1557 329 1610 τοῦ
357 1557 600 1621 ἀπαθοῦς
627 1556 762 1610 Θεοῦ
786 1557 946 1626 φόϐος
975 1556 1190 1627 ἀπαθής
1215 1573 1228 1587 °
1260 1555 1504 1624 φοϐεῖται
1529 1557 1638 1627 γάρ

73 1667 166 1711 τις,
197 1649 257 1701 οὐ
292 1649 382 1702 τὸν
407 1648 560 1714 Θεὸν,
583 1647 722 1701 ἀλλὰ
751 1647 811 1700 τὸ
839 1648 1137 1702 ἀποπεσεῖν
1169 1645 1262 1699 τοῦ
1288 1646 1444 1700 Θεοῦ.
1495 1647 1554 1698 '0
1583 1646 1638 1700 δὲ

75 1739 220 1791 τοῦτο
272 1737 478 1804 δεδιὼς,
528 1737 592 1792 τὸ
641 1741 753 1804 τοῖς
792 1739 978 1799 κακοῖς
1035 1737 1355 1806 συμπεσεῖν,
1393 1735 1636 1803 φοϐεῖται

74 1832 158 1882 καὶ
191 1831 360 1884 δέδιεν
389 1831 457 1884 τά
484 1831 631 1885 κακά
656 1848 669 1862 ο
699 1834 727 1885 6
760 1829 947 1893 δεδιὼς
977 1829 1032 1882 δὲ
1062 1828 1122 1881 τὸ
1159 1828 1381 1898 πτῶμα,
1423 1827 1623 1896 ἄφθαρο

72 1939 153 1976 τον
191 1923 384 1976 ἑαυτὸν
420 1923 515 1976 καὶ
545 1922 730 1994 άπαθῆ
761 1917 898 1976 εἶναι
935 1921 1207 1992 βούλεται.

137 2206 155 2238 ι
177 2189 249 2240 Οὐ
290 2185 516 2241 δυνατὸν
546 2185 637 2238 τὸν
667 2183 883 2255 άληθῶς
914 2184 1080 2253 φοϐου
1089 2199 1248 2253 μενον
1269 2181 1358 2235 τὸν
1376 2179 1507 2233 Θεὸν
1531 2179 1636 2231 δει-

70 2279 180 2332 λίαν
209 2279 382 2349 ἔχειν,
423 2279 714 2350 εἰρημένου
755 2275 886 2331 τοῦθ
927 2294 945 2328 ι
987 2275 1134 2348 Πλὴν
1162 2273 1326 2329 αὑτὸν
1366 2272 1442 2344 μὴ
1470 2269 1634 2340 φοϐοῦ

70 2370 237 2424 ἄλλον.
289 2388 309 2420 ι

143 2549 198 2670 ἑ)
264 2544 598 2616 φοϐούμενος
661 2543 752 2597 τὸν
816 2540 987 2610 Θεὸν,
1054 2540 1197 2598 κατὰ
1267 2539 1399 2593 Θεὸν
1459 2538 1636 2592 πάντα

177 2634 317 2670 ττει.

68 2634 317 2688 πραττει.

130 2705 368 2772 Λέγεται
395 2706 423 2757 6
449 2702 580 2766 Θεὸς
613 2702 842 2773 φοϐερὸς
871 2695 1009 2755 εἶναι
1029 2717 1043 2731 ·
1077 2699 1193 2755 ἀλλ’
1232 2699 1329 2770 οὐχ
1358 2698 1434 2762 ὼς
1474 2698 1638 2751 θανα-

70 2799 221 2867 σίμου
251 2796 444 2868 θηρίου
479 2797 512 2867 ἢ
542 2795 832 2867 ἀνθρώπου
858 2792 1008 2864 ὠμοῦ
1035 2792 1196 2861 φόϐον
1235 2793 1396 2863 ἔχειν.
1441 2791 1500 2844 ὐ
1529 2792 1636 2861 γάρ

68 2890 188 2952 Θεὸς
221 2889 343 2958 φῶς
372 2892 539 2952 ἐστιν,
585 2891 678 2942 καὶ
718 2889 787 2941 τά
819 2888 968 2957 ὲξῆς.
1005 2885 1126 2948 Πῶς
1171 2881 1262 2938 οῦν
1309 2883 1638 2954 φοϐηθῶμεν

69 2985 194 3050 φῶς,
226 2983 258 3052 ἢ
297 2983 467 3053 ζωὴν,
498 2981 531 3052 ἢ
571 2980 852 3053 ἀλήθειαν,
891 2981 923 3050 ἢ
959 2981 1290 3044 άνάστασιν;
1329 2978 1404 3039 ὡς
1432 2977 1526 3030 ὲάν
1554 2992 1638 3039 τις

66 3071 94 3148 ᾗ
137 3077 227 3128 ἐπὶ
273 3073 478 3145 ὑψηλὸν
530 3073 654 3144 ὅρος
704 3073 892 3136 οἰκῶν,
946 3073 1040 3125 καὶ
1085 3072 1302 3140 λέγεται
1358 3069 1636 3140 φοϐεῖσθαι

67 3171 223 3222 αὑτό·
258 3170 324 3222 οὺ
371 3169 431 3221 τὸ
458 3169 579 3237 δρος
623 3165 890 3235 φοϐεῖται,
940 3164 1078 3218 ἀλλὰ
1125 3163 1218 3217 τοῦ
1275 3164 1349 3234 μὴ
1382 3165 1636 3216 ἐκπεσεῖν

67 3263 244 3316 αὑτοῦ.
274 3261 470 3313 Τοίνυν
504 3262 595 3313 καὶ
619 3261 782 3330 ἡμεῖς
805 3257 1116 3328 φοϐούμεθα
1134 3257 1224 3310 τὸν
1257 3255 1387 3308 Θεὸν

68 3371 210 3422 μενοι
246 3355 503 3405 ἐκπεσεῖν
532 3351 623 3405 τοῦ
663 3351 860 3420 φωτὸς,
913 3349 1006 3403 καὶ
1048 3349 1149 3419 τῆς
1199 3348 1367 3419 ζωῆς,
1403 3350 1496 3401 καὶ
1536 3349 1635 3418 τῆς

66 3445 344 3516 ἀληθείας,
381 3445 472 3498 καὶ
502 3444 600 3514 τῆς
624 3442 896 3512 γνώσεως.

67 3782 185 3835 Τίτλ
219 3822 232 3836 .
276 3783 355 3836 Ε’.
395 3807 466 3820 —-
505 3779 643 3848 Περὶ
694 3779 1033 3847 ἀντιλογίας
1097 3777 1245 3844 πρὸς
1297 3777 1485 3848 Qad)“
1537 3773 1634 3848 κςιὶ

130 3853 231 3974 gr:
253 3855 329 3906 οὐ
367 3851 462 3904 δεῖ
486 3844 840 3920 ἀντιλέγειν,
872 3844 920 3915 ἦ
953 3846 1453 3916 δικαιολογεῖσθαι
1487 3844 1636 3913 πρὸς

180 3940 306 3974 ειν.

180 3940 306 3975 εον.

131 4049 150 4081 ι
205 4032 437 4100 Ἀνομία
486 4033 620 4101 ἡμῖν
667 4031 1067 4102 λογισθήσεται,
1112 4028 1280 4082 πολλὰ
1331 4029 1636 4082 λαλουντων

66 4123 284 4192 ῥήματα
325 4121 553 4174 ἐνώπιον
580 4123 804 4193 Κυρίου.
853 4141 871 4172 ι

133 4233 150 4264 ι
201 4214 324 4266 Οὐκ
379 4208 430 4264 εἴ
457 4213 744 4282 ἄνθρωπος
767 4215 886 4266 κατ’
931 4213 1053 4283 ἐμὲ,
1101 4207 1143 4280 ᾧ
1193 4211 1634 4283 ἀντικρινοῦμαι,

62 4305 144 4356 ἵνα
171 4305 425 4374 ἔλθωμεν
458 4305 800 4374 ὁμοθυμαδὸν
828 4305 903 4368 είς
937 4306 1138 4374 κρίσιν.
1187 4323 1202 4355 ι

134 4529 152 4561 ι
199 4511 268 4562 Τί
301 4507 382 4561 ἔτι
414 4506 523 4576 ἐγὼ
557 4507 814 4578 κρίνομαι
843 4507 1264 4576 νουθετούμενος
1291 4507 1386 4560 καὶ
1419 4506 1638 4576 ἐλεγχό-

1743 647 2028 700 tummodo
2068 647 2304 701 vitiosos
2347 645 2575 700 affectus
2616 653 2839 702 nostros
2879 649 3190 717 propulsat,
3224 669 3316 707 ve-

1740 753 1862 790 rum
1893 747 1947 792 et
1976 738 2230 792 omnibus
2271 739 2575 792 virtutibus
2608 737 2825 791 facilem
2863 739 2928 791 ad
2973 756 3074 795 nos
3105 742 3315 797 aditum

1740 829 1936 899 aperit.
1970 826 2082 882 Nec
2112 829 2256 882 enim
2290 829 2588 898 quidquam
2632 829 2880 899 perinde,
2918 837 3034 886 tum
3087 843 3312 902 peccata

1741 921 1904 984 delet,
1965 928 2080 974 tum
2136 928 2302 991 auget
2352 921 2614 975 virtutem
2672 929 2726 975 et
2777 920 3067 977 florentem
3112 925 3312 992 reddit,

1739 1022 1906 1083 atque
1929 1013 2179 1082 perpetui
2231 1014 2448 1066 timoris
2493 1023 2711 1066 natura.
2751 1013 3024 1079 Quocirca
3057 1015 3171 1070 fieri
3204 1035 3312 1073 non

1741 1113 1942 1172 potest,
1978 1112 2035 1154 ut
2073 1103 2166 1172 qui
2202 1102 2257 1156 in
2301 1103 2499 1156 timore
2535 1102 2689 1165 vivit,
2729 1113 2877 1157 recte
2916 1104 3124 1173 aliquid
3165 1118 3311 1180 agat,

1737 1203 1792 1248 et
1817 1195 2056 1248 vicissim
2090 1197 2183 1264 qui
2217 1195 2272 1247 in
2298 1194 2498 1247 timore
2522 1194 2678 1259 vivit,
2711 1210 2741 1248 a
2782 1205 2933 1248 recto
2964 1197 3201 1252 aberret.

1810 1285 2080 1357 Clirysost.
2119 1297 2257 1340 orat.
2296 1288 2362 1341 15
2392 1286 2468 1340 De
2505 1296 2632 1342 stat.
2676 1318 2742 1330 —
2787 1287 2972 1344 Timor
2998 1291 3132 1344 nihil
3161 1292 3308 1347 aliud

1737 1387 1846 1443 est,
1893 1379 1997 1434 nisi
2035 1394 2229 1433 murus
2267 1386 2320 1432 et
2366 1378 2708 1448 praesidium,
2761 1393 2824 1434 ac
2861 1381 3033 1435 turris
3080 1382 3313 1454 inexpu-

1737 1471 1995 1540 gnabilis.

1807 1561 1973 1614 Clem.
2015 1561 2166 1616 Alex.
2222 1559 2480 1616 Stromat.
2511 1560 2795 1617 ——Timor
2838 1563 2931 1620 Dei
2967 1563 3061 1635 qui
3102 1573 3314 1636 pertur-

1737 1651 2055 1707 bationibus
2097 1660 2277 1717 vacat,
2313 1653 2715 1722 perturbationi
2760 1669 2869 1709 non
2895 1665 2978 1711 est
3011 1656 3305 1712 obnoxius.

1737 1741 1924 1811 Neque
1950 1742 2094 1796 enim
2138 1740 2309 1797 Deum
2349 1744 2647 1814 quisquam
2688 1744 2867 1811 timet,
2910 1746 3005 1801 sed
3042 1762 3105 1800 ne
3143 1762 3171 1799 a
3203 1745 3310 1800 Deo

1737 1833 1974 1885 excidat.
2043 1831 2145 1897 Qui
2207 1841 2390 1887 autem
2460 1835 2564 1888 hoc
2632 1835 2810 1898 timet,
2872 1851 2941 1890 ne
3010 1836 3210 1889 incidat
3253 1837 3308 1890 in

1740 1925 1901 1987 mala,
1945 1925 1990 1978 is
2033 1924 2261 1994 proinde
2312 1925 2456 1979 mala
2507 1928 2730 1981 metuit.
2779 1928 2952 1982 Porro
2990 1927 3083 1995 qui
3119 1941 3308 1980 casum

1741 2015 1913 2079 timet,
1947 2016 1993 2069 is
2027 2015 2099 2070 ab
2129 2015 2357 2070 interitu
2383 2022 2437 2070 et
2465 2016 2915 2086 perpessionibus
2948 2015 3160 2070 alienus
3193 2014 3308 2068 fieri

1738 2107 1911 2175 cupit.

1812 2197 2026 2267 Didym.
2059 2198 2110 2251 iu
2134 2195 2247 2252 Ira.
2277 2227 2348 2238 —
2370 2196 2514 2252 Fieri
2564 2211 2671 2251 non
2706 2205 2985 2267 potest,ut
3012 2195 3106 2267 qui
3142 2195 3310 2250 timo-

1738 2305 1797 2346 re
1854 2289 1946 2344 Dei
2003 2289 2266 2360 praditus
2320 2297 2424 2352 est,
2490 2291 2853 2344 rneticulosus
2907 2291 2978 2344 sit
3021 2307 3036 2344 :
3088 2288 3312 2359 quando

1737 2381 1947 2436 dictmu
1993 2389 2120 2437 est:
2164 2400 2182 2434 ι
2221 2379 2427 2436 Pi-aater
2467 2381 2623 2435 illum
2668 2397 2737 2436 ne
2775 2395 3105 2452 quemquam
3141 2380 3308 2434 alium

1738 2484 1970 2528 ῐιιοιυιιε.
2016 2493 2033 2524 ι

1814 2566 2042 2637 Evagrii.
2076 2596 2143 2605 —
2176 2563 2280 2632 Qui
2335 2565 2488 2620 timet
2536 2564 2730 2631 Deum,
2778 2568 2960 2620 omuia
3002 2567 3308 2624 secundum

1738 2657 1904 2712 Deum
1933 2658 2089 2728 gerit.

1809 2749 2084 2819 Ejusdem.
2131 2780 2201 2791 —
2244 2751 2390 2806 Deus
2433 2750 2701 2806 terribilis
2739 2766 2865 2806 esse
2912 2751 3118 2807 dicitur
3149 2773 3162 2809 :
3197 2770 3308 2809 non

1737 2842 1881 2912 quod
1915 2845 1966 2896 iu
1998 2842 2276 2913 pestifera!
2310 2845 2505 2899 bellua:
2543 2852 2637 2898 aut
2666 2845 2796 2898 εωνί
2833 2845 3072 2899 hominis
3099 2861 3308 2900 morem

1738 2943 2002 2989 terrorem
2041 2935 2294 2990 incutiat.
2332 2935 2476 2992 Deus
2503 2937 2704 3006 quippe
2738 2944 2821 2991 est
2856 2936 2970 3001 lux,
3022 2937 3129 3001 via,
3166 2939 3310 2992 veri-

1738 3036 1844 3090 tas,
1879 3035 1932 3081 et
1967 3027 2100 3092 vita,
2135 3037 2242 3082 etc.
2275 3028 2510 3091 Quinam
2557 3044 2690 3099 ergo
2740 3028 2943 3093 lucem,
2993 3039 3086 3082 aut
3118 3029 3309 3093 vitam,

1738 3129 1831 3173 aut
1901 3120 2228 3185 veritatem,
2291 3129 2387 3174 aut
2451 3123 2906 3174 resurrectionem
2987 3121 3311 3190 perhorres-

1739 3213 1971 3268 camus?
2013 3213 2126 3268 lloc
2176 3213 2402 3282 perinde
2441 3222 2544 3279 est,
2591 3228 2656 3267 ac
2716 3213 2760 3266 si
2813 3215 2936 3282 quis
2986 3213 3039 3266 in
3080 3211 3304 3267 sublimi

1395 3295 1409 3320 ,
1443 3255 1635 3324 φοϐού-

1403 3350 1491 3375 ..-ὶ
1536 3349 1599 3375 ..ζ
1612 3363 1635 3375 ι.

1764 3255 1965 3267 ,........,.
2013 3255 2126 3268 ..νυ
2177 3255 2402 3282 rw...“
2443 3255 2544 3279 μω,
2591 3255 2656 3267 ..ν
2716 3255 2760 3266 υ.
2813 3255 2936 3282 .,....,
3080 3255 3304 3267 πων...

1764 3305 1978 3374 μιοιΙοιιι
2020 3314 2206 3359 monte
2237 3320 2431 3374 agens,
2473 3305 2651 3375 ipsum
2684 3312 2929 3358 metuere
2961 3303 3220 3370 dicatur;
3263 3307 3311 3358 is

1735 3394 1898 3463 plane
1935 3409 2044 3446 non
2099 3403 2338 3447 montem
2378 3394 2551 3455 timet,
2600 3392 2694 3448 sed
2731 3408 2798 3446 ne
2843 3407 2906 3445 ex
2953 3407 3018 3446 eo
3067 3408 3312 3461 prteccps

1734 3495 1877 3540 ruat.
1928 3485 2006 3539 Ad
2053 3486 2305 3541 eumdem
2354 3486 2577 3540 modum
2648 3483 2813 3537 Deum
2861 3484 3311 3547 extimesrimus;

1735 3577 1836 3631 hoc
1867 3577 2050 3646 utique
2081 3583 2405 3640 metuentes,
2443 3591 2508 3630 ue
2547 3590 2576 3628 a
2611 3578 2729 3630 luce
2756 3615 2771 3638 ,
2813 3573 2940 3638 vita,
2979 3575 3208 3628 veritate
3258 3583 3312 3628 et

1735 3669 1966 3724 scientia
2006 3669 2350 3722 excidamus.

1808 3800 1918 3854 Tit.
1955 3799 2018 3854 V.
2045 3831 2113 3840 —
2146 3801 2218 3854 De
2267 3801 2677 3853 contradictione
2717 3799 2965 3854 adversus
3010 3797 3175 3852 Deum
3211 3815 3229 3852 :
3262 3811 3312 3854 et

1805 3873 1942 3941 quod
1978 3871 2226 3924 adversus
2267 3871 2428 3941 Deum
2476 3871 2684 3924 minimc
2717 3872 2784 3923 sit
2817 3869 3310 3939 cautradiceudum,

1808 3939 1898 3994 nec
1927 3957 2042 3994 cum
2078 3958 2136 3994 eo
2169 3939 2633 4006 expostulandum.

1813 4049 1916 4105 Job
1972 4067 2157 4108 xxxiv.
2206 4051 2297 4106 57.
2337 4082 2402 4090 —
2443 4068 2460 4100 ι
2517 4049 2779 4121 Iniquitas
2826 4052 2986 4108 nobis
3031 4051 3310 4120 reputabi-

1739 4152 1846 4206 tur,
1879 4145 2046 4196 multa
2077 4143 2240 4197 verba
2278 4143 2631 4211 loquentibus
2667 4159 2848 4197 coram
2889 4143 3145 4198 Domino.
3180 4163 3198 4194 ›

1812 4231 1915 4286 Job
1965 4249 2040 4298 ιι,
2079 4234 2169 4287 52.
2204 4263 2274 4275 —
2305 4253 2321 4284 ι
2353 4233 2473 4288 Non
2501 4249 2561 4289 es
2600 4235 2764 4288 homo
2795 4235 2990 4290 similis
3018 4238 3146 4296 ntei,
3181 4250 3304 4289 cum

1739 4341 1848 4396 quo
1912 4325 2145 4394 litigent,
2207 4333 2268 4380 ut
2328 4327 2614 4381 veniamus
2667 4327 3003 4382 unanimiter
3043 4327 3109 4381 ad
3155 4327 3308 4396 judi-

1739 4433 1907 4472 Clllm.
1949 4436 1967 4468 ι

1807 4525 1908 4579 Job
1951 4541 2140 4591 xxxix,
2189 4525 2279 4580 54.
2324 4556 2396 4567 -
2446 4545 2465 4578 ι
2526 4525 2667 4592 Quid
2713 4527 2896 4583 adhuc
2947 4543 3048 4598 ego
3087 4527 3310 4598 judicor

65 4617 218 4668 μενος
245 4599 402 4668 παρὰ
426 4598 651 4669 Κυρίου,
673 4598 884 4651 ἁκούων
919 4598 1141 4651 τοιαῦτα
1175 4599 1328 4652 οὐθὲν
1357 4598 1460 4664 ῶν;
1499 4596 1637 4665 Ἐγὼ

1764 4618 2061 4673 idmonitus
2105 4627 2160 4674 et
2205 4618 2577 4689 reprehensus
2613 4634 2642 4672 a
2678 4619 2930 4684 Domiuo,
2958 4596 3192 4677 audiens
3223 4628 3308 4674 ta-

59 4693 110 4744 δὲ
138 4692 263 4745 τίνα
300 4691 594 4760 ἁπόιρισιν
631 4689 813 4754 δώσω;
871 4691 1042 4761 Χεῖρα
1085 4689 1235 4759 θήσω
1282 4690 1374 4742 ἐπὶ
1407 4690 1637 4759 στόματί

1764 4709 1835 4772 ia,
1869 4723 1992 4762 cum
2037 4709 2176 4763 nihil
2216 4709 2359 4764 sim?
2389 4710 2502 4779 Ego
2539 4716 2720 4765 autem
2758 4711 2892 4782 quid
2930 4713 3042 4768 haec
3077 4729 3310 4783 respon-

64 4799 195 4851 μου·
249 4780 402 4845 ἅπαξ
443 4781 732 4850 λελάληκα,
769 4782 861 4834 ἐπὶ
898 4783 954 4836 δὲ
987 4781 1066 4852 τῷ
1094 4781 1332 4853 δευτέρῳ
1371 4782 1433 4834 οὐ
1480 4793 1640 4852 προσ-

61 4874 232 4944 θήσω.
287 4893 307 4926 ι

133 5005 151 5035 ι
201 4985 294 5054 Μή
321 4989 425 5052 ’μοι
451 4985 535 5053 εἴη
579 4983 819 5037 ἐναντίον
847 4983 1053 5054 Κυρίου
1085 4984 1376 5056 ἀσεϐῆσαι,
1410 4984 1442 5054 ἢ
1485 4985 1638 5038 ἐναν-

58 5077 168 5130 τίον
199 5078 653 5148 παντοκράτορος
679 5077 912 5148 ταράξαι
958 5077 1020 5130 τὸ
1051 5077 1280 5132 δίκαιον.
1331 5095 1350 5128 ι

135 5207 152 5239 ι
198 5189 300 5257 Μὴ
338 5188 531 5240 σπεῦδε
569 5190 662 5241 ἐπὶ
692 5187 920 5258 στόματί
963 5204 1075 5253 σου,
1102 5187 1196 5240 καὶ
1239 5189 1272 5256 ἡ
1315 5187 1511 5258 καρδία
1546 5203 1639 5239 σου

63 5285 134 5353 μὴ
171 5281 485 5353 ταχύνηται
515 5282 610 5336 τοῦ
657 5283 965 5351 ἐξενεγκεῖν
999 5282 1155 5350 λόγον
1187 5281 1294 5353 πρὸ
1346 5281 1640 5353 προσώπου

58 5374 148 5426 τοῦ
181 5373 348 5426 Θεοῦ.
401 5392 421 5426 ι

135 5507 155 5539 ι
200 5489 306 5558 Μὴ
351 5488 466 5558 ἐρεῖ
495 5486 720 5559 πλάσμα
745 5487 822 5556 τῷ
862 5487 1148 5552 πλάσαντι,
1182 5487 1255 5538 Ub
1287 5486 1351 5539 σύ
1380 5503 1445 5557 με
1478 5485 1642 5539 ἐπλαο

63 5597 190 5647 σας;
237 5583 274 5650 ἦ
329 5571 652 5651 τίποίημα
703 5579 780 5651 τῷ
821 5581 1132 5648 ποιήσαντι,
1183 5581 1258 5632 Οὐ
1304 5579 1538 5641 συνετῶς
1578 5595 1642 5648 με

62 5674 338 5743 ἐποίησας
363 5690 378 5739 ;
429 5691 448 5725 ι

138 5805 156 5836 ι
203 5786 302 5853 Μὴ
333 5786 443 5856 ὲρεῖ
467 5787 496 5838 6
530 5786 698 5857 πηλὸς
723 5787 802 5856 τῷ
831 5787 1082 5856 κεραμεῖ,
1115 5787 1178 5839 Τί
1202 5788 1404 5850 ποιεῖς;
1442 5786 1505 5838 Τί
1547 5785 1644 5839 οὐκ

64 5878 350 5945 ἑργάσεις,
382 5876 498 5931 οὐδὲ
530 5877 670 5947 ἔχεις
701 5880 922 5948 χεῖρας;
973 5881 1064 5935 καὶ
1097 5878 1171 5949 μὴ
1213 5879 1642 5951 ἀποκριθήσεται

1739 4814 1861 4854 sum
1915 4799 2092 4854 dabo?
2150 4815 2373 4855 manum
2435 4817 2610 4857 meam
2677 4803 2954 4873 imponam
3020 4806 3104 4859 ori
3167 4819 3306 4860 meo.

1741 4890 1921 4946 Unum
1954 4893 2172 4947 locutus
2204 4908 2350 4958 smn,
2387 4902 2442 4948 et
2472 4894 2618 4947 ultra
2643 4909 2750 4949 nou
2791 4895 3010 4949 addam.
3049 4916 3067 4948 ο

1814 5003 1958 5060 Ibid.
1981 5006 2071 5060 55.
2101 5036 2171 5045 —
2213 5023 2232 5057 ι
2271 5005 2431 5061 Absit
2461 5014 2519 5060 ut
2541 5021 2725 5061 coram
2766 5007 2875 5063 Deo
2920 5008 3083 5076 impie
3112 5022 3268 5078 agam
3296 5024 3309 5058 :

1741 5108 1796 5156 et
1826 5113 2012 5154 coram
2049 5097 2438 5170 Omnipotente
2464 5099 2558 5170 jus
2593 5103 2912 5171 perturbent
2949 5101 2961 5152 !
3014 5118 3032 5150 ι

1818 5209 1996 5264 Eccle.
2027 5226 2080 5272 v,
2111 5209 2162 5265 l.
2199 5241 2266 5250 —
2311 5229 2328 5261 ι
2362 5209 2439 5265 Ne
2469 5211 2698 5267 festines
2743 5213 2794 5266 iu
2824 5227 2919 5266 ore
2957 5221 3053 5264 tuo
3090 5228 3102 5263 :
3137 5220 3190 5264 et
3219 5224 3318 5264 cor

1745 5309 1896 5354 tuum
1927 5317 2036 5353 non
2073 5301 2297 5355 festinet
2327 5301 2391 5355 ad
2417 5303 2807 5372 proferendum
2841 5302 3064 5357 verbum
3093 5302 3144 5355 iu
3177 5317 3315 5356 con-

1745 5400 1936 5462 spectu
1970 5392 2086 5446 Dei.
2137 5409 2155 5442 ι

1817 5499 1931 5553 Isa.
1982 5516 2134 5565 xm,
2177 5501 2260 5554 l6.
2310 5532 2379 5544 —-
2421 5520 2439 5553 ι
2493 5500 2750 5572 Nunquid
2805 5501 2951 5556 dicet
3001 5503 3315 5573 figmentum

1747 5587 1927 5642 lictori
1965 5604 2104 5644 suo:
2144 5589 2258 5644 Non
2302 5599 2359 5643 tu
2387 5607 2472 5646 me
2501 5593 2716 5646 fecisti?
2747 5600 2839 5646 aut
2873 5592 3084 5646 fut-tura
3120 5593 3316 5649 fat-tori

1747 5680 2028 5734 suozNon
2062 5689 2116 5734 tu
2151 5684 2428 5752 sapienter
2467 5699 2553 5737 me
2588 5683 2802 5739 fecisti?
2837 5704 2856 5736 ι

1821 5791 1934 5848 Isa.
1973 5809 2093 5858 XLV,
2144 5796 2198 5860 9,
2244 5796 2328 5850 lO.
2361 5826 2431 5840 --
2478 5815 2494 5846 ι
2536 5795 2791 5866 Nunquid
2852 5799 3000 5852 dicet
3045 5799 3216 5852 lutum
3255 5797 3317 5851 fl-

1752 5883 1884 5954 gulo
1911 5901 1924 5938 :
1955 5883 2094 5949 Quid
2147 5885 2324 5942 facis?
2351 5885 2484 5954 quid
2509 5901 2616 5940 non
2647 5888 2983 5954 oper-aberis,
3021 5905 3116 5942 nec
3154 5890 3316 5942 habes
