4024 6416
630 478 768 543 1595

1816 477 1875 536 δ.
1914 472 2238 533 JOANNIS
2271 474 2703 536 DAMASCEN’I

3744 482 3841 547 1695

628 587 864 642 manus?
895 592 948 641 et
984 597 1093 639 non
1121 581 1477 654 respondebit
1507 582 1829 654 figmentum
1859 581 1926 635 ad
1953 597 2080 636 eum
2107 581 2201 651 qui

2316 584 2366 637 τὸ
2400 585 2623 655 πλάσμα
2656 587 2792 656 πρὸς
2818 587 2911 640 τὸν
2947 587 3235 644 πλάσαντα
3257 592 3454 654 αὐτὸνς
3490 592 3521 661 ἦ
3558 594 3585 643 ὁ
3613 592 3769 659 λέγων
3788 599 3843 666 τῷ

629 697 689 736 se
723 679 880 733 tinxit
900 717 916 737 ,
940 685 1035 730 aut
1064 678 1157 747 qui
1189 675 1326 730 dicit
1351 671 1523 741 Patri,
1561 690 1660 729 cur
1683 674 1871 745 genuit
1895 675 1916 727 ?
1941 681 1995 729 et
2020 672 2205 738 matri.

631 774 743 829 Cur
767 771 1052 843 parturis?
1088 791 1106 822 ι

705 868 838 936 Sap.
884 882 964 932 ιιι,
1020 865 1106 918 N.
1136 894 1207 905 -—
1237 882 1255 915 ι
1292 863 1395 929 Qui
1459 879 1563 918 non
1623 861 1891 928 c0gitavit
1937 858 2208 913 adversus

634 960 924 1013 Dominum
979 956 1342 1027 nequissima,
1392 957 1521 1010 huic
1573 954 1796 1009 dabitur
1829 954 2036 1008 donum
2084 950 2206 1009 iidci

631 1051 891 1106 electum.
936 1066 954 1097 ι

703 1142 869 1212 308
910 1136 1079 1195 Ecctt'.
1129 1156 1226 1204 vu,
1281 1139 1335 1195 5.
1379 1171 1449 1180 —
1490 1160 1507 1192 ι
1550 1139 1630 1196 Ne
1677 1152 1726 1196 te
1762 1141 2037 1211 justiﬁccs
2084 1152 2210 1200 ante

634 1233 825 1288 Deum.
862 1253 878 1284 ι

706 1323 854 1377 Rom.
892 1339 967 1387 ιτς,
989 1322 1080 1387 20,
1108 1323 1197 1377 2|.
1217 1354 1287 1365 -—
1308 1343 1325 1375 ι
1357 1322 1400 1379 0
1435 1326 1618 1388 homo,
1662 1334 1717 1379 tu
1755 1327 1880 1395 quis
1898 1340 1979 1387 es,
2000 1326 2091 1396 qui
2118 1344 2202 1382 re-

635 1417 910 1485 spondeas
940 1414 1088 1470 Deo?
1117 1418 1196 1470 Au
1234 1417 1381 1471 dicet
1410 1417 1726 1487 figmentum
1748 1418 1794 1471 ei
1816 1418 1907 1488 qui
1929 1434 1988 1472 se
2014 1420 2205 1473 ﬁnxit:

633 1510 776 1576 Quid
815 1524 899 1563 me
940 1508 1116 1563 fecisti
1148 1509 1275 1563 sic?
1316 1509 1517 1563 Annon
1570 1510 1731 1564 habet
1766 1520 2096 1579 potestatem
2148 1511 2211 1565 ﬁ-

633 1601 793 1669 gulus
841 1600 936 1653 luti
990 1615 1056 1654 ex
1091 1600 1282 1654 eadem
1330 1616 1514 1656 massa
1550 1600 1748 1666 facere,
1798 1602 1945 1657 aliud
1982 1602 2208 1672 quidem

637 1693 805 1748 vasin
840 1693 1136 1757 honOrem;
1169 1692 1321 1748 aliud
1373 1702 1554 1748 autem
1595 1696 1649 1747 in
1676 1695 2108 1747 contumeliam?
2145 1714 2163 1745 ›

704 1780 735 1837 Ι
769 1780 893 1838 Cor.
928 1800 982 1848 χ,
1015 1784 1071 1838 9.
1120 1814 1173 1825 -—
1204 1804 1222 1837 ι
1254 1785 1374 1839 Non
1412 1792 1690 1841 lentemus
1718 1786 2032 1851 Dominum,
2066 1789 2212 1842 sicut

634 1876 859 1948 quidam
905 1892 1099 1932 eorum
1133 1885 1500 1943 tentaverunt,
1530 1887 1585 1932 et
1620 1893 1651 1931 a
1690 1880 2042 1948 serpentibus
2075 1896 2203 1951 per-

636 1972 841 2024 ierunt.
878 1990 887 2018 ι

706 2059 879 2115 Basil.
913 2060 1062 2126 Quod
1096 2058 1234 2115 Deus
1267 2070 1470 2116 nonest
1499 2073 1686 2117 auctor
1713 2064 1999 2121 malorum.
2018 2064 2211 2133 —Qui

639 2152 751 2207 Deo
796 2152 1054 2207 reluctari
1108 2154 1329 2219 audent,
1384 2154 1470 2209 liis
1514 2155 1703 2210 verbis
1748 2165 2031 2212 utuntur:
2068 2157 2213 2224 Quid

637 2247 1127 2317 est,quamobrem
1177 2247 1232 2300 in
1281 2247 1395 2317 ipsa
1433 2256 1717 2302 structura
1758 2265 1868 2303 non
1923 2249 2213 2311 habemus.

637 2346 697 2393 ut
726 2349 881 2393 extra
929 2339 1197 2409 peccandi
1233 2340 1409 2394 aleam
1439 2341 1639 2405 simus,
1684 2350 1743 2395 ut
1772 2359 1861 2405 ne.
1896 2343 1941 2398 si
1979 2343 2214 2400 velimus

634 2430 877 2499 quidem,
920 2445 1149 2501 peccare
1182 2431 1341 2487 nobis
1374 2432 1572 2486 liceat?
1603 2434 1874 2500 Quoniam
1901 2444 1958 2489 tu
1992 2451 2211 2506 quoque

636 2537 1001 2589 servos,non,
1029 2539 1154 2579 cum
1191 2539 1287 2580 eos
1319 2525 1373 2579 in
1410 2525 1649 2582 vinculis
1676 2529 2009 2584 constrictos
2032 2536 2206 2594 tenes,

636 2615 927 2671 benevolos
957 2616 1050 2670 tibi
1079 2617 1391 2681 existimas;
1421 2618 1515 2673 sed
1560 2636 1684 2674 cum
1726 2636 1821 2675 eos
1856 2628 2054 2691 sponte
2086 2636 2211 2675 mu-

636 2721 764 2759 nere
795 2720 896 2759 suo
928 2704 1079 2771 fungi
1115 2706 1404 2775 perspicis.
1432 2707 1576 2773 Quin
1607 2707 1717 2764 Deo
1749 2725 1968 2780 quoque
1991 2718 2207 2781 gratum

632 2805 734 2856 est,
769 2810 876 2848 nou
912 2794 1057 2865 quod
1097 2794 1144 2847 vi
1170 2803 1557 2867 extorquetur,
1594 2800 1689 2853 sed
1716 2798 1861 2869 quod
1897 2815 1959 2854 ex
2006 2799 2211 2854 virtute

633 2886 859 2948 geritur.
911 2882 1099 2940 Virtus
1137 2901 1301 2956 porro
1332 2901 1363 2940 a
1405 2887 1711 2953 voluntate,
1744 2904 1853 2943 non
1878 2904 1943 2942 ex
1964 2888 2210 2943 necessi-

635 2985 747 3031 tate
799 2977 1000 3032 oritur.
1060 2976 1247 3048 itaque
1291 2978 1386 3049 qui
1436 2978 1785 3034 conditorem
1832 2981 1935 3035 hoc
1990 2982 2210 3037 nomine

637 3070 1014 3140 reprehendit,
1069 3074 1212 3143 quod
1256 3089 1359 3129 nos
1411 3083 1611 3130 natura
1659 3077 2053 3148 impeccabiles
2104 3095 2210 3132 ιιοιι

635 3161 968 3228 ςιηάἰάρῐίι,
1017 3166 1153 3219 nihil
1203 3168 1351 3223 aliud
1397 3185 1559 3239 quam
1594 3169 1812 3223 brutam
1855 3182 2111 3224 naturam
2164 3171 2213 3225 ei

2311 680 2502 749 πατρὶ,
2531 679 2582 731 τί
2615 680 2907 752 ὲγέννησε;
2938 683 3033 735 καὶ
3062 684 3129 755 τῇ
3163 685 3355 755 μητρὶ,
3378 684 3446 736 Τί
3478 684 3706 752 ὼόίνειςς
3750 706 3763 738 ι

2388 881 2405 913 ι
2465 861 2521 914 '0
2550 860 2626 933 μὴ
2652 861 2980 933 ἐνθυμηθεὶς
3016 864 3158 918 κατὰ
3177 863 3273 917 τοῦ
3306 864 3518 934 Κυρίου
3544 865 3761 935 πονηρὲ,
3781 866 3845 917 δο-

2312 953 2539 1025 θήσεται
2572 956 2721 1025 αὐτῷ
2746 960 2842 1027 τῆς
2872 957 3110 1020 πίστεως
3152 957 3313 1028 χάρις
3344 957 3600 1027 ἑκλεκτή.
3651 975 3669 1009 ι

2393 1158 2410 1190 ι
2459 1141 2551 1211 Μὴ
2571 1139 2783 1193 δικαιοῦ
2810 1141 3056 1194 ἐναντίον
3090 1140 3317 1213 Κυρίου.
3368 1159 3387 1194 ι

2392 1337 2410 1368 ι
2453 1312 2523 1371 Ὦ
2581 1318 2857 1390 ἄνθρωπε,
2907 1318 3103 1389 μενοῦν
3131 1336 3215 1388 γε,
3274 1321 3338 1373 ob
3378 1321 3461 1383 τίς
3498 1316 3552 1373 εἴ
3590 1323 3618 1373 ὁ
3656 1322 3846 1375 tivum-

2315 1411 2634 1481 κρινόμενος
2672 1411 2750 1480 τῷ
2789 1410 2941 1481 Θεῷ;
2995 1412 3087 1481 Μὴ
3136 1414 3251 1485 ἐρεῖ
3287 1412 3349 1465 τὸ
3382 1414 3610 1482 πλάσμα
3654 1414 3726 1482 τῷ
3749 1416 3847 1468 πλά-

2316 1517 2503 1555 σαντι·
2553 1502 2616 1553 Τί
2650 1519 2716 1571 με
2744 1503 3007 1573 ἐποίησας
3047 1502 3256 1567 οὓτως;
3293 1504 3453 1575 ἢούκ
3492 1504 3609 1574 ἔχει
3646 1505 3845 1569 ἐξουσίαν

2313 1596 2342 1647 ὀ
2392 1595 2673 1665 κεραμεὺς
2722 1595 2816 1648 τοῦ
2870 1595 3043 1666 πηλοῦ
3099 1598 3163 1650 ἐκ
3212 1596 3303 1649 τοῦ
3358 1597 3526 1651 αὑτοῦ
3576 1600 3845 1667 φυράματος

2316 1685 2562 1755 ποιῆσαι,
2591 1685 2619 1737 ὃ
2649 1686 2745 1755 μὲν
2769 1687 2849 1749 είς
2878 1688 3043 1759 τιμὴν
3076 1689 3290 1752 σκεῦος,
3318 1688 3347 1742 ὃ
3374 1690 3430 1743 δὲ
3460 1691 3540 1753 είς
3567 1692 3801 1761 ἀτιμίαν;
3828 1712 3843 1744 ι

2393 1797 2411 1829 ι
2462 1780 2553 1850 Μὴ
2582 1781 2935 1852 πειράζωμεν
2961 1782 3054 1834 τὸν
3081 1783 3305 1852 Κύριον,
3335 1784 3520 1848 καθώς
3544 1801 3686 1846 τινες
3709 1786 3847 1838 αὐτῶν

2316 1874 2638 1944 ἐπείρασαν,
2663 1874 2756 1927 καὶ
2784 1875 2888 1927 ὑπὸ
2919 1875 3026 1928 τῶν
3058 1876 3234 1945 ὄφεων
3274 1876 3575 1931 ἀπώλοντο.
3623 1898 3641 1929 ι

2384 2054 2447 2105 Οἱ
2481 2053 2787 2125 τολμῶντες
2826 2054 2945 2125 Θεῷ
2987 2056 3308 2124 ἀντιλέγειν,
3357 2058 3557 2125 φασίν·
3588 2059 3686 2112 Διά
3728 2059 3769 2110 τί
3808 2061 3849 2110 ἐν

2314 2149 2382 2217 τῇ
2434 2149 2745 2216 κατασκευῇ
2794 2146 2856 2200 τὸ
2895 2147 3280 2218 ἀναμάρτητον
3336 2150 3437 2203 οὐκ
3484 2150 3704 2221 ἔχομεν,
3743 2152 3850 2204 ὥστε

2316 2244 2439 2298 οὐδὲ
2461 2243 2805 2314 βουλομένοις
2830 2246 2961 2314 ἡμῖν
2989 2245 3259 2316 ὑπάρχειν
3284 2246 3342 2298 τὸ
3370 2247 3733 2317 ἀμαρτάνειν;
3758 2248 3850 2299 Ὀτι

2319 2338 2414 2391 καὶ
2450 2337 2514 2390 σὺ
2538 2337 2667 2400 τοὺς
2687 2336 2929 2400 οἰκέτας,
2955 2338 3051 2407 οὐχ
3076 2339 3203 2390 ὅταν
3223 2337 3481 2409 δεσμίους
3510 2338 3642 2409 ἔχῃς
3661 2380 3673 2401 ,
3702 2340 3850 2401 εὔνους

2320 2429 2743 2500 ὑπολαμϐάνεις,
2768 2428 2881 2481 ἀλλ’
2909 2430 3037 2483 ὅταν
3070 2431 3185 2503 ἴδῃς
3215 2433 3481 2495 ἑκουσίως
3507 2431 3850 2504 ἀποπληροῦν.

2318 2521 2417 2585 τάς
2451 2538 2532 2575 σοι
2562 2521 2632 2574 τὰ
2658 2521 2995 2591 καθήκοντα.
3032 2523 3141 2576 Καὶ
3178 2522 3297 2594 Θεῷ
3332 2524 3506 2591 φίλον,
3549 2524 3609 2577 οὐ
3641 2524 3700 2578 τὸ
3720 2526 3850 2594 ἡναγ-

2318 2616 2612 2685 κασμένον,
2640 2613 2776 2667 ἀλλὰ
2810 2614 2870 2667 τὸ
2899 2616 2958 2679 ἐξ
2987 2616 3185 2687 ἀρετῆς
3208 2616 3665 2688 κατορθούμενον.
3699 2616 3852 2686 ’Λρετὴ

2317 2707 2374 2760 δὲ
2428 2708 2493 2761 ὲκ
2542 2708 2941 2779 προαιρέσεως,
2987 2709 3083 2763 καὶ
3115 2710 3216 2763 οὐκ
3262 2710 3512 2780 ἀνάγκης
3558 2711 3774 2778 γίνεται.
3810 2712 3854 2762 ’0

2319 2800 2497 2853 τοίνυν
2547 2802 2895 2871 μεμφόμενος
2950 2801 3044 2856 τὸν
3095 2803 3349 2874 ποιητὴν,
3390 2802 3467 2866 ὡς
3517 2802 3593 2873 μὴ
3647 2803 3855 2872 φυσικῶς

2317 2895 2809 2948 κατασκευάσαντα
2851 2897 3002 2965 ἡμᾶς
3049 2896 3496 2968 ἀναμαρτήτους,
3524 2896 3675 2949 οὐδὲν
3706 2898 3854 2966 ἕτερον

2318 2986 2351 3054 ἢ
2383 2985 2484 3054 τὴν
2522 2985 2717 3055 ἄλογον
2748 2984 2911 3056 φύσιν
2940 2987 3043 3057 τῆς
3086 2987 3313 3059 λογικῆς
3355 2988 3617 3058 προτιμᾷ,
3652 2986 3740 3039 καὶ
3782 2986 3857 3055 τὴν

2319 3076 2577 3147 ἀκίνητον
2618 3077 2711 3131 καὶ
2739 3077 3051 3149 ἀνόρμητον
3076 3078 3181 3149 τῆς
3212 3081 3603 3150 προαιρετικῆς
3650 3079 3740 3130 καὶ
3777 3079 3856 3145 ἑμ-

2320 3187 2590 3242 πρακτου.

632 3273 758 3329 qiaa
797 3260 1084 3317 rationalis
1124 3271 1206 3318 est
1242 3266 1564 3336 anteponit;
1606 3273 1660 3320 ct
1697 3265 1847 3320 illam
1890 3281 2011 3336 quae
2059 3266 2212 3321 nullo
2251 3282 2316 3323 ex
2376 3283 2437 3323 se
2489 3276 2643 3321 motu
2687 3268 2884 3334 cietur,
2951 3268 3000 3322 ei
3079 3268 3171 3323 cui
3230 3267 3375 3323 inest
3455 3267 3653 3323 electio
3703 3277 3747 3320 rt
3797 3265 3857 3317 ris

639 3352 861 3420 agendi.

709 3439 800 3496 Id.
831 3443 982 3512 epist.
1016 3444 1104 3499 41.
1136 3476 1198 3485 -
1228 3444 1306 3501 Ne
1334 3448 1486 3519 quis,
1519 3449 1706 3516 velim,
1733 3451 2011 3521 corrigere
2041 3448 2209 3504 Deum
2240 3455 2286 3517 ο

635 3540 830 3597 tentet,
870 3540 923 3588 et
960 3533 1113 3588 dicat
1140 3553 1153 3590 :
1180 3536 1293 3592 Hoc
1340 3538 1503 3593 nobis
1530 3544 1755 3595 omnino
1798 3539 1959 3596 debet
1998 3541 2213 3595 coutin-

636 3642 784 3695 εει-ε,
819 3641 928 3680 ηοιι
971 3638 1152 3682 autem
1204 3629 1361 3685 illud.
1390 3651 1409 3682 ι
1445 3630 1580 3698 Quis
1614 3635 1760 3687 enim
1807 3634 1961 3687 novit
1989 3649 2212 3689 sensum

640 3716 881 3779 Domini;
924 3727 1018 3772 aut
1041 3721 1166 3789 quis
1188 3724 1539 3778 consiliarius
1571 3724 1691 3793 ejus
1717 3724 1865 3778 fuit?
1896 3745 1914 3778 ι
1939 3723 2112 3797 (Rom.
2138 3741 2211 3791 xi,

635 3812 725 3881 31)
780 3809 843 3865 In
910 3814 1142 3884 caligine
1181 3816 1452 3886 siquidem
1514 3818 1747 3887 judicat,
1797 3826 1858 3872 ut
1902 3817 2024 3872 Johi
2093 3834 2212 3873 ser-

636 3904 894 3959 monibus
941 3914 1088 3972 utar,
1125 3915 1179 3961 et
1224 3909 1400 3964 nubes
1452 3910 1745 3964 absconsio
1790 3911 1913 3980 ejus
1958 3918 2065 3973 est,
2113 3927 2215 3967 nec

635 3996 1030 4064 conspicietur.
1066 3998 1362 4070 Explorata
1399 4002 1767 4056 medicamina
1808 4003 1994 4067 habet,
2028 4019 2150 4073 quae
2183 4018 2212 4055 a

640 4086 771 4140 vitio
793 4088 859 4142 ad
890 4090 1178 4155 virtutem,
1207 4100 1260 4146 ct
1284 4094 1350 4148 ab
1375 4093 1728 4163 ignoratione
1748 4095 1812 4150 ad
1840 4096 2213 4168 cognitionem

636 4178 730 4233 Dei
766 4182 983 4235 animos
1012 4185 1273 4238 excitant.

707 4270 900 4340 Cyri!“
928 4273 1187 4327 Alexaud.
1205 4306 1270 4314 —
1294 4275 1524 4331 Demitte
1549 4278 1927 4346 supercilium,
1947 4296 1978 4332 ο
2003 4280 2166 4334 Ιιοιιιο
2195 4298 2209 4334 :

635 4362 954 4429 repagulum
1002 4371 1054 4416 et
1082 4362 1308 4431 jauuam
1340 4366 1561 4435 impone
1599 4369 1819 4439 linguze.
1857 4369 1939 4423 Ab
1977 4370 2078 4425 hoc
2101 4379 2210 4424 tam

639 4451 836 4521 frigido
889 4455 1204 4524 vaniloquio
1267 4461 1679 4527 quamprimum
1753 4460 2010 4516 abscede.
2080 4463 2211 4517 Sine

638 4542 805 4597 Deum
836 4556 887 4596 ct
917 4546 1081 4610 scire,
1107 4555 1159 4600 et
1200 4545 1400 4616 lacero,
1424 4562 1546 4621 qua:
1575 4552 1752 4621 ipsum
1788 4553 2039 4607 deceant.
2113 4539 2117 4542 ’

677 4677 779 4733 Tit.
820 4677 904 4732 VI.
935 4711 999 4721 —
1035 4681 1108 4735 De
1160 4685 1358 4755 angelis
1381 4702 1411 4768 ,ε
1440 4697 1487 4741 et
1519 4687 1657 4759 quod
1691 4690 1926 4743 admisso
1962 4700 2178 4760 peccato

1264 4768 1573 4824 pumautur.

705 4866 807 4920 Job
850 4886 997 4932 χχιιι,
1047 4872 1133 4927 l5.
1173 4902 1242 4913 —-
1284 4893 1300 4924 ι
1348 4876 1627 4947 Praecepto
1685 4879 1966 4934 interiecit
2018 4881 2211 4936 draco.

636 4974 757 5013 nem
788 4970 1113 5028 apostatam.
1157 4983 1175 5015 ι

706 5049 770 5104 ΙΙ
813 5051 962 5106 Petr.
1011 5071 1070 5118 ιι,
1125 5056 1179 5109 ι.
1226 5086 1295 5095 -
1349 5077 1365 5107 ι
1404 5054 1543 5115 Deus
1589 5064 1801 5133 angelis
1849 5068 2208 5135 peccantibus

636 5158 743 5196 non
780 5146 1045 5213 pepercit,
1094 5146 1186 5200 sed
1230 5146 1557 5204 rudentibus
1586 5152 1789 5207 interni
1833 5155 2115 5212 detractos
2151 5158 2205 5212 in

635 5245 902 5290 tartarum
940 5238 1165 5293 tradidit
1210 5242 1564 5307 cruciandos,
1620 5246 1673 5299 in
1705 5248 1977 5317 judicium
2026 5265 2206 5305 rescr-

635 5331 771 5384 \:tri.
816 5350 833 5382 ›

680 5421 869 5478 .Juda:
921 5426 973 5479 6.
1030 5458 1099 5468 -—
1174 5447 1191 5479 ι
1249 5428 1486 5497 Angelos
1531 5430 1627 5497 qui
1683 5447 1793 5487 non
1842 5446 2204 5491 servaverunt

638 5527 797 5567 suum
837 5520 1226 5589 principatum,
1259 5521 1353 5576 sed
1382 5521 1798 5593 dereliquerunt
1837 5541 1999 5581 suum
2030 5528 2206 5583 donti—

2390 3448 2616 3517 Μηδεὶς,
2653 3446 2981 3516 παρακαλῶ,
3013 3446 3347 3516 διορθούσθω
3380 3447 3475 3499 τὸν
3503 3448 3724 3518 Κύβον,
3751 3448 3856 3516 μηδὲ

2315 3543 2578 3611 λεγέσθω,
2612 3543 2692 3595 ὅτι
2723 3540 2881 3594 τοῦτο
2913 3543 3043 3611 ἡμῖν
3074 3541 3277 3611 ὠφελεῖ
3324 3541 3620 3613 συμϐῆναι,
3668 3545 3754 3595 καί
3782 3542 3857 3593 οὖν

2316 3639 2494 3690 ἐκεῖνο
2524 3636 2761 3697 πάντως.
2798 3654 2815 3685 ι
2860 3634 2956 3697 Τίς
2984 3634 3095 3705 γὰρ
3129 3634 3270 3702 ἔγνω
3299 3634 3425 3687 νοῦν
3468 3636 3706 3705 Κυρίου;
3736 3635 3762 3702 ἧ
3795 3638 3855 3691 τίς

2318 3726 2624 3797 σύμϐουλος
2670 3725 2835 3778 αὑτοῦ
2871 3726 3126 3793 ὲγένετο;
3167 3748 3184 3777 ι
3227 3729 3282 3779 ἐν
3323 3727 3506 3797 γνόφῳ
3557 3726 3660 3797 γὰρ
3694 3728 3853 3795 κρίνει,

2316 3820 2456 3873 κατά
2508 3819 2599 3871 τὸν
2642 3818 2784 3885 Ἰὼϐ,
2841 3821 2931 3871 καὶ
2963 3819 3157 3889 νεφέλη
3206 3818 3502 3890 ἀποκρυυὴ
3556 3819 3735 3877 αὐτοῦ,
3786 3821 3852 3867 tu"

2315 3913 2412 3982 οὑχ
2439 3911 2793 3983 ὀραθήσεται.
2843 3910 2998 3965 Εἷδεν
3037 3912 3105 3964 τὰ
3139 3913 3247 3965 ἀπ’)
3293 3911 3493 3974 κακίας
3541 3911 3629 3963 ἐπὶ
3666 3908 3853 3979 ἀρετὴν,

2316 4006 2410 4059 καὶ
2439 4005 2547 4059 ἀπὸ
2572 4004 2848 4072 ἀγνωσίας
2880 4006 2957 4068 είς
2989 4006 3283 4073 ἐπίγνωσιν
3311 4003 3448 4056 Θεοῦ
3476 4002 3851 4072 προτρεπόμενσ

2316 4097 2604 4168 φάρμακα.

2454 4296 2657 4358 Κάθες,
2685 4295 2961 4367 ἄνθρωπε,
2985 4297 3082 4365 τὴν
3117 4298 3295 4368 ὁρμήν
3316 4314 3330 4329 ·
3359 4298 3548 4361 ἐπίθες
3578 4300 3639 4368 τῇ
3672 4296 3852 4367 γλώττῃ

2317 4388 2512 4458 μοχλὸν
2547 4388 2639 4438 καὶ
2670 4386 2858 4457 θύραν,
2894 4387 3244 4456 ἀποπήδησον
3274 4386 3372 4454 τῆς
3396 4385 3537 4439 οὕτω
3568 4388 3765 4457 ψυχρᾶς
3789 4391 3850 4436 εξ-

2313 4479 2640 4548 καιομυθίας
2697 4480 2876 4548 Πάρες
2928 4479 3020 4530 ἐπὶ
3065 4479 3246 4531 πάντα
3296 4477 3414 4547 Θεῷ
3443 4478 3506 4533 τὸ
3553 4479 3639 4531 καὶ
3686 4478 3849 4530 εξδέυαι

2313 4570 2407 4622 καὶ
2432 4569 2565 4641 δρᾷν
2596 4570 2740 4641 ειπερ
2776 4570 2840 4623 ἂν
2872 4569 3019 4642 αὐτῴ
3046 4571 3267 4643 πρέπει.

2311 4703 2461 4758 Τίτλ.
2530 4704 2623 4773 ς’.
2681 4735 2758 4780 _--
2811 4708 2949 4780 Περὶ
3001 4708 3305 4778 ἀγγέλων
3364 4709 3454 4763 ὅτι
3501 4712 3596 4765 καὶ
3645 4711 3848 4780 ἀγγεῖα-ι

2658 4778 3115 4846 ἁμαρτήσαντες
3164 4780 3537 4841 κολάζονται.

2390 4909 2408 4940 ι
2484 4890 2878 4962 Προστάγματι
2950 4893 3259 4948 ἐθανάτωσε
3314 4896 3583 4967 δράκοντα
3641 4898 3847 4949 ἀποστά-

2311 4998 2430 5052 την.
2495 5000 2512 5032 Ι

2391 5094 2409 5125 ‹
2469 5075 2527 5128 Ὀ
2578 5076 2709 5139 Θεὸς
2764 5077 3200 5148 αμαρτησάντων
3254 5081 3354 5132 οὐκ
3408 5081 3680 5148 ἐφείσατο·
3735 5079 3843 5131 di}:

2312 5169 2525 5238 σειραῖς
2578 5167 2744 5237 ζόφου
2800 5170 3180 5241 ταρταρώσας,
3222 5173 3539 5244 παρέδωκεν
3581 5177 3651 5235 εἰς
3693 5172 3843 5240 κρξςιν

2315 5258 2710 5327 κολαζομένους
2748 5260 3049 5330 τηρεῖσθαι.
3104 5280 3122 5312 ι

2354 5477 2360 5483 .
2392 5456 2410 5486 ι
2473 5437 2763 5505 ’Λγγέλους
2795 5439 2921 5501 τοὺς
2951 5440 3023 5509 μὴ
3051 5442 3401 5513 τηρήσαντας
3428 5446 3524 5516 τὴν
3549 5443 3731 5498 ἑαυτῶν
3756 5444 3835 5508 ἀρ‹

2316 5528 2438 5599 χὴν,
2475 5527 2610 5581 ἀλλὰ
2641 5529 3009 5593 ἀπολιπόντας
3045 5532 3105 5583 τὸ
3134 5533 3262 5587 [διον
3288 5536 3616 5606 οἰκητήριον,
3642 5535 3712 5596 είς
3742 5532 3832 5603 κρί-

1899 5718 2136 5775 νΑιιιιιιῑ
2180 5724 2583 5781 LECTIONES.

719 5824 745 5860 ιι
771 5820 1209 5918 liwfperprram
1249 5831 1299 5883 in
1336 5830 1709 5918 [inparti-citur
1745 5846 1969 5918 accepta
1998 5851 2062 5890 ex
2108 5839 2200 5893 lib.
2230 5856 2360 5896 xvtu
2405 5840 3007 5911 ContraJutian.,cum
3047 5846 3282 5918 Cyrillus
3320 5846 3504 5904 decem
3545 5849 3690 5904 libros
3713 5847 3831 5900 dum

637 5901 809 5955 taxat,
855 5910 961 5948 non
997 5898 1199 5965 plures,
1244 5898 1434 5955 ctuttra
1467 5898 2019 5959 Juliamuucdidcrir.
