4024 6414
532 390 552 450 ]
566 392 671 457 039

1734 391 1794 449 S.
1826 390 2155 451 JOANNIS
2192 390 2623 450 DAMASCENI

3666 384 3786 448 110i)

531 505 584 555 in
641 503 948 565 mulierem,
986 511 1041 555 et
1094 502 1322 557 adduxit
1372 516 1492 555 eam
1545 501 1844 567 additam.
1885 501 1950 553 lit
1976 501 2110 554 dixit

2225 500 2314 571 τὴν
2340 503 2420 564 είς
2458 503 2713 569 γυναῖκα,
2757 500 2851 553 καὶ
2875 500 3082 570 ἤγαγεν
3113 500 3282 571 αὐτὴν
3312 498 3447 565 πρὸς
3480 498 3570 550 τὸν
3614 500 3783 567 Ἀὂᾶμ.

531 596 701 649 Atium
745 612 760 650 :
796 594 911 649 Hoc
933 609 1079 649 nunc
1109 604 1192 650 est
1213 610 1349 649 osex
1367 594 1585 650 ossibus
1624 593 1781 658 meis,
1814 601 1868 648 et
1895 608 2025 647 caro
2053 593 2120 647 de

530 704 692 744 Carne
724 704 862 743 mea.
914 686 1039 744 llaec
1070 688 1361 743 vocabitur
1403 688 1599 742 mulier
1649 688 1766 756 (seu
1798 686 1961 755 vira),
1991 686 2119 755 quia

531 783 599 835 tle
630 780 747 835 viro
790 797 894 835 suo
924 789 1142 851 sumpta
1174 788 1257 835 est
1289 782 1427 850 ipsa.
1459 780 1687 848 Pmpter
1712 779 1814 833 hoc
1847 779 2123 848 relinquet

533 873 699 923 homo
727 880 935 937 patrem
970 882 1025 926 et
1060 878 1313 933 matrem,
1350 878 1404 923 et
1444 870 1740 924 adluerehit
1777 870 1933 923 uxori
1986 886 2118 934 sum,

532 973 585 1020 et
617 976 775 1020 erunt
812 967 921 1020 duo
953 966 1009 1021 in
1048 978 1270 1020 carnem
1314 977 1498 1017 unam.
1533 982 1551 1014 ι

2223 594 2334 647 Καὶ
2383 589 2536 647 εἶπεν
2578 593 2782 663 Ἀδάμ·
2844 592 3018 646 Τοῦτο
3055 591 3151 646 νῦν
3185 593 3333 644 ἐστιν
3364 590 3561 644 ὀστοῦν
3610 593 3786 644 ἐκτῶν

2222 686 2422 739 ὀστέων
2448 702 2573 756 μου,
2606 685 2700 739 καὶ
2731 683 2867 754 σὰρξ
2889 686 2951 736 ἐκ
2977 684 3077 754 τῆς
3108 684 3311 754 σαρκός
3349 699 3475 752 μου.
3501 680 3648 751 Αὕτη
3671 681 3787 750 κλη-

2224 777 2449 849 θήσεται
2478 779 2641 849 γυνὴ,
2664 778 2746 831 ὃτι
2767 779 2832 830 ἐκ
2864 775 2961 829 τοῦ
2992 775 3184 847 ἀνδρὸς
3204 776 3375 845 αὐτῆς
3406 772 3622 844 ἐλήφθη
3644 773 3784 844 αὐτή³

2223 871 2409 924 ’ἐνεκεν
2440 870 2631 923 τούτου
2652 868 2969 939 καταλείψει
2989 867 3275 939 ἄνθρωπος
3293 867 3389 920 τὸν
3408 865 3621 936 πατέρα
3642 865 3787 919 αὐτοῦ

2223 964 2316 1017 καὶ
2344 963 2442 1034 τὴν
2460 961 2672 1034 μητέρα
2687 960 2874 1025 αὑτοῦ,
2893 961 2986 1013 καὶ
3008 958 3547 1031 προσκολληθήσεται
3566 958 3691 1027 apo;
3705 958 3786 1026 τὴν

2113 1064 2123 1071 ’
2223 1057 2458 1124 γυναῖκα
2484 1052 2671 1109 αὐτοῦ’
2700 1053 2795 1108 καὶ
2822 1052 3037 1106 ἔσονται
3064 1052 3114 1105 ot
3138 1052 3233 1106 δύο
3270 1052 3352 1111 είς
3387 1051 3566 1118 σάρκα
3597 1050 3732 1119 μίαν.
3764 1070 3781 1100 ι

604 1144 708 1199 Job
762 1162 814 1209 π,
846 1144 901 1210 8,
936 1142 1025 1206 ll,
1051 1141 1103 1196 9.
1142 1170 1212 1180 —
1249 1157 1267 1189 ι
1306 1138 1501 1195 Manus
1558 1146 1667 1194 tute
1726 1137 1977 1194 fecerunt
2012 1155 2119 1203 me,

532 1246 588 1292 et
624 1238 1035 1307 plasmaverunt
1080 1248 1189 1289 me.
1223 1231 1371 1287 Pelle
1415 1240 1469 1287 et
1508 1245 1673 1286 carne
1720 1232 1939 1286 vestisti
2000 1246 2120 1297 me;

533 1328 754 1382 ossibus
799 1333 853 1381 et
902 1324 1088 1380 nervis
1143 1322 1470 1394 compegisti
1520 1338 1628 1377 tne.
1682 1321 1954 1377 Memento
1993 1323 2122 1394 quia

533 1422 675 1474 sicut
708 1418 879 1472 lutum
925 1415 1130 1471 tinxisti
1163 1430 1282 1481 me;
1331 1424 1386 1470 et
1422 1430 1617 1472 rursus
1648 1416 1700 1468 in
1726 1424 1926 1470 terram
1956 1417 2123 1473 redu-

533 1525 626 1564 CCS
658 1524 763 1563 me.
804 1524 822 1557 ι

604 1600 757 1655 Psat.
792 1614 1023 1663 xxxvtu,
1060 1598 1117 1666 ϐ,
1162 1599 1216 1653 7.
1255 1627 1317 1638 ο-
1364 1618 1383 1651 ι
1422 1596 1815 1654 Verumtamen
1862 1600 2123 1656 universa

530 1695 786 1755 vanitas,
857 1691 1040 1748 omnis
1103 1691 1273 1745 homo
1346 1690 1555 1747 vivens.
1612 1691 2003 1748 Verumtamen
2069 1692 2121 1747 in

532 1782 771 1852 imagine
796 1780 1097 1851 pertransit
1136 1780 1341 1848 homo;
1393 1781 1489 1837 sed
1528 1788 1584 1836 et
1636 1780 1844 1838 frustra
1890 1793 2123 1839 contur-

535 1879 716 1929 batur.
761 1892 779 1925 ι

604 1964 758 2019 Psal.
792 1978 907 2029 cut,
937 1962 1123 2019 29.-—
1171 1982 1189 2015 ι
1230 1964 1465 2022 Auferes
1515 1964 1766 2035 spiritum
1810 1981 2023 2032 eorum,
2073 1975 2128 2022 et

536 2056 791 2111 deficient
826 2074 840 2110 :
884 2065 937 2111 et
965 2056 1018 2110 in
1047 2056 1326 2125 pulverem
1358 2072 1517 2111 suum
1552 2065 1964 2112 convertentur.
2007 2077 2025 2110 ι

602 2147 781 2204 Eccle.
815 2164 899 2211 tu,
928 2148 1019 2202 20.
1052 2179 1124 2191 —
1165 2168 1182 2201 ι
1222 2148 1420 2204 Omnia
1452 2149 1521 2205 de
1573 2158 1719 2205 terra
1776 2149 1924 2206 facta
1955 2161 2125 2220 sunt;

532 2230 585 2294 et
613 2239 794 2294 omnia
833 2240 887 2293 in
916 2248 1119 2293 terram
1154 2246 1524 2295 revertentur.
1559 2260 1579 2293 ι

2301 1167 2319 1200 ι
2355 1149 2421 1201 At
2449 1147 2632 1219 χεῖρές
2669 1164 2762 1200 σου
2784 1145 3051 1217 ἐποίησάν
3082 1162 3173 1216 με,
3208 1146 3306 1198 καὶ
3327 1143 3605 1199 ἔπλασαν
3635 1142 3787 1214 δέρμα

2225 1240 2321 1294 καὶ
2345 1239 2514 1310 κρέας
2537 1238 2812 1303 ὲνέδυσας,
2844 1238 3057 1301 ὀστέοις
3093 1237 3151 1291 δὲ
3176 1240 3270 1290 καὶ
3300 1234 3519 1306 νεύροις
3556 1253 3620 1306 με
3668 1237 3787 1288 ὲνείο

2230 1350 2346 1404 ρας.
2369 1332 2654 1404 Μνήσθητι
2681 1333 2763 1386 ὅτι
2790 1330 2961 1400 πηλόν
3002 1348 3070 1403 με
3119 1330 3389 1398 ἔπλασας,
3416 1332 3499 1394 εἰς
3519 1330 3576 1383 δὲ
3610 1329 3703 1400 γῆν
3730 1346 3789 1399 με

2226 1426 2390 1479 πάλιν
2420 1424 2811 1497 ἀποστρέφεις.
2845 1443 2864 1476 ι

2304 1625 2321 1656 ι
2364 1603 2508 1675 Πλὴν
2554 1604 2622 1657 τὰ
2681 1619 2977 1674 σύμπαντα
3008 1603 3333 1675 ματαιότης,
3388 1603 3501 1665 πᾶς
3532 1601 3795 1671 ἄνθρωπος

2229 1697 2376 1761 ζῶνο
2408 1697 2591 1767 μέντοι
2638 1712 2703 1766 γε
2757 1697 2815 1750 ὲν
2870 1695 3039 1750 είκόνι
3068 1695 3453 1768 διαπορεύεται
3505 1694 3792 1765 ἄνθρωπος,

2230 1789 2370 1861 πλὴν
2397 1789 2574 1861 μάτην
2595 1788 2951 1860 ταράσσεται.
2988 1807 3007 1841 ι
3820 1788 3823 1789 ⁷

2307 1982 2325 2016 ι
2372 1962 2709 2028 Ἀντανελεῖς
2752 1964 2815 2017 τὸ
2856 1962 3075 2034 πνεῦμα
3100 1963 3302 2029 αὐτῶν,
3353 1963 3451 2017 καί⁵
3479 1962 3791 2032 ἐκλείψουσι,

2230 2054 2325 2108 καὶ
2353 2055 2431 2117 είς
2458 2054 2550 2108 τὸν
2580 2055 2708 2125 χοῦν
2731 2054 2914 2109 αὐτῶν
2944 2054 3387 2126 ἐπιστρέφουσιν.
3436 2073 3455 2106 ι

2307 2165 2325 2198 ι
2356 2147 2437 2201 Τὰ
2473 2148 2651 2202 πάντα
2681 2146 2902 2217 ἐγένετο
2952 2148 3017 2200 ὲκ
3060 2147 3154 2200 τοῦ
3182 2147 3328 2218 χοὸς,
3378 2149 3474 2201 καὶ
3522 2146 3595 2200 τὰ
3640 2146 3795 2201 πάντα

2229 2240 2549 2312 ἐπιστρέψει
2585 2242 2666 2305 είς
2707 2241 2807 2312 τὴν
2844 2241 2971 2313 γῆν.
3013 2260 3032 2294 ι

607 2330 737 2401 Sap.
773 2347 834 2398 ιι,
863 2331 954 2387 23.
987 2362 1059 2372 —-
1084 2331 1249 2402 310
1284 2350 1303 2384 ι
1337 2332 1482 2389 Deus
1513 2334 1721 2389 ereavit
1750 2333 1818 2389 de
1850 2342 1994 2389 terra
2031 2335 2127 2391 ho-

534 2423 740 2478 minem
779 2423 1332 2489 inexterminabilem,
1372 2434 1427 2480 et
1453 2424 1520 2480 ad
1562 2427 1858 2498 imaginem
1902 2429 2123 2483 attenti-

538 2515 661 2570 tatis
697 2530 813 2570 sua:
840 2513 972 2570 fecit
1008 2515 1187 2569 illum.
1231 2535 1250 2568 ι

2303 2352 2322 2386 ι
2373 2333 2431 2387 '0
2460 2333 2596 2398 Θεὸς
2656 2334 2839 2389 ἔκτισε
2892 2334 2987 2389 τὸν
3043 2333 3334 2405 ἄνθρωπον
3391 2334 3485 2385 ἐπὶ
3515 2332 3792 2401 ἀφθαρσίᾳ,

2228 2426 2323 2479 καὶ
2371 2426 2494 2480 κατ’
2538 2425 2723 2481 είκόνα
2766 2426 2865 2497 τῆς
2912 2426 3047 2490 ίδίας
3094 2425 3400 2497 ὰῖδιότητος
3427 2424 3684 2495 ἐποίησεν
3711 2424 3790 2476 ad-

2226 2522 2339 2577 τόν.
2388 2541 2407 2572 ι

2306 2635 2325 2667 ι
2369 2615 2428 2668 Ὀ
2459 2616 2690 2687 ποιήσας
2717 2614 2787 2668 τὰ
2819 2615 2998 2669 πάντα
3026 2616 3083 2666 ἐν
3116 2612 3261 2685 λόγῳ
3292 2628 3388 2664 σου
3418 2610 3518 2665 καὶ
3552 2611 3618 2680 τῇ
3655 2606 3798 2677 σοφίᾳ

2230 2731 2324 2769 σου
2358 2730 2779 2776 κατασκευασας
2807 2711 3117 2782 ἄνθρωπον,
3157 2708 3245 2762 ἵνα
3294 2706 3535 2775 δεσπόζῃ
3561 2704 3667 2757 τῶν
3709 2700 3796 2756 ὑπὸ

604 2606 732 2676 Sap.
763 2624 839 2673 ix,
869 2607 919 2671 1,
945 2607 1002 2662 2.
1023 2639 1094 2648 —-
1128 2626 1146 2659 ι
1182 2608 1284 2676 Qui
1320 2610 1495 2665 fecisti
1528 2612 1714 2666 omnia
1739 2613 1907 2668 verbo
1932 2620 2049 2679 tuo,
2072 2625 2127 2670 et

535 2696 802 2768 sapientia
827 2705 919 2751 ttta
953 2699 1296 2763 constituisti
1331 2701 1632 2765 hominem,
1659 2710 1716 2756 ιιι
1746 2701 2128 2760 dominaretur

537 2802 825 2857 creatura;
878 2807 999 2861 quae
1028 2807 1058 2845 a
1111 2802 1164 2847 te
1206 2790 1347 2846 facta
1380 2804 1486 2857 est,
1538 2803 1595 2849 ut
1627 2795 1883 2864 disponat
1933 2797 2124 2853 orbem

538 2893 699 2938 terra:
730 2885 782 2938 in
809 2885 1069 2955 aequitate
1102 2892 1156 2940 et
1183 2885 1422 2955 iustitia,
1456 2894 1509 2942 et
1534 2889 1586 2942 in
1610 2888 1915 2946 directione
1938 2892 2125 2947 cordis

531 2975 800 3041 judiciqu
837 2976 1073 3045 judicet.
1116 2996 1135 3029 ›

608 3068 738 3136 Sap.
773 3084 868 3133 vn,
907 3068 956 3121 1.
986 3099 1049 3109 --
1102 3088 1120 3121 ι
1157 3068 1223 3123 Et
1261 3086 1362 3142 ego
1397 3070 1619 3141 quidem
1649 3073 1901 3129 mortalis
1937 3073 2123 3137 homo,

2231 2806 2325 2862 σοῦ
2380 2807 2693 2878 γενομένων
2747 2807 3087 2876 κτισμάτων,
3132 2802 3230 2857 καὶ
3280 2800 3445 2873 διέπῃ
3476 2798 3573 2852 τὸν
3614 2796 3796 2866 κόσμον

2228 2903 2286 2955 ὲν
2325 2900 2564 2969 ὁσιότητι
2595 2899 2692 2953 καί⁹
2718 2898 3033 2969 δικαιοσύνη
3052 2937 3067 2962 ,
3113 2897 3207 2950 καὶ
3233 2896 3291 2948 ὲν
3340 2892 3607 2963 εὑθύτητι
3635 2890 3795 2961 κρίσιν

2230 2993 2411 3063 κρίνῃ.
2445 3012 2463 3044 ι

2305 3102 2324 3136 ι
2362 3085 2492 3156 Είμὶ
2541 3082 2642 3154 μὲν
2676 3080 2833 3150 κάγὼ
2883 3080 3076 3149 θνητὸς
3105 3079 3413 3150 ἄνθρωπος,
3466 3076 3581 3139 τσος
3616 3076 3797 3128 ἅπασιν

537 3162 738 3215 similis
790 3162 1068 3225 omnibus,
1110 3171 1165 3217 et
1210 3179 1276 3217 ex
1322 3179 1520 3231 genere
1578 3174 1803 3219 terreno
1854 3168 2122 3222 oriundus

2229 3179 2324 3234 καὶ
2352 3176 2617 3250 γηγενοῦς
2657 3177 2925 3246 ἀπόγονος
2953 3175 3404 3249 πρωτοπλὰστου,
3435 3173 3535 3226 καὶ
3560 3174 3620 3225 ἐν
3640 3169 3797 3238 κοιλίᾳ⁵

540 3255 690 3309 illius
714 3254 803 3323 qui
840 3255 988 3323 prior
1017 3255 1195 3311 factus
1223 3266 1326 3322 est,
1359 3264 1412 3311 et
1442 3258 1493 3310 in
1534 3265 1721 3312 ventre
1755 3260 1948 3315 matris
1983 3260 2125 3331 ﬁgu-

538 3346 694 3402 ratus
723 3363 841 3399 sum
872 3362 1024 3411 caro,
1058 3348 1241 3403 decem
1284 3351 1557 3404 mensium
1591 3360 1839 3422 tempore
1868 3352 2126 3423 coagula-

540 3451 628 3495 tus
658 3455 781 3492 sum
810 3440 861 3493 iu
885 3440 1175 3512 sanguine,
1194 3455 1258 3495 ex
1284 3442 1495 3497 semine
1522 3440 1856 3508 hominis,et
1887 3444 2124 3501 delecta-

540 3541 727 3587 mento
777 3533 956 3587 somni
1010 3533 1395 3588 conveniente.
1456 3533 1519 3587 Et
1555 3549 1659 3605 ego
1716 3544 1885 3592 natus
1934 3538 2123 3608 accepi

535 3639 884 3679 communem
945 3639 1149 3691 aerem,
1192 3635 1249 3679 et
1289 3626 1342 3679 in
1378 3624 1637 3683 similiter
1695 3627 1895 3684 lactant
1951 3631 2123 3686 decidi

541 3728 777 3783 terram;
809 3724 863 3770 et
889 3715 1121 3786 primam
1160 3732 1347 3773 vocem
1380 3718 1618 3774 similem
1671 3722 1932 3777 omnibus
1962 3723 2125 3778 emisi

538 3811 785 3878 plorans.
841 3808 898 3862 in
949 3810 1341 3866 iuvolumeutis
1400 3813 1645 3867 nutritus
1686 3828 1831 3875 sum,
1867 3822 1922 3868 et
1950 3817 2125 3871 curis.

537 3899 707 3955 Nemo
738 3901 885 3955 enim
923 3914 989 3955 ex
1022 3902 1244 3972 regibus
1276 3902 1421 3958 aliud
1457 3902 1646 3959 habuit
1677 3904 1985 3961 nativitatis
2017 3907 2124 3961 ini-

538 3994 696 4046 tium.
724 3990 878 4047 Unus
906 4007 1039 4062 ergo
1068 3992 1326 4049 introitus
1357 4004 1442 4051 est
1465 3997 1725 4053 omnibus
1758 3998 1823 4052 ad
1852 3999 2043 4066 vitam,
2072 4011 2127 4056 et

539 4086 736 4139 similis
766 4086 969 4140 exitus.
1012 4103 1031 4137 ι

608 4172 781 4226 Εεείὶ.
810 4188 945 4237 xvu,
983 4174 1034 4234 1,
1071 4171 1125 4226 2.
1160 4203 1230 4212 —
1264 4191 1283 4226 ι
1324 4173 1591 4232 Dominus
1620 4179 1832 4234 ereavit
1871 4178 1940 4235 de
1978 4188 2124 4235 terra

537 4268 835 4321 hominem.
894 4264 1198 4322 Numerum
1248 4265 1465 4322 dierum
1500 4276 1555 4323 et
1595 4278 1809 4340 tempus
1842 4271 1994 4327 dedit
2027 4274 2124 4338 illi,

538 4368 593 4410 et
617 4365 943 4427 potestatem
977 4371 1145 4426 super
1186 4372 1326 4415 eam.
1360 4358 1442 4412 Ad
1479 4358 1773 4429 imaginem
1806 4377 1960 4418 suam
1996 4365 2127 4419 fecit

539 4447 693 4501 illum
729 4465 742 4500 :
779 4456 833 4500 et
864 4446 1048 4517 posuit
1080 4448 1331 4503 timorem
1366 4448 1540 4518 ipsius
1563 4465 1728 4521 super
1757 4467 1974 4509 omnem
2006 4470 2127 4512 car-

2236 3271 2445 3343 μητρὸς
2470 3270 2712 3341 ὲγλύφην
2728 3268 2887 3341 σὰρξ,
2916 3266 3291 3338 δεκαμηνιαίῳ
3328 3265 3509 3336 χρόνῳ
3534 3264 3724 3331 παγεὶς
3748 3262 3795 3313 ὲν

2232 3366 2445 3437 αἶματι,
2478 3365 2544 3418 ὲκ
2575 3364 2889 3436 σπέρματος
2910 3361 3126 3433 ἀνδρὸς,
3158 3365 3253 3414 κοιλ⁵
3286 3358 3482 3430 ἡδονῆς
3512 3356 3666 3425 ὕπνῳ
3691 3373 3799 3408 aov-

2232 3456 2517 3527 ελθούσης.
2543 3456 2653 3510 Καὶ
2678 3453 2788 3524 ἐγὼ
2813 3453 2870 3506 δὲ
2899 3453 3189 3523 γενόμενος
3235 3450 3453 3503 ἔσπασα
3501 3448 3597 3501 τὸν
3640 3446 3795 3501 κοινὸν

2231 3547 2393 3619 ἀέρα,
2421 3547 2517 3601 καὶ
2546 3545 2639 3599 ἐπὶ
2666 3544 2765 3615 τὴν
2788 3540 3095 3614 ὁμοιοπαθῆ
3119 3540 3397 3593 κατέπεσα
3425 3537 3566 3606 γῆν,
3598 3534 3796 3605 πρώτην

2234 3639 2419 3709 φωνὴν
2448 3636 2546 3706 τὴν
2570 3636 2764 3707 ὁμοίαν
2795 3635 2962 3687 πᾶσιν
2997 3633 3089 3686 ίσα
3112 3630 3312 3685 κλαίων
3333 3644 3348 3658 ⁸
3386 3631 3446 3681 ὲν
3480 3628 3796 3698 σπαργάνοις

2233 3730 2544 3800 ἀνετράφην
2575 3728 2672 3782 καὶ
2722 3728 2780 3781 ὲν
2826 3724 3126 3796 φροντίσιν.
3168 3722 3359 3785 Οὐδεὶς
3399 3720 3511 3790 γὰρ
3566 3718 3797 3789 βασιλεὺς

2234 3824 2427 3894 ἑτέραν
2448 3823 2576 3893 ἔσχε
2606 3821 2873 3890 γενέσεως
2900 3819 3075 3891 ἀρχήν
3094 3834 3110 3851 ·
3143 3817 3243 3888 μία
3271 3814 3329 3869 δὲ
3364 3814 3587 3879 πάντων
3614 3810 3794 3871 εἴσοδος

2233 3914 2311 3978 είς
2338 3913 2430 3967 τὸν
2460 3913 2686 3983 κόσμον,
2718 3911 2897 3980 ἔξοδος
2925 3912 3036 3981 ἴση.
3068 3928 3088 3961 ι

2309 4209 2327 4243 t
2368 4189 2572 4262 Κύριος
2630 4188 2815 4244 ἔκτισε
2844 4189 2909 4241 ἐκ
2944 4187 3047 4258 γῆς
3076 4185 3364 4255 ἄνθρωπον
3384 4198 3398 4214 ·
3447 4184 3661 4254 ἡμέρας
3689 4182 3793 4248 ἀρι-

2235 4280 2405 4352 θμοὺς
2455 4284 2550 4337 καὶ
2580 4281 2771 4353 καιρὸν
2827 4280 3028 4334 ἔδωκεν
3073 4278 3244 4348 αὐτῷ,
3292 4278 3388 4331 καὶ
3419 4276 3622 4328 ἔδωκεν
3662 4270 3793 4337 αὐτῴ

2234 4377 2479 4444 ἐξουσίαν
2508 4377 2596 4430 ἐπ’
2619 4376 2811 4446 αὐτῆς.
2847 4376 2983 4429 Κατ’
3009 4372 3195 4427 είκόνα
3231 4371 3397 4426 αὐτοῦ
3432 4369 3682 4438 ἐποίησεν
3714 4366 3793 4418 αὺ-

2233 4469 2345 4532 τὸν,
2377 4468 2470 4522 καὶ
2494 4469 2691 4540 ἔθηκεν
2717 4467 2810 4521 τὸν
2834 4466 2998 4535 φόϐον
3031 4462 3197 4518 αὑτοῦ
3244 4463 3336 4515 ἐπὶ
3372 4462 3556 4532 πάσης
3590 4460 3790 4529 σαρκὸς,

538 4551 683 4601 nam,
734 4544 789 4590 et
838 4538 1158 4595 dominatus
1206 4546 1293 4594 est
1352 4539 1656 4598 bestiarum
1709 4552 1764 4598 et
1818 4547 2118 4616 reptilium.

2228 4561 2649 4632 κατακυριεύειν
2678 4560 2885 4631 Θηρίων
2912 4556 3006 4613 καὶ¹
3035 4554 3299 4628 ἑρπετῶν.
3339 4553 3673 4609 Διαδούλιον.
3712 4549 3791 4602 καὶ

534 4628 806 4691 Couszlio,
840 4637 895 4684 et
946 4633 1241 4699 sententia,
1287 4643 1339 4688 et
1390 4635 1587 4703 oculis,
1616 4646 1669 4693 et
1718 4638 2013 4709 disciplina
2044 4641 2123 4695 in-

538 4720 853 4789 telligentia:
884 4722 1115 4792 replevit
1147 4742 1271 4781 eum
1310 4747 1320 4781 :
1360 4737 1415 4783 et
1446 4729 1587 4785 bona
1617 4738 1673 4785 et
1709 4734 1851 4787 mala
1881 4737 2128 4793 ostendit

535 4826 606 4863 CI.
645 4827 664 4861 υ

610 4900 779 4956 Eccli.
812 4918 926 4967 xu,
957 4904 1042 4959 15.
1066 4935 1137 4945 -
1168 4926 1189 4960 ι
1233 4908 1425 4965 Omnia
1449 4928 1573 4981 qua:
1603 4913 1671 4968 de
1701 4922 1849 4971 terra
1882 4927 2032 4982 sunt,
2068 4919 2121 4974 in

536 5002 735 5047 terram
772 5004 1133 5051 revertentur.
1172 5018 1190 5049 ι

601 5085 799 5154 Epltes.
840 5105 898 5153 ιι,
931 5088 984 5143 8.
1018 5120 1088 5133 -
1123 5108 1141 5141 ι
1174 5090 1353 5161 ipsius
1376 5092 1582 5151 factura
1617 5113 1831 5166 sumus,
1858 5105 2028 5160 creati
2065 5105 2116 5159 in

529 5177 749 5233 Christo
789 5177 919 5234 Jesu
964 5180 1018 5233 in
1070 5182 1335 5251 operibus
1388 5184 1566 5254 bonis,
1612 5206 1734 5261 quae
1792 5198 2116 5265 praeparavit

530 5269 697 5335 Deus,
734 5274 869 5325 utin
904 5272 1040 5342 ipsis
1069 5273 1435 5334 ambulemus.
1473 5298 1492 5330 ι

563 5357 718 5452 ἀρε.
753 5376 790 5425 ι,
819 5361 996 5416 l8.—
1031 5380 1051 5412 ι
1094 5360 1417 5423 Voluntaria
1463 5372 1652 5439 genuit
1686 5390 1789 5431 nos
1820 5381 1985 5436 verbo
2018 5398 2111 5439 ve-

528 5447 731 5540 rilatis,
784 5457 842 5500 ut
883 5451 1059 5505 simus
1091 5452 1310 5509 initium
1344 5457 1567 5529 aliquod
1601 5473 1869 5523 creaturae
1899 5471 2042 5540 ejus.
2084 5494 2103 5526 ι

597 5535 875 5595 Clementis
908 5557 1078 5613 ραρω,
1109 5548 1262 5616 epist.
1298 5551 1347 5604 1.
1379 5581 1450 5591 --
1472 5552 1610 5608 Cum
1642 5556 1758 5628 ipse
1791 5564 1863 5618 sit
1890 5535 2112 5621 creator

2225 4656 2417 4722 δόξαν,
2471 4654 2567 4708 καὶ
2623 4652 2978 4724 ὀφθαλμοὺς,
3032 4650 3128 4705 καὶ
3184 4640 3501 4718 ἐπιστήμην
3549 4644 3787 4699 συνέσεως

2227 4749 2525 4820 ἐνέπλησεν
2570 4749 2773 4813 αὑτὸν,
2820 4746 2916 4802 καὶ
2968 4746 3149 4815 ἀγαθὰ
3199 4746 3294 4798 καὶ
3340 4742 3489 4797 κακά
3537 4735 3787 4799 ὑπέδειξεν

2227 4841 2397 4912 αὐτῷ.
2442 4861 2460 4893 ι

2303 4951 2323 4984 ι
2369 4931 2556 4985 Πάντα
2584 4932 2685 4985 ὅσα
2707 4931 2818 4984 ἀπὸ
2849 4928 2975 4999 γῆς,
3003 4930 3083 4992 είς
3109 4930 3211 4999 τὴν
3234 4926 3340 4997 γῆν
3363 4924 3725 4978 ἐπελεύσεται.
3764 4938 3780 4969 υ

2248 5090 2256 5097 ⁸
2302 5129 2319 5160 ι
2361 5108 2536 5162 Αὐτοῦ
2569 5110 2737 5178 ὲσμεν
2760 5108 2994 5178 ποίημα,
3030 5106 3346 5169 κτισθέντες
3374 5105 3435 5157 ὲν
3459 5104 3632 5177 ἔργοις
3658 5102 3781 5166 ἀγα-

2224 5202 2337 5264 θοῖς
2365 5203 2422 5254 ἐν
2452 5201 2677 5274 Χριστῷ
2722 5200 2916 5271 Ἰησοῦ,
2945 5194 3024 5263 οἷς
3052 5198 3463 5270 προητοίμασεν
3490 5202 3518 5253 ὁ
3545 5198 3685 5259 Θεὸς,
3706 5196 3779 5282 ἵνα

2221 5293 2281 5343 ἐν
2306 5292 2455 5361 αὐτῷ
2485 5292 2973 5363 περιπατήσωμεν.
3013 5309 3032 5343 ι
3292 5302 3299 5309 ’

2297 5397 2317 5432 ι
2352 5380 2644 5451 Βουληθεὶς
2695 5380 3007 5450 ἀπεκύησεν
3053 5381 3203 5452 ἡμᾶς
3229 5380 3378 5451 λόγῳ
3411 5380 3675 5450 ἀληθείας,
3708 5376 3776 5431 εἰς

2217 5471 2279 5525 τὸ
2301 5466 2439 5525 εἶναι
2462 5474 2609 5543 ἡμᾶς
2632 5473 2887 5545 ἀπαρχήν
2912 5490 3035 5528 τινα
3053 5472 3164 5525 τῶν
3193 5472 3390 5526 ἑαυτοῦ
3418 5472 3731 5541 κτισμάτων.
3753 5484 3771 5518 ι

2288 5564 2460 5629 Αὐτὸς
2493 5567 2521 5618 ό
2550 5565 2893 5637 Δημιουργὸς
2949 5564 3046 5620 καὶ
3089 5565 3369 5635 Δεσπότης
3410 5564 3518 5618 τῶν
3546 5562 3773 5617 ἁπάντων

1849 5669 2082 5732 VAlll/E
2116 5675 2515 5734 LECTIONES.

605 5751 657 5822 ὀ
701 5739 837 5822 Hinc
869 5749 1096 5822 emenda
1136 5753 1261 5806 editi

526 5815 650 5875 τοῦς
670 5828 682 5841 ’
710 5815 816 5885 γῆν
842 5834 901 5872 τε
927 5818 1255 5892 διεμέρισεν.

1270 5770 1427 5812 onem
1470 5756 1702 5828 Usserii,
1738 5764 1829 5834 qui
1871 5782 1936 5822 ex
1976 5769 2382 5839 conjectatione
2415 5771 2489 5827 ita
2520 5770 2861 5837 restituerat,
2902 5768 3071 5826 αὐτοῦ
3122 5770 3286 5843 σοφίᾳ
3335 5770 3630 5842 ἐκόσμησεν
3682 5764 3769 5817 αὑ-
