3910 6412
166 423 303 491 1101

1502 422 1745 487 5ΛοΒΑ
1783 421 1877 482 PA
1886 422 2229 483 RALLELA
2242 466 2260 483 .

3295 413 3430 478 1102

156 548 249 600 ἐπὶ
280 546 395 609 τοῖς
422 544 607 615 ἔργοις
648 542 816 599 αὐτοῦ
856 526 1173 613 ἀγάλλεται.
1202 541 1425 614 Τῷ’γάρ
1452 556 1717 612 παμμεγι

1842 546 1899 595 et
1939 537 2204 592 Dominus
2234 536 2504 603 omnium,
2554 536 2611 590 in
2656 532 2919 606 operibus
2948 530 3276 587 delectatur.
3329 528 3424 583 Et-

157 636 341 705 στάτῳ
360 634 527 689 αὑτοῦ
554 635 744 706 κράτει
770 635 1034 706 οὐρανοὺς
1058 633 1360 704 ἐστήριξεν,
1394 630 1486 685 καὶ
1515 633 1581 702 τῇ
1608 631 1744 684 ἀκα-

155 730 419 800 ταλήπτῳ
446 729 611 783 αὑτοῦ
652 730 866 783 συνέσει
890 730 1254 798 διεκόσμησεν
1294 726 1524 794 αύτούςί·
1552 729 1656 797 γῆν
1685 725 1742 779 ὁὶ

156 820 425 891 ἐχώρισεν
463 820 573 873 ἀπὸ
631 820 725 874 τοῦ
766 821 1115 891 περιέχοντος
1167 820 1340 889 αὐτὴν
1374 819 1587 883 ὕδατος,
1646 819 1742 872 καὶ

151 909 391 980 ῆδρασεν
428 910 521 962 ἐπὶ
554 909 649 963 τὸν
694 909 915 980 ἀσφαλῆ
946 909 1043 963 τοῦ
1082 910 1212 963 ἰδίου
1242 908 1549 979 θελήματος
1577 907 1741 977 θεμέ-

151 1001 293 1056 λιον.
336 1001 462 1054 Ἐπὶ
490 1000 705 1065 τούτοις
749 1002 841 1054 τὸν
891 999 1226 1070 ἐξοχώτατον
1260 999 1357 1053 καὶ
1404 997 1737 1070 παμμεγέθη

149 1092 441 1163 ἄνθρωπον
493 1094 615 1154 ταῖς
665 1092 825 1154 ἰδίαις
879 1092 1046 1146 αὐτοῦ
1096 1092 1193 1145 καὶ
1231 1090 1488 1161 ἀμώμοις
1546 1089 1728 1161 χερσὶι

150 1182 412 1241 ἔπλασεν.
443 1184 545 1254 τῆς
572 1183 767 1238 ἑαυτοῦ
793 1184 1003 1246 είκόνος
1032 1184 1377 1254 χαρακτῆρα.
1410 1181 1598 1245 Οὕτως
1625 1180 1736 1253 γάρ

148 1289 319 1342 φησιν
350 1272 532 1336 όΘεός
555 1290 567 1303 ·
604 1290 624 1324 ι
682 1273 1010 1343 Ποιήσωμεν
1049 1272 1337 1342 ἄνθρωπον
1372 1273 1495 1324 κατ’
1550 1271 1735 1325 εἰκόνα

146 1361 447 1430 ἡμετέραν,
490 1362 583 1415 καὶ
615 1360 1040 1432 καθ’ὁμοίωσιν,
1091 1361 1202 1415 Καὶ
1242 1361 1503 1431 ἐποίησεν
1542 1363 1571 1415 6
1601 1360 1734 1424 Θεὸς

143 1452 238 1505 τὸν
291 1452 599 1524 ἄνθρωπον,
655 1453 823 1525 ἀρσεν
865 1454 959 1508 καὶ
991 1453 1125 1521 θῆλυ
1164 1454 1421 1524 ἐποίησεν
1452 1454 1671 1518 αὐτούς.
1707 1472 1726 1506 ι

144 1540 337 1594 Ταῦτα
361 1538 453 1594 οὖν
473 1542 655 1596 πάντα
681 1542 995 1609 τελειώσας,
1037 1544 1293 1615 ἐποίησεν
1317 1544 1477 1611 αὐτὰ,
1505 1546 1600 1598 καὶ
1632 1544 1733 1615 ηὑ-

140 1630 369 1702 λόγησε,
404 1633 499 1686 καὶ
527 1629 681 1687 εἶπεν
708 1652 722 1666 °
759 1652 778 1687 ι
807 1634 1114 1702 Αύξάνεσθε
1144 1635 1237 1689 καὶ
1266 1635 1627 1705 πληθύνεσθε.
1668 1655 1687 1689 ι

212 1725 316 1787 Τίς
341 1726 543 1779 ὀστέων
562 1725 794 1796 ἐξῆπται
814 1726 1052 1796 ἀτηκτον
1072 1726 1293 1793 ούσίαν;
1317 1726 1400 1791 τίς
1420 1727 1478 1780 δὲ
1504 1727 1728 1797 συνέδη-

140 1834 236 1870 σεν
264 1818 635 1872 ἐπιτείνεσθαι
664 1819 901 1889 νεύροις,
936 1820 1030 1873 καὶ
1058 1819 1306 1872 ἀνίεσθαι
1339 1820 1469 1889 περὶ
1494 1818 1595 1881 τὰς
1625 1819 1727 1890 ἀρ-

1841 633 1986 690 euim
2039 630 2427 702 ingentissimo
2472 629 2670 683 robore
2723 642 2827 683 suo
2874 624 3045 680 caries
3096 622 3332 688 fulcivit,
3371 629 3428 692 et

1843 723 2385 794 ineomprehensibili
2418 722 2693 777 industria
2745 734 2845 774 sua
2893 716 3112 773 ornavit
3160 733 3177 772 :
3219 723 3424 771 terram

1839 824 2023 869 autem
2059 813 2312 869 distinxit
2357 813 2427 867 ab
2467 826 2609 882 aqua
2658 826 2779 867 eam
2827 809 3127 871 ambiente,
3157 817 3213 863 et
3261 822 3428 877 super

1840 913 1959 961 tuto
1988 904 2290 961 voluntatis
2321 919 2437 959 sua:
2487 902 2848 957 fundamento
2886 900 3175 957 stabilivit.
3220 897 3426 953 Deinde

1840 996 2361 1053 excellentissimum
2393 1003 2447 1049 et
2501 994 2822 1066 prtecelsum
2873 1007 3102 1063 prorsus
3147 990 3421 1044 hominem

1840 1089 2072 1144 suismet
2097 1088 2472 1143 immaculatis
2515 1086 2774 1141 manibus
2821 1084 3000 1151 tinxit,
3040 1082 3135 1153 qui
3164 1081 3422 1153 imaginis

1838 1195 1953 1235 suae
1986 1178 2217 1251 efﬁgiem
2243 1178 2496 1234 referret.
2531 1175 2622 1231 Sic
2649 1177 2798 1232 enim
2838 1174 2982 1229 Deus
3014 1175 3093 1228 ait
3126 1191 3140 1227 :
3174 1192 3192 1225 ι
3231 1170 3425 1226 Facia-

1837 1286 1958 1325 mus
1985 1270 2264 1325 hominem
2293 1270 2357 1323 ad
2396 1268 2687 1340 imaginem
2729 1275 2973 1323 nostram
3012 1274 3067 1323 et
3104 1265 3424 1321 similitudi-

1837 1380 1961 1419 nem
1999 1373 2270 1419 nostram.
2305 1362 2371 1417 Et
2419 1362 2551 1416 fecit
2579 1361 2726 1416 Deus
2757 1360 3075 1413 hominem:
3112 1359 3419 1413 masculum

1835 1463 1890 1511 et
1921 1456 2182 1510 feminam
2218 1454 2347 1509 fecit
2375 1468 2473 1509 eos
2502 1451 2656 1524 (Gen.
2687 1467 2727 1518 ι,
2757 1451 2852 1514 26,
2882 1448 2998 1521 27).
3026 1469 3044 1502 ι
3078 1448 3210 1516 Quae
3236 1449 3419 1503 omnia

1835 1561 1960 1601 eum
2001 1545 2332 1607 absolveret,
2370 1544 2563 1599 isthaec
2604 1543 2753 1607 fecit,
2799 1541 3189 1611 lteuedixitque
3218 1549 3271 1595 et
3300 1541 3417 1593 ait:

1840 1655 1859 1690 ι
1896 1637 2146 1693 Crescite
2173 1644 2230 1692 et
2273 1635 2716 1707 multiplicamini
2759 1635 2913 1706 (ibid.
2946 1634 3062 1705 28).
3104 1653 3122 1686 ι

1902 1730 1963 1786 S.
1999 1729 2259 1785 Methodti
2311 1729 2375 1785 de
2421 1745 2681 1785 resurrec.
2705 1757 2774 1769 —-
2802 1727 2940 1794 Quis
2970 1727 3167 1781 duram
3206 1727 3418 1782 ossium

1833 1823 2202 1880 substantiam
2232 1822 2547 1893 compegit?
2585 1821 2712 1891 quis
2740 1820 2985 1876 membra
3023 1819 3328 1890 colligavit,
3362 1830 3418 1873 lt)

139 1910 323 1977 μογάς
344 1910 705 1980 καμπτόμενα
724 1912 794 1966 τὰ
828 1912 964 1982 μέλη
987 1929 1000 1975 ;
1034 1912 1119 1975 τίς
1144 1911 1203 1976 ὃς
1223 1912 1475 1983 ἐζύμωσε
1495 1914 1717 1983 χυμοὺς,

1833 1920 2018 1975 nervis
2041 1918 2423 1981 tenderentur,
2448 1925 2501 1971 et
2532 1914 2998 1985 circajuncturas
3035 1914 3234 1969 inﬂexa
3272 1915 3423 1968 laxa-

133 2002 338 2063 δεύσας
383 2004 596 2071 αἵματι,
636 2008 730 2058 καὶ
761 2006 1046 2076 μαλθακὴν
1086 2008 1220 2077 ἡμῖν
1252 2008 1317 2059 ἐκ
1349 2005 1473 2077 χοὸς
1507 2006 1722 2077 σάρκα;

132 2094 317 2159 Μόνος
361 2098 390 2149 6
423 2098 816 2168 ἀριστοτέχνης
852 2100 951 2170 τὴν
986 2099 1359 2171 λογικωτάτην
1401 2099 1587 2153 εἰκόνα
1630 2100 1726 2152 καὶ

132 2184 384 2256 ἔμψυχον
404 2188 496 2240 τὸν
516 2187 827 2259 ἄνθρωπον,
861 2191 1011 2259 ἡμᾶς
1049 2190 1245 2243 ἑαυτοῦ
1278 2191 1722 2261 τεκταινόμενος,

131 2279 228 2330 καὶ
256 2278 657 2349 κηροπλαστῶν
679 2280 737 2346 ἐξ
759 2281 943 2351 ὑγρῶν
971 2282 1066 2334 καὶ
1096 2280 1454 2352 βραχυτάτων
1479 2283 1727 2353 σπερμά-

128 2386 240 2422 των
271 2372 334 2422 ἐν
366 2370 569 2441 μήτρᾳ.
607 2372 703 2434 Τίς
744 2371 852 2442 γάρ
904 2374 1052 2425 ἐστιν
1089 2372 1117 2425 6
1147 2371 1598 2444 προμηθούμενος
1648 2372 1724 2441 μὴ

129 2462 543 2531 συμπνίγεσθαι
576 2462 654 2533 τῷ
684 2463 856 2534 ὑγρῷ,
898 2466 993 2518 καὶ
1022 2466 1089 2535 τῇ
1120 2466 1320 2534 συνοχῇ
1354 2463 1465 2517 τῶν
1488 2464 1723 2533 ἀγγείων
1760 2478 1763 2479 ⁷

129 2553 584 2623 ἐπικλειζόμενον
635 2553 745 2607 ἔσω
786 2555 846 2607 τὸ
896 2554 1172 2626 ἐμϐρυον;
1225 2554 1258 2625 ἢ
1307 2554 1391 2618 τίς
1437 2556 1466 2608 6
1498 2554 1637 2625 μετά
1664 2555 1724 2608 τὸ

124 2645 480 2715 λοχευθῆναι,
519 2646 611 2700 καὶ
644 2647 724 2708 είς
757 2646 872 2715 φῶς
911 2646 1176 2711 ἀνελθεῖν,
1226 2647 1305 2709 είς
1334 2645 1584 2718 μέγεθος,
1626 2646 1723 2699 καὶ

124 2737 352 2803 καλλος,
387 2740 481 2791 καὶ
518 2739 733 2810 ῥώμην,
766 2739 828 2804 ἐξ
855 2738 1118 2801 ἀσθενοῦς
1151 2739 1243 2791 καὶ
1277 2737 1509 2808 βραχέος
1558 2753 1724 2808 μετα-

123 2828 367 2893 δάλλων,
400 2833 447 2884 εί
479 2832 553 2901 μὴ
583 2832 743 2895 αὐτὸς
769 2825 922 2895 οὗτος
950 2832 978 2883 6
1009 2830 1421 2903 ἀριστοτέχνης,
1450 2829 1526 2894 ὼς
1559 2829 1719 2901 ἔφην,

122 2920 283 2986 Θεὸς,
336 2924 422 2992 τῇ.
458 2925 717 2994 ποιητικῇ
778 2921 1007 2992 δυνάμει
1064 2922 1585 2992 μετασχηματίζων,
1626 2921 1722 2973 καὶ

123 3014 585 3085 μεταζωγραφῶν
630 3014 730 3077 τὰς
765 3014 951 3081 ίδέαςς
998 3014 1058 3067 'U
1091 3013 1223 3077 Θεὸς
1258 3014 1530 3067 ἀθανασία
1580 3014 1716 3078 ἐστὶ,

119 3105 216 3158 καὶ
247 3106 392 3176 ζωὴ,
448 3107 543 3159 καὶ
574 3106 883 3176 ἀφθαρσίαο
914 3104 1081 3176 ἔργον
1111 3105 1169 3159 δὲ
1225 3104 1512 3176 ἄνθρωπος
1540 3103 1675 3157 Θεοῦ
1700 3120 1715 3135 ’

1829 2011 2057 2068 rentur?
2076 2010 2213 2077 Quis
2244 2008 2503 2063 humores
2534 2008 2866 2077 mollemque
2889 2020 2954 2061 ex
2982 2005 3151 2060 lmmo
3175 2021 3420 2065 carnem,

1832 2105 2102 2176 sanguine
2159 2118 2279 2158 eam
2344 2100 2754 2173 perfundendo,
2819 2097 3213 2154 fermentavit?
3269 2097 3423 2153 solus

1830 2199 1992 2268 plane
2026 2195 2516 2267 prmstantissimus
2547 2191 2744 2248 artifex
2785 2191 2953 2257 Deus,
2989 2192 3082 2262 qui
3118 2191 3420 2250 hominem.

1828 2285 1881 2339 id
1930 2296 2015 2339 est
2065 2285 2279 2338 ratione
2333 2282 2623 2353 praeditam
2657 2288 2713 2336 et
2766 2280 3066 2335 animatam
3124 2280 3420 2351 imaginem

1829 2388 2007 2436 suam,
2064 2388 2189 2438 nos,
2246 2374 2497 2443 inquam,
2524 2370 2836 2435 fabricavit,
2882 2379 2939 2426 et
2991 2386 3057 2425 ex
3096 2370 3327 2426 humido
3370 2382 3427 2424 et

1827 2465 2127 2537 perexiguo
2177 2466 2387 2521 semine
2427 2466 2483 2519 in
2528 2464 2692 2519 vulva
2748 2464 2963 2528 matris,
3016 2465 3166 2519 velut
3212 2480 3243 2521 e
3294 2479 3422 2519 cera

1826 2558 2214 2613 eonformavit.
2250 2556 2451 2627 Ecquis
2481 2558 2625 2611 enim
2648 2564 2731 2611 est
2755 2557 2847 2627 qui
2872 2555 3146 2627 providet,
3175 2571 3243 2610 ne
3272 2556 3419 2611 fetus

1828 2650 2081 2705 humoris
2110 2648 2291 2719 copia,
2324 2656 2379 2703 et
2406 2648 2825 2718 compressione
2855 2661 3112 2701 vasorum
3159 2647 3419 2708 obrutus,

1825 2738 1976 2795 intus
2027 2736 2393 2809 praefocetur?
2458 2744 2553 2789 aut
2612 2736 2773 2806 quis,
2829 2743 3123 2806 postquam
3174 2743 3424 2809 gestatus

1827 2839 1987 2885 utero
2016 2836 2122 2895 est,
2168 2837 2225 2885 et
2257 2827 2478 2883 tandem
2511 2827 2564 2882 in
2599 2828 2777 2882 lucem
2810 2826 3016 2892 editus,
3050 2841 3116 2881 ex
3157 2826 3419 2882 imbecilii
3448 2846 3451 2849 λ

1824 2929 1880 2977 et
1915 2921 2119 2991 pusillo
2152 2936 2437 2991 magnum,
2481 2918 2776 2990 pulchrum
2807 2926 2864 2973 et
2909 2917 3203 2973 robustum
3242 2918 3422 2973 reddi.

1823 3012 1922 3075 (lit,
1955 3011 2062 3068 nisi
2100 3010 2243 3066 idem
2273 3011 2410 3081 ipse,
2453 3026 2618 3080 quem
2654 3008 2817 3064 modo
2839 3008 3115 3072 dicebam,
3151 3018 3419 3080 praestan-

1824 3103 2073 3159 tissimus
2123 3100 2383 3156 conditor
2432 3100 2617 3163 Deus,
2672 3099 2767 3169 qui
2819 3100 3081 3169 potentia:
3114 3115 3229 3156 sua:
3254 3100 3415 3171 311

118 3198 227 3250 πᾶν
268 3196 334 3249 δὲ
372 3196 435 3250 τὸ
472 3197 577 3250 ὑπὸ
619 3196 921 3261 ἀθανασίας
961 3195 1253 3267 ἐργασθὲν,
1302 3195 1590 3251 ἀθάνατον.
1624 3197 1717 3249 Διὸ

1827 3194 2163 3259 eﬂicacitate,
2210 3194 2387 3248 instar
2442 3191 2676 3262 pictoris
2728 3190 3046 3261 cujusdam,
3103 3191 3315 3249 formas
3364 3192 3457 3247 in‘

111 3291 207 3343 τὸν
241 3290 351 3355 μὲν
376 3290 665 3361 ἄνθρωπον
692 3290 1070 3361 ηὐτούργησεν
1112 3289 1310 3352 αὑτός·
1346 3289 1417 3343 τά
1444 3289 1501 3342 δὲ
1550 3289 1716 3343 λοιπὰ

1827 3286 2103 3341 diversum
2160 3292 2361 3339 mutat.
2416 3282 2561 3340 Deus
2612 3283 3003 3340 immortalitas
3048 3292 3163 3352 est,
3215 3284 3327 3339 vita
3365 3294 3422 3339 et

112 3382 249 3455 γένη
274 3381 389 3435 τῶν
414 3381 592 3448 ζώων,
646 3383 792 3456 ἀέρι,
829 3381 926 3435 καὶ
951 3384 1045 3453 γῇ,
1086 3382 1182 3435 καὶ
1216 3380 1370 3434 ὕδατι
1412 3381 1715 3453 προσέταξε

1827 3376 2173 3446 incorruptio
2219 3392 2233 3429 :
2283 3390 2425 3445 opus
2484 3384 2669 3428 autem
2706 3371 2827 3438 Dei,
2886 3373 3074 3429 homo.
3137 3373 3416 3446 Quidquid

112 3474 336 3544 φέρειν,
374 3492 393 3526 ι
436 3473 808 3542 Ἐξαγαγέτω,
839 3473 1039 3541 λέγων,
1076 3472 1145 3525 τὰ
1174 3471 1343 3525 ὕδατα
1366 3472 1575 3544 ἑρπετά
1609 3468 1716 3536 ξω.

1827 3485 1987 3540 porro
2017 3470 2087 3523 ab
2118 3467 2537 3522 immortalitate
2583 3465 2789 3521 factum
2840 3474 2948 3530 est,
2998 3467 3308 3524 immortale
3346 3470 3416 3523 sit

112 3563 225 3617 σῶν
255 3562 474 3633 ψυχῶν,
501 3564 596 3617 καὶ
634 3562 858 3617 πετεινά
883 3562 1157 3633 πετόμενα
1184 3563 1278 3615 ἐπὶ
1304 3564 1403 3631 τῆς
1426 3563 1550 3633 γῆς,
1572 3562 1715 3616 κατὰ

106 3656 171 3709 τὸ
194 3656 495 3726 στερέωμα
519 3655 613 3709 τοῦ
634 3655 889 3726 οὐρανοῦ.
916 3674 934 3707 ι
967 3655 1098 3716 Καὶ,
1135 3671 1153 3703 ι
1203 3651 1549 3721 Ἑξαγαγέτω
1583 3656 1611 3723 ἡ
1640 3655 1713 3725 γῆ

106 3745 294 3815 ψυχὴν
319 3746 503 3807 ζῶσαν
525 3745 669 3799 κατά
691 3748 867 3814 γένος’
890 3746 1220 3817 τετράποδα,
1241 3749 1335 3801 καὶ
1362 3748 1590 3819 ἑρπετὰ,
1617 3748 1712 3801 καὶ

107 3838 283 3910 θηρία
319 3838 423 3908 τῆς
448 3839 553 3909 γῆς
574 3839 717 3892 κατά
746 3838 927 3907 γένος.
970 3858 987 3889 ι
1038 3840 1162 3893 Ἐπὶ
1204 3839 1261 3893 δὲ
1288 3839 1384 3893 τοῦ
1419 3839 1711 3911 ἀνθρώπου

104 3931 205 3983 οὐκ
238 3930 352 3995 ἔτι,
372 3949 389 3982 ι
413 3929 814 4000 Ἐξαγαγέτω,ι
843 3931 1003 3996 ἀλλὰ,
1041 3932 1397 4002 «Ποιήσωμεν
1424 3930 1711 4003 ἄνθρωπον

104 4024 226 4075 κατ’
277 4024 473 4077 εἰκόνα
530 4024 810 4094 ἡμετέραν
860 4027 958 4079 καὶ
1006 4023 1127 4078 καθ’
1178 4022 1462 4094 ὁμοίωσιν.
1502 4043 1521 4075 ο
1564 4022 1708 4088 Καὶ,

108 4135 127 4167 ι
168 4116 416 4171 Ἔλαϐεν
447 4116 478 4168 6
502 4115 635 4180 Θεὸς
662 4116 792 4187 χοῦν
806 4115 922 4170 ἀπὸ
953 4117 1053 4187 τῆς
1087 4115 1211 4187 γῆς,
1239 4116 1334 4169 καὶ
1353 4114 1591 4169 ἔπλασεν
1613 4112 1713 4169 c.6-

100 4208 217 4263 τόν.
254 4228 274 4260 ι

1818 3568 2057 3630 oportet.
2089 3557 2167 3613 Ac
2199 3558 2438 3629 proinde
2462 3557 2685 3628 quidem
2718 3557 2997 3613 hominem
3021 3559 3258 3628 ipsemet
3287 3559 3420 3615 effe-

1817 3653 1931 3705 cit:
1966 3649 2173 3717 reliqua
2197 3656 2380 3701 autem
2413 3646 2779 3700 animantium
2812 3661 3034 3716 genera,
3061 3648 3199 3711 aeri,
3234 3656 3414 3711 tet-rw,
3452 3666 3455 3669 ·

1820 3752 1874 3801 et
1905 3743 2066 3813 aquis
2096 3738 2450 3811 producenda
2489 3736 2789 3791 mandavit.
2829 3755 2848 3789 ι
2887 3736 3203 3793 Producant
3242 3739 3412 3798 enim,

1821 3836 2022 3906 inquit,
2053 3848 2210 3904 aqua:
2260 3831 2475 3901 reptilia
2512 3829 2816 3885 viventium
2850 3831 3188 3897 animarum,
3227 3840 3282 3887 et
3316 3847 3415 3889 vo-

1821 3927 1994 3982 latilia
2035 3927 2279 3981 volantia
2341 3938 2507 3993 super
2566 3932 2794 3990 terram,
2851 3938 2950 3991 per
3001 3924 3409 3980 firmamentum
3454 3942 3455 3945 η

1819 4021 1942 4076 caeli
1980 4018 2133 4092 (Gen.
2170 4035 2208 4079 ι,
2237 4017 2352 4086 20).
2385 4035 2404 4070 ι
2438 4011 2506 4070 Et
2538 4034 2552 4071 :
2594 4035 2612 4067 ι
2660 4014 2938 4071 l’roducat
2979 4024 3126 4072 terra
3166 4017 3408 4073 animam

1820 4115 2091 4169 viventem
2134 4111 2436 4167 secundum
2484 4124 2660 4181 genus
2696 4108 2851 4179 (ibid.
2882 4108 2998 4181 24).
3039 4129 3057 4162 ι
3093 4111 3163 4165 At
3208 4110 3277 4167 de
3308 4110 3410 4165 ho-

1817 4206 1965 4261 mine
1995 4220 2101 4259 non
2144 4204 2271 4259 item
2305 4202 2469 4266 dixit,
2504 4202 2811 4265 Producat;
2868 4202 3007 4258 sed:
3052 4220 3070 4254 ι
3114 4201 3409 4257 Faciamus
3452 4198 3455 4201 ’

102 4299 397 4356 hominem
448 4302 514 4355 al
549 4300 848 4371 imaginem
882 4311 1126 4356 nostram
1173 4308 1227 4355 et
1261 4297 1682 4355 similitudinem
1750 4292 1815 4350 Et
1862 4296 2166 4366 assumpsit
2222 4293 2366 4350 Deus
2412 4294 2699 4364 pulverem
2735 4294 2803 4349 de
2835 4302 3004 4359 terra,
3079 4301 3137 4349 et
3201 4292 3407 4350 cﬂinxit

99 4409 254 4448 eum.
301 4413 321 4445 ι

172 4486 361 4555 Σῶμα
417 4484 631 4537 ἔκτισεν
679 4486 709 4537 ό
745 4484 901 4547 Θεὸς,
955 4484 1078 4554 οὐχὶ
1130 4484 1323 4536 νόσον·
1375 4482 1472 4536 καὶ
1525 4481 1705 4551 ψυχὴν

98 4578 374 4649 ἐποίησεν
411 4577 440 4629 6
468 4576 620 4641 Θεὸς,
660 4577 779 4647 οὐχὶ
825 4577 883 4630 δὲ
932 4576 1211 4647 ἁμαρτίαν
1233 4591 1245 4604 ·
1296 4573 1553 4645 ἐκακώθη
1583 4574 1639 4625 δὲ
1670 4575 1702 4643 ἡ

93 4670 250 4742 ψυχὴ
284 4672 720 4741 παρατραπεϊσα
745 4670 842 4724 τοῦ
866 4670 1009 4725 κατὰ
1037 4671 1219 4739 φύσιν.
1244 4667 1353 4724 Ἦν
1387 4688 1515 4723 ποτε
1532 4670 1705 4740 ’Λξάμ

94 4763 233 4829 ἀνω,
263 4762 335 4816 ού
368 4763 539 4832 τόπῳ,
559 4762 699 4816 ἀλλά
721 4766 787 4835 τῇ
813 4763 1155 4834 προαιρέσει.
1183 4764 1280 4816 Διά
1308 4763 1359 4815 τί
1380 4764 1478 4815 οὐκ
1503 4761 1705 4824 εὐθέως

92 4855 254 4925 αύτῷ
299 4855 826 4926 συγκατεσκευάσθη
866 4855 962 4908 καὶ
1008 4856 1076 4908 τὰ
1098 4855 1402 4926 ἐνδύματα;
1431 4855 1553 4907 Ὅτι
1582 4852 1705 4906 οὔτε

92 4945 321 5014 φυσικὰ
351 4945 595 5016 ἔπρεηαν
614 4941 755 4999 εἶναι
781 4945 977 5012 ταῦτα,
1007 4945 1132 4999 οὔτε
1160 4948 1224 4998 ἐκ
1252 4946 1467 5016 τέχνης.
1498 4944 1579 4997 Τὰ
1605 4944 1705 5014 μὲν

90 5038 208 5108 γὰρ
245 5038 464 5107 φυσικά
495 5036 600 5092 ἴδια
647 5039 755 5092 τῶν
789 5038 1002 5107 ἀλόγων
1041 5040 1213 5101 ἐστὶν,
1262 5033 1373 5092 οἷον
1404 5038 1579 5108 πτερά
1611 5038 1705 5091 καὶ

87 5130 315 5201 τρίχες,
342 5131 437 5183 καὶ
468 5130 760 5202 δερμάτων
791 5130 1065 5202 παχύτης,
1103 5132 1317 5198 στέγειν
1360 5130 1458 5199 μὲν
1498 5130 1702 5201 χειμῶ-

89 5239 216 5286 νας,
256 5222 455 5292 φέρειν
498 5222 558 5276 δὲ
612 5222 902 5287 καύσωνας
950 5223 1299 5294 δυναμένων·
1335 5221 1608 5293 ἀνθρώπῳ
1644 5220 1703 5275 δὲ

87 5315 324 5385 ἔπρεπε
356 5314 499 5366 κατά
529 5314 630 5385 τὴν
663 5312 960 5381 ἀναλογίαν
1010 5313 1112 5383 τῆς
1143 5312 1279 5382 πρὸς
1307 5311 1441 5364 Θεὸν
1479 5312 1702 5382 ἀγάπης

86 5402 580 5475 παρηλλαγμένας
614 5403 722 5457 τῶν
762 5401 986 5471 ἀγαθῶν
1031 5402 1131 5465 τὰς
1172 5400 1473 5464 ἀντιδόσεις
1518 5400 1700 5469 ὑπάρ-

86 5514 233 5567 χειν.

159 5673 402 5731 Σκόπει,
433 5673 515 5733 τίς
552 5673 584 5741 ὴ
617 5670 726 5723 ἀπὸ
754 5671 936 5739 ψυχῆς
965 5671 1030 5741 τῇ
1074 5668 1237 5739 σαρκὶ
1263 5666 1576 5736 ἐνδιδομένη
1607 5663 1691 5716 δύ-

84 5780 287 5832 ναμις,
321 5760 417 5813 καὶ
440 5761 523 5823 τίς
556 5761 589 5831 ἡ
621 5761 729 5813 ἀπὸ
765 5760 968 5832 σαρκὸς
1009 5758 1145 5831 πρὸς
1189 5756 1368 5828 ψυχὴν
1400 5754 1696 5809 ἐπανιοῦσα

86 5855 433 5930 συμπάθεια
454 5871 465 5883 ·
511 5855 624 5918 πῶς
659 5856 872 5924 δέχεται
910 5855 1008 5925 μὲν
1062 5852 1162 5923 τὴν
1194 5849 1339 5922 ζωὴν
1370 5851 1431 5903 ἐκ
1466 5849 1562 5919 τῆς
1588 5846 1693 5917 ψυ-

1886 4472 2060 4527 Basil.
2098 4467 2256 4525 Hom.
2287 4466 2427 4538 quod
2455 4466 2594 4520 Deus
2641 4482 2745 4519 non
2794 4474 2874 4521 est
2918 4476 3105 4520 auctor
3155 4468 3307 4522 mali.
3337 4493 3407 4506 -—

1811 4563 1956 4618 Deus
1988 4577 2189 4631 corpus
2214 4560 2434 4630 quidem
2467 4558 2740 4621 condidit,
2800 4558 2897 4613 sed
2945 4574 3056 4614 non
3111 4562 3404 4625 morbum;
3453 4615 3456 4619 ,

1812 4655 1893 4708 sie
1924 4668 2144 4723 quoque
2175 4651 2412 4705 animam
2446 4648 2597 4713 fecit,
2641 4649 2734 4704 sed
2766 4664 2874 4704 non
2911 4660 3219 4721 peccatum.
3260 4649 3406 4705 Vitio

1810 4756 1994 4802 autem
2040 4745 2254 4799 imbuta
2312 4742 2498 4797 anima
2529 4753 2639 4805 est,
2677 4749 2975 4814 postquam
3025 4744 3096 4799 ab
3145 4759 3213 4800 eo
3257 4745 3403 4814 quod

1811 4845 2021 4892 naturae
2040 4839 2472 4889 consentaneum
2505 4838 2651 4897 erat,
2682 4830 2929 4888 deﬂexit.
2972 4832 3103 4887 Erat
3124 4834 3402 4905 quondam

1809 4922 2053 4983 Adamus
2083 4940 2331 4989 sursum,
2364 4939 2470 4979 non
2504 4925 2650 4991 loco,
2686 4924 2783 4980 sed
2814 4926 2982 4980 animi
3007 4926 3401 4982 destinatione.

1808 5021 1920 5075 Cur
1961 5028 2143 5072 autem
2194 5015 2521 5070 indumenta
2545 5016 2710 5071 simul
2748 5017 2851 5088 ipsi
2885 5025 3074 5087 parata
3106 5030 3212 5069 non
3234 5015 3405 5069 sunt?

1804 5112 2068 5167 nimirum
2099 5108 2228 5178 quia
2260 5122 2361 5163 nec
2389 5107 2689 5169 naturalia.
2713 5123 2814 5163 nec
2835 5116 2952 5162 arte
2977 5106 3257 5162 elaborata
3278 5120 3402 5160 esse

1805 5202 2190 5258 conveniebat.
2226 5198 2509 5253 Naturalia
2530 5200 2677 5254 enim
2713 5200 2893 5254 brutis
2926 5199 3225 5270 peculiaria
3246 5209 3397 5257 sunt.

1806 5305 1865 5349 ut
1899 5297 2120 5365 plumae,
2156 5293 2273 5364 pili,
2306 5308 2509 5347 crassae
2536 5293 2711 5363 pelles
2745 5310 2758 5346 :
2796 5293 3000 5362 quippe
3032 5308 3153 5362 quze
3182 5292 3399 5362 algort-s

1804 5398 1859 5443 et
1885 5397 2053 5443 aestus
2086 5385 2315 5457 perinde
2368 5385 2514 5440 ferre
2546 5394 2777 5455 queant.
2810 5386 2879 5439 At
2919 5384 3200 5440 hominem
3232 5385 3397 5439 decie-

1806 5482 1896 5536 bat
1925 5495 2025 5550 pro
2076 5494 2176 5534 sua
2217 5494 2345 5548 erga
2379 5480 2549 5533 Demn
2592 5478 2887 5543 eharitate,
2930 5476 3149 5532 diversa
3179 5493 3400 5549 quoque

1806 5570 2075 5627 bonorum
2106 5570 2326 5639 praemia
2364 5568 2593 5624 referre.

1875 5662 2066 5732 Ejusd.
2093 5662 2237 5715 Item.
2272 5664 2327 5716 in
2362 5663 2495 5715 illud
2521 5678 2537 5714 :
2562 5660 2789 5715 Attende
2818 5661 2913 5715 tibi
2955 5662 3074 5731 ipsi.
3106 5693 3177 5703 —
3203 5658 3401 5715 (tonsi-

1800 5756 1933 5811 dera
1972 5771 2228 5826 quaenam
2277 5756 2348 5811 sit
2387 5771 2450 5811 ea
2508 5755 2774 5826 potentia,
2803 5770 2967 5827 quam
3006 5756 3190 5810 anima
3242 5753 3396 5808 carni

1802 5845 2079 5919 impertit,
2111 5854 2164 5903 et
2192 5847 2431 5904 vicissim
2460 5861 2714 5919 quamam
2750 5862 2780 5902 a
2824 5863 2994 5903 carne
3040 5847 3105 5901 ad
3157 5845 3397 5901 animam
