4024 6452
315 452 454 522 1105
1654 462 1891 522 SACRA
1926 457 2392 523 PARALLELA.
3429 462 3569 530 ιιοδ

310 590 417 636 σιν,
447 573 481 643 ἢ
532 572 652 636 πῶς
682 573 759 645 μὴ
784 572 894 628 ἀπὸ
919 570 1056 627 Θεοῦ
1086 572 1259 637 πέσω,
1310 572 1598 644 βαρυνθεὶς
1643 576 1763 636 ταῖς
1795 573 1889 627 πέ-

2018 588 2238 643 gnorem
2269 573 2432 643 cujus
2464 572 2542 629 rei
2584 588 2754 629 causa
2784 576 2887 632 sim
2924 583 3268 646 procreatus,
3302 577 3570 647 quodque

307 664 449 728 δαις,
471 663 866 729 κατασπώσαις
892 664 926 735 ἢ
944 663 1304 735 κατεχούσαις
1333 666 1413 727 εἰς
1428 663 1642 734 ἔδαφος.
1662 663 1889 734 Ἐχθρός

2018 664 2124 719 nibi
2172 681 2270 735 per
2300 670 2552 722 actiones
2588 668 2654 722 ad
2696 668 2867 721 Deum
2904 669 3203 724 ascendere
3241 669 3567 723 incumbat:

308 757 458 809 ἐστιν
486 755 745 826 εὐμενὴς,
777 757 874 811 καὶ
898 732 1051 825 φίλος
1071 732 1379 819 ἐπίϐουλος.
1406 756 1471 809 Ὢ
1499 732 1598 825 τῆς
1628 732 1892 824 συζύγίας

2025 758 2321 822 incontra,
2362 769 2422 813 ut
2476 774 2602 813 cum
2653 759 2905 826 adjutore
2945 759 3131 814 mitius
3188 775 3366 830 agam,
3424 760 3574 816 nulla

308 846 533 916 καὶτῆς
583 845 1019 918 ἀλλοτριώσεως.
1076 848 1141 900 Ὃ
1190 845 1485 918 φοϐοῦμαι,
1532 847 1817 915 περιέπω·
1863 844 1892 898 ὃ

2018 865 2102 904 um
2152 852 2295 905 ratio
2331 854 2595 917 occurrit,
2652 869 2760 923 qua
2809 853 3133 909 rebellantis
3187 852 3450 922 impetum
3492 852 3578 906 fu-

311 938 551 1009 στέργω,
574 939 791 994 δέδοικα
810 954 824 970 ·
857 940 989 1011 πρὶν
1037 940 1372 1011 πολεμῆσαι,
1404 939 1851 1008 καταλλάσσομαι
1873 952 1888 968 ·

310 1032 408 1083 καὶ
437 1032 567 1103 πρὶν
592 1030 929 1103 εἰρηνεῦσαι,
958 1032 1265 1103 διΐσταμαι.
1296 1033 1393 1095 Τίς
1436 1033 1469 1103 ἡ
1505 1032 1637 1103 περὶ
1675 1031 1774 1101 ἐμὲ
1805 1047 1894 1084 σο-

310 1123 449 1192 φίας
487 1123 583 1178 καὶ
616 1124 669 1177 τί
690 1124 751 1178 τὸ
774 1124 917 1195 μέγα
948 1125 1077 1196 περὶ
1118 1124 1217 1195 ἐμὲ
1249 1125 1580 1195 μυστήριον;
1615 1123 1647 1194 ἢ
1675 1121 1727 1176 τί
1767 1121 1892 1192 βού-

309 1214 486 1279 λεται,
522 1218 717 1285 μοῖραν
741 1216 890 1286 ἡμᾶς
909 1214 1072 1278 ϐντας
1104 1214 1262 1278 Θεοῦ,
1292 1215 1390 1267 καὶ
1429 1213 1636 1268 ἀνωθεν
1667 1212 1896 1283 ῥεύσαν-

309 1324 433 1370 τας,
464 1308 552 1360 ἵνα
577 1307 653 1378 μὴ
681 1307 769 1362 διὰ
793 1307 894 1377 τὴν
918 1307 1077 1374 ἀξίαν
1114 1306 1467 1377 ἐπαιρόμενοι
1500 1306 1593 1357 καὶ
1633 1319 1893 1374 μετεωρι-

312 1395 531 1465 ζόμενοι
561 1397 991 1468 καταφρονῶμεν
1012 1396 1106 1451 τοῦ
1134 1397 1453 1460 κτίσαντος,
1489 1396 1547 1449 ὲν
1571 1397 1638 1466 τῇ
1667 1393 1803 1465 πρὸς
1834 1394 1896 1447 τὸ

316 1485 483 1555 σῶμα
511 1488 657 1561 πάλῃ
688 1489 785 1542 καὶ
818 1490 967 1562 μάχῃ
1011 1488 1151 1559 πρὸς
1190 1487 1353 1541 αὑτὸν
1395 1486 1484 1540 ἀεὶ
1532 1485 1773 1556 βλέπειν,
1802 1485 1898 1540 καὶ

314 1576 416 1648 τὴν
440 1580 876 1651 συνεζευγμένην
900 1579 1208 1644 ἀσθένειαν,
1236 1578 1613 1648 παιδαγωγίαν
1642 1573 1780 1632 εἶναι
1801 1577 1897 1632 τοῦ

316 1669 650 1741 ἀξιώματος,
705 1673 791 1728 ἶνα
820 1673 1050 1743 εἴδωμεν
1082 1675 1131 1727 οἱ
1162 1672 1316 1726 αὐτοὶ
1346 1671 1592 1742 μέγιστοί
1642 1687 1702 1725 τε
1746 1669 1898 1736 ὄντες

317 1764 417 1817 καὶ
449 1764 845 1831 ταπεινότατοι,
876 1767 1111 1834 ἐπίγειοι
1154 1764 1250 1819 καὶ
1277 1762 1542 1834 οὐράνιοι,
1570 1761 1899 1833 πρόσκαιροι

320 1855 416 1908 καὶ
441 1854 741 1919 ἀθάνατοι,
778 1856 1105 1928 κληρονόμοι
1136 1856 1314 1926 φωτὸς
1342 1854 1533 1925 πυρὸς,
1558 1854 1739 1907 εἷτουν
1775 1852 1899 1906 σκό-

1993 942 2158 1012 giam,
2197 950 2292 997 aut
2339 959 2407 999 ne
2441 960 2471 998 a
2524 944 2632 999 Deo
2685 960 2918 1014 prorsus
2967 943 3255 1009 excidam,
3303 945 3576 1012 ejusmodi

1993 1035 2352 1105 compedibus
2381 1047 2664 1103 gravatus,
2690 1040 2782 1107 qui
2824 1054 2909 1093 me
2932 1038 2999 1094 ad
3032 1046 3234 1093 terram
3262 1036 3575 1101 detrahant,

1994 1126 2077 1180 vel
2110 1126 2418 1181 detineant.
2460 1127 2647 1183 Hostis
2679 1139 2762 1184 est
2808 1129 3045 1183 blandus
3074 1134 3129 1182 et
3162 1127 3366 1189 facilis,
3400 1133 3454 1179 et
3489 1123 3578 1179 in-

1995 1218 2243 1273 sidiosus
2277 1219 2508 1275 amicus.
2543 1220 2587 1275 0
2616 1221 2799 1291 qualis
2824 1222 2929 1276 ista
2961 1218 3282 1289 conjunctio
3318 1218 3433 1273 estl
3459 1232 3582 1287 qua:

1996 1302 2415 1363 inimicitiarum
2478 1311 2656 1364 ratio!
2721 1310 2867 1379 quod
2927 1324 3158 1373 vereor,
3222 1309 3578 1376 amplector:

1997 1400 2146 1470 quod
2166 1414 2312 1465 amo,
2346 1401 2446 1455 hoc
2479 1402 2864 1472 perhorresco.
2895 1402 3211 1473 Antequam
3240 1398 3441 1454 bellum
3467 1397 3582 1467 geri

2000 1490 2248 1557 incipiat,
2286 1490 2341 1544 in
2368 1491 2600 1561 gratiam
2631 1506 2757 1546 cum
2794 1506 2861 1547 eo
2884 1490 3052 1547 redeo
3084 1508 3097 1545 :
3131 1497 3186 1544 ct
3214 1497 3345 1543 ante
3372 1488 3583 1543 consti-

1999 1588 2172 1635 tutam
2203 1596 2416 1652 pacem,
2442 1583 2511 1637 ab
2539 1598 2605 1639 eo
2628 1583 2895 1639 dissideo.
2914 1581 3165 1650 Quanam
3192 1580 3288 1635 Dei
3315 1579 3584 1650 sapientia

1964 1696 1966 1699 τ
2001 1673 2103 1727 hoc
2137 1674 2270 1728 mibi
2310 1675 2547 1730 accidit?
2575 1690 2815 1746 quonam
2872 1691 3073 1745 magno
3106 1688 3421 1745 arcanoque
3449 1685 3584 1727 con-

2002 1764 2173 1821 silio'!
2205 1766 2289 1820 An
2326 1766 2431 1822 hoc
2466 1768 2599 1838 agit,
2634 1779 2693 1823 ut
2726 1783 2853 1823 cum
2894 1768 3075 1837 portio
3110 1765 3203 1821 Dei
3256 1766 3458 1828 simus.
3484 1774 3586 1821 seu

2000 1871 2245 1926 superne
2295 1858 2660 1929 duxerimus;
2697 1877 2766 1915 ne
2816 1860 2887 1915 ob
2938 1858 3209 1927 ejusmodi
3266 1858 3586 1929 dignitatem

318 1962 466 2010 τους,
518 1946 797 2017 ὁποτέρως
964 1924 1279 2019 νενύσωμεη
1337 1924 1592 2001 Τοιοῦτον
1623 1945 1683 1999 τὸ
1708 1945 1898 2015 κρᾶμα

2026 1924 2263 2005 nsolenti
2299 1948 2444 2003 fastu
2475 1924 2993 2015 elati,'Creatorcm
3021 1924 3403 2018 aspernemur,
3436 1948 3493 2001 in
3523 1960 3590 2001 ea

317 2040 351 2104 ἡ
362 2031 499 2107 μῶν,
533 2038 627 2093 καὶ
658 2039 747 2093 διὰ
779 2039 979 2093 ταῦτα·
1027 2041 1103 2105 ὼς
1147 2040 1278 2109 γοῦν
1309 2041 1435 2112 ἐμοὶ
1464 2038 1895 2107 καταφαίνεταιο

316 2122 412 2182 ἴνα
441 2127 570 2181 ὅταν
599 2129 958 2202 ὲπαιρὼμεθα
996 2132 1084 2186 διὰ
1114 2132 1213 2213 τὴν
1244 2132 1426 2186 είκόνα
1446 2170 1461 2195 ,
1507 2131 1597 2184 διὰ
1631 2129 1724 2183 τὸν
1767 2127 1897 2200 χοῦν

321 2236 385 2270 συ
395 2218 765 2291 στελλώμεθα.

318 2308 592 2369 Videlicet
642 2323 701 2369 ut
758 2316 1152 2388 intelligamus,
1195 2332 1296 2371 nos
1330 2315 1601 2370 maximos
1650 2313 1806 2383 juxta
1848 2316 1903 2365 et
1941 2309 2354 2379 abjectissimos
2381 2329 2529 2381 esse,
2589 2323 2843 2373 terrenos
2894 2324 2949 2373 et
3026 2317 3300 2381 caelestes,

318 2420 522 2463 raneos
553 2417 607 2463 et
646 2410 1014 2475 immortales,
1064 2411 1206 2468 lucis
1254 2419 1309 2466 et
1367 2411 1530 2483 ignis,
1585 2425 1681 2466 seu
1726 2407 1891 2463 etiam
1969 2407 2326 2465 tenebrarum
2385 2411 2656 2477 lueredes,

320 2498 662 2566 propendere
703 2502 1018 2571 contigerit.
1093 2501 1219 2558 Hinc
1282 2512 1473 2558 nostra
1533 2507 1904 2570 temperatura
1976 2505 2063 2552 est
2111 2516 2126 2553 :

2000 2052 2129 2106 quae
2163 2039 2327 2095 nobis
2354 2054 2480 2095 cum
2510 2056 2745 2113 corpore
2765 2050 2851 2099 est
2874 2041 3272 2097 colluctatione
3306 2047 3361 2094 et
3386 2054 3589 2110 pugna,

2004 2129 2187 2199 ipsum
2236 2145 2459 2202 semper
2498 2133 2835 2199 intueamur,
2898 2134 3092 2205 sicque
3146 2146 3393 2187 connexa
3432 2128 3592 2185 nobis

2006 2221 2347 2289 inﬁrmitas,
2376 2222 2709 2296 dignitatem
2774 2234 3022 2284 nostram
3078 2236 3229 2297 regat
3257 2234 3312 2281 et
3336 2223 3594 2283 erudiat?

3382 2323 3593 2384 tempo-

2735 2418 2903 2484 prout
2953 2414 3018 2468 ad
3061 2415 3385 2468 a'lterutrum
3439 2408 3596 2465 nobis

2204 2510 2260 2556 et
2312 2504 2436 2559 istis
2491 2504 2558 2560 de
2610 2507 2800 2561 causis
2864 2506 3151 2577 (quantum
3205 2504 3423 2574 quidem
3480 2503 3595 2572 ipse

320 2590 634 2660 perspicere
682 2595 861 2664 valeo)
914 2604 977 2651 ut
1027 2612 1155 2653 cum
1206 2596 1454 2668 dignitas
1506 2593 1768 2665 imaginis
1832 2589 2049 2646 animos
2112 2595 2274 2651 nobis
2315 2598 2618 2663 extulerit,
2682 2613 2784 2655 nos
2850 2604 2996 2655 terra
3069 2596 3359 2653 contrahat
3422 2608 3475 2648 et
3528 2593 3598 2647 de

320 2683 546 2750 primat.

394 2799 559 2865 Τάξις
583 2802 674 2857 τὸν
696 2804 981 2875 ἄνθρωπον
1002 2808 1067 2861 ἐκ
1086 2806 1304 2876 λογικοῦ
1335 2809 1431 2862 καὶ
1452 2807 1649 2876 ἀλόγου
1677 2805 1907 2877 συγκρίι-

323 2908 498 2960 ματος
528 2891 667 2955 ζῶον
695 2893 912 2962 λογικὸν
947 2898 1338 2968 συνεστήσατο,
1374 2899 1467 2952 καὶ
1498 2898 1757 2969 συνέδησε
1801 2913 1907 2968 μυ-

325 2983 529 3049 στικῶς
560 2985 653 3039 καὶ
686 2987 943 3059 ἀρρήτως
990 2989 1080 3042 τὸν
1128 2990 1255 3061 χοῦν
1299 2991 1379 3063 τῷ
1416 2991 1520 3056 νοῒ,
1552 2991 1644 3045 τὸν
1673 2990 1798 3045 νοῦν
1828 2990 1908 3061 τῷ

326 3072 601 3143 ⁴πνεύματι
620 3093 634 3106 σ
664 3076 758 3131 καὶ
788 3078 877 3132 ἵνα
908 3079 1461 3154 θαυματουργήσῃ’τι
1498 3083 1685 3154 μεῖξον
1743 3083 1801 3136 ὲν
1829 3081 1908 3153 τῷ

325 3167 524 3221 ἑαυτοῦ
555 3168 861 3240 πλάσματι,
887 3171 950 3225 τὸ
978 3173 1113 3226 αὐτὸ
1145 3174 1239 3228 καὶ
1270 3175 1587 3235 διεσώσατο,
1612 3176 1708 3228 καὶ
1731 3174 1907 3229 biﬂu-

328 3277 445 3315 σεν.
480 3261 583 3314 Τὸν
629 3262 730 3333 μὲν
758 3263 867 3335 γάρ
911 3264 1300 3336 ἐπεισήγαγεν,
1328 3267 1418 3320 τὸν
1446 3267 1504 3321 δὲ
1536 3267 1903 3337 ύπεξήγατεν,

2082 2794 2358 2865 Ejusdem,
2398 2809 2537 2853 orat.
2568 2796 2638 2854 26
2695 2796 2935 2855 —Ordo
2977 2799 3254 2853 hominem
3301 2815 3364 2852 cx
3414 2813 3593 2852 massa

2011 2888 2207 2957 partim
2242 2888 2523 2955 rationali,
2552 2889 2755 2960 partim
2786 2902 2980 2945 aversa
3031 2903 3060 2942 a
3114 2890 3351 2953 ratione,
3392 2889 3596 2942 animal

2010 2979 2277 3035 rationale
2305 2984 2637 3049 construxit,
2663 2992 2717 3037 et
2776 2997 2981 3039 arcano
3026 2982 3190 3037 modo
3223 2990 3426 3038 terram
3469 2998 3596 3037 cum

2011 3080 2213 3136 mente,
2248 3080 2487 3128 mentem
2529 3089 2653 3129 cum
2688 3075 2887 3146 spiritu
2922 3075 3118 3132 vinxit.
3154 3073 3242 3140 Et,
3285 3082 3344 3129 ut
3373 3075 3600 3131 mirabi-

2014 3163 2121 3218 lius
2141 3164 2407 3233 quiddam
2441 3166 2496 3222 iu
2531 3166 2792 3239 ﬁgmento
2822 3175 2990 3240 atque
3016 3182 3181 3239 opere
3203 3184 3307 3224 suo
3336 3176 3595 3240 patraret.

2013 3258 2156 3313 idem
2206 3258 2381 3332 ipsum
2412 3272 2467 3318 et
2510 3265 2882 3329 Conservavit,
2927 3273 2983 3320 et
3032 3263 3313 3320 dissolvit.
3350 3264 3599 3319 Alterum

324 3346 519 3423 ὥσπερ
565 3355 624 3407 ὲν
682 3355 937 3427 ῥεύματι,
990 3359 1085 3411 καὶ
1128 3358 1206 3429 τῷ
1241 3358 1423 3430 θνητῷ
1477 3360 1575 3430 τὴν
1607 3336 1909 3415 ἀθανασίαν

2018 3351 2161 3405 enim
2198 3352 2609 3422 superinduxit,
2666 3353 2900 3410 alterum
2948 3354 3235 3419 subduxit,
3273 3368 3384 3408 non
3436 3368 3600 3409 secus

327 3447 831 3517 ὶπραγματεύσατο
859 3449 946 3506 διά
974 3450 1206 3516 λύσεως.

403 3670 503 3735 Τίς
533 3674 567 3743 ἡ
600 3672 745 3742 μίξις
767 3673 960 3745 ὴμῶνς
992 3677 1075 3739 τίς
1104 3678 1136 3747 ἡ
1170 3677 1422 3748 κίνησις;
1476 3678 1589 3742 πῶς
1622 3677 1683 3732 τὸ
1712 3677 1916 3732 ἀθάνα-

330 3778 426 3818 τον
455 3764 531 3835 τῷ
562 3762 741 3836 θνητῷ
772 3767 1116 3839 συνεκράθης
1150 3769 1267 3832 πῶς
1314 3770 1466 3824 κάτω
1513 3771 1643 3841 pem,
1676 3771 1772 3825 καὶ
1805 3772 1917 3827 ἄνω

329 3853 571 3928 φέρομαι
595 3875 610 3923 ;
636 3858 753 3923 πῶς
781 3859 927 3932 ψυχὴ
978 3861 1359 3933 περιφέρεται,
1394 3863 1486 3919 καὶ
1513 3863 1658 3936 ζωὴν
1711 3865 1914 3931 δίδωσι,

330 3950 436 4010 καὶ
470 3946 676 4014 πάθους
701 3951 1148 4022 μεταλαμϐάνεις
1178 3955 1297 4019 πῶς
1325 3955 1353 4008 ὁ
1384 3954 1510 4019 νοῦς
1540 3957 1918 4027 περιγραπτδς

332 4042 434 4095 καὶ
463 4042 737 4111 ἀόριστος,
789 4044 846 4097 ἐν
880 4046 1012 4115 ἡμῖν
1054 4044 1251 4117 μένων,
1287 4049 1382 4100 καὶ
1416 4048 1597 4101 πάντα
1646 4047 1917 4117 ἐφοδεύων

331 4132 493 4201 τάχει
519 4134 691 4203 φορᾶς
716 4135 810 4187 καὶ
844 4134 1112 4206 ῥεύσεωςς
1136 4136 1253 4201 πῶς
1278 4138 1755 4211 μεταλαμϐάνεται
1775 4140 1919 4211 λόγῳ

328 4222 436 4276 καὶ
459 4223 820 4295 μεταδίδοται,
862 4228 958 4281 καὶ
1002 4228 1070 4282 δι’
1108 4230 1270 4302 ἀέρος
1303 4234 1487 4302 χωρεῖ,
1521 4234 1612 4286 καὶ
1638 4234 1775 4304 μετά
1807 4233 1917 4289 τῶν

333 4317 683 4386 πραγμάτων
714 4320 1023 4391 εἰσέρχεται
1054 4321 1162 4375 ἀπὸ
1195 4322 1304 4377 τῶν
1336 4323 1680 4397 αἰσθήσεων;

412 4607 525 4676 Ούχ
552 4608 638 4662 ἵνα
665 4609 931 4679 φάγωμεν
964 4612 1059 4665 καὶ
1082 4613 1315 4683 πίωμεν,
1347 4615 1442 4667 καὶ
1469 4616 1914 4687 περιϐαλώμεθα,

2014 3451 2179 3512 atque
2209 3444 2261 3498 in
2288 3459 2557 3515 aquarum
2589 3444 2736 3500 [luxu
2760 3464 2773 3508 ;
2797 3454 2851 3501 et
2871 3447 3087 3517 corpori
3120 3446 3337 3502 mortali
3374 3447 3601 3502 immor-

2014 3533 2288 3587 talitatem
2315 3548 2413 3604 per
2439 3534 2773 3591 solutionem
2814 3535 3176 3605 comparavit.

2092 3667 2364 3736 Ejusdem,
2389 3678 2528 3723 orat.
2557 3670 2647 3724 54.
2674 3699 2745 3709 -
2767 3669 3028 3736 Qumnam
3064 3670 3177 3725 haec
3206 3670 3392 3725 mistio
3406 3679 3603 3727 nostra

2017 3758 2143 3813 est?
2173 3761 2297 3829 quis
2323 3762 2547 3816 motus?
2601 3760 2883 3830 quomodo
2916 3761 2965 3815 id
2990 3761 3135 3831 quod
3165 3757 3600 3825 immortale‘est,

2019 3863 2144 3902 cum
2181 3865 2236 3901 re
2266 3850 2483 3902 intortali
2518 3860 2879 3921 temperatum
2919 3849 3061 3904 fuit?
3099 3849 3202 3916 Qui
3239 3851 3295 3905 lit
3331 3862 3391 3905 ut
3420 3852 3603 3907 anima

2020 3943 2463 4009 ciwuml‘eratur,
2505 3954 2560 4000 et
2605 3947 2773 3999 vitam
2828 3945 3131 4015 impertiat,
3199 3944 3604 4017 aﬂectuumquc

2021 4030 2091 4085 sit
2125 4032 2436 4102 particeps?
2458 4033 2559 4099 Qui
2592 4032 2648 4087 ﬁt
2680 4040 2739 4085 ut
2767 4047 2945 4096 meus,
2970 4039 3024 4086 et
3052 4033 3472 4104 circumscripta
3506 4034 3604 4098 sit.

2020 4130 2073 4175 et
2116 4118 2276 4193 313
2327 4122 2610 4178 indeiinita
2649 4141 2663 4177 :
2705 4124 2762 4177 in
2816 4122 2976 4177 nobis
3039 4132 3277 4186 maneat,
3323 4130 3376 4178 ct
3424 4133 3603 4179 motus

2022 4214 2311 4284 nuntiisque
2355 4215 2677 4286 pernicitate
2707 4215 2887 4270 omnia
2920 4215 3254 4281 perlustret?
3302 4217 3394 4284 qui
3434 4215 3512 4280 iit,
3546 4227 3605 4271 ut

2022 4318 2331 4358 sermonem
2359 4304 2640 4376 percipiat,
2661 4314 2713 4359 et
2735 4304 2981 4359 vicissim
3005 4304 3401 4370 communicet;
3420 4321 3624 4361 aerem.

2022 4395 2305 4462 pervadat,
2338 4404 2390 4449 et
2432 4394 2770 4450 adminiculo
2800 4410 3067 4451 sensuum
3116 4396 3170 4449 in
3214 4396 3364 4466 ipsas
3394 4411 3482 4453 res
3517 4397 3605 4457 iu.-

2023 4484 2335 4554 gradiatur?

2095 4596 2372 4667 Chrysost.
2405 4598 2573 4652 Homo
2599 4615 2695 4655 cur
2719 4598 2984 4654 conditus.
3017 4630 3086 4639 —
3114 4600 3233 4655 Non
3265 4608 3323 4654 ut
3356 4601 3623 4666 edamus,

333 4699 736 4772 ἐγεννήθημεν,
757 4677 875 4757 ⁷ἀλλ’
910 4706 994 4758 ἵνα
1035 4677 1299 4774 φύγωμεν
1326 4677 1556 4769 κακίαν,-
1578 4677 1829 4780 ἑλώμεθα
1862 4677 1909 4764 δέ

2028 4699 2081 4744 et
2113 4692 2386 4752 bibamus,
2411 4700 2464 4745 et
2494 4691 2806 4755 induamur,
2840 4691 2953 4745 nati
2981 4707 3205 4759 sumus;
3239 4694 3356 4756 sed,
3386 4704 3631 4764 arrepta.

332 4792 563 4866 ἀρετὴν,
594 4798 692 4865 τῆς
715 4795 866 4861 θείας
893 4797 1273 4868 ἐπιλαϐόμενοι
1301 4799 1638 4869 φιλοσοφίας.
1662 4803 1785 4856 ’Ότι
1810 4802 1920 4873 γὰρ

331 4888 437 4957 οὐχ
472 4888 561 4940 ἵνα
593 4890 856 4959 φάγωμεν
890 4892 982 4943 καὶ
1008 4894 1240 4962 πίωμεν,
1275 4893 1669 4963 ἐγεννήθημενο
1690 4895 1804 4947 ἀλλ’
1834 4895 1917 4964 ἐφ’

332 4980 550 5047 ἑτέροις
582 4981 763 5051 πολλῷ
816 4983 1025 5053 μείζοσι
1070 4990 1163 5037 καὶ
1195 4985 1482 5055 βελτίοσιν,
1535 4988 1770 5040 ἄκουσον
1822 4987 1917 5041 τοῦ

331 5068 478 5121 Θεοῦ
535 5071 629 5122 καὶ
685 5071 782 5142 τὴν
847 5072 1025 5125 αἰτίαν
1072 5072 1355 5140 λέγοντος,
1408 5075 1488 5142 ἐφ’
1634 5076 1918 5147 ἄνθρωπον

334 5158 600 5225 ἐποίησεν
623 5176 636 5188 ’
668 5159 1014 5213 διαπλάττων
1052 5163 1159 5233 γὰρ
1197 5163 1379 5223 αὑτὸν,
1417 5163 1559 5218 οὕτω
1590 5184 1706 5230 πως
1746 5168 1915 5237 φησί·

340 5268 360 5300 ι
394 5250 717 5319 Ποιήσωμεν
769 5251 1058 5322 ἄνθρωπον
1100 5253 1222 5307 κατ’
1262 5254 1447 5307 εἰκόνα
1499 5256 1780 5327 ἡμετέραν
1827 5259 1919 5311 καὶ

336 5342 466 5395 καθ’
494 5340 773 5410 ὁμοίωσιν.
813 5363 832 5395 ι
861 5344 1077 5411 Ὅμοιοι
1109 5344 1164 5397 δὲ
1206 5344 1298 5398 τοῦ
1334 5344 1470 5399 Θεοῦ
1501 5347 1786 5417 γινόμεθα,
1819 5348 1920 5400 οὐκ

336 5430 618 5494 ἐσθίοντες
669 5433 765 5485 καὶ
812 5434 1058 5497 πίνοντες
1108 5435 1202 5489 καὶ
1253 5435 1736 5506 περιϐαλλόμενοι·
1788 5436 1920 5501 Θεὸς

334 5520 452 5591 γάρ
472 5519 596 5574 οὔτε
627 5522 820 5588 ἐσθίει,
844 5522 967 5576 οὔτε
996 5524 1162 5589 πίνει,
1188 5522 1313 5577 οὔτε
1344 5524 1758 5595 περιϐάλλεται·
1784 5525 1918 5579 ἀλλὰ

332 5613 689 5684 δικαιοσύνην
740 5615 1056 5679 ἀσκοῦντες,
1112 5616 1206 5669 καὶ
1257 5616 1670 5688 φιλανθρωπίαν
1721 5620 1928 5673 ἐπιδειε

337 5705 628 5790 κνύμριοι,
661 5710 891 5779 χρηστοὶ
922 5710 1017 5761 καὶ
1048 5711 1310 5772 ἐπιεικεῖς
1338 5709 1509 5773 ὄντες,
1530 5712 1655 5774 τοὺς
1696 5712 1924 5781 πλησίον

334 5795 646 5861 ἐλεοῦντες,
674 5798 891 5851 ἃπασαν
921 5799 1122 5869 ἀρετὴν
1140 5800 1458 5864 διώκοντες·
1490 5802 1613 5854 ἐπεὶ
1642 5802 1703 5855 τὸ
1730 5806 1925 5871 φαγεῖν

336 5890 439 5949 καὶ
487 5888 549 5942 τὸ
580 5893 747 5957 πιεῖν,
802 5890 979 5946 κοινὸν
1018 5892 1150 5963 πρὸς
1206 5891 1303 5965 τὴν
1346 5892 1454 5947 τῶν
1503 5894 1711 5967 ἀλόγων
1759 5894 1920 5964 φύσιν

2025 4776 2207 4835 divina
2242 4781 2609 4852 philosophia,
2659 4782 2851 4837 vitium
2908 4782 3204 4854 fugiamus,
3248 4794 3303 4841 et
3351 4786 3605 4840 virtutem

2024 4875 2417 4943 amplexcmnr.
2446 4874 2579 4929 Nam
2598 4876 2764 4944 quod,
2792 4890 2899 4931 non
2926 4876 3304 4935 utedamusct
3332 4879 3605 4939 bibamus.

2023 4968 2115 5023 sed
2154 4968 2223 5021 οι)
2246 4969 2350 5020 alia
2378 4968 2535 5039 longe
2566 4968 2775 5037 majora
2824 4978 2887 5022 et
2914 4972 3295 5040 prmstantiora
3340 4972 3394 5026 in
3429 4974 3606 5027 lucem

2023 5062 2152 5117 editi
2204 5063 2401 5126 simus,
2453 5061 2579 5116 audi
2610 5078 2772 5133 quam
2812 5077 3036 5117 causam
3067 5061 3212 5118 Deus
3243 5062 3454 5125 aderat,
3506 5078 3626 5118 cur.

2026 5152 2302 5211 hominem
2338 5137 2664 5210 condiderit.
2709 5154 2846 5210 Cum
2896 5155 3041 5211 enim
3072 5170 3195 5210 eum
3228 5154 3504 5220 formavit,
3538 5155 3607 5209 ad

2028 5248 2171 5303 hunc
2197 5247 2415 5303 modum
2447 5248 2661 5307 locutus
2685 5256 2770 5303 est
2803 5265 2819 5304 :
2860 5267 2876 5299 ι
2908 5247 3198 5303 Faciamus
3231 5247 3505 5303 hominem
3537 5247 3633 5301 ad.

2029 5342 2318 5410 imaginem
2351 5350 2413 5394 et
2459 5340 2870 5396 similitudinem
2916 5351 3182 5395 nosmim.
3220 5357 3236 5390 ι
3280 5338 3389 5392 Deo
3441 5352 3630 5408 porro-

2025 5435 2231 5490 similes
2258 5433 2539 5499 ciiicimur,
2573 5448 2678 5486 nun
2711 5432 2931 5500 quando
2980 5431 3215 5493 edimus,
3248 5438 3303 5485 ct
3344 5428 3604 5491 bibimus.

2027 5536 2074 5583 et
2112 5528 2389 5580 induimur
2426 5523 2825 5594 (Deusquippe
2868 5538 2971 5578 nec
3010 5522 3143 5584 edit,
3181 5536 3281 5576 nec
3314 5520 3473 5583 bibit,
3508 5535 3607 5573 nec

2029 5618 2275 5672 vestibus
2306 5619 2520 5681 utitur),
2554 5616 2647 5671 sed
2676 5617 2897 5685 quando
2918 5627 3041 5673 tum
3057 5614 3391 5685 benignitate
3407 5622 3462 5668 et
3490 5628 3607 5666 tuo-

2027 5709 2226 5771 destin,
2248 5721 2358 5766 tum
2383 5709 2753 5764 misericordia
2783 5724 2909 5780 erga
2941 5722 3228 5779 pauperes,
3252 5706 3607 5770 onmiumque

2029 5802 2288 5856 virtutum
2325 5801 2505 5857 studio
2553 5801 2825 5872 justitiam
2857 5799 3112 5862 colimus,
3147 5804 3203 5853 et
3250 5794 3606 5854 humanitatis

2030 5896 2306 5964 specimen
2340 5894 2554 5951 damus.
2590 5892 2761 5949 Edere
2793 5890 3060 5963 siquidem
3116 5898 3166 5944 et
3210 5888 3414 5954 bibere,
3449 5884 3607 5941 nobis
