3910 6402
498 412 632 477 lill'i

1698 428 1757 487 S.
1798 426 2119 490 IOANNIS
2158 433 2591 498 DAMASCENI

3615 450 3725 517 1108

491 542 616 581 eum
655 525 828 581 brutis
854 542 1146 588 commune
1173 538 1280 595 est,
1315 547 1493 603 neque
1523 532 1625 588 hac
1656 534 1710 589 in
1748 546 1903 606 parte
1933 555 2043 609 pra:

2176 543 2308 613 ἡμῖν
2346 547 2517 613 ἐστιν,
2551 550 2644 603 καὶ
2671 550 2794 606 οὐδὲ
2828 552 3053 607 ὲκεξνων
3108 556 3249 610 κατὰ
3292 555 3457 612 τοῦτο
3500 562 3725 630 ἀμείνους

492 624 794 679 stantiorcs
833 624 941 679 illis
976 641 1192 683 sumus.

454 700 457 703 ’
564 714 779 785 Ejusd,
828 718 935 772 imo
981 718 1171 774 incerti
1220 722 1485 784 auctoris,
1520 722 1739 777 alterius
1783 740 2003 792 prorsus
2038 742 2070 777 a

488 805 886 879 Chrysostomo.
910 840 980 853 -—
1011 808 1153 877 Quid
1190 813 1441 868 utilitatis
1474 815 1777 868 attulerunt
1797 816 2071 886 sapientes

488 900 823 967 Graecorum,
855 900 984 956 dum
1019 919 1303 959 sermones
1338 904 1555 974 quidem
1592 907 1889 961 commenti
1918 916 2068 975 sunt,

488 994 761 1049 sermonis
783 1011 912 1050 vero
935 995 1178 1050 datorem
1201 996 1423 1052 minimc
1444 999 1854 1069 cognoverunt?
1873 998 2067 1067 Quem,

452 1072 453 1075 η
485 1102 696 1157 (ιιιίιιεο,
729 1088 963 1141 fructum
989 1087 1271 1142 hominum
1305 1090 1487 1159 generi
1518 1090 1702 1145 attulit
1730 1089 1910 1154 Plato,
1938 1092 2067 1145 dum

488 1180 728 1247 linguam
761 1179 1023 1248 quitlent'
1051 1180 1323 1244 dilatavit,
1371 1182 1524 1236 nullo
1572 1194 1755 1237 autem
1800 1183 2070 1240 beneflcio

485 1271 723 1324 animam
763 1272 1012 1325 ornavit?
1058 1274 1256 1327 Annon
1313 1274 1379 1327 iis
1421 1275 1514 1342 qui
1547 1275 1615 1330 de
1661 1276 1843 1330 anima
1874 1276 2069 1348 longos

487 1367 754 1414 tractatus
784 1359 1097 1424 ediderunt,
1128 1361 1369 1415 animam
1403 1363 1504 1431 ipsi
1543 1362 1904 1430 exhalarunt;
1936 1364 2069 1419 dum

481 1466 625 1514 eunt,
653 1451 745 1520 qui
779 1452 1019 1505 animam
1050 1452 1186 1521 ipsis
1214 1454 1602 1520 insniraverat,
1639 1455 2066 1527 haudquaquam

481 1557 783 1613 agnoscere
811 1544 1142 1598 voluerunt?
1171 1542 1226 1596 Si
1253 1560 1436 1598 rerum
1470 1547 1718 1600 omnium
1751 1546 2065 1602 effectorem

478 1636 888 1705 cognovissent,
931 1636 1100 1707 Moysi
1145 1637 1348 1693 famulo
1390 1639 1509 1708 ejus
1558 1640 1749 1710 utique
1783 1640 2070 1697 adhibuis-

476 1739 601 1784 sent
627 1727 811 1793 ﬁdem,
854 1730 1059 1784 dicenti
1092 1747 1106 1784 :
1145 1748 1163 1781 ι
1202 1730 1267 1784 Et
1317 1733 1525 1786 creavit
1580 1724 1846 1790 Dominus
1876 1734 2069 1789 homi-

479 1836 602 1876 nem
646 1822 924 1891 pulverem
977 1820 1045 1877 de
1097 1829 1285 1889 terra;
1334 1830 1388 1877 et
1441 1823 1734 1894 inspiravit
1783 1826 1838 1881 in
1870 1825 2064 1881 faciem

476 1913 599 1980 ejus
626 1915 961 1984 spiraculum
982 1914 1103 1969 vitae
1131 1932 1146 1969 :
1177 1925 1230 1970 et
1258 1914 1438 1971 factus
1457 1924 1544 1971 est
1572 1917 1736 1973 homo
1757 1918 1809 1973 in
1829 1920 2064 1974 animant
2098 1896 2142 1951 Β

475 2002 773 2066 viventem.
810 2021 829 2054 ι
869 2001 1052 2067 Vides,
1092 2020 1200 2074 quo
1243 2015 1404 2075 pacto
1434 2021 1575 2077 opus
1632 2007 1729 2064 Dei
1761 2010 1928 2066 homo
1969 2012 2064 2078 sit,

476 2094 780 2147 animatum
818 2093 949 2148 illud
1000 2094 1090 2149 Dei
1128 2096 1325 2168 pignus
1357 2107 1411 2153 et
1448 2099 1904 2179 instrumentum,
1945 2103 2067 2158 ani-

477 2186 639 2240 malis
694 2190 908 2242 ratione
953 2190 1165 2257 prtediti
1209 2191 1387 2257 radix,
1418 2193 1595 2262 utqtti
1626 2193 1687 2257 in
1714 2202 1869 2251 costa
1904 2195 2065 2252 femi-

481 2292 609 2332 nam
632 2290 873 2349 gestaret
891 2281 912 2334 ?
930 2279 1117 2346 Vides,
1151 2297 1259 2352 qua
1288 2283 1732 2343 rationeeilictus
1755 2287 1827 2343 sit
1858 2287 2066 2344 homo?

475 2371 945 2440 quemadmodum
1014 2373 1345 2432 mirabiliter
1384 2377 1675 2441 formatus
1728 2380 1805 2435 sit
1848 2378 2065 2437 Adam?

474 2464 639 2534 Atqui
675 2464 1001 2521 mirabiliter
1032 2466 1289 2523 conditus
1318 2476 1433 2536 est,
1484 2477 1541 2526 et
1588 2487 1758 2543 supra
1804 2482 2059 2528 naturam

475 2558 681 2627 genuit.
740 2557 985 2614 Naturali
1033 2560 1250 2631 quidem
1285 2562 1448 2621 modo
1475 2563 1708 2622 Cainum
1739 2573 1793 2622 et
1833 2565 2058 2624 Abelem

472 2656 805 2725 procreavit,
865 2663 1013 2713 velut
1067 2659 1152 2715 his
1195 2659 1382 2716 verbis
1436 2668 1671 2719 testatur
1722 2661 2057 2735 Scriptura:

478 2763 497 2795 ι
534 2747 802 2816 Cognovit
850 2747 1022 2802 Atiam
1086 2765 1313 2805 uxorem
1364 2766 1545 2820 suam,
1576 2759 1631 2808 et
1685 2754 1960 2824 concepit,
2005 2760 2062 2808 et

474 2839 685 2908 peperit
715 2838 866 2912 (Gen.
897 2858 968 2904 tv,
990 2840 1069 2911 l).
1096 2861 1115 2895 ι
1146 2842 1301 2910 Quod
1332 2855 1515 2899 autem
1538 2853 1793 2900 naturam
1818 2844 2056 2910 excedit,

472 2932 607 2986 illud
636 2943 719 2988 est
753 2932 900 3003 quod
946 2936 1254 3002 quzeritur;
1292 2952 1492 3008 nempe
1540 2933 1652 3009 quo
1701 2943 1861 3009 pacto
1888 2936 2057 2992 Evam

370 3082 373 3087 ,
472 3039 698 3081 uxorem
741 3025 1024 3098 ﬁliamque
1070 3044 1227 3083 suam
1281 3030 1556 3100 genuerit.
1609 3028 1853 3087 Tametsi
1909 3032 2054 3087 enim

474 3116 617 3173 Deus
648 3118 789 3173 hanc
819 3121 1093 3187 condidit,
1129 3129 1316 3177 tamen
1349 3130 1561 3179 costam
1592 3124 1663 3178 ab
1693 3124 1906 3179 Adamo
1938 3140 2059 3179 mtt-

2174 637 2341 707 ἐσμέν
2378 675 2385 681 .

2241 731 2309 784 Τί
2334 731 2629 805 ὠφέλησαν
2657 737 2707 789 oi
2759 735 3031 809 Ἑλλήνων
3063 742 3239 810 σοφοὶ,
3269 742 3401 805 τοὺς
3430 743 3616 811 λόγους
3643 765 3726 815 μη-

2170 825 2562 897 χανησάμενοι,
2592 829 2689 882 xatl.
2731 830 2825 884 τὸν
2855 831 2951 884 τοῦ
2983 832 3147 901 λόγου
3195 835 3402 906 δοτῆρα
3453 837 3528 906 μὴ
3557 840 3725 907 γνωρέ-

2171 932 2404 985 σαντες;
2445 920 2512 973 Τι
2547 920 2834 992 ὠφέλησεν
2862 924 3112 990 Πλάτων,
3143 926 3204 979 τὸ
3244 926 3346 997 μὲν
3386 928 3562 997 στόμα
3610 929 3725 981 πλα-

2168 1010 2330 1076 τύνας
2352 1010 2403 1079 ά,
2459 1012 2560 1083 τὴν
2615 1013 2673 1066 δὲ
2725 1015 2906 1087 ψυχὴν
2955 1017 3029 1089 μὴ
3075 1017 3480 1090 εὐεργετήσαςς
3546 1022 3646 1091 Οὐχ
3684 1024 3724 1075 οἱ

2169 1103 2343 1157 πολλὰ
2374 1105 2507 1175 περὶ
2539 1105 2721 1176 ψυχῆς
2765 1107 3173 1180 διαλαόόμενοι,
3205 1110 3329 1164 καθ’
3386 1113 3613 1176 ἑαυτοὺς
3640 1114 3724 1166 ἀπο

2170 1195 2394 1266 έψυξαν,
2425 1196 2518 1251 τὸν
2540 1199 2926 1269 ὲμπνεύσαντα
2962 1203 3150 1267 αὐτοῖς
3174 1204 3274 1275 τὴν
3302 1204 3488 1276 ψυχὴν
3516 1206 3726 1272 ἐπιγνῶ-

2168 1306 2255 1344 ναι
2290 1288 2365 1359 μὴ
2417 1289 2780 1363 θελήσαντες;
2829 1294 2889 1346 Εἰ
2937 1295 3045 1363 γὰρ
3085 1296 3333 1363 ἔγνωσαν
3378 1299 3471 1350 τὸν
3526 1300 3727 1369 ποιητὴν

2168 1378 2277 1431 τῶν
2297 1379 2575 1444 ἁπάντων,
2609 1382 2946 1453 ἐπείσθησαν
2982 1383 3061 1455 τῷ
3109 1386 3304 1439 Μωσεῖ
3343 1387 3423 1457 τῷ
3457 1387 3725 1457 θεράποντι

2169 1471 2415 1541 λέγοντι·
2456 1475 2620 1527 (Kal
2649 1474 2887 1529 ἔπλασεν
2922 1478 2950 1530 ὁ
2985 1476 3120 1541 Θεὸς
3158 1478 3249 1531 τὸν
3296 1479 3586 1550 ἄνθρωπον
3619 1480 3726 1550 χοῦν

2169 1566 2276 1618 ἀπὸ
2331 1565 2430 1637 τῆς
2478 1565 2607 1637 γῆς,
2648 1569 2741 1622 καὶ
2770 1569 3109 1640 ἐνεφύσησεν
3146 1572 3228 1635 εἰς
3258 1572 3557 1642 πρόσωπον
3586 1570 3724 1626 αὐτοῦ

2168 1660 2340 1731 πνοὴν
2379 1659 2547 1731 ζωῆς.
2577 1661 2671 1715 καὶ
2704 1662 2922 1731 ἐγένετο
2952 1665 3036 1729 εἰς
3084 1664 3265 1737 ψυχὴν
3293 1665 3496 1730 ζῶσαν.
3535 1687 3553 1717 ι
3600 1663 3726 1727 Εἶδες

2168 1751 2286 1812 πῶς
2320 1752 2480 1824 ἔργον
2525 1753 2661 1808 Θεοῦ
2691 1756 2719 1808 ὁ
2767 1754 3077 1827 ἄνθρωπος,
3106 1756 3168 1810 τὸ
3215 1757 3458 1828 ἔμψυχον
3493 1758 3587 1812 τοῦ
3612 1757 3723 1812 θεοῦ

2169 1845 2476 1915 κειμήλιον.
2501 1847 2534 1918 ἡ
2568 1846 2697 1919 ῥίζα
2723 1850 2818 1901 τοῦ
2849 1849 3068 1918 λογικοῦ
3094 1849 3257 1915 ζὼου,
3287 1852 3316 1903 ὁ
3352 1853 3410 1904 ἐν
3437 1854 3505 1921 τῇ
3541 1850 3723 1921 πλευρᾷ

2168 1934 2266 2003 τὴν
2300 1940 2549 2003 γυναῖκι’
2574 1936 2890 2008 βαστάζωνς
2922 1934 3064 2004 εἶδες
3100 1942 3218 2006 πῶς
3249 1941 3560 2012 διεπλάσθη
3594 1943 3619 1994 ὁ
3648 1942 3725 1995 ἄν·

2169 2029 2419 2099 θρωπος;
2478 2030 2596 2095 πῶς
2640 2032 2961 2103 παραδόξως
3009 2035 3229 2103 ἐγένετο
3294 2036 3322 2087 ὁ
3380 2036 3583 2104 nam;
3647 2050 3727 2086 πα·

2168 2121 2406 2192 ραδόξως
2492 2123 2947 2194 ἐπλάσθη,⁴κα“ι
3019 2126 3161 2198 ὑπὲρ
3231 2128 3391 2200 φύσιν
3460 2128 3722 2195 ἐγέννησε

2167 2214 2414 2283 φυσικῶς
2476 2216 2574 2285 μὲν
2645 2216 2906 2287 ἐγέννησε
2955 2218 3045 2270 τὸν
3098 2219 3243 2272 Κάῖν
3291 2220 3385 2272 καὶ
3426 2220 3520 2271 τὸν
3556 2216 3720 2275 Ἀδελ,

2164 2306 2347 2371 καθώς
2404 2326 2569 2377 φησιν
2631 2311 2665 2379 ἡ
2719 2308 2843 2364 θεία
2916 2311 3131 2381 Γραφή·
3206 2311 3349 2380 ἔγνω
3415 2311 3588 2381 Ἀδὰμ
3642 2310 3725 2375 τὴν

2166 2404 2402 2467 γυναῖκα
2458 2401 2645 2463 αὑτοῦ,
2691 2403 2785 2454 καί
2852 2402 3193 2456 συλλαϐοῦσα
3258 2402 3474 2455 ἔτεκενθ
3555 2401 3614 2453 τὸ

2166 2490 2307 2561 ὑπὲρ
2359 2490 2456 2562 τὴν
2492 2491 2679 2560 φύσιν,
2730 2490 2890 2545 τοῦτό
2919 2494 3034 2545 ἐστι
3086 2492 3148 2545 τὸ
3201 2491 3572 2563 ζητούμενον⁹
3625 2489 3722 2551 πῶς

2164 2582 2308 2636 Εὕαν
2336 2584 2440 2654 τὴν
2469 2586 2707 2651 γυναῖκα
2758 2584 2923 2638 αὐτοῦ
2970 2585 3066 2639 καὶ
3105 2583 3383 2657 θυγατέρα
3423 2585 3717 2653 ἐγέννησεν.

2164 2676 2226 2729 Εἰ
2255 2677 2348 2730 καὶ
2378 2675 2509 2741 Θεὸς
2549 2677 2722 2747 αὐτὴν
2751 2676 3211 2748 ἐδημιούργησεν,
3237 2676 3351 2730 ἀλλ’
3382 2678 3531 2747 ὅμως
3556 2679 3616 2728 ὲκ
3645 2673 3724 2726 τοῦ

2177 2766 2351 2839 Ἀδὰμ
2386 2767 2486 2839 τὴν
2521 2767 2764 2837 πλευρὰν
2800 2767 3137 2822 ἐδανείσατο.
3167 2767 3332 2821 Ὅθεν
3362 2771 3457 2821 καὶ
3482 2766 3724 2820 διαπλάτ-

2160 2880 2271 2917 των
2301 2862 2494 2935 αὐτὴν,
2515 2861 2686 2916 ὕπνον
2715 2862 2968 2917 ἐνέϐαλεν
2996 2863 3089 2916 ἐπὶ
3116 2863 3207 2915 τὸν
3236 2862 3409 2932 ’Δδαμ
3435 2862 3529 2914 καὶ
3551 2862 3723 2913 Emta—

2164 2970 2269 3017 σιν,
2307 2954 2402 3007 καὶ
2430 2954 2623 3009 ἔλαϐεν
2667 2955 2798 3025 μίαν
2845 2954 2957 3008 τῶν
2992 2955 3247 3026 πλευρῶν
3289 2954 3471 3018 αὑτοῦ,
3506 2954 3598 3006 καὶ
3639 2953 3723 3005 ἀνι

2160 3046 2451 3117 επλήρωσε
2493 3048 2673 3117 σάρκα
2715 3046 2831 3100 ἀντ’
2873 3047 3061 3116 αὐτῆς.
3120 3046 3259 3099 Ἀλλ’
3305 3048 3459 3116 ὅμως
3518 3044 3608 3098 καὶ
3671 3044 3721 3095 ἓν

2158 3138 2418 3200 ἐκστάσει
2450 3138 2668 3191 ὕπνωσε
2698 3139 2791 3191 τὸν
2830 3140 3025 3209 Ἀδὰμ,
3057 3138 3114 3191 ὃν
3137 3140 3240 3192 οὐκ
3271 3138 3463 3193 ἔλαθεν
3492 3139 3519 3191 ὃ
3550 3139 3577 3190 ὁ
3602 3135 3721 3197 Θεὸς

471 3216 663 3262 tuatus
688 3218 794 3264 est.
826 3210 1122 3276 Quocirca.
1152 3212 1281 3267 dum
1310 3228 1432 3268 eam
1460 3214 1867 3283 conformabat,
1895 3231 2056 3288 sopo-

2164 3232 2418 3302 ὲποίησεν
2475 3233 2534 3284 ὲν
2584 3234 2792 3303 κρυφῇ·
2850 3232 3010 3302 μόνον
3038 3234 3146 3303 γὰρ
3173 3227 3317 3286 εἶδεν
3369 3234 3398 3286 ὁ
3440 3232 3604 3301 Ἀδὰμ
3632 3229 3722 3299 τὴν

473 3316 585 3355 rem
618 3309 672 3353 et
706 3316 996 3358 excessum
1050 3304 1279 3361 immisit
1334 3306 1389 3361 in
1421 3305 1621 3373 Adam,
1647 3315 1702 3361 et
1735 3308 1859 3362 tulit
1893 3324 2057 3363 unam

471 3397 540 3450 de
578 3396 752 3451 costis
780 3396 923 3466 ejus,
956 3408 1011 3454 ct
1038 3398 1267 3469 replevit
1298 3414 1521 3471 carnem
1578 3416 1679 3471 pro
1718 3415 1801 3457 ea.
1849 3400 2056 3458 Verum

469 3480 726 3555 quamvis
754 3488 1026 3544 altissimo
1069 3505 1266 3545 somno
1313 3468 1488 3545 Adam
1536 3490 1916 3559 obdormierit,
1948 3508 2055 3548 non

470 3588 650 3635 tamen
710 3597 835 3637 eum
895 3582 1055 3637 latuit
1114 3583 1261 3654 quod
1324 3582 1590 3641 Dominus
1653 3585 1793 3641 clam
1847 3594 2055 3657 egerat.

468 3672 641 3728 Adam
690 3676 860 3736 enim,
914 3676 1005 3730 ubi
1037 3677 1275 3747 primttm
1320 3678 1487 3733 Evam
1534 3676 1690 3744 vidit,
1727 3692 1853 3734 cum
1909 3679 2053 3735 latus

466 3779 628 3820 suum
671 3766 966 3837 tetigisset,
1011 3782 1041 3821 a
1076 3782 1137 3823 se
1162 3768 1310 3838 quod
1340 3768 1445 3824 sibi
1481 3768 1671 3824 deerat
1703 3769 1892 3825 datum
1923 3785 2047 3826 cum

463 3858 650 3913 carnis
686 3859 1027 3915 incremento
1064 3860 1355 3931 comperit,
1390 3871 1444 3917 et
1482 3862 1695 3917 ratione
1758 3863 2048 3934 praeditum

462 3948 666 4003 animal
698 3950 1033 4019 suscepisse.
1085 3951 1317 4017 Idcirco,
1346 3967 1470 4007 cum
1502 3951 1648 4008 Deus
1692 3952 1951 4008 feminam
1982 3953 2050 4008 ad

464 4039 732 4095 Adamum
767 4042 1113 4109 adduxisset,
1163 4055 1221 4101 ut
1250 4044 1461 4102 videret
1502 4062 1614 4116 quo
1655 4061 1776 4101 eam
1828 4047 2049 4103 nomine

463 4145 832 4206 nuncuparet,
899 4137 1240 4206 respondens
1275 4137 1446 4193 Adam
1492 4137 1604 4194 Deo
1657 4139 1797 4193 dixit
1848 4155 1860 4191 :
1903 4138 2044 4207 Quid

461 4226 619 4289 mihi,
679 4226 931 4295 Domine,
980 4229 1123 4283 hanc
1173 4242 1274 4284 ceu
1334 4230 1676 4300 peregrinam
1724 4231 2050 4287 adduxisti?

462 4332 651 4374 verum
719 4336 825 4375 non
877 4319 1009 4374 tnihl
1065 4320 1279 4391 stupori
1343 4320 1446 4374 hoc
1505 4325 1886 4392 spectaculum
1941 4341 2047 4387 est.

2163 3322 2308 3377 Εὕαν
2329 3340 2343 3354 ·
2374 3323 2554 3394 ἥψατο
2588 3324 2688 3393 τῆς
2718 3322 2913 3377 ἑαυτοῦ
2945 3323 3213 3393 πλευρᾶς,
3248 3324 3345 3376 καὶ
3383 3320 3503 3393 εὗρε
3531 3324 3588 3373 τὸ
3624 3321 3722 3371 λεξ-

2163 3429 2265 3466 πον
2294 3414 2436 3483 μετὰ
2482 3411 2805 3483 προσθήκης
2838 3413 3043 3484 σαρκὸς
3080 3413 3358 3478 δεδωκὼς,
3400 3415 3491 3466 καὶ
3525 3410 3719 3478 λογικὸν

2163 3505 2301 3571 ζῶον
2335 3504 2759 3577 ὑποδεξάμενος.
2795 3505 2960 3559 Ὅθεν
2985 3507 3081 3560 καὶ
3122 3505 3220 3560 τοῦ
3270 3506 3407 3561 Θεοῦ
3458 3519 3719 3572 προσαγα-

2160 3598 2351 3670 γόντος
2370 3597 2468 3670 τὴν
2491 3601 2727 3669 γυναῖκα
2750 3598 2828 3671 τῷ
2857 3599 3028 3671 Ἀδὰμ
3056 3600 3182 3654 ἰδεῖν
3214 3600 3269 3653 τί
3302 3600 3517 3654 καλέσει
3545 3595 3713 3665 αὐτὴν.

2161 3690 2486 3763 ἀποκριθεὶς
2515 3691 2543 3744 ὁ
2596 3690 2767 3762 Ἀδὰμ
2803 3689 2943 3757 πρὸς
2994 3689 3087 3745 τὸν
3124 3691 3280 3757 Θεὸν,
3338 3685 3510 3751 εἶπεν,
3541 3687 3598 3739 Ti
3633 3702 3715 3755 μοι

2158 3782 2368 3853 ταύτην
2396 3782 2471 3845 ὡς
2503 3782 2663 3853 ξένην
2691 3784 3038 3855 παρήγαγες,
3062 3784 3313 3839 Δέσποτα
3331 3802 3351 3852 ;
3369 3784 3467 3837 οὐκ
3495 3780 3713 3849 ἐκπλήτ-

2155 3888 2322 3943 τομαι
2353 3874 2418 3943 τῇ
2447 3871 2566 3943 θέα.
2605 3872 2910 3945 Ἐγνώρισα
2942 3875 3053 3946 γάρ
3088 3892 3189 3945 μου
3218 3875 3319 3945 τὴν
3353 3878 3543 3945 σάρκα.
3573 3869 3714 3939 Ἔχα-

2160 3965 2295 4037 ρίσω
2328 3983 2418 4036 μοι
2447 3965 2589 4028 ζῶον
2616 3966 2856 4035 λογικὸν,
2892 3968 2940 4020 εἰ
2971 3968 3066 4020 καὶ
3092 3966 3344 4036 διαφέρει
3375 3967 3451 4037 τῷ
3477 3965 3709 4034 σχήματι,

2153 4058 2272 4112 ἀλλ’
2306 4059 2515 4129 ἥνωται
2570 4062 2634 4130 τῇ
2694 4058 2875 4129 φύσει.
2929 4061 3073 4130 Γυνὴ
3106 4058 3413 4113 καλείσθωο
3454 4055 3514 4122 ἐξ
3542 4054 3711 4124 ἀνδρὸς

2154 4152 2265 4222 γὰρ
2292 4151 2527 4222 ἐλήφθη.
2565 4152 2661 4209 καὶ
2689 4155 2754 4206 ἐκ
2810 4154 2911 4222 τῆς
2960 4152 3203 4223 πλευρᾶς
3259 4150 3523 4222 ἐπλάσθη.
3552 4148 3709 4201 Ἔστω

2155 4238 2250 4297 οὖν
2294 4243 2398 4296 ὑπὸ
2433 4244 2611 4315 χεῖρα.
2665 4243 2739 4297 Οὐ
2796 4242 3001 4314 γὰρὲκ
3046 4243 3147 4313 τῆς
3204 4243 3451 4313 κεραλῆς
3506 4237 3702 4311 ἐλήφθη.

2159 4335 2275 4390 ἀλλ’
2303 4337 2367 4389 ὲκ
2391 4336 2491 4407 τῆς
2518 4337 2786 4406 πλευρᾶς.

461 4410 696 4468 Carnem
745 4414 949 4482 quippe
980 4428 1152 4467 meam
1193 4428 1435 4483 agnoseo
1470 4433 1483 4471 :
1524 4418 1791 4477 rationale
1845 4425 2046 4483 animal
2104 4432 2238 4487 mihi
2268 4431 2509 4486 donasti.
2543 4430 2654 4485 Etsi
2691 4430 2867 4484 forma
2916 4430 3135 4485 diversa
3170 4437 3276 4491 est,
3310 4439 3503 4485 natura
3553 4437 3700 4478 tamen

463 4505 775 4575 copulatur.
816 4504 1005 4575 Itaque
1031 4505 1145 4561 rira
1173 4517 1402 4564 vocetur
1451 4526 1466 4564 :
1509 4512 1767 4580 quoniam
1794 4515 1959 4592 315
1988 4520 2055 4578 de
2095 4525 2214 4580 viro
2241 4533 2460 4595 sumpta
2491 4532 2597 4588 est,
2629 4534 2683 4578 et
2704 4540 2770 4579 ex
2802 4523 2925 4593 ejus
2957 4530 3113 4578 costa
3176 4521 3411 4577 formata
3456 4536 3472 4575 :
3511 4521 3702 4585 ideoque

462 4598 567 4652 sub
596 4597 829 4667 imperio
861 4598 955 4664 sit,
990 4599 1121 4669 quia
1147 4616 1258 4657 non
1307 4616 1373 4657 ex
1404 4604 1602 4675 capite,
1635 4608 1728 4662 sed
1761 4624 1828 4664 ex
1871 4610 2040 4671 latere
2078 4625 2305 4689 accepta
2344 4618 2464 4672 fuit.

536 4688 803 4747 Philonis.
858 4691 931 4747 De
981 4694 1111 4763 opif.
1148 4695 1290 4749 hom.
1330 4726 1400 4738 --
1437 4696 1683 4755 Hominis
1737 4713 1943 4760 (crates.
1978 4737 2047 4748 —

2214 4688 2384 4766 iKat'ré
2416 4711 2515 4782 μὲν
2545 4710 2645 4782 τὴν
2671 4709 2899 4783 πρώτην
2926 4706 3220 4763 ἑπταετίαν
3257 4706 3491 4777 ἔκφυσις
3513 4704 3703 4759 ὀδόντων

462 4784 650 4841 Primo
713 4800 987 4840 annorum
1049 4789 1359 4858 septenario
1423 4790 1615 4849 dentes
1676 4809 2043 4854 enascuntur.

463 4878 722 4933 Secundo
750 4878 989 4947 genitale
1014 4894 1200 4937 semen
1233 4884 1409 4939 emitti
1447 4886 1662 4957 incipit.
1693 4886 1883 4946 Tertio
1919 4891 2048 4947 bar-

464 4972 529 5025 ba
565 4970 787 5026 crescit.
813 4971 1022 5038 Quarto
1052 4973 1202 5031 vires
1234 4988 1561 5049 augescunt.
1591 4980 1794 5048 Quinto
1818 4983 2045 5042 ineundi

462 5064 799 5119 matrimonii
834 5073 1051 5137 tempus
1106 5075 1212 5124 est.
1274 5068 1442 5127 Sexto
1498 5076 1789 5144 prudentia
1827 5078 2043 5134 initium

462 5156 649 5211 sumit.
690 5148 934 5229 Septimo
972 5159 1123 5217 ﬁbra:
1158 5163 1511 5231 roborantur,
1559 5177 1615 5222 et
1647 5170 1815 5231 menti
1865 5179 1917 5226 et
1956 5187 2046 5226 ra-

462 5247 594 5303 tioni
630 5249 1034 5307 incrementum
1078 5255 1317 5310 accedit.
1350 5254 1560 5313 Octavo
1597 5268 1896 5332 utrumque
1923 5278 2047 5333 per-

462 5342 665 5396 ficitur.
697 5341 877 5411 Nono,
911 5347 1116 5403 sedatis
1153 5348 1346 5419 majori
1384 5359 1537 5419 parte
1573 5350 1879 5418 affectibus,
1906 5355 2046 5415 leui-

464 5444 545 5489 ras
575 5443 627 5489 et
661 5438 1027 5494 mansuetudo
1059 5441 1314 5511 patescit.
1350 5442 1593 5506 Decimo.
1625 5446 1902 5515 aptandus
1923 5449 2047 5510 vine

461 5525 589 5580 fluis
625 5528 923 5597 contingit,
956 5532 1210 5601 corporis
1246 5533 1504 5588 videlicet
1548 5537 1811 5593 membris
1863 5539 2043 5594 adhuc

462 5616 716 5686 integris.
751 5615 900 5672 Solet
930 5622 1077 5676 enim
1111 5623 1273 5692 longa
1305 5634 1589 5680 sencCIute
1614 5601 2048 5701 unumquodque

462 5709 770 5763 membrum
803 5711 1081 5768 debilitari
1100 5723 1154 5770 et
1186 5715 1388 5787 frangi.
1421 5715 1781 5796 Hippocrates
1800 5720 2047 5777 medicus

2156 4805 2340 4859 ἐστιν’
2371 4804 2514 4859 κατὰ
2535 4804 2594 4859 δὲ
2635 4804 2736 4875 τὴν
2781 4804 3067 4874 δευτέραν,
3096 4800 3290 4873 καιρὸς
3312 4801 3412 4855 τοῦ
3454 4796 3702 4872 προίεσθαι

2157 4898 2380 4970 σπέρμα
2402 4898 2646 4968 γόνιμον.
2670 4898 2843 4970 Τρίτη
2869 4896 2945 4956 δὲ,
2972 4895 3198 4965 γενείων
3222 4893 3477 4966 αὔξησις.
3495 4893 3703 4960 Τετὰρτη

2153 4990 2232 5056 δὲ,
2264 4990 2402 5063 πρὸς
2433 4990 2587 5061 ἰσχὺν
2625 4989 2886 5052 ἐπίδοσις.
2925 4988 3160 5058 Πέμπτη
3198 4986 3245 5039 δ’
3273 4982 3343 5039 αὖ
3376 4987 3569 5054 γάμων
3590 4981 3702 5051 ὧρας

2156 5083 2353 5155 Ἕκτη,
2404 5082 2677 5147 συνέσεως
2728 5082 2895 5153 ἀρχή.
2943 5080 3007 5134 Ἦ
3066 5080 3122 5133 δὲ
3175 5078 3409 5150 ἑϐδόμη,
3461 5076 3703 5147 parum:

2154 5173 2382 5243 ἀμφοῖν,
2409 5174 2504 5227 καὶ
2539 5172 2871 5243 συναύξησις
2898 5171 2991 5224 νοῦ
3022 5171 3115 5224 καὶ
3135 5169 3326 5237 λόγου.
3367 5168 3555 5237 Ὀγδόη
3591 5160 3702 5229 Sili

2156 5265 2215 5318 ἐν
2245 5266 2493 5337 ἑκατέρῳ
2526 5266 2828 5329 τελείωσις.
2866 5264 3024 5319 Κατᾶ
3055 5263 3112 5316 δὲ
3146 5262 3247 5330 τὴν
3281 5261 3532 5331 ὲννάτην,
3555 5259 3584 5326 ἠ
3609 5258 3704 5307 ἐπὶ·

2155 5359 2335 5412 είκεια
2370 5360 2465 5412 καὶ
2503 5361 2747 5430 πραότης
2781 5359 2890 5411 τῶν
2930 5350 3121 5410 παθῶν
3155 5355 3252 5407 ἐπὶ
3295 5354 3479 5407 πλεῖον
3518 5353 3704 5421 ἡμερω-

2157 5450 2383 5505 θέντων.
2429 5453 2583 5505 Κατὰ
2608 5451 2665 5504 δὲ
2698 5451 2795 5522 τὴν
2827 5451 3089 5519 δεκάτην,
3123 5448 3183 5501 τὸ
3218 5447 3474 5500 εὐκταῖον
3497 5442 3583 5496 τοῦ
3606 5438 3701 5509 βίω

2156 5543 2330 5608 τέλος,
2367 5544 2446 5597 ἔτι
2485 5544 2597 5598 τῶν
2631 5546 2938 5615 ὀργανικῶν
2972 5542 3151 5613 μελῶν
3187 5538 3604 5608 συνεστηκότων.
3628 5530 3699 5581 Φι-

2153 5635 2241 5685 λεῖ
2264 5633 2375 5710 γὰρ
2409 5635 2469 5688 τδ
2494 5637 2706 5707 μακρὸν
2739 5636 2916 5707 γῆρας
2970 5634 3202 5688 ἕκαστον
3235 5627 3601 5688 ὑποσκελίζειν
3622 5616 3697 5671 καὶ

2160 5729 2575 5800 παραιρεῖσθαι.
2612 5732 2818 5803 Ἰατρὸς
2870 5728 3267 5801 Ἱπποκράτης,
3319 5721 3525 5797 ἡλικίας
3574 5710 3693 5769 έπτδ

1780 5857 2015 5916 VARUS
2054 5860 2463 5925 LECTlONES.

533 5940 559 5979 ἀ
598 5941 893 6008 Πλατύνας.
927 5948 1134 6001 ᾹΗιιιΙὶι
1174 5949 1239 6002 ad
1282 5949 1527 6008 Platonis
1572 5969 1788 6007 nomen.
