4024 6420
254 423 391 492 1109

1581 443 1820 507 SACRA
1861 448 2326 513 PARALLELA.

3386 465 3549 555 1110:

251 539 396 596 εἶναι
431 543 597 613 φησί’
638 544 878 610 παιδίου,
916 548 1126 615 παιδὸς,
1170 551 1481 621 μειρακίου,
1517 556 1821 623 νεανίσκου,

1959 568 2115 616 :tates
2144 571 2347 632 septem
2380 578 2502 619 esse
2541 564 2638 633 ait,
2664 564 2953 623 infantiam
3004 570 3290 640 nimirum,
3328 552 3517 645 pueri-

250 634 464 704 ἀνδρδς,
491 638 827 707 πρεσϐύτου,
855 643 1132 712 γέροντος.
1157 643 1373 708 Ταύτας
1411 647 1468 700 δὲ
1508 648 1828 719 μετρεῖσθαι

255 724 354 794 μὲν
377 724 694 797 ἐὸδομάσιν,
729 731 791 783 ού
833 730 940 801 μὴν
963 734 1085 796 ταῖς
1117 734 1259 787 κατὰ
1300 734 1360 788 τὸ
1384 736 1529 807 ἑξῆς.
1568 738 1731 806 Λέγει
1769 740 1827 792 δὲ

230 817 425 881 -οῦτως
448 836 461 851 ’
494 838 513 870 ι
554 820 641 873 Ἐν
672 822 966 895 ἀνθρώπου
1012 824 1171 894 φύσει
1212 827 1353 881 ἑπτά
1403 830 1542 881 εἰσιν
1569 826 1731 899 ὧραι,
1764 830 1831 894 ἃς

226 911 471 979 -ἡλικίας
502 915 820 970 καλέουσιν·
860 919 1095 983 παιδίον,
1130 922 1281 984 παῖς,
1314 924 1622 993 μειράκων,
1648 924 1830 977 νεανίτ

252 1023 419 1071 σκος,
449 1008 622 1080 ἀνὴρ,
677 1010 1025 1082 πρεσϐύτης,
1062 1014 1261 1083 γέρων.
1311 1016 1419 1069 Καὶ
1459 1016 1672 1070 παιδίον
1727 1017 1829 1086 μέν

253 1101 404 1152 ἐστιν
443 1101 572 1172 ἄχρι
603 1103 742 1158 ἑπτὰ
785 1106 945 1169 ἐτῶν,
992 1107 1242 1160 τουτέστι
1293 1109 1392 1179 τῆς
1440 1108 1550 1161 τῶν
1600 1110 1830 1163 ὀδόντων

250 1192 505 1263 ἐκϐολῆς.
543 1196 677 1259 Παῖς
709 1195 766 1249 δὲ
812 1198 940 1268 ἄχρι
983 1199 1150 1268 γονῆς
1184 1198 1487 1269 ἐκφύσεως,
1517 1201 1597 1264 είς
1638 1200 1706 1255 τὰ
1751 1201 1832 1264 δὶς

250 1286 412 1339 ἑπτά.
439 1286 739 1358 Μειράκιον
761 1288 891 1361 ἄχρι
920 1291 1129 1359 γενείου
1157 1290 1499 1362 λαχνώσεως,
1532 1293 1589 1356 ἐς
1616 1292 1685 1345 τὰ
1714 1293 1833 1363 τρὶς

250 1375 426 1430 ὲπτάο
461 1378 745 1443 νεανίσκος
767 1380 822 1434 δὲ
857 1380 1015 1453 ἄχρις
1052 1383 1333 1452 αὐξήσεως
1358 1384 1482 1437 ὃλου
1515 1383 1611 1436 τοῦ
1645 1383 1832 1453 σώμα-

249 1484 365 1531 τος,
398 1470 457 1533 ὲς
485 1470 555 1523 τὰ
587 1474 845 1543 τετράκις
877 1474 1039 1528 ἑπτά.
1075 1475 1238 1548 Ἀνὴρ
1271 1475 1315 1529 δ’
1351 1475 1511 1547 ἄχρις
1531 1476 1661 1540 ἑνὸς
1689 1476 1836 1530 δέον-

249 1578 343 1625 τος
392 1566 761 1634 πεντήκοντα’
818 1567 1134 1639 πρεσϐύτης
1184 1569 1264 1634 δὲ,
1297 1568 1426 1640 ἄχρι
1467 1571 1833 1643 πεντήκοντα,

250 1652 311 1714 ὲς
345 1652 415 1706 τὰ
449 1655 683 1721 ἑπτάκις
715 1656 879 1713 όκτώ.
904 1659 977 1711 Τὸ
1009 1660 1066 1713 δὲ
1091 1659 1365 1724 ἐντεῦθεν,
1396 1659 1597 1730 γέρων.
1632 1679 1651 1712 ι

1932 649 2086 715 tiam,
2119 650 2573 723 adolescentiam,
2627 656 2990 727 juventutem,
3026 661 3239 717 virilem
3275 672 3527 730 aetatem,

1932 752 2249 814 provectam
2294 752 2349 801 et
2388 748 2635 805 senilem.
2688 750 2797 806 llas
2824 766 2991 821 porro
3022 757 3349 823 septenariis
3398 759 3524 828 qui-

1931 835 2055 889 dem
2084 837 2335 902 metitur,
2368 855 2477 894 non
2509 848 2688 897 tamen
2720 844 3021 900 continuis.
3063 846 3159 903 His
3193 860 3376 904 autem
3401 866 3523 905 rer-

1934 925 2021 982 bis
2049 928 2270 983 utitur:
2310 947 2328 981 ι
2368 930 2427 983 In
2462 932 2708 988 hominis
2742 944 2938 989 natura
2978 946 3186 1008 septem
3221 951 3345 995 sunt
3386 950 3526 998 tem-

1932 1032 2127 1088 porum
2152 1020 2589 1088 vicissitudines,
2616 1041 2756 1095 quas
2777 1034 2969 1084 aetates
2991 1032 3287 1101 appellant,
3318 1032 3526 1098 infans,

1934 1126 2092 1182 puer,
2142 1114 2497 1181 adolescens,
2545 1118 2790 1187 juvenis,
2840 1123 2945 1189 vir,
3004 1134 3164 1181 aelate
3210 1138 3526 1197 provectus.

1934 1220 2124 1261 senex.
2157 1206 2345 1261 Infans
2377 1224 2553 1278 usque
2596 1213 2663 1264 ad
2698 1221 2905 1282 septem
2940 1229 3022 1273 an:
3056 1232 3117 1271 as
3141 1225 3225 1272 est
3254 1258 3268 1281 ,
3299 1218 3404 1274 hoc
3444 1220 3532 1274 est

1914 1294 2067 1351 dum
2093 1297 2285 1354 dentes
2318 1299 2597 1356 eduxerit.
2630 1301 2796 1367 Puer,
2828 1304 3005 1361 donec
3034 1324 3231 1363 semen
3263 1310 3530 1365 emiserit»

1938 1387 2043 1443 hoe
2092 1396 2176 1443 est
2225 1405 2401 1461 usque
2436 1392 2500 1445 ad
2552 1402 2811 1463 quartum
2864 1406 2919 1451 et
2973 1397 3245 1453 decimum
3301 1416 3531 1456 annum.

1943 1481 2299 1549 Adolescens,
2334 1485 2516 1554 quoad
2570 1487 2769 1556 lanugo
2804 1491 2977 1557 prima
3015 1492 3248 1554 oriatur,
3300 1492 3404 1546 hoe
3451 1504 3536 1545 est

1942 1572 2011 1628 ad
2050 1582 2163 1630 tres
2192 1591 2463 1630 annorqu
2497 1577 2894 1636 liebdomades.
2928 1581 3181 1647 .luvenis,
3231 1585 3413 1655 quoad
3449 1595 3533 1638 lo-

1945 1669 2057 1714 tum
2093 1676 2295 1732 corpus
2334 1665 2606 1732 creverit,
2668 1668 2769 1722 hoc
2818 1678 2905 1724 est
2947 1688 3121 1741 usque
3172 1672 3238 1727 ad
3296 1682 3535 1743 quatuor

252 1746 650 1805 hebdomades.
685 1750 805 1816 Vir,
834 1768 1008 1822 usque
1050 1753 1114 1808 ad
1183 1753 1892 1824 undequinquagesimum;
1965 1755 2069 1809 hoc
2128 1766 2216 1811 est
2268 1757 2333 1810 ad
2390 1767 2598 1829 septem
2664 1776 2934 1818 annorum
2996 1765 3382 1823 hebdomades.
3439 1764 3551 1819 Se."

248 1854 510 1905 nesccns,
553 1858 726 1914 usque
751 1844 820 1899 ad
857 1856 1072 1901 sextum
1104 1855 1159 1904 et
1189 1847 1713 1920 quinquagesimum
1738 1864 1967 1915 annum,
1993 1849 2098 1905 hoc
2121 1858 2207 1904 est
2260 1859 2515 1907 octavum
2572 1858 2967 1926 septenarium.
3031 1859 3294 1931 Deinceps
3355 1867 3535 1915 autem

248 1947 444 1991 senex.

320 2050 560 2106 Δυνατδν
592 2053 651 2105 ὲν
678 2055 991 2126 τριακοστῷ
1021 2055 1132 2112 ἔτει
1170 2056 1332 2111 αὐτὸν
1366 2056 1655 2129 ἄνθρωπον
1680 2057 1834 2112 πάπο

2008 2052 2151 2108 Fieri
2182 2062 2384 2125 potest,
2419 2064 2478 2111 ut
2511 2056 2786 2127 quispiam
2816 2058 2870 2113 in
2907 2073 3052 2113 anno
3087 2058 3374 2115 tricesimo
3400 2078 3537 2115 avus

247 2158 354 2195 πον
381 2144 659 2212 γενέσθαι.
695 2146 866 2218 Ἡϐᾄν
896 2150 995 2220 μὲν
1023 2166 1089 2201 πε
1100 2150 1152 2221 pl.
1181 2150 1281 2221 τὴν
1310 2150 1837 2220 τεσσαρεσκαιδεκά-

248 2252 351 2305 την
403 2237 640 2307 ήλικίαν,
695 2234 826 2314 ὲνῇ
874 2242 1117 2312 σπείρει,
1170 2242 1232 2296 τὸ
1293 2242 1349 2296 δὲ
1421 2243 1627 2315 σπαρὲν
1687 2241 1836 2306 ἐντὸς

247 2328 505 2384 ἐνιαυτοῦ
532 2331 850 2402 γενόμενον,
895 2334 1057 2388 πάλιν
1112 2335 1593 2405 πεντεκαιδεκάτῳ
1636 2334 1745 2387 ἔτει
1778 2334 1837 2387 τὸ

245 2420 439 2491 ὅμοιον
470 2422 646 2495 ἑαυτῷ
681 2426 899 2497 γεννᾷν.

322 2538 442 2590 Πᾶν
470 2537 569 2608 τὴν
603 2539 779 2611 ἀρχὴν
811 2540 955 2611 ἔχον,
998 2543 1093 2593 καὶ
1126 2542 1277 2605 τέλος
1315 2542 1647 2613 ἐπιδέχεται.
1682 2541 1753 2595 Τὸ
1784 2541 1837 2594 δὲ

246 2629 411 2693 τέλος
435 2631 846 2703 ἐπιδεχόμενον,
872 2634 1082 2707 φθορᾶς
1108 2637 1223 2688 ἐστι
1251 2635 1517 2689 δεκτικόν.

246 2951 442 3005 ΤΙΤΛ.
474 2948 554 3004 Θ⁹.
587 2980 651 2992 --
692 2952 829 3017 Περὶ
869 2951 974 3005 τοῦ
1001 2952 1405 3016 αὐτεξουσίου
1427 2966 1440 2979 ·
1478 2949 1565 3004 ὅτι
1606 2950 1840 3004 δέδοται

325 3022 473 3087 ἡμῖν
519 3022 678 3086 παρὰ
716 3023 888 3087 Θεοῦ,
933 3023 1032 3076 καί
1085 3023 1156 3076 ἐν
1206 3022 1352 3091 ἡμῖν
1405 3023 1533 3075 ἐστι
1569 3019 1840 3089 σωθῆναι

326 3092 427 3145 καὶ
454 3091 811 3147 ἀπολέσθαι.

331 3248 349 3279 ι
391 3229 846 3301 Διαμαρτύρομαι
890 3230 1020 3301 ὑμῖν
1063 3232 1307 3304 σήμερον
1343 3231 1434 3285 τὸν
1477 3228 1709 3300 οὐρανὸν
1748 3228 1842 3282 καὶ
1906 3250 1907 3253 η

258 3321 355 3393 τὴν
408 3323 545 3393 τῆν’
600 3323 699 3394 τὴν
746 3323 889 3396 ζωὴν
914 3326 1011 3378 καὶ
1072 3324 1163 3377 τὸν
1212 3324 1442 3379 Θάνατον
1490 3323 1701 3378 δέδωκα
1750 3322 1842 3377 ἐπὶ

1939 2144 2031 2211 sit,
2078 2161 2272 2217 nempe
2317 2155 2375 2201 ut
2416 2163 2561 2203 anno
2606 2149 2825 2205 decimo
2889 2158 3089 2221 quarto
3138 2153 3428 2221 pubescat,
3484 2166 3539 2209 et

1938 2236 2249 2308 genituram
2283 2240 2500 2294 emittat
2537 2258 2550 2293 :
2597 2240 2859 2311 quodque
2897 2252 3079 2301 satum
3108 2250 3216 2305 est,
3239 2258 3361 2299 eum
3390 2246 3535 2298 intra

1941 2327 2105 2384 unius
2134 2330 2263 2385 anni
2301 2331 2537 2401 spatium
2580 2332 2636 2386 in
2672 2332 2850 2387 lucem
2879 2333 3085 2387 editum
3121 2334 3309 2402 fuerit,
3342 2353 3538 2393 rursus

1941 2422 2157 2477 decimo
2182 2422 2377 2494 quinto
2402 2439 2547 2479 anno
2583 2424 2765 2481 simile
2790 2425 2875 2480 sui
2914 2426 3124 2497 gignat.

2014 2536 2264 2591 Eustath.
2301 2548 2441 2592 cont.
2495 2538 2684 2592 Arian.
2734 2570 2800 2580 -—
2856 2538 3136 2608 Quidquid
3201 2542 3533 2611 principium

1942 2628 2127 2693 habet,
2165 2629 2326 2685 ﬁnem
2374 2646 2597 2703 quoque
2649 2631 2965 2686 habiturum
3000 2640 3087 2687 est
3119 2652 3131 2687 :
3166 2636 3315 2704 quod
3352 2645 3535 2689 autem

1946 2721 2108 2776 linem
2180 2723 2454 2788 admittit,
2526 2724 2870 2795 corruptioni
2934 2724 3168 2793 proinde
3234 2727 3536 2783 obnoxium

1944 2825 2050 2870 est.

1946 2950 2083 3005 TlT.
2121 2949 2212 3003 IX.
2247 2980 2316 2989 —
2347 2949 2421 3004 De
2450 2951 2665 3004 arbitrii
2715 2932 2959 3006 libertate
2988 2968 3005 3005 ς
3040 2953 3182 3021 quod
3216 2970 3277 3007 ea
3310 2954 3460 3006 nobis
3506 2974 3538 3005 (ι

2018 3020 2129 3076 Deo
2161 3020 2289 3074 data
2318 3021 2409 3081 sit,
2446 3021 2683 3090 quodque
2713 3023 2768 3075 in
2800 3022 2949 3076 nobis
2999 3020 3161 3076 situm
3204 3028 3273 3078 sit
3308 3024 3537 3077 salutem

2016 3093 2288 3162 consequi.
2322 3090 2399 3145 vel
2430 3092 2625 3157 perire.
3010 3120 3019 3123 -

2023 3228 2175 3283 Deut.
2210 3244 2343 3297 xxx,
2385 3229 2470 3286 l9.
2504 3260 2573 3269 —
2622 3248 2639 3281 ι
2673 3228 2868 3287 Testes
2912 3232 3109 3287 invoco
3137 3232 3301 3288 hodie
3338 3232 3536 3287 emlum

1947 3331 2001 3377 et
2032 3331 2257 3388 terram,
2286 3323 2432 3393 quod
2465 3324 2847 3395 proposuerim
2877 3325 3040 3380 vobis
3084 3325 3250 3380 vitam
3296 3332 3350 3381 et
3393 3339 3539 3378 mor-

251 3414 557 3484 προσώπου
615 3415 792 3485 ὑμῶν,
827 3416 924 3471 καὶ
969 3416 1071 3487 τὴν
1118 3416 1394 3485 εὐλογίαν,
1437 3417 1533 3471 καὶ
1559 3415 1661 3487 τὴν
1706 3433 1840 3470 κατ-

1959 3424 2078 3479 lem,
2115 3416 2557 3473 benedictionem
2588 3425 2640 3473 et
2671 3416 3140 3474 maledictionem.
3184 3437 3200 3469 ι

250 3508 423 3578 ἁραν.
462 3526 480 3559 ι

338 3641 357 3674 r
381 3618 553 3677 Εἶπον
582 3625 648 3695 τῇ
674 3622 823 3696 ψυχῇ
855 3640 958 3695 μου
981 3642 993 3655 ’
1022 3623 1276 3695 Σωτηρία
1306 3640 1400 3676 σου
1442 3622 1559 3693 εἰμὶ
1587 3620 1719 3691 ἐγώ.
1748 3642 1767 3674 ι

333 3820 353 3852 ι
388 3800 591 3872 Κύριος
640 3802 700 3871 ἐξ
738 3803 916 3875 ἀρχῆς
962 3802 1222 3874 ἐποίησεν
1255 3802 1566 3873 ἄνθρωπον,
1609 3803 1702 3856 καὶ
1740 3803 1839 3871 ἀφ-

247 3896 393 3967 ῆκεν
410 3899 577 3951 αὐτὸν
604 3900 661 3952 ὲν
696 3898 843 3969 χειρὶ
860 3898 1167 3952 διαϐουλίου
1198 3898 1387 3952 αὑτοῦ.
1409 3895 1735 3969 Παρέθηκέν
1762 3913 1845 3949 σοι

249 3988 374 4062 πῦρ
406 3991 505 4044 καὶ
556 3990 723 4061 ὕδωρ,
770 3984 831 4044 οὗ
891 3992 987 4044 ἐὰν
1020 3990 1182 4065 Θέλῃς
1230 3990 1496 4054 ὲκτείνοις
1542 3989 1641 4061 τὴν
1686 3987 1846 4061 χεῖρά

249 4100 377 4138 σου.
422 4083 674 4138 Ἐναντία
717 4084 1069 4156 ἄνϐρωπονή
1107 4083 1221 4155 ζωὴ
1264 4086 1358 4137 καὶ
1387 4085 1416 4137 ό
1443 4083 1696 4149 Θάνατος,
1738 4082 1835 4136 καλ⁵

249 4176 280 4233 ὂ
308 4176 409 4231 ἐὰν
440 4178 711 4250 εὐδοκήσῃ
733 4177 902 4248 αὐτῷ.
936 4197 954 4230 ι

335 4373 355 4407 ι
392 4354 527 4408 Ἰδοὺ
555 4355 589 4425 ἡ
625 4354 874 4426 βασιλεία
896 4356 992 4409 τοῦ
1028 4354 1165 4409 Θεοῦ
1190 4356 1342 4421 ὲντὸς
1370 4353 1524 4426 ὑμῶν
1547 4356 1684 4407 ἐστι.
1711 4372 1728 4405 ι

335 4552 354 4583 ι
384 4533 499 4588 Ούκ
528 4533 728 4600 οἴδατε,
754 4536 837 4589 ὅτι
886 4552 932 4603 ῳ
966 4534 1409 4607 ὲμπαριστάνετε
1443 4536 1672 4600 ἑαυτοὺς
1716 4537 1835 4591 δού-

248 4626 385 4690 λους
416 4627 498 4689 είς
528 4626 801 4698 ὑπακοὴν,
827 4625 1004 4679 δοῦλοί
1034 4627 1158 4680 ἐστε
1259 4626 1586 4683 ὑπακούετε.
1625 4646 1644 4679 ι

328 4806 591 4860 Θέλουσιν
630 4806 760 4877 ύμῖν
802 4804 862 4860 εὖ
904 4806 1189 4879 πράττειν,
1234 4806 1367 4869 Θεὸς
1404 4806 1624 4877 ἕτοιμος
1663 4808 1743 4871 εἰς
1785 4808 1845 4861 τὸ

252 4896 553 4966 παρέχειν.

329 4988 587 5054 Τέθεικα,
620 4987 777 5059 φησὶ,
813 4988 921 5058 πρὸ
955 4988 1253 5060 προσώπου
1306 5005 1400 5042 σου
1431 4989 1530 5059 τὴν
1560 4988 1704 5062 ζωὴν
1747 4992 1845 5045 καὶ

251 5078 355 5133 τὸν
383 5078 637 5145 θάνατον,
669 5078 731 5133 τὸ
764 5078 970 5149 ἀγαθὸν
1011 5080 1106 5134 καὶ
1134 5084 1194 5133 τὸ
1240 5080 1430 5145 κακον,
1458 5080 1553 5134 δύο
1586 5082 1845 5136 ἀντικει-

256 5174 436 5247 μένας
467 5174 677 5243 φύσεις.
727 5175 1191 5246 Ἀντιστάθμησον
1226 5175 1395 5240 αὐτὰς
1424 5176 1519 5229 ἐπὶ
1557 5174 1649 5228 τοῦ
1687 5192 1848 5228 σεαυ-

252 5266 356 5324 τοῦ
390 5267 709 5337 κριτηρίουο
755 5267 1161 5337 ζυγοστάτησον
1195 5267 1463 5337 ἀκριϐῶς,
1493 5266 1546 5320 τί
1583 5284 1665 5320 σοι
1693 5267 1847 5320 λυσι-

250 5358 739 5431 τελέστερον,ιτὴν
773 5361 1110 5430 πρόσκαιρον
1144 5358 1361 5412 ἑλέσθαι
1395 5359 1615 5429 ἡδονὴν,
1658 5362 1751 5415 καὶ
1781 5359 1846 5412 δι’

252 5449 435 5519 αὐτῆς
493 5451 586 5507 τὸν
625 5451 844 5506 αἰώνιον
893 5453 1081 5507 λαϐεῖν
1141 5453 1395 5519 θάνατον,
1446 5454 1478 5524 ἦ
1524 5452 1622 5523 τὴν
1669 5453 1727 5504 ὲν
1778 5455 1845 5522 τῇ

255 5543 499 5610 ἀσκήσει
550 5543 647 5612 τῆς
676 5545 879 5615 ἀρετῆς
926 5545 1185 5615 ἑλόμενον
1247 5545 1644 5608 κακοπάθειαν,
1676 5543 1845 5615 ταύτῃ

259 5633 516 5706 προξένῳ
546 5636 857 5705 χρήσασθαι
886 5637 985 5708 τῆς
1010 5638 1229 5692 αἰωνίου
1255 5638 1485 5709 τρυφῆς.

336 5893 425 5951 Τὰ
455 5897 511 5950 ἐν
540 5896 665 5969 ᾅδου
713 5900 877 5967 κακὰ,
911 5900 1031 5972 ούχὶ
1074 5902 1202 5955 Θεὸν
1237 5902 1350 5972 ἔχει
1391 5903 1475 5957 τὸν
1506 5906 1698 5969 αἴτιον,
1732 5904 1843 5958 ἀλλ’

2021 3615 2171 3671 Psal.
2215 3632 2401 3681 xxxrv,
2434 3617 2490 3671 3.
2522 3646 2593 3655 —
2632 3634 2650 3666 ι
2694 3617 2787 3672 Dic
2819 3615 3013 3671 anima!
3046 3631 3181 3672 mea:
3216 3635 3228 3669 :
3264 3616 3417 3670 salus
3446 3624 3539 3669 tua

1949 3724 2049 3778 ego
2081 3724 2225 3764 sum.
2268 3727 2289 3761 ι

2021 3801 2190 3855 Eccli.
2230 3816 2318 3864 xv,
2360 3798 2447 3861 M,
2501 3798 2584 3853 l5.
2622 3829 2691 3838 —
2732 3818 2752 3852 ι
2802 3799 2947 3857 Deus
2999 3801 3209 3855 ereavit
3260 3801 3328 3855 ab
3382 3800 3540 3855 initio

1950 3890 2252 3953 hominem,
2295 3897 2351 3943 et
2401 3888 2632 3957 reliquit
2684 3904 2810 3944 eum
2844 3890 2901 3945 in
2937 3906 3102 3945 manu
3154 3890 3375 3946 consilii
3428 3893 3538 3945 sui.

1947 3980 2217 4053 Apposuit
2240 3981 2341 4035 tibi
2380 3996 2580 4050 aquam
2626 3990 2681 4036 et
2718 3981 2897 4052 ignem
2945 4000 2959 4038 :
2993 3984 3061 4037 ad
3098 3983 3244 4054 quod
3294 3984 3541 4038 volueris

1949 4072 2163 4143 porrige
2198 4086 2419 4126 manum
2453 4080 2626 4126 tuam.
2661 4073 2802 4128 Ante
2827 4073 3106 4130 hominem
3145 4075 3257 4129 vita
3279 4084 3334 4131 et
3362 4092 3537 4136 mors,

1949 4165 2150 4219 bonum
2191 4171 2245 4218 et
2277 4165 2480 4219 malum
2517 4183 2532 4220 :
2573 4172 2627 4219 et
2663 4165 2809 4237 quod
2850 4165 3121 4237 placuerit
3186 4168 3259 4232 ei,
3315 4167 3541 4222 dabitur

2018 4346 2149 4402 Luc.
2185 4365 2318 4412 xvn,
2350 4348 2443 4403 2|.
2469 4380 2539 4389 —
2569 4367 2587 4400 ι
2628 4348 2769 4407 Ecce
2801 4364 3030 4421 regnum
3084 4350 3179 4407 Dei
3247 4351 3391 4405 intra
3445 4367 3539 4406 vos

1944 4450 2049 4496 est.
2088 4460 2106 4492 ι

2016 4528 2167 4583 Rom.
2195 4546 2270 4593 vr,
2306 4530 2391 4584 lG.
2426 4561 2494 4570 —
2538 4548 2555 4581 ι
2586 4528 2823 4587 Nescitis
2850 4530 3110 4599 quoniam
3145 4530 3233 4586 cui
3264 4531 3538 4586 exhibetis

1948 4634 2046 4672 vos
2079 4634 2269 4674 servos
2319 4618 2386 4673 ad
2435 4618 2835 4683 obedieudum,
2886 4620 3031 4676 servi
3087 4622 3225 4678 estis
3277 4623 3401 4692 ejus
3447 4624 3540 4678 cui

1949 4710 2209 4767 obeditis.
2252 4730 2270 4762 ι

2021 4799 2241 4870 lgnatii,
2299 4802 2447 4869 epist.
2510 4801 2579 4854 ad
2638 4799 2856 4873 Smyrn.
2916 4834 2963 4844 νει
3004 4802 3334 4859 Volentibus
3376 4804 3535 4860 nobis

1948 4894 2085 4949 bene
2116 4910 2298 4963 agere,
2331 4894 2474 4951 Deus
2506 4895 2571 4949 ad
2599 4895 2953 4967 largiendum.
2973 4906 3264 4969 promptus
3286 4907 3391 4955 est.

2018 4986 2187 5041 Basil.
2226 4986 2279 5040 in
2324 4987 2465 5057 p‘sal.
2529 5001 2642 5043 ut.
2689 5016 2758 5028 —-
2809 4987 3005 5054 l’osui,
3043 4989 3243 5060 inquit,
3291 4997 3419 5046 ante
3457 4989 3538 5043 fa-

1945 5077 2085 5132 ciem
2117 5085 2266 5132 tuam
2319 5079 2488 5133 vitam
2539 5087 2594 5134 et
2644 5088 2899 5147 mortem,
2950 5081 3153 5135 bonum
3203 5088 3259 5135 et
3302 5080 3533 5143 malum,

1949 5169 2090 5227 «luas
2133 5170 2273 5224 inter
2309 5187 2367 5225 se
2408 5177 2713 5240 pugnantes
2750 5170 2912 5244 315
2944 5179 3195 5227 naturas.
3251 5169 3537 5242 Perpende

1950 5263 2016 5318 ad
2049 5278 2276 5319 examen
2319 5262 2512 5334 judieii
2546 5263 2647 5325 tui.
2679 5272 2733 5319 et
2775 5278 2931 5333 aequa
2974 5264 3132 5318 lance
3162 5262 3353 5319 sedulo
3400 5275 3537 5332 pon-

1950 5357 2105 5422 dera,
2136 5366 2317 5410 utrum
2371 5356 2778 5412 conducibilius
2814 5354 3125 5411 rationibus
3157 5354 3268 5409 tuis
3306 5353 3413 5421 sit;
3452 5352 3535 5406 ni»

1952 5448 2151 5502 mirum
2177 5449 2513 5516 voluptatem
2550 5448 2769 5503 brevem
2802 5458 2854 5502 et
2882 5447 3273 5518 temporariam
3310 5446 3533 5518 eligere,

1953 5548 2008 5593 et
2050 5555 2146 5609 per
2199 5556 2320 5595 eam
2380 5539 2768 5609 sempiternam
2832 5549 3063 5595 mortem
3116 5540 3402 5610 accipere,
3465 5553 3534 5593 an

1956 5624 2149 5684 conu'a
2190 5631 2434 5685 colenda:
2472 5630 2691 5684 virtutis
2744 5646 2912 5686 causa
2961 5631 3221 5686 mrumnis
3280 5645 3534 5701 asperam

1954 5721 2119 5774 vitam
2147 5721 2465 5790 amplexari,
2497 5731 2549 5775 et
2578 5736 2675 5791 per
2700 5737 2818 5775 eam
2848 5720 3075 5777 delicias
3117 5734 3405 5793 nunquam
3449 5720 3536 5773 in.

1956 5810 2337 5868 termorituras
2361 5810 2460 5866 tibi
2497 5812 2811 5867 conciliare.

2032 5903 2203 5958 Basil.
2268 5902 2405 5956 hem.
2476 5904 2627 5970 Qued
2697 5903 2829 5957 Deus
2880 5922 2979 5959 non
3033 5914 3106 5958 est
3145 5912 3328 5958 auctor
3361 5901 3530 5959 θηρίου
