4024 6430
196 431 352 500 1113

1532 432 1769 493 SACRA
1806 431 2269 494 PARALLELA.

3327 429 3461 497 1114

190 556 307 603 καὶ
354 548 707 612 ἀναστάσεως
762 547 943 617 τυχὼν
977 548 1381 621 κληρονομήσει
1434 548 1535 617 τὴν
1567 547 1780 619 ἀφθαρ-

1889 548 2014 616 quis
2043 546 2383 617 expleverit,
2430 545 2684 602 obtinere
2734 546 2969 602 salutem
3009 552 3228 618 potest,
3256 559 3459 605 etcum

196 640 359 695 σίαν.

287 816 383 869 Ἐν
436 816 520 869 σοὶ
553 816 619 869 ἂν
666 816 753 886 εἴη
802 816 897 869 καὶ
933 816 1109 884 φωτὸς
1142 816 1461 883 ἀπολαύειν,
1511 819 1607 871 καὶ
1640 818 1787 888 ζόφῳ

194 907 639 962 συνδιαιτᾶσθαι.
672 908 809 979 Πρὶν
850 907 1087 978 παρέϐη,
1117 909 1213 963 καὶ
1246 910 1481 979 ὴθέτησε
1510 911 1538 963 ὁ
1574 910 1789 980 πρωτό-

191 997 450 1064 πλαστος
481 999 787 1069 ἄνθρωπος,
820 1001 1075 1073 χειροήθη
1113 999 1257 1073 εἶχεν
1291 1003 1467 1057 πάντα
1499 1002 1568 1055 τὰ
1598 1002 1784 1072 θηρία,

195 1090 386 1161 μηδὲν
435 1092 599 1144 αὐτὸν
651 1091 944 1146 ἀδικοῦντα
996 1094 1296 1158 παντελῶς.
1327 1111 1344 1144 ι
1382 1092 1525 1161 Ἐγὼ
1580 1094 1700 1163 εἰμὶ
1750 1094 1783 1163 ἠ

190 1178 371 1249 θύρα,
412 1198 432 1231 ›
468 1182 689 1251 εἴρηκεν
720 1183 748 1235 ὁ
782 1182 1005 1252 Κύριος.
1037 1185 1102 1236 Οἱ
1141 1184 1407 1255 θησαυροὶ
1439 1181 1533 1239 οὖν
1566 1184 1665 1254 τῆς
1696 1201 1785 1236 σο-

190 1270 336 1338 cpia;
357 1271 455 1324 xui.
482 1274 581 1342 τῆς
617 1272 869 1340 γνώσεως
900 1273 1047 1326 ἔνδον
1080 1275 1179 1344 τῆς
1210 1275 1379 1345 θύρας
1411 1275 1785 1346 κεκρυμμένοι

187 1363 559 1430 τυγχάνουσι.

268 1476 513 1543 Λέγουσί
547 1493 694 1540 τινες
724 1479 853 1547 περὶ
899 1476 993 1530 τοῦ
1021 1477 1333 1549 ἀνθρώπου,
1363 1480 1466 1533 ὅσα
1514 1479 1595 1532 δεῖ
1622 1478 1785 1533 αὐτὸν

187 1569 438 1639 ποιῆσαι
468 1571 648 1638 ἀγαθὰ
680 1572 775 1624 καὶ
805 1572 1039 1641 πονηρά.
1082 1572 1271 1625 Πολλοὶ
1301 1568 1392 1626 οὖν
1421 1574 1785 1644 ἐμπίπτοντες

182 1660 282 1713 διὰ
312 1662 415 1714 τοῦ
445 1663 686 1733 πονηροῦ
718 1666 797 1725 εἰς
828 1665 997 1726 κακὰ,
1020 1664 1298 1731 λέγουσιν·
1329 1666 1467 1719 Οὐαὶ
1496 1666 1573 1736 τῷ
1598 1665 1784 1737 ἄστρῳ

184 1750 376 1806 αὐτοῦ
398 1768 415 1784 ⁸
448 1754 542 1806 καὶ
579 1753 766 1819 πάλιν,
798 1755 879 1808 ὅτι
910 1755 1049 1807 κατὰ
1078 1756 1139 1807 τὺ
1168 1755 1321 1808 δοτὸν
1347 1756 1784 1827 ἀποθνήσκουσιν

180 1843 236 1893 οξ
267 1842 592 1913 ἄνθρωπον
637 1844 669 1915 ἢ
726 1847 783 1898 ὲν
833 1846 910 1916 τῷ
957 1845 1209 1917 ποταμῷ.
1246 1848 1364 1916 ἥὲν
1412 1848 1647 1919 κρημνῷ
1675 1890 1689 1914 ,
1744 1849 1778 1918 ἢ
1810 1893 1854 1950 Β

179 1934 498 2005 οῐῳδήποτε
539 1938 744 2006 τρόπῳ.
771 1938 882 1990 Καὶ
904 1936 1062 1991 τοῦτο
1094 1938 1583 2007 ματαιολογοῦντες
1610 1941 1783 2011 ἀμαρ-

177 2026 481 2081 τάνουσιν.
525 2026 583 2080 '0
606 2028 713 2098 γὰρ
753 2028 885 2092 Θεὸς
915 2029 1268 2095 αὐτεξούσιον
1307 2031 1475 2085 ἔδωκε
1514 2031 1613 2102 τὴν
1648 2049 1784 2101 προσ

176 2118 417 2187 αἰρεσιν
454 2117 532 2188 τῷ
560 2118 853 2191 ἀνθρώπῳ,
882 2121 975 2173 καὶ
1030 2121 1310 2187 ὑπέδειξεν
1348 2124 1496 2194 αὐτῷ
1521 2125 1622 2195 τὴν
1665 2123 1781 2177 ὁδὸν

174 2211 286 2264 τοῦ
322 2212 506 2277 φωτὸς
551 2213 766 2266 καὶτοῦ
804 2216 1049 2277 σκότους.
1086 2214 1160 2267 Τὸ
1190 2216 1379 2286 κέρδος
1422 2217 1516 2269 καὶ
1558 2216 1655 2285 τὴν
1686 2216 1782 2287 ζη-

180 2305 334 2371 μίαν
371 2303 520 2372 λέγει
544 2305 629 2358 διὰ
655 2306 747 2358 106
779 2309 1057 2378 προφήτου
1083 2309 1308 2361 Ἰισαῒον
1330 2326 1344 2339 °
1381 2329 1397 2360 ι
1420 2310 1546 2363 Ἰἰὰν
1568 2310 1778 2380 θέλητε,

177 2396 285 2447 καὶ
332 2397 695 2466 slsum-Some
730 2416 856 2466 μου,
888 2400 954 2452 τὰ
986 2400 1168 2467 ἀγαθὰ
1225 2404 1324 2468 τῆς
1351 2401 1455 2471 γῆς
1499 2402 1739 2470 φάγεσθε
1762 2419 1775 2433 ·

175 2488 285 2541 ἐὰν
336 2488 395 2542 δὲ
438 2490 513 2560 μὴ
548 2490 759 2561 θέλητε,
793 2491 925 2563 μηδὲ
967 2492 1328 2564 εἰσακούσητέ
1381 2512 1506 2564 μου,
1544 2493 1653 2564 ἐγὼ
1682 2495 1782 2549 οὐκ

174 2582 525 2645 ἀναγκάζω.
560 2602 578 2634 ι
612 2584 685 2635 Τὸ
713 2584 821 2655 γὰρ
869 2585 927 2649 ἐξ
976 2586 1224 2655 ἀνάγκης
1259 2586 1544 2656 γινόμενον
1592 2587 1782 2658 κέρδος

174 2673 286 2725 οὐκ
322 2673 463 2742 ἔχει.
507 2672 648 2742 Ἐγὼ
674 2675 833 2745 ὅρους
873 2677 975 2728 οὐκ
1018 2676 1302 2747 ἐπέθηκαο
1346 2678 1446 2729 οὐκ
1480 2677 1641 2743 ἔταξα
1688 2679 1781 2731 ἐπὶ

177 2766 241 2817 σε
283 2766 439 2819 καλὰ
473 2766 504 2837 ἢ
537 2767 700 2821 κακά.
743 2769 897 2822 Ἐπεὶ
934 2769 981 2820 εἱ
1029 2768 1338 2823 ἐνετείλατό
1392 2788 1483 2839 μοι
1530 2771 1709 2838 φόνον,
1745 2770 1777 2840 ἢ

175 2856 465 2925 πορνείαν
522 2856 800 2926 δηλονότι.
864 2857 1088 2926 ποιῆσαι
1145 2859 1287 2911 αὐτὰ
1341 2853 1520 2927 εἰκόν’
1559 2858 1620 2911 τὸ
1672 2858 1781 2930 γὰρ

174 2945 591 3017 πῳστὰγματι
632 2946 796 3000 αὑτοῦ
845 2948 1121 3001 ἀντειπεῖν
1170 2952 1232 3003 οὐ
1282 2949 1527 3002 δυνατόν.
1577 2950 1647 3003 ’Ἡ
1697 2953 1781 3013 τίς

172 3040 377 3107 κρίνει
423 3056 491 3109 με
516 3040 613 3102 τὰς
661 3039 881 3105 ἐντολὰς
932 3040 1100 3094 αὐτοῦ
1131 3041 1443 3112 τηροῦντας
1473 3040 1725 3095 οὐδέποτε
1752 3043 1781 3095 ό

171 3129 327 3192 Θεὸς
368 3130 605 3200 θελητὴς
642 3133 755 3184 ἐστι
792 3132 962 3186 κακοῦ
1006 3133 1331 3205 ἀνθρώπων.
1368 3136 1448 3187 Τὰ
1489 3135 1597 3207 γὰρ
1655 3153 1779 3188 πει-

1891 653 1918 689 a
1951 648 2125 693 morte
2158 645 2450 692 revocatus
2504 640 2609 691 erit
2647 638 2712 692 ad
2756 638 2925 692 vitam
3025 639 3462 708 incorruptionis

1892 730 2065 785 haeres
2086 729 2371 785 elllcictur.
2500 730 2516 743 '
2970 740 2979 745 '

1970 822 2105 877 Nili.
2140 854 2212 862 —
2245 823 2300 875 In
2331 832 2384 875 te
2416 822 2655 891 positum
2689 829 2809 881 est.
2843 832 2903 875 ιιι
2932 821 3017 875 vel
3054 822 3173 876 luce
3208 819 3415 875 fruaris
3438 857 3458 881 .

1889 915 1969 967 vel
2004 915 2057 968 iu
2084 916 2326 971 tenebris
2360 916 2616 970 verscris.
2647 915 2956 983 Antequam
2983 914 3197 985 primus
3230 914 3393 968 homo
3428 926 3460 965 a

1886 1005 2074 1059 divino
2104 1006 2363 1059 mandato
2396 1007 2759 1069 recessisset,
2790 1005 2938 1061 feras
2995 1020 3191 1059 omnes
3240 1005 3461 1059 cicures

1887 1096 2122 1151 habebat
2157 1114 2170 1150 :
2208 1110 2309 1150 nec
2344 1096 2644 1165 quidquam
2674 1097 2777 1165 ipsi
2807 1097 2876 1150 ab
2916 1097 3024 1151 illis
3054 1096 3273 1165 injuriae
3314 1097 3459 1149 irro-

1881 1188 2132 1256 gabatur.
2200 1206 2217 1238 ι
2283 1186 2395 1257 Ego
2450 1204 2573 1242 sum
2631 1189 2873 1251 ostium,
2939 1206 2958 1239 ι
3006 1187 3141 1241 dicit
3197 1185 3460 1239 Dominus

1887 1281 2049 1344 (Joan
2108 1294 2197 1339 xv,
2225 1278 2298 1347 9).
2354 1277 2542 1347 Itaque
2570 1280 2811 1333 thesauri
2836 1279 3116 1348 sapientia:
3144 1287 3197 1332 et
3221 1277 3461 1331 scientias

1884 1371 2029 1423 intra
2062 1370 2265 1424 ostium
2297 1370 2608 1423 absconditi
2644 1380 2793 1424 sunt.

1958 1484 2197 1540 Eusebii.
2226 1514 2292 1524 —
2312 1482 2392 1539 De
2420 1485 2640 1538 homine
2664 1526 2676 1544 .
2715 1484 2961 1539 nonnulli
2986 1492 3113 1539 sunt
3143 1482 3232 1552 qui
3258 1494 3458 1553 praeut—

1883 1586 2011 1631 cant
2041 1576 2307 1647 quidquid
2342 1576 2592 1632 facturus
2622 1577 2695 1631 sit
2727 1577 2854 1630 boni
2894 1578 2975 1630 vel
3002 1576 3157 1629 mali.
3186 1575 3459 1640 Quocirca

1884 1668 2043 1721 multi
2079 1668 2345 1722 instinctu
2381 1667 2508 1721 mali
2544 1668 2708 1736 genii,
2735 1684 2858 1721 cum
2884 1667 2935 1720 in
2966 1666 3106 1721 mala
3143 1665 3457 1730 inciderint,

1883 1757 2107 1811 dicent:
2144 1755 2233 1810 Va:
2260 1758 2433 1827 ipsius
2455 1770 2636 1825 aStro;
2671 1772 2734 1811 ac
2756 1772 2950 1812 rursus
2971 1798 2985 1819 ,
3014 1755 3162 1827 quod
3187 1754 3299 1809 fato
3319 1771 3458 1827 quo—

1883 1847 2006 1900 dam
2031 1847 2281 1903 homines
2334 1849 2609 1903 intereant
2633 1889 2647 1910 ,
2681 1850 2797 1903 sive
2846 1848 3052 1914 ﬂuvio,
3092 1850 3176 1903 vel
3209 1848 3459 1919 praecipi-

1883 1942 1960 1994 tio
1987 1983 2002 2006 ,
2027 1942 2110 1994 vel
2141 1957 2477 2011 quocunque
2501 1942 2720 1996 tandem
2760 1944 2870 1995 alio
2904 1942 3085 1995 modo.
3120 1942 3188 1995 At
3223 1942 3334 1995 haec
3359 1956 3459 1995 nu-

1881 2032 2091 2100 gacitas
2118 2042 2346 2101 peccato
2379 2048 2489 2086 non
2516 2040 2691 2087 caret.
2735 2030 2869 2087 Nam
2900 2032 3045 2088 Deus
3089 2032 3297 2086 homini
3319 2031 3459 2085 libe-

1880 2138 1996 2177 ram
2055 2124 2380 2178 electionem
2445 2124 2626 2187 dedit,
2681 2125 2932 2195 lucisque
2989 2131 3044 2178 et
3102 2122 3457 2178 tenebrarum

1879 2216 2022 2267 viam
2044 2216 2290 2270 ostendit
2323 2216 2395 2272 ei.
2432 2219 2508 2271 Ac
2529 2219 2745 2272 lucrum
2776 2226 2829 2271 et
2853 2217 3111 2270 damnum
3144 2232 3238 2285 per
3260 2214 3456 2269 Isaiam

1882 2306 2201 2372 prophetam
2238 2304 2324 2359 his
2356 2306 2539 2359 verbis
2600 2305 2849 2359 indicat:
2883 2323 2900 2355 ι
2965 2305 3019 2357 δί
3068 2303 3357 2359 volueritis
3403 2313 3459 2359 et

1880 2396 2199 2461 audieritis,
2235 2396 2375 2450 bona
2412 2406 2574 2451 teme
2617 2396 2918 2451 comedetis
2955 2416 2965 2449 :
2998 2395 3085 2449 sin
3134 2404 3314 2450 autem
3354 2409 3457 2449 no-

1882 2487 2099 2541 lueritis
2125 2527 2139 2550 ,
2170 2501 2268 2541 nec
2302 2487 2591 2541 audieritis
2623 2501 2708 2541 me
2729 2528 2742 2552 ,
2786 2487 2934 2540 nulla
2981 2501 3080 2541 vos
3125 2486 3457 2541 necessitate

1880 2580 2199 2648 constriugo
2238 2578 2375 2649 (ha.
2412 2595 2425 2632 ι
2455 2621 2468 2644 ,
2504 2577 2729 2644 19,20).
2771 2597 2789 2630 ι
2833 2577 2965 2633 Nam
2995 2576 3140 2649 quod
3184 2578 3235 2631 vl
3266 2592 3331 2631 ac
3362 2589 3460 2631 ne—

1880 2672 2138 2725 οιιεςὶιιιιο
2171 2672 2227 2725 lit
2249 2712 2262 2733 .
2296 2671 2538 2726 fructum
2571 2687 2681 2726 non
2720 2672 2899 2725 habet.
2932 2669 3044 2740 Ego
3074 2670 3294 2724 decreta
3344 2682 3454 2723 non

1880 2762 2117 2832 imposui
2152 2781 2165 2817 :
2196 2764 2335 2817 bona
2368 2772 2463 2818 aut
2502 2764 2645 2818 mala
2678 2762 2776 2817 tibi
2804 2777 2910 2816 non
2949 2760 3280 2831 praescripsi.
3305 2760 3456 2815 Alio-

1880 2858 1974 2927 qui
2002 2858 2147 2912 enim
2184 2857 2231 2911 si
2260 2856 2390 2911 mihi
2416 2854 2621 2909 caedem
2652 2860 2747 2908 aut
2797 2864 3049 2922 stuprum
3086 2851 3457 2920 imperasset,

1879 2967 1941 3007 ea
1976 2951 2302 3006 necessitate
2339 2958 2759 3020 perpetrasscm.
2781 2945 2958 3016 Ipsius
2986 2944 3131 2998 enim
3158 2942 3332 3009 jussis
3362 2957 3457 2999 re-

1879 3043 2074 3097 luctari
2109 3056 2268 3095 nemo
2302 3048 2499 3110 potest.
2524 3039 2636 3093 Cur
2664 3053 2795 3090 vero
2830 3032 2919 3089 me
2960 3034 3235 3104 supplicio
3261 3032 3457 3086 multa-

1878 3144 1962 3187 ret
2001 3132 2279 3187 mandatis
2334 3132 2735 3199 obsequentem
2786 3126 2949 3180 suis?
3002 3132 3281 3193 nunquam
3325 3138 3456 3179 sane

174 3226 442 3294 ρατήρια
469 3227 537 3277 τὰ
567 3226 912 3296 ἐπερχόμενα
950 3226 1058 3279 τῶν
1098 3226 1422 3298 ἀνθρώπων,
1460 3232 1521 3282 ἐκ
1549 3228 1642 3282 τοῦ
1685 3247 1779 3282 πο-

1889 3228 2163 3281 bomiuuut
2193 3225 2392 3279 tnalum
2430 3224 2570 3277 Deus
2626 3221 2759 3274 vult.
2788 3217 2924 3271 Nam
2965 3218 3297 3271 tcutationcs
3337 3229 3457 3285 quae

168 3316 366 3385 νηροῦ
417 3318 595 3369 εἰσιν
644 3317 741 3370 τοῦ
799 3318 1125 3371 ’Δποστόλου
1179 3319 1462 3387 λέγοντος·
1518 3340 1535 3371 ι
1570 3321 1777 3392 Μηδεὶς

170 3407 598 3479 πειραζόμενος
622 3408 849 3477 λεγέτω,
872 3411 954 3464 ὅτι
993 3412 1125 3464 Ἀπὸ
1155 3412 1290 3465 Θεοῦ
1326 3412 1683 3483 πειράζομαι.
1721 3414 1777 3465 Ὀ

167 3500 297 3569 γὰρ
337 3497 479 3559 Θεὸς
505 3498 838 3569 ἀπείραστός
860 3502 974 3554 ἐστι
1004 3499 1192 3554 κακῶν
1213 3516 1226 3531 ⁸
1256 3502 1504 3572 πειράζει
1532 3503 1588 3555 δὲ
1616 3502 1779 3567 αὐτὸς

166 3591 409 3644 οὐδένα.
443 3589 712 3653 Ἕκαστος
743 3589 801 3642 δὲ
830 3591 1151 3660 πειράζεται
1203 3590 1310 3643 ὑπὸ
1345 3592 1443 3659 τῆς
1489 3590 1625 3651 ἰδίας
1660 3592 1779 3642 ὲπι-

164 3680 424 3750 θυμίας.
461 3704 480 3733 ι
519 3679 644 3733 Ἐὰν
666 3680 723 3734 δὲ
754 3684 915 3753 ποιῇς
942 3682 1170 3751 ἀγαθὸν,
1201 3685 1267 3754 τῇ
1302 3682 1396 3735 τοῦ
1427 3682 1560 3735 Θεοῦ
1592 3683 1779 3751 φιλαν-

166 3769 421 3840 θρωπίᾳ
449 3769 756 3840 ἐπεγραψον
776 3786 790 3800 '
826 3772 920 3826 ἐὰν
942 3773 999 3827 δὲ
1029 3772 1287 3844 πονηρὸν,
1317 3776 1386 3845 τῇ
1408 3772 1503 3825 τοῦ
1529 3773 1777 3827 διαϐόλου

165 3860 440 3930 πονηρίᾳ
473 3861 798 3933 ὲπίγραψον.

164 4085 387 4140 ΤΙΤΔ.
425 4081 483 4139 1'.
512 4116 586 4127 -
612 4086 752 4155 Περὶ
778 4083 886 4152 τῆς
910 4086 1176 4141 ἀστάτου
1218 4086 1317 4139 καὶ
1349 4086 1625 4142 ἀϐεϐαίου
1660 4089 1779 4142 τῶν

245 4156 666 4226 ἀνθρῳπίνων
696 4154 702 4226 ξ
730 4154 1087 4226 πραγμάτων
1147 4157 1575 4222 καταστάσεως
1597 4176 1611 4190 ’
1679 4159 1777 4212 καὶ

245 4228 389 4279 τίνι
435 4224 635 4279 ἔοικεν
665 4224 1002 4294 ἄνθρωπος,
1038 4226 1136 4280 καὶ
1180 4230 1213 4280 ό
1240 4228 1382 4293 ,βίος
1427 4228 1646 4281 αὐτοῦ’
1676 4230 1775 4282 καὶ

246 4296 362 4349 ὅτι
407 4294 630 4363 μάταια
686 4296 759 4350 τὰ
799 4298 1100 4365 παρόντα,
1146 4297 1246 4350 καὶ
1294 4295 1477 4361 σκιᾶς
1528 4298 1779 4367 αὔραιοέ-

251 4380 483 4431 στερα.

256 4497 279 4529 ι
324 4474 672 4546 Προσήλυτοι
710 4476 807 4530 καὶ
860 4478 1117 4549 πάροικοι
1144 4478 1306 4549 ὑμεῖς
1349 4480 1473 4533 ἐστε
1530 4482 1778 4535 ἐναντίον

170 4588 322 4642 μου.
366 4587 387 4621 ι

256 4682 279 4713 ε
331 4658 599 4730 Παροικοὶ
630 4660 801 4729 ἐσμεν
830 4658 1070 4714 ἐναντίον
1103 4677 1221 4723 σου,
1243 4663 1338 4715 καὶ
1371 4680 1774 4727 κατοικονντες,

167 4754 257 4816 ὡς
298 4750 515 4815 πάντες
570 4752 620 4804 οἱ
654 4751 890 4823 πατέρες
933 4752 1117 4823 ἡμῶν.
1172 4752 1259 4817 Ὧς
1296 4755 1425 4807 σκιὰ
1473 4756 1530 4808 αἱ
1574 4755 1779 4827 ἡμέραι

166 4846 360 4919 ἡμῶν
384 4843 479 4895 ὲπὶ
506 4844 604 4913 τῆς
626 4843 752 4911 γῆς.
791 4864 809 4896 ι

257 4954 279 4987 ι
320 4934 543 5004 Γυμνὸς
602 4935 824 5005 ἐξῆλθον
879 4937 943 4989 ἐκ
993 4935 1203 4999 κοιλίας
1246 4939 1345 5007 τῆς
1384 4942 1591 5009 μητρός
1643 4956 1777 5010 μου,

166 5024 410 5096 γυμνὸς
467 5026 562 5077 καὶ
605 5025 983 5095 ἀπελεύσομαι
1026 5028 1163 5081 ἐκεῖ.
1200 5027 1260 5081 '0
1301 5027 1415 5098 βίος
1464 5046 1572 5099 μου
1632 5030 1779 5083 ἐστὶν

164 5116 567 5187 ἐλαφρότερος
598 5116 811 5179 λαλιᾶς.
840 5138 858 5170 ι

262 5228 283 5258 ι
324 5206 471 5261 Σκιά
493 5209 642 5260 ἐστιν
670 5209 698 5260 ὁ
728 5207 841 5277 βίος
865 5208 1021 5279 ἡμῶν
1048 5210 1143 5262 ἐπὶ
1168 5208 1267 5279 τῆς
1297 5212 1419 5281 γῆς.
1452 5228 1470 5261 ι

262 5401 282 5433 ι
340 5381 543 5452 Βροτὸς
597 5383 824 5451 γενητὸς
880 5383 979 5454 τῆς
1020 5385 1301 5453 γυναικὸς,
1354 5386 1641 5457 ὀλιγόϐιος,
1682 5392 1779 5445 καὶ

167 5475 417 5545 πλήρης
446 5473 636 5543 ὀργῆς.
666 5476 737 5527 ’Ἡ
763 5474 954 5547 ὥσπερ
1007 5476 1165 5539 ἄνθος
1201 5476 1445 5547 ἀνθῆσαν
1478 5480 1736 5545 ἐξέπεσεν
1762 5500 1773 5513 ’

168 5565 415 5634 ἀπέδρα
437 5564 496 5617 δὲ
525 5564 714 5637 ὥσπερ
748 5566 895 5633 σκιὰ,
922 5567 1020 5619 καὶ
1043 5567 1104 5620 οὐ
1141 5567 1215 5638 μὴ
1241 5572 1362 5640 στῇ.
1401 5590 1421 5621 ι

265 5765 284 5795 ι
327 5742 659 5815 ’Ἄνθρωπος
708 5745 936 5815 σαπρία,
971 5746 1064 5798 καὶ
1119 5746 1233 5810 υἱὸς
1271 5746 1581 5819 ἀνθρώπου,
1638 5748 1763 5805 σκὼι

170 5833 296 5913 λτιξ
306 5874 319 5887 .
360 5853 379 5885 ι

1879 3318 2197 3373 hominibus
2232 3317 2538 3379 accidunt,
2595 3330 2621 3364 τι
2675 3312 2895 3365 diabolo
2938 3310 3271 3363 excitantur.
3334 3306 3460 3362 llaac

1880 3410 2153 3477 siquidem
2228 3408 2475 3478 Apostoli
2543 3406 2709 3460 verba
2780 3411 2910 3459 sunt
2960 3401 3131 3469 (Jac.
3194 3419 3243 3466 ι.
3295 3402 3457 3469 l5):

1884 3520 1902 3554 ι
1945 3499 2117 3555 Nemo
2144 3514 2269 3553 cum
2313 3506 2573 3561 tentatur,
2598 3496 2783 3559 dicat,
2813 3498 2939 3564 quia
2974 3509 3000 3547 a
3036 3495 3145 3548 Deo
3189 3498 3455 3545 tentatur.

1880 3593 2026 3645 Deus
2041 3591 2187 3645 enim
2216 3590 2523 3644 intentator
2541 3588 2809 3641 malorum
2836 3594 2919 3640 cst
2955 3605 2969 3640 :
2995 3585 3113 3655 ipse
3147 3591 3332 3637 autem
3363 3598 3461 3637 ne-

1880 3682 2085 3737 minem
2123 3689 2316 3735 tentat.
2350 3680 2749 3747 Unusquisque
2783 3692 2914 3731 vero
2964 3683 3209 3729 tentatur
3259 3689 3287 3727 a
3330 3688 3460 3743 proa
3508 3704 3531 3723 ο

1879 3775 1996 3844 pria
2030 3772 2479 3842 concupiscentia
2507 3768 2724 3836 (Jac.t,
2757 3769 2844 3831 l3,
2880 3768 3000 3837 14).
3042 3786 3059 3819 ι
3086 3766 3241 3832 Quod
3261 3767 3304 3819 si
3326 3762 3460 3833 quid

1879 3866 1996 3935 agis
2062 3864 2231 3930 boui,
2301 3862 2356 3918 id
2419 3864 2509 3917 Dei
2565 3861 2887 3930 benignitati
2943 3860 3121 3913 tribue
3173 3874 3186 3911 :
3245 3855 3459 3927 siquid

1879 3954 2004 4007 mali
2034 3994 2049 4020 ,
2084 3954 2186 4007 hoc
2218 3953 2438 4008 ascribe
2462 3951 2665 4005 diaboli
2701 3949 3073 4021 perversitati.

1878 4085 2013 4141 TIT.
2049 4086 2117 4141 Χ.
2141 4118 2203 4125 -
2224 4086 2297 4140 De
2324 4086 2560 4139 instabili
2584 4101 2759 4139 rerum
2788 4085 3140 4138 humanarum
3164 4091 3308 4136 statu
3334 4096 3353 4135 :
3386 4079 3461 4135 Ει

1950 4158 2043 4211 cui
2079 4157 2267 4211 similis
2286 4157 2527 4209 sithouw
2566 4166 2613 4209 et
2646 4156 2752 4209 vita
2798 4156 2999 4219 ipsius;
3044 4154 3282 4223 quodque
3321 4168 3464 4207 rana

1949 4230 2232 4297 pratsentia
2256 4229 2363 4281 sint
2390 4268 2405 4291 ,
2433 4236 2481 4281 et
2511 4227 2700 4279 umbra
2740 4225 3114 4279 imbecilliora.

1951 4474 2112 4530 Levit.
2147 4492 2273 4542 xxv,
2298 4476 2387 4529 Ξῖ).
2423 4506 2493 4515 -
2550 4493 2568 4528 ι
2618 4474 2865 4543 Δάνοηεεξ
2893 4483 2946 4529 οι
3015 4469 3290 4543 peregrini
3319 4467 3463 4527 estis

1808 4587 1850 4641 υ
1879 4581 2068 4622 coram
2107 4583 2213 4620 tne.
2250 4585 2266 4617 ι

1956 4655 1985 4711 1
2017 4655 2205 4710 Paral.
2228 4672 2380 4719 χχιι,
2409 4656 2499 4710 ἓῦ.
2534 4682 2599 4695 —
2641 4673 2659 4706 ι
2705 4654 2985 4724 Peregrini
3043 4668 3237 4707 sumus
3269 4664 3457 4706 coram

1881 4754 1933 4801 te
1966 4753 2022 4801 et
2079 4746 2327 4811 advena,
2388 4746 2533 4799 sicut
2598 4760 2791 4798 omnes
2857 4754 3041 4814 patres
3095 4743 3294 4799 nostri.
3327 4741 3463 4797 Dies

1880 4837 2053 4891 nostri
2085 4837 2225 4891 sicut
2252 4838 2447 4889 umbra
2479 4853 2645 4906 super
2675 4846 2898 4890 terram.
2926 4855 2943 4887 ι

1950 4927 2075 4982 Job.
2119 4944 2170 4990 ι,
2202 4928 2290 4981 2|.
2318 4957 2387 4967 —
2415 4945 2432 4978 ι
2471 4926 2662 4982 Nudus
2701 4942 2957 4997 egressus
3015 4943 3134 4983 sum
3185 4924 3251 4979 de
3297 4935 3459 4980 utero

1880 5018 2077 5074 matris
2108 5034 2241 5072 mea:
2267 5059 2280 5081 ,
2314 5029 2371 5072 et
2436 5017 2617 5074 nudus
2648 5026 2895 5073 revertar
2951 5018 3103 5072 illuc.
3161 5015 3283 5070 Vita
3335 5032 3460 5071 mea

1882 5112 2122 5167 velocior
2162 5124 2247 5166 est
2272 5112 2566 5166 locutione.
2609 5130 2627 5163 ι

1952 5204 2054 5258 Job
2116 5220 2251 5270 vin,
2303 5206 2356 5258 9.
2408 5221 2523 5254 -ι
2592 5200 2800 5257 Umbra
2853 5208 2939 5257 est
2994 5200 3107 5256 vita
3160 5209 3347 5255 nostra
3399 5199 3455 5254 in

1880 5305 2051 5350 terra.
2096 5313 2114 5346 ι

1949 5386 2051 5441 Job
2119 5388 2311 5451 MV,1,
2346 5387 2498 5442 2.-
2544 5406 2562 5437 ι
2628 5383 2806 5441 llomo
2858 5394 3017 5439 natus
3066 5374 3459 5446 dc‘muliere,

1882 5479 2031 5534 brevi
2064 5480 2254 5534 vivens
2293 5488 2574 5549 tempore,
2628 5480 2870 5549 repletur
2913 5476 3315 5548 indignatione.
3348 5473 3456 5529 Aut

1881 5573 2038 5641 quasi
2071 5571 2171 5627 llos
2197 5572 2291 5642 qui
2325 5572 2542 5636 ﬂoruit,
2577 5572 2818 5639 excidit,
2878 5580 2935 5628 ct
2983 5570 3119 5641 fugit
3144 5569 3294 5625 velut
3334 5582 3463 5622 um-x

1882 5663 2001 5725 bra,
2026 5672 2076 5717 et
2101 5678 2384 5731 nunquam
2416 5669 2543 5717 stat.
2585 5682 2605 5715 ι

1948 5751 2049 5806 Job
2103 5769 2228 5818 xxv,
2256 5756 2305 5808 6.
2339 5783 2409 5799 —-
2438 5775 2453 5809 ι
2500 5754 2672 5813 llomo
2700 5754 2967 5828 putredo,
3003 5764 3057 5812 et
3107 5755 3253 5813 illius
3281 5751 3458 5810 homic

1881 5846 1967 5902 uis
1998 5847 2213 5901 vermis.
2254 5864 2272 5899 ι
