4024 6416
618 408 756 491 ³115

1806 431 1867 491 S.
1906 430 2225 493 JOANNIS
2262 429 2693 493 DAMASCENI

3747 439 3853 503 IllB

685 533 791 589 Job
847 551 977 601 xxx,
1005 536 1093 592 l9.
1123 567 1179 576 —-
1222 555 1240 587 ι
1303 535 1625 592 Existimavi
1688 539 1958 611 meipsum
2003 551 2185 599 terrau

2280 580 2286 601 .
2391 562 2409 593 ι
2446 543 2702 614 Ἥγημαι
2730 545 2969 615 ἐμαυτὸν
2991 544 3095 617 γῆν
3131 546 3224 600 καὶ
3258 546 3475 603 σποδόν.
3517 567 3536 600 ι

615 630 975 683 ct'ciuerem.
1014 647 1033 681 ι

691 712 844 770 Ρδαι.
902 730 1029 782 ut,
1093 716 1147 771 7.
1209 748 1277 757 -
1334 737 1351 770 ι
1417 718 1529 789 Ego
1584 735 1705 775 sum
1747 722 2204 787 vcrmis,etnou

618 806 804 859 humu.
847 825 866 857 ι

695 897 843 952 Ρδαι.
878 916 1046 954 xxvm
1075 901 1165 965 ,5.
1204 902 1284 955 15.
1317 934 1384 942 -
1418 922 1437 954 ι
1485 902 1625 959 Ecce
1666 908 2075 964 mensurabiles
2110 925 2205 978 ρος

616 990 776 1043 suisti
832 991 952 1046 dies
1018 1008 1188 1048 meos.
1253 994 1479 1049 Advena
1545 1012 1647 1067 ego
1714 1014 1882 1067 sum,
1932 1012 1990 1056 et
2048 1017 2203 1072 pere-

613 1079 828 1149 grinus.
868 1100 886 1131 ι

683 1171 848 1241 317
892 1173 1039 1228 Psal.
1079 1190 1185 1241 cn,
1216 1176 1302 1232 l5.
1331 1207 1399 1217 —
1431 1197 1450 1230 ι
1483 1181 1795 1238 Recordare
1818 1224 1833 1250 ,
1862 1186 1991 1255 quia
2019 1186 2200 1256 pulvis

613 1277 836 1386 “'13.:sz
868 1282 1060 1389 lxxv"
1084 1376 1099 1399 ,
1133 1337 1221 1392 59.
1249 1369 1320 1380 —
1345 1358 1364 1393 ι
1403 1338 1748 1402 Recordatus
1777 1355 1865 1402 est
1899 1348 2031 1419 quia
2064 1364 2198 1407 caro

610 1434 775 1486 sunt,
808 1426 1043 1494 spiritus
1076 1429 1281 1487 vadens
1305 1440 1363 1488 et
1397 1449 1504 1490 non
1542 1439 1786 1497 rediens.
1818 1458 1837 1494 ι

682 1513 835 1569 Ρεαι.
878 1532 1077 1575 Luxu
1099 1562 1115 1587 ,
1149 1521 1236 1580 10.
1266 1554 1338 1565 -—
1368 1544 1387 1577 ι
1415 1527 1561 1584 Anni
1596 1532 1777 1588 nostri
1812 1533 1963 1591 sicut
1989 1550 2196 1592 aranea

612 1608 1046 1666 meditabantur.
1082 1633 1100 1664 ι

680 1698 838 1755 Psal.
873 1716 959 1767 Cl,
998 1704 1051 1759 4.
1089 1736 1157 1745 -
1196 1725 1214 1758 ι
1260 1706 1589 1767 Defeceruut
1634 1712 1782 1770 sicut
1837 1716 2023 1774 fumus
2074 1720 2194 1777 dies

608 1808 737 1846 IIICI.
777 1813 797 1846 ι

678 1882 829 1939 Ρδαι.
867 1900 938 1939 cn
962 1925 977 1948 ,
1009 1886 1095 1942 l5.
1124 1919 1191 1929 —-
1222 1909 1240 1943 ι
1272 1890 1448 1950 llomo
1472 1896 1615 1950 sicut
1641 1896 1827 1955 l'enum
1856 1901 1978 1958 dies
2008 1902 2195 1974 ejusa
2226 1888 2268 1943 Β

680 1973 830 2029 Ρεαι.
864 1991 1053 2044 cum,
1085 1980 1225 2034 4.-
1262 2000 1281 2034 ι
1316 1983 1493 2041 Homo
1522 1990 1754 2044 vanitati
1781 1992 1985 2051 similis
2016 1973 2196 2056 factus

605 2073 691 2120 est
722 2085 734 2122 :
770 2067 889 2124 dies
923 2070 1028 2125 mei
1060 2072 1206 2129 sicut
1234 2077 1429 2132 umbra
1459 2091 1811 2150 praetereunt.
1848 2104 1867 2137 ι

677 2162 856 2219 Eccle.
898 2182 950 2230 ι,
991 2168 1046 2222 2.
1088 2200 1159 2209 —
1190 2169 1418 2231 Vanitas
1459 2178 1767 2233 vanitatum
1795 2223 1809 2248 ,
1859 2185 2046 2239 omnia
2096 2203 2190 2243 va-

604 2252 772 2308 nitas.
808 2275 827 2308 ι

678 2345 856 2402 Eccle.
902 2366 951 2403 ιν
971 2390 986 2413 ,
1022 2353 1077 2408 2.
1117 2384 1188 2394 -
1214 2374 1234 2408 ι
1263 2355 1506 2414 Laudavi
1538 2361 1716 2434 magis
1743 2374 1993 2425 mortuos
2024 2387 2188 2441 quam

603 2438 899 2498 viventes:
945 2453 1002 2500 et
1044 2445 1262 2503 felicior
1308 2462 1545 2523 utroque
1589 2456 1687 2525 qui
1735 2459 1973 2515 necdum
2024 2474 2190 2523 natus

601 2540 690 2583 est
715 2570 730 2591 .
769 2548 870 2588 nec
899 2534 1035 2590 vidit
1068 2552 1211 2608 opus
1237 2556 1402 2599 omne
1429 2546 1578 2616 quod
1607 2548 1712 2606 sub
1745 2554 1863 2608 sole
1894 2554 1975 2609 ﬁt.
2013 2575 2031 2607 ι

673 2703 847 2763 Eccle.
891 2726 980 2776 vt,
1012 2713 1067 2767 7.
1098 2742 1166 2752 -
1200 2733 1219 2765 ι
1254 2714 1453 2776 Omnis
1505 2721 1667 2779 labor
1718 2726 1969 2788 hominis
2017 2734 2071 2789 in
2123 2752 2189 2795 os

598 2796 745 2867 ejus.
789 2817 809 2852 ι

672 2890 849 2948 Eccle.
894 2911 992 2961 ιιι,
1033 2897 1123 2954 l9.
1157 2930 1225 2942 —
1263 2921 1283 2956 ι
1322 2903 1467 2971 Quid
1520 2907 1687 2966 habet
1733 2912 1906 2973 homo
1948 2921 2187 2992 amplius

594 2981 889 3052 jumento?
916 2990 1072 3047 nihil.
1109 2993 1248 3060 Quia
1281 3000 1468 3054 onmia
1502 3004 1740 3062 vanitas.
1776 3027 1794 3060 ι

676 3077 852 3135 Eccle.
898 3099 973 3147 ιι,
1011 3084 1100 3141 25.
1139 3119 1207 3129 —
1245 3108 1264 3142 ι
1296 3092 1503 3151 Omnes
1533 3097 1654 3154 dies
1686 3101 1841 3171 ejus,
1878 3105 2039 3164 dolor
2066 3111 2189 3166 ani»

598 3172 785 3242 miquc
820 3175 1133 3235 distractio.
1170 3181 1236 3235 Et
1272 3200 1341 3238 ne
1377 3196 1543 3244 nocte
1576 3191 1800 3260 quidem
1842 3196 2050 3255 dormit
2087 3218 2188 3259 cor

597 3263 743 3332 ejus.
782 3266 999 3322 Etenim
1035 3269 1141 3327 hoc
1173 3282 1258 3328 est
1292 3277 1531 3334 vanitas.
1565 3300 1585 3335 ι

671 3353 849 3412 Eccle.
893 3375 925 3409 ν
945 3398 960 3422 ,
1002 3360 1070 3414 Η
1092 3402 1107 3425 ,
1150 3363 1239 3420 15.
1268 3396 1340 3405 -
1367 3385 1385 3420 ι
1420 3368 1575 3425 Sicut
1605 3389 1867 3445 egressus
1892 3392 1977 3438 est
2002 3385 2188 3443 nudus

596 3447 666 3503 de
723 3460 914 3507 ventre
972 3455 1170 3511 matris
1222 3473 1369 3524 suas,
1424 3472 1481 3517 et
1533 3478 1896 3528 convertatur
1956 3483 2017 3530 ut
2060 3486 2185 3546 eat,

596 3542 879 3607 quomodo
914 3545 1099 3613 vadit,
1137 3556 1192 3602 et
1221 3550 1362 3606 nihil
1396 3556 1636 3627 accipiet
1669 3575 1859 3618 secum
1897 3565 1966 3623 de
2001 3542 2189 3627 labore

598 3646 739 3694 suo,
770 3644 829 3687 ut
862 3643 1049 3691 teneat
1084 3639 1139 3692 in
1175 3656 1342 3698 manu
1376 3660 1477 3700 sua
1520 3667 1533 3702 :
1572 3650 1667 3706 sed
1702 3662 1756 3706 et
1801 3654 1907 3711 hoc
1954 3658 2188 3733 languor

597 3726 892 3793 pessimus.
924 3728 1083 3785 Sicut
1112 3734 1260 3789 enim
1295 3736 1556 3804 advenit,
1595 3742 1668 3797 ita
1699 3754 1754 3800 et
1786 3749 1987 3807 abibit.
2017 3773 2036 3806 ι

664 3816 830 3873 Zaclt.
876 3837 926 3885 I,
962 3822 1017 3878 5.
1048 3854 1119 3865 —-
1153 3843 1173 3877 ι
1210 3826 1404 3885 Patres
1435 3835 1607 3890 vestri
1659 3845 1714 3891 et
1764 3844 2049 3914 propheta:
2080 3848 2174 3903 ubi

596 3920 721 3964 sunt
747 3911 772 3964 ἲ
798 3910 1063 3984 Nunquid
1088 3917 1143 3972 in
1172 3927 1448 3978 aeternum
1478 3925 1689 3984 vivent.
1725 3949 1744 3983 ι

668 4001 784 4059 lsa.
827 4020 930 4068 χι,
971 4008 1025 4064 6.
1070 4041 1126 4050 -—
1161 4029 1180 4063 ι
1215 4012 1409 4071 Omnis
1441 4033 1575 4074 caro
1629 4021 1854 4090 lentim,
1902 4039 1956 4084 et
2007 4034 2183 4103 gloria

596 4092 873 4161 hominis,
908 4099 1056 4154 sicut
1090 4101 1192 4159 llos
1223 4105 1356 4163 feni.
1408 4107 1760 4171 Exsiccatnm
1812 4128 1898 4176 est
1950 4092 2181 4197 temnit,

568 4194 648 4261 ct
681 4186 780 4244 llos
810 4189 932 4260 ejus
957 4194 1183 4253 cecidit.
1216 4215 1237 4249 ι

666 4279 779 4335 lsa.
820 4299 888 4345 ι..
927 4285 981 4341 9.
1011 4319 1080 4330 -
1112 4307 1131 4341 ι
1164 4289 1308 4346 Ecce
1338 4307 1534 4352 omnes
1562 4314 1663 4353 vos
1690 4304 1850 4372 quasi
1883 4309 2183 4368 vestimen-

596 4382 710 4426 tum
748 4381 1141 4445 veterascetis,
1174 4391 1228 4437 et
1264 4386 1413 4442 tinea
1446 4391 1708 4460 depascct
1744 4411 1864 4452 vos.
1911 4417 1929 4450 ι

663 4464 778 4521 Ira.
802 4483 853 4522 LI
875 4510 890 4531 .
927 4470 980 4524 7.
1008 4502 1077 4513 —
1109 4492 1129 4526 ι
1165 4473 1346 4534 Nolite
1375 4479 1572 4538 timere
1601 4487 1961 4557 cpprobrium
1995 4492 2180 4550 homi-

2386 738 2402 769 ι
2452 720 2593 790 Ἐγώ
2629 724 2747 794 εἰμι
2774 723 3011 793 σκώληξ,
3045 725 3143 779 καὶ
3170 727 3272 781 οὐκ
3310 728 3625 801 ἄνθρωπος.
3655 752 3675 785 ι

2382 914 2401 945 ι
2450 898 2583 952 Ἰδοὺ
2618 900 2924 967 παλαιστὰς
2957 905 3082 959 ἔθου
3130 908 3228 971 τὰς
3272 910 3494 979 ἡμέρας
3531 928 3654 980 μου.
3685 913 3850 983 litigo;-

2306 1005 2400 1054 κος
2427 991 2541 1060 ὲγὼ
2565 994 2682 1064 εἰμι
2714 996 2865 1067 παρὰ
2902 998 2986 1051 σοὶ¹
3016 1000 3113 1054 καὶ
3140 1002 3551 1074 παρεπίδημος.
3589 1024 3607 1055 ι

2380 1186 2398 1218 ι
2435 1171 2749 1244 Μνήσθητι,
2775 1176 2856 1229 ὅτι
2882 1175 3013 1247 χοῦς
3036 1179 3223 1250 ἐσμεν.
3262 1200 3283 1231 ι

2379 1386 2396 1417 ι
2440 1367 2743 1442 Ἐμνήσθη,
2768 1373 2851 1426 ὅτι
2882 1375 3021 1447 σάρξ
3049 1379 3177 1443 είσι,
3228 1381 3446 1453 πνεῦμα
3495 1386 3848 1458 πορευόμενον,

2302 1460 2398 1513 καὶ
2422 1462 2524 1516 οὐκ
2548 1463 2899 1535 ἐπιστρέφον.
2932 1488 2951 1520 ι

2376 1574 2394 1602 ι
2431 1554 2511 1607 Τὰ
2534 1553 2629 1624 ἔτη
2656 1558 2817 1626 ἡμῶν
2839 1558 2975 1614 ὡσεὶ
3001 1561 3214 1634 ἀράχνη
3244 1565 3541 1635 ἐμελέτων.
3589 1589 3607 1621 ι

2373 1747 2390 1778 ι
2436 1729 2715 1796 Ἐξέλιπον
2740 1736 2874 1791 ὡσεὶ
2900 1739 3109 1803 καπνὸς
3137 1742 3194 1793 αἱ
3220 1743 3426 1813 ἡμέραι
3448 1762 3576 1814 μου.
3622 1766 3639 1796 ι

2382 1926 2398 1957 ι
2437 1909 2758 1981 ¹Ἀνθρωπος
2780 1914 2911 1968 ὡσεὶ
2934 1916 3125 1986 χόρτος
3149 1920 3208 1972 at
3232 1920 3439 1991 ἡμέραι
3464 1922 3657 1978 αὐτοῦ.
3690 1944 3706 1976 ι

2371 2018 2389 2051 ι
2425 2002 2749 2074 Ἀνθρωπος
2778 2010 3108 2080 ματαιότητι
3135 2011 3450 2082 όμοιωθεὶς,
3472 2018 3529 2069 at
3552 2017 3751 2087 ἡμέραι
3773 2038 3849 2089 μυ..

2295 2090 2429 2146 ὡσεὶ
2458 2096 2587 2149 σκιὰ
2611 2100 2973 2169 παράγουσιν.
3010 2121 3027 2154 ι

2374 2204 2391 2234 ‹
2427 2187 2741 2259 Ματαιότης
2775 2195 3177 2267 ματαιοτήτων,
3200 2198 3268 2251 τὰ
3296 2200 3478 2255 πάντα
3508 2204 3808 2273 ματαιότης.
3836 2225 3849 2253 ι

2375 2358 2391 2389 ι
2442 2340 2713 2411 Ἐπῄνεσα
2741 2345 2849 2416 γὰρ
2876 2347 3002 2411 τοὺς
3031 2348 3384 2419 τεθνηκότας,
3426 2353 3554 2417 τοὺς
3597 2352 3699 2423 ἤδη
3743 2355 3852 2406 ἀπο-

2294 2428 2557 2496 θανόντας
2585 2434 2726 2507 ὑπὲρ
2752 2440 2878 2501 τοὺς
2921 2439 3149 2503 ζῶντας,
3190 2443 3284 2494 καὶ
3331 2443 3539 2511 ἀγαθὸς
3616 2444 3748 2514 ὑπὲρ
3781 2445 3853 2498 δύο

2291 2520 2536 2588 τούτους,
2578 2524 2727 2589 ὅστις
2755 2526 2908 2581 οὖπω
2933 2530 3169 2598 ἐγένετο,
3196 2532 3256 2596 ὃς
3284 2535 3385 2588 οὐκ
3421 2533 3533 2588 οἶδε
3563 2536 3777 2605 σύμπαν
3810 2539 3853 2589 τὲ.

2293 2614 2505 2684 ποίημα
2523 2616 2585 2670 τὸ
2612 2621 2983 2693 πεποιημένον
3012 2624 3117 2677 ὑπὸ
3144 2625 3234 2679 τὸν
3255 2627 3427 2698 ἣλιον.
3463 2648 3483 2681 ι

2369 2729 2387 2759 ι
2434 2710 2547 2774 Πᾶς
2576 2712 2774 2783 μόχθος
2802 2714 2897 2767 τοῦ
2920 2716 3212 2789 ἀνθρώπου
3240 2720 3319 2783 εἰς
3343 2721 3405 2773 τὸ
3430 2723 3612 2793 στόμα
3648 2724 3850 2778 αὑτοῦ.)

2369 2908 2387 2941 ι
2424 2889 2491 2944 Τί
2521 2892 2917 2963 ἐπερίσσευσεν
2937 2898 3213 2972 ἀνθρώπῳ
3242 2902 3394 2974 παρὰ
3418 2903 3480 2955 τδ
3517 2903 3751 2974 κτῆνοςς
3782 2904 3855 2957 οὐ.

2288 2984 2376 3039 δέν
2405 3001 2419 3015 ⁸
2449 2986 2530 3039 ὃτι
2554 2990 2731 3043 πάντα
2762 2992 3081 3064 ματαιότης.
3123 3014 3141 3047 ι

2362 3097 2379 3127 ι
2410 3079 2590 3131 Πᾶσαι
2619 3083 2675 3135 at
2704 3083 2910 3153 ἡμέραι
2942 3084 3106 3138 αὐτοῦ
3152 3086 3512 3158 ἀλγημάτων,
3564 3089 3661 3144 καὶ
3710 3089 3855 3159 θυμοῦ

2291 3172 2699 3240 περισπασμός.
2726 3174 2835 3228 Καί
2864 3193 2925 3245 γε
2952 3179 3010 3231 ἐν
3036 3179 3193 3231 νυκτὶ
3224 3180 3283 3233 οὐ
3310 3182 3577 3241 κοιμᾶται
3620 3184 3656 3253 ἡ
3685 3182 3856 3250 καρδία

2216 3248 2259 3305 C
2291 3260 2480 3317 αὐτοῦ.
2514 3265 2621 3317 Καὶ
2644 3266 2754 3337 γὰρ
2779 3266 2941 3322 τοῦτο
2970 3271 3272 3343 ματαιότης
3296 3272 3436 3325 ἐστί.
3472 3292 3491 3325 ι

2369 3373 2387 3405 ι
2423 3355 2619 3420 Καθὼς
2644 3355 2997 3427 ἐξῆλθενάπὸ
3012 3362 3249 3435 γαστρὸς
3274 3364 3481 3435 μητρὸς
3506 3366 3736 3436 γυμνὸς,
3764 3367 3856 3418 ἐπι-

2292 3446 2513 3518 στρέψει
2534 3450 2625 3502 τοῦ
2656 3452 2989 3524 πορευθῆναι
3019 3455 3096 3518 ὡς
3121 3458 3268 3528 ἥκει,
3295 3458 3388 3511 καὶ
3440 3458 3599 3512 οὐδὲν
3650 3459 3851 3529 λήψεται

2289 3542 2347 3592 ὲν
2378 3541 2562 3614 μόχθῳ
2588 3544 2778 3607 αὐτοῦ.
2809 3548 2896 3601 ἵνα
2925 3544 3167 3621 πορευθῇ
3202 3553 3260 3603 ἐν
3291 3554 3358 3623 τῇ
3385 3553 3533 3625 χειρὶ
3559 3553 3754 3607 αὑτοῦ·
3780 3553 3855 3607 καί

2288 3647 2350 3699 γε
2378 3632 2536 3688 τοῦτο
2563 3639 2774 3708 πονηρὰ
2805 3641 3085 3712 ἀρρωστία
3112 3660 3126 3673 ·
3154 3642 3343 3716 ὥσπερ
3366 3644 3477 3716 γὰρ
3524 3648 3850 3718 παρεγένετο.

2286 3723 2461 3789 οὕτως
2489 3729 2583 3781 καὶ
2610 3730 2994 3789 ἀπελεύσεται.
3031 3755 3051 3788 ι

2364 3837 2382 3871 ι
2414 3821 2478 3873 Ut
2506 3823 2746 3895 πατέρες
2797 3826 2975 3896 ὑμῶν,
3003 3829 3099 3883 καὶ
3123 3831 3174 3884 οἱ
3201 3832 3484 3904 προφῆται
3528 3832 3638 3887 ποῦ
3695 3835 3847 3897 εἰσίνς

2290 3910 2365 3983 μὴ
2393 3914 2477 3977 είς
2501 3914 2593 3968 τὸν
2620 3916 2793 3971 αἰῶνα
2819 3919 3101 3987 ζήσονται.
3141 3942 3161 3977 ι

2366 4024 2383 4056 ι
2421 4008 2577 4061 Πᾶσα
2604 4009 2741 4081 σὰρξ
2773 4012 2997 4081 χόρτος,
3022 4014 3118 4068 καὶ
3143 4014 3272 4082 δόξα
3299 4016 3614 4090 ἀνθρώπου,
3664 4019 3735 4081 ὡς
3772 4018 3849 4072 ἆν-

2286 4095 2381 4161 θος
2404 4098 2623 4169 χόρτου.
2670 4101 2973 4177 Ἐξηράνθη
3006 4107 3035 4160 ὁ
3063 4106 3257 4178 χόρτος
3278 4149 3293 4171 ,
3323 4111 3415 4161 καὶ
3440 4110 3499 4163 τὸ
3525 4108 3683 4173 ἄνθος
3706 4107 3844 4162 αὐπῦ

2284 4189 2567 4257 ἐξέπεσεν.
2608 4213 2628 4247 ι

2363 4300 2384 4334 ι
2437 4283 2569 4338 Ἰδοὺ
2601 4285 2802 4350 πάντες
2823 4288 2984 4358 ὑμεῖς
3008 4289 3087 4353 ὡς
3130 4291 3348 4361 ίματιον
3397 4291 3841 4362 παλαιωθήσεσθε.

2284 4375 2379 4429 καὶ
2411 4376 2440 4429 ὁ
2463 4378 2563 4448 σὴς
2586 4379 2965 4449 καταφάγεται
2996 4382 3164 4452 ὑμᾶς.
3202 4402 3221 4435 ι

2360 4486 2379 4519 ι
2413 4467 2506 4540 Μὴ
2532 4470 2808 4542 φοϐήθητε
2828 4474 3131 4545 ὀνειδισμὸν
3158 4475 3485 4547 ἀνθρώπων,
3512 4478 3607 4531 καὶ
3632 4477 3705 4547 τῷ
3727 4494 3839 4545 φαυ-

593 4572 763 4623 uum,
812 4570 866 4616 ct
918 4572 1244 4636 contemptu
1289 4585 1482 4628 eorum
1534 4589 1603 4630 ne
1651 4577 1975 4636 vincamini.
2025 4584 2181 4642 Sicut

2284 4558 2467 4631 λισμῷ
2495 4562 2675 4616 αὐτῶν
2704 4564 2779 4635 μὴ
2808 4565 3044 4635 ἡττᾶσθε
3070 4583 3084 4597 ο
3112 4566 3302 4638 ὥσπερ
3343 4569 3456 4639 γὰρ
3507 4570 3715 4641 ἱμάτιον
3752 4585 3839 4621 παι

590 4648 736 4702 cnim
781 4655 1167 4713 vestimentum
1215 4674 1641 4735 consumentur,
1704 4674 1757 4726 el
1811 4676 2177 4735 comcdcntur

589 4759 618 4798 a
654 4745 822 4802 tinea.
854 4768 875 4802 ι

661 4858 792 4931 Sap.
827 4879 900 4926 ιι,
932 4864 1002 4931 2,
1035 4865 1103 4932 5,
1137 4867 1192 4922 5,
1222 4898 1295 4909 -
1331 4886 1352 4922 ι
1387 4871 1596 4931 Fumus
1629 4876 1794 4933 ﬂatus
1815 4889 1903 4935 est
1932 4882 1987 4936 in
2020 4885 2173 4940 nari-

588 4950 694 5007 bus
726 4956 964 5012 nostris.
1019 4956 1082 5012 Et
1131 4961 1392 5017 transibit
1416 4965 1529 5019 vita
1564 4976 1751 5023 nostra
1787 4980 1844 5024 ut
1875 4974 2169 5044 vestigiqu

588 5045 774 5102 nubis.
799 5045 1021 5105 Umbrae
1037 5049 1185 5105 enim
1205 5053 1477 5112 transitus
1498 5072 1583 5111 est
1609 5064 1826 5128 tempus
1855 5070 2164 5121 nostrum.»

657 5137 787 5208 Sap.
827 5156 896 5204 v,
933 5140 1095 5197 8-H.
1123 5173 1195 5184 —
1226 5160 1247 5195 ι
1286 5142 1427 5210 Quid
1462 5147 1609 5202 enim
1643 5148 1852 5219 profuit
1889 5154 2049 5212 nobis
2083 5174 2168 5214 su-

588 5231 775 5299 perbia
813 5234 1044 5287 nostra?
1076 5241 1173 5287 aut
1207 5232 1525 5292 divitiarum
1556 5238 1826 5308 jactantia
1863 5243 1994 5314 quid
2030 5262 2167 5303 cun-

587 5321 714 5376 tulit
747 5322 953 5379 nobis?
980 5323 1348 5381 Transierunt
1375 5330 1560 5384 omnia
1595 5330 1688 5385 illa
1734 5341 1996 5406 tanquam
2041 5354 2167 5394 um-

589 5414 721 5479 bra,
751 5424 806 5469 et
835 5424 1099 5487 tanquam
1148 5419 1383 5475 nuntius
1427 5431 1894 5496 praetercurrens,
1945 5437 2000 5486 et
2046 5440 2167 5488 tan-

587 5520 753 5573 quam
790 5507 943 5563 navis
972 5509 1063 5580 qui
1103 5511 1409 5582 pertransit
1441 5513 1702 5571 liuentem
1739 5534 1961 5588 aquam.
1995 5521 2167 5593 Cujus

587 5611 714 5650 cum
753 5602 1123 5668 praeterierit,
1160 5619 1268 5659 non
1305 5613 1392 5659 est
1424 5607 1714 5679 vestigium
1750 5609 2033 5681 invenire,
2073 5633 2168 5672 ne-

588 5702 697 5757 que
729 5690 984 5746 semitam
1018 5692 1237 5749 itineris
1263 5694 1387 5764 ejus
1436 5695 1493 5750 in
1545 5696 1854 5757 ﬂuctibus:
1897 5709 1993 5755 aut
2048 5712 2169 5757 tau-

590 5793 756 5846 quam
791 5781 909 5838 avis
942 5799 1064 5853 qua:
1096 5786 1408 5840 transvolat
1454 5788 1510 5842 in
1560 5802 1716 5855 aere,
1767 5789 1926 5861 cujus
1952 5792 2165 5849 nullum

592 5870 873 5929 invenitur
897 5886 1279 5944 argumentum
1309 5879 1543 5936 itineris.
1582 5903 1599 5933 ι

2282 4650 2704 4725 λαιωθήσονται,
2734 4658 2829 4711 καὶ
2853 4657 3204 4730 βρωθήσεται
3229 4659 3340 4713 ὑπὸ
3367 4661 3553 4731 σητός.
3599 4682 3619 4714 ι

2353 4874 2371 4907 ι
2406 4854 2631 4920 Καπνδς
2656 4859 2689 4927 ἡ
2719 4858 2855 4929 πνοὴ
2886 4860 2943 4911 ὲν
2975 4859 3120 4929 ῥισὶν
3141 4861 3300 4933 ἡμῶν
3319 4879 3335 4893 ⁸
3386 4862 3483 4915 καὶ
3534 4860 3829 4935 παρελεύστ·

2272 4963 2364 5000 ται
2389 4948 2419 5000 ὁ
2445 4948 2559 5019 βίος
2582 4950 2741 5020 ἡμῶν
2768 4951 2842 5015 ὼς
2874 4950 2995 5022 ἴχνη
3026 4954 3284 5023 νεφέλης.
3325 4955 3496 5019 sua;
3566 4956 3673 5027 γὰρ
3725 4954 3829 5020 πάρ’

2270 5042 2429 5106 οδοςό
2456 5041 2572 5113 βίος
2595 5043 2776 5113 ἡμῶν.
2813 5062 2832 5098 ι

2352 5157 2371 5191 ι
2409 5139 2474 5192 Τί
2500 5140 2788 5212 ὠφέλησεν
2817 5142 3024 5213 ὴμᾶςὴ
3054 5141 3410 5214 ὑπερηφανία
3455 5142 3649 5213 ήμῶνς
3685 5140 3764 5194 καὶ
3787 5144 3827 5195 τί

2268 5231 2498 5297 πλοῦτος
2538 5234 2677 5304 μετὰ
2708 5234 3029 5300 ἀλαζονείας
3053 5234 3430 5306 συμϐέϐληται
3457 5236 3623 5306 tum;
3654 5232 3825 5303 Παρῆλ·

2269 5325 2361 5379 θεν
2384 5308 2788 5382 ἐκεῖνα-πάντα
2815 5327 2892 5392 ὼς
2914 5327 3067 5392 σκιὰ,
3124 5329 3220 5381 καὶ
3276 5328 3354 5391 ὡς
3399 5326 3633 5396 ἀγγελία
3678 5340 3825 5393 παραυ

2267 5422 2561 5493 τρέχουσα.
2593 5422 2669 5487 ὡς
2695 5421 2828 5488 ναῦς
2848 5422 3200 5496 διερχομένη,
3225 5423 3626 5494 κυμαινόμενον
3664 5418 3782 5486 ὕδωρ
3807 5429 3820 5442 ⁸

2266 5510 2336 5587 ἧς
2380 5513 2665 5587 διαδάσης,
2715 5517 2817 5569 οὐκ
2869 5515 3021 5569 ἐστιν
3073 5514 3219 5586 ἴχνος
3242 5511 3587 5584 εὑρεῖν,οὐδὲ
3614 5507 3821 5577 ἀτραπὸν

2270 5609 2500 5680 πορείας
2534 5609 2705 5683 αὐτῆς
2722 5611 2782 5664 ὲν
2808 5609 3081 5682 κύμασιν·
3116 5608 3148 5681 ἢ
3196 5608 3272 5674 ὡς
3309 5608 3498 5680 ὀρνέου
3547 5603 3811 5660 Madv“;

2270 5702 2431 5776 ἀέρα,
2461 5701 2617 5757 οὐδὲν
2643 5703 2962 5775 εὑρίσκεται
2987 5702 3291 5774 τεκμήριον
3312 5700 3554 5772 πορείας.
3592 5717 3610 5749 ι
