4024 6462
125 453 258 520 ΗΠ

1434 453 1674 516 SACRA
1705 452 2150 514 PARALLELA

3229 458 3286 523 11
3300 462 3362 527 [8

194 589 212 614 ε
239 566 389 620 [Ιᾶσα
447 565 585 638 σάρξ
635 567 712 634 ὡς
759 568 973 641 ῐμάτιον
1009 565 1356 628 παλαιοῦται,
1380 565 1461 626 ὡς
1493 563 1690 632 φύλλον

1861 561 2041 616 Eccle.
2083 577 2204 626 xiv,
2240 560 2328 616 18.
2359 590 2425 600 —-
2459 582 2474 613 ι
2505 560 2697 617 O.unis
2742 575 2872 616 caro
2909 571 3165 633 tanquam
3196 572 3364 624 vesti~

121 659 306 712 θάλλον
330 659 426 713 ἐπὶ
451 659 671 733 δένδρου
697 662 910 726 δασέος,
936 661 1006 715 τὰ
1038 660 1137 730 μὲν
1170 659 1522 719 καταϐάλλει,
1547 657 1687 712 ἄλλα

120 752 168 804 δὲ
194 750 339 821 φύει.
407 750 596 818 Οὕτως
616 754 780 822 γενεὰ
804 754 1007 826 σαρκός
1035 753 1128 808 καὶ
1154 752 1409 824 αἵματος.
1441 770 1459 803 ι

189 949 208 980 ι
247 928 556 1001 ’Ἄνθρωποι
584 933 806 997 πάντες,
831 933 901 1004 γῆ
925 934 1020 986 καὶ
1055 932 1268 997 σποδός.
1312 952 1331 985 ι

191 1041 211 1074 ι
244 1021 395 1076 Ξένοι
418 1023 512 1077 καὶ
541 1023 912 1095 παρεπίδημοί
939 1025 1104 1096 ἐσμεν
1131 1025 1224 1079 ἐπὶ
1247 1026 1371 1095 γῆς.
1410 1044 1430 1077 ι

191 1221 211 1253 ι
258 1203 514 1275 Ἀριθμὸς
541 1206 766 1277 ἡμερῶν
792 1206 888 1259 ἀνθ
899 1205 1106 1275 ρώπου,
1137 1207 1307 1261 πολλὰ
1329 1206 1424 1278 ἐτη
1451 1207 1646 1261 ἑκατόν
1669 1223 1686 1242 ο

116 1296 188 1357 ὡς
224 1295 436 1364 σταγὼν
467 1297 656 1362 ὕδατος
685 1298 792 1352 ἀπδ
819 1297 1116 1369 θαλάσσης,
1144 1299 1240 1354 καὶ
1264 1298 1444 1369 ψῆφος
1477 1298 1685 1369 ἄμμου,

117 1386 284 1452 οὕτως
308 1387 465 1458 όλὶγα
490 1388 583 1462 ἐτη
603 1390 660 1444 ὲν
689 1392 924 1461 ἡμέραις
953 1389 1168 1452 αἰῶνος.
1205 1409 1227 1444 ι

189 1580 208 1611 ι
242 1562 407 1615 Οὐδὲν
461 1565 862 1636 εἰσηνέγκαμεν
915 1566 995 1628 εἰς
1031 1565 1124 1618 τὸν
1173 1563 1401 1636 κόσμον,
1422 1565 1584 1636 δῆλον
1607 1567 1691 1622 ὅτι

119 1656 264 1708 οὐδὲν
295 1656 601 1726 ἐξενεγκεῖν
628 1657 921 1729 δυνάμεθα.
965 1677 985 1710 ι

189 1857 206 1888 ι
247 1836 386 1902 Ποῖα
413 1837 525 1908 ζωὴ
547 1837 705 1906 ἡμῶν
739 1841 887 1893 ἐστιν
916 1855 931 1905 ;
957 1839 1106 1909 ἀτμὴ
1136 1839 1246 1911 γάρ
1267 1841 1415 1894 ἐστιν
1461 1840 1496 1912 ἡ
1553 1839 1692 1910 πρὸς

117 1931 291 1999 όλξγον
325 1931 650 2001 φαινομένη,
675 1930 869 1986 ἔπειτα
897 1933 993 1985 καὶ
1014 1931 1414 2001 ἀφανιζομένη.
1457 1951 1478 1984 ι

191 2023 342 2086 Ὁδὸς
367 2024 396 2076 6
425 2022 537 2093 βίος
565 2022 780 2094 εἴρηται
805 2023 894 2078 διὰ
912 2024 1011 2094 τὴν
1038 2023 1174 2094 πρὸς
1202 2025 1263 2077 τὸ
1281 2023 1434 2088 τέλος
1465 2023 1698 2088 ἑκάστου

117 2113 217 2166 τῶν
259 2115 630 2188 γεννηθέντων
679 2113 905 2178 ἔπειξιν,
961 2114 1174 2184 ’Ὠσπερ
1220 2112 1330 2183 γάρ
1376 2113 1536 2178 οἱέν
1583 2113 1697 2176 τοῖς

117 2206 314 2270 πλοίοις
339 2207 713 2272 καθεύδοντες,
743 2207 1065 2278 αὐτομάτως
1087 2207 1202 2276 ,ὑπὸ
1251 2205 1346 2260 τοῦ
1387 2205 1698 2276 πνεύματος

117 2300 199 2350 ἐπὶ
247 2299 475 2368 λιμένας
518 2300 786 2364 ἕλκονται,
846 2299 948 2355 κᾶν
974 2299 1127 2353 αὐτοὶ
1164 2299 1238 2372 μὴ
1281 2297 1640 2352 αἰσθάνωνται
1678 2314 1692 2327 °

119 2390 224 2440 ἀλλ’
265 2391 294 2441 6
361 2391 559 2460 δρόμος
611 2391 781 2462 αὐτῆς
841 2392 978 2462 πρὸς
1001 2391 1237 2455 τὸτέλος
1257 2390 1472 2459 ἐπείγει
1508 2406 1522 2421 ο
1551 2389 1695 2444 οὕτω

121 2483 206 2533 καὶ
231 2483 417 2552 ἡμεῖς,
447 2482 541 2535 τοῦ
577 2485 771 2554 χρόνου
817 2485 916 2553 τῆς
949 2483 1095 2553 ζωῆς
1148 2482 1308 2554 ἡμῶν
1355 2484 1694 2554 παραρρέον-

120 2591 217 2637 τος,
243 2569 359 2626 οἷόν
388 2593 495 2628 τινι
523 2577 735 2648 κινήσει
762 2579 977 2648 συνεχεῖ
999 2576 1094 2630 καὶ
1137 2575 1402 2646 ἀπαύστῳ
1451 2575 1588 2648 πρὸς
1633 2575 1694 2629 16

119 2669 310 2720 οἰκεῖον
338 2668 566 2730 ἕκαστος
591 2669 652 2720 τὸ
691 2669 865 2740 πέρας
907 2669 985 2739 τῷ
1021 2668 1336 2723 λανθάνοντι
1368 2669 1555 2740 δρόμῳ
1594 2666 1694 2737 τῆς

121 2757 254 2824 ζωῆς
299 2757 458 2826 ἡμῶν
479 2753 1112 2829 κατεπειγόμεθα..οἷον
1152 2758 1470 2823 καθεύδειςς
1532 2758 1628 2813 καὶ
1665 2760 1693 2812 6

119 2849 298 2918 χρόνος
349 2866 408 2902 σε
460 2850 821 2924 παρατρέχει.
866 2851 1232 2923 Ἑγρήγορας,
1266 2853 1361 2906 καὶ
1385 2851 1616 2922 ἄσχολος
1643 2846 1695 2905 εἴ

118 2942 204 3010 τὴν
230 2941 474 2995 διάνοιαν
498 2957 514 3005 ;
537 2942 652 2996 ἀλλ’
673 2944 822 3017 ὅμως
847 2946 879 3016 ἡ
907 2944 1021 3015 ζωὴ
1068 2944 1394 3010 δαπανᾶται,
1442 2944 1546 2999 κᾶν
1591 2944 1692 3013 τὴν

120 3033 364 3104 αἴσθησιν
391 3033 682 3108 διαφεύγῃ.
714 3035 910 3108 Δρόμῳ
949 3032 1043 3092 οὖν
1083 3035 1355 3107 τρέχομεν
1392 3037 1592 3098 πάντες
1639 3035 1691 3088 oi

117 3121 408 3192 ἄνθρωποι,
440 3123 576 3194 πρὸς
607 3124 668 3177 16
690 3125 889 3178 οἰκεῖον
921 3124 1072 3184 τέλος
1103 3125 1333 3186 ἕκαστος
1367 3124 1694 3191 κατεπειγό-

120 3227 279 3278 μενοι.
317 3213 418 3265 Διὰ
446 3211 611 3265 τοῦτο
638 3212 838 3277 πάντες
864 3213 916 3267 οι
941 3213 1220 3284 ἄνθρωποί
1243 3217 1410 3285 ἐσμεν
1440 3215 1498 3266 ἐν
1538 3211 1644 3282 όδῷ
1671 3230 1684 3244 ·

116 3307 198 3353 καὶ
225 3301 374 3355 οὕτω
403 3303 448 3356 δ’
472 3303 536 3357 ἂν
558 3303 743 3370 λάϐοις
762 3306 860 3376 τῆς
881 3305 1001 3360 ὁδοῦ
1041 3307 1141 3376 τὴν
1189 3305 1419 3367 ἔννοιαν,
1473 3306 1688 3359 όδοιπό-
1716 3301 1740 3348 ‘.

119 3409 200 3462 ρος
245 3394 562 3464 ἐφέστηκας
611 3395 690 3467 τῷ
746 3396 847 3468 βίῳ
894 3396 1106 3467 τούτῳο
1167 3397 1346 3450 πάντα
1397 3396 1688 3468 παρέρχῃο

117 3487 278 3539 πάντα
315 3488 547 3542 κατόπιν
571 3483 659 3542 σοι
690 3490 927 3557 γίνεται.
967 3485 1123 3552 Εἶδες
1148 3490 1240 3542 ἐπὶ
1274 3491 1374 3556 τῆς
1426 3488 1548 3542 ὁδοῦ
1587 3507 1692 3558 φυ-

115 3578 214 3639 τὸν,
260 3579 294 3650 ἤ
365 3580 521 3640 πόαν,
582 3579 615 3651 ἦ
675 3579 703 3634 δ
727 3597 778 3635 τι
802 3579 868 3634 ἂν
891 3580 1027 3651 τύχῃ
1055 3579 1164 3632 τῶν
1192 3577 1359 3646 ἀξίων
1387 3577 1689 3648 θεάματος;

118 3671 302 3741 μικρὸν
328 3671 618 3743 ἐτέρφθης,
643 3665 763 3725 εἶτα
793 3672 1170 3743 παρέδραμες.
1227 3671 1394 3725 Πάλιν
1440 3670 1692 3738 ἐνέτυχες

116 3762 285 3829 λίθοις,
325 3762 421 3816 καὶ
453 3762 746 3832 φάραγξιν,
763 3763 858 3817 καὶ
897 3765 1184 3834 κρημνοῖς,
1236 3762 1332 3814 καὶ
1375 3760 1688 3824 σκοπέλοις,

115 3856 144 3925 ἡ
188 3872 286 3911 που
341 3857 436 3909 καὶ
470 3855 704 3926 θηρίοις,
737 3857 831 3910 καὶ
885 3857 1156 3926 ἑρπετοῖς,
1205 3855 1301 3907 καὶ
1334 3853 1620 3916 ἀκάνθαις,
1655 3854 1689 3924 ἦ

113 3963 237 4006 τισιν
277 3947 468 4010 ἄλλοις
517 3947 622 4003 τῶν
674 3947 948 4018 ὀχληρῶν,
995 3947 1195 4017 μικρὸν
1256 3945 1507 4015 ὴνιάθης,
1568 3941 1690 3999 εἶτα⁵

113 4041 420 4104 κατέλιπες.
452 4039 710 4103 Τοιοῦτος
737 4041 768 4093 6
802 4039 936 4110 βίος,
961 4039 1088 4094 οὔτε
1119 4040 1186 4095 τὰ
1216 4039 1429 4109 τερπνὰ
1459 4039 1685 4108 μόνιμα,

112 4135 222 4190 οὔτε
263 4135 341 4188 τά
383 4132 606 4203 λυπηρὰ
639 4131 838 4202 διαρκῆ
899 4130 1264 4201 κεκτημένος.
1328 4130 1391 4183 Ἥ
1441 4129 1558 4192 ὁδὸς
1588 4130 1689 4182 οὐκ

112 4227 212 4284 εστι
238 4228 330 4297 σὴ,
353 4225 468 4280 ἀλλ’
501 4224 620 4278 οὐδὲ
649 4225 719 4278 τὰ
738 4221 982 4294 παρόντα
1015 4221 1084 4278 σά
1118 4238 1132 4252 ·
1182 4222 1274 4274 ἐπὶ
1319 4221 1426 4274 τῶν
1474 4219 1686 4275 ὀδευόνε

111 4335 225 4379 των,
253 4315 397 4387 ὁμοῦ
427 4333 484 4368 τε
513 4318 541 4368 6
566 4314 780 4386 πρῶτος
808 4314 869 4367 τὸ
893 4315 1039 4384 ῐχνος
1070 4313 1345 4384 ἐκίνησεν,
1389 4316 1484 4366 καὶ
1523 4313 1686 4377 εὐθὺς

111 4409 134 4459 6
159 4407 269 4476 μετ’
293 4407 462 4460 αὐτὸν
490 4406 587 4476 τὴν
619 4405 777 4476 βάσιν
811 4406 1074 4477 ἤνεγκεν,
1104 4405 1200 4457 καὶ
1255 4407 1374 4471 μετ’
1429 4407 1638 4458 ἐκεῖνον
1656 4405 1686 4458 6

111 4500 456 4569 ἐφεπόμενος.
489 4499 690 4555 Σκόπει
727 4497 784 4551 δὲ
817 4498 867 4551 εἰ
901 4497 978 4568 μὴ
1014 4497 1107 4550 καὶ
1154 4495 1223 4554 τὰ
1251 4495 1346 4548 τοῦ
1395 4495 1510 4567 βίου
1573 4512 1682 4549 πα-

1791 664 2040 710 mentum
2089 662 2413 709 veterascet.
2463 654 2624 708 Sicut
2669 655 2862 708 lolium
2909 654 3252 715 lructilicans
3305 661 3360 715 in

1793 752 1990 806 arbore
2033 750 2227 804 densa.
2269 750 2388 803 Alia
2429 749 2781 813 deﬁciuntur,
2831 750 2939 803 alia
2987 762 3361 821 generantur:

1792 842 1875 896 sic
1901 840 2184 910 generatio
2214 840 2404 893 carnis
2436 848 2492 896 et
2521 839 2831 908 sanguinis.
2869 858 2888 892 ι

1855 932 2028 986 Eccle.
2048 932 2332 1004 xxxnnﬁo.
2347 925 2706 986 —clloxnines
2721 947 2912 987 omnes
2925 939 3070 985 terra
3088 942 3143 986 et
3160 934 3323 990 cinis.
3338 953 3358 986 ι

1865 1026 2026 1080 Hebr.
2071 1043 2162 1090 ιι,
2207 1026 2293 1080 15.
2337 1057 2404 1066 -
2442 1024 2724 1094 Peregrini
2770 1032 2824 1078 ct
2874 1023 3121 1094 hospites
3169 1041 3364 1082 sumus

1793 1130 1963 1186 super
1996 1125 2220 1172 terram.
2255 1137 2274 1170 ι

1869 1207 2044 1264 Eccle.
2087 1224 2264 1274 xvnt,
2304 1210 2359 1264 8.
2389 1237 2459 1247 —
2491 1227 2508 1259 ι
2543 1207 2818 1263 Numerus
2866 1208 3079 1263 dierum
3130 1207 3368 1262 hominis

1796 1309 1858 1354 ut
1890 1301 2122 1354 multum
2148 1293 2368 1355 centum
2396 1301 2526 1353 anni
2557 1317 2570 1351 :
2599 1299 2760 1368 quasi
2787 1307 2940 1369 gutta
2972 1314 3130 1368 aqua:
3157 1299 3364 1353 maris:

1795 1398 1850 1446 et
1880 1391 2027 1444 sicut
2061 1389 2313 1444 calculus
2339 1403 2553 1452 arenaa,
2593 1389 2674 1444 sic
2702 1390 2863 1458 pauci
2906 1388 3033 1442 anni
3077 1389 3133 1442 in
3175 1387 3368 1442 diebus

1795 1480 2001 1537 saeculi.
2044 1498 2064 1533 ι

1869 1570 1900 1626 ι
1939 1572 2079 1626 Tim.
2119 1588 2212 1636 vt,
2272 1571 2325 1625 7.
2369 1601 2439 1613 —
2483 1590 2501 1622 ι
2553 1569 2700 1624 Nihil
2759 1569 3052 1626 intulimus
3109 1570 3164 1624 in
3219 1569 3369 1622 hunc

1796 1665 2110 1724 mundum:
2162 1664 2308 1719 haud
2356 1664 2584 1719 dubium
2635 1661 2769 1733 quia
2817 1676 2920 1718 nec
2965 1662 3184 1717 auferre
3235 1659 3368 1730 quid

1797 1771 2115 1826 possumus.
2149 1774 2169 1807 ι

1866 1848 1990 1903 Jac.
2037 1864 2090 1902 Iv
2112 1887 2127 1910 .
2165 1849 2251 1903 M.
2284 1877 2352 1887 —
2381 1865 2400 1899 ι
2433 1847 2628 1914 Qualis
2655 1853 2741 1899 cst
2770 1846 2876 1899 vita
2925 1843 3162 1898 nostra?
3202 1856 3373 1911 vapor

1725 1921 1770 1981 Β
1798 1941 1865 1996 ad
1905 1941 2185 1996 modicum
2220 1957 2418 2010 parens
2439 1979 2454 2005 ,
2482 1947 2539 1995 et
2564 1939 2825 2007 deinceps
2851 1936 3366 1992 exterminabitur»

1866 2034 2034 2105 318
2072 2033 2246 2088 Basil.
2285 2032 2424 2086 hom.
2466 2033 2520 2086 in
2557 2031 2698 2100 psal.
2743 2048 2780 2084 ι.
2823 2028 3038 2083 —-—V'ita
3091 2028 3171 2081 via
3225 2025 3371 2078 dicta

1795 2136 1880 2180 est
1905 2127 1976 2179 ob
2005 2139 2124 2180 eam
2159 2125 2536 2187 celeritatem,
2569 2138 2678 2192 qua
2712 2119 2982 2191 quidquid
3021 2116 3370 2188 progenitum

1794 2225 1878 2276 est
1913 2217 1979 2271 ad
2027 2219 2189 2271 linem
2230 2216 2545 2272 contendit.
2595 2213 2729 2268 Nam
2770 2211 3234 2284 quemadmodum
3273 2207 3370 2277 qui

1794 2307 1849 2362 in
1882 2307 2115 2361 navibus
2145 2307 2470 2370 dormiunt,
2513 2321 2542 2359 a
2595 2315 2756 2360 vento
2805 2313 3002 2374 sponte
3048 2302 3100 2355 in
3153 2310 3370 2371 portum

1794 2408 2055 2468 aguntur,
2089 2399 2218 2454 licet
2271 2398 2376 2468 ipsi
2422 2397 2648 2454 minime
2695 2397 2974 2460 sentiant,
3024 2394 3119 2449 sed
3169 2408 3372 2447 cursus

1792 2491 1914 2558 ejus
1938 2489 2007 2544 ad
2031 2496 2233 2543 metam
2261 2497 2520 2560 properat
2547 2506 2563 2544 :
2587 2487 2779 2543 eodem
2811 2485 2972 2541 modo
3000 2501 3100 2540 nos
3127 2498 3370 2554 quoque,

1791 2581 2046 2638 eﬂluente
2073 2581 2199 2636 vita:
2224 2590 2430 2636 nostra:
2459 2587 2732 2650 tempore,
2755 2579 2916 2649 quasi
2943 2584 3209 2648 perpetuo
3237 2589 3375 2644 quo-

1792 2671 1916 2726 dam
1935 2711 1950 2738 ,
1979 2685 2082 2726 nec
2112 2670 2514 2726 intermittente
2540 2678 2691 2724 motu
2712 2708 2727 2734 ,
2758 2668 2824 2723 ad
2855 2683 3015 2724 suum
3039 2667 3275 2736 quisque
3309 2663 3374 2716 li-

1793 2779 1917 2820 nem
1951 2763 2174 2819 oeculto
2205 2764 2330 2819 vine
2359 2771 2566 2820 nostrae
2593 2777 2763 2818 cursu
2796 2762 3151 2830 adurgemur.
3183 2758 3376 2812 Exem-

1794 2857 1866 2926 pli
1903 2855 2081 2926 gratia
2109 2873 2123 2910 :
2151 2854 2406 2918 dormis?
2430 2869 2495 2909 ac
2521 2864 2574 2911 te
2599 2862 2819 2924 tempus
2843 2851 3112 2923 pmterit.
3138 2849 3370 2921 Vigilas,

1791 2958 1845 3001 et
1879 2954 2062 3002 mente
2098 2945 2306 3018 aliquid
2336 2946 2556 3016 agitas?
2602 2955 2658 3000 at
2700 2946 2811 3000 vita
2856 2953 3040 3000 tamen
3084 2942 3374 2997 consumi-

1793 3047 1900 3103 tur,
1933 3037 1985 3092 id
2020 3037 2150 3092 licet
2183 3036 2411 3091 minime
2453 3035 2682 3105 sentias.
2732 3034 2941 3090 Omnes
2975 3035 3164 3102 itaque
3197 3031 3376 3101 quod-

1790 3128 1914 3183 dam
1950 3128 2122 3183 veluti
2153 3128 2493 3192 curriculum
2529 3127 2890 3190 conﬁcimus,
2922 3127 2988 3180 ad
3026 3142 3187 3180 suum
3223 3125 3375 3198 quis-

1794 3235 1901 3288 que
1929 3218 2093 3291 ﬁnem
2129 3227 2514 3290 properantes.
2560 3217 2673 3273 Hac
2703 3219 2922 3272 ratione
2953 3229 3151 3270 onmes
3183 3229 3284 3268 nos
3316 3213 3372 3267 in

1794 3312 1878 3366 via
1945 3326 2159 3366 sumus.
2238 3310 2382 3377 Quin
2446 3309 2515 3365 ad
2554 3309 2701 3365 hunc
2742 3323 2961 3379 quoque
3006 3305 3228 3360 modum
3277 3305 3374 3357 via:

1794 3403 2251 3472 signiﬁcationem
2285 3403 2590 3473 acceperis.
2622 3400 2811 3456 Viator
2849 3416 2908 3455 es
2956 3401 3009 3453 in
3065 3399 3168 3452 hac
3217 3397 3369 3450 vita:

1791 3496 1979 3549 omnia
2022 3496 2313 3565 praeteris:
2348 3495 2532 3547 omnia
2575 3509 2604 3547 a
2641 3502 2798 3559 tergo
2837 3491 3127 3560 relinquis.
3170 3488 3372 3543 Vidisti

1793 3587 1846 3640 in
1883 3588 1969 3639 via
1998 3587 2264 3656 stirpem,
2297 3593 2394 3640 aut
2428 3587 2690 3646 hcrham,
2734 3593 2827 3637 aut
2867 3582 3072 3652 aliquid
3119 3589 3370 3650 spectalu

1791 3679 2018 3747 dignum
2044 3679 2066 3732 ?
2097 3682 2366 3748 tantisper
2395 3665 2703 3733 oblectatus
2732 3693 2822 3732 es:
2845 3685 2957 3728 tum
2994 3674 3191 3727 deinde
3230 3672 3373 3724 ultra

1793 3772 2106 3840 perrexisti.
2143 3768 2382 3824 Rursum
2418 3770 2473 3823 in
2507 3785 2669 3831 saxa,
2705 3779 2760 3822 et
2793 3768 2966 3820 valles
2988 3806 3002 3828 ,
3031 3775 3084 3819 ct
3119 3765 3374 3833 praecipi-

1790 3864 1900 3926 tia,
1936 3871 1992 3917 et
2036 3862 2332 3934 scopulos,
2379 3870 2473 3915 aut
2515 3861 2681 3916 etiam
2727 3858 2962 3912 fortasse
3002 3859 3054 3910 in
3106 3855 3285 3918 foras,
3318 3863 3372 3907 ct

1791 3955 2044 4023 reptilia,
2077 3965 2132 4010 et
2163 3955 2392 4024 spinas,
2425 3961 2520 4008 aut
2565 3951 2716 4006 aliud
2762 3949 3025 4020 quiddam
3075 3949 3371 4002 molestum

1786 4055 1837 4101 et
1871 4047 2131 4099 acerbum
2167 4045 2454 4101 incidisti:
2490 4060 2614 4099 cum
2652 4042 2906 4098 nonnihil
2953 4041 3078 4096 inde
3116 4037 3372 4093 nimroris

1785 4136 2172 4201 contraxeris,
2219 4152 2340 4190 mox
2382 4151 2446 4191 ea
2494 4135 2810 4190 deseruisti.
2863 4133 3062 4188 Eadem
3120 4134 3374 4186 humana:

1785 4228 1912 4282 vitae
1942 4233 2084 4283 ratio
2109 4238 2189 4284 est
2213 4245 2228 4282 :
2262 4237 2322 4282 ut
2346 4244 2448 4284 nec
2477 4220 2614 4282 lixas
2630 4227 3039 4295 jucunditates,
3066 4241 3167 4280 nec
3195 4223 3372 4278 stahi-

1787 4317 1864 4372 les
1896 4317 2242 4388 voluptates,
2268 4333 2378 4373 .nec
2415 4326 2710 4388 perpetuas
2763 4317 3092 4371 acerbitates
3146 4314 3371 4368 haheat.

1786 4409 1877 4466 Uti
1923 4409 2008 4464 via
2061 4412 2289 4466 minime
2339 4419 2431 4465 tua
2475 4419 2603 4475 est;
2641 4410 2727 4466 sic
2779 4423 2882 4465 nec
2930 4406 3226 4478 praesentia
3277 4411 3372 4456 tua

1784 4509 1936 4557 sunt.
1974 4498 2032 4556 In
2065 4502 2152 4558 his
2183 4500 2278 4573 qui
2318 4501 2425 4556 iter
2465 4501 2703 4562 faciunt,
2739 4499 2908 4556 simul
2947 4505 3114 4567 atque
3159 4496 3372 4566 primus

112 4592 398 4662 ραπλὴσια.
430 4590 541 4661 Τὴν
570 4590 676 4661 γῆν
703 4589 942 4661 σήμερον
963 4589 1026 4643 σὺ
1057 4587 1433 4658 ἐγεώργησας,
1456 4589 1552 4641 καὶ
1591 4587 1683 4641 αὖα

1789 4595 2080 4665 vestigium
2117 4594 2325 4658 movit,
2373 4592 2562 4647 statim
2608 4591 2892 4647 secundus
2935 4604 3159 4660 quoque
3203 4584 3373 4640 infert

111 4701 214 4754 ριον
275 4684 458 4746 ἄλλος,
506 4682 602 4735 καὶ
652 4682 771 4752 μετ’
803 4683 1010 4735 ἐκεῖνον
1053 4679 1258 4749 ἕτερος.
1331 4680 1494 4750 ὀρᾷς
1554 4681 1683 4742 τοὺς

108 4777 297 4845 ἀγροὺς
321 4773 569 4838 τούτους,
589 4775 684 4828 καὶ
707 4775 808 4838 τὰς
825 4771 1136 4833 πολυτελεῖς
1158 4771 1332 4834 οἰκίας
1351 4792 1366 4837 ;
1398 4771 1538 4824 πόσα
1565 4772 1683 4842 εῐδη

107 4867 403 4938 ὀνομάτων,
425 4866 636 4920 τούτων
657 4865 892 4920 ἕκαστον
918 4863 1156 4934 ἦμειψεν
1185 4882 1200 4930 ;
1231 4863 1326 4917 τοῦ
1363 4864 1533 4927 δεῖνος
1558 4864 1679 4916 ἑλέ-

107 4976 244 5026 γετο.
259 4956 394 5014 Εἶτα
419 4957 814 5030 μετωνομάσθη
835 4958 970 5029 πρὸς
992 4956 1178 5027 ἕτερον
1204 4971 1218 4986 ο
1252 4954 1389 5027 πρὸς
1418 4954 1510 5008 τὸν
1537 4956 1684 5009 δεῖνα

111 5053 368 5123 μετῆλθεν
390 5069 405 5082 ·
427 5047 548 5105 εἶτα
565 5051 662 5104 νῦν
677 5049 839 5106 ἄλλου
871 5049 1110 5116 λέγεται.
1143 5042 1211 5100 Ἀ
1223 5064 1292 5118 ρα
1318 5044 1412 5102 οὖν
1441 5047 1539 5118 οὐχ
1566 5047 1685 5110 ὁδός

106 5147 132 5195 6
159 5145 286 5214 βίος,
311 5143 504 5200 ἄλλοτε
529 5141 695 5196 ἄλλου
722 5140 1174 5211 μεταλαμϐάνων,
1204 5141 1299 5192 καὶ
1316 5140 1522 5200 πάντας
1545 5139 1684 5209 ἔχων

107 5238 343 5311 ἀλλήλοις
369 5238 782 5309 ἑφεπομένουςς
814 5256 834 5290 ι
865 5239 1154 5308 Μακάριος
1189 5231 1305 5301 οὖν,
1344 5235 1404 5299 ὃς
1457 5236 1550 5290 ἐπὶ
1585 5237 1688 5308 τῆς

107 5330 216 5382 ὀδοῦ
241 5333 350 5385 τῶν
383 5330 728 5402 ἁμαρτωλῶν
755 5330 858 5384 οὐκ
887 5329 1041 5399 ἔστη.
1074 5345 1094 5381 ι

1784 4687 1978 4755 pedem
2001 4727 2018 4752 ,
2053 4699 2117 4741 ac
2147 4685 2412 4755 deinceps
2441 4685 2490 4748 is
2517 4685 2612 4754 qui
2655 4698 2685 4737 a
2725 4691 2879 4752 tergo
2909 4681 3180 4750 sequitur.
3212 4677 3365 4734 Con-

1784 4781 1968 4836 sidera
2003 4779 2194 4850 igitur,
2229 4793 2297 4832 an
2326 4793 2440 4833 non
2474 4793 2563 4832 res
2596 4776 2764 4846 hujus
2795 4776 2922 4830 vitae
2952 4775 3018 4827 ad
3053 4773 3204 4828 hunc
3237 4785 3358 4825 mo-

1783 4869 1916 4928 dum
1954 4884 2015 4924 se
2048 4869 2306 4924 habeant.
2343 4867 2569 4923 Terram
2607 4867 2768 4920 hodie
2805 4864 3069 4930 coluisti;
3105 4863 3243 4918 alter
3275 4860 3368 4915 die

1785 4961 2071 5026 Crastino,
2101 4970 2156 5016 et
2185 4976 2249 5015 ac
2279 4969 2407 5031 post
2439 4960 2586 5014 hunc
2613 4974 2834 5013 rursum
2867 4958 3032 5013 alius.
3068 4955 3234 5010 Vides
3267 4954 3368 5006 hos

1789 5068 1954 5124 agros
1974 5094 1990 5121 ,
2018 5053 2446 5126 ingentibusque
2475 5059 2760 5106 extructas
2788 5051 3101 5120 sumptibus
3130 5047 3327 5102 domos
3345 5044 3370 5096 ⁸1

1791 5157 1926 5218 quot
1952 5149 2068 5218 jam
2105 5147 2328 5203 nomina
2360 5143 2796 5214 unumquddqne
2843 5145 3040 5197 horum
3085 5146 3373 5210 permuta-

1794 5239 1917 5293 vit?
1949 5239 2242 5295 dicebatur
2269 5236 2400 5291 olim
2433 5235 2586 5290 illius
2621 5250 2744 5290 esse
2771 5252 2787 5301 ;
2823 5232 3054 5304 posthac
3087 5230 3156 5284 ab
3194 5227 3374 5280 altero

1787 5345 1984 5388 nomen
2024 5335 2214 5384 traxit.
2250 5326 2377 5382 Mox
2412 5326 2480 5381 ad
2514 5325 2682 5381 alium
2725 5323 3022 5393 migravit:
3072 5333 3137 5374 ac
3177 5313 3372 5372 rursus

109 5439 246 5479 ltttttc
266 5427 504 5481 alterius
521 5442 646 5481 esse
661 5426 890 5479 dicitur.
914 5423 1174 5495 Nunquid
1195 5423 1367 5494 igitur
1381 5440 1556 5480 aevum
1583 5427 1687 5481 hoc
1707 5442 1818 5481 non
1839 5427 1925 5481 via
1945 5434 2055 5493 est,
2075 5425 2224 5496 quod
2245 5425 2418 5478 alium
2441 5431 2608 5493 atque
2620 5422 2788 5476 alium
2806 5416 3046 5476 subinde
3077 5422 3329 5471 assumat
3348 5450 3367 5477 ,

110 5521 319 5590 sibique
345 5536 540 5578 omnes
569 5520 934 5576 succedentes
965 5517 1188 5584 habeat,
1224 5538 1244 5572 ι
1272 5517 1478 5575 Beatus
1509 5519 1676 5590 igitur
1702 5521 1796 5591 qui
1845 5521 1899 5575 in
1937 5521 2042 5574 vita
2078 5526 2432 5588 peccatorum
2489 5532 2598 5571 non
2647 5519 2802 5570 stetit
2841 5519 2858 5582 (
2889 5509 3039 5566 Paul.
3078 5526 3128 5575 ι,
3158 5507 3182 5561 1
3213 5508 3256 5578 ).
3291 5525 3309 5558 ι

173 5613 340 5670 Ὅταν
371 5614 487 5686 ἱδῃς
520 5613 752 5684 βοτάνην
782 5613 978 5684 χόρτου
1013 5612 1108 5668 καὶ
1136 5612 1301 5677 ἄνθος
1339 5613 1559 5686 χόρτου,
1600 5613 1682 5673 εἰς

1860 5612 2054 5682 Ejusd.
2087 5613 2230 5669 hom.
2263 5612 2330 5676 5,
2362 5612 2414 5664 in
2442 5609 2699 5664 Hexacm.
2725 5636 2796 5650 --
2821 5604 2957 5662 Cum
2994 5601 3220 5659 herbam
3255 5599 3366 5654 leid

109 5702 307 5758 ἔννοιαν
332 5704 494 5776 ἔρχου
517 5707 617 5772 τῆς
639 5704 990 5774 ἀνθρωπίνης
1036 5703 1275 5770 φύσεως,
1334 5707 1681 5776 μεμνημένος

1789 5704 2088 5775 llareinque
2116 5705 2322 5760 videris
2348 5741 2365 5766 ,
2396 5703 2688 5756 humanam
2722 5708 2975 5754 naturam
3005 5694 3184 5767 cogita
3210 5709 3227 5760 ;
3252 5707 3369 5747 me-

109 5791 199 5857 τῆς
233 5796 439 5859 εἰκόνος
468 5796 560 5850 τοῦ
586 5795 751 5864 σοφοῦ
786 5796 1034 5856 Ἡσαΐου,
1064 5797 1332 5859 εἰπόντος,
1369 5797 1454 5850 ὅτι
1481 5816 1498 5846 ι
1525 5798 1680 5850 Πᾶσα

1789 5800 1961 5858 moria
1995 5808 2190 5854 tenens
2223 5799 2369 5852 hunc
2405 5796 2676 5867 sapientis
2717 5793 2867 5848 Isaia:
2902 5789 3362 5851 similitudinem,

113 5883 242 5953 εὰρξ
293 5887 508 5956 χόρτος,
560 5891 650 5946 καὶ
693 5890 838 5942 πᾶσα
895 5887 1014 5954 δόξα
1060 5886 1349 5961 ἀνθρώπου
1407 5887 1480 5952 ὠς
1521 5888 1680 5953 ἄνθος

1792 5892 2066 5948 dicentis:
2099 5911 2116 5943 ι
2151 5888 2344 5946 Omnis
2372 5905 2500 5945 caro
2529 5888 2711 5944 fenum
2731 5931 2744 5954 ,
2773 5898 2827 5944 et
2857 5887 3032 5942 mnnis
3060 5884 3232 5956 gloria
3266 5881 3361 5945 ko-
