4024 6416
660 355 803 424 1123

1853 349 1915 410 S.
1945 345 2267 410 JOANNIS
2303 340 2741 407 DAMASCENI

3785 350 3887 416 1124

719 469 975 540 Ejusdem
1000 476 1142 521 orat.
1167 466 1249 520 l6.
1265 462 1493 518 -Niltil
1516 462 1803 517 immotum
1829 468 2210 528 m:met,qneni

2309 500 2313 514 .
2415 457 2580 510 υύδὲν
2612 457 2892 529 ἀκίνητον,
2923 459 3065 531 ὅπερ
3093 460 3252 531 ἔφην,
3281 461 3406 517 οὐδὲ
3435 465 3664 534 ὁμαλὸν,
3687 467 3796 521 οὐδὲ
3824 476 3889 525 αὖε

655 562 952 619 admodum
1005 567 1135 613 ante
1180 555 1472 619 dicebam,
1526 552 1666 608 nihil
1702 549 1974 621 mquabile
2013 562 2078 602 ac
2110 561 2232 602 cer-

656 665 773 711 tum
794 694 812 721 ,
842 667 944 709 nec
971 651 1040 706 ad
1068 656 1378 705 extremum
1420 659 1597 716 usque
1626 643 1713 699 sui
1745 641 1929 697 simile
1955 646 2041 695 est
2065 657 2079 694 :
2122 655 2231 693 non

650 747 939 811 hilaritas,
974 758 1082 798 non
1113 738 1375 797 maestitia
1398 777 1412 799 ,
1443 751 1553 792 non
1576 750 1742 806 opes,
1776 749 1883 788 non
1911 742 2230 804 paupertas,

654 854 767 894 non
818 839 1011 901 robur,
1060 849 1168 889 non
1198 828 1577 890 imbecillitas,
1626 841 1735 881 non
1789 824 2069 895 potentia,
2119 837 2227 877 non

656 930 979 993 humilitas,
1014 941 1122 981 non
1153 921 1486 994 praesentia,
1540 935 1648 973 non
1698 917 1881 970 futura
1908 955 1923 981 ,
1976 931 2085 969 non
2135 929 2232 969 no-

652 1028 805 1083 stra,
860 1032 969 1072 non
1022 1015 1241 1078 aliena,
1292 1026 1401 1065 non
1456 1018 1657 1079 ραι-νει,
1693 1022 1801 1061 non
1854 1020 2085 1075 magna,
2120 1020 2229 1058 non

650 1109 888 1178 denique
922 1102 1189 1174 quidquid
1222 1101 1292 1156 ab
1323 1100 1435 1154 ullo
1490 1098 1763 1152 nominari
1817 1105 2001 1165 queat.
2050 1095 2233 1161 Atque

651 1202 755 1255 hoc
785 1196 997 1268 aequale
1023 1193 1376 1264 inaequalitas
1410 1190 1607 1253 habet,
1645 1198 1704 1243 ut
1748 1202 1946 1257 nempe
1979 1200 2070 1242 res
2111 1200 2232 1239 om-

648 1304 749 1342 nes
793 1286 1015 1342 subsint
1062 1281 1376 1339 mutationi.
1430 1278 1627 1334 Outnia
1672 1278 1822 1332 enim
1870 1274 2033 1331 facile
2081 1290 2235 1330 com-

2337 566 2561 619 ταρκες,
2606 550 2727 604 οὐδὲ
2772 553 2854 616 είς
2904 554 3057 615 τέλος
3099 556 3314 624 ὅμοιον·
3366 557 3491 610 οὔτε
3544 558 3811 629 εὐθυμεῖν,
3840 568 3886 617 οὐ

2337 635 2589 702 πλοῦτος,
2631 638 2693 691 οὐ
2737 640 2919 703 πενία,
2944 642 3006 695 οὐ
3030 642 3282 714 δύναμις,
3313 647 3416 699 οὐκ
3444 648 3719 712 ἀσθένεια,
3742 653 3796 704 οὗ
3818 670 3886 707 τα-

2338 726 2614 798 πεινότης,
2633 728 2694 782 οὐ
2710 729 3090 796 δυναστεία,οὐ
3110 734 3176 788 τά
3194 737 3536 806 παρόντα,οὐ
3556 740 3625 792 τὰ
3644 742 3883 809 μέλλοντα,

2334 822 2397 873 οὐ
2425 822 2496 874 τὰ
2519 823 2787 894 ἡμέτερα,
2819 825 2959 880 οὐτὸ
2987 827 3289 898 ἀλλότριον,
3316 832 3379 884 οὗ
3413 833 3613 903 μικρὸν
3657 836 3690 906 ἢ
3719 840 3882 905 μεῖζον,

2338 913 2436 982 οὐχ
2469 914 2497 966 ὃ
2524 932 2576 967 τι
2600 913 2666 968 ἀν
2689 919 2818 988 εῑπῃ
2849 934 2953 981 τις.
2981 920 3090 973 Καὶ
3118 920 3278 975 τοῦτο
3305 924 3419 977 ἴσον
3446 925 3551 977 κᾶν
3582 928 3760 998 ίσότης
3778 930 3879 999 ἔχει,

2334 1008 2433 1076 τὴν
2452 1009 2579 1085 περὶ
2597 1009 2815 1061 πάντων
2844 1011 3168 1083 μεταϐολήν.
3194 1015 3498 1087 Περικωρεῖ
3517 1020 3631 1088 γὰρ
3656 1020 3722 1073 τὰ
3743 1024 3881 1079 πάντα

2339 1096 2556 1168 ῥᾳδίως,
2614 1103 2711 1152 καί
2774 1107 3107 1173 μεταχωρεῖ,
3173 1107 3266 1159 καὶ
3320 1108 3792 1165 ἀντικαθίσταται’
3826 1116 3880 1180 ὡς

2338 1184 2537 1253 αὔραις
2580 1184 2720 1243 εἶναι
2765 1192 2967 1262 μᾶλλον
2996 1197 3296 1261 πιστεύειν,
3336 1201 3432 1253 καὶ
3477 1202 3770 1273 γράμμασι
3800 1210 3881 1271 τοῖς

2338 1278 2462 1331 καθ’
2493 1280 2703 1347 ὕδατος,
2733 1283 2769 1354 ἢ
2802 1285 3110 1357 ἀνθρώπων
3139 1290 3430 1363 εὐημερίᾳ.

646 1388 869 1443 meant,
903 1377 1172 1433 recedunt
1202 1383 1257 1430 et
1290 1374 1653 1428 immutantur
1686 1389 1699 1425 :
1734 1371 1872 1426 adeo
1917 1379 1977 1425 ut
2018 1370 2231 1425 certius
2272 1369 2327 1425 in
2358 1375 2538 1431 ventis
2591 1384 2648 1432 et
2699 1378 2753 1432 in
2798 1379 3001 1438 litteris
3078 1382 3135 1438 in
3184 1398 3326 1454 aqua
3401 1388 3633 1458 scriptis
3658 1431 3673 1456 ,
3729 1389 3880 1447 fiducia

645 1473 826 1543 possit
860 1469 1118 1530 collocari
1142 1507 1157 1533 ,
1189 1480 1355 1538 quam
1392 1466 1448 1519 in
1481 1465 1771 1520 hominum
1804 1461 2088 1519 felicitate.

932 1578 1128 1650 Ejusd.
1164 1580 1220 1634 in
1253 1576 1428 1632 Iamb.
1462 1584 1603 1630 orat.
1642 1574 1712 1628 ad
1744 1572 1947 1629 Christ.

716 1695 963 1750 Mortuus
996 1709 1110 1747 sum
1145 1692 1266 1747 huic
1302 1704 1617 1744 (erumnam:
1653 1688 1773 1740 vitm
1795 1726 1811 1749 ,

715 1768 849 1833 Qua
880 1764 1066 1833 Euripi
1103 1778 1280 1827 more,
1316 1774 1537 1833 sursum
1560 1768 1609 1811 et
1644 1757 1893 1833 deorsum
1926 1757 2097 1833 fertur
2118 1793 2133 1815 ,

715 1824 785 1889 Et
820 1852 883 1890 ne
916 1824 1023 1889 und
1054 1824 1377 1904 quidem'die
1410 1830 1696 1900 quidquam
1737 1828 1880 1895 ﬁrmi
1916 1824 2093 1878 habet.

716 1946 971 2017 Ejusdem
1005 1956 1146 1999 orat.
1182 1946 1271 1999 10.
1299 1973 1371 1985 -
1398 1940 1551 1996 Talis
1589 1950 1675 1996 est
1705 1941 1817 1994 vita
1858 1948 2082 2002 nostra,
2114 1935 2228 1990 fra—

642 2050 799 2105 tres;
837 2041 933 2093 tali
962 2038 1128 2093 modo
1158 2038 1263 2092 hoc
1295 2049 1413 2091 aevo
1448 2036 1521 2089 ita
1550 2032 1833 2088 ludimus:
1868 2038 1927 2084 ut
1960 2045 2083 2084 cum
2119 2044 2227 2083 non

642 2131 955 2192 fuerimus,
1012 2142 1354 2183 nascantur:
1398 2141 1523 2180 cum
1582 2124 1696 2179 nati
1748 2138 1976 2185 sumus,
2028 2137 2229 2177 rursus

639 2225 1033 2279 dissolvamur.
1051 2220 1389 2275 lnsomnium
1419 2231 1609 2273 sumus
1636 2216 1914 2276 instabile,
1944 2226 2224 2279 spectrum

637 2314 913 2385 quoddam
969 2313 1116 2383 quod
1173 2310 1351 2366 teneri
1410 2309 1644 2379 nequit,
1709 2307 2047 2361 transeuntis
2104 2306 2225 2361 avis

637 2408 855 2461 volatus
878 2447 892 2469 ,
923 2405 1083 2459 navis
1111 2404 1165 2457 in
1197 2403 1333 2457 mari
1365 2402 1658 2466 vestigium
1689 2414 1798 2455 non
1832 2398 2074 2460 habens,
2104 2398 2226 2469 pul-

536 2511 540 2515 ‘
636 2500 720 2552 vis
741 2538 755 2560 ,
784 2511 972 2566 νίψον,
1008 2511 1103 2550 ros
1136 2494 1441 2549 matutinus
1464 2534 1479 2557 ,
1506 2492 1608 2547 llos
1639 2492 1705 2545 ad
1739 2500 1957 2559 tempus
1989 2504 2225 2545 nascens

633 2600 688 2644 et
748 2604 1122 2644 marcescens.
1163 2605 1182 2639 ι
1218 2584 1393 2640 Homo
1447 2586 1594 2640 sicut
1650 2583 1835 2638 fenum
1889 2581 2010 2635 dies
2061 2580 2220 2649 ejus,

635 2692 900 2751 tanquam
938 2682 1040 2738 llos
1088 2682 1206 2752 agri
1252 2682 1331 2735 sic
1362 2678 1629 2734 clllorebit
1664 2676 1855 2747 (Psal.
1893 2691 1993 2736 cu,
2033 2673 2158 2745 15).
2196 2694 2215 2726 ι

631 2775 806 2842 Quam
848 2776 1114 2844 przeclare
1162 2772 1386 2827 divinus
1436 2768 1606 2824 David
1660 2769 1745 2824 his
1796 2768 1986 2822 verbis
2020 2766 2089 2821 de
2122 2780 2219 2819 no-

632 2877 748 2925 stra
813 2866 1193 2927 imbecillitate
1246 2861 1703 2934 phil050phatur!
1753 2859 2216 2930 quemadmodum

629 2968 686 3012 et
719 2959 773 3011 in
808 2958 933 3011 istis
962 2974 975 3009 :
1009 2974 1028 3007 ι
1058 2954 1403 3008 Paucitatem
1455 2954 1669 3006 dierum
1722 2968 1970 3007 meorum
2022 2952 2219 3007 nuntia

627 3049 789 3120 321
830 3048 962 3102 mihi
999 3045 1193 3116 (Psal.
1229 3060 1279 3099 Cl
1304 3085 1318 3108 ,
1351 3044 1421 3096 24
1446 3048 1485 3113 ).
1530 3064 1547 3097 ι
1584 3045 1727 3111 Quin
1758 3046 1923 3099 etiam
1978 3045 2217 3101 hominis

626 3144 744 3196 dies
785 3139 951 3210 palmi
982 3153 1241 3193 mensura
1266 3136 1821 3191 circumscribuntur.

701 3231 953 3299 Ejusdem
985 3246 1155 3283 carm.
1178 3228 1241 3282 de
1266 3229 1384 3283 vita:
1408 3229 1641 3282 itinerib.
1673 3228 1852 3282 soluta
1877 3230 2214 3283 oratione.—

624 3322 827 3377 Multas
860 3321 1084 3391 quidem
1133 3320 1254 3374 vias
1290 3320 1454 3376 habet
1501 3335 1815 3377 aerumnosa
1848 3321 1962 3376 vita
1997 3337 2011 3373 :
2046 3330 2213 3392 atque

626 3414 734 3467 alia
788 3412 1011 3481 quidem
1061 3418 1117 3466 et
1168 3411 1277 3465 alia
1327 3412 1453 3466 aliis
1505 3412 1741 3483 aliisque
1771 3412 2121 3469 detrimentis
2155 3426 2211 3469 et

623 3505 785 3558 noxis
831 3502 1190 3558 admiscetur.
1235 3501 1418 3556 lnfidaa
1467 3502 1669 3557 divitiae
1707 3503 2023 3573 sunt:ipse
2054 3504 2208 3574 prin-

620 3595 841 3663 cipatus
869 3601 923 3648 et
956 3608 1047 3648 res
1108 3590 1366 3648 secundae
1393 3593 1707 3663 arrogantia
1734 3601 1989 3649 constant
2024 3612 2037 3650 :
2072 3596 2209 3651 sub-
2279 3660 2285 3669 .

619 3703 751 3741 esse
819 3686 977 3740 labor
1031 3695 1137 3752 est,
1195 3685 1416 3739 vincula
1468 3684 1776 3755 pauperies,
1825 3688 2003 3756 gratia
2075 3702 2205 3757 per-

621 3780 820 3843 exigua
875 3778 990 3833 oris
1019 3776 1186 3832 decor
1212 3791 1337 3846 qua:
1375 3777 1547 3831 instar
1581 3776 1818 3847 fulguris
1866 3778 2030 3832 micat
2062 3794 2077 3831 :
2109 3778 2201 3848 ju-

616 3877 778 3922 venta
822 3876 995 3924 aestus
1046 3876 1132 3923 est
1199 3868 1490 3937 temporis,
1549 3881 1807 3924 senectus
1849 3870 2029 3926 tristis
2076 3872 2201 3927 vitae

613 3968 783 4025 meta,
831 3961 1005 4031 gloria
1064 3974 1215 4014 aura:
1267 3961 1487 4026 similis,
1536 3968 1591 4015 et
1619 3962 1791 4016 robur
1817 3962 1969 4017 velut
2010 3962 2198 4017 fenum

614 4052 782 4121 palea:
836 4067 959 4123 qua:
1019 4066 1154 4123 agro
1186 4061 1291 4107 est.
1342 4050 1606 4107 Petulans
1639 4053 1934 4123 ingluvies,
1991 4065 2200 4110 catena:

610 4145 974 4208 connubium,
1004 4143 1268 4212 praeclara
1300 4144 1483 4214 proles
1514 4145 1570 4197 in
1612 4158 1778 4198 curas
1804 4145 2056 4215 impellit,
2080 4153 2197 4201 ste-

610 4236 792 4290 rilitas
843 4234 1228 4303 aegritudinem
1278 4235 1427 4304 parit
1458 4242 1513 4289 et
1544 4236 1819 4290 dolorem.
1852 4236 1908 4290 Si
1950 4236 2070 4291 fora
2107 4253 2196 4293 se—

609 4328 800 4389 ctaris,
835 4324 1243 4381 sollicitudines
1272 4325 1545 4378 malorum
1575 4326 1841 4394 ingruunt
1885 4344 1898 4381 :
1936 4327 1982 4383 si
2012 4329 2196 4398 priva-

610 4425 721 4469 tam
735 4417 927 4478 vitam,
948 4415 1063 4469 haec
1081 4414 1319 4469 invalida
1345 4424 1452 4471 est.
1476 4416 1758 4485 Angustus
1778 4418 2193 4490 probrosnsque

606 4518 689 4563 est
745 4509 958 4563 alienus
1017 4507 1216 4564 cibus:
1253 4508 1408 4563 labor
1466 4478 1859 4579 agricolatio:
1913 4478 2189 4582 quotquot
2225 4478 2267 4532 θ

608 4602 829 4657 sulcant
880 4602 1082 4665 maria,
1114 4601 1168 4656 in
1205 4616 1398 4656 orcum
1433 4609 1690 4671 vergunt.
1752 4602 1936 4657 Patria
1987 4606 2189 4676 cuique

604 4694 924 4748 barathrum
958 4709 1118 4750 suum
1140 4702 1226 4750 est
1250 4702 1470 4749 :extera
1499 4694 1679 4757 tellus,
1707 4695 1990 4764 probrum.
2025 4697 2186 4763 Qua:-

601 4800 823 4855 cunque
854 4786 945 4841 hic
994 4786 1150 4853 fiunt,
1207 4786 1466 4843 universa
1504 4786 1681 4850 labor,
1716 4787 1906 4843 omnia
1944 4790 2103 4845 lusus
2133 4799 2187 4845 et

601 4878 811 4945 illusio,
846 4880 1047 4950 lanugo
1077 4881 1232 4934 auris
1285 4880 1516 4949 agitata,
1552 4878 2026 4951 umbra,species,
2070 4897 2183 4949 ros,

597 4982 819 5036 ventus,
869 4987 1071 5043 penna,
1136 4986 1327 5042 vapor,
1356 4972 1615 5043 fulgetra,
1662 4976 1967 5039 somnium,
2002 4973 2185 5031 ﬂuxus

598 5066 889 5128 torrentis,
949 5064 1235 5135 vestigium
1281 5065 1465 5127 navis,
1527 5066 1695 5130 cinis,
1761 5075 1881 5119 rota
1939 5066 2182 5121 volutata

597 5155 775 5211 instar
805 5155 1182 5229 cylindrorum
1204 5162 1358 5211 stans
1384 5170 1747 5226 currensque,
1772 5157 1950 5212 soluta
1973 5166 2028 5213 et
2053 5158 2180 5223 lixa,

594 5250 1037 5318 tempestatibus,
1080 5248 1298 5314 diebus,
1344 5249 1626 5316 noctibus,
1650 5251 1935 5314 :erumnis,
1968 5249 2172 5306 funeri-

595 5342 723 5404 bus,
758 5342 1068 5406 mmslitiis,
1123 5342 1361 5411 gaudiis,
1396 5342 1625 5408 morbis,
1654 5343 1901 5407 casibus,
1939 5340 2217 5422 infortu-u

594 5434 750 5489 niis.'
781 5434 1054 5489 Humanis
1090 5435 1253 5489 rebus
1291 5436 1427 5490 nihil
1454 5436 1789 5490 imbecillius
1823 5453 1837 5489 :
1876 5437 1976 5489 hoc
2006 5452 2177 5489 unum

595 5524 802 5577 bonum
861 5523 1175 5579 hominibus
1232 5524 1449 5581 firmum
1491 5534 1597 5593 est,
1635 5534 1696 5580 ut
1723 5540 1917 5595 nempe
1950 5540 2174 5581 crucem

591 5621 871 5683 gestantes
901 5614 1026 5669 inde
1051 5616 1333 5683 secedant,
1361 5616 1598 5689 gemitus
1640 5616 1886 5680 trahant,
1935 5626 2172 5672 mentem

592 5704 796 5761 divinis
846 5707 997 5761 curis
1022 5715 1076 5760 et
1102 5706 1318 5763 fiduciis
1348 5710 1522 5773 alant,
1560 5717 1619 5762 ut
1649 5708 1879 5764 ccelestc
1910 5707 2025 5773 illa,
2052 5725 2173 5779 quae

595 5795 752 5866 puris
784 5795 1139 5867 admiscetur,
1163 5797 1431 5857 Trinitate
1469 5800 1790 5855 irradictur.

2415 1687 2678 1762 Τέθνηκα
2709 1683 2864 1762 τῷδε
2920 1687 3000 1753 τῷ
3025 1691 3373 1762 τωιαιπώρῳ
3402 1695 3543 1762 βίῳ,

2410 1760 2521 1835 ξρς
2544 1756 2782 1835 φέρετᾳέ
2803 1759 2926 1835 dra)
2957 1760 3061 1835 καὶ
3083 1761 3244 1835 κάτω
3267 1756 3539 1835 Εὖρίποίἰ
3558 1766 3755 1835 δίκην,

2402 1828 2656 1881 Βέϐαιον
2676 1828 2880 1895 οὐδὲν,
2907 1830 3052 1882 οὐδὲ
3069 1832 3162 1900 ἐφ’
3180 1828 3411 1901 ήμέριὶν
3433 1837 3654 1904 φέρων.

2402 1940 2658 2004 Τοιοῦτος
2692 1942 2722 1993 ό
2753 1940 2867 2011 βίος
2903 1941 3081 2011 ἡμῶν,
3130 1942 3351 2013 ἀδελφοί
3372 1960 3386 1973 ’
3427 1948 3671 2001 τοιοῦτον
3722 1950 3778 2003 τὸ
3813 1954 3882 2004 ἐπὶ

2328 2031 2437 2101 γῆς
2479 2032 2754 2100 παίγνιον,
2803 2033 2904 2086 οὐκ
2940 2032 3070 2087 εντα
3117 2035 3392 2101 γενέσθαι,
3448 2039 3543 2092 καὶ
3593 2043 3881 2111 γενομένους

2330 2122 2685 2193 ἁναλυθῆναι.
2725 2124 2899 2195 Ὅναρ
2949 2126 3117 2195 ἐσμὲν
3150 2128 3248 2197 οὐχ
3294 2129 3608 2199 ἱστάμενον,
3643 2134 3816 2203 φάσμα
3841 2153 3879 2187 τι

2331 2214 2406 2284 μὴ
2433 2213 2824 2286 κρατούμενον,
2859 2216 3059 2287 πτῆσις
3087 2218 3275 2289 όρνέου
3325 2226 3757 2295 παρερχομένου,
3777 2228 3878 2290 ναῦς

2326 2307 2419 2359 ἐπὶ
2436 2306 2711 2377 θαλάσσης
2744 2308 2887 2378 ἲχνος
2918 2308 3020 2363 οὐκ
3046 2308 3265 2380 ἐχουσαο
3293 2315 3461 2378 κόνις,
3493 2317 3685 2386 ἀτμὶς,
3712 2319 3875 2389 ἑωθινὴ

2324 2397 2537 2468 δρόσος,
2568 2399 2729 2462 ἄνθος
2760 2399 2938 2471 καιρῷ
2967 2402 3257 2472 φυόμενον,
3288 2406 3382 2458 καὶ
3412 2409 3589 2479 καιρῷ
3616 2409 3875 2480 λυόμενον·

2332 2511 2350 2543 ι
2381 2490 2720 2563 Ἀνθρωπος,
2739 2492 2870 2546 ὡσεὶ
2907 2494 3100 2565 χόρτος
3130 2497 3187 2549 αἱ
3213 2499 3416 2570 ἡμέραι
3444 2503 3631 2564 αὑτοῦ.
3653 2504 3777 2559 ὡσεὶ
3806 2508 3876 2562 ἄν·

2324 2583 2416 2646 θος
2468 2583 2563 2637 τοῦ
2608 2585 2801 2657 ἀγροῦ,
2852 2587 3026 2652 οὕτως
3072 2590 3377 2661 ἐξανθήσει.
3405 2612 3423 2645 ι
3454 2596 3651 2660 Καλῶς
3692 2601 3722 2653 ό
3763 2600 3875 2666 θεῖος

2323 2672 2489 2725 Δαόὶδ
2534 2674 2664 2746 περὶ
2711 2676 2998 2741 ἀσθενείας
3027 2678 3189 2749 ἡμῶν
3237 2683 3652 2755 ἐφιλοσόφησεν,
3700 2691 3790 2744 καὶ
3834 2694 3877 2743 ἐν

2326 2763 2559 2827 ἐκείνοις
2611 2768 2726 2828 τοῖς
2756 2768 3000 2838 ῥήμασι·
3036 2789 3054 2820 ι
3084 2769 3197 2840 Τὴν
3215 2770 3507 2844 ὀλιγότητα
3542 2777 3650 2829 τῶν
3686 2780 3877 2849 ἡμερῶν

2324 2872 2426 2924 μου
2456 2855 2779 2925 ἀνάγγειλόν
2809 2875 2919 2928 μοι·
2955 2877 2973 2909 ι
3010 2860 3107 2914 καὶ
3135 2860 3452 2917 παλαιστῶν
3484 2866 3783 2936 μέτροντὰς
3802 2874 3875 2923 ἀν-

2321 2945 2601 3017 θρωπίνας
2635 2949 2846 3021 ἡμέρας
2870 2950 3137 3022 ὁρίζεται.

2387 3210 2585 3265 Πολλαὶ
2616 3214 2715 3283 μὲν
2742 3214 2835 3268 τοῦ
2867 3216 2985 3287 βίου
3011 3218 3108 3272 τοῦ
3134 3219 3481 3286 πολυπαθοῦς
3512 3224 3572 3277 αί
3601 3224 3735 3278 ὁδοίο
3764 3227 3875 3294 ἄλλη

2313 3300 2370 3353 δὲ
2427 3302 2675 3369 ἀλλοίαις
2726 3305 2953 3375 βλάϐαις
3000 3312 3398 3381 συμμίσγεται·
3454 3317 3483 3367 ό
3528 3315 3754 3381 πλοῦτος
3795 3319 3875 3390 μὲν

2310 3393 2574 3458 amator
2606 3398 2639 3466 ἡ
2670 3397 2727 3451 δὲ
2753 3398 2897 3471 ἀρχὴ
2928 3403 3023 3454 καὶ
3049 3402 3388 3473 εὐδαιμονία,
3417 3407 3645 3477 ὀνείρων
3684 3410 3873 3481 ὑπερη-

2310 3487 2476 3554 φανία
2497 3504 2514 3520 ο
2544 3490 2640 3543 καὶ
2670 3490 2731 3544 τὸ
2760 3492 3031 3563 ἄρχεσθαι
3065 3496 3284 3566 μόχθος,
3314 3501 3347 3570 ἡ
3390 3500 3553 3554 πενία
3582 3502 3637 3556 δὲ
3665 3503 3869 3573 δεσμός·

2307 3578 2583 3651 εὐμορφία
2608 3582 2664 3636 δὲ
2684 3584 3074 3654 ὲπιλάμπουσα
3096 3590 3192 3641 καὶ
3217 3589 3687 3661 ἐξαστράπτουσα,
3720 3599 3869 3667 μικρὰ

2306 3671 2468 3741 χάρις
2491 3687 2505 3702 ·
2539 3675 2572 3743 ἡ
2605 3676 2795 3745 νεότης
2826 3678 2883 3731 δὲ
2917 3678 3191 3751 θερμότης
3232 3685 3424 3753 χρόνου
3459 3701 3473 3714 ·
3504 3687 3569 3740 τὸ
3606 3689 3776 3758 γῆρας
3793 3689 3866 3741 λυ-

2305 3763 2482 3835 πηρὸν
2524 3767 2677 3831 τέλος
2706 3768 2801 3822 τοῦ
2835 3770 2951 3840 βίου
2976 3789 2990 3804 ο
3026 3774 3059 3844 ἡ
3092 3773 3221 3840 δόξα
3246 3777 3321 3839 ὠς
3352 3778 3491 3847 ἀήρ·
3520 3782 3553 3848 ἡ
3585 3780 3732 3851 ἰσχὺς
3756 3782 3868 3833 ὡσεὶ

2304 3854 2497 3925 χόρτος
2521 3856 2617 3910 τοῦ
2642 3860 2700 3911 ὲν
2729 3860 2886 3932 ἁγρῴ
2914 3863 3140 3933 ἀχύρου.
3196 3867 3466 3932 ’Λτακτος
3500 3871 3533 3939 ἡ
3566 3871 3832 3942 πλησμονή
3852 3889 3864 3901 ’

2300 3946 2478 4016 δεσμά
2518 3949 2546 4000 ό
2581 3950 2793 4021 γάμοςο
2820 3954 3077 4011 εὐπαιδία
3121 3957 3351 4023 τέκνων,
3384 3962 3630 4032 μέριμνα
3653 3966 3866 4031 ἀναγκα·

2302 4041 2462 4111 στική
2483 4058 2496 4071 -
2535 4044 2568 4113 ἡ
2594 4048 2945 4111 κακοτεκνία,
2969 4048 3122 4113 νόσος
3154 4051 3247 4105 καὶ
3264 4052 3425 4122 ὀδύνη
3447 4068 3459 4081 ·
3491 4057 3548 4107 αἱ
3577 4056 3633 4108 δὲ
3666 4058 3860 4125 ἀγοραὶ,

2297 4131 2399 4201 τῆς
2459 4137 2661 4200 κακίας
2717 4140 3029 4209 φροντίδες·
3088 4144 3121 4213 ἠ
3177 4144 3410 4213 μόνωσις
3466 4147 3543 4209 δὲ,
3595 4148 3860 4203 ἀσθένεια.

2297 4224 2465 4297 Στενὴ
2492 4228 2588 4281 καὶ
2622 4230 2988 4296 ἐπονείδιστος
3013 4236 3045 4304 ἡ
3078 4235 3336 4307 ἀλλοτρία
3362 4241 3540 4311 τροφὴ
3562 4257 3576 4269 ·
3603 4240 3665 4294 τὸ
3687 4242 3743 4295 δὲ
3775 4241 3860 4309 τὴν

2294 4315 2402 4386 γῆν
2426 4321 2688 4392 ἀροτριᾷν
2710 4323 2879 4388 κόπος
2898 4341 2913 4357 '
2943 4326 3053 4379 τῶν
3096 4327 3538 4397 θαλασσόπλόων,
3572 4333 3648 4395 ὡς
3690 4334 3779 4387 ἐπὶ
3810 4332 3861 4384 τὸ

2296 4410 2459 4464 πλέον
2508 4415 2566 4466 ὲν
2612 4414 2691 4485 τῷ
2722 4416 2920 4489 ᾆδῃ·ή
2961 4420 3162 4490 πατρὶς
3207 4422 3285 4485 δὲ,
3330 4423 3610 4497 βάραθρον
3655 4428 3854 4495 mori]

2297 4499 2551 4569 ξενιτεία,
2592 4506 2814 4572 ὄνειδος.
2850 4510 3035 4566 Πάντα
3089 4514 3288 4585 μόχθος
3316 4520 3429 4580 τοῖς
3474 4519 3773 4589 ἀνθρώποις
3800 4520 3856 4571 τὰ

2292 4594 2547 4662 ἐνταῦθα,
2630 4601 2807 4655 πάντα
2885 4605 3224 4676 ἐμπαιγμὸς,
3288 4608 3641 4681 ριπιζόμενος
3692 4610 3850 4679 χνοῦς,

2292 4688 2439 4749 σκιὰ,
2472 4691 2565 4743 καὶ
2597 4695 2904 4761 φαντασία*
2929 4696 3141 4769 δρόσος,
3178 4700 3398 4771 ἄνεμος,
3441 4705 3657 4774 πτερὸν,
3686 4704 3848 4772 ἀτμὶς,

2291 4783 2549 4854 σπινθὴρ,
2600 4785 2875 4851 ἐνύπνιον,
2911 4789 3063 4860 χύμα
3114 4791 3409 4862 ῥεύματος,
3468 4794 3654 4848 πλοίου
3687 4782 3845 4866 κῐχνος.

2285 4874 2482 4947 τέφρα,
2518 4879 2709 4949 τροχὸς
2732 4880 2818 4933 ἀεὶ
2841 4883 3229 4953 στρεφόμενος.
3262 4886 3426 4955 ὃμοια
3477 4889 3655 4942 πάντα
3680 4888 3844 4941 κυλίν-

2285 4964 2453 5035 δροις,
2496 4968 2669 5033 ἑστώς
2714 4988 2772 5023 τε
2824 4973 2914 5026 καὶ
2963 4974 3193 5045 τρέχων,
3241 4975 3526 5046 λυόμενός,
3585 4979 3841 5048 πεπηγὼς.

2284 5056 2473 5128 ὥραις,
2534 5059 2793 5131 ἡμέραις,
2851 5062 2989 5127 νυξὶ,
3045 5064 3288 5134 μόχθοις,
3326 5065 3604 5132 θανάτοις,
3648 5069 3840 5129 λύπαις,

2282 5149 2562 5218 τέρψεσιν,
2599 5153 2958 5223 ἀρρωστίαις,
2996 5157 3258 5222 πτώσεσι,
3292 5162 3705 5234 κακοπραγίαις.
3732 5160 3840 5214 Τῶν

2280 5242 2639 5312 ἀνθρωπίνων
2664 5246 2721 5300 δὲ
2751 5248 2904 5301 οὐδέν
2944 5251 3093 5304 ἐστιν
3133 5253 3570 5325 ἀδρανὲστεροϊ
3603 5256 3656 5308 ἒν
3691 5256 3838 5324 μόνον

2281 5337 2375 5389 καὶ
2426 5337 2645 5407 βέϐαιόν
2694 5342 2840 5395 ἐστιν
2890 5345 3002 5407 τοῖς
3048 5346 3358 5415 ἀνθρώποις
3402 5349 3587 5411 καλὸν,
3615 5346 3837 5400 ἐντεῦθεν

2278 5429 2587 5499 ἀναχωρεῖν
2616 5431 2707 5484 τὸν
2737 5434 2966 5506 σταυρὸν
2998 5435 3388 5506 βαστάζοντας,
3422 5442 3627 5512 δακρυά
3659 5456 3709 5490 τε
3752 5437 3835 5489 καὶ

2279 5528 2621 5594 στεναγμοὺς
2655 5527 2747 5578 καὶ
2774 5527 2899 5580 νοῦν
2927 5530 3099 5594 θείαις
3130 5532 3379 5603 φροντίσι
3414 5535 3509 5588 καὶ
3540 5533 3721 5592 ἐλπίσι,
3751 5532 3836 5584 καὶ

2275 5619 2342 5688 τῇ
2389 5618 2582 5689 Τριάδι
2627 5621 3171 5695 λελαμπρυσμὲνους,
3212 5631 3279 5699 τῇ
3314 5632 3633 5701 ἐπουρανίῳ,
3662 5630 3720 5696 τῇ
3754 5645 3833 5697 με·

2275 5712 2520 5783 γνυμένῃ
2542 5717 2652 5779 τοῖς
2675 5715 2956 5788 καθαροῖς.
