3910 6456
61 374 203 439 1125

1403 385 1643 446 SACRA
1681 387 1769 446 PA
1781 389 2118 450 RALLELA

3191 412 3330 478 ll'26

124 495 290 563 οἴμοι
336 492 528 547 τούτου
580 492 676 547 τοῦ
710 493 830 564 βίου
880 492 1107 563 βλάϐαις
1154 495 1601 568 ἐπιμηκεστέραν

1818 498 2010 568 Ejusd.
2035 516 2183 555 carm
2213 502 2279 558 de
2305 513 2413 560 ext.
2441 505 2587 562 hom.
2618 509 2850 568 vilitate.
2883 545 2932 556 —
2986 516 3130 573 Proh
3157 523 3327 579 vitam

53 589 158 652 ἕως
193 589 337 650 τίνος
360 588 552 661 κόπρῳ
579 586 1062 660 παρακαθέζομαις

118 772 224 836 Τίς
256 772 399 841 βίος;
426 772 555 825 ποία
574 770 719 843 {tot};
754 771 818 824 ἐκ
851 769 1022 841 τάφου
1051 771 1322 843 πηδήσας,
1358 770 1452 824 ἐπὶ
1476 770 1645 837 τάφον

51 867 219 922 πάλιν
264 865 466 920 ὁδεύων
487 880 501 894 ·
530 866 595 917 ἐκ
622 865 680 917 δὲ
713 863 807 918 τοῦ
875 864 1049 933 τάφου
1086 866 1251 920 πάλιν
1294 866 1354 919 ἐν
1384 865 1518 936 πυρὶ
1548 864 1639 919 θά-

49 975 262 1030 πτομαι
287 956 601 1026 ἀποτόμως.
630 955 771 1009 Αὐτὸ
793 955 850 1009 δὲ
894 955 1053 1009 τοῦτο
1078 956 1202 1009 ὅσον
1228 955 1504 1017 ἀναπνέω,
1544 972 1639 1007 πο-

49 1050 229 1124 ταμσῦ
258 1052 374 1104 ἐστι
404 1048 534 1121 ῥοῦς
559 1050 865 1119 τρέχοντος,
899 1048 985 1101 ἀεὶ
1008 1047 1389 1118 ἀπερχομένου
1424 1046 1521 1101 καὶ
1555 1050 1637 1115 ἑρ-

46 1146 281 1217 χομένου
303 1145 367 1196 ἐκ
388 1142 498 1195 τῶν
520 1140 723 1204 ὀπίσω,
757 1140 920 1193 πάλιν
945 1138 1163 1209 βέϐαιον
1186 1138 1350 1210 μηδὲν
1371 1138 1583 1209 ἔχοντος
1603 1138 1635 1209 ἢ

47 1236 335 1307 φέροντος·
365 1233 489 1286 ὅσον
523 1232 673 1295 κόνις
713 1230 1009 1301 ὀφθαλμοῖς
1043 1231 1456 1295 ἐπιπάσσουσα,
1488 1231 1637 1293 ὅπως

47 1328 113 1379 ἂν
171 1326 271 1380 τοῦ
324 1323 460 1379 Θεοῦ
508 1323 701 1394 πόρρω
754 1323 928 1376 πέσω.
958 1322 1220 1392 Παίγνιόν
1281 1323 1432 1376 ἐστιν
1476 1325 1506 1376 ό
1540 1322 1637 1377 ἄν·

49 1418 76 1469 θ
83 1433 295 1487 ρωπος.

126 1504 419 1573 ’Δλλήλους
449 1502 548 1574 μὲν
577 1502 674 1556 καὶ
700 1500 833 1570 ἐγὼ,
864 1502 959 1555 καὶ
990 1501 1019 1554 ὀ
1065 1500 1278 1572 χρόνος,
1308 1499 1384 1566 ὼς
1419 1500 1570 1573 ὅρνις
1597 1502 1630 1574 ἢ

47 1599 120 1660 ὡς
157 1596 322 1650 πλοῖα
380 1597 440 1649 ἐν
492 1594 721 1661 πελάγει
785 1594 1357 1666 άντιπαρατρέχομεν,
1412 1593 1631 1664 βέϐαιον

46 1690 192 1744 οὐδὲν
247 1688 485 1760 ἔχοντες.
540 1688 722 1759 Ὅπερ
761 1686 821 1741 δὲ
859 1686 1132 1759 ἥμαρτον,
1167 1686 1227 1740 οὐ
1271 1688 1628 1759 παρατρέχει,

46 1786 175 1841 ἀλλά
204 1783 517 1857 παραμένει
539 1783 609 1855 τῇ
639 1781 779 1854 ζωῇ.

118 1958 177 2011 '0
210 1956 494 2028 περίγειος
540 1955 718 2029 χῶρος
750 1955 861 2010 τῶν
887 1954 1241 2028 τρεπομένων
1270 1956 1364 2009 καὶ
1385 1956 1625 2012 ἀλλοιου-

49 2049 220 2119 μένων
258 2049 431 2103 ἐστίν.

120 2142 256 2207 Ἀεὶ,
288 2141 524 2212 μάλιστα
549 2142 606 2196 δέ
632 2141 728 2196 νῦν
757 2139 1015 2211 εὔκαιρον
1031 2143 1226 2197 εἰπεῖν⁸
1256 2161 1276 2195 ι
1308 2144 1623 2215 Ματαιότης

51 2232 444 2302 ματαιοτήτων,
475 2232 546 2286 τά
572 2232 753 2287 πάντα
781 2231 1100 2304 ματαιότης.
1136 2251 1155 2283 ι
1192 2232 1304 2287 Ποῦ
1332 2234 1364 2303 ή
1394 2233 1624 2306 λαμπρὰ

46 2324 134 2392 τῆς
183 2323 452 2386 ὑπατείας
497 2322 801 2395 περιϐολή;
854 2323 958 2377 ποῦ
1005 2324 1061 2377 δὲ
1105 2324 1164 2378 αί
1208 2324 1433 2395 φαιδραὶ
1477 2325 1620 2396 λαμ-

49 2414 230 2480 πάδεςς
258 2412 365 2469 ποῦ
388 2419 445 2468 ὁε
465 2416 516 2468 oi
549 2415 755 2484 κρότοι,
787 2416 883 2469 καὶ
910 2415 960 2468 οί
985 2415 1158 2488 χοροὶ,
1186 2416 1277 2469 καὶ
1307 2416 1363 2468 αἱ
1390 2416 1618 2478 θαλείαι.

49 2503 132 2554 καὶ
151 2503 209 2555 αί
236 2501 615 2573 πανηγύρεις;
640 2502 743 2555 ποῦ
784 2502 841 2555 δὲ
887 2504 937 2556 οί
983 2504 1260 2572 στέφανοι,
1295 2504 1387 2556 καὶ
1421 2505 1489 2557 τὰ
1517 2520 1622 2558 πα-

52 2594 446 2662 ραπετάσματα
470 2610 485 2658 ;
521 2593 623 2647 ποῦ
655 2593 712 2647 δὲ
741 2596 841 2665 τῆς
870 2593 1077 2657 πόλεως
1105 2596 1134 2647 ὁ
1164 2593 1412 2665 θόρυϐος,
1442 2595 1535 2649 καὶ
1560 2597 1619 2650 αἱ

48 2688 98 2739 ὲν
126 2686 517 2756 ἱπποδρομίαις
542 2686 831 2758 εὐφημίαι,
873 2686 968 2740 καὶ
1011 2686 1122 2741 τῶν
1174 2685 1419 2758 θεάτρων
1443 2687 1499 2739 αἱ
1529 2703 1622 2740 κο-

49 2779 283 2845 λακεῖαι;
313 2779 497 2833 Πάντα
522 2780 707 2831 ἐκεῖνα
740 2778 986 2849 οἴχεται·
1014 2779 1108 2833 καὶ
1150 2779 1352 2848 ἄνεμος
1380 2778 1620 2845 πνεύσας

48 2871 268 2940 ἁθρόως,
306 2870 375 2923 τὰ
409 2871 508 2940 μὲν
532 2869 708 2939 φύλλα
731 2870 1051 2935 κατέϐαλεν,
1084 2870 1293 2941 γυμνὸν
1316 2872 1375 2925 δὲ
1403 2872 1536 2943 ἡμῖν
1558 2873 1620 2926 τὸ

49 2962 250 3033 δένδρον
286 2960 590 3027 ἀπέδειξεν,
626 2962 723 3015 καὶ
763 2960 871 3015 ἀπὸ
903 2962 1004 3032 τῆς
1051 2962 1208 3034 ῥίζης
1238 2961 1405 3031 αὐτῆς
1435 2962 1619 3016 λοιπὸν

51 3053 419 3125 σαλευόμενον.
434 3051 670 3124 Τοιαύτη
693 3052 802 3123 γὰρ
822 3054 857 3124 ἡ
875 3052 968 3106 τοῦ
993 3052 1305 3125 πνεύματος
1323 3053 1617 3126 προσϐολὴ,

1749 588 1894 645 hanc
1924 593 2192 648 malorum
2229 597 2377 652 serie
2429 599 2815 668 prolixiorem!
2853 609 3096 676 quandiu
3125 614 3331 670 sedebo

1748 680 1802 734 in
1826 684 2108 739 stercore?

1806 770 1959 839 Quae,
1993 775 2284 849 qualisque
2313 779 2427 837 haec
2454 783 2565 840 vita
2596 787 2708 843 est?
2730 803 2794 842 ex
2823 792 3035 847 tumulo
3056 796 3327 852 tumulum

1744 878 1965 919 rursum
2018 874 2145 935 peto
2181 887 2195 924 :
2226 884 2561 945 rursumque
2609 892 2677 932 ex
2738 880 2953 935 tumulo
2990 881 3045 937 in
3076 884 3202 955 igne
3232 902 3325 941 se-

1741 969 1871 1046 vera
1925 955 2133 1026 judicis
2190 965 2468 1019 sententia
2521 968 2786 1023 tumulor.
2829 970 2886 1025 ld
2942 973 3123 1043 ipsum
3175 978 3324 1046 quod

1742 1044 1915 1115 spiro,
1973 1049 2124 1105 velut
2173 1054 2354 1110 amnis
2386 1056 2774 1128 rapidissimus
2798 1071 2883 1115 est
2907 1066 3000 1133 qui
3031 1081 3155 1120 cum
3195 1044 3326 1123 sur-

1742 1152 1864 1191 sum
1896 1141 2206 1207 exoriatur,
2276 1147 2344 1198 ad
2370 1147 2475 1200 ima
2507 1164 2730 1220 semper
2748 1150 2868 1207 ﬂuit
2896 1154 3026 1224 :qui
3058 1157 3196 1213 nihil
3229 1158 3324 1213 tir-

1739 1242 1888 1321 tnnm
1938 1231 2157 1300 habeat,
2188 1251 2290 1291 nec
2315 1236 2491 1293 lerat:
2526 1240 2701 1297 instar
2742 1252 2827 1299 est
2856 1246 3154 1314 pulvisculi
3223 1252 3321 1321 qui

1738 1317 1792 1371 in
1820 1322 2016 1376 oeulos
2049 1340 2201 1380 meos
2232 1330 2529 1398 spargitur,
2554 1339 2611 1385 ut
2642 1336 2884 1403 procula
2916 1336 3029 1393 Deo
3048 1317 3321 1398 excidant.

1738 1408 2089 1478 Ludibrium,
2119 1417 2282 1471 homo
2321 1430 2428 1475 est.

1806 1500 1999 1571 Ejuzd.
2025 1523 2193 1562 carm.
2224 1509 2280 1572 Ξ,
2314 1509 2387 1565 De
2411 1512 2551 1567 Item.
2598 1526 2710 1571 nat.
2735 1518 2963 1589 frngilit.
2988 1551 3057 1563 --
3079 1522 3321 1594 Tempus

1734 1606 1858 1661 ego,
1915 1609 2003 1648 me
2032 1606 2252 1667 tempus
2308 1600 2553 1657 vicissim
2612 1609 2877 1673 praeterit,
2915 1626 3018 1664 ceu
3052 1614 3316 1677 volucris,

1734 1697 1834 1737 ceu
1870 1686 2026 1741 navis
2058 1688 2129 1741 im
2167 1691 2325 1754 mari,
2364 1703 2421 1744 ut
2463 1694 2602 1749 nihil
2639 1706 2794 1753 stans
2827 1699 3102 1771 fixumque
3131 1713 3319 1758 tenea-

1747 1790 1890 1829 mus.
1922 1778 2075 1840 Quod
2100 1788 2280 1834 autem
2308 1782 2505 1838 admisi
2557 1788 2858 1855 peccando,
2892 1791 2996 1847 hoc
3035 1809 3314 1864 nunquam

1740 1868 2006 1934 prmterit,
2040 1869 2159 1932 sed,
2193 1870 2323 1925 dum
2353 1873 2465 1927 vita
2490 1879 2749 1946 suppetit,
2771 1890 2975 1935 manet.

1816 1957 1968 2028 (ἶνες.
2024 1958 2555 2030 Nyss.—Terrcna
2609 1970 2760 2040 regio
2817 1986 3009 2026 eorum
3049 1983 3134 2030 est
3192 1991 3316 2046 qua:

1726 2050 2015 2103 mutationi
2049 2060 2101 2105 et
2129 2055 2482 2109 conversioni
2512 2057 2779 2113 obnoxia.

1795 2138 2073 2209 Chrysost.
2106 2143 2250 2199 hom.
2278 2147 2402 2200 adv.
2442 2146 2741 2217 Eutrop.—
2766 2151 2902 2207 Cum
2935 2170 3169 2226 semper,
3199 2168 3313 2212 tum

1725 2246 1868 2285 nunc
1896 2235 2204 2301 praesertim
2254 2242 2639 2309 tempestivum
2668 2251 2754 2298 est
2775 2244 2959 2300 dicere
2991 2261 3005 2297 :
3040 2266 3058 2297 ι
3087 2246 3313 2303 Vanitas

1723 2320 2025 2375 vanitatum
2057 2331 2110 2376 et
2130 2324 2310 2378 omnia
2333 2328 2551 2384 vanitas
2577 2328 2789 2399 (Eccle.
2824 2349 2861 2398 ι,
2888 2333 3011 2402 2).»
3044 2334 3144 2391 Ubi
3176 2352 3314 2406 prae-

1722 2410 1869 2469 clara
1933 2415 2254 2472 consulatus
2309 2419 2645 2489 amplitudo?
2697 2421 2785 2477 ubi
2838 2424 2945 2478 lata
2998 2425 3310 2496 lampadutn

1721 2502 2111 2559 collustratio?
2139 2506 2231 2561 ubi
2272 2509 2540 2577 plausus?
2577 2512 2669 2567 ubi
2730 2514 2926 2568 chori?
2985 2516 3078 2570 ubi
3131 2518 3309 2572 festivi

1720 2593 2072 2665 celebresque
2135 2601 2479 2655 conventus?
2507 2601 2600 2657 ubi
2663 2617 2881 2659 corona:
2906 2614 2959 2660 et
2982 2607 3194 2661 anima?
3226 2610 3307 2663 ci-

1700 2684 1910 2740 ‘vitatis
1939 2688 2237 2754 tumultus,
2268 2697 2323 2743 et
2348 2690 2643 2759 populares
2680 2692 2733 2746 in
2758 2710 3026 2765 equorum
3052 2699 3308 2754 cursibus

1721 2776 2182 2835 acclamationes?
2211 2781 2302 2835 ubi
2336 2782 2620 2838 theatricae
2679 2786 3070 2843 adulationes?
3103 2798 3306 2845 cuncta

1720 2866 1837 2921 haac
1886 2869 2288 2926 abscesserunt
2319 2886 2334 2923 :
2372 2886 2437 2926 ac
2498 2876 2821 2943 repentinus
2842 2880 3179 2945 ventillatns,
3211 2897 3308 2936 ex-

1719 2960 1900 3014 cussis
1932 2960 2076 3017 foliis
2111 2963 2312 3016 nudam
2353 2965 2519 3020 nobis
2554 2966 2810 3022 arborem
2844 2972 3109 3035 ostendit,
3145 2980 3199 3027 et
3236 2978 3307 3028 ad

1723 3049 1874 3121 ipsos
1927 3068 2101 3122 usque
2159 3055 2376 3109 radices
2406 3065 2753 3126 quassatam.
2810 3058 2987 3114 Tanto
3024 3064 3170 3117 enim
3202 3064 3305 3118 im-

49 3146 114 3211 ὠς
149 3147 240 3202 καὶ
283 3146 583 3218 πρόρριζον
613 3146 858 3199 ἀπειλεῖν
903 3146 1175 3217 ἁνασπᾷν,
1210 3146 1302 3199 καὶ
1326 3145 1468 3199 αὐτὰ
1498 3145 1615 3200 δια-

1731 3149 1846 3212 petu
1910 3152 2108 3200 ventus
2143 3143 2411 3212 incubuit,
2445 3158 2504 3202 ut
2536 3163 2655 3203 eam
2685 3164 2821 3219 pene
2847 3152 3112 3210 radicitus
3147 3156 3304 3210 evul-

50 3236 300 3290 σαλεῦσαι
324 3235 418 3289 τοῦ
444 3235 662 3307 δένδρου
692 3235 761 3289 τά
784 3234 972 3307 νεῦρα.
997 3236 1108 3290 Ποῦ
1134 3235 1229 3289 νῦν
1259 3236 1307 3288 οἱ
1335 3236 1614 3307 πεπλανη-

1731 3234 1871 3300 terit,
1904 3236 2164 3307 ipsasque
2215 3236 2380 3293 fibras
2454 3239 2571 3308 jam
2630 3242 2996 3299 labefactarit.
3026 3244 3129 3301 Ubi
3159 3262 3307 3303 nunc
3381 3276 3386 3281 ~

52 3328 187 3397 μένοι
222 3328 408 3398 φίλοι;
433 3325 536 3380 ποῦ
576 3327 633 3380 δὲ
678 3326 748 3380 τὰ
804 3330 1125 3397 προσωπεῖα
1175 3328 1285 3381 τῶν
1326 3326 1613 3393 κολάκων;

49 3419 138 3472 ποῦ
171 3420 237 3474 τά
281 3420 560 3488 συμπόσια
603 3420 695 3473 καὶ
729 3418 797 3474 τὰ
836 3420 1044 3485 δεῖπνα,
1083 3420 1176 3472 καὶ
1219 3421 1247 3472 ό
1284 3418 1393 3473 τῶν
1436 3436 1616 3490 παραο

50 3514 193 3566 σίτων
228 3514 423 3583 ἐσμὸς,
459 3514 557 3566 καὶ
586 3514 652 3565 δι’
679 3511 809 3582 ὅλης
838 3513 1051 3584 ἡμέρας
1089 3511 1415 3582 ἐκχεόμενος
1442 3511 1616 3581 ἄκρα-

49 3620 146 3669 τος,
183 3604 282 3656 καὶ
324 3605 381 3657 αἱ
419 3603 661 3656 ποικίλαι
703 3605 813 3656 τῶν
859 3602 1138 3673 μαγείρων
1184 3604 1392 3671 τέχναι,
1434 3601 1527 3653 καὶ
1564 3601 1615 3653 οἱ

48 3698 132 3766 τῆς
182 3695 504 3758 δυναστείας
557 3693 921 3765 θεραπευταί;
953 3696 1003 3746 οἱ
1039 3694 1218 3746 πάντα
1269 3692 1407 3763 πρὸς
1457 3692 1616 3762 χάριν

50 3788 319 3851 ποιοῦντες
354 3787 447 3841 καὶ
475 3786 763 3857 λέγοντες;
795 3787 912 3853 Νὺξ
950 3783 1019 3857 ἦν
1065 3787 1244 3841 πάντα
1291 3786 1474 3838 ἐκεῖνα
1522 3783 1618 3838 καὶ

49 3879 184 3950 ὄναρ,
240 3880 343 3934 καὶ
401 3880 617 3953 ἡμέρας
669 3878 973 3950 γενομένης
1020 3876 1318 3949 ἠφανίσθη.
1349 3875 1518 3947 Ἀνθη
1550 3872 1617 3947 ἦν

48 3971 246 4041 ἐαρινὰ,
323 3970 419 4024 καὶ
464 3969 834 4041 παρελθόντος
872 3968 967 4021 τοῦ
1017 3967 1179 4038 ἔαρος
1225 3967 1443 4021 ἅπαντα
1488 3984 1619 4021 κατ-

48 4064 323 4135 εμαράνθη
346 4079 358 4093 ⁸
381 4063 511 4117 σκιὰ
529 4058 619 4133 ἧν,
649 4063 745 4116 καὶ
772 4061 1141 4133 παρέδραμενυ
1173 4060 1380 4123 καπνὸς
1405 4055 1495 4131 ἦν,
1524 4060 1618 4113 καὶ

47 4154 246 4226 διελύθη
262 4173 279 4188 ·
313 4154 663 4225 πομφόλυγες
686 4149 845 4224 ἦσαν,
874 4153 965 4206 καὶ
983 4151 1352 4224 διεῤῥάγησαν
1372 4166 1384 4181 ·
1404 4153 1615 4223 ἀράχνη

46 4240 124 4316 ἦν,
146 4249 241 4299 καὶ
267 4244 596 4314 διεσπάσθη.
626 4244 717 4296 Διὸ
734 4242 896 4297 πάλιν
928 4242 1027 4313 τὴν
1047 4242 1425 4313 πνευματικὴν
1447 4242 1619 4296 ταῦτα

48 4338 245 4409 ἐπῳδὴν
287 4338 607 4408 ἐπάγωμεν,
645 4336 885 4406 συνεχῶς
927 4335 1207 4403 λέγοντες’
1252 4354 1270 4386 t
1306 4334 1619 4405 Ματαιότης

52 4430 436 4502 ματαιοτήτων,
463 4430 533 4485 τά
563 4429 741 4484 πάντα
777 4430 1094 4501 ματαιότης.
1128 4448 1147 4481 ι
1172 4428 1390 4499 Ταύτην
1409 4431 1508 4501 τὴν
1532 4430 1622 4500 ῥῆ-

1719 3333 1850 3383 sunt
1870 3325 1949 3378 illi
1975 3326 2140 3381 fucati
2164 3327 2367 3382 amici?
2389 3328 2478 3382 ubi
2492 3329 2654 3400 322
2672 3341 3075 3389 assentatorum
3106 3337 3151 3390 la
3163 3339 3307 3393 rvat?

1721 3414 1813 3469 ubi
1886 3430 2059 3470 οωηεε
2092 3427 2147 3471 et
2200 3418 2476 3481 convivia,
2537 3435 2604 3475 ac
2667 3425 3035 3491 parasitorum
3066 3431 3305 3499 greges?

1722 3507 1816 3561 ubi
1856 3507 2048 3563 vinum
2079 3525 2177 3579 per
2206 3518 2383 3564 totum
2421 3512 2566 3566 diem
2600 3514 2976 3571 exhaustum?
3013 3519 3104 3573 ubi
3149 3522 3300 3575 varia

1721 3613 1990 3656 cocorum
2053 3602 2361 3658 lenocinia?
2393 3606 2486 3661 ubi
2527 3609 2821 3676 potestatis
2880 3610 3145 3675 cultores,
3175 3613 3303 3681 qui-

1720 3704 1827 3759 que
1861 3691 2045 3746 omnia
2086 3695 2429 3764 aucupandaz
2471 3697 2662 3766 gratia:
2710 3712 2901 3763 causa,
2941 3706 3057 3752 tum
3108 3700 3303 3770 loque-

1721 3782 1944 3848 bantur,
2012 3784 2125 3839 tum
2158 3785 2473 3842 faciebant?
2529 3773 2646 3842 Nox
2706 3789 3093 3861 somniumque
3145 3802 3304 3846 erant

1721 3874 1907 3928 isthaec
1933 3876 2140 3941 omnia,
2168 3884 2223 3931 et
2247 3877 2566 3933 adveniente
2594 3878 2717 3933 luce
2739 3893 3102 3935 evanuerunt.
3136 3882 3299 3935 Vcrni

1722 3964 1888 4021 flores
1920 3977 2102 4032 erant,
2128 3976 2183 4021 et
2218 3978 2414 4022 exacto
2465 3985 2595 4024 vere
2622 3980 3034 4024 emarcnerunt.
3093 3969 3298 4025 Umbra

1721 4066 1901 4122 erant,
1947 4066 2001 4111 et
2059 4057 2417 4113 diﬁluxerunt
2448 4077 2461 4113 :
2494 4059 2678 4115 fumus
2705 4097 2722 4124 ,
2767 4069 2821 4114 et
2874 4060 3085 4130 dilapsa
3126 4069 3298 4127 sunt;

1723 4149 1887 4203 bulla:
1912 4189 1929 4216 ,
1984 4163 2048 4204 ac
2076 4149 2302 4220 dirupta
2337 4158 2468 4207 sunt
2503 4168 2516 4203 :
2551 4166 2769 4206 araneae
2805 4152 2955 4217 telae,
2987 4161 3041 4205 et
3071 4152 3300 4221 disjecta

1723 4254 1874 4299 sunt.
1931 4241 2206 4308 Quocirca
2264 4244 2611 4313 spiritualem
2648 4244 2793 4301 hanc
2833 4244 3046 4315 epoden
3102 4246 3298 4298 iterum

1723 4336 2143 4401 subnectamus,
2210 4336 2548 4405 assidueque
2606 4346 2921 4405 repetamus
2958 4351 2972 4387 :
3016 4354 3034 4387 ι
3073 4334 3301 4390 Vanitas

1723 4429 2050 4491 vanitatum,
2082 4438 2137 4482 et
2175 4429 2359 4482 omnia
2389 4428 2626 4483 vanitas.
2654 4448 2673 4481 ι
2715 4428 2826 4483 lloe
2866 4428 3071 4482 dictum
3106 4428 3157 4481 in
3191 4442 3303 4496 pa-

54 4542 144 4587 σιν,
178 4526 272 4579 καὶ
305 4526 361 4577 ἐν
390 4522 609 4594 τοίχοις,
643 4522 738 4576 καὶ
765 4522 823 4575 ἐν
861 4523 1116 4592 ἱματίοις,
1158 4521 1255 4575 καὶ
1280 4522 1340 4574 ἐν
1369 4521 1618 4595 ἀγοραῖς⁹

1731 4518 1976 4583 rictibus,
2012 4518 2067 4571 in
2092 4516 2237 4582 foro,
2271 4517 2327 4571 in
2357 4519 2588 4579 aedibus,
2610 4519 2664 4572 in
2684 4518 2808 4581 viis,
2832 4519 2883 4571 in
2906 4518 3111 4585 januis,
3149 4516 3201 4569 in
3228 4517 3303 4569 itt-

52 4618 135 4669 καὶ
154 4620 209 4670 ἐν
229 4616 454 4680 οἰκίαις,
472 4615 566 4669 καὶ
581 4616 640 4667 ἐν
660 4614 821 4678 ὁδοῖς,
846 4613 940 4668 καὶ
965 4616 1021 4667 ἐν
1044 4612 1256 4685 θύραις,
1299 4614 1395 4667 καὶ
1419 4616 1476 4667 ἐν
1503 4615 1618 4667 εἱσ-

50 4709 195 4772 όδοις,
227 4709 328 4763 καὶ
356 4710 414 4761 ἐν
440 4704 663 4772 ἐξόδοις,
696 4706 791 4760 καὶ
820 4705 926 4777 πρὸ
955 4706 1172 4758 πάντων
1197 4706 1254 4757 ἐν
1280 4704 1360 4775 τῷ
1388 4705 1617 4758 ἑκάστου

51 4802 304 4856 συνειδότι
334 4800 576 4870 συνεχῶς
604 4798 986 4870 ἐγγεγράφθαι
1020 4798 1148 4863 ἔδει,
1180 4797 1274 4851 καὶ
1303 4796 1392 4850 διὰ
1419 4796 1620 4859 παντὸς

48 4893 202 4964 αὐτὴν
250 4893 510 4965 μελετᾷν.
551 4892 769 4963 Ἐπειδὴ
821 4890 992 4963 πολλὴ
1047 4890 1156 4944 τῶν
1206 4888 1548 4959 πραγμάτων
1584 4889 1618 4959 ἡ

47 4985 241 5057 ἀπάτη,
266 4987 365 5040 καὶ
387 4985 458 5039 τὰ
482 4986 825 5058 προσωπεῖα,
866 4985 960 5037 καὶ
984 4985 1018 5051 ἠ
1047 4982 1360 5050 ὑπόκρισις,
1391 4980 1622 5053 ἀλήθειά

47 5093 119 5139 τις
172 5077 331 5150 παρὰ
391 5078 505 5140 τοῖς
560 5076 778 5141 πολλοῖς
832 5071 973 5130 εἶναι
1028 5074 1201 5138 δοκεῖ,
1260 5072 1436 5126 ταῦτα
1495 5071 1620 5125 καθ’

48 5169 273 5238 ἑκάστην
301 5168 538 5240 ἡμέραν,
566 5169 662 5222 καὶ
700 5169 760 5221 ἐν
789 5166 1011 5237 δείπνῳ,
1048 5166 1145 5220 καλ⁸
1177 5167 1235 5218 ἐν
1264 5164 1495 5235 ἀρίστῳ,
1525 5163 1622 5217 καὶ

48 5257 97 5307 ὲν
127 5259 403 5327 συλλόγοις
449 5257 725 5327 ἐπιλέγειν
752 5257 985 5312 ἕκαστον
1025 5256 1103 5327 τῷ
1139 5254 1370 5325 πλησίον
1420 5253 1617 5325 ἐχρῆν,

48 5352 132 5404 καὶ
160 5356 314 5425 παρά
346 5353 439 5407 τοῦ
473 5352 704 5423 πλησίον
728 5350 968 5415 ἀκούειν,
1000 5350 1082 5403 ὅτι
1114 5368 1132 5401 ι
1169 5347 1485 5418 Ματαιότης
1512 5362 1620 5417 μα-

47 5446 354 5517 ταιοτήτων,
392 5446 463 5499 τὰ
498 5444 679 5499 πάντα
718 5443 1034 5513 ματαιότης.
1080 5462 1100 5495 ι
1132 5443 1246 5496 Ούκ
1274 5442 1460 5510 ἔλεγον
1492 5457 1619 5493 συν-

48 5537 195 5605 εχῶς,
253 5537 336 5591 ὅτι
381 5537 659 5609 δραπέτης
706 5538 734 5590 ὁ
788 5534 1055 5600 πλοῦτοςς
1108 5534 1172 5587 σὺ
1223 5533 1281 5613 δέ
1325 5532 1484 5603 ἡμῶν
1521 5531 1621 5584 οὐκ

48 5629 227 5701 ὴνὲχου
250 5646 264 5659 ’
300 5630 400 5685 οὐκ
437 5630 646 5699 ἔλεγον,
669 5630 752 5683 ὅτι
776 5625 1051 5698 ἀγνώμων
1080 5627 1227 5679 ἐστὶν
1267 5624 1519 5695 οἰκέτης;
1554 5623 1619 5675 σὺ

50 5719 97 5770 is
124 5722 222 5774 οὐκ
252 5720 482 5791 ἠϐούλου
530 5721 842 5775 πείθεσθαι.
886 5718 1018 5773 Ἰδοὺ
1045 5719 1105 5771 σὲ
1132 5717 1241 5772 τῶν
1272 5716 1621 5787 πραγμάτων

52 5811 278 5881 ἐδίδαξεν
328 5817 360 5888 ἡ
417 5815 610 5888 πεῖρα*
670 5815 752 5869 ὅτι
804 5814 863 5868 οὗ
937 5813 1211 5886 δραπέτης
1270 5810 1450 5883 μόνον,
1501 5810 1621 5864 οὐδὲ

1719 4627 1937 4683 gressu,
1957 4623 2009 4665 et
2032 4612 2084 4663 in
2103 4625 2350 4680 egressu,
2370 4619 2423 4663 et
2441 4619 2565 4663 ante
2584 4610 2767 4661 omnia
2791 4610 2844 4660 in
2868 4606 3302 4676 uniuscujusque

1719 4703 2065 4758 conscientia
2104 4715 2387 4769 nunquam
2415 4716 2523 4753 non
2564 4699 2887 4767 inscriptum
2917 4714 3040 4752 esse
3062 4708 3299 4767 oportet,

1720 4797 1863 4865 quod
1886 4802 2150 4865 perpetuo
2181 4792 2529 4847 meditemur.
2550 4792 2749 4861 Ingens
2775 4790 2974 4859 quippe
2991 4805 3172 4844 rerum
3198 4790 3302 4843 fal-

1720 4884 1861 4940 lacia
1900 4891 2006 4949 est,
2039 4893 2095 4938 et
2121 4885 2287 4937 larva:
2313 4898 2377 4938 ac
2399 4883 2677 4938 simulatio
2706 4882 2850 4955 apud
2874 4881 3164 4951 plerosque
3184 4896 3303 4950 spe«

1720 4975 1858 5031 ciem
1876 4975 2127 5030 veritatis
2156 4984 2376 5045 gerunt.
2404 4974 2537 5029 Illud
2562 4975 2615 5029 in
2642 4989 2801 5029 cauta
2818 4982 2871 5029 et
2896 4975 2949 5027 in
2973 4974 3224 5043 prandio,
3247 4980 3303 5028 et

1722 5068 1777 5122 in
1808 5070 2174 5123 conventibus
2232 5069 2471 5136 quisque
2506 5066 2672 5122 debet
2718 5066 2967 5136 proximo
3020 5066 3296 5129 cecinere,

1720 5177 1785 5216 ac
1858 5175 2052 5215 rursus
2075 5159 2219 5213 idem
2255 5175 2283 5212 a
2327 5160 2577 5229 proximo
2616 5157 2807 5212 audire
2845 5176 2859 5211 :
2893 5175 2910 5207 ι
2946 5155 3171 5209 Vanitas
3201 5170 3299 5207 va-

1721 5254 1986 5319 nitatum,
2044 5264 2098 5307 et
2124 5252 2309 5307 omnia
2337 5253 2571 5306 vanitas.
2600 5270 2619 5301 ι
2653 5252 2851 5304 Annon
2891 5246 3117 5302 assidue
3143 5246 3301 5300 dice-

1723 5349 1851 5405 bant
1905 5346 2167 5417 fugitives
2200 5362 2326 5402 esse
2383 5344 2648 5400 divitias?
2688 5341 2768 5395 Tn
2804 5356 2933 5395 vero
2964 5337 3157 5392 audire
3191 5352 3299 5391 non

1720 5442 2056 5499 Snsdnebas.
2107 5443 2305 5494 Annon
2332 5440 2709 5508 casiugratutn
2737 5448 2858 5488 esse
2892 5432 3154 5486 famulum
3190 5431 3300 5485 aie--

1722 5534 1889 5589 bam?
1938 5543 1994 5587 tu
2029 5548 2157 5588 vero
2189 5532 2322 5586 mihi
2360 5530 2521 5584 fidem
2552 5526 2815 5580 adhibere
2866 5524 3185 5578 recnsabas.
3223 5521 3301 5577 En

1720 5636 1897 5683 tumet
1940 5629 2062 5698 ipso
2106 5642 2290 5682 rerum
2337 5622 2718 5692 experimento
2763 5616 3032 5679 didicisti,
3064 5631 3162 5671 cas
3193 5631 3303 5671 non

1723 5722 2232 5793 modo'fngitivnm
2290 5726 2344 5773 et
2392 5710 2663 5785 ingratum
2729 5726 2948 5768 servum
3003 5726 3149 5771 esse.
3206 5707 3304 5763 sed

1722 5816 1886 5870 etiam
1936 5815 2275 5871 carnificem.
2338 5808 2445 5862 ιιιω
2535 5805 2802 5874 siquidem
2859 5803 3183 5866 clh-cerunt,
3243 5807 3305 5854 ut
