3910 6424
130 361 156 400 ¹
173 360 276 426 129

124 471 221 545 ἠν,
250 474 466 531 καὶτοῦ
497 479 862 553 νεκρωθέντος
910 482 1058 550 ἅπαξ
1098 485 1252 540 οὐδὲν
1305 489 1528 560 ἄμεινον
1587 490 1705 544 δια-

123 568 405 638 κείμενον.
428 571 649 637 κτύπος
668 573 726 628 δὲ
740 574 849 629 τῶν
883 576 1131 645 ὀδόντων,
1159 580 1254 633 καὶ
1281 582 1545 650 πάταγος,
1606 585 1700 638 καὶ

119 660 330 730 τρόμος
355 662 452 717 τοῦ
490 664 692 729 παντὸς
745 666 1029 738 σώματος,
1071 673 1167 726 καὶ
1199 674 1353 745 φωνὴ
1404 675 1698 731 διακοπτο-

122 750 289 820 μένη,
315 752 411 804 καὶ
434 752 659 821 γλῶσσα
684 755 1065 834 διαλελυμένη,
1096 761 1191 816 καὶ
1215 764 1423 834 σχῆμα,
1454 761 1566 819 οἷον
1602 766 1698 820 καὶ

118 840 335 915 λιθίνην
398 844 575 919 ψυχὴν
596 848 757 919 τῆξαι
805 851 1121 925 δυνάμενον.
1180 857 1289 910 Καὶ
1335 857 1511 913 ταῦτα
1554 857 1696 927 λέγω

116 936 225 991 οὐκ
255 938 552 1005 ὀνειδίζων,
596 942 717 996 οὐδὲ
752 943 1101 1016 ἐπεμϐαίνων
1127 951 1195 1020 τῇ
1228 952 1502 1022 συμφορᾷ,
1558 950 1697 1004 ἀλλά

116 1030 222 1100 τὴν
243 1031 517 1103 ὑμετέραν
546 1034 788 1090 διάνοιαν
830 1038 1065 1109 μαλάξαι
1118 1040 1461 1112 βουλόμενος,
1488 1043 1583 1096 καὶ
1615 1042 1693 1106 είς

115 1122 272 1177 ἔλεον
305 1125 731 1183 ἐπισπάσασθαι.
759 1129 916 1194 Τίνος
943 1130 1129 1186 ἕνεκεν
1172 1136 1497 1204 ἀγανακτεῖς
1527 1153 1542 1202 ;
1570 1136 1691 1189 Ὀτι

111 1215 208 1287 δὴ,
262 1219 447 1288 φησιν,
494 1221 576 1284 εἰς
610 1220 935 1292 Ἐκκλησίαν
983 1225 1292 1294 κατέφυγεν
1318 1228 1347 1280 ό
1377 1226 1691 1298 πολεμήσας

111 1307 295 1378 αὐτὴν
321 1308 607 1379 διηνεκῶς.
638 1312 739 1367 Διά
790 1312 947 1368 τοῦτο
1003 1315 1241 1386 μάλιστα
1293 1316 1542 1384 δοξάζειν
1583 1319 1690 1390 χρὴ

109 1399 211 1451 τὸν
230 1400 386 1466 Θεὸν,
420 1403 504 1457 ὅτι
526 1404 737 1475 ἀφῆκεν
763 1406 926 1461 αὑτὸν
947 1410 1027 1473 είς
1061 1409 1328 1483 τοσαύτην
1356 1412 1689 1484 καταστῆναι

106 1491 388 1562 ἀνάγκην,
417 1493 558 1548 ῶστε
587 1497 683 1550 καὶ
700 1496 800 1569 τὴν
822 1497 1049 1570 δύναμιν
1070 1502 1171 1572 τῆς
1209 1501 1555 1574 Ἐκκλησίας.
1594 1505 1691 1557 καὶ

105 1586 217 1655 τὴν
251 1585 665 1657 φιλανθρωπίαν
693 1589 908 1661 μαθεῖν.
943 1593 1020 1647 οι
1045 1596 1511 1667 μνησικακήσασα
1544 1596 1687 1669 ὑπὲρ

104 1676 224 1729 τῶν
248 1677 579 1749 ἔμπροσθεν,
610 1680 747 1736 ἀλλά
773 1683 901 1747 τοὺς
933 1684 1167 1749 κόλπους
1190 1687 1358 1757 αὐτῆς
1388 1687 1687 1742 άπλὼσασα

102 1768 216 1839 τῆς
241 1770 642 1842 φιλοστοργίας.
674 1772 846 1829 Τοῦτο
894 1776 1157 1848 τροπαίου
1185 1777 1383 1842 παντὸς
1435 1778 1683 1849 λαμπρό-

99 1878 269 1933 τερον
291 1878 306 1893 ·
336 1863 495 1918 τοῦτο
529 1865 798 1937 Ἕλληνας
856 1869 1112 1941 ἐντρέπει
1150 1886 1165 1900 ο
1207 1871 1367 1924 τοῦτο
1405 1871 1687 1935 Ἰουδαίους

100 1954 490 2025 καταισχύνει,
518 1956 712 2012 δτιτὸν
755 1959 1012 2031 πολέμιον
1055 1962 1400 2032 αἰχμάλωτον
1445 1963 1685 2017 λαϐοῦσα

100 2044 389 2114 φείδεται’
421 2048 516 2127 καὶ
562 2050 815 2123 καθάπερ
857 2052 1041 2126 μήτηρ
1095 2054 1450 2126 φιλόστοργος
1483 2054 1588 2108 ὑπὸ
1617 2055 1686 2110 τὰ

97 2141 591 2213 παραπετάσματα
615 2144 786 2215 αὐτῆς
816 2144 1075 2217 ἔκρυψεν,
1100 2147 1191 2199 καὶ
1223 2147 1357 2217 πρὸς
1400 2147 1684 2219 βασιλικὴν

94 2232 279 2305 ὀργὴν
313 2233 569 2307 ἀντέστη,
594 2237 689 2290 καὶ
711 2237 847 2305 πρὸς
868 2238 1042 2309 δήμου
1064 2238 1237 2309 θυμὸν
1290 2241 1386 2293 καὶ
1417 2240 1554 2311 πρὸς
1584 2241 1676 2309 μῖ-

96 2342 202 2390 σος
222 2326 518 2399 ἀφόρητον.
536 2328 708 2383 Τοῦτο
724 2329 819 2383 τοῦ
838 2329 1229 2402 θυσιαστηρίου
1258 2334 1486 2402 κόσμος.
1517 2333 1681 2397 Ποτος

93 2420 335 2490 κόσμος,
376 2420 532 2491 φησὶ,
558 2421 651 2476 τὸν
697 2422 889 2493 ἐναγῆ,
943 2423 1039 2479 καὶ
1068 2424 1424 2496 πλεονέκτην,
1464 2424 1561 2478 καὶ
1588 2423 1681 2496 ἆρ-

92 2526 259 2580 παγα
279 2511 392 2565 τῶν
429 2512 624 2568 κιόνων
655 2512 925 2569 ἅπτεσθαι
980 2514 1075 2570 τοῦ
1110 2514 1503 2587 θυσιαστηρίου
1534 2532 1551 2583 ;
1584 2515 1676 2586 Μὴ

88 2601 229 2670 λέγε
258 2602 433 2658 ταῦτα
465 2620 479 2633 ·
521 2605 644 2660 ἐπεὶ
689 2606 785 2659 καὶ
809 2607 843 2677 ή
877 2605 1052 2678 πόρνη
1098 2606 1279 2677 ἥψατο
1335 2587 1475 2661 τῶν’
1497 2605 1676 2661 ποδῶν

86 2695 193 2749 τοῦ
246 2695 422 2767 Ἰησοῦ
449 2699 483 2769 ή
527 2699 737 2771 σφόδρα
786 2698 985 2772 ἐναγὴς
1038 2698 1134 2753 καὶ
1187 2698 1518 2771 ἀκάθαρτος,
1577 2698 1676 2754 καὶ⁵

84 2790 197 2842 οὐκ
241 2786 313 2859 ἦν
340 2854 343 2859 ι
368 2790 621 2861 ἔγκλημα
662 2789 758 2844 τοῦ
791 2789 987 2862 Ἰησοῦ.
1016 2792 1093 2846 Οὐ
1136 2790 1248 2863 γάρ
1291 2791 1381 2846 τὸν
1432 2791 1673 2865 καθαρὸν

82 2883 778 2957 ἐϐλαπτενήάκάθαρτος,
841 2884 979 2939 ἀλλὰ
1018 2884 1118 2957 τὴν
1170 2885 1339 2955 ἐναγῆ
1402 2886 1610 2958 πόρνην
1642 2888 1671 2941 ὀ

82 2974 340 3044 καθαρὸς
375 2975 673 3046 εἰργάσατο
721 2976 952 3049 ἄμωμον
1005 2976 1097 3031 διὰ
1150 2976 1251 3049 τῆς
1295 2977 1439 3048 ἁφῆς
1475 2994 1489 3008 ·
1535 2977 1669 3050 μηδὲ

81 3068 539 3140 μνησικακήσῃς,
592 3068 872 3140 ἄνθρωπε,
925 3068 1159 3126 ἐκείνου.
1219 3069 1443 3125 οἰκέται
1499 3070 1669 3141 ἐσμὲν

77 3160 181 3214 τοῦ
222 3161 496 3215 Δεσπότου
516 3160 613 3216 τοῦ
638 3161 1076 3234 ἐσταυρωμένου,
1102 3161 1198 3215 τοῦ
1218 3160 1490 3233 λέγοντος⁹
1522 3161 1667 3218 ιΙΙά-
1692 3190 1737 3252 c

75 3272 211 3327 τερ,
245 3255 382 3323 ἄφες
407 3255 587 3319 αὐτοῖς
611 3270 624 3285 ·
660 3253 720 3308 οὐ
755 3254 866 3325 γάρ
888 3253 1062 3310 οἴδασι
1087 3254 1140 3309 τί
1169 3253 1439 3313 ποιοῦσιν.
1482 3273 1502 3308 ι
1522 3253 1664 3311 Ἀλλ’

70 3349 437 3418 ἀπετείχισεν
474 3348 573 3419 τὴν
608 3346 843 3401 ἐνταῦθα
869 3347 1192 3419 καταφυγὴν
1250 3348 1545 3419 γράμμασι
1572 3347 1666 3401 καὶ

69 3443 276 3513 νόμοις
297 3442 575 3513 διαφόροις
603 3457 617 3472 °
645 3440 763 3496 ἀλλ’
798 3440 910 3494 ἰδοὺ
938 3440 1028 3496 διά
1056 3441 1164 3495 τῶν
1210 3440 1387 3512 ἔργων
1435 3440 1661 3511 ἔμαθεν,

65 3536 225 3605 ὅπερ
248 3535 525 3607 ἐποίησεν,
560 3534 774 3589 καὶτὸν
823 3536 987 3607 νόμον
1037 3533 1197 3587 έλυσε
1243 3532 1461 3605 πρῶτος
1497 3532 1662 3597 αὐτὸς

62 3631 143 3685 δι’
168 3622 254 3682 ὧν
274 3628 495 3694 ἔπαθεν,
524 3631 622 3684 καὶ
650 3629 841 3699 γέγονε
884 3630 984 3701 τῆς
1036 3628 1362 3699 οἰκουμένης
1407 3627 1658 3699 θέατρον.

66 3725 193 3778 Καὶ
225 3721 395 3789 σιγῶν
422 3721 675 3775 ἐντεῦθεν
707 3721 902 3793 ἀφίησι
952 3720 1139 3792 φωνὴν
1191 3720 1396 3774 ἅπασιν
1451 3736 1659 3791 παραι-

62 3816 210 3877 νῶν,
238 3816 336 3867 καὶ
363 3814 566 3882 λέγων’
592 3813 684 3885 Μὴ
717 3813 909 3883 ποιῆτε
934 3811 1188 3878 τοιαῦτα,
1222 3812 1310 3865 ἵνα
1339 3810 1415 3882 μὴ
1447 3811 1657 3883 πάθητε

58 3906 329 3961 τοιαῦτα.
364 3907 474 3959 Καὶ
517 3906 835 3971 διδάσκαλος
870 3905 1146 3975 ἐνεδείχθη
1202 3904 1373 3973 σιγῶν
1422 3903 1511 3957 διὰ
1557 3904 1655 3974 τῆς

60 3999 390 4070 συμφορᾶς.
418 3999 527 4052 Καὶ
555 3997 878 4069 λαμπηδόνα
936 3996 1187 4068 μεγάλην
1248 3995 1443 4066 ἀφίησι
1467 3995 1528 4049 τδ
1560 3994 1654 4049 θυ-

55 4094 416 4162 σιαστήριον.
440 4090 555 4146 Νῦν
600 4090 840 4162 ,φοϐερὸν
897 4090 1152 4163 μάλιστα,
1182 4090 1265 4144 ὅτι
1319 4088 1412 4143 τὸν
1463 4088 1656 4143 λέοντα

50 4184 364 4253 δεδεμένον
394 4181 528 4253 ἔχει.
561 4183 674 4236 Καὶ
714 4180 965 4252 βασιλικῇ
996 4180 1165 4235 εἰκόνι
1224 4178 1399 4251 μέγας
1454 4177 1653 4247 γένοιτ’

49 4279 121 4329 ἂν
164 4275 413 4343 κόσμος-
456 4273 555 4345 οὐχ
578 4274 708 4327 ὅταν
740 4272 833 4326 ἐπὶ
857 4271 953 4325 τοῦ
989 4270 1182 4342 θρόνου
1239 4269 1477 4341 κάθηται
1519 4285 1653 4341 πορ-

48 4368 278 4441 φυρίδα
307 4364 792 4439 περιδεδλημένος,
839 4364 935 4418 καὶ
989 4363 1227 4433 διάδημα
1275 4364 1459 4433 μόνον,
1515 4362 1652 4416 ἀλλά

46 4470 151 4517 καὶ
208 4461 313 4515 ἐάν
361 4460 467 4513 ὑπὸ
507 4459 587 4514 τὼ
650 4454 915 4529 βασιλικὼ
968 4456 1097 4510 ποδὶ
1152 4455 1428 4527 Βάρδαροι
1474 4456 1650 4509 ὀπίσω

1312 377 1552 439 SACRA
1588 378 1932 441 PARALLE
1940 382 2051 443 LA.

3240 393 3376 458 1130

1735 506 1779 555 Α
1811 501 1869 547 ιιι
1902 493 2188 550 teterrima
2221 505 2383 553 nocte
2407 498 2807 570 circumfusus,
2843 518 3010 558 usura
3042 505 3368 565 luciscaret.

1804 583 1949 651 Quin
2012 587 2220 657 potius,
2275 591 2681 661 quantumlibet
2716 596 3192 664 contenderimus,
3221 602 3378 656 nullo

1804 684 1987 732 tamen
2029 694 2309 746 sermone,
2350 698 2515 753 quam
2568 683 2738 739 dubio
2776 689 2969 757 procul
3002 692 3377 760 perturbatio-

1797 782 1922 822 nem
1957 771 2253 835 sustineat,
2293 777 2594 843 poterimus
2649 780 2991 848 exprimere;
3030 791 3088 836 ut
3141 785 3233 853 qui
3259 786 3377 840 sin-

1797 861 1944 929 gulis
1976 861 2130 918 boris
2158 865 2268 921 hoc
2299 879 2608 941 exspectet,
2636 880 2692 925 ut
2725 873 2830 929 sibi
2850 884 3016 944 caput
3040 886 3372 947 amputetur.

1796 949 2072 1008 Hesterno
2096 957 2303 1027 quippe
2328 960 2440 1022 die,
2479 978 2601 1015 cum
2642 965 2910 1020 satellites
2941 982 3157 1031 venere,
3185 970 3278 1039 qui
3306 986 3375 1025 ex

1794 1042 2153 1114 imperatoris
2182 1052 2306 1105 aula
2352 1053 2574 1108 domum
2618 1055 2974 1123 abducerent,
3007 1060 3165 1129 isque
3197 1062 3251 1115 in
3281 1077 3375 1117 sa-
3448 1049 3456 1057 ’

1792 1135 2035 1191 crarium
2063 1141 2424 1213 profugisset,
2464 1145 2641 1202 buxea
2683 1155 2816 1203 tunc
2874 1149 3017 1206 facie
3049 1162 3190 1217 erat,
3234 1156 3369 1211 nihil

1790 1237 1821 1277 a
1853 1235 2072 1282 mortuo
2128 1232 2431 1303 quidquam
2469 1236 2813 1308 discrepans.
2850 1240 3121 1299 Dentibus
3156 1254 3367 1317 strepe-

1789 1314 1904 1383 bat,
1958 1326 2185 1392 totoque
2229 1337 2462 1403 corpore
2515 1333 2984 1387 contremiscebat
3012 1352 3159 1404 {vos
3195 1314 3368 1392 inter-

1789 1417 1951 1479 rupta
2009 1422 2148 1479 erat,
2184 1415 2371 1489 lingua
2417 1418 2590 1475 fracta
2630 1432 2685 1477 et
2710 1425 3007 1481 dissoluta.
3040 1427 3241 1486 Gestus
3275 1433 3359 1488 de-

1788 1500 1953 1571 nique
1998 1505 2293 1573 ejusmodi,
2353 1513 2445 1581 qui
2474 1513 2555 1567 vel
2582 1529 2807 1569 saxeum
2858 1532 3057 1587 corpus
3091 1523 3367 1577 coniicere

1788 1590 2053 1664 lacrymis
2132 1610 2344 1669 posset.
2410 1603 2541 1669 Quae
2597 1622 2707 1661 non
2767 1608 3137 1678 exprobrandi
3194 1627 3365 1668 causa

1784 1684 2038 1754 dixerint,
2077 1706 2255 1762 neque
2280 1705 2339 1749 ut
2371 1698 2675 1753 calamitati
2701 1700 2993 1769 insultetn;
3027 1704 3123 1759 Sed
3155 1716 3213 1759 ut
3243 1708 3364 1762 ani-

1784 1793 1901 1832 mos
1922 1791 2134 1837 vestros
2149 1787 2446 1853 emolliam,
2468 1800 2519 1845 et
2538 1790 2605 1843 ad
2624 1792 3360 1855 misericordiaminﬂectam.

1722 1851 1764 1907 Β
1789 1868 1931 1963 Quid
1958 1872 2125 1931 habes
2155 1880 2298 1945 quod
2356 1851 2583 1952 indigne
2614 1882 2799 1940 feras?
2833 1878 3116 1957 quoniam,
3152 1851 3358 1963 inquis,

1788 1960 1856 2014 ad
1893 1961 2191 2021 Ecclesiatn
2219 1970 2311 2025 ille
2335 1971 2605 2044 confugit,
2640 1977 2734 2046 qui
2770 1989 3033 2049 perpetuo
3060 1996 3178 2034 eam
3217 1960 3361 2037 bello

1789 2053 2094 2112 infestavit.
2146 2058 2315 2132 Atqui
2346 2064 2449 2118 hoc
2509 2067 2861 2136 potissimum
2915 2073 3141 2129 nomine
3185 2074 3359 2145 gloria

1786 2144 1896 2201 Deo
1946 2149 2241 2207 tribuenda
2290 2162 2396 2220 est,
2425 2160 2574 2226 quod
2613 2159 2667 2212 in
2716 2169 2925 2216 tantam
2957 2179 3081 2217 eum
3108 2144 3360 2223 necessi-

1784 2246 1950 2294 tatem
1976 2242 2147 2314 redigi
2182 2246 2522 2316 permiserit,
2561 2258 2704 2307 utet
2752 2252 3013 2309 Ecclesiae
3054 2260 3360 2327 potentiam

1781 2331 2286 2409 benignitatemque
2309 2354 2652 2412 agnosceret.
2678 2346 2810 2413 Quae
2828 2345 3088 2405 Ecclesia:
3117 2350 3360 2408 clemen-

1781 2423 1855 2480 tia
1884 2428 2116 2497 gentiles
2153 2445 2219 2486 ac
2250 2430 2469 2491 Iudaeos
2495 2436 2708 2507 pudore
2728 2438 2914 2496 allicit.
2947 2439 3355 2499 Praeteritarum

1778 2515 2112 2588 injuriarum
2161 2523 2352 2590 oblita,
2385 2542 2549 2583 suum
2587 2530 2639 2584 ei
2661 2530 2842 2586 sinum
2870 2532 3228 2606 indulgenter
3259 2552 3357 2592 ex-

1775 2612 1987 2682 pandit.
2020 2612 2137 2672 Hoc
2167 2619 2367 2699 quovis
2426 2627 2634 2692 tropaeo
2672 2624 3016 2694 splendidius
3074 2637 3159 2684 est
3191 2647 3205 2684 :
3246 2629 3352 2685 lioc

1773 2706 2076 2776 gentilibus
2131 2710 2393 2779 pudorem
2458 2712 2708 2770 incutit:
2744 2718 2847 2773 hoc
2903 2716 3121 2775 Judeos
3184 2720 3353 2777 allicit

1774 2796 1997 2867 probro,
2056 2799 2205 2871 quod
2254 2802 2426 2869 hosti,
2468 2821 2633 2878 quem
2679 2811 2955 2881 captivum
2989 2819 3160 2879 tenet,
3196 2815 3353 2887 igno-

1773 2897 1915 2956 scat,
1947 2898 2028 2959 et,
2061 2893 2211 2950 velut
2247 2906 2422 2952 mater
2453 2901 2864 2967 amantissima,
2893 2905 2995 2959 sub
3024 2905 3350 2964 velamentis

1771 2981 1890 3038 suis
1946 2985 2208 3052 occultet,
2267 2996 2435 3060 atque
2473 2990 2826 3063 imperatoris
2855 2995 2954 3052 ira:
2994 3004 3048 3052 et
3088 3000 3347 3068 populari

1770 3070 1947 3129 furori
2004 3076 2631 3150 acerbissimoqueodio
2697 3084 2943 3141 resistat.
3003 3084 3121 3141 Hoc
3149 3088 3346 3144 altaris

1770 3179 2158 3225 ornamentum
2209 3179 2316 3228 est.
2376 3172 2447 3228 At
2471 3175 2750 3247 quodnam
2800 3178 2907 3233 hoc
2937 3177 3156 3235 tandem
3183 3195 3346 3237 orna-

1767 3270 2011 3317 mentum
2068 3270 2175 3329 est,
2208 3263 2422 3336 inquiet
2470 3266 2693 3339 aliquis,
2721 3279 2783 3325 ut
2816 3270 2984 3328 homo
3015 3273 3343 3339 sceleratus,

1774 3362 1977 3406 avarus
1999 3359 2055 3405 et
2079 3367 2270 3423 rapax,
2294 3357 2580 3414 columnas
2608 3358 2801 3415 altaris
2841 3362 3074 3433 tangat?
3101 3363 3246 3418 Cave
3265 3363 3341 3419 ita

1767 3439 2034 3511 loquaris.
2087 3442 2221 3499 Nam
2259 3455 2314 3502 et
2344 3448 2579 3504 scelesta
2624 3458 2791 3522 atque
2827 3452 3043 3523 impura
3075 3455 3341 3511 meretrix

1761 3530 1892 3588 Jesu
1931 3538 2298 3592 contrectavit
2328 3539 2516 3609 pedes,
2550 3557 2728 3613 neque
2767 3543 2823 3599 id
2858 3540 3090 3601 Domino
3116 3545 3246 3603 Jesu
3281 3536 3336 3604 in

1761 3625 1972 3680 crimen
2031 3642 2251 3684 versum
2298 3639 2404 3687 est.
2438 3631 2555 3688 Non
2590 3635 2734 3689 enim
2777 3651 2899 3706 qua:
2940 3637 3154 3708 impura
3215 3648 3335 3694 erat

1760 3733 1900 3789 puro
1942 3718 2245 3792 quidquam
2298 3724 2507 3789 nocuit,
2546 3725 2640 3781 sed
2685 3727 2956 3797 impuram
2990 3730 3330 3784 meretricem

1762 3825 1935 3881 purus
1972 3810 2089 3881 ipse
2126 3813 2215 3868 sui
2254 3822 2517 3871 contactu
2569 3832 2763 3888 puram
2801 3817 3061 3876 reddidit.
3094 3819 3240 3875 Cave
3266 3837 3335 3876 ne

1758 3907 1835 3959 sis
1864 3903 2195 3973 injuriarum
2222 3923 2451 3974 memor,
2481 3924 2516 3965 ο
2548 3911 2729 3966 ιιοιιιο.
2759 3909 2972 3966 Famuli
3003 3912 3207 3983 quippe
3237 3930 3333 3968 su-

1758 4013 1884 4054 mus
1913 3998 2130 4055 Domini
2162 4000 2217 4054 in
2250 4016 2473 4057 crucem
2501 4003 2635 4069 acti,
2673 4003 2767 4075 qui
2799 4004 3016 4060 dicebat
3049 4023 3062 4060 :
3104 4024 3122 4057 ‹
3148 4004 3333 4074 Pater,

1757 4087 1973 4146 dimitte
2002 4092 2151 4148 illis:
2185 4109 2295 4148 non
2334 4095 2485 4150 enim
2521 4096 2705 4152 sciunt
2747 4096 2880 4167 quid
2912 4094 3128 4151 iaciunt
3159 4095 3326 4169 (Luc.

1755 4201 1913 4251 xxrn,
1942 4184 2052 4255 24).
2076 4205 2096 4238 ›
2134 4189 2202 4241 At
2230 4188 2395 4243 variis
2426 4188 2715 4261 rescriptis
2737 4204 2803 4244 ac
2826 4188 3057 4259 legibus,
3089 4191 3326 4261 inquies,

1753 4276 2064 4351 perfugium
2091 4279 2145 4333 in
2186 4280 2333 4336 hunc
2367 4280 2551 4337 locum
2589 4281 2893 4352 praeclusit.
2937 4281 3015 4335 Ita
3048 4282 3270 4353 quidem
3307 4303 3323 4339 :

1753 4370 1849 4427 sed
1890 4372 2055 4427 modo
2084 4371 2200 4441 ipsa
2241 4387 2300 4427 re
2327 4372 2543 4436 didicit,
2576 4373 2707 4443 quid
2738 4360 2965 4428 Sceleris
2995 4373 3319 4430 admiserit:

1751 4477 1820 4519 ac
1856 4464 2030 4535 legem
2060 4464 2177 4532 ipse
2198 4464 2428 4535 primus,
2448 4480 2545 4535 per
2575 4480 2638 4519 ea
2664 4481 2786 4535 qua-
2815 4480 3013 4534 passus
3034 4472 3139 4527 est,
3158 4466 3322 4520 abro-

39 4554 367 4625 δεδεμένοι,
392 4552 535 4606 κατά
562 4550 662 4614 τάς
716 4548 957 4619 κεφαλὰς
1008 4546 1208 4601 νεύωσι
1240 4546 1501 4616 κείμενοι.
1536 4546 1645 4600 Καὶ

1767 4532 1931 4623 gavit,
1974 4532 2262 4623 factusque
2306 4564 2391 4610 est
2444 4532 2566 4610 orbi
2628 4532 3025 4626 spectaculum.
3061 4557 3321 4624 Quinimo

41 4651 271 4710 πάντες
306 4645 540 4700 ἐνταῦθα
596 4643 985 4713 συνεδράμετε.
1016 4639 1102 4693 ἵνα
1144 4638 1244 4708 τὴν
1291 4637 1642 4710 ἀνθρωπίνην

36 4744 228 4812 φυσιν
276 4738 425 4809 ἴδητε
474 4734 912 4805 διελεγχομένην.
959 4729 1133 4802 Ὁρῶν
1180 4728 1290 4800 γάρ
1348 4728 1539 4782 τοῦτον
1579 4732 1643 4783 ἐκ

35 4832 340 4902 τοσαύτης
368 4831 611 4901 κορυφῆς
637 4825 1027 4898 κατενεχθέντα
1046 4864 1061 4889 ,
1095 4823 1186 4877 τὸν
1214 4822 1427 4876 σείοντα
1452 4821 1640 4894 σχεδὸν

30 4932 141 5002 τὴν
167 4925 511 4995 οἰκουμένην
538 4924 718 4976 πᾶσαν
769 4917 1219 4989 συνεσταλμένον,
1280 4916 1376 4971 καὶ
1402 4914 1636 4983 λαγωοῦ,

30 5026 141 5080 καὶ
191 5018 480 5091 βατράχου
525 5016 828 5087 δειλότερον
876 5010 1268 5083 γεγενημένον,
1318 5009 1413 5062 καὶ
1468 5007 1638 5079 χωρὶς

21 5113 275 5187 δεσμῶν
303 5108 381 5179 τῷ
438 5107 579 5161 κίονι
639 5106 817 5176 τούτῳ
868 5102 1314 5176 προσηλωμένον,
1373 5100 1468 5154 καὶ
1490 5100 1556 5154 ἄν
1584 5118 1637 5153 τι

26 5210 309 5266 ἁλύσεως
332 5201 410 5273 τῷ
448 5201 597 5273 φόδῳ
643 5198 1160 5271 περισφιγγόμενον,
1211 5194 1307 5249 καὶ
1339 5194 1633 5257 δεδοικότα,

19 5306 133 5359 καὶ
202 5298 486 5369 τρέμοντα
544 5292 940 5349 καταστέλλετε
985 5290 1085 5362 τὴν
1146 5287 1492 5359 φλεγμονὴν,
1543 5289 1634 5338 καὶ

17 5395 378 5464 καθαιρεῐτε
398 5390 459 5444 τὸ
493 5390 741 5464 φύσημα,
799 5386 1286 5456 φιλοσοφήσαντες,
1320 5383 1403 5435 ὅτι
1438 5402 1456 5432 ι
1478 5381 1634 5433 Πᾶσα

17 5490 183 5563 σὰρξ
230 5462 456 5557 χόρτος,
495 5462 587 5536 καί
650 5481 792 5534 πᾶσα
834 5478 961 5545 δόξα
1022 5475 1313 5548 ἀνθρώπου
1351 5473 1428 5537 ὡς
1472 5471 1633 5532 ἄνθος

16 5586 272 5657 χόρτου.
312 5574 624 5646 Ἐξηράνθη
644 5576 673 5628 ὁ
707 5573 919 5644 χόρτος,
940 5574 1036 5624 καὶ
1055 5570 1117 5623 τὸ
1131 5568 1292 5632 ἄνθος
1310 5568 1592 5632 ἐξέπεσεν,
1607 5587 1624 5619 ι

10 5684 111 5735 ὅτι
155 5695 177 5727 ι
226 5670 382 5726 Ὠσεὶ
403 5670 597 5741 χόρτος
627 5668 764 5736 ταχὺ
787 5662 1351 5734 ἀποξηρανθήσονται,
1382 5661 1474 5714 καὶ
1496 5659 1631 5712 ὡσεὶ

9 5777 256 5845 λάγανα
302 5765 468 5837 χλόης
500 5763 636 5833 ταχῦ
684 5756 1114 5815 ἀποπεσοῦνται·
1153 5779 1171 5808 ι
1204 5758 1287 5829 δτι
1325 5775 1344 5808 ι
1390 5755 1633 5825 ’Δνθρωο

349 5905 617 5967 ΡΑτποι..
663 5906 776 5963 Gn.
822 5898 994 5962 XCV.

1747 4653 1923 4702 taceat
1953 4646 2103 4711 licet,
2133 4645 2297 4718 32!.
2327 4662 2514 4701 vocem
2545 4647 2674 4701 hinc
2702 4648 2925 4710 emittit,
2958 4649 3320 4720 hortaturque

1743 4744 1797 4793 et
1835 4738 1915 4791 ait
1952 4753 1967 4790 :
2016 4736 2371 4807 Nequaquam
2403 4736 2532 4789 talia
2582 4737 2781 4807 agatis,
2811 4752 2877 4791 ne
2907 4738 3111 4792 similia
3141 4741 3318 4807 patia-

1743 4827 1876 4882 mini
1904 4846 1917 4882 :
1952 4827 2145 4898 sicque
2170 4837 2357 4881 mutus
2382 4827 2647 4898 magister
2685 4828 3002 4883 calamitate
3027 4846 3129 4883 sua
3169 4832 3317 4886 exsi-

1741 4922 1857 4976 stit.
1882 4920 1988 4976 Sed
2014 4928 2068 4975 et
2097 4921 2271 4991 altare
2301 4919 2579 4987 ingentem
2602 4935 2669 4974 ex
2710 4936 2771 4974 se
2799 4920 3151 4990 Splendorem
3182 4923 3313 4977 mit-

1741 5015 1825 5077 tit,
1863 5011 2084 5081 quando
2111 5012 2319 5066 leonem
2345 5011 2579 5065 vmculis
2600 5011 2956 5067 constrictum
2982 5020 3149 5067 tenet.
3176 5010 3311 5066 Nam

1738 5121 1791 5163 et
1819 5106 2169 5177 imperatoris
2204 5106 2427 5174 imagini
2462 5121 2719 5173 magnum
2745 5112 3130 5159 ornamentum
3153 5120 3311 5158 accc-

1737 5201 1839 5264 dit,
1870 5214 1979 5252 non
2028 5211 2155 5253 cum
2192 5195 2346 5250 sedet
2393 5196 2447 5248 in
2488 5195 2708 5260 tbrono,
2737 5210 3038 5267 purpuram
3061 5202 3116 5249 et
3147 5209 3308 5248 coro-

1737 5308 1861 5345 nam
1895 5298 2121 5360 gestans
2151 5308 2164 5343 :
2196 5288 2290 5344 sed
2340 5304 2463 5343 cum
2487 5289 2590 5343 sub
2621 5290 2787 5359 regiis
2816 5287 3052 5358 pedibus
3088 5282 3305 5341 barbari

1734 5399 1764 5438 ει
1806 5396 1956 5454 tergo
2001 5382 2254 5448 revincti,
2289 5380 2532 5436 demisso
2573 5381 2627 5434 in
2662 5388 2864 5457 terram
2894 5380 3071 5448 capite
3097 5377 3304 5451 jacent,

1736 5475 1903 5545 Atqui
1935 5475 2042 5529 huc
2060 5488 2255 5529 omnes
2271 5472 2635 5538 conﬂuxistis,
2656 5479 2714 5523 ut
2732 5479 2981 5529 naturam
3010 5469 3302 5525 humanam

1738 5568 1955 5622 traduci
1998 5564 2251 5619 videatis.
2289 5563 2459 5618 Deum
2485 5561 2633 5617 enim
2674 5559 2821 5613 hunc
2844 5559 3073 5615 cernitis
3096 5568 3303 5618 etanlo

1737 5659 1961 5729 fastigio
1996 5658 2268 5727 deiectum
2300 5675 2314 5712 :
2346 5656 2517 5718 hunc,
2572 5655 2817 5721 inquam,
2852 5652 2944 5723 qui
2972 5653 3158 5707 orbein
3190 5652 3301 5708 fere

1736 5755 2053 5807 universum
2086 5748 2392 5822 quatiebat,
2434 5750 2804 5809 contractum,
2833 5742 3221 5815 leporibusquc
3244 5753 3297 5799 et

2857 5873 2934 5946 36
