4024 6426
616 367 750 454 ’1131
1808 376 1862 456 S‘.
1889 375 2172 451 ’i'OANNI

2278 391 2669 452 DAMASCENI
3725 392 3859 458 1132

622 508 776 558 ranis
821 503 1149 557 timidiorem
1201 503 1428 566 factum,
1482 503 1603 558 sine
1641 503 1877 557 vinculis
1927 502 2175 556 columna

2296 517 2397 566 πος
2431 503 2756 572 ματαιότητι
2784 502 3070 574 ὡμοιώθη,
3119 505 3214 559 καὶ
3240 505 3373 559 ὡσεὶ
3407 504 3614 570 καπνὸς
3649 507 3703 560 αἱ
3734 509 3858 577 ἡμέ-

622 595 748 651 lmic
783 595 1021 660 allixum,
1043 604 1099 652 et
1125 605 1272 651 metu
1301 605 1507 650 catenae
1523 596 1647 651 vice
1675 594 2062 660 constrictum,
2098 607 2197 647 ex-
2306 593 2597 664 ραιαῦτοῧ.
2632 613 2651 648 ι

619 693 996 748 timescentem
1029 699 1084 747 et
1139 699 1482 755 trementem,
1518 690 1687 745 animi
1759 697 2029 743 tumorem
2077 687 2371 752 cohibetis,
2439 690 2751 760 fastumque
2815 689 3144 762 deprimitis.
3213 692 3553 762 cogitatione
3590 702 3860 749 versantes

616 784 748 838 illud
792 784 1013 838 eﬂ‘atum
1051 804 1062 839 ε
1105 802 1125 836 ι
1154 783 1346 837 Omnis
1382 797 1514 836 caro
1545 781 1749 846 fenum,
1786 787 1840 835 et
1861 780 2044 834 omnis
2068 779 2244 849 gloria
2286 780 2522 836 hominis
2547 782 2704 852 quasi
2757 781 2857 838 llos
2892 783 3031 853 agri.
3076 782 3430 838 Exsiccatum
3500 792 3586 838 est
3653 783 3858 838 fenum.

611 887 666 935 et
701 880 899 934 cecidit
922 878 1021 935 llus
1043 880 1060 945 (
1081 877 1191 933 lsa.
1211 894 1262 943 ι,
1296 879 1372 948 9).
1404 899 1421 930 ι
1456 877 1699 948 Itemque
1725 877 1869 932 istud
1899 892 1912 928 :
1945 895 1962 928 ι
1991 875 2272 946 Tanquam
2301 875 2482 931 fenum
2516 887 2790 944 arescent,
2819 888 2875 934 et
2902 879 3364 949 quemadmodum
3392 880 3542 934 olera
3573 880 3859 934 herbarum

610 975 722 1028 cito
761 973 1017 1027 decident
1071 972 1259 1042 (Psal.
1291 989 1478 1039 xxxvu,
1511 973 1602 1044 ἓ).
1641 993 1659 1025 ι
1697 972 1762 1027 Ει
1797 974 1973 1028 illud:
2019 990 2038 1023 ι
2070 971 2242 1027 llomo
2282 973 2507 1028 vanitati
2547 974 2744 1030 similis
2794 975 2975 1032 factus
3011 976 3280 1032 est:dies
3328 976 3450 1046 ejus
3503 975 3653 1030 sicut
3689 976 3862 1032 fumus

612 1070 800 1140 (Psal.
824 1085 1010 1134 CXLIII,
1034 1069 1066 1122 4
1164 1087 1182 1121 ι

685 1162 960 1234 Chrysosl.
1009 1164 1063 1215 in
1121 1163 1261 1233 psal.
1308 1163 1816 1218 τιμίω-Ποιηο
1882 1163 2185 1218 conturba-

613 1263 724 1317 tur.
760 1265 813 1309 et
868 1254 1086 1307 tandem
1137 1255 1342 1308 interit.
1376 1255 1775 1318 Conturbatur,
1826 1262 1879 1308 et
1919 1263 2182 1326 tanquam

613 1362 894 1418 nunquam
941 1355 1098 1401 ortus
1143 1357 1313 1414 esset,
1363 1348 1663 1403 evanescit.
1700 1345 2095 1413 Conturbatur,
2130 1354 2184 1403 et

611 1447 738 1493 ante
785 1438 1069 1508 mergitur,
1127 1453 1291 1508 quam
1342 1437 1408 1490 ad
1476 1437 1932 1506 tranquillitatem
1966 1435 2174 1490 redeat.

609 1531 680 1587 Ut
714 1532 857 1603 ignis
918 1530 1310 1595 inﬂannnatur,
1343 1540 1396 1586 et
1436 1532 1581 1585 velut
1627 1531 1828 1600 stipula
1865 1530 1918 1583 in
1948 1531 2182 1584 cinerem

610 1624 901 1694 redigitur.
951 1621 1039 1676 Uti
1071 1622 1309 1691 procella
1347 1621 1611 1690 majorem
1647 1621 1701 1675 in
1741 1621 1963 1675 modum
1989 1619 2189 1674 attolli-

611 1725 720 1780 tur,
763 1722 818 1769 et
869 1723 926 1768 ut
954 1713 1136 1783 pulvis
1173 1714 1498 1783 dissipatur.
1551 1711 1711 1768 Velut
1736 1713 1956 1766 ﬂamma
1986 1727 2184 1767 exsus-

611 1808 834 1868 citatur,
898 1816 954 1860 et
989 1815 1048 1858 ut
1083 1805 1264 1860 fumus
1317 1805 1599 1860 dilabitur.
1649 1801 1719 1858 Ut
1776 1803 1879 1858 flos
1932 1804 2183 1859 decorem

609 1906 850 1954 ostentat
879 1913 1063 1962 suum,
1100 1905 1154 1952 et
1181 1898 1356 1952 instar
1391 1897 1496 1951 feni
1539 1897 1854 1951 marcescit.
1908 1894 2184 1966 Expandi-

611 1998 702 2044 tur
737 1997 795 2043 ut
828 1990 1024 2056 nubes,
1056 1996 1110 2044 et
1167 1988 1512 2043 imminuitur
1557 1996 1614 2042 ut
1641 1996 1813 2058 gutta.
1841 1986 2182 2052 lntumescit,

608 2091 664 2137 et
698 2083 1037 2137 distenditur
1063 2090 1121 2135 ut
1146 2082 1319 2148 bulla,
1349 2090 1401 2136 et
1437 2089 1496 2135 ut
1527 2081 1760 2136 scintilla
1786 2079 2180 2151 exstinguitur.

607 2176 1013 2242 Conturbatur,
1061 2183 1116 2230 et
1143 2190 1360 2231 cmnum
1393 2175 1658 2228 duntaxat
1688 2173 2001 2228 divitiarum
2029 2171 2185 2226 elIert

609 2282 816 2320 secum.
840 2265 1236 2328 Conturbatur,
1271 2271 1330 2317 ut
1364 2263 1596 2318 fetorem
1635 2264 1901 2318 lucretur.
1937 2261 2183 2316 Contur-

607 2356 790 2423 batur,
813 2367 867 2410 et
897 2360 1016 2411 sine
1049 2357 1159 2411 ullo
1213 2356 1552 2410 turbationis
1575 2354 1758 2409 fructu
1787 2352 2056 2410 abscedit.
2094 2352 2182 2422 lp-

607 2450 726 2503 sius
794 2449 1142 2504 turbationes
1183 2456 1334 2509 sunt,
1372 2448 1604 2502 aliorum
1649 2463 1778 2501 vero
1822 2446 2062 2512 delicia;
2103 2446 2184 2516 ip-

604 2542 721 2594 sius
757 2540 974 2595 labores
1025 2548 1176 2604 sunt,
1224 2539 1457 2592 aliorum
1494 2539 1771 2606 thesauri;
1805 2538 1982 2610 ipsius
2012 2553 2180 2604 curae,

605 2633 836 2687 aliorum
902 2632 1137 2698 laetitizc;
1192 2632 1364 2702 ipsius
1424 2631 1750 2687 alllictiones
1795 2641 1849 2687 et
1901 2648 2177 2699 aerumnae,

604 2725 844 2778 aliorum
900 2723 1117 2779 fructus
1150 2732 1203 2777 et
1261 2724 1672 2794 possessiones;
1722 2724 1894 2794 ipsius
1952 2724 2181 2779 maledi-

601 2815 837 2878 ctiones,
895 2814 1126 2868 aliorum
1157 2815 1336 2866 cultus
1366 2821 1419 2867 et
1437 2813 1717 2883 obsequia.
1753 2813 2030 2870 Adversus
2058 2829 2181 2869 eum

603 2907 837 2977 gemitus
892 2907 1246 2961 excitantur:
1293 2905 1437 2976 apud
1484 2907 1622 2960 alios
1668 2921 1852 2960 rerum
1885 2908 2043 2977 copia
2075 2913 2178 2961 est.

603 2999 885 3055 Adversus
909 3015 1034 3055 eum
1072 3001 1330 3070 lacrymzc
1359 3001 1781 3070 profunduntur
1814 3016 1828 3054 :
1865 2988 2006 3071 apud
2043 3001 2182 3056 alios

603 3107 735 3162 opes
775 3100 830 3146 et
886 3092 1138 3162 pecuniae
1184 3103 1498 3147 servantur.
1535 3094 1654 3163 Ipse
1688 3096 1972 3148 cruciatur
2003 3093 2056 3147 in
2093 3094 2180 3147 in-

2358 1157 2708 1230 Ταράσσεται
2738 1159 3048 1231 ἅνθρωπος,
3106 1158 3203 1212 καὶ
3245 1159 3306 1211 τὸ
3335 1159 3488 1222 τέλος
3543 1159 3858 1214 ἀπόλλυται.

2291 1253 2660 1324 Ταράσσεται,
2688 1251 2762 1316 ὡς
2788 1251 2863 1323 μὴ
2891 1253 3185 1323 γενόμενος
3217 1252 3557 1320 ἀφανίζεται.
3591 1253 3861 1322 Ταράσσε-

2287 1361 2404 1407 ται,
2436 1348 2529 1398 καὶ⁸
2556 1344 2687 1414 πρὶν
2727 1344 3058 1413 καταστῆναι
3113 1342 3569 1407 καταποντίζεται
3601 1359 3616 1372 ·
3651 1344 3731 1405 ὡς
3763 1344 3858 1413 πῦρ

2290 1435 2634 1500 ἀνακαίεται,
2667 1435 2759 1488 καὶ
2785 1434 2859 1498 ὡς
2886 1435 3109 1505 καλάμη
3131 1434 3539 1505 ἀποτεφροῦται
3569 1452 3584 1465 ο
3613 1435 3691 1496 ὡς
3709 1435 3853 1486 θύελ-

2291 1527 2357 1579 λα
2389 1527 2771 1596 ὑπεραίρεται,
2793 1527 2887 1580 καὶ
2919 1525 2994 1590 ὡς
3018 1527 3167 1588 κόνις
3196 1525 3578 1595 ὲξαφανίζεται
3601 1567 3615 1586 ,
3637 1527 3715 1588 ὡς
3744 1527 3858 1594 φλὸξ

2289 1614 2729 1687 ἀναρριπίζεται,
2762 1617 2836 1680 ὼς
2859 1615 3067 1679 καπνὸς
3091 1616 3392 1681 διαλύεται,
3417 1617 3490 1680 ὼς
3513 1617 3677 1680 ἄνθος
3703 1618 3858 1687 ὡραῖ-

2294 1706 2466 1772 ζεται,
2501 1709 2596 1760 καὶ
2626 1707 2702 1770 ὡς
2737 1708 2927 1778 χόρτος
2962 1707 3306 1777 ξηραίνεται’
3331 1709 3407 1770 ὡς
3474 1709 3642 1776 νέφος
3703 1710 3856 1777 6:59-

2293 1800 2560 1853 απλοῦται
2582 1840 2596 1863 ,
2633 1801 2725 1852 καὶ
2760 1801 2834 1864 ὡς
2886 1803 3101 1870 σταγὼν
3157 1799 3519 1871 ἀπομειοῦται
3550 1819 3564 1833 ο
3614 1803 3692 1864 ὡς
3727 1820 3855 1870 πομ-

2289 1891 2458 1959 φόλυξ
2502 1892 2762 1960 ὀγκούται
2800 1932 2815 1957 ,
2863 1893 2957 1945 καὶ
3009 1891 3084 1956 ὡς
3146 1893 3380 1964 σπινθὴρ
3443 1893 3850 1948 ἀποσϐέννυται.

2288 1985 2781 2056 Ταράσσεται,καὶ
2809 1985 2904 2038 τοῦ
2955 1984 3187 2038 πλούτου
3240 1987 3400 2057 μόνον
3447 1985 3540 2039 τὸν
3607 1986 3850 2056 βόρϐορον

2284 2078 2642 2149 ἀποφέρεται.
2685 2077 3053 2148 Ταράσσεται,
3099 2080 3354 2150 κερδάναι
3408 2079 3510 2149 τὴν
3574 2079 3847 2132 δυσωδίαν.

2283 2171 2652 2242 Ταράσσεται.
2706 2171 2800 2226 καὶ
2837 2171 2945 2224 τῶν
2977 2171 3084 2225 ἀπὸ
3123 2173 3222 2242 τῆς
3247 2172 3497 2242 ταραχῆς
3527 2173 3686 2226 ούδὲν
3719 2172 3845 2241 λαμο

2285 2260 2462 2314 ὁάνων
2508 2261 2831 2331 ἀπέρχεται.
2891 2261 3067 2315 Αὑτοῦ
3091 2265 3146 2316 αἱ
3182 2265 3439 2333 ταραχαὶ,
3471 2263 3566 2315 καὶ
3597 2263 3770 2317 ἄλλων
3799 2264 3845 2314 αἱ

2282 2355 2516 2426 τρυφαίο
2544 2355 2709 2410 αὑτοῦ
2733 2357 2783 2409 οἱ
2811 2356 2985 2420 πόνοι,
3017 2357 3112 2410 καὶ
3134 2358 3310 2411 ἀλλων
3337 2359 3386 2411 οἱ
3413 2358 3686 2429 θησαυροί
3710 2376 3723 2388 ·
3753 2359 3838 2411 αύ-

2281 2447 2377 2501 τοῦ
2409 2449 2463 2501 αί
2493 2448 2794 2520 φροντίδες,
2824 2450 2918 2503 καὶ⁸
2960 2450 3135 2504 ἄλλων
3165 2451 3221 2503 αἱ
3263 2451 3600 2521 εὐφροσύναι
3631 2468 3646 2480 ο
3697 2450 3841 2504 αὐτοῦ

2283 2542 2338 2593 αἱ
2361 2539 2592 2609 θλίψεις,
2641 2541 2737 2593 καὶ
2794 2541 2969 2596 ἀλλων
3003 2543 3057 2595 αἱ
3089 2542 3419 2605 ἀπολαύσεις
3439 2559 3454 2573 ο
3483 2542 3653 2595 αὑτοῦ
3681 2545 3732 2594 αἱ
3763 2544 3844 2611 ἁρ-

2284 2631 2481 2700 παγαὶ,
2508 2632 2603 2684 καὶ
2639 2631 2814 2684 ἀλλων
2835 2633 2891 2684 αἱ
2926 2632 3111 2702 ἡδοναί
3132 2649 3146 2662 ο
3180 2632 3342 2686 αὑτοῦ
3368 2635 3423 2685 αἱ
3452 2634 3712 2703 κατάραι,
3763 2633 3840 2684 καὶ

2283 2723 2460 2778 ἄλλων
2488 2724 2545 2776 αἱ
2571 2722 2857 2794 θεραπεῖαι
2893 2739 2909 2754 ·
2949 2724 3073 2778 κατῗ
3101 2724 3267 2778 αὑτοῦ
3292 2725 3342 2778 οἱ
3373 2726 3705 2795 στεναγμοὶ,
3759 2726 3839 2777 καὶ

2283 2820 2414 2890 παρ’
2450 2818 2659 2890 ἑτέροις
2685 2821 2732 2871 οἱ
2758 2819 3092 2890 πλεονασμοί
3113 2836 3128 2850 ο
3153 2821 3272 2873 κατ’
3329 2819 3499 2872 αὑτοῦ
3519 2821 3589 2872 τά
3622 2821 3838 2889 δάκρυα.

2283 2913 2378 2964 καὶ
2411 2911 2542 2981 παρ’
2567 2910 2774 2981 ἑτέροις
2803 2913 2872 2965 τά
2903 2913 3186 2982 χρήματα.
3221 2911 3396 2975 Αὐτὸς
3424 2912 3482 2964 ὲν
3507 2911 3607 2982 ᾄδῃ
3633 2911 3836 2974 κολάζε-

2282 3017 2392 3063 ται,
2440 3001 2535 3054 καὶ
2586 3001 2734 3056 ἄλλοι
2789 3001 3048 3064 πολλάκις
3081 3003 3274 3064 ἐντοῖς
3329 3001 3495 3054 αὑτοῦ
3540 3001 3838 3070 τρυφῶντες

2282 3093 2579 3163 ψάλλουσν
2615 3094 2754 3165 πλὴν
2819 3095 2994 3165 μάτην
3048 3094 3380 3164 ταράσσεται
3427 3095 3540 3156 πᾶς
3575 3094 3838 3163 ἄνθρωπος

605 3181 760 3238 ferno
794 3198 808 3234 :
846 3181 1136 3235 cantillant
1193 3184 1306 3246 alii,
1337 3182 1499 3237 bonis
1549 3184 1670 3252 ejus
1725 3183 1792 3237 ad
1827 3185 2014 3237 luxum
2045 3183 2175 3238 abu-

2288 3185 2419 3251 ζῶν.
2446 3187 2579 3240 ’Δνθ
2591 3204 2790 3257 ρωπος,
2827 3187 2889 3240 τὸ
2908 3186 3007 3256 τῆς
3030 3187 3177 3255 ζωῆς
3199 3187 3536 3257 πρόσκαιρον
3569 3187 3831 3254 δάνεισμα,

603 3283 804 3328 tentes.
831 3291 850 3325 ι
877 3273 1261 3328 Verumtamen
1274 3291 1410 3329 vane
1435 3276 1801 3331 conturbatur
1820 3277 1999 3331 omnis
2021 3275 2182 3330 homo

604 3371 816 3422 vivens.
843 3386 860 3418 ι
888 3369 1084 3433 Homo,
1108 3370 1199 3437 qui
1218 3369 1381 3422 vitam
1409 3369 1477 3422 ad
1500 3369 1664 3422 breve
1694 3376 1908 3438 tempus
1935 3381 2181 3421 commo-

603 3461 733 3515 dato
794 3461 1023 3530 accepit.
1081 3459 1280 3525 Hanno,
1345 3461 1590 3515 debitum
1650 3460 1786 3515 illud
1822 3461 2013 3514 mortis
2044 3459 2180 3514 citra

605 3568 813 3606 moram
844 3552 1285 3622 persolvendum.
1311 3551 1529 3606 Animal
1556 3551 1857 3606 voluntatis
1877 3551 2180 3612 indomita,

606 3645 934 3715 improbitas
994 3635 1146 3698 nullo
1203 3644 1466 3714 magistro
1532 3651 1809 3714 percepta,
1866 3654 2182 3713 spontaneze

606 3737 842 3804 insidiae,
880 3745 1122 3791 astutum
1156 3738 1224 3791 ad
1258 3738 1463 3801 scelus,
1498 3737 1841 3807 ingeniosum
1881 3735 1948 3789 ad
1979 3735 2180 3805 iniqui-

602 3835 793 3893 tatem,
846 3829 1090 3900 proclive
1123 3827 1190 3882 ad
1239 3830 1546 3893 avaritiam,
1587 3827 1931 3897 inexplebilis
1967 3826 2180 3897 cupidi-

603 3921 752 3985 tatis,
809 3921 1038 3990 spiritus
1090 3927 1350 3975 extremae
1387 3920 1688 3990 iactantiae,
1716 3921 1965 3976 insolens
1991 3920 2177 3976 verbis

601 4013 928 4069 temeritas:
964 4011 1119 4068 ferox
1164 4021 1270 4078 est,
1328 4012 1425 4068 sed
1482 4014 1575 4082 qui
1641 4013 1804 4068 facile
1861 4013 2173 4083 frangitur:

603 4105 806 4169 audax,
846 4106 941 4161 sed
982 4106 1077 4176 qui
1101 4106 1255 4160 nullo
1283 4107 1502 4176 negotio
1534 4115 1832 4176 superatur
1866 4125 1878 4159 :
1911 4121 2174 4176 arrogans

602 4199 806 4263 lutum,
861 4197 1133 4267 superbus
1189 4197 1389 4267 pulvis,
1435 4198 1659 4253 inflatus
1721 4199 1884 4253 cinis.
1922 4197 2172 4252 Scintilla

600 4291 768 4344 citius
818 4303 1181 4354 evanescens,
1240 4289 1461 4342 flamma
1497 4289 1658 4345 facile
1688 4305 2058 4354 marcescens,
2087 4293 2173 4345 lu-

603 4395 767 4433 cerna
821 4393 940 4447 quae
989 4378 1156 4434 citius
1221 4380 1618 4450 exstinguitur,
1661 4380 1850 4434 folium
1906 4384 2170 4438 continuo

603 4475 946 4536 corruptum,
981 4466 1161 4522 fenum
1202 4482 1364 4539 quam
1426 4469 1660 4539 primum
1692 4486 1968 4538 arescens,
2002 4473 2167 4529 herba

2281 3279 2342 3331 τὸ
2369 3280 2462 3332 τοῦ
2496 3279 2727 3333 θανάτου
2750 3278 3116 3351 ἀνυπέρθετον
3140 3279 3274 3348 ὅφλη
3285 3295 3380 3348 μα,
3418 3279 3478 3331 τὸ
3506 3281 3570 3332 ἐκ
3599 3280 3836 3348 προαιρέ-

2284 3390 2424 3437 σεως
2453 3372 2764 3443 ἀδὰμαστον
2792 3373 2951 3438 ζῶον,
2976 3372 3038 3425 τὸ
3067 3372 3443 3426 αὐτοδίδακτον
3503 3375 3831 3441 πονηρευμα,

2283 3465 2344 3517 τὸ
2372 3465 2679 3536 αύτοματὲς
2706 3465 3102 3535 ἐπιϐούλευμα,
3127 3465 3188 3517 τὸ
3225 3463 3474 3535 εῠτεχνον
3505 3466 3587 3528 είς
3618 3481 3832 3535 κακονρ·

2280 3555 2424 3624 γίαν,
2480 3556 2541 3609 τὸ
2595 3557 2906 3627 εὐμήχανον
2959 3557 3040 3619 είς
3097 3555 3345 3620 ἀδικίαν,
3402 3555 3465 3607 τὸ
3518 3556 3726 3623 ἕτοιμον
3763 3556 3833 3614 εἰς

2281 3647 2616 3715 πλεονεξίαν,
2655 3648 2714 3701 τὸ
2745 3648 3038 3719 ἀκόρεστον
3080 3648 3159 3710 είς
3209 3647 3536 3718 ἀπληστίαν,
3567 3648 3630 3700 τὸ
3679 3649 3828 3713 ὺπέρ-

2279 3757 2494 3811 κομπον
2553 3739 2790 3810 πνεῦμα,
2821 3741 2880 3794 τὸ
2913 3739 3330 3811 μεγαλορρῆμον
3369 3739 3603 3809 θράσος,
3657 3741 3711 3793 τό
3752 3742 3828 3792 εύ-

2278 3833 2596 3888 διάλλακτον
2626 3823 2914 3905 φρύαγμα,
2940 3833 3002 3886 τὸ
3027 3833 3297 3886 εὐάλωτον
3325 3834 3606 3904 τόλμημαο
3630 3835 3659 3886 ό
3679 3834 3827 3902 7.116;

2277 3926 2598 3997 όαύθάδης,
2637 3929 2669 3998 ὴ
2708 3928 2856 3990 κόνις
2889 3929 2921 3998 ή
2970 3927 3333 3998 μεγαλόφρων
3355 3967 3371 3990 ,
3401 3930 3433 3998 ή
3466 3928 3713 3996 σποδὸςή
3745 3943 3826 3977 πε-

2277 4020 2598 4090 φυσιωμένη
2630 4058 2643 4081 ,
2685 4022 2714 4072 6
2759 4019 2995 4091 σπινθὴρ
3060 4020 3526 4083 εὐκατάσὸεστος,
3567 4022 3600 4090 ἡ
3644 4019 3818 4087 φλὸξή

2275 4110 2635 4182 εύμάραντος,
2667 4114 2694 4165 6
2721 4112 3038 4183 εύρίπιστος
3106 4113 3322 4184 λάχνος,
3355 4113 3417 4166 τὸ
3458 4113 3819 4182 ἑτοιμόφθορον

2275 4201 2492 4268 φύλλον,
2525 4204 2553 4254 6
2583 4203 2913 4274 εύξήραντος
2967 4204 3183 4276 χόρτος,
3216 4205 3606 4274 ήεύνέκρωτος
3631 4204 3816 4273 χλόη.ή

2272 4294 2362 4347 ἀεὶ
2387 4294 2691 4366 δαπάνητος
2719 4294 2904 4362 φύσις.
2945 4295 3003 4347 Ὁ
3029 4298 3268 4367 σήμερον
3329 4295 3591 4356 ἀπειλῶν,
3623 4294 3708 4346 καὶ
3733 4291 3812 4342 15—

2275 4404 2391 4458 ριον
2411 4387 2680 4440 τελευτῶν
2715 4405 2730 4419 ο
2769 4389 2797 4441 ὁ
2827 4390 3069 4459 σήμερον
3093 4389 3151 4440 ὲν
3175 4387 3416 4458 πλούτῳ,
3443 4389 3539 4440 καὶ
3567 4385 3742 4455 αύριον
3766 4384 3816 4433 ἐν

2273 4481 2451 4551 τάφῳ.
2491 4497 2506 4511 ο
2554 4482 2582 4533 6
2634 4481 2874 4552 σήμερον
2913 4483 2970 4533 ἐν
3020 4481 3346 4552 διαδήματι,
3398 4481 3496 4533 καὶ
3541 4479 3722 4549 αὔριον
3765 4479 3812 4527 ἐν

598 4574 719 4626 quae
755 4559 936 4610 statim
972 4559 1264 4623 emoritur,
1302 4570 1498 4615 natura
1529 4576 1648 4630 qua:
1675 4577 1889 4631 semper
1926 4564 2166 4618 absumi-

2278 4573 2517 4643 μνήματι
2543 4589 2557 4603 ο
2591 4575 2619 4626 ό
2650 4576 2886 4645 σήμερον
2920 4574 2977 4626 ἐν
3007 4573 3215 4639 κόλαξι,
3251 4575 3346 4625 καὶ
3387 4573 3578 4643 αὔριον
3612 4575 3666 4624 ὲν
3694 4570 3809 4622 σκώ-

598 4661 708 4706 tnr.
751 4651 853 4716 Qui
899 4651 1061 4707 hodie
1095 4653 1276 4708 minas
1312 4653 1566 4715 intentat,
1615 4663 1670 4709 et
1696 4669 1820 4710 cras
1873 4655 2016 4712 diem
2052 4658 2168 4712 obit

597 4753 924 4797 extremum.
958 4744 1060 4808 Qui
1097 4743 1258 4800 hodie
1314 4745 1368 4799 in
1401 4747 1623 4816 opibus,
1658 4755 1712 4802 et
1749 4763 1876 4803 cras
1902 4749 1955 4802 in
1984 4751 2169 4819 sepul-

596 4846 695 4884 cro
725 4843 810 4886 est
848 4851 860 4886 :
905 4833 1064 4886 hodie
1091 4835 1145 4888 in
1177 4835 1512 4900 diademate,
1537 4853 1659 4892 cras
1686 4838 1736 4892 in
1768 4849 2164 4909 monumento;

598 4924 873 4994 quihodie
890 4925 1050 4996 325
1076 4927 1220 4982 inter
1237 4929 1577 4990 adulatores.
1596 4947 1720 4988 cras
1750 4933 1895 4988 inter
1918 4951 2162 4990 vermes:

598 5013 762 5068 hodie
803 5014 854 5068 in
890 5015 1192 5082 thesauris,
1230 5033 1352 5073 cras
1384 5020 1437 5073 in
1473 5023 1710 5089 tmnnlo;
1750 5025 1840 5092 qui
1869 5026 2026 5081 hodie
2057 5034 2163 5093 est,

595 5117 649 5161 et
677 5107 800 5161 cras
823 5123 941 5162 esse
974 5107 1212 5175 desinit;
1251 5112 1344 5179 qui
1401 5129 1544 5168 nunc
1599 5115 1836 5170 exsultat
1871 5125 1924 5172 et
1964 5119 2165 5189 gloria-

597 5210 706 5264 tur,
748 5208 802 5254 et
826 5202 989 5271 paulo
1023 5212 1147 5271 post
1187 5202 1441 5273 lugetur;
1468 5207 1562 5274 qui
1595 5210 1874 5278 prosperis
1909 5211 1962 5263 in
1995 5213 2166 5266 rebus

597 5289 940 5346 intolerando
996 5295 1259 5362 turgescit
1303 5292 1470 5358 fastu,
1531 5307 1585 5351 et
1639 5298 1692 5351 in
1754 5301 2165 5360 calamitatibus

596 5382 1029 5463 consolationem
1057 5385 1261 5439 nullam
1299 5386 1580 5452 admittit;
1613 5391 1704 5458 qui
1740 5392 1982 5461 seipsum
2012 5396 2165 5464 igno-

597 5478 700 5533 rat,
738 5482 790 5526 et
814 5489 936 5542 qua:
995 5485 1124 5530 sunt
1178 5494 1340 5548 supra
1376 5495 1434 5534 se
1465 5482 1738 5537 curiosius
1773 5485 2041 5552 rimatur;
2070 5489 2164 5557 qui

596 5561 744 5628 quod
795 5580 1036 5632 praesens
1104 5578 1188 5623 est
1218 5573 1415 5636 nescit,
1449 5582 1502 5626 et
1561 5573 1627 5629 de
1651 5575 1854 5632 futuris
1886 5589 2160 5649 nugatur;

595 5665 690 5719 qui
749 5663 938 5723 suapte
1002 5667 1200 5714 natura
1233 5665 1486 5716 mortalis
1520 5678 1626 5728 est,
1653 5678 1705 5719 et
1730 5673 1856 5738 quia
1890 5675 2162 5740 superbus

594 5749 708 5835 est,
738 5760 798 5799 se
829 5748 1217 5817 sempiternum
1259 5764 1434 5824 putat.
1459 5757 1618 5825 Illud,
1664 5760 1908 5831 inquam,
1945 5774 2164 5835 pertur-

597 5833 880 5887 batinnum
932 5839 1178 5894 omnium
1236 5844 1576 5903 domicilium
1635 5861 1850 5916 patens,
1883 5833 2157 5909 variarum

2269 4665 2424 4736 ληξιν
2446 4682 2459 4695 ·
2485 4667 2512 4718 ό
2547 4667 2788 4738 σήμερον
2807 4667 2864 4720 ὲν
2881 4666 3195 4738 θησαυροῖς,
3227 4667 3321 4720 καὶ
3343 4666 3538 4736 αὔριον
3563 4668 3619 4719 ὲν
3638 4665 3805 4731 προῖξ

2270 4759 2298 4811 6
2332 4761 2573 4828 σήμερον
2599 4757 2694 4817 ὢν,
2731 4757 2827 4811 καὶ
2860 4757 3048 4830 αὔριον
3081 4758 3154 4828 μὴ
3187 4757 3261 4810 ὥν
3293 4772 3308 4788 ’
3339 4759 3368 4809 6
3392 4758 3519 4828 ἄρτι
3571 4755 3807 4826 φρυαττό-

2273 4868 2448 4920 μενος,
2483 4851 2576 4904 καὶ
2595 4853 2713 4922 μετ’
2729 4851 2908 4918 ὀλίγον
2939 4851 3305 4921 θρηνούμενος
3337 4867 3350 4880 °
3381 4852 3487 4903 ὀὲν
3511 4849 3806 4919 εὐπραγίαις

2267 4943 2541 5014 ἀφόρητος
2570 4982 2584 5006 ,
2631 4943 2725 4996 καὶ
2763 4945 2822 4995 ὲν
2884 4944 3246 5015 δυσπραγίαις
3313 4944 3733 5015 ἀπαραμύθητος
3761 4942 3805 4990 ·ὀ

2269 5030 2459 5082 ἑαυτὸν
2483 5030 2715 5098 ἀγνοῶν,
2745 5031 2840 5084 καὶ
2863 5031 2932 5084 τά
2967 5032 3108 5103 ὑπὲρ
3130 5033 3322 5086 ἑαυτὸν
3347 5031 3801 5104 πολυπραγμονιῖιν·

2267 5123 2294 5173 6
2317 5120 2377 5173 τὸ
2404 5122 2576 5191 παρὸν
2606 5121 2706 5174 οὐκ
2744 5121 2920 5186 εἰδὼς,
2951 5124 3044 5176 καὶ
3073 5124 3201 5192 περὶ
3229 5124 3338 5176 τῶν
3375 5125 3676 5193 μελλόντων
3696 5139 3802 5189 φαν-

2266 5213 2581 5284 ταζόμενος·
2601 5215 2629 5267 6
2657 5213 2817 5282 φύσει
2853 5214 3063 5286 θνητὸς,
3092 5217 3186 5269 καὶ
3213 5220 3278 5287 τῇ
3313 5219 3568 5287 ὲπάρσει,
3595 5218 3665 5279 ὡς
3683 5212 3804 5281 νομί·

2269 5305 2374 5371 ζει,
2443 5305 2679 5370 αἰώνιος.
2721 5307 2796 5360 Τὸ
2824 5308 3026 5372 παντὸς
3077 5308 3282 5373 πάθους
3329 5311 3644 5364 εὐδιάϐατον
3697 5323 3803 5360 κατ’

2266 5398 2522 5467 αγώγιονο
2543 5398 2601 5451 τὸ
2617 5398 2724 5451 τῶν
2748 5400 2995 5470 πυρετῶν
3019 5401 3313 5471 ἀδιάφορον
3331 5402 3585 5469 παίγνιον
3608 5419 3621 5433 ο
3646 5402 3699 5454 τὸ
3716 5399 3800 5451 τῶν

2268 5490 2568 5560 συμφορῶν
2604 5491 2994 5564 καθημερινῶν
3029 5494 3328 5563 γυμνάσιον
3362 5511 3376 5524 ο
3405 5494 3468 5546 τὸ
3506 5497 3677 5561 πάσης
3726 5489 3798 5540 1'5-

2263 5597 2376 5652 πης
2409 5583 2782 5653 εύπράδεκτον
2813 5585 3146 5654 πανδοχεῖον.
3181 5586 3243 5637 Ὢ
3267 5587 3408 5656 πόση
3441 5587 3543 5656 τῆς
3565 5584 3795 5654 ἡμετέρας

2263 5673 2539 5738 εὐτελείας
2565 5677 2598 5746 ή
2633 5676 2932 5746 τραγῳδίαι
2964 5676 3128 5739 πόσος
3159 5676 3254 5745 τῆς
3290 5677 3633 5746 ἀνθρωπίνης
3663 5669 3794 5724 ἀσθε-

2262 5766 2412 5829 νείας
2439 5767 2468 5818 6
2494 5767 2792 5838 θρίαμϐοςι
2841 5767 2886 5820 ῶ
2931 5769 3072 5822 πόσα
3123 5764 3304 5821 εἶπονί
3346 5767 3448 5837 τῆς
3490 5761 3792 5836 προφητικῆἶ

2263 5860 2446 5924 φωνῆς
2466 5859 2614 5913 οὐδὲν
2638 5859 3039 5931 ἁρμοδιώτερον
3058 5855 3117 5914 εὖ
3126 5878 3215 5932 ρον
3243 5860 3342 5930 τῆς
3372 5859 3646 5928 λεγούσης.
3671 5852 3788 5919 Πλὴν
