3910 6470
124 376 260 444 1133

1310 371 1547 433 SACRA
1582 363 2045 431 PARALLELA.

3215 355 3350 431 113‘

115 492 444 563 ταράσσεται
511 489 618 554 πᾶς
670 487 954 559 ἄνθρωπος
983 486 1092 552 ζῶν
1123 500 1138 518 ο
1176 481 1373 555 νεκροῦ
1420 481 1689 552 ἀχρηστό-

1818 479 2028 536 ebrium
2080 474 2388 539 ludicrum,
2427 459 2906 546 ‘VQuotidianarnm
2975 474 3349 531 calamitatum

114 600 251 655 τερα
275 583 343 637 τὰ
377 582 606 654 λαμπρὰ
631 581 723 635 τοῦ
745 579 1010 651 παρόντος
1039 577 1177 650 βίου.

1791 569 2161 643 gymnasium,
2179 577 2487 640 promptum
2509 568 2763 624 maeroris
2787 569 2967 623 omnis
2983 576 3351 638 conceptacu-

117 675 249 730 lum.
281 676 320 727 0
344 679 550 746 quanta
573 671 805 727 vilitatis
830 677 1035 725 nostra:
1061 664 1327 738 tragtedia
1346 664 1361 717 l
1382 669 1624 735 quantus
1653 659 1997 715 inﬁrmitatis
2024 666 2229 714 nostrae
2254 657 2601 729 triumphus!
2625 655 2670 712 0
2697 666 2830 728 quot
2868 665 2924 713 et
2961 667 3171 727 quanta
3196 656 3344 711 dixil

115 785 219 825 nec
242 778 422 824 tamen
454 766 754 838 quidquam
795 765 979 835 aptius
1007 760 1335 833 prophetica
1359 773 1496 814 voce
1524 756 1709 838 reperi
1748 754 1965 810 dicente
2005 771 2018 807 :
2053 772 2071 805 ι
2115 751 2508 809 Verumtamen
2560 766 2700 807 vane
2750 751 3120 807 conturbatur
3168 751 3383 806 omnis-

116 862 280 916 homo
327 836 543 913 vivens.
578 836 617 909 »ί
645 854 825 910 Minus
854 868 1021 925 quam
1068 849 1308 907 cadaver
1342 847 1593 915 utilitatis
1644 836 1869 911 habent,
1899 859 2023 917 qua:
2098 846 2153 898 in
2224 844 2330 899 hoc
2392 843 2597 899 sacculo
2654 843 2945 914 splendida
2986 844 3356 915 praeclaraque

116 957 268 1005 sunt.

184 1034 264 1097 Τά
284 1040 528 1113 παρόντα
577 1037 756 1093 πάντα
799 1036 1045 1106 ἀράχνης
1092 1033 1241 1087 ἐστὶν
1296 1029 1684 1103 ἀδρανέστερα,

114 1143 216 1198 καὶ
260 1137 484 1210 ὀνείρων
540 1130 930 1202 άπατηλότερα
960 1143 974 1157 ·
1008 1126 1105 1182 καὶ
1144 1124 1278 1211 ,γάρ
1331 1122 1427 1176 καὶ
1474 1119 1689 1211 Ζάγαθὰ,

114 1235 213 1291 καὶ¹
240 1231 311 1287 τὰ
336 1227 490 1284 κακὰ
516 1225 672 1288 τέλος
701 1222 836 1294 ἔχει.
868 1218 1108 1282 Είδότες,
1128 1210 1426 1286 ἀγαπητοὶ,
1555 1210 1691 1280 ὄναρ

96 1326 187 1399 ντὰ
232 1322 502 1395 παρόντα,
568 1317 663 1372 καὶ
693 1315 768 1380 ὡς
800 1311 1111 1381 πανδοχεῖον
1166 1306 1446 1399 οἰκουμεν,
1496 1302 1693 1399 ὡς-δια

115 1416 317 1480 παντὸς
346 1411 686 1484 ἐξερχόμενοι
717 1421 731 1436 °
763 1402 1145 1477 φροντίσωμεν
1169 1400 1269 1471 τῆς
1299 1395 1444 1460 ὀδοῦ,
1503 1396 1598 1450 καὶ
1624 1395 1693 1448 τὰ.

117 1509 309 1579 ἐφόδια
336 1500 438 1577 τῆς
462 1501 684 1558 αἰωνίου
713 1498 861 1569 ζωῆς
888 1495 1277 1566 ὲπαγὰγωμεν.
1317 1486 1693 1557 Ἐνδνσώμεθα

118 1602 311 1675 ἱμάτια
331 1599 398 1653 τά
433 1597 552 1669 μεθ’
584 1593 743 1665 ἡμῶν
780 1589 1133 1662 ἀπερχόμενα
1157 1601 1170 1615 ·
1213 1583 1402 1654 ὥσπερ
1429 1582 1528 1653 τῆς
1558 1580 1695 1675 ίδίας

119 1672 280 1758 σκιᾶς
308 1686 409 1747 οὐκ
427 1690 577 1744 ἐστιν
605 1682 985 1761 ἐπιλαϐέσθαι,
1007 1679 1184 1743 οὕτως
1207 1676 1329 1731 οὐδὲ
1351 1674 1460 1729 τῶν
1487 1672 1694 1745 ἀνθρω-

118 1787 296 1840 πίνων
348 1778 715 1855 πραγμάτων.
751 1773 835 1829 Τὰ
865 1772 963 1843 μὲν
995 1770 1107 1841 γάρ
1144 1770 1213 1839 τῇ
1247 1765 1472 1835 τελευτῇ
1506 1778 1693 1855 -κατα-

1862 1024 2058 1095 Ejusd.
2092 1025 2251 1081 llam.
2291 1028 2357 1081 de
2380 1027 2562 1095 posuit.
2587 1055 2659 1067 ——
2691 1026 2989 1083 Praesentia
3020 1030 3201 1084 omnia
3234 1046 3359 1086 ara-

1788 1132 1905 1173 nea:
1939 1118 2046 1173 tela
2083 1118 2446 1175 imbecilliora
2479 1129 2631 1183 sunt,
2665 1122 3026 1177 etinsomniis
3055 1122 3358 1181 fallaciora.

1787 1209 1924 1264 Nam
1954 1220 2007 1266 et
2039 1211 2182 1266 bona
2206 1219 2262 1267 et
2290 1214 2432 1267 mala
2469 1213 2631 1268 linem
2666 1214 2889 1270 habent.
2940 1215 3077 1271 Cum
3106 1231 3237 1286 ergo
3260 1234 3359 1272 ex-

1790 1302 2065 1373 ploratum
2121 1304 2441 1372 habeamus,
2488 1305 2825 1372 charissimi,
2864 1310 3153 1377 praesentia
3177 1311 3361 1363 omnia

1792 1393 2054 1449 insomnii
2107 1395 2396 1465 cujusdam
2446 1397 2621 1452 instar
2654 1413 2801 1464 esse,
2868 1415 3081 1471 nosque
3122 1402 3269 1455 velut
3305 1401 3358 1456 in

1795 1486 2106 1543 diversorio
2126 1504 2310 1559 agere,
2338 1504 2404 1544 ex
2436 1504 2544 1557 quo
2575 1491 2751 1547 simds
2780 1493 3006 1547 omnino
3031 1493 3319 1563 migraturi
3345 1510 3360 1557 ;

1796 1577 2012 1635 itineris
2067 1595 2254 1634 curam
2294 1580 2616 1647 habeamus,
2653 1592 2815 1653 atque
2846 1595 3060 1639 teterme
3081 1587 3206 1640 vitae
3246 1586 3363 1638 εἰοι-

1795 1670 1906 1725 tica
1954 1671 2114 1726 nobis
2174 1687 2576 1743 comparemus.
2642 1672 2836 1731 Vestes
2875 1676 3188 1743 indnamus,
3245 1693 3365 1747 qua:

1798 1761 2082 1817 nobiscum
2142 1764 2357 1817 abeant.
2403 1763 2870 1830 Quemadmodum
2916 1781 3072 1821 nemo
3115 1768 3364 1821 umbram

115 1880 328 1944 λύεται,
352 1853 424 1930 τά
444 1874 502 1926 δὲ
532 1870 639 1941 πρὸ
656 1868 755 1939 τῆς
779 1866 873 1920 καὶ
912 1862 1115 1925 παντὸς
1126 1859 1429 1931 χειμάρῤου
1467 1853 1695 1944 ὀξυρρε-

1818 1867 1952 1907 suam
1985 1861 2206 1924 captare
2233 1864 2445 1924 potest;
2486 1855 2566 1910 sic
2592 1870 2692 1910 nec
2720 1871 2808 1913 res
2834 1858 3121 1911 humanas.
3152 1856 3367 1912 Etenim

117 1974 387 2039 πέστερον
455 1963 692 2035 παράγει
740 1975 755 1990 ο
813 1957 882 2011 τὰ
924 1955 982 2009 δὲ
1037 1953 1299 2025 μέλλοντα
1366 1949 1468 2003 οὐκ
1550 1943 1692 2000 οἶδεν

121 2059 456 2135 μεταϐολήν.
482 2055 597 2110 Οὐκ
647 2046 937 2106 ἐπίσταται
998 2047 1201 2119 γῆρας,
1254 2046 1355 2098 οὐκ
1403 2042 1515 2113 ἔχει
1563 2040 1693 2135 ’τινὰ

118 2131 426 2218 ἀλλοίωσιν,
473 2147 589 2203 ἀλλ’
645 2143 800 2199 ἀνθεῖ
849 2138 1113 2212 διηνεκῶς
1146 2177 1163 2204 ,
1218 2138 1314 2191 καὶ
1339 2136 1397 2189 ὲν
1423 2131 1694 2195 ποικίλαις

120 2234 455 2315 εὐπραγίαις
485 2236 752 2308 διαμένει.
784 2230 876 2302 Μὴ
897 2229 1187 2301 θαυμάσῃς
1236 2229 1497 2299 χρήματα
1516 2222 1591 2277 τὰ
1620 2221 1697 2315 μὴ

120 2314 512 2409 παραμένοντα
537 2326 652 2393 τοῖς
684 2323 1066 2395 κεκτημένοις,
1098 2320 1214 2376 ἀλλ’
1243 2317 1541 2390 ἀμείϐοντα
1570 2314 1696 2377 τοὺς

120 2426 415 2490 δεσπότας,
446 2421 540 2479 καὶ
572 2422 681 2477 άπὸ
714 2416 907 2475 τούτου
959 2412 1325 2485 ἁποπηδῶντα
1354 2412 1435 2474 εἰς
1486 2408 1696 2481 ἕτερον,

120 2522 223 2577 καὶ
250 2518 414 2575 πάλιν
444 2518 539 2572 ἀπ’
561 2515 774 2571 ἐκείνου
837 2509 977 2583 πρὸς
1001 2507 1159 2565 ἄλλον
1179 2523 1194 2539 ·
1226 2504 1431 2558 τούτων
1478 2501 1701 2555 πάντων

120 2614 213 2667 δεῖ
239 2608 596 2666 καταπτύειν.
631 2605 818 2678 Ἀρκεῖ
847 2603 971 2675 γάρ
999 2598 1233 2655 ἀκοῦσαι
1278 2597 1374 2651 καὶ
1418 2594 1581 2666 μόνον
1604 2591 1699 2646 τοῦ

120 2704 417 2773 λέγοντοςο
465 2719 485 2754 ι
514 2700 597 2753 Τὰ
627 2697 964 2768 ιβλεπόμενα
1026 2690 1343 2763 πρόσκαιρα
1366 2704 1380 2719 ·
1410 2687 1481 2740 τὰ
1519 2685 1577 2739 δὲ
1625 2683 1700 2755 μὴ

126 2794 463 2866 βλεπόμενα,
498 2786 712 2846 αἰώνια.
751 2807 771 2842 t
804 2780 969 2850 Σκιᾶς
1016 2784 1208 2839 θᾶττον
1238 2778 1473 2835 ἀπανθεῖ
1499 2777 1568 2831 τά
1604 2777 1699 2830 ἀνι

126 2886 158 2939 θ
167 2884 409 2958 ρὼπινα.

204 3140 435 3203 οῦδενὸς
480 3135 652 3202 οὕτως
676 3136 752 3201 ὡς
800 3135 994 3208 χρόνου
1050 3126 1348 3202 πενόμεθα.
1389 3128 1499 3183 Καὶ
1534 3124 1568 3199 ἡ
1604 3126 1705 3192 μὲν

1795 1946 1899 2000 illa:
1935 1948 2134 2015 partim
2173 1947 2227 2000 in
2260 1958 2438 2001 morte
2465 1947 2807 2013 dilabuntur,
2838 1950 3040 2018 partim
3063 1960 3188 2004 ante
3218 1964 3368 2004 mor-

1794 2046 1929 2102 tem;
1964 2047 2019 2092 et
2078 2039 2271 2108 quovis
2308 2046 2551 2093 torrente
2600 2040 2846 2110 rapidius
2902 2039 3103 2096 ﬂuunt.-
3163 2040 3367 2097 Contra

1794 2144 1947 2193 vero,
1986 2145 2107 2200 qua:
2135 2129 2369 2199 posthac
2414 2132 2593 2185 futura
2618 2140 2768 2195 sunt,
2829 2147 2929 2187 nec
2988 2134 3369 2200 mutationem,

1796 2236 1900 2276 nec
1925 2221 2136 2277 senium
2168 2229 2397 2276 norunt.
2428 2221 2588 2277 Nulla
2616 2223 2670 2278 in
2697 2223 2813 2279 haec
2852 2228 3147 2281 conversio
3176 2228 3326 2281 cadit
3354 2244 3369 2280 :

1797 2309 1893 2365 sed
1923 2310 2045 2365 sine
2095 2310 2207 2365 ulla
2236 2310 2649 2368 intermissione
2698 2312 2922 2376 ﬂorent,
2958 2318 3091 2371 etin
3124 2316 3272 2371 varia
3319 2325 3375 2372 et

1799 2403 2087 2471 multiplici
2172 2402 2437 2460 felicitate
2495 2415 2766 2476 perstant.
2822 2407 2966 2464 Cave
2997 2425 3093 2466 eas
3120 2422 3254 2481 epes
3274 2411 3375 2464 ad-

1800 2494 2040 2555 mireris.
2075 2510 2195 2563 quae
2221 2512 2344 2551 cum
2378 2497 2616 2554 dominis
2663 2498 2889 2555 minime
2916 2511 3257 2571 permanent,
3279 2504 3375 2558 sed

1799 2598 1896 2639 eos
1919 2585 2150 2641 subinde
2178 2594 2410 2655 mutant,
2428 2596 2595 2660 atque
2620 2590 2691 2646 ab
2712 2605 2825 2647 uno
2850 2594 2917 2647 ad
2944 2594 3177 2649 alterum
3197 2604 3379 2650 trans-

1800 2676 1981 2738 iliunt,
1999 2686 2054 2732 et
2073 2692 2270 2735 rursus
2286 2678 2468 2736 abillo
2491 2680 2557 2736 ad
2583 2682 2902 2740 alium.Hasc
2917 2684 3101 2740 omnia
3119 2698 3380 2755 respuen-

1803 2769 1870 2825 da
1905 2779 2053 2825 sunt.
2078 2769 2290 2825 Sullicit
2312 2771 2459 2827 enim
2497 2774 2580 2828 vel
2610 2773 2664 2829 id
2700 2788 2869 2830 unum
2905 2775 3097 2834 audire
3129 2778 3274 2848 quod
3305 2779 3382 2833 ait

1803 2863 2102 2931 Apostolus
2134 2880 2148 2919 :
2181 2882 2200 2915 ι
2227 2862 2359 2931 Quae
2399 2865 2669 2931 videntur,
2716 2869 3033 2938 temporalia
3073 2878 3232 2938 sunt;
3260 2886 3381 2942 quae

1805 2962 1985 3009 autem
2033 2969 2145 3009 non
2174 2955 2454 3019 videntur,
2508 2966 2714 3012 aeterna
2747 2960 2764 3027 (
2798 2956 2861 3013 II
2895 2959 3026 3016 Cor.
3069 2976 3143 3026 tv,
3181 2962 3248 3016 18
3272 2969 3311 3031 ).
3358 2980 3376 3014 ι

1807 3049 2011 3104 Umbra
2041 3049 2235 3119 quavis
2295 3049 2529 3105 celerius
2585 3066 2673 3107 res
2716 3051 2968 3108 humana:
3009 3065 3379 3110 marcescunt.

1877 3140 1993 3195 Nili
2027 3150 2238 3201 ascetw.
2272 3141 2370 3196 lib.
2391 3156 2467 3207 tv,
2502 3142 2662 3213 epist.
2690 3143 2778 3211 18,
2802 3143 3043 3201 Letorio.
3068 3176 3138 3186 —
3166 3145 3385 3202 Nullius

127 3238 304 3308 τέχνη
371 3201 577 3306 μακρὰ,
629 3201 854 3305 βραχὺς⁷
882 3228 940 3283 δὲ
981 3228 1011 3282 ὁ
1042 3225 1156 3297 βίος
1200 3224 1380 3297 ἡμῶν.
1417 3218 1615 3292 Ἐγγῦς
1646 3220 1707 3274 τὸ

1818 3235 2037 3306 perinde
2076 3236 2153 3290 rei
2182 3273 2197 3298 ,
2231 3242 2292 3289 ut
2341 3201 2627 3307 temporis,
2676 3239 2908 3306 penuria
2938 3238 3276 3295 laboramus.
3308 3240 3386 3293 Ac

126 3331 293 3394 τέλος
344 3328 444 3398 τῆς
474 3324 618 3398 ζωῆς
656 3340 672 3357 ·
724 3322 1093 3395 γρηγόρησον,
1134 3317 1411 3389 ἄνθρωπε.

209 3530 531 3595 Καθεύδεις,
547 3528 643 3584 καὶ
660 3530 690 3583 ό
705 3527 897 3599 χρόνος
922 3538 983 3580 σε
1010 3516 1710 3598 παρατρέχειοὲγρήγορας,

131 3627 239 3683 καὶ
276 3627 409 3698 περί
434 3624 504 3680 τὰ
535 3622 740 3694 μάταια
763 3619 863 3692 τὴν
900 3617 1097 3673 ἑαυτοῦ
1126 3616 1437 3689 περιέλκεις
1466 3611 1709 3685 καρδίανο

132 3719 259 3774 ἀλλ’
290 3719 444 3790 ὅμως
472 3715 722 3789 μειοῦται
747 3716 782 3786 ἠ
811 3712 925 3785 ζωή
965 3727 1083 3777 σου,
1113 3708 1216 3765 κᾶν
1231 3706 1392 3771 αὐτὸς
1418 3706 1495 3778 μὴ
1523 3702 1713 3758 αἰσθά-

134 3829 234 3883 νῃ,
267 3808 405 3882 μηδὲ
432 3808 639 3880 συνιῇς-

213 4012 401 4068 Φύλλα
428 4012 522 4066 καὶ
565 4005 949 4083 πομφόλυγας.
1000 4007 1098 4079 καὶ
1119 4003 1347 4068 καπνὸν,
1375 4000 1470 4055 καὶ
1518 3998 1714 4071 ἄχυρα,

137 4111 251 4168 καὶ
274 4110 458 4175 σκιάν,
485 4108 581 4163 καὶ
600 4106 882 4179 κονίορτον
912 4104 1021 4160 ἀπὸ
1048 4102 1267 4167 ἅλωνος
1293 4095 1719 4171 ὲκριπτούμενον

138 4204 261 4259 ὐπὸ
288 4204 496 4274 ἀνέμου
543 4202 804 4273 προεῖπον
853 4198 1035 4255 πάντα
1065 4196 1161 4252 τοῦ
1206 4195 1470 4267 παρόντος
1525 4190 1720 4251 αἰῶνος

136 4293 217 4348 τὰ
237 4291 490 4363 λαμπρά.
514 4289 699 4344 Πάντα
724 4289 834 4359 γάρ
865 4286 936 4341 τὰ
959 4288 1125 4358 γήϊνα
1154 4286 1253 4356 τὴν
1313 4284 1415 4354 γῆν
1476 4279 1719 4352 εὑρίσκει

137 4384 331 4448 τέλος.

228 4498 593 4569 ’ἱππόδρομον
613 4495 825 4567 νοήσεις
853 4493 943 4546 τὸν
980 4490 1226 4563 παρόντα
1262 4489 1454 4543 αἰῶνα.
1513 4487 1721 4552 Πάντες

140 4595 266 4664 γὰρ
285 4593 347 4645 ὲν
369 4589 519 4661 αὐτῷ
554 4581 750 4659 φαῦλοί
774 4603 837 4639 τε
868 4584 964 4639 καὶ
993 4582 1193 4650 ἁγαθοὶ
1231 4581 1509 4652 ἄνθρωποι
1568 4580 1727 4650 δίκην

140 4689 331 4741 ἵππου
354 4680 607 4754 τρέχουσι
635 4679 774 4751 πρὸς
790 4677 854 4731 τὸ
884 4677 1088 4730 οἰκεῖον
1120 4674 1350 4738 ἕκαστος
1379 4672 1728 4744 ἐπειγόμενοι

138 4779 364 4849 πέρας.
403 4796 422 4829 ι
458 4774 573 4830 Οὐκ
599 4773 800 4839 οἴδατε,
823 4770 1012 4841 φησὶν,
1057 4769 1139 4822 ὅτι
1158 4768 1209 4822 οἱ
1246 4768 1306 4822 ὲν
1338 4767 1537 4838 σταδίῳ
1598 4765 1730 4837 τρέ-

134 4884 374 4943 χοντες,
425 4867 630 4929 πάντες
688 4863 789 4935 μὲν
836 4861 1148 4935 τρέχουσιν,
1172 4853 1254 4924 εἷς
1292 4858 1351 4913 δὲ
1377 4856 1644 4929 λαμϐάνει
1672 4856 1733 4909 τὸ

136 4960 449 5036 βραϐεῖονς
501 4954 641 5027 Ἐγὼ
694 4955 877 5010 τοίνυν
930 4950 1075 5008 οὓτω
1100 4953 1301 5024 τρέχω,
1345 4951 1422 5016 ὡς
1465 4950 1567 5004 οὐκ
1599 4949 1732 5020 ἀδή-

133 5057 291 5117 λως.
331 5070 353 5105 ι
418 5044 655 5114 Εἰκότως
709 5042 803 5103 οὖν
852 5046 1185 5118 ἱππόδρομον
1208 5043 1441 5114 λέγομεν
1486 5042 1578 5097 τὸν
1597 5060 1736 5114 παρ-

135 5146 292 5199 όντα
314 5138 451 5210 βίον.

222 5252 376 5325 Θρὶξ
392 5250 801 5323 λελευκασμένη
831 5250 930 5321 τὴν
981 5246 1235 5303 ἐντεῦθεν
1259 5246 1359 5317 τῆς
1387 5244 1563 5317 ψυχῆς
1601 5242 1738 5297 ἀποω

132 5348 372 5419 δημίαν
422 5344 521 5416 βοᾷ
564 5338 659 5398 καὶ
722 5338 1173 5414 διαμαρτύρεται.
1227 5332 1414 5404 Ὅθεν,
1479 5335 1627 5392 κατὰ
1670 5334 1732 5389 τὸ

136 5435 576 5510 γεγραμμένον,
621 5452 641 5486 ι
673 5433 927 5504 ἑτοίμαζε
955 5432 1024 5486 τά
1053 5432 1191 5505 ἔργα
1242 5448 1336 5485 σου
1380 5430 1462 5493 εἰς
1508 5426 1607 5499 τὴν
1655 5426 1741 5492 ἐξ·

136 5531 306 5585 οδον.
348 5543 371 5577 ι
412 5525 644 5579 Θεατέον
686 5524 796 5596 γάρ
840 5523 939 5595 τὴν
958 5522 1143 5595 χώραν
1187 5522 1289 5594 τῆς
1339 5519 1612 5590 κεφαλῆς,
1646 5518 1741 5572 καὶ

136 5618 260 5674 τοῦ
285 5615 576 5685 πώγωνος.
604 5617 686 5671 ὅτι
718 5616 890 5687 λευκὴ
914 5616 1149 5687 ὑπάρχει
1173 5614 1312 5688 πρὸς
1334 5611 1616 5686 θερισμὸν,
1644 5610 1741 5665 καὶ

144 5711 367 5782 μέλλει
400 5710 646 5783 δρεπάνη
670 5724 753 5775 τις
769 5710 935 5782 νοητὴ
964 5709 1051 5764 διὰ
1071 5708 1303 5764 θανάτου
1334 5704 1621 5777 ικτέμνειν
1639 5703 1741 5774 τὴν

138 5802 357 5877 ψυχήν
387 5816 480 5856 σου
507 5804 571 5857 lx
588 5802 683 5857 τοῦ
732 5802 1002 5875 σώματος,
1068 5802 1163 5858 καὶ
1211 5802 1291 5865 εις
1346 5799 1529 5865 ξένους
1588 5795 1742 5859 τινὰς

1811 3327 2036 3398 quidem
2090 3342 2184 3383 ars
2214 3326 2374 3398 longa
2428 3335 2547 3394 est;
2580 3328 2693 3383 vita
2725 3339 2906 3386 autem
2931 3338 3141 3399 nostra,
3172 3332 3379 3389 brevis.

1818 3419 1951 3473 Vita:
1975 3418 2099 3474 linis
2139 3418 2407 3474 imminet.
2450 3416 2648 3491 Vigila,
2690 3432 2725 3476 ο
2760 3421 2949 3477 homo.

1886 3529 2140 3601 Ejusdem
2191 3529 2287 3584 lib.
2331 3544 2410 3595 nt,
2467 3531 2620 3599 epist.
2679 3528 2783 3586 317
2820 3532 2928 3603 (at.
2976 3531 3286 3605 llesychii).
3318 3558 3388 3578 -ω

1817 3623 2063 3690 Dormis,
2097 3628 2153 3678 et
2191 3629 2406 3689 tempus
2441 3629 2495 3679 te
2533 3626 2976 3695 praetergreditur
3008 3639 3024 3679 :
3062 3626 3287 3697 vigilas,
3326 3640 3389 3682 ac

1817 3721 2050 3769 mentem
2107 3707 2257 3767 tuam
2288 3712 2438 3769 circa
2478 3728 2567 3769 res
2598 3728 2770 3770 vanas
2816 3716 3114 3773 abstrahis.
3164 3715 3385 3773 Interim

1818 3807 1925 3859 vita
1973 3813 2063 3860 tua
2117 3804 2481 3866 imminuitur.
2526 3820 2650 3861 cum
2710 3823 2811 3863 nec
2859 3810 2974 3879 ipse
3019 3811 3253 3877 sentias,
3291 3826 3390 3868 nec

1813 3898 2111 3976 intelligas.

1890 4010 2161 4081 Ejusdem.
2193 4002 2398 4068 Forsan
2430 4013 2700 4085 Hesychii.
2733 4008 2994 4081 -—-'Folia,
3026 4025 3081 4071 et
3106 4018 3304 4084 bullas,
3335 4028 3390 4073 et

1821 4101 2049 4165 fumum,
2085 4109 2140 4158 et
2160 4103 2366 4173 paleas,
2395 4115 2449 4159 et
2471 4104 2743 4183 umbram,
2772 4113 2827 4160 et
2852 4107 3131 4176 pulverem
3154 4108 3222 4161 ab
3259 4124 3386 4162 area
3430 4116 3439 4128 ‘

1820 4196 1872 4250 vi
1923 4195 2071 4250 venti
2122 4206 2433 4263 excussmn,
2454 4210 2670 4252 omnem
2721 4197 2884 4268 hujus
2911 4197 3013 4253 aevi
3045 4198 3387 4269 splendorem

1821 4284 2133 4355 appellavit.
2167 4283 2407 4340 Terrena
2464 4286 2610 4342 enim
2651 4288 2834 4343 omnia
2866 4294 3068 4343 terram
3099 4287 3259 4344 tinent
3290 4289 3391 4343 Ita-

1822 4377 1974 4431 hent.

1827 4479 1843 4489 ”
1898 4489 2170 4561 Ejusdem.
2193 4491 2529 4571 agra‘scns
2572 4507 2747 4548 aavum
2780 4508 2902 4549 esse
2934 4495 3141 4549 circum
3187 4494 3387 4566 cogita.

1828 4581 2032 4638 Omnes
2061 4584 2205 4638 enim
2230 4587 2282 4638 in
2316 4598 2381 4638 eo
2412 4593 2520 4638 tam
2565 4582 2714 4649 boni,
2743 4599 2905 4654 quam
2937 4586 3087 4651 mali,
3127 4602 3392 4658 equorum

1828 4673 2005 4729 instar
2056 4684 2309 4739 currunt,
2355 4676 2423 4730 ad
2468 4690 2624 4731 suam
2656 4676 2893 4746 quisque
2924 4686 3121 4733 metam
3151 4682 3347 4734 conten
3373 4711 3390 4719 -

1828 4763 2042 4820 dentes.
2093 4784 2111 4816 ι
2136 4766 2216 4819 An
2250 4766 2504 4832 nescitis,
2540 4765 2722 4836 inquit
2749 4766 2861 4829 ille,
2904 4768 3170 4840 quodqui
3196 4770 3249 4825 in
3278 4783 3393 4824 sta-

1829 4854 1920 4909 dio
1961 4865 2214 4919 currunt,
2246 4872 2437 4912 omnes
2471 4855 2690 4927 quidem
2751 4866 3002 4925 currunt,
3036 4874 3177 4916 unus
3216 4871 3394 4916 autem

1831 4945 2030 5015 accipit
2080 4947 2374 5001 bravium?
2432 4946 2544 5019 Ego
2577 4948 2658 5003 sic
2691 4963 2875 5013 curro,
2910 4967 3015 5006 non
3043 4952 3200 5022 quasi
3233 4952 3286 5006 in
3310 4954 3395 5007 in-

1832 5047 2041 5094 certum
2069 5038 2134 5110 (I
2160 5039 2287 5095 Cor.
2324 5055 2398 5104 Ix,
2427 5039 2664 5110 94,26).
2687 5060 2707 5093 ι
2741 5040 2859 5096 Non
2890 5045 2958 5098 ab
2986 5045 3229 5116 reigilur
3259 5060 3397 5114 pra:-

1835 5140 2044 5188 sentem
2073 5133 2242 5187 vitam
2271 5132 2480 5188 circum
2504 5135 2871 5204 appellamus.

1905 5245 2178 5317 Ejusdem.
2199 5278 2265 5292 -ι
2296 5247 2563 5312 Canities,
2605 5252 2802 5303 animae
2834 5264 2897 5304 ex
2926 5248 3029 5303 hac
3052 5250 3161 5304 vita
3190 5249 3400 5305 disces-

1837 5350 1960 5391 sum
2009 5336 2210 5393 clamat
2236 5345 2291 5393 et
2317 5346 2675 5394 contestatur.
2716 5338 3011 5404 Quocirca,
3048 5339 3401 5409 quemadmo-

1837 5432 1967 5483 dum
2022 5431 2286 5499 scriptum
2317 5429 2482 5502 326
2520 5440 2629 5495 est,
2665 5447 2683 5484 ι
2719 5445 2959 5502 praepara
3004 5446 3170 5501 opera
3213 5438 3307 5485 tua
3335 5432 3402 5484 ad

1838 5518 2044 5573 exitum
2070 5504 2271 5583 ('Prov.
2314 5533 2464 5585 χχιιι,
2488 5518 2557 5573 27
2602 5519 2679 5590 ).›
2714 5518 3406 5589 Considerandumquippe

1839 5615 1924 5663 est
1952 5607 2147 5678 capitis
2183 5616 2236 5663 et
2260 5609 2441 5664 barbae
2474 5608 2747 5681 regionem
2774 5609 2958 5663 albam
2986 5624 3112 5667 esse
3154 5610 3224 5663 ad
3258 5624 3406 5664 mes-

1841 5714 1956 5757 sem
1990 5719 2005 5757 :
2031 5708 2086 5756 et
2103 5701 2416 5773 propediem
2449 5700 2586 5769 fore,
2610 5710 2669 5756 ut
2687 5698 2797 5757 falx
2819 5701 3067 5773 quaedam
3101 5702 3408 5774 spiritualis

1844 5795 2082 5849 animam
2128 5802 2279 5848 tuam
2312 5807 2341 5847 a
2381 5806 2608 5863 corpore
2655 5808 2751 5864 per
2807 5810 2990 5851 necem
3016 5794 3324 5859 abstrahat,
3354 5799 3411 5846 et
3486 5848 3491 5851 .
