4024 6416
546 375 683 443 1135

1665 355 1723 414 S.
1762 349 2079 413 JOAN‘NIS
2117 345 2550 408 DAMASCENI

2689 247 2718 256 ο-

3629 341 3759 404 1136

543 481 770 537 Domino
796 475 1042 545 jubente,
1078 470 1131 523 in
1166 467 1342 522 aliena
1372 462 1617 536 quaedam
1646 468 1700 512 et
1732 460 1916 528 ignota
1940 470 2098 524 pror-
2126 490 2139 514 ε

2237 454 2434 522 τάμπαν
2466 453 2866 520 ἀγνοουμένους
2898 454 3285 528 μετακομίζιιν
3328 455 3530 518 τόπους
3562 459 3632 528 τῇ
3674 459 3762 510 τώ

540 591 635 629 sus
663 574 777 625 loca
807 565 1144 622 transvehat.

613 659 971 730 Ejusdem.-—
1005 651 1083 706 Ne
1129 647 1286 704 nobis
1334 645 1516 700 fucum
1577 642 1778 695 faciant
1820 653 1906 691 res
1941 634 2103 704 hujus

542 754 754 816 mundi,
790 764 910 818 quae
959 744 1260 816 splendoris
1283 749 1336 796 et
1361 735 1620 794 claritatis
1678 732 1910 802 speciem
1968 741 2106 798 prae-

547 847 740 900 ferant.
765 840 899 896 Nam
917 846 1113 892 cuncta
1157 839 1456 892 transeunt,
1482 842 1579 880 nec
1601 825 1891 896 quidquam
1933 836 1999 875 ex
2022 819 2106 872 bis

546 951 667 1007 qua:
691 938 742 989 in
768 939 1044 1001 aspectum
1068 927 1288 987 cadunt,
1313 923 1523 977 firmum
1551 928 1605 973 et
1638 917 1829 996 stabile
1850 923 1951 969 est.
1971 914 2106 967 Cum

548 1032 733 1099 itaque
763 1023 1093 1083 noverimus,
1121 1018 1258 1072 nihil
1300 1031 1365 1070 ex
1402 1011 1765 1083 prmsentibus
1793 1008 1957 1062 rebus
1983 1019 2106 1058 cum

550 1095 966 1190 possessoribus
1024 1110 1144 1163 suis
1198 1118 1536 1176 permanere,
1589 1101 1858 1168 nobisque
1891 1095 2108 1150 tandem

551 1186 780 1265 necesse
842 1219 970 1260 esse
1001 1201 1150 1256 velut
1176 1215 1240 1254 ex
1278 1196 1513 1264 hospitio
1560 1193 1750 1262 pedem
1777 1189 1969 1244 efferre
1995 1205 2011 1254 ;
2043 1186 2115 1242 sit

551 1299 710 1356 nobis
762 1310 910 1352 cura:
937 1307 1001 1348 ea
1054 1290 1145 1344 via
1190 1304 1312 1359 qua:
1345 1286 1496 1340 ducit
1548 1283 1615 1336 ad
1653 1282 1880 1345 cmlum,
1919 1279 2112 1348 utique

551 1400 768 1446 aeternae
787 1386 914 1440 vitae
961 1381 1251 1436 nobiscum
1304 1376 1503 1431 viatica
1552 1381 1974 1439 comportemus,
2022 1381 2118 1438 per

553 1495 768 1552 preces,
795 1492 891 1547 per
921 1475 1316 1542 eleemosynas,
1357 1483 1450 1538 per
1479 1464 1984 1526 mansuetudinem,
2021 1475 2117 1530 per

555 1573 862 1628 divinarum
923 1565 1330 1634 Scripturarum
1400 1559 1674 1620 notitiam,
1729 1570 1822 1626 per
1875 1552 2123 1623 benigni-

557 1672 724 1720 tatem
753 1659 1186 1725 facilitatemque
1215 1668 1346 1722 erga
1378 1651 1632 1712 famulos,
1665 1664 1728 1703 ac
1753 1663 1849 1719 per
1877 1661 1962 1700 res
1984 1645 2120 1698 alias

555 1771 695 1828 quas
728 1768 855 1808 vera
880 1751 1021 1805 ratio
1042 1749 1238 1802 dictat.

2203 556 2410 626 Κυρίου
2435 554 2694 620 διατάξει.

2269 648 2361 717 Μὴ
2388 646 2710 711 ἐξαπατάτω
2739 645 2886 714 ἡμᾶς
2911 645 2978 697 τὰ
3006 646 3063 696 ἐν
3089 644 3166 716 τῷ
3189 645 3378 715 κόσμῳ
3404 645 3587 715 τούτῳ
3613 663 3768 715 περι·

2203 741 2344 812 φανῆ
2371 739 2464 792 καὶ
2494 737 2723 808 λαμπρὰ
2765 737 3088 807 δεικνύμενα
3133 740 3454 810 πράγματα.
3491 739 3770 808 Παρέρχει

2203 851 2293 886 ται
2323 832 2430 902 γὰρ
2458 831 2526 884 τὰ
2558 832 2756 890 πάντα.
2783 831 2878 883 καὶ
2917 830 3068 882 οὐδὲν
3099 829 3375 892 παντελῶς
3435 829 3548 882 τῶν
3594 847 3773 898 φαινο-

2210 926 2384 995 μένων
2434 923 2718 994 στάσιμον.
2763 922 3149 992 Ἐπιστάμενοι
3198 917 3292 975 οὑν
3341 920 3416 984 ῶς
3461 921 3621 974 οὐδὲν
3672 921 3773 972 τῶν

2209 1017 2490 1088 παρόντων
2553 1015 2860 1085 παραμένει
2910 1017 3020 1077 τοῖς
3074 1017 3353 1085 κτήτορσι,
3410 1015 3508 1066 καὶ
3569 1015 3655 1066 δτι
3705 1015 3777 1066 δεῖ

2211 1110 2429 1170 πάντως
2457 1104 2692 1171 ἐξελθεῖν
2716 1106 2905 1176 ῶσπερ
2933 1107 2998 1157 ὲκ
3025 1105 3363 1174 πανδοκείου,
3399 1106 3779 1175 φροντίσωμεν

2211 1199 2309 1268 τῆς
2359 1198 2478 1252 ὀδοῦ
2531 1199 2628 1268 τῆς
2675 1199 2996 1269 ἁπαγούσης
3053 1200 3187 1261 ἐκεῖ,
3217 1197 3312 1249 καὶ
3340 1199 3408 1250 τὰ
3435 1197 3626 1265 ἐφόδια
3689 1198 3780 1264 τῆς

2214 1292 2431 1345 αἰωνίου
2474 1291 2620 1360 ζωῆς
2661 1292 2868 1353 ἑαυτοῖς
2903 1290 3354 1361 ἀπενεγκώμεθα,
3387 1291 3455 1342 δι’
3493 1290 3696 1359 εὐχῶν,
3723 1290 3782 1340 δι’

2215 1383 2628 1454 ἐλεημοσυνῶν,
2686 1383 2774 1436 διὰ
2833 1383 3173 1453 πραότητος,
3227 1383 3314 1436 διὰ
3368 1383 3627 1450 γνώσεως
3682 1381 3784 1433 τῶν

2217 1475 2591 1528 θεοπνεύστων
2642 1475 2902 1546 Γραφῶν,
2953 1476 3040 1527 διὰ
3085 1475 3184 1544 τῆς
3230 1473 3364 1545 πρὸς
3397 1478 3525 1536 τοὺς
3573 1475 3786 1535 οἰκέτας

2219 1567 2507 1639 εὐμενείας
2536 1569 2630 1622 καὶ
2693 1570 3132 1639 συγκροτήσεως,
3172 1569 3263 1622 καὶ
3327 1569 3414 1621 διὰ
3461 1569 3574 1619 τῶν
3621 1567 3788 1619 ἄλλων

2219 1662 2562 1732 πραγμάτων
2606 1655 2681 1716 ὧν
2725 1661 3054 1734 ὑπαγορεύει
3089 1665 3115 1715 6
3173 1661 3381 1731 ἀληθὴς
3424 1661 3712 1729 λογισμός.

631 1843 892 1900 Philonis.
919 1871 988 1882 -—
1012 1837 1082 1895 Ut
1103 1837 1320 1909 proprie
1341 1835 1554 1906 loquar,
1583 1845 1684 1887 nec
1733 1831 1804 1885 ob
1839 1828 2123 1900 pecunias,

2294 1841 2534 1911 Κυρίως,
2566 1840 2690 1894 οὔτε
2730 1841 2825 1893 ἐπὶ
2875 1843 3174 1911 χρημάτων
3202 1842 3234 1912 ἢ
3264 1843 3568 1910 κτημάτων
3636 1859 3782 1907 12:9:-

560 1947 656 1996 aut
689 1933 1021 2006 amplissima
1051 1931 1274 2003 praedia,
1304 1944 1404 1984 nec
1421 1929 1488 1982 ob
1527 1927 1711 1998 gloriae
1746 1924 2117 1997 splendorem,

562 2049 627 2088 ac
661 2031 827 2085 ullam
878 2026 1114 2096 denique
1145 2039 1212 2078 ex
1244 2022 1412 2077 rebus
1445 2019 1709 2081 externis,
1742 2033 1862 2087 qua:
1914 2014 2122 2088 frigida:

565 2127 897 2191 incertaque
931 2124 1082 2180 sunt,
1120 2123 1174 2171 ct
1199 2130 1266 2169 ex
1293 2112 1493 2182 seipsis
1531 2117 1983 2179 corrumpuntur,
2023 2121 2121 2159 vo-

567 2219 826 2288 luptatem
847 2214 974 2268 licet
1001 2211 1309 2280 percipere.
1335 2206 1479 2272 Quin
1525 2219 1626 2259 nec
1649 2204 1717 2258 ob
1747 2202 1916 2256 robur
1937 2208 1992 2254 et
2016 2197 2124 2252 vim

568 2321 884 2370 nervorum,
924 2303 1172 2371 aliasque
1201 2297 1452 2369 corporis
1476 2295 1654 2358 dotes,
1695 2308 1818 2364 qua:
1839 2301 1892 2347 et
1907 2290 2131 2361 nequis-

569 2400 731 2458 simis
786 2393 1019 2469 perinde
1068 2397 1199 2448 sunt
1227 2401 1569 2450 communes,
1598 2399 1664 2439 ac
1706 2384 1816 2438 illis
1845 2381 2010 2437 etiam
2036 2379 2128 2449 qui

570 2492 705 2564 ipsis
757 2486 970 2560 praediti
1039 2493 1217 2547 erant,
1280 2489 1507 2551 propter
1565 2476 2009 2532 incertitudinem
2077 2478 2132 2526 et

569 2578 996 2638 inconstantiam
1024 2571 1364 2630 ineluctabili
1397 2583 1540 2640 saepe
1567 2569 1736 2622 exitio
1773 2565 2022 2619 fuerunt.

641 2667 1126 2742 Ejusd.-—Nullius
1150 2665 1252 2729 rei,
1275 2663 1324 2720 si
1349 2676 1476 2717 vere
1506 2659 1834 2730 loquendum
1861 2656 1956 2720 sit,
1987 2661 2138 2724 pote-

573 2775 767 2822 statem
787 2764 949 2819 habet
969 2762 1152 2816 homo.
1170 2756 1357 2828 Neque
1377 2755 1520 2810 enim
1541 2752 1834 2824 quidquam
1863 2750 2018 2803 firme
2050 2761 2139 2800 re-

575 2863 733 2925 tinet,
765 2873 872 2913 non
891 2855 1068 2912 solum
1086 2851 1311 2906 aliarum
1340 2863 1545 2911 rerum,
1565 2845 1660 2902 sed
1684 2859 1752 2898 ne
1770 2857 1990 2897 suarum
2014 2839 2140 2910 qni-

576 2955 730 3018 dem;
770 2965 882 3004 non
921 2946 1237 3008 sanitatem,
1273 2956 1383 2997 non
1416 2937 1689 2996 sentiendi
1722 2937 1866 2998 vim,
1906 2948 2014 2988 non
2044 2945 2144 2985 caa-

578 3056 822 3101 terorum
863 3055 984 3112 quae
1017 3037 1084 3093 ad
1106 3049 1304 3106 corpus
1332 3038 1579 3102 spectant
1613 3027 1998 3098 integritatem,
2033 3038 2142 3078 non

581 3151 790 3200 vocem,
819 3147 929 3188 non
955 3124 1417 3196 acumeningenii.
1443 3120 1577 3175 Nam
1608 3119 1751 3187 quod
1781 3116 1848 3170 ad
1872 3130 2022 3186 opes,
2053 3121 2147 3167 aut

2226 1931 2406 2002 ουσία,
2436 1929 2558 1984 οὗτε
2585 1932 2675 1984 ἐπὶ
2701 1930 2859 2000 δόξης
2886 1931 3248 2000 λαμπρότητι,
3277 1931 3398 1983 οὑδὲ
3443 1929 3785 1991 συνόλως

2229 2041 2332 2076 τινι
2364 2023 2470 2076 τῶν
2496 2025 2651 2086 ἐκτὸς
2679 2023 2902 2094 ψυχρῶν
2928 2041 2986 2076 τε
3019 2025 3187 2076 ὄντων
3219 2025 3312 2076 καὶ
3340 2024 3647 2085 ἀϐεϐαίων,
3708 2024 3791 2074 καὶ

2232 2120 2291 2183 ἐξ
2321 2119 2527 2171 ἑαυτῶν
2557 2119 2655 2182 τὰς
2699 2119 2904 2190 φθορὰς
2935 2119 3237 2188 δεχομένων
3291 2117 3505 2188 χαίρειν
3532 2117 3672 2168 ἔστι.
3695 2116 3794 2167 Καὶ

2234 2210 2345 2282 μὴν
2365 2209 2484 2263 οὑδὲ
2534 2211 2629 2262 ἐπὶ
2660 2211 2842 2282 ῥώμῃ,
2898 2211 2991 2263 καὶ
3024 2211 3260 2281 εὐτονίᾳ,
3310 2211 3404 2262 καὶ
3458 2210 3574 2270 τοῖς
3627 2207 3793 2268 ὣλος

2233 2299 2328 2356 τοῦ
2358 2301 2607 2373 σώματος
2639 2304 3124 2374 πλεονεκτήμασιν,
3149 2303 3185 2357 ἃ
3219 2303 3311 2357 καί⁵
3344 2302 3453 2356 τῶν
3525 2300 3793 2369 φαυλοτά·

2235 2412 2344 2448 των
2366 2395 2482 2447 ἐστὶ
2509 2383 2682 2456 κοινά,
2715 2397 2807 2448 καὶ
2860 2399 2973 2458 τοῖς
3035 2395 3215 2466 ἔχουσι
3269 2395 3534 2456 πολλάκις
3586 2393 3797 2461 ὀλεθρον

2239 2485 2609 2556 ἀπαραίτητον
2666 2487 2896 2556 ήνεγκεν
2948 2487 3038 2540 διά
3061 2488 3121 2540 τὸ
3167 2487 3472 2540 ἀσύστατον
3532 2487 3634 2539 καὶ
3684 2484 3797 2537 ἀεί·

2240 2576 2414 2631 ϐαιον.

2315 2669 2541 2723 Πάντων
2578 2670 2698 2741 μὲν,
2731 2672 2777 2724 εί
2807 2671 2888 2724 δεῖ
2910 2671 2957 2724 τ’
2990 2670 3195 2741 ἀληθὲς
3224 2671 3419 2734 εἰπεῖν,
3449 2669 3660 2737 ἄκυρον
3714 2668 3798 2720 ἀν-

2244 2760 2482 2833 θρωπος,
2505 2763 2718 2828 οὐδενὸς
2741 2764 3154 2834 ὲνειλημμένος,
3185 2764 3282 2833 οὑχ
3311 2765 3337 2816 ὃ
3361 2780 3414 2816 τι
3470 2764 3582 2815 τῶν
3611 2762 3799 2822 ἄλλως

2245 2851 2359 2905 ἀλλ’
2385 2854 2506 2906 οὑδὲ
2531 2853 2639 2905 τῶν
2669 2855 2798 2924 περὶ
2845 2855 3008 2908 αὑτὸν
3039 2855 3292 2924 βεϐαίως,
3322 2855 3420 2924 οὑχ
3461 2855 3680 2922 ὑγείας,
3714 2854 3801 2905 οὐκ

2248 2945 2622 3016 εὐαισθησίας,
2662 2947 2760 3000 οὑκ
2787 2948 3104 3019 ἀρτιότητος
3138 2948 3238 3017 τῆς
3267 2950 3392 3019 περὶ
3424 2948 3493 3001 τὰ
3531 2946 3676 3000 ἀλλὰ
3720 2943 3801 2998 τοῦ

2252 3035 2523 3104 σώματος,
2570 3039 2690 3107 οὑχὶ
2713 3039 2915 3108 φωνῆς,
2946 3040 3044 3092 οὑκ
3070 3040 3366 3108 ἀγχινοίας.
3403 3039 3485 3092 Τὰ
3513 3038 3627 3109 γὰρ
3673 3037 3801 3091 κατὰ

2252 3125 2501 3192 πλοῦτον,
2530 3127 2563 3196 ἢ
2594 3127 2784 3194 δόξαν,
2818 3127 2850 3198 ἢ
2891 3128 3076 3196 φίλους
3107 3169 3121 3191 ,
3174 3128 3207 3198 ἢ
3243 3129 3491 3199 ἀρχὰς,ἢ
3524 3130 3630 3182 ὅσα
3682 3125 3803 3183 ἄλλα

581 3197 784 3291 decus,
817 3233 910 3280 aut
946 3221 1173 3282 amicos,
1223 3225 1318 3272 aut
1350 3214 1685 3285 dignitates,
1741 3218 1833 3264 aut
1882 3209 1987 3262 alia
2027 3222 2139 3278 qua!

2248 3220 2483 3290 τυχηρὰ,
2514 3219 2599 3283 τίς
2621 3219 2720 3272 οὐκ
2740 3197 2880 3272 οἶδεν
2901 3219 2975 3283 ὡς
3002 3220 3148 3273 ἐστιν
3175 3197 3624 3287 ἀϐέϐαια;”ῥστε
3659 3222 3805 3290 ἀνάγ·

587 3321 804 3374 fortuna
851 3314 1076 3377 tribuit,
1124 3309 1350 3373 attinet,
1412 3305 1501 3360 cui
1551 3303 1778 3358 dubium
1839 3307 1964 3366 est,
2012 3299 2146 3369 quin

587 3425 779 3481 parum
815 3413 964 3463 certa
995 3417 1062 3458 ao
1106 3401 1264 3456 firma
1294 3395 1441 3454 sint?
1478 3395 1664 3465 Itaque
1695 3390 1948 3448 confiteri
1988 3405 2151 3460 opor-

592 3511 691 3566 tet,
735 3512 919 3555 rerum
994 3494 1237 3550 omnium
1296 3495 1623 3562 potestatem
1676 3484 1842 3540 unius
1888 3483 2154 3538 duntaxat

590 3610 734 3657 esse,
759 3591 852 3662 qui
882 3603 1013 3644 vere
1045 3583 1310 3640 Dominus
1331 3587 1435 3635 est.

665 3723 803 3780 TIT.
823 3723 918 3778 XI.
957 3750 1022 3763 -—
1061 3719 1138 3774 De
1166 3715 1502 3785 beneﬁcentia
1527 3729 1546 3768 :
1575 3721 1624 3765 et
1656 3715 1792 3780 quod
1821 3710 1884 3764 de
1915 3709 2155 3764 omnibus

597 3796 938 3859 benemereri,
970 3801 1017 3846 et
1042 3788 1274 3861 proximi
1292 3803 1451 3861 onera
1477 3785 1901 3861 {erreloportean
1931 3799 2033 3834 non
2057 3798 2158 3833 au-

602 3850 701 3921 tem
730 3850 1052 3932 iniuriarum.
1087 3860 1427 3932 meminisse;
1455 3850 1545 3909 sed
1579 3852 1725 3904 illum
1737 3850 1945 3920 juvare,
1966 3861 2013 3906 et
2043 3865 2160 3932 quia

598 3938 736 3991 male
788 3922 980 4005 '[orsan
1010 3930 1262 4005 gesserit,
1314 3939 1569 3996 arguere;
1599 3939 1703 3974 non
1752 3932 1928 3975 autem
1959 3922 2160 3975 malum

597 4025 694 4078 pro
719 4003 859 4060 malo
891 4003 1123 4059 reddere.

678 4187 831 4242 Deut.
860 4201 992 4251 χιιι,
1016 4183 1068 4238 1.
1089 4212 1160 4223 -
1190 4200 1208 4233 t
1233 4181 1352 4236 Non
1381 4181 1594 4236 videbis
1619 4181 1809 4235 bovem
1849 4178 2036 4232 fratris
2062 4176 2163 4241 tui,

606 4286 702 4332 aut
729 4292 883 4332 ovem
915 4282 1193 4330 errantem
1225 4274 1278 4326 in
1319 4272 1429 4334 via,
1488 4279 1542 4326 et
1586 4270 1926 4341 praeteribis:
1962 4269 2055 4323 sed
2083 4282 2168 4322 re-

608 4366 857 4423 ducendo
909 4365 1141 4418 reduces
1194 4361 1350 4416 fratri
1397 4371 1513 4416 tuo.
1547 4362 1703 4427 Quod
1731 4362 1775 4414 si
1806 4376 1910 4413 non
1937 4376 1998 4415 es
2035 4375 2164 4429 pro-

2247 3325 2318 3378 κη
2350 3310 2653 3377 ὁμολογεῖν,
2682 3311 2762 3364 ὅτι
2797 3311 2924 3382 περὶ
2977 3312 3072 3366 ἕνα
3096 3312 3158 3366 τὸ
3187 3312 3353 3384 κύρος
3404 3313 3517 3368 τῶν
3561 3314 3806 3367 ἁπάντων

2249 3400 2384 3462 ἐστὶ,
2411 3400 2500 3452 τὸν
2515 3401 2641 3455 ὄντα
2675 3402 2827 3466 ὄντος
2861 3402 3085 3473 Κύριον.

2257 3710 2439 3783 ΤΙΤΛ.
2474 3709 2582 3783 IA’_.
2615 3739 2685 3783 -—_-
2718 3709 2854 3783 Περὶ
2901 3711 3287 3783 ἀγαθοεργίας
3318 3729 3332 3783 f
3370 3713 3470 3766 καί
3491 3713 3585 3768 ὅτι
3611 3713 3729 3783 χρὴ
3753 3713 3809 3767 rd

2327 3780 2720 3861 άγςθὸγπρὸς
2747 3781 2940 3861 πάντα
2965 3780 3293 3861 ποιεῑνιριαι
3311 3781 3396 3836 ὅτι
3418 3784 3536 3852 χρὴ
3566 3780 3809 3861 ζᾶήβρρτζ

2331 3851 2436 3902 τοῦ
2453 3852 2719 3916 πλησίον
2745 3851 2972 3918 φέρειν,
3002 3853 3099 3904 καὶ
3119 3853 3204 3921 μὴ
3227 3851 3653 3921 μνησικακεῖν,
3685 3856 3807 3908 ἀλλ’

2330 3921 2874 3992 ἀντιλαμϐάνεσθαι
2910 3921 3117 3983 αὑτοῦ,
3171 3923 3268 3975 καὶ
3310 3923 3586 3992 ἐλέγχειν
3643 3928 3714 3977 τὰ
3740 3925 3810 3986 ὡς

2330 3989 2492 4064 εἰκὸς
2521 3991 2655 4056 παρ’
2686 3991 2870 4064 αὑτοῦ
2903 3994 3185 4064 γινόμενά
3205 3991 3358 4046 κακὰ
3379 4034 3393 4054 ,
3424 3989 3520 4046 sed!
3543 3993 3633 4064 μὴ
3665 3996 3809 4047 ἀντι-

2333 4058 2567 4112 διδόναι
2597 4059 2789 4113 κακὸν
2805 4058 2939 4115 ἀντὶ
2960 4058 3169 4116 κακοῦ.

2340 4197 2358 4230 ι
2391 4178 2483 4250 Μὴ
2511 4177 2634 4232 ἰδὼν
2661 4179 2754 4233 τὸν
2783 4179 2982 4250 μόσχον
3025 4180 3119 4233 τοῦ
3150 4179 3375 4250 ἀδελφοῦ
3404 4197 3517 4244 σου,
3550 4179 3582 4250 ἢ
3607 4179 3668 4231 τὸ
3695 4176 3808 4246 πρό-

2267 4271 2431 4325 ϐατον
2469 4272 2799 4344 πλανώμενα
2851 4274 2910 4326 ὲν
2945 4277 3009 4344 τῇ
3041 4273 3166 4343 ὁδῷ,
3202 4274 3460 4346 ὑπερίδῃς
3493 4273 3634 4326 αὑτά
3657 4271 3807 4324 ’ἁπο-

2270 4367 2473 4436 στροφῇ
2517 4365 2877 4435 ἀποστρέψεις
2927 4367 3067 4420 αὐτὰ
3094 4369 3170 4438 τῷ
3190 4367 3405 4437 ἀδελφῷ
3465 4357 3583 4419 σου.
3622 4362 3805 4418 Ἐἀνδὲ

611 4458 850 4526 pinquus
908 4451 1068 4506 fratri
1125 4459 1241 4515 tuo,
1299 4465 1400 4504 nec
1431 4451 1574 4506 nosti
1615 4466 1761 4513 eum,
1825 4450 2048 4520 colliges
2107 4464 2136 4503 ρ

2273 4457 2348 4526 μὴ
2377 4457 2570 4528 ἐγγίξῃ
2623 4457 2702 4528 τῷ
2755 4457 2969 4528 ἀδελφῷ
3022 4476 3137 4523 σου,
3194 4460 3327 4529 μηδὲ
3393 4459 3591 4529 ἐπίστῃ
3643 4455 3802 4513 αὐτόν,

615 4546 756 4617 apud
787 4556 862 4612 te,
893 4545 1066 4598 donec
1100 4558 1162 4598 ea
1200 4542 1476 4612 quaesierit
1519 4545 1688 4596 frater
1717 4551 1862 4605 tuus,
1897 4549 1952 4595 et
1974 4538 2136 4595 redda

2237 4547 2242 4580 ’
2276 4547 2522 4612 συνάξεις
2548 4550 2687 4604 αὑτὰ
2717 4550 2856 4619 μετά
2883 4549 3110 4602 σεαυτοῦ
3132 4591 3146 4613 ,
3180 4551 3284 4612 ἕως
3322 4550 3388 4603 ἂν
3425 4552 3638 4621 ζητήσῃ
3691 4546 3806 4602 αὑτὰ

616 4641 726 4694 illa.
755 4658 773 4690 ι

690 4756 860 4812 Exod.
893 4753 1102 4819 xxur,‘
1135 4767 1400 4822 seqq.-—¢
1430 4751 1485 4804 Si
1515 4748 2177 4805 occurrerisboviininiici

616 4849 720 4912 tui,
753 4859 846 4902 aut
898 4848 1054 4903 asino
1085 4845 1206 4915 ejus
1238 4843 1574 4907 errantibus,
1602 4841 1874 4896 reducens
1919 4842 2175 4895 restitues

622 4939 809 4994 illi.Si
845 4948 1028 4993 autem
1063 4936 1269 4992 videris
1325 4936 1542 4991 asinum
1600 4933 1810 4988 inimici
1867 4932 1943 4984 tui
1991 4931 2180 5000 jaceno

623 5041 726 5084 tem
761 5031 862 5085 sub
895 5045 1082 5094 onere,
1134 5044 1241 5082 non
1273 5027 1671 5097 pertransibis,
1703 5025 1798 5080 sed
1866 5022 2183 5078 sublevabis

625 5141 747 5178 cum
785 5141 869 5178 80.
900 5144 918 5174 ι

702 5255 719 5286 ι
761 5235 961 5305 Diliges
1007 5234 1312 5304 proximum
1358 5239 1530 5293 tuum,
1584 5243 1684 5282 nec
1719 5226 1839 5295 ejus
1882 5241 2049 5280 causa
2089 5225 2186 5278 ad-

631 5329 821 5382 mittes
847 5333 1150 5396 peccatum.
1183 5343 1202 5375 ι

708 5443 817 5496 ..εἰ
868 5449 1178 5497 attenuatus
1231 5438 1399 5493 fuerit
1446 5434 1620 5490 frater
1675 5442 1825 5493 tuus.
1857 5439 1911 5488 et
1943 5429 2193 5487 inﬁrmus

2275 4639 2544 4708 ὁάδελφός
2575 4657 2692 4705 σου,
2736 4642 2829 4693 καὶ
2853 4639 3068 4710 ἀποδῷς
3091 4641 3248 4694 αὑτά.
3275 4662 3292 4693 ι

2355 4773 2375 4804 ι
2422 4756 2544 4808 Ἐὰν
2572 4757 2908 4827 συναντήσης
2942 4755 3020 4827 τῷ
3053 4754 3137 4824 βοῒ
3183 4754 3280 4808 τοῦ
3308 4754 3502 4824 ἐχθροῦ
3547 4772 3663 4816 σου,
3690 4752 3720 4820 ἦ
3749 4750 3808 4818 τῷ

2279 4846 2557 4916 ὑποζυγίῳ
2589 4846 2754 4900 αὑτοῦ
2809 4848 3202 4917 πλανωμένοις,
3255 4845 3606 4915 ἀποστρέψας
3632 4843 3810 4897 ἀποδώ-

2287 4954 2398 5000 σεις
2433 4937 2603 5006 αὐτῷ.
2633 4938 2757 4990 Ἐὰν
2779 4937 2836 4990 δὲ
2871 4938 2984 5011 ίδῃς
3009 4938 3068 4991 τὸ
3088 4936 3379 5005 ὑποζύγιον
3407 4935 3500 4988 τοῦ
3526 4933 3711 5004 ἐχθροῦ
3737 4948 3809 4982 σου

2288 5029 2575 5092 πεπτωκὸς
2604 5029 2709 5082 ὑπὸ
2737 5029 2829 5081 τὸν
2863 5029 3055 5098 γόμον,
3095 5029 3154 5081 οὑ
3193 5027 3507 5097 παρελεύσῃ
3533 5025 3680 5087 αὐτὸ,
3703 5022 3810 5075 am

2291 5122 2542 5188 συνάγεις
2571 5121 2717 5190 αὑτῷ
2741 5120 2856 5191 μετ’
2877 5121 3063 5174 αὑτοῦ.
3090 5141 3107 5173 ι

2368 5253 2387 5282 ‹
2439 5234 2772 5302 Ἀγαπήσεις
2804 5232 2895 5285 τὸν
2937 5231 3160 5303 πλησίον
3184 5249 3302 5295 σου,
3356 5231 3452 5285 καὶ
3492 5231 3554 5283 οὑ
3611 5228 3736 5298 λήψῃ
3760 5223 3813 5276 δι’

2293 5323 2452 5376 αὑτὸν
2495 5323 2784 5394 ἁμαρτίαν.
2814 5343 2833 5374 s

2372 5457 2390 5490 ι
2432 5438 2558 5491 Ἐἀν
2579 5438 2812 5508 πένηται
2832 5438 2860 5490 6
2887 5437 3112 5506 ἀδελφός
3131 5452 3242 5498 σου,
3261 5437 3357 5490 καὶ
3377 5435 3629 5490 ἀδυνατοῖ
3647 5433 3700 5486 ιν
3717 5428 3817 5488 ταῖς

636 5535 890 5589 manibus
914 5533 1052 5603 apud
1089 5542 1163 5597 te,
1219 5531 1486 5598 suscipies
1513 5542 1637 5583 eum
1665 5527 1822 5596 quasi
1844 5525 2106 5579 advenam

2298 5531 2487 5602 χερσὶν
2516 5529 2666 5601 παρά
2733 5546 2836 5593 σοι,
2890 5527 3158 5600 ἀντιλήψῃ
3208 5523 3374 5581 αὑτοῦ
3401 5527 3478 5590 ὡς
3511 5523 3815 5598 προσηλύτυυ

636 5628 794 5697 327
824 5627 1185 5695 peregrinum.
1218 5635 1270 5677 et
1297 5629 1438 5676 vivet
1470 5623 1636 5674 frater
1669 5629 1795 5673 tuus
1846 5626 2046 5672 tecum.
2079 5613 2193 5669 Non

640 5722 878 5784 accipies
933 5733 1127 5772 usuras
1181 5717 1363 5778 abeo,
1405 5727 1506 5767 nec
1560 5711 1797 5781 amplius
1824 5724 1987 5779 quam
2030 5708 2197 5764 dede-

639 5813 738 5867 ris.
783 5831 798 5862 ι

2251 5643 2266 5682 ,1
2302 5622 2395 5674 καὶ
2422 5622 2685 5691 παροίκου
2717 5639 2730 5651 ·
2752 5623 2847 5673 καὶ
2874 5621 3097 5692 ζήσεται
3125 5623 3154 5673 6
3183 5619 3411 5688 ἀδελφός
3447 5636 3543 5672 σου
3574 5617 3700 5687 μετά
3720 5609 3814 5666 σοῦ.

2303 5714 2375 5766 Οὑ
2408 5713 2554 5786 λήψῃ
2593 5713 2724 5784 παρ’
2747 5712 2912 5766 αὑτοῦ
2935 5713 3116 5776 τόκον,
3142 5713 3259 5766 οὑδὲ
3283 5713 3639 5782 πλεονασμόν.
