3910 6434
102 472 241 540 1137

1353 487 1589 547 SACRA
1618 489 2084 550 PARALLELA.

3200 483 3333 548 1138

177 603 198 637 ι
245 583 494 654 Ἐξῆλθεν
519 585 680 640 Δασὶδ
709 589 816 641 ἀπὸ
849 589 944 644 τοῦ
988 592 1273 662 σπηλαίου,
1304 595 1397 647 καὶ
1440 594 1662 665 ἐϐόησεν

1841 597 1870 651 Ι
1896 597 2022 670 Reg.
2056 613 2202 664 xxiv,
2231 598 2386 651 9-18.
2415 626 2482 638 —-
2509 617 2528 649 ι
2567 598 2817 652 Surrexit
2845 605 3026 652 autem
3065 598 3232 652 David
3268 599 3336 652 de

97 675 278 729 ὀπίσω
311 677 500 743 Σαοὺλ,
529 678 730 746 λέγων·
757 681 927 752 Κύριε
966 683 1183 752 βασιλΞῦ
1206 701 1220 717 ο
1250 688 1343 739 καὶ
1373 687 1668 757 ἐπέϐλεψεν

99 768 278 821 Σαοὺλ
306 769 482 822 ὀπίσω
519 769 706 836 αὑτοῦ,
742 773 838 824 καὶ
866 772 1034 842 ἔκυψε
1064 778 1230 830 Δαϐὶδ
1260 780 1352 831 ἐπὶ
1380 781 1670 849 πρόσωπον

97 860 265 913 αὐτοῦ
297 862 389 913 ἐπὶ
445 864 545 939 τὴν
600 867 725 934 γῆν,
766 867 859 919 καὶ
910 869 1316 939 προσεκύνησεν
1362 871 1532 942 αὐτῷ.
1561 873 1668 925 Καὶ

97 946 257 1003 εἶπεν
294 952 477 1006 Δαϐίδ’
523 954 638 1008 Ἰνα
663 956 717 1009 τί
777 957 996 1022 ἀκούεις
1054 961 1161 1013 τῶν
1199 961 1374 1028 λόγων
1415 963 1509 1016 τοῦ
1539 963 1666 1016 λαοῦ

95 1042 393 1110 λεγόντων·
447 1046 576 1100 Ἰδοὺ
592 1048 755 1101 Δαόὶδ
770 1049 924 1116 ζητεῖ
951 1053 1051 1123 τὴν
1074 1053 1252 1126 ψυχήν
1285 1072 1379 1108 σου
1403 1073 1417 1120 ;
1451 1056 1580 1109 Ἰδοὺ
1609 1058 1667 1108 ὲν

95 1137 165 1203 τῇ
188 1136 374 1208 ἡμέρᾳ
400 1137 573 1211 ταύτῃ
595 1140 904 1210 ἑωράκασιν
939 1145 990 1197 οί
1023 1145 1290 1217 ὀφθαλμοί
1334 1165 1448 1210 σου,
1479 1148 1668 1218 ὥσπερ

96 1228 268 1282 ἔδωκέ
286 1245 344 1282 σε
367 1229 571 1301 Κύριος
585 1234 664 1297 είς
685 1234 781 1296 τὰς
796 1237 982 1306 χεῖράς
999 1254 1098 1307 μου
1116 1240 1174 1291 ὲν
1193 1239 1270 1310 τῷ
1287 1241 1552 1312 σπηλαίῳ,
1573 1245 1668 1310 καὶ

94 1324 199 1376 οὐκ
223 1325 528 1397 ἠϐουλήθην
560 1329 876 1383 ἀποκτεῖναί
898 1349 978 1394 σε,
1003 1334 1097 1387 καὶ
1118 1335 1424 1406 ἐφεισάμην
1454 1354 1548 1390 σου
1573 1339 1668 1391 κα)⁸

95 1411 264 1470 εἶπαο
313 1419 426 1472 Οὐκ
475 1421 681 1476 ὲποίσω
736 1424 897 1495 χεῖρά
923 1443 1024 1496 μου
1050 1428 1130 1490 είς
1173 1428 1264 1480 τὸν
1317 1429 1506 1498 κύριόν
1538 1448 1663 1501 μου,

92 1508 182 1560 ὅτι
231 1510 449 1579 χριστὸς
500 1513 706 1584 Κυρίου
736 1509 910 1578 οὗτος.
956 1517 1067 1570 Καὶ
1105 1519 1213 1572 ίδοὺ
1245 1519 1540 1590 πτερύγιον
1565 1523 1665 1593 τῆς

92 1598 365 1665 διπλοΐδος
387 1620 481 1656 σου
508 1604 565 1656 ὲν
588 1608 652 1676 τῇ
677 1606 820 1678 χειρί
851 1624 974 1678 μου,
1007 1610 1100 1662 καὶ
1121 1612 1220 1664 οὐκ
1235 1613 1560 1680 ἀπέκταγκά
1583 1631 1662 1668 σε.

93 1689 208 1742 Καὶ
237 1690 408 1760 ἐπῆρε
436 1694 608 1747 Σαοὺλ
638 1697 736 1766 τὴν
777 1697 961 1770 φωνὴν
1015 1701 1202 1766 αὐτοῦ,
1236 1703 1330 1756 καὶ
1376 1703 1661 1769 ἔκλαυσεν,

89 1783 195 1835 καὶ
223 1778 345 1836 εἷπε
373 1786 507 1855 πρὸς
529 1788 688 1842 Δαϐίὸ
713 1806 726 1818 ’
759 1791 978 1856 Δίκαιος
1029 1794 1092 1847 σὺ
1129 1795 1268 1865 ὑπὲρ
1324 1798 1447 1864 ἐμὲ,
1487 1799 1568 1852 ὅτι
1599 1799 1663 1852 σὺ

89 1875 486 1942 ἀνταπέδωκάς
543 1898 633 1952 μοι
686 1883 888 1952 ἀγαθὰ,
937 1886 1048 1956 ἐγὼ
1075 1887 1132 1940 δὲ
1171 1889 1531 1944 ἀνταπέδωκά
1581 1909 1661 1946 σοι

92 1970 266 2023 κακά..
299 1990 316 2022 ι
342 1972 363 2036 \,

173 2079 191 2112 ι
239 2062 666 2134 Τεκταινόμενος
729 2069 929 2137 ἀγαθὰ,
975 2070 1127 2141 ζητεῖ
1171 2074 1332 2145 χάριν
1373 2076 1607 2148 ἀγαθήν.
1641 2099 1658 2132 ι

174 2256 194 2288 ι
235 2239 327 2311 Μὴ
361 2240 628 2295 πλατύνου
655 2247 764 2308 σοῖς
795 2245 1027 2315 χείλεσιν
1047 2264 1061 2277 ο
1095 2249 1170 2321 μὴ
1202 2253 1383 2323 εἴπῃςο
1420 2254 1516 2306 Ὃν
1543 2255 1664 2324 τρόο

91 2349 198 2385 πον
223 2333 491 2404 ἐχρήσατό
517 2352 628 2405 μοι,
659 2338 933 2408 χρήσομαι
988 2339 1156 2410 αὐτῷ,
1189 2342 1330 2413 ὑπὲρ
1346 2337 1422 2397 ὧν
1453 2362 1521 2414 με
1549 2346 1664 2415 ἡδί-

90 2442 289 2496 κησεν.
325 2445 345 2478 ι

171 2536 191 2570 ι
235 2519 328 2590 Μὴ
362 2519 524 2593 εἴπῃς
547 2538 560 2554 ·
598 2523 825 2593 Γίσομαι
864 2524 956 2577 τὸν
983 2525 1174 2594 ἐχθρόν
1195 2544 1209 2557 ·
1236 2528 1353 2581 ἀλλ’
1372 2516 1664 2601 ὐπῖμεινον

85 2612 186 2664 τὸν
222 2611 450 2684 Κύριον,
474 2615 561 2668 ἵνα
591 2632 648 2668 σε
676 2616 940 2690 βοηθήσῃ.
978 2637 999 2671 ι

155 2722 177 2757 ι
226 2705 353 2759 Ἐὰν
370 2709 529 2778 πεινᾷ
554 2708 583 2760 ὁ
617 2707 811 2780 ἐχθρός
845 2727 961 2773 σου,
990 2709 1207 2782 ψώμιζε
1238 2712 1422 2777 αὑτὸν,
1453 2716 1546 2768 καὶ
1570 2716 1664 2769 ἐὰν

83 2796 242 2868 διψᾷ,
307 2798 492 2863 πότιζε
543 2800 726 2854 αὐτόν.
785 2800 955 2855 Τοῦτο
983 2802 1090 2874 γὰρ
1143 2805 1331 2870 ποιῶν,
1387 2806 1665 2878 ἄνθρακας

85 2888 267 2956 πυρὸς
293 2888 589 2959 σωρεύσεις
611 2891 705 2944 ἐπὶ
720 2892 820 2960 τὴν
845 2892 1089 2964 κεφαλὴν
1117 2895 1306 2961 αὐτοῦ,
1333 2897 1430 2951 καὶ
1460 2896 1663 2969 Κύριος

85 2980 462 3035 ἁνταποδὼσει
490 2999 570 3035 σοι
591 2984 790 3051 ἀγαθά.
830 3004 848 3036 ι
977 2983 980 2986 ’

164 3089 186 3124 ι
235 3071 377 3126 Ὀδοὶ
401 3077 751 3145 μνησικὰκων
776 3080 854 3142 είς
882 3079 1126 3136 θάνατον.
1171 3103 1190 3136 ι

167 3268 188 3301 ι
229 3251 329 3313 Ὃς
362 3257 711 3322 μνησικακεῖ,
736 3257 1068 3330 παράνομος.
1109 3279 1126 3313 ι

161 3447 186 3482 σ
229 3429 292 3484 ὐ
321 3434 577 3502 κρύπτων
602 3430 823 3502 ἔχθραν,
855 3434 1135 3506 συνίστησι
1164 3437 1334 3492 δόλον.
1368 3459 1387 3492 ι

166 3641 189 3675 ε
219 3623 437 3679 Κακίαν
465 3625 696 3689 ἕκαστος
721 3625 816 3680 τοῦ
844 3626 1072 3698 ἀδελφοῦ
1105 3630 1271 3684 αὐτοῦ
1313 3631 1374 3684 ού
1412 3631 1488 3703 μὴ
1529 3651 1664 3705 μνητ

82 3711 360 3780 σικακῐγτε
399 3714 458 3766 ὲν
511 3717 628 3778 ταῖς
676 3715 925 3787 καρδίαις
1002 3718 1175 3789 ὑμῶν.
1224 3722 1414 3792 Κρῖμα
1457 3723 1664 3779 δίκαιον

84 3801 338 3873 κρίνατε,
370 3806 464 3858 καὶ
486 3805 635 3870 ἔλεος
685 3809 780 3861 καὶ
836 3810 1122 3882 οίκτιρμὸν
1175 3815 1381 3866 ποιεῖτε
1433 3814 1665 3880 ἕκαστος

90 3895 233 3965 πρὸς
262 3895 355 3948 τὸν
380 3898 610 3967 ἀδελφὸν
640 3901 826 3957 αὑτοῦ.
868 3921 886 3954 ν

167 4005 189 4038 ι
236 3985 608 4061 Ἐκζητήσατε
658 3991 717 4044 τὸ
773 3992 964 4059 καλὸν,
1012 3996 1106 4049 καὶ
1156 3996 1231 4068 μὴ
1269 3999 1530 4071 πονηρὸν,
1571 4000 1666 4055 καὶ

85 4080 247 4134 ἔσται
287 4080 405 4150 μεθ’
430 4082 582 4152 ὑμῶν
608 4083 831 4157 Κύριος.
873 4105 892 4138 ›

165 4192 187 4225 ι
237 4174 534 4228 Ἀκούσατε
566 4177 716 4247 ῥῆμα
748 4179 956 4250 Κυρίου
991 4183 1040 4234 οἱ
1067 4182 1361 4254 τρέμοντες
1383 4185 1474 4238 τὸν
1511 4186 1668 4256 λόγον

86 4263 285 4319 αὑτοῦ.
311 4265 532 4329 Εἴπατε,
561 4266 779 4335 ἀδελφοί
810 4285 932 4337 μου,
971 4272 1082 4333 τοῖς
1123 4272 1371 4340 μισοῦσιν
1400 4273 1546 4342 ὑμᾶς
1572 4279 1669 4328 καὶ

85 4355 542 4427 βδελυσσομένοις
574 4397 588 4419 ,
643 4351 756 4411 ἵνα
797 4360 859 4412 τὸ
911 4361 1082 4431 ὄνομα
1129 4363 1332 4434 Κυρίου
1389 4364 1666 4437 δοξασθῇ,

86 4450 189 4502 καὶ
225 4450 368 4520 ὀφθῇ
402 4451 530 4519 ὑμῖν
559 4453 617 4504 ὲν
645 4452 954 4526 εὐφροσύνῃ
1001 4453 1176 4524 ὑμῶν,
1220 4457 1314 4508 καὶ
1355 4459 1554 4512 ἐκεῖνοι
1585 4459 1668 4512 αίο

88 4545 513 4616 σχυνθήσονται.
545 4566 564 4598 ι

1775 691 2033 756 spelunca
2060 728 2076 754 ,
2116 697 2170 743 et
2192 687 2452 742 clamavit
2482 696 2605 758 post
2645 687 2797 753 Saul,
2822 687 3012 743 dicens
3045 707 3058 741 :
3110 689 3335 744 Domine

1776 798 1890 836 rex.
1925 782 1992 837 Et
2036 784 2278 850 respexit
2323 781 2455 836 Saul
2494 792 2620 852 post
2669 798 2762 847 se,
2824 789 2879 836 et
2939 781 3210 836 inclinans
3276 796 3335 835 se

1774 871 1942 926 David
1995 873 2051 928 in
2104 874 2299 929 faciem
2352 889 2517 943 super
2578 883 2814 938 terram,
2883 871 3130 927 adoravit
3183 889 3329 926 eum.

1775 965 1839 1020 Et
1869 965 2006 1019 dixit
2036 965 2208 1020 David
2243 984 2257 1020 :
2287 967 2469 1032 Quare
2499 966 2656 1021 audis
2693 966 2855 1021 verba
2907 969 3096 1035 populi
3144 965 3327 1018 dicen-

1775 1059 1844 1113 tis
1875 1077 1890 1112 :
1926 1058 2068 1114 Ecce
2098 1059 2270 1113 David
2295 1060 2492 1128 quaerit
2523 1061 2759 1113 animam
2786 1066 2932 1112 tuam
2957 1059 2979 1111 ?
3010 1057 3147 1113 Ecce
3172 1059 3334 1112 hodie

1773 1151 2026 1206 viderunt
2054 1152 2200 1206 oculi
2236 1152 2350 1218 tui,
2392 1151 2667 1221 quomodo
2697 1150 2924 1205 tradidit
2980 1160 3032 1204 te
3062 1149 3333 1204 Dominus

1773 1249 1827 1301 in
1881 1264 2048 1302 manu
2069 1264 2188 1302 mea
2211 1248 2264 1302 in
2294 1250 2555 1318 spelunca
2575 1290 2590 1314 ,
2619 1257 2673 1304 et
2712 1249 2863 1304 nolui
2896 1258 2949 1303 te
2984 1247 3294 1302 interficere
3316 1287 3331 1308 ,

1771 1348 1825 1395 et
1856 1340 2078 1409 peperci
2103 1343 2196 1396 tibi
2221 1383 2236 1407 ,
2265 1351 2319 1396 ct
2347 1342 2459 1396 dixi
2489 1361 2502 1396 :
2532 1340 2648 1396 Non
2682 1342 2876 1395 levabo
2907 1356 3126 1394 manum
3157 1353 3332 1393 meam

1773 1434 1827 1488 in
1852 1434 2137 1488 dominum
2172 1451 2352 1489 meum
2380 1475 2394 1498 ,
2431 1435 2559 1505 quia
2597 1436 2840 1490 cbristus
2889 1432 3100 1488 Domini
3127 1441 3228 1486 cst.
3265 1430 3333 1483 Et

1771 1540 1898 1580 ecce
1920 1525 2292 1579 summitatem
2318 1525 2620 1596 chlamydis
2657 1536 2754 1578 tua:
2783 1527 2838 1577 in
2875 1538 3035 1577 manu
3071 1537 3211 1584 mea,
3234 1535 3334 1573 nec

1771 1615 2025 1670 interfeci
2057 1624 2130 1670 te.
2164 1614 2226 1669 Et
2263 1617 2460 1669 levavit
2497 1600 2627 1670 δςίιιι
2686 1631 2874 1670 vocem
2905 1629 3092 1676 suam,
3150 1619 3205 1666 et
3236 1611 3332 1664 lle-

1769 1708 1887 1772 vit;
1919 1708 2171 1778 dixitque
2209 1709 2277 1763 ad
2312 1707 2478 1762 David
2511 1729 2522 1762 :
2556 1707 2764 1762 Justior
2803 1724 2890 1763 me
2949 1722 3010 1762 es
3065 1713 3146 1759 tu.
3178 1704 3331 1770 Quo-

1769 1800 1918 1853 niam
1949 1800 2083 1854 mibi
2112 1801 2417 1856 retribuisti
2449 1800 2586 1855 bona
2613 1819 2626 1855 :
2655 1816 2755 1871 ego
2778 1808 2959 1855 autem
2995 1797 3204 1854 reddidi
3234 1796 3332 1849 tibi

1770 1891 1932 1944 mala.
1973 1911 1993 1942 ι

1840 2067 1999 2123 Prov.
2034 2086 2123 2136 xl,
2151 2070 2244 2124 27.
2285 2099 2353 2110 —-
2389 2089 2408 2122 ι
2446 2070 2550 2136 Qui
2583 2071 2724 2124 bona
2772 2069 2883 2139 agit
2908 2106 2923 2132 ,
2984 2073 3189 2137 qureret
3212 2081 3330 2135 gra—

1767 2156 1894 2210 tiam
1919 2159 2172 2212 bonam.»
2711 2174 2721 2186 '

1843 2247 2001 2302 Prov.
2033 2265 2183 2314 xxw,
2212 2250 2303 2304 29.
2334 2279 2403 2290 -—
2437 2267 2458 2300 ι
2495 2247 2572 2304 Ne
2603 2248 2801 2303 dilates
2833 2246 2993 2301 labiis
3045 2245 3158 2300 tuis
3186 2285 3201 2308 ,
3231 2259 3333 2298 nec

1766 2339 1918 2394 dicas
1941 2381 1956 2403 ,
1988 2340 2452 2409 quemadmodum
2487 2341 2596 2408 egit
2648 2355 2899 2402 mecum,
2925 2353 3078 2408 agam
3113 2350 3236 2389 cum
3266 2353 3333 2388 eo

1768 2445 1864 2498 pro
1895 2431 1979 2484 his
2003 2433 2206 2501 quibus
2239 2446 2323 2486 tne
2363 2431 2565 2499 injuria
2600 2429 2803 2485 aﬂ'ecit.
2841 2447 2862 2482 ι

1842 2522 2000 2578 Prov.
2022 2540 2113 2588 xx,
2145 2524 2234 2578 22.
2266 2553 2336 2564 —
2367 2543 2384 2576 ι
2417 2522 2494 2578 Ne
2524 2523 2732 2578 dixeris
2764 2540 2778 2575 :
2846 2519 3075 2576 Inimico
3132 2534 3330 2589 repen-

1764 2614 1888 2669 dam
1909 2656 1922 2678 ,
1961 2615 2056 2670 sed
2086 2625 2339 2686 exspecta
2368 2615 2660 2670 Dominum
2687 2655 2701 2680 ,
2735 2622 2795 2668 ut
2823 2613 2923 2670 tibi
2946 2612 3149 2668 auxilio
3175 2614 3268 2666 sit.
3306 2630 3325 2662 ι

1840 2709 1999 2763 Prov.
2035 2724 2162 2773 xxv,
2194 2709 2286 2764 2|.
2317 2738 2390 2752 -—
2423 2727 2441 2760 ι
2479 2706 2534 2762 Si
2566 2707 2828 2763 esurierit
2877 2705 3132 2760 inimicus
3162 2714 3285 2758 tuus
3312 2745 3328 2765 .

1767 2802 1888 2856 ciba
1921 2801 2072 2854 illum
2109 2816 2121 2851 :
2150 2801 2197 2854 si
2226 2800 2486 2864 sitiverit,
2520 2799 2587 2852 da
2616 2799 2665 2854 ei
2688 2799 2876 2854 bibere
2917 2815 2932 2851 :
2966 2796 3329 2867 prunasenim

1763 2894 2126 2965 cungregabis
2156 2909 2323 2962 super
2347 2903 2513 2962 caput
2539 2891 2658 2960 ejus
2690 2909 2706 2956 ;
2768 2897 2825 2945 et
2871 2889 3140 2944 Dominus
3204 2886 3330 2942 red-

1765 2986 1855 3041 det
1880 2985 1978 3039 tibi
2031 2985 2195 3040 bona.
2235 3003 2254 3035 ι

1837 3077 1993 3131 Prov.
2034 3091 2130 3140 xit,
2179 3075 2268 3130 28.
2302 3107 2370 3117 --
2405 3093 2425 3126 ι
2479 3074 2590 3130 Via:
2617 3087 2926 3130 memorum
2986 3070 3224 3141 injurim,
3261 3069 3329 3124 ad

1766 3177 2017 3225 mortem.
2068 3188 2086 3221 ι

1839 3261 1980 3317 Ibid.
2039 3290 2108 3305 —
2141 3281 2159 3315 ‹
2194 3261 2299 3328 Qui
2345 3261 2578 3332 injurias
2633 3245 2988 3326 recordatur;
3029 3258 3332 3330 ﬂagitiosus

1760 3364 1865 3412 est.
1914 3375 1933 3409 ι

1836 3445 1989 3501 Prov.
2025 3461 2174 3509 nrt,
2212 3445 2305 3500 26.
2333 3475 2405 3487 -
2443 3464 2460 3497 ι
2492 3444 2596 3510 Qui
2631 3445 2775 3500 celat
2817 3443 3188 3506 inimicitiam,
3238 3458 3333 3498 ne-

1761 3539 1860 3593 ctit
1889 3537 2098 3592 dolum.
2142 3558 2160 3590 ι

1831 3625 1998 3682 Zach.
2027 3643 2122 3694 vit,
2155 3627 2243 3683 10.
2275 3658 2346 3669 —
2381 3647 2400 3679 ι
2460 3625 2678 3681 Malitia:
2730 3627 3109 3696 unusquisque
3142 3617 3332 3681 fratris

1760 3717 1844 3773 sui
1867 3717 2038 3773 nolite
2062 3719 2378 3774 meminisse
2410 3720 2466 3774 in
2508 3718 2772 3775 cordibus
2801 3720 3020 3776 vestris.
3051 3717 3328 3775 Judicium

1758 3809 2227 3880 justumjudicate
2247 3853 2264 3876 ,
2297 3822 2352 3866 et
2381 3812 2817 3868 misericordiam
2851 3820 2905 3867 et
2924 3811 3329 3867 miserationem

1763 3901 1982 3958 faciatis
2011 3904 2391 3974 unusquisque
2425 3905 2491 3958 ad
2515 3905 2738 3960 fratrem
2762 3921 2948 3959 suum.
2989 3925 3006 3957 ι

1836 3995 1997 4051 Amos
2031 4011 2092 4060 ν,
2127 3996 2212 4050 ll.
2243 4027 2312 4036 -—
2344 4015 2362 4048 ι
2403 3996 2640 4062 Quaerite
2671 3996 2899 4062 bonum,
2945 4005 3000 4050 et
3045 4010 3154 4049 non
3211 4009 3328 4047 ma-

1764 4088 1907 4152 lum;
1936 4098 1990 4144 et
2023 4089 2128 4143 erit
2156 4089 2437 4144 vobiscum
2489 4088 2769 4144 Dominus.
2816 4107 2834 4140 ι

1836 4179 1950 4234 Iw.
1987 4197 2130 4245 LXVI,
2163 4182 2217 4245 ii,
2251 4182 2304 4237 6.
2336 4213 2405 4222 —
2439 4200 2456 4233 ι
2492 4181 2694 4236 Audite
2726 4182 2950 4236 verbum
2980 4179 3330 4249 Domini.qui

1767 4274 2004 4328 tremitis
2029 4274 2255 4328 verbum
2292 4274 2492 4342 ipsius.
2526 4273 2719 4339 Dicite,
2755 4273 2956 4328 fratres
2987 4272 3217 4337 mei,his
3235 4272 3329 4342 qui

1767 4363 2001 4418 oderunt
2034 4381 2151 4430 vos,
2183 4373 2238 4418 et
2281 4365 2707 4430 abominantur;
2747 4372 2808 4418 ut
2865 4379 3064 4418 nomen
3115 4361 3331 4417 Domini

1768 4456 2125 4524 glorificetur,
2158 4465 2213 4512 et
2242 4467 2503 4527 appareat
2559 4457 2612 4511 in
2675 4457 2860 4512 laetitia
2897 4465 3104 4520 vestra,
3139 4465 3193 4508 et
3253 4454 3329 4508 illi

1769 4545 2202 4600 confundentur.
2251 4566 2268 4597 ι

166 4657 186 4688 ι
233 4638 355 4690 Ἐπὶ
381 4638 583 4703 παντὸς
633 4639 973 4711 ἀδικήματος
1033 4641 1109 4712 μὴ
1161 4642 1394 4713 μηνίσῃς
1422 4643 1499 4714 τῷ
1523 4643 1661 4716 πλη-

1840 4639 2005 4693 Eccli.
2033 4655 2087 4703 x,
2123 4640 2177 4693 6.
2209 4667 2281 4680 --
2314 4660 2332 4692 ι
2375 4638 2456 4695 0b
2487 4655 2704 4694 omnem
2750 4640 3014 4709 injuriam
3056 4655 3126 4693 ne
3147 4654 3331 4693 serves

86 4752 209 4786 σιον
238 4752 358 4787 σου.
401 4753 420 4784 ι

161 4843 182 4876 α
229 4827 403 4894 Ἀφες
429 4825 669 4898 ἀδίκημα
720 4827 798 4898 τῷ
847 4827 1076 4898 πλησίον
1108 4846 1222 4893 σου,
1253 4829 1349 4882 καὶ
1375 4829 1496 4882 τότε
1540 4830 1663 4900 δεη-

85 4918 280 4979 Θέντος
319 4934 414 4970 σου
452 4920 508 4972 αί
530 4920 796 4990 ἁμαρτίαι
823 4937 917 4973 σου
952 4920 1297 4990 λυθήσονται.
1340 4939 1358 4972 ι
1485 4911 1488 4914 ’

167 5029 188 5061 α
227 5009 515 5082 Μνήσθητι
565 5010 635 5065 τὰ
693 5012 896 5082 ἐσχατὰ
934 5030 1048 5074 σου,
1080 5013 1172 5066 καὶ
1225 5011 1431 5066 παῦσαι
1450 5012 1668 5085 ἐχθραί-

89 5121 221 5156 νων.
257 5121 278 5153 )

169 5214 188 5246 ι
228 5195 486 5249 Δάνεισον
535 5197 613 5269 τῷ
642 5197 868 5268 πλησίον
921 5213 1014 5250 σου
1045 5196 1185 5250 κατὰ
1221 5196 1449 5269 δύναμίν
1488 5215 1605 5252 σου.
1643 5217 1660 5248 ι

170 5389 191 5423 ι
233 5371 494 5442 Ἐλεγξον
515 5376 606 5430 τὸν
637 5375 863 5448 πλησίον
898 5395 1014 5445 σου,
1051 5380 1258 5450 μήποτε
1285 5380 1384 5432 οὐκ
1402 5379 1624 5449 ἐποίησε
1651 5398 1664 5410 ·

91 5465 190 5518 καὶ
225 5465 284 5518 et
301 5482 352 5519 τι
373 5468 616 5538 ἐποίησε,
655 5471 862 5540 μήποτε
891 5471 1124 5543 προσθῇ.
1158 5471 1418 5540 Ἔλεγξον
1459 5472 1551 5524 τὸν
1579 5472 1668 5541 φί-

89 5555 210 5620 λον,
253 5557 466 5626 μήποτε
501 5560 601 5613 οὐκ
631 5558 788 5615 εἴπεο
824 5563 918 5615 καὶ
959 5565 1006 5616 εί
1041 5564 1285 5634 εἴρηκεν,
1315 5564 1404 5617 ἵνα
1443 5565 1518 5636 μὴ
1548 5565 1668 5618 δευ-

92 5649 358 5720 τερεύοῃ.
403 5668 419 5701 i

174 5759 201 5804 ρ
229 5741 364 5795 Nos:
388 5741 458 5796 τὰ
487 5743 580 5797 τοῦ
615 5745 842 5818 πλησίον
871 5746 930 5812 ἐξ
967 5747 1187 5802 ἑαυτοῦ.
1239 5767 1258 5799 ι

169 5936 190 5971 ι
231 5909 556 5988 Ἱνθρωπος
585 5922 854 5994 ἀνθρώπῳ
880 5926 1134 5995 συντηρεῖ
1157 5925 1349 5995 ὀργὴν,
1397 5925 1491 5980 καὶ
1522 5923 1672 5996 παρὰ

1771 4730 1909 4786 iram
1944 4731 2211 4787 adversus
2238 4732 2546 4801 proximum
2578 4739 2753 4785 tuum.
2797 4751 2815 4783 ι

1844 4824 2011 4878 Eccli.
2037 4825 2302 4888 xxvnt,2.
2337 4855 2406 4864 -—
2439 4844 2457 4876 ι
2499 4823 2720 4879 Dimitte
2770 4823 3028 4893 injuriam
3082 4825 3332 4894 proxinm

1775 4929 1890 4983 tuo,
1915 4930 1968 4973 et
1997 4929 2125 4974 tunc
2156 4918 2470 4988 deprecanti
2509 4918 2607 4973 tibi
2629 4925 2855 4988 peccata
2885 4918 3194 4973 solventur.
3240 4937 3256 4967 ι

1840 5012 1979 5067 Ibid.
2022 5013 2075 5067 6.
2111 5042 2175 5051 -
2214 5030 2233 5064 ι
2271 5010 2544 5067 Memento
2591 5012 3018 5067 novissimorum
3083 5020 3329 5072 tuorum,

1771 5113 1826 5160 et
1855 5103 2045 5159 desine
2070 5101 2365 5157 inimicari.
2415 5120 2433 5152 ι

1842 5195 2009 5250 Eccli.
2041 5211 2198 5260 xxix,
2231 5195 2286 5248 9..
2329 5224 2398 5234 ——
2434 5213 2454 5246 ι
2487 5192 2761 5250 Fenerare
2809 5193 3057 5265 proximo
3105 5198 3200 5245 tuo
3233 5206 3332 5261 pro

1773 5288 1915 5342 virili
1945 5296 2059 5340 tua.
2101 5305 2118 5338 ι

1843 5378 2013 5434 Eccli.
2055 5396 2168 5443 xix,
2204 5379 2292 5435 15.
2324 5411 2394 5423 σ-
2418 5399 2437 5432 ‹
2469 5380 2698 5448 Corripe
2727 5379 2965 5432 amicum
3011 5384 3189 5440 tuum,
3263 5391 3332 5430 ne

1775 5470 1915 5526 forte
1949 5487 2056 5526 non
2088 5470 2278 5526 fecerit
2310 5490 2322 5525 :
2359 5480 2414 5527 et
2465 5472 2513 5527 si
2573 5471 2703 5540 quid
2750 5469 2962 5533 fecerit,
3016 5483 3084 5522 ne
3131 5468 3328 5521 iterum

1774 5563 1938 5616 addat
1968 5563 2169 5618 facere.
2197 5563 2425 5635 Corripe
2462 5565 2722 5625 amicum,
2780 5578 2847 5616 ne
2906 5561 3046 5615 forte
3071 5561 3270 5615 dixerit
3312 5577 3326 5614 :

1774 5663 1828 5711 et
1851 5656 1897 5710 si
1927 5655 2150 5720 dixerit,
2178 5672 2247 5712 ne
2270 5657 2413 5712 forte
2437 5657 2617 5711 iteret.
2658 5674 2678 5706 ι

1845 5743 2020 5802 Eccli.
2047 5761 2200 5809 xxxi,
2234 5745 2320 5802 18.
2359 5775 2428 5786 -
2468 5764 2486 5797 ι
2554 5744 2801 5815 lntellige
2853 5760 2919 5802 ex
2946 5793 2948 5795 ,
2980 5746 3158 5816 teipso
3209 5760 3331 5814 qua:

1773 5847 1904 5893 sunt
1936 5837 2171 5906 proximi
2194 5839 2298 5893 tui.
2339 5857 2357 5890 ι

1843 5927 2012 5982 Eccli.
2047 5936 2236 5993 xxvm,
2269 5929 2389 5984 5-5.
2418 5958 2486 5968 —
2530 5947 2548 5980 ι
2596 5926 2766 5982 Homo
2815 5926 3024 5982 homini
3083 5928 3326 5980 reservat
