4024 6438
577 470 715 542 1139

1758 472 1820 532 Β.
1851 468 2171 532 JOANNIS
2206 418 2634 529 DAMASCENI

3687 452 3815 517 1140

570 588 733 649 iram,
765 593 821 639 et
852 596 883 637 a
907 582 1142 638 Domino
1178 581 1378 656 quaerit
1402 582 1695 637 medelam.
1737 582 1798 637 in
1859 581 2139 636 hominem

2267 579 2448 651 ἱυρίου
2483 578 2639 651 ζητεῖ
2686 565 2860 631 ¹ῑάσιν.
2911 573 3030 629 Ἐπ’
3086 572 3374 642 ἄνθρωπον
3417 572 3608 639 ὅμοιον
3656 566 3817 620 αὑτοῦ

571 678 806 735 similem
833 677 941 734 sibi
962 692 1071 733 non
1102 677 1267 747 habet
1291 674 1746 740 misericordiam,
1802 684 1857 729 et
1908 673 1977 729 de
2016 688 2145 744 pec-

2241 675 2341 727 οὑκ
2359 673 2472 743 ἔχει
2496 673 2664 735 ἔλεος.
2689 672 2783 724 καί
2806 686 2874 723 πε
2884 667 2935 740 pl.
2950 664 3237 738 ἁμαρτιῶν
3258 662 3421 717 αὐτοῦ
3445 659 3820 722 δεῖταιΑὒτὺς

571 773 711 828 catis
750 772 870 829 suis
903 773 1255 844 deprecatur.
1286 770 1426 842 Ipse,
1463 786 1584 825 cum
1627 784 1758 824 caro
1776 770 1870 837 sit,
1899 779 2147 826 reservat

2267 764 2383 836 πάρξ
2404 763 2501 828 ὢν,
2524 763 2769 833 διατηρεί
2792 759 2984 830 μῆνιν·
3013 755 3109 811 καὶ
3136 755 3219 818 τίς
3244 752 3505 819 ἑξελεῖται
3526 751 3630 844 τάς
3652 751 3819 844 ἀμαρ-

573 866 735 930 iram,
775 872 830 921 et
858 864 1306 936 propitiationem
1338 862 1472 933 petit
1511 876 1542 916 a
1582 860 1714 918 Deo.
1744 861 1809 916 Et
1835 862 1962 932 quis
1985 860 2145 915 aufe-

570 966 658 1016 ret
681 965 904 1028 peccata
933 954 1406 1010 illius?Memento
1457 960 1863 1025 postremorum
1902 962 2144 1015 tuorum,

572 1062 626 1106 et
660 1050 852 1105 desine
886 1047 956 1103 ab
1010 1047 1337 1104 inimicitiis.
1380 1045 1687 1103 Memorare
1739 1043 2145 1108 mandatorum,

574 1150 629 1198 et
657 1141 879 1196 desines
901 1139 1199 1194 inimicari.
1236 1158 1256 1191 ι

640 1233 834 1288 Matth.
861 1248 915 1297 v,
940 1232 1133 1289 23.-¢
1157 1231 1214 1288 Si
1244 1232 1411 1288 oii'ers
1435 1246 1641 1287 munus
1669 1240 1825 1287 tuum
1855 1232 1921 1287 ad
1954 1232 2145 1294 altare,

574 1332 629 1379 et
663 1324 986 1380 recordatus
1008 1323 1204 1390 fueris,
1231 1325 1359 1394 quia
1393 1322 1561 1379 frater
1586 1333 1713 1380 tuus
1742 1324 1909 1379 habet
1938 1324 2149 1396 aliquid

575 1418 864 1470 adversum
897 1416 1065 1487 328
1095 1425 1168 1482 te,
1200 1416 1452 1486 relinque
1482 1417 1556 1472 ibi
1578 1432 1785 1471 munus
1839 1424 1992 1471 tuum
2026 1426 2153 1472 ante

575 1510 767 1573 altare,
794 1517 848 1565 et
890 1511 1024 1565 vade
1048 1510 1282 1579 primum
1335 1509 1700 1565 reconciliare
1754 1508 1907 1563 fratri
1937 1518 2054 1577 tuo,
2098 1515 2153 1563 et

575 1610 710 1656 tunc
741 1602 969 1658 veniens
996 1601 1134 1657 uii‘er
1168 1618 1372 1659 munus
1400 1612 1574 1657 tuum.
1614 1620 1633 1653 ι

647 1694 839 1760 Matth.
869 1711 945 1760 vt,
982 1694 1066 1749 14.
1100 1725 1172 1735 -
1204 1713 1223 1745 ι
1261 1693 1318 1749 Si
1339 1694 1663 1749 dimiseritis
1691 1693 2009 1750 hominibus
2026 1709 2154 1764 pec-

576 1797 700 1842 cata
730 1802 947 1851 eorum,
977 1787 1215 1843 dimittet
1272 1795 1328 1842 et
1356 1786 1513 1841 vobis
1546 1784 1707 1840 Pater
1761 1794 1944 1839 vester
1982 1784 2153 1839 cmic-

577 1881 698 1936 stis.
734 1880 792 1934 Si
828 1889 1147 1936 autemnon
1195 1880 1522 1936 dimiseritis
1556 1878 1874 1933 hominibus
1900 1882 2155 1947 ipeccata

2243 856 2362 918 τὶας
2382 853 2583 920 αὐτοῦ;
2647 851 2919 923 μνήσθητι
2953 847 3023 902 τὰ
3079 845 3285 917 ἔσχατά
3326 860 3443 920 σου3
3489 843 3593 895 καὶ
3640 837 3818 909 παύσῃ

2245 944 2567 1017 ὲχθραῐνων.
2593 942 2882 1016 Μνήσθητι
2920 936 3173 1003 ἐντολῶν,
3204 937 3301 991 καὶ
3349 934 3424 1006 μὴ
3459 932 3702 1006 μηνίσης
3748 931 3822 1001 τῷ

2246 1038 2493 1111 πλησίον.
2521 1057 2540 1090 ι

2325 1240 2345 1274 ι
2398 1220 2523 1274 Ἐὰν
2548 1217 2866 1290 προσφέρῃς
2889 1214 2953 1268 τὸ
2972 1213 3146 1283 δῶρόν
3172 1228 3265 1266 σου
3301 1209 3395 1263 ἐπὶ
3434 1208 3499 1261 τδ
3528 1204 3822 1269 θυσιαστή-

2253 1329 2387 1386 ριον.
2414 1312 2576 1366 κάκεῖ
2608 1308 2854 1381 μνησθῇς
2884 1308 2966 1361 ὅτι
2996 1308 3026 1360 6
3047 1303 3275 1371 ἀδελφός
3318 1317 3413 1355 σου
3454 1298 3574 1369 ἔχει
3610 1314 3667 1348 τι
3696 1295 3827 1348 κατά

2252 1423 2370 1460 σου.
2395 1406 2565 1474 ’Δφες
2588 1403 2650 1457 τὸ
2667 1401 2840 1473 δῶρόν
2863 1417 2955 1455 σου
2980 1396 3287 1470 ἔμπροσθεν
3302 1391 3399 1446 τοῦ
3416 1387 3826 1457 θυσιαστηρίου,

2252 1501 2345 1554 καὶ
2377 1498 2555 1568 ὕπαγε
2589 1496 2828 1568 πρῶτον.
2877 1488 3202 1562 διαλλάγηθι
3225 1487 3304 1559 τῷ
3332 1482 3552 1555 ἀδελφῷ
3586 1498 3708 1546 σου,
3747 1478 3831 1532 καὶ

2251 1591 2373 1646 τότε
2397 1589 2569 1645 ἐλθὼν
2598 1587 2878 1661 πρόσφερε
2905 1586 2969 1639 τὸ
2984 1582 3156 1655 δῶρόν
3180 1598 3295 1635 σου.
3336 1597 3353 1629 ι

2331 1701 2351 1733 ι
2373 1679 2497 1734 Ἐἀν
2526 1660 2702 1749 ἀφῆτε
2731 1678 2846 1739 τοῖς
2862 1672 3176 1744 ἀνθρώποις
3195 1669 3265 1723 τὰ
3284 1662 3723 1738 παραπτώματα
3748 1660 3833 1713 αὖ·

2255 1773 2385 1840 τῶν,
2417 1771 2620 1843 ἀφήσει
2650 1770 2746 1824 καὶ
2765 1769 2895 1839 ὑμῖν
2919 1767 2947 1820 6
2976 1764 3171 1836 Πατὴρ
3203 1761 3403 1834 ύμῶνὸ
3423 1756 3709 1843 οὐράνιος.
3725 1751 3837 1805 Ἐὰν

2254 1866 2311 1920 δὲ
2371 1865 2449 1937 μὴ
2521 1841 2704 1932 ἀφῆτε
2761 1861 2876 1923 τοῖς
2932 1854 3244 1927 ἀνθρώποις
3290 1848 3363 1905 τὰ
3411 1841 3839 1937 παραπτώματα

577 1986 797 2038 eorum,
824 1987 925 2031 nec
962 1971 1120 2030 Pater
1143 1978 1326 2026 vester
1354 1970 1598 2027 dimittet
1639 1978 1863 2039 peccata
1884 1976 2089 2023 vestra.
2131 1986 2149 2020 ι

2267 1933 2458 2020 ιὺτώνγ,
2484 1954 2606 2009 οὐδὲ
2628 1953 2658 2007 6
2681 1950 2872 2022 Πατὴρ
2899 1947 3057 2021 ὑμῶν
3078 1946 3280 2017 ἀφήσει
3316 1940 3387 1995 τά
3414 1933 3841 2009 παραπτώματα

660 2143 854 2198 Matth.
893 2158 1049 2208 xvnt,
1078 2140 1272 2195 ill—'55.
1304 2169 1373 2178 —
1417 2157 1436 2191 ι
1481 2137 1637 2194 Tunc
1666 2137 1937 2193 accedens
1958 2138 2155 2192 Petrus

579 2238 721 2292 dixit
754 2235 1041 2301 :Domine,
1066 2236 1284 2305 quoties
1303 2232 1557 2303 peccabit
1588 2232 1641 2287 in
1674 2248 1759 2286 me
1792 2230 2152 2293 fratermeus,

579 2339 634 2383 et
663 2327 936 2382 dimittam
971 2325 1057 2381 ei?
1095 2340 1274 2395 usque
1333 2323 1578 2395 septies?
1647 2321 1783 2378 dicit
1836 2323 1917 2377 illi
1946 2320 2110 2376 Jesus
2141 2339 2156 2377 ι

579 2419 698 2475 Non
732 2419 856 2474 dico
891 2418 1014 2485 tibi,
1043 2434 1217 2489 usque
1248 2417 1472 2487 septies.
1521 2414 1616 2471 sed
1644 2431 1821 2485 usque
1847 2414 2160 2485 septuagies

581 2510 809 2579 septies.
836 2509 1208 2563 Assimilatnm
1244 2516 1332 2564 est
1379 2522 1608 2578 regnum
1646 2507 1914 2562 caelorum
1951 2504 2159 2561 homini

580 2603 718 2672 regi,
745 2601 840 2671 qui
876 2601 1050 2657 voluit
1074 2601 1344 2655 rationem
1396 2614 1602 2669 ponere
1649 2614 1779 2652 cum
1817 2598 1995 2653 servis
2019 2597 2157 2652 suis.

580 2696 797 2753 Etcum
824 2694 1085 2763 coepisset
1120 2692 1214 2748 ille
1239 2693 1509 2747 rationem
1560 2706 1787 2761 ponere,
1821 2691 2043 2746 oblatus
2076 2696 2160 2744 est

579 2787 628 2840 ei
662 2800 827 2850 unus,
863 2785 957 2855 qui
985 2784 1220 2839 debebat
1248 2783 1300 2839 ei
1343 2781 1533 2837 decem
1567 2782 1739 2836 millia
1772 2782 1998 2837 talenta.
2025 2782 2160 2836 Cum

581 2888 763 2933 autem
804 2893 914 2932 non
940 2877 1171 2932 haberet
1202 2876 1347 2931 unde
1364 2875 1639 2939 redderet,
1656 2875 1826 2945 jussit
1841 2891 1967 2931 eum
1987 2874 2162 2929 domi-

523 3028 530 3039 ,
581 2985 688 3032 nus
713 2968 837 3037 ejus
857 2968 1203 3033 venumdari,
1241 2973 1298 3021 et
1353 2980 1587 3021 uxorem
1615 2965 1764 3035 ejus.
1802 2972 1858 3020 et
1896 2965 2058 3029 ﬁlios,
2109 2973 2164 3019 et

584 3061 773 3114 omnia
808 3074 932 3129 quae
956 3058 1227 3122 habebat,
1282 3067 1337 3113 et
1391 3058 1569 3113 reddi.
1635 3057 1935 3112 Procidens
1991 3057 2164 3127 igitur

586 3167 784 3207 servus
807 3150 1075 3204 adorabat
1112 3164 1236 3204 eum
1272 3149 1504 3205 dicens:
1564 3148 1813 3214 Domine,
1845 3149 2162 3218 patientiam

588 3244 731 3297 habe
759 3242 812 3296 in
844 3258 951 3305 me.
969 3251 1026 3297 et
1053 3241 1239 3295 omnia
1266 3240 1490 3296 reddam
1530 3241 1652 3296 tibi.
1686 3241 1945 3297 Misenus
1976 3248 2161 3297 autem

586 3334 848 3389 dominus
874 3334 1019 3389 servi
1043 3334 1216 3399 illius,
1240 3333 1453 3391 dimisit
1479 3341 1699 3398 eum,ct
1724 3335 1972 3389 debitum
1999 3334 2163 3389 dimi-
2189 3303 2233 3361 (³

588 3427 661 3481 sit
692 3427 765 3481 ei.
810 3424 1078 3497 Egressus
1106 3435 1290 3481 autem
1333 3441 1525 3482 servus
1555 3426 1666 3490 ille,
1728 3425 1941 3481 invenit
1992 3442 2164 3481 unum

590 3516 651 3573 iic-
679 3518 967 3573 couservis
992 3519 1130 3579 suis,
1170 3520 1262 3589 qui
1286 3518 1520 3574 debebat
1541 3518 1592 3574 ei
1625 3530 1843 3574 centum
1876 3519 2162 3585 denarios;

589 3617 645 3665 et
662 3620 855 3665 tenens
881 3607 1353 3675 sull‘ocabatenm,
1386 3608 1580 3665 dicens
1604 3628 1617 3665 :
1644 3608 1833 3665 Redde
1851 3610 1896 3665 si
1916 3610 2048 3687 quid
2069 3610 2167 3664 de-

590 3703 707 3758 bes.
764 3701 1066 3757 Procidens
1124 3703 1291 3773 igitur
1362 3717 1663 3758 conservus
1718 3703 1838 3774 ejus
1886 3701 1955 3756 ad
2002 3703 2167 3773 pedes

594 3794 791 3864 ipsius,
827 3794 1058 3864 rogabat
1088 3809 1235 3857 eum,
1285 3792 1479 3848 dicens
1516 3812 1529 3848 :
1565 3792 1897 3849 Patientiam
1938 3794 2080 3849 habe
2110 3794 2166 3847 in

594 3902 702 3952 me,
738 3894 792 3941 et
821 3887 1010 3941 omnia
1030 3885 1254 3941 reddam
1281 3887 1404 3942 tibi.
1460 3886 1556 3943 ille
1613 3898 1796 3943 autem
1832 3887 2041 3951 noluit;
2072 3885 2168 3942 sed

594 3978 786 4034 abiens
808 3979 961 4035 misit
990 3995 1114 4034 eum
1146 3979 1200 4032 in
1220 3993 1526 4045 carcerem,
1563 3978 1741 4036 donec
1771 3978 2170 4034 redderetuni-

593 4086 816 4125 versum
858 4070 1127 4125 debitum.
1183 4070 1447 4125 Videntes
1513 4078 1696 4125 autem
1743 4072 1999 4125 conservi
2053 4070 2173 4139 ejus

594 4177 719 4230 quae
744 4163 965 4229 fiebant,
995 4162 1310 4216 contristati
1336 4170 1468 4218 sunt
1499 4162 1658 4216 valde
1693 4178 1708 4215 :
1761 4170 1817 4215 et
1869 4171 2169 4225 venerunt,

596 4264 651 4306 et
682 4264 1049 4308 narravernnt
1082 4253 1305 4307 domino
1327 4253 1448 4323 ejus
1486 4254 1672 4307 omnia
1698 4269 1822 4324 quae
1877 4252 2021 4308 facta
2051 4253 2175 4309 fue-

598 4354 747 4400 rant.
781 4343 935 4399 Tuuc
960 4358 1170 4399 vocans
1202 4344 1355 4398 illum
1402 4345 1662 4401 dominus
1707 4361 1863 4412 suns,
1923 4347 2001 4400 ait
2056 4346 2171 4400 illi:

602 4438 770 4491 Serve
795 4452 1233 4507 nequam.omne
1252 4437 1496 4492 debitum
1528 4438 1663 4494 illud
1689 4439 1870 4495 dimisi
1896 4439 2017 4507 tibi,
2041 4454 2178 4509 quo-

602 4531 747 4584 niam
784 4530 988 4598 rogasti
1016 4545 1103 4585 me
1138 4548 1151 4584 :
1187 4545 1369 4585 nonne
1414 4532 1661 4601 oportuit
1712 4541 1770 4587 et
1817 4540 1871 4588 te
1924 4532 2174 4589 misereri

2261 2049 2442 2105 ὑμῶν.
2470 2067 2488 2100 ι

2300 2068 2510 2195 “tu,
2527 2135 2842 2212 προσελθὼν
2868 2135 2896 2188 6
2910 2133 3120 2203 Πέτρος
3143 2126 3297 2183 εἶπεν
3316 2144 3329 2157 ·
3350 2125 3555 2207 Κύριε,
3585 2120 3845 2212 πολλάκις

2261 2238 2341 2301 εἰς
2370 2236 2470 2307 ἐμὲ
2503 2210 2810 2305 ἁμαρτήσει
2849 2231 2877 2282 6
2906 2225 3132 2295 ἀδελφός
3158 2240 3284 2295 μου.
3308 2220 3403 2274 καὶ
3430 2218 3645 2287 ἀφήσω
3672 2210 3843 2279 αὖτῷ;

2260 2329 2363 2389 ἕως
2398 2327 2663 2392 ἑπτάκις
2695 2322 2858 2390 Λέγει
2888 2317 3039 2389 αὐτῷ
3075 2319 3104 2372 6
3145 2312 3353 2386 Ἰησοῦς
3376 2329 3391 2343 ’
3437 2310 3517 2364 Ού
3564 2308 3723 2375 λέγω
3751 2318 3843 2364 σοι,

2260 2419 2365 2482 ἕως
2384 2417 2633 2482 ἑπτάκις,
2654 2413 2769 2470 ἀλλ’
2786 2413 2891 2476 ἓως
2913 2406 3371 2480 ἐσδομηκοντάκις
3393 2400 3561 2457 ἑπτά.
3581 2394 3843 2469 Ὡμοιώθη

2261 2512 2296 2581 ή
2330 2508 2576 2581 βασιλεία
2630 2506 2740 2561 τῶν
2779 2501 3028 2574 οὐρανῶν
3094 2498 3369 2570 ἀνθρώπῳ
3418 2492 3667 2564 βασιλεῖ.
3710 2489 3844 2581 ὅστε

2262 2578 2487 2673 ὲ-θελησε
2544 2599 2774 2670 συνάραι
2824 2596 2985 2665 λόγον
3039 2592 3179 2662 μετά
3224 2590 3333 2645 τῶν
3389 2585 3604 2642 δούλων
3665 2578 3840 2673 αὐτού.

2274 2670 2612 2766 ,Αρξαμένου
2628 2690 2687 2746 δὲ
2722 2687 2893 2744 αὐτοῦ
2949 2686 3249 2759 συναίρειν,
3307 2675 3671 2752 προσηνέχθη
3708 2670 3842 2766 αὐτῷ

2263 2760 2355 2850 εἷς.
2373 2760 2660 2855 ὀφειλέτης
2680 2781 2892 2854 μυρίων
2920 2780 3220 2833 ταλάντων.
3245 2773 3339 2845 Μὴ
3369 2771 3593 2842 ἔχοντος
3617 2767 3679 2821 δὲ
3693 2760 3840 2819 αὐτοῦ

2261 2878 2578 2944 ἀποδοῦναι,
2606 2875 2895 2930 ἐκέλευσεν
2926 2872 3089 2928 αὑτὸν
3121 2873 3150 2924 6
3176 2868 3380 2939 Κύριος
3426 2860 3603 2917 αὐτοῦ
3634 2856 3838 2929 πραθῆ-

2262 2990 2373 3037 ναι,
2406 2972 2502 3026 καὶ
2521 2971 2622 3042 τὴν
2651 2969 2890 3038 γυναῖκα
2920 2964 3092 3021 αὑτοῦ
3137 2962 3233 3017 καὶ
3275 2960 3345 3013 τὰ
3402 2957 3609 3042 τέχνας
3646 2952 3741 3006 καὶ
3782 2949 3839 3042 τὰ

2264 3065 2447 3118 πάντα
2473 3064 2575 3117 ὅσα
2601 3058 2769 3131 εἶχεν,
2806 3060 2902 3114 καὶ
2925 3055 3281 3123 ἀποδοθῆναι.
3326 3047 3518 3105 ιιεσὼν
3547 3041 3647 3100 οὖν
3675 3046 3704 3096 6
3732 3040 3840 3095 δοῦ-

2264 3154 2377 3217 λος,
2402 3153 2732 3224 προσεκύνει
2752 3150 2924 3221 αὐτῷ,
2956 3148 3159 3217 λέγων·
3192 3144 3389 3213 Κύριε.
3423 3137 3838 3211 μακροθύμησον

2265 3249 2351 3301 ἐπ’
2383 3245 2528 3319 ἐμοὶ,
2562 3246 2656 3300 καὶ
2681 3245 2861 3298 πάντα
2902 3259 2986 3297 σοι
3010 3238 3297 3296 ἀποδώσω.
3333 3228 3763 3302 Σπλαγχνιεθεὶς

2265 3340 2294 3393 6
2330 3317 2520 3408 κύριος
2539 3336 2630 3392 τοῦ
2655 3335 2844 3391 δούλου
2874 3334 3111 3395 ἐκείνου,
3142 3330 3411 3385 ἀπέλυσεν
3448 3324 3642 3388 αὐτὸν,
3675 3320 3764 3375 καὶ
3787 3317 3839 3369 τὺ

2263 3430 2471 3485 δάνειον
2506 3428 2718 3499 ἀφῆκεν
2749 3426 2917 3497 αὐτῷ.
2953 3421 3218 3491 Ἐξελθὼν
3250 3420 3308 3475 δὲ
3341 3421 3369 3473 6
3396 3416 3587 3479 δοῦλος
3628 3416 3837 3473 ἐκεῖνος.

2266 3516 2426 3594 εὗρεν
2443 3520 2543 3574 ἕνα
2590 3519 2698 3573 τῶν
2732 3516 3036 3571 συνδούλων
3088 3512 3276 3577 αὑτοῦ,
3326 3510 3385 3575 ὃς
3420 3509 3659 3577 ὤφειλεν
3705 3502 3839 3571 αὖτῷ

2267 3614 2464 3669 ἑκατὸν
2487 3614 2718 3683 δηνάρια
2738 3628 2751 3641 ⁸
2773 3611 2867 3665 καὶ
2885 3610 3170 3680 κρατήσας
3202 3604 3389 3671 αὐτὸν,
3416 3604 3614 3668 ἑπνιγε
3657 3601 3834 3665 λέγων,

2267 3705 2462 3769 ἀποδὺς
2490 3705 2543 3758 εἴ
2567 3723 2621 3758 τι
2645 3704 2902 3773 ὀφείλεις.
2934 3700 3123 3756 Πεσὼν
3153 3695 3246 3753 οὖν
3289 3701 3317 3752 6
3349 3695 3643 3755 σύνδουλος
3684 3686 3830 3745 αὺτοῦ

2267 3800 2348 3862 εἰς
2363 3800 2488 3863 τοὺς
2503 3799 2671 3860 πόδας
2685 3796 2873 3861 αὑτοῦ,
2887 3794 3188 3867 παρεκάλει
3216 3791 3404 3854 αὐτοῦ,
3420 3789 3622 3858 λέγων·
3643 3786 3831 3855 Μακρον

2271 3889 2516 3960 Θύμησον
2541 3889 2627 3941 ἐπ’
2648 3888 2791 3959 ἐμοὶ,
2828 3888 2922 3941 καὶ
2949 3884 3214 3940 ἀποδώσω
3239 3901 3340 3937 σοι.
3356 3882 3417 3935 '0
3438 3880 3498 3933 δὲ
3529 3877 3828 3948 οὐκήθὲλη-

2273 4000 2387 4049 σεν,
2446 3980 2584 4036 ἀλλά
2640 3979 2895 4034 ἀπελθὼν
2955 3979 3148 4033 ἔϐαλεν
3200 3979 3282 4040 εἰς
3340 3975 3617 4046 φυλακὴν,
3658 3973 3755 4034 ἕως
3780 3968 3834 4023 ἂν

2271 4074 2457 4146 ἀποδῷ
2502 4075 2612 4128 πᾶν
2645 4074 2704 4128 τὸ
2731 4073 3105 4144 ὀφειλόμενον.
3153 4070 3375 4131 Ἰδόντες
3411 4068 3469 4121 δὲ
3502 4069 3553 4121 οἱ
3579 4064 3834 4119 σύνδουλοι

2273 4165 2439 4219 αὑτοῦ
2466 4166 2535 4219 τά
2551 4165 2842 4235 γενόμενα,
2862 4164 3109 4235 ἐλυπήθη
3119 4180 3218 4216 σαν
3236 4161 3461 4233 σφόδρα,
3481 4159 3579 4212 καὶ
3612 4156 3833 4216 ἐλθόντες

2273 4259 2613 4330 διεσάφησαν
2664 4258 2743 4329 τῷ
2811 4258 2983 4330 κυρίῳ
3045 4255 3215 4313 αὑτοῦ
3248 4254 3426 4310 πάντα
3453 4252 3529 4306 τὰ
3560 4250 3825 4322 γενόμενα.

2277 4352 2411 4405 Τότε
2435 4350 2949 4423 προσκαλεσάμενος
2977 4352 3005 4404 6
3037 4349 3227 4421 κύριος
3274 4346 3462 4412 αὐτοῦ,
3504 4344 3655 4413 λέγει
3680 4338 3823 4409 αὐτῷ’

2277 4444 2442 4497 Δοῦλε
2488 4445 2713 4517 πονηρὲ.
2774 4444 2957 4497 πᾶσαν
3007 4441 3233 4512 ὀφειλὴν
3274 4440 3492 4519 ἐκείνην
3522 4436 3711 4507 ἀφῆκά
3736 4450 3821 4496 σοι,

2279 4537 2403 4590 ἐπεὶ
2426 4536 2811 4607 παρεκάλεσας
2839 4536 2941 4606 ἐμέ.
2966 4551 2981 4565 ·
3017 4534 3116 4587 οὐκ
3156 4532 3264 4586 ἔδει
3294 4530 3388 4586 καί
3412 4547 3471 4584 σε
3503 4529 3719 4599 ἐλεῆσαι
3750 4526 3824 4577 τὸν

602 4622 852 4676 conservi
889 4622 990 4687 tui,
1010 4621 1155 4677 sicut
1187 4634 1240 4676 et
1273 4636 1374 4692 ego
1401 4623 1478 4676 tui
1508 4622 1767 4679 misertus
1800 4639 1944 4680 sum.
1976 4622 2043 4678 Et
2065 4624 2167 4679 ira-

2284 4627 2589 4693 σύνδουλον,
2612 4627 2689 4692 ὡς
2722 4627 2816 4682 καὶ
2870 4625 2983 4695 ἐγώ
3014 4642 3075 4679 σε
3122 4625 3355 4695 ὲλέησας
3385 4623 3501 4677 Καὶ
3529 4616 3822 4691 ὀργισθεὶςά

604 4727 693 4768 tus
723 4713 980 4768 dominus
1009 4715 1130 4783 ejus
1178 4715 1405 4769 tradidit
1432 4715 1584 4769 illum
1614 4717 1942 4784 tortoribus,
1964 4719 2175 4789 quoad-

606 4821 782 4876 usque
845 4806 1100 4861 redderet
1153 4807 1469 4862 nniversum
1508 4806 1766 4862 debitum.
1808 4808 1898 4863 Sic
1943 4816 1995 4863 et
2019 4808 2179 4864 Pater

604 4913 759 4953 meus
791 4896 1041 4952 caelestis
1101 4896 1265 4954 faciet
1324 4900 1519 4965 vobis,
1577 4901 1623 4956 si
1679 4916 1787 4959 non
1851 4901 2177 4957 remiseritis

606 4990 987 5061 mmsqnisque
1017 4989 1173 5043 fratri
1197 5005 1299 5045 suo
1328 4992 1394 5047 de
1420 4994 1689 5049 cordibus
1746 4994 1953 5050 vestris
1975 4994 2178 5050 delicta

602 5086 868 5155 ipsorum.
911 5104 930 5137 ι

665 5174 795 5231 Luc.
830 5190 965 5240 xvn,
990 5176 1045 5241 5,
1067 5178 1121 5230 4.
1150 5205 1218 5215 -
1247 5193 1267 5227 ι
1300 5175 1359 5228 Si
1380 5175 1629 5244 peccavit
1652 5174 1705 5229 in
1731 5181 1786 5229 te
1813 5176 1985 5231 frater
2023 5184 2176 5241 tuus,

608 5270 829 5337 increpa
869 5268 1021 5321 illum
1053 5282 1068 5320 :
1102 5276 1156 5323 et
1184 5267 1230 5323 si
1296 5267 1676 5337 pmnitentiam
1735 5268 1929 5339 egerit,
1966 5269 2181 5329 dimitte

604 5364 674 5415 ei.
700 5362 764 5415 Et
786 5363 831 5416 si
865 5362 1065 5430 septies
1089 5361 1145 5415 in
1178 5360 1266 5415 die
1289 5363 1605 5430 peccaverit
1637 5360 1689 5415 in
1716 5368 1793 5423 te,
1816 5371 1871 5416 et
1895 5352 2097 5431 septies
2122 5362 2177 5416 in

607 5455 698 5512 die
726 5468 1028 5509 conversus
1063 5452 1231 5508 fuerit
1293 5453 1361 5507 ad
1405 5460 1458 5508 te
1508 5451 1721 5518 dicens,
1767 5453 2005 5509 Pmnitet
2062 5470 2178 5520 me,

607 5546 852 5601 dimittes
893 5545 992 5600 illi.
1042 5563 1059 5596 ι

680 5635 831 5689 Rom.
859 5653 984 5702 xxv,
1019 5636 1132 5693 1'5.
1164 5666 1237 5680 —
1269 5660 1287 5692 ι
1330 5639 1602 5695 Debemus
1630 5652 1731 5693 nos
1785 5637 2058 5692 ﬁrmiores
2081 5627 2201 5691 im-‘

611 5727 935 5783 becillitates
958 5729 1303 5786 infirmorum
1329 5732 1604 5787 sustinere
1632 5736 1688 5783 et
1721 5743 1829 5782 non
1863 5729 2023 5783 nobis
2045 5728 2182 5799 ipsis

614 5824 853 5890 placere.
891 5820 1285 5894 Unusquisque
1311 5830 1551 5878 vestrum
1594 5821 1662 5873 ad
1710 5823 1915 5876 bonum
1968 5821 2184 5889 placeat

614 5902 683 5964 ad
711 5910 1147 5966 adiiicationclu.
1177 5912 1385 5968 Etenim
1404 5911 1657 5966 Christus
1689 5926 1799 5966 non
1822 5910 1926 5965 ’s'tbi
1953 5910 2179 5981 placuit;

2280 4722 2471 4794 κύριος
2509 4720 2696 4783 αὑτοῦ.
2742 4719 3059 4791 παρέδωκεν
3106 4718 3272 4772 αὑτὸν
3322 4719 3436 4780 τοῖς
3483 4711 3818 4785 βασανισταξ.

2278 4816 2385 4880 ἕως
2411 4809 2473 4869 οὗ
2519 4813 2704 4885 ἀποδῷ
2753 4812 2901 4884 αὐτῷ
2929 4813 3040 4865 πᾶν
3068 4810 3131 4864 τὸ
3164 4808 3518 4879 ὀφειλόμενον
3544 4804 3707 4875 αὐτῷ.
3737 4798 3820 4853 Οὖ-

2278 4926 2388 4971 τως
2419 4908 2575 4962 καὶὸ
2602 4907 2794 4980 Πατὴρ
2859 4904 3014 4976 ὑμῶν
3069 4906 3097 4958 6
3159 4901 3413 4974 οὐράνιος
3451 4902 3670 4971 ποιήσει
3694 4895 3815 4965 ὑμῖν.

2279 5002 2376 5055 ἐὰν
2409 5002 2484 5072 μὴ
2524 5002 2702 5072 ἀφῆτε
2756 5000 2988 5062 ἕκαστος
3029 4997 3108 5069 τῷ
3137 4995 3355 5066 ἀδελφῷ
3393 4993 3562 5050 αὐτοῦ
3603 4992 3702 5047 ἀπὸ
3733 4986 3815 5040 uiri

2280 5094 2515 5165 καρδιῶν
2538 5092 2693 5165 ὑμῶν
2715 5092 2784 5147 τὰ
2812 5089 3237 5163 παραπτώματα
3254 5086 3455 5143 αὐτῶν.
3489 5106 3509 5139 ι

2354 5206 2373 5239 ι
2427 5186 2553 5240 Ἐὰν
2579 5185 2802 5257 ἁμάρτῃ
2829 5184 2859 5237 6
2897 5182 3128 5251 ἀδελφός
3158 5199 3277 5244 σου,
3307 5180 3639 5250 ἐπιτίμησον
3665 5172 3810 5242 αὐτῷ’

2282 5279 2379 5332 καὶ
2402 5277 2498 5331 εὰν
2532 5277 2862 5348 μετανοήσῃ,
2922 5275 3060 5344 ἇφες
3105 5271 3278 5341 αὐτῷ.
3333 5271 3446 5323 Καὶ
3492 5270 3589 5322 saw
3624 5265 3813 5319 ἑπτάκις

2278 5372 2378 5442 τῆς
2400 5371 2615 5443 ἡμέρας
2646 5370 2943 5441 ἁμαρτήσῃ
2970 5367 3050 5427 εἵς
3079 5382 3159 5430 σε,
3188 5364 3286 5418 καὶ¹
3320 5363 3554 5424 ἑπτάκις
3581 5362 3674 5428 τῆς
3702 5354 3814 5425 mti-

2285 5481 2386 5534 ρας
2419 5464 2745 5535 ἐπισκέψῃ,
2787 5462 2981 5531 λέγων’
3021 5459 3303 5523 Μετανοιῖ),
3351 5457 3589 5527 ἀφήσεις
3616 5448 3759 5519 αὐτῷ.
3792 5462 3808 5495 ι

2358 5661 2377 5693 ι
2432 5641 2750 5712 Ὀφείλομεν
2800 5641 2962 5711 ἡμεῖς
3018 5639 3068 5691 οἱ
3117 5635 3336 5691 δυνατοὶ
3384 5635 3453 5689 τά
3502 5632 3809 5700 ἀσθενήματα

2280 5732 2391 5785 τῶν
2419 5732 2696 5787 ἀδυνάτων
2724 5731 3038 5805 βαστάζειν,
3085 5730 3180 5783 καὶ
3210 5727 3287 5800 μὴ
3321 5727 3535 5788 ἑαυτοῖς
3570 5723 3803 5793 ἀρέσκειν.

2284 5822 2553 5887 Ἕκαστος
2582 5823 2613 5876 ὑ
2622 5823 2738 5894 μῶν
2758 5821 2837 5893 τῷ
2857 5822 3084 5893 πλησίον
3109 5818 3395 5892 ἀρεσκέτω
3438 5818 3521 5881 εἰς
3544 5814 3602 5868 τὸ
3618 5810 3802 5879 ἀγαθὸν.

2284 5914 2418 5984 πρὸς
2447 5915 2751 5984 οἰκοδομήν.
2782 5916 2892 5971 Καὶ
2919 5914 3026 5985 γάρ
3054 5916 3084 5968 6
3105 5911 3339 5986 Χριστὸς
3380 5908 3481 5982 οὐχ
3521 5899 3685 5974 ἑαυτῷ
3700 5900 3801 5971 ἦρι·
