4024 6450
214 404 367 475 1141

1500 410 1739 470 SACRA
1768 410 2226 473 PARALLELA.

3339 412 3473 477 114.2
3516 444 3519 447 δ

226 540 380 590 σκεν,
425 521 561 579 ἀλλά
619 522 800 586 καθὼς
856 522 1184 594 γέγραπται,
1225 522 1288 577 0i
1320 520 1625 593 ὀνειδισμοὶ⁹
1684 520 1794 575 τῶν

1900 520 1996 575 sed
2031 522 2179 576 sicut
2209 520 2477 591 scriptum
2507 530 2629 576 est:
2660 521 2999 595 Improperia
3020 524 3473 594 exprobrantium

221 614 589 679 ὀνειδιζόντων
614 631 675 667 σε
704 614 979 668 ἐπέπεσαν
1010 614 1097 667 ἐπ’
1114 612 1238 684 ὲμὲ.
1263 633 1283 666 ι

301 726 321 758 ι
353 706 561 778 Μηδενὶ
609 706 781 763 κακὸν
821 708 944 763 ἀντὶ
991 706 1162 762 κακοῦ
1219 706 1561 772 ἀποδιδόντες
1584 747 1601 774 ,
1664 725 1800 780 προ-

221 800 510 871 νοούμενοι
566 800 707 855 καλά
763 800 995 855 ἐνώπιον
1055 800 1263 873 Κυρίου
1326 801 1419 855 καὶ
1470 798 1795 871 ἀνθρώπων.

222 892 316 962 Μὴ
346 892 485 946 νικῶ
511 891 616 946 ὑπὸ
633 892 730 951 τοῦ
764 892 958 960 κακοῦ,
1005 893 1141 947 ἀλλά
1170 892 1298 947 νίκα
1329 893 1389 947 ἐν
1422 892 1500 965 τῷ
1524 891 1716 966 ἀγαθῷ
1737 893 1799 947 τὸ

220 1000 420 1036 κακον.
455 1001 477 1035 1

362 1000 420 1036 ν.
455 1001 477 1035 ι

259 981 421 1128 “fde:
452 1074 716 1145 ἀλλήλους
770 1073 997 1127 δάκνετε
1046 1072 1141 1127 καὶ
1193 1071 1530 1141 κατεσθίετε,
1568 1071 1797 1144 βλέπετε

222 1167 301 1239 μὴ
326 1168 421 1222 ὑπ’
453 1167 700 1237 ἀλλήλων
726 1165 1068 1236 ἀναλωθῆτε.
1104 1184 1125 1219 ι

298 1366 317 1399 ι
370 1344 734 1418 Ἀλλήλωντά
768 1345 911 1418 βάρη
961 1344 1283 1417 βαστάζετε,
1325 1346 1419 1400 καὶ
1448 1344 1623 1410 οὕτως
1662 1346 1798 1401 ἀνα-

220 1440 549 1511 πληρώσατε
588 1440 680 1493 τὸν
738 1440 905 1509 νόμον
969 1439 1063 1493 τοῦ
1108 1439 1372 1511 Χριστοῦ.
1410 1439 1556 1502 Ἕως
1602 1439 1796 1511 καιροῦ

219 1534 591 1606 ἑργασὼμεθα
624 1534 685 1589 τὸ
715 1534 921 1603 ἀγαθὸν
966 1534 1102 1606 πρὸς
1155 1535 1386 1600 πάντας,
1454 1532 1695 1605 μάλιστα
1740 1534 1797 1588 δὲ

219 1630 357 1699 πρὸς
394 1630 523 1692 τοὺς
552 1628 788 1692 οἰκείους
817 1627 921 1697 τῆς
938 1628 1199 1691 πίστεως.
1239 1645 1258 1679 ι
1592 1700 1605 1701 7

294 1739 314 1771 α
356 1719 711 1789 Ἀποθέμενοι
726 1719 789 1772 τὸ
813 1718 1028 1788 ψεῦδος,
1054 1719 1265 1773 λαλεῖτε
1281 1716 1541 1787 ἀλήθειαν
1568 1715 1800 1780 ἕκαστος

220 1814 365 1885 μετά
389 1813 483 1867 τοῦ
512 1812 739 1884 πλησίον
771 1812 958 1877 αὐτοῦ,
1018 1812 1101 1865 ὅτι
1156 1811 1401 1884 ἀλλήλων
1438 1810 1573 1881 μέλη
1606 1810 1794 1883 ἐσμέν.

230 1904 581 1975 Ὀργίζεσθε,
620 1903 716 1957 καὶ
752 1904 827 1975 μὴ
880 1903 1253 1975 ἁμαρτάνετε.
1297 1904 1359 1956 '0
1388 1903 1539 1975 ἥλιος
1563 1904 1639 1976 μὴ
1679 1904 1797 1956 ὲπι-

220 1994 392 2047 δυέτω
425 1996 520 2048 ἐπὶ
547 1994 626 2067 τῷ
658 1994 1025 2067 παροργισμῷ
1049 1994 1203 2066 ὑμῶν
1224 2012 1238 2027 ο
1270 1994 1406 2067 μηδὲ
1440 1994 1612 2048 δίδοτε
1633 1993 1797 2049 τόπον

223 2090 296 2161 τῷ
324 2091 579 2164 διαϐόλῳ.
605 2090 825 2146 Γίνεσθε
854 2093 934 2155 είς
963 2091 1229 2163 ἀλλήλους
1247 2091 1493 2162 χρηστοὶ,
1519 2090 1794 2161 εὐσπλάγ-

220 2200 360 2254 χνοι,
394 2186 743 2255 χαριζόμενοι
792 2184 1026 2247 ἑαυτοῖς,
1081 2183 1268 2249 καθὼς
1325 2184 1421 2238 καὶ
1475 2185 1505 2237 ὁ
1559 2184 1797 2254 Χριστὸς

220 2275 518 2347 ἐχαρίσατο
544 2278 696 2347 ἡμῖν.
726 2275 948 2330 Γίνεσθε
983 2271 1077 2329 οὖν
1128 2276 1367 2347 μιμηταὶ
1392 2274 1487 2329 τοῦ
1519 2274 1680 2341 Θεοῦ,
1720 2275 1796 2338 ὡς

224 2369 385 2424 τέκνα
411 2369 689 2441 ἀγαπητὰ,
745 2369 838 2424 καὶ
893 2372 1248 2441 περιπατεῖτε
1291 2371 1351 2423 ὲν
1378 2370 1589 2441 ἀγάπῃ,
1613 2368 1796 2432 καθὼς

220 2463 315 2515 καὶ
342 2464 373 2515 ὁ
400 2464 633 2532 Χριστὸς
656 2462 944 2532 ⁴ἠγάπησεν
976 2464 1145 2533 ἡμᾶς,
1173 2462 1268 2516 κα)⁸
1307 2461 1626 2533 παρέδωκεν
1663 2463 1795 2515 ὲαυ-

225 2552 309 2605 τὸν
334 2552 478 2624 ὑπὲρ
506 2551 664 2624 ἡμῶν
725 2552 1045 2625 προσφορὰν
1074 2552 1171 2606 καὶ
1210 2552 1403 2605 θυσίαν
1447 2550 1525 2622 τῷ
1552 2548 1671 2620 Θεῷ
1714 2552 1796 2615 εἰς

216 2644 395 2717 ὀσμὴν
420 2644 671 2708 εὐωδίας.
713 2664 733 2698 ι

296 2754 315 2788 ι
352 2737 493 2800 Τοὺς
522 2735 940 2805 ἁμαρτάνοντας
969 2738 1203 2791 ἐνώπιον
1225 2737 1445 2791 πάντων
1473 2736 1684 2808 ἔλεγχε,
1708 2736 1795 2791 ἶνα

220 2828 313 2881 καὶ
335 2828 387 2880 οἱ
418 2826 593 2881 λοιποὶ
624 2827 788 2896 φόϐον
821 2827 1040 2901 ἔχωσιν.
1070 2846 1089 2880 ι

290 2938 309 2971 ι
342 2920 442 2983 Τίς
462 2920 492 2973 ό
521 2919 789 2975 κακώσων
825 2921 995 2991 ὑμᾶς,
1039 2919 1137 2974 ὲάν
1186 2920 1279 2974 τοῦ
1312 2921 1520 2990 ἀγαθοῦ
1554 2922 1796 2994 ζηλωταὶ

222 3012 450 3083 γένησθε
472 3030 487 3078 ;
512 3012 653 3065 Ἀλλ’
679 3014 727 3066 εί
748 3014 842 3066 καὶ
866 3013 1100 3084 πάσχετε
1121 3012 1210 3071 διὰ
1229 3014 1596 3088 δικαιοσύνην,
1618 3016 1798 3086 μακά-

214 3118 344 3175 ριοι.
371 3102 466 3172 Μὴ
486 3102 827 3166 ἀποδιδόντες
842 3102 1012 3156 κακὸν
1039 3104 1160 3157 ἀντὶ
1182 3103 1377 3168 κακοῦ,
1413 3106 1490 3178 μὴ
1519 3106 1792 3177 λοιδορίαν

1902 612 2000 670 tibi
2030 612 2355 669 ceciderunt
2382 628 2548 684 super
2573 629 2681 669 me.
2724 632 2744 666 ι

1972 704 2125 761 Rom.
2163 721 2266 772 ιιι,
2305 705 2395 760 l7.
2421 735 2491 751 -ν-
2522 723 2545 757 ι
2579 704 2726 761 Nulli
2762 705 2967 765 malum
3008 721 3110 778 pro
3146 709 3291 768 malo
3347 708 3474 764 red-

1899 794 2136 852 dentes:
2179 796 2538 868 providentes
2571 797 2712 852 bona
2733 812 2921 853 coram
2977 796 3088 855 Deo
3142 809 3197 853 et
3239 798 3476 863 homini-

1898 889 2024 945 bus.
2069 887 2187 943 Noli
2236 889 2381 943 vinci
2426 905 2456 943 a
2516 891 2692 958 malo;
2750 888 2851 947 sed
2897 890 3063 949 vince
3094 880 3167 945 'in
3203 890 3351 947 malo
3376 890 3473 969 bo-

1897 996 2054 1036 num.
2091 999 2110 1033 ι

1965 1072 2146 1128 Calai.
2179 1089 2236 1138 ι’,
2266 1072 2353 1129 l5.
2389 1098 2453 1115 -—-
2492 1091 2513 1126 ι
2558 1073 2617 1129 Si
2651 1073 2883 1131 invicem
2932 1073 3222 1139 mordetis,
3274 1082 3330 1130 et
3375 1089 3471 1130 co.-

1897 1165 2154 1234 meditis;
2211 1165 2394 1222 videte
2453 1181 2524 1222 ne
2572 1166 2641 1221 ab
2674 1165 2938 1234 invicem
2966 1166 3144 1233 ,etiam
3177 1180 3475 1225 consumav

1897 1257 2052 1312 mini.
2092 1276 2114 1309 ι
2724 1276 2728 1281 ·

1971 1348 2156 1404 Galat.
2182 1366 2261 1417 v1,
2292 1351 2445 1415 2,10.
2470 1380 2541 1393 —
2567 1370 2587 1402 ι
2616 1349 2773 1405 Alter
2794 1348 3024 1405 alterius
3050 1364 3214 1405 onera
3231 1356 3472 1429 po‘rtate,

1898 1451 1951 1497 et
1981 1442 2063 1498 sic
2089 1441 2383 1513 adimplete
2421 1442 2595 1513 legem
2624 1441 2857 1498 Christi.
2896 1441 3271 1512 Dumtempus
3301 1442 3473 1496 babe-

1898 1551 2041 1600 mus,
2071 1550 2365 1605 operemur
2396 1526 2599 1591 bonum
2623 1533 2692 1588 ad
2716 1549 2946 1595 omnes;
2997 1534 3238 1589 maxime
3289 1541 3475 1592 autem

1896 1626 1963 1679 ad
1983 1626 2317 1681 domesticos
2344 1626 2493 1683 fidei.
2531 1645 2551 1680 ι

1964 1717 2159 1785 Eplies.
2192 1733 2264 1779 tv,
2288 1719 2551 1775 25-3l.—
2572 1736 2592 1769 ι
2619 1717 2960 1789 Deponentes
2990 1715 3362 1781 mendacium,
3393 1716 3475 1771 lo—

1897 1811 2133 1881 quimini
2167 1810 2453 1866 veritatem
2476 1810 2643 1881 329
2673 1809 3057 1879 unusquisque
3074 1824 3198 1864 cum
3220 1808 3481 1878 proximo

1899 1918 2035 1959 suo:
2061 1900 2320 1970 quoniam
2362 1916 2552 1957 sumus
2586 1900 2822 1955 invicem
2851 1898 3115 1954 membra.
3136 1898 3472 1963 lrascimini,

1899 2004 1957 2051 et
1987 1995 2155 2049 nolite
2179 1995 2409 2064 peccare
2430 2011 2443 2048 :
2468 1993 2551 2048 sol
2569 2007 2679 2047 non
2697 1990 2919 2047 occidat
2938 2006 3105 2060 super
3130 1988 3472 2044 iracundiam

1897 2097 2158 2144 vestram.
2183 2085 2361 2141 Nolite
2410 2086 2590 2140 locum
2632 2085 2763 2141 dare
2798 2083 3042 2140 diabolo.
3109 2081 3298 2138 Estote
3329 2081 3472 2136 invi-

1896 2196 2016 2236 cem
2079 2178 2319 2249 benigni,
2399 2176 2809 2241 misericordes,
2876 2174 3148 2230 donantes
3214 2173 3474 2237 invicem,

1895 2272 2040 2326 sicut
2063 2269 2389 2325 etChristus
2421 2268 2648 2322 donavit
2681 2266 2867 2323 nobis.
2923 2266 3109 2322 Estote
3136 2280 3265 2336 ergo
3292 2263 3475 2319 imita-

1896 2370 2042 2415 tores
2071 2359 2189 2422 Dei,
2219 2358 2364 2414 sicut
2392 2358 2486 2413 filii
2519 2357 2862 2422 charissimi,
2899 2364 2950 2413 et
2996 2357 3275 2412 ambulate
3303 2354 3360 2410 in
3386 2354 3473 2409 di-

1895 2453 2153 2516 lectione,
2188 2452 2331 2507 sicut
2361 2461 2415 2506 et
2443 2450 2701 2505 Christus
2733 2448 2924 2504 dilexit
2954 2463 3078 2513 nos,
3113 2456 3168 2502 et
3199 2446 3351 2501 dedit
3384 2462 3473 2501 se-

1897 2546 2192 2615 metipsum
2224 2559 2324 2612 pro
2353 2543 2515 2598 nobis
2536 2543 2875 2598 oblationem
2914 2549 2969 2595 et
2994 2540 3231 2596 hostiam
3256 2538 3367 2594 Deo
3414 2538 3471 2595 in

1896 2637 2121 2693 odorem
2154 2637 2469 2692 suavitatis.
2509 2654 2528 2687 ι

1966 2727 1995 2782 I
2044 2727 2182 2783 Tim.
2236 2743 2290 2794 v,
2333 2727 2426 2782 20.
2457 2756 2527 2766 —
2565 2746 2584 2779 ι
2617 2724 2923 2782 Peccantes
2970 2739 3158 2780 coram
3214 2723 3473 2782 omnibus

1894 2836 2083 2891 argue,
2116 2831 2175 2874 ut
2203 2830 2257 2876 et
2291 2820 2475 2876 caeteri
2505 2819 2759 2874 timorem
2798 2818 3060 2873 habeant.
3092 2835 3111 2869 ι
3358 2878 3363 2883 ,

1966 2912 1997 2966 I
2020 2912 2138 2967 Pet.
2167 2929 2245 2979 Ill,
2274 2913 2330 2980 9,
2369 2912 2456 2967 15.
2482 2940 2553 2952 --
2581 2928 2601 2963 ‹
2632 2911 2768 2977 Quis
2803 2919 2888 2967 est
2917 2911 3010 2979 qui
3053 2909 3214 2966 vobis
3248 2916 3470 2973 noceat.

1895 3010 1944 3065 si
1993 3009 2121 3064 boni
2173 3009 2523 3064 aemulatores
2573 3007 2839 3063 fueritis?
2878 3006 2985 3063 Sed
3033 3016 3089 3063 et
3126 3006 3172 3061 si
3218 3005 3472 3077 patimini

1893 3110 2120 3175 propter
2168 3100 2470 3170 justitiam,
2516 3099 2685 3156 beati.
2738 3098 2859 3154 Non
2910 3098 3208 3155 reddentes
3263 3098 3469 3153 malum

213 3194 337 3246 ἀντὶ
357 3193 668 3265 λοιδορίας⁹
699 3194 1013 3252 τούναντίον
1063 3195 1120 3249 δὲ
1164 3196 1537 3265 εὐλογοῦντες,
1582 3198 1664 3252 ὃτι
1714 3200 1794 3261 είς

1897 3208 1994 3263 pro
2024 3192 2192 3257 malo,
2240 3207 2417 3263 neque
2450 3190 2805 3247 maledictum
2856 3207 2957 3263 pro
2998 3191 3294 3246 maledicto
3322 3208 3338 3248 :
3370 3187 3470 3247 scd

218 3285 371 3343 τοῦτο
398 3287 683 3359 ἐκλήθητε,
716 3286 805 3342 ἴνα
833 3287 1085 3357 εὐλογίας
1119 3287 1588 3360 κληρονομήσητε.
1625 3309 1643 3341 ι

292 3476 311 3510 ι
360 3458 664 3531 Ἀγαπητὲ,
692 3460 767 3532 μὴ
796 3459 966 3531 μιμοῦ
986 3461 1048 3515 τὸ
1073 3460 1264 3527 κακόν,
1296 3460 1433 3515 ἀλλά
1466 3462 1526 3515 τὸ
1564 3460 1788 3535 ἀγαθόν.

221 3550 282 3603 '0
304 3551 650 3619 ἀγαθοποιῶν
669 3553 734 3606 ὲκ
759 3552 856 3605 τοῦ
890 3551 1025 3607 Θεοῦ
1064 3555 1245 3607 ἐστιν*
1277 3556 1305 3607 ό
1356 3553 1414 3608 δὲ
1454 3553 1790 3621 κακοποιῶν,

205 3642 312 3712 οὐχ
330 3641 544 3714 ἑώρακε
577 3643 669 3697 τὸν
705 3643 855 3698 Θεόν.
890 3662 910 3697 ι

284 3734 500 3806 Ὠσπερ
541 3734 622 3805 τῷ
655 3737 797 3804 (ρωτῖ⁹
836 3735 1161 3807 αὐτομάτως
1200 3736 1393 3790 ἕπεται
1422 3736 1485 3790 τὸ
1513 3735 1789 3806 φωτίζειν,

205 3827 311 3879 καὶ
336 3825 416 3898 τῷ
445 3827 602 3899 μύρῳ
629 3827 690 3881 τὸ
713 3829 954 3894 εὐωδεῑν,
977 3828 1122 3882 οὕτω
1138 3830 1235 3884 καὶ
1260 3832 1380 3893 ταῖς
1395 3828 1632 3898 ἀγαθαῖς
1654 3830 1793 3901 πρά-

208 3920 366 3985 ξεσιν
394 3921 710 3991 ἀναγκαίως
733 3922 1020 3977 ἀκολουθεί
1047 3923 1109 3976 τὸ
1127 3922 1427 3995 ὠφέλιμον.

280 4099 348 4154 Οί
380 4102 443 4153 τδ
501 4100 706 4170 ἀγαθὸν
739 4102 1120 4173 ὶργαζόμενοι,
1168 4103 1228 4157 ὲν
1260 4102 1410 4175 αὐτῷ
1452 4101 1531 4175 τῷ
1558 4102 1708 4175 ἔργῳ
1730 4103 1792 4157 τὸ

205 4192 515 4246 ἀπόδεκτον
547 4192 754 4265 ἔχουσι.

284 4371 492 4440 Μηδεὶς
543 4372 767 4468 ἄγνοιαν
817 4375 1242 4445 προφασιζέσθω
1273 4378 1405 4448 περὶ
1441 4378 1501 4431 τὸ
1546 4377 1786 4446 ἀγαθόν·

205 4463 445 4533 φυσικὸς
497 4463 656 4534 λόγος
684 4506 700 4532 ,
769 4467 1041 4522 οίκείωσιν
1091 4468 1224 4539 ἡμῖν
1279 4468 1374 4522 τοῦ
1429 4468 1593 4523 καλοῦ
1623 4511 1639 4535 ,
1693 4470 1790 4523 καὶ

1893 3300 1924 3340 e
1944 3284 2227 3339 contrario
2257 3281 2646 3339 benedicentes
2671 3298 2686 3348 ;
2731 3283 2859 3354 quia
2883 3283 2938 3337 in
2971 3283 3074 3337 hoc
3100 3280 3279 3337 vocati
3313 3279 3469 3347 estis,

1893 3377 2408 3433 utbenedictionem
2435 3377 2757 3435 inmeditate
2788 3375 3138 3448 possidentis.
3173 3395 3192 3429 ι

1964 3472 1994 3526 I
2025 3471 2189 3527 Joan.
2247 3486 2332 3535 Ill,
2384 3471 2471 3525 ll.
2524 3500 2593 3512 —-
2628 3488 2647 3521 ι
2679 3469 3041 3533 Cbarissime,
3096 3468 3206 3524 noli
3262 3465 3468 3523 imitari

1891 3564 2117 3627 malum,
2168 3561 2262 3618 sed
2316 3561 2461 3632 quod
2518 3562 2725 3617 bonum
2781 3569 2888 3619 est.
2926 3560 3029 3627 Qui
3074 3559 3368 3625 benefacit,
3399 3576 3468 3616 ex

1891 3655 2002 3711 Deo
2035 3666 2121 3709 est
2153 3669 2169 3708 :
2210 3654 2303 3725 qui
2335 3662 2519 3708 autem
2562 3654 2859 3720 malefacit,
2902 3669 3013 3709 non
3039 3654 3179 3708 vidit
3206 3654 3399 3708 Deum.
3441 3672 3462 3707 ι

1961 3747 2133 3801 Βαεὶι.
2178 3747 2234 3800 in
2278 3745 2338 3802 S.
2388 3744 2552 3801 Gord.
2585 3777 2655 3788 —
2689 3746 3164 3813 Quemadmodum
3202 3745 3469 3816 splendor

1893 3844 2088 3905 sponte
2135 3836 2311 3892 lucem
2345 3838 2618 3908 sequitur,
2656 3845 2713 3893 et
2755 3837 3010 3907 fragrans
3050 3835 3189 3892 odor
3212 3851 3467 3906 unguen-

1894 3936 2008 3981 tum
2036 3946 2051 3992 ;
2085 3929 2167 3984 sic
2205 3930 2371 3983 etiam
2402 3930 2696 4000 probarum
2729 3927 3009 3983 actionum
3042 3927 3251 3984 utilitas
3273 3942 3467 3984 neces-

1893 4020 2043 4074 sario
2075 4035 2261 4074 comes
2291 4030 2396 4075 est.

1962 4110 2121 4166 Hom.
2170 4113 2224 4165 in
2264 4112 2403 4179 past.
2459 4126 2496 4165 ι.
2526 4111 2723 4178 -—-Qui
2760 4114 2908 4170 bono
2949 4116 3101 4187 operi
3130 4112 3375 4178 student,
3407 4112 3469 4168 in

1892 4200 2015 4272 ipso
2050 4201 2196 4257 bono
2223 4216 2390 4272 opere
2422 4204 2691 4272 student,
2734 4214 2792 4261 ut
2817 4207 2929 4264 Deo
2963 4207 3107 4280 grati
3139 4208 3470 4279 acceptique

1890 4294 2020 4350 sint.

1963 4385 2028 4440 In
2061 4386 2312 4442 Hexaem.
2343 4419 2414 4430 —
2443 4388 2615 4446 Nemo
2667 4391 3028 4447 nescientiam
3087 4392 3220 4449 boni.
3264 4407 3462 4448 cause-

1892 4486 2000 4533 tur.
2037 4480 2321 4536 Naturalis
2354 4481 2560 4552 quippe
2607 4483 2750 4538 ratio
2780 4484 2942 4539 nobis
2987 4484 3162 4540 insita
3204 4493 3309 4550 est,
3339 4500 3464 4556 quae

206 4555 569 4627 ἀλλοτρίωσιν
596 4557 702 4611 ἀπὸ
744 4557 856 4612 τῶν
886 4558 1167 4632 βλαϐερῶν
1196 4560 1563 4614 ὑποδεικνύων
1587 4562 1785 4630 ὲγκατ-

1897 4578 1942 4626 et
1970 4571 2227 4627 aﬂectum
2263 4573 2417 4640 boni,
2460 4582 2517 4630 et
2557 4576 2902 4632 aversionem
2933 4577 3006 4634 ab
3037 4577 3109 4635 iis
3138 4594 3263 4651 qua
3294 4555 3462 4635 noxia

206 4649 455 4720 εσπάρη.

297 4764 356 4817 '0
389 4763 529 4836 ὑπὲρ
560 4764 661 4834 τῆς
689 4764 783 4818 τοῦ
800 4765 1030 4834 πλησίον
1054 4764 1327 4837 ἁμαρτίας
1357 4763 1559 4835 θερμὸν
1584 4765 1791 4837 ἀποτη-

206 4855 586 4925 ξαςδόικρυον,
618 4857 810 4911 ἑαυτὸν
873 4857 1149 4925 ὲξιάσατο,
1195 4856 1262 4910 δι’
1306 4849 1383 4910 ὧν
1437 4855 1528 4910 τὸν
1563 4856 1791 4926 ἀδελφὸν

202 4945 552 5018 ἐπωόύρατο.

279 5056 443 5122 Οἶδας
471 5059 526 5112 τί
543 5060 791 5131 ποιήσεις
810 5061 886 5133 τῷ
919 5062 1147 5134 πλησίον
1178 5081 1271 5119 σου
1294 5065 1489 5130 καλόν;
1516 5063 1591 5128 ὡς
1613 5061 1791 5133 ἑαυτῷ

206 5149 396 5220 βούλει
414 5150 546 5221 παρ’
580 5152 773 5223 ἐτέρου
807 5154 1082 5226 γενέσθαι.

293 5350 354 5404 ⁸0
382 5351 766 5425 ἐφησυχάζων,
818 5356 913 5410 καὶ
966 5357 1043 5429 μὴ
1097 5359 1335 5431 ἐλέγχων
1377 5361 1477 5433 τὴν
1514 5363 1792 5435 ἁμαρτίαν

207 5441 311 5497 τοῦ
372 5444 629 5515 ἀδελφοῦ,
682 5448 1026 5520 ἀσπλαγχνός
1081 5453 1249 5518 ἐστιν,
1301 5453 1493 5526 ὥσπερ
1525 5457 1554 5509 ό
1592 5455 1684 5510 τὸν
1714 5456 1791 5510 ίὸν

208 5534 435 5604 ὲναφεὶς
460 5535 539 5608 τῷ
564 5537 815 5610 δηχθέντι
840 5540 944 5594 ὑπὸ
969 5541 1064 5596 τοῦ
1097 5543 1323 5600 ίοϐόλου.

284 5648 380 5720 Μὴ
413 5649 651 5727 γελάσῃς
674 5652 876 5726 πτῶμα
889 5655 983 5711 τοῦ
1008 5657 1176 5723 πέλας
1193 5673 1209 5688 ⁸
1242 5658 1487 5716 διάϐαινε
1514 5648 1585 5716 si
1609 5652 1791 5734 ἀσφα-

212 5740 465 5891 λῶςίἐῶς
494 5761 577 5801 σοι
601 5746 864 5821 δύναμις*
905 5749 1043 5808 ἀλλά
1085 5752 1182 5808 καὶ
1239 5752 1384 5809 δίδου
1425 5755 1583 5828 χεῖρα
1612 5756 1790 5830 χαμαὶ

215 5851 327 5902 aut;
384 5856 482 5897 νω.

1891 4671 2042 4727 ευιιι,
2082 4664 2366 4719 ostendat.

1892 4774 1899 4780 ’
1966 4772 2111 4829 Ibid.
2136 4804 2205 4814 —
2231 4772 2332 4840 Qui
2367 4790 2466 4845 pro
2495 4775 2725 4832 alterius
2749 4785 2979 4846 peccato
3004 4779 3249 4835 calentes
3284 4782 3460 4852 lacry-

1892 4881 2010 4921 mas
2040 4865 2309 4937 profudit,
2336 4867 2383 4923 is
2410 4867 2637 4922 fratrem
2682 4868 3043 4938 deplorando,
3078 4873 3183 4929 sibi
3216 4873 3320 4944 ipsi
3348 4890 3461 4931 uio-

1818 4998 1823 5011 .
1891 4958 2131 5014 dicinam
2158 4959 2368 5015 attulit.

1964 5070 2107 5128 Ibid.
2160 5103 2233 5115 --
2275 5070 2399 5128 Scis
2440 5089 2683 5145 quonam
2736 5082 2900 5146 pacto
2948 5076 3017 5133 de
3064 5077 3314 5149 proximo
3363 5085 3459 5132 tuo

1891 5165 2341 5222 benemerearis?
2381 5164 2440 5221 Id
2488 5166 2539 5223 ei
2566 5165 2759 5234 facito,
2791 5167 2937 5243 quod
2979 5169 3097 5239 ipse
3126 5169 3226 5224 tibi
3255 5169 3323 5224 ab
3350 5169 3460 5225 alio

1892 5256 1977 5314 vis
2007 5256 2147 5313 fieri.
3062 5282 3065 5283 ν

1965 5370 2110 5429 Ibid.
2139 5400 2209 5413 ——
2235 5370 2337 5440 Qui
2388 5378 2553 5441 tacet,
2590 5386 2695 5430 nec
2740 5380 3028 5443 peccatum
3070 5370 3262 5428 fratris
3306 5387 3458 5428 coar-

1891 5462 2030 5534 guit,
2075 5461 2304 5533 perinde
2357 5477 2539 5520 saevus
2598 5462 2950 5534 crudelisque
2994 5470 3103 5531 est,
3148 5476 3213 5518 ac
3264 5463 3356 5534 qui
3400 5463 3456 5521 in

1890 5557 2115 5615 homine
2138 5571 2168 5610 a
2192 5563 2465 5611 venenata
2494 5555 2671 5611 bestia
2711 5554 2846 5621 icto,
2878 5554 3032 5613 virus
3054 5555 3352 5627 relinquat.

1969 5667 2030 5725 S.
2056 5666 2211 5740 Greg.
2242 5666 2512 5724 Nazianz.
2539 5699 2611 5712 —
2637 5669 2882 5727 Proximi
2913 5687 3102 5728 casum
3135 5686 3205 5728 ne
3234 5670 3413 5727 rideas
3439 5688 3458 5725 :

1894 5760 1991 5821 sed
2021 5761 2141 5832 ipse
2167 5776 2334 5832 quam
2378 5762 2914 5834 tutissime'poteris,
2951 5764 3147 5822 incede
3181 5781 3195 5819 :
3225 5763 3355 5835 quin
3401 5772 3461 5818 ct

1896 5851 1944 5909 ei
1976 5850 2074 5920 qui
2103 5847 2253 5905 humi
2281 5846 2447 5920 jacet,
2473 5865 2695 5908 manum
2727 5852 2965 5921 porrige.
