4024 6416
608 394 745 464 1143

607 617 815 662 scatur.
839 602 1226 667 Remittamus.
1260 612 1319 659 ut
1348 604 1508 659 nobis
1540 601 1739 658 remitti
1763 600 2129 670 postulamus.

676 697 822 753 Ibid.
843 728 915 740 —
943 698 1159 755 Dimitte
1192 706 1272 763 tu,
1303 699 1392 753 cui
1430 698 1718 753 dimissum
1754 695 1877 752 fuit.
1910 693 1985 750 Te
2002 696 2169 749 mise-

610 800 750 857 reat,
783 796 875 863 qui
921 792 1357 849 miscricordiam
1397 798 1593 846 nactus
1618 805 1700 846 es.
1743 788 2167 861 Benignitatem,

607 882 735 937 dum
768 883 916 945 licet,
948 884 1044 938 tibi
1078 898 1361 953 compara.

671 973 812 1029 Ibid.
849 1007 907 1031 -—,
931 976 1205 1031 Cedamus
1232 973 1543 1045 quidpiam,
1586 982 1645 1027 ut
1684 972 1832 1044 quod
1883 971 2168 1044 praestabi-

606 1070 714 1129 lius
754 1078 859 1132 est,
900 1066 1250 1122 «concordiam
1297 1075 1448 1135 puta,
1482 1064 1841 1136 recipiamus.
1874 1063 2167 1126 Cedamus,

606 1167 667 1218 nt
697 1161 1001 1218 vincamus.
1048 1158 1244 1215 Videte
1279 1160 1441 1214 lucta?
1466 1158 1639 1230 leges,
1672 1167 1727 1213 et
1757 1171 1970 1230 pugnas
1999 1156 2172 1211 athle-

604 1265 783 1308 tarum
818 1270 831 1306 :
862 1254 981 1322 qui,
1033 1268 1155 1308 cum
1194 1252 1344 1307 humi
1374 1252 1618 1322 iaceant,
1656 1251 1726 1306 iis
1775 1250 2100 1320 plerumque
2137 1262 2168 1303 a

597 1343 802 1412 quibus
828 1345 1088 1416 prostrati
1115 1354 1267 1413 sunt,
1291 1344 1580 1400 victoriam
1611 1351 1963 1413 extorquent.

674 1433 816 1490 Ibid.
839 1467 911 1476 —
934 1435 1166 1506 Expedit
1188 1436 1528 1493 ferocitatem
1562 1434 1900 1506 benignitate
1920 1433 2165 1495 vincere,

598 1534 654 1578 et
673 1538 769 1581 eos
793 1544 819 1581 a
852 1530 1053 1598 quibus
1085 1529 1357 1592 laedimur,
1385 1542 1483 1599 per
1526 1526 1580 1582 id
1629 1528 1888 1582 meliores
1918 1526 2165 1591 reddere,

595 1618 743 1687 quod
777 1631 1029 1690 acceptas
1056 1620 1287 1692 injurias
1306 1634 1464 1691 aequo
1498 1620 1682 1675 animo
1714 1619 1978 1674 feramus.

1199 1710 1433 1767 Tetrast.
1478 1711 1571 1765 40.

809 1802 985 1859 Preme
1010 1804 1143 1859 nihil
1165 1805 1211 1860 si
1236 1805 1436 1860 vindici
1459 1804 1611 1859 debes
1648 1802 1779 1867 Deo,

809 1872 923 1945 Nec
957 1874 1185 1929 debitori
1202 1876 1335 1930 lenis
1363 1883 1472 1945 ipse
1502 1877 1576 1930 sis
1610 1884 1720 1929 tuo.

818 1943 1013 2018 erere
1044 1946 1124 2000 sin
1155 1957 1203 2000 te
1232 1963 1336 2018 non
1363 1943 1547 2018 negas,
1576 1944 1857 2018 ignoscite.

821 2013 1037 2069 Veniam
1062 2016 1299 2087 rependit
1333 2013 1457 2072 nam
1483 2013 1623 2071 Deus
1649 2014 1959 2070 clementiae.

658 2106 931 2176 Ejusdem.
968 2138 1039 2149 -—
1074 2108 1319 2166 Pristino
1368 2109 1543 2165 amori
1590 2108 1715 2181 plus
1752 2108 1960 2173 tribuo,
1997 2119 2163 2177 quam

600 2200 850 2269 praesenti
878 2202 1297 2273 contemptioni.
1334 2200 1413 2257 Ac
1441 2208 1732 2273 propterea
1778 2200 2047 2257 leniorem
2078 2213 2165 2254 me

600 2292 839 2362 praebeo,
874 2303 929 2348 ut
957 2294 1142 2351 acrius
1167 2295 1397 2366 posthac
1423 2295 1771 2366 exprobrem.

661 2382 825 2454 330
857 2382 1054 2442 Invect.
1079 2386 1115 2440 2
1142 2386 1197 2441 in
1220 2384 1430 2443 Julian.
1466 2416 1537 2428 -—-
1568 2386 1663 2440 Sat
1694 2398 1981 2455 poenarum
2006 2399 2165 2440 sumo

589 2484 659 2526 ex
680 2473 761 2529 eis
791 2476 883 2545 qui
903 2492 990 2532 me
1018 2478 1300 2544 laeserunt,
1328 2479 1475 2550 quod
1504 2474 1807 2533 ulciscendi
1836 2483 2162 2548 potestatem

591 2562 847 2622 habeam.

660 2653 938 2724 Ejusdem.
976 2656 1145 2716 Iusta
1183 2662 1318 2718 ultio
1345 2665 1503 2736 culpa
1539 2683 1642 2721 non
1667 2677 1834 2724 caret.
1861 2698 1933 2709 —-
1956 2664 2077 2723 Non
2111 2675 2164 2722 te

586 2741 770 2801 inanis
797 2746 913 2803 hate
939 2749 1203 2821 cogitatio
1230 2751 1489 2825 decipiat,
1520 2755 1730 2826 justam
1774 2757 2041 2813 ultionem
2071 2770 2164 2810 va-

582 2850 716 2895 care
747 2840 933 2912 culpa,
962 2857 1027 2899 ac
1054 2844 1224 2902 licere
1251 2861 1400 2914 eum,
1425 2862 1456 2902 a
1484 2863 1598 2920 quo
1618 2850 1783 2908 lassus
1811 2849 1912 2916 sis,
1942 2849 2000 2905 in
2019 2847 2164 2921 judi-

583 2930 734 2986 cium
767 2934 1014 2991 trahere.

661 3022 930 3094 Ejusdem.
952 3057 1022 3067 —
1048 3026 1301 3100 Magnum
1337 3032 1500 3089 nobis
1518 3042 1789 3104 quaestum
1815 3034 2157 3105 propositum

587 3130 712 3173 esse
747 3118 1156 3187 existimemus,
1200 3123 1296 3195 qui
1346 3124 1690 3195 benignitate
1751 3135 1806 3183 et
1860 3125 2152 3182 clementia

1767 396 1826 456 S.
1865 395 2182 457 JOANNIS
2222 395 2304 454 DA
2320 395 2646 457 MASCENI

682 512 894 584 Ejusd.,
921 522 1061 569 orat.
1092 511 1182 567 16.
1219 541 1291 555 ---
1317 511 1696 583 ignoscamus,
1726 518 1788 564 ut
1820 510 1979 564 nobis
2012 510 2166 578 iguo-
2200 513 2241 567 Α

3701 409 3822 477 lli-l

2344 512 2830 586 Συγχωρήσωμεν,
2883 518 2971 572 ἴνα
3017 522 3482 596 συγχωρηθῶμιν.
3542 526 3822 599 usam.

2271 603 2357 658 ἵνα
2386 606 2740 677 αὶτησὼμιεθα
2772 608 2984 678 ἄφεσιν.

2341 702 2511 771 ’Ἄφες
2541 704 2809 772 ὁάιρεθείς
2834 720 2848 734 ’
2874 706 3095 779 ἐλέησον
3122 712 3152 765 ό
3184 710 3497 785 ἐλεημένος.
3534 715 3749 785 κτῆσαι
3778 718 3821 769 τιὶ

2270 794 2649 865 φιλάνθρωπον
2674 798 2777 862 ἓως
2804 801 3015 871 καιρός.

2340 981 2790 1053 Συγχωρήιῖωμέν
2836 1001 2888 1037 τι
2919 985 3132 1056 μικρὸν,
3189 986 3275 1042 ἴνα
3309 988 3496 1057 μεῖζον
3539 992 3823 1045 (indicto-

2274 1089 2393 1143 μεν,
2437 1071 2536 1144 τὴν
2584 1073 2855 1143 ὁμόνοιαν.
2926 1074 3323 1148 Ἥττηῡῶμεν,
3370 1079 3459 1132 ἵνα
3500 1083 3824 1151 νικήσωμεν.

2278 1165 2473 1236 Ὀρᾶτε
2513 1165 2709 1236 νόμους
2770 1166 3081 1239 ἀθλήσεως,
3134 1171 3228 1224 καὶ
3284 1172 3606 1226 παλαιστῶν
3644 1174 3825 1241 dyoni-

2271 1273 2475 1326 σματα,
2509 1256 2558 1309 οἳ
2596 1256 2675 1329 τῷ
2696 1258 2844 1312 κάτω
2898 1259 3111 1313 κεῖσθαι
3166 1260 3429 1325 πολλάκις
3474 1263 3674 1316 νικῶσι
3714 1267 3824 1327 τοὺς

2269 1348 2726 1420 ὑπερκειμένους.

2349 1442 2582 1510 Ἀγαθὸν
2632 1439 3170 1516 χρηστότητι’νικᾷν
3214 1446 3551 1518 θρασύτητα.
3590 1451 3690 1500 καὶ
3722 1448 3823 1517 βελ-

2267 1534 2415 1597 τίους
2454 1538 2629 1588 ποιεῖν
2651 1537 2777 1601 τοὺς
2799 1536 3140 1602 ἀδικοῦντας,
3189 1532 3270 1602 οἷς
3321 1540 3711 1612 καρτεροῦμεν
3740 1543 3825 1593 πά-

2270 1644 2457 1697 σχοντε
2466 1646 2511 1690 ς.

2369 1809 2434 1861 El
2460 1808 2657 1877 μηδὲν
2679 1808 2899 1877 ὥςρλεις
2928 1808 3007 1874 τῷ
3041 1808 3161 1875 Θεῷ
3186 1810 3465 1879 τιμωρίας
3483 1852 3497 1876 ,

2369 1879 2537 1946 Μηδὲ
2569 1880 2773 1949 αὐτοῖς
2805 1880 2929 1933 ἴσθι
2951 1880 3071 1947 τοῖς
3094 1881 3351 1949 ὄφλουσι
3371 1880 3705 1949 συμπαθής
3722 1900 3735 1911 ·

2372 1954 2445 2031 {Si
2469 1950 2536 2003 δὲ
2571 1946 2737 2031 cidae
2768 1949 2990 2031 ῥςρλων,
3024 1946 3498 2031 ᾴαζπρόχρηοοξς
3522 1952 3593 2005 τὸ
3628 1946 3820 2022 πρᾶον.

2375 2021 2563 2087 Οἴκτῳ
2592 2016 2931 2091 τὰρνοᾶτος
2956 2021 3051 2075 καὶ
3086 2016 3205 2086 Θεῷ
3233 2016 3635 2091 άταθμίζεται.

2336 2114 2462 2168 Ὅτι
2491 2114 2683 2184 δίδωμι
2732 2112 2893 2168 πλέον
2934 2116 3001 2184 τῇ
3042 2114 3175 2189 πρὶν
3208 2116 3394 2187 ἀγάπῃ
3422 2119 3526 2186 τῆς
3554 2116 3822 2187 παρούσης

2266 2206 2586 2279 ὑπεροψίας,
2619 2208 2713 2262 καὶ
2744 2207 2833 2261 διά
2888 2207 3047 2260 τοῦτο
3075 2207 3295 2278 γίνομαι
3322 2207 3819 2279 μακροθυμότερας,

2265 2301 2353 2355 ἵνα
2376 2300 2621 2354 ὀνειδίσω
2644 2299 2990 2370 θερμότερον.

2327 2391 2615 2461 Αὐτάρκης
2638 2406 2727 2459 μοι
2745 2389 2985 2460 τιμωρία
3005 2388 3147 2444 κατὰ
3172 2388 3281 2445 τῶν
3306 2390 3665 2454 ἀδικούντων,
3693 2389 3820 2461 ἡτοᾶ

2262 2482 2517 2555 ἀντιδρᾷν
2550 2482 2790 2550 ἐξουσία.

2331 2662 2424 2734 Μή
2460 2679 2519 2716 σε
2542 2662 2724 2733 ἀπατᾷ
2755 2660 2985 2730 μάταιος
3012 2659 3290 2732 λογισμὸς,
3308 2660 3389 2714 ὅτι
3412 2660 3475 2713 τὸ
3507 2658 3721 2723 δίκαιος
3737 2660 3821 2713 ιπ-

2260 2755 2494 2823 εξελθεῖν
2516 2753 2804 2810 ἀνεύθυνόν
2820 2756 2959 2823 ἐστι,
2972 2753 3146 2810 καὶτὸ
3162 2752 3491 2827 παραδοῦναι
3510 2755 3629 2817 τοῖς
3651 2752 3820 2823 νόμοις

2260 2847 2353 2903 τὸν
2378 2846 2733 2918 ἀδικήσαντα.

2331 3029 2591 3102 Μεγάλην
2615 3032 2749 3102 ἡμῖν
2808 3028 3121 3103 νομίζωμεν
3174 3027 3502 3101 προκεῖσθαι
3558 3042 3815 3098 πραγμα-

2261 3125 2414 3179 τείαν
2466 3123 2912 3195 φιλανθρωπίας,
2977 3124 3074 3177 καὶ
3128 3122 3575 3193 συγχωρήσωμεν
3624 3120 3694 3173 τὰ
3746 3119 3817 3185 είς

588 3217 830 3268 naretnr.
882 3211 1117 3282 Injurias
1158 3214 1341 3273 illatas
1393 3216 1557 3273 nobis
1602 3217 1893 3286 donemus,
1941 3227 2003 3275 ut
2054 3233 2157 3276 nos

2258 3219 2428 3290 ἡμᾶς,
2458 3218 2547 3272 ἵνα
2567 3217 2661 3270 καὶ
2683 3216 2838 3272 αὐτοὶ
2868 3216 3124 3288 τύχωμεν
3146 3216 3568 3287 συγχωρήσεως.

588 3314 808 3371 quoque
839 3303 1051 3358 veniam
1073 3320 1504 3377 consequamur.

1228 3396 1374 3455 Tetr.
1417 3400 1508 3457 Η.
1562 3396 1568 3425 ³

798 3484 1172 3574 g‘ietrtynitatis2
1197 3489 1390 3574 dogma
1410 3492 1537 3574 quid
1562 3496 1888 3574 contractius
1910 3499 1937 3551 .’

797 3557 1007 3633 Quales
1029 3560 1171 3630 apud
1202 3572 1250 3615 te
1269 3557 1553 3630 'proximos
1581 3580 1694 3619 esse
1713 3566 1849 3633 petis

792 3627 879 3683 Sis
912 3630 1036 3686 talis
1065 3627 1206 3701 ipse.

656 3719 847 3792 Ejusd.
878 3739 943 3778 ca:
966 3741 1156 3797 magno
1175 3727 1398 3797 Apolog.
1426 3758 1491 3768 —
1526 3728 1631 3782 Alii
1665 3728 1898 3783 aliorum
1930 3739 2152 3798 peccata

582 3813 963 3883 observamus,
1006 3832 1115 3872 non
1158 3826 1217 3873 ut
1253 3819 1562 3889 lugeamus,
1594 3819 1689 3875 sed
1724 3830 1782 3872 ut
1811 3836 2006 3873 novam
2034 3822 2151 3891 pla-

583 3917 707 3970 gam
746 3904 1069 3971 inferamus,
1103 3915 1268 3977 atque
1298 3921 1363 3962 ex
1402 3906 1640 3977 proximi
1685 3908 2027 3971 vulneribus,
2056 3924 2153 3963 ex-

582 3998 927 4053 cusationem
959 4000 1166 4054 nostris
1192 3999 1352 4054 malis
1374 3999 1757 4055 adhibeamus.

653 4088 928 4163 Chrysost.
946 4092 1014 4145 ad
1034 4108 1123 4148 eos
1149 4093 1238 4164 qui
1258 4092 1659 4148 contubernales
1690 4095 1916 4164 virgines
1937 4092 2148 4149 habent.

2365 3484 2427 3539 Τί
2450 3483 2861 3554 χρηστότητος
2889 3481 3081 3554 δόγμα
3098 3483 3586 3554 συντομώτερογ;

2363 3556 2634 3621 Τοιοῦτος
2671 3555 2795 3610 Ῑσθι
2817 3554 2941 3620 τοῖς
2967 3556 3187 3623 φίλοις,
3218 3556 3315 3609 καὶ
3346 3556 3473 3621 τοῖς
3505 3556 3717 3623 πέλας,

2359 3626 2535 3691 Οἵους
2557 3624 2748 3690 ἐαυτῷ
2775 3625 2995 3679 τούσδε
3023 3624 3343 3695 τυγχάνειν
3369 3626 3585 3693 θέλεις.

2321 3715 2607 3786 Τηροῦμεν
2630 3716 2731 3779 τὰς
2750 3716 2996 3787 ἀλλήλων
3024 3717 3323 3788 ἁμαρτίας,
3360 3719 3459 3788 οὐχ
3500 3720 3592 3772 ἵνα
3631 3718 3813 3787 πενθήο

2252 3824 2458 3878 σωμεν,
2480 3808 2597 3861 ἀλλ’
2626 3808 2712 3861 ἵνα
2737 3808 3195 3879 προσπλήξωμεν,
3231 3810 3325 3862 καὶ
3350 3809 3655 3877 ἀπολογίαν
3687 3811 3810 3881 ἒχω-

2253 3917 2352 3970 μεν
2381 3898 2489 3953 τῶν
2550 3900 2836 3972 ἡμετέρων
2886 3899 3075 3954 κακῶν
3112 3900 3181 3954 τά
3236 3899 3342 3953 τῶν
3391 3901 3625 3972 πλησίον
3659 3901 3808 3973 τραύ-

2332 4010 2420 4046 τα.

2332 4011 2420 4046 τα.

2253 4011 2581 4155 μαὍσῳπερ
2629 4083 2695 4137 ἂν
2726 4084 3071 4156 ἰσχυρότερος
3100 4078 3186 4159 ᾖς,
3214 4082 3455 4154 τοσούτῳ
3479 4083 3808 4155 δικαιότερος

578 4182 801 4251 -—Qno
854 4184 1049 4239 fortior
1094 4200 1177 4244 es.
1230 4200 1296 4240 eo
1355 4193 1409 4240 te
1454 4201 1675 4255 quoque
1734 4185 2149 4240 imbecilliorem

2257 4171 2314 4225 iv
2341 4173 2459 4243 εῐης
2480 4172 2569 4225 τὸν
2600 4172 2991 4246 ἀσθενέστερον
3012 4174 3395 4240 διαδάσταξαι.
3422 4177 3496 4228 Οὐ
3521 4177 3631 4247 γὰρ
3646 4176 3807 4245 ἑαυτῷ

583 4276 725 4332 ferre
782 4276 995 4349 aequius
1047 4276 1234 4333 fuerit.
1294 4277 1430 4331 Eum
1481 4278 1752 4349 siquidem
1810 4278 1906 4349 qui
1955 4278 2152 4333 robore

2257 4263 2447 4333 μόνον,
2503 4264 2640 4319 ἀλλὰ
2689 4267 2785 4318 καὶ
2829 4266 3037 4336 ἑτέροις
3099 4266 3321 4337 ἰσχυρὸν
3378 4262 3521 4321 εἶναι
3563 4269 3667 4339 χρὴ
3726 4268 3807 4321 τὸν

580 4377 823 4438 praestet,
852 4384 961 4424 non
994 4368 1098 4424 sibi
1131 4370 1235 4439 ipsi
1269 4369 1623 4435 tantum,scd
1656 4370 1782 4425 aliis
1815 4385 2032 4441 quoque
2061 4386 2151 4426 ro-

2257 4350 2523 4421 ίσχύοντα.
2547 4353 2611 4406 Εἰ
2653 4353 2713 4407 δὲ
2754 4352 2930 4423 λέγων
2981 4354 3328 4429 ίσχύειν,τὴν
3378 4358 3689 4424 ἀσθένειαν,
3716 4358 3805 4428 τὴν

582 4461 803 4514 bustum
833 4475 957 4516 esse
1004 4467 1241 4530 oportet.
1272 4462 1431 4529 Quod
1455 4462 1523 4530 si,
1551 4477 1676 4519 cum
1707 4470 1761 4519 te
1793 4464 1988 4519 fortem
2020 4479 2150 4536 pro-

2257 4441 2460 4495 ἐκείνου
2486 4445 2770 4515 περιορᾷς,
2829 4445 3024 4516 διπλῆν
3064 4447 3257 4512 δώσεις
3292 4449 3470 4520 δίκην,
3506 4452 3589 4505 ὅτι
3618 4469 3675 4504 τε
3716 4452 3803 4503 οὐκ

580 4547 791 4611 ﬁteare,
821 4549 971 4605 illius
1004 4559 1188 4607 tamen
1216 4567 1329 4608 non
1361 4566 1526 4609 curas
1550 4532 2143 4620 imbecillitatem—du-

2257 4532 2469 4603 ἐφείσω,
2499 4535 2596 4588 καὶ
2614 4537 2698 4591 ὃτι
2735 4537 2935 4611 πολλὴν
2977 4540 3177 4611 ἔχομεν
3208 4541 3302 4595 τοῦ
3346 4543 3637 4611 φείσασθαι
3662 4544 3800 4598 δύνα-

579 4640 775 4712 plicem
802 4656 1018 4711 pmnam
1047 4642 1228 4712 dabis,
1254 4653 1367 4699 tum
1402 4646 1529 4717 quia
1564 4646 1645 4701 illi
1685 4662 1794 4704 non
1827 4650 2144 4720 pepercisti,

2257 4644 2365 4698 μιν.
2413 4628 2743 4695 ’Υπεύθυνος
2783 4631 2892 4704 γὰρ
2950 4633 3181 4698 ἕκαστος
3222 4634 3379 4706 ἡμῶν
3428 4638 3529 4706 τῆς
3556 4636 3648 4690 τοῦ
3683 4637 3799 4705 πλη·

579 4741 694 4786 tmn
731 4735 860 4803 quia
900 4751 1148 4807 magnam
1199 4738 1551 4794 condonandi
1605 4718 1929 4811 potestatem
1976 4744 2148 4799 habe-

2257 4718 2365 4774 πίον
2390 4722 2664 4792 σωτηρίας
2694 4723 2866 4778 ἐστίν.
2896 4725 2998 4778 Διὰ
3025 4726 3183 4780 τοῦτο
3214 4727 3336 4797 οὐχὶ
3377 4727 3450 4781 τὰ
3475 4728 3669 4782 ἑαυτοῦ
3693 4746 3797 4781 σκο-

578 4838 726 4879 mns.
762 4823 897 4880 Nam
942 4830 1328 4901 unusquisque
1372 4832 1536 4889 saluti
1573 4834 1811 4903 proximi
1841 4850 2147 4905 procuran-

2257 4814 2393 4879 πεῖν,
2426 4814 2568 4869 ἀλλὰ
2606 4815 2674 4870 τά
2700 4817 2810 4871 τῶν
2836 4818 3026 4885 πέλας,
3055 4821 3484 4894 ὲκελεύσθημεν.
3506 4823 3687 4894 Τιμῆς
3706 4821 3794 4891 γάρ

575 4917 661 4973 dae
683 4918 958 4975 obnoxius
991 4932 1096 4977 est.
1125 4921 1209 4978 0b
1238 4938 1359 4978 eam
1386 4938 1612 4981 causam
1652 4941 1765 4982 non
1801 4938 2013 4994 nostra,
2048 4929 2145 4985 sed

2257 4905 2634 4978 Ιἰγοράθῒθημεν
2648 4922 2662 4935 ⁸
2686 4909 2716 4961 ὁ
2730 4907 2787 4961 δὲ
2817 4909 3100 4980 ἀγοράσας
3121 4911 3291 4982 ἡμᾶς,
3309 4911 3469 4966 τοῦτο
3492 4912 3793 4984 προσέταξεν

577 5010 810 5065 aliorum
863 5012 1150 5067 commoda
1202 5023 1454 5084 spectare
1491 5016 1637 5087 jussi
1692 5032 1905 5074 sumus.
1963 5018 2144 5076 Pretio

574 5103 744 5173 empti
779 5118 970 5161 sumus
1003 5122 1018 5158 :
1050 5105 1145 5176 qui
1167 5115 1349 5162 autem
1385 5123 1487 5163 nos
1512 5109 1663 5175 emit,
1707 5109 1812 5165 hoc
1835 5111 2143 5167 communis

493 5220 495 5222 ·
576 5197 832 5253 utilitatis
858 5198 1032 5267 gratia
1062 5199 1224 5257 nobis
1262 5200 1482 5255 indixit.

646 5284 764 5343 Lib.
789 5303 828 5342 ιι
855 5286 930 5342 De
956 5290 1161 5344 sacerd.
1196 5319 1266 5332 -—
1295 5290 1416 5346 Non
1449 5294 1628 5349 solum
1678 5311 1778 5367 pro
1812 5296 2141 5353 delictorum

574 5374 738 5428 modo
793 5377 1099 5447 increpatio
1153 5378 1314 5434 debet
1366 5380 1645 5449 adhiberi,
1688 5385 1781 5440 sed
1814 5385 1980 5440 etiam
2016 5401 2144 5456 pec-

554 5467 822 5519 cantium
877 5468 1098 5524 animus
1150 5470 1595 5529 considerandus
1639 5483 1725 5529 est
1760 5494 1772 5529 :
1811 5491 1878 5531 ne
1910 5478 2140 5548 alioqui,

572 5556 704 5609 dum
737 5557 882 5627 quod
932 5570 1253 5632 perruptum
1282 5571 1392 5630 est,
1432 5565 1643 5621 sarcire
1681 5568 1894 5634 studes,
1925 5569 2142 5639 gravio-

574 5662 691 5702 rem
724 5650 1026 5706 scissuram
1051 5652 1242 5710 facias.

646 5739 838 5809 Ejusd.
863 5742 1003 5797 llam.
1040 5744 1106 5799 de
1137 5764 1240 5801 non
1265 5749 1521 5805 adeundis
1555 5752 1892 5819 spectaculis.
1925 5783 1995 5795 —
2024 5752 2140 5809 Hoc

609 5847 744 5889 num
798 5834 958 5892 nobis
1002 5853 1399 5906 proponamus,
1462 5842 1681 5907 fratres,
1734 5862 1847 5902 non
1888 5856 1947 5899 nt
2001 5848 2139 5901 nihil

2244 4996 2339 5051 ἐπὶ
2368 5000 2435 5070 τῇ
2457 5001 2612 5070 κοινῇ
2643 4999 2866 5055 πάντων
2891 4999 3221 5075 λυσιτελείᾳ.

2312 5278 2424 5349 Οὐχ
2450 5277 2637 5343 ἁπλῶς
2668 5280 2806 5351 πρὸς
2854 5279 2919 5333 τὸ
2955 5279 3067 5334 τῶν
3110 5280 3579 5352 παραπτωμάτων
3621 5280 3791 5351 μέτρον

2241 5370 2324 5423 δεῖ
2379 5368 2478 5441 τὴν
2530 5369 2851 5441 ἐπιτίμησιν
2904 5370 3157 5441 ἐπάγειν,
3209 5372 3347 5425 ἀλλὰ
3399 5374 3495 5426 καὶ
3554 5374 3652 5443 τῆς
3701 5372 3791 5423 τῶν

2241 5462 2666 5532 ἁμαρτανόντων
2725 5463 3082 5534 στοχάζεσθαι
3142 5466 3555 5536 προαιρέσεως,
3603 5466 3789 5536 μήποτε

2244 5550 2414 5619 ῥάψαι
2460 5550 2522 5603 τὸ
2548 5551 2833 5623 διερρηγὸς
2867 5552 3209 5624 βουλόμενος,
3264 5556 3448 5626 χεῖρον
3498 5556 3560 5611 τὺ
3606 5556 3787 5627 σχίσμα

2242 5642 2492 5713 ποιήσῃς.
2504 5680 2518 5695 .

2319 5733 2415 5787 Ἐν
2451 5733 2610 5803 μόνον
2634 5735 2948 5807 σκοπῶμεν,
3012 5738 3258 5809 ἀδελφοὶ,
3295 5740 3396 5811 οὐχ
3440 5742 3591 5807 ὅπως
3640 5737 3783 5812 μηδὲν

2244 5828 2506 5901 πάθωμεν
2534 5832 2685 5903 παρᾶ
2712 5832 2822 5888 τῶν
2871 5832 3081 5907 ἑχθρῶν
3110 5836 3297 5902 κακὸν,
3326 5836 3440 5891 ἀλλ’
3462 5838 3609 5902 ὅπως
3635 5832 3781 5907 μησὶν
