4024 6426
199 433 340 500 1145

1426 432 1665 494 SACRA
1707 428 2138 491 PARALLELA

3289 414 3426 482 1146

199 551 382 612 αὐτοῖς
406 546 566 618 ἡμεῖς
620 544 985 619 ἐργασώμεθά
1038 542 1229 621 κακόν.
1266 542 1439 597 Ὅταν
1469 541 1642 612 λάϐῃς
1668 538 1761 592 τὸν

1864 538 1993 593 mali
2029 538 2097 592 ab
2130 534 2373 591 inimicis
2411 533 2711 604 patiamur,
2754 531 2849 588 sed
2882 538 2942 585 ut
2966 528 3119 585 nullo
3155 541 3250 585 eos
3280 532 3429 584 malo

200 640 394 710 ἐχθρόν
424 654 517 691 σου
556 638 632 702 εἰς
666 639 765 702 τὰς
793 639 980 709 χεῖρας
1009 636 1106 700 τάς
1132 633 1251 701 σας,
1285 634 1361 706 μὴ
1393 632 1584 687 σκόπει
1610 632 1759 692 ὅπως

198 730 363 785 αὐτὸν
387 727 755 800 ἀμυνάμενος,
802 726 899 781 καὶ
946 726 1167 799 μυρίαις
1221 724 1430 787 πλύνας
1468 721 1761 793 λοιδορίαις

200 821 506 894 ἐκπέμψῃς,
536 820 648 874 ἀλλ’
677 820 823 883 ὅπως
864 818 1222 889 ἐπαναγάγῃς
1253 816 1390 888 πρὸς
1426 814 1755 869 ἐπιείκειαν·

200 917 298 969 καὶ
342 915 418 986 μὴ
472 916 737 987 πρότερον
784 915 1047 985 ἀποστῇς,
1088 913 1193 977 ἓως
1254 912 1321 966 ἂν
1369 909 1634 981 περιγένῃ
1690 911 1758 981 τῇ

202 1007 470 1080 πραότητι
496 1006 597 1077 τῆς
631 1006 911 1077 ὠμότητος
934 1005 1031 1075 τῆς
1053 1002 1282 1059 ἐκείνου.

269 1100 405 1153 Τότε
445 1099 659 1170 μείζους
685 1097 835 1170 παρὰ
855 1094 949 1150 τοῦ
980 1095 1095 1166 βίου
1137 1095 1409 1150 κείσονται
1441 1091 1757 1158 ἀντιδόσεις,

200 1191 331 1245 ὅταν
355 1191 523 1263 μυρία
551 1190 678 1253 τοὺς
699 1189 925 1261 ἐχθροὺς
949 1186 1129 1257 άγαθὰ
1159 1187 1501 1259 ποιήσαντες,
1540 1185 1760 1239 τούναν-

202 1286 293 1340 τία
325 1283 679 1367 άνταπολάϐω
686 1299 807 1352 μεν.

275 1456 445 1510 Ὅταν
470 1455 813 1524 ἐννοήσωμεν
843 1452 987 1524 άπερ
1011 1452 1284 1524 ἐπάθομεν
1313 1451 1464 1523 παρὰ
1495 1452 1602 1506 τῶν
1633 1468 1758 1506 συν-

200 1548 425 1611 οούλων,
450 1544 789 1616 λογισώμεθα
809 1544 952 1617 ειπερ
977 1546 1313 1615 ἐποιήσαμεν
1341 1546 1422 1607 είς
1445 1543 1535 1597 τὸν
1557 1538 1761 1597 Δεσπό-

200 1657 322 1710 την,
353 1639 448 1693 καὶ
479 1638 557 1709 τῷ
612 1636 764 1708 φόϐῳ
800 1637 912 1690 τῶν
942 1636 1159 1690 οἰκείων
1203 1635 1613 1707 ἁμαρτημάτων
1669 1633 1761 1687 τὸν

203 1730 375 1801 θυμὸν
412 1731 505 1783 ἰπὶ
549 1731 663 1792 τοῖς
700 1727 1003 1799 ἀλλοτρίοις
1063 1724 1358 1797 πλημμελή
1371 1742 1501 1796 μασι
1552 1725 1762 1796 ταχέως

199 1820 528 1877 ἀπώσασθαι
553 1820 913 1892 δυνησόμεθα.
937 1819 997 1873 Εἰ
1014 1818 1121 1889 γὰρ
1143 1818 1223 1872 δεῖ
1246 1817 1552 1889 μεμνῆσθαι
1583 1818 1762 1889 ἁμαρ-

1857 630 2172 685 multemus.
2209 626 2345 682 Cum
2381 625 2597 681 hostem
2631 633 2787 678 tuum
2811 622 2867 677 in
2914 626 3241 693 potestatem
3273 627 3424 675 tuam

1857 721 2158 793 redegeris,
2191 734 2303 775 non
2350 718 2408 774 id
2452 732 2571 785 age,
2605 726 2662 771 ut
2697 730 2821 772 eum
2856 714 3002 768 male
3035 718 3340 784 acceptum,
3374 719 3429 765 et

1857 814 2140 871 sexcentis
2192 812 2506 868 maledictis
2556 823 2845 879 aspersum
2890 806 3164 871 dimittas,
3212 804 3307 861 sed
3358 804 3427 859 ad

1858 908 2140 964 lenitatem
2178 906 2420 962 reducas
2450 924 2464 960 :
2491 918 2591 959 nee
2630 908 2761 956 ante
2796 898 3029 963 absiste,
3063 912 3228 969 quam
3263 912 3427 951 man-

1858 998 2154 1056 suetudine
2185 1005 2281 1052 tua
2324 996 2593 1052 saevitiam
2639 992 2816 1063 ipsius
2849 990 3076 1046 viceris.

1929 1084 2126 1153 Ejusd.
2173 1116 2245 1128 —
2273 1084 2413 1140 Tum
2454 1083 2675 1139 demum
2740 1080 2917 1152 major
2975 1095 3005 1133 a
3057 1078 3169 1133 Deo
3215 1090 3426 1131 merces

1858 1179 2019 1236 nobis
2055 1176 2415 1248 rependetur,
2451 1191 2575 1231 cum
2626 1175 2697 1229 ab
2729 1172 3015 1244 ,inimicis,
3044 1185 3183 1241 quos
3222 1168 3427 1224 beneﬁ-

1861 1271 1961 1327 ciis
2010 1268 2320 1353 innumeris
2380 1268 2728 1333 auxerimus,
2800 1264 3083 1321 contraria
3148 1260 3425 1331 receperi-

1858 1378 2007 1418 mus.
2661 1372 2667 1377 '

1929 1449 2123 1522 Ejusd.
2176 1448 2315 1516 Quid
2357 1449 2412 1503 in
2450 1445 2651 1517 injuria
2700 1445 3061 1515 spectandum.
3093 1442 3319 1498 —Cum
3369 1440 3424 1494 in

1858 1553 2100 1600 mentem
2135 1542 2368 1609 venerit,
2416 1540 2551 1611 quid
2597 1538 2927 1609 iniuriarum
2955 1550 2985 1590 a
3019 1533 3306 1591 conservis
3337 1546 3427 1585 ac-

1861 1638 2200 1708 ceperimus,
2253 1631 2676 1688 consideremus
2736 1630 2903 1686 etiam
2966 1628 3097 1699 quid
3160 1626 3427 1681 adversus

1860 1729 2151 1783 Dominum
2181 1725 2589 1782 commisimus.
2624 1722 2703 1777 Ita
2727 1721 2844 1786 ﬂet,
2881 1728 2942 1775 ut
2964 1727 3281 1775 nostrorum
3303 1731 3428 1786 pec-

1862 1832 2115 1879 catorum
2165 1826 2314 1873 metu
2365 1816 2710 1872 iracundiam
2742 1815 2814 1870 ob
2843 1813 3019 1869 aliena
3049 1811 3246 1867 delicta
3291 1823 3428 1864 con-

199 1914 483 1986 τημάτων,
510 1912 620 1968 τῶν
668 1881 898 1967 ὀίιίείων
937 1881 1038 1966 δεῖ.
1073 1881 1384 1982 μεμνῆσθαι
1412 1881 1591 1982 ’μόνον
1613 1881 1634 1943 ’⁷
1659 1881 1762 1965 κάν

1865 1923 2077 1985 ceptam
2110 1911 2224 1966 cito
2264 1908 2664 1980 propellamus.
2701 1904 2833 1960 Nam
2885 1904 2930 1961 si
2976 1911 3201 1974 peccata
3232 1901 3288 1955 in
3312 1915 3428 1955 meo

198 2004 310 2058 τῶν
367 2004 584 2059 οἰκείων
645 2003 1147 2076 μνημονεύσωμεν,
1194 2002 1449 2057 οὐδέποτε
1504 2001 1763 2073 ἀλλότρια

199 2095 385 2166 λογιού
394 2096 555 2168 μεθα.

269 2314 301 2356 δ
341 2315 467 2370 Ἐάν
497 2313 627 2386 ἔχῃς
650 2332 701 2368 τι
719 2313 864 2369 κατά
891 2313 987 2368 τοῦ
1018 2313 1236 2385 ἐχθροῦ,
1262 2313 1411 2379 ἔξελε
1430 2312 1529 2383 τὴν
1561 2312 1760 2383 λύπην,

199 2405 537 2476 θεράπευσον
568 2404 666 2477 τὴν
688 2404 877 2476 ὀργὴν,
903 2404 1062 2459 λύσιν
1082 2404 1180 2476 τὴν
1214 2404 1436 2477 ἔχθραν,
1471 2405 1557 2457 ἵνα
1592 2403 1762 2475 λάϐῃς

199 2497 503 2569 θεραπείαν
554 2496 662 2551 άπὸ
722 2500 821 2568 τῆς
879 2496 1181 2568 τραπέζηςο
1249 2495 1422 2567 Θυσίᾳ
1483 2495 1763 2568 προσέρχῃ

198 2591 406 2660 «ppu-ri}
436 2587 530 2641 καὶ
547 2588 698 2661 ἁγίᾳ,
750 2588 1028 2660 αἰδέσθητι
1049 2588 1148 2659 τὴν
1190 2587 1447 2641 ὑπόθεσιν
1463 2588 1633 2659 αὐτῆς
1662 2586 1763 2659 τῆς

197 2682 535 2753 προσφορᾶς.
572 2679 946 2752 Ἐσφαγμένος
974 2679 1261 2743 πρόκειται
1292 2681 1321 2734 ό
1362 2679 1630 2751 Χριστός’
1666 2679 1763 2733 καὶ

195 2773 344 2835 τινος
373 2771 560 2826 ἕνεκεν
590 2772 802 2843 ἐσφάγη
831 2787 846 2839 ;
878 2772 983 2825 καῖ’
1005 2770 1092 2825 διά
1124 2769 1345 2838 τί;Ἴνα
1371 2770 1763 2842 είρηνοποιήσῃ

195 2861 269 2915 τά
298 2862 357 2915 ὲν
385 2861 464 2932 τῷ
494 2860 709 2933 οὐρανῷ
737 2862 831 2916 καὶ
865 2860 936 2916 τά
962 2860 1055 2916 ἐπὶ
1072 2860 1172 2933 τῆς
1200 2860 1326 2933 γῆς’
1357 2859 1445 2914 ῖνα
1474 2859 1569 2915 καί
1592 2860 1762 2929 ἀγγέ-

196 2949 312 3014 λοις
329 2952 391 3005 σὲ
414 2952 611 3023 ποιήσῃ
637 2950 807 3021 φίλον.

1864 2002 2037 2059 moria
2068 1999 2275 2055 habere
2297 2002 2534 2068 oportet,
2561 2003 2880 2049 nostrorum
2909 1992 3184 2048 duntaxat
3214 1988 3430 2043 incum-

1862 2094 1943 2149 bit
1974 2088 2315 2146 meminisse.
2351 2084 2408 2140 Si
2448 2090 2766 2139 nostrorum
2805 2077 3246 2140 meminerimus,
3283 2089 3429 2130 nun-

1863 2198 2029 2256 quam
2062 2180 2240 2235 aliena
2266 2175 2740 2249 percensebimus.

1932 2295 2123 2367 Ejusd.
2153 2292 2314 2349 Hom.
2353 2293 2416 2347 de
2439 2290 2591 2361 prod.
2619 2289 2798 2344 Iudae.
2822 2316 2892 2328 -—-
2916 2285 2970 2341 Si
3010 2286 3273 2340 adversus
3322 2280 3430 2336 ini-

1863 2386 2403 2445 micumoll‘ensionis
2436 2385 2607 2440 habes
2646 2382 2877 2453 aliquid,
2908 2379 3087 2434 exime
3113 2390 3428 2440 manerem,

1862 2482 2200 2537 iracundiam
2227 2479 2379 2542 seda,
2405 2475 2710 2546 comprime
2736 2471 3107 2537 inimicitiam,
3133 2480 3244 2523 uta
3271 2482 3429 2523 sacra

1862 2594 2053 2636 mensa
2098 2576 2428 2633 medicinam
2486 2586 2699 2629 sumas.
2749 2568 2835 2623 Ad
2897 2565 3243 2621 tremendum
3302 2576 3431 2616 san-

1862 2681 2122 2743 ctumque
2150 2668 2486 2726 sacrillcium
2518 2662 2738 2721 accedis
2774 2679 2788 2717 :
2817 2659 2952 2715 illud
2995 2658 3143 2729 quod
3178 2656 3427 2719 olTertur,

1861 2778 2139 2823 reverere.
2193 2759 2470 2816 Mactatus
2522 2756 2780 2811 Christus
2844 2752 3172 2823 proponitur
3220 2766 3234 2805 :
3292 2745 3427 2816 quid

1861 2872 2026 2930 porro
2060 2869 2241 2912 causae
2284 2858 2392 2917 est,
2442 2847 2804 2922 quamobrem
2852 2845 2925 2901 sit
2966 2840 3277 2897 mactatus?
3322 2839 3426 2892 Ec-

1860 2965 1982 3013 etu',
2014 2946 2283 3020 inquam?
2309 2943 2607 3003 Nimirum.
2638 2951 2698 2993 ut
2720 2952 2843 3009 quae
2876 2937 2929 2992 in
2965 2936 3106 2991 cmlo
3138 2941 3193 2987 et
3222 2946 3349 3001 quas
3371 2930 3426 2983 in

1860 3048 2009 3096 terra
2053 3017 2222 3103 sunt,
2266 3034 2565 3108 paciﬁcet,
2618 3031 2829 3101 tibique
2875 3026 3195 3099 angelorum
3239 3017 3430 3077 amici-

1863 3132 1992 3188 tiam
2016 3128 2297 3186 conciliet.

263 3234 475 3306 Μηδεὶς
506 3233 683 3288 τοίνυν
710 3232 849 3288 ἔστω
904 3233 1125 3298 Ἰούδας,
1167 3232 1355 3306 μηδεὶς
1382 3235 1645 3308 πονηρίας
1666 3235 1761 3301 γέ-

1932 3244 2090 3317 331
2129 3238 2404 3311 Ejusdem.
2435 3267 2505 3279 —-
2536 3233 2734 3290 Nullus
2761 3230 2930 3304 igitur
2983 3226 3153 3283 ludas
3185 3222 3427 3317 reperia-

192 3344 341 3398 μων,
374 3325 561 3395 μηδεὶς
584 3325 720 3396 ἔχων
750 3325 826 3380 ἰὸν
877 3326 934 3379 ὲν
961 3328 1026 3397 τῇ
1067 3326 1298 3397 διανοίᾳ,
1345 3327 1421 3398 μὴ
1468 3328 1549 3391 είς
1588 3328 1759 3383 κατά·-

186 3435 381 3491 κρισιν
410 3418 569 3489 λάϐῃ.
594 3419 700 3472 Καὶ
725 3419 834 3489 γάρ
859 3418 979 3472 τότε
1013 3418 1150 3489 μετὰ
1169 3418 1230 3473 τὸ
1260 3419 1445 3472 λαϐεῖν
1466 3418 1565 3491 τὴν
1594 3438 1761 3492 προσ-

186 3510 394 3580 φοράν,
460 3511 725 3564 ἐπέπεσεν
778 3509 856 3580 τῷ
920 3510 1091 3582 Ἰούδᾳ
1127 3512 1154 3564 ό
1217 3508 1496 3574 διάϐολος·
1546 3512 1610 3565 οὐ
1666 3511 1759 3565 τοῦ

188 3600 455 3671 σώματος
506 3601 857 3672 καταφρονῶν
900 3601 994 3655 τοῦ
1044 3601 1410 3666 Δεσποτικοῦ,
1475 3603 1610 3657 ἀλλὰ
1662 3604 1762 3673 τῆς

185 3692 603 3763 ἀναισχυντίας,
639 3693 916 3765 ὲπιπηδών
956 3692 1051 3747 τοῦ
1102 3693 1299 3758 Ἰούδα,
1349 3696 1436 3750 ἵνα
1478 3695 1759 3766 μάθωμεν,

184 3787 275 3839 ὅτι
316 3787 434 3848 τοῖς
464 3785 697 3850 ἀναξίως
746 3786 1033 3859 μετέχουσι
1081 3787 1191 3842 τῶν
1225 3787 1385 3843 θείων
1423 3788 1759 3859 μυστηρίων,

184 3875 414 3940 τούτοις
446 3875 682 3947 μάλιστα
716 3878 956 3949 ὲπιπηδᾷ
989 3878 1088 3934 καὶ
1140 3879 1413 3934 ἐπιϐαίνει
1455 3880 1694 3948 συνεχῶς
1734 3880 1763 3932 ό

184 3967 466 4032 διάϐολος,
492 3968 677 4039 ὥσπερ
700 3968 777 4040 τῷ
826 3969 994 4041 Ἰούδᾳ
1035 3970 1179 4025 τότε.
1212 3971 1278 4023 Δί
1319 3972 1430 4040 γὰρ
1455 3971 1612 4040 τιμαὶ
1638 3972 1763 4033 τοὺς

186 4059 389 4122 ἀξίους
417 4059 718 4127 ὠφελοῦσιν
738 4077 752 4090 ·
786 4061 912 4125 τοὺς
939 4060 996 4113 δὲ
1033 4061 1184 4132 παρά
1212 4060 1311 4131 τὴν
1352 4060 1507 4125 ἀξίαν
1557 4061 1761 4114 ἀπολα-

188 4151 424 4216 ϐόντας,
493 4152 572 4212 εἰς
618 4151 841 4221 μείζονα
898 4153 1170 4224 τιμωρίαν
1229 4152 1607 4221 ἐμϐάλλουσιν.
1656 4153 1764 4207 Καὶ

186 4244 377 4299 ταῦτα
429 4244 593 4313 λέγω,
649 4245 747 4315 οὐχ
796 4245 881 4299 ἵνα
927 4246 1169 4317 φοϐἠσω,
1222 4245 1338 4299 ἀλλ’
1385 4246 1472 4299 ἵνα
1530 4245 1763 4315 ἀσφαλί-

189 4355 411 4407 σωμαι.

268 4451 350 4505 Σὺ
380 4450 460 4521 τῷ
507 4450 777 4520 συνδούλῳ
819 4450 998 4521 μένεις
1034 4451 1351 4522 ἔχθραίνων,
1391 4452 1486 4506 καὶ
1523 4451 1640 4515 πῶς
1672 4451 1765 4504 δυ-

1864 3315 2210 3402 ιιιιῖξιιιιιιιιε
2236 3326 2611 3402 improbitatis
2641 3325 2878 3393 plenus;
2933 3320 3117 3375 nullus
3147 3317 3242 3388 qui
3273 3315 3427 3370 virus

1861 3426 2048 3482 animo
2082 3422 2357 3480 conditum
2419 3418 2617 3474 habeat
2649 3433 2665 3471 :
2709 3430 2775 3469 ne
2813 3415 2867 3468 in
2913 3407 3425 3466 condemnationem

1862 3518 2118 3587 accipiat.
2158 3513 2316 3568 Tunc
2341 3511 2489 3567 enim
2514 3515 2804 3579 postquam
2829 3502 3036 3574 accepit
3069 3499 3427 3559 oblationem,

1861 3608 2113 3664 diabolus
2138 3606 2191 3660 in
2212 3604 2413 3660 Judam
2449 3600 2654 3656 decidit
2685 3615 2698 3651 :
2740 3611 2847 3650 non
2887 3593 3032 3665 quod
3061 3591 3273 3645 Domini
3304 3604 3429 3643 cor-

1862 3715 1965 3769 pus
1987 3700 2383 3756 contemneret,
2415 3690 2508 3746 sed
2537 3698 2598 3742 ut
2623 3686 2972 3757 impudentia:
3004 3681 3157 3737 .luda'
3186 3679 3427 3735 insulta-

1863 3799 1965 3846 ret.
1992 3787 2064 3844 Ut
2094 3786 2465 3856 intelligamus
2492 3780 2770 3837 diabolum
2809 3778 2863 3832 iu
2894 3791 2991 3831 eos
3018 3771 3316 3844 praesertim
3351 3770 3429 3824 in-

1864 3883 2040 3943 silire,
2103 3879 2195 3949 qui
2251 3876 2435 3932 divina
2495 3869 2754 3944 mysteria
2803 3868 3026 3937 indigne
3083 3862 3426 3936 percipiunt;

1866 3967 2321 4042 quemadmodum
2351 3976 2487 4021 tunc
2525 3963 2579 4017 in
2600 3959 2820 4016 Judam.
2853 3956 3137 4028 Siquidem
3173 3962 3232 4009 ut
3250 3953 3428 4007 hono-

1868 4078 1954 4118 res
1984 4063 2051 4116 iis
2085 4060 2176 4130 qui
2205 4058 2354 4128 digni
2384 4062 2513 4111 sunt
2545 4054 2840 4109 utilitatem
2868 4048 3106 4104 all‘erunt
3138 4061 3153 4098 :
3183 4045 3265 4099 sic
3289 4058 3425 4098 con-

1865 4162 1950 4207 tra
1974 4152 2096 4206 illos
2120 4149 2215 4219 qui
2240 4147 2464 4217 indigne
2489 4152 2740 4206 sumunt,
2800 4140 2858 4195 in
2903 4138 3165 4206 maiorem
3208 4135 3429 4190 crucia-

1867 4253 1977 4298 tum
2012 4240 2333 4309 conjiciunt.
2362 4238 2484 4292 ﬂare
2511 4250 2677 4306 porro
2709 4248 2813 4287 non
2836 4245 2902 4286 eo
2933 4245 2962 4283 a
3005 4244 3090 4284 me
3143 4227 3428 4290 dicuntur,

1867 4346 1925 4392 ut
1949 4346 2216 4391 terrorem
2252 4332 2542 4395 incutiam,
2606 4328 2701 4383 sed
2757 4332 2819 4379 ut
2868 4323 3141 4379 cautiores
3179 4320 3427 4375 reddam.

1938 4449 2078 4504 Ibid.
2104 4478 2175 4491 -—
2201 4446 2336 4503 Cum
2364 4452 2423 4500 tu
2462 4442 2722 4499 infestum
2749 4440 2803 4494 in
2861 4451 3192 4494 conservum
3242 4434 3428 4490 odium

188 4544 344 4613 νήσῃ
390 4540 626 4610 βαδίζειν
659 4543 749 4595 ἐπὶ
775 4543 874 4613 τὴν
904 4542 1003 4611 τῆς
1045 4543 1266 4613 εἰρήνης
1303 4542 1618 4614 τράπεζαν;
1654 4543 1760 4597 Καὶ

1866 4543 2129 4604 retineas,
2161 4552 2396 4609 quonam
2426 4544 2587 4604 pacto
2612 4533 2681 4588 ad
2704 4545 2949 4586 mensam
2981 4528 3133 4600 pacis
3161 4541 3333 4597 queas
3348 4540 3434 4580 ac-

186 4636 312 4705 γάρ
339 4636 367 4687 ό
395 4634 628 4704 Χριστὸς
653 4634 774 4693 οὑδὲ
792 4634 1082 4688 ἀποθανεῖν
1100 4635 1238 4707 ὑπὲρ
1268 4635 1360 4688 σοῦ
1386 4637 1761 4708 παρῃτήσατο,

187 4729 263 4782 σὺ
296 4726 357 4780 δὲ
390 4726 511 4779 οὐδὲ
537 4726 706 4797 ὀργὴν
748 4726 965 4796 ἀφιέναι
992 4725 1069 4797 τῷ
1122 4726 1389 4797 συνδούλῳ
1416 4727 1503 4780 διά
1545 4725 1768 4779 σεαυτὸν

184 4818 399 4888 ἀνέχῃ.
465 4818 767 4888 Ἐπηρέασε
832 4816 976 4888 γάρ,
1052 4817 1223 4888 φησὶ,
1270 4817 1366 4871 καὶ
1415 4816 1485 4870 τά
1539 4816 1771 4886 μέγιστα

187 4907 661 4978 ἐπλεονέκτησεν.
718 4910 830 4964 Καὶ
869 4910 923 4963 τί
972 4909 1162 4975 τοῦτος
1213 4910 1295 4973 είς
1325 4909 1581 4980 χρήματα
1608 4907 1781 4978 ήζηπ

189 5003 303 5073 μία
334 5019 350 5033 ο
381 5001 593 5055 οὐδέπω
623 5001 953 5073 ὲσταύρωσε,
1007 4998 1257 5072 καθάπερ
1311 5001 1403 5055 τὸν
1440 4998 1676 5071 Χριστὸν
1717 4998 1768 5052 οί

201 5094 466 5148 Ἰουδαῖοι
484 5110 498 5125 ο
514 5093 628 5146 ἀλλ’
651 5094 800 5162 ὅμως
822 5093 915 5146 καὶ
936 5093 1068 5147 αὐτὸ
1086 5093 1147 5146 τὸ
1174 5087 1333 5163 αἷμα,
1364 5092 1500 5162 ὅπερ
1528 5090 1764 5163 ἐξέχεεν,

185 5189 285 5250 εἰς
327 5184 603 5257 σωτηρίαν
640 5188 752 5248 τοῖς
803 5185 1058 5256 ὲκχέασιν
1091 5184 1310 5239 ἔδωκεν.
1354 5182 1420 5238 Τί
1454 5182 1627 5255 τούτῳ
1655 5183 1769 5237 ῖσον

184 5279 356 5348 ἔχεις
388 5278 596 5344 εἰπεῖν;
641 5276 768 5330 Ἐὰν
809 5276 883 5348 μὴ
910 5278 1054 5348 ἀφῇς
1085 5276 1162 5347 τῷ
1204 5274 1405 5347 ἐχθρῷ,
1435 5275 1535 5329 οὐκ
1562 5276 1768 5328 ἐκεῖνον

182 5368 480 5439 ἠδίκησας
536 5367 817 5438 μᾶλλον,ἢ
862 5369 1077 5423 σαυτόν.
1145 5369 1380 5421 Ἐκεῖνον
1420 5366 1518 5437 μὲν
1551 5366 1660 5438 γὰρ
1690 5366 1769 5431 εἰς

184 5461 300 5514 τὸν
343 5460 585 5531 παρόντα
608 5461 722 5530 βίον
761 5462 1125 5532 παρέϐλεψας,
1157 5460 1351 5515 ἑαυτὸν
1379 5460 1437 5514 δὲ
1487 5458 1767 5527 άσύγγνω-

188 5566 343 5605 στον
374 5550 638 5619 ἐποίησας
671 5551 807 5621 πρὸς
836 5550 934 5620 τὴν
952 5551 1256 5623 ,ἀπολογίαν
1284 5550 1384 5621 τὴν
1414 5550 1493 5612 εἰς
1516 5549 1618 5618 τὴν
1641 5547 1768 5618 μέλ-

185 5643 415 5698 λουσαν
471 5641 704 5713 ἡμέραν.
741 5641 905 5695 Οὐδὲν
948 5641 1057 5711 γὰρ
1111 5640 1253 5695 οὕτω
1292 5641 1491 5710 μισεῖό
1528 5639 1679 5704 Θεὸς,
1701 5637 1776 5701 ὡς

1865 4631 2096 4690 cedere?
2123 4630 2337 4685 Etenim
2364 4626 2619 4681 Christus
2666 4638 2734 4677 ne
2774 4631 3006 4675 mortem
3061 4618 3280 4689 quidem
3334 4632 3432 4686 pro

1867 4735 1920 4779 te
1949 4730 2208 4794 oppetere
2247 4718 2525 4776 recusavit
2577 4734 2591 4771 :
2643 4725 2701 4768 tu
2740 4728 2872 4768 vero
2927 4727 2996 4766 ne
3059 4719 3149 4764 tua
3208 4709 3431 4779 quidem

1864 4831 2033 4871 causa
2068 4816 2203 4868 iram
2234 4824 2503 4866 conservo
2553 4806 2835 4863 remittere
2885 4802 3152 4858 sustines.
3202 4804 3291 4863 At,
3347 4800 3432 4853 in-

1864 4906 2013 4974 quis,
2046 4902 2179 4958 mihi
2237 4898 2547 4963 insultavit,
2590 4892 3040 4968 gravissimisque
3087 4888 3432 4945 detrimentis

1865 4996 1936 5051 ab
1964 5009 2030 5049 eo
2057 5008 2179 5048 sum
2208 4989 2457 5046 affectus.
2485 4985 2628 5054 Quid
2646 5000 2776 5040 vero
2835 4982 3015 5039 istud?
3044 4982 3304 5037 damnum
3328 4978 3432 5032 hoc

1867 5088 1923 5143 in
1981 5086 2230 5158 pecuniis
2258 5090 2470 5139 tantum
2530 5081 2697 5136 situm
2732 5085 2839 5135 est.
2871 5076 3123 5131 Nondum
3143 5083 3195 5130 te
3230 5074 3283 5129 in
3303 5087 3432 5126 cru-

1866 5193 1983 5234 cem
2011 5177 2145 5247 egit,
2166 5176 2248 5231 uti
2272 5174 2556 5230 Christum
2583 5169 2755 5225 Judaei
2780 5187 2795 5225 :
2823 5177 2878 5224 et
2906 5177 3089 5222 tamen
3115 5165 3435 5234 illeipsum-

1869 5277 1980 5325 met
2003 5267 2346 5337 sanguinem,
2384 5278 2547 5334 quem
2603 5261 2816 5323 eﬂ‘udit,
2859 5261 2915 5314 in
2937 5273 3125 5315 eorum
3158 5272 3187 5309 a
3232 5253 3432 5325 quibus

1867 5360 2127 5431 profusus
2144 5367 2248 5424 est,
2270 5358 2504 5412 salutem
2534 5354 2705 5409 dedit.
2759 5353 2896 5420 Quid
2938 5346 3208 5421 ejusmodi
3240 5345 3434 5401 aﬂ‘erre

1870 5450 2088 5522 queas?
2116 5448 2173 5504 Si
2199 5448 2342 5503 hosti
2379 5459 2472 5503 tuo
2521 5447 2776 5517 injuriam
2838 5458 2946 5497 non
3003 5439 3273 5500 remittas,
3321 5449 3430 5488 non

1872 5543 2027 5598 illum
2051 5541 2245 5611 magis,
2270 5555 2432 5610 quam
2457 5540 2690 5609 teipsum
2722 5537 2947 5593 laeseris.
2978 5533 3129 5587 Lium
3160 5528 3429 5600 siquidem

1880 5635 1935 5690 in
1968 5633 2224 5705 praesenti
2259 5633 2371 5688 vita
2401 5633 2540 5688 male
2571 5629 2871 5687 habueris:
2924 5636 2980 5681 at
3008 5624 3132 5691 tibi,
3188 5637 3313 5678 cum
3368 5619 3429 5675 in

281 5841 315 5886 II
358 5837 728 5897 Divorsahaec
767 5848 892 5895 sunt
926 5840 989 5894 ab
1028 5838 1209 5903 editis,
1247 5839 1405 5896 tertia
1446 5838 1675 5911 proinde
1707 5837 1968 5895 orationis
1993 5835 2155 5907 hujus
2194 5834 2450 5891 editione.
