3910 6422
599 405 732 471 114³1

1785 402 1849 462 S.
1875 395 2192 462 IOANNIS
2232 392 2657 454 DAMASCENI

3691 389 3806 452 1148

599 533 784 576 tuturo
835 519 924 573 die
979 533 1146 573 causa
1188 517 1437 583 {dicenda
1512 517 1636 578 erit,
1686 515 1896 569 veniam
1937 523 2154 564 omnem

2281 504 2596 574 ινησίκακον
2642 501 2948 572 ἄνθρωπον,
2993 501 3066 566 ὡς
3101 502 3439 556 οἰδαίνουσαν
3469 502 3721 571 καρδίαν,
3751 505 3804 565 ὡς

601 610 949 682 pneclusisti.
975 609 1120 663 Nihil
1148 613 1292 664 enim
1320 608 1542 678 perinde
1566 606 1710 660 Deus
1737 604 1873 666 odit,
1897 611 1955 656 ut
1981 599 2160 654 homi-‘

599 719 723 759 nem
755 701 1079 770 iniuriarum
1113 717 1436 764 memorem,
1498 709 1557 754 ut
1608 713 1704 754 cor
1760 693 2052 754 tumidum,
2103 697 2162 743 ut

599 797 842 848 animum
872 795 1140 848 inﬂatum.
1174 794 1314 847 Audi
1347 794 1534 862 itaque
1579 789 1712 860 quid
1744 789 1892 841 dicat
1928 804 1941 838 :
1972 802 1990 835 ι
2022 782 2162 837 Cum

599 885 762 941 olfers
788 902 990 940 munus
1017 894 1169 938 tuum
1208 885 1274 938 ad
1327 886 1496 938 altare
1527 922 1542 946 ,
1601 892 1656 934 et
1712 879 1824 934 illic
1859 887 2164 931 conscenso

610 977 767 1029 altari
804 976 1124 1029 recordatus
1165 974 1352 1036 fueris,
1381 972 1531 1043 quod
1585 972 1754 1025 frater
1810 977 1938 1021 tuus
1999 963 2165 1017 habet

605 1067 812 1136 aliquid
845 1065 1110 1120 adversus
1137 1073 1213 1130 te,
1276 1065 1522 1133 relinque
1575 1074 1774 1122 munus
1829 1067 1982 1111 tuum
2042 1059 2167 1106 ante

603 1157 807 1216 altare;
844 1163 897 1207 et
925 1154 1078 1217 vade,
1112 1155 1470 1208 reconciliare
1519 1150 1670 1205 fratri
1720 1158 1814 1203 tuo
1867 1146 2083 1217 (Matth.
2107 1158 2161 1208 ν,

602 1243 818 1301 25-95).
855 1262 873 1294 ι
909 1240 1047 1311 Quid
1090 1244 1170 1298 ais
1205 1263 1217 1297 :
1265 1242 1604 1299 Renlittam?
1649 1237 1905 1302 Maxime,
1960 1233 2159 1304 inquit,

603 1337 710 1389 ille.
735 1334 868 1387 Nam
896 1344 953 1386 ut
983 1349 1086 1403 pax
1116 1348 1240 1386 cum
1273 1332 1440 1388 fratre
1478 1330 1809 1394 sanciretur,
1852 1327 1961 1381 hoc
2024 1337 2166 1394 quo-

601 1444 708 1498 que
729 1426 1060 1480 sacrificium
1087 1425 1274 1480 datum
1315 1433 1416 1479 est.

684 1517 960 1572 Methodii.
990 1546 1058 1558 —-
1091 1516 1483 1571 Praestabilius‘
1515 1529 1636 1570 esse
1682 1525 1881 1567 censeo
1921 1506 2124 1578 corripi
2152 1546 2168 1572 ,

606 1627 780 1680 quam
812 1610 1090 1680 corripere
1119 1626 1132 1662 :
1168 1617 1376 1678 quanto
1401 1605 1751 1678 prarstantius
1781 1612 1866 1660 est
1909 1610 2083 1658 semet
2136 1614 2168 1653 a

607 1702 780 1763 malo,
818 1715 982 1770 quam
1011 1699 1177 1752 alium
1211 1699 1460 1752 liberare.

672 1791 907 1861 Evagrii.
972 1819 1040 1827 —
1087 1787 1588 1858 Reprehensionem
1628 1793 1980 1854 temperatam
2038 1795 2160 1835 esse

2263 595 2697 667 φλεγμαίνουσαν
2770 593 2968 664 ψυχήν.
3029 596 3294 648 Ἄκουσον
3341 594 3476 662 γοῦν
3540 596 3594 646 τί
3647 612 3802 664 φησιν·

2269 709 2288 741 ι
2322 689 2489 742 Ὅταν
2518 687 2834 759 προσφέρῃς
2863 688 2924 740 τὸ
2959 687 3132 761 δῶρόν
3169 706 3262 742 σου
3299 689 3395 741 ἐπὶ
3424 690 3486 742 τὸ
3536 689 3806 758 θυσιαστῇ-

2265 796 2398 852 ριον,
2434 781 2596 834 κάκεῖ
2650 779 2893 849 μνησθῇς
2937 780 3046 833 ἄνω
3102 779 3198 832 τοῦ
3245 780 3667 850 θυσιαστηρίου,
3703 783 3807 833 62.6

2267 873 2487 940 ἀδελφός
2543 889 2635 925 σου
2667 872 2782 942 ἔχει
2835 891 2886 926 τι
2942 874 3084 926 κατά
3127 890 3217 925 σου
3243 890 3257 904 ·
3290 874 3430 942 ἄφες
3454 873 3520 924 τὸ
3541 873 3713 943 δῶρόν
3743 891 3806 925 τευ

2265 965 2356 1017 ἐπὶ
2383 965 2442 1016 τὸ
2474 965 2879 1034 θυσιαστήριον,
2928 963 3023 1016 καὶ
3071 964 3321 1018 ἀπελθὼν
3353 963 3731 1034 καταλλάγηθι
3755 967 3807 1032 τῷ

2266 1056 2498 1128 ἀδελφῷ.
2552 1075 2570 1108 ι
2609 1056 2674 1110 Τί
2706 1056 2903 1123 λέγεις,
2943 1057 3169 1128 ἀφήσως
3211 1058 3340 1124 Ναὶ,
3380 1058 3588 1126 φησίν
3621 1058 3703 1112 διὰ
3730 1060 3808 1125 τᾶς

2266 1149 2364 1216 τὴν
2389 1150 2611 1220 εἰρήνην
2638 1146 2736 1217 τὴν
2768 1150 2846 1211 είς
2879 1148 2972 1202 τὸν
3019 1148 3268 1219 ἀδελφὺν,
3302 1149 3400 1205 καὶ
3435 1147 3583 1218 αὓτη
3619 1151 3650 1220 ὴ
3685 1149 3807 1202 θυσία

2267 1239 2504 1309 ἐγένετο.

2341 1510 2543 1574 Μεῖζον
2566 1509 2768 1579 ἀγαθὸν
2789 1509 2850 1563 τὸ
2877 1509 3192 1579 ἐλεγχθῆναι
3218 1507 3315 1561 τοῦ
3357 1507 3588 1576 ἐλέγξαι
3615 1508 3800 1576 νῡμξξε.

2271 1603 2381 1672 ὅσῳ
2413 1600 2599 1672 μεῖζόν
2633 1603 2748 1653 ἐστι
2777 1601 2837 1653 τὸ
2880 1600 3071 1653 ἑαυτὸν
3096 1599 3488 1668 ἀπαλλαγῆναι
3531 1598 3718 1661 κακοῦ,
3741 1599 3804 1650 τςῦ

2274 1694 2433 1749 ἄλλον
2459 1693 2791 1757 ἀπαλλάξαι.

2345 1787 2436 1838 Δεῖ
2464 1784 2805 1854 κεκραμένον
2830 1777 2969 1836 εἶναι
2998 1781 3089 1835 τὸν
3115 1782 3359 1852 ἔλεγχον,
3393 1781 3460 1835 τὸ
3491 1783 3707 1851 πρᾶγμα
3729 1780 3808 1848 μὲν

592 1845 827 1950 '0portdt
858 1898 869 1933 :
903 1879 984 1934 sic
1022 1894 1234 1948 nempe,
1281 1887 1341 1932 ut
1376 1893 1490 1932 rem
1514 1876 1735 1948 quidem
1791 1874 1960 1944 ipsam
1994 1870 2164 1934 dicas,

2281 1875 2519 1943 λέγοντα,
2554 1873 2754 1927 δειλίαν
2784 1873 2843 1925 δὲ
2871 1873 3360 1945 προσποιούμενον,
3410 1872 3562 1927 κατά
3736 1888 3805 1923 το-

606 1988 794 2026 verum
833 1980 884 2026 te
914 1981 1060 2026 metu
1085 1970 1222 2025 allici
1270 1971 1537 2026 simules:
1575 1967 1800 2040 perinde
1847 1977 2010 2035 atque
2061 1979 2171 2018 me-

605 2065 712 2120 dici
738 2065 901 2132 periti
928 2079 1036 2117 mre
1073 2063 1276 2117 ferrum
1306 2077 1499 2117 secans
1533 2059 1834 2115 occultant.

681 2153 914 2209 Eusebii.
950 2184 1020 2193 —
1045 2151 1217 2208 Omne
1256 2153 1479 2223 quidem
1522 2160 1808 2222 peccatum
1857 2163 2022 2218 grave
2047 2157 2130 2201 est
2153 2185 2170 2209 ,

605 2246 817 2298 nullum
849 2260 980 2299 vero
1026 2243 1244 2315 gravius
1289 2243 1618 2312 injuriarum
1676 2240 2062 2301 recordatione
2114 2245 2172 2292 et.

606 2335 857 2389 avaritia.
891 2333 1008 2388 Non
1065 2332 1225 2398 dixit,
1268 2331 1690 2387 fornicationem
1741 2345 1863 2386 esse
1904 2328 2172 2384 idolorum

608 2425 947 2489 servitutem,
971 2424 1068 2479 sed
1129 2424 1435 2477 avaritiam.
1467 2420 1640 2476 Soror
1700 2436 1866 2491 porro
1924 2417 2173 2473 avaritia:

606 2512 915 2566 recordatio
969 2512 1304 2581 injuriarum
1359 2519 1463 2566 est.
1526 2507 1708 2565 Grave
1751 2508 2022 2578 siquidem
2071 2506 2175 2562 hoc

606 2613 891 2670 peccatum
923 2612 1008 2657 est
1042 2611 1097 2659 et
1136 2600 1664 2658 nefarium.Etenim
1694 2600 1907 2668 reliqua
1927 2604 2172 2669 peccata,

546 2723 558 2737 ο
605 2695 708 2746 etsi
743 2691 883 2746 mala
916 2699 1066 2758 sunt,
1098 2699 1283 2747 tamen
1316 2692 1383 2745 ad
1414 2691 1581 2746 breve
1625 2698 1841 2759 tempus
1903 2690 2170 2743 duntaxat

603 2784 837 2847 durant,
859 2791 918 2838 ut
950 2799 1072 2853 quae
1106 2784 1272 2838 unius
1313 2783 1466 2839 horae
1509 2791 1789 2838 momento
1822 2791 2171 2853 peragantur.

604 2875 894 2930 Scortatus
919 2883 1003 2930 est
1032 2875 1278 2945 aliquis?
1321 2875 1427 2930 hoc
1453 2890 1562 2929 una
1602 2874 1737 2928 hora
1777 2882 1995 2943 patrato
2056 2887 2175 2928 sce—

605 2965 738 3030 lere,
764 2965 1007 3038 reliquas
1041 2973 1223 3034 potest
1254 2966 1566 3035 quiescere.
1605 2964 1843 3020 Furatns
1879 2973 1965 3021 est
2001 2964 2174 3018 alter?

607 3073 713 3111 una
743 3057 876 3111 hora
913 3058 1120 3112 scelere
1152 3058 1256 3113 hoc
1276 3058 1537 3121 admisso,
1561 3057 1821 3126 deinceps
1851 3057 2037 3112 forsan
2062 3071 2176 3126 pte-

2272 1967 2408 2037 φοὺς
2450 1967 2560 2020 τῶν
2593 1964 2816 2039 ἰατρῶν,
2840 1965 2891 2018 οῖ
2939 1964 3242 2036 κρύπτουσι
3271 1964 3348 2034 τῷ
3372 1963 3572 2034 χαλκῷ
3597 1965 3674 2016 τὸν
3703 1963 3811 2015 διαι-

2274 2056 2471 2129 ροῦντα
2501 2056 2746 2127 σίδηρην.

2342 2149 2499 2202 Πᾶσα
2537 2148 2635 2219 μὲν
2676 2147 2919 2220 ἁμαρτία
2946 2147 3091 2218 δεινή
3146 2149 3261 2200 ὲστι
3290 2163 3308 2181 ο
3342 2149 3493 2218 πλὴν
3541 2148 3715 2218 μεῖζον
3737 2145 3808 2213 τῆς

2276 2240 2661 2311 μνησικακίας,
2695 2240 2791 2293 καὶ
2819 2240 2920 2309 τῆς
2940 2237 3255 2304 πλεονεξίας
3305 2240 3470 2294 οὐδέν
3520 2242 3685 2293 ἐστιν.
3726 2240 3807 2290 03:

2273 2330 2444 2398 εἶπεν,
2480 2332 2704 2403 πορνεία
2740 2333 2774 2403 ἦ
2827 2331 3241 2402 είδωλολατρεία
3267 2333 3444 2395 ἐστὶν,
3471 2331 3613 2385 ἀλλὰ
3657 2333 3806 2384 πλεον-

2273 2424 2412 2491 εξία.
2451 2422 2682 2493 ’Δδελφὴ
2706 2423 2763 2477 δὲ
2779 2422 2877 2492 τῆς
2899 2423 3211 2486 πλεονεξίας
3233 2424 3264 2494 ἡ
3294 2423 3661 2493 μνησικακία.
3692 2423 3811 2486 Δεινὴ

2272 2515 2380 2584 γάρ
2406 2515 2553 2568 ἐστιν
2572 2516 2606 2584 ἡ
2639 2515 2884 2585 ἁμαρτία
2913 2514 3052 2585 αὕτη
3077 2515 3170 2567 καὶ
3211 2516 3559 2586 παράνομος.
3593 2515 3813 2567 Tala-:1

2272 2609 2647 2679 ἁμαρτήματα
2668 2608 2882 2678 πονηρά
2909 2607 3008 2678 μέν
3035 2609 3193 2672 εἰσιν,
3213 2607 3556 2678 ὀλιγοχρονοι
3572 2608 3624 2660 δὲ
3649 2607 3817 2674 τυπά-

2275 2716 2478 2764 νουσιν,
2513 2700 2570 2752 ὲν
2604 2701 2702 2770 μιᾷ
2729 2700 2848 2769 ὥρᾳ
2879 2697 3307 2768 ἀποτελούμενα.
3360 2698 3682 2770 Ἐπόρνευσὲ
3717 2715 3818 2758 τις;

2274 2791 2334 2843 ὲν
2368 2791 2468 2861 μιᾷ
2495 2788 2613 2862 ὥρα
2639 2788 2855 2852 παύσας
2884 2789 2945 2841 τὸ
2995 2788 3185 2855 κακὸν,
3214 2789 3313 2851 τάς
3340 2788 3537 2852 λοιπὰς
3566 2786 3702 2856 ὧρας
3737 2785 3822 2836 δύη

2275 2899 2433 2936 ναται
2471 2881 2765 2953 ἡσυχάσαι.
2801 2879 3036 2950 Ἐκλεψέ
3065 2898 3189 2948 τις;
3229 2881 3288 2933 ὲν
3322 2882 3427 2950 μιᾷ
3453 2879 3572 2951 ὥρα
3615 2880 3825 2948 ποιήσας

2274 2975 2335 3029 τὸ
2383 2975 2572 3040 κακὸν,
2617 2975 2800 3028 λοιπὸν
2831 2975 3101 3045 μετανοεῖ.
3170 2971 3468 3041 Ἐφόνευσέ
3516 2988 3635 3034 τις;
3680 2969 3825 3022 tuba

2279 3066 2377 3135 μὲν
2409 3065 2503 3118 καὶ
2533 3064 2691 3118 τοῦτο
2715 3078 2729 3093 ⁸
2764 3063 2902 3117 ἀλλά
2940 3064 2997 3116 ὲν
3030 3063 3127 3134 μιᾷ
3149 3061 3268 3133 ὥρᾳ
3300 3063 3536 3132 ποιήσας
3576 3061 3634 3113 τὸ
3662 3060 3823 3118 xuii.

601 3149 892 3249 Pitentiam
915 3149 1047 3218 agit.
1076 3148 1288 3202 Czedeni
1309 3147 1531 3203 admisit
1558 3148 1872 3218 quispiam?
1900 3149 2049 3217 atqui
2072 3147 2173 3203 hoc

2281 3153 2379 3219 τὰς
2418 3153 2613 3217 λοιπάς
2639 3155 2789 3225 ὥρας
2819 3153 3042 3210 δύναται
3071 3154 3425 3226 μετανοῆσαι.
3470 3154 3529 3206 '0
3560 3152 3618 3206 δὲ
3657 3151 3826 3222 μνησί-

602 3236 828 3317 :quidem
885 3237 1090 3290 malum
1148 3245 1251 3291 est.
1293 3237 1565 3292 (laterum
1598 3237 1704 3291 hoc
1767 3236 2015 3293 facinore
2070 3252 2177 3292 una

610 3331 743 3384 hora
795 3329 1112 3392 commisso,
1151 3328 1381 3398 reliquis
1425 3329 1575 3384 horis
1601 3344 1726 3384 eum
1762 3331 2030 3400 paenitere
2076 3345 2177 3402 po-

607 3431 732 3476 test.
755 3420 858 3487 Qui
892 3436 1020 3475 vero
1045 3421 1372 3491 injuriarum
1411 3436 1622 3476 memor
1659 3429 1765 3486 est,
1811 3421 2046 3491 singulis
2073 3423 2175 3478 ho-

610 3513 686 3565 ris
717 3521 927 3581 peccat,
961 3518 1015 3566 et
1052 3512 1352 3581 nequitiam
1381 3522 1606 3580 pectore
1655 3511 1996 3567 circumfert.
2055 3513 2172 3569 Etsi

609 3605 663 3657 in
696 3606 955 3674 templum
995 3604 1326 3674 ingreditur.
1349 3619 1457 3658 non
1496 3613 1678 3659 tamen
1706 3621 1871 3675 puras
1897 3614 2076 3675 potest
2108 3607 2175 3663 ad

613 3695 782 3750 Deum
816 3711 1006 3765 preces
1036 3695 1279 3755 mittere,
1311 3696 1438 3765 quia
1466 3695 1669 3750 infesto
1701 3711 1828 3766 erga
1866 3698 2177 3765 proximum

614 3789 800 3840 animo
838 3797 944 3841 est.
979 3786 1215 3841 Animus
1247 3787 1572 3855 iajuriarum
1601 3801 1813 3841 memor
1846 3787 2005 3857 332
2040 3805 2182 3843 nun-

613 3892 771 3945 quam
797 3891 826 3929 a
855 3883 1082 3944 peccato
1103 3891 1271 3945 purus
1299 3882 1419 3931 est:
1445 3891 1726 3945 nunquam
1760 3876 2163 3948 eleemosynam

612 3951 1022 4037 impertiLNam
1057 3965 1468 4058 quigharitatis
1497 3981 1695 4041 expers
1727 3975 1834 4032 est,
1868 3981 1970 4022 nec
1996 3971 2163 4025 mise-

2283 3265 2475 3312 κακος,
2509 3247 2631 3301 καθ’
2673 3247 2908 3319 ἑκάστην
2953 3248 3101 3320 ὥραν
3143 3246 3472 3317 ἁμαρτάνει,
3515 3244 3619 3315 τὴν
3655 3243 3826 3296 κακίαν

2281 3341 2340 3393 ὲν
2367 3341 2430 3410 τῇ
2463 3339 2658 3410 καρδία
2683 3339 3017 3411 περιφέρων.
3051 3339 3169 3392 Κᾶν
3194 3339 3274 3400 είς
3292 3336 3597 3407 ἐκκλησίαν
3617 3335 3825 3404 eisab!“

2280 3431 2340 3484 οὺ
2375 3430 2596 3485 δύναται
2630 3432 2874 3503 καθαρὰν
2918 3431 3081 3502 εὐχὴν
3108 3430 3184 3501 τῷ
3231 3429 3350 3500 Θεῷ
3373 3429 3723 3498 ἀναπέμψαι,
3749 3426 3824 3493 τὴ

2282 3519 2479 3573 κακίαν
2524 3519 2661 3590 ἔχων
2708 3520 2850 3574 κατὰ
2906 3519 3000 3572 τοῦ
3052 3518 3304 3588 πλησίον.
3360 3516 3499 3569 Οὐδὲ
3557 3513 3824 3583 καθαρεύει

2281 3611 2387 3664 ἀπὸ
2427 3613 2704 3683 ἁμαρτίας
2746 3614 3083 3684 μνησίκακος
3113 3611 3259 3680 ψυχή
3283 3627 3300 3643 ο
3347 3609 3444 3662 καὶ
3482 3606 3824 3679 ἐλεημοσύνη-ι

2275 3704 2528 3757 οὐδέποτε
2557 3703 2871 3774 ἐργάζεται.
2915 3703 2975 3756 '0
3004 3704 3110 3773 γὰρ
3148 3703 3222 3773 μὴ
3253 3701 3394 3770 ἔχων
3445 3700 3699 3768 ἀγάπην,

2278 3795 2435 3860 ἐλεεῖ,
2481 3795 2603 3850 οὐδὲ
2653 3795 3130 3866 ἀντιλαμϐάνεται.
3169 3794 3229 3846 '0
3269 3792 3482 3856 ἄκακος
3521 3790 3714 3860 ἐχθρὸν
3751 3789 3823 3839 οὐκ

2277 3886 2427 3956 ἔχει’
2467 3890 2496 3941 ὀ
2535 3889 2873 3959 μνησίκακος
2897 3888 2996 3942 οὐκ
3034 3885 3446 3941 ἀπαλλάττεται
3492 3884 3596 3938 τοῦ
3633 3878 3822 3954 ἐχθρῷ,

2279 3977 2470 4047 ἐχθρὸν
2503 3978 2642 4048 ἔχων
2668 3980 2728 4033 τὸ
2761 3980 2892 4034 ἴδιον
2919 3979 3174 4041 συνειδὸς.

614 4059 740 4121 reri,
776 4071 876 4111 nec
898 4056 1054 4126 operti
1081 4046 1233 4112 ἴοι-ιθ
1256 4060 1427 4112 novit.
1460 4046 1767 4124 Qui‘malus
1823 4075 1932 4114 non
1978 4071 2082 4129 est,
2119 4065 2166 4121 is
2207 4046 2419 4124 boatem
2445 4046 2743 4127 nnnbabet
2778 4073 2912 4144 :qui
2961 4082 3142 4126 autem
3213 4069 3440 4140 injuriae
3503 4068 3822 4122 recordalun

615 4165 891 4220 nunquam
932 4151 1089 4239 hoste
1134 4152 1512 4222 caret,utqui
1563 4153 1842 4222 propriam
1886 4157 2280 4216 conscientiam
2305 4162 2517 4219 hostem
2551 4165 2772 4221 habeat.

608 4307 768 4383 ΤΠ.-
802 4306 1276 4383 ΧΙΙη-υεμίηιρὶἱε.
1324 4317 1371 4360 et
1414 4310 1799 4383 pepcaturibus,
1840 4313 2098 4383 malisque
2126 4325 2178 4371 et

753 4377 1001 4446 improbis
1032 4379 1154 4431 viris
1175 4420 1190 4444 ,
1224 4389 1382 4448 atque
1411 4379 1622 4448 injustis
1652 4391 1700 4434 et
1731 4377 2037 4451 ﬂagitiosis.

685 4593 842 4648 Deut.
877 4610 972 4648 nn
997 4636 1012 4660 ,
1041 4594 1105 4660 8,
1141 4594 1195 4650 9.
1227 4624 1297 4636 -—
1330 4613 1350 4650 ι
1382 4592 1499 4652 Non
1526 4595 1842 4667 acquiesces
1890 4597 2176 4668 improbo:

617 4702 789 4750 neque
815 4687 1003 4740 audies
1029 4702 1220 4742 vocem
1253 4686 1398 4742 illius
1424 4706 1438 4742 :
1477 4702 1654 4758 neque
1684 4696 1872 4758 parcet
1897 4691 1948 4745 ei
1985 4691 2180 4746 oculus

616 4786 760 4827 ιιιιιε.
808 4775 926 4829 Νοιι
972 4792 1094 4830 eum
1144 4776 1376 4846 diliges,
1421 4793 1520 4834 nec
1552 4780 1858 4836 occultabis
1885 4796 2029 4837 eum.
2080 4782 2182 4838 De-

617 4866 920 4920 nuntiando
951 4869 1299 4924 denuntiabis
1349 4886 1497 4926 eum.
1548 4870 1613 4926 Et
1661 4887 1858 4929 manus
1905 4883 2013 4929 tua:
2062 4875 2174 4945 pri-

618 4974 761 5012 mum
795 4966 957 5012 erunt
998 4975 1160 5029 super
1191 4975 1312 5015 eum
1341 5003 1355 5026 ,
1407 4971 1466 5016 ut
1511 4962 1871 5021 interﬁciatur
1902 4982 1917 5020 :
1955 4973 2011 5022 et
2039 4974 2185 5035 post-

612 5051 834 5123 inodum
866 5068 1058 5108 manus
1091 5053 1268 5109 omnis
1297 5055 1480 5126 populi
1515 5056 1613 5111 tui.
1650 5075 1672 5111 ι

1969 5191 1982 5218 \

697 5253 847 5307 Deut.
890 5267 941 5306 ix
964 5293 979 5318 ,
1013 5254 1079 5318 ι,
1110 5253 1164 5308 5.
1203 5283 1272 5294 —
1301 5271 1320 5305 ι
1353 5253 1582 5324 Propter
1627 5254 1963 5327 impietatem
2005 5259 2186 5314 cordis

619 5349 858 5412 gentium
892 5347 1154 5408 istarum,
1197 5343 1462 5402 Dominus
1513 5345 1790 5417 disperdat
1833 5365 1929 5406 eos
1972 5365 2003 5405 a
2049 5352 2187 5408 facie

621 5447 714 5488 tun
745 5455 756 5489 :
795 5453 900 5490 non
933 5446 1155 5506 propter
1179 5437 1449 5507 justitiam
1478 5449 1625 5493 tuam
1644 5480 1658 5504 ,
1686 5455 1789 5496 nec
1815 5451 2038 5512 propter
2063 5458 2188 5499 san-

621 5527 863 5581 ctitatem
892 5531 1072 5584 cordis
1104 5530 1182 5583 tui
1218 5531 1503 5592 introibis,
1537 5541 1595 5585 ut
1642 5531 1956 5589 haereditate
2009 5536 2187 5603 possi-

626 5617 758 5670 deas
785 5625 989 5674 terram
1020 5621 1260 5691 ipsorum
1287 5641 1300 5678 :
1332 5623 1424 5678 sed
1452 5630 1672 5693 propter
1696 5623 2036 5694 iniquitatem
2067 5642 2190 5697 gen-

622 5704 766 5786 tium
816 5706 1045 5764 istarum
1088 5710 1351 5768 Dominus
1396 5712 1707 5782 perditurus
1745 5721 1830 5772 est
1871 5729 1965 5773 eos
2001 5731 2186 5773 coram

651 5796 769 5853 acie
797 5807 906 5855 tua.
938 5819 954 5852 ι

2283 4319 2464 4373 ΤΙΤΛ.
2496 4321 2598 4377 ΙΒ¹.
2665 4322 2805 4389 Περὶ
2841 4319 3104 4389 ἀσεϐῶν,
3150 4318 3249 4389 καί
3307 4316 3705 4389 ἀμαρτῳλῶν.

2354 4389 2575 4450 κακῶν.
2606 4390 2700 4443 καὶ
2725 4385 3040 4462 ⁴μοχθηρῶν
3063 4387 3319 4458 ἀνδρῶν,
3345 4385 3447 4441 καὶ
3480 4386 3728 4452 ἀδίκων,
3749 4385 3825 4436 καὶ

2210 4471 2256 4527 ι)
2351 4461 2729 4529 παρανόμων.

2355 4611 2377 4644 ι
2413 4592 2487 4646 Οὐ
2521 4591 2865 4662 συνθελήσεις
2895 4591 2971 4662 τῷ
3005 4591 3217 4645 ἀσεϐεῖ·
3246 4590 3348 4644 οὐκ
3380 4589 3731 4651 είσακοὺσεκ
3749 4590 3820 4652 τῆς

2281 4684 2468 4755 φωνῆς
2512 4684 2699 4749 αὑτοῦ,
2729 4686 2824 4738 καὶ
2859 4685 2919 4738 οὐ
2954 4685 3198 4754 φείσεται
3249 4684 3276 4735 ὁ
3313 4682 3605 4751 ὀφθαλμός
3646 4700 3731 4734 σου
3758 4680 3818 4730 ἐτ’

2284 4776 2454 4846 αὐτῷ.
2488 4775 2601 4828 Οὐκ
2626 4775 2979 4846 ὲπιποθήσεις
3003 4773 3088 4827 ἐπ’
3108 4773 3276 4843 αὐτῷ,
3304 4772 3427 4826 οὐδὲ
3459 4773 3537 4842 μὴ
3576 4773 3819 4838 exmia;

2284 4867 2466 4923 αὐτόν.
2508 4866 2877 4935 Ἀναγγέλλων
2915 4865 3233 4933 ἀναγγελεῖς
3261 4864 3388 4934 περὶ
3426 4861 3604 4916 αὐτοῦ
3628 4880 3642 4893 ·
3687 4862 3817 4915 mhi

2284 4959 2463 5029 χεῖρές
2495 4975 2587 5010 σου
2622 4958 2834 5013 ἔσονται
2863 4959 2951 5010 ἐπ’
2985 4957 3144 5011 αὑτὸν
3181 4958 3240 5008 ὲν
3286 4955 3491 5026 πρώτῳ
3528 4957 3816 5010 ἀποκτεῖναί

2283 5049 2466 5114 αὑτὸν,
2493 5048 2586 5102 καὶ
2611 5048 2668 5102 αι
2700 5051 2879 5119 χεῖρες
2911 5047 3110 5110 παντὸς
3137 5044 3231 5099 τοῦ
3257 5044 3388 5097 λαοῦ
3431 5062 3526 5098 σου
3565 5046 3667 5100 ἐπ’
3694 5042 3814 5109 irii-

2282 5160 2411 5197 των.
2448 5160 2467 5194 ι

2357 5277 2377 5311 ι
2417 5258 2517 5312 Διά
2544 5258 2641 5329 τὴν
2662 5257 2914 5313 ἀσέϐειαν
2934 5255 3033 5326 τῆς
3055 5255 3281 5325 καρδίας
3301 5254 3410 5308 τῶν
3441 5254 3625 5307 ἐθνῶν
3654 5255 3825 5308 τούτων

2285 5351 2489 5421 Κύριος
2517 5349 2883 5419 ὲξολοθρεὺσει
2927 5348 3123 5409 αὐτοὺς
3149 5347 3253 5416 πρὸ
3276 5345 3575 5417 προσώπου
3624 5364 3716 5400 σου
3739 5361 3750 5369 ·
3775 5343 3826 5392 εὐ

2283 5443 2372 5496 διὰ
2399 5443 2496 5513 τὴν
2529 5443 2870 5513 δικαιοσύνην
2895 5459 3009 5506 σου,
3048 5440 3167 5494 οὐδὲ
3206 5439 3294 5492 διὰ
3333 5439 3433 5510 τὴν
3463 5439 3722 5507 ὁσιότητα
3744 5434 3828 5499 τὲζς

2286 5533 2514 5604 καρδίας
2566 5551 2681 5600 σου,
2725 5533 2789 5585 σὺ
2824 5531 3117 5602 εἰσπορεύῃ
3163 5529 3578 5602 κληρονομῆσαι
3599 5531 3700 5598 τὴν

2287 5625 2484 5688 αὐτῶν,
2511 5625 2642 5680 ἀλλά
2666 5626 2754 5680 διά
2778 5625 2878 5696 τὴν
2906 5623 3135 5694 ἀνομίαν
3156 5622 3266 5675 τῶν
3298 5620 3471 5675 ἐθνῶν
3497 5622 3712 5674 τούτων

2291 5737 2406 5793 ριος
2425 5718 2761 5791 ὲξολοθρεύει
2796 5717 2996 5782 αὐτοὺς
3018 5715 3125 5788 πρὸ
3162 5713 3452 5788 προσώπου
3476 5729 3598 5766 σου.
3641 5732 3659 5765 ι
