4024 6458
191 440 337 508 1149

1456 450 1692 511 SACRA
1732 454 2191 521 PARALLELA.
2256 492 2259 495 ·

3298 463 3435 533 115θ

266 581 286 629 ι
320 562 454 615 θεὸν
485 562 575 617 τὸν
618 564 959 633 γεννήσαντά
1011 581 1071 617 σε
1120 566 1499 635 ἐγκατέλιπες,
1530 572 1626 624 καὶ
1657 572 1755 624 ἐπ-

1918 572 2075 628 Deut.
2114 588 2303 639 χχιιι,
2336 573 2389 631 8.
2422 602 2486 614 -—-
2522 591 2540 624 ι
2575 570 2740 627 Deum
2791 575 2886 646 qui
2917 574 2986 629 ite
3025 577 3207 646 genuit
3237 578 3441 637 dereli-

182 654 382 708 ελάθου
409 655 543 709 Θεοῦ
575 656 668 710 τοῦ
699 646 993 728 τρέφοντός
1027 675 1109 715 σε.
1140 678 1159 712 ι

262 768 282 800 ι
318 750 437 802 Ἵνα
464 748 541 821 μὴ
573 749 815 823 ἀπολέσῃ
856 750 1185 821 ἁμαρτωλὸς
1220 754 1312 805 τὸν
1351 752 1758 827 ἀναμάρτητον,

181 837 246 889 ού
286 837 362 907 μὴ
391 837 594 910 θελήσῃ
628 839 658 891 ὁ
686 838 818 903 Θεὸς
840 838 1188 896 εύιλατεῦσαι
1211 841 1387 913 αὐτῷ’
1424 845 1540 899 ἀλλ’
1569 848 1764 902 ἐκκαυ-

186 929 417 1000 θήσεται
455 930 592 1003 ὀργὴ
625 932 856 1005 Κυρίου,
887 933 982 988 καὶ
1006 936 1035 989 ὁ
1065 934 1228 1007 ζῆλος
1273 937 1439 992 αὑτοῦ
1460 939 1530 1012 ,ἐν
1563 939 1641 1012 τῷ
1665 941 1763 994 ἀν-

184 1022 214 1075 θ
222 1021 397 1094 ρώπῳ
431 1023 644 1094 ἐκείνῳ.
681 1042 700 1077 ι

257 1135 278 1167 ι
336 1115 790 1187 Ἐξολοθρεύσατε
817 1118 886 1173 τά
929 1118 1055 1192 ἔθνη
1085 1120 1261 1176 ταῦτα
1303 1123 1413 1177 ἀπὸ
1460 1124 1761 1197 προσώπου

180 1211 365 1280 ὑμῶν,
418 1211 511 1264 καὶ
549 1212 650 1265 ούκ
696 1210 910 1267 ἔσονται
952 1214 1084 1285 ὑμῖν
1122 1217 1202 1278 είς
1239 1216 1496 1285 παγίδας,
1538 1217 1634 1271 καὶ
1682 1219 1762 1282 είς

182 1305 484 1371 σκάνδαλα,
511 1307 607 1359 καὶ
635 1307 714 1370 είς
740 1308 903 1378 ἥλους
931 1309 990 1362 ἐν
1019 1311 1138 1373 ταῖς
1171 1309 1432 1382 πτέρναις
1458 1310 1633 1382 ὑμῶν,
1667 1311 1763 1366 καὶ

180 1399 266 1459 εἰς
301 1397 509 1467 βολίδας
535 1399 594 1452 ἐν
623 1400 737 1463 τοῖς
759 1399 1057 1472 ὀφθαλμοῖς
1087 1400 1241 1472 ὑμῶν
1260 1419 1277 1435 ο
1317 1403 1399 1456 ὅτι
1446 1402 1548 1456 οὐκ
1593 1403 1762 1475 ἡκού-

180 1507 319 1542 σατε
354 1491 454 1561 τῆς
483 1489 669 1560 φωνῆς
698 1491 904 1563 Κυρίου
937 1490 1033 1545 τοῦ
1055 1492 1191 1547 Θεοῦ
1226 1493 1404 1564 ὑμῶν.

252 1583 371 1636 Καὶ
410 1582 582 1647 ἔσται,
614 1582 705 1637 τὸν
729 1584 932 1654 τρόπον
964 1585 1254 1657 ηὐφράνθη
1280 1585 1485 1657 Κύριος
1533 1589 1592 1641 ἐν
1630 1589 1762 1660 ύμῖν

176 1673 277 1726 τοῦ
312 1669 376 1728 εὖ
406 1675 632 1745 ποιῆσαι
680 1676 844 1747 ὑμᾶς,
872 1676 1055 1742 ὀὕτως
1084 1678 1524 1751 εὐφρανθήσεται
1554 1680 1759 1752 Κύριος

177 1766 268 1833 ἐφ’
294 1766 446 1837 ὑμῖν,
476 1765 857 1839 ἐξολοθρεῦσαι
889 1769 1053 1840 ὑμᾶς.
1091 1787 1111 1822 ι

260 1877 283 1912 ι
342 1860 433 1927 Ἐξ
464 1860 682 1933 ἀνόμων
710 1861 1052 1928 ἐξελεύσεται
1083 1863 1453 1936 πλημμέλεια.
1495 1883 1515 1917 ι

263 2084 286 2116 ε
349 2064 599 2133 Ἐγένετο
643 2065 801 2135 λόγος
863 2064 1071 2137 Κυρίου
1122 2065 1261 2139 πρὸς
1304 2065 1495 2121 Βασσά
1546 2065 1759 2135 λέγων’

192 2154 342 2211 ’Δνίγ
373 2147 449 2207 ὧν
481 2154 675 2224 ῦψωσά
698 2171 758 2208 σε
782 2155 876 2210 ἐπὶ
905 2156 1004 2228 τῆς
1032 2157 1159 2226 γῆς,
1187 2158 1282 2212 καὶ⁷
1309 2156 1487 2211 ἔδωκά
1514 2172 1574 2209 σε
1598 2153 1765 2227 ἡγού-

184 2265 352 2317 μενον
374 2248 468 2301 ἐπὶ
490 2246 582 2302 τὸν
610 2248 737 2302 λαόν
764 2265 888 2317 μου,
920 2250 1015 2303 καὶ
1044 2251 1347 2324 ἑπορεύθης
1378 2255 1436 2307 ἐν
1461 2252 1566 2324 ὀδῷ
1597 2249 1763 2322 Ἰερο-

182 2343 353 2411 ϐοάμ,
388 2343 483 2397 καὶ
513 2342 822 2417 ἐξήμαρτες
846 2344 937 2399 τὸν
960 2345 1088 2402 λαόν
1116 2364 1219 2419 μου
1260 2348 1351 2408 τὸν
1390 2350 1632 2423 Ἰσραὴλ,
1667 2352 1763 2406 τοῦ

182 2431 528 2503 παροργίσαι
557 2450 625 2500 με
650 2434 708 2487 ἐν
736 2434 850 2498 τοῖς
880 2435 1133 2503 ματαίοις
1160 2438 1360 2504 αὐτῶν,
1396 2439 1505 2495 ἰδοὺ
1535 2442 1649 2503 ἐγὼ
1672 2441 1763 2507 ἐξ·

181 2522 394 2595 εγείρω
423 2524 602 2581 ὀπίσω
650 2542 766 2588 σου,
796 2527 893 2580 καὶ
925 2526 1101 2582 ὀπίσω
1124 2528 1220 2583 τοῦ
1252 2529 1405 2584 οἴκου
1455 2548 1547 2586 σου
1581 2533 1761 2587 κακά·

181 2617 284 2668 καὶ
326 2615 484 2669 δώσω
522 2616 613 2670 τὸν
646 2612 796 2671 οἶκόν
838 2635 954 2682 σου,
1003 2620 1081 2685 ώς
1125 2621 1215 2675 τὸν
1250 2617 1399 2677 οἶκον
1460 2622 1763 2695 Ἱεροϐοάμ.

178 2706 294 2760 Τὸν
322 2705 625 2777 τεθνηκότα
654 2708 748 2767 τοῦ
783 2709 968 2765 Βασσά
1002 2712 1061 2764 ὲν
1091 2714 1157 2783 τῇ
1193 2711 1369 2779 πόλει,
1415 2715 1768 2784 καταφάγον-

182 2818 277 2854 ται
343 2802 394 2854 oi
440 2799 600 2865 κύνες
624 2818 638 2831 ·
670 2806 765 2856 καὶ
816 2802 909 2857 τὸν
949 2804 1252 2875 τεθνηκότα
1289 2806 1346 2862 ἐν
1372 2806 1449 2879 τῷ
1481 2807 1669 2879 πεδίῳ,
1698 2807 1768 2864 τά

178 2889 417 2953 πετεινά
438 2891 532 2944 τοῦ
560 2890 814 2960 οὐρανοῦ.
846 2911 865 2945 ι

262 3004 283 3035 ι
322 2985 644 3056 Εύφροσύνη
685 2986 896 3039 ἀσεϐῶν
938 2987 1139 3058 πτῶμα
1184 2989 1460 3058 ἐξαίσιονο
1507 2990 1763 3065 χαρμονὴ

180 3070 238 3123 δὲ
288 3072 625 3143 παρανόμων
673 3075 940 3130 ἀπώλεια.
1003 3077 1131 3131 Ἐάν
1186 3079 1357 3153 ἀνέϐη
1411 3081 1491 3145 είς
1540 3081 1769 3154 οὐρανὸν

183 3160 359 3213 αὐτοῦ
391 3160 459 3215 τὰ
489 3161 658 3231 δῶρα,
699 3166 733 3235 ἡ
766 3163 824 3218 δὲ
878 3165 1038 3220 θυσία
1083 3167 1265 3223 αὐτῶν
1301 3170 1483 3241 νεφῶν
1522 3172 1766 3242 attum-

184 3254 299 3306 κᾶν
322 3255 454 3326 δοκῇ
483 3255 584 3327 ἤδη
607 3259 1052 3331 κατεστηρίχθαι,
1085 3261 1207 3316 τότε
1252 3263 1334 3328 είς
1361 3264 1517 3329 τέλος
1549 3268 1770 3323 ἀπολεῖ·
1795 3280 1839 3340 c

182 3363 302 3401 ται.
345 3349 411 3403 Oi
442 3348 498 3401 δὲ
534 3349 737 3415 ἰδόντες
768 3351 933 3406 αὐτὸν
959 3352 1166 3425 ἐροῦσι·
1200 3355 1310 3409 Ποῦ
1339 3358 1486 3412 ἐστιν
1515 3375 1531 3425 ;
1580 3377 1598 3412 ι

267 3544 287 3576 ι
328 3525 513 3595 Θυμὸς
559 3527 652 3580 ἐπὶ
678 3528 1046 3600 ἁμαρτωλοὺς
1089 3531 1470 3602 ἐπελεύσεται,
1506 3536 1603 3590 καὶ
1650 3538 1774 3592 τότε

184 3615 496 3687 γνώσονται
523 3618 627 3673 ποῦ
657 3619 807 3675 ἐστιν
837 3621 1016 3676 αὐτῶν
1044 3624 1077 3694 ή
1106 3622 1227 3695 ὕλη.
1270 3643 1289 3677 ι

268 3730 288 3759 ο
328 3712 393 3763 Οί
447 3710 763 3782 σπείροντες
817 3713 887 3768 τά
927 3713 1139 3781 ἄτοπα,
1200 3717 1393 3782 ὀδύνας
1441 3718 1772 3791 θερίσουσιν.

199 3804 342 3857 Ἀπὸ
392 3803 450 3857 δὲ
494 3806 920 3875 προστάγματος
951 3809 1158 3880 Κυρίου
1188 3810 1541 3876 ἀπολοῦνται,
1582 3814 1693 3868 ἀπὸ
1715 3814 1774 3868 δὲ

187 3893 508 3963 πνεύματος
536 3895 705 3967 ὀργῆς
735 3896 904 3951 αὐτοῦ
942 3898 1431 3970 άφανισθήσονται.
1462 3922 1481 3955 ι

267 4004 286 4035 ι
332 3985 444 4055 Πρὸ
488 3986 782 4058 προσώπου
816 3989 1046 4054 ἀσεϐοῦς
1087 3991 1172 4057 τίς
1216 3991 1451 4064 ἔπηξεν;
1483 3994 1604 4059 Φῶς
1648 3997 1774 4050 ἀσε-

185 4077 307 4153 ϐῶν
341 4079 717 4150 σϐεσθήσεται.
764 4099 784 4134 ι

268 4188 289 4218 ι
328 4167 604 4240 Πρόσωπα
633 4170 846 4224 ἀσεϐῶν
866 4172 1096 4243 ἀτιμίας
1125 4173 1599 4246 ἐμπλησθήσεται.
1643 4193 1662 4228 ι

271 4364 290 4395 ι
332 4346 449 4408 Πᾶς
473 4345 501 4397 ὀ
532 4345 645 4416 βίος
683 4348 915 4413 ἀσεϐοῦς
939 4350 997 4405 ἐν
1027 4352 1292 4422 φροντίδι·
1314 4352 1443 4407 ὅταν
1465 4353 1597 4425 δοκῇ
1628 4354 1775 4426 εἰρη-

188 4435 397 4496 νεύειν,
423 4436 543 4507 ἥξει
574 4438 740 4492 αὐτοῦ
769 4441 803 4509 ή
840 4442 1213 4511 καταστροφή.
1256 4460 1277 4494 s

269 4541 289 4574 ι
340 4524 526 4586 Ἐλπὶς
555 4525 787 4589 ἀσεϐοῦς
817 4526 1099 4580 ἀπολεῖται
1124 4544 1139 4559 ο
1172 4528 1430 4598 ἀοίκητος
1458 4528 1567 4601 γάρ
1591 4529 1761 4584 αὐτοῦ

1862 666 2029 737 quisti
2048 705 2066 730 ,
2095 665 2298 721 oblitus
2329 679 2392 721 es
2423 664 2517 720 Dei
2545 666 2641 736 qui
2672 674 2726 721 te
2754 666 2952 734 pascit.
2989 684 3009 719 ι

1930 756 2087 812 Deut.
2123 772 2284 823 nix,
2316 756 2412 814 9.0.
2439 787 2510 801 —--
2542 776 2561 809 ι
2598 754 2677 812 No
2723 765 2983 829 peccator
3020 772 3210 815 secum
3244 761 3437 831 perdat

1861 850 2209 906 innocentem
2229 889 2246 916 ,
2276 865 2386 904 non
2417 850 2531 905 vult
2581 849 2722 904 Deus
2754 850 3039 920 ignosci-re
3068 851 3116 907 ei
3141 890 3158 917 ,
3192 853 3290 909 sed
3339 869 3437 908 ac-

1861 943 2127 1000 cendetur
2154 943 2237 998 ira
2266 942 2481 999 Domini
2510 953 2565 999 et
2598 943 2750 998 zelus
2775 942 2896 1014 ejus
2945 943 3209 1003 adversus
3255 946 3437 1003 homi-

1860 1050 1985 1091 nem
2013 1034 2201 1090 istum.
2238 1050 2258 1087 ι

1929 1127 2097 1182 Νιιηι.
2134 1141 2285 1182 xxxu
2303 1164 2320 1190 ,
2348 1125 2448 1189 52,
2481 1125 2571 1180 55.
2598 1154 2670 1165 —
2699 1143 2719 1178 ι
2749 1125 3055 1196 Disperdite
3080 1135 3271 1200 gentes
3297 1127 3438 1186 istas

1860 1233 1893 1275 a
1924 1218 2061 1275 facie
2092 1226 2308 1285 vestra,
2342 1226 2396 1274 et
2439 1232 2548 1273 non
2582 1227 2744 1274 erunt
2790 1218 2948 1276 vobis
2997 1220 3054 1275 in
3089 1220 3316 1291 laqueos
3337 1258 3353 1285 ,
3383 1229 3440 1277 et

1861 1313 1917 1368 in
1953 1312 2246 1378 scandala,
2279 1321 2333 1367 et
2362 1310 2419 1365 in
2449 1311 2636 1365 clavos
2682 1311 2955 1369 calcaneis
3007 1314 3212 1371 vestris
3240 1354 3255 1377 .
3290 1322 3346 1371 et
3380 1314 3439 1372 in
3496 1308 3499 1311 ’

1861 1405 2026 1463 sudes
2058 1404 2114 1459 in
2144 1404 2319 1460 oculis
2346 1404 2544 1461 vestris
2572 1422 2586 1471 ;
2620 1419 2686 1460 eo
2715 1405 2862 1476 quod
2892 1420 3003 1461 non
3033 1406 3319 1478 audieritis
3348 1423 3442 1465 vo-

1862 1513 1979 1555 cem
2006 1496 2222 1553 Domini
2253 1495 2347 1552 Dei
2382 1498 2576 1553 vestri.
2612 1514 2631 1550 ι

1931 1590 2086 1646 Deut.
2123 1605 2291 1645 xxvut
2313 1590 2434 1655 ,65.
2461 1619 2533 1630 —
2556 1607 2574 1641 ι
2606 1588 2676 1645 Et
2704 1589 2830 1657 erit,
2856 1591 3321 1662 quemadmodum
3348 1594 3441 1651 lae-

1860 1691 2006 1739 tatus
2035 1693 2119 1738 est
2154 1683 2416 1738 Dominus
2444 1698 2611 1753 super
2643 1697 2742 1738 vos
2772 1692 2833 1738 ut
2864 1683 3219 1742 benefaceret
3248 1686 3403 1743 vobis
3422 1727 3439 1754 ,

1860 1776 1937 1831 ita
1964 1775 2236 1830 laetabitur
2266 1775 2532 1831 Dominus
2558 1774 2614 1828 in
2645 1774 2802 1831 vobis
2827 1780 2890 1829 ut
2912 1790 3012 1831 vos
3037 1776 3343 1846 disperdat.
3376 1795 3398 1830 ι
3422 1796 3429 1807 ν

1933 1868 1963 1922 1
2000 1867 2122 1938 Reg.
2161 1882 2310 1932 xxiv,
2343 1866 2430 1921 l4.
2452 1898 2524 1908 —
2554 1885 2574 1919 ι
2602 1867 2685 1924 Ab
2733 1867 2920 1939 impiis
2956 1852 3271 1939 egredietur
3319 1885 3444 1941 pec-

1864 1969 2069 2026 catum,
2097 1978 2116 2013 ι
3424 1988 3425 1993 η

1939 2052 2036 2108 III
2070 2051 2193 2122 Reg.
2231 2068 2357 2115 xvi,
2392 2051 2508 2106 1-4.
2544 2081 2614 2092 -
2652 2069 2671 2103 ι
2710 2051 2936 2107 Factum
2971 2059 3197 2108 verbum
3230 2052 3442 2107 Domini

1866 2148 1934 2203 ad
1960 2149 2126 2203 Bassa
2153 2146 2379 2201 dicens:
2411 2144 2517 2201 Pro
2544 2160 2610 2201 eo
2640 2145 2788 2216 quod
2818 2145 3053 2201 exaltavi
3097 2154 3153 2202 te
3207 2149 3274 2202 de
3316 2147 3445 2218 pul-

1865 2254 2026 2305 vere,
2074 2245 2130 2293 et
2178 2235 2336 2307 posui
2384 2243 2439 2292 te
2491 2235 2690 2291 ducem
2738 2252 2905 2307 super
2958 2238 3215 2308 populum
3265 2253 3444 2294 meum

1866 2328 2053 2385 lsrael.
2082 2328 2163 2383 Tu
2203 2336 2385 2384 autem
2421 2327 2739 2404 ,ambulasti
2790 2328 2844 2382 in
2892 2328 2978 2383 via
3028 2326 3357 2394 Jeroboam,
3390 2337 3447 2382 et

1867 2436 2096 2493 peccare
2143 2419 2326 2476 fecisti
2358 2419 2617 2490 populum
2653 2435 2832 2476 meum
2866 2418 3030 2476 Israel
3057 2461 3072 2487 ,
3102 2428 3164 2475 ut
3196 2436 3282 2477 me
3313 2420 3444 2475 irri-

1869 2524 2018 2570 tares
2048 2514 2105 2569 in
2134 2513 2469 2569 vanitatibus
2494 2527 2684 2569 eorum
2711 2528 2727 2579 ;
2759 2526 2888 2568 ecce
2916 2527 3019 2584 ego
3068 2513 3277 2569 suscito
3322 2520 3448 2583 post
3544 2538 3547 2539 ν

1868 2618 1952 2674 te,
2001 2614 2056 2662 et
2085 2615 2207 2678 post
2235 2606 2457 2661 domum
2505 2613 2658 2660 tuam
2704 2605 2889 2660 mala:
2941 2614 2996 2659 et
3039 2606 3181 2661 dabo
3226 2604 3446 2660 domum

1869 2708 2019 2754 tuam
2042 2740 2058 2767 ,
2087 2706 2148 2753 ut
2173 2698 2396 2753 domum
2426 2695 2735 2754 Jeroboam.
2764 2696 2869 2764 Qui
2901 2708 3150 2753 mortuus
3185 2696 3349 2752 fuerit
3380 2697 3451 2752 de

1868 2791 2037 2847 Bassa
2070 2790 2126 2845 in
2158 2790 2414 2853 civitate,
2441 2789 2735 2845 comedent
2765 2803 2932 2845 canes
2960 2804 2975 2841 :
3005 2797 3060 2843 et
3081 2788 3170 2855 qui
3197 2796 3449 2845 mortuus

1870 2884 2036 2939 fuerit
2068 2884 2123 2939 in
2154 2898 2321 2956 agro,
2357 2881 2646 2938 comedent
2673 2882 2930 2938 volucres
2957 2880 3107 2938 cmli.
3142 2900 3162 2934 ι
3214 2869 3223 2875 ’

1939 2972 2042 3029 Job
2077 2990 2184 3042 xx,
2224 2973 2292 3038 5,
2331 2972 2387 3028 6.
2420 3002 2493 3013 —
2531 2989 2550 3023 σ
2577 2971 2848 3028 Gaudium
2906 2973 3240 3043 impiorum,
3288 2970 3451 3027 ruina

1871 3066 2147 3136 gravior:
2200 3065 2390 3121 laetitia
2444 3075 2623 3120 autem
2677 3065 3033 3134 iniquorum,
3085 3062 3341 3135 perditio.
3391 3060 3450 3117 Si

1872 3159 2220 3216 ascenderint
2245 3159 2299 3213 in
2326 3157 2525 3214 caelum
2550 3158 2691 3212 dona
2714 3158 2834 3227 ejus
2854 3197 2870 3223 ,
2894 3167 2950 3211 ct
2973 3157 3303 3212 sacrificium
3329 3156 3453 3226 ejus

1872 3248 2045 3304 nubes
2095 3248 2371 3319 attigerit,
2428 3255 2485 3302 et
2535 3248 2788 3301 videatur
2836 3245 2949 3316 jam
3002 3245 3253 3300 ﬁrmatus
3297 3259 3451 3311 esse,

1874 3346 2006 3394 tunc
2037 3356 2089 3395 tn
2120 3341 2279 3394 linem
2310 3339 2530 3409 peribit.
2561 3338 2663 3406 Qui
2682 3346 2871 3394 autem
2898 3346 3274 3408 cognoverunt
3299 3352 3451 3402 eum,

1873 3431 2093 3487 dicent:
2128 3430 2232 3486 Ubi
2266 3440 2367 3486 est.
2403 3450 2423 3484 ι

1945 3523 2047 3578 Job
2100 3539 2229 3587 xu,
2262 3523 2353 3577 29.
2399 3553 2471 3563 -
2521 3540 2541 3573 ο
2574 3522 2765 3578 Furor
2800 3536 2968 3591 super
3011 3531 3329 3592 peccatores
3376 3520 3453 3575 ir-

1875 3625 2036 3683 ruet;
2064 3625 2118 3671 et
2145 3624 2276 3671 tunc
2300 3621 2633 3685 cognoscent
2658 3616 2747 3669 ubi
2780 3622 2866 3669 est
2892 3614 3139 3683 ipsorum
3166 3613 3448 3669 materia»

1944 3707 2046 3763 Job
2079 3722 2153 3773 iV,
2187 3708 2328 3762 8.—-‘-
2350 3725 2368 3760 ι
2395 3705 2501 3773 Qui
2531 3706 2816 3761 seminant-
2838 3703 3024 3775 iniqua
3047 3742 3063 3767 ,
3095 3704 3312 3759 dolores
3338 3719 3452 3758 me-

1876 3807 2011 3855 tent.
2049 3798 2299 3853 Mandato
2327 3797 2541 3852 Domini
2571 3797 2858 3867 peribunt,
2889 3803 2944 3851 et
2979 3795 3174 3866 spiritu
3212 3796 3307 3850 ira:
3335 3795 3452 3864 ejus

1873 3890 2313 3958 exstinguentur.
2344 3906 2364 3940 ι

1941 3980 2045 4035 Job
2081 3996 2212 4037 xvut
2235 4019 2251 4045 ,
2294 3980 2347 4035 5.
2384 4010 2453 4023 —-
2484 3998 2502 4032 ι
2537 3976 2675 4034 Ante
2709 3976 2900 4033 [aciem
2934 3976 3085 4047 impii
3125 3976 3250 4047 quis
3288 3975 3455 4033 ﬁxit?

1873 4072 1989 4128 Lux
2014 4071 2304 4142 impiorum
2328 4070 2731 4139 exstinguetur.
2758 4085 2778 4119 ι

1942 4164 2045 4220 Job
2080 4181 2178 4230 XL,
2211 4163 2305 4218 1‘5.
2336 4192 2406 4206 --
2436 4182 2454 4215 ι
2493 4160 2689 4218 Facies
2735 4158 3029 4232 impiorum
3077 4156 3453 4228 implebuntur

1873 4257 2194 4329 ignominia.
2235 4274 2255 4309 ι

1942 4347 2102 4418 333
2135 4345 2238 4400 Job
2270 4362 2362 4411 xv,
2390 4345 2481 4400 29.
2510 4375 2579 4386 -
2608 4362 2625 4396 ι
2655 4342 2850 4400 Omnis
2878 4342 2991 4397 vita
3027 4341 3087 4396 in
3120 4355 3252 4397 cura
3279 4358 3295 4396 :
3327 4356 3450 4396 cum

1871 4439 2028 4497 visus
2056 4439 2217 4496 fuerit
2251 4439 2307 4495 in
2336 4455 2470 4509 pace
2499 4436 2695 4507 agere,
2727 4436 2916 4492 veniet
2943 4436 3065 4506 ejus
3092 4436 3394 4491 subversio.
3425 4454 3447 4488 ι

1941 4532 2046 4587 Job
2102 4548 2230 4597 vm,
2279 4531 2367 4587 15.
2399 4561 2470 4571 --
2502 4548 2520 4581 ι
2551 4529 2686 4600 Spes
2721 4529 2875 4600 impii
2910 4528 3146 4599 peribit:
3183 4527 3453 4605 inhabita-

188 4615 355 4668 ἔσται
409 4619 437 4669 ὁ
479 4611 646 4680 οἶκος.
723 4619 960 4690 Ἀράχνη
1008 4620 1067 4673 δὲ
1127 4620 1293 4674 αὑτοῦ
1353 4621 1692 4694 ἀποϐήσεται
1733 4623 1768 4695 ἡ

1885 4623 2002 4678 bilis
2031 4621 2177 4677 enim
2213 4620 2320 4677 erit
2348 4622 2542 4676 domus
2576 4620 2691 4687 ejus
2719 4637 2734 4674 :
2769 4619 2913 4674 sicut
2945 4618 3050 4673 tela
3080 4618 3300 4684 aranei,
3333 4618 3454 4689 ejus

191 4709 396 4777 σκηνή.
440 4726 458 4759 ι

273 4817 294 4849 ε
355 4798 569 4871 Ἡμέρα
599 4802 771 4873 οργὴς
806 4801 1009 4875 ἐπέλθῃ
1040 4802 1210 4874 αὐτῷ.
1257 4823 1276 4856 ι

273 4910 294 4941 ι
371 4891 608 4945 Ἀσεϐῶν
666 4893 857 4965 λύχνος
914 4894 1295 4966 σϐεσθήσεται.
1358 4894 1671 4950 Ἐλεύσεται
1722 4893 1782 4949 δὲ

190 4988 387 5049 αὐτοῖς
414 4987 445 5055 ἡ
482 4988 856 5061 καταστροφὴ,
890 4990 985 5045 καὶ
1006 4988 1222 5045 ἔσονται
1247 4990 1440 5062 ὥσπερ
1473 4989 1653 5063 ἄχυρα
1672 4988 1781 5045 ἀπὸ

192 5080 431 5139 ἀνέμου.
471 5098 491 5133 ι

281 5214 301 5245 ε
366 5192 669 5265 Ὀφθαλμοὶ
702 5195 913 5249 ἀσεϐῶν
943 5196 1291 5268 τακήσονται.
1355 5197 1420 5251 Ἦ
1466 5197 1577 5268 γάρ
1629 5195 1784 5262 ἐλπὶς

200 5286 389 5339 αὐτῶν
426 5285 691 5341 ἀπώλεια.
734 5304 753 5336 ι

282 5421 301 5452 ι
355 5403 416 5455 '0
443 5402 674 5472 ἀγαπῶν
705 5404 804 5476 τὴν
843 5403 1091 5471 ἀδικίαν,
1138 5407 1290 5477 μισεῖ
1314 5404 1412 5479 τὴν
1460 5405 1653 5462 ἑαυτοῦ
1678 5407 1783 5478 ψυ-

202 5513 329 5565 χην.
366 5512 386 5545 ι

286 5626 306 5658 ι
361 5606 738 5661 Ἐλασσονοῦσι
771 5608 946 5678 φυλὰς
969 5610 1256 5682 ἁμαρτίαι.
1299 5631 1316 5663 ι

291 5743 309 5774 ι
349 5725 699 5796 Παρανομίαι
741 5725 910 5799 ἀνδρα
953 5728 1273 5801 άγρεύουσι,
1330 5730 1537 5802 σειραῖς
1572 5729 1626 5784 δὲ
1680 5729 1787 5785 τῶν

210 5815 425 5875 δαυτῶν
452 5818 730 5891 ἁμαρτιῶν
760 5819 989 5886 ἕκαστος
1022 5820 1328 5891 σφίγγεται.
1362 5839 1382 5872 ›

1880 4713 2096 4769 eveniet
2127 4712 2561 4768 tabernaculum.
2621 4727 2641 4763 ι

1952 4804 2096 4860 Ibid.
2120 4833 2190 4845 —-
2213 4822 2233 4857 ι
2263 4802 2391 4860 Dies
2422 4803 2516 4857 irae
2546 4800 2894 4870 superveniet
2921 4801 3028 4857 ei.»

1949 4896 2053 4953 Job
2089 4913 2180 4953 xxi
2202 4935 2218 4963 ,
2259 4896 2348 4951 i7.
2378 4924 2453 4937 —
2483 4913 2502 4947 ι
2537 4894 2789 4949 Lucerna
2822 4892 3112 4963 impiorum
3144 4894 3460 4967 exstingue-

1882 4997 1990 5045 tur.
2024 4987 2381 5060 Superveniet
2411 4986 2492 5042 eis
2527 4983 2811 5040 subversio
2836 5002 2851 5039 :
2880 4991 2936 5039 et
2965 4993 3131 5039 erunt
3165 4986 3310 5042 sicut
3359 5002 3455 5059 pa-

1882 5079 1981 5135 leae
2006 5085 2131 5133 ante
2155 5084 2403 5131 ventum.
2433 5092 2454 5129 ι
3027 5085 3033 5092 ’

1954 5192 2058 5247 Job
2096 5208 2146 5245 xl
2171 5232 2185 5256 ,
2222 5192 2314 5247 90.
2335 5218 2407 5230 --
2431 5207 2449 5241 ι
2479 5187 2634 5244 Oculi
2669 5186 2961 5257 impiorum
2989 5184 3285 5240 tabesceut.
3318 5185 3453 5243 Nam

1884 5301 2010 5357 spes
2039 5299 2226 5340 eorum
2260 5282 2511 5354 perditio.
2552 5298 2571 5332 ι

1960 5398 2111 5453 μδαι.
2155 5414 2183 5451 x
2210 5438 2224 5462 ,
2266 5397 2319 5452 6.
2345 5426 2415 5436 -—
2455 5414 2473 5447 ι
2506 5394 2607 5463 Qui
2665 5393 2842 5466 diligit
2899 5390 3239 5462 iniquitatem
3266 5432 3282 5457 ,
3339 5387 3457 5446 odit

1886 5492 2123 5546 animam
2160 5506 2337 5546 suam.
2371 5508 2388 5540 ι

1958 5605 2119 5662 Prov.
2161 5621 2273 5669 xw,
2309 5602 2402 5658 26.
2428 5631 2498 5643 -
2531 5621 2550 5654 ι
2580 5600 2808 5657 Peccata
2841 5597 3098 5652 minuunt
3127 5594 3323 5650 tribus.
3359 5610 3382 5646 ο

1958 5718 2113 5773 Prov.
2160 5734 2214 5782 ν,
2255 5716 2346 5771 22.
2377 5746 2447 5758 -
2476 5734 2494 5769 ι
2533 5713 2855 5785 lniquitates
2886 5712 3064 5767 virum
3102 5706 3365 5775 capiunt,
3400 5713 3458 5761 ει

1888 5810 2098 5865 catenis
2134 5815 2480 5879 peccatorum
2522 5819 2747 5862 suorum
2779 5799 3156 5873 unusquisque
3183 5796 3465 5857 construit

1892 5902 2053 5968 gitur.
2085 5917 2105 5952 ι
