4024 6416
629 337 766 402 1155

1800 335 1859 392 S.
1891 331 2208 393 ιοΑΝΝιε
2234 329 2663 390 DAMASCENI

3731 330 3850 398 1156

626 453 812 503 furore
842 455 895 501 et
927 445 1026 508 ira,
1076 445 1140 498 ad
1198 442 1509 513 ponendum
1545 443 1734 497 orbem
1782 446 2098 497 universum
2131 442 2189 493 in

2310 444 2481 511 ὶργῆς,
2513 441 2686 495 θεῖναι
2707 438 2808 510 τὴν
2835 441 3164 513 οἰκουμένην
3191 440 3319 514 ὅλην
3353 441 3584 514 ἔρημον,
3616 449 3712 500 "ut
3744 452 3852 511 τοὺς

626 540 1000 601 solitudinem,
1033 546 1086 591 et
1121 539 1185 590 ad
1220 536 1525 605 perdendos
1573 543 1892 604 peccatores
1925 549 1993 586 ex
2037 547 2122 586 ea.
2165 552 2183 583 ι

700 631 813 687 Isa.
848 646 998 692 11m,
1034 627 1120 681 19.
1150 658 1218 666 —
1251 647 1269 678 ‹
1307 625 1475 681 Terra
1525 626 1816 694 impiorum
1847 624 2030 678 cadet.
2065 643 2081 674 ι

696 723 809 779 Isa.
841 738 1032 784 xxxut,
1072 721 1256 775 M.—t
1285 715 2141 786 Tremorapprehendetimpios.
2169 734 2187 766 ι

696 813 811 868 Ιεα.
853 829 1002 876 XXVI,
1039 811 1126 866 10.
1157 842 1223 852 —
1259 830 1276 860 ι
1309 810 1602 864 Auferetur
1652 808 1872 877 impius,
1905 822 1972 862 ne
2012 807 2196 862 videat

628 906 857 978 gloriam
892 904 1124 960 Domini.
1165 922 1182 953 ι

697 996 809 1049 Ira.
862 1010 1050 1057 ιινιιι,
1105 992 1293 1045 22.~
1323 1007 1342 1042 ‹
1378 989 1495 1042 Νοιι
1548 995 1631 1042 est
1678 987 1939 1057 gaudium
1989 987 2194 1058 impiis,

629 1089 765 1147 dicit
789 1088 1074 1142 Dominus.
1101 1104 1120 1137 ι

697 1178 812 1233 Ira.
846 1195 976 1243 Lvu,
1002 1177 1092 1231 2i.
1121 1205 1191 1218 —-—
1218 1193 1238 1228 ς
1270 1175 1326 1229 Si
1358 1191 1386 1228 a
1428 1191 1513 1230 me
1557 1174 1845 1240 abscedas,
1893 1175 2018 1246 plus
2065 1172 2197 1244 quid

631 1272 881 1333 habebis,
919 1272 1056 1324 dicit
1097 1269 1382 1323 Dominus.
1425 1287 1444 1321 ι

697 1363 812 1417 lsa.
845 1379 988 1427 vat,
1022 1363 1075 1416 5.
1108 1389 1174 1403 --
1203 1380 1220 1412 ι
1256 1360 1504 1432 Iniquus,
1538 1360 1629 1430 qui
1665 1359 1911 1414 immolat
1938 1357 2197 1421 vitulum,

631 1456 810 1525 utqui
867 1455 1087 1508 occidat
1114 1469 1303 1508 canem
1338 1472 1352 1506 :
1408 1453 1500 1522 qui
1551 1452 1715 1507 offert
1751 1451 2008 1513 similam,
2037 1448 2199 1519 quasi

631 1549 724 1618 qui
754 1548 1075 1618 sanguinem
1122 1546 1364 1600 suillum.
1398 1563 1421 1595 ι

708 1641 823 1694 Isa.
871 1655 950 1702 ιιι,
1007 1639 1094 1691 1-1.
1125 1668 1198 1680 -
1247 1654 1265 1688 ‹
1310 1636 1402 1690 Va:
1451 1635 1643 1705 impio,
1703 1634 1847 1688 mala
1897 1628 2200 1687 secundum

633 1749 795 1802 opera
831 1730 1008 1801 ipsius
1038 1729 1318 1783 dabuntur
1354 1728 1483 1798 ipsi.
1520 1747 1538 1778 ι
2112 1765 2116 1782 ι

2292 535 2652 604 ἁμαρτωλοὺς
2676 533 2946 589 ἀπολέσαι
2977 534 3038 600 ἐξ
3071 536 3259 605 αὐτῆς.
3298 555 3318 588 ι

2370 648 2387 679 ι
2432 629 2498 681 Ἦ
2529 629 2599 698 γῆ
2623 628 2730 682 τῶν
2753 627 2970 681 ἀεκϐὦν
2998 631 3267 683 πεσεῖται.
3301 649 3320 682 ι

2369 740 2388 772 ε
2425 723 2642 793 Τρόμος
2678 722 2911 794 λήψεται
2939 725 3065 788 τοὺς
3094 724 3331 788 ἀσεϐεῖς.
3373 743 3392 776 ι

2372 833 2390 865 ι
2437 815 2687 886 Ἀρθήτω
2714 816 2744 868 ὁ
2788 816 3015 887 ἀσεϐὴς,
3071 817 3156 870 ἵνα
3201 818 3275 890 μὴ
3317 818 3402 892 ἴδῃ
3423 821 3524 889 τὴν
3554 819 3718 884 δόξαν
3769 823 3856 875 Ku-

2336 907 2434 962 ίου.
2475 927 2492 960 ι

2336 924 2434 962 ιου.
2475 927 2492 960 ι

2300 924 2329 979 ρ
2373 1015 2391 1050 t
2428 999 2542 1052 Οὐκ
2579 997 2694 1053 ἔστι
2726 999 2940 1072 χαίρειν
2979 1003 3091 1065 τοῖς
3123 1001 3363 1070 ἀσεϐέσι,
3391 1003 3547 1075 λέγει
3581 1007 3803 1076 Κύριος.
3837 1029 3850 1060 ι

2372 1187 2393 1218 α
2445 1171 2572 1228 Ἐὰν
2604 1174 2702 1229 ἀπ’
2729 1176 2866 1247 ἐμοῦ
2891 1178 3158 1252 ἀποστῇς,
3192 1181 3353 1239 πλέον
3389 1202 3444 1239 τι
3471 1187 3642 1252 ἔξεις,
3671 1184 3856 1242 cit-m6

2298 1261 2523 1333 Κύριος.
2561 1284 2580 1318 ι
2796 1288 2799 1294 ·

2370 1372 2389 1405 ι
2438 1354 2498 1409 '0
2536 1358 2735 1431 ἄνομος
2763 1361 2908 1417 θύων
2943 1365 3165 1437 μόσχον,
3194 1368 3272 1432 ὡς
3318 1371 3666 1428 ἀποκτείνων
3709 1377 3851 1430 κύνα·

2297 1447 2326 1499 6
2368 1448 2426 1502 δὲ
2461 1449 2750 1524 ἀναφέρων
2775 1457 3078 1528 σεμίδαλιν,
3104 1459 3179 1524 ὡς
3212 1456 3352 1532 αἷμα
3385 1463 3518 1520 ὑῶν.
3560 1485 3579 1518 ι

2379 1647 2396 1682 t
2435 1631 2571 1685 Οὐαὶ
2598 1632 2677 1702 τῷ
2706 1633 2917 1706 ἀνόμῳ,
2951 1638 3165 1710 πονηρά
3185 1639 3325 1694 κατά
3355 1641 3425 1696 τὰ
3452 1643 3597 1714 ἔργα
3623 1646 3740 1698 τῶν
3762 1651 3850 1716 χεῖ-

2304 1723 2420 1794 ρῶν,
2445 1724 2608 1777 αὐτοῦ
2639 1725 2924 1797 δοθήσεται
2952 1730 3121 1801 αὐτῷ.
3160 1751 3180 1786 ι

707 1822 865 1892 335
904 1820 1018 1874 Isa.
1073 1835 1221 1882 χχιχ,
1261 1819 1313 1872 5.
1346 1850 1413 1860 -—
1457 1835 1475 1868 ι
1509 1816 1573 1870 Et
1613 1823 1777 1871 erunt
1825 1813 1975 1869 sicut
2019 1810 2198 1881 pulvis

2374 1835 2393 1867 ι
2438 1817 2629 1870 Ἔσται
2667 1818 2744 1882 ὡς
2769 1823 3043 1892 κονιορτὸς
3068 1826 3176 1878 ἀπὸ
3215 1816 3410 1898 τροχοῦ
3440 1831 3470 1882 6
3509 1829 3749 1894 πλοῦτος
3774 1835 3857 1887 τῶν

636 1917 706 1969 de
737 1924 861 1967 rota
896 1911 1100 1966 divitia:
1134 1910 1451 1981 impiorum,
1482 1918 1535 1963 et
1569 1908 1716 1964 sicut
1745 1905 1934 1960 favilla
1959 1918 2081 1974 qua:
2113 1915 2202 1954 ra-

641 2007 808 2075 pitur.
844 2023 861 2055 ι

716 2114 734 2146 c
775 2096 840 2149 Et
864 2101 1027 2148 erunt
1062 2093 1205 2148 sicut
1232 2100 1515 2163 punctum.
1552 2109 1570 2140 ι

672 2221 674 2224 ν
713 2187 827 2241 Ιεα.
879 2203 1043 2249 xxix,
1102 2187 1154 2250 7,
1192 2187 1246 2240 8.
1291 2211 1358 2224 -α
1406 2204 1423 2235 ι
1470 2185 1535 2236 Et
1584 2190 1750 2238 erunt
1799 2181 2074 2251 quomodo
2123 2179 2205 2232 vi-

641 2281 821 2334 dentis
853 2279 1127 2332 somnium
1155 2286 1335 2339 nocte,
1373 2277 1576 2330 divitia:
1605 2275 1878 2344 gentium.
1918 2271 2203 2339 Eruntque

643 2375 787 2428 sicut
814 2372 906 2441 qui
940 2372 993 2424 in
1025 2371 1237 2425 somnis
1261 2369 1516 2424 esuriunt
1542 2375 1596 2420 et
1626 2366 1946 2429 comedunt,
1972 2379 2207 2433 cumque

643 2466 1012 2526 surrexerint,
1075 2477 1273 2518 vanum
1329 2468 1416 2516 est
1473 2460 1751 2515 somnium
1807 2458 2092 2528 ipsorum:
2152 2464 2210 2511 et

644 2559 792 2612 sicut
825 2558 917 2626 qui
957 2572 1052 2626 rer
1082 2555 1356 2613 somnium
1393 2554 1510 2611 sitit
1549 2562 1603 2608 et
1633 2553 1794 2618 bibit,
1838 2560 1893 2607 et
1922 2567 2046 2606 cum
2080 2567 2209 2607 sur-

643 2653 870 2710 rexerit,
905 2650 1084 2704 adhuc
1137 2649 1280 2705 sitit.
1310 2655 1365 2702 et
1408 2647 1591 2702 anima
1617 2645 1740 2713 ejus
1771 2644 1980 2699 frustra
2022 2659 2211 2713 spera-

648 2745 744 2799 vit.
787 2741 879 2797 Sic
908 2752 1072 2797 erunt
1103 2741 1308 2797 divitia:
1338 2739 1583 2794 omnium
1608 2738 1879 2808 gentium.
1905 2752 1925 2787 ι
2095 2719 2104 2727 ’

714 2835 912 2891 Jerem.
949 2852 1038 2899 xv,
1073 2835 1127 2890 l.
1153 2861 1223 2874 -——
1250 2851 1270 2885 ι
1299 2830 1377 2887 Ne
1403 2846 1562 2902 roges
1590 2845 1675 2884 me
1699 2843 1799 2899 pro
1831 2841 2035 2899 populo
2065 2830 2209 2880 fsto:

544 2954 554 2962 -
645 2927 908 2998 quoniam
943 2927 988 2980 si
1018 2924 1272 2979 steterint
1311 2921 1538 2993 Moyses‘
1558 2928 1614 2976 et
1648 2917 1873 2973 Samuel
1909 2932 2095 2972 coram
2128 2914 2213 2970 fa~

645 3024 732 3077 cie
764 3038 903 3088 mea,
932 3037 1039 3076 non
1071 3026 1154 3075 est
1187 3018 1368 3072 anima
1405 3030 1524 3070 mea
1555 3015 1620 3070 ad
1651 3029 1768 3068 eos.
1808 3030 1826 3064 ι

729 3117 846 3170 lsa.
895 3129 1041 3179 mn,
1069 3111 1160 3166 24.
1185 3139 1254 3149 —
1275 3125 1295 3160 ι
1324 3106 1545 3162 Vermis
1567 3120 1757 3160 eorum
1784 3117 1893 3158 non
1923 3100 2208 3164 morietur,

648 3223 702 3269 et
734 3212 874 3280 ignis
902 3221 1091 3262 eorum
1111 3197 1222 3258 non
1243 3200 1656 3268 exstinguetur:
1687 3204 1745 3251 et
1772 3202 1936 3250 erunt
1961 3195 2015 3248 in
2038 3191 2208 3247 visio-

651 3320 773 3360 nem
801 3301 949 3356 omni
985 3297 1158 3351 carni.
1193 3315 1211 3348 ι

719 3390 916 3445 Jerem.
951 3403 1010 3450 ιι,
1045 3385 1132 3440 52.
1164 3411 1236 3423 ——
1268 3399 1288 3435 ‹
1317 3379 1575 3450 Nunquid
1625 3377 1983 3433 obliviscetur
2008 3387 2210 3443 sponsa

652 3481 961 3542 ornamenti
1035 3478 1144 3543 sui,
1174 3483 1229 3532 et
1294 3475 1447 3545 virgo
1501 3471 1687 3529 fasciae
1730 3467 2024 3540 pectoralis
2060 3464 2212 3520 suae?

652 3575 895 3646 Populus
940 3586 1067 3627 vero
1105 3581 1260 3623 meus
1305 3565 1512 3620 oblitus
1540 3569 1627 3618 est
1665 3561 1786 3617 mei.
1804 3558 2002 3616 diebus
2044 3557 2211 3612 innu-

656 3670 842 3724 meris.
881 3686 898 3718 ι

728 3757 964 3814 Halach.
1001 3773 1040 3819 ι,
1066 3755 1206 3808 4.-
1230 3771 1249 3804 ‹
1281 3752 1408 3807 Haec
1436 3750 1572 3807 dicit
1611 3748 1873 3806 Dominus
1903 3742 2052 3814 :lpsi
2083 3740 2216 3798 acdi-

656 3851 923 3913 ficabunt,
961 3857 1016 3903 et
1043 3861 1142 3916 ego
1173 3845 1481 3900 destruant.
1514 3863 1533 3896 ι

727 3943 856 4011 Sap.
905 3956 1020 4003 xlv,
1073 3941 1127 3994 9.
1157 3967 1226 3979 —-
1251 3955 1269 3989 ι
1307 3937 1532 3992 Simiter
1585 3935 1714 3989 odio
1747 3941 1876 3989 sunt
1927 3934 2133 4004 impius
2163 3938 2217 3986 et

655 4035 909 4105 impietas
970 4033 1113 4101 ejus.
1148 4030 1368 4094 Etenim
1399 4029 1544 4098 quod
1588 4026 1793 4081 factum
1832 4033 1916 4080 est
1963 4040 2087 4080 cum
2125 4024 2220 4078 illo

656 4130 749 4199 qui
785 4127 931 4189 fecit,
963 4122 1440 4177 exterminabitur.
1471 4138 1490 4170 ι

728 4220 858 4286 Sap.
905 4232 959 4281 v,
991 4217 1081 4269 15.
1128 4242 1198 4252 --
1227 4231 1245 4263 ι
1280 4210 1419 4280 Spes
1477 4211 1770 4278 impiorum
1823 4218 2079 4276 tanquam
2127 4208 2221 4260 la-

658 4326 824 4379 nugo,
856 4322 979 4378 quae
1025 4322 1055 4359 a
1102 4314 1268 4357 vento
1299 4304 1534 4365 tollitur,
1568 4309 1624 4355 et
1672 4301 1814 4354 sicut
1852 4299 2032 4354 fumus
2063 4298 2156 4368 qui
2189 4313 2219 4352 a

657 4410 820 4455 vento
849 4399 1208 4469 dispergitur.
1241 4414 1258 4445 ι

2303 1907 2538 1976 ἀσεϐῶν,
2561 1913 2657 1964 καὶ
2689 1910 2765 1974 ὡς
2791 1914 2951 1982 χνοῦς
2985 1916 3300 1987 φερόμενος.
3337 1939 3356 1971 ι

2381 2110 2399 2142 ε
2437 2092 2545 2145 Καὶ
2575 2093 2730 2149 ἔσται
2757 2095 2834 2160 ὡς
2863 2100 3087 2170 στιγμή.
3122 2119 3142 2152 ι

2381 2203 2400 2234 ι
2442 2184 2552 2238 Καὶ
2603 2187 2757 2239 ἔσται
2817 2189 2894 2253 ὡς
2944 2191 3397 2266 ἐνυπνιαζόμενος
3435 2198 3563 2252 καθ’
3621 2198 3858 2264 iitran

2305 2273 2535 2340 πλοῦτος
2562 2279 2890 2347 τῶν,ὲθνῶν,
2928 2284 3020 2336 καὶ
3047 2284 3259 2340 ἔσονται
3297 2288 3372 2352 ὡς
3396 2290 3444 2342 οί
3485 2292 3542 2344 ὲν
3583 2292 3740 2360 ὕπνῳ
3767 2312 3857 2346 πει-

2305 2367 2506 2434 νῶντες
2537 2372 2631 2424 καὶ
2663 2371 2958 2438 ἐσθίοντες,
2989 2378 3084 2430 καὶ
3116 2376 3528 2442 ἐξαναστάντων
3565 2385 3754 2438 αὐτῶν
3777 2389 3857 2456 μά-

2305 2475 2456 2512 ταιον
2475 2460 2536 2512 τὸ
2557 2460 2807 2516 ἐνύπνιον
2832 2465 3046 2519 αὐτῶνθ
3083 2469 3178 2521 καὶ
3214 2470 3273 2524 ὃν
3318 2471 3522 2543 τρόπον
3560 2475 3858 2539 ἐνυπνιάζε-

2305 2569 2394 2604 ται
2425 2555 2453 2607 ὁ
2482 2553 2654 2622 διψῶν
2690 2555 2768 2620 ὡς
2805 2558 3027 2624 πεινῶν,
3075 2562 3172 2614 καὶ
3212 2561 3516 2630 ἐξαναστὰς
3551 2567 3641 2620 ἔτι
3667 2569 3805 2639 διψᾷ,
3833 2574 3858 2637 ὴ

2307 2645 2362 2698 δὲ
2377 2645 2525 2718 ψυχὴ
2552 2647 2718 2702 αὑτοῦ
2733 2650 2825 2713 είς
2849 2652 3280 2724 κενὸνλιλπισεν,
3301 2655 3475 2723 οὕτως
3498 2659 3661 2714 ἔσται
3684 2662 3714 2715 6
3736 2661 3860 2716 πλοῦ-

2308 2752 2399 2800 τος
2428 2738 2646 2793 πάντων
2675 2740 2786 2795 τῶν
2813 2743 3003 2800 ὲθνῶν.
3043 2764 3061 2797 ι

2385 2846 2404 2879 ι
2436 2825 2604 2883 Εἶπεν
2653 2832 2856 2905 Κύριος
2899 2837 3034 2906 πρός
3060 2854 3160 2908 με’
3198 2839 3289 2910 Μὴ
3321 2843 3602 2918 προσεύξῃ
3630 2849 3758 2915 περὶ
3787 2849 3861 2900 τοῦ

2309 2917 2438 2974 λαιοῦ
2469 2921 2682 2988 τούτου,
2715 2924 2796 2977 ὅτι
2827 2925 2926 2978 ἐὰν
2958 2931 3056 2998 στῇ
3088 2931 3328 3001 Μωῦσῆς
3357 2936 3451 2988 καὶ
3488 2917 3749 3010 Σαμουὴλ
3779 2942 3863 3010 πρὸ

2310 3013 2602 3086 προσώπου
2630 3033 2754 3086 μου,
2786 3019 2885 3072 οὐκ
2907 3019 3058 3074 ἔσται
3081 3024 3111 3093 ἡ
3134 3022 3276 3094 ψυχή
3309 3043 3410 3095 μου
3439 3029 3581 3098 πρὸς
3615 3031 3820 3095 αὐτούς.
3845 3053 3860 3079 1

2390 3127 2408 3159 ι
2457 3107 2515 3160 Ὀ
2545 3109 2760 3180 σκώληξ
2792 3112 2972 3166 αὐτῶν
2995 3114 3054 3167 οὐ
3078 3117 3415 3188 τελευτήσει,
3445 3123 3540 3173 καὶ
3568 3123 3634 3174 τὸ
3669 3122 3774 3193 πῦρ
3815 3125 3863 3175 οὗ

2313 3201 2670 3286 σϐηεσθήσεται
2694 3219 2706 3234 ⁵
2743 3207 2837 3297 καὶ
2865 3206 3080 3261 ἔσονται
3102 3210 3181 3274 εἰς
3208 3211 3398 3282 ὅρασιν
3428 3214 3584 3287 πάσῃ
3613 3216 3789 3287 σαρκί.
3818 3237 3832 3264 ι

2387 3405 2407 3437 ι
2453 3386 2544 3457 Μὴ
2585 3388 2901 3459 ἐπιλήσεται
2955 3393 3142 3465 νύμφη
3174 3393 3268 3448 τὸν
3309 3395 3517 3467 κόσμον
3545 3399 3752 3470 αὐτῆς,
3790 3405 3866 3453 καὶ

2313 3478 2582 3548 παρθένος
2631 3480 2729 3550 τὴν
2784 3483 3174 3556 στηθοδεσμίδα
3219 3487 3422 3558 αὐτῆςς
3474 3492 3504 3543 6
3543 3491 3602 3545 δὲ
3634 3492 3757 3555 λαός
3784 3512 3866 3563 μου

2314 3570 2602 3627 ἐπελάθετο
2631 3577 2988 3649 μου,ἠμέρας
3013 3573 3088 3634 ὧν
3115 3580 3215 3634 οὐκ
3242 3580 3390 3637 ἐστιν
3421 3584 3683 3656 ἀριθμός.
3721 3606 3740 3638 ι

2390 3768 2410 3803 ι
2445 3751 2583 3805 Τάδε
2613 3751 2765 3822 λέγει
2814 3755 3015 3828 Κύριος
3037 3776 3051 3790 ο
3079 3758 3244 3815 Αὐτοὶ
3281 3762 3752 3836 οίκοδομήσουσιν,
3773 3765 3868 3833 ἐγὼ

2314 3841 2371 3895 δὲ
2398 3845 2776 3916 καταστρέφω.
2823 3866 2845 3902 ι

2393 3954 2412 3986 ι
2452 3935 2540 3988 Ἐν
2584 3936 2683 4009 ῑσῳ
2733 3941 2954 4011 μισητὰ,
3000 3942 3094 3996 καὶ
3118 3944 3149 3998 6
3180 3945 3414 4012 ἀσεϐῶν,
3443 3949 3541 4002 καὶ
3571 3950 3606 4020 ἡ
3631 3948 3863 4002 ἀσέϐεια·

2315 4025 2377 4079 τὺ
2404 4028 2645 4099 πραχθὲν
2673 4030 2769 4083 σὺν
2796 4031 2872 4102 τῷ
2902 4032 3158 4103 δράσαντι
3186 4034 3719 4109 ἐξολοθρευθήσεται.
3755 4060 3771 4091 ι

2307 4248 2314 4255 .
2395 4221 2413 4255 ι
2463 4203 2647 4269 Ἐλπὶς
2675 4207 2888 4261 ἀσεϐῶν
2917 4209 2993 4273 ὡς
3021 4212 3318 4282 φερόμενος
3345 4215 3506 4284 χνοῦς
3525 4217 3635 4271 ὑπὸ
3660 4219 3860 4288 ἀνέμου,

2321 4296 2414 4349 καὶ
2442 4297 2748 4364 ὡς’καπνὸς
2768 4301 2878 4355 ἀπὸ
2896 4304 3098 4374 ἀνέμου
3137 4306 3378 4376 διεχύθη.
3411 4327 3430 4359 ι

729 4493 858 4562 Sap.
920 4508 997 4554 tu,
1048 4491 1136 4544 19.
1183 4517 1253 4526 —
1287 4506 1306 4539 ο
1363 4485 1611 4540 Nationis
1664 4486 1864 4555 iniquae
1907 4483 2043 4539 dine
2093 4489 2211 4538 sunt

2399 4519 2418 4552 ι
2450 4503 2646 4567 Γενεᾶς
2682 4481 2868 4559 ἀὸίέεοὺ
2899 4507 3112 4576 χαλεπά
3143 4509 3210 4562 τά
3247 4509 3396 4576 τέλη.
3434 4529 3455 4562 ι

659 4583 1188 4642 consummationes.
1228 4600 1246 4631 ι

731 4695 860 4765 Sap.
898 4711 1017 4760 xm,
1051 4695 1103 4758 1,
1140 4693 1192 4754 2,
1234 4692 1318 4746 l0.
1352 4721 1419 4730 —-
1450 4708 1469 4742 ι
1500 4689 1787 4746 Vanisunt
1820 4706 2014 4746 omnes
2044 4690 2220 4743 homi-

662 4804 782 4851 nes.
814 4789 867 4842 in
897 4788 1098 4857 quibus
1147 4800 1254 4840 non
1289 4787 1485 4842 subest
1517 4785 1750 4841 scientia
1794 4782 1889 4837 Dei
1928 4801 1941 4837 :
1976 4789 2030 4836 et
2060 4782 2127 4836 de
2154 4781 2221 4836 iis

659 4901 781 4955 qua:
836 4884 1090 4938 videntur
1146 4883 1326 4944 bonis,
1387 4896 1495 4935 non
1556 4886 1857 4949 potuerunt
1920 4877 2223 4946 intelligere

660 4994 785 5034 eum
827 4976 1049 5047 quiest,
1088 4990 1262 5044 neque
1294 4975 1558 5044 operibus
1603 4971 1950 5028 attendentes
1980 4985 2219 5040 agnove-

660 5078 790 5126 runt
842 5067 1134 5122 artiﬁcem.
1184 5063 1439 5120 Infelices
1475 5073 1655 5121 autem
1689 5073 1842 5130 sunt,
1881 5071 1936 5118 et
1979 5061 2036 5116 in
2075 5075 2224 5116 mor-

664 5165 776 5217 tuis
805 5177 934 5232 spes
962 5160 1179 5214 illorum
1209 5166 1311 5213 est.
1354 5175 1377 5209 ι

734 5272 862 5339 Sap.
889 5287 1003 5334 χιχ,
1031 5269 1167 5325 1....
1191 5287 1210 5320 ‹
1233 5267 1419 5338 impiis
1439 5281 1607 5337 usque
1635 5268 1690 5322 in
1718 5268 2077 5324 novissimum
2107 5264 2225 5324 sine

665 5359 1050 5414 misericordia
1091 5362 1170 5412 ira
1203 5357 1539 5427 supervenit.
1572 5376 1592 5409 ι

687 5478 690 5481 ‘
739 5467 907 5522 Eccli.
944 5484 1056 5531 xvr,
1077 5467 1133 5525 9.
1154 5496 1223 5509 -
1253 5486 1273 5521 ι
1293 5467 1350 5522 In
1382 5482 1661 5539 synagoga
1691 5469 2040 5540 peccantium
2067 5485 2224 5525 exar-

666 5558 814 5613 debit
843 5559 1007 5629 ignis.
1047 5579 1063 5610 ι

742 5673 909 5728 ιιεοίι.
941 5689 1040 5740 vn,
1091 5677 1176 5732 l9.
1209 5710 1272 5721 —
1301 5696 1317 5729 ι
1351 5675 1606 5732 Vindicta
1657 5676 1950 5747 impiorum
1999 5675 2142 5746 ignis
2173 5682 2227 5729 et

665 5781 869 5824 vernus
880 5805 893 5819 .
924 5786 943 5817 ρ

2398 4721 2415 4753 r
2454 4702 2688 4757 Μάταιοι
2724 4701 2822 4776 μὲν
2852 4710 3052 4771 πάντες
3081 4707 3377 4779 ἄνθρωποι,
3427 4704 3508 4772 οἷς
3549 4712 3719 4780 παρῆν
3745 4707 3860 4762 Θεοῦ

2321 4794 2583 4861 ἀγνωσία,
2615 4798 2708 4850 καὶ
2730 4799 2794 4850 ὲκ
2821 4799 2932 4852 τῶν
2952 4800 3244 4869 ὁρωμένων
3281 4801 3504 4868 ἀγαθῶν
3537 4804 3636 4854 οὐκ
3657 4803 3859 4870 ἰσχυπιν

2323 4891 2519 4943 εἰδέναι
2536 4891 2604 4944 τὰ
2624 4891 2773 4954 ὄντα,
2795 4889 2915 4943 οὔτε
2941 4894 3051 4953 τοῖς
3066 4892 3246 4960 ἔργοις
3264 4893 3622 4962 προσέχοντες
3647 4895 3858 4957 ἐπέγνω-

2327 4999 2425 5036 σαν
2449 4983 2540 5036 τὸν
2567 4981 2837 5053 τεχνίτην.
2863 4983 3232 5053 Ταλαίπωροι,
3259 4984 3351 5036 καὶ
3380 4987 3438 5036 ἐν
3467 4988 3674 5056 νεκροῖς
3703 4986 3756 5036 αἱ
3783 4983 3856 5034 ἐλ-

2326 5074 2475 5138 πίδες
2496 5075 2694 5130 αὐτῶν.
2731 5092 2750 5126 ι

2397 5209 2416 5242 ι
2455 5191 2580 5254 Τοῖς
2623 5190 2845 5246 ἀσεϐέσι
2902 5192 3067 5263 μέχρι
3114 5190 3301 5256 τέλους
3349 5193 3659 5264 ἀνελεήμων
3705 5189 3859 5258 θυμὸς

2323 5281 2547 5353 ἐπέστη.
2594 5299 2614 5333 ι

2400 5502 2418 5533 ι
2461 5481 2549 5535 Ἑν
2579 5483 2866 5556 συναγωγῇ
2905 5484 3240 5556 ἁμαρτωλῶν
3268 5480 3800 5558 ὲκκαυθήσεταιπῦρ.
3833 5497 3857 5532 ι

2398 5700 2416 5734 ι
2444 5682 2753 5756 Ἐκδίκησις
2779 5683 3013 5754 ἀσεϐῶν,
3045 5687 3155 5758 πῦρ
3192 5685 3284 5742 καὶ
3307 5683 3536 5758 σκώληξ.
3574 5700 3597 5738 ι
