4024 6452
170 352 321 423 1157

1447 354 1687 416 SACRA
1722 354 2164 417 PARALLELA
2178 405 2190 416 .

3184 332 3187 335 ’
3283 304 3419 428 i153

252 491 278 525 ο
304 470 445 542 Πῦρ,
490 468 719 542 χάλαζα,
760 468 855 523 καὶ
911 467 1093 539 λιμδς,
1146 468 1242 522 καὶ
1272 466 1522 532 θάνατος,
1571 468 1744 524 πάντα

1927 467 2093 523 Eccli.
2143 484 2356 533 xxxv",
2391 469 2484 525 35.
2510 500 2576 513 —
2599 489 2619 522 ‹
2658 472 2830 542 ignis,
2865 476 3099 545 grando,
3130 487 3187 534 et
3219 480 3418 544 fames.

156 567 342 623 ταῦτα
372 569 451 630 εἰς
475 564 697 619 κόλασιν
728 561 1071 635 ἁμαρτωλῶν
1103 560 1351 632 ἐκτίσθη.
1390 578 1410 611 ι

235 762 259 797 ε
299 742 563 806 Θάνατος,
586 740 682 795 καὶ
704 739 840 810 ἔρις,
863 738 959 793 καὶ¹
984 736 1248 810 ῥομφαία,
1274 738 1371 792 καὶ
1406 737 1630 809 μάστιξ,
1652 737 1748 791 ἐπὶ

152 837 293 901 τοὺς
320 838 557 907 ἀνόμους
581 834 935 905 ἐκτίσθησαν.
976 852 996 885 ι

235 949 259 983 ι
292 929 432 984 Οὐαὶ
464 928 615 997 ὑμῖν,
648 926 840 999 ἄνδρες
869 924 1109 991 ἀσεϐεῖς,
1131 924 1330 989 οἵτινες
1357 921 1747 993 ἐγκατελίπετε

153 1023 329 1094 νόμον
367 1020 597 1092 Κυρίου.
642 1037 662 1071 ι

234 1131 256 1164 ι
296 1111 501 1175 Πένθος
524 1107 722 1182 νεκροῦ
757 1107 896 1163 ἐςττά
926 1107 1160 1180 ἡμέραι·
1201 1105 1385 1178 μωροῦ
1416 1105 1476 1159 δὲ
1498 1105 1594 1159 καὶ
1618 1106 1746 1159 ἀσε-

151 1203 313 1269 σους,
344 1204 520 1258 πᾶσαι
544 1189 835 1273 αί”ήμέραι
862 1201 963 1271 τῆς
997 1199 1146 1269 ζωῆς
1184 1199 1373 1255 αὑτοῦ.
1403 1216 1422 1249 ι

236 1315 261 1350 ι
303 1294 396 1362 Ὠς
430 1293 673 1368 ῥομφαία
694 1294 967 1364 δίστομος,
995 1292 1144 1346 πᾶσα
1185 1289 1450 1362 ἁμαρτία.
1486 1307 1506 1341 ι

231 1499 254 1534 ι
298 1481 418 1535 Οὐκ
442 1478 653 1534 εὐδοκεῖ
679 1478 709 1531 6
742 1475 966 1547 ὕψιστος
997 1476 1054 1529 ὲν
1073 1473 1417 1546 προσφοραῖς
1446 1469 1683 1526 ἀσεϐῶν.
1717 1487 1736 1521 ι

229 1677 251 1709 ι
304 1657 399 1719 Ὠς
430 1655 538 1710 ἀπὸ
561 1654 855 1727 προσώπου
886 1651 1064 1722 ὄφεως
1087 1651 1258 1721 φεῦγε
1300 1649 1410 1703 ἀπὸ
1439 1646 1737 1720 ἁμαρτίας.

162 1749 303 1804 Ἐὰν
326 1749 437 1820 γὰρ
468 1746 793 1821 προσέλθῃς,
838 1744 1019 1811 ἕξεται
1052 1757 1145 1796 σε’
1182 1741 1395 1804 ὀδόντες
1437 1739 1653 1802 λέοντος
1686 1739 1737 1791 οξ

150 1842 375 1906 ὀδόντες
399 1842 589 1913 αὐτῆς,
618 1838 970 1910 ἀναιροῦντες
1003 1834 1203 1908 ψυχάς.
1238 1853 1258 1887 ι

226 2053 251 2088 ‹
298 2034 495 2088 Πολλοὶ
524 2034 715 2104 ἐροῦσῖ
742 2047 831 2103 μοι
857 2031 914 2083 ἐν
948 2030 1133 2100 ἐκείνῃ
1178 2028 1245 2097 τῇ
1271 2026 1457 2098 ήμέρᾳ
1480 2040 1494 2055 ⁸
1542 2023 1738 2097 Κύριε,

150 2125 360 2198 Κύριε,
389 2125 449 2179 οὐ
475 2123 553 2195 τῷ
582 2122 660 2195 σῷ
704 2123 929 2194 ὀνόματι
970 2116 1484 2191 προεφήτεὺσαμεν,
1518 2116 1613 2170 καὶ
1663 2114 1742 2186 τῷ

151 2218 231 2290 σῷ
261 2218 493 2286 ὀνόματι
521 2217 780 2287 δυνάμεις
829 2213 1032 2277 πολλὰς
1070 2212 1436 2281 ἐποιήσαμεν.
1475 2210 1587 2263 Καὶ
1621 2208 1740 2263 τότε

151 2310 486 2381 ὁμολογήσω
514 2309 717 2373 αὐτοῖς,
754 2306 838 2360 ὅτι
870 2302 1146 2358 Οὐδέποτε
1174 2301 1345 2371 ἔγνων
1379 2301 1543 2369 ὑμᾶς.
1586 2300 1743 2353 Ἀνα-

151 2404 392 2474 χωρεῖτε
415 2402 511 2454 ἀπ’
539 2399 674 2471 ἐμοῦ
703 2399 755 2452 οἱ
775 2396 1137 2470 ἐργαζόμενοι
1160 2394 1259 2467 τὴν
1287 2393 1539 2462 ἀνομίαν.
1574 2413 1594 2446 ι

226 2515 251 2548 ε
296 2496 411 2559 Πᾶς
456 2495 486 2550 6
540 2492 714 2547 ποιῶν
768 2490 866 2564 τὴν
917 2489 1217 2562 ἁμαρτίαν,
1275 2487 1461 2552 δοῦλός
1499 2489 1615 2541 ἐστι
1641 2487 1741 2558 τῆς

151 2588 440 2663 ἁμαρτίας
460 2604 475 2619 ο
503 2589 532 2642 6
561 2587 619 2642 δὲ
649 2584 837 2650 δοῦλος
862 2584 925 2638 οὐ
960 2583 1113 2655 μένει
1153 2582 1211 2635 ἐν
1238 2584 1306 2654 τῇ
1332 2581 1503 2656 οἰκίᾳ.
1539 2599 1559 2633 ι

228 2787 251 2821 ι
293 2770 309 2809 ί
350 2766 531 2832 Τάλας
559 2764 835 2837 ἑγῶ,οὐδὲ
874 2763 1154 2836 ἐμνήσθην
1178 2802 1195 2828 ,
1239 2763 1322 2817 ὅτι
1376 2764 1405 2816 6
1437 2760 1571 2826 Θεὸς
1615 2760 1740 2815 νοῦν

150 2862 282 2934 δρᾷ,
311 2860 409 2914 καὶ
436 2858 617 2932 ψυχῆς
642 2861 897 2931 ἐπιτηρεῖ
919 2858 1126 2930 φωνήν.
1162 2853 1449 2927 Συνεργῶν
1490 2855 1519 2907 6
1549 2855 1744 2928 ἐχθρὸς

152 2954 300 3027 πρὸς
319 2954 619 3026 ἁμαρτίαν,
652 2952 789 3024 πρὸς
808 2949 1046 3022 ἐμαυτὸν
1073 2949 1222 3019 λέγει
1247 2965 1261 2978 ο
1295 2947 1450 3019 Ἐλεή
1462 2965 1576 3018 μων
1595 2947 1743 3002 ἐστὶν

150 3046 181 3100 6
224 3044 391 3112 Θεὸς,
444 3044 540 3098 καὶ⁹
569 3040 817 3108 ἀνέξεταί
864 3058 986 3113 μου.
1038 3039 1152 3094 Καὶ
1187 3037 1263 3109 μὴ
1294 3037 1525 3108 πληγεὶς
1571 3054 1743 3108 παραο

1851 569 1908 616 et
1965 576 2140 624 mors,
2197 562 2316 617 hzec
2375 563 2563 619 omnia
2598 564 2667 619 ad
2708 565 3014 623 vindictam
3066 580 3419 641 peccatorum

1848 660 2035 708 creata
2058 661 2212 709 sunt.
2253 673 2273 708 ι

1919 743 2093 799 Eccli.
2146 762 2239 811 xc,
2263 747 2317 802 9.
2340 776 2414 787 -—
2438 767 2457 799 ι
2508 746 2680 813 Mors,
2718 756 2773 804 et
2797 755 3109 823 contentio,
3143 763 3199 810 et.
3231 756 3423 810 rhom-

1846 836 2022 906 phaea,
2061 846 2115 893 et
2141 836 2443 909 ﬂagellum,
2470 856 2636 910 super
2667 841 2888 911 iniquos
2923 853 3111 902 creata
3140 857 3294 904 sunt.
3328 866 3348 899 ι

1918 926 2092 984 Eccli.
2151 946 2264 994 XLI,
2303 931 2391 985 Η.
2419 963 2489 973 -
2515 951 2534 983 ι
2587 931 2676 988 Vae
2707 934 2887 1001 vobis,
2948 938 3053 991 viri
3112 940 3288 1010 impii,
3329 940 3422 1010 qui

1845 1018 2223 1089 dereliquistis
2250 1021 2425 1093 legem
2459 1021 2701 1079 Dmuini.
2738 1042 2758 1076 ι

1913 1113 2081 1166 Eccli.
2114 1127 2251 1176 ml,
2285 1114 2371 1169 15.
2393 1143 2465 1154 --
2493 1136 2511 1166 ι
2549 1115 2757 1172 Luctus
2787 1118 2991 1173 mortui
3032 1130 3240 1191 septem
3268 1120 3420 1176 dies:

1848 1201 1985 1256 fatui
2028 1212 2212 1259 autem
2254 1214 2307 1260 et
2339 1206 2515 1275 impii,
2546 1222 2743 1263 omnes
2774 1209 2893 1266 dies
2919 1210 3046 1264 vitae
3074 1212 3220 1279 ejus.
3259 1231 3277 1263 ι

1923 1294 2089 1350 Eccli.
2139 1313 2252 1363 xxI,
2295 1297 2448 1351 4.-
2478 1318 2496 1352 ι
2529 1299 2698 1367 Quasi
2740 1301 3060 1372 rhomphaea
3107 1304 3195 1360 bis
3238 1313 3420 1370 acuta,

1845 1387 2029 1443 omnis
2053 1386 2342 1458 iniquitas.
2378 1406 2398 1441 ι

1916 1476 2087 1531 Eccli.
2142 1494 2330 1543 xxxiv,
2378 1478 2571 1534 23.—
2609 1498 2629 1532 ι
2688 1479 2808 1537 Non
2851 1484 3157 1554 cumplacet
3204 1484 3425 1540 Altissi-

1845 1584 1970 1625 mus
1998 1570 2053 1625 in
2085 1570 2466 1627 oblationibus
2497 1572 2817 1643 impiorum.
2850 1594 2871 1629 ι

1916 1661 2088 1717 Ecclt'.
2138 1679 2255 1727 χχι,
2306 1667 2460 1720 2.-
2491 1684 2509 1717 ι
2568 1667 2739 1733 Quasi
2772 1683 2801 1721 a
2841 1667 2983 1724 facie
3031 1668 3245 1723 colubri
3301 1668 3425 1736 fuge

1842 1762 2155 1824 peccatum.
2208 1754 2343 1809 Nam
2397 1756 2444 1812 si
2474 1762 2785 1813 accesseris
2833 1759 2902 1813 ad
2956 1750 3081 1823 illa,
3112 1761 3426 1829 sulscipient

1778 1854 1819 1909 Β
1852 1854 1927 1900 te.
1972 1844 2172 1901 Dentes
2227 1846 2403 1902 leonis
2455 1848 2649 1903 dentes
2693 1850 2840 1916 eius,
2876 1850 3281 1906 interﬁcientes
3305 1853 3427 1906 aui-

1850 1951 1969 1990 ntas
1996 1936 2304 1991 hominum.
2345 1956 2365 1988 ι

1917 2026 2120 2082 Hau/1.
2181 2044 2278 2091 vn,
2332 2028 2426 2089 22,
2482 2028 2576 2083 25.
2623 2058 2691 2069 —-
2727 2050 2747 2082 ι
2787 2029 2940 2085 Multi
2974 2032 3157 2087 dicent
3194 2031 3330 2086 mihi
3367 2033 3423 2087 in

1849 2122 1944 2177 illa
1979 2124 2066 2178 die
2097 2141 2110 2176 :
2169 2121 2421 2186 Domine,
2468 2122 2719 2187 Domine,
2758 2139 2943 2179 nonne
2982 2126 3036 2179 in
3072 2126 3296 2180 nomine
3329 2134 3426 2178 tuo

1846 2214 2330 2285 prophetavimus,
2361 2222 2414 2269 et
2455 2214 2509 2268 in
2557 2217 2780 2271 nomine
2819 2227 2915 2270 tuo
2957 2217 3190 2272 virtutes
3223 2220 3425 2272 multas

1850 2307 2125 2363 fecimus?
2178 2306 2247 2361 Et
2276 2314 2411 2362 tunc
2454 2309 2763 2365 conﬁtebor
2821 2311 2955 2375 illis,
2996 2312 3125 2381 quia
3158 2328 3268 2365 non
3298 2312 3424 2367 novi
3506 2362 3517 2376 ,

1848 2414 1947 2456 vos
1981 2418 1995 2454 :
2031 2399 2305 2454 discedite
2338 2414 2368 2452 a
2402 2415 2490 2455 me
2523 2401 2617 2471 qui
2652 2404 2957 2471 operamini
2996 2404 3366 2474 iniquitatem.
3396 2421 3418 2455 ι

1918 2489 2086 2547 Joan.
2132 2507 2252 2554 vut,
2307 2492 2398 2546 54.
2428 2522 2499 2534 -
2526 2510 2545 2545 ι
2576 2492 2770 2548 Omnis
2820 2494 2915 2565 qui
2948 2495 3080 2549 facit
3113 2505 3423 2565 peccatum,

1849 2598 2048 2639 servus
2097 2590 2182 2638 est
2213 2584 2446 2654 peccati.
2489 2582 2698 2640 Servus
2743 2596 2923 2641 autem
2966 2603 3079 2642 non
3129 2598 3317 2643 manet
3368 2590 3424 2645 in

1848 2670 2015 2725 domo
2048 2671 2101 2725 in
2133 2681 2423 2727 arternum.
2460 2691 2480 2726 ι

1918 2762 2084 2833 336
2119 2761 2239 2816 Επεὶ
2271 2763 2482 2818 octrina
2524 2763 2696 2819 Petra.
2723 2784 2838 2818 -ι
2903 2767 2987 2823 Me
3019 2770 3307 2832 miserum,
3332 2769 3429 2838 qui

1849 2869 1918 2909 ne
1953 2854 2088 2908 illud
2139 2855 2362 2947 quidem
2404 2855 2776 2924 meminerim,
2828 2857 3002 2913 Deum
3049 2870 3289 2916 mentem
3318 2863 3431 2916 rin-

1848 2946 2014 3010 tueri,
2045 2954 2100 3002 et
2126 2946 2323 3002 animae
2364 2962 2551 3002 vocem
2592 2950 2908 3006 observare.
2944 2950 3132 3007 Hostis
3164 2970 3321 3009 meus
3361 2954 3429 3008 ad

1851 3047 2136 3108 peccatum
2175 3054 2264 3094 me
2294 3038 2588 3108 adjuvans.
2628 3041 2732 3097 hoc
2768 3048 3027 3115 proponit
3065 3047 3223 3112 mihi,
3258 3047 3429 3101 Deum

135 3139 355 3224 Jpﬁpa
380 3177 397 3203 ,
423 3135 525 3190 οὐκ
559 3133 911 3205 ἐπαυσάμην,
943 3131 1081 3187 ἀλλά
1127 3129 1329 3202 μᾶλλον
1355 3129 1741 3200 κατεφρόνησα

1852 3128 1917 3184 ad
1947 3128 2387 3184 misericordiam
2422 3145 2757 3200 propensum
2790 3148 2936 3200 esse,
2965 3151 3164 3205 meque
3194 3153 3428 3206 peccan-

154 3228 516 3301 συγγνώμης,
554 3227 647 3282 καὶ
680 3226 997 3297 ὲδαπάνησα
1024 3224 1161 3279 Θεοῦ
1196 3221 1600 3295 μακροθυμίαν.
1641 3240 1663 3271 ι

1852 3232 1950 3276 tem
1993 3223 2380 3278 toleraturum.
2422 3227 2503 3276 Ac
2545 3237 2671 3277 cum
2699 3225 2926 3280 minime
2952 3233 3139 3283 statim
3171 3231 3273 3284 sim
3305 3245 3431 3300 per-

151 3329 412 3389 cussus,t
439 3319 711 3393 peccandi
761 3328 1056 3391 propterea
1102 3316 1267 3373 ﬁnem
1309 3331 1423 3372 non
1471 3313 1611 3382 ieci;
1677 3328 1868 3371 verum
1903 3313 2089 3371 octius
2137 3315 2353 3369 veniam
2388 3317 2720 3386 contempsi,
2800 3333 2866 3373 ac
2904 3318 2999 3376 Dei
3051 3322 3334 3377 lenitatem
3373 3329 3431 3378 et

152 3416 332 3473 animi
365 3415 677 3487 aequitatem
716 3412 1055 3484 consumpsi.
1091 3429 1111 3463 ι

228 3525 253 3560 ε
290 3507 504 3577 Ὠσπερ
535 3504 855 3575 συλλέγεται
886 3505 956 3558 τὰ
995 3504 1229 3570 ζιζάνια,
1277 3501 1373 3557 καὶ
1419 3500 1555 3571 πυρὶ
1577 3516 1747 3554 κατα-

151 3599 401 3663 καίεται,
428 3597 602 3664 οῦτως
625 3596 778 3653 ἔσται
808 3598 866 3652 ὲν
891 3599 958 3669 τῇ
984 3593 1264 3666 συντελείᾳ
1286 3591 1381 3647 τοῦ
1411 3592 1608 3654 αἰῶνος
1627 3590 1753 3645 τού-η

150 3711 275 3752 του.
322 3692 640 3748 Ἀποστελεῖ
659 3694 688 3747 6
718 3691 848 3756 Υἱὸς
878 3690 972 3746 τοῦ
1006 3688 1297 3762 ἀνθρώπου
1317 3687 1447 3751 τοὺς
1480 3685 1747 3755 ἀγγέλους

151 3785 350 3851 αὑτοῦ,
385 3785 481 3839 καὶ
507 3783 853 3851 συλλέξουσιν
874 3783 939 3836 ὲκ
966 3782 1067 3853 τῆς
1089 3778 1365 3852 βασιλείας
1384 3777 1549 3832 αὐτοῦ
1570 3777 1748 3831 πάντα

150 3879 229 3932 τὰ
264 3875 565 3945 σκάνδαλα,
614 3875 711 3930 καὶ
742 3874 871 3939 τοὺς
896 3873 1187 3937 ποιοῦντας
1210 3873 1311 3943 τὴν
1351 3870 1607 3941 ἀνομίαν,
1651 3868 1746 3924 καὶ¹

152 3968 499 4042 ἐμϐαλοῦσιν
522 3966 723 4031 αὐτοὺς
742 3966 824 4031 είς
848 3965 948 4037 τὴν
973 3964 1205 4036 κάμινον
1242 3962 1337 4017 τοῦ
1374 3962 1568 4033 πυρός.
1599 3962 1748 4015 Ἐκεῖ

153 4064 318 4118 ἔσται
338 4063 370 4115 6
397 4059 703 4133 κλαυθμὸς,
726 4060 822 4113 καὶ
846 4061 874 4113 6
905 4057 1153 4132 βρυγμὸς
1185 4056 1295 4113 τῶν
1321 4056 1572 4110 ὀδόντων.
1614 4073 1634 4107 ι

231 4174 255 4209 ι
297 4155 437 4210 Τότε
484 4156 600 4226 ἐρεῖ
628 4156 657 4209 6
689 4153 941 4225 βασιλεὺς
995 4152 1090 4207 κα)⁵
1136 4153 1250 4216 τοῖς
1312 4148 1372 4215 ἐξ
1423 4148 1741 4219 εὐωνύμων.

152 4248 475 4322 Πορεύεσθε
505 4247 602 4304 ἀπ’
622 4246 783 4319 ἐμοῦ,
831 4246 881 4300 oi
908 4244 1304 4317 κατηραμένοι,
1328 4244 1409 4307 είς
1452 4242 1515 4295 τὸ
1545 4240 1657 4311 πῦρ
1683 4238 1745 4294 τὸ

152 4344 403 4409 αἰώνιον,
423 4342 482 4398 τὸ
508 4339 913 4412 ἡτοιμασμένον
933 4338 1011 4410 τῷ
1033 4337 1286 4409 διαϐόλῳ,
1316 4330 1410 4392 καῖ
1439 4337 1552 4399 τοῖς
1579 4334 1745 4404 ἀγγέ-

153 4440 274 4504 λοις
308 4435 499 4493 αὑτοῦ.
533 4454 553 4489 ι

234 4550 255 4584 ι
313 4531 373 4585 '0
404 4527 642 4601 πονηρὸς
672 4526 963 4599 ἅνθρωπος
981 4524 1047 4579 ἐκ
1065 4523 1161 4577 τοῦ
1196 4520 1437 4597 πονηροῦ
1464 4518 1740 4591 θησαυροῦ

151 4627 266 4696 τῆς
298 4620 529 4692 καρδίας
561 4618 826 4690 προφέρει
864 4616 935 4671 τά
959 4614 1194 4688 πονηρά.
1243 4614 1341 4668 Ἐκ
1379 4611 1489 4683 γὰρ
1520 4609 1616 4664 τοῦ
1642 4625 1744 4663 πε-

156 4713 532 4787 ρισσεύματος
551 4710 656 4781 τῆς
684 4708 915 4780 καρδίας
957 4704 1018 4759 τὸ
1049 4704 1225 4775 στόμα
1267 4701 1441 4755 λαλεῖ.
1466 4699 1585 4781 ρὺκ
1629 4697 1745 4749 ἔστι

151 4805 378 4877 δένδρον
406 4802 591 4868 καλὸν,
643 4801 834 4855 ποιοῦν
864 4798 1077 4870 καρπὸν
1117 4794 1347 4866 σαπρὸν,
1382 4791 1504 4847 οὐδὲ
1529 4789 1746 4859 δένδρον

155 4898 398 4968 σαπρὸν,
423 4896 610 4951 ποιοῦν
634 4893 847 4967 καρπὸν
879 4891 1062 4946 καλόν.
1108 4890 1205 4943 Ἐκ
1234 4886 1345 4959 γὰρ
1388 4884 1484 4940 τοῦ
1528 4881 1744 4954 καρποῦ

150 4992 218 5045 τὸ
250 4990 472 5062 δένδρον
514 4988 866 5058 γινώσκεται.
921 4983 996 5040 Οὐ
1043 4982 1153 5053 γὰρ
1180 4980 1238 5048 ἐξ
1272 4977 1525 5034 ἀκανθῶν
1555 4975 1745 5030 συλλέ-

155 5084 316 5151 ξουσι
342 5082 505 5147 σῦκα,
535 5080 657 5136 οὐδὲ
692 5082 757 5134 ὲκ
780 5079 943 5150 βάτου
976 5075 1219 5150 τρυγῶσι
1250 5073 1546 5144 σταφυλήν.
1580 5089 1601 5124 ι

236 5197 256 5230 ο
301 5177 385 5231 Τά
408 5176 614 5247 ὀψώνια
644 5176 741 5247 τῆς
768 5172 1062 5245 ἁμαρτίας,
1098 5171 1347 5233 θάνατος.
1390 5186 1408 5219 ι

237 5293 258 5324 ι
305 5270 374 5325 Ἦ
398 5268 665 5341 ἐπιθυμία
697 5266 1040 5322 συλλαϐοῦσα
1068 5264 1242 5318 τίκτει
1282 5260 1646 5333 ἁμαρτίαν’ή
1689 5258 1745 5312 δὲ

156 5365 416 5437 ἁμαρτία
453 5360 894 5426 ἀποτελεσθεῖσα,
927 5356 1159 5413 ἀποκύει
1190 5355 1442 5410 θάνατον.
1474 5372 1493 5405 ι

1857 3474 1863 3490 ’
1919 3495 2121 3563 Matth,
2151 3513 2273 3557 xui.
2301 3497 2392 3559 40,
2426 3497 2517 3553 41.
2547 3526 2620 3539 --
2654 3516 2673 3550 ι
2710 3497 2867 3555 Sicut
2909 3500 3253 3572 colliguntur
3280 3503 3432 3560 ziza‘

1848 3587 1962 3652 nia,
1991 3598 2045 3641 et
2086 3588 2200 3657 igni
2239 3588 2663 3656 comburuntur,
2714 3592 2796 3645 sic
2823 3592 2931 3645 erit
2967 3593 3023 3646 in
3065 3607 3430 3650 consumma-

1848 3682 1997 3735 tione
2027 3680 2214 3735 smculi
2245 3679 2439 3749 hujus.
2483 3679 2659 3735 llittet
2692 3679 2868 3737 Filius
2907 3683 3155 3739 hominis
3196 3688 3427 3756 angelos

1846 3788 2000 3839 suos,
2029 3780 2086 3828 et
2123 3772 2388 3842 colligent
2441 3788 2509 3827 ex
2552 3788 2729 3844 regno
2772 3773 2894 3842 ejus
2922 3776 3209 3838 scandala,
3242 3784 3299 3831 et
3326 3792 3425 3833 eos

1844 3867 1939 3938 qui
1983 3866 2195 3921 faciunt
2241 3865 2620 3935 iniquitatem,
2661 3873 2715 3920 et
2749 3867 2973 3921 mittent
3020 3883 3116 3923 eos
3156 3870 3211 3923 in
3246 3871 3426 3924 cami-

1846 3974 1975 4014 num
2006 3957 2173 4029 ignis.
2203 3956 2282 4012 ibi
2313 3958 2421 4014 erit
2451 3956 2611 4013 fletus
2640 3966 2694 4013 et
2720 3959 2924 4015 stridor
2948 3958 3220 4020 dctttium.
3258 3981 3278 4014 ι

1916 4135 2115 4191 Matth.
2163 4150 2293 4199 xxv,
2335 4134 2427 4189 ιι.
2452 4169 2522 4179 -
2556 4155 2575 4187 ι
2610 4117 2768 4191 Tunc
2797 4122 2945 4192 dicet
2978 4153 3073 4193 rex
3104 4144 3158 4191 et
3205 4138 3292 4192 his
3324 4138 3423 4210 qui

1844 4246 1875 4286 a
1914 4230 2158 4288 sinistris
2222 4239 2425 4283 erunt:
2490 4229 2765 4284 Discedite
2793 4244 2823 4283 a
2885 4244 2992 4296 me,
3033 4229 3334 4295 maledicti,
3367 4231 3422 4284 in

1846 4323 2029 4396 ignem
2070 4330 2365 4388 aeternum,
2400 4322 2493 4392 qui
2538 4329 2769 4393 paratus
2804 4333 2890 4377 est
2928 4322 3151 4377 diabolo
3180 4330 3235 4378 et
3264 4338 3426 4394 ange-

1773 4412 1819 4467 D
1847 4417 1917 4473 iis
1948 4416 2088 4487 ejus.
2132 4435 2151 4467 ι

1920 4509 2047 4564 Luc.
2080 4527 2157 4577 vr,
2188 4510 2282 4577 45,
2325 4510 2415 4566 ιδ.
2445 4537 2516 4550 —-
2548 4526 2566 4559 ι
2612 4506 2789 4561 Malus
2814 4507 2981 4562 homo
3009 4508 3079 4563 de
3119 4507 3265 4561 malo
3300 4506 3421 4563 the'

1844 4618 2016 4658 sauro
2065 4602 2256 4660 cordis
2315 4601 2528 4672 profert
2577 4599 2744 4653 mala.
2794 4597 2931 4652 Nam
2992 4616 3056 4655 ex
3083 4599 3421 4654 abundantia

1843 4694 2028 4749 cordis
2066 4709 2129 4750 os
2170 4693 2442 4765 loquitur.
2478 4690 2595 4744 Non
2621 4697 2705 4744 est
2744 4689 2887 4744 bona
2931 4691 3098 4745 arbor
3129 4707 3252 4762 qua:
3290 4692 3424 4746 facit

1844 4787 2087 4841 fructum
2129 4788 2380 4843 malum:
2427 4800 2607 4853 neque
2654 4782 2820 4837 arbor
2854 4782 3019 4847 mala,
3057 4781 3267 4839 faciens
3308 4784 3424 4838 l'ru-

1844 4884 1994 4931 ctum
2026 4878 2251 4932 bonum.
2299 4870 2379 4932 Ex
2413 4876 2599 4931 fructu
2649 4872 2798 4928 enim
2832 4871 3001 4927 arbor
3040 4874 3419 4943 cognoscitur.
3500 4882 3503 4883 '

1843 4967 1961 5026 Non
1987 4971 2132 5027 enim
2165 4971 2233 5026 de
2261 4970 2436 5042 spinis
2473 4969 2736 5038 colligent
2782 4966 2944 5032 licus,
2984 4982 3164 5037 neque
3189 4966 3257 5022 de
3283 4968 3423 5022 rubo

1844 5077 1980 5118 uvas
2013 5063 2378 5118 vindemiant.
2416 5080 2435 5114 ι

1915 5151 2071 5208 Rom.
2107 5169 2184 5219 vi,
2210 5153 2303 5209 25.
2330 5170 2449 5219 -—,«
2489 5148 2774 5221 Stipendia
2802 5145 3017 5218 p'eccati
3047 5162 3215 5202 mors.
3257 5165 3276 5198 ι

1912 5243 2037 5299 Jac.
2064 5261 2106 5309 ι,
2157 5245 2246 5300 i5.
2276 5274 2348 5284 —
2372 5262 2390 5295 ι
2428 5241 2899 5311 Concupiscentia
2925 5254 3049 5294 cum
3083 5238 3417 5308 conceperit,

1842 5339 1987 5408 parit
2027 5346 2340 5408 peccatum.
2369 5336 2664 5391 Peccatum
2698 5341 2878 5389 autem
2903 5347 3030 5387 cum
3065 5345 3419 5387 consumma-

1846 5441 1962 5486 tum
1999 5431 2189 5496 fuerit,
2221 5438 2449 5503 generat
2483 5434 2737 5483 mortem.
2772 5444 2793 5478 ι

1435 5568 1671 5672 varius
1712 5598 2120 5668 LECTIONES.

240 5748 256 5787 ί
290 5744 353 5798 ln
393 5743 534 5811 Bup.
566 5741 649 5796 lit.
670 5758 745 5811 fit.
793 5739 880 5811 tit.
921 5734 1012 5799 27,
1049 5729 1476 5811 cgeplnqupiiw
1512 5728 1619 5811 καὶ
1644 5718 1879 5811 ἀσεϐῶν,
1908 5727 2001 5809 καὶ
2030 5726 2394 5799 ἁμαρτωλῶν,
2432 5726 2524 5785 hic
2562 5726 2720 5784 locus
2749 5731 3053 5798 cxcerptus
3084 5722 3315 5793 dicunt,
3345 5703 3413 5777 εκ

159 5815 260 5890 τῆς
289 5796 576 5881 ἐόΰάγίυυ
606 5809 817 5880 Πέτρου
842 5796 1221 5868 δικασκαλίας.
1249 5796 1547 5858 Ex'sancti
1574 5796 1722 5853 Petri
1753 5797 2019 5852 doctrina.
