  <div class='ocr_page' id='page_1' title='image "/cluster/home/n/w/nwhite01/storage/ocr_20150623/95/hvd.32044019208057/585.png"; bbox 0 0 4024 6420; ppageno 0'>
   <div class='ocr_carea' id='block_1_1' title="bbox 636 334 771 403">
    <p class='ocr_par' dir='ltr' id='par_1_1' title="bbox 636 334 771 403">
     <span class='ocr_line' id='line_1_1' title="bbox 636 334 771 403; baseline 0.015 -4"><span class='ocrx_word' id='word_1_1' title='bbox 636 334 771 403; x_wconf 76' lang='grc'><strong>1159</strong></span> 
     </span>
    </p>
   </div>
   <div class='ocr_carea' id='block_1_2' title="bbox 1811 337 2683 399">
    <p class='ocr_par' dir='ltr' id='par_1_2' title="bbox 1811 337 2683 399">
     <span class='ocr_line' id='line_1_2' title="bbox 1811 337 2683 399; baseline 0.001 -1"><span class='ocrx_word' id='word_1_2' title='bbox 1811 338 1871 398; x_wconf 88' lang='lat' dir='ltr'><strong>S.</strong></span> <span class='ocrx_word' id='word_1_3' title='bbox 1910 337 2230 398; x_wconf 83' lang='lat' dir='ltr'><strong>JOANNIS</strong></span> <span class='ocrx_word' id='word_1_4' title='bbox 2260 337 2683 399; x_wconf 76' lang='lat' dir='ltr'><strong>DAMASCENI</strong></span> 
     </span>
    </p>
   </div>
   <div class='ocr_carea' id='block_1_3' title="bbox 3724 341 3848 412">
    <p class='ocr_par' dir='ltr' id='par_1_3' title="bbox 3724 341 3848 412">
     <span class='ocr_line' id='line_1_3' title="bbox 3724 341 3848 412; baseline 0.048 -6"><span class='ocrx_word' id='word_1_5' title='bbox 3724 341 3848 412; x_wconf 69' lang='lat'><strong>1160</strong></span> 
     </span>
    </p>
   </div>
   <div class='ocr_carea' id='block_1_4' title="bbox 699 443 2180 521">
    <p class='ocr_par' dir='ltr' id='par_1_4' title="bbox 699 443 2180 515">
     <span class='ocr_line' id='line_1_4' title="bbox 699 443 2180 515; baseline 0 -15"><span class='ocrx_word' id='word_1_6' title='bbox 699 446 866 502; x_wconf 82' lang='lat' dir='ltr'><strong>Joan.</strong></span> <span class='ocrx_word' id='word_1_7' title='bbox 898 460 951 512; x_wconf 90' lang='lat' dir='ltr'><strong>v,</strong></span> <span class='ocrx_word' id='word_1_8' title='bbox 981 444 1035 500; x_wconf 89' lang='grc'><strong>8.</strong></span> <span class='ocrx_word' id='word_1_9' title='bbox 1058 473 1128 485; x_wconf 92' lang='lat'><strong>—-</strong></span> <span class='ocrx_word' id='word_1_10' title='bbox 1148 463 1167 496; x_wconf 79' lang='grc' dir='ltr'><strong>ι</strong></span> <span class='ocrx_word' id='word_1_11' title='bbox 1195 444 1303 511; x_wconf 87' lang='lat' dir='ltr'><strong>Qui</strong></span> <span class='ocrx_word' id='word_1_12' title='bbox 1351 443 1486 498; x_wconf 78' lang='lat' dir='ltr'><strong>facit</strong></span> <span class='ocrx_word' id='word_1_13' title='bbox 1536 454 1846 515; x_wconf 88' lang='lat' dir='ltr'><strong>peccatum,</strong></span> <span class='ocrx_word' id='word_1_14' title='bbox 1877 462 1945 501; x_wconf 83' lang='lat' dir='ltr'><strong>ex</strong></span> <span class='ocrx_word' id='word_1_15' title='bbox 1975 446 2180 502; x_wconf 73' lang='lat' dir='ltr'><strong>diabolt</strong></span> 
     </span>
    </p>
   </div>
   <div class='ocr_carea' id='block_1_5' title="bbox 2281 443 3844 521">
    <p class='ocr_par' dir='ltr' id='par_1_5' title="bbox 2373 449 3844 521">
     <span class='ocr_line' id='line_1_5' title="bbox 2373 449 3844 521; baseline 0.008 -21"><span class='ocrx_word' id='word_1_16' title='bbox 2373 465 2392 500; x_wconf 84' lang='grc' dir='ltr'><strong>ι</strong></span> <span class='ocrx_word' id='word_1_17' title='bbox 2440 449 2499 502; x_wconf 88' lang='lat'><strong>&#39;0</strong></span> <span class='ocrx_word' id='word_1_18' title='bbox 2525 449 2691 503; x_wconf 79' lang='grc' dir='ltr'><strong>ποιῶν</strong></span> <span class='ocrx_word' id='word_1_19' title='bbox 2725 450 2823 519; x_wconf 76' lang='grc' dir='ltr'><strong>τὴν</strong></span> <span class='ocrx_word' id='word_1_20' title='bbox 2856 450 3152 521; x_wconf 75' lang='grc' dir='ltr'><strong>ἁμαρτίαν,</strong></span> <span class='ocrx_word' id='word_1_21' title='bbox 3180 451 3245 506; x_wconf 79' lang='grc' dir='ltr'><strong>ἐκ</strong></span> <span class='ocrx_word' id='word_1_22' title='bbox 3275 450 3371 506; x_wconf 91' lang='grc' dir='ltr'><strong>τοῦ</strong></span> <span class='ocrx_word' id='word_1_23' title='bbox 3408 452 3660 507; x_wconf 77' lang='grc' dir='ltr'><strong>διαδόλου</strong></span> <span class='ocrx_word' id='word_1_24' title='bbox 3692 456 3844 516; x_wconf 56' lang='lat' dir='ltr'><strong>tam.</strong></span> 
     </span>
    </p>
   </div>
   <div class='ocr_carea' id='block_1_6' title="bbox 629 530 1907 604">
    <p class='ocr_par' dir='ltr' id='par_1_6' title="bbox 629 530 1907 604">
     <span class='ocr_line' id='line_1_6' title="bbox 629 530 1907 604; baseline -0.003 -13"><span class='ocrx_word' id='word_1_25' title='bbox 629 543 741 601; x_wconf 81' lang='lat' dir='ltr'><strong>est;</strong></span> <span class='ocrx_word' id='word_1_26' title='bbox 773 533 1032 603; x_wconf 83' lang='lat' dir='ltr'><strong>quoniam</strong></span> <span class='ocrx_word' id='word_1_27' title='bbox 1065 533 1133 586; x_wconf 82' lang='lat' dir='ltr'><strong>ab</strong></span> <span class='ocrx_word' id='word_1_28' title='bbox 1173 533 1331 587; x_wconf 68' lang='lat' dir='ltr'><strong>initio</strong></span> <span class='ocrx_word' id='word_1_29' title='bbox 1360 530 1619 589; x_wconf 80' lang='lat' dir='ltr'><strong>diabolus</strong></span> <span class='ocrx_word' id='word_1_30' title='bbox 1643 543 1852 604; x_wconf 85' lang='lat' dir='ltr'><strong>peccat.</strong></span> <span class='ocrx_word' id='word_1_31' title='bbox 1890 553 1907 587; x_wconf 83' lang='grc' dir='ltr'><strong>ι</strong></span> 
     </span>
    </p>
   </div>
   <div class='ocr_carea' id='block_1_7' title="bbox 702 623 2201 694">
    <p class='ocr_par' dir='ltr' id='par_1_7' title="bbox 702 623 2201 694">
     <span class='ocr_line' id='line_1_7' title="bbox 702 623 2201 694; baseline 0.001 -15"><span class='ocrx_word' id='word_1_32' title='bbox 702 623 733 679; x_wconf 85' lang='grc' dir='ltr'><strong><em>Ι</em></strong></span> <span class='ocrx_word' id='word_1_33' title='bbox 770 623 909 678; x_wconf 85' lang='lat' dir='ltr'><strong>Tim.</strong></span> <span class='ocrx_word' id='word_1_34' title='bbox 940 640 995 687; x_wconf 88' lang='lat' dir='ltr'><strong>v,</strong></span> <span class='ocrx_word' id='word_1_35' title='bbox 1045 624 1133 680; x_wconf 74' lang='lat' dir='ltr'><strong>H‘.</strong></span> <span class='ocrx_word' id='word_1_36' title='bbox 1163 655 1228 667; x_wconf 91' lang='grc'><strong><em>-</em></strong></span> <span class='ocrx_word' id='word_1_37' title='bbox 1255 642 1274 675; x_wconf 84' lang='grc' dir='ltr'><strong>ι</strong></span> <span class='ocrx_word' id='word_1_38' title='bbox 1313 623 1689 689; x_wconf 86' lang='lat' dir='ltr'><strong>Quorumdam</strong></span> <span class='ocrx_word' id='word_1_39' title='bbox 1746 633 1976 694; x_wconf 87' lang='lat' dir='ltr'><strong>peccata</strong></span> <span class='ocrx_word' id='word_1_40' title='bbox 2012 626 2201 682; x_wconf 76' lang='lat' dir='ltr'><strong>Inani-</strong></span> 
     </span>
    </p>
   </div>
   <div class='ocr_carea' id='block_1_8' title="bbox 632 717 2200 792">
    <p class='ocr_par' dir='ltr' id='par_1_8' title="bbox 632 717 2200 792">
     <span class='ocr_line' id='line_1_8' title="bbox 632 717 2200 792; baseline -0.001 -16"><span class='ocrx_word' id='word_1_41' title='bbox 632 722 770 779; x_wconf 77' lang='lat' dir='ltr'><strong>lesta</strong></span> <span class='ocrx_word' id='word_1_42' title='bbox 818 732 970 787; x_wconf 89' lang='lat' dir='ltr'><strong>sunt,</strong></span> <span class='ocrx_word' id='word_1_43' title='bbox 1027 722 1395 792; x_wconf 67' lang='lat' dir='ltr'><strong>praecedentia</strong></span> <span class='ocrx_word' id='word_1_44' title='bbox 1447 720 1515 775; x_wconf 89' lang='lat' dir='ltr'><strong>ad</strong></span> <span class='ocrx_word' id='word_1_45' title='bbox 1556 717 1873 790; x_wconf 84' lang='lat' dir='ltr'><strong>judicium:</strong></span> <span class='ocrx_word' id='word_1_46' title='bbox 1933 734 2200 789; x_wconf 86' lang='lat' dir='ltr'><strong>quorum-</strong></span> 
     </span>
    </p>
   </div>
   <div class='ocr_carea' id='block_1_9' title="bbox 629 814 1579 881">
    <p class='ocr_par' dir='ltr' id='par_1_9' title="bbox 629 814 1579 881">
     <span class='ocr_line' id='line_1_9' title="bbox 629 814 1579 881; baseline -0.006 -11"><span class='ocrx_word' id='word_1_47' title='bbox 629 816 754 871; x_wconf 89' lang='lat' dir='ltr'><strong>dam</strong></span> <span class='ocrx_word' id='word_1_48' title='bbox 784 824 968 875; x_wconf 88' lang='lat' dir='ltr'><strong>autem</strong></span> <span class='ocrx_word' id='word_1_49' title='bbox 1002 825 1058 870; x_wconf 91' lang='lat' dir='ltr'><strong>et</strong></span> <span class='ocrx_word' id='word_1_50' title='bbox 1087 814 1522 881; x_wconf 88' lang='lat' dir='ltr'><strong>subsequuntur.</strong></span> <span class='ocrx_word' id='word_1_51' title='bbox 1558 828 1579 864; x_wconf 75' lang='grc' dir='ltr'><strong>ι</strong></span> 
     </span>
    </p>
   </div>
   <div class='ocr_carea' id='block_1_10' title="bbox 700 900 2198 961">
    <p class='ocr_par' dir='ltr' id='par_1_10' title="bbox 700 900 2198 961">
     <span class='ocr_line' id='line_1_10' title="bbox 700 900 2198 961; baseline -0.001 -1"><span class='ocrx_word' id='word_1_52' title='bbox 700 906 876 961; x_wconf 81' lang='lat' dir='ltr'><strong>Basil.</strong></span> <span class='ocrx_word' id='word_1_53' title='bbox 902 909 958 960; x_wconf 85' lang='lat' dir='ltr'><strong>in</strong></span> <span class='ocrx_word' id='word_1_54' title='bbox 989 905 1239 961; x_wconf 77' lang='lat' dir='ltr'><strong>Carn.——</strong></span> <span class='ocrx_word' id='word_1_55' title='bbox 1260 902 1671 959; x_wconf 79' lang='lat' dir='ltr'><strong>Acerbissimus</strong></span> <span class='ocrx_word' id='word_1_56' title='bbox 1707 900 1987 958; x_wconf 74' lang='lat' dir='ltr'><strong>cruciatus</strong></span> <span class='ocrx_word' id='word_1_57' title='bbox 2010 907 2096 958; x_wconf 88' lang='lat' dir='ltr'><strong>est</strong></span> <span class='ocrx_word' id='word_1_58' title='bbox 2127 901 2198 958; x_wconf 86' lang='lat' dir='ltr'><strong>iis</strong></span> 
     </span>
    </p>
   </div>
   <div class='ocr_carea' id='block_1_11' title="bbox 629 996 1637 1071">
    <p class='ocr_par' dir='ltr' id='par_1_11' title="bbox 629 996 1637 1071">
     <span class='ocr_line' id='line_1_11' title="bbox 629 996 1637 1071; baseline -0.001 -17"><span class='ocrx_word' id='word_1_59' title='bbox 629 1000 722 1071; x_wconf 83' lang='lat' dir='ltr'><strong>qui</strong></span> <span class='ocrx_word' id='word_1_60' title='bbox 755 1010 898 1055; x_wconf 89' lang='lat' dir='ltr'><strong>recte</strong></span> <span class='ocrx_word' id='word_1_61' title='bbox 927 1000 1168 1071; x_wconf 88' lang='lat' dir='ltr'><strong>sapiunt,</strong></span> <span class='ocrx_word' id='word_1_62' title='bbox 1202 1013 1233 1053; x_wconf 88' lang='lat' dir='ltr'><strong>a</strong></span> <span class='ocrx_word' id='word_1_63' title='bbox 1261 997 1370 1053; x_wconf 88' lang='lat' dir='ltr'><strong>Deo</strong></span> <span class='ocrx_word' id='word_1_64' title='bbox 1398 996 1637 1069; x_wconf 75' lang='lat' dir='ltr'><strong>seiungi.</strong></span> 
     </span>
    </p>
   </div>
   <div class='ocr_carea' id='block_1_12' title="bbox 699 1089 2199 1161">
    <p class='ocr_par' dir='ltr' id='par_1_12' title="bbox 699 1089 2199 1161">
     <span class='ocr_line' id='line_1_12' title="bbox 699 1089 2199 1161; baseline -0.001 -15"><span class='ocrx_word' id='word_1_65' title='bbox 699 1091 970 1161; x_wconf 76' lang='lat' dir='ltr'><strong>Ejusdem.</strong></span> <span class='ocrx_word' id='word_1_66' title='bbox 999 1120 1071 1130; x_wconf 96' lang='lat'><strong><em>—</em></strong></span> <span class='ocrx_word' id='word_1_67' title='bbox 1100 1089 1359 1160; x_wconf 87' lang='lat' dir='ltr'><strong>Impietas</strong></span> <span class='ocrx_word' id='word_1_68' title='bbox 1396 1089 1621 1160; x_wconf 86' lang='lat' dir='ltr'><strong>proprie</strong></span> <span class='ocrx_word' id='word_1_69' title='bbox 1663 1089 1975 1161; x_wconf 73' lang='lat' dir='ltr'><strong>appellatur</strong></span> <span class='ocrx_word' id='word_1_70' title='bbox 2001 1101 2199 1158; x_wconf 86' lang='lat' dir='ltr'><strong>pecca-</strong></span> 
     </span>
    </p>
   </div>
   <div class='ocr_carea' id='block_1_13' title="bbox 627 1170 1657 1254">
    <p class='ocr_par' dir='ltr' id='par_1_13' title="bbox 627 1170 1657 1254">
     <span class='ocr_line' id='line_1_13' title="bbox 627 1170 1657 1254; baseline -0.001 -17"><span class='ocrx_word' id='word_1_71' title='bbox 627 1170 765 1248; x_wconf 82' lang='lat' dir='ltr'><strong>tum,</strong></span> <span class='ocrx_word' id='word_1_72' title='bbox 798 1183 946 1254; x_wconf 82' lang='lat' dir='ltr'><strong>quod</strong></span> <span class='ocrx_word' id='word_1_73' title='bbox 982 1182 1037 1236; x_wconf 92' lang='lat' dir='ltr'><strong>in</strong></span> <span class='ocrx_word' id='word_1_74' title='bbox 1066 1180 1236 1251; x_wconf 87' lang='lat' dir='ltr'><strong>Deum</strong></span> <span class='ocrx_word' id='word_1_75' title='bbox 1265 1182 1657 1237; x_wconf 73' lang='lat' dir='ltr'><strong>committitur.</strong></span> 
     </span>
    </p>
   </div>
   <div class='ocr_carea' id='block_1_14' title="bbox 700 1272 2194 1347">
    <p class='ocr_par' dir='ltr' id='par_1_14' title="bbox 700 1272 2194 1347">
     <span class='ocr_line' id='line_1_14' title="bbox 700 1272 2194 1347; baseline 0.001 -20"><span class='ocrx_word' id='word_1_76' title='bbox 700 1274 842 1329; x_wconf 85' lang='lat' dir='ltr'><strong>Fieri</strong></span> <span class='ocrx_word' id='word_1_77' title='bbox 882 1288 990 1328; x_wconf 89' lang='lat' dir='ltr'><strong>non</strong></span> <span class='ocrx_word' id='word_1_78' title='bbox 1033 1281 1237 1344; x_wconf 86' lang='lat' dir='ltr'><strong>potest,</strong></span> <span class='ocrx_word' id='word_1_79' title='bbox 1278 1274 1338 1327; x_wconf 85' lang='lat' dir='ltr'><strong>ut</strong></span> <span class='ocrx_word' id='word_1_80' title='bbox 1384 1274 1527 1347; x_wconf 80' lang='lat' dir='ltr'><strong>illia</strong></span> <span class='ocrx_word' id='word_1_81' title='bbox 1559 1280 1709 1330; x_wconf 90' lang='lat' dir='ltr'><strong>recta</strong></span> <span class='ocrx_word' id='word_1_82' title='bbox 1760 1288 1849 1329; x_wconf 90' lang='lat' dir='ltr'><strong>vIa</strong></span> <span class='ocrx_word' id='word_1_83' title='bbox 1882 1272 2194 1340; x_wconf 83' lang='lat' dir='ltr'><strong>deﬂectant,</strong></span> 
     </span>
    </p>
   </div>
   <div class='ocr_carea' id='block_1_15' title="bbox 625 1366 1947 1439">
    <p class='ocr_par' dir='ltr' id='par_1_15' title="bbox 625 1366 1947 1439">
     <span class='ocr_line' id='line_1_15' title="bbox 625 1366 1947 1439; baseline -0.002 -16"><span class='ocrx_word' id='word_1_84' title='bbox 625 1384 859 1439; x_wconf 88' lang='lat' dir='ltr'><strong>quorum</strong></span> <span class='ocrx_word' id='word_1_85' title='bbox 898 1368 1071 1423; x_wconf 88' lang='lat' dir='ltr'><strong>animi</strong></span> <span class='ocrx_word' id='word_1_86' title='bbox 1102 1367 1381 1423; x_wconf 89' lang='lat' dir='ltr'><strong>oblivione</strong></span> <span class='ocrx_word' id='word_1_87' title='bbox 1410 1366 1502 1422; x_wconf 87' lang='lat' dir='ltr'><strong>Dei</strong></span> <span class='ocrx_word' id='word_1_88' title='bbox 1537 1382 1645 1422; x_wconf 92' lang='lat' dir='ltr'><strong>non</strong></span> <span class='ocrx_word' id='word_1_89' title='bbox 1671 1366 1947 1422; x_wconf 85' lang='lat' dir='ltr'><strong>laborant.</strong></span> 
     </span>
    </p>
   </div>
   <div class='ocr_carea' id='block_1_16' title="bbox 696 1457 2196 1530">
    <p class='ocr_par' dir='ltr' id='par_1_16' title="bbox 696 1457 2196 1530">
     <span class='ocr_line' id='line_1_16' title="bbox 696 1457 2196 1530; baseline -0.001 -16"><span class='ocrx_word' id='word_1_90' title='bbox 696 1460 770 1515; x_wconf 82' lang='lat' dir='ltr'><strong>Ne</strong></span> <span class='ocrx_word' id='word_1_91' title='bbox 833 1459 960 1530; x_wconf 87' lang='lat' dir='ltr'><strong>quis</strong></span> <span class='ocrx_word' id='word_1_92' title='bbox 1010 1474 1204 1515; x_wconf 90' lang='lat' dir='ltr'><strong>eorum</strong></span> <span class='ocrx_word' id='word_1_93' title='bbox 1244 1458 1341 1529; x_wconf 89' lang='lat' dir='ltr'><strong>qui</strong></span> <span class='ocrx_word' id='word_1_94' title='bbox 1391 1472 1590 1528; x_wconf 89' lang='lat' dir='ltr'><strong>pravas</strong></span> <span class='ocrx_word' id='word_1_95' title='bbox 1624 1458 1692 1515; x_wconf 90' lang='lat' dir='ltr'><strong>de</strong></span> <span class='ocrx_word' id='word_1_96' title='bbox 1741 1457 1854 1513; x_wconf 91' lang='lat' dir='ltr'><strong>Deo</strong></span> <span class='ocrx_word' id='word_1_97' title='bbox 1904 1458 2196 1529; x_wconf 87' lang='lat' dir='ltr'><strong>opiniones</strong></span> 
     </span>
    </p>
   </div>
   <div class='ocr_carea' id='block_1_17' title="bbox 626 1544 2195 1617">
    <p class='ocr_par' dir='ltr' id='par_1_17' title="bbox 626 1544 2195 1617">
     <span class='ocr_line' id='line_1_17' title="bbox 626 1544 2195 1617; baseline -0.006 -9"><span class='ocrx_word' id='word_1_98' title='bbox 626 1559 836 1613; x_wconf 86' lang='lat' dir='ltr'><strong>tenent,</strong></span> <span class='ocrx_word' id='word_1_99' title='bbox 870 1548 1152 1604; x_wconf 82' lang='lat' dir='ltr'><strong>existimet</strong></span> <span class='ocrx_word' id='word_1_100' title='bbox 1188 1554 1448 1616; x_wconf 85' lang='lat' dir='ltr'><strong>acceptas</strong></span> <span class='ocrx_word' id='word_1_101' title='bbox 1491 1560 1617 1602; x_wconf 89' lang='lat' dir='ltr'><strong>esse</strong></span> <span class='ocrx_word' id='word_1_102' title='bbox 1660 1544 1852 1602; x_wconf 89' lang='lat' dir='ltr'><strong>laudes</strong></span> <span class='ocrx_word' id='word_1_103' title='bbox 1881 1560 2020 1617; x_wconf 85' lang='lat' dir='ltr'><strong>quas</strong></span> <span class='ocrx_word' id='word_1_104' title='bbox 2046 1545 2195 1616; x_wconf 89' lang='lat' dir='ltr'><strong>psal-</strong></span> 
     </span>
    </p>
   </div>
   <div class='ocr_carea' id='block_1_18' title="bbox 624 1636 1566 1708">
    <p class='ocr_par' dir='ltr' id='par_1_18' title="bbox 624 1636 1566 1708">
     <span class='ocr_line' id='line_1_18' title="bbox 624 1636 1566 1708; baseline -0.005 -11"><span class='ocrx_word' id='word_1_105' title='bbox 624 1657 839 1697; x_wconf 87' lang='lat' dir='ltr'><strong>morum</strong></span> <span class='ocrx_word' id='word_1_106' title='bbox 867 1649 1034 1695; x_wconf 89' lang='lat' dir='ltr'><strong>cantu</strong></span> <span class='ocrx_word' id='word_1_107' title='bbox 1065 1637 1181 1694; x_wconf 89' lang='lat' dir='ltr'><strong>Deo</strong></span> <span class='ocrx_word' id='word_1_108' title='bbox 1214 1636 1566 1708; x_wconf 87' lang='lat' dir='ltr'><strong>persolverit.</strong></span> 
     </span>
    </p>
   </div>
   <div class='ocr_carea' id='block_1_19' title="bbox 694 1728 2191 1801">
    <p class='ocr_par' dir='ltr' id='par_1_19' title="bbox 694 1728 2191 1801">
     <span class='ocr_line' id='line_1_19' title="bbox 694 1728 2191 1801; baseline -0.001 -16"><span class='ocrx_word' id='word_1_109' title='bbox 694 1732 888 1801; x_wconf 83' lang='lat' dir='ltr'><strong>Ejusd.</strong></span> <span class='ocrx_word' id='word_1_110' title='bbox 926 1730 1088 1787; x_wconf 85' lang='lat' dir='ltr'><strong>Hom.</strong></span> <span class='ocrx_word' id='word_1_111' title='bbox 1122 1729 1337 1785; x_wconf 80' lang='lat' dir='ltr'><strong>adhort.</strong></span> <span class='ocrx_word' id='word_1_112' title='bbox 1378 1729 1448 1783; x_wconf 86' lang='lat' dir='ltr'><strong>ad</strong></span> <span class='ocrx_word' id='word_1_113' title='bbox 1477 1728 1641 1800; x_wconf 84' lang='lat' dir='ltr'><strong>Bapt.</strong></span> <span class='ocrx_word' id='word_1_114' title='bbox 1674 1759 1747 1771; x_wconf 93' lang='lat'><strong><em>—</em></strong></span> <span class='ocrx_word' id='word_1_115' title='bbox 1776 1728 1871 1786; x_wconf 90' lang='lat' dir='ltr'><strong>Dei</strong></span> <span class='ocrx_word' id='word_1_116' title='bbox 1900 1728 2191 1800; x_wconf 78' lang='lat' dir='ltr'><strong>ignoratio,</strong></span> 
     </span>
    </p>
   </div>
   <div class='ocr_carea' id='block_1_20' title="bbox 628 1823 1141 1878">
    <p class='ocr_par' dir='ltr' id='par_1_20' title="bbox 628 1823 1141 1878">
     <span class='ocr_line' id='line_1_20' title="bbox 628 1823 1141 1878; baseline 0 -1"><span class='ocrx_word' id='word_1_117' title='bbox 628 1838 778 1878; x_wconf 89' lang='lat' dir='ltr'><strong>mors</strong></span> <span class='ocrx_word' id='word_1_118' title='bbox 802 1830 889 1877; x_wconf 88' lang='lat' dir='ltr'><strong>est</strong></span> <span class='ocrx_word' id='word_1_119' title='bbox 925 1823 1141 1877; x_wconf 75' lang='lat' dir='ltr'><strong>animae.</strong></span> 
     </span>
    </p>
   </div>
   <div class='ocr_carea' id='block_1_21' title="bbox 694 1910 2195 1971">
    <p class='ocr_par' dir='ltr' id='par_1_21' title="bbox 694 1910 2195 1971">
     <span class='ocr_line' id='line_1_21' title="bbox 694 1910 2195 1971; baseline -0.005 0"><span class='ocrx_word' id='word_1_120' title='bbox 694 1915 797 1971; x_wconf 89' lang='lat' dir='ltr'><strong>Cui</strong></span> <span class='ocrx_word' id='word_1_121' title='bbox 826 1914 948 1969; x_wconf 72' lang='lat' dir='ltr'><strong>vae?</strong></span> <span class='ocrx_word' id='word_1_122' title='bbox 988 1914 1078 1969; x_wconf 88' lang='lat' dir='ltr'><strong>cui</strong></span> <span class='ocrx_word' id='word_1_123' title='bbox 1129 1913 1457 1968; x_wconf 79' lang='lat' dir='ltr'><strong>tribulatio?</strong></span> <span class='ocrx_word' id='word_1_124' title='bbox 1504 1912 1593 1967; x_wconf 92' lang='lat' dir='ltr'><strong>cui</strong></span> <span class='ocrx_word' id='word_1_125' title='bbox 1642 1911 1898 1966; x_wconf 82' lang='lat' dir='ltr'><strong>anxietas</strong></span> <span class='ocrx_word' id='word_1_126' title='bbox 1935 1910 2104 1964; x_wconf 91' lang='lat' dir='ltr'><strong>animi</strong></span> <span class='ocrx_word' id='word_1_127' title='bbox 2138 1916 2195 1964; x_wconf 92' lang='lat' dir='ltr'><strong>et</strong></span> 
     </span>
    </p>
   </div>
   <div class='ocr_carea' id='block_1_22' title="bbox 624 2000 2191 2072">
    <p class='ocr_par' dir='ltr' id='par_1_22' title="bbox 624 2000 2191 2072">
     <span class='ocr_line' id='line_1_22' title="bbox 624 2000 2191 2072; baseline -0.003 -12"><span class='ocrx_word' id='word_1_128' title='bbox 624 2007 899 2062; x_wconf 66' lang='lat' dir='ltr'><strong>tenebrae?</strong></span> <span class='ocrx_word' id='word_1_129' title='bbox 930 2003 1017 2060; x_wconf 93' lang='lat' dir='ltr'><strong>cui</strong></span> <span class='ocrx_word' id='word_1_130' title='bbox 1047 2012 1255 2058; x_wconf 65' lang='lat' dir='ltr'><strong>aeterna</strong></span> <span class='ocrx_word' id='word_1_131' title='bbox 1300 2002 1725 2059; x_wconf 80' lang='lat' dir='ltr'><strong>condemnatio?</strong></span> <span class='ocrx_word' id='word_1_132' title='bbox 1772 2000 1963 2058; x_wconf 85' lang='lat' dir='ltr'><strong>Nonne</strong></span> <span class='ocrx_word' id='word_1_133' title='bbox 1996 2002 2066 2057; x_wconf 89' lang='lat' dir='ltr'><strong>iis</strong></span> <span class='ocrx_word' id='word_1_134' title='bbox 2097 2001 2191 2072; x_wconf 86' lang='lat' dir='ltr'><strong>qui</strong></span> 
     </span>
    </p>
   </div>
   <div class='ocr_carea' id='block_1_23' title="bbox 625 2092 2192 2168">
    <p class='ocr_par' dir='ltr' id='par_1_23' title="bbox 625 2092 2192 2168">
     <span class='ocr_line' id='line_1_23' title="bbox 625 2092 2192 2168; baseline -0.003 -17"><span class='ocrx_word' id='word_1_135' title='bbox 625 2114 654 2151; x_wconf 84' lang='lat' dir='ltr'><strong>a</strong></span> <span class='ocrx_word' id='word_1_136' title='bbox 714 2097 819 2153; x_wconf 85' lang='lat' dir='ltr'><strong>ﬁde</strong></span> <span class='ocrx_word' id='word_1_137' title='bbox 863 2095 1237 2157; x_wconf 83' lang='lat' dir='ltr'><strong>desciverunt,</strong></span> <span class='ocrx_word' id='word_1_138' title='bbox 1290 2110 1524 2166; x_wconf 88' lang='lat' dir='ltr'><strong>eamque</strong></span> <span class='ocrx_word' id='word_1_139' title='bbox 1583 2094 1952 2168; x_wconf 75' lang='lat' dir='ltr'><strong>abjurarunt?</strong></span> <span class='ocrx_word' id='word_1_140' title='bbox 2001 2092 2192 2160; x_wconf 82' lang='lat' dir='ltr'><strong>Quod-</strong></span> 
     </span>
    </p>
   </div>
   <div class='ocr_carea' id='block_1_24' title="bbox 623 2184 2191 2257">
    <p class='ocr_par' dir='ltr' id='par_1_24' title="bbox 623 2184 2191 2257">
     <span class='ocr_line' id='line_1_24' title="bbox 623 2184 2191 2257; baseline -0.003 -14"><span class='ocrx_word' id='word_1_141' title='bbox 623 2204 750 2243; x_wconf 90' lang='lat' dir='ltr'><strong>nam</strong></span> <span class='ocrx_word' id='word_1_142' title='bbox 777 2195 957 2243; x_wconf 86' lang='lat' dir='ltr'><strong>autem</strong></span> <span class='ocrx_word' id='word_1_143' title='bbox 981 2187 1363 2257; x_wconf 86' lang='lat' dir='ltr'><strong>abnegationis</strong></span> <span class='ocrx_word' id='word_1_144' title='bbox 1387 2186 1657 2241; x_wconf 90' lang='lat' dir='ltr'><strong>indicium</strong></span> <span class='ocrx_word' id='word_1_145' title='bbox 1680 2196 1765 2242; x_wconf 89' lang='lat' dir='ltr'><strong>est</strong></span> <span class='ocrx_word' id='word_1_146' title='bbox 1785 2186 1807 2240; x_wconf 67' lang='grc' dir='ltr'><strong>’ἒ</strong></span> <span class='ocrx_word' id='word_1_147' title='bbox 1829 2186 2030 2240; x_wconf 81' lang='lat' dir='ltr'><strong>Annon</strong></span> <span class='ocrx_word' id='word_1_148' title='bbox 2062 2184 2191 2255; x_wconf 89' lang='lat' dir='ltr'><strong>quia</strong></span> 
     </span>
    </p>
   </div>
   <div class='ocr_carea' id='block_1_25' title="bbox 622 2277 2190 2350">
    <p class='ocr_par' dir='ltr' id='par_1_25' title="bbox 622 2277 2190 2350">
     <span class='ocr_line' id='line_1_25' title="bbox 622 2277 2190 2350; baseline -0.003 -13"><span class='ocrx_word' id='word_1_149' title='bbox 622 2281 1025 2337; x_wconf 81' lang='lat' dir='ltr'><strong>confessionem</strong></span> <span class='ocrx_word' id='word_1_150' title='bbox 1075 2294 1232 2336; x_wconf 90' lang='lat' dir='ltr'><strong>suam</strong></span> <span class='ocrx_word' id='word_1_151' title='bbox 1295 2278 1662 2350; x_wconf 76' lang='lat' dir='ltr'><strong>abjecerunt?</strong></span> <span class='ocrx_word' id='word_1_152' title='bbox 1710 2277 2190 2345; x_wconf 87' lang='lat' dir='ltr'><strong>Quemadmodum</strong></span> 
     </span>
    </p>
   </div>
   <div class='ocr_carea' id='block_1_26' title="bbox 621 2371 2193 2445">
    <p class='ocr_par' dir='ltr' id='par_1_26' title="bbox 621 2371 2193 2445">
     <span class='ocr_line' id='line_1_26' title="bbox 621 2371 2193 2445; baseline -0.003 -15"><span class='ocrx_word' id='word_1_153' title='bbox 621 2375 768 2430; x_wconf 77' lang='lat' dir='ltr'><strong>enim</strong></span> <span class='ocrx_word' id='word_1_154' title='bbox 796 2374 998 2430; x_wconf 65' lang='lat' dir='ltr'><strong>divina:</strong></span> <span class='ocrx_word' id='word_1_155' title='bbox 1026 2372 1154 2430; x_wconf 76' lang='lat' dir='ltr'><strong>ﬁdei</strong></span> <span class='ocrx_word' id='word_1_156' title='bbox 1183 2373 1467 2431; x_wconf 81' lang='lat' dir='ltr'><strong>confessio</strong></span> <span class='ocrx_word' id='word_1_157' title='bbox 1513 2375 1843 2445; x_wconf 87' lang='lat' dir='ltr'><strong>promissam</strong></span> <span class='ocrx_word' id='word_1_158' title='bbox 1878 2373 1982 2443; x_wconf 85' lang='lat' dir='ltr'><strong>piis</strong></span> <span class='ocrx_word' id='word_1_159' title='bbox 2021 2371 2193 2428; x_wconf 86' lang='lat' dir='ltr'><strong>beati-</strong></span> 
     </span>
    </p>
   </div>
   <div class='ocr_carea' id='block_1_27' title="bbox 622 2463 2193 2537">
    <p class='ocr_par' dir='ltr' id='par_1_27' title="bbox 622 2463 2193 2537">
     <span class='ocr_line' id='line_1_27' title="bbox 622 2463 2193 2537; baseline -0.003 -14"><span class='ocrx_word' id='word_1_160' title='bbox 622 2468 873 2523; x_wconf 87' lang='lat' dir='ltr'><strong>tudinem</strong></span> <span class='ocrx_word' id='word_1_161' title='bbox 923 2466 1222 2534; x_wconf 87' lang='lat' dir='ltr'><strong>conciliat;</strong></span> <span class='ocrx_word' id='word_1_162' title='bbox 1280 2468 1364 2523; x_wconf 84' lang='lat' dir='ltr'><strong>sic</strong></span> <span class='ocrx_word' id='word_1_163' title='bbox 1402 2465 1653 2537; x_wconf 88' lang='lat' dir='ltr'><strong>ejusdem</strong></span> <span class='ocrx_word' id='word_1_164' title='bbox 1699 2463 2193 2537; x_wconf 82' lang='lat' dir='ltr'><strong>inliciatioimpie-</strong></span> 
     </span>
    </p>
   </div>
   <div class='ocr_carea' id='block_1_28' title="bbox 623 2554 1805 2628">
    <p class='ocr_par' dir='ltr' id='par_1_28' title="bbox 623 2554 1805 2628">
     <span class='ocr_line' id='line_1_28' title="bbox 623 2554 1805 2628; baseline -0.003 -15"><span class='ocrx_word' id='word_1_165' title='bbox 623 2559 753 2614; x_wconf 86' lang='lat' dir='ltr'><strong>tatis</strong></span> <span class='ocrx_word' id='word_1_166' title='bbox 779 2572 953 2628; x_wconf 59' lang='lat' dir='ltr'><strong>paena:</strong></span> <span class='ocrx_word' id='word_1_167' title='bbox 971 2556 1274 2613; x_wconf 79' lang='lat' dir='ltr'><strong>obnoxium</strong></span> <span class='ocrx_word' id='word_1_168' title='bbox 1295 2556 1577 2612; x_wconf 85' lang='lat' dir='ltr'><strong>hominem</strong></span> <span class='ocrx_word' id='word_1_169' title='bbox 1602 2554 1805 2611; x_wconf 88' lang='lat' dir='ltr'><strong>reddit.</strong></span> 
     </span>
    </p>
   </div>
   <div class='ocr_carea' id='block_1_29' title="bbox 690 2646 2189 2719">
    <p class='ocr_par' dir='ltr' id='par_1_29' title="bbox 690 2646 2189 2719">
     <span class='ocr_line' id='line_1_29' title="bbox 690 2646 2189 2719; baseline 0 -16"><span class='ocrx_word' id='word_1_170' title='bbox 690 2649 886 2719; x_wconf 78' lang='lat' dir='ltr'><strong>Ejusd.</strong></span> <span class='ocrx_word' id='word_1_171' title='bbox 949 2651 1007 2703; x_wconf 82' lang='lat' dir='ltr'><strong>in</strong></span> <span class='ocrx_word' id='word_1_172' title='bbox 1072 2648 1213 2715; x_wconf 72' lang='grc' dir='ltr'><strong>ρειαί.</strong></span> <span class='ocrx_word' id='word_1_173' title='bbox 1278 2662 1477 2704; x_wconf 73' lang='lat' dir='ltr'><strong>xum.</strong></span> <span class='ocrx_word' id='word_1_174' title='bbox 1523 2678 1593 2689; x_wconf 93' lang='lat'><strong>—</strong></span> <span class='ocrx_word' id='word_1_175' title='bbox 1633 2648 1905 2702; x_wconf 90' lang='lat' dir='ltr'><strong>lmmittet</strong></span> <span class='ocrx_word' id='word_1_176' title='bbox 1958 2646 2189 2717; x_wconf 75' lang='lat' dir='ltr'><strong>angelus</strong></span> 
     </span>
    </p>
   </div>
   <div class='ocr_carea' id='block_1_30' title="bbox 621 2735 2186 2808">
    <p class='ocr_par' dir='ltr' id='par_1_30' title="bbox 621 2735 2186 2808">
     <span class='ocr_line' id='line_1_30' title="bbox 621 2735 2186 2808; baseline -0.002 -16"><span class='ocrx_word' id='word_1_177' title='bbox 621 2736 858 2793; x_wconf 84' lang='lat' dir='ltr'><strong>Domini.</strong></span> <span class='ocrx_word' id='word_1_178' title='bbox 892 2735 1162 2794; x_wconf 87' lang='lat' dir='ltr'><strong>Omnibus</strong></span> <span class='ocrx_word' id='word_1_179' title='bbox 1192 2736 1287 2808; x_wconf 90' lang='lat' dir='ltr'><strong>qui</strong></span> <span class='ocrx_word' id='word_1_180' title='bbox 1327 2735 1543 2792; x_wconf 90' lang='lat' dir='ltr'><strong>Domini</strong></span> <span class='ocrx_word' id='word_1_181' title='bbox 1574 2736 1735 2791; x_wconf 73' lang='lat' dir='ltr'><strong>[idem</strong></span> <span class='ocrx_word' id='word_1_182' title='bbox 1766 2735 2002 2807; x_wconf 81' lang='lat' dir='ltr'><strong>amplexi</strong></span> <span class='ocrx_word' id='word_1_183' title='bbox 2035 2742 2186 2800; x_wconf 90' lang='lat' dir='ltr'><strong>sunt,</strong></span> 
     </span>
    </p>
   </div>
   <div class='ocr_carea' id='block_1_31' title="bbox 619 2827 2189 2901">
    <p class='ocr_par' dir='ltr' id='par_1_31' title="bbox 619 2827 2189 2901">
     <span class='ocr_line' id='line_1_31' title="bbox 619 2827 2189 2901; baseline -0.001 -17"><span class='ocrx_word' id='word_1_184' title='bbox 619 2830 847 2901; x_wconf 78' lang='lat' dir='ltr'><strong>angelus</strong></span> <span class='ocrx_word' id='word_1_185' title='bbox 896 2829 1119 2884; x_wconf 88' lang='lat' dir='ltr'><strong>Domini</strong></span> <span class='ocrx_word' id='word_1_186' title='bbox 1160 2842 1381 2899; x_wconf 84' lang='lat' dir='ltr'><strong>semper</strong></span> <span class='ocrx_word' id='word_1_187' title='bbox 1430 2829 1689 2888; x_wconf 87' lang='lat' dir='ltr'><strong>assistit:</strong></span> <span class='ocrx_word' id='word_1_188' title='bbox 1745 2827 2047 2883; x_wconf 84' lang='lat' dir='ltr'><strong>dummodo</strong></span> <span class='ocrx_word' id='word_1_189' title='bbox 2089 2842 2189 2901; x_wconf 89' lang='lat' dir='ltr'><strong>per</strong></span> 
     </span>
    </p>
   </div>
   <div class='ocr_carea' id='block_1_32' title="bbox 618 2918 2188 2993">
    <p class='ocr_par' dir='ltr' id='par_1_32' title="bbox 618 2918 2188 2993">
     <span class='ocr_line' id='line_1_32' title="bbox 618 2918 2188 2993; baseline -0.002 -16"><span class='ocrx_word' id='word_1_190' title='bbox 618 2921 890 2993; x_wconf 70' lang='lat' dir='ltr'><strong>ﬂagitiosa</strong></span> <span class='ocrx_word' id='word_1_191' title='bbox 926 2934 1097 2991; x_wconf 89' lang='lat' dir='ltr'><strong>opera</strong></span> <span class='ocrx_word' id='word_1_192' title='bbox 1155 2920 1336 2991; x_wconf 86' lang='lat' dir='ltr'><strong>ipsum</strong></span> <span class='ocrx_word' id='word_1_193' title='bbox 1389 2920 1617 2976; x_wconf 89' lang='lat' dir='ltr'><strong>minime</strong></span> <span class='ocrx_word' id='word_1_194' title='bbox 1672 2919 2066 2990; x_wconf 86' lang='lat' dir='ltr'><strong>propellamus.</strong></span> <span class='ocrx_word' id='word_1_195' title='bbox 2118 2918 2188 2976; x_wconf 85' lang='lat' dir='ltr'><strong>Ut</strong></span> 
     </span>
    </p>
   </div>
   <div class='ocr_carea' id='block_1_33' title="bbox 616 3009 2181 3084">
    <p class='ocr_par' dir='ltr' id='par_1_33' title="bbox 616 3009 2181 3084">
     <span class='ocr_line' id='line_1_33' title="bbox 616 3009 2181 3084; baseline -0.001 -16"><span class='ocrx_word' id='word_1_196' title='bbox 616 3014 759 3068; x_wconf 89' lang='lat' dir='ltr'><strong>enim</strong></span> <span class='ocrx_word' id='word_1_197' title='bbox 792 3027 922 3084; x_wconf 89' lang='lat' dir='ltr'><strong>apes</strong></span> <span class='ocrx_word' id='word_1_198' title='bbox 958 3012 1145 3069; x_wconf 87' lang='lat' dir='ltr'><strong>fumus</strong></span> <span class='ocrx_word' id='word_1_199' title='bbox 1184 3011 1378 3083; x_wconf 78' lang='lat' dir='ltr'><strong>abigit,</strong></span> <span class='ocrx_word' id='word_1_200' title='bbox 1407 3020 1462 3068; x_wconf 89' lang='lat' dir='ltr'><strong>et</strong></span> <span class='ocrx_word' id='word_1_201' title='bbox 1491 3010 1695 3067; x_wconf 85' lang='lat' dir='ltr'><strong>fetidus</strong></span> <span class='ocrx_word' id='word_1_202' title='bbox 1727 3009 1864 3066; x_wconf 82' lang='lat' dir='ltr'><strong>odor</strong></span> <span class='ocrx_word' id='word_1_203' title='bbox 1891 3009 2181 3067; x_wconf 86' lang='lat' dir='ltr'><strong>columbas</strong></span> 
     </span>
    </p>
   </div>
   <div class='ocr_carea' id='block_1_34' title="bbox 617 3102 2182 3175">
    <p class='ocr_par' dir='ltr' id='par_1_34' title="bbox 617 3102 2182 3175">
     <span class='ocr_line' id='line_1_34' title="bbox 617 3102 2182 3175; baseline -0.001 -17"><span class='ocrx_word' id='word_1_204' title='bbox 617 3104 813 3175; x_wconf 83' lang='lat' dir='ltr'><strong>pellit;</strong></span> <span class='ocrx_word' id='word_1_205' title='bbox 849 3103 931 3160; x_wconf 89' lang='lat' dir='ltr'><strong>sic</strong></span> <span class='ocrx_word' id='word_1_206' title='bbox 955 3102 1124 3159; x_wconf 88' lang='lat' dir='ltr'><strong>etiam</strong></span> <span class='ocrx_word' id='word_1_207' title='bbox 1170 3102 1484 3158; x_wconf 86' lang='lat' dir='ltr'><strong>luctuosum</strong></span> <span class='ocrx_word' id='word_1_208' title='bbox 1523 3102 1863 3172; x_wconf 83' lang='lat' dir='ltr'><strong>fetidumque</strong></span> <span class='ocrx_word' id='word_1_209' title='bbox 1893 3109 2182 3173; x_wconf 87' lang='lat' dir='ltr'><strong>peccatum</strong></span> 
     </span>
    </p>
   </div>
   <div class='ocr_carea' id='block_1_35' title="bbox 617 3194 1634 3264">
    <p class='ocr_par' dir='ltr' id='par_1_35' title="bbox 617 3194 1634 3264">
     <span class='ocr_line' id='line_1_35' title="bbox 617 3194 1634 3264; baseline 0 -14"><span class='ocrx_word' id='word_1_210' title='bbox 617 3196 751 3251; x_wconf 76' lang='lat' dir='ltr'><strong>vita:</strong></span> <span class='ocrx_word' id='word_1_211' title='bbox 794 3203 1003 3252; x_wconf 66' lang='lat' dir='ltr'><strong>nostra:</strong></span> <span class='ocrx_word' id='word_1_212' title='bbox 1031 3194 1319 3251; x_wconf 87' lang='lat' dir='ltr'><strong>custodem</strong></span> <span class='ocrx_word' id='word_1_213' title='bbox 1354 3194 1634 3264; x_wconf 84' lang='lat' dir='ltr'><strong>angelum.</strong></span> 
     </span>
    </p>
   </div>
   <div class='ocr_carea' id='block_1_36' title="bbox 687 3284 2189 3376">
    <p class='ocr_par' dir='ltr' id='par_1_36' title="bbox 687 3284 2189 3376">
     <span class='ocr_line' id='line_1_36' title="bbox 687 3284 2189 3376; baseline 0 -34"><span class='ocrx_word' id='word_1_214' title='bbox 687 3286 755 3342; x_wconf 75' lang='lat' dir='ltr'><strong>In</strong></span> <span class='ocrx_word' id='word_1_215' title='bbox 812 3289 952 3358; x_wconf 77' lang='lat' dir='ltr'><strong>psal.</strong></span> <span class='ocrx_word' id='word_1_216' title='bbox 1006 3303 1197 3342; x_wconf 72' lang='lat' dir='ltr'><strong>XLVIII.</strong></span> <span class='ocrx_word' id='word_1_217' title='bbox 1248 3286 1457 3376; x_wconf 51' lang='lat' dir='ltr'><strong>—-‘Qui</strong></span> <span class='ocrx_word' id='word_1_218' title='bbox 1505 3284 1774 3341; x_wconf 82' lang='lat' dir='ltr'><strong>laboravit</strong></span> <span class='ocrx_word' id='word_1_219' title='bbox 1826 3284 1883 3339; x_wconf 90' lang='lat' dir='ltr'><strong>in</strong></span> <span class='ocrx_word' id='word_1_220' title='bbox 1933 3284 2041 3342; x_wconf 91' lang='lat' dir='ltr'><strong>hoc</strong></span> <span class='ocrx_word' id='word_1_221' title='bbox 2089 3299 2189 3341; x_wconf 65' lang='lat' dir='ltr'><strong>sab—</strong></span> 
     </span>
    </p>
   </div>
   <div class='ocr_carea' id='block_1_37' title="bbox 616 3372 2186 3444">
    <p class='ocr_par' dir='ltr' id='par_1_37' title="bbox 616 3372 2186 3444">
     <span class='ocr_line' id='line_1_37' title="bbox 616 3372 2186 3444; baseline -0.002 -12"><span class='ocrx_word' id='word_1_222' title='bbox 616 3376 765 3440; x_wconf 89' lang='lat' dir='ltr'><strong>culo,</strong></span> <span class='ocrx_word' id='word_1_223' title='bbox 814 3376 960 3431; x_wconf 83' lang='lat' dir='ltr'><strong>vivet</strong></span> <span class='ocrx_word' id='word_1_224' title='bbox 1000 3376 1057 3430; x_wconf 92' lang='lat' dir='ltr'><strong>in</strong></span> <span class='ocrx_word' id='word_1_225' title='bbox 1108 3377 1295 3430; x_wconf 79' lang='lat' dir='ltr'><strong>linem.</strong></span> <span class='ocrx_word' id='word_1_226' title='bbox 1332 3372 1498 3444; x_wconf 68' lang='lat'><strong>337</strong></span> <span class='ocrx_word' id='word_1_227' title='bbox 1530 3372 1634 3440; x_wconf 87' lang='lat' dir='ltr'><strong>Qui</strong></span> <span class='ocrx_word' id='word_1_228' title='bbox 1666 3381 1848 3428; x_wconf 89' lang='lat' dir='ltr'><strong>autem</strong></span> <span class='ocrx_word' id='word_1_229' title='bbox 1883 3373 1941 3428; x_wconf 92' lang='lat' dir='ltr'><strong>in</strong></span> <span class='ocrx_word' id='word_1_230' title='bbox 1971 3373 2186 3429; x_wconf 77' lang='lat' dir='ltr'><strong>deliciis</strong></span> 
     </span>
    </p>
   </div>
   <div class='ocr_carea' id='block_1_38' title="bbox 615 3464 2187 3538">
    <p class='ocr_par' dir='ltr' id='par_1_38' title="bbox 615 3464 2187 3538">
     <span class='ocr_line' id='line_1_38' title="bbox 615 3464 2187 3538; baseline -0.003 -14"><span class='ocrx_word' id='word_1_231' title='bbox 615 3477 673 3525; x_wconf 88' lang='lat' dir='ltr'><strong>et</strong></span> <span class='ocrx_word' id='word_1_232' title='bbox 718 3467 871 3522; x_wconf 90' lang='lat' dir='ltr'><strong>omni</strong></span> <span class='ocrx_word' id='word_1_233' title='bbox 903 3467 1153 3522; x_wconf 90' lang='lat' dir='ltr'><strong>mollitiei</strong></span> <span class='ocrx_word' id='word_1_234' title='bbox 1210 3481 1409 3537; x_wconf 83' lang='lat' dir='ltr'><strong>genere</strong></span> <span class='ocrx_word' id='word_1_235' title='bbox 1457 3465 1622 3521; x_wconf 87' lang='lat' dir='ltr'><strong>vitam</strong></span> <span class='ocrx_word' id='word_1_236' title='bbox 1653 3464 1785 3538; x_wconf 87' lang='lat' dir='ltr'><strong>agit,</strong></span> <span class='ocrx_word' id='word_1_237' title='bbox 1847 3465 1923 3520; x_wconf 89' lang='lat' dir='ltr'><strong>ita</strong></span> <span class='ocrx_word' id='word_1_238' title='bbox 1976 3473 2037 3519; x_wconf 89' lang='lat' dir='ltr'><strong>ut</strong></span> <span class='ocrx_word' id='word_1_239' title='bbox 2074 3480 2187 3536; x_wconf 64' lang='lat' dir='ltr'><strong>prae</strong></span> 
     </span>
    </p>
   </div>
   <div class='ocr_carea' id='block_1_39' title="bbox 616 3557 2184 3630">
    <p class='ocr_par' dir='ltr' id='par_1_39' title="bbox 616 3557 2184 3630">
     <span class='ocr_line' id='line_1_39' title="bbox 616 3557 2184 3630; baseline -0.001 -14"><span class='ocrx_word' id='word_1_240' title='bbox 616 3561 749 3616; x_wconf 82' lang='lat' dir='ltr'><strong>luxu</strong></span> <span class='ocrx_word' id='word_1_241' title='bbox 801 3574 1043 3630; x_wconf 88' lang='lat' dir='ltr'><strong>purpura</strong></span> <span class='ocrx_word' id='word_1_242' title='bbox 1078 3568 1133 3614; x_wconf 94' lang='lat' dir='ltr'><strong>et</strong></span> <span class='ocrx_word' id='word_1_243' title='bbox 1180 3559 1346 3629; x_wconf 85' lang='lat' dir='ltr'><strong>bysso</strong></span> <span class='ocrx_word' id='word_1_244' title='bbox 1394 3558 1682 3622; x_wconf 87' lang='lat' dir='ltr'><strong>induatur,</strong></span> <span class='ocrx_word' id='word_1_245' title='bbox 1727 3557 1962 3629; x_wconf 88' lang='lat' dir='ltr'><strong>singulis</strong></span> <span class='ocrx_word' id='word_1_246' title='bbox 1992 3558 2184 3615; x_wconf 90' lang='lat' dir='ltr'><strong>diebus</strong></span> 
     </span>
    </p>
   </div>
   <div class='ocr_carea' id='block_1_40' title="bbox 615 3649 2182 3725">
    <p class='ocr_par' dir='ltr' id='par_1_40' title="bbox 615 3649 2182 3725">
     <span class='ocr_line' id='line_1_40' title="bbox 615 3649 2182 3725; baseline -0.004 -16"><span class='ocrx_word' id='word_1_247' title='bbox 615 3650 904 3725; x_wconf 74' lang='lat' dir='ltr'><strong>splendide</strong></span> <span class='ocrx_word' id='word_1_248' title='bbox 937 3651 1265 3715; x_wconf 86' lang='lat' dir='ltr'><strong>oblectetur,</strong></span> <span class='ocrx_word' id='word_1_249' title='bbox 1316 3658 1372 3707; x_wconf 91' lang='lat' dir='ltr'><strong>et</strong></span> <span class='ocrx_word' id='word_1_250' title='bbox 1418 3664 1613 3708; x_wconf 73' lang='lat' dir='ltr'><strong>manes</strong></span> <span class='ocrx_word' id='word_1_251' title='bbox 1664 3649 1866 3721; x_wconf 86' lang='lat' dir='ltr'><strong>quibus</strong></span> <span class='ocrx_word' id='word_1_252' title='bbox 1917 3649 2182 3706; x_wconf 84' lang='lat' dir='ltr'><strong>virtutem</strong></span> 
     </span>
    </p>
   </div>
   <div class='ocr_carea' id='block_1_41' title="bbox 613 3741 2181 3816">
    <p class='ocr_par' dir='ltr' id='par_1_41' title="bbox 613 3741 2181 3816">
     <span class='ocr_line' id='line_1_41' title="bbox 613 3741 2181 3816; baseline -0.001 -15"><span class='ocrx_word' id='word_1_253' title='bbox 613 3746 970 3816; x_wconf 82' lang='lat' dir='ltr'><strong>adipiscatur,</strong></span> <span class='ocrx_word' id='word_1_254' title='bbox 1028 3744 1243 3800; x_wconf 89' lang='lat' dir='ltr'><strong>labores</strong></span> <span class='ocrx_word' id='word_1_255' title='bbox 1301 3741 1573 3815; x_wconf 79' lang='lat' dir='ltr'><strong>refugiat;</strong></span> <span class='ocrx_word' id='word_1_256' title='bbox 1626 3742 1677 3799; x_wconf 89' lang='lat' dir='ltr'><strong>is</strong></span> <span class='ocrx_word' id='word_1_257' title='bbox 1734 3744 1789 3798; x_wconf 88' lang='lat' dir='ltr'><strong>in</strong></span> <span class='ocrx_word' id='word_1_258' title='bbox 1822 3744 1930 3798; x_wconf 88' lang='lat' dir='ltr'><strong>hoc</strong></span> <span class='ocrx_word' id='word_1_259' title='bbox 1977 3744 2181 3800; x_wconf 81' lang='lat' dir='ltr'><strong>saeculo</strong></span> 
     </span>
    </p>
   </div>
   <div class='ocr_carea' id='block_1_42' title="bbox 613 3836 2180 3901">
    <p class='ocr_par' dir='ltr' id='par_1_42' title="bbox 613 3836 2180 3901">
     <span class='ocr_line' id='line_1_42' title="bbox 613 3836 2180 3901; baseline 0 -9"><span class='ocrx_word' id='word_1_260' title='bbox 613 3837 840 3893; x_wconf 89' lang='lat' dir='ltr'><strong>minime</strong></span> <span class='ocrx_word' id='word_1_261' title='bbox 882 3837 1177 3901; x_wconf 87' lang='lat' dir='ltr'><strong>laboravit,</strong></span> <span class='ocrx_word' id='word_1_262' title='bbox 1226 3851 1330 3891; x_wconf 89' lang='lat' dir='ltr'><strong>nec</strong></span> <span class='ocrx_word' id='word_1_263' title='bbox 1370 3836 1520 3891; x_wconf 89' lang='lat' dir='ltr'><strong>vivet</strong></span> <span class='ocrx_word' id='word_1_264' title='bbox 1549 3836 1609 3892; x_wconf 89' lang='lat' dir='ltr'><strong>in</strong></span> <span class='ocrx_word' id='word_1_265' title='bbox 1643 3836 1851 3901; x_wconf 82' lang='lat' dir='ltr'><strong>futuro,</strong></span> <span class='ocrx_word' id='word_1_266' title='bbox 1884 3836 1980 3892; x_wconf 89' lang='lat' dir='ltr'><strong>sed</strong></span> <span class='ocrx_word' id='word_1_267' title='bbox 2013 3836 2180 3892; x_wconf 86' lang='lat' dir='ltr'><strong>vitam</strong></span> 
     </span>
    </p>
   </div>
   <div class='ocr_carea' id='block_1_43' title="bbox 612 3926 2176 3999">
    <p class='ocr_par' dir='ltr' id='par_1_43' title="bbox 612 3926 2176 3999">
     <span class='ocr_line' id='line_1_43' title="bbox 612 3926 2176 3999; baseline -0.002 -14"><span class='ocrx_word' id='word_1_268' title='bbox 612 3929 830 3985; x_wconf 89' lang='lat' dir='ltr'><strong>eminus</strong></span> <span class='ocrx_word' id='word_1_269' title='bbox 858 3929 1081 3993; x_wconf 87' lang='lat' dir='ltr'><strong>videbit,</strong></span> <span class='ocrx_word' id='word_1_270' title='bbox 1112 3929 1435 3999; x_wconf 87' lang='lat' dir='ltr'><strong>persolvens</strong></span> <span class='ocrx_word' id='word_1_271' title='bbox 1464 3942 1657 3999; x_wconf 71' lang='lat' dir='ltr'><strong>prenas</strong></span> <span class='ocrx_word' id='word_1_272' title='bbox 1680 3927 1737 3983; x_wconf 92' lang='lat' dir='ltr'><strong>in</strong></span> <span class='ocrx_word' id='word_1_273' title='bbox 1764 3926 1982 3984; x_wconf 84' lang='lat' dir='ltr'><strong>camino</strong></span> <span class='ocrx_word' id='word_1_274' title='bbox 2012 3928 2176 3999; x_wconf 86' lang='lat' dir='ltr'><strong>ignis.</strong></span> 
     </span>
    </p>
   </div>
   <div class='ocr_carea' id='block_1_44' title="bbox 681 4021 2178 4092">
    <p class='ocr_par' dir='ltr' id='par_1_44' title="bbox 681 4021 2178 4092">
     <span class='ocr_line' id='line_1_44' title="bbox 681 4021 2178 4092; baseline -0.001 -16"><span class='ocrx_word' id='word_1_275' title='bbox 681 4022 1150 4088; x_wconf 88' lang='lat' dir='ltr'><strong>Quemadmodum</strong></span> <span class='ocrx_word' id='word_1_276' title='bbox 1201 4022 1395 4076; x_wconf 89' lang='lat' dir='ltr'><strong>umbra</strong></span> <span class='ocrx_word' id='word_1_277' title='bbox 1434 4035 1661 4092; x_wconf 89' lang='lat' dir='ltr'><strong>corpus,</strong></span> <span class='ocrx_word' id='word_1_278' title='bbox 1696 4022 1777 4077; x_wconf 91' lang='lat' dir='ltr'><strong>sic</strong></span> <span class='ocrx_word' id='word_1_279' title='bbox 1806 4029 2027 4092; x_wconf 89' lang='lat' dir='ltr'><strong>peccata</strong></span> <span class='ocrx_word' id='word_1_280' title='bbox 2056 4021 2178 4075; x_wconf 85' lang='lat' dir='ltr'><strong>ani-</strong></span> 
     </span>
    </p>
   </div>
   <div class='ocr_carea' id='block_1_45' title="bbox 612 4112 2176 4183">
    <p class='ocr_par' dir='ltr' id='par_1_45' title="bbox 612 4112 2176 4183">
     <span class='ocr_line' id='line_1_45' title="bbox 612 4112 2176 4183; baseline -0.001 -15"><span class='ocrx_word' id='word_1_281' title='bbox 612 4129 730 4169; x_wconf 84' lang='lat' dir='ltr'><strong>mas</strong></span> <span class='ocrx_word' id='word_1_282' title='bbox 765 4115 1130 4178; x_wconf 89' lang='lat' dir='ltr'><strong>comitantur,</strong></span> <span class='ocrx_word' id='word_1_283' title='bbox 1168 4122 1366 4183; x_wconf 74' lang='lat' dir='ltr'><strong>etqutn</strong></span> <span class='ocrx_word' id='word_1_284' title='bbox 1412 4113 1709 4168; x_wconf 88' lang='lat' dir='ltr'><strong>commissa</strong></span> <span class='ocrx_word' id='word_1_285' title='bbox 1753 4127 1786 4167; x_wconf 87' lang='lat' dir='ltr'><strong>a</strong></span> <span class='ocrx_word' id='word_1_286' title='bbox 1821 4113 1980 4169; x_wconf 91' lang='lat' dir='ltr'><strong>nobis</strong></span> <span class='ocrx_word' id='word_1_287' title='bbox 2018 4112 2176 4183; x_wconf 81' lang='lat' dir='ltr'><strong>ﬂagi-</strong></span> 
     </span>
    </p>
   </div>
   <div class='ocr_carea' id='block_1_46' title="bbox 611 4209 1332 4278">
    <p class='ocr_par' dir='ltr' id='par_1_46' title="bbox 611 4209 1332 4278">
     <span class='ocr_line' id='line_1_46' title="bbox 611 4209 1332 4278; baseline -0.006 -15"><span class='ocrx_word' id='word_1_288' title='bbox 611 4209 687 4263; x_wconf 86' lang='lat' dir='ltr'><strong>tia</strong></span> <span class='ocrx_word' id='word_1_289' title='bbox 719 4217 872 4272; x_wconf 90' lang='lat' dir='ltr'><strong>sunt,</strong></span> <span class='ocrx_word' id='word_1_290' title='bbox 909 4214 1332 4278; x_wconf 71' lang='lat' dir='ltr'><strong>repraesentant.</strong></span> 
     </span>
    </p>
   </div>
   <div class='ocr_carea' id='block_1_47' title="bbox 682 4294 2173 4352">
    <p class='ocr_par' dir='ltr' id='par_1_47' title="bbox 682 4294 2173 4352">
     <span class='ocr_line' id='line_1_47' title="bbox 682 4294 2173 4352; baseline 0 0"><span class='ocrx_word' id='word_1_291' title='bbox 682 4296 749 4352; x_wconf 80' lang='lat' dir='ltr'><strong>In</strong></span> <span class='ocrx_word' id='word_1_292' title='bbox 793 4297 1047 4352; x_wconf 78' lang='lat' dir='ltr'><strong>Hexaem.</strong></span> <span class='ocrx_word' id='word_1_293' title='bbox 1111 4296 1204 4351; x_wconf 80' lang='lat' dir='ltr'><strong>lib.</strong></span> <span class='ocrx_word' id='word_1_294' title='bbox 1256 4311 1311 4350; x_wconf 88' lang='lat' dir='ltr'><strong>v.</strong></span> <span class='ocrx_word' id='word_1_295' title='bbox 1359 4324 1431 4337; x_wconf 93' lang='lat'><strong>-—</strong></span> <span class='ocrx_word' id='word_1_296' title='bbox 1472 4294 1725 4351; x_wconf 86' lang='lat' dir='ltr'><strong>Nondum</strong></span> <span class='ocrx_word' id='word_1_297' title='bbox 1787 4295 2173 4352; x_wconf 85' lang='lat' dir='ltr'><strong>condemnatio</strong></span> 
     </span>
    </p>
   </div>
   <div class='ocr_carea' id='block_1_48' title="bbox 613 4385 2171 4455">
    <p class='ocr_par' dir='ltr' id='par_1_48' title="bbox 613 4385 2171 4455">
     <span class='ocr_line' id='line_1_48' title="bbox 613 4385 2171 4455; baseline 0.002 -14"><span class='ocrx_word' id='word_1_298' title='bbox 613 4385 882 4441; x_wconf 76' lang='lat' dir='ltr'><strong>lertilitati</strong></span> <span class='ocrx_word' id='word_1_299' title='bbox 937 4394 1101 4441; x_wconf 67' lang='lat' dir='ltr'><strong>terra:</strong></span> <span class='ocrx_word' id='word_1_300' title='bbox 1161 4385 1616 4455; x_wconf 87' lang='lat' dir='ltr'><strong>impedimentum</strong></span> <span class='ocrx_word' id='word_1_301' title='bbox 1688 4385 1970 4443; x_wconf 75' lang='lat' dir='ltr'><strong>aﬂerebat.</strong></span> <span class='ocrx_word' id='word_1_302' title='bbox 2047 4386 2171 4444; x_wconf 62' lang='lat' dir='ltr'><strong>Haec</strong></span> 
     </span>
    </p>
   </div>
   <div class='ocr_carea' id='block_1_49' title="bbox 2296 540 3470 614">
    <p class='ocr_par' dir='ltr' id='par_1_49' title="bbox 2296 540 3470 614">
     <span class='ocr_line' id='line_1_49' title="bbox 2296 540 3470 614; baseline 0.002 -20"><span class='ocrx_word' id='word_1_303' title='bbox 2296 540 2379 594; x_wconf 83' lang='grc' dir='ltr'><strong>ὅτι</strong></span> <span class='ocrx_word' id='word_1_304' title='bbox 2411 540 2506 593; x_wconf 87' lang='grc' dir='ltr'><strong>ἀπ’</strong></span> <span class='ocrx_word' id='word_1_305' title='bbox 2535 541 2711 611; x_wconf 82' lang='grc' dir='ltr'><strong>ἀρχῆς</strong></span> <span class='ocrx_word' id='word_1_306' title='bbox 2740 544 2768 593; x_wconf 87' lang='grc' dir='ltr'>ὁ</span> <span class='ocrx_word' id='word_1_307' title='bbox 2795 542 3041 606; x_wconf 77' lang='grc' dir='ltr'><strong>διάϐολος</strong></span> <span class='ocrx_word' id='word_1_308' title='bbox 3080 543 3409 614; x_wconf 83' lang='grc' dir='ltr'><strong>ἁμαρτάνει.</strong></span> <span class='ocrx_word' id='word_1_309' title='bbox 3450 563 3470 596; x_wconf 71' lang='grc' dir='ltr'><strong>ι</strong></span> 
     </span>
    </p>
   </div>
   <div class='ocr_carea' id='block_1_50' title="bbox 2286 631 3849 706">
    <p class='ocr_par' dir='ltr' id='par_1_50' title="bbox 2286 631 3849 706">
     <span class='ocr_line' id='line_1_50' title="bbox 2286 631 3849 706; baseline 0.008 -24"><span class='ocrx_word' id='word_1_310' title='bbox 2286 669 2328 701; x_wconf 79' lang='lat'><strong>_,</strong></span> <span class='ocrx_word' id='word_1_311' title='bbox 2371 648 2390 681; x_wconf 86' lang='grc' dir='ltr'><strong>ι</strong></span> <span class='ocrx_word' id='word_1_312' title='bbox 2425 631 2600 684; x_wconf 80' lang='grc' dir='ltr'><strong>Τινῶν</strong></span> <span class='ocrx_word' id='word_1_313' title='bbox 2628 633 2684 685; x_wconf 81' lang='grc' dir='ltr'><strong>αἱ</strong></span> <span class='ocrx_word' id='word_1_314' title='bbox 2728 633 2989 702; x_wconf 79' lang='grc' dir='ltr'><strong>ἁμαρτίαι</strong></span> <span class='ocrx_word' id='word_1_315' title='bbox 3036 634 3294 704; x_wconf 83' lang='grc' dir='ltr'><strong>πρόδηλοί</strong></span> <span class='ocrx_word' id='word_1_316' title='bbox 3317 638 3477 700; x_wconf 77' lang='grc' dir='ltr'><strong>εἰσιν,</strong></span> <span class='ocrx_word' id='word_1_317' title='bbox 3521 637 3849 706; x_wconf 73' lang='grc' dir='ltr'><strong>προάγουσαι</strong></span> 
     </span>
    </p>
   </div>
   <div class='ocr_carea' id='block_1_51' title="bbox 2295 721 3542 791">
    <p class='ocr_par' dir='ltr' id='par_1_51' title="bbox 2295 721 3542 791">
     <span class='ocr_line' id='line_1_51' title="bbox 2295 721 3542 791; baseline 0.007 -19"><span class='ocrx_word' id='word_1_318' title='bbox 2295 721 2376 783; x_wconf 87' lang='grc' dir='ltr'><strong>είς</strong></span> <span class='ocrx_word' id='word_1_319' title='bbox 2404 724 2584 791; x_wconf 83' lang='grc' dir='ltr'><strong>κρίσιν</strong></span> <span class='ocrx_word' id='word_1_320' title='bbox 2603 737 2618 752; x_wconf 75' lang='grc'><strong>⁸</strong></span> <span class='ocrx_word' id='word_1_321' title='bbox 2659 721 2821 776; x_wconf 84' lang='grc' dir='ltr'><strong>τινῶν</strong></span> <span class='ocrx_word' id='word_1_322' title='bbox 2840 722 2898 775; x_wconf 81' lang='grc' dir='ltr'><strong>δὲ</strong></span> <span class='ocrx_word' id='word_1_323' title='bbox 2921 724 3015 777; x_wconf 71' lang='grc' dir='ltr'><strong>καὶ</strong></span> <span class='ocrx_word' id='word_1_324' title='bbox 3033 724 3482 781; x_wconf 80' lang='grc' dir='ltr'><strong>ἐπακολουθοῦσι.</strong></span> <span class='ocrx_word' id='word_1_325' title='bbox 3520 747 3542 780; x_wconf 70' lang='grc' dir='ltr'><strong>ι</strong></span> 
     </span>
    </p>
   </div>
   <div class='ocr_carea' id='block_1_52' title="bbox 2366 894 3849 976">
    <p class='ocr_par' dir='ltr' id='par_1_52' title="bbox 2366 894 3849 976">
     <span class='ocr_line' id='line_1_52' title="bbox 2366 894 3849 976; baseline 0.006 -22"><span class='ocrx_word' id='word_1_326' title='bbox 2366 901 2650 974; x_wconf 70' lang='grc' dir='ltr'><strong>Βαρυτάτη</strong></span> <span class='ocrx_word' id='word_1_327' title='bbox 2686 903 2909 968; x_wconf 84' lang='grc' dir='ltr'><strong>κόλασις</strong></span> <span class='ocrx_word' id='word_1_328' title='bbox 2945 907 3057 970; x_wconf 85' lang='grc' dir='ltr'><strong>τοῖς</strong></span> <span class='ocrx_word' id='word_1_329' title='bbox 3090 901 3150 960; x_wconf 79' lang='grc' dir='ltr'><strong>εὖ</strong></span> <span class='ocrx_word' id='word_1_330' title='bbox 3181 894 3494 976; x_wconf 82' lang='grc' dir='ltr'><strong>φρονοῦσιν,</strong></span> <span class='ocrx_word' id='word_1_331' title='bbox 3521 910 3552 961; x_wconf 88' lang='grc' dir='ltr'><strong>ό</strong></span> <span class='ocrx_word' id='word_1_332' title='bbox 3595 907 3703 963; x_wconf 73' lang='grc' dir='ltr'><strong>ἀπὸ</strong></span> <span class='ocrx_word' id='word_1_333' title='bbox 3731 908 3849 963; x_wconf 79' lang='grc' dir='ltr'><strong>Θεοῦ</strong></span> 
     </span>
    </p>
   </div>
   <div class='ocr_carea' id='block_1_53' title="bbox 2296 994 2591 1067">
    <p class='ocr_par' dir='ltr' id='par_1_53' title="bbox 2296 994 2591 1067">
     <span class='ocr_line' id='line_1_53' title="bbox 2296 994 2591 1067; baseline 0.003 -20"><span class='ocrx_word' id='word_1_334' title='bbox 2296 994 2591 1067; x_wconf 85' lang='grc' dir='ltr'><strong>χωρισμός.</strong></span> 
     </span>
    </p>
   </div>
   <div class='ocr_carea' id='block_1_54' title="bbox 2379 1085 3732 1163">
    <p class='ocr_par' dir='ltr' id='par_1_54' title="bbox 2379 1085 3732 1163">
     <span class='ocr_line' id='line_1_54' title="bbox 2379 1085 3732 1163; baseline 0.005 -24"><span class='ocrx_word' id='word_1_335' title='bbox 2379 1085 2627 1140; x_wconf 79' lang='grc' dir='ltr'><strong>’Δσέσεια</strong></span> <span class='ocrx_word' id='word_1_336' title='bbox 2655 1090 2857 1157; x_wconf 79' lang='grc' dir='ltr'><strong>κυρίως</strong></span> <span class='ocrx_word' id='word_1_337' title='bbox 2888 1086 3103 1155; x_wconf 84' lang='grc' dir='ltr'><strong>λέγεται</strong></span> <span class='ocrx_word' id='word_1_338' title='bbox 3125 1088 3159 1158; x_wconf 88' lang='grc' dir='ltr'><strong>ἡ</strong></span> <span class='ocrx_word' id='word_1_339' title='bbox 3191 1089 3270 1152; x_wconf 89' lang='grc' dir='ltr'><strong>είς</strong></span> <span class='ocrx_word' id='word_1_340' title='bbox 3298 1088 3431 1143; x_wconf 80' lang='grc' dir='ltr'><strong>Θεὸν</strong></span> <span class='ocrx_word' id='word_1_341' title='bbox 3456 1090 3732 1163; x_wconf 81' lang='grc' dir='ltr'><strong>ἁμαρτία.</strong></span> 
     </span>
    </p>
   </div>
   <div class='ocr_carea' id='block_1_55' title="bbox 2381 1260 3847 1345">
    <p class='ocr_par' dir='ltr' id='par_1_55' title="bbox 2381 1260 3847 1345">
     <span class='ocr_line' id='line_1_55' title="bbox 2381 1260 3847 1345; baseline 0.007 -31"><span class='ocrx_word' id='word_1_342' title='bbox 2381 1260 2687 1333; x_wconf 81' lang='grc' dir='ltr'><strong>Ἀμήχανον</strong></span> <span class='ocrx_word' id='word_1_343' title='bbox 2711 1263 3052 1335; x_wconf 72' lang='grc' dir='ltr'><strong>ἐκτραπῆναι</strong></span> <span class='ocrx_word' id='word_1_344' title='bbox 3077 1266 3177 1337; x_wconf 82' lang='grc' dir='ltr'><strong>τῆς</strong></span> <span class='ocrx_word' id='word_1_345' title='bbox 3205 1266 3418 1333; x_wconf 79' lang='grc' dir='ltr'><strong>δικαίας</strong></span> <span class='ocrx_word' id='word_1_346' title='bbox 3445 1268 3570 1323; x_wconf 85' lang='grc' dir='ltr'><strong>ὀδοῦ</strong></span> <span class='ocrx_word' id='word_1_347' title='bbox 3591 1311 3608 1334; x_wconf 94' lang='grc'><strong>,</strong></span> <span class='ocrx_word' id='word_1_348' title='bbox 3647 1269 3726 1342; x_wconf 79' lang='grc' dir='ltr'><strong>μή</strong></span> <span class='ocrx_word' id='word_1_349' title='bbox 3769 1272 3847 1345; x_wconf 73' lang='grc' dir='ltr'><strong>λή-</strong></span> 
     </span>
    </p>
   </div>
   <div class='ocr_carea' id='block_1_56' title="bbox 2294 1353 3306 1429">
    <p class='ocr_par' dir='ltr' id='par_1_56' title="bbox 2294 1353 3306 1429">
     <span class='ocr_line' id='line_1_56' title="bbox 2294 1353 3306 1429; baseline 0.007 -23"><span class='ocrx_word' id='word_1_350' title='bbox 2294 1353 2393 1427; x_wconf 85' lang='grc' dir='ltr'><strong>θην</strong></span> <span class='ocrx_word' id='word_1_351' title='bbox 2420 1353 2555 1407; x_wconf 83' lang='grc' dir='ltr'><strong>Θεοῦ</strong></span> <span class='ocrx_word' id='word_1_352' title='bbox 2578 1358 2699 1419; x_wconf 85' lang='grc' dir='ltr'><strong>ταῖς</strong></span> <span class='ocrx_word' id='word_1_353' title='bbox 2724 1356 2923 1427; x_wconf 75' lang='grc' dir='ltr'><strong>ψυχαῖς</strong></span> <span class='ocrx_word' id='word_1_354' title='bbox 2948 1358 3306 1429; x_wconf 83' lang='grc' dir='ltr'><strong>νοσήσαντας.</strong></span> 
     </span>
    </p>
   </div>
   <div class='ocr_carea' id='block_1_57' title="bbox 2362 1446 3846 1528">
    <p class='ocr_par' dir='ltr' id='par_1_57' title="bbox 2362 1446 3846 1528">
     <span class='ocr_line' id='line_1_57' title="bbox 2362 1446 3846 1528; baseline 0.008 -27"><span class='ocrx_word' id='word_1_355' title='bbox 2362 1446 2567 1517; x_wconf 73' lang='grc' dir='ltr'><strong>Μηδεὶς</strong></span> <span class='ocrx_word' id='word_1_356' title='bbox 2594 1447 2788 1501; x_wconf 82' lang='grc' dir='ltr'><strong>οίέσθω</strong></span> <span class='ocrx_word' id='word_1_357' title='bbox 2806 1449 2914 1502; x_wconf 85' lang='grc' dir='ltr'><strong>τῶν</strong></span> <span class='ocrx_word' id='word_1_358' title='bbox 2940 1451 3284 1522; x_wconf 81' lang='grc' dir='ltr'><strong>ἐσφαλμένας</strong></span> <span class='ocrx_word' id='word_1_359' title='bbox 3313 1455 3441 1526; x_wconf 79' lang='grc' dir='ltr'><strong>περὶ</strong></span> <span class='ocrx_word' id='word_1_360' title='bbox 3462 1455 3604 1510; x_wconf 89' lang='grc' dir='ltr'><strong>Θεοῦ</strong></span> <span class='ocrx_word' id='word_1_361' title='bbox 3636 1458 3846 1528; x_wconf 73' lang='grc' dir='ltr'><strong>ἑχόντων</strong></span> 
     </span>
    </p>
   </div>
   <div class='ocr_carea' id='block_1_58' title="bbox 2294 1535 3847 1619">
    <p class='ocr_par' dir='ltr' id='par_1_58' title="bbox 2294 1535 3847 1619">
     <span class='ocr_line' id='line_1_58' title="bbox 2294 1535 3847 1619; baseline 0.01 -31"><span class='ocrx_word' id='word_1_362' title='bbox 2294 1535 2612 1606; x_wconf 79' lang='grc' dir='ltr'><strong>ὑπολήψεις,</strong></span> <span class='ocrx_word' id='word_1_363' title='bbox 2642 1539 2728 1592; x_wconf 86' lang='grc' dir='ltr'><strong>ὅτι</strong></span> <span class='ocrx_word' id='word_1_364' title='bbox 2750 1538 2939 1593; x_wconf 74' lang='grc' dir='ltr'><strong>δεκταὶ</strong></span> <span class='ocrx_word' id='word_1_365' title='bbox 2968 1542 3153 1596; x_wconf 83' lang='grc' dir='ltr'><strong>αὐτῶν</strong></span> <span class='ocrx_word' id='word_1_366' title='bbox 3179 1543 3321 1597; x_wconf 78' lang='grc' dir='ltr'><strong>είσὶν</strong></span> <span class='ocrx_word' id='word_1_367' title='bbox 3342 1545 3401 1598; x_wconf 78' lang='lat' dir='ltr'><strong>ai</strong></span> <span class='ocrx_word' id='word_1_368' title='bbox 3433 1547 3493 1599; x_wconf 80' lang='grc' dir='ltr'><strong>ὲν</strong></span> <span class='ocrx_word' id='word_1_369' title='bbox 3520 1547 3847 1619; x_wconf 52' lang='lat' dir='ltr'><strong>eumut,-</strong></span> 
     </span>
    </p>
   </div>
   <div class='ocr_carea' id='block_1_59' title="bbox 2294 1627 2545 1693">
    <p class='ocr_par' dir='ltr' id='par_1_59' title="bbox 2294 1627 2545 1693">
     <span class='ocr_line' id='line_1_59' title="bbox 2294 1627 2545 1693; baseline 0.008 -13"><span class='ocrx_word' id='word_1_370' title='bbox 2294 1627 2545 1693; x_wconf 73' lang='grc' dir='ltr'><strong>αἰνέσεις.</strong></span> 
     </span>
    </p>
   </div>
   <div class='ocr_carea' id='block_1_60' title="bbox 2363 1720 3349 1799">
    <p class='ocr_par' dir='ltr' id='par_1_60' title="bbox 2363 1720 3349 1799">
     <span class='ocr_line' id='line_1_60' title="bbox 2363 1720 3349 1799; baseline 0.01 -26"><span class='ocrx_word' id='word_1_371' title='bbox 2363 1720 2498 1774; x_wconf 87' lang='grc' dir='ltr'><strong>Θεοῦ</strong></span> <span class='ocrx_word' id='word_1_372' title='bbox 2522 1722 2713 1791; x_wconf 79' lang='grc' dir='ltr'><strong>ἄγνοια</strong></span> <span class='ocrx_word' id='word_1_373' title='bbox 2738 1722 2967 1788; x_wconf 85' lang='grc' dir='ltr'><strong>θάνατός</strong></span> <span class='ocrx_word' id='word_1_374' title='bbox 2997 1726 3115 1779; x_wconf 74' lang='grc' dir='ltr'><strong>ἐστι</strong></span> <span class='ocrx_word' id='word_1_375' title='bbox 3146 1724 3349 1799; x_wconf 75' lang='grc' dir='ltr'><strong>ψυχῆς.</strong></span> 
     </span>
    </p>
   </div>
   <div class='ocr_carea' id='block_1_61' title="bbox 2360 1902 3845 1979">
    <p class='ocr_par' dir='ltr' id='par_1_61' title="bbox 2360 1902 3845 1979">
     <span class='ocr_line' id='line_1_61' title="bbox 2360 1902 3845 1979; baseline 0.007 -23"><span class='ocrx_word' id='word_1_376' title='bbox 2360 1902 2481 1971; x_wconf 78' lang='grc' dir='ltr'><strong>Τίνι</strong></span> <span class='ocrx_word' id='word_1_377' title='bbox 2510 1903 2667 1971; x_wconf 84' lang='grc' dir='ltr'><strong>ούαί;</strong></span> <span class='ocrx_word' id='word_1_378' title='bbox 2696 1903 2803 1957; x_wconf 91' lang='grc' dir='ltr'><strong>τίνι</strong></span> <span class='ocrx_word' id='word_1_379' title='bbox 2826 1904 3068 1975; x_wconf 52' lang='grc' dir='ltr'><strong>θλίψεις</strong></span> <span class='ocrx_word' id='word_1_380' title='bbox 3098 1906 3206 1960; x_wconf 87' lang='grc' dir='ltr'><strong>τίνι</strong></span> <span class='ocrx_word' id='word_1_381' title='bbox 3244 1906 3450 1979; x_wconf 81' lang='grc' dir='ltr'><strong>ἀπορία</strong></span> <span class='ocrx_word' id='word_1_382' title='bbox 3498 1909 3620 1975; x_wconf 66' lang='grc' dir='ltr'><strong>καὶ,</strong></span> <span class='ocrx_word' id='word_1_383' title='bbox 3640 1913 3845 1975; x_wconf 76' lang='grc' dir='ltr'><strong>σκότοςς</strong></span> 
     </span>
    </p>
   </div>
   <div class='ocr_carea' id='block_1_62' title="bbox 2287 1994 3848 2069">
    <p class='ocr_par' dir='ltr' id='par_1_62' title="bbox 2287 1994 3848 2069">
     <span class='ocr_line' id='line_1_62' title="bbox 2287 1994 3848 2069; baseline 0.006 -21"><span class='ocrx_word' id='word_1_384' title='bbox 2287 1994 2395 2048; x_wconf 89' lang='grc' dir='ltr'><strong>τίνι</strong></span> <span class='ocrx_word' id='word_1_385' title='bbox 2425 1995 2619 2048; x_wconf 84' lang='grc' dir='ltr'><strong>αίωνία</strong></span> <span class='ocrx_word' id='word_1_386' title='bbox 2639 1996 2999 2066; x_wconf 85' lang='grc' dir='ltr'><strong>κατάκρισις;</strong></span> <span class='ocrx_word' id='word_1_387' title='bbox 3031 1997 3091 2051; x_wconf 86' lang='grc' dir='ltr'><strong>ού</strong></span> <span class='ocrx_word' id='word_1_388' title='bbox 3116 2000 3228 2062; x_wconf 80' lang='grc' dir='ltr'><strong>τοῖς</strong></span> <span class='ocrx_word' id='word_1_389' title='bbox 3250 1999 3639 2069; x_wconf 75' lang='grc' dir='ltr'><strong>παραδάταιςς</strong></span> <span class='ocrx_word' id='word_1_390' title='bbox 3671 2004 3731 2056; x_wconf 84' lang='grc' dir='ltr'><strong>ού</strong></span> <span class='ocrx_word' id='word_1_391' title='bbox 3750 2007 3848 2067; x_wconf 80' lang='grc' dir='ltr'><strong>τοῖς</strong></span> 
     </span>
    </p>
   </div>
   <div class='ocr_carea' id='block_1_63' title="bbox 2287 2086 3847 2164">
    <p class='ocr_par' dir='ltr' id='par_1_63' title="bbox 2287 2086 3847 2164">
     <span class='ocr_line' id='line_1_63' title="bbox 2287 2086 3847 2164; baseline 0.006 -26"><span class='ocrx_word' id='word_1_392' title='bbox 2287 2086 2385 2159; x_wconf 83' lang='grc' dir='ltr'><strong>τὴν</strong></span> <span class='ocrx_word' id='word_1_393' title='bbox 2416 2086 2598 2139; x_wconf 86' lang='grc' dir='ltr'><strong>πίστιν</strong></span> <span class='ocrx_word' id='word_1_394' title='bbox 2619 2087 3054 2159; x_wconf 81' lang='grc' dir='ltr'><strong>ἀρνησαμένοις;</strong></span> <span class='ocrx_word' id='word_1_395' title='bbox 3083 2090 3179 2154; x_wconf 89' lang='grc' dir='ltr'><strong>Τίς</strong></span> <span class='ocrx_word' id='word_1_396' title='bbox 3203 2089 3260 2144; x_wconf 85' lang='grc' dir='ltr'><strong>δὲ</strong></span> <span class='ocrx_word' id='word_1_397' title='bbox 3284 2091 3383 2162; x_wconf 82' lang='grc' dir='ltr'><strong>τῆς</strong></span> <span class='ocrx_word' id='word_1_398' title='bbox 3406 2093 3694 2164; x_wconf 75' lang='grc' dir='ltr'><strong>ἀρνήσεως</strong></span> <span class='ocrx_word' id='word_1_399' title='bbox 3712 2095 3847 2163; x_wconf 75' lang='grc' dir='ltr'><strong>ἑλετ-</strong></span> 
     </span>
    </p>
   </div>
   <div class='ocr_carea' id='block_1_64' title="bbox 2288 2179 3846 2259">
    <p class='ocr_par' dir='ltr' id='par_1_64' title="bbox 2288 2179 3846 2259">
     <span class='ocr_line' id='line_1_64' title="bbox 2288 2179 3846 2259; baseline 0.006 -28"><span class='ocrx_word' id='word_1_400' title='bbox 2288 2194 2415 2250; x_wconf 78' lang='grc' dir='ltr'><strong>χοςς</strong></span> <span class='ocrx_word' id='word_1_401' title='bbox 2437 2179 2535 2250; x_wconf 82' lang='grc' dir='ltr'><strong>οὐχ</strong></span> <span class='ocrx_word' id='word_1_402' title='bbox 2554 2180 2633 2233; x_wconf 86' lang='grc' dir='ltr'><strong>ὅτι</strong></span> <span class='ocrx_word' id='word_1_403' title='bbox 2651 2179 2750 2244; x_wconf 81' lang='grc' dir='ltr'><strong>τὰς</strong></span> <span class='ocrx_word' id='word_1_404' title='bbox 2775 2183 2982 2245; x_wconf 78' lang='grc' dir='ltr'><strong>οἰκείας</strong></span> <span class='ocrx_word' id='word_1_405' title='bbox 3009 2181 3298 2253; x_wconf 81' lang='grc' dir='ltr'><strong>ὁμολογίας</strong></span> <span class='ocrx_word' id='word_1_406' title='bbox 3314 2182 3589 2256; x_wconf 78' lang='grc' dir='ltr'><strong>ἡθέτησαν</strong></span> <span class='ocrx_word' id='word_1_407' title='bbox 3614 2204 3629 2250; x_wconf 85' lang='grc'>;</span> <span class='ocrx_word' id='word_1_408' title='bbox 3654 2186 3846 2259; x_wconf 70' lang='grc' dir='ltr'><strong>Ὠσπερ</strong></span> 
     </span>
    </p>
   </div>
   <div class='ocr_carea' id='block_1_65' title="bbox 2286 2269 3846 2348">
    <p class='ocr_par' dir='ltr' id='par_1_65' title="bbox 2286 2269 3846 2348">
     <span class='ocr_line' id='line_1_65' title="bbox 2286 2269 3846 2348; baseline 0.006 -25"><span class='ocrx_word' id='word_1_409' title='bbox 2286 2269 2549 2341; x_wconf 80' lang='grc' dir='ltr'><strong>ὁμολογία</strong></span> <span class='ocrx_word' id='word_1_410' title='bbox 2585 2271 2684 2343; x_wconf 79' lang='grc' dir='ltr'><strong>τῆς</strong></span> <span class='ocrx_word' id='word_1_411' title='bbox 2727 2273 2808 2335; x_wconf 87' lang='grc' dir='ltr'><strong>είς</strong></span> <span class='ocrx_word' id='word_1_412' title='bbox 2836 2271 2970 2327; x_wconf 84' lang='grc' dir='ltr'><strong>Θεὸν</strong></span> <span class='ocrx_word' id='word_1_413' title='bbox 3018 2272 3275 2342; x_wconf 88' lang='grc' dir='ltr'><strong>πίστεως,</strong></span> <span class='ocrx_word' id='word_1_414' title='bbox 3305 2275 3399 2329; x_wconf 83' lang='grc' dir='ltr'><strong>τὸν</strong></span> <span class='ocrx_word' id='word_1_415' title='bbox 3442 2280 3545 2348; x_wconf 75' lang='grc' dir='ltr'><strong>τῆς</strong></span> <span class='ocrx_word' id='word_1_416' title='bbox 3581 2278 3846 2343; x_wconf 73' lang='grc' dir='ltr'><strong>εὐσεϐείας</strong></span> 
     </span>
    </p>
   </div>
   <div class='ocr_carea' id='block_1_66' title="bbox 2290 2363 3845 2443">
    <p class='ocr_par' dir='ltr' id='par_1_66' title="bbox 2290 2363 3845 2443">
     <span class='ocr_line' id='line_1_66' title="bbox 2290 2363 3845 2443; baseline 0.007 -27"><span class='ocrx_word' id='word_1_417' title='bbox 2290 2363 2638 2434; x_wconf 80' lang='grc' dir='ltr'><strong>μακαρισμὸν</strong></span> <span class='ocrx_word' id='word_1_418' title='bbox 2662 2363 2935 2434; x_wconf 80' lang='grc' dir='ltr'><strong>προξενεῖ,</strong></span> <span class='ocrx_word' id='word_1_419' title='bbox 2969 2364 3112 2420; x_wconf 79' lang='grc' dir='ltr'><strong>οὕτω</strong></span> <span class='ocrx_word' id='word_1_420' title='bbox 3138 2366 3235 2422; x_wconf 80' lang='grc' dir='ltr'><strong>καὶ</strong></span> <span class='ocrx_word' id='word_1_421' title='bbox 3256 2369 3291 2440; x_wconf 86' lang='grc' dir='ltr'><strong>ἡ</strong></span> <span class='ocrx_word' id='word_1_422' title='bbox 3332 2368 3570 2442; x_wconf 77' lang='grc' dir='ltr'><strong>ἄρνησις</strong></span> <span class='ocrx_word' id='word_1_423' title='bbox 3601 2372 3672 2443; x_wconf 74' lang='grc' dir='ltr'><strong>τῇ</strong></span> <span class='ocrx_word' id='word_1_424' title='bbox 3691 2387 3845 2426; x_wconf 69' lang='lat' dir='ltr'><strong>usa-</strong></span> 
     </span>
    </p>
   </div>
   <div class='ocr_carea' id='block_1_67' title="bbox 2286 2453 3697 2529">
    <p class='ocr_par' dir='ltr' id='par_1_67' title="bbox 2286 2453 3697 2529">
     <span class='ocr_line' id='line_1_67' title="bbox 2286 2453 3697 2529; baseline 0.009 -22"><span class='ocrx_word' id='word_1_425' title='bbox 2286 2453 2467 2526; x_wconf 84' lang='grc' dir='ltr'><strong>κρίσει</strong></span> <span class='ocrx_word' id='word_1_426' title='bbox 2487 2455 2585 2526; x_wconf 84' lang='grc' dir='ltr'><strong>τῆς</strong></span> <span class='ocrx_word' id='word_1_427' title='bbox 2610 2454 2903 2529; x_wconf 81' lang='grc' dir='ltr'><strong>ἀθεότητος</strong></span> <span class='ocrx_word' id='word_1_428' title='bbox 2929 2457 3244 2516; x_wconf 76' lang='grc' dir='ltr'><strong>ὑποϐάλλει.</strong></span> <span class='ocrx_word' id='word_1_429' title='bbox 3690 2464 3697 2471; x_wconf 87' lang='grc'><strong>’</strong></span> 
     </span>
    </p>
   </div>
   <div class='ocr_carea' id='block_1_68' title="bbox 2354 2637 3842 2713">
    <p class='ocr_par' dir='ltr' id='par_1_68' title="bbox 2354 2637 3842 2713">
     <span class='ocr_line' id='line_1_68' title="bbox 2354 2637 3842 2713; baseline 0.004 -19"><span class='ocrx_word' id='word_1_430' title='bbox 2354 2637 2706 2712; x_wconf 76' lang='grc' dir='ltr'><strong>Παρεμὸαλεῖ</strong></span> <span class='ocrx_word' id='word_1_431' title='bbox 2744 2638 2979 2707; x_wconf 80' lang='grc' dir='ltr'><strong>ἄγγελος</strong></span> <span class='ocrx_word' id='word_1_432' title='bbox 3019 2639 3227 2713; x_wconf 80' lang='grc' dir='ltr'><strong>Κυρίου</strong></span> <span class='ocrx_word' id='word_1_433' title='bbox 3255 2642 3421 2696; x_wconf 81' lang='grc' dir='ltr'><strong>παντὶ</strong></span> <span class='ocrx_word' id='word_1_434' title='bbox 3472 2645 3842 2700; x_wconf 79' lang='grc' dir='ltr'><strong>πεπιστευκότι</strong></span> 
     </span>
    </p>
   </div>
   <div class='ocr_carea' id='block_1_69' title="bbox 2284 2727 3844 2806">
    <p class='ocr_par' dir='ltr' id='par_1_69' title="bbox 2284 2727 3844 2806">
     <span class='ocr_line' id='line_1_69' title="bbox 2284 2727 3844 2806; baseline 0.005 -25"><span class='ocrx_word' id='word_1_435' title='bbox 2284 2729 2366 2794; x_wconf 88' lang='grc' dir='ltr'><strong>είς</strong></span> <span class='ocrx_word' id='word_1_436' title='bbox 2388 2729 2478 2782; x_wconf 85' lang='grc' dir='ltr'><strong>τὸν</strong></span> <span class='ocrx_word' id='word_1_437' title='bbox 2509 2727 2733 2800; x_wconf 76' lang='grc' dir='ltr'><strong>Κύριον.</strong></span> <span class='ocrx_word' id='word_1_438' title='bbox 2787 2729 3055 2799; x_wconf 78' lang='grc' dir='ltr'><strong>Ἀγγελος</strong></span> <span class='ocrx_word' id='word_1_439' title='bbox 3104 2730 3454 2804; x_wconf 78' lang='grc' dir='ltr'><strong>παρεδρεύει,</strong></span> <span class='ocrx_word' id='word_1_440' title='bbox 3505 2732 3609 2788; x_wconf 68' lang='grc' dir='ltr'><strong>ἐὰν</strong></span> <span class='ocrx_word' id='word_1_441' title='bbox 3651 2736 3844 2806; x_wconf 73' lang='grc' dir='ltr'><strong>μήποτε</strong></span> 
     </span>
    </p>
   </div>
   <div class='ocr_carea' id='block_1_70' title="bbox 2285 2820 3839 2900">
    <p class='ocr_par' dir='ltr' id='par_1_70' title="bbox 2285 2820 3839 2900">
     <span class='ocr_line' id='line_1_70' title="bbox 2285 2820 3839 2900; baseline 0.005 -26"><span class='ocrx_word' id='word_1_442' title='bbox 2285 2820 2447 2875; x_wconf 79' lang='grc' dir='ltr'><strong>αὐτὸν</strong></span> <span class='ocrx_word' id='word_1_443' title='bbox 2476 2820 2640 2892; x_wconf 81' lang='grc' dir='ltr'><strong>ἡμεῖς</strong></span> <span class='ocrx_word' id='word_1_444' title='bbox 2668 2822 2736 2874; x_wconf 82' lang='grc' dir='ltr'><strong>ὲκ</strong></span> <span class='ocrx_word' id='word_1_445' title='bbox 2779 2821 2890 2875; x_wconf 85' lang='grc' dir='ltr'><strong>τῶν</strong></span> <span class='ocrx_word' id='word_1_446' title='bbox 2928 2821 3184 2895; x_wconf 83' lang='grc' dir='ltr'><strong>πονηρῶν</strong></span> <span class='ocrx_word' id='word_1_447' title='bbox 3234 2822 3410 2896; x_wconf 79' lang='grc' dir='ltr'><strong>ιργων</strong></span> <span class='ocrx_word' id='word_1_448' title='bbox 3437 2824 3839 2900; x_wconf 76' lang='grc' dir='ltr'><strong>ἀποδιώξωμεν.</strong></span> 
     </span>
    </p>
   </div>
   <div class='ocr_carea' id='block_1_71' title="bbox 2295 2912 3843 2988">
    <p class='ocr_par' dir='ltr' id='par_1_71' title="bbox 2295 2912 3843 2988">
     <span class='ocr_line' id='line_1_71' title="bbox 2295 2912 3843 2988; baseline 0.006 -21"><span class='ocrx_word' id='word_1_449' title='bbox 2295 2912 2384 2979; x_wconf 83' lang='grc' dir='ltr'><strong>Ὦς</strong></span> <span class='ocrx_word' id='word_1_450' title='bbox 2410 2912 2517 2985; x_wconf 81' lang='grc' dir='ltr'><strong>γὰρ</strong></span> <span class='ocrx_word' id='word_1_451' title='bbox 2544 2913 2643 2978; x_wconf 90' lang='grc' dir='ltr'><strong>τάς</strong></span> <span class='ocrx_word' id='word_1_452' title='bbox 2684 2913 2945 2984; x_wconf 80' lang='grc' dir='ltr'><strong>μελίσσας</strong></span> <span class='ocrx_word' id='word_1_453' title='bbox 2993 2915 3202 2981; x_wconf 81' lang='grc' dir='ltr'><strong>καπνὸς</strong></span> <span class='ocrx_word' id='word_1_454' title='bbox 3250 2918 3569 2988; x_wconf 80' lang='grc' dir='ltr'><strong>φυγαδεύει,</strong></span> <span class='ocrx_word' id='word_1_455' title='bbox 3634 2925 3729 2975; x_wconf 82' lang='grc' dir='ltr'><strong>καὶ</strong></span> <span class='ocrx_word' id='word_1_456' title='bbox 3760 2922 3843 2986; x_wconf 65' lang='grc' dir='ltr'><strong>τὰς</strong></span> 
     </span>
    </p>
   </div>
   <div class='ocr_carea' id='block_1_72' title="bbox 2284 3004 3845 3082">
    <p class='ocr_par' dir='ltr' id='par_1_72' title="bbox 2284 3004 3845 3082">
     <span class='ocr_line' id='line_1_72' title="bbox 2284 3004 3845 3082; baseline 0.006 -24"><span class='ocrx_word' id='word_1_457' title='bbox 2284 3005 2612 3076; x_wconf 85' lang='grc' dir='ltr'><strong>περιστερὰς</strong></span> <span class='ocrx_word' id='word_1_458' title='bbox 2639 3004 2922 3071; x_wconf 76' lang='grc' dir='ltr'><strong>ἐξελαύνει</strong></span> <span class='ocrx_word' id='word_1_459' title='bbox 2945 3005 3201 3073; x_wconf 84' lang='grc' dir='ltr'><strong>δυσωδία,</strong></span> <span class='ocrx_word' id='word_1_460' title='bbox 3225 3006 3372 3064; x_wconf 74' lang='grc' dir='ltr'><strong>οὕτω</strong></span> <span class='ocrx_word' id='word_1_461' title='bbox 3399 3010 3497 3064; x_wconf 57' lang='grc' dir='ltr'><strong>καί⁵</strong></span> <span class='ocrx_word' id='word_1_462' title='bbox 3524 3011 3621 3066; x_wconf 82' lang='grc' dir='ltr'><strong>τὸν</strong></span> <span class='ocrx_word' id='word_1_463' title='bbox 3646 3012 3845 3082; x_wconf 77' lang='grc' dir='ltr'><strong>φύλακα</strong></span> 
     </span>
    </p>
   </div>
   <div class='ocr_carea' id='block_1_73' title="bbox 2286 3095 3845 3181">
    <p class='ocr_par' dir='ltr' id='par_1_73' title="bbox 2286 3095 3845 3181">
     <span class='ocr_line' id='line_1_73' title="bbox 2286 3095 3845 3181; baseline 0.006 -29"><span class='ocrx_word' id='word_1_464' title='bbox 2286 3097 2387 3168; x_wconf 82' lang='grc' dir='ltr'><strong>τῆς</strong></span> <span class='ocrx_word' id='word_1_465' title='bbox 2416 3095 2563 3169; x_wconf 83' lang='grc' dir='ltr'><strong>ζωῆς</strong></span> <span class='ocrx_word' id='word_1_466' title='bbox 2600 3097 2759 3170; x_wconf 85' lang='grc' dir='ltr'><strong>ἡμῶν</strong></span> <span class='ocrx_word' id='word_1_467' title='bbox 2783 3098 3015 3169; x_wconf 75' lang='grc' dir='ltr'><strong>ἄγγελον</strong></span> <span class='ocrx_word' id='word_1_468' title='bbox 3042 3103 3078 3174; x_wconf 90' lang='grc' dir='ltr'><strong>ἡ</strong></span> <span class='ocrx_word' id='word_1_469' title='bbox 3110 3100 3459 3176; x_wconf 79' lang='grc' dir='ltr'><strong>πολύδακρυς</strong></span> <span class='ocrx_word' id='word_1_470' title='bbox 3493 3104 3594 3159; x_wconf 78' lang='grc' dir='ltr'><strong>καὶ</strong></span> <span class='ocrx_word' id='word_1_471' title='bbox 3622 3106 3845 3181; x_wconf 74' lang='grc' dir='ltr'><strong>δυσώδης</strong></span> 
     </span>
    </p>
   </div>
   <div class='ocr_carea' id='block_1_74' title="bbox 2286 3188 3875 3265">
    <p class='ocr_par' dir='ltr' id='par_1_74' title="bbox 2286 3188 3875 3265">
     <span class='ocr_line' id='line_1_74' title="bbox 2286 3188 3875 3265; baseline 0.007 -21"><span class='ocrx_word' id='word_1_472' title='bbox 2286 3188 2579 3263; x_wconf 83' lang='grc' dir='ltr'><strong>ἀφίστησιν</strong></span> <span class='ocrx_word' id='word_1_473' title='bbox 2608 3193 2873 3265; x_wconf 84' lang='grc' dir='ltr'><strong>ἁμαρτία.</strong></span> <span class='ocrx_word' id='word_1_474' title='bbox 3867 3218 3875 3227; x_wconf 82' lang='grc'><em>’</em></span> 
     </span>
    </p>
   </div>
   <div class='ocr_carea' id='block_1_75' title="bbox 2368 3281 3841 3361">
    <p class='ocr_par' dir='ltr' id='par_1_75' title="bbox 2368 3281 3841 3361">
     <span class='ocr_line' id='line_1_75' title="bbox 2368 3281 3841 3361; baseline 0.006 -25"><span class='ocrx_word' id='word_1_475' title='bbox 2368 3281 2430 3336; x_wconf 85' lang='grc'><strong>’0</strong></span> <span class='ocrx_word' id='word_1_476' title='bbox 2449 3282 2720 3348; x_wconf 83' lang='grc' dir='ltr'><strong>κοπιάσας</strong></span> <span class='ocrx_word' id='word_1_477' title='bbox 2756 3286 2814 3340; x_wconf 73' lang='lat' dir='ltr'><strong>tv</strong></span> <span class='ocrx_word' id='word_1_478' title='bbox 2843 3284 3111 3358; x_wconf 52' lang='grc' dir='ltr'><strong>τᾷηαίὦνι</strong></span> <span class='ocrx_word' id='word_1_479' title='bbox 3149 3286 3347 3361; x_wconf 80' lang='grc' dir='ltr'><strong>τούτῳ,</strong></span> <span class='ocrx_word' id='word_1_480' title='bbox 3376 3286 3610 3360; x_wconf 79' lang='grc' dir='ltr'><strong>ζήσεται</strong></span> <span class='ocrx_word' id='word_1_481' title='bbox 3644 3292 3725 3356; x_wconf 83' lang='grc' dir='ltr'><strong>είς</strong></span> <span class='ocrx_word' id='word_1_482' title='bbox 3762 3291 3841 3345; x_wconf 67' lang='grc' dir='ltr'><strong>τέο</strong></span> 
     </span>
    </p>
   </div>
   <div class='ocr_carea' id='block_1_76' title="bbox 2284 3371 3841 3453">
    <p class='ocr_par' dir='ltr' id='par_1_76' title="bbox 2284 3371 3841 3453">
     <span class='ocr_line' id='line_1_76' title="bbox 2284 3371 3841 3453; baseline 0.007 -27"><span class='ocrx_word' id='word_1_483' title='bbox 2284 3371 2397 3437; x_wconf 89' lang='grc' dir='ltr'><strong>λος.</strong></span> <span class='ocrx_word' id='word_1_484' title='bbox 2435 3374 2494 3427; x_wconf 92' lang='lat'><strong>&#39;0</strong></span> <span class='ocrx_word' id='word_1_485' title='bbox 2521 3374 2580 3427; x_wconf 76' lang='grc' dir='ltr'><strong>δὲ</strong></span> <span class='ocrx_word' id='word_1_486' title='bbox 2608 3376 2667 3429; x_wconf 75' lang='grc' dir='ltr'><strong>ἐν</strong></span> <span class='ocrx_word' id='word_1_487' title='bbox 2690 3379 2869 3448; x_wconf 81' lang='grc' dir='ltr'><strong>τρυφῇ</strong></span> <span class='ocrx_word' id='word_1_488' title='bbox 2896 3379 2993 3433; x_wconf 81' lang='grc' dir='ltr'><strong>καὶ</strong></span> <span class='ocrx_word' id='word_1_489' title='bbox 3039 3378 3262 3435; x_wconf 82' lang='grc' dir='ltr'><strong>ὲκλύσει</strong></span> <span class='ocrx_word' id='word_1_490' title='bbox 3307 3380 3457 3453; x_wconf 78' lang='grc' dir='ltr'><strong>πάσῃ</strong></span> <span class='ocrx_word' id='word_1_491' title='bbox 3506 3381 3734 3451; x_wconf 81' lang='grc' dir='ltr'><strong>διάγων,</strong></span> <span class='ocrx_word' id='word_1_492' title='bbox 3764 3384 3841 3437; x_wconf 70' lang='grc' dir='ltr'><strong>διά</strong></span> 
     </span>
    </p>
   </div>
   <div class='ocr_carea' id='block_1_77' title="bbox 2283 3461 3839 3543">
    <p class='ocr_par' dir='ltr' id='par_1_77' title="bbox 2283 3461 3839 3543">
     <span class='ocr_line' id='line_1_77' title="bbox 2283 3461 3839 3543; baseline 0.006 -26"><span class='ocrx_word' id='word_1_493' title='bbox 2283 3463 2345 3517; x_wconf 86' lang='grc' dir='ltr'><strong>τὸ</strong></span> <span class='ocrx_word' id='word_1_494' title='bbox 2374 3461 2713 3535; x_wconf 77' lang='grc' dir='ltr'><strong>ἁϐροδίαιτον</strong></span> <span class='ocrx_word' id='word_1_495' title='bbox 2762 3467 3053 3540; x_wconf 79' lang='grc' dir='ltr'><strong>πορφύραν</strong></span> <span class='ocrx_word' id='word_1_496' title='bbox 3094 3470 3190 3523; x_wconf 80' lang='grc' dir='ltr'><strong>καὶ</strong></span> <span class='ocrx_word' id='word_1_497' title='bbox 3241 3468 3438 3540; x_wconf 87' lang='grc' dir='ltr'><strong>βύσσον</strong></span> <span class='ocrx_word' id='word_1_498' title='bbox 3488 3472 3839 3543; x_wconf 55' lang='grc' dir='ltr'><strong>ἐνδεδυμὲνπ,</strong></span> 
     </span>
    </p>
   </div>
   <div class='ocr_carea' id='block_1_78' title="bbox 2282 3554 3838 3635">
    <p class='ocr_par' dir='ltr' id='par_1_78' title="bbox 2282 3554 3838 3635">
     <span class='ocr_line' id='line_1_78' title="bbox 2282 3554 3838 3635; baseline 0.007 -29"><span class='ocrx_word' id='word_1_499' title='bbox 2282 3554 2378 3607; x_wconf 80' lang='grc' dir='ltr'><strong>καὶ</strong></span> <span class='ocrx_word' id='word_1_500' title='bbox 2414 3554 2839 3626; x_wconf 82' lang='grc' dir='ltr'><strong>εὐφραινόμενος</strong></span> <span class='ocrx_word' id='word_1_501' title='bbox 2869 3559 2990 3613; x_wconf 87' lang='grc' dir='ltr'><strong>καθ’</strong></span> <span class='ocrx_word' id='word_1_502' title='bbox 3016 3559 3234 3633; x_wconf 79' lang='grc' dir='ltr'><strong>ἡμέραν</strong></span> <span class='ocrx_word' id='word_1_503' title='bbox 3271 3560 3562 3634; x_wconf 83' lang='grc' dir='ltr'><strong>λαμπρῶς,</strong></span> <span class='ocrx_word' id='word_1_504' title='bbox 3602 3566 3701 3618; x_wconf 75' lang='grc' dir='ltr'><strong>καὶ</strong></span> <span class='ocrx_word' id='word_1_505' title='bbox 3725 3565 3838 3635; x_wconf 72' lang='grc' dir='ltr'><strong>φεύ·</strong></span> 
     </span>
    </p>
   </div>
   <div class='ocr_carea' id='block_1_79' title="bbox 2281 3648 3835 3723">
    <p class='ocr_par' dir='ltr' id='par_1_79' title="bbox 2281 3648 3835 3723">
     <span class='ocr_line' id='line_1_79' title="bbox 2281 3648 3835 3723; baseline 0.008 -23"><span class='ocrx_word' id='word_1_506' title='bbox 2281 3661 2395 3715; x_wconf 87' lang='grc' dir='ltr'><strong>γων</strong></span> <span class='ocrx_word' id='word_1_507' title='bbox 2414 3648 2542 3712; x_wconf 83' lang='grc' dir='ltr'><strong>τοὺς</strong></span> <span class='ocrx_word' id='word_1_508' title='bbox 2568 3648 2707 3721; x_wconf 81' lang='grc' dir='ltr'><strong>ὑπὲρ</strong></span> <span class='ocrx_word' id='word_1_509' title='bbox 2737 3650 2943 3723; x_wconf 85' lang='grc' dir='ltr'><strong>ἀρετῆς</strong></span> <span class='ocrx_word' id='word_1_510' title='bbox 2971 3653 3273 3723; x_wconf 84' lang='grc' dir='ltr'><strong>καμάτους,</strong></span> <span class='ocrx_word' id='word_1_511' title='bbox 3301 3655 3426 3709; x_wconf 80' lang='grc' dir='ltr'><strong>οὕτε</strong></span> <span class='ocrx_word' id='word_1_512' title='bbox 3466 3657 3761 3711; x_wconf 75' lang='grc' dir='ltr'><strong>ἐκοπίασεν</strong></span> <span class='ocrx_word' id='word_1_513' title='bbox 3785 3661 3835 3713; x_wconf 79' lang='grc' dir='ltr'><strong>ὲν</strong></span> 
     </span>
    </p>
   </div>
   <div class='ocr_carea' id='block_1_80' title="bbox 2281 3736 3835 3816">
    <p class='ocr_par' dir='ltr' id='par_1_80' title="bbox 2281 3736 3835 3816">
     <span class='ocr_line' id='line_1_80' title="bbox 2281 3736 3835 3816; baseline 0.006 -25"><span class='ocrx_word' id='word_1_514' title='bbox 2281 3736 2357 3809; x_wconf 84' lang='grc' dir='ltr'><strong>τῷ</strong></span> <span class='ocrx_word' id='word_1_515' title='bbox 2379 3737 2536 3792; x_wconf 83' lang='grc' dir='ltr'><strong>αίῶνι</strong></span> <span class='ocrx_word' id='word_1_516' title='bbox 2562 3739 2759 3812; x_wconf 87' lang='grc' dir='ltr'><strong>τούτῳ,</strong></span> <span class='ocrx_word' id='word_1_517' title='bbox 2787 3739 2913 3794; x_wconf 76' lang='grc' dir='ltr'><strong>οὔτε</strong></span> <span class='ocrx_word' id='word_1_518' title='bbox 2938 3741 3168 3814; x_wconf 80' lang='grc' dir='ltr'><strong>ζήσεται</strong></span> <span class='ocrx_word' id='word_1_519' title='bbox 3196 3743 3255 3798; x_wconf 83' lang='grc' dir='ltr'><strong>ὲν</strong></span> <span class='ocrx_word' id='word_1_520' title='bbox 3287 3745 3367 3816; x_wconf 82' lang='grc' dir='ltr'><strong>τῷ</strong></span> <span class='ocrx_word' id='word_1_521' title='bbox 3401 3745 3653 3816; x_wconf 82' lang='grc' dir='ltr'><strong>μέλλοντι</strong></span> <span class='ocrx_word' id='word_1_522' title='bbox 3677 3788 3693 3812; x_wconf 87' lang='grc'><strong>,</strong></span> 
     </span>
    </p>
   </div>
   <div class='ocr_carea' id='block_1_81' title="bbox 2282 3831 3834 3912">
    <p class='ocr_par' dir='ltr' id='par_1_81' title="bbox 2282 3831 3834 3912">
     <span class='ocr_line' id='line_1_81' title="bbox 2282 3831 3834 3912; baseline 0.006 -28"><span class='ocrx_word' id='word_1_523' title='bbox 2282 3831 2500 3903; x_wconf 85' lang='grc' dir='ltr'><strong>μακρὰν</strong></span> <span class='ocrx_word' id='word_1_524' title='bbox 2523 3831 2716 3904; x_wconf 77' lang='grc' dir='ltr'><strong>ὄψεται</strong></span> <span class='ocrx_word' id='word_1_525' title='bbox 2740 3834 2841 3906; x_wconf 80' lang='grc' dir='ltr'><strong>τὴν</strong></span> <span class='ocrx_word' id='word_1_526' title='bbox 2868 3833 3034 3907; x_wconf 78' lang='grc' dir='ltr'><strong>ζωὴν,</strong></span> <span class='ocrx_word' id='word_1_527' title='bbox 3061 3836 3489 3910; x_wconf 74' lang='grc' dir='ltr'><strong>βασανιζόμενος</strong></span> <span class='ocrx_word' id='word_1_528' title='bbox 3516 3844 3575 3893; x_wconf 83' lang='grc' dir='ltr'><strong>ὲν</strong></span> <span class='ocrx_word' id='word_1_529' title='bbox 3600 3844 3670 3912; x_wconf 77' lang='grc' dir='ltr'><strong>τῇ</strong></span> <span class='ocrx_word' id='word_1_530' title='bbox 3695 3841 3834 3910; x_wconf 75' lang='grc' dir='ltr'><strong>φλογὶ</strong></span> 
     </span>
    </p>
   </div>
   <div class='ocr_carea' id='block_1_82' title="bbox 2279 3924 2650 3995">
    <p class='ocr_par' dir='ltr' id='par_1_82' title="bbox 2279 3924 2650 3995">
     <span class='ocr_line' id='line_1_82' title="bbox 2279 3924 2650 3995; baseline 0.005 -19"><span class='ocrx_word' id='word_1_531' title='bbox 2279 3925 2378 3993; x_wconf 82' lang='grc' dir='ltr'><strong>τῆς</strong></span> <span class='ocrx_word' id='word_1_532' title='bbox 2398 3924 2650 3995; x_wconf 88' lang='grc' dir='ltr'><strong>καμίνου.</strong></span> 
     </span>
    </p>
   </div>
   <div class='ocr_carea' id='block_1_83' title="bbox 2352 4015 3829 4093">
    <p class='ocr_par' dir='ltr' id='par_1_83' title="bbox 2352 4015 3829 4093">
     <span class='ocr_line' id='line_1_83' title="bbox 2352 4015 3829 4093; baseline 0.004 -25"><span class='ocrx_word' id='word_1_533' title='bbox 2352 4015 2561 4086; x_wconf 81' lang='grc' dir='ltr'><strong>Ὠσπερ</strong></span> <span class='ocrx_word' id='word_1_534' title='bbox 2586 4017 2620 4085; x_wconf 89' lang='grc' dir='ltr'><strong>ἡ</strong></span> <span class='ocrx_word' id='word_1_535' title='bbox 2647 4015 2775 4069; x_wconf 88' lang='grc' dir='ltr'><strong>σκιά</strong></span> <span class='ocrx_word' id='word_1_536' title='bbox 2806 4016 2885 4087; x_wconf 83' lang='grc' dir='ltr'><strong>τῷ</strong></span> <span class='ocrx_word' id='word_1_537' title='bbox 2911 4016 3146 4090; x_wconf 85' lang='grc' dir='ltr'><strong>σώματι,</strong></span> <span class='ocrx_word' id='word_1_538' title='bbox 3189 4019 3331 4074; x_wconf 77' lang='grc' dir='ltr'><strong>οὕτω</strong></span> <span class='ocrx_word' id='word_1_539' title='bbox 3379 4022 3502 4085; x_wconf 82' lang='grc' dir='ltr'><strong>ταῖς</strong></span> <span class='ocrx_word' id='word_1_540' title='bbox 3547 4021 3747 4093; x_wconf 70' lang='grc' dir='ltr'><strong>ψυχαῖς</strong></span> <span class='ocrx_word' id='word_1_541' title='bbox 3782 4022 3829 4074; x_wconf 79' lang='lat' dir='ltr'><strong>ai</strong></span> 
     </span>
    </p>
   </div>
   <div class='ocr_carea' id='block_1_84' title="bbox 2277 4105 3827 4183">
    <p class='ocr_par' dir='ltr' id='par_1_84' title="bbox 2277 4105 3827 4183">
     <span class='ocr_line' id='line_1_84' title="bbox 2277 4105 3827 4183; baseline 0.005 -26"><span class='ocrx_word' id='word_1_542' title='bbox 2277 4105 2545 4177; x_wconf 86' lang='grc' dir='ltr'><strong>ἁμαρτίαι</strong></span> <span class='ocrx_word' id='word_1_543' title='bbox 2579 4107 2939 4178; x_wconf 85' lang='grc' dir='ltr'><strong>παρέπονται,</strong></span> <span class='ocrx_word' id='word_1_544' title='bbox 2962 4109 3213 4180; x_wconf 76' lang='grc' dir='ltr'><strong>ἐναργεῖς</strong></span> <span class='ocrx_word' id='word_1_545' title='bbox 3247 4109 3347 4177; x_wconf 81' lang='grc' dir='ltr'><strong>τὰς</strong></span> <span class='ocrx_word' id='word_1_546' title='bbox 3379 4110 3612 4183; x_wconf 78' lang='grc' dir='ltr'><strong>πράξεις</strong></span> <span class='ocrx_word' id='word_1_547' title='bbox 3641 4112 3827 4177; x_wconf 77' lang='grc' dir='ltr'><strong>ἐξεικο-</strong></span> 
     </span>
    </p>
   </div>
   <div class='ocr_carea' id='block_1_85' title="bbox 2274 4196 2538 4261">
    <p class='ocr_par' dir='ltr' id='par_1_85' title="bbox 2274 4196 2538 4261">
     <span class='ocr_line' id='line_1_85' title="bbox 2274 4196 2538 4261; baseline -0.004 -10"><span class='ocrx_word' id='word_1_548' title='bbox 2274 4196 2538 4261; x_wconf 75' lang='grc' dir='ltr'><strong>νίζουσαι.</strong></span> 
     </span>
    </p>
   </div>
   <div class='ocr_carea' id='block_1_86' title="bbox 2344 4288 3823 4365">
    <p class='ocr_par' dir='ltr' id='par_1_86' title="bbox 2344 4288 3823 4365">
     <span class='ocr_line' id='line_1_86' title="bbox 2344 4288 3823 4365; baseline 0.003 -22"><span class='ocrx_word' id='word_1_549' title='bbox 2344 4288 2562 4361; x_wconf 79' lang='grc' dir='ltr'><strong>Οῦπωὴ</strong></span> <span class='ocrx_word' id='word_1_550' title='bbox 2603 4290 2866 4362; x_wconf 87' lang='grc' dir='ltr'><strong>καταδίκη</strong></span> <span class='ocrx_word' id='word_1_551' title='bbox 2892 4290 3164 4356; x_wconf 76' lang='grc' dir='ltr'><strong>ἐνεπόδιζε</strong></span> <span class='ocrx_word' id='word_1_552' title='bbox 3206 4294 3270 4365; x_wconf 80' lang='grc' dir='ltr'><strong>τῇ</strong></span> <span class='ocrx_word' id='word_1_553' title='bbox 3312 4291 3535 4363; x_wconf 73' lang='grc' dir='ltr'><strong>εὐθηνίᾳ</strong></span> <span class='ocrx_word' id='word_1_554' title='bbox 3562 4294 3668 4362; x_wconf 69' lang='grc' dir='ltr'><strong>τῆς</strong></span> <span class='ocrx_word' id='word_1_555' title='bbox 3716 4293 3823 4361; x_wconf 75' lang='grc' dir='ltr'><strong>γῆς.</strong></span> 
     </span>
    </p>
   </div>
   <div class='ocr_carea' id='block_1_87' title="bbox 2273 4381 3826 4455">
    <p class='ocr_par' dir='ltr' id='par_1_87' title="bbox 2273 4381 3826 4455">
     <span class='ocr_line' id='line_1_87' title="bbox 2273 4381 3826 4455; baseline -0.001 -20"><span class='ocrx_word' id='word_1_556' title='bbox 2273 4382 2633 4455; x_wconf 81' lang='grc' dir='ltr'><strong>Πρεσϐυτέρα</strong></span> <span class='ocrx_word' id='word_1_557' title='bbox 2659 4382 2767 4453; x_wconf 82' lang='grc' dir='ltr'><strong>γὰρ</strong></span> <span class='ocrx_word' id='word_1_558' title='bbox 2797 4381 2935 4454; x_wconf 83' lang='grc' dir='ltr'><strong>αῦτη</strong></span> <span class='ocrx_word' id='word_1_559' title='bbox 2964 4383 3061 4455; x_wconf 84' lang='grc' dir='ltr'><strong>τῆς</strong></span> <span class='ocrx_word' id='word_1_560' title='bbox 3088 4384 3381 4454; x_wconf 79' lang='grc' dir='ltr'><strong>ἁμαρτίας,</strong></span> <span class='ocrx_word' id='word_1_561' title='bbox 3403 4384 3472 4436; x_wconf 79' lang='grc' dir='ltr'><strong>δι’</strong></span> <span class='ocrx_word' id='word_1_562' title='bbox 3492 4383 3563 4454; x_wconf 80' lang='grc' dir='ltr'><strong>ἡν</strong></span> <span class='ocrx_word' id='word_1_563' title='bbox 3586 4383 3826 4453; x_wconf 77' lang='grc' dir='ltr'><strong>κατεκρί-</strong></span> 
     </span>
    </p>
   </div>
   <div class='ocr_carea' id='block_1_88' title="bbox 609 4472 2180 4558">
    <p class='ocr_par' dir='ltr' id='par_1_88' title="bbox 609 4474 2169 4549">
     <span class='ocr_line' id='line_1_88' title="bbox 609 4474 2169 4549; baseline 0.003 -19"><span class='ocrx_word' id='word_1_564' title='bbox 609 4476 755 4531; x_wconf 85' lang='lat' dir='ltr'><strong>enim</strong></span> <span class='ocrx_word' id='word_1_565' title='bbox 812 4474 1092 4545; x_wconf 86' lang='lat' dir='ltr'><strong>antiquior</strong></span> <span class='ocrx_word' id='word_1_566' title='bbox 1146 4483 1266 4530; x_wconf 89' lang='lat' dir='ltr'><strong>erat</strong></span> <span class='ocrx_word' id='word_1_567' title='bbox 1316 4484 1569 4546; x_wconf 89' lang='lat' dir='ltr'><strong>peccato,</strong></span> <span class='ocrx_word' id='word_1_568' title='bbox 1630 4486 1855 4547; x_wconf 90' lang='lat' dir='ltr'><strong>propter</strong></span> <span class='ocrx_word' id='word_1_569' title='bbox 1904 4479 2050 4549; x_wconf 88' lang='lat' dir='ltr'><strong>quod</strong></span> <span class='ocrx_word' id='word_1_570' title='bbox 2105 4494 2169 4536; x_wconf 88' lang='lat' dir='ltr'><strong>ea</strong></span> 
     </span>
    </p>
   </div>
   <div class='ocr_carea' id='block_1_89' title="bbox 2281 4472 3825 4558">
    <p class='ocr_par' dir='ltr' id='par_1_89' title="bbox 2281 4472 3825 4545">
     <span class='ocr_line' id='line_1_89' title="bbox 2281 4472 3825 4545; baseline -0.001 -17"><span class='ocrx_word' id='word_1_571' title='bbox 2281 4472 2448 4543; x_wconf 85' lang='grc' dir='ltr'><strong>θημεν</strong></span> <span class='ocrx_word' id='word_1_572' title='bbox 2481 4475 2538 4527; x_wconf 84' lang='grc' dir='ltr'><strong>ὲν</strong></span> <span class='ocrx_word' id='word_1_573' title='bbox 2585 4474 2771 4545; x_wconf 86' lang='grc' dir='ltr'><strong>ίδρῶτι</strong></span> <span class='ocrx_word' id='word_1_574' title='bbox 2808 4474 2903 4527; x_wconf 92' lang='grc' dir='ltr'><strong>τοῦ</strong></span> <span class='ocrx_word' id='word_1_575' title='bbox 2960 4474 3247 4545; x_wconf 84' lang='grc' dir='ltr'><strong>προσώπου</strong></span> <span class='ocrx_word' id='word_1_576' title='bbox 3294 4475 3448 4545; x_wconf 82' lang='grc' dir='ltr'><strong>ἡμῶν</strong></span> <span class='ocrx_word' id='word_1_577' title='bbox 3498 4473 3704 4527; x_wconf 80' lang='grc' dir='ltr'><strong>ἐσθίειν</strong></span> <span class='ocrx_word' id='word_1_578' title='bbox 3748 4474 3825 4527; x_wconf 64' lang='grc' dir='ltr'><strong>τὶν</strong></span> 
     </span>
    </p>
   </div>
   <div class='ocr_carea' id='block_1_90' title="bbox 610 4561 2180 4640">
    <p class='ocr_par' dir='ltr' id='par_1_90' title="bbox 610 4568 2172 4640">
     <span class='ocr_line' id='line_1_90' title="bbox 610 4568 2172 4640; baseline 0.004 -18"><span class='ocrx_word' id='word_1_579' title='bbox 610 4582 770 4638; x_wconf 78' lang='lat' dir='ltr'><strong>pmna</strong></span> <span class='ocrx_word' id='word_1_580' title='bbox 817 4568 1032 4622; x_wconf 91' lang='lat' dir='ltr'><strong>multati</strong></span> <span class='ocrx_word' id='word_1_581' title='bbox 1087 4583 1301 4637; x_wconf 87' lang='lat' dir='ltr'><strong>sumus,</strong></span> <span class='ocrx_word' id='word_1_582' title='bbox 1351 4579 1411 4623; x_wconf 94' lang='lat' dir='ltr'><strong>ut</strong></span> <span class='ocrx_word' id='word_1_583' title='bbox 1454 4585 1655 4640; x_wconf 87' lang='lat' dir='ltr'><strong>panem</strong></span> <span class='ocrx_word' id='word_1_584' title='bbox 1689 4580 1938 4626; x_wconf 90' lang='lat' dir='ltr'><strong>nostrum</strong></span> <span class='ocrx_word' id='word_1_585' title='bbox 1969 4572 2172 4629; x_wconf 85' lang='lat' dir='ltr'><strong>sudore</strong></span> 
     </span>
    </p>
   </div>
   <div class='ocr_carea' id='block_1_91' title="bbox 2281 4561 3823 4640">
    <p class='ocr_par' dir='ltr' id='par_1_91' title="bbox 2281 4561 3823 4636">
     <span class='ocr_line' id='line_1_91' title="bbox 2281 4561 3823 4636; baseline -0.001 -18"><span class='ocrx_word' id='word_1_586' title='bbox 2281 4564 2458 4635; x_wconf 68' lang='grc' dir='ltr'><strong>ἄρτον.</strong></span> <span class='ocrx_word' id='word_1_587' title='bbox 2495 4565 2640 4634; x_wconf 81' lang='grc' dir='ltr'><strong>Πλὴν</strong></span> <span class='ocrx_word' id='word_1_588' title='bbox 2659 4565 2721 4618; x_wconf 82' lang='grc' dir='ltr'><strong>τὸ</strong></span> <span class='ocrx_word' id='word_1_589' title='bbox 2742 4565 2893 4636; x_wconf 71' lang='grc' dir='ltr'><strong>ῥόδον</strong></span> <span class='ocrx_word' id='word_1_590' title='bbox 2918 4566 3046 4619; x_wconf 83' lang='grc' dir='ltr'><strong>ἄνευ</strong></span> <span class='ocrx_word' id='word_1_591' title='bbox 3069 4566 3310 4635; x_wconf 83' lang='grc' dir='ltr'><strong>ἀκάνθης</strong></span> <span class='ocrx_word' id='word_1_592' title='bbox 3330 4561 3397 4635; x_wconf 80' lang='grc' dir='ltr'><strong>ἦν</strong></span> <span class='ocrx_word' id='word_1_593' title='bbox 3426 4565 3555 4618; x_wconf 83' lang='grc' dir='ltr'><strong>πότε</strong></span> <span class='ocrx_word' id='word_1_594' title='bbox 3570 4580 3585 4594; x_wconf 76' lang='grc' dir='ltr'><strong>ο</strong></span> <span class='ocrx_word' id='word_1_595' title='bbox 3618 4564 3823 4635; x_wconf 82' lang='grc' dir='ltr'><strong>ὕστερον</strong></span> 
     </span>
    </p>
   </div>
   <div class='ocr_carea' id='block_1_92' title="bbox 609 4656 2173 4733">
    <p class='ocr_par' dir='ltr' id='par_1_92' title="bbox 609 4656 2173 4733">
     <span class='ocr_line' id='line_1_92' title="bbox 609 4656 2173 4733; baseline 0.006 -24"><span class='ocrx_word' id='word_1_596' title='bbox 609 4658 799 4711; x_wconf 89' lang='lat' dir='ltr'><strong>vultus</strong></span> <span class='ocrx_word' id='word_1_597' title='bbox 860 4656 1295 4713; x_wconf 84' lang='lat' dir='ltr'><strong>comederemus.</strong></span> <span class='ocrx_word' id='word_1_598' title='bbox 1337 4656 1609 4714; x_wconf 61' lang='lat' dir='ltr'><strong>Caeterum</strong></span> <span class='ocrx_word' id='word_1_599' title='bbox 1660 4674 1785 4714; x_wconf 86' lang='lat' dir='ltr'><strong>rosa</strong></span> <span class='ocrx_word' id='word_1_600' title='bbox 1822 4660 1953 4716; x_wconf 90' lang='lat' dir='ltr'><strong>olim</strong></span> <span class='ocrx_word' id='word_1_601' title='bbox 1997 4664 2173 4733; x_wconf 66' lang='lat' dir='ltr'><strong>apinae</strong></span> 
     </span>
    </p>
   </div>
   <div class='ocr_carea' id='block_1_93' title="bbox 608 4749 2171 4823">
    <p class='ocr_par' dir='ltr' id='par_1_93' title="bbox 608 4749 2171 4823">
     <span class='ocr_line' id='line_1_93' title="bbox 608 4749 2171 4823; baseline 0.004 -22"><span class='ocrx_word' id='word_1_602' title='bbox 608 4762 809 4816; x_wconf 67' lang='lat' dir='ltr'><strong>expeis</strong></span> <span class='ocrx_word' id='word_1_603' title='bbox 832 4755 951 4802; x_wconf 82' lang='lat' dir='ltr'><strong>erat</strong></span> <span class='ocrx_word' id='word_1_604' title='bbox 988 4765 1000 4802; x_wconf 91' lang='lat'><strong>:</strong></span> <span class='ocrx_word' id='word_1_605' title='bbox 1035 4756 1161 4818; x_wconf 88' lang='lat' dir='ltr'><strong>post</strong></span> <span class='ocrx_word' id='word_1_606' title='bbox 1208 4758 1417 4817; x_wconf 90' lang='lat' dir='ltr'><strong>autem,</strong></span> <span class='ocrx_word' id='word_1_607' title='bbox 1466 4749 1621 4805; x_wconf 83' lang='lat' dir='ltr'><strong>ﬂoris</strong></span> <span class='ocrx_word' id='word_1_608' title='bbox 1658 4752 1948 4822; x_wconf 66' lang='lat' dir='ltr'><strong>elegantiae</strong></span> <span class='ocrx_word' id='word_1_609' title='bbox 1972 4754 2171 4823; x_wconf 89' lang='lat' dir='ltr'><strong>adjun-</strong></span> 
     </span>
    </p>
   </div>
   <div class='ocr_carea' id='block_1_94' title="bbox 520 4841 2167 4911">
    <p class='ocr_par' dir='ltr' id='par_1_94' title="bbox 520 4841 2167 4911">
     <span class='ocr_line' id='line_1_94' title="bbox 520 4841 2167 4911; baseline 0.006 -21"><span class='ocrx_word' id='word_1_610' title='bbox 520 4842 528 4851; x_wconf 88' lang='lat'><strong><em>&#39;</em></strong></span> <span class='ocrx_word' id='word_1_611' title='bbox 607 4849 695 4893; x_wconf 74' lang='lat' dir='ltr'><strong>ctu</strong></span> <span class='ocrx_word' id='word_1_612' title='bbox 727 4841 882 4911; x_wconf 88' lang='lat' dir='ltr'><strong>spina</strong></span> <span class='ocrx_word' id='word_1_613' title='bbox 931 4849 1037 4907; x_wconf 88' lang='lat' dir='ltr'><strong>est,</strong></span> <span class='ocrx_word' id='word_1_614' title='bbox 1089 4850 1152 4897; x_wconf 91' lang='lat' dir='ltr'><strong>ut</strong></span> <span class='ocrx_word' id='word_1_615' title='bbox 1196 4842 1539 4911; x_wconf 78' lang='lat' dir='ltr'><strong>iucunditati</strong></span> <span class='ocrx_word' id='word_1_616' title='bbox 1577 4844 1818 4899; x_wconf 85' lang='lat' dir='ltr'><strong>vicinum</strong></span> <span class='ocrx_word' id='word_1_617' title='bbox 1876 4860 2167 4901; x_wconf 66' lang='lat' dir='ltr'><strong>manerem</strong></span> 
     </span>
    </p>
   </div>
   <div class='ocr_carea' id='block_1_95' title="bbox 606 4933 2166 5004">
    <p class='ocr_par' dir='ltr' id='par_1_95' title="bbox 606 4933 2166 5004">
     <span class='ocr_line' id='line_1_95' title="bbox 606 4933 2166 5004; baseline 0.001 -17"><span class='ocrx_word' id='word_1_618' title='bbox 606 4933 928 4996; x_wconf 78' lang='lat' dir='ltr'><strong>habeamus,</strong></span> <span class='ocrx_word' id='word_1_619' title='bbox 992 4933 1182 5003; x_wconf 87' lang='lat' dir='ltr'><strong>sicque</strong></span> <span class='ocrx_word' id='word_1_620' title='bbox 1240 4944 1529 5004; x_wconf 86' lang='lat' dir='ltr'><strong>peccatum</strong></span> <span class='ocrx_word' id='word_1_621' title='bbox 1601 4936 1762 4992; x_wconf 88' lang='lat' dir='ltr'><strong>nobis</strong></span> <span class='ocrx_word' id='word_1_622' title='bbox 1816 4936 1872 4991; x_wconf 92' lang='lat' dir='ltr'><strong>in</strong></span> <span class='ocrx_word' id='word_1_623' title='bbox 1928 4944 2166 4991; x_wconf 87' lang='lat' dir='ltr'><strong>mentem</strong></span> 
     </span>
    </p>
   </div>
   <div class='ocr_carea' id='block_1_96' title="bbox 609 5023 2167 5095">
    <p class='ocr_par' dir='ltr' id='par_1_96' title="bbox 609 5023 2167 5095">
     <span class='ocr_line' id='line_1_96' title="bbox 609 5023 2167 5095; baseline 0.004 -19"><span class='ocrx_word' id='word_1_624' title='bbox 609 5024 810 5087; x_wconf 82' lang='lat' dir='ltr'><strong>veniat,</strong></span> <span class='ocrx_word' id='word_1_625' title='bbox 843 5023 1000 5093; x_wconf 85' lang='lat' dir='ltr'><strong>cujus</strong></span> <span class='ocrx_word' id='word_1_626' title='bbox 1028 5038 1190 5078; x_wconf 87' lang='lat' dir='ltr'><strong>causa</strong></span> <span class='ocrx_word' id='word_1_627' title='bbox 1221 5030 1425 5078; x_wconf 90' lang='lat' dir='ltr'><strong>terram</strong></span> <span class='ocrx_word' id='word_1_628' title='bbox 1451 5026 1637 5095; x_wconf 89' lang='lat' dir='ltr'><strong>spinas</strong></span> <span class='ocrx_word' id='word_1_629' title='bbox 1663 5035 1717 5081; x_wconf 91' lang='lat' dir='ltr'><strong>et</strong></span> <span class='ocrx_word' id='word_1_630' title='bbox 1746 5025 1982 5081; x_wconf 88' lang='lat' dir='ltr'><strong>tribulos</strong></span> <span class='ocrx_word' id='word_1_631' title='bbox 2007 5026 2167 5082; x_wconf 87' lang='lat' dir='ltr'><strong>nobis</strong></span> 
     </span>
    </p>
   </div>
   <div class='ocr_carea' id='block_1_97' title="bbox 605 5114 1231 5186">
    <p class='ocr_par' dir='ltr' id='par_1_97' title="bbox 605 5114 1231 5186">
     <span class='ocr_line' id='line_1_97' title="bbox 605 5114 1231 5186; baseline -0.003 -17"><span class='ocrx_word' id='word_1_632' title='bbox 605 5115 853 5186; x_wconf 74' lang='lat' dir='ltr'><strong>proferre</strong></span> <span class='ocrx_word' id='word_1_633' title='bbox 882 5129 1111 5169; x_wconf 85' lang='lat' dir='ltr'><strong>necesse</strong></span> <span class='ocrx_word' id='word_1_634' title='bbox 1139 5114 1231 5169; x_wconf 89' lang='lat' dir='ltr'><strong>sit.</strong></span> 
     </span>
    </p>
   </div>
   <div class='ocr_carea' id='block_1_98' title="bbox 682 5204 2167 5279">
    <p class='ocr_par' dir='ltr' id='par_1_98' title="bbox 682 5204 2167 5279">
     <span class='ocr_line' id='line_1_98' title="bbox 682 5204 2167 5279; baseline 0.001 -17"><span class='ocrx_word' id='word_1_635' title='bbox 682 5208 743 5264; x_wconf 76' lang='lat' dir='ltr'><strong>In</strong></span> <span class='ocrx_word' id='word_1_636' title='bbox 799 5207 1053 5262; x_wconf 70' lang='lat' dir='ltr'><strong>Hexacm.</strong></span> <span class='ocrx_word' id='word_1_637' title='bbox 1104 5204 1197 5263; x_wconf 75' lang='lat' dir='ltr'><strong>lib.</strong></span> <span class='ocrx_word' id='word_1_638' title='bbox 1249 5221 1322 5261; x_wconf 80' lang='lat' dir='ltr'><strong>Vl.</strong></span> <span class='ocrx_word' id='word_1_639' title='bbox 1354 5236 1418 5245; x_wconf 96' lang='lat'><strong>—</strong></span> <span class='ocrx_word' id='word_1_640' title='bbox 1448 5206 1503 5263; x_wconf 88' lang='lat' dir='ltr'><strong>Si</strong></span> <span class='ocrx_word' id='word_1_641' title='bbox 1554 5220 1854 5279; x_wconf 86' lang='lat' dir='ltr'><strong>conspectu</strong></span> <span class='ocrx_word' id='word_1_642' title='bbox 1894 5210 2029 5265; x_wconf 89' lang='lat' dir='ltr'><strong>solis</strong></span> <span class='ocrx_word' id='word_1_643' title='bbox 2079 5226 2167 5266; x_wconf 89' lang='lat' dir='ltr'><strong>sa-</strong></span> 
     </span>
    </p>
   </div>
   <div class='ocr_carea' id='block_1_99' title="bbox 606 5297 2167 5371">
    <p class='ocr_par' dir='ltr' id='par_1_99' title="bbox 606 5297 2167 5371">
     <span class='ocr_line' id='line_1_99' title="bbox 606 5297 2167 5371; baseline 0.005 -22"><span class='ocrx_word' id='word_1_644' title='bbox 606 5297 731 5351; x_wconf 83' lang='lat' dir='ltr'><strong>tiari</strong></span> <span class='ocrx_word' id='word_1_645' title='bbox 792 5314 898 5352; x_wconf 89' lang='lat' dir='ltr'><strong>non</strong></span> <span class='ocrx_word' id='word_1_646' title='bbox 948 5312 1272 5369; x_wconf 85' lang='lat' dir='ltr'><strong>possumus,</strong></span> <span class='ocrx_word' id='word_1_647' title='bbox 1324 5314 1434 5369; x_wconf 87' lang='lat' dir='ltr'><strong>qua</strong></span> <span class='ocrx_word' id='word_1_648' title='bbox 1484 5299 1704 5355; x_wconf 85' lang='lat' dir='ltr'><strong>tandem</strong></span> <span class='ocrx_word' id='word_1_649' title='bbox 1755 5300 2167 5371; x_wconf 85' lang='lat' dir='ltr'><strong>pulchritudine</strong></span> 
     </span>
    </p>
   </div>
   <div class='ocr_carea' id='block_1_100' title="bbox 605 5387 2164 5460">
    <p class='ocr_par' dir='ltr' id='par_1_100' title="bbox 605 5387 2164 5460">
     <span class='ocr_line' id='line_1_100' title="bbox 605 5387 2164 5460; baseline 0.003 -18"><span class='ocrx_word' id='word_1_650' title='bbox 605 5387 809 5458; x_wconf 78' lang='lat' dir='ltr'><strong>fulgeat</strong></span> <span class='ocrx_word' id='word_1_651' title='bbox 857 5398 1072 5460; x_wconf 91' lang='lat' dir='ltr'><strong>oportet</strong></span> <span class='ocrx_word' id='word_1_652' title='bbox 1105 5390 1198 5446; x_wconf 86' lang='lat' dir='ltr'><strong>Sol</strong></span> <span class='ocrx_word' id='word_1_653' title='bbox 1252 5392 1344 5446; x_wconf 93' lang='lat' dir='ltr'><strong>ille</strong></span> <span class='ocrx_word' id='word_1_654' title='bbox 1386 5391 1656 5460; x_wconf 73' lang='lat' dir='ltr'><strong>justitize?</strong></span> <span class='ocrx_word' id='word_1_655' title='bbox 1703 5391 1761 5445; x_wconf 90' lang='lat' dir='ltr'><strong>Si</strong></span> <span class='ocrx_word' id='word_1_656' title='bbox 1801 5407 1946 5448; x_wconf 68' lang='lat' dir='ltr'><strong>caeco</strong></span> <span class='ocrx_word' id='word_1_657' title='bbox 1989 5393 2164 5448; x_wconf 83' lang='lat' dir='ltr'><strong>detri-</strong></span> 
     </span>
    </p>
   </div>
   <div class='ocr_carea' id='block_1_101' title="bbox 602 5481 2162 5553">
    <p class='ocr_par' dir='ltr' id='par_1_101' title="bbox 602 5481 2162 5553">
     <span class='ocr_line' id='line_1_101' title="bbox 602 5481 2162 5553; baseline 0.003 -19"><span class='ocrx_word' id='word_1_658' title='bbox 602 5481 848 5534; x_wconf 83' lang='lat' dir='ltr'><strong>mentum</strong></span> <span class='ocrx_word' id='word_1_659' title='bbox 899 5490 983 5537; x_wconf 90' lang='lat' dir='ltr'><strong>est</strong></span> <span class='ocrx_word' id='word_1_660' title='bbox 1033 5484 1205 5538; x_wconf 89' lang='lat' dir='ltr'><strong>solem</strong></span> <span class='ocrx_word' id='word_1_661' title='bbox 1259 5483 1410 5537; x_wconf 92' lang='lat' dir='ltr'><strong>illum</strong></span> <span class='ocrx_word' id='word_1_662' title='bbox 1466 5498 1574 5537; x_wconf 88' lang='lat' dir='ltr'><strong>non</strong></span> <span class='ocrx_word' id='word_1_663' title='bbox 1607 5497 1858 5548; x_wconf 89' lang='lat' dir='ltr'><strong>cernere,</strong></span> <span class='ocrx_word' id='word_1_664' title='bbox 1891 5493 2162 5553; x_wconf 85' lang='lat' dir='ltr'><strong>quantum</strong></span> 
     </span>
    </p>
   </div>
   <div class='ocr_carea' id='block_1_102' title="bbox 572 5570 2163 5649">
    <p class='ocr_par' dir='ltr' id='par_1_102' title="bbox 572 5570 2163 5649">
     <span class='ocr_line' id='line_1_102' title="bbox 572 5570 2163 5649; baseline 0.003 -25"><span class='ocrx_word' id='word_1_665' title='bbox 572 5570 825 5649; x_wconf 60' lang='lat' dir='ltr'><strong>tandem</strong></span> <span class='ocrx_word' id='word_1_666' title='bbox 869 5574 1146 5642; x_wconf 85' lang='lat' dir='ltr'><strong>peccaturi</strong></span> <span class='ocrx_word' id='word_1_667' title='bbox 1175 5573 1436 5628; x_wconf 90' lang='lat' dir='ltr'><strong>damnum</strong></span> <span class='ocrx_word' id='word_1_668' title='bbox 1474 5580 1557 5629; x_wconf 87' lang='lat' dir='ltr'><strong>est</strong></span> <span class='ocrx_word' id='word_1_669' title='bbox 1591 5589 1717 5629; x_wconf 86' lang='lat' dir='ltr'><strong>vera</strong></span> <span class='ocrx_word' id='word_1_670' title='bbox 1760 5574 1862 5630; x_wconf 88' lang='lat' dir='ltr'><strong>hac</strong></span> <span class='ocrx_word' id='word_1_671' title='bbox 1891 5573 2014 5630; x_wconf 90' lang='lat' dir='ltr'><strong>luce</strong></span> <span class='ocrx_word' id='word_1_672' title='bbox 2047 5574 2163 5645; x_wconf 90' lang='lat' dir='ltr'><strong>pri-</strong></span> 
     </span>
    </p>
   </div>
   <div class='ocr_carea' id='block_1_103' title="bbox 602 5660 750 5717">
    <p class='ocr_par' dir='ltr' id='par_1_103' title="bbox 602 5660 750 5717">
     <span class='ocr_line' id='line_1_103' title="bbox 602 5660 750 5717; baseline -0.02 0"><span class='ocrx_word' id='word_1_673' title='bbox 602 5660 750 5717; x_wconf 72' lang='lat' dir='ltr'><strong>vari!</strong></span> 
     </span>
    </p>
   </div>
   <div class='ocr_carea' id='block_1_104' title="bbox 670 5748 2159 5831">
    <p class='ocr_par' dir='ltr' id='par_1_104' title="bbox 670 5748 2159 5831">
     <span class='ocr_line' id='line_1_104' title="bbox 670 5748 2159 5831; baseline 0.006 -24"><span class='ocrx_word' id='word_1_674' title='bbox 670 5748 759 5807; x_wconf 75' lang='lat' dir='ltr'><strong>Ex</strong></span> <span class='ocrx_word' id='word_1_675' title='bbox 783 5768 969 5805; x_wconf 77' lang='lat' dir='ltr'><strong>canon.</strong></span> <span class='ocrx_word' id='word_1_676' title='bbox 1005 5756 1216 5810; x_wconf 64' lang='lat' dir='ltr'><strong>consul.</strong></span> <span class='ocrx_word' id='word_1_677' title='bbox 1251 5787 1318 5798; x_wconf 95' lang='lat'>—</span> <span class='ocrx_word' id='word_1_678' title='bbox 1351 5758 1527 5814; x_wconf 75' lang='lat' dir='ltr'><strong>Grave</strong></span> <span class='ocrx_word' id='word_1_679' title='bbox 1559 5768 1642 5816; x_wconf 82' lang='lat' dir='ltr'><strong>cst</strong></span> <span class='ocrx_word' id='word_1_680' title='bbox 1669 5766 1979 5829; x_wconf 88' lang='lat' dir='ltr'><strong>peccatum,</strong></span> <span class='ocrx_word' id='word_1_681' title='bbox 2013 5756 2159 5831; x_wconf 80' lang='lat' dir='ltr'><strong>quod</strong></span> 
     </span>
    </p>
   </div>
   <div class='ocr_carea' id='block_1_105' title="bbox 2270 4655 3824 4729">
    <p class='ocr_par' dir='ltr' id='par_1_105' title="bbox 2270 4655 3824 4729">
     <span class='ocr_line' id='line_1_105' title="bbox 2270 4655 3824 4729; baseline -0.001 -20"><span class='ocrx_word' id='word_1_682' title='bbox 2270 4657 2327 4710; x_wconf 81' lang='grc' dir='ltr'><strong>δὲ</strong></span> <span class='ocrx_word' id='word_1_683' title='bbox 2348 4656 2427 4729; x_wconf 83' lang='grc' dir='ltr'><strong>τῷ</strong></span> <span class='ocrx_word' id='word_1_684' title='bbox 2449 4658 2636 4712; x_wconf 83' lang='grc' dir='ltr'><strong>κάλλει</strong></span> <span class='ocrx_word' id='word_1_685' title='bbox 2666 4658 2761 4712; x_wconf 89' lang='grc' dir='ltr'><strong>τοῦ</strong></span> <span class='ocrx_word' id='word_1_686' title='bbox 2793 4658 2988 4723; x_wconf 79' lang='grc' dir='ltr'><strong>ἄνθους</strong></span> <span class='ocrx_word' id='word_1_687' title='bbox 3011 4659 3224 4729; x_wconf 80' lang='grc' dir='ltr'><strong>ἀκάνθη</strong></span> <span class='ocrx_word' id='word_1_688' title='bbox 3260 4657 3619 4729; x_wconf 77' lang='grc' dir='ltr'><strong>συνεζεύχθη,</strong></span> <span class='ocrx_word' id='word_1_689' title='bbox 3650 4659 3735 4711; x_wconf 78' lang='grc' dir='ltr'><strong>ἵνα</strong></span> <span class='ocrx_word' id='word_1_690' title='bbox 3758 4655 3824 4726; x_wconf 79' lang='grc' dir='ltr'><strong>τῷ</strong></span> 
     </span>
    </p>
   </div>
   <div class='ocr_carea' id='block_1_106' title="bbox 2269 4746 3820 4820">
    <p class='ocr_par' dir='ltr' id='par_1_106' title="bbox 2269 4746 3820 4820">
     <span class='ocr_line' id='line_1_106' title="bbox 2269 4746 3820 4820; baseline -0.002 -20"><span class='ocrx_word' id='word_1_691' title='bbox 2269 4746 2485 4819; x_wconf 81' lang='grc' dir='ltr'><strong>τέρπνῳ</strong></span> <span class='ocrx_word' id='word_1_692' title='bbox 2514 4749 2613 4820; x_wconf 81' lang='grc' dir='ltr'><strong>τῆς</strong></span> <span class='ocrx_word' id='word_1_693' title='bbox 2666 4748 3020 4812; x_wconf 81' lang='grc' dir='ltr'><strong>ἀπολαύσεως</strong></span> <span class='ocrx_word' id='word_1_694' title='bbox 3047 4749 3277 4819; x_wconf 69' lang='grc' dir='ltr'><strong>ἔγγυθεν</strong></span> <span class='ocrx_word' id='word_1_695' title='bbox 3325 4748 3539 4819; x_wconf 77' lang='grc' dir='ltr'><strong>ἔχωμεν</strong></span> <span class='ocrx_word' id='word_1_696' title='bbox 3568 4764 3820 4818; x_wconf 79' lang='grc' dir='ltr'><strong>παρακει-</strong></span> 
     </span>
    </p>
   </div>
   <div class='ocr_carea' id='block_1_107' title="bbox 2274 4838 3820 4919">
    <p class='ocr_par' dir='ltr' id='par_1_107' title="bbox 2274 4838 3820 4919">
     <span class='ocr_line' id='line_1_107' title="bbox 2274 4838 3820 4919; baseline -0.003 -27"><span class='ocrx_word' id='word_1_697' title='bbox 2274 4840 2441 4909; x_wconf 83' lang='grc' dir='ltr'><strong>μένην</strong></span> <span class='ocrx_word' id='word_1_698' title='bbox 2469 4838 2566 4911; x_wconf 79' lang='grc' dir='ltr'><strong>τὴν</strong></span> <span class='ocrx_word' id='word_1_699' title='bbox 2601 4838 2797 4911; x_wconf 86' lang='grc' dir='ltr'><strong>λύπην,</strong></span> <span class='ocrx_word' id='word_1_700' title='bbox 2853 4842 3191 4919; x_wconf 53' lang='grc' dir='ltr'><strong>μεμνημένοι</strong></span> <span class='ocrx_word' id='word_1_701' title='bbox 3219 4840 3319 4911; x_wconf 84' lang='grc' dir='ltr'><strong>τῆς</strong></span> <span class='ocrx_word' id='word_1_702' title='bbox 3348 4840 3649 4911; x_wconf 85' lang='grc' dir='ltr'><strong>ἁμαρτίας,</strong></span> <span class='ocrx_word' id='word_1_703' title='bbox 3680 4839 3744 4892; x_wconf 85' lang='grc' dir='ltr'><strong>δι’</strong></span> <span class='ocrx_word' id='word_1_704' title='bbox 3766 4838 3820 4906; x_wconf 74' lang='grc' dir='ltr'><strong>ἦν</strong></span> 
     </span>
    </p>
   </div>
   <div class='ocr_carea' id='block_1_108' title="bbox 2269 4931 3817 5006">
    <p class='ocr_par' dir='ltr' id='par_1_108' title="bbox 2269 4931 3817 5006">
     <span class='ocr_line' id='line_1_108' title="bbox 2269 4931 3817 5006; baseline -0.001 -21"><span class='ocrx_word' id='word_1_705' title='bbox 2269 4931 2508 4996; x_wconf 79' lang='grc' dir='ltr'><strong>ἀκάνθας</strong></span> <span class='ocrx_word' id='word_1_706' title='bbox 2537 4933 2632 4987; x_wconf 75' lang='grc' dir='ltr'><strong>καὶ</strong></span> <span class='ocrx_word' id='word_1_707' title='bbox 2658 4933 2943 5004; x_wconf 76' lang='grc' dir='ltr'><strong>τριϐόλους</strong></span> <span class='ocrx_word' id='word_1_708' title='bbox 2975 4935 3162 5006; x_wconf 81' lang='grc' dir='ltr'><strong>ἡμῖνὴ</strong></span> <span class='ocrx_word' id='word_1_709' title='bbox 3192 4934 3264 5005; x_wconf 78' lang='grc' dir='ltr'><strong>γῆ</strong></span> <span class='ocrx_word' id='word_1_710' title='bbox 3283 4934 3598 4989; x_wconf 76' lang='grc' dir='ltr'><strong>ἀνατέλλειν</strong></span> <span class='ocrx_word' id='word_1_711' title='bbox 3630 4932 3817 4987; x_wconf 78' lang='grc' dir='ltr'><strong>κατεδι-</strong></span> 
     </span>
    </p>
   </div>
   <div class='ocr_carea' id='block_1_109' title="bbox 2268 5022 2464 5093">
    <p class='ocr_par' dir='ltr' id='par_1_109' title="bbox 2268 5022 2464 5093">
     <span class='ocr_line' id='line_1_109' title="bbox 2268 5022 2464 5093; baseline -0.005 -17"><span class='ocrx_word' id='word_1_712' title='bbox 2268 5022 2464 5093; x_wconf 85' lang='grc' dir='ltr'><strong>κάσθη.</strong></span> 
     </span>
    </p>
   </div>
   <div class='ocr_carea' id='block_1_110' title="bbox 2338 5203 3808 5280">
    <p class='ocr_par' dir='ltr' id='par_1_110' title="bbox 2338 5203 3808 5280">
     <span class='ocr_line' id='line_1_110' title="bbox 2338 5203 3808 5280; baseline 0.006 -21"><span class='ocrx_word' id='word_1_713' title='bbox 2338 5208 2401 5261; x_wconf 80' lang='grc' dir='ltr'><strong>Εἰ</strong></span> <span class='ocrx_word' id='word_1_714' title='bbox 2428 5208 2724 5279; x_wconf 85' lang='grc' dir='ltr'><strong>ἀκόρεστος</strong></span> <span class='ocrx_word' id='word_1_715' title='bbox 2754 5209 2848 5263; x_wconf 89' lang='grc' dir='ltr'><strong>τοῦ</strong></span> <span class='ocrx_word' id='word_1_716' title='bbox 2881 5208 3032 5280; x_wconf 83' lang='grc' dir='ltr'><strong>ἡλίου</strong></span> <span class='ocrx_word' id='word_1_717' title='bbox 3062 5209 3254 5263; x_wconf 87' lang='grc' dir='ltr'><strong>τούτου</strong></span> <span class='ocrx_word' id='word_1_718' title='bbox 3293 5210 3327 5279; x_wconf 88' lang='grc' dir='ltr'><strong>ἡ</strong></span> <span class='ocrx_word' id='word_1_719' title='bbox 3359 5207 3478 5272; x_wconf 84' lang='grc' dir='ltr'><strong>θέα,</strong></span> <span class='ocrx_word' id='word_1_720' title='bbox 3502 5206 3733 5267; x_wconf 72' lang='grc' dir='ltr'><strong>ποταπὸς</strong></span> <span class='ocrx_word' id='word_1_721' title='bbox 3744 5203 3808 5272; x_wconf 65' lang='grc' dir='ltr'><strong>τῷ</strong></span> 
     </span>
    </p>
   </div>
   <div class='ocr_carea' id='block_1_111' title="bbox 2266 5296 3802 5371">
    <p class='ocr_par' dir='ltr' id='par_1_111' title="bbox 2266 5296 3802 5371">
     <span class='ocr_line' id='line_1_111' title="bbox 2266 5296 3802 5371; baseline -0.004 -20"><span class='ocrx_word' id='word_1_722' title='bbox 2266 5299 2455 5352; x_wconf 84' lang='grc' dir='ltr'><strong>κάλλει</strong></span> <span class='ocrx_word' id='word_1_723' title='bbox 2485 5301 2513 5352; x_wconf 87' lang='grc' dir='ltr'>ὁ</span> <span class='ocrx_word' id='word_1_724' title='bbox 2540 5300 2640 5370; x_wconf 82' lang='grc' dir='ltr'><strong>τῆς</strong></span> <span class='ocrx_word' id='word_1_725' title='bbox 2678 5300 3023 5371; x_wconf 86' lang='grc' dir='ltr'><strong>δικαιοσύνης</strong></span> <span class='ocrx_word' id='word_1_726' title='bbox 3066 5301 3294 5366; x_wconf 80' lang='grc' dir='ltr'><strong>Ἧλιος;</strong></span> <span class='ocrx_word' id='word_1_727' title='bbox 3329 5300 3394 5354; x_wconf 79' lang='lat' dir='ltr'><strong>Ei</strong></span> <span class='ocrx_word' id='word_1_728' title='bbox 3446 5299 3627 5369; x_wconf 79' lang='grc' dir='ltr'><strong>τυφλῷ</strong></span> <span class='ocrx_word' id='word_1_729' title='bbox 3655 5296 3802 5365; x_wconf 75' lang='grc' dir='ltr'><strong>ζημία</strong></span> 
     </span>
    </p>
   </div>
   <div class='ocr_carea' id='block_1_112' title="bbox 2264 5384 3798 5463">
    <p class='ocr_par' dir='ltr' id='par_1_112' title="bbox 2264 5384 3798 5463">
     <span class='ocr_line' id='line_1_112' title="bbox 2264 5384 3798 5463; baseline -0.002 -21"><span class='ocrx_word' id='word_1_730' title='bbox 2264 5389 2457 5443; x_wconf 89' lang='grc' dir='ltr'><strong>τοῦτον</strong></span> <span class='ocrx_word' id='word_1_731' title='bbox 2484 5390 2559 5461; x_wconf 81' lang='grc' dir='ltr'><strong>μὴ</strong></span> <span class='ocrx_word' id='word_1_732' title='bbox 2582 5390 2821 5461; x_wconf 81' lang='grc' dir='ltr'><strong>βλέπειν,</strong></span> <span class='ocrx_word' id='word_1_733' title='bbox 2852 5391 3068 5463; x_wconf 84' lang='grc' dir='ltr'><strong>ποταπὴ</strong></span> <span class='ocrx_word' id='word_1_734' title='bbox 3095 5392 3267 5463; x_wconf 77' lang='grc' dir='ltr'><strong>ζημία</strong></span> <span class='ocrx_word' id='word_1_735' title='bbox 3292 5390 3372 5462; x_wconf 74' lang='grc' dir='ltr'><strong>τῷ</strong></span> <span class='ocrx_word' id='word_1_736' title='bbox 3404 5388 3700 5463; x_wconf 79' lang='grc' dir='ltr'><strong>ἀμαρτωλῷ</strong></span> <span class='ocrx_word' id='word_1_737' title='bbox 3716 5384 3798 5439; x_wconf 77' lang='grc' dir='ltr'><strong>τοῦ</strong></span> 
     </span>
    </p>
   </div>
   <div class='ocr_carea' id='block_1_113' title="bbox 2266 5481 3104 5556">
    <p class='ocr_par' dir='ltr' id='par_1_113' title="bbox 2266 5481 3104 5556">
     <span class='ocr_line' id='line_1_113' title="bbox 2266 5481 3104 5556; baseline 0.004 -20"><span class='ocrx_word' id='word_1_738' title='bbox 2266 5481 2517 5553; x_wconf 74' lang='grc' dir='ltr'><strong>ἀληθινοῦ</strong></span> <span class='ocrx_word' id='word_1_739' title='bbox 2543 5484 2721 5553; x_wconf 80' lang='grc' dir='ltr'><strong>φωτὸς</strong></span> <span class='ocrx_word' id='word_1_740' title='bbox 2747 5483 3104 5556; x_wconf 85' lang='grc' dir='ltr'><strong>στερηθῆναι;</strong></span> 
     </span>
    </p>
   </div>
   <div class='ocr_carea' id='block_1_114' title="bbox 2333 5744 3782 5836">
    <p class='ocr_par' dir='ltr' id='par_1_114' title="bbox 2333 5744 3782 5836">
     <span class='ocr_line' id='line_1_114' title="bbox 2333 5744 3782 5836; baseline 0.003 -22"><span class='ocrx_word' id='word_1_741' title='bbox 2333 5758 2534 5830; x_wconf 81' lang='grc' dir='ltr'><strong>Βαρεία</strong></span> <span class='ocrx_word' id='word_1_742' title='bbox 2588 5760 2621 5829; x_wconf 87' lang='grc' dir='ltr'><strong>ἡ</strong></span> <span class='ocrx_word' id='word_1_743' title='bbox 2657 5760 2896 5831; x_wconf 84' lang='grc' dir='ltr'><strong>ἁμαρτία</strong></span> <span class='ocrx_word' id='word_1_744' title='bbox 2924 5801 2937 5827; x_wconf 91' lang='grc'><strong>,</strong></span> <span class='ocrx_word' id='word_1_745' title='bbox 2989 5744 3322 5817; x_wconf 74' lang='grc' dir='ltr'><strong>καθέλκουσα</strong></span> <span class='ocrx_word' id='word_1_746' title='bbox 3368 5763 3477 5836; x_wconf 67' lang='grc' dir='ltr'><strong>⁹’τὴν</strong></span> <span class='ocrx_word' id='word_1_747' title='bbox 3522 5759 3680 5832; x_wconf 73' lang='grc' dir='ltr'><strong>ψυχὴν</strong></span> <span class='ocrx_word' id='word_1_748' title='bbox 3708 5754 3782 5819; x_wconf 78' lang='grc' dir='ltr'><strong>εις</strong></span> 
     </span>
    </p>
   </div>
  </div>
