  <div class='ocr_page' id='page_1' title='image "/cluster/home/n/w/nwhite01/storage/ocr_20150623/95/hvd.32044019208057/586.png"; bbox 0 0 4024 6480; ppageno 0'>
   <div class='ocr_carea' id='block_1_1' title="bbox 148 430 253 499">
    <p class='ocr_par' dir='ltr' id='par_1_1' title="bbox 148 430 253 499">
     <span class='ocr_line' id='line_1_1' title="bbox 148 430 253 499; baseline -0.048 0"><span class='ocrx_word' id='word_1_1' title='bbox 148 430 253 499; x_wconf 88' lang='grc'>1161</span> 
     </span>
    </p>
   </div>
   <div class='ocr_carea' id='block_1_2' title="bbox 1327 404 2063 471">
    <p class='ocr_par' dir='ltr' id='par_1_2' title="bbox 1327 404 2063 471">
     <span class='ocr_line' id='line_1_2' title="bbox 1327 404 2063 471; baseline -0.014 0"><span class='ocrx_word' id='word_1_2' title='bbox 1327 412 1569 471; x_wconf 75' lang='lat' dir='ltr'><strong>SACRA</strong></span> <span class='ocrx_word' id='word_1_3' title='bbox 1598 404 2063 468; x_wconf 73' lang='lat' dir='ltr'><strong>PARALLELA.</strong></span> 
     </span>
    </p>
   </div>
   <div class='ocr_carea' id='block_1_3' title="bbox 3203 387 3342 452">
    <p class='ocr_par' dir='ltr' id='par_1_3' title="bbox 3203 387 3342 452">
     <span class='ocr_line' id='line_1_3' title="bbox 3203 387 3342 452; baseline -0.007 0"><span class='ocrx_word' id='word_1_4' title='bbox 3203 387 3342 452; x_wconf 68' lang='lat'><strong>.1162</strong></span> 
     </span>
    </p>
   </div>
   <div class='ocr_carea' id='block_1_4' title="bbox 143 503 1703 615">
    <p class='ocr_par' dir='ltr' id='par_1_4' title="bbox 143 522 1703 615">
     <span class='ocr_line' id='line_1_4' title="bbox 143 522 1703 615; baseline -0.019 -14"><span class='ocrx_word' id='word_1_5' title='bbox 143 544 353 615; x_wconf 79' lang='grc' dir='ltr'><strong>πυθμένα</strong></span> <span class='ocrx_word' id='word_1_6' title='bbox 380 542 524 614; x_wconf 64' lang='grc' dir='ltr'><strong>ᾅδου.</strong></span> <span class='ocrx_word' id='word_1_7' title='bbox 556 537 631 591; x_wconf 77' lang='grc' dir='ltr'>Τὸ</span> <span class='ocrx_word' id='word_1_8' title='bbox 669 532 1005 606; x_wconf 75' lang='grc' dir='ltr'><strong>ἁμαρτάνειν</strong></span> <span class='ocrx_word' id='word_1_9' title='bbox 1052 528 1184 600; x_wconf 77' lang='grc' dir='ltr'><strong>ἡμῖν</strong></span> <span class='ocrx_word' id='word_1_10' title='bbox 1222 525 1364 580; x_wconf 78' lang='grc' dir='ltr'><strong>κατά</strong></span> <span class='ocrx_word' id='word_1_11' title='bbox 1392 522 1661 579; x_wconf 79' lang='grc' dir='ltr'><strong>ἀπουσίαν</strong></span> <span class='ocrx_word' id='word_1_12' title='bbox 1689 566 1703 591; x_wconf 43' lang='grc' dir='ltr'><em>Α</em></span> 
     </span>
    </p>
   </div>
   <div class='ocr_carea' id='block_1_5' title="bbox 1804 503 3347 615">
    <p class='ocr_par' dir='ltr' id='par_1_5' title="bbox 1804 503 3347 583">
     <span class='ocr_line' id='line_1_5' title="bbox 1804 503 3347 583; baseline -0.006 -12"><span class='ocrx_word' id='word_1_13' title='bbox 1804 518 2006 572; x_wconf 87' lang='lat' dir='ltr'><strong>nimam</strong></span> <span class='ocrx_word' id='word_1_14' title='bbox 2072 516 2129 568; x_wconf 89' lang='lat' dir='ltr'><strong>in</strong></span> <span class='ocrx_word' id='word_1_15' title='bbox 2180 511 2514 583; x_wconf 78' lang='lat' dir='ltr'><strong>profundum</strong></span> <span class='ocrx_word' id='word_1_16' title='bbox 2568 507 2772 565; x_wconf 81' lang='lat' dir='ltr'><strong>inferni</strong></span> <span class='ocrx_word' id='word_1_17' title='bbox 2832 507 3128 576; x_wconf 90' lang='lat' dir='ltr'><strong>deprimat.</strong></span> <span class='ocrx_word' id='word_1_18' title='bbox 3188 503 3347 572; x_wconf 85' lang='lat' dir='ltr'><strong>Quod</strong></span> 
     </span>
    </p>
   </div>
   <div class='ocr_carea' id='block_1_6' title="bbox 142 629 825 703">
    <p class='ocr_par' dir='ltr' id='par_1_6' title="bbox 142 629 825 703">
     <span class='ocr_line' id='line_1_6' title="bbox 142 629 825 703; baseline -0.02 -11"><span class='ocrx_word' id='word_1_19' title='bbox 142 636 217 692; x_wconf 80' lang='grc' dir='ltr'><strong>τοῦ</strong></span> <span class='ocrx_word' id='word_1_20' title='bbox 244 634 370 689; x_wconf 88' lang='grc' dir='ltr'><strong>θείου</strong></span> <span class='ocrx_word' id='word_1_21' title='bbox 399 631 563 703; x_wconf 78' lang='grc' dir='ltr'>φόΰου</span> <span class='ocrx_word' id='word_1_22' title='bbox 594 629 825 698; x_wconf 86' lang='grc' dir='ltr'><strong>γίνεται.</strong></span> 
     </span>
    </p>
   </div>
   <div class='ocr_carea' id='block_1_7' title="bbox 198 813 1675 905">
    <p class='ocr_par' dir='ltr' id='par_1_7' title="bbox 198 813 1675 905">
     <span class='ocr_line' id='line_1_7' title="bbox 198 813 1675 905; baseline -0.016 -15"><span class='ocrx_word' id='word_1_23' title='bbox 198 837 254 890; x_wconf 81' lang='grc' dir='ltr'><strong>Εἰ</strong></span> <span class='ocrx_word' id='word_1_24' title='bbox 286 835 371 905; x_wconf 73' lang='grc' dir='ltr'><strong>μὲν</strong></span> <span class='ocrx_word' id='word_1_25' title='bbox 394 830 558 888; x_wconf 71' lang='grc' dir='ltr'><strong>καλου</strong></span> <span class='ocrx_word' id='word_1_26' title='bbox 583 831 616 899; x_wconf 84' lang='grc' dir='ltr'><strong>ή</strong></span> <span class='ocrx_word' id='word_1_27' title='bbox 649 826 915 899; x_wconf 83' lang='grc' dir='ltr'><strong>ἁμαρτία,</strong></span> <span class='ocrx_word' id='word_1_28' title='bbox 950 821 1193 892; x_wconf 79' lang='grc' dir='ltr'>φύλασσε</span> <span class='ocrx_word' id='word_1_29' title='bbox 1232 814 1438 888; x_wconf 86' lang='grc' dir='ltr'><strong>ταύτην</strong></span> <span class='ocrx_word' id='word_1_30' title='bbox 1478 818 1559 879; x_wconf 85' lang='grc' dir='ltr'><strong>είς</strong></span> <span class='ocrx_word' id='word_1_31' title='bbox 1587 813 1675 868; x_wconf 85' lang='grc' dir='ltr'><strong>τέ-</strong></span> 
     </span>
    </p>
   </div>
   <div class='ocr_carea' id='block_1_8' title="bbox 139 905 1677 992">
    <p class='ocr_par' dir='ltr' id='par_1_8' title="bbox 139 905 1677 992">
     <span class='ocr_line' id='line_1_8' title="bbox 139 905 1677 992; baseline -0.017 -11"><span class='ocrx_word' id='word_1_32' title='bbox 139 927 234 990; x_wconf 81' lang='grc' dir='ltr'><strong>λος.</strong></span> <span class='ocrx_word' id='word_1_33' title='bbox 261 926 320 980; x_wconf 71' lang='lat' dir='ltr'><strong>Et</strong></span> <span class='ocrx_word' id='word_1_34' title='bbox 345 924 395 978; x_wconf 85' lang='grc' dir='ltr'><strong>δὲ</strong></span> <span class='ocrx_word' id='word_1_35' title='bbox 438 918 679 992; x_wconf 75' lang='grc' dir='ltr'><strong>βλαϐερά</strong></span> <span class='ocrx_word' id='word_1_36' title='bbox 729 916 810 986; x_wconf 87' lang='grc' dir='ltr'><strong>τῷ</strong></span> <span class='ocrx_word' id='word_1_37' title='bbox 855 912 1123 975; x_wconf 81' lang='grc' dir='ltr'>ποιοῦντι,</span> <span class='ocrx_word' id='word_1_38' title='bbox 1165 907 1219 961; x_wconf 89' lang='grc' dir='ltr'><strong>τί</strong></span> <span class='ocrx_word' id='word_1_39' title='bbox 1251 908 1532 978; x_wconf 80' lang='grc' dir='ltr'><strong>ὲπιμένεις</strong></span> <span class='ocrx_word' id='word_1_40' title='bbox 1565 905 1677 966; x_wconf 77' lang='grc' dir='ltr'><strong>τοῖς</strong></span> 
     </span>
    </p>
   </div>
   <div class='ocr_carea' id='block_1_9' title="bbox 138 999 1678 1087">
    <p class='ocr_par' dir='ltr' id='par_1_9' title="bbox 138 999 1678 1087">
     <span class='ocr_line' id='line_1_9' title="bbox 138 999 1678 1087; baseline -0.016 -15"><span class='ocrx_word' id='word_1_41' title='bbox 138 1018 399 1087; x_wconf 83' lang='grc' dir='ltr'><strong>ὀλεθρίοις;</strong></span> <span class='ocrx_word' id='word_1_42' title='bbox 431 1012 606 1075; x_wconf 71' lang='grc' dir='ltr'><strong>οὐδεὶς</strong></span> <span class='ocrx_word' id='word_1_43' title='bbox 660 1009 823 1080; x_wconf 81' lang='grc' dir='ltr'><strong>χολὴν</strong></span> <span class='ocrx_word' id='word_1_44' title='bbox 872 1005 1065 1077; x_wconf 77' lang='grc' dir='ltr'><strong>ἐμέσαι</strong></span> <span class='ocrx_word' id='word_1_45' title='bbox 1117 1000 1296 1070; x_wconf 75' lang='grc' dir='ltr'>ζητῶν</span> <span class='ocrx_word' id='word_1_46' title='bbox 1330 1003 1394 1053; x_wconf 84' lang='grc' dir='ltr'><strong>ὲκ</strong></span> <span class='ocrx_word' id='word_1_47' title='bbox 1433 999 1678 1087; x_wconf 83' lang='grc' dir='ltr'><strong>πονηρᾶς</strong></span> 
     </span>
    </p>
   </div>
   <div class='ocr_carea' id='block_1_10' title="bbox 140 1086 1680 1173">
    <p class='ocr_par' dir='ltr' id='par_1_10' title="bbox 140 1086 1680 1173">
     <span class='ocr_line' id='line_1_10' title="bbox 140 1086 1680 1173; baseline -0.016 -8"><span class='ocrx_word' id='word_1_48' title='bbox 140 1112 220 1166; x_wconf 77' lang='grc' dir='ltr'><strong>καὶ</strong></span> <span class='ocrx_word' id='word_1_49' title='bbox 244 1086 524 1163; x_wconf 76' lang='grc' dir='ltr'><strong>ἀκολάστου</strong></span> <span class='ocrx_word' id='word_1_50' title='bbox 561 1105 794 1173; x_wconf 80' lang='grc' dir='ltr'><strong>διαίτης,</strong></span> <span class='ocrx_word' id='word_1_51' title='bbox 826 1096 1232 1154; x_wconf 81' lang='grc' dir='ltr'>πολυπλασίονα</span> <span class='ocrx_word' id='word_1_52' title='bbox 1266 1091 1471 1162; x_wconf 84' lang='grc' dir='ltr'><strong>ταύτην</strong></span> <span class='ocrx_word' id='word_1_53' title='bbox 1502 1086 1680 1159; x_wconf 85' lang='grc' dir='ltr'><strong>ὲαυτῷ</strong></span> 
     </span>
    </p>
   </div>
   <div class='ocr_carea' id='block_1_11' title="bbox 139 1202 441 1277">
    <p class='ocr_par' dir='ltr' id='par_1_11' title="bbox 139 1202 441 1277">
     <span class='ocr_line' id='line_1_11' title="bbox 139 1202 441 1277; baseline -0.013 -18"><span class='ocrx_word' id='word_1_54' title='bbox 139 1202 441 1277; x_wconf 82' lang='grc' dir='ltr'><strong>θησαυρίζει.</strong></span> 
     </span>
    </p>
   </div>
   <div class='ocr_carea' id='block_1_12' title="bbox 194 1475 1684 1564">
    <p class='ocr_par' dir='ltr' id='par_1_12' title="bbox 194 1475 1684 1564">
     <span class='ocr_line' id='line_1_12' title="bbox 194 1475 1684 1564; baseline -0.019 -10"><span class='ocrx_word' id='word_1_55' title='bbox 194 1499 331 1555; x_wconf 78' lang='grc' dir='ltr'><strong>Νοῦν</strong></span> <span class='ocrx_word' id='word_1_56' title='bbox 360 1515 447 1551; x_wconf 91' lang='grc' dir='ltr'><strong>σου</strong></span> <span class='ocrx_word' id='word_1_57' title='bbox 481 1494 579 1564; x_wconf 84' lang='grc' dir='ltr'><strong>τὴν</strong></span> <span class='ocrx_word' id='word_1_58' title='bbox 605 1490 921 1563; x_wconf 70' lang='grc' dir='ltr'><strong>ὑπέρθεσιν,</strong></span> <span class='ocrx_word' id='word_1_59' title='bbox 953 1485 1055 1541; x_wconf 71' lang='grc' dir='ltr'><strong>κᾶν</strong></span> <span class='ocrx_word' id='word_1_60' title='bbox 1085 1480 1403 1555; x_wconf 73' lang='grc' dir='ltr'><strong>περιστείλῃ</strong></span> <span class='ocrx_word' id='word_1_61' title='bbox 1439 1479 1550 1542; x_wconf 82' lang='grc' dir='ltr'><strong>τοῖς</strong></span> <span class='ocrx_word' id='word_1_62' title='bbox 1584 1475 1684 1547; x_wconf 79' lang='grc' dir='ltr'><strong>ῥή-</strong></span> 
     </span>
    </p>
   </div>
   <div class='ocr_carea' id='block_1_13' title="bbox 137 1572 1688 1663">
    <p class='ocr_par' dir='ltr' id='par_1_13' title="bbox 137 1572 1688 1663">
     <span class='ocr_line' id='line_1_13' title="bbox 137 1572 1688 1663; baseline -0.018 -17"><span class='ocrx_word' id='word_1_63' title='bbox 137 1606 323 1663; x_wconf 79' lang='grc' dir='ltr'><strong>μασιν·</strong></span> <span class='ocrx_word' id='word_1_64' title='bbox 356 1587 491 1643; x_wconf 82' lang='grc' dir='ltr'><strong>αὒτά</strong></span> <span class='ocrx_word' id='word_1_65' title='bbox 529 1585 630 1656; x_wconf 76' lang='grc' dir='ltr'><strong>βοᾷ</strong></span> <span class='ocrx_word' id='word_1_66' title='bbox 678 1582 747 1636; x_wconf 88' lang='grc' dir='ltr'><strong>τά</strong></span> <span class='ocrx_word' id='word_1_67' title='bbox 775 1580 1098 1653; x_wconf 81' lang='grc' dir='ltr'><strong>πράγματα,</strong></span> <span class='ocrx_word' id='word_1_68' title='bbox 1142 1574 1247 1629; x_wconf 72' lang='grc' dir='ltr'>κᾶν</span> <span class='ocrx_word' id='word_1_69' title='bbox 1284 1575 1351 1663; x_wconf 81' lang='grc' dir='ltr'><strong>τῇ</strong></span> <span class='ocrx_word' id='word_1_70' title='bbox 1378 1572 1530 1663; x_wconf 65' lang='grc' dir='ltr'>φωνῇ</span> <span class='ocrx_word' id='word_1_71' title='bbox 1562 1586 1688 1620; x_wconf 86' lang='grc' dir='ltr'>σιω-</span> 
     </span>
    </p>
   </div>
   <div class='ocr_carea' id='block_1_14' title="bbox 136 1657 1689 1745">
    <p class='ocr_par' dir='ltr' id='par_1_14' title="bbox 136 1657 1689 1745">
     <span class='ocr_line' id='line_1_14' title="bbox 136 1657 1689 1745; baseline -0.02 -8"><span class='ocrx_word' id='word_1_72' title='bbox 136 1657 257 1745; x_wconf 71' lang='grc' dir='ltr'><strong>πᾷς.</strong></span> <span class='ocrx_word' id='word_1_73' title='bbox 282 1681 494 1739; x_wconf 78' lang='grc' dir='ltr'><strong>Ἐασον,</strong></span> <span class='ocrx_word' id='word_1_74' title='bbox 527 1672 915 1744; x_wconf 80' lang='grc' dir='ltr'><strong>ἀποχρήσομαι</strong></span> <span class='ocrx_word' id='word_1_75' title='bbox 939 1670 1004 1738; x_wconf 85' lang='grc' dir='ltr'><strong>τῇ</strong></span> <span class='ocrx_word' id='word_1_76' title='bbox 1030 1665 1194 1735; x_wconf 75' lang='grc' dir='ltr'><strong>σαρκὶ</strong></span> <span class='ocrx_word' id='word_1_77' title='bbox 1220 1662 1359 1733; x_wconf 84' lang='grc' dir='ltr'><strong>πρὸς</strong></span> <span class='ocrx_word' id='word_1_78' title='bbox 1387 1657 1689 1713; x_wconf 75' lang='grc' dir='ltr'><strong>ἀπόλαυσιν</strong></span> 
     </span>
    </p>
   </div>
   <div class='ocr_carea' id='block_1_15' title="bbox 134 1739 1687 1841">
    <p class='ocr_par' dir='ltr' id='par_1_15' title="bbox 134 1739 1687 1841">
     <span class='ocr_line' id='line_1_15' title="bbox 134 1739 1687 1841; baseline -0.019 -14"><span class='ocrx_word' id='word_1_79' title='bbox 255 1770 502 1841; x_wconf 80' lang='grc' dir='ltr'><strong>αἰσχρῶν.</strong></span> <span class='ocrx_word' id='word_1_80' title='bbox 549 1739 886 1834; x_wconf 27' lang='grc' dir='ltr'><strong>Ἐγνκ-υλισοῶ</strong></span> <span class='ocrx_word' id='word_1_81' title='bbox 911 1758 988 1829; x_wconf 86' lang='grc' dir='ltr'>τῷ</span> <span class='ocrx_word' id='word_1_82' title='bbox 1025 1756 1270 1829; x_wconf 68' lang='grc' dir='ltr'><strong>βορϐόρῳ</strong></span> <span class='ocrx_word' id='word_1_83' title='bbox 1308 1753 1416 1805; x_wconf 84' lang='grc' dir='ltr'><strong>τῶν</strong></span> <span class='ocrx_word' id='word_1_84' title='bbox 1446 1746 1649 1820; x_wconf 80' lang='grc' dir='ltr'>ἡδονῶν</span> <span class='ocrx_word' id='word_1_85' title='bbox 1672 1763 1687 1775; x_wconf 91' lang='grc'><strong>·</strong></span> 
     </span>
    </p>
   </div>
   <div class='ocr_carea' id='block_1_16' title="bbox 134 1846 1688 1933">
    <p class='ocr_par' dir='ltr' id='par_1_16' title="bbox 134 1846 1688 1933">
     <span class='ocr_line' id='line_1_16' title="bbox 134 1846 1688 1933; baseline -0.018 -13"><span class='ocrx_word' id='word_1_86' title='bbox 134 1864 341 1933; x_wconf 78' lang='grc' dir='ltr'><strong>αίμάξω</strong></span> <span class='ocrx_word' id='word_1_87' title='bbox 367 1863 459 1923; x_wconf 78' lang='grc' dir='ltr'><strong>τὰς</strong></span> <span class='ocrx_word' id='word_1_88' title='bbox 491 1861 708 1929; x_wconf 58' lang='grc' dir='ltr'><strong>χεῖρας·</strong></span> <span class='ocrx_word' id='word_1_89' title='bbox 744 1853 1033 1923; x_wconf 79' lang='grc' dir='ltr'><strong>ἀφέλωμαι</strong></span> <span class='ocrx_word' id='word_1_90' title='bbox 1063 1851 1131 1902; x_wconf 87' lang='grc' dir='ltr'><strong>τά</strong></span> <span class='ocrx_word' id='word_1_91' title='bbox 1162 1846 1421 1915; x_wconf 77' lang='grc' dir='ltr'><strong>ἀλλότρια</strong></span> <span class='ocrx_word' id='word_1_92' title='bbox 1442 1859 1457 1873; x_wconf 76' lang='grc' dir='ltr'><strong>ο</strong></span> <span class='ocrx_word' id='word_1_93' title='bbox 1490 1856 1688 1911; x_wconf 85' lang='grc' dir='ltr'><strong>πορευ-</strong></span> 
     </span>
    </p>
   </div>
   <div class='ocr_carea' id='block_1_17' title="bbox 135 1932 1686 2022">
    <p class='ocr_par' dir='ltr' id='par_1_17' title="bbox 135 1932 1686 2022">
     <span class='ocr_line' id='line_1_17' title="bbox 135 1932 1686 2022; baseline -0.015 -10"><span class='ocrx_word' id='word_1_94' title='bbox 135 1960 202 2012; x_wconf 82' lang='grc' dir='ltr'><strong>θῶ</strong></span> <span class='ocrx_word' id='word_1_95' title='bbox 221 1956 422 2017; x_wconf 84' lang='grc' dir='ltr'><strong>δολίως,</strong></span> <span class='ocrx_word' id='word_1_96' title='bbox 449 1951 781 2022; x_wconf 79' lang='grc' dir='ltr'><strong>ἐπιορκήσω,</strong></span> <span class='ocrx_word' id='word_1_97' title='bbox 811 1946 1119 2014; x_wconf 72' lang='grc' dir='ltr'>ψεύσωμαι,</span> <span class='ocrx_word' id='word_1_98' title='bbox 1152 1941 1249 1995; x_wconf 77' lang='grc' dir='ltr'><strong>καὶ</strong></span> <span class='ocrx_word' id='word_1_99' title='bbox 1271 1939 1389 1992; x_wconf 89' lang='grc' dir='ltr'><strong>τότε</strong></span> <span class='ocrx_word' id='word_1_100' title='bbox 1421 1932 1686 2006; x_wconf 80' lang='grc' dir='ltr'><strong>μετανοῶ.</strong></span> 
     </span>
    </p>
   </div>
   <div class='ocr_carea' id='block_1_18' title="bbox 132 2024 1691 2122">
    <p class='ocr_par' dir='ltr' id='par_1_18' title="bbox 132 2024 1691 2122">
     <span class='ocr_line' id='line_1_18' title="bbox 132 2024 1691 2122; baseline -0.018 -18"><span class='ocrx_word' id='word_1_101' title='bbox 132 2052 269 2122; x_wconf 86' lang='grc' dir='ltr'><strong>Ὅρα</strong></span> <span class='ocrx_word' id='word_1_102' title='bbox 291 2047 363 2119; x_wconf 77' lang='grc' dir='ltr'><strong>μὴ</strong></span> <span class='ocrx_word' id='word_1_103' title='bbox 381 2045 465 2099; x_wconf 72' lang='grc' dir='ltr'><strong>ἐπ’</strong></span> <span class='ocrx_word' id='word_1_104' title='bbox 487 2043 659 2097; x_wconf 78' lang='grc' dir='ltr'><strong>ἑλπίδι</strong></span> <span class='ocrx_word' id='word_1_105' title='bbox 692 2042 791 2111; x_wconf 81' lang='grc' dir='ltr'><strong>τῆς</strong></span> <span class='ocrx_word' id='word_1_106' title='bbox 815 2033 1243 2105; x_wconf 82' lang='grc' dir='ltr'><strong>ἀπολυτρώσεως</strong></span> <span class='ocrx_word' id='word_1_107' title='bbox 1278 2029 1481 2100; x_wconf 77' lang='grc' dir='ltr'><strong>πλῆθος</strong></span> <span class='ocrx_word' id='word_1_108' title='bbox 1506 2024 1691 2122; x_wconf 59' lang='grc' dir='ltr'><strong>κρίκων</strong></span> 
     </span>
    </p>
   </div>
   <div class='ocr_carea' id='block_1_19' title="bbox 134 2114 1692 2206">
    <p class='ocr_par' dir='ltr' id='par_1_19' title="bbox 134 2114 1692 2206">
     <span class='ocr_line' id='line_1_19' title="bbox 134 2114 1692 2206; baseline -0.018 -12"><span class='ocrx_word' id='word_1_109' title='bbox 134 2114 549 2206; x_wconf 62' lang='grc' dir='ltr'><strong>συλλεξάμενος,</strong></span> <span class='ocrx_word' id='word_1_110' title='bbox 590 2131 688 2200; x_wconf 79' lang='grc' dir='ltr'><strong>τὴν</strong></span> <span class='ocrx_word' id='word_1_111' title='bbox 728 2129 826 2199; x_wconf 81' lang='grc' dir='ltr'><strong>μὲν</strong></span> <span class='ocrx_word' id='word_1_112' title='bbox 878 2125 1152 2197; x_wconf 80' lang='grc' dir='ltr'><strong>ἁμαρτίαν</strong></span> <span class='ocrx_word' id='word_1_113' title='bbox 1191 2119 1473 2189; x_wconf 77' lang='grc' dir='ltr'><strong>ἀθροίσῃς,</strong></span> <span class='ocrx_word' id='word_1_114' title='bbox 1503 2115 1603 2184; x_wconf 84' lang='grc' dir='ltr'><strong>τῆς</strong></span> <span class='ocrx_word' id='word_1_115' title='bbox 1636 2114 1692 2168; x_wconf 81' lang='grc' dir='ltr'><strong>δὲ</strong></span> 
     </span>
    </p>
   </div>
   <div class='ocr_carea' id='block_1_20' title="bbox 134 2221 847 2301">
    <p class='ocr_par' dir='ltr' id='par_1_20' title="bbox 134 2221 847 2301">
     <span class='ocr_line' id='line_1_20' title="bbox 134 2221 847 2301; baseline -0.021 -14"><span class='ocrx_word' id='word_1_116' title='bbox 134 2231 519 2301; x_wconf 76' lang='grc' dir='ltr'><strong>συγχωρήσεως</strong></span> <span class='ocrx_word' id='word_1_117' title='bbox 544 2221 847 2294; x_wconf 77' lang='grc' dir='ltr'><strong>ἀποτύχῃς.</strong></span> 
     </span>
    </p>
   </div>
   <div class='ocr_carea' id='block_1_21' title="bbox 192 2432 1693 2517">
    <p class='ocr_par' dir='ltr' id='par_1_21' title="bbox 192 2432 1693 2517">
     <span class='ocr_line' id='line_1_21' title="bbox 192 2432 1693 2517; baseline -0.013 -13"><span class='ocrx_word' id='word_1_118' title='bbox 192 2450 327 2512; x_wconf 74' lang='grc' dir='ltr'><strong>θεὸς</strong></span> <span class='ocrx_word' id='word_1_119' title='bbox 352 2449 410 2502; x_wconf 84' lang='grc' dir='ltr'>ού</span> <span class='ocrx_word' id='word_1_120' title='bbox 466 2442 879 2517; x_wconf 77' lang='grc' dir='ltr'><strong>μυκτηρίζεται.</strong></span> <span class='ocrx_word' id='word_1_121' title='bbox 914 2440 1007 2508; x_wconf 81' lang='grc' dir='ltr'><strong>Μὴ</strong></span> <span class='ocrx_word' id='word_1_122' title='bbox 1040 2434 1349 2509; x_wconf 82' lang='grc' dir='ltr'><strong>ὲμπορεύου</strong></span> <span class='ocrx_word' id='word_1_123' title='bbox 1381 2434 1479 2504; x_wconf 81' lang='grc' dir='ltr'><strong>τὴν</strong></span> <span class='ocrx_word' id='word_1_124' title='bbox 1514 2432 1693 2503; x_wconf 81' lang='grc' dir='ltr'><strong>χάριν.</strong></span> 
     </span>
    </p>
   </div>
   <div class='ocr_carea' id='block_1_22' title="bbox 131 2527 1700 2613">
    <p class='ocr_par' dir='ltr' id='par_1_22' title="bbox 131 2527 1700 2613">
     <span class='ocr_line' id='line_1_22' title="bbox 131 2527 1700 2613; baseline -0.014 -15"><span class='ocrx_word' id='word_1_125' title='bbox 131 2547 214 2612; x_wconf 67' lang='lat' dir='ltr'><strong>Mn</strong></span> <span class='ocrx_word' id='word_1_126' title='bbox 247 2543 435 2613; x_wconf 79' lang='grc' dir='ltr'>εἴπῃς·</span> <span class='ocrx_word' id='word_1_127' title='bbox 468 2538 633 2601; x_wconf 83' lang='grc' dir='ltr'><strong>καλὸς</strong></span> <span class='ocrx_word' id='word_1_128' title='bbox 667 2537 764 2607; x_wconf 81' lang='grc' dir='ltr'><strong>μὲν</strong></span> <span class='ocrx_word' id='word_1_129' title='bbox 801 2536 830 2587; x_wconf 86' lang='grc' dir='ltr'><strong>ὁ</strong></span> <span class='ocrx_word' id='word_1_130' title='bbox 858 2533 1051 2603; x_wconf 82' lang='grc' dir='ltr'><strong>νόμος,</strong></span> <span class='ocrx_word' id='word_1_131' title='bbox 1097 2530 1213 2584; x_wconf 76' lang='grc' dir='ltr'><strong>ἀλλ’</strong></span> <span class='ocrx_word' id='word_1_132' title='bbox 1240 2528 1404 2600; x_wconf 81' lang='grc' dir='ltr'>ἡδίων</span> <span class='ocrx_word' id='word_1_133' title='bbox 1448 2528 1481 2597; x_wconf 77' lang='grc' dir='ltr'>ἡ</span> <span class='ocrx_word' id='word_1_134' title='bbox 1520 2527 1700 2595; x_wconf 87' lang='grc' dir='ltr'><strong>ἀμαρ-</strong></span> 
     </span>
    </p>
   </div>
   <div class='ocr_carea' id='block_1_23' title="bbox 128 2619 1701 2705">
    <p class='ocr_par' dir='ltr' id='par_1_23' title="bbox 128 2619 1701 2705">
     <span class='ocr_line' id='line_1_23' title="bbox 128 2619 1701 2705; baseline -0.014 -15"><span class='ocrx_word' id='word_1_135' title='bbox 128 2638 215 2690; x_wconf 82' lang='grc' dir='ltr'><strong>τία</strong></span> <span class='ocrx_word' id='word_1_136' title='bbox 237 2652 254 2667; x_wconf 75' lang='grc' dir='ltr'><strong>ο</strong></span> <span class='ocrx_word' id='word_1_137' title='bbox 283 2634 439 2705; x_wconf 72' lang='grc' dir='ltr'><strong>ἡδονὴ</strong></span> <span class='ocrx_word' id='word_1_138' title='bbox 470 2629 765 2702; x_wconf 74' lang='grc' dir='ltr'><strong>ἆγγιστρόν</strong></span> <span class='ocrx_word' id='word_1_139' title='bbox 804 2630 952 2680; x_wconf 79' lang='grc' dir='ltr'><strong>ἐστιν</strong></span> <span class='ocrx_word' id='word_1_140' title='bbox 998 2623 1093 2678; x_wconf 77' lang='grc' dir='ltr'><strong>τοῦ</strong></span> <span class='ocrx_word' id='word_1_141' title='bbox 1126 2622 1375 2677; x_wconf 73' lang='grc' dir='ltr'><strong>διαϐόλου</strong></span> <span class='ocrx_word' id='word_1_142' title='bbox 1410 2619 1544 2691; x_wconf 81' lang='grc' dir='ltr'><strong>πρὸς</strong></span> <span class='ocrx_word' id='word_1_143' title='bbox 1595 2620 1701 2670; x_wconf 82' lang='grc' dir='ltr'><strong>ἀπ-</strong></span> 
     </span>
    </p>
   </div>
   <div class='ocr_carea' id='block_1_24' title="bbox 128 2709 1699 2794">
    <p class='ocr_par' dir='ltr' id='par_1_24' title="bbox 128 2709 1699 2794">
     <span class='ocr_line' id='line_1_24' title="bbox 128 2709 1699 2794; baseline -0.013 -12"><span class='ocrx_word' id='word_1_144' title='bbox 128 2730 325 2782; x_wconf 84' lang='grc' dir='ltr'>ώλειαν</span> <span class='ocrx_word' id='word_1_145' title='bbox 365 2726 555 2779; x_wconf 68' lang='grc' dir='ltr'><strong>ἕλκον*</strong></span> <span class='ocrx_word' id='word_1_146' title='bbox 591 2721 755 2794; x_wconf 72' lang='grc' dir='ltr'><strong>ἡδονὴ</strong></span> <span class='ocrx_word' id='word_1_147' title='bbox 821 2722 1001 2791; x_wconf 81' lang='grc' dir='ltr'><strong>μήτηρ</strong></span> <span class='ocrx_word' id='word_1_148' title='bbox 1048 2717 1148 2785; x_wconf 80' lang='grc' dir='ltr'><strong>τῆς</strong></span> <span class='ocrx_word' id='word_1_149' title='bbox 1208 2712 1505 2785; x_wconf 83' lang='grc' dir='ltr'><strong>ἁμαρτίας,</strong></span> <span class='ocrx_word' id='word_1_150' title='bbox 1559 2712 1593 2783; x_wconf 83' lang='grc' dir='ltr'>ἡ</span> <span class='ocrx_word' id='word_1_151' title='bbox 1642 2709 1699 2762; x_wconf 80' lang='grc' dir='ltr'><strong>δὲ</strong></span> 
     </span>
    </p>
   </div>
   <div class='ocr_carea' id='block_1_25' title="bbox 129 2806 1702 2894">
    <p class='ocr_par' dir='ltr' id='par_1_25' title="bbox 129 2806 1702 2894">
     <span class='ocr_line' id='line_1_25' title="bbox 129 2806 1702 2894; baseline -0.013 -17"><span class='ocrx_word' id='word_1_152' title='bbox 129 2822 376 2894; x_wconf 86' lang='grc' dir='ltr'><strong>ἁμαρτία</strong></span> <span class='ocrx_word' id='word_1_153' title='bbox 423 2819 483 2872; x_wconf 79' lang='grc' dir='ltr'><strong>τὸ</strong></span> <span class='ocrx_word' id='word_1_154' title='bbox 534 2816 757 2887; x_wconf 80' lang='grc' dir='ltr'>κέντρον</span> <span class='ocrx_word' id='word_1_155' title='bbox 812 2814 929 2867; x_wconf 72' lang='grc' dir='ltr'><strong>ἐστι</strong></span> <span class='ocrx_word' id='word_1_156' title='bbox 977 2812 1231 2865; x_wconf 82' lang='grc' dir='ltr'><strong>θανάτου.</strong></span> <span class='ocrx_word' id='word_1_157' title='bbox 1279 2807 1473 2875; x_wconf 80' lang='grc' dir='ltr'><strong>Ἡδονὴ</strong></span> <span class='ocrx_word' id='word_1_158' title='bbox 1502 2806 1702 2877; x_wconf 80' lang='grc' dir='ltr'><strong>τροφός</strong></span> 
     </span>
    </p>
   </div>
   <div class='ocr_carea' id='block_1_26' title="bbox 128 2898 1704 2979">
    <p class='ocr_par' dir='ltr' id='par_1_26' title="bbox 128 2898 1704 2979">
     <span class='ocr_line' id='line_1_26' title="bbox 128 2898 1704 2979; baseline -0.013 -8"><span class='ocrx_word' id='word_1_159' title='bbox 128 2923 248 2971; x_wconf 78' lang='grc' dir='ltr'><strong>ἐστι</strong></span> <span class='ocrx_word' id='word_1_160' title='bbox 285 2915 377 2968; x_wconf 80' lang='grc' dir='ltr'><strong>τοῦ</strong></span> <span class='ocrx_word' id='word_1_161' title='bbox 407 2913 624 2967; x_wconf 81' lang='grc' dir='ltr'>αἰωνίου</span> <span class='ocrx_word' id='word_1_162' title='bbox 655 2908 957 2979; x_wconf 79' lang='grc' dir='ltr'><strong>σκώληκος,</strong></span> <span class='ocrx_word' id='word_1_163' title='bbox 1009 2908 1043 2977; x_wconf 84' lang='grc' dir='ltr'>ἢ</span> <span class='ocrx_word' id='word_1_164' title='bbox 1075 2905 1211 2975; x_wconf 74' lang='grc' dir='ltr'><strong>πρὸς</strong></span> <span class='ocrx_word' id='word_1_165' title='bbox 1248 2902 1436 2969; x_wconf 74' lang='grc' dir='ltr'><strong>καιρὸν</strong></span> <span class='ocrx_word' id='word_1_166' title='bbox 1483 2898 1704 2953; x_wconf 84' lang='grc' dir='ltr'><strong>καταλι-</strong></span> 
     </span>
    </p>
   </div>
   <div class='ocr_carea' id='block_1_27' title="bbox 129 2991 1703 3075">
    <p class='ocr_par' dir='ltr' id='par_1_27' title="bbox 129 2991 1703 3075">
     <span class='ocr_line' id='line_1_27' title="bbox 129 2991 1703 3075; baseline -0.013 -13"><span class='ocrx_word' id='word_1_167' title='bbox 129 3008 318 3063; x_wconf 83' lang='grc' dir='ltr'><strong>παίνει</strong></span> <span class='ocrx_word' id='word_1_168' title='bbox 339 3006 428 3059; x_wconf 82' lang='grc' dir='ltr'><strong>τὸν</strong></span> <span class='ocrx_word' id='word_1_169' title='bbox 449 3003 853 3075; x_wconf 80' lang='grc' dir='ltr'><strong>ἁμαρτάνοντα,</strong></span> <span class='ocrx_word' id='word_1_170' title='bbox 894 2998 1122 3068; x_wconf 77' lang='grc' dir='ltr'><strong>ὕστερον</strong></span> <span class='ocrx_word' id='word_1_171' title='bbox 1161 2996 1218 3049; x_wconf 83' lang='grc' dir='ltr'><strong>δὲ</strong></span> <span class='ocrx_word' id='word_1_172' title='bbox 1252 2991 1583 3064; x_wconf 77' lang='grc' dir='ltr'><strong>πικροτέρας</strong></span> <span class='ocrx_word' id='word_1_173' title='bbox 1611 3008 1703 3061; x_wconf 82' lang='grc' dir='ltr'><strong>χο-</strong></span> 
     </span>
    </p>
   </div>
   <div class='ocr_carea' id='block_1_28' title="bbox 129 3084 1706 3167">
    <p class='ocr_par' dir='ltr' id='par_1_28' title="bbox 129 3084 1706 3167">
     <span class='ocr_line' id='line_1_28' title="bbox 129 3084 1706 3167; baseline -0.01 -16"><span class='ocrx_word' id='word_1_174' title='bbox 129 3100 229 3167; x_wconf 77' lang='grc' dir='ltr'><strong>λῆς</strong></span> <span class='ocrx_word' id='word_1_175' title='bbox 260 3098 496 3150; x_wconf 80' lang='grc' dir='ltr'><strong>ποιεῖται</strong></span> <span class='ocrx_word' id='word_1_176' title='bbox 522 3094 622 3157; x_wconf 82' lang='grc' dir='ltr'><strong>τὰς</strong></span> <span class='ocrx_word' id='word_1_177' title='bbox 650 3092 953 3152; x_wconf 82' lang='grc' dir='ltr'><strong>ἀναδόσεις.</strong></span> <span class='ocrx_word' id='word_1_178' title='bbox 984 3089 1151 3141; x_wconf 84' lang='grc' dir='ltr'><strong>Ούδὲν</strong></span> <span class='ocrx_word' id='word_1_179' title='bbox 1182 3086 1310 3142; x_wconf 80' lang='grc' dir='ltr'><strong>ἄλλο</strong></span> <span class='ocrx_word' id='word_1_180' title='bbox 1346 3086 1443 3157; x_wconf 77' lang='grc' dir='ltr'><strong>βοᾷ</strong></span> <span class='ocrx_word' id='word_1_181' title='bbox 1468 3087 1501 3156; x_wconf 76' lang='grc' dir='ltr'><strong>ἡ</strong></span> <span class='ocrx_word' id='word_1_182' title='bbox 1533 3084 1706 3150; x_wconf 80' lang='grc' dir='ltr'><strong>ὺπέρ-</strong></span> 
     </span>
    </p>
   </div>
   <div class='ocr_carea' id='block_1_29' title="bbox 130 3172 1707 3259">
    <p class='ocr_par' dir='ltr' id='par_1_29' title="bbox 130 3172 1707 3259">
     <span class='ocr_line' id='line_1_29' title="bbox 130 3172 1707 3259; baseline -0.01 -14"><span class='ocrx_word' id='word_1_183' title='bbox 130 3192 307 3254; x_wconf 81' lang='grc' dir='ltr'><strong>θεσις,</strong></span> <span class='ocrx_word' id='word_1_184' title='bbox 331 3188 363 3259; x_wconf 79' lang='grc' dir='ltr'>ἢ</span> <span class='ocrx_word' id='word_1_185' title='bbox 385 3186 558 3240; x_wconf 83' lang='grc' dir='ltr'><strong>ταῦτα</strong></span> <span class='ocrx_word' id='word_1_186' title='bbox 579 3201 591 3214; x_wconf 85' lang='grc'><strong>·</strong></span> <span class='ocrx_word' id='word_1_187' title='bbox 619 3182 992 3256; x_wconf 84' lang='grc' dir='ltr'><strong>βασιλευσάτω</strong></span> <span class='ocrx_word' id='word_1_188' title='bbox 1012 3182 1069 3235; x_wconf 85' lang='grc' dir='ltr'><strong>ἐν</strong></span> <span class='ocrx_word' id='word_1_189' title='bbox 1093 3181 1216 3249; x_wconf 77' lang='grc' dir='ltr'><strong>ἒμοὶ</strong></span> <span class='ocrx_word' id='word_1_190' title='bbox 1240 3180 1272 3249; x_wconf 84' lang='grc' dir='ltr'>ὴ</span> <span class='ocrx_word' id='word_1_191' title='bbox 1295 3177 1563 3249; x_wconf 85' lang='grc' dir='ltr'><strong>ἁμαρτία,</strong></span> <span class='ocrx_word' id='word_1_192' title='bbox 1587 3172 1707 3230; x_wconf 81' lang='grc' dir='ltr'><strong>εἶτα</strong></span> 
     </span>
    </p>
   </div>
   <div class='ocr_carea' id='block_1_30' title="bbox 1772 595 3351 680">
    <p class='ocr_par' dir='ltr' id='par_1_30' title="bbox 1772 595 3351 680">
     <span class='ocr_line' id='line_1_30' title="bbox 1772 595 3351 680; baseline -0.008 -16"><span class='ocrx_word' id='word_1_193' title='bbox 1772 620 2092 680; x_wconf 89' lang='lat' dir='ltr'><strong>peccemus.</strong></span> <span class='ocrx_word' id='word_1_194' title='bbox 2153 619 2266 660; x_wconf 91' lang='lat' dir='ltr'><strong>non</strong></span> <span class='ocrx_word' id='word_1_195' title='bbox 2323 599 2551 657; x_wconf 97' lang='lat' dir='ltr'><strong>aliunde</strong></span> <span class='ocrx_word' id='word_1_196' title='bbox 2604 599 2804 665; x_wconf 86' lang='lat' dir='ltr'><strong>oritur.</strong></span> <span class='ocrx_word' id='word_1_197' title='bbox 2854 612 3018 669; x_wconf 85' lang='lat' dir='ltr'><strong>quam</strong></span> <span class='ocrx_word' id='word_1_198' title='bbox 3057 596 3205 669; x_wconf 89' lang='lat' dir='ltr'><strong>quod</strong></span> <span class='ocrx_word' id='word_1_199' title='bbox 3253 595 3351 651; x_wconf 82' lang='lat' dir='ltr'><strong>Dei</strong></span> 
     </span>
    </p>
   </div>
   <div class='ocr_carea' id='block_1_31' title="bbox 1776 696 2425 757">
    <p class='ocr_par' dir='ltr' id='par_1_31' title="bbox 1776 696 2425 757">
     <span class='ocr_line' id='line_1_31' title="bbox 1776 696 2425 757; baseline -0.012 0"><span class='ocrx_word' id='word_1_200' title='bbox 1776 710 1960 757; x_wconf 88' lang='lat' dir='ltr'><strong>metus</strong></span> <span class='ocrx_word' id='word_1_201' title='bbox 1998 715 2029 754; x_wconf 86' lang='lat' dir='ltr'><strong>a</strong></span> <span class='ocrx_word' id='word_1_202' title='bbox 2058 699 2219 754; x_wconf 91' lang='lat' dir='ltr'><strong>nobis</strong></span> <span class='ocrx_word' id='word_1_203' title='bbox 2260 696 2425 752; x_wconf 90' lang='lat' dir='ltr'><strong>absit.</strong></span> 
     </span>
    </p>
   </div>
   <div class='ocr_carea' id='block_1_32' title="bbox 1849 806 3351 888">
    <p class='ocr_par' dir='ltr' id='par_1_32' title="bbox 1849 806 3351 888">
     <span class='ocr_line' id='line_1_32' title="bbox 1849 806 3351 888; baseline -0.008 -17"><span class='ocrx_word' id='word_1_204' title='bbox 1849 816 2130 888; x_wconf 82' lang='lat' dir='ltr'><strong>Ejusdem,</strong></span> <span class='ocrx_word' id='word_1_205' title='bbox 2162 813 2376 868; x_wconf 83' lang='lat' dir='ltr'><strong>adhort.</strong></span> <span class='ocrx_word' id='word_1_206' title='bbox 2427 810 2497 866; x_wconf 81' lang='lat' dir='ltr'><strong>ad</strong></span> <span class='ocrx_word' id='word_1_207' title='bbox 2548 808 2711 876; x_wconf 85' lang='lat' dir='ltr'><strong>Bapt.</strong></span> <span class='ocrx_word' id='word_1_208' title='bbox 2740 838 2809 851; x_wconf 88' lang='lat'><strong>—-</strong></span> <span class='ocrx_word' id='word_1_209' title='bbox 2834 806 3121 878; x_wconf 85' lang='lat' dir='ltr'><strong>Siquidem</strong></span> <span class='ocrx_word' id='word_1_210' title='bbox 3152 819 3351 877; x_wconf 81' lang='lat' dir='ltr'><strong>pecca-</strong></span> 
     </span>
    </p>
   </div>
   <div class='ocr_carea' id='block_1_33' title="bbox 1775 901 3350 973">
    <p class='ocr_par' dir='ltr' id='par_1_33' title="bbox 1775 901 3350 973">
     <span class='ocr_line' id='line_1_33' title="bbox 1775 901 3350 973; baseline -0.008 -10"><span class='ocrx_word' id='word_1_211' title='bbox 1775 918 1893 963; x_wconf 89' lang='lat' dir='ltr'><strong>tum</strong></span> <span class='ocrx_word' id='word_1_212' title='bbox 1936 908 2142 963; x_wconf 90' lang='lat' dir='ltr'><strong>bonum</strong></span> <span class='ocrx_word' id='word_1_213' title='bbox 2173 906 2266 970; x_wconf 86' lang='lat' dir='ltr'><strong>sit.</strong></span> <span class='ocrx_word' id='word_1_214' title='bbox 2302 904 2368 960; x_wconf 87' lang='lat' dir='ltr'><strong>ad</strong></span> <span class='ocrx_word' id='word_1_215' title='bbox 2402 911 2709 959; x_wconf 85' lang='lat' dir='ltr'><strong>extremum</strong></span> <span class='ocrx_word' id='word_1_216' title='bbox 2743 916 2920 972; x_wconf 90' lang='lat' dir='ltr'><strong>usque</strong></span> <span class='ocrx_word' id='word_1_217' title='bbox 2950 901 3132 973; x_wconf 90' lang='lat' dir='ltr'><strong>ipsum</strong></span> <span class='ocrx_word' id='word_1_218' title='bbox 3167 912 3350 956; x_wconf 81' lang='lat' dir='ltr'><strong>serva.</strong></span> 
     </span>
    </p>
   </div>
   <div class='ocr_carea' id='block_1_34' title="bbox 1780 995 3353 1069">
    <p class='ocr_par' dir='ltr' id='par_1_34' title="bbox 1780 995 3353 1069">
     <span class='ocr_line' id='line_1_34' title="bbox 1780 995 3353 1069; baseline -0.006 -14"><span class='ocrx_word' id='word_1_219' title='bbox 1780 1000 1879 1056; x_wconf 86' lang='lat' dir='ltr'><strong>Sin</strong></span> <span class='ocrx_word' id='word_1_220' title='bbox 1915 1007 2098 1054; x_wconf 87' lang='lat' dir='ltr'><strong>autem</strong></span> <span class='ocrx_word' id='word_1_221' title='bbox 2132 997 2507 1069; x_wconf 86' lang='lat' dir='ltr'><strong>periculosum</strong></span> <span class='ocrx_word' id='word_1_222' title='bbox 2547 1002 2633 1052; x_wconf 92' lang='lat' dir='ltr'><strong>est</strong></span> <span class='ocrx_word' id='word_1_223' title='bbox 2658 995 2741 1051; x_wconf 90' lang='lat' dir='ltr'><strong>eis</strong></span> <span class='ocrx_word' id='word_1_224' title='bbox 2771 1010 2802 1049; x_wconf 91' lang='lat' dir='ltr'><strong>a</strong></span> <span class='ocrx_word' id='word_1_225' title='bbox 2836 1008 2947 1065; x_wconf 91' lang='lat' dir='ltr'><strong>quo</strong></span> <span class='ocrx_word' id='word_1_226' title='bbox 2981 1000 3353 1065; x_wconf 77' lang='lat' dir='ltr'><strong>perpetretur.</strong></span> 
     </span>
    </p>
   </div>
   <div class='ocr_carea' id='block_1_35' title="bbox 1780 1076 3356 1161">
    <p class='ocr_par' dir='ltr' id='par_1_35' title="bbox 1780 1076 3356 1161">
     <span class='ocr_line' id='line_1_35' title="bbox 1780 1076 3356 1161; baseline -0.008 -11"><span class='ocrx_word' id='word_1_227' title='bbox 1780 1109 1881 1150; x_wconf 92' lang='lat' dir='ltr'><strong>cur</strong></span> <span class='ocrx_word' id='word_1_228' title='bbox 1909 1092 1965 1146; x_wconf 93' lang='lat' dir='ltr'><strong>in</strong></span> <span class='ocrx_word' id='word_1_229' title='bbox 2000 1091 2088 1145; x_wconf 85' lang='lat' dir='ltr'><strong>his</strong></span> <span class='ocrx_word' id='word_1_230' title='bbox 2118 1105 2241 1161; x_wconf 69' lang='lat' dir='ltr'><strong>quae</strong></span> <span class='ocrx_word' id='word_1_231' title='bbox 2270 1088 2506 1144; x_wconf 75' lang='lat' dir='ltr'><strong>exitiosa</strong></span> <span class='ocrx_word' id='word_1_232' title='bbox 2557 1096 2714 1151; x_wconf 83' lang='lat' dir='ltr'><strong>sunt,</strong></span> <span class='ocrx_word' id='word_1_233' title='bbox 2774 1086 3141 1158; x_wconf 79' lang='lat' dir='ltr'><strong>perseveras?</strong></span> <span class='ocrx_word' id='word_1_234' title='bbox 3180 1076 3356 1140; x_wconf 83' lang='lat' dir='ltr'><strong>Nemo</strong></span> 
     </span>
    </p>
   </div>
   <div class='ocr_carea' id='block_1_36' title="bbox 1781 1178 3352 1253">
    <p class='ocr_par' dir='ltr' id='par_1_36' title="bbox 1781 1178 3352 1253">
     <span class='ocr_line' id='line_1_36' title="bbox 1781 1178 3352 1253; baseline -0.007 -12"><span class='ocrx_word' id='word_1_235' title='bbox 1781 1186 1948 1241; x_wconf 86' lang='lat' dir='ltr'><strong>bilem</strong></span> <span class='ocrx_word' id='word_1_236' title='bbox 1978 1198 2231 1240; x_wconf 80' lang='lat' dir='ltr'><strong>evomere</strong></span> <span class='ocrx_word' id='word_1_237' title='bbox 2260 1197 2536 1253; x_wconf 68' lang='lat' dir='ltr'><strong>quaerens,</strong></span> <span class='ocrx_word' id='word_1_238' title='bbox 2582 1180 2716 1237; x_wconf 89' lang='lat' dir='ltr'><strong>illud</strong></span> <span class='ocrx_word' id='word_1_239' title='bbox 2748 1179 2862 1250; x_wconf 78' lang='lat' dir='ltr'><strong>agit</strong></span> <span class='ocrx_word' id='word_1_240' title='bbox 2893 1195 3003 1250; x_wconf 91' lang='lat' dir='ltr'><strong>quo</strong></span> <span class='ocrx_word' id='word_1_241' title='bbox 3030 1194 3126 1249; x_wconf 87' lang='lat' dir='ltr'><strong>per</strong></span> <span class='ocrx_word' id='word_1_242' title='bbox 3150 1178 3352 1233; x_wconf 90' lang='lat' dir='ltr'><strong>malam</strong></span> 
     </span>
    </p>
   </div>
   <div class='ocr_carea' id='block_1_37' title="bbox 1782 1269 3355 1346">
    <p class='ocr_par' dir='ltr' id='par_1_37' title="bbox 1782 1269 3355 1346">
     <span class='ocr_line' id='line_1_37' title="bbox 1782 1269 3355 1346; baseline -0.009 -12"><span class='ocrx_word' id='word_1_243' title='bbox 1782 1285 1838 1334; x_wconf 89' lang='lat' dir='ltr'><strong>et</strong></span> <span class='ocrx_word' id='word_1_244' title='bbox 1863 1276 2325 1346; x_wconf 82' lang='lat' dir='ltr'><strong>intemperantem</strong></span> <span class='ocrx_word' id='word_1_245' title='bbox 2363 1273 2550 1329; x_wconf 89' lang='lat' dir='ltr'><strong>victus</strong></span> <span class='ocrx_word' id='word_1_246' title='bbox 2591 1271 2865 1327; x_wconf 88' lang='lat' dir='ltr'><strong>rationem</strong></span> <span class='ocrx_word' id='word_1_247' title='bbox 2918 1269 3205 1341; x_wconf 86' lang='lat' dir='ltr'><strong>copiosius</strong></span> <span class='ocrx_word' id='word_1_248' title='bbox 3236 1282 3355 1323; x_wconf 85' lang='lat' dir='ltr'><strong>eam</strong></span> 
     </span>
    </p>
   </div>
   <div class='ocr_carea' id='block_1_38' title="bbox 1784 1368 2179 1439">
    <p class='ocr_par' dir='ltr' id='par_1_38' title="bbox 1784 1368 2179 1439">
     <span class='ocr_line' id='line_1_38' title="bbox 1784 1368 2179 1439; baseline -0.005 -16"><span class='ocrx_word' id='word_1_249' title='bbox 1784 1368 1892 1424; x_wconf 86' lang='lat' dir='ltr'><strong>sibi</strong></span> <span class='ocrx_word' id='word_1_250' title='bbox 1930 1377 2179 1439; x_wconf 82' lang='lat' dir='ltr'><strong>oggerat.</strong></span> 
     </span>
    </p>
   </div>
   <div class='ocr_carea' id='block_1_39' title="bbox 1856 1476 3362 1546">
    <p class='ocr_par' dir='ltr' id='par_1_39' title="bbox 1856 1476 3362 1546">
     <span class='ocr_line' id='line_1_39' title="bbox 1856 1476 3362 1546; baseline -0.001 -13"><span class='ocrx_word' id='word_1_251' title='bbox 1856 1477 2417 1534; x_wconf 81' lang='lat' dir='ltr'><strong>Ibid.—Dilationis</strong></span> <span class='ocrx_word' id='word_1_252' title='bbox 2469 1484 2578 1532; x_wconf 72' lang='lat' dir='ltr'><strong>tua:</strong></span> <span class='ocrx_word' id='word_1_253' title='bbox 2637 1491 2864 1532; x_wconf 87' lang='lat' dir='ltr'><strong>causam</strong></span> <span class='ocrx_word' id='word_1_254' title='bbox 2920 1476 3202 1546; x_wconf 80' lang='lat' dir='ltr'><strong>intelligo;</strong></span> <span class='ocrx_word' id='word_1_255' title='bbox 3255 1477 3362 1531; x_wconf 89' lang='lat' dir='ltr'><strong>etsi</strong></span> 
     </span>
    </p>
   </div>
   <div class='ocr_carea' id='block_1_40' title="bbox 1786 1567 3366 1641">
    <p class='ocr_par' dir='ltr' id='par_1_40' title="bbox 1786 1567 3366 1641">
     <span class='ocr_line' id='line_1_40' title="bbox 1786 1567 3366 1641; baseline -0.002 -16"><span class='ocrx_word' id='word_1_256' title='bbox 1786 1572 1974 1628; x_wconf 85' lang='lat' dir='ltr'><strong>verbis</strong></span> <span class='ocrx_word' id='word_1_257' title='bbox 2009 1586 2131 1627; x_wconf 88' lang='lat' dir='ltr'><strong>eam</strong></span> <span class='ocrx_word' id='word_1_258' title='bbox 2165 1570 2403 1641; x_wconf 83' lang='lat' dir='ltr'><strong>obtegis.</strong></span> <span class='ocrx_word' id='word_1_259' title='bbox 2450 1567 2561 1625; x_wconf 84' lang='lat' dir='ltr'><strong>Res</strong></span> <span class='ocrx_word' id='word_1_260' title='bbox 2608 1568 2742 1639; x_wconf 65' lang='lat' dir='ltr'><strong>ipsae</strong></span> <span class='ocrx_word' id='word_1_261' title='bbox 2795 1571 3059 1633; x_wconf 83' lang='lat' dir='ltr'><strong>clamant.</strong></span> <span class='ocrx_word' id='word_1_262' title='bbox 3108 1570 3366 1640; x_wconf 84' lang='lat' dir='ltr'><strong>quamvis</strong></span> 
     </span>
    </p>
   </div>
   <div class='ocr_carea' id='block_1_41' title="bbox 1788 1661 3366 1733">
    <p class='ocr_par' dir='ltr' id='par_1_41' title="bbox 1788 1661 3366 1733">
     <span class='ocr_line' id='line_1_41' title="bbox 1788 1661 3366 1733; baseline -0.002 -14"><span class='ocrx_word' id='word_1_263' title='bbox 1788 1664 2128 1719; x_wconf 83' lang='lat' dir='ltr'><strong>obticescas.</strong></span> <span class='ocrx_word' id='word_1_264' title='bbox 2157 1661 2311 1728; x_wconf 83' lang='lat' dir='ltr'><strong>Sine,</strong></span> <span class='ocrx_word' id='word_1_265' title='bbox 2338 1662 2548 1733; x_wconf 82' lang='lat' dir='ltr'><strong>inquis.</strong></span> <span class='ocrx_word' id='word_1_266' title='bbox 2597 1670 2657 1715; x_wconf 92' lang='lat' dir='ltr'><strong>ut</strong></span> <span class='ocrx_word' id='word_1_267' title='bbox 2693 1661 2762 1715; x_wconf 90' lang='lat' dir='ltr'><strong>ad</strong></span> <span class='ocrx_word' id='word_1_268' title='bbox 2794 1661 2976 1731; x_wconf 89' lang='lat' dir='ltr'><strong>turpia</strong></span> <span class='ocrx_word' id='word_1_269' title='bbox 3010 1662 3366 1732; x_wconf 84' lang='lat' dir='ltr'><strong>obscenaque</strong></span> 
     </span>
    </p>
   </div>
   <div class='ocr_carea' id='block_1_42' title="bbox 1790 1756 3369 1825">
    <p class='ocr_par' dir='ltr' id='par_1_42' title="bbox 1790 1756 3369 1825">
     <span class='ocr_line' id='line_1_42' title="bbox 1790 1756 3369 1825; baseline -0.001 -13"><span class='ocrx_word' id='word_1_270' title='bbox 1790 1758 2200 1813; x_wconf 88' lang='lat' dir='ltr'><strong>oblectamenta</strong></span> <span class='ocrx_word' id='word_1_271' title='bbox 2243 1770 2412 1811; x_wconf 91' lang='lat' dir='ltr'><strong>carne</strong></span> <span class='ocrx_word' id='word_1_272' title='bbox 2445 1756 2673 1821; x_wconf 84' lang='lat' dir='ltr'><strong>abutar,</strong></span> <span class='ocrx_word' id='word_1_273' title='bbox 2717 1762 2777 1808; x_wconf 93' lang='lat' dir='ltr'><strong>ut</strong></span> <span class='ocrx_word' id='word_1_274' title='bbox 2801 1757 2854 1809; x_wconf 90' lang='lat' dir='ltr'><strong>in</strong></span> <span class='ocrx_word' id='word_1_275' title='bbox 2889 1756 3234 1825; x_wconf 85' lang='lat' dir='ltr'><strong>voluptatum</strong></span> <span class='ocrx_word' id='word_1_276' title='bbox 3272 1771 3369 1811; x_wconf 77' lang='lat' dir='ltr'><strong>vo-</strong></span> 
     </span>
    </p>
   </div>
   <div class='ocr_carea' id='block_1_43' title="bbox 1792 1848 3371 1914">
    <p class='ocr_par' dir='ltr' id='par_1_43' title="bbox 1792 1848 3371 1914">
     <span class='ocr_line' id='line_1_43' title="bbox 1792 1848 3371 1914; baseline -0.001 -11"><span class='ocrx_word' id='word_1_277' title='bbox 1792 1850 1938 1904; x_wconf 85' lang='lat' dir='ltr'><strong>inter</strong></span> <span class='ocrx_word' id='word_1_278' title='bbox 1986 1864 2170 1914; x_wconf 69' lang='lat' dir='ltr'><strong>emno.</strong></span> <span class='ocrx_word' id='word_1_279' title='bbox 2224 1856 2286 1903; x_wconf 93' lang='lat' dir='ltr'><strong>ut</strong></span> <span class='ocrx_word' id='word_1_280' title='bbox 2332 1864 2530 1904; x_wconf 88' lang='lat' dir='ltr'><strong>manus</strong></span> <span class='ocrx_word' id='word_1_281' title='bbox 2570 1856 2884 1912; x_wconf 85' lang='lat' dir='ltr'><strong>eruentem,</strong></span> <span class='ocrx_word' id='word_1_282' title='bbox 2944 1854 3004 1901; x_wconf 92' lang='lat' dir='ltr'><strong>ut</strong></span> <span class='ocrx_word' id='word_1_283' title='bbox 3052 1848 3232 1902; x_wconf 86' lang='lat' dir='ltr'><strong>aliena</strong></span> <span class='ocrx_word' id='word_1_284' title='bbox 3277 1864 3371 1902; x_wconf 88' lang='lat' dir='ltr'><strong>ra-</strong></span> 
     </span>
    </p>
   </div>
   <div class='ocr_carea' id='block_1_44' title="bbox 1800 1939 3373 2013">
    <p class='ocr_par' dir='ltr' id='par_1_44' title="bbox 1800 1939 3373 2013">
     <span class='ocr_line' id='line_1_44' title="bbox 1800 1939 3373 2013; baseline -0.001 -17"><span class='ocrx_word' id='word_1_285' title='bbox 1800 1943 1968 2013; x_wconf 88' lang='lat' dir='ltr'><strong>piam,</strong></span> <span class='ocrx_word' id='word_1_286' title='bbox 2020 1950 2085 1995; x_wconf 88' lang='lat' dir='ltr'><strong>ut</strong></span> <span class='ocrx_word' id='word_1_287' title='bbox 2131 1940 2361 1997; x_wconf 88' lang='lat' dir='ltr'><strong>subdole</strong></span> <span class='ocrx_word' id='word_1_288' title='bbox 2408 1939 2683 2004; x_wconf 86' lang='lat' dir='ltr'><strong>incedam,</strong></span> <span class='ocrx_word' id='word_1_289' title='bbox 2727 1948 2786 1992; x_wconf 92' lang='lat' dir='ltr'><strong>ut</strong></span> <span class='ocrx_word' id='word_1_290' title='bbox 2816 1939 3081 2008; x_wconf 89' lang='lat' dir='ltr'><strong>pejerem,</strong></span> <span class='ocrx_word' id='word_1_291' title='bbox 3117 1949 3170 1995; x_wconf 90' lang='lat' dir='ltr'><strong>et</strong></span> <span class='ocrx_word' id='word_1_292' title='bbox 3216 1957 3373 1997; x_wconf 68' lang='lat' dir='ltr'><strong>men~</strong></span> 
     </span>
    </p>
   </div>
   <div class='ocr_carea' id='block_1_45' title="bbox 1801 2031 3372 2103">
    <p class='ocr_par' dir='ltr' id='par_1_45' title="bbox 1801 2031 3372 2103">
     <span class='ocr_line' id='line_1_45' title="bbox 1801 2031 3372 2103; baseline 0 -16"><span class='ocrx_word' id='word_1_293' title='bbox 1801 2036 1928 2098; x_wconf 89' lang='lat' dir='ltr'><strong>tiar,</strong></span> <span class='ocrx_word' id='word_1_294' title='bbox 1979 2042 2223 2103; x_wconf 87' lang='lat' dir='ltr'><strong>tuncque</strong></span> <span class='ocrx_word' id='word_1_295' title='bbox 2274 2032 2658 2103; x_wconf 73' lang='lat' dir='ltr'><strong>pmnitentiam</strong></span> <span class='ocrx_word' id='word_1_296' title='bbox 2707 2046 2883 2101; x_wconf 87' lang='lat' dir='ltr'><strong>agam.</strong></span> <span class='ocrx_word' id='word_1_297' title='bbox 2941 2031 3077 2087; x_wconf 81' lang='lat' dir='ltr'><strong>Vide</strong></span> <span class='ocrx_word' id='word_1_298' title='bbox 3118 2049 3207 2100; x_wconf 90' lang='lat' dir='ltr'><strong>ne,</strong></span> <span class='ocrx_word' id='word_1_299' title='bbox 3243 2036 3372 2087; x_wconf 89' lang='lat' dir='ltr'><strong>dum</strong></span> 
     </span>
    </p>
   </div>
   <div class='ocr_carea' id='block_1_46' title="bbox 1802 2124 3373 2197">
    <p class='ocr_par' dir='ltr' id='par_1_46' title="bbox 1802 2124 3373 2197">
     <span class='ocr_line' id='line_1_46' title="bbox 1802 2124 3373 2197; baseline -0.001 -16"><span class='ocrx_word' id='word_1_300' title='bbox 1802 2142 1899 2197; x_wconf 79' lang='lat' dir='ltr'><strong>Spe</strong></span> <span class='ocrx_word' id='word_1_301' title='bbox 1933 2127 2109 2181; x_wconf 70' lang='lat' dir='ltr'><strong>venite</strong></span> <span class='ocrx_word' id='word_1_302' title='bbox 2160 2135 2511 2197; x_wconf 86' lang='lat' dir='ltr'><strong>peccaturum</strong></span> <span class='ocrx_word' id='word_1_303' title='bbox 2562 2139 2756 2195; x_wconf 82' lang='lat' dir='ltr'><strong>agmen</strong></span> <span class='ocrx_word' id='word_1_304' title='bbox 2811 2124 3049 2193; x_wconf 80' lang='lat' dir='ltr'><strong>colligis.</strong></span> <span class='ocrx_word' id='word_1_305' title='bbox 3089 2134 3373 2194; x_wconf 85' lang='lat' dir='ltr'><strong>peceatum</strong></span> 
     </span>
    </p>
   </div>
   <div class='ocr_carea' id='block_1_47' title="bbox 1801 2216 3378 2289">
    <p class='ocr_par' dir='ltr' id='par_1_47' title="bbox 1801 2216 3378 2289">
     <span class='ocr_line' id='line_1_47' title="bbox 1801 2216 3378 2289; baseline 0.001 -17"><span class='ocrx_word' id='word_1_306' title='bbox 1801 2218 2024 2289; x_wconf 83' lang='lat' dir='ltr'><strong>quidem</strong></span> <span class='ocrx_word' id='word_1_307' title='bbox 2062 2219 2332 2282; x_wconf 87' lang='lat' dir='ltr'><strong>cumules,</strong></span> <span class='ocrx_word' id='word_1_308' title='bbox 2387 2219 2602 2271; x_wconf 81' lang='lat' dir='ltr'><strong>veniam</strong></span> <span class='ocrx_word' id='word_1_309' title='bbox 2658 2228 2840 2272; x_wconf 84' lang='lat' dir='ltr'><strong>autem</strong></span> <span class='ocrx_word' id='word_1_310' title='bbox 2904 2216 3128 2270; x_wconf 87' lang='lat' dir='ltr'><strong>minime</strong></span> <span class='ocrx_word' id='word_1_311' title='bbox 3179 2233 3378 2273; x_wconf 84' lang='lat' dir='ltr'><strong>conse-</strong></span> 
     </span>
    </p>
   </div>
   <div class='ocr_carea' id='block_1_48' title="bbox 1803 2310 2018 2381">
    <p class='ocr_par' dir='ltr' id='par_1_48' title="bbox 1803 2310 2018 2381">
     <span class='ocr_line' id='line_1_48' title="bbox 1803 2310 2018 2381; baseline -0.014 -16"><span class='ocrx_word' id='word_1_312' title='bbox 1803 2310 2018 2381; x_wconf 84' lang='lat' dir='ltr'><strong>quaris.</strong></span> 
     </span>
    </p>
   </div>
   <div class='ocr_carea' id='block_1_49' title="bbox 1880 2441 3382 2512">
    <p class='ocr_par' dir='ltr' id='par_1_49' title="bbox 1880 2441 3382 2512">
     <span class='ocr_line' id='line_1_49' title="bbox 1880 2441 3382 2512; baseline 0.001 -15"><span class='ocrx_word' id='word_1_313' title='bbox 1880 2442 2021 2497; x_wconf 82' lang='lat' dir='ltr'><strong>Ibid.</strong></span> <span class='ocrx_word' id='word_1_314' title='bbox 2063 2472 2135 2485; x_wconf 89' lang='lat'><strong>-—</strong></span> <span class='ocrx_word' id='word_1_315' title='bbox 2176 2442 2323 2497; x_wconf 88' lang='lat' dir='ltr'><strong>Deus</strong></span> <span class='ocrx_word' id='word_1_316' title='bbox 2353 2457 2462 2497; x_wconf 92' lang='lat' dir='ltr'><strong>non</strong></span> <span class='ocrx_word' id='word_1_317' title='bbox 2519 2441 2784 2496; x_wconf 89' lang='lat' dir='ltr'><strong>irridetur</strong></span> <span class='ocrx_word' id='word_1_318' title='bbox 2819 2442 3035 2511; x_wconf 75' lang='lat' dir='ltr'><strong>(Calor.</strong></span> <span class='ocrx_word' id='word_1_319' title='bbox 3066 2460 3141 2509; x_wconf 85' lang='lat' dir='ltr'><strong>vt,</strong></span> <span class='ocrx_word' id='word_1_320' title='bbox 3178 2444 3266 2512; x_wconf 87' lang='lat'><strong>7).</strong></span> <span class='ocrx_word' id='word_1_321' title='bbox 3302 2443 3382 2498; x_wconf 79' lang='lat' dir='ltr'><strong>Ne</strong></span> 
     </span>
    </p>
   </div>
   <div class='ocr_carea' id='block_1_50' title="bbox 1806 2533 3379 2607">
    <p class='ocr_par' dir='ltr' id='par_1_50' title="bbox 1806 2533 3379 2607">
     <span class='ocr_line' id='line_1_50' title="bbox 1806 2533 3379 2607; baseline 0.001 -19"><span class='ocrx_word' id='word_1_322' title='bbox 1806 2537 1996 2606; x_wconf 69' lang='lat' dir='ltr'><strong>gratia:</strong></span> <span class='ocrx_word' id='word_1_323' title='bbox 2051 2544 2422 2590; x_wconf 83' lang='lat' dir='ltr'><strong>mercaturam</strong></span> <span class='ocrx_word' id='word_1_324' title='bbox 2481 2534 2672 2589; x_wconf 82' lang='lat' dir='ltr'><strong>facias.</strong></span> <span class='ocrx_word' id='word_1_325' title='bbox 2709 2533 2787 2590; x_wconf 87' lang='lat' dir='ltr'><strong>Ne</strong></span> <span class='ocrx_word' id='word_1_326' title='bbox 2821 2535 2999 2602; x_wconf 89' lang='lat' dir='ltr'><strong>dicas,</strong></span> <span class='ocrx_word' id='word_1_327' title='bbox 3042 2536 3125 2591; x_wconf 79' lang='lat' dir='ltr'><strong>lex</strong></span> <span class='ocrx_word' id='word_1_328' title='bbox 3158 2537 3379 2607; x_wconf 85' lang='lat' dir='ltr'><strong>quidem</strong></span> 
     </span>
    </p>
   </div>
   <div class='ocr_carea' id='block_1_51' title="bbox 1808 2626 3381 2698">
    <p class='ocr_par' dir='ltr' id='par_1_51' title="bbox 1808 2626 3381 2698">
     <span class='ocr_line' id='line_1_51' title="bbox 1808 2626 3381 2698; baseline -0.001 -13"><span class='ocrx_word' id='word_1_329' title='bbox 1808 2632 1953 2685; x_wconf 90' lang='lat' dir='ltr'><strong>bona</strong></span> <span class='ocrx_word' id='word_1_330' title='bbox 1989 2636 2074 2683; x_wconf 90' lang='lat' dir='ltr'><strong>est</strong></span> <span class='ocrx_word' id='word_1_331' title='bbox 2113 2646 2126 2681; x_wconf 87' lang='lat'><strong>:</strong></span> <span class='ocrx_word' id='word_1_332' title='bbox 2179 2627 2277 2683; x_wconf 92' lang='lat' dir='ltr'><strong>sed</strong></span> <span class='ocrx_word' id='word_1_333' title='bbox 2312 2626 2622 2697; x_wconf 83' lang='lat' dir='ltr'><strong>jucundius</strong></span> <span class='ocrx_word' id='word_1_334' title='bbox 2655 2636 2738 2682; x_wconf 88' lang='lat' dir='ltr'><strong>est</strong></span> <span class='ocrx_word' id='word_1_335' title='bbox 2767 2635 3079 2697; x_wconf 87' lang='lat' dir='ltr'><strong>peccatum.</strong></span> <span class='ocrx_word' id='word_1_336' title='bbox 3112 2626 3381 2698; x_wconf 80' lang='lat' dir='ltr'><strong>Voluptas</strong></span> 
     </span>
    </p>
   </div>
   <div class='ocr_carea' id='block_1_52' title="bbox 1810 2720 3384 2794">
    <p class='ocr_par' dir='ltr' id='par_1_52' title="bbox 1810 2720 3384 2794">
     <span class='ocr_line' id='line_1_52' title="bbox 1810 2720 3384 2794; baseline -0.001 -16"><span class='ocrx_word' id='word_1_337' title='bbox 1810 2724 2010 2778; x_wconf 88' lang='lat' dir='ltr'><strong>hamus</strong></span> <span class='ocrx_word' id='word_1_338' title='bbox 2055 2720 2257 2776; x_wconf 86' lang='lat' dir='ltr'><strong>diaboli</strong></span> <span class='ocrx_word' id='word_1_339' title='bbox 2298 2728 2408 2785; x_wconf 90' lang='lat' dir='ltr'><strong>est,</strong></span> <span class='ocrx_word' id='word_1_340' title='bbox 2442 2720 2509 2775; x_wconf 88' lang='lat' dir='ltr'><strong>ad</strong></span> <span class='ocrx_word' id='word_1_341' title='bbox 2538 2720 2770 2775; x_wconf 80' lang='lat' dir='ltr'><strong>exitium</strong></span> <span class='ocrx_word' id='word_1_342' title='bbox 2819 2721 3067 2777; x_wconf 89' lang='lat' dir='ltr'><strong>trahens.</strong></span> <span class='ocrx_word' id='word_1_343' title='bbox 3114 2720 3384 2794; x_wconf 79' lang='lat' dir='ltr'><strong>Voluptas</strong></span> 
     </span>
    </p>
   </div>
   <div class='ocr_carea' id='block_1_53' title="bbox 1811 2811 3387 2885">
    <p class='ocr_par' dir='ltr' id='par_1_53' title="bbox 1811 2811 3387 2885">
     <span class='ocr_line' id='line_1_53' title="bbox 1811 2811 3387 2885; baseline -0.001 -15"><span class='ocrx_word' id='word_1_344' title='bbox 1811 2824 1987 2870; x_wconf 84' lang='lat' dir='ltr'><strong>mater</strong></span> <span class='ocrx_word' id='word_1_345' title='bbox 2018 2820 2103 2869; x_wconf 89' lang='lat' dir='ltr'><strong>est</strong></span> <span class='ocrx_word' id='word_1_346' title='bbox 2146 2812 2386 2884; x_wconf 89' lang='lat' dir='ltr'><strong>peccati,</strong></span> <span class='ocrx_word' id='word_1_347' title='bbox 2421 2811 2684 2867; x_wconf 88' lang='lat' dir='ltr'><strong>stimulus</strong></span> <span class='ocrx_word' id='word_1_348' title='bbox 2732 2812 3237 2885; x_wconf 76' lang='lat' dir='ltr'><strong>mortis.Voluptas</strong></span> <span class='ocrx_word' id='word_1_349' title='bbox 3263 2832 3387 2871; x_wconf 85' lang='lat' dir='ltr'><strong>ver-</strong></span> 
     </span>
    </p>
   </div>
   <div class='ocr_carea' id='block_1_54' title="bbox 1812 2903 3381 2977">
    <p class='ocr_par' dir='ltr' id='par_1_54' title="bbox 1812 2903 3381 2977">
     <span class='ocr_line' id='line_1_54' title="bbox 1812 2903 3381 2977; baseline -0.001 -17"><span class='ocrx_word' id='word_1_350' title='bbox 1812 2907 1919 2961; x_wconf 87' lang='lat' dir='ltr'><strong>mis</strong></span> <span class='ocrx_word' id='word_1_351' title='bbox 1945 2905 2137 2960; x_wconf 80' lang='lat' dir='ltr'><strong>aeterni</strong></span> <span class='ocrx_word' id='word_1_352' title='bbox 2208 2904 2398 2959; x_wconf 85' lang='lat' dir='ltr'><strong>nutrix</strong></span> <span class='ocrx_word' id='word_1_353' title='bbox 2451 2912 2560 2965; x_wconf 89' lang='lat' dir='ltr'><strong>est.</strong></span> <span class='ocrx_word' id='word_1_354' title='bbox 2617 2918 2727 2973; x_wconf 87' lang='lat' dir='ltr'><strong>qua</strong></span> <span class='ocrx_word' id='word_1_355' title='bbox 2763 2903 2830 2958; x_wconf 91' lang='lat' dir='ltr'><strong>ad</strong></span> <span class='ocrx_word' id='word_1_356' title='bbox 2883 2905 3052 2961; x_wconf 87' lang='lat' dir='ltr'><strong>breve</strong></span> <span class='ocrx_word' id='word_1_357' title='bbox 3104 2906 3381 2977; x_wconf 84' lang='lat' dir='ltr'><strong>quoddam</strong></span> 
     </span>
    </p>
   </div>
   <div class='ocr_carea' id='block_1_55' title="bbox 1812 2998 3383 3070">
    <p class='ocr_par' dir='ltr' id='par_1_55' title="bbox 1812 2998 3383 3070">
     <span class='ocr_line' id='line_1_55' title="bbox 1812 2998 3383 3070; baseline 0 -17"><span class='ocrx_word' id='word_1_358' title='bbox 1812 3009 2030 3068; x_wconf 85' lang='lat' dir='ltr'><strong>tempus</strong></span> <span class='ocrx_word' id='word_1_359' title='bbox 2068 3006 2357 3070; x_wconf 88' lang='lat' dir='ltr'><strong>peccatum</strong></span> <span class='ocrx_word' id='word_1_360' title='bbox 2388 2998 2709 3067; x_wconf 82' lang='lat' dir='ltr'><strong>saginatur;</strong></span> <span class='ocrx_word' id='word_1_361' title='bbox 2758 3009 2885 3069; x_wconf 91' lang='lat' dir='ltr'><strong>post</strong></span> <span class='ocrx_word' id='word_1_362' title='bbox 2929 3008 3110 3054; x_wconf 88' lang='lat' dir='ltr'><strong>autem</strong></span> <span class='ocrx_word' id='word_1_363' title='bbox 3143 3001 3383 3055; x_wconf 86' lang='lat' dir='ltr'><strong>amario-</strong></span> 
     </span>
    </p>
   </div>
   <div class='ocr_carea' id='block_1_56' title="bbox 1814 3089 3384 3156">
    <p class='ocr_par' dir='ltr' id='par_1_56' title="bbox 1814 3089 3384 3156">
     <span class='ocr_line' id='line_1_56' title="bbox 1814 3089 3384 3156; baseline 0 -10"><span class='ocrx_word' id='word_1_364' title='bbox 1814 3107 1902 3147; x_wconf 91' lang='lat' dir='ltr'><strong>res</strong></span> <span class='ocrx_word' id='word_1_365' title='bbox 1932 3090 2057 3148; x_wconf 83' lang='lat' dir='ltr'><strong>i&#39;elle</strong></span> <span class='ocrx_word' id='word_1_366' title='bbox 2079 3100 2274 3147; x_wconf 87' lang='lat' dir='ltr'><strong>ructus</strong></span> <span class='ocrx_word' id='word_1_367' title='bbox 2302 3097 2505 3146; x_wconf 86' lang='lat' dir='ltr'><strong>movet.</strong></span> <span class='ocrx_word' id='word_1_368' title='bbox 2545 3089 2689 3145; x_wconf 82' lang='lat' dir='ltr'><strong>Nihil</strong></span> <span class='ocrx_word' id='word_1_369' title='bbox 2727 3091 2879 3146; x_wconf 89' lang='lat' dir='ltr'><strong>aliud</strong></span> <span class='ocrx_word' id='word_1_370' title='bbox 2909 3091 3105 3148; x_wconf 74' lang='lat' dir='ltr'><strong>dilatio</strong></span> <span class='ocrx_word' id='word_1_371' title='bbox 3144 3094 3350 3148; x_wconf 87' lang='lat' dir='ltr'><strong>clamat</strong></span> <span class='ocrx_word' id='word_1_372' title='bbox 3370 3136 3384 3156; x_wconf 82' lang='lat'><strong>,</strong></span> 
     </span>
    </p>
   </div>
   <div class='ocr_carea' id='block_1_57' title="bbox 1815 3183 3387 3255">
    <p class='ocr_par' dir='ltr' id='par_1_57' title="bbox 1815 3183 3387 3255">
     <span class='ocr_line' id='line_1_57' title="bbox 1815 3183 3387 3255; baseline 0 -16"><span class='ocrx_word' id='word_1_373' title='bbox 1815 3184 1922 3239; x_wconf 87' lang='lat' dir='ltr'><strong>nisi</strong></span> <span class='ocrx_word' id='word_1_374' title='bbox 1953 3185 2061 3240; x_wconf 91' lang='lat' dir='ltr'><strong>ista</strong></span> <span class='ocrx_word' id='word_1_375' title='bbox 2096 3198 2111 3238; x_wconf 90' lang='lat'><strong>:</strong></span> <span class='ocrx_word' id='word_1_376' title='bbox 2163 3183 2376 3255; x_wconf 79' lang='lat' dir='ltr'><strong>Regnet</strong></span> <span class='ocrx_word' id='word_1_377' title='bbox 2432 3184 2487 3238; x_wconf 92' lang='lat' dir='ltr'><strong>in</strong></span> <span class='ocrx_word' id='word_1_378' title='bbox 2530 3199 2615 3240; x_wconf 90' lang='lat' dir='ltr'><strong>me</strong></span> <span class='ocrx_word' id='word_1_379' title='bbox 2646 3192 2973 3253; x_wconf 88' lang='lat' dir='ltr'><strong>peccatum;</strong></span> <span class='ocrx_word' id='word_1_380' title='bbox 3027 3187 3257 3255; x_wconf 84' lang='lat' dir='ltr'><strong>posthac</strong></span> <span class='ocrx_word' id='word_1_381' title='bbox 3285 3189 3387 3240; x_wconf 65' lang='lat' dir='ltr'><strong>ali.</strong></span> 
     </span>
    </p>
   </div>
   <div class='ocr_carea' id='block_1_58' title="bbox 130 3270 1703 3352">
    <p class='ocr_par' dir='ltr' id='par_1_58' title="bbox 130 3270 1703 3352">
     <span class='ocr_line' id='line_1_58' title="bbox 130 3270 1703 3352; baseline -0.008 -17"><span class='ocrx_word' id='word_1_382' title='bbox 130 3281 447 3352; x_wconf 78' lang='grc' dir='ltr'>βασιλεύσει</span> <span class='ocrx_word' id='word_1_383' title='bbox 481 3278 614 3330; x_wconf 81' lang='grc' dir='ltr'><strong>ποτὲ</strong></span> <span class='ocrx_word' id='word_1_384' title='bbox 645 3277 742 3330; x_wconf 72' lang='grc' dir='ltr'><strong>καὶ</strong></span> <span class='ocrx_word' id='word_1_385' title='bbox 783 3277 812 3329; x_wconf 88' lang='grc' dir='ltr'>ὁ</span> <span class='ocrx_word' id='word_1_386' title='bbox 843 3273 1065 3347; x_wconf 78' lang='grc' dir='ltr'><strong>Κύριος.</strong></span> <span class='ocrx_word' id='word_1_387' title='bbox 1112 3273 1460 3343; x_wconf 77' lang='grc' dir='ltr'><strong>Παραστήσω</strong></span> <span class='ocrx_word' id='word_1_388' title='bbox 1491 3286 1591 3340; x_wconf 87' lang='grc' dir='ltr'><strong>μου</strong></span> <span class='ocrx_word' id='word_1_389' title='bbox 1640 3270 1703 3323; x_wconf 70' lang='grc' dir='ltr'><strong>τὰ</strong></span> 
     </span>
    </p>
   </div>
   <div class='ocr_carea' id='block_1_59' title="bbox 1804 3270 3388 3352">
    <p class='ocr_par' dir='ltr' id='par_1_59' title="bbox 1812 3275 3388 3348">
     <span class='ocr_line' id='line_1_59' title="bbox 1812 3275 3388 3348; baseline 0.001 -17"><span class='ocrx_word' id='word_1_390' title='bbox 1812 3276 2037 3347; x_wconf 87' lang='lat' dir='ltr'><strong>quando</strong></span> <span class='ocrx_word' id='word_1_391' title='bbox 2070 3292 2292 3348; x_wconf 87' lang='lat' dir='ltr'><strong>quoque</strong></span> <span class='ocrx_word' id='word_1_392' title='bbox 2320 3275 2587 3331; x_wconf 87' lang='lat' dir='ltr'><strong>Dominus</strong></span> <span class='ocrx_word' id='word_1_393' title='bbox 2613 3277 2887 3347; x_wconf 81' lang='lat' dir='ltr'><strong>regnabit.</strong></span> <span class='ocrx_word' id='word_1_394' title='bbox 2914 3277 3200 3333; x_wconf 83' lang='lat' dir='ltr'><strong>Exhibebo</strong></span> <span class='ocrx_word' id='word_1_395' title='bbox 3220 3296 3388 3334; x_wconf 89' lang='lat' dir='ltr'><strong>mem-</strong></span> 
     </span>
    </p>
   </div>
   <div class='ocr_carea' id='block_1_60' title="bbox 129 3363 1715 3444">
    <p class='ocr_par' dir='ltr' id='par_1_60' title="bbox 129 3363 1715 3444">
     <span class='ocr_line' id='line_1_60' title="bbox 129 3363 1715 3444; baseline -0.008 -18"><span class='ocrx_word' id='word_1_396' title='bbox 129 3373 277 3444; x_wconf 81' lang='grc' dir='ltr'><strong>μέλη</strong></span> <span class='ocrx_word' id='word_1_397' title='bbox 307 3371 445 3425; x_wconf 78' lang='grc' dir='ltr'><strong>ὅπλα</strong></span> <span class='ocrx_word' id='word_1_398' title='bbox 474 3369 685 3430; x_wconf 81' lang='grc' dir='ltr'><strong>ἀδικίας</strong></span> <span class='ocrx_word' id='word_1_399' title='bbox 708 3370 775 3439; x_wconf 80' lang='grc' dir='ltr'><strong>τῇ</strong></span> <span class='ocrx_word' id='word_1_400' title='bbox 810 3367 1007 3437; x_wconf 76' lang='grc' dir='ltr'><strong>ἀνομίᾳ</strong></span> <span class='ocrx_word' id='word_1_401' title='bbox 1034 3365 1187 3425; x_wconf 88' lang='grc' dir='ltr'><strong>ποτὲ,</strong></span> <span class='ocrx_word' id='word_1_402' title='bbox 1225 3365 1320 3417; x_wconf 70' lang='grc' dir='ltr'><strong>καὶ</strong></span> <span class='ocrx_word' id='word_1_403' title='bbox 1341 3364 1482 3417; x_wconf 85' lang='grc' dir='ltr'><strong>ὅπλα</strong></span> <span class='ocrx_word' id='word_1_404' title='bbox 1505 3363 1715 3416; x_wconf 84' lang='grc' dir='ltr'><strong>δικαιο-</strong></span> 
     </span>
    </p>
   </div>
   <div class='ocr_carea' id='block_1_61' title="bbox 127 3454 1718 3535">
    <p class='ocr_par' dir='ltr' id='par_1_61' title="bbox 127 3454 1718 3535">
     <span class='ocr_line' id='line_1_61' title="bbox 127 3454 1718 3535; baseline -0.007 -16"><span class='ocrx_word' id='word_1_405' title='bbox 127 3466 310 3535; x_wconf 81' lang='grc' dir='ltr'><strong>σύνης</strong></span> <span class='ocrx_word' id='word_1_406' title='bbox 337 3463 477 3517; x_wconf 84' lang='grc' dir='ltr'><strong>αὑτά</strong></span> <span class='ocrx_word' id='word_1_407' title='bbox 501 3462 580 3531; x_wconf 80' lang='grc' dir='ltr'><strong>τῷ</strong></span> <span class='ocrx_word' id='word_1_408' title='bbox 603 3461 740 3530; x_wconf 77' lang='grc' dir='ltr'>Θεῷ.</span> <span class='ocrx_word' id='word_1_409' title='bbox 770 3459 926 3513; x_wconf 70' lang='grc' dir='ltr'><strong>Οὕτω</strong></span> <span class='ocrx_word' id='word_1_410' title='bbox 953 3458 1049 3511; x_wconf 75' lang='grc' dir='ltr'><strong>καὶ</strong></span> <span class='ocrx_word' id='word_1_411' title='bbox 1075 3458 1103 3509; x_wconf 89' lang='grc' dir='ltr'><strong>ὁ</strong></span> <span class='ocrx_word' id='word_1_412' title='bbox 1130 3457 1268 3511; x_wconf 80' lang='grc' dir='ltr'><strong>Κάῖν</strong></span> <span class='ocrx_word' id='word_1_413' title='bbox 1290 3456 1597 3526; x_wconf 72' lang='grc' dir='ltr'><strong>προσέφερε</strong></span> <span class='ocrx_word' id='word_1_414' title='bbox 1618 3454 1718 3518; x_wconf 87' lang='grc' dir='ltr'><strong>τάς</strong></span> 
     </span>
    </p>
   </div>
   <div class='ocr_carea' id='block_1_62' title="bbox 126 3547 1719 3624">
    <p class='ocr_par' dir='ltr' id='par_1_62' title="bbox 126 3547 1719 3624">
     <span class='ocr_line' id='line_1_62' title="bbox 126 3547 1719 3624; baseline -0.008 -12"><span class='ocrx_word' id='word_1_415' title='bbox 126 3558 355 3620; x_wconf 82' lang='grc' dir='ltr'><strong>θυσίας,</strong></span> <span class='ocrx_word' id='word_1_416' title='bbox 392 3555 461 3608; x_wconf 82' lang='grc' dir='ltr'><strong>τὰ</strong></span> <span class='ocrx_word' id='word_1_417' title='bbox 485 3554 676 3624; x_wconf 84' lang='grc' dir='ltr'><strong>πρῶτα</strong></span> <span class='ocrx_word' id='word_1_418' title='bbox 707 3554 773 3622; x_wconf 84' lang='grc' dir='ltr'><strong>τῇ</strong></span> <span class='ocrx_word' id='word_1_419' title='bbox 806 3550 1105 3604; x_wconf 84' lang='grc' dir='ltr'>ἀπολαύσει</span> <span class='ocrx_word' id='word_1_420' title='bbox 1128 3552 1195 3621; x_wconf 78' lang='grc' dir='ltr'><strong>τῇ</strong></span> <span class='ocrx_word' id='word_1_421' title='bbox 1228 3547 1422 3602; x_wconf 83' lang='grc' dir='ltr'><strong>ἑαυτοῦ</strong></span> <span class='ocrx_word' id='word_1_422' title='bbox 1447 3591 1461 3615; x_wconf 96' lang='grc'>,</span> <span class='ocrx_word' id='word_1_423' title='bbox 1493 3550 1563 3603; x_wconf 74' lang='grc' dir='ltr'><strong>τὰ</strong></span> <span class='ocrx_word' id='word_1_424' title='bbox 1598 3548 1719 3602; x_wconf 85' lang='grc' dir='ltr'>δεύ-</span> 
     </span>
    </p>
   </div>
   <div class='ocr_carea' id='block_1_63' title="bbox 122 3637 1721 3717">
    <p class='ocr_par' dir='ltr' id='par_1_63' title="bbox 122 3637 1721 3717">
     <span class='ocr_line' id='line_1_63' title="bbox 122 3637 1721 3717; baseline -0.007 -17"><span class='ocrx_word' id='word_1_425' title='bbox 122 3663 276 3717; x_wconf 80' lang='grc' dir='ltr'><strong>τερα</strong></span> <span class='ocrx_word' id='word_1_426' title='bbox 302 3643 383 3715; x_wconf 81' lang='grc' dir='ltr'><strong>τῷ</strong></span> <span class='ocrx_word' id='word_1_427' title='bbox 406 3644 653 3695; x_wconf 80' lang='grc' dir='ltr'><strong>κτίσαντι</strong></span> <span class='ocrx_word' id='word_1_428' title='bbox 675 3644 768 3695; x_wconf 72' lang='grc' dir='ltr'><strong>καὶ</strong></span> <span class='ocrx_word' id='word_1_429' title='bbox 797 3638 1177 3709; x_wconf 78' lang='grc' dir='ltr'><strong>δωρησαμένῳ</strong></span> <span class='ocrx_word' id='word_1_430' title='bbox 1207 3637 1348 3709; x_wconf 83' lang='grc' dir='ltr'>Θεῷ.</span> <span class='ocrx_word' id='word_1_431' title='bbox 1390 3638 1518 3691; x_wconf 84' lang='grc' dir='ltr'><strong>Ὅτε</strong></span> <span class='ocrx_word' id='word_1_432' title='bbox 1559 3638 1721 3691; x_wconf 83' lang='grc' dir='ltr'><strong>δυνα-</strong></span> 
     </span>
    </p>
   </div>
   <div class='ocr_carea' id='block_1_64' title="bbox 124 3732 1723 3807">
    <p class='ocr_par' dir='ltr' id='par_1_64' title="bbox 124 3732 1723 3807">
     <span class='ocr_line' id='line_1_64' title="bbox 124 3732 1723 3807; baseline -0.006 -14"><span class='ocrx_word' id='word_1_433' title='bbox 124 3740 222 3802; x_wconf 81' lang='grc' dir='ltr'><strong>τὸς</strong></span> <span class='ocrx_word' id='word_1_434' title='bbox 258 3733 313 3791; x_wconf 79' lang='grc' dir='ltr'>εἷ</span> <span class='ocrx_word' id='word_1_435' title='bbox 366 3739 425 3791; x_wconf 79' lang='grc' dir='ltr'><strong>ἐν</strong></span> <span class='ocrx_word' id='word_1_436' title='bbox 463 3735 667 3807; x_wconf 74' lang='grc' dir='ltr'><strong>ἔργοις,</strong></span> <span class='ocrx_word' id='word_1_437' title='bbox 724 3734 823 3804; x_wconf 79' lang='grc' dir='ltr'><strong>τὴν</strong></span> <span class='ocrx_word' id='word_1_438' title='bbox 859 3732 1093 3803; x_wconf 81' lang='grc' dir='ltr'><strong>νεότητά</strong></span> <span class='ocrx_word' id='word_1_439' title='bbox 1126 3748 1219 3785; x_wconf 92' lang='grc' dir='ltr'><strong>σου</strong></span> <span class='ocrx_word' id='word_1_440' title='bbox 1251 3734 1373 3795; x_wconf 83' lang='grc' dir='ltr'><strong>ταῖς</strong></span> <span class='ocrx_word' id='word_1_441' title='bbox 1422 3732 1723 3802; x_wconf 84' lang='grc' dir='ltr'><strong>ἁμαρτίαις</strong></span> 
     </span>
    </p>
   </div>
   <div class='ocr_carea' id='block_1_65' title="bbox 125 3823 1724 3903">
    <p class='ocr_par' dir='ltr' id='par_1_65' title="bbox 125 3823 1724 3903">
     <span class='ocr_line' id='line_1_65' title="bbox 125 3823 1724 3903; baseline -0.006 -18"><span class='ocrx_word' id='word_1_442' title='bbox 125 3828 639 3903; x_wconf 81' lang='grc' dir='ltr'><strong>προσαναλίσκεις’</strong></span> <span class='ocrx_word' id='word_1_443' title='bbox 694 3827 822 3880; x_wconf 84' lang='grc' dir='ltr'><strong>ὅταν</strong></span> <span class='ocrx_word' id='word_1_444' title='bbox 874 3824 1140 3897; x_wconf 83' lang='grc' dir='ltr'><strong>ἀποκάμῃ</strong></span> <span class='ocrx_word' id='word_1_445' title='bbox 1188 3825 1256 3877; x_wconf 79' lang='grc' dir='ltr'><strong>τὰ</strong></span> <span class='ocrx_word' id='word_1_446' title='bbox 1322 3824 1551 3895; x_wconf 79' lang='grc' dir='ltr'><strong>ὄργανα,</strong></span> <span class='ocrx_word' id='word_1_447' title='bbox 1600 3823 1724 3875; x_wconf 82' lang='grc' dir='ltr'><strong>τότε</strong></span> 
     </span>
    </p>
   </div>
   <div class='ocr_carea' id='block_1_66' title="bbox 124 3918 1725 3996">
    <p class='ocr_par' dir='ltr' id='par_1_66' title="bbox 124 3918 1725 3996">
     <span class='ocr_line' id='line_1_66' title="bbox 124 3918 1725 3996; baseline -0.005 -19"><span class='ocrx_word' id='word_1_448' title='bbox 124 3924 447 3996; x_wconf 72' lang='grc' dir='ltr'><strong>προσάγεις</strong></span> <span class='ocrx_word' id='word_1_449' title='bbox 478 3922 616 3975; x_wconf 81' lang='grc' dir='ltr'>αύτά</span> <span class='ocrx_word' id='word_1_450' title='bbox 648 3919 728 3991; x_wconf 84' lang='grc' dir='ltr'><strong>τῷ</strong></span> <span class='ocrx_word' id='word_1_451' title='bbox 758 3919 900 3991; x_wconf 79' lang='grc' dir='ltr'>Θεῷ,</span> <span class='ocrx_word' id='word_1_452' title='bbox 932 3919 1023 3974; x_wconf 83' lang='grc' dir='ltr'><strong>ὅτε</strong></span> <span class='ocrx_word' id='word_1_453' title='bbox 1051 3920 1130 3982; x_wconf 89' lang='grc' dir='ltr'><strong>είς</strong></span> <span class='ocrx_word' id='word_1_454' title='bbox 1162 3918 1316 3972; x_wconf 76' lang='grc' dir='ltr'><strong>οὐδέν</strong></span> <span class='ocrx_word' id='word_1_455' title='bbox 1342 3920 1493 3970; x_wconf 78' lang='grc' dir='ltr'><strong>ἐστιν</strong></span> <span class='ocrx_word' id='word_1_456' title='bbox 1539 3918 1725 3977; x_wconf 77' lang='grc' dir='ltr'><strong>αὐτοῖς</strong></span> 
     </span>
    </p>
   </div>
   <div class='ocr_carea' id='block_1_67' title="bbox 120 4009 1726 4087">
    <p class='ocr_par' dir='ltr' id='par_1_67' title="bbox 120 4009 1726 4087">
     <span class='ocr_line' id='line_1_67' title="bbox 120 4009 1726 4087; baseline -0.006 -17"><span class='ocrx_word' id='word_1_457' title='bbox 120 4014 479 4087; x_wconf 76' lang='grc' dir='ltr'><strong>χρήσασθαι,</strong></span> <span class='ocrx_word' id='word_1_458' title='bbox 514 4013 627 4066; x_wconf 80' lang='grc' dir='ltr'><strong>ἀλλ’</strong></span> <span class='ocrx_word' id='word_1_459' title='bbox 650 4013 861 4082; x_wconf 83' lang='grc' dir='ltr'><strong>ἀνάγκη</strong></span> <span class='ocrx_word' id='word_1_460' title='bbox 898 4010 1130 4074; x_wconf 85' lang='grc' dir='ltr'><strong>κεῖσθαι,</strong></span> <span class='ocrx_word' id='word_1_461' title='bbox 1158 4010 1245 4064; x_wconf 82' lang='grc' dir='ltr'><strong>διὰ</strong></span> <span class='ocrx_word' id='word_1_462' title='bbox 1272 4011 1364 4063; x_wconf 83' lang='grc' dir='ltr'><strong>τὸν</strong></span> <span class='ocrx_word' id='word_1_463' title='bbox 1394 4012 1458 4063; x_wconf 79' lang='grc' dir='ltr'><strong>ἐκ</strong></span> <span class='ocrx_word' id='word_1_464' title='bbox 1481 4009 1576 4063; x_wconf 82' lang='grc' dir='ltr'><strong>τοῦ</strong></span> <span class='ocrx_word' id='word_1_465' title='bbox 1600 4009 1726 4080; x_wconf 80' lang='grc' dir='ltr'><strong>χρό-</strong></span> 
     </span>
    </p>
   </div>
   <div class='ocr_carea' id='block_1_68' title="bbox 120 4102 1729 4177">
    <p class='ocr_par' dir='ltr' id='par_1_68' title="bbox 120 4102 1729 4177">
     <span class='ocr_line' id='line_1_68' title="bbox 120 4102 1729 4177; baseline -0.004 -16"><span class='ocrx_word' id='word_1_466' title='bbox 120 4125 230 4161; x_wconf 85' lang='grc' dir='ltr'>νου</span> <span class='ocrx_word' id='word_1_467' title='bbox 269 4106 567 4177; x_wconf 75' lang='grc' dir='ltr'><strong>μαρασμον</strong></span> <span class='ocrx_word' id='word_1_468' title='bbox 611 4104 1018 4176; x_wconf 85' lang='grc' dir='ltr'><strong>παραλυθέντος</strong></span> <span class='ocrx_word' id='word_1_469' title='bbox 1048 4103 1141 4157; x_wconf 83' lang='grc' dir='ltr'><strong>τοῦ</strong></span> <span class='ocrx_word' id='word_1_470' title='bbox 1180 4102 1355 4157; x_wconf 86' lang='grc' dir='ltr'><strong>τόνου.</strong></span> <span class='ocrx_word' id='word_1_471' title='bbox 1400 4103 1465 4156; x_wconf 84' lang='grc' dir='ltr'>Ἡ</span> <span class='ocrx_word' id='word_1_472' title='bbox 1489 4104 1548 4155; x_wconf 83' lang='grc' dir='ltr'><strong>ὲν</strong></span> <span class='ocrx_word' id='word_1_473' title='bbox 1578 4103 1729 4173; x_wconf 76' lang='grc' dir='ltr'><strong>γήρα</strong></span> 
     </span>
    </p>
   </div>
   <div class='ocr_carea' id='block_1_69' title="bbox 120 4194 1727 4270">
    <p class='ocr_par' dir='ltr' id='par_1_69' title="bbox 120 4194 1727 4270">
     <span class='ocr_line' id='line_1_69' title="bbox 120 4194 1727 4270; baseline -0.002 -18"><span class='ocrx_word' id='word_1_474' title='bbox 120 4197 503 4270; x_wconf 67' lang='grc' dir='ltr'><strong>σωφροσύνη,</strong></span> <span class='ocrx_word' id='word_1_475' title='bbox 536 4198 597 4249; x_wconf 87' lang='grc' dir='ltr'><strong>οὐ</strong></span> <span class='ocrx_word' id='word_1_476' title='bbox 631 4196 957 4268; x_wconf 61' lang='grc' dir='ltr'><strong>σωφροσύνη</strong></span> <span class='ocrx_word' id='word_1_477' title='bbox 979 4236 995 4259; x_wconf 95' lang='grc'>,</span> <span class='ocrx_word' id='word_1_478' title='bbox 1041 4196 1159 4250; x_wconf 82' lang='grc' dir='ltr'><strong>ἀλλ’</strong></span> <span class='ocrx_word' id='word_1_479' title='bbox 1196 4194 1495 4258; x_wconf 84' lang='grc' dir='ltr'><strong>ἀκολασίας</strong></span> <span class='ocrx_word' id='word_1_480' title='bbox 1528 4195 1727 4248; x_wconf 85' lang='grc' dir='ltr'><strong>ἀδυνα-</strong></span> 
     </span>
    </p>
   </div>
   <div class='ocr_carea' id='block_1_70' title="bbox 1816 3365 3391 3438">
    <p class='ocr_par' dir='ltr' id='par_1_70' title="bbox 1816 3365 3391 3438">
     <span class='ocr_line' id='line_1_70' title="bbox 1816 3365 3391 3438; baseline -0.001 -14"><span class='ocrx_word' id='word_1_481' title='bbox 1816 3368 1916 3424; x_wconf 89' lang='lat' dir='ltr'><strong>bra</strong></span> <span class='ocrx_word' id='word_1_482' title='bbox 1949 3383 2068 3423; x_wconf 89' lang='lat' dir='ltr'><strong>mea</strong></span> <span class='ocrx_word' id='word_1_483' title='bbox 2103 3382 2253 3421; x_wconf 89' lang='lat' dir='ltr'><strong>arma</strong></span> <span class='ocrx_word' id='word_1_484' title='bbox 2306 3366 2594 3435; x_wconf 73' lang='lat' dir='ltr'><strong>injustitite</strong></span> <span class='ocrx_word' id='word_1_485' title='bbox 2642 3365 2711 3421; x_wconf 91' lang='lat' dir='ltr'><strong>ad</strong></span> <span class='ocrx_word' id='word_1_486' title='bbox 2762 3368 3151 3438; x_wconf 82' lang='lat' dir='ltr'><strong>iniquitatem,</strong></span> <span class='ocrx_word' id='word_1_487' title='bbox 3192 3368 3391 3423; x_wconf 87' lang='lat' dir='ltr'><strong>deinde</strong></span> 
     </span>
    </p>
   </div>
   <div class='ocr_carea' id='block_1_71' title="bbox 1816 3458 3389 3530">
    <p class='ocr_par' dir='ltr' id='par_1_71' title="bbox 1816 3458 3389 3530">
     <span class='ocr_line' id='line_1_71' title="bbox 1816 3458 3389 3530; baseline 0.001 -16"><span class='ocrx_word' id='word_1_488' title='bbox 1816 3476 1880 3514; x_wconf 87' lang='lat' dir='ltr'><strong>ea</strong></span> <span class='ocrx_word' id='word_1_489' title='bbox 1913 3460 2082 3515; x_wconf 87' lang='lat' dir='ltr'><strong>etiam</strong></span> <span class='ocrx_word' id='word_1_490' title='bbox 2122 3458 2235 3514; x_wconf 83' lang='lat' dir='ltr'><strong>Deo</strong></span> <span class='ocrx_word' id='word_1_491' title='bbox 2282 3468 2623 3513; x_wconf 86' lang='lat' dir='ltr'><strong>armaturam</strong></span> <span class='ocrx_word' id='word_1_492' title='bbox 2680 3460 2960 3530; x_wconf 82' lang='lat' dir='ltr'><strong>praebebo.</strong></span> <span class='ocrx_word' id='word_1_493' title='bbox 2996 3460 3088 3515; x_wconf 89' lang='lat' dir='ltr'><strong>Sic</strong></span> <span class='ocrx_word' id='word_1_494' title='bbox 3124 3461 3389 3516; x_wconf 89' lang='lat' dir='ltr'><strong>nimirum</strong></span> 
     </span>
    </p>
   </div>
   <div class='ocr_carea' id='block_1_72' title="bbox 1816 3550 3396 3623">
    <p class='ocr_par' dir='ltr' id='par_1_72' title="bbox 1816 3550 3396 3623">
     <span class='ocr_line' id='line_1_72' title="bbox 1816 3550 3396 3623; baseline -0.001 -15"><span class='ocrx_word' id='word_1_495' title='bbox 1816 3553 1952 3608; x_wconf 87' lang='lat' dir='ltr'><strong>Cain</strong></span> <span class='ocrx_word' id='word_1_496' title='bbox 1989 3567 2210 3623; x_wconf 91' lang='lat' dir='ltr'><strong>quoque</strong></span> <span class='ocrx_word' id='word_1_497' title='bbox 2242 3550 2513 3606; x_wconf 74' lang='lat' dir='ltr'><strong>sacrificia</strong></span> <span class='ocrx_word' id='word_1_498' title='bbox 2546 3551 2832 3615; x_wconf 77' lang='lat' dir='ltr'><strong>oﬂ‘erehat,</strong></span> <span class='ocrx_word' id='word_1_499' title='bbox 2879 3552 3056 3622; x_wconf 89' lang='lat' dir='ltr'><strong>prima</strong></span> <span class='ocrx_word' id='word_1_500' title='bbox 3088 3553 3307 3623; x_wconf 91' lang='lat' dir='ltr'><strong>quidem</strong></span> <span class='ocrx_word' id='word_1_501' title='bbox 3341 3565 3396 3607; x_wconf 81' lang='lat' dir='ltr'><strong>et</strong></span> 
     </span>
    </p>
   </div>
   <div class='ocr_carea' id='block_1_73' title="bbox 1820 3643 3397 3716">
    <p class='ocr_par' dir='ltr' id='par_1_73' title="bbox 1820 3643 3397 3716">
     <span class='ocr_line' id='line_1_73' title="bbox 1820 3643 3397 3716; baseline -0.003 -18"><span class='ocrx_word' id='word_1_502' title='bbox 1820 3646 2206 3716; x_wconf 68' lang='lat' dir='ltr'><strong>praestantiora</strong></span> <span class='ocrx_word' id='word_1_503' title='bbox 2237 3643 2366 3698; x_wconf 90' lang='lat' dir='ltr'><strong>usui</strong></span> <span class='ocrx_word' id='word_1_504' title='bbox 2406 3658 2510 3697; x_wconf 90' lang='lat' dir='ltr'><strong>suo</strong></span> <span class='ocrx_word' id='word_1_505' title='bbox 2549 3652 2604 3697; x_wconf 90' lang='lat' dir='ltr'><strong>et</strong></span> <span class='ocrx_word' id='word_1_506' title='bbox 2648 3643 2939 3713; x_wconf 85' lang='lat' dir='ltr'><strong>voluptati.</strong></span> <span class='ocrx_word' id='word_1_507' title='bbox 2988 3645 3231 3699; x_wconf 88' lang='lat' dir='ltr'><strong>secunda</strong></span> <span class='ocrx_word' id='word_1_508' title='bbox 3265 3660 3397 3699; x_wconf 83' lang='lat' dir='ltr'><strong>vero</strong></span> 
     </span>
    </p>
   </div>
   <div class='ocr_carea' id='block_1_74' title="bbox 1821 3735 3400 3801">
    <p class='ocr_par' dir='ltr' id='par_1_74' title="bbox 1821 3735 3400 3801">
     <span class='ocr_line' id='line_1_74' title="bbox 1821 3735 3400 3801; baseline -0.001 -10"><span class='ocrx_word' id='word_1_509' title='bbox 1821 3745 1874 3791; x_wconf 90' lang='lat' dir='ltr'><strong>et</strong></span> <span class='ocrx_word' id='word_1_510' title='bbox 1909 3737 2188 3793; x_wconf 88' lang='lat' dir='ltr'><strong>deteriora</strong></span> <span class='ocrx_word' id='word_1_511' title='bbox 2226 3735 2503 3791; x_wconf 88' lang='lat' dir='ltr'><strong>conditori</strong></span> <span class='ocrx_word' id='word_1_512' title='bbox 2543 3745 2598 3791; x_wconf 91' lang='lat' dir='ltr'><strong>et</strong></span> <span class='ocrx_word' id='word_1_513' title='bbox 2643 3735 2901 3801; x_wconf 81' lang='lat' dir='ltr'><strong>donatori</strong></span> <span class='ocrx_word' id='word_1_514' title='bbox 2959 3735 3092 3793; x_wconf 91' lang='lat' dir='ltr'><strong>Deo.</strong></span> <span class='ocrx_word' id='word_1_515' title='bbox 3132 3735 3268 3791; x_wconf 88' lang='lat' dir='ltr'><strong>Dum</strong></span> <span class='ocrx_word' id='word_1_516' title='bbox 3317 3739 3400 3790; x_wconf 85' lang='lat' dir='ltr'><strong>vi-</strong></span> 
     </span>
    </p>
   </div>
   <div class='ocr_carea' id='block_1_75' title="bbox 1822 3826 3399 3897">
    <p class='ocr_par' dir='ltr' id='par_1_75' title="bbox 1822 3826 3399 3897">
     <span class='ocr_line' id='line_1_75' title="bbox 1822 3826 3399 3897; baseline 0.001 -16"><span class='ocrx_word' id='word_1_517' title='bbox 1822 3828 1975 3883; x_wconf 84' lang='lat' dir='ltr'><strong>ribus</strong></span> <span class='ocrx_word' id='word_1_518' title='bbox 2030 3828 2096 3881; x_wconf 89' lang='lat' dir='ltr'><strong>ad</strong></span> <span class='ocrx_word' id='word_1_519' title='bbox 2153 3826 2493 3894; x_wconf 78' lang='lat' dir='ltr'><strong>onerandum</strong></span> <span class='ocrx_word' id='word_1_520' title='bbox 2563 3827 2761 3897; x_wconf 90' lang='lat' dir='ltr'><strong>polles,</strong></span> <span class='ocrx_word' id='word_1_521' title='bbox 2808 3826 3110 3896; x_wconf 75' lang='lat' dir='ltr'><strong>iuvenilem</strong></span> <span class='ocrx_word' id='word_1_522' title='bbox 3184 3838 3399 3884; x_wconf 61' lang='lat' dir='ltr'><strong>{etatem</strong></span> 
     </span>
    </p>
   </div>
   <div class='ocr_carea' id='block_1_76' title="bbox 1824 3918 3395 3988">
    <p class='ocr_par' dir='ltr' id='par_1_76' title="bbox 1824 3918 3395 3988">
     <span class='ocr_line' id='line_1_76' title="bbox 1824 3918 3395 3988; baseline 0.002 -16"><span class='ocrx_word' id='word_1_523' title='bbox 1824 3929 1972 3972; x_wconf 89' lang='lat' dir='ltr'><strong>tuam</strong></span> <span class='ocrx_word' id='word_1_524' title='bbox 2034 3918 2088 3972; x_wconf 91' lang='lat' dir='ltr'><strong>in</strong></span> <span class='ocrx_word' id='word_1_525' title='bbox 2141 3919 2387 3988; x_wconf 84' lang='lat' dir='ltr'><strong>peccatis</strong></span> <span class='ocrx_word' id='word_1_526' title='bbox 2445 3918 2732 3975; x_wconf 91' lang='lat' dir='ltr'><strong>consumis</strong></span> <span class='ocrx_word' id='word_1_527' title='bbox 2778 3936 2794 3973; x_wconf 90' lang='lat'><strong>:</strong></span> <span class='ocrx_word' id='word_1_528' title='bbox 2840 3935 2966 3975; x_wconf 91' lang='lat' dir='ltr'><strong>cum</strong></span> <span class='ocrx_word' id='word_1_529' title='bbox 3033 3921 3395 3977; x_wconf 77' lang='lat' dir='ltr'><strong>instrumenta</strong></span> 
     </span>
    </p>
   </div>
   <div class='ocr_carea' id='block_1_77' title="bbox 1825 4012 3402 4085">
    <p class='ocr_par' dir='ltr' id='par_1_77' title="bbox 1825 4012 3402 4085">
     <span class='ocr_line' id='line_1_77' title="bbox 1825 4012 3402 4085; baseline 0.001 -17"><span class='ocrx_word' id='word_1_530' title='bbox 1825 4013 2220 4085; x_wconf 86' lang='lat' dir='ltr'><strong>elanguerunt.</strong></span> <span class='ocrx_word' id='word_1_531' title='bbox 2275 4023 2391 4067; x_wconf 91' lang='lat' dir='ltr'><strong>tum</strong></span> <span class='ocrx_word' id='word_1_532' title='bbox 2441 4013 2561 4084; x_wconf 89' lang='lat' dir='ltr'><strong>ipsa</strong></span> <span class='ocrx_word' id='word_1_533' title='bbox 2616 4013 2727 4069; x_wconf 90' lang='lat' dir='ltr'><strong>Deo</strong></span> <span class='ocrx_word' id='word_1_534' title='bbox 2775 4012 2961 4078; x_wconf 79' lang='lat' dir='ltr'><strong>oﬂ‘crs,</strong></span> <span class='ocrx_word' id='word_1_535' title='bbox 2999 4014 3102 4068; x_wconf 90' lang='lat' dir='ltr'><strong>hoc</strong></span> <span class='ocrx_word' id='word_1_536' title='bbox 3135 4025 3238 4079; x_wconf 85' lang='lat' dir='ltr'><strong>est.</strong></span> <span class='ocrx_word' id='word_1_537' title='bbox 3276 4031 3402 4070; x_wconf 88' lang='lat' dir='ltr'><strong>cum</strong></span> 
     </span>
    </p>
   </div>
   <div class='ocr_carea' id='block_1_78' title="bbox 1828 4106 3405 4177">
    <p class='ocr_par' dir='ltr' id='par_1_78' title="bbox 1828 4106 3405 4177">
     <span class='ocr_line' id='line_1_78' title="bbox 1828 4106 3405 4177; baseline 0.003 -19"><span class='ocrx_word' id='word_1_538' title='bbox 1828 4106 1963 4160; x_wconf 91' lang='lat' dir='ltr'><strong>nulli</strong></span> <span class='ocrx_word' id='word_1_539' title='bbox 1990 4106 2105 4176; x_wconf 88' lang='lat' dir='ltr'><strong>jam</strong></span> <span class='ocrx_word' id='word_1_540' title='bbox 2136 4106 2262 4161; x_wconf 88' lang='lat' dir='ltr'><strong>usui</strong></span> <span class='ocrx_word' id='word_1_541' title='bbox 2294 4114 2460 4173; x_wconf 90' lang='lat' dir='ltr'><strong>sunt;</strong></span> <span class='ocrx_word' id='word_1_542' title='bbox 2506 4106 2640 4177; x_wconf 91' lang='lat' dir='ltr'><strong>quin</strong></span> <span class='ocrx_word' id='word_1_543' title='bbox 2692 4118 2749 4163; x_wconf 90' lang='lat' dir='ltr'><strong>ut</strong></span> <span class='ocrx_word' id='word_1_544' title='bbox 2776 4107 3005 4177; x_wconf 87' lang='lat' dir='ltr'><strong>jaceant</strong></span> <span class='ocrx_word' id='word_1_545' title='bbox 3042 4124 3268 4164; x_wconf 87' lang='lat' dir='ltr'><strong>necesse</strong></span> <span class='ocrx_word' id='word_1_546' title='bbox 3300 4117 3405 4171; x_wconf 85' lang='lat' dir='ltr'><strong>est.</strong></span> 
     </span>
    </p>
   </div>
   <div class='ocr_carea' id='block_1_79' title="bbox 1826 4196 3409 4270">
    <p class='ocr_par' dir='ltr' id='par_1_79' title="bbox 1826 4196 3409 4270">
     <span class='ocr_line' id='line_1_79' title="bbox 1826 4196 3409 4270; baseline 0.004 -19"><span class='ocrx_word' id='word_1_547' title='bbox 1826 4196 2007 4253; x_wconf 83' lang='lat' dir='ltr'><strong>fracto</strong></span> <span class='ocrx_word' id='word_1_548' title='bbox 2038 4199 2300 4253; x_wconf 86' lang='lat' dir='ltr'><strong>videlicet</strong></span> <span class='ocrx_word' id='word_1_549' title='bbox 2333 4199 2519 4270; x_wconf 81' lang='lat' dir='ltr'><strong>vigore</strong></span> <span class='ocrx_word' id='word_1_550' title='bbox 2552 4207 2776 4270; x_wconf 88' lang='lat' dir='ltr'><strong>propter</strong></span> <span class='ocrx_word' id='word_1_551' title='bbox 2808 4201 2990 4255; x_wconf 81' lang='lat' dir='ltr'><strong>tabem</strong></span> <span class='ocrx_word' id='word_1_552' title='bbox 3041 4200 3409 4257; x_wconf 80' lang='lat' dir='ltr'><strong>diuturnitate</strong></span> 
     </span>
    </p>
   </div>
   <div class='ocr_carea' id='block_1_80' title="bbox 123 4285 1703 4364">
    <p class='ocr_par' dir='ltr' id='par_1_80' title="bbox 123 4285 1702 4360">
     <span class='ocr_line' id='line_1_80' title="bbox 123 4285 1702 4360; baseline -0.001 -17"><span class='ocrx_word' id='word_1_553' title='bbox 123 4291 243 4360; x_wconf 85' lang='grc' dir='ltr'><strong>μία</strong></span> <span class='ocrx_word' id='word_1_554' title='bbox 266 4306 284 4320; x_wconf 84' lang='grc'><em>’</em></span> <span class='ocrx_word' id='word_1_555' title='bbox 320 4290 516 4359; x_wconf 67' lang='grc' dir='ltr'><strong>νεκρὸς</strong></span> <span class='ocrx_word' id='word_1_556' title='bbox 530 4289 591 4341; x_wconf 82' lang='grc' dir='ltr'>ού</span> <span class='ocrx_word' id='word_1_557' title='bbox 624 4287 1005 4356; x_wconf 81' lang='grc' dir='ltr'><strong>στεφανοῦται.</strong></span> <span class='ocrx_word' id='word_1_558' title='bbox 1052 4285 1240 4352; x_wconf 75' lang='grc' dir='ltr'><strong>Οὐδεὶς</strong></span> <span class='ocrx_word' id='word_1_559' title='bbox 1278 4288 1483 4353; x_wconf 88' lang='grc' dir='ltr'><strong>δίκαιος</strong></span> <span class='ocrx_word' id='word_1_560' title='bbox 1507 4288 1575 4342; x_wconf 83' lang='grc' dir='ltr'><strong>δι’</strong></span> <span class='ocrx_word' id='word_1_561' title='bbox 1605 4288 1702 4342; x_wconf 88' lang='grc' dir='ltr'><strong>ἀδυ</strong></span> 
     </span>
    </p>
   </div>
   <div class='ocr_carea' id='block_1_81' title="bbox 1804 4285 3412 4364">
    <p class='ocr_par' dir='ltr' id='par_1_81' title="bbox 1831 4292 3412 4364">
     <span class='ocr_line' id='line_1_81' title="bbox 1831 4292 3412 4364; baseline 0.003 -21"><span class='ocrx_word' id='word_1_562' title='bbox 1831 4292 2103 4361; x_wconf 88' lang='lat' dir='ltr'><strong>temporis</strong></span> <span class='ocrx_word' id='word_1_563' title='bbox 2130 4299 2499 4346; x_wconf 90' lang='lat' dir='ltr'><strong>contractam.</strong></span> <span class='ocrx_word' id='word_1_564' title='bbox 2539 4292 2708 4364; x_wconf 76' lang='lat'><strong>338</strong></span> <span class='ocrx_word' id='word_1_565' title='bbox 2754 4292 2919 4362; x_wconf 80' lang='lat' dir='ltr'><strong>Atqui</strong></span> <span class='ocrx_word' id='word_1_566' title='bbox 2968 4294 3156 4348; x_wconf 88' lang='lat' dir='ltr'><strong>senilis</strong></span> <span class='ocrx_word' id='word_1_567' title='bbox 3181 4295 3412 4348; x_wconf 82' lang='lat' dir='ltr'><strong>castitas</strong></span> 
     </span>
    </p>
   </div>
   <div class='ocr_carea' id='block_1_82' title="bbox 114 4379 1703 4456">
    <p class='ocr_par' dir='ltr' id='par_1_82' title="bbox 114 4379 1703 4454">
     <span class='ocr_line' id='line_1_82' title="bbox 114 4379 1703 4454; baseline -0.003 -16"><span class='ocrx_word' id='word_1_568' title='bbox 114 4380 355 4453; x_wconf 80' lang='grc' dir='ltr'><strong>ναμίαν</strong></span> <span class='ocrx_word' id='word_1_569' title='bbox 383 4380 480 4433; x_wconf 76' lang='grc' dir='ltr'><strong>τοῦ</strong></span> <span class='ocrx_word' id='word_1_570' title='bbox 508 4379 703 4435; x_wconf 74' lang='grc' dir='ltr'><strong>κακοῦ.</strong></span> <span class='ocrx_word' id='word_1_571' title='bbox 745 4380 891 4441; x_wconf 83' lang='grc' dir='ltr'><strong>Ἕως</strong></span> <span class='ocrx_word' id='word_1_572' title='bbox 928 4381 1047 4433; x_wconf 73' lang='grc' dir='ltr'><strong>ἐστὶ</strong></span> <span class='ocrx_word' id='word_1_573' title='bbox 1093 4381 1344 4451; x_wconf 79' lang='grc' dir='ltr'><strong>δύναμις,</strong></span> <span class='ocrx_word' id='word_1_574' title='bbox 1368 4382 1513 4453; x_wconf 80' lang='grc' dir='ltr'><strong>λόγῳ</strong></span> <span class='ocrx_word' id='word_1_575' title='bbox 1539 4382 1703 4454; x_wconf 88' lang='grc' dir='ltr'><strong>κράτε</strong></span> 
     </span>
    </p>
   </div>
   <div class='ocr_carea' id='block_1_83' title="bbox 1804 4379 3411 4456">
    <p class='ocr_par' dir='ltr' id='par_1_83' title="bbox 1833 4384 3411 4456">
     <span class='ocr_line' id='line_1_83' title="bbox 1833 4384 3411 4456; baseline 0.002 -18"><span class='ocrx_word' id='word_1_576' title='bbox 1833 4399 1945 4439; x_wconf 89' lang='lat' dir='ltr'><strong>non</strong></span> <span class='ocrx_word' id='word_1_577' title='bbox 1975 4394 2085 4445; x_wconf 85' lang='lat' dir='ltr'><strong>est.</strong></span> <span class='ocrx_word' id='word_1_578' title='bbox 2120 4399 2309 4439; x_wconf 89' lang='lat' dir='ltr'><strong>verum</strong></span> <span class='ocrx_word' id='word_1_579' title='bbox 2345 4385 2593 4439; x_wconf 86' lang='lat' dir='ltr'><strong>libidinis</strong></span> <span class='ocrx_word' id='word_1_580' title='bbox 2633 4387 2984 4456; x_wconf 87' lang='lat' dir='ltr'><strong>impotentia.</strong></span> <span class='ocrx_word' id='word_1_581' title='bbox 3023 4384 3274 4440; x_wconf 78' lang='lat' dir='ltr'><strong>Mortuus</strong></span> <span class='ocrx_word' id='word_1_582' title='bbox 3302 4402 3411 4441; x_wconf 88' lang='lat' dir='ltr'><strong>non</strong></span> 
     </span>
    </p>
   </div>
   <div class='ocr_carea' id='block_1_84' title="bbox 114 4472 1703 4555">
    <p class='ocr_par' dir='ltr' id='par_1_84' title="bbox 114 4472 1703 4555">
     <span class='ocr_line' id='line_1_84' title="bbox 114 4472 1703 4555; baseline -0.002 -26"><span class='ocrx_word' id='word_1_583' title='bbox 114 4476 236 4546; x_wconf 82' lang='grc' dir='ltr'><strong>τῆς</strong></span> <span class='ocrx_word' id='word_1_584' title='bbox 272 4474 582 4555; x_wconf 82' lang='grc' dir='ltr'><strong>ἁμαρτίας.</strong></span> <span class='ocrx_word' id='word_1_585' title='bbox 617 4472 789 4527; x_wconf 80' lang='grc' dir='ltr'>Τοῦτο</span> <span class='ocrx_word' id='word_1_586' title='bbox 814 4474 923 4544; x_wconf 81' lang='grc' dir='ltr'><strong>γάρ</strong></span> <span class='ocrx_word' id='word_1_587' title='bbox 948 4476 1096 4527; x_wconf 77' lang='grc' dir='ltr'><strong>ἐστιν</strong></span> <span class='ocrx_word' id='word_1_588' title='bbox 1122 4473 1312 4545; x_wconf 84' lang='grc' dir='ltr'><strong>ἀρετὴ,</strong></span> <span class='ocrx_word' id='word_1_589' title='bbox 1353 4474 1596 4538; x_wconf 79' lang='grc' dir='ltr'><strong>ἔκκλισις</strong></span> <span class='ocrx_word' id='word_1_590' title='bbox 1625 4477 1703 4527; x_wconf 87' lang='grc' dir='ltr'><strong>ἀπ</strong></span> 
     </span>
    </p>
   </div>
   <div class='ocr_carea' id='block_1_85' title="bbox 1804 4472 3415 4555">
    <p class='ocr_par' dir='ltr' id='par_1_85' title="bbox 1836 4475 3415 4548">
     <span class='ocr_line' id='line_1_85' title="bbox 1836 4475 3415 4548; baseline 0 -17"><span class='ocrx_word' id='word_1_591' title='bbox 1836 4476 2075 4531; x_wconf 89' lang='lat' dir='ltr'><strong>donatur</strong></span> <span class='ocrx_word' id='word_1_592' title='bbox 2135 4490 2363 4531; x_wconf 88' lang='lat' dir='ltr'><strong>corona.</strong></span> <span class='ocrx_word' id='word_1_593' title='bbox 2420 4475 2594 4530; x_wconf 87' lang='lat' dir='ltr'><strong>Nemo</strong></span> <span class='ocrx_word' id='word_1_594' title='bbox 2637 4478 2706 4530; x_wconf 85' lang='lat' dir='ltr'><strong>oh</strong></span> <span class='ocrx_word' id='word_1_595' title='bbox 2768 4475 3120 4548; x_wconf 86' lang='lat' dir='ltr'><strong>perpetrandi</strong></span> <span class='ocrx_word' id='word_1_596' title='bbox 3182 4478 3415 4532; x_wconf 84' lang='lat' dir='ltr'><strong>sceleris</strong></span> 
     </span>
    </p>
   </div>
   <div class='ocr_carea' id='block_1_86' title="bbox 111 4562 1703 4637">
    <p class='ocr_par' dir='ltr' id='par_1_86' title="bbox 111 4562 1703 4635">
     <span class='ocr_line' id='line_1_86' title="bbox 111 4562 1703 4635; baseline -0.003 -14"><span class='ocrx_word' id='word_1_597' title='bbox 111 4566 349 4628; x_wconf 80' lang='grc' dir='ltr'><strong>κακοῦ,</strong></span> <span class='ocrx_word' id='word_1_598' title='bbox 380 4564 477 4617; x_wconf 75' lang='grc' dir='ltr'><strong>καὶ</strong></span> <span class='ocrx_word' id='word_1_599' title='bbox 502 4563 722 4635; x_wconf 85' lang='grc' dir='ltr'><strong>ποίησις</strong></span> <span class='ocrx_word' id='word_1_600' title='bbox 758 4562 988 4631; x_wconf 83' lang='grc' dir='ltr'><strong>ἀγαθοῦ.</strong></span> <span class='ocrx_word' id='word_1_601' title='bbox 1034 4564 1097 4616; x_wconf 84' lang='grc' dir='ltr'><strong>Ἡ</strong></span> <span class='ocrx_word' id='word_1_602' title='bbox 1135 4564 1192 4616; x_wconf 81' lang='grc' dir='ltr'><strong>δὲ</strong></span> <span class='ocrx_word' id='word_1_603' title='bbox 1222 4563 1389 4634; x_wconf 81' lang='grc' dir='ltr'><strong>ἀργία</strong></span> <span class='ocrx_word' id='word_1_604' title='bbox 1418 4566 1519 4635; x_wconf 81' lang='grc' dir='ltr'><strong>τῆς</strong></span> <span class='ocrx_word' id='word_1_605' title='bbox 1568 4581 1703 4635; x_wconf 87' lang='grc' dir='ltr'><strong>πονη</strong></span> 
     </span>
    </p>
   </div>
   <div class='ocr_carea' id='block_1_87' title="bbox 1804 4562 3415 4637">
    <p class='ocr_par' dir='ltr' id='par_1_87' title="bbox 1840 4567 3415 4637">
     <span class='ocr_line' id='line_1_87' title="bbox 1840 4567 3415 4637; baseline 0.003 -16"><span class='ocrx_word' id='word_1_606' title='bbox 1840 4568 2273 4623; x_wconf 84' lang='lat' dir='ltr'><strong>imbecillitatem</strong></span> <span class='ocrx_word' id='word_1_607' title='bbox 2302 4567 2487 4637; x_wconf 83' lang='lat' dir='ltr'><strong>jusms</strong></span> <span class='ocrx_word' id='word_1_608' title='bbox 2514 4577 2797 4623; x_wconf 85' lang='lat' dir='ltr'><strong>censetur.</strong></span> <span class='ocrx_word' id='word_1_609' title='bbox 2830 4567 2968 4623; x_wconf 90' lang='lat' dir='ltr'><strong>Dum</strong></span> <span class='ocrx_word' id='word_1_610' title='bbox 3001 4567 3213 4623; x_wconf 88' lang='lat' dir='ltr'><strong>viribus</strong></span> <span class='ocrx_word' id='word_1_611' title='bbox 3243 4570 3415 4634; x_wconf 87' lang='lat' dir='ltr'><strong>vales.</strong></span> 
     </span>
    </p>
   </div>
   <div class='ocr_carea' id='block_1_88' title="bbox 115 4629 1703 4731">
    <p class='ocr_par' dir='ltr' id='par_1_88' title="bbox 115 4654 1702 4731">
     <span class='ocr_line' id='line_1_88' title="bbox 115 4654 1702 4731; baseline -0.001 -20"><span class='ocrx_word' id='word_1_612' title='bbox 115 4659 288 4731; x_wconf 79' lang='grc' dir='ltr'><strong>ρίας,</strong></span> <span class='ocrx_word' id='word_1_613' title='bbox 330 4655 463 4709; x_wconf 74' lang='grc' dir='ltr'><strong>οὔτε</strong></span> <span class='ocrx_word' id='word_1_614' title='bbox 490 4655 729 4710; x_wconf 74' lang='grc' dir='ltr'><strong>ἐπαίνων</strong></span> <span class='ocrx_word' id='word_1_615' title='bbox 758 4657 898 4726; x_wconf 80' lang='grc' dir='ltr'><strong>αὑτὴ</strong></span> <span class='ocrx_word' id='word_1_616' title='bbox 920 4654 1041 4708; x_wconf 84' lang='grc' dir='ltr'><strong>καθ’</strong></span> <span class='ocrx_word' id='word_1_617' title='bbox 1067 4656 1287 4725; x_wconf 83' lang='grc' dir='ltr'><strong>ἑαυτὴν,</strong></span> <span class='ocrx_word' id='word_1_618' title='bbox 1313 4654 1438 4709; x_wconf 77' lang='grc' dir='ltr'><strong>οὔτε</strong></span> <span class='ocrx_word' id='word_1_619' title='bbox 1459 4655 1702 4709; x_wconf 84' lang='grc' dir='ltr'><strong>κολάσεω</strong></span> 
     </span>
    </p>
   </div>
   <div class='ocr_carea' id='block_1_89' title="bbox 1804 4629 3414 4731">
    <p class='ocr_par' dir='ltr' id='par_1_89' title="bbox 1804 4638 3414 4731">
     <span class='ocr_line' id='line_1_89' title="bbox 1804 4638 3414 4731; baseline 0.002 -18"><span class='ocrx_word' id='word_1_620' title='bbox 1804 4638 1927 4715; x_wconf 67' lang='grc' dir='ltr'><strong>ἰ’υο</strong></span> <span class='ocrx_word' id='word_1_621' title='bbox 1977 4660 2215 4715; x_wconf 88' lang='lat' dir='ltr'><strong>rationis</strong></span> <span class='ocrx_word' id='word_1_622' title='bbox 2265 4675 2368 4731; x_wconf 85' lang='lat' dir='ltr'><strong>0pc</strong></span> <span class='ocrx_word' id='word_1_623' title='bbox 2395 4669 2683 4731; x_wconf 88' lang='lat' dir='ltr'><strong>peccatum</strong></span> <span class='ocrx_word' id='word_1_624' title='bbox 2742 4661 2952 4714; x_wconf 87' lang='lat' dir='ltr'><strong>vineas.</strong></span> <span class='ocrx_word' id='word_1_625' title='bbox 3006 4660 3064 4715; x_wconf 91' lang='lat' dir='ltr'><strong>In</strong></span> <span class='ocrx_word' id='word_1_626' title='bbox 3118 4661 3221 4718; x_wconf 90' lang='lat' dir='ltr'><strong>hoc</strong></span> <span class='ocrx_word' id='word_1_627' title='bbox 3268 4664 3414 4719; x_wconf 89' lang='lat' dir='ltr'><strong>enim</strong></span> 
     </span>
    </p>
   </div>
   <div class='ocr_carea' id='block_1_90' title="bbox 107 4745 1703 4825">
    <p class='ocr_par' dir='ltr' id='par_1_90' title="bbox 107 4745 1703 4820">
     <span class='ocr_line' id='line_1_90' title="bbox 107 4745 1703 4820; baseline -0.005 -15"><span class='ocrx_word' id='word_1_628' title='bbox 107 4749 430 4817; x_wconf 79' lang='grc' dir='ltr'><strong>ἀξιοῦται.</strong></span> <span class='ocrx_word' id='word_1_629' title='bbox 478 4748 610 4803; x_wconf 76' lang='grc' dir='ltr'><strong>Ἐὰν</strong></span> <span class='ocrx_word' id='word_1_630' title='bbox 637 4747 706 4801; x_wconf 82' lang='grc' dir='ltr'><strong>δι’</strong></span> <span class='ocrx_word' id='word_1_631' title='bbox 734 4748 955 4820; x_wconf 76' lang='grc' dir='ltr'><strong>ἠλικίαν</strong></span> <span class='ocrx_word' id='word_1_632' title='bbox 983 4746 1168 4819; x_wconf 79' lang='grc' dir='ltr'>παύσῃ</span> <span class='ocrx_word' id='word_1_633' title='bbox 1194 4747 1291 4815; x_wconf 86' lang='grc' dir='ltr'><strong>τῆς</strong></span> <span class='ocrx_word' id='word_1_634' title='bbox 1318 4745 1611 4817; x_wconf 83' lang='grc' dir='ltr'><strong>ἁμαρτίας,</strong></span> <span class='ocrx_word' id='word_1_635' title='bbox 1639 4748 1703 4818; x_wconf 85' lang='grc' dir='ltr'><strong>τῆ</strong></span> 
     </span>
    </p>
   </div>
   <div class='ocr_carea' id='block_1_91' title="bbox 1804 4745 3419 4825">
    <p class='ocr_par' dir='ltr' id='par_1_91' title="bbox 1839 4751 3419 4825">
     <span class='ocr_line' id='line_1_91' title="bbox 1839 4751 3419 4825; baseline 0.002 -19"><span class='ocrx_word' id='word_1_636' title='bbox 1839 4755 2018 4825; x_wconf 86' lang='lat' dir='ltr'><strong>posita</strong></span> <span class='ocrx_word' id='word_1_637' title='bbox 2048 4754 2225 4809; x_wconf 84' lang='lat' dir='ltr'><strong>virtus</strong></span> <span class='ocrx_word' id='word_1_638' title='bbox 2274 4760 2381 4817; x_wconf 87' lang='lat' dir='ltr'><strong>est,</strong></span> <span class='ocrx_word' id='word_1_639' title='bbox 2424 4760 2485 4806; x_wconf 80' lang='lat' dir='ltr'><strong>u‘t</strong></span> <span class='ocrx_word' id='word_1_640' title='bbox 2534 4753 2663 4821; x_wconf 87' lang='lat' dir='ltr'><strong>quis</strong></span> <span class='ocrx_word' id='word_1_641' title='bbox 2708 4751 2953 4806; x_wconf 82' lang='lat' dir='ltr'><strong>declinet</strong></span> <span class='ocrx_word' id='word_1_642' title='bbox 2993 4767 3023 4806; x_wconf 88' lang='lat' dir='ltr'><strong>a</strong></span> <span class='ocrx_word' id='word_1_643' title='bbox 3059 4753 3222 4818; x_wconf 89' lang='lat' dir='ltr'><strong>malo.</strong></span> <span class='ocrx_word' id='word_1_644' title='bbox 3251 4762 3309 4809; x_wconf 87' lang='lat' dir='ltr'><strong>et</strong></span> <span class='ocrx_word' id='word_1_645' title='bbox 3341 4754 3419 4808; x_wconf 56' lang='lat' dir='ltr'><strong>fa-</strong></span> 
     </span>
    </p>
   </div>
   <div class='ocr_carea' id='block_1_92' title="bbox 104 4838 1703 4917">
    <p class='ocr_par' dir='ltr' id='par_1_92' title="bbox 104 4838 1694 4913">
     <span class='ocr_line' id='line_1_92' title="bbox 104 4838 1694 4913; baseline -0.006 -14"><span class='ocrx_word' id='word_1_646' title='bbox 104 4842 447 4905; x_wconf 78' lang='grc' dir='ltr'><strong>ἀσθενείας</strong></span> <span class='ocrx_word' id='word_1_647' title='bbox 472 4843 507 4911; x_wconf 83' lang='grc' dir='ltr'>ἡ</span> <span class='ocrx_word' id='word_1_648' title='bbox 542 4843 726 4913; x_wconf 80' lang='grc' dir='ltr'><strong>χάρις.</strong></span> <span class='ocrx_word' id='word_1_649' title='bbox 768 4838 1129 4910; x_wconf 79' lang='grc' dir='ltr'><strong>Ἐπαινοῦμεν</strong></span> <span class='ocrx_word' id='word_1_650' title='bbox 1151 4838 1209 4893; x_wconf 79' lang='grc' dir='ltr'><strong>δὲ</strong></span> <span class='ocrx_word' id='word_1_651' title='bbox 1235 4840 1359 4903; x_wconf 76' lang='grc' dir='ltr'><strong>τοὺς</strong></span> <span class='ocrx_word' id='word_1_652' title='bbox 1379 4840 1521 4892; x_wconf 81' lang='grc' dir='ltr'><strong>κατὰ</strong></span> <span class='ocrx_word' id='word_1_653' title='bbox 1553 4854 1694 4909; x_wconf 91' lang='grc' dir='ltr'><strong>προα</strong></span> 
     </span>
    </p>
   </div>
   <div class='ocr_carea' id='block_1_93' title="bbox 1804 4838 3420 4917">
    <p class='ocr_par' dir='ltr' id='par_1_93' title="bbox 1840 4843 3420 4917">
     <span class='ocr_line' id='line_1_93' title="bbox 1840 4843 3420 4917; baseline 0 -17"><span class='ocrx_word' id='word_1_654' title='bbox 1840 4846 1964 4900; x_wconf 91' lang='lat' dir='ltr'><strong>ciat</strong></span> <span class='ocrx_word' id='word_1_655' title='bbox 1988 4847 2218 4900; x_wconf 85' lang='lat' dir='ltr'><strong>bonum.</strong></span> <span class='ocrx_word' id='word_1_656' title='bbox 2252 4843 2391 4898; x_wconf 84' lang='lat' dir='ltr'><strong>Nam</strong></span> <span class='ocrx_word' id='word_1_657' title='bbox 2425 4843 2633 4913; x_wconf 84' lang='lat' dir='ltr'><strong>alioqui</strong></span> <span class='ocrx_word' id='word_1_658' title='bbox 2666 4844 2947 4898; x_wconf 87' lang='lat' dir='ltr'><strong>abstinere</strong></span> <span class='ocrx_word' id='word_1_659' title='bbox 2978 4859 3007 4896; x_wconf 89' lang='lat' dir='ltr'><strong>a</strong></span> <span class='ocrx_word' id='word_1_660' title='bbox 3038 4853 3285 4914; x_wconf 89' lang='lat' dir='ltr'><strong>peccato,</strong></span> <span class='ocrx_word' id='word_1_661' title='bbox 3321 4862 3420 4917; x_wconf 86' lang='lat' dir='ltr'><strong>per</strong></span> 
     </span>
    </p>
   </div>
   <div class='ocr_carea' id='block_1_94' title="bbox 105 4932 1703 5008">
    <p class='ocr_par' dir='ltr' id='par_1_94' title="bbox 105 4932 1703 5008">
     <span class='ocr_line' id='line_1_94' title="bbox 105 4932 1703 5008; baseline -0.003 -19"><span class='ocrx_word' id='word_1_662' title='bbox 105 4953 303 5008; x_wconf 83' lang='grc' dir='ltr'><strong>ρεσιν</strong></span> <span class='ocrx_word' id='word_1_663' title='bbox 342 4933 611 5002; x_wconf 78' lang='grc' dir='ltr'><strong>ἀγαθοὺς,</strong></span> <span class='ocrx_word' id='word_1_664' title='bbox 650 4933 713 4987; x_wconf 85' lang='grc' dir='ltr'>ού</span> <span class='ocrx_word' id='word_1_665' title='bbox 737 4936 861 4997; x_wconf 82' lang='grc' dir='ltr'><strong>τοὺς</strong></span> <span class='ocrx_word' id='word_1_666' title='bbox 894 4932 999 4987; x_wconf 77' lang='grc' dir='ltr'><strong>ὑπὸ</strong></span> <span class='ocrx_word' id='word_1_667' title='bbox 1025 4932 1272 5002; x_wconf 81' lang='grc' dir='ltr'><strong>ἀνάγκης</strong></span> <span class='ocrx_word' id='word_1_668' title='bbox 1301 4932 1703 5003; x_wconf 80' lang='grc' dir='ltr'><strong>ἐξειργομένους</strong></span> 
     </span>
    </p>
   </div>
   <div class='ocr_carea' id='block_1_95' title="bbox 1804 4932 3419 5008">
    <p class='ocr_par' dir='ltr' id='par_1_95' title="bbox 1842 4936 3419 5007">
     <span class='ocr_line' id='line_1_95' title="bbox 1842 4936 3419 5007; baseline 0.001 -15"><span class='ocrx_word' id='word_1_669' title='bbox 1842 4953 1903 4993; x_wconf 91' lang='lat' dir='ltr'><strong>se</strong></span> <span class='ocrx_word' id='word_1_670' title='bbox 1931 4937 2205 5006; x_wconf 86' lang='lat' dir='ltr'><strong>ejusmodi</strong></span> <span class='ocrx_word' id='word_1_671' title='bbox 2230 4943 2337 5001; x_wconf 86' lang='lat' dir='ltr'><strong>est,</strong></span> <span class='ocrx_word' id='word_1_672' title='bbox 2378 4945 2437 4991; x_wconf 92' lang='lat' dir='ltr'><strong>ut</strong></span> <span class='ocrx_word' id='word_1_673' title='bbox 2484 4950 2585 4990; x_wconf 74' lang='lat' dir='ltr'><strong>nec</strong></span> <span class='ocrx_word' id='word_1_674' title='bbox 2634 4936 2871 5000; x_wconf 89' lang='lat' dir='ltr'><strong>laudem,</strong></span> <span class='ocrx_word' id='word_1_675' title='bbox 2903 4951 3004 4990; x_wconf 91' lang='lat' dir='ltr'><strong>nec</strong></span> <span class='ocrx_word' id='word_1_676' title='bbox 3039 4953 3254 5007; x_wconf 74' lang='lat' dir='ltr'><strong>pmnam</strong></span> <span class='ocrx_word' id='word_1_677' title='bbox 3302 4955 3419 4994; x_wconf 80' lang='lat' dir='ltr'><strong>mo-</strong></span> 
     </span>
    </p>
   </div>
   <div class='ocr_carea' id='block_1_96' title="bbox 100 5024 1703 5100">
    <p class='ocr_par' dir='ltr' id='par_1_96' title="bbox 100 5024 1703 5100">
     <span class='ocr_line' id='line_1_96' title="bbox 100 5024 1703 5100; baseline -0.002 -18"><span class='ocrx_word' id='word_1_678' title='bbox 100 5029 235 5092; x_wconf 82' lang='grc' dir='ltr'><strong>Τίς</strong></span> <span class='ocrx_word' id='word_1_679' title='bbox 260 5027 330 5081; x_wconf 82' lang='grc' dir='ltr'><strong>δέ</strong></span> <span class='ocrx_word' id='word_1_680' title='bbox 363 5044 451 5081; x_wconf 88' lang='grc' dir='ltr'><strong>σοι</strong></span> <span class='ocrx_word' id='word_1_681' title='bbox 478 5028 572 5081; x_wconf 73' lang='grc' dir='ltr'><strong>καὶ</strong></span> <span class='ocrx_word' id='word_1_682' title='bbox 596 5026 689 5081; x_wconf 70' lang='grc' dir='ltr'><strong>τὸν</strong></span> <span class='ocrx_word' id='word_1_683' title='bbox 720 5027 843 5100; x_wconf 84' lang='grc' dir='ltr'><strong>ὅρον</strong></span> <span class='ocrx_word' id='word_1_684' title='bbox 874 5027 975 5096; x_wconf 80' lang='grc' dir='ltr'><strong>τῆς</strong></span> <span class='ocrx_word' id='word_1_685' title='bbox 1007 5025 1151 5096; x_wconf 81' lang='grc' dir='ltr'><strong>ζωῆς</strong></span> <span class='ocrx_word' id='word_1_686' title='bbox 1181 5025 1411 5096; x_wconf 70' lang='grc' dir='ltr'><strong>ἔπηξε-,νς</strong></span> <span class='ocrx_word' id='word_1_687' title='bbox 1444 5026 1495 5079; x_wconf 89' lang='grc' dir='ltr'><strong>τί</strong></span> <span class='ocrx_word' id='word_1_688' title='bbox 1535 5042 1618 5079; x_wconf 90' lang='grc' dir='ltr'><strong>σοι</strong></span> <span class='ocrx_word' id='word_1_689' title='bbox 1642 5024 1703 5096; x_wconf 79' lang='grc' dir='ltr'><strong>τὴ</strong></span> 
     </span>
    </p>
   </div>
   <div class='ocr_carea' id='block_1_97' title="bbox 1804 5024 3421 5100">
    <p class='ocr_par' dir='ltr' id='par_1_97' title="bbox 1842 5029 3421 5100">
     <span class='ocr_line' id='line_1_97' title="bbox 1842 5029 3421 5100; baseline -0.001 -13"><span class='ocrx_word' id='word_1_690' title='bbox 1842 5040 2052 5087; x_wconf 89' lang='lat' dir='ltr'><strong>reatur.</strong></span> <span class='ocrx_word' id='word_1_691' title='bbox 2090 5030 2146 5085; x_wconf 90' lang='lat' dir='ltr'><strong>Si</strong></span> <span class='ocrx_word' id='word_1_692' title='bbox 2201 5038 2427 5100; x_wconf 79' lang='lat' dir='ltr'><strong>prepter</strong></span> <span class='ocrx_word' id='word_1_693' title='bbox 2458 5035 2674 5083; x_wconf 62' lang='lat' dir='ltr'><strong>aetatem</strong></span> <span class='ocrx_word' id='word_1_694' title='bbox 2714 5043 2944 5099; x_wconf 87' lang='lat' dir='ltr'><strong>peccare</strong></span> <span class='ocrx_word' id='word_1_695' title='bbox 2978 5029 3213 5095; x_wconf 88' lang='lat' dir='ltr'><strong>desinis,</strong></span> <span class='ocrx_word' id='word_1_696' title='bbox 3264 5031 3421 5086; x_wconf 83' lang='lat' dir='ltr'><strong>inlir-</strong></span> 
     </span>
    </p>
   </div>
   <div class='ocr_carea' id='block_1_98' title="bbox 99 5112 1703 5193">
    <p class='ocr_par' dir='ltr' id='par_1_98' title="bbox 99 5112 1703 5193">
     <span class='ocr_line' id='line_1_98' title="bbox 99 5112 1703 5193; baseline -0.003 -18"><span class='ocrx_word' id='word_1_697' title='bbox 99 5121 507 5193; x_wconf 78' lang='grc' dir='ltr'><strong>προθεσμίαν</strong></span> <span class='ocrx_word' id='word_1_698' title='bbox 537 5119 631 5174; x_wconf 81' lang='grc' dir='ltr'><strong>τοῦ</strong></span> <span class='ocrx_word' id='word_1_699' title='bbox 660 5122 847 5192; x_wconf 81' lang='grc' dir='ltr'><strong>γήρως</strong></span> <span class='ocrx_word' id='word_1_700' title='bbox 878 5119 1112 5192; x_wconf 85' lang='grc' dir='ltr'><strong>ὦρισεν;</strong></span> <span class='ocrx_word' id='word_1_701' title='bbox 1144 5119 1227 5183; x_wconf 89' lang='grc' dir='ltr'><strong>τίς</strong></span> <span class='ocrx_word' id='word_1_702' title='bbox 1250 5112 1405 5181; x_wconf 76' lang='grc' dir='ltr'><strong>οὗτος</strong></span> <span class='ocrx_word' id='word_1_703' title='bbox 1432 5118 1703 5182; x_wconf 65' lang='grc' dir='ltr'><strong>ἀξιόπιστα</strong></span> 
     </span>
    </p>
   </div>
   <div class='ocr_carea' id='block_1_99' title="bbox 1804 5112 3425 5193">
    <p class='ocr_par' dir='ltr' id='par_1_99' title="bbox 1847 5120 3425 5191">
     <span class='ocr_line' id='line_1_99' title="bbox 1847 5120 3425 5191; baseline -0.001 -13"><span class='ocrx_word' id='word_1_704' title='bbox 1847 5123 2022 5178; x_wconf 84' lang='lat' dir='ltr'><strong>mitati</strong></span> <span class='ocrx_word' id='word_1_705' title='bbox 2068 5122 2325 5178; x_wconf 87' lang='lat' dir='ltr'><strong>habenda</strong></span> <span class='ocrx_word' id='word_1_706' title='bbox 2358 5122 2536 5191; x_wconf 81' lang='lat' dir='ltr'><strong>gratia</strong></span> <span class='ocrx_word' id='word_1_707' title='bbox 2567 5129 2670 5175; x_wconf 91' lang='lat' dir='ltr'><strong>est.</strong></span> <span class='ocrx_word' id='word_1_708' title='bbox 2723 5120 2897 5177; x_wconf 88' lang='lat' dir='ltr'><strong>Porro</strong></span> <span class='ocrx_word' id='word_1_709' title='bbox 2927 5137 3024 5177; x_wconf 87' lang='lat' dir='ltr'><strong>eos</strong></span> <span class='ocrx_word' id='word_1_710' title='bbox 3057 5122 3274 5177; x_wconf 90' lang='lat' dir='ltr'><strong>demum</strong></span> <span class='ocrx_word' id='word_1_711' title='bbox 3304 5124 3425 5177; x_wconf 71' lang='lat' dir='ltr'><strong>lano</strong></span> 
     </span>
    </p>
   </div>
   <div class='ocr_carea' id='block_1_100' title="bbox 92 5211 1703 5285">
    <p class='ocr_par' dir='ltr' id='par_1_100' title="bbox 92 5212 1703 5285">
     <span class='ocr_line' id='line_1_100' title="bbox 92 5212 1703 5285; baseline -0.001 -18"><span class='ocrx_word' id='word_1_712' title='bbox 92 5214 305 5285; x_wconf 71' lang='grc' dir='ltr'><strong>στα</strong></span> <span class='ocrx_word' id='word_1_713' title='bbox 341 5230 432 5267; x_wconf 85' lang='grc' dir='ltr'><strong>σοι</strong></span> <span class='ocrx_word' id='word_1_714' title='bbox 465 5212 574 5267; x_wconf 80' lang='grc' dir='ltr'><strong>τῶν</strong></span> <span class='ocrx_word' id='word_1_715' title='bbox 610 5213 913 5284; x_wconf 80' lang='grc' dir='ltr'><strong>μελλόντων</strong></span> <span class='ocrx_word' id='word_1_716' title='bbox 941 5212 1219 5281; x_wconf 75' lang='grc' dir='ltr'><strong>ἐγγυητής</strong></span> <span class='ocrx_word' id='word_1_717' title='bbox 1244 5228 1259 5276; x_wconf 88' lang='grc'><strong>;</strong></span> <span class='ocrx_word' id='word_1_718' title='bbox 1290 5212 1388 5282; x_wconf 77' lang='grc' dir='ltr'>οὐχ</span> <span class='ocrx_word' id='word_1_719' title='bbox 1417 5213 1549 5283; x_wconf 80' lang='grc' dir='ltr'><strong>ὁρᾷς</strong></span> <span class='ocrx_word' id='word_1_720' title='bbox 1574 5214 1703 5282; x_wconf 81' lang='grc' dir='ltr'><strong>νήπι</strong></span> 
     </span>
    </p>
   </div>
   <div class='ocr_carea' id='block_1_101' title="bbox 1804 5211 3425 5285">
    <p class='ocr_par' dir='ltr' id='par_1_101' title="bbox 1847 5211 3425 5282">
     <span class='ocr_line' id='line_1_101' title="bbox 1847 5211 3425 5282; baseline 0.001 -14"><span class='ocrx_word' id='word_1_721' title='bbox 1847 5213 2012 5269; x_wconf 87' lang='lat' dir='ltr'><strong>dibus</strong></span> <span class='ocrx_word' id='word_1_722' title='bbox 2044 5211 2330 5277; x_wconf 81' lang='lat' dir='ltr'><strong>amcimus,</strong></span> <span class='ocrx_word' id='word_1_723' title='bbox 2368 5212 2460 5282; x_wconf 89' lang='lat' dir='ltr'><strong>qui</strong></span> <span class='ocrx_word' id='word_1_724' title='bbox 2491 5211 2775 5267; x_wconf 81' lang='lat' dir='ltr'><strong>voluntate</strong></span> <span class='ocrx_word' id='word_1_725' title='bbox 2807 5220 2861 5267; x_wconf 88' lang='lat' dir='ltr'><strong>et</strong></span> <span class='ocrx_word' id='word_1_726' title='bbox 2904 5211 3227 5268; x_wconf 80' lang='lat' dir='ltr'><strong>inductione</strong></span> <span class='ocrx_word' id='word_1_727' title='bbox 3250 5213 3425 5270; x_wconf 79' lang='lat' dir='ltr'><strong>animi</strong></span> 
     </span>
    </p>
   </div>
   <div class='ocr_carea' id='block_1_102' title="bbox 93 5303 1703 5377">
    <p class='ocr_par' dir='ltr' id='par_1_102' title="bbox 93 5303 1703 5377">
     <span class='ocr_line' id='line_1_102' title="bbox 93 5303 1703 5377; baseline -0.004 -16"><span class='ocrx_word' id='word_1_728' title='bbox 93 5304 565 5377; x_wconf 74' lang='grc' dir='ltr'><strong>ἁρπαζόμενα;</strong></span> <span class='ocrx_word' id='word_1_729' title='bbox 598 5306 727 5368; x_wconf 76' lang='grc' dir='ltr'><strong>τοὺς</strong></span> <span class='ocrx_word' id='word_1_730' title='bbox 754 5306 812 5357; x_wconf 78' lang='grc' dir='ltr'><strong>ἐν</strong></span> <span class='ocrx_word' id='word_1_731' title='bbox 841 5305 1027 5375; x_wconf 81' lang='grc' dir='ltr'><strong>ἡλικία</strong></span> <span class='ocrx_word' id='word_1_732' title='bbox 1063 5304 1480 5374; x_wconf 84' lang='grc' dir='ltr'><strong>ἀπαγομένους;</strong></span> <span class='ocrx_word' id='word_1_733' title='bbox 1511 5305 1611 5358; x_wconf 78' lang='grc' dir='ltr'><strong>οὐκ</strong></span> <span class='ocrx_word' id='word_1_734' title='bbox 1633 5303 1703 5374; x_wconf 82' lang='grc' dir='ltr'><strong>ἕχι</strong></span> 
     </span>
    </p>
   </div>
   <div class='ocr_carea' id='block_1_103' title="bbox 1804 5303 3428 5377">
    <p class='ocr_par' dir='ltr' id='par_1_103' title="bbox 1848 5303 3428 5375">
     <span class='ocr_line' id='line_1_103' title="bbox 1848 5303 3428 5375; baseline -0.002 -14"><span class='ocrx_word' id='word_1_735' title='bbox 1848 5305 1976 5361; x_wconf 84' lang='lat' dir='ltr'><strong>boni</strong></span> <span class='ocrx_word' id='word_1_736' title='bbox 2037 5313 2186 5368; x_wconf 88' lang='lat' dir='ltr'><strong>sunt,</strong></span> <span class='ocrx_word' id='word_1_737' title='bbox 2238 5320 2347 5359; x_wconf 89' lang='lat' dir='ltr'><strong>non</strong></span> <span class='ocrx_word' id='word_1_738' title='bbox 2383 5304 2478 5374; x_wconf 89' lang='lat' dir='ltr'><strong>qui</strong></span> <span class='ocrx_word' id='word_1_739' title='bbox 2540 5304 2873 5358; x_wconf 82' lang='lat' dir='ltr'><strong>necessitate</strong></span> <span class='ocrx_word' id='word_1_740' title='bbox 2909 5303 3147 5373; x_wconf 87' lang='lat' dir='ltr'><strong>quadam</strong></span> <span class='ocrx_word' id='word_1_741' title='bbox 3193 5317 3428 5375; x_wconf 83' lang='lat' dir='ltr'><strong>peccare</strong></span> 
     </span>
    </p>
   </div>
   <div class='ocr_carea' id='block_1_104' title="bbox 91 5390 1703 5470">
    <p class='ocr_par' dir='ltr' id='par_1_104' title="bbox 91 5396 1703 5470">
     <span class='ocr_line' id='line_1_104' title="bbox 91 5396 1703 5470; baseline -0.002 -19"><span class='ocrx_word' id='word_1_742' title='bbox 91 5398 282 5470; x_wconf 75' lang='grc' dir='ltr'><strong>μίαν</strong></span> <span class='ocrx_word' id='word_1_743' title='bbox 324 5397 729 5468; x_wconf 84' lang='grc' dir='ltr'><strong>προθεσμίανὸ</strong></span> <span class='ocrx_word' id='word_1_744' title='bbox 775 5396 908 5467; x_wconf 79' lang='grc' dir='ltr'><strong>βίος.</strong></span> <span class='ocrx_word' id='word_1_745' title='bbox 939 5397 1004 5450; x_wconf 91' lang='grc' dir='ltr'><strong>Τί</strong></span> <span class='ocrx_word' id='word_1_746' title='bbox 1049 5397 1340 5466; x_wconf 78' lang='grc' dir='ltr'><strong>ἀναμένεις</strong></span> <span class='ocrx_word' id='word_1_747' title='bbox 1389 5396 1627 5466; x_wconf 79' lang='grc' dir='ltr'><strong>πυρετοῦ</strong></span> <span class='ocrx_word' id='word_1_748' title='bbox 1663 5414 1703 5448; x_wconf 74' lang='grc' dir='ltr'><strong>σε</strong></span> 
     </span>
    </p>
   </div>
   <div class='ocr_carea' id='block_1_105' title="bbox 1804 5390 3432 5470">
    <p class='ocr_par' dir='ltr' id='par_1_105' title="bbox 1850 5390 3432 5468">
     <span class='ocr_line' id='line_1_105' title="bbox 1850 5390 3432 5468; baseline -0.002 -18"><span class='ocrx_word' id='word_1_749' title='bbox 1850 5396 2241 5468; x_wconf 90' lang='lat' dir='ltr'><strong>prohibentur.</strong></span> <span class='ocrx_word' id='word_1_750' title='bbox 2290 5392 2409 5449; x_wconf 81' lang='lat' dir='ltr'><strong>Jam</strong></span> <span class='ocrx_word' id='word_1_751' title='bbox 2452 5390 2578 5464; x_wconf 86' lang='lat' dir='ltr'><strong>quis</strong></span> <span class='ocrx_word' id='word_1_752' title='bbox 2629 5393 2728 5446; x_wconf 90' lang='lat' dir='ltr'><strong>tibi</strong></span> <span class='ocrx_word' id='word_1_753' title='bbox 2770 5393 2893 5448; x_wconf 66' lang='lat' dir='ltr'><strong>vitae</strong></span> <span class='ocrx_word' id='word_1_754' title='bbox 2927 5392 3163 5465; x_wconf 68' lang='lat' dir='ltr'><strong>praeﬁxit</strong></span> <span class='ocrx_word' id='word_1_755' title='bbox 3193 5393 3432 5448; x_wconf 85' lang='lat' dir='ltr'><strong>metam?</strong></span> 
     </span>
    </p>
   </div>
   <div class='ocr_carea' id='block_1_106' title="bbox 84 5483 1703 5560">
    <p class='ocr_par' dir='ltr' id='par_1_106' title="bbox 84 5486 1703 5560">
     <span class='ocr_line' id='line_1_106' title="bbox 84 5486 1703 5560; baseline -0.001 -19"><span class='ocrx_word' id='word_1_756' title='bbox 84 5489 329 5560; x_wconf 77' lang='grc' dir='ltr'><strong>δῶρον</strong></span> <span class='ocrx_word' id='word_1_757' title='bbox 362 5487 627 5557; x_wconf 79' lang='grc' dir='ltr'><strong>γενέσθαι</strong></span> <span class='ocrx_word' id='word_1_758' title='bbox 656 5487 756 5558; x_wconf 78' lang='grc' dir='ltr'><strong>τὴν</strong></span> <span class='ocrx_word' id='word_1_759' title='bbox 790 5488 1101 5558; x_wconf 87' lang='grc' dir='ltr'><strong>μετάνοιαν,</strong></span> <span class='ocrx_word' id='word_1_760' title='bbox 1136 5488 1225 5540; x_wconf 84' lang='grc' dir='ltr'>ὅτε</span> <span class='ocrx_word' id='word_1_761' title='bbox 1250 5486 1373 5540; x_wconf 75' lang='grc' dir='ltr'><strong>οὔτε</strong></span> <span class='ocrx_word' id='word_1_762' title='bbox 1408 5486 1703 5557; x_wconf 70' lang='grc' dir='ltr'><strong>φθέγξασθε</strong></span> 
     </span>
    </p>
   </div>
   <div class='ocr_carea' id='block_1_107' title="bbox 1804 5483 3433 5560">
    <p class='ocr_par' dir='ltr' id='par_1_107' title="bbox 1850 5483 3433 5560">
     <span class='ocr_line' id='line_1_107' title="bbox 1850 5483 3433 5560; baseline -0.003 -18"><span class='ocrx_word' id='word_1_763' title='bbox 1850 5490 1979 5560; x_wconf 89' lang='lat' dir='ltr'><strong>quis</strong></span> <span class='ocrx_word' id='word_1_764' title='bbox 2027 5487 2336 5544; x_wconf 86' lang='lat' dir='ltr'><strong>senectutis</strong></span> <span class='ocrx_word' id='word_1_765' title='bbox 2386 5486 2627 5558; x_wconf 88' lang='lat' dir='ltr'><strong>spatium</strong></span> <span class='ocrx_word' id='word_1_766' title='bbox 2663 5483 2954 5541; x_wconf 74' lang='lat' dir='ltr'><strong>deﬁnivit?</strong></span> <span class='ocrx_word' id='word_1_767' title='bbox 3001 5486 3130 5556; x_wconf 83' lang='lat' dir='ltr'><strong>quis</strong></span> <span class='ocrx_word' id='word_1_768' title='bbox 3177 5485 3327 5557; x_wconf 86' lang='lat' dir='ltr'><strong>apud</strong></span> <span class='ocrx_word' id='word_1_769' title='bbox 3377 5493 3433 5538; x_wconf 81' lang='lat' dir='ltr'><strong>te</strong></span> 
     </span>
    </p>
   </div>
   <div class='ocr_carea' id='block_1_108' title="bbox 76 5570 1703 5650">
    <p class='ocr_par' dir='ltr' id='par_1_108' title="bbox 76 5570 1703 5649">
     <span class='ocr_line' id='line_1_108' title="bbox 76 5570 1703 5649; baseline -0.006 -14"><span class='ocrx_word' id='word_1_770' title='bbox 76 5579 394 5649; x_wconf 75' lang='grc' dir='ltr'><strong>δυνήσῃ.</strong></span> <span class='ocrx_word' id='word_1_771' title='bbox 443 5580 584 5649; x_wconf 82' lang='grc' dir='ltr'><strong>τάχα</strong></span> <span class='ocrx_word' id='word_1_772' title='bbox 636 5577 693 5630; x_wconf 78' lang='grc' dir='ltr'><strong>δὲ</strong></span> <span class='ocrx_word' id='word_1_773' title='bbox 728 5578 851 5631; x_wconf 75' lang='grc' dir='ltr'><strong>οὐδὲ</strong></span> <span class='ocrx_word' id='word_1_774' title='bbox 906 5576 1161 5639; x_wconf 82' lang='grc' dir='ltr'><strong>ἀκοῦσαι,</strong></span> <span class='ocrx_word' id='word_1_775' title='bbox 1187 5575 1248 5630; x_wconf 82' lang='grc' dir='ltr'><strong>οὑ</strong></span> <span class='ocrx_word' id='word_1_776' title='bbox 1276 5576 1466 5647; x_wconf 83' lang='grc' dir='ltr'><strong>χεῖρας</strong></span> <span class='ocrx_word' id='word_1_777' title='bbox 1506 5570 1636 5644; x_wconf 83' lang='grc' dir='ltr'><strong>ἆραι</strong></span> <span class='ocrx_word' id='word_1_778' title='bbox 1665 5574 1703 5626; x_wconf 77' lang='grc' dir='ltr'>εἰ</span> 
     </span>
    </p>
   </div>
   <div class='ocr_carea' id='block_1_109' title="bbox 1804 5570 3436 5650">
    <p class='ocr_par' dir='ltr' id='par_1_109' title="bbox 1850 5570 3436 5650">
     <span class='ocr_line' id='line_1_109' title="bbox 1850 5570 3436 5650; baseline -0.004 -13"><span class='ocrx_word' id='word_1_779' title='bbox 1850 5593 1966 5637; x_wconf 87' lang='lat' dir='ltr'><strong>tam</strong></span> <span class='ocrx_word' id='word_1_780' title='bbox 1999 5589 2186 5638; x_wconf 87' lang='lat' dir='ltr'><strong>certus</strong></span> <span class='ocrx_word' id='word_1_781' title='bbox 2211 5579 2524 5636; x_wconf 76' lang='lat' dir='ltr'><strong>futurorum</strong></span> <span class='ocrx_word' id='word_1_782' title='bbox 2559 5593 2802 5650; x_wconf 82' lang='lat' dir='ltr'><strong>sponsor</strong></span> <span class='ocrx_word' id='word_1_783' title='bbox 2833 5570 2956 5633; x_wconf 73' lang='lat' dir='ltr'><strong>est?</strong></span> <span class='ocrx_word' id='word_1_784' title='bbox 2991 5576 3110 5633; x_wconf 82' lang='lat' dir='ltr'><strong>Non</strong></span> <span class='ocrx_word' id='word_1_785' title='bbox 3153 5577 3313 5633; x_wconf 84' lang='lat' dir='ltr'><strong>vides</strong></span> <span class='ocrx_word' id='word_1_786' title='bbox 3348 5576 3436 5633; x_wconf 87' lang='lat' dir='ltr'><strong>in-</strong></span> 
     </span>
    </p>
   </div>
   <div class='ocr_carea' id='block_1_110' title="bbox 78 5662 1703 5743">
    <p class='ocr_par' dir='ltr' id='par_1_110' title="bbox 78 5665 1703 5742">
     <span class='ocr_line' id='line_1_110' title="bbox 78 5665 1703 5742; baseline -0.003 -18"><span class='ocrx_word' id='word_1_787' title='bbox 78 5672 273 5733; x_wconf 70' lang='grc' dir='ltr'><strong>τοὺς</strong></span> <span class='ocrx_word' id='word_1_788' title='bbox 308 5670 614 5742; x_wconf 77' lang='grc' dir='ltr'><strong>οὐρανοὺς,</strong></span> <span class='ocrx_word' id='word_1_789' title='bbox 640 5670 742 5723; x_wconf 80' lang='grc' dir='ltr'><strong>οὐκ</strong></span> <span class='ocrx_word' id='word_1_790' title='bbox 766 5668 858 5722; x_wconf 71' lang='grc' dir='ltr'><strong>ἐπὶ</strong></span> <span class='ocrx_word' id='word_1_791' title='bbox 885 5668 1053 5732; x_wconf 80' lang='grc' dir='ltr'><strong>πόδας</strong></span> <span class='ocrx_word' id='word_1_792' title='bbox 1079 5666 1453 5737; x_wconf 78' lang='grc' dir='ltr'><strong>διαναστῆναι,</strong></span> <span class='ocrx_word' id='word_1_793' title='bbox 1481 5665 1543 5720; x_wconf 84' lang='grc' dir='ltr'>οὐ</span> <span class='ocrx_word' id='word_1_794' title='bbox 1568 5665 1703 5720; x_wconf 75' lang='grc' dir='ltr'><strong>κλῖνε</strong></span> 
     </span>
    </p>
   </div>
   <div class='ocr_carea' id='block_1_111' title="bbox 1804 5662 3437 5743">
    <p class='ocr_par' dir='ltr' id='par_1_111' title="bbox 1857 5662 3437 5743">
     <span class='ocr_line' id='line_1_111' title="bbox 1857 5662 3437 5743; baseline -0.008 -9"><span class='ocrx_word' id='word_1_795' title='bbox 1857 5676 2039 5734; x_wconf 79' lang='lat' dir='ltr'><strong>iantes</strong></span> <span class='ocrx_word' id='word_1_796' title='bbox 2074 5683 2252 5730; x_wconf 88' lang='lat' dir='ltr'><strong>morte</strong></span> <span class='ocrx_word' id='word_1_797' title='bbox 2279 5666 2498 5743; x_wconf 81' lang='lat' dir='ltr'><strong>abripi?</strong></span> <span class='ocrx_word' id='word_1_798' title='bbox 2530 5686 2641 5727; x_wconf 93' lang='lat' dir='ltr'><strong>non</strong></span> <span class='ocrx_word' id='word_1_799' title='bbox 2693 5677 2855 5726; x_wconf 70' lang='lat' dir='ltr'><strong>aetate</strong></span> <span class='ocrx_word' id='word_1_800' title='bbox 2901 5666 3164 5726; x_wconf 87' lang='lat' dir='ltr'><strong>ﬂorentes</strong></span> <span class='ocrx_word' id='word_1_801' title='bbox 3195 5662 3437 5724; x_wconf 84' lang='lat' dir='ltr'><strong>abduci?</strong></span> 
     </span>
    </p>
   </div>
   <div class='ocr_carea' id='block_1_112' title="bbox 76 5758 1703 5837">
    <p class='ocr_par' dir='ltr' id='par_1_112' title="bbox 76 5760 955 5834">
     <span class='ocr_line' id='line_1_112' title="bbox 76 5760 955 5834; baseline -0.001 -18"><span class='ocrx_word' id='word_1_802' title='bbox 76 5763 279 5832; x_wconf 78' lang='grc' dir='ltr'><strong>γόνυ</strong></span> <span class='ocrx_word' id='word_1_803' title='bbox 312 5763 405 5827; x_wconf 82' lang='grc' dir='ltr'><strong>εἰς</strong></span> <span class='ocrx_word' id='word_1_804' title='bbox 433 5760 537 5833; x_wconf 85' lang='grc' dir='ltr'><strong>τὴν</strong></span> <span class='ocrx_word' id='word_1_805' title='bbox 565 5760 955 5834; x_wconf 83' lang='grc' dir='ltr'><strong>προσκύνησιν.</strong></span> 
     </span>
    </p>
   </div>
   <div class='ocr_carea' id='block_1_113' title="bbox 1804 5758 3437 5837">
    <p class='ocr_par' dir='ltr' id='par_1_113' title="bbox 1860 5758 3437 5837">
     <span class='ocr_line' id='line_1_113' title="bbox 1860 5758 3437 5837; baseline -0.003 -19"><span class='ocrx_word' id='word_1_806' title='bbox 1860 5779 1970 5819; x_wconf 93' lang='lat' dir='ltr'><strong>non</strong></span> <span class='ocrx_word' id='word_1_807' title='bbox 2004 5780 2148 5820; x_wconf 90' lang='lat' dir='ltr'><strong>unus</strong></span> <span class='ocrx_word' id='word_1_808' title='bbox 2178 5764 2343 5837; x_wconf 85' lang='lat' dir='ltr'><strong>plane</strong></span> <span class='ocrx_word' id='word_1_809' title='bbox 2389 5762 2647 5833; x_wconf 86' lang='lat' dir='ltr'><strong>idemque</strong></span> <span class='ocrx_word' id='word_1_810' title='bbox 2689 5761 2816 5817; x_wconf 61' lang='lat' dir='ltr'><strong>vita</strong></span> <span class='ocrx_word' id='word_1_811' title='bbox 2854 5761 3129 5815; x_wconf 87' lang='lat' dir='ltr'><strong>terminus</strong></span> <span class='ocrx_word' id='word_1_812' title='bbox 3175 5758 3437 5817; x_wconf 78' lang='lat' dir='ltr'><strong>omnibus</strong></span> 
     </span>
    </p>
   </div>
   <div class='ocr_carea' id='block_1_114' title="bbox 80 5850 3434 5925">
    <p class='ocr_par' dir='ltr' id='par_1_114' title="bbox 80 5850 3434 5925">
     <span class='ocr_line' id='line_1_114' title="bbox 80 5850 3434 5925; baseline -0.001 -16"><span class='ocrx_word' id='word_1_813' title='bbox 80 5850 508 5924; x_wconf 71' lang='lat' dir='ltr'><strong>praeriptus</strong></span> <span class='ocrx_word' id='word_1_814' title='bbox 536 5860 639 5907; x_wconf 84' lang='lat' dir='ltr'><strong>est.</strong></span> <span class='ocrx_word' id='word_1_815' title='bbox 671 5850 812 5917; x_wconf 82' lang='lat' dir='ltr'><strong>Quid</strong></span> <span class='ocrx_word' id='word_1_816' title='bbox 845 5858 1157 5922; x_wconf 80' lang='lat' dir='ltr'><strong>exspectas.</strong></span> <span class='ocrx_word' id='word_1_817' title='bbox 1210 5854 1337 5909; x_wconf 90' lang='lat' dir='ltr'><strong>dum</strong></span> <span class='ocrx_word' id='word_1_818' title='bbox 1376 5850 1546 5909; x_wconf 82' lang='lat' dir='ltr'><strong>febris</strong></span> <span class='ocrx_word' id='word_1_819' title='bbox 1584 5852 1857 5911; x_wconf 79' lang='lat' dir='ltr'><strong>beneficio</strong></span> <span class='ocrx_word' id='word_1_820' title='bbox 1892 5855 1987 5912; x_wconf 89' lang='lat' dir='ltr'><strong>tibi</strong></span> <span class='ocrx_word' id='word_1_821' title='bbox 2019 5855 2350 5925; x_wconf 76' lang='lat' dir='ltr'><strong>pmnitentia</strong></span> <span class='ocrx_word' id='word_1_822' title='bbox 2419 5850 2739 5925; x_wconf 81' lang='lat' dir='ltr'><strong>contingat?</strong></span> <span class='ocrx_word' id='word_1_823' title='bbox 2807 5869 2929 5910; x_wconf 90' lang='lat' dir='ltr'><strong>cum</strong></span> <span class='ocrx_word' id='word_1_824' title='bbox 2978 5851 3255 5909; x_wconf 60' lang='lat' dir='ltr'><strong>videlicet</strong></span> <span class='ocrx_word' id='word_1_825' title='bbox 3334 5865 3434 5906; x_wconf 84' lang='lat' dir='ltr'><strong>nec</strong></span> 
     </span>
    </p>
   </div>
   <div class='ocr_carea' id='block_1_115' title="bbox 495 5941 3079 6022">
    <p class='ocr_par' dir='ltr' id='par_1_115' title="bbox 495 5941 3079 6022">
     <span class='ocr_line' id='line_1_115' title="bbox 495 5941 3079 6022; baseline 0.001 -20"><span class='ocrx_word' id='word_1_826' title='bbox 495 5943 767 6003; x_wconf 65' lang='grc' dir='ltr'><strong>Ρλτιιοι.</strong></span> <span class='ocrx_word' id='word_1_827' title='bbox 813 5943 929 6003; x_wconf 81' lang='lat' dir='ltr'><strong>Gn.</strong></span> <span class='ocrx_word' id='word_1_828' title='bbox 972 5944 1143 6005; x_wconf 76' lang='lat' dir='ltr'><strong>XCV.</strong></span> <span class='ocrx_word' id='word_1_829' title='bbox 3006 5941 3079 6022; x_wconf 69' lang='lat'><strong>37</strong></span> 
     </span>
    </p>
   </div>
  </div>
