4024 6426
662 358 798 421 1163

1790 356 1848 413 S.
1888 353 2205 415 JOANNIS
2239 350 2664 411 DAMASCENI

3754 343 3884 410 116i

664 475 837 544 loqui,
875 488 937 527 ae
973 471 1207 525 fortasse
1254 484 1321 522 ne
1354 470 1572 537 quidem
1624 466 1815 522 audire
1843 468 2075 538 poteris,
2109 482 2216 520 non
2256 480 2452 520 manus
2480 467 2549 519 ad
2604 466 2805 520 cwlum
2856 464 3071 528 tollere,
3136 479 3246 518 non
3301 463 3371 516 in
3414 460 3659 532 pedibus
3729 470 3884 523 stare,

660 585 770 626 non
801 562 1140 620 adorationis
1171 575 1338 615 causa
1370 573 1547 629 genua
1578 555 1811 611 ﬂectere.

732 656 1158 716 Ibid-Nemo
1218 664 1270 709 te
1317 654 1543 709 seducat
1592 653 1851 707 inanibus
1894 652 2100 707 verbis.
2154 654 2235 705 ιι·-

660 762 783 810 ruet
808 752 954 806 enim
990 750 1043 803 in
1085 756 1139 802 te
1174 746 1458 815 repentina
1508 744 1815 808 calamitas,
1851 752 1906 799 et
1964 744 2225 799 interitus

658 861 755 900 ceu
789 852 1083 912 tempestas
1118 839 1362 907 ingruet.
1416 834 1607 889 Veniet
1636 835 1814 889 tristis
1848 836 2095 905 angelus,
2130 835 2225 905 qui

608 961 611 963 ·
658 938 897 991 animum
931 943 1078 985 tuam
1118 928 1357 998 peccatis
1386 926 1745 981 constrictam
1785 942 1880 994 per
1910 930 2018 978 vim
2054 928 2227 980 abdu-

657 1022 1221 1096 cat,,pertrahatqne,
1260 1020 1456 1073 oculos
1502 1019 1796 1073 identidem
1833 1018 1899 1072 ad
1941 1034 2029 1073 res
2062 1020 2226 1087 hujus

656 1122 781 1174 vitae
815 1121 1246 1184 retorquentem,
1282 1118 1336 1165 et
1368 1111 1507 1165 citra
1543 1124 1733 1165 vocem
1780 1110 1952 1163 ullam
1995 1109 2228 1177 ingemi-

657 1216 923 1271 scentem,
959 1217 1195 1259 iumrore
1230 1202 1488 1256 nimirum
1520 1216 1791 1271 organum
1838 1202 2225 1270 praecludente.

655 1298 699 1352 0
733 1314 895 1367 qnatn
950 1297 1186 1365 teipsum
1240 1292 1534 1355 lacerabis,
1568 1300 1838 1361 quantum
1893 1292 2099 1346 luctttnt
2132 1307 2225 1345 ex-

652 1391 870 1453 citahis,
902 1397 1168 1456 quanttnn
1204 1392 1279 1447 te,
1336 1385 1613 1438 incassum
1645 1384 1791 1447 licet,
1825 1385 2223 1453 praeteritorum

642 1483 1010 1536 consiliorum
1051 1477 1351 1546 pmuitebit,
1401 1492 1529 1531 eum
1565 1476 1842 1545 iustorum
1884 1476 1939 1529 in
1996 1475 2089 1529 illa
2125 1474 2226 1528 do-

650 1588 847 1628 norum
898 1570 1286 1627 distributione
1340 1569 1613 1633 laetitiam,
1654 1577 1708 1622 et.
1744 1576 2093 1637 peccatorum
2146 1568 2225 1620 al-

640 1666 889 1720 tissimis
945 1664 1060 1718 illis
1100 1662 1355 1719 tenebris
1414 1660 1738 1715 mtestitiam
1774 1660 2006 1713 cernes?
2033 1657 2225 1724 Qualis

642 1768 785 1811 tunc
826 1757 882 1810 in
923 1756 1109 1811 cordis
1153 1754 1399 1809 cruciatu
1453 1752 1804 1807 sermotuus
1835 1752 1978 1806 erit?
2009 1751 2091 1806 Me
2124 1753 2225 1805 mi-

652 1865 861 1910 serum.
908 1849 1001 1918 qui
1034 1863 1218 1918 grave
1262 1847 1367 1900 hoc
1400 1860 1546 1899 onus
1587 1845 1797 1915 peccati
1840 1860 1958 1898 non
2008 1844 2226 1911 abiece-

652 1943 786 2004 rim,
820 1956 944 1995 cum
975 1951 1083 1992 tam
1124 1938 1287 1992 faeile
1322 1944 1377 1991 et
1408 1946 1717 2005 promptum
1752 1944 1899 1990 esset
1944 1935 2079 1989 illud
2126 1952 2224 1989 ex-

2399 646 2605 719 Μηδείς
2634 663 2693 701 σε
2727 646 3052 713 ἐξαπατάτω
3094 648 3271 711 κενοῖς
3296 646 3507 715 λόγοις·
3546 646 3888 717 ἐπιστήσεται

2324 740 2433 811 γάρ
2462 756 2543 792 σοι
2566 738 2829 809 αἰφνίδιος
2862 739 3102 809 ὄλεθρος,
3136 741 3230 793 καὶ
3256 741 3289 811 ἠ
3319 739 3675 809 καταστροφὴ
3703 739 3889 806 ὁμοίως

2325 833 2599 901 καταιγίδι
2630 833 2920 904 παρέσται.
2944 831 3100 897 ’Ἥξει
3122 832 3348 901 άγγελος
3376 832 3649 902 κατηφὴς,
3675 832 3888 897 ἀπάγων

2327 925 2537 995 βιαίως,
2560 925 2651 979 καὶ
2681 924 3004 993 κατασύρων
3034 941 3127 978 σου
3156 924 3253 994 τὴν
3282 924 3458 994 ψυχὴν
3475 922 3771 992 δεδεμένην
3793 927 3888 985 ταῖς

2326 1017 2621 1087 ἁμαρτίαις
2672 1017 2853 1069 πυκνά
2909 1016 3426 1087 μεταστρεφομένην
3470 1015 3609 1084 πρὸς
3664 1016 3734 1065 τά
3783 1008 3885 1073 ὧδε,

2324 1112 2421 1164 καὶ
2454 1109 2787 1180 ὀδυρομένην
2814 1108 2946 1161 ἄνευ
2985 1107 3191 1177 φωνῆς,
3212 1108 3307 1161 τοῦ
3328 1108 3565 1178 ὀργάνου
3598 1106 3790 1159 λοιπὸν
3815 1112 3885 1158 τ’,ν

2326 1201 2522 1271 θρῆνον
2544 1200 3016 1263 ἀποκλεισθέντος.
3062 1200 3126 1251 Ὢ
3156 1200 3295 1253 πόσα
3321 1199 3626 1270 σπαράξεις
3662 1198 3880 1259 σεαυτὴν,

2325 1292 2468 1342 πόσα
2497 1290 2553 1343 δὲ
2585 1290 2884 1356 στενάξεις,
2912 1290 3170 1361 ἄπρακτα
3210 1291 3485 1361 μετανοῶν
3516 1291 3611 1343 ἐπὶ
3637 1292 3756 1352 τοῖς

2324 1381 2565 1451 ληθεῖσιν
2594 1383 2605 1435 ί
2643 1385 2771 1437 ὅταν
2803 1384 2918 1455 ἴδῃς
2942 1385 3040 1453 τὴν
3064 1384 3401 1455 φαιδρότητα
3436 1385 3549 1437 τῶν
3575 1384 3802 1436 δικαίων
3840 1389 3878 1435 ἐν

2324 1473 2553 1545 λαμπρᾷ
2579 1474 2807 1547 διανομῇ
2832 1476 2937 1530 τῶν
2969 1475 3177 1545 δώρων,
3214 1481 3307 1530 καὶ
3328 1478 3428 1546 τὴν
3458 1482 3775 1546 κατήφειαν
3800 1479 3875 1529 τῷλι

2324 1565 2665 1637 ἁμαρτωλῶν
2692 1569 2749 1620 ἐν
2782 1566 2861 1638 τῷ
2896 1568 3176 1638 σκότειτῷ
3211 1568 3516 1639 βαθυτάτῳ.
3552 1565 3659 1622 Οἷα.
3687 1571 3880 1638 ἐρεῖς

2322 1658 2388 1726 τῇ
2414 1657 2574 1729 ὀδύνῃ
2604 1658 2699 1728 τῆς
2730 1659 2956 1729 καρδίας
2982 1676 3073 1712 σου
3101 1661 3221 1714 τότε
3248 1680 3263 1727 ς
3298 1662 3365 1714 Αἰ
3392 1662 3515 1731 ἐμὲ,
3558 1662 3633 1733 μὴ
3686 1663 3879 1731 ἀπορρί-

2323 1748 2423 1817 ψαι
2457 1749 2516 1801 τὸ
2548 1749 2684 1820 βαρὺ
2718 1750 2876 1804 τοῦτο
2904 1751 3125 1822 φορτίον
3151 1753 3249 1821 τῆς
3288 1753 3584 1824 ἁμαρτίας,
3640 1752 3785 1805 οὕτω
3809 1757 3882 1822 ρᾳ-

2324 1838 2442 1900 δίας
2471 1836 2637 1908 οὔσης
2662 1839 2759 1909 τῆς
2792 1839 3123 1905 ἀποθέσεως,
3152 1842 3289 1895 ἀλλά
3334 1842 3426 1894 τὸν
3462 1841 3641 1910 σωρὸν
3673 1841 3779 1892 τῶν
3804 1859 3885 1893 και

2328 1929 2441 1983 κῶν
2500 1930 2703 1985 τούτων
2747 1932 3091 2000 ἐφέλκεσθαι.
3132 1934 3201 1987 Αἳ
3241 1935 3359 2005 ἐμὲ,
3416 1934 3513 1997 τάς
3562 1934 3784 2004 κηλῖδας
3823 1936 3884 2004 μὴ

642 2046 863 2097 ἐυιεγο,
919 2032 1015 2087 sed
1071 2032 1340 2086 malorum
1408 2031 1606 2083 horum
1679 2028 1955 2083 sarcinam
2008 2042 2221 2081 mecum

2328 2023 2760 2088 ἀποπλύνασθαι,
2787 2026 2901 2079 ἀλλ’
2938 2028 3254 2104 ἐστιγμένον
3274 2023 3414 2079 εἶναι
3440 2029 3563 2089 ταῖς
3591 2028 3883 2097 ἁμαρτίαις.

651 2125 1038 2198 pertraxerim.
1103 2123 1187 2179 Me
1240 2124 1528 2186 miserum,
1594 2120 1688 2191 qui
1744 2120 2010 2173 vitiorum
2072 2119 2224 2173 labes

640 2234 765 2272 non
807 2217 1061 2280 eluerim,
1105 2215 1201 2270 sed
1233 2214 1537 2270 sceleribus
1570 2228 1670 2266 ceu
1705 2212 1853 2267 notis
1889 2210 2223 2280 quibusdam

651 2311 1095 2381 compunxerim.
1161 2306 1320 2362 Nunc
1375 2320 1553 2361 essent
1608 2319 1733 2357 eum
1790 2302 2025 2372 angelis.
2084 2318 2229 2356 nunc

660 2400 1194 2458 coelestibusbonis
1241 2412 1364 2452 cum
1420 2398 1704 2465 voluptate
1750 2393 1983 2448 fruerer.
2017 2391 2076 2446 =0
2124 2393 2230 2445 im—

650 2495 823 2564 proba
861 2492 1134 2547 consilia!
1168 2498 1412 2559 .prOpter
1451 2488 1667 2541 brevem
1711 2483 1923 2554 peccati
1964 2482 2223 2553 jucundi-

652 2595 821 2639 tatem
884 2582 1242 2653 sempiternis
1308 2578 1649 2633 cruciatibus
1708 2575 1932 2629 alliciar.
1994 2572 2224 2642 Propter

651 2677 837 2733 carnis
868 2678 1203 2744 voluptatem
1252 2673 1365 2743 igni
1416 2669 1628 2725 trador.
1681 2667 1897 2722 Iustum
1946 2667 2037 2719 Dei
2068 2664 2223 2735 ,judi-

654 2773 805 2826 cium
835 2777 942 2826 est.
975 2767 1250 2829 Vocabar,
1285 2778 1387 2819 nec
1424 2761 1792 2831 obsequehar.
1826 2757 2093 2820 Docebar,
2124 2770 2223 2810 nec

2322 2113 2436 2165 Νῦν
2467 2113 2532 2167 ἂν
2557 2115 2703 2185 ἥμην
2735 2115 2873 2186 μετά
2918 2117 3027 2169 τῶν
3057 2116 3303 2186 ἀγγέλων
3324 2134 3337 2147 ·
3370 2116 3465 2169 νῦν
3511 2119 3582 2170 ἂν
3609 2121 3723 2181 τοῖς
3750 2119 3885 2187 clpa-

2323 2206 2458 2267 νίοις
2498 2207 2724 2274 ἀγαθοῖς
2775 2210 3111 2281 ἐνετρύφων.
3147 2211 3214 2263 Ὤ
3251 2210 3362 2263 τῶν
3389 2210 3648 2280 πονηρῶν
3685 2211 3882 2279 βούλευε

2338 2298 2557 2367 μάτωνί
2590 2299 2680 2352 διὰ
2710 2300 3045 2371 πρόσκαιρον
3068 2303 3343 2376 ἁμαρτίας
3378 2304 3685 2357 ἀπόλαυσιν
3712 2304 3883 2357 ἀθάνα-

2325 2405 2393 2441 τα
2433 2388 2816 2463 βασανίζομαι.
2849 2394 2927 2447 Δι’
2953 2395 3144 2468 ἡδονὴν
3185 2397 3386 2468 σαρκὸς
3410 2436 3425 2460 ,
3459 2396 3540 2466 τῷ
3568 2398 3704 2466 πυρὶ
3732 2414 3882 2464 παρσ-

2327 2481 2571 2554 δίδομαι*
2600 2485 2779 2541 δικαία
2802 2491 2834 2555 ἡ
2865 2490 3047 2559 κρίσις
3082 2491 3175 2545 τοῦ
3208 2491 3363 2545 Θεοῦ.
3413 2491 3775 2560 Ἔκαλούμην,
3806 2492 3883 2542 καὶ

2328 2575 2427 2644 οὐχ
2454 2576 2745 2647 ὑπήκουον.
2804 2582 3219 2655 Ἐδιδασκόμην,
3259 2584 3353 2637 καὶ
3396 2585 3460 2637 ού
3493 2586 3881 2653 προέχονΑιε-

2331 2669 2683 2741 μαρτύραντό
2714 2691 2826 2740 μοι,
2873 2676 2984 2743 ἐγὼ
3024 2676 3080 2729 δὲ
3120 2678 3453 2745 κατεγέλων.
3501 2677 3690 2731 Ταῦτα
3718 2678 3801 2731 καὶ
3828 2677 3883 2727 τὰ

2328 2762 2552 2816 τοιαῦτα
2583 2766 2727 2835 ἐρεῖς
2759 2768 3212 2840 ἀποκλαιόμενος,
3234 2772 3331 2825 ἐὰν
3358 2772 3835 2842 προαναρπασθῇςο

652 2863 897 2915 animum
942 2858 1294 2929 adjiciebam.
1345 2842 1810 2909 Contestabantur
1848 2849 2003 2913 mihi,
2039 2856 2094 2904 et
2124 2863 2224 2919 ego
2265 2846 2591 2910 irridebam.
2625 2856 2750 2914 Haec
2784 2860 3004 2932 aliaque
3034 2862 3087 2916 id
3116 2879 3292 2935 genus
3374 2865 3553 2929 dices,
3622 2864 3882 2917 calamita-

652 2966 758 3010 tem
792 2967 939 3008 tttam
972 2953 1295 3022 deplorans,
1340 2949 1386 3004 si
1421 2955 1597 3002 morte
1616 2956 1926 3017 praereptus
1957 2944 2089 2998 eris.

727 3046 867 3101 Ibid.
896 3075 968 3086 —-
994 3044 1210 3099 Peccati
1249 3042 1467 3096 labores
1516 3040 1777 3110 gehennae
1828 3039 2005 3093 durus
2029 3044 2092 3092 et
2119 3033 2225 3088 tri-

634 3142 757 3194 -stis
787 3138 946 3192 labor
983 3142 1287 3205 exspectat.

726 3228 870 3282 Ibid.
903 3226 1125 3281 ——Mihi
1180 3226 1258 3280 tui
1296 3238 1464 3279 causa
1498 3222 1727 3277 fundere
1752 3221 2225 3293 lacrymas'subit,

630 3335 687 3375 ιο
716 3323 904 3383 homo,
935 3333 1060 3373 cum
1101 3327 1152 3373 te
1182 3331 1350 3386 opera
1401 3315 1686 3370 dedecoris
1738 3330 1950 3385 magna:
1987 3312 2079 3369 Dei
2112 3314 2229 3382 glo-

2405 3037 2545 3103 Τοὺς
2567 3040 2670 3110 τῆς
2703 3042 2978 3115 ἁμαρτίας
3001 3044 3282 3114 καμάτους
3307 3044 3368 3098 τὸ
3400 3047 3501 3116 τῆς
3526 3044 3750 3115 γεέννης

2328 3143 2495 3181 στονον
2524 3130 2619 3184 καὶ
2652 3132 2974 3204 σκυθρωπὸν
2995 3136 3275 3205 ἀναμένει.

2416 3221 2569 3292 Ἐμοὶ
2603 3222 2702 3292 μὲν
2734 3224 2992 3296 δακρύειν
3024 3226 3318 3297 ἐπέρχεται
3369 3226 3463 3280 ἐπὶ
3503 3226 3589 3293 σὲ,
3631 3226 3882 3297 ἄνθρωπε.

2324 3312 2459 3366 ὅταν
2490 3314 2803 3387 ἐνθυμηθῶ,
2843 3319 2926 3370 ὅτι
2951 3319 3017 3372 τὰ
3042 3318 3178 3389 ἔργα
3207 3318 3309 3389 τῆς
3338 3318 3611 3389 αἰσχύνης
3636 3323 3884 3389 προτιμᾷς

654 3414 750 3468 riae
776 3411 1069 3467 anteferre
1098 3410 1281 3473 video,
1329 3418 1384 3464 et
1429 3407 1558 3461 dum
1592 3417 1811 3479 propter
1855 3409 2224 3477 intemperan-

2333 3403 2432 3472 τῆς
2473 3404 2713 3475 μεγάλης
2745 3405 2901 3476 δόξης
2924 3407 3021 3460 τοῦ
3051 3407 3213 3472 Θεοῦ,
3251 3410 3345 3462 καὶ
3378 3409 3466 3461 διὰ
3494 3409 3558 3462 τὸ
3591 3410 3692 3479 τῆς
3715 3410 3883 3462 ἀκολα-

631 3508 745 3561 ‘tia:
780 3508 1129 3570 suavitatem,
1152 3504 1240 3557 vix
1271 3517 1334 3558 ac
1364 3518 1431 3556 ne
1458 3502 1551 3555 vix
1580 3501 1801 3571 quidem
1836 3500 2025 3555 divelli
2047 3516 2075 3554 a
2101 3515 2227 3570 pec-

654 3599 798 3653 catis
848 3605 1021 3667 potes,
1070 3604 1123 3650 te
1175 3596 1291 3665 ipse
1344 3610 1375 3647 a
1411 3593 1569 3647 honis
1623 3593 1913 3662 promissis
1959 3592 2226 3656 excludis,

630 3708 725 3747 ~ne
761 3690 956 3744 videas
992 3685 1498 3745 bonaJerusalem.
1553 3684 1668 3737 lllic
1707 3683 1985 3755 myriades
2013 3685 2231 3753 angelo-

650 3799 799 3847 rum,
878 3780 1368 3851 primogenitorum
1436 3777 1752 3838 celebritas,
1830 3776 2225 3846 Apostolorum

625 3872 857 3936 'throni,
888 3872 1150 3927 subsellia
1183 3869 1597 3940 prophetarum,
1637 3878 1854 3937 sceptra
1891 3865 2230 3936 patriarcha-

651 3980 796 4027 rum,
845 3974 1148 4033 martyrum
1224 3974 1468 4019 coronte,
1518 3957 1793 4026 justorum
1833 3956 2127 4026 pratconia.
2168 3955 2225 4009 In

649 4056 846 4109 borum
880 4066 1169 4108 numerum
1194 4050 1439 4120 c00ptari
1469 4048 1574 4111 fac,
1600 4063 1808 4117 quaeso,
1839 4048 2222 4117 concupiscas,

649 4146 873 4199 ablutus
934 4145 1225 4203 nimirum,
1282 4150 1336 4194 et
1371 4156 1467 4209 per
1512 4140 1705 4209 gratiae
1752 4137 1960 4192 Christi
2004 4136 2225 4191 donum

650 4239 1003 4291 sanctitatem
1041 4242 1401 4286 consecutus.

723 4324 865 4379 Ibid.
889 4354 958 4364 —
988 4323 1033 4378 Ο
1066 4325 1252 4387 homo,
1304 4332 1395 4375 aut
1427 4319 1734 4389 gehennam
1776 4319 1930 4385 time,
1977 4328 2072 4373 aut
2111 4320 2225 4375 adi-

630 4418 912 4489 piscendo
940 4415 1105 4487 339
1154 4430 1320 4487 regno
1367 4414 1546 4471 stude.
1593 4412 1672 4469 Ne
1703 4414 2041 4469 vocationem
2074 4422 2223 4469 tuam

648 4507 983 4577 asperneris.

722 4598 865 4653 Naz.
921 4606 1061 4652 orat.
1110 4596 1197 4651 15.
1220 4593 1628 4666 —Promptum
1656 4601 1711 4649 et
1734 4592 1995 4665 proclive
2027 4594 2220 4648 vitium

628 4699 756 4753 est,
792 4690 958 4744 etiam
986 4687 1141 4743 nullo
1171 4688 1444 4742 trahente.

2336 3497 2457 3558 σίας
2490 3497 2585 3566 ἡδὺ
2606 3497 3074 3563 δυσαποσπάστως
3096 3500 3233 3570 ἔχων
3267 3502 3362 3572 τῆς
3396 3503 3696 3572 ἁμαρτίας,
3722 3502 3817 3555 τῶν
3837 3503 3880 3552 ὲν

2335 3588 2688 3656 ἐπαγγελίαις
2727 3592 2950 3660 ἀγαθῶν
2994 3595 3222 3646 σεαυτὸν
3258 3595 3598 3661 ἀποκλείεις,
3652 3597 3727 3664 μὴ
3780 3595 3879 3646 legs,

2334 3680 2513 3748 ἀγαθά
2558 3683 2657 3750 τῆς
2716 3684 3095 3755 Ἰερουσαλήμ.
3141 3686 3289 3738 Ἐκεῖ
3320 3687 3572 3753 ἀγγέλων
3627 3688 3875 3755 μυρτίδες.

2334 3773 2698 3841 πρωτοτόκων
2738 3778 3069 3847 πανήγυρις,
3099 3779 3412 3831 ἀποστόλων
3446 3778 3651 3847 θρόνοι,
3702 3796 3875 3849 προςη-

2332 3861 2441 3914 τῶν
2492 3864 2810 3934 προεδρίαι,
2863 3868 3119 3937 σκῆπτρα
3171 3869 3526 3939 πατριαρχῶν
3556 3910 3571 3932 ,
3616 3871 3875 3939 μαρτύρων

2335 3955 2610 4025 στέφανοι,
2633 3957 3117 4013 δικαίων-ἔπαινοι.
3140 3960 3364 4023 Τούτοις
3388 3961 3617 4013 σεαυτὸν
3641 3960 3874 4028 ὲπιθύμη·

2333 4066 2424 4103 σον
2455 4052 2957 4122 συναριθμηοῆναι,
2995 4044 3589 4123 ἀπολουσάμενοςξικαὶ
3624 4053 3871 4119 ἀγιασθετς

2332 4144 2471 4197 κατά
2500 4145 2597 4214 τὴν
2618 4145 2824 4216 δωρεάν
2855 4146 2947 4200 τοῦ
2975 4146 3235 4218 Χριστοῦ.

2404 4324 2713 4395 Ἄνθρωπε,
2752 4326 2783 4397 ἢ
2813 4326 2914 4398 τὴν
2942 4328 3169 4396 γέενναν
3216 4327 3509 4398 φοϐήθητι,
3543 4329 3577 4398 ἦ
3606 4331 3702 4399 τῆς
3745 4327 3869 4397 gon.

2329 4413 2479 4480 λείας
2508 4417 2914 4488 ἀντιποιήθητι.
2950 4421 3042 4491 Μὴ
3074 4421 3352 4493 ἀτιμάσῃς
3389 4422 3490 4491 τὴν
3515 4422 3724 4493 κλῆσιν.

2403 4594 2703 4665 Πρόχειρον
2733 4595 2766 4666 ἡ
2799 4595 2993 4662 κακία,
3023 4596 3116 4649 καὶ
3141 4596 3262 4668 δίχα
3291 4597 3386 4650 τοῦ
3418 4598 3693 4663 ἕλκοντος.

723 4778 910 4833 Solers
947 4778 1013 4832 ad
1051 4775 1385 4831 invenienda
1422 4776 1581 4830 mala
1628 4783 1714 4831 est
1739 4775 2014 4845 impietas,
2059 4785 2223 4847 atque

2400 4779 2631 4849 Εὑρετὶς
2653 4781 2839 4834 κακῶν
2872 4782 2904 4851 ἠ
2943 4778 3193 4842 ἀσέϐεια,
3219 4778 3314 4833 καὶ
3354 4779 3478 4831 λίαν
3504 4778 3773 4849 τολμηρὸν
3808 4777 3865 4835 είς

647 4872 716 4925 ad
763 4870 1190 4941 aggrediendum
1252 4870 1459 4939 aliquid
1515 4870 1653 4925 mire
1725 4869 1927 4925 audax.
1980 4870 2047 4924 Et
2094 4887 2222 4926 vero

648 4980 887 5035 quonam
944 4971 1103 5034 pacto
1156 4964 1475 5018 hominibus
1528 4971 1842 5035 parcerent,
1897 4964 1994 5034 qui
2024 4964 2223 5019 Deitati

648 5072 755 5109 non
795 5052 1202 5123 pepercerunt?

721 5143 888 5213 Nyss.
947 5143 1004 5195 in
1051 5150 1194 5195 orat.
1250 5139 1652 5195 Dom—Hoc
1708 5140 1948 5212 primum
2001 5140 2226 5215 nomine

635 5238 814 5291 'iiomo
862 5250 923 5289 se
966 5233 1179 5287 luendae
1226 5248 1401 5302 paena:
1443 5234 1744 5287 obnoxium
1786 5232 1907 5287 Deo
1958 5231 2223 5298 reddidit,

649 5325 791 5396 quod
832 5340 862 5377 a
894 5323 1155 5377 Creatore
1206 5339 1307 5378 suo
1342 5324 1597 5389 descivit,
1650 5332 1703 5376 et
1735 5323 1802 5376 ad
1837 5322 2217 5376 adversarium

648 5415 970 5482 transfugit.
1021 5413 1231 5469 Etenim
1283 5431 1312 5469 a
1373 5414 1615 5469 naturali
1672 5413 1898 5469 domino
1959 5412 2223 5483 profugit,

651 5506 941 5574 factusque
971 5516 1056 5560 est
1101 5515 1375 5576 apostata.
1425 5506 1632 5561 Deinde
1680 5522 1833 5571 vero,
1882 5506 2010 5577 quia
2047 5507 2223 5575 pessi-

654 5613 801 5649 mam
852 5598 1061 5667 peccati
1108 5600 1429 5653 servitutem
1486 5599 1742 5654 libertate
1796 5614 1898 5654 sua
1955 5600 2222 5669 potiorem

654 5690 866 5757 habuit,
903 5693 1189 5763 satiusque
1220 5693 1378 5747 duxit
1412 5691 1481 5747 ab
1510 5694 1742 5750 exitiosa
1776 5694 1991 5767 tyranni
2018 5702 2215 5765 poten-

647 5778 733 5835 tia
764 5783 1026 5853 opprimi,
1058 5800 1224 5855 quam
1248 5782 1368 5841 Deo
1404 5785 1632 5842 servire.

2332 4872 2671 4943 ἐγχείρησιν.
2713 4872 2837 4935 Πῶς
2874 4870 2931 4923 δὲ
2978 4871 3284 4943 ἀνθρώπων
3330 4871 3569 4942 ἧμελλον
3606 4869 3862 4941 φείδεσθαι,

2331 4965 2380 5017 οἱ
2416 4965 2668 5037 θεότητος
2706 4966 2782 5037 μὴ
2824 4965 3179 5035 φεισάμενοι;

2403 5144 2636 5217 Πρώτην
2684 5145 2903 5215 ὥφλησε
2937 5146 3210 5216 τιμωρίαν
3250 5147 3279 5198 ό
3306 5144 3599 5216 ἄνθρωπος
3649 5144 3723 5213 τῷ
3758 5140 3863 5205 Θεῷη

2333 5235 2417 5287 ὅτι
2445 5235 2755 5304 ἀπέστησεν
2784 5236 2974 5289 ἐαυτὸν
3008 5234 3102 5288 τοῦ
3143 5236 3490 5305 ποιήσαντος,
3525 5237 3624 5287 καὶ
3654 5235 3777 5304 πρὸς
3801 5231 3867 5282 τὸν

2334 5328 2574 5379 ἐναντίου
2598 5327 3075 5397 ἀπηυτομόλησεν,
3108 5327 3390 5398 δραπέτης
3434 5327 3532 5380 τοῦ
3570 5329 3708 5379 κατὰ
3740 5324 3867 5392 φύσιν

2334 5420 2630 5480 Δεσπότου,
2661 5422 2758 5472 καὶ
2807 5420 3122 5491 ἀποστάτης
3148 5421 3465 5491 γενόμενος.
3510 5421 3773 5488 Δευτέραν
3810 5415 3866 5476 δὲ,

2334 5510 2417 5562 ὅτι
2446 5510 2546 5580 τὴν
2592 5510 2835 5579 πονηρὰν
2872 5513 2971 5580 τῆς
3022 5512 3295 5582 ἁμαρτίας
3346 5511 3596 5564 δουλείαν
3644 5509 3757 5561 ἀντὶ
3789 5505 3865 5570 τῆς

2336 5600 2684 5666 αύτεξουσίου
2728 5600 3043 5671 ἐλευθερίας
3085 5601 3375 5672 ἠλλάξατο,
3410 5602 3504 5654 καὶ
3535 5598 3865 5669 προετίμησεν

2335 5691 2428 5746 τοῦ
2470 5690 2741 5745 δουλεύειν
2768 5692 2888 5763 Θεῷ
2914 5693 2974 5745 τὸ
3020 5693 3403 5765 τυραννεῖσθαι
3460 5693 3571 5747 ἀπὸ
3608 5691 3701 5761 τῆς
3731 5699 3868 5740 καῖεν

2339 5784 2669 5857 φθειρούσης
2694 5786 2992 5856 δυνάμεως.
