4024 6460
193 431 313 499 1165
1415 436 1653 496 SACRA
1688 433 2157 494 PARALLELA.
3259 443 3396 511 “65

254 552 315 604 'H
341 548 431 605 τοῦ
457 547 629 605 κακοῦ
658 548 867 614 στάσις,
895 549 1036 621 ἀρχὴ
1060 550 1160 622 τῆς
1187 548 1329 604 κατά
1354 547 1555 621 ἀρετήν
1582 549 1723 601 ἐστιν

1903 544 2091 613 Ejusd.
2136 546 2213 602 De
2262 549 2581 618 perfectione
2614 552 2753 606 vitae.
2785 583 2853 595 -—-
2885 552 3116 612 Cessare
3164 572 3195 613 a
3243 560 3389 614 malo

184 647 362 715 ὁρμῆς.
1828 638 2235 706 progressionis
2268 641 2334 694 ad
2366 642 2626 697 virtutem
2653 644 2868 700 initium
2907 658 3011 702 est.

244 737 349 790 Ούκ
375 735 519 789 ἔστιν
552 734 684 806 ἄλλη
719 753 802 799 τις
830 734 924 789 τοῦ
958 732 1130 789 κακοῦ
1153 735 1473 802 ὑπόστασις,
1507 734 1557 787 εί
1593 731 1669 805 μὴ
1697 732 1727 786 ὁ

184 824 440 899 χωρισμὸς
473 826 566 880 τοῦ
597 826 803 896 ἀγαθοῦ
843 827 936 881 καὶ
975 827 1303 899 κρείττονος.

180 919 313 972 --Ἦ
349 920 611 991 ἁμαρτία,
641 920 746 985 ἓως
781 921 879 992 μὲν
914 920 979 974 ἂν
1029 920 1297 983 ὠδίνεται,
1326 917 1439 991 ἔχει
1477 917 1600 972 τινὰ
1640 918 1727 972 αί-

182 1012 391 1085 σχύνην.
424 1013 674 1068 Ἐπειδὰν
699 1014 756 1068 δὲ
784 1012 1036 1085 τελεσθῇ,
1063 1013 1186 1068 τότε
1213 1010 1726 1083 ἀναισχυντοτέρους

178 1108 312 1160 ποιεῖ
337 1107 459 1171 τοὺς
488 1106 894 1178 ἐργαζομένους
922 1106 1114 1161 αύτίιν.

1899 729 2091 798 Ejusd.
2125 731 2180 785 in
2208 730 2683 791 Cantia—Nulla
2724 738 2831 792 alia
2884 739 3013 793 mali
3061 740 3392 801 substantia.

1830 835 1926 878 seu
1964 814 2159 877 natura
2191 832 2297 891 est,
2326 838 2687 900 praeterquam
2719 831 2986 888 discessio
3009 847 3039 887 a
3076 833 3241 888 bono.

1902 913 2093 985 Chrys.
2125 918 2179 970 in
2205 921 2324 974 Act.
2367 930 2541 989 apart.
2565 948 2636 962 —-
2657 921 2975 989 Peccatum,
2999 925 3126 980 dum
3158 925 3390 994 paritur.

1829 1008 2057 1076 pudoris
2090 1010 2301 1080 aliquid
2334 1011 2653 1082 adiunctum
2687 1015 2850 1071 habet
2883 1034 2897 1072 :
2934 1033 3057 1071 cum
3088 1026 3271 1072 autem
3300 1019 3394 1070 acl-

1831 1101 2060 1157 missum
2094 1115 2199 1170 esr,
2243 1120 2340 1160 eos
2380 1105 2476 1177 qui
2543 1105 2911 1176 admiserunt,
2961 1108 3393 1179 impudentiorcs

1831 1190 2036 1245 reddit.

1903 1282 2177 1353 Ejusdem.
2229 1315 2300 1326 —
2347 1285 2466 1342 Non
2497 1287 2683 1359 amigi,
2735 1289 2831 1344 sed
2888 1305 3136 1360 peccare,
3188 1290 3395 1345 malum

1831 1384 1933 1430 est.
1968 1373 2205 1447 Haecque
2234 1378 2419 1449 gravis
2449 1380 2674 1435 atllictio
2702 1388 2806 1435 est.

1905 1466 2166 1536 Ejusdem
2197 1481 2244 1524 ι.
2273 1499 2343 1509 —
2372 1468 2490 1526 Non
2527 1472 2606 1527 illi
2651 1472 2938 1536 duntaxat,
2998 1472 3089 1543 qui
3134 1472 3300 1544 impie
3339 1487 3400 1526 se

1832 1571 2053 1630 gerunt,
2108 1561 2203 1617 sed
2252 1570 2307 1617 et
2334 1577 2497 1632 poena
2528 1564 2719 1619 eadem
2760 1565 3104 1635 plectuntur,
3139 1565 3233 1636 qui
3270 1580 3396 1619 cum

241 1286 310 1341 Ού
354 1285 413 1340 τὸ
443 1286 719 1342 θλίϐεσθαι
748 1287 938 1353 κακὸν,
971 1286 1109 1343 ἀλλά
1148 1286 1208 1342 τὸ
1253 1286 1588 1361 ἁμαρτάνειν
1626 1301 1728 1339 κα-

175 1378 284 1432 κόν.
320 1378 383 1431 Ἥ
407 1377 615 1449 χαλεπὴ
639 1377 816 1448 θλίψις
842 1378 999 1431 τοῦτό
1027 1378 1197 1432 ἐστιν.

242 1470 347 1542 Ούχ
386 1472 435 1523 οἱ
484 1470 805 1535 ἀσεϐοῦντες
858 1471 1040 1541 μόνον,
1073 1470 1208 1525 ἀλλά
1236 1469 1329 1523 καὶ
1362 1470 1411 1523 oi
1440 1468 1726 1541 δυνάμενοι

177 1562 272 1633 μὲν
301 1565 601 1632 ἀπαγαγεῖν
656 1563 755 1633 τῆς
785 1563 1064 1629 ἀσεϐείας,
1093 1563 1166 1634 μὴ
1207 1561 1520 1632 βουλόμενοι
1547 1561 1624 1627 δὲ,
1658 1559 1727 1614 δι’

171 1658 323 1712 δκνον
351 1657 383 1728 ἢ
414 1657 502 1711 διὰ
529 1655 780 1722 νωθείαν,
811 1656 1013 1730 ὁμοίως
1044 1654 1386 1721 κολάζονται.

236 1838 326 1909 Μὴ
361 1837 637 1910 προσεύξῃ
687 1837 816 1910 περὶ
863 1836 957 1891 τοῦ
991 1836 1121 1890 λαοῦ
1154 1836 1372 1903 τούτου,
1419 1834 1558 1906 φησὶ
1590 1835 1729 1904 πρὸς

1833 1652 1973 1707 alios
2041 1653 2109 1707 ab
2191 1653 2476 1726 impietate
2556 1665 2764 1727 queant
2827 1658 3127 1723 abducere.
3187 1659 3259 1714 ob
3309 1674 3397 1715 sc-

1833 1743 2059 1814 gnitiem
2090 1751 2273 1799 tamen
2305 1753 2361 1799 et
2396 1746 2705 1802 socordiam
2738 1747 2790 1801 id
2834 1747 3017 1803 facere
3047 1757 3328 1805 recusant.

1905 1836 2181 1904 Ejusdem.
2212 1835 2385 1893 —-Ne
2430 1854 2594 1910 roges
2633 1853 2735 1909 pro
2780 1840 2987 1911 populo
3033 1840 3160 1903 hoc,
3191 1840 3396 1910 inquit.

177 1931 443 2003 Ἰερεμίαν
474 1931 502 1983 ό
534 1929 689 1992 Θεὸς,
712 1929 793 1983 ὃτι
820 1928 915 1983 ὲάν
935 1933 1033 2000 στῇ
1063 1929 1305 1999 Μωῦσῆς
1334 1928 1430 1982 καὶ
1451 1926 1722 1998 Σαμουὴλ,

1827 1925 1971 1983 Deus
2020 1926 2091 1981 ad
2135 1926 2789 1999 Jeremiam:quoniam,
2847 1929 2895 1985 si
2943 1932 3205 1986 steterint
3249 1930 3399 2001 Moy-

166 2024 267 2077 ούκ
299 2022 685 2093 είσακούσομαι
717 2022 916 2077 αὐτῶν.
949 2021 1135 2087 Οῦτως
1160 2023 1308 2075 ἐστὶν
1347 2020 1724 2091 ἁμαρτήματα

166 2115 343 2167 πᾶσαν
370 2113 767 2185 ὑπερϐαίνοντα
799 2110 1149 2185 συγγνώμην,
1178 2112 1274 2166 καὶ
1295 2110 1595 2180 ἀπολογίας
1628 2127 1724 2163 τυ-

165 2209 283 2279 χεῖν
312 2206 370 2259 ού
398 2206 691 2275 δυνάμενα.

233 2300 307 2352 Τὸ
333 2298 768 2369 ἀνεπισκόπητον
799 2297 894 2352 καὶ
935 2297 1273 2369 ἀπρονόητον
1301 2294 1725 2366 ὲγκατελειφθῆ-

161 2411 250 2446 ναι
278 2392 378 2446 ύπὸ
414 2391 510 2446 τοῦ
541 2391 696 2454 Θεοῦ,
733 2392 954 2446 πάντων
984 2389 1399 2460 ὀλεθριώτατον,
1429 2390 1524 2443 καὶ
1567 2390 1601 2459 ἡ
1631 2387 1724 2441 ἐπὶ

160 2486 277 2547 τοῖς
300 2484 575 2554 μεγίστοις
600 2483 903 2552 ἀδικήμασι
937 2482 1171 2554 μεγίστη
1198 2482 1437 2553 τιμωρία
1471 2480 1633 2550 αῦτη,
1662 2477 1725 2533 τὸ

162 2577 369 2644 ἔρημον
402 2574 497 2627 καὶ
553 2573 786 2644 ὀρφανὸν
840 2570 1095 2640 γενέσθαι
1148 2573 1293 2624 ποιεῖ
1331 2569 1487 2624 Θεοῦ.
1526 2571 1585 2623 Ὀ
1615 2567 1724 2638 γὰρ

160 2667 310 2732 ξένος
330 2664 423 2719 τοῦ
466 2664 662 2735 βοηθοῦ
718 2664 813 2717 καὶ
845 2663 1097 2733 Σωτῆρος
1133 2663 1448 2733 γενόμενος,
1481 2661 1587 2714 ύπὸ
1612 2661 1724 2723 τοῖς

156 2758 373 2830 ἐχθροῖς
400 2758 493 2811 καὶ
523 2759 635 2820 τοῖς
665 2756 889 2829 λῃσταῖς
918 2755 1083 2820 εὐθύς
1109 2757 1277 2809 ἔστιν.

225 2848 361 2905 Εἶτα
390 2850 641 2920 βασιλεὺς
674 2850 773 2917 μὲν
798 2849 1036 2918 ἐπίγειος
1067 2846 1383 2902 πιστεύεται
1408 2841 1569 2910 εἶναι,
1599 2842 1723 2899 καί·

158 2960 275 3014 περ
305 2944 379 3014 μὴ
407 2945 539 2997 πᾶσι
565 2943 896 3014 βλεπόμενος
922 2956 936 2971 ’
966 2941 1055 2998 διὰ
1091 2942 1148 2995 δὲ
1181 2942 1386 3011 νόμων,
1419 2943 1511 2994 καὶ
1540 2939 1725 2994 διατά-

154 3034 297 3101 ξεων
326 3034 511 3099 αὐτοῦ,
539 3035 633 3088 καὶ
666 3033 946 3099 ἐξουσιῶν,
985 3034 1083 3089 καὶ
1118 3033 1427 3104 δυνάμεων,
1462 3034 1556 3086 καὶ
1581 3033 1723 3085 είκόο

152 3142 264 3177 νων
294 3125 512 3189 νοεῖται,
540 3123 630 3176 τὸν
656 3123 714 3177 δὲ
734 3123 867 3177 Θεὸν
889 3123 948 3177 ού
977 3122 1157 3194 βούλει
1188 3122 1423 3177 νοεῖσθαι
1450 3121 1516 3175 δι’
1546 3121 1724 3194 ἔργων

152 3215 252 3267 καὶ
274 3214 576 3282 δυνάμεων.
1116 3210 1119 3213 ’

224 3305 302 3359 Ού
327 3305 420 3358 τὸν
454 3304 583 3357 Θεὸν
609 3304 882 3375 βλάψομεν
902 3303 1221 3373 ἀγνοοῦντες
1249 3302 1434 3372 αὐτὸν,
1455 3302 1569 3357 ἀλλ’
1598 3304 1723 3356 ἑαυ-

146 3400 284 3463 τοὺς
314 3399 761 3470 ἀποστερήσομεν
791 3398 890 3469 τῆς
918 3395 1080 3451 αὑτοῦ
1118 3397 1318 3465 φιλίας.

222 3581 495 3635 υύδὲποτε
522 3580 735 3651 αἵρεσις
756 3578 854 3650 τὴν
908 3577 1238 3650 Ἐκκλησίαν
1276 3578 1547 3649 ἐνίκησεν,
1585 3579 1723 3634 ἀλλὰ

144 3673 239 3726 ἀεὶ
298 3672 570 3742 μαίνεται,
618 3671 712 3725 καὶ
746 3672 865 3726 κατ’
900 3671 1081 3742 ὀλίγον
1135 3671 1477 3743 προελθοῦσα
1519 3671 1722 3737 εὐθέως

140 3763 361 3817 λύεται.

219 3857 436 3927 Ὥσπερ
464 3855 735 3926 ὀφθαλμὸς
761 3855 1188 3926 τεταραγμένος,
1227 3854 1371 3909 οῦτω
1394 3855 1490 3908 καὶ
1514 3856 1547 3925 ἡ
1572 3853 1717 3924 ψυχὴ

135 3950 264 4009 τοῖς
291 3948 439 4017 παρά
471 3947 631 4017 φύσιν
662 3948 960 4001 θολωθεϊσα
993 3946 1281 4017 δόγμασιν,
1313 3948 1412 4018 ούχ
1444 3941 1534 4000 οἷά
1569 3962 1629 3999 τε
1656 3946 1719 3999 τὸ

134 4037 270 4106 φῶς
304 4037 405 4107 τῆς
433 4038 689 4109 ἀληθείας
717 4038 939 4092 διιδέναι
963 4038 1232 4111 ἀκριϐῶς,
1256 4038 1393 4093 ἀλλά
1431 4039 1525 4091 καὶ
1548 4036 1616 4090 τὰ
1659 4037 1719 4089 ὲν

135 4128 286 4183 ποσὶ
320 4130 554 4200 παρορᾷ.
593 4130 683 4183 Ἐν
720 4125 813 4183 οῦν
855 4128 1061 4200 θολερῷ
1089 4127 1266 4192 ὕδατι,
1297 4126 1513 4193 καὶτὰς
1561 4125 1720 4197 ἐγχέ-

129 4219 197 4273 λε
210 4238 263 4284 ις
302 4221 621 4275 ἁλίσκεσθαι
655 4238 820 4291 φασιν
848 4220 1359 4292 ἀποτυφλουμένας.

213 4399 506 4472 Κρείττων
566 4400 867 4475 εὐημερίας
914 4398 1248 4472 ἀχαλινώτου
1302 4400 1456 4466 νόσος
1500 4401 1718 4472 φιλόσο-

126 4512 274 4564 ’Ῥος.

1824 2035 1915 2076 ses
1944 2029 2000 2075 et
2034 2019 2277 2086 Samuel,
2314 2036 2425 2076 non
2475 2022 2768 2077 exaudiam
2799 2036 2919 2077 eos.
2968 2021 3050 2077 Ex
3081 2039 3194 2092 quo
3238 2023 3402 2078 intel-

1824 2113 1920 2184 ligi
1953 2113 2138 2176 datur,
2170 2120 2396 2185 peccata
2440 2114 2690 2182 quaedam
2736 2130 2865 2171 esse
2903 2130 3027 2185 qua:
3054 2114 3271 2170 veniam
3304 2130 3399 2171 ex-

1824 2204 2042 2268 cedant,
2081 2218 2183 2259 nec
2206 2205 2623 2260 excusationem
2646 2206 2811 2260 ullam
2833 2206 3099 2276 consequi
3132 2207 3351 2276 possint
3370 2239 3383 2256 .

1892 2294 2052 2348 Dion.
2084 2296 2239 2351 Alex.
2274 2326 2341 2337 -—
2362 2295 2511 2352 Nihil
2552 2299 2848 2354 exitiosius
2884 2308 2989 2365 est,
3019 2314 3188 2369 quam
3217 2314 3248 2353 a
3282 2297 3399 2354 Deo

1826 2386 1899 2443 ita
1950 2389 2156 2458 deseri,
2210 2397 2270 2446 ut
2318 2406 2424 2446 nec
2468 2399 2660 2446 nostra
2711 2392 3041 2462 prospiciat,
3091 2406 3198 2446 nec
3236 2389 3398 2445 nobis

1825 2481 2113 2551 provideat
2149 2500 2163 2537 :
2202 2492 2256 2537 et
2295 2482 2524 2553 gravius
2575 2484 2912 2553 supplicium
2963 2484 3034 2538 ob
3066 2483 3398 2554 gravissima

1827 2574 2062 2635 scelera,
2117 2574 2221 2630 hoc
2254 2583 2360 2641 est,
2396 2584 2456 2629 ut
2483 2577 2608 2645 quis
2648 2591 2677 2629 a
2715 2575 2826 2631 Deo
2870 2575 3204 2631 dcstituatur
3233 2583 3289 2631 et
3310 2591 3401 2629 or—

1822 2664 2006 2719 betur.
2042 2664 2178 2720 Nam
2210 2669 2304 2737 qui
2335 2666 2429 2722 Dei
2458 2666 2762 2723 Salvatoris
2794 2682 2899 2737 ope
2927 2675 3100 2733 caret,
3134 2667 3227 2721 hic
3266 2682 3401 2721 con-

1823 2755 2006 2812 festim
2048 2758 2152 2812 sub
2185 2758 2427 2813 hostium
2461 2766 2517 2814 et
2552 2759 2873 2828 praedonum
2913 2766 3187 2829 potestate
3230 2765 3336 2814 est.

1896 2848 2189 2919 Theophili.
2214 2879 2281 2891 —-
2302 2850 2451 2905 Itane
2477 2849 2697 2906 tandem
2722 2866 2819 2906 rex
2852 2857 3128 2915 terrenus,
3159 2849 3260 2905 etsi
3299 2849 3403 2903 mi-

1823 2940 1969 2994 nime
1998 2940 2214 2997 videtur
2242 2942 2309 2997 ab
2347 2941 2629 3007 omnibus,
2663 2947 2846 2997 tamen
2882 2956 2999 3011 per'
3021 2938 3172 3012 leges
3200 2948 3256 2996 et
3282 2939 3404 2996 edi-

1825 3040 1933 3093 cta,
1984 3031 2484 3101 auctoritatemque
2538 3038 2595 3085 et
2661 3031 2966 3102 potentiam
3013 3045 3077 3083 ac
3132 3028 3402 3098 imagines

1824 3123 2093 3179 exsistere
2124 3125 2372 3180 creditur
2397 3141 2413 3190 ;
2437 3124 2611 3180 Deum
2655 3138 2793 3179 vero
2821 3139 2887 3178 ex
2919 3120 3183 3194 operibus
3217 3128 3271 3177 et
3303 3136 3402 3192 po-

1827 3215 1999 3271 tentia
2029 3214 2261 3287 intelligi
2305 3232 2414 3271 non
2443 3216 2565 3271 vis?
2974 3199 2992 3211 ’

1896 3307 2123 3362 Justini.
2154 3337 2223 3347 —
2260 3306 2319 3362 Si
2353 3307 2521 3363 Deum
2573 3304 2919 3377 ignoramus,
2953 3320 3062 3360 non
3099 3313 3394 3376 propterea

1827 3397 2007 3469 ipsum
2039 3399 2299 3456 latdemus
2331 3419 2347 3456 :
2391 3402 2487 3457 sed
2521 3401 2640 3471 ejus
2669 3402 2911 3457 amicitia
2942 3416 3045 3456 nos
3074 3400 3178 3472 ipsi
3211 3400 3400 3472 priva-

1827 3486 2028 3543 bimus.

1898 3580 2176 3649 Serapion.
2206 3611 2275 3622 —
2298 3578 2457 3635 Nulla
2492 3596 2731 3651 unquam
2785 3580 3015 3636 haeresis
3046 3581 3116 3636 de
3150 3579 3399 3635 Ecclesia

1828 3671 2221 3742 triumphavit;
2277 3674 2373 3728 sed
2428 3687 2645 3742 semper
2682 3672 2905 3742 quidem
2942 3672 3100 3737 furit,
3152 3683 3207 3728 et
3251 3681 3401 3743 post-

1826 3777 1990 3833 quam
2033 3762 2360 3832 aliquandiu
2410 3777 2700 3832 progressa
2734 3770 2842 3827 est,
2880 3762 3064 3817 statim
3099 3761 3396 3816 evanescit.

1899 3854 2067 3909 Clem.
2116 3854 2276 3908 Alex.
2319 3869 2385 3908 et
2414 3853 2634 3924 Pa'dag.
2659 3851 2920 3909 —Velut
2968 3852 3168 3907 oculus
3209 3851 3399 3906 turba-

1825 3954 1938 4013 tus,
1992 3946 2073 4001 sic
2123 3947 2307 4000 anima
2364 3959 2646 4016 quoquea
2699 3943 3138 4015 repugnantibus
3183 3951 3396 3998 natura:

1826 4038 2067 4095 decretis
2127 4048 2517 4109 conspurcata,
2576 4038 2834 4093 veritatis
2878 4038 3057 4092 lucem
3105 4037 3266 4107 plene
3314 4036 3400 4090 in-

1826 4132 1969 4187 tueri
2018 4146 2126 4185 non
2159 4138 2376 4202 potest;
2413 4140 2473 4185 ut
2513 4146 2635 4200 quas
2669 4146 2771 4186 nec
2800 4145 2864 4186 ea
2893 4145 3017 4196 quae
3050 4129 3211 4184 obvia
3241 4136 3394 4186 sunt.

1826 4234 2036 4279 cernat.
2088 4223 2251 4294 Atqui
2282 4224 2338 4278 in
2390 4223 2610 4279 turbida
2658 4238 2802 4295 aqua
2856 4221 3167 4278 testudines
3228 4219 3393 4275 etiam

1826 4316 2132 4372 obcaecatas
2161 4316 2281 4387 capi
2309 4317 2487 4372 aiunt.

1895 4405 2050 4479 Greg.
2084 4404 2225 4463 Naz.
2249 4436 2322 4449 -—
2346 4405 2628 4462 Eﬂrenata
2667 4406 2973 4478 cupiditate
3009 4404 3239 4462 morbus
3263 4419 3389 4462 cum

1826 4498 2099 4570 sapientia
2130 4496 2463 4568 coniunctus
2491 4498 2842 4569 prestautior
2873 4507 2977 4553 est.

215 4589 288 4641 Οἱ
315 4602 484 4641 πολλα
520 4604 827 4655 πταιοντες,
861 4607 957 4643 και
985 4582 1063 4661 μῆ
1107 4588 1483 4659 κολαζόμενοι,
1537 4589 1719 4659 φοϐεῖς

1898 4589 2148 4662 Chysost.
2175 4618 2247 4634 -—-
2271 4588 2377 4654 Qui
2416 4604 2542 4643 cum
2573 4589 2745 4644 multa
2795 4593 3048 4658 peccent.
3094 4587 3265 4643 nullis
3304 4594 3386 4644 ta-

123 4679 277 4733 σθαι
311 4679 410 4733 καὶ
445 4680 742 4736 δεδοικέναι
773 4682 1099 4751 ὀφείλουσιν.
1128 4682 1370 4747 Αὖξεται
1400 4682 1509 4753 γὰρ
1538 4684 1721 4748 αὐτοῖς

1825 4697 1945 4738 men
1994 4681 2175 4753 poenis
2214 4682 2556 4750 plectuntur,
2591 4680 2645 4734 in
2681 4686 2829 4733 metu
2867 4686 2923 4733 et
2948 4679 3147 4735 timore
3175 4683 3390 4736 versari

114 4772 213 4827 τὰ
246 4774 355 4844 τῆς
382 4774 653 4847 τιμωρίας
683 4775 773 4832 διὰ
803 4775 907 4847 τῆς
941 4776 1324 4848 ἀτιμωρησίας
1360 4776 1455 4829 καὶ
1486 4775 1586 4846 τῆς
1615 4792 1721 4846 μα-

106 4865 463 4939 κροθυμίας
485 4867 580 4921 τοῦ
610 4868 769 4924 Θεοῦ.

210 4960 480 5029 Πέφυκεν
507 4961 737 5025 ἕκαστος
776 4961 888 5016 τῶν
916 4962 1242 5035 κακουργῶν
1275 4962 1486 5034 ἀνδρῶν
1531 4963 1593 5017 τὸ
1636 4964 1719 5017 δί-

105 5070 306 5107 καιον
330 5052 511 5123 λέγων
537 5055 725 5110 κακόν.

206 5236 277 5289 Et
334 5234 506 5304 μηδὲν
542 5234 806 5306 πράττεις
842 5232 1066 5304 φαῦλον,
1105 5233 1271 5305 μηδὲν
1301 5234 1545 5307 φοϐηθῇς
1571 5233 1701 5306 πάμ

94 5346 269 5382 παν.
300 5327 367 5381 Et
400 5327 461 5380 δὲ
484 5327 633 5381 κακὰ
663 5327 890 5399 ἐργάζῃ,
919 5325 1184 5397 φοϐήθητι
1209 5327 1300 5381 τὸν
1328 5327 1561 5398 Κριτήν.

178 5503 271 5555 .Et
301 5501 640 5575 εὑρίσκομεν
671 5504 823 5574 ὄφεις
853 5504 1029 5573 ὄφεων
1057 5502 1413 5573 δεινοτέρους,
1452 5503 1610 5573 δῆλον
1637 5504 1721 5559 ὃτι

1817 4773 2041 4829 debent.
2076 4770 2293 4826 Etenim
2332 4771 2665 4841 supplicium
2706 4785 2900 4825 eorum
2948 4785 3047 4841 per
3094 4769 3390 4843 impunita-

1818 4870 1928 4920 tem
1966 4863 2059 4918 Dei
2095 4863 2500 4917 incrementum
2534 4862 2701 4931 capit.

1889 4951 2053 5025 ϐω
2077 4950 2305 5005 Maximi
2331 4952 2395 5004 de
2439 4951 2654 5004 arbitrii
2692 4950 2956 5005 libertate.
2980 4983 3047 5014 τ-
3073 4951 3390 5008 Sceleratus

1826 5046 2082 5115 quisque,
2144 5042 2279 5098 illud
2327 5042 2476 5113 quod
2518 5042 2732 5113 justum
2793 5051 2899 5111 est,
2947 5044 3154 5098 malum
3206 5043 3392 5099 dicere

1826 5138 2135 5193 consuevit.

1900 5227 2219 5292 Nili,3089.
2240 5258 2310 5269 —-
2332 5226 2389 5281 Si
2415 5227 2551 5282 nihil
2584 5227 2834 5284 admittis
2880 5228 3032 5296 mali,
3062 5227 3199 5284 nihil
3235 5243 3392 5298 pror-

1822 5336 1921 5378 sus
1961 5322 2342 5376 exstimescas.
2373 5320 2471 5375 Sin
2506 5320 2649 5376 male
2675 5329 2729 5375 et
2758 5321 3027 5376 scelerate
3045 5318 3208 5389 vivis,
3238 5318 3391 5376 Judi-

1822 5429 1940 5469 cem
1972 5422 2193 5490 metue.‘

1896 5506 2172 5578 Ejusdem,
2202 5505 2365 5562 2759.
2394 5533 2461 5546 —
2486 5505 2545 5560 Si
2578 5505 2723 5561 inter
2757 5514 3067 5578 serpentes,
3100 5505 3240 5561 alios
3270 5504 3393 5560 aliis

1444 5620 1674 5681 VARIIE
1708 5622 2108 5683 LECTlONES.

205 5721 221 5784 ι
279 5709 345 5763 Ir:
380 5707 935 5784 Rt_tp_et'.Aexcerptt_tm
978 5710 1122 5765 hanc
1158 5710 1571 5784 inscriptionem
1612 5717 1799 5779 habet,
1825 5714 1920 5768 τοῦ
1949 5711 2114 5767 αὐτοῦ
2136 5753 2151 5777 ,
2184 5715 2247 5766 ὲκ
2272 5710 2368 5784 τοῦ
2417 5719 2466 5766 α’
2527 5711 2662 5784 πρὸς
2714 5710 3002 5784 Ἰουλιανόν
3026 5726 3041 5741 ο
3072 5709 3304 5779 ejusdem
3332 5724 3397 5784 ex

71 5782 319 5856 primo
383 5779 457 5856 ad
490 5777 813 5856 lulianum}
850 5777 970 5833 Non
1038 5788 1256 5856 exstant
1304 5777 1574 5856 ejusmodi
1597 5787 1721 5842 libri
1752 5777 2239 5856 Chrysostomiad
2278 5777 2581 5856 Julianumi
2620 5781 2808 5851 Neque
2852 5782 2942 5836 hic
2977 5777 3132 5836 locus
3157 5780 3399 5856 occurrit

72 5848 206 5926 ξι)
295 5866 328 5926 r_
384 5851 593 5922 Cvrilli
624 5851 800 5926 Alexa
850 5857 1044 5905 contra
1104 5848 1401 5921 Julianuin,
1462 5855 1542 5911 uti
1584 5873 1683 5916 nec
1730 5858 1838 5914 alia
1870 5848 1989 5926 qua:
2022 5870 2087 5911 ex
2128 5854 2324 5912 iisdem
2355 5854 2513 5912 libris
2544 5848 2774 5923 accepta
2812 5861 3074 5908 notantur
3105 5850 3309 5922 passim
3339 5849 3398 5905 in

66 5918 344 5997 Πυρρῄ
