4024 6438
642 383 771 447 1167

1810 382 1873 439 S.
1902 378 2221 441 JOANNIS
2259 378 2687 440 DAMASCENI

3742 375 3863 443 1168

637 495 945 550 atrociores
969 494 1306 558 invenimus,
1353 506 1464 547 non
1497 499 1583 547 est
1609 490 1864 554 dubium,
1898 493 2035 560 quin
2066 490 2202 546 inter

2311 491 2404 543 καὶ
2450 490 2601 561 πάθη
2656 489 2846 544 παθῶν
2895 492 3013 544 ἔστι
3036 488 3429 562 χαλεπώτερα,
3476 488 3571 542 καὶ
3616 487 3864 558 δαιμόνων

632 585 768 639 vitia
803 586 913 641 alia
944 602 1168 657 quoque
1204 586 1329 642 aliis
1377 585 1490 642 sint
1524 584 1804 656 graviora,
1834 591 1889 637 et
1928 583 2070 637 inter
2099 582 2208 637 dae-

635 690 829 730 mones
862 676 1169 747 improbos,
1221 676 1583 746 improbiores
1615 676 1709 728 alii
1760 674 1891 739 sint,
1930 682 1984 727 et
2012 674 2209 730 crude-

634 766 827 831 liores,
854 776 909 822 et
942 770 1104 822 malis
1130 770 1448 839 nequiores.

707 858 982 929 Ejusdem.
1019 890 1088 900 —
1116 861 1252 915 Cum
1292 860 1513 914 animus
1559 874 1657 930 per
1681 866 1969 929 peccatum
2002 858 2070 913 ab
2102 858 2207 912 im—

634 952 793 1020 puris
839 952 1187 1007 daemonibus
1254 951 1558 1014 inescatus,
1607 951 1770 1006 facile
1829 952 2203 1015 interimatnr,

2308 583 2565 654 πονηρῶν
2605 583 2783 655 ἓτεροι
2817 583 3173 655 πονηρότεροι
3223 583 3318 636 καὶ
3348 583 3670 654 πικρότεροι
3707 582 3865 653 ύπάρ-

2308 694 2465 747 χουσι
2488 677 2764 748 δαίμονες,
2788 676 2883 731 καὶ
2906 676 3128 746 φαύλων
3149 677 3495 747 φαυλότεροι.

2378 853 2490 924 Τῆς
2517 852 2699 924 ψυχῆς
2730 853 2825 908 τοῦ
2869 853 3162 925 ἀνθρώπου
3196 854 3393 926 ῥᾳδίως
3431 852 3523 907 διὰ.
3566 851 3670 921 τῆς
3705 852 3861 922 ἁμαρ-

2304 942 2427 1006 τίας
2464 944 2834 1014 φονευομένης
2879 945 2984 998 ὑπὸ
3022 945 3128 998 τῶν
3156 944 3521 1008 δελεαζόντων
3558 942 3864 1013 ἀκαθάρτων

632 1053 759 1112 apte
785 1044 1006 1099 locutus
1030 1052 1116 1099 est
1149 1044 1243 1114 qui
1265 1044 1444 1100 dixit:
1492 1043 1695 1115 Capior
1726 1044 1875 1099 velut
1900 1044 1969 1097 ad
2000 1042 2202 1098 caedem

2306 1034 2600 1104 δαιμόνων,
2646 1036 2921 1105 εὐστόχως
2966 1032 3121 1090 εἶπεν
3147 1038 3177 1090 6
3224 1036 3404 1102 λέξας,
3463 1036 3549 1089 ὅτι
3579 1033 3864 1105 ἀγρεύομαι

626 1134 741 1189 leo.

702 1227 988 1298 Ejusdem,
1035 1227 1198 1285 5617.
1228 1256 1300 1269 -
1329 1228 1541 1285 Bonum
1585 1237 1779 1300 suapte
1834 1240 2031 1283 natura
2077 1243 2205 1283 sur-

634 1336 754 1374 sum
786 1320 929 1374 fert:
965 1320 1168 1373 malum
1199 1328 1380 1374 autem
1414 1337 1537 1375 eum
1570 1322 1663 1391 qui
1704 1321 1849 1374 malo
1876 1319 2205 1383 delectatur,

632 1410 698 1462 ad
732 1409 839 1462 ima
861 1408 1133 1464 detrahit:
1163 1411 1627 1479 quemadmodum
1661 1417 1715 1463 et
1749 1407 2005 1463 Salomon
2032 1408 2201 1462 dixit:

634 1522 653 1550 ο
695 1500 863 1555 Pedes
910 1501 1160 1555 stultitiae
1206 1516 1325 1564 eos,
1364 1502 1457 1570 qui
1494 1502 1614 1571 ipsa
1647 1507 1902 1565 utuntur,
1950 1500 2005 1554 in
2037 1496 2207 1553 infer—

630 1610 762 1648 nunt
798 1593 1082 1649 deducunt
1118 1593 1316 1663 (Prov.
1342 1609 1397 1658 v,
1430 1592 1524 1662 5).
1564 1613 1581 1645 ι

705 1704 976 1774 Ejusdem.
1006 1703 1197 1759 —Per
1224 1705 1557 1776 Babylonem
1584 1720 1979 1771 nonnunquam
2012 1703 2204 1758 diabo-

630 1798 718 1851 lus
743 1797 1108 1867 intelligitur;
1144 1798 1477 1868 quandoque
1522 1797 1704 1850 anima
1756 1796 1997 1850 hominis
2026 1812 2057 1849 a
2088 1806 2208 1850 ten-

2308 1123 2496 1196 ὥσπερ
2527 1125 2666 1178 λέων
2697 1127 2778 1189 εἰς
2802 1127 3038 1195 σφαγήν.

2378 1218 2456 1288 Τῇ
2487 1216 2646 1285 φύσει
2668 1217 2727 1271 τὸ
2755 1218 2958 1285 ἀγαθὸν
2986 1218 3100 1274 ἅνω
3132 1218 3298 1289 φέρον
3326 1218 3586 1289 ὑπάρχει,
3610 1218 3675 1271 τὸ
3701 1218 3756 1270 δι
3781 1236 3861 1272 κιο

2306 1308 2400 1361 κον
2424 1309 2560 1379 πρὸς
2589 1309 2657 1362 τά
2678 1310 2831 1364 κάτω
2859 1310 3116 1365 καθέλκει
3138 1311 3229 1365 τὸν
3250 1311 3603 1383 κεχρημένον
3626 1327 3641 1340 ·
3671 1309 3746 1373 ὣς
3776 1326 3859 1362 πον

2307 1401 2402 1453 καὶ
2430 1402 2458 1454 6
2499 1400 2752 1473 Σολομὼν
2804 1405 3102 1475 ἐφράσατο,
3129 1405 3214 1457 ὃτι
3247 1422 3265 1454 ι
3286 1404 3346 1457 Οἱ
3391 1404 3553 1467 πόδες
3582 1404 3685 1473 τῆς
3717 1404 3859 1473 ἀφροα

2308 1493 2475 1565 σύνης
2528 1495 2656 1558 τοὺς
2708 1496 3027 1567 χρωμένους
3076 1497 3218 1567 αὐτῇ
3279 1497 3360 1560 είς
3422 1493 3560 1564 ἄδην
3617 1493 3859 1561 κατάγον-

2309 1602 2415 1637 σιν.
2449 1605 2468 1637 ι

2378 1696 2638 1750 Βαϐυλὼν
2669 1699 2800 1752 ποτὲ
2840 1699 2937 1771 μὲν
2967 1702 2996 1754 6
3023 1700 3269 1765 διάϐολος
3303 1700 3549 1770 λέγεται,
3580 1702 3713 1756 ποτὲ
3755 1702 3807 1755 δὲ
3834 1705 3859 1772 ἡ

2306 1788 2452 1859 ψυχὴ
2480 1789 2767 1859 ἀνθρώπου
2831 1793 3217 1863 συγκεχυμένη
3258 1796 3322 1847 ἐκ
3352 1794 3681 1867 πειρασμῶν
3728 1794 3859 1863 χαλι-

616 1889 934 1943 νιοιίοιιίὴιιε
987 1890 1159 1944 variis
1212 1891 1466 1959 jactata:
1522 1889 1798 1943 interdum
1843 1887 2103 1951 mundus,
2134 1889 2202 1942 ob

2308 1875 2446 1939 πῶν,
2481 1875 2614 1928 ποτὲ
2638 1875 2695 1929 δὲ
2717 1879 2745 1929 6
2778 1878 2984 1947 κόσμος
3014 1877 3082 1930 δι’
3104 1879 3274 1949 αὐτὴν
3306 1880 3363 1932 ἐν
3402 1865 3557 1949 αύτῷ
3596 1878 3856 1931 πολιτευο-

630 1983 1039 2051 cunfusionem,
1093 1983 1645 2054 ludificationemque
1708 1992 1763 2036 et
1816 1982 2202 2052 imposturam,

612 2096 753 2149 aqua:
783 2079 839 2133 in
874 2078 994 2149 ipso
1024 2086 1305 2134 versatur.

707 2191 983 2262 Ejusdem,
1036 2190 1197 2246 5642.
1222 2221 1285 2231 -
1315 2189 1549 2257 Quidam
1602 2193 1768 2245 etiam
1802 2192 1924 2247 sine
1968 2190 2080 2244 ulla
2109 2190 2205 2244 ad-

618 2288 895 2340 *versitate
926 2294 980 2341 et
1008 2284 1364 2348 necessitate,
1393 2282 1583 2338 divino
1617 2282 1901 2337 desiderio
1933 2292 1986 2337 et
2020 2297 2207 2336 amore

634 2377 880 2446 impulsi,
915 2376 981 2430 ad
1024 2375 1194 2430 Deum
1248 2375 1540 2439 accedunt,
1598 2375 1726 2445 fuga
1777 2375 1986 2431 relictis
2016 2376 2208 2437 rebus,

614 2485 754 2538 .quze
784 2470 838 2523 in
874 2469 977 2523 hoc
1011 2467 1216 2522 mundo
1252 2468 1498 2538 pulchra:
1534 2477 1586 2520 et
1619 2466 1880 2536 jucunda:
1927 2467 2205 2522 videntur.

628 2566 699 2616 At
732 2573 814 2627 tu,
843 2563 936 2631 qui
974 2570 1053 2615 tot
1082 2560 1343 2615 aerumnis
1374 2559 1665 2629 perculsus
1698 2575 1777 2624 es,
1818 2558 2000 2612 adhuc
2041 2558 2211 2613 obsti-

618 2663 799 2706 natus
829 2652 1026 2717 haeres,
1059 2657 1118 2703 ut
1156 2664 1247 2704 res
1276 2663 1401 2703 cum
1438 2648 1672 2702 materia
1724 2647 2056 2717 conjunctas
2089 2662 2207 2701 am-

630 2746 929 2815 plectaris:
968 2757 1209 2813 cumque
1254 2741 1498 2812 peccatis
1552 2740 1894 2810 praefoceris,
1928 2740 1979 2793 id
2023 2747 2209 2793 tamen

631 2836 842 2889 sentire
902 2848 1013 2887 non
1055 2833 1163 2897 vis,
1215 2830 1310 2885 sed
1342 2829 1505 2901 quasi
1537 2829 1812 2882 instructa
1858 2829 1977 2883 acie
2013 2828 2206 2894 Deum,

631 2929 802 2981 homo
831 2918 1163 2990 miserrime,
1197 2923 1264 2979 ad
1292 2921 1639 2977 iracundiam
1668 2922 1981 2991 provocas?

708 3042 984 3113 Ejusdem.
1016 3075 1085 3083 —
1118 3040 1176 3095 Si
1228 3056 1394 3096 sensu
1447 3038 1713 3111 praeditus
1767 3054 1943 3101 esses,
1989 3038 2124 3109 ipsa:
2154 3048 2209 3094 te

629 3150 723 3190 res
769 3133 939 3203 hujus
987 3133 1113 3188 vitae
1163 3133 1512 3201 impellerent
1548 3140 1608 3184 ut
1641 3131 1707 3184 ad
1752 3129 1921 3184 Deum
1968 3130 2206 3201 fugeres,

2310 1967 2481 2039 μένην
2507 1968 2794 2038 σύγχυσιν,
2820 1970 2916 2023 καὶ
2946 1969 3169 2043 χλεύην,
3194 1971 3289 2025 καὶ
3316 1972 3532 2043 ἀπάτην

2378 2187 2537 2251 Τινὲς
2565 2188 2660 2241 καὶ
2689 2188 2859 2261 χωρὶς
2884 2191 3281 2261 περιστάσεως,
3308 2192 3402 2245 καὶ
3436 2192 3707 2263 ἀνάγκης,
3735 2192 3858 2261 πόθῳ

2311 2278 2441 2349 θείῳ
2465 2280 2561 2332 καὶ
2588 2279 2755 2351 ἔρωτι
2795 2284 3193 2353 προσέρχονται
3229 2283 3304 2354 τῷ
3333 2283 3473 2353 Θεῷ,
3507 2285 3857 2353 ἀποφυγόντες

2308 2372 2375 2424 τά
2403 2371 2662 2426 δοκοῦντα
2696 2375 2753 2426 ὲν
2805 2375 2997 2446 κόσμῳ
3045 2374 3224 2447 ὼραῖά
3278 2393 3339 2430 τε
3389 2379 3485 2430 καὶ
3523 2380 3765 2448 τερπνά·
3806 2383 3856 2432 σὺ

2308 2464 2604 2527 τοσαύταις
2635 2464 2855 2535 βληθεὶς
2886 2466 3307 2538 ταλαιπωρίαις,
3340 2470 3525 2539 μένεις
3568 2471 3751 2541 ἀκμὴν
3784 2490 3856 2539 ςι-

2312 2551 2591 2620 λονεικῶν,
2616 2556 2711 2607 καὶ
2739 2556 2988 2627 στέργων
3008 2558 3078 2612 τὰ
3105 2558 3266 2611 ύλικὰ
3294 2560 3620 2630 πράγματα,
3644 2564 3736 2614 καὶ
3757 2566 3856 2623 sui;

2308 2644 2605 2717 ἁμαρτίαις
2651 2647 3145 2719 καταπνιγόμενος,
3178 2650 3237 2702 ού
3275 2650 3457 2720 βούλει
3502 2651 3855 2718 αἰσθάνεσθαι,

2309 2737 2427 2790 ἀλλ’
2466 2739 2531 2792 ὲκ
2561 2740 2919 2811 παρατάξεως
2972 2741 3063 2794 τὸν
3117 2742 3250 2797 Θεὸν
3308 2744 3688 2816 παροργίζεις,
3728 2763 3857 2816 τριεο

2309 2828 2465 2883 άθλιε
2488 2846 2503 2895 ;

2380 3037 2554 3107 Εἴπερ
2572 3038 2825 3109 αἴσθησιν
2852 3034 3020 3111 εἶχες,
3055 3041 3194 3096 αὐτὰ
3220 3044 3289 3097 τὰ
3311 3043 3404 3097 τοῦ
3432 3044 3551 3114 βίου
3583 3047 3857 3116 πράγματα

2310 3128 2511 3199 ἠλαυνέ
2543 3146 2601 3181 σε
2622 3135 2956 3200 καταφυγεῖν
2987 3133 3125 3205 πρὸς
3151 3135 3305 3198 Θεὸν,
3330 3138 3423 3190 καὶ
3450 3138 3709 3208 σωθῆναι.

631 3231 931 3301 salvusque
978 3229 1158 3283 fieres.
1203 3228 1274 3280 At
1331 3227 1592 3299 quoniam
1642 3233 1839 3295 sponte
1879 3224 2107 3296 langues
2152 3227 2202 3279 in

2313 3219 2501 3289 ἐπειδὴ
2534 3220 2903 3289 ὲθελοκακεῖς,
2932 3224 3096 3295 βλέπε
3130 3227 3201 3280 τὰ
3231 3228 3658 3298 καταληψόμενά
3683 3248 3757 3291 σε,
3786 3231 3857 3283 ἴνα

630 3323 799 3387 malo,
853 3320 974 3375 vide
1026 3335 1148 3390 quae
1196 3327 1249 3373 te
1281 3328 1567 3387 arreptura
1618 3324 1770 3383 sunt,
1806 3324 1867 3369 ut
1912 3314 1969 3371 in
2022 3317 2207 3371 medio

630 3431 816 3469 rerum
863 3412 1268 3466 mundanarum
1320 3410 1560 3479 pessimo
1592 3407 1701 3462 fato
1744 3408 1913 3461 vitam
1952 3408 2204 3477 claudas,

616 3516 684 3559 et
718 3505 785 3559 ad
823 3503 1066 3558 futurum
1094 3517 1270 3556 aevum
1302 3500 1528 3555 virtutis
1565 3514 1775 3554 vacuus
1800 3498 1990 3554 abeas.

692 3618 977 3689 Ejusdem,
1030 3616 1193 3672 5662.
1222 3646 1293 3656 —
1330 3614 1657 3670 Studiorum
1712 3623 1939 3669 tuorum
1987 3614 2206 3669 fructus

631 3715 748 3783 ipse
787 3702 1060 3767 comedis.
1096 3709 1313 3764 Etenim
1344 3708 1415 3763 ab
1444 3706 1583 3762 Isaia
1625 3708 1835 3762 dictum
1871 3716 1997 3763 est:
2041 3728 2058 3759 ι
2097 3706 2204 3776 lpsi

629 3805 923 3860 comedent
981 3818 1151 3874 Opera
1212 3801 1437 3856 malitia:
1495 3815 1609 3854 suae
1659 3798 1818 3867 (Isa.
1872 3814 1955 3866 ιιι,
2015 3799 2144 3868 10).
2180 3816 2199 3849 ι

629 3895 801 3951 Porro
831 3912 956 3951 cum
992 3903 1186 3965 pectus
1226 3894 1581 3966 improbitate
1628 3895 1981 3962 informatur,
2043 3912 2205 3952 exse-

628 3990 850 4046 cranda:
875 4006 942 4045 ex
971 4005 1037 4045 eo
1066 3989 1431 4059 cogitationes
1474 3990 1792 4056 prosiliunt.

694 4101 1099 4157 Perridiculum
1130 4099 1319 4167 fuerit,
1343 4102 1632 4171 mancipiis
1658 4103 1883 4172 quidem
1909 4102 2201 4173 imperare.

626 4211 657 4249 a
689 4200 919 4264 peccato
955 4200 1138 4248 autem
1169 4194 1225 4246 in
1263 4194 1530 4248 servitute
1554 4195 1757 4247 teneri.

699 4307 979 4378 Ejusdem,
1016 4305 1189 4362 5882.
1217 4336 1287 4347 —-
1312 4305 1638 4361 Peccatnres
1677 4322 1869 4363 omnes
1909 4308 2201 4365 multifarii

618 4399 910 4454 dicuntur.
943 4399 1100 4452 Alius
1140 4398 1284 4452 enim
1311 4407 1395 4453 est
1419 4399 1616 4453 modus
1645 4401 2025 4457 scortationis.
2060 4402 2202 4458 alius

628 4490 744 4555 ira},
802 4491 943 4546 alius
1004 4491 1186 4545 inanis
1232 4492 1439 4561 glorize,
1510 4492 1747 4559 invidiae,
1801 4496 2199 4551 recordationis

628 4584 985 4654 injuriarum,
1020 4594 1073 4638 et
1111 4583 1451 4654 reliquorum
1491 4583 1616 4637 item
1670 4586 1950 4640 vitiorum.
1988 4586 2193 4642 Contra

621 4677 760 4747 justi
792 4677 954 4732 unius
985 4675 1129 4731 modi
1165 4684 1314 4731 sunt.
1344 4676 1612 4741 Quocirca
1645 4677 1839 4733 beatus
1873 4678 2047 4735 David
2072 4682 2148 4734 ait
2176 4698 2188 4734 :
2222 4666 2223 4669 η

632 4790 651 4822 ι
688 4769 955 4823 Dominus
1014 4768 1268 4823 habitare
1317 4769 1448 4822 facit
1492 4772 1656 4825 unius
1710 4772 1881 4828 moris
1932 4775 1987 4829 in
2031 4775 2196 4831 domo

626 4860 822 4933 (Psal.
847 4876 979 4926 cxn,
1012 4859 1109 4928 9),
1148 4877 1165 4909 ι
1199 4860 1471 4931 spirituali
1500 4862 1647 4915 licet.

692 4973 977 5045 Ejusdem,
1010 4972 1173 5027 5898.
1208 5003 1274 5013 —
1303 4971 1360 5027 Si
1390 4974 1639 5045 leprosus
1662 4978 1938 5047 quondam
1970 4995 2193 5050 aspersa

625 5067 849 5137 punctis
901 5081 1091 5129 carne,
1130 5066 1295 5119 simul
1351 5074 1515 5137 atque
1565 5084 1690 5123 cum
1749 5070 1854 5124 fide
1912 5072 2195 5129 Christum

622 5173 940 5230 supremum
974 5158 1142 5210 Deum
1175 5157 1330 5221 adiit,
1366 5159 1507 5214 hanc
1538 5162 1608 5214 ah
1644 5162 1793 5214 omni
1839 5161 1960 5216 labe
1993 5180 2188 5233 puram

625 5254 863 5322 recepit;
916 5250 1116 5319 ecquid
1151 5256 1206 5302 tu
1237 5251 1396 5305 fidem
1429 5260 1485 5308 et
1524 5268 1718 5322 preces
1761 5254 2021 5309 adhibere
2069 5273 2196 5328 gra-

624 5344 791 5400 varis.
827 5349 885 5399 ut
917 5356 949 5394 a
994 5340 1221 5396 nefariis
1256 5341 1603 5415 impurisque
1635 5345 1831 5401 anima:
1876 5349 2088 5403 morbis
2130 5349 2195 5403 li-

623 5436 833 5489 hereris
858 5433 882 5485 ?

695 5543 971 5613 Ejusdem,
1003 5544 1162 5600 ενοι.
1188 5577 1256 5587 -—
1280 5547 1361 5598 An
1388 5554 1441 5601 te
1468 5546 1599 5601 illud
1633 5548 1790 5619 fugit,
1824 5552 1971 5621 quod
2004 5568 2034 5606 a
2067 5555 2194 5623 qui-

622 5637 723 5691 bus
756 5637 954 5691 anima:
998 5640 1150 5693 vitiis
1198 5640 1473 5709 quispiam
1519 5651 1812 5709 superatus
1846 5656 1952 5710 est,
2000 5662 2189 5700 eorum

619 5740 845 5795 quoque
879 5740 1075 5780 servus
1098 5726 1373 5782 edicitur?
1399 5728 1564 5799 Atqui
1592 5745 1701 5783 non
1734 5748 1926 5787 sumus
1973 5734 2067 5787 filii
2097 5750 2194 5788 an-

2310 3312 2367 3364 ὲν
2405 3314 2557 3383 μέσῳ
2597 3313 2705 3368 τῶν
2755 3314 3026 3384 βιωτικῶν
3072 3321 3418 3390 πραγμάτων
3446 3324 3695 3392 κακίστῳ
3730 3323 3857 3393 μόρῳ

2307 3402 2398 3454 τὸν
2437 3402 2549 3471 βίον
2578 3404 2912 3478 καταλύσῃς,
2934 3407 3157 3461 κάκεῖσε
3184 3408 3424 3480 ἀπέλθῃς
3454 3412 3663 3481 γυμνὸς
3685 3414 3858 3482 ἀρετῆς

2309 3497 2514 3565 πάσης.

2380 3610 2523 3675 Τοὺς
2568 3613 2814 3683 καρποὺς
2868 3611 2975 3667 τῶν
3030 3612 3141 3667 σῶν
3214 3612 3669 3685 ἐπιτηδευμάτων
3719 3616 3856 3678 αὐτὸς

2307 3701 2652 3765 ὲσθίεις.Καὶ
2670 3705 2778 3775 γὰρ
2793 3702 3005 3775 εἴρηται
3027 3704 3176 3773 παρὰ
3194 3705 3270 3775 τῷ
3299 3706 3513 3776 Ἡσαΐᾳ,
3541 3708 3625 3761 ὅτι
3654 3727 3673 3759 ι
3696 3709 3853 3761 Ἐδονο

2306 3811 2397 3847 ται
2426 3795 2493 3847 τὰ
2521 3794 2657 3865 ἔργα
2681 3796 2781 3865 τῆς
2827 3796 3093 3867 πονηρίας
3121 3797 3317 3851 αὐτῶν.
3356 3817 3373 3849 ι
3413 3798 3527 3869 Τῆς
3564 3799 3623 3851 δὲ
3655 3800 3850 3871 καρδίας

2313 3887 2380 3955 τῇ
2417 3888 2654 3957 πονηρία
2696 3889 3159 3961 μεμορφωμένης,
3192 3888 3438 3961 βδελυροὶ
3468 3892 3534 3943 ὲκ
3565 3892 3760 3960 ταύτης
3783 3892 3853 3942 λο-

2305 3976 2501 4046 γισμοὶ
2535 3978 2873 4047 ἁναπηδῶσι.

2378 4107 2809 4177 Καταγέλαστον
2837 4111 2905 4164 ἂν
2933 4113 3018 4183 εῖη
3058 4114 3119 4166 τὸ
3148 4116 3445 4187 κατάρχειν
3482 4116 3593 4169 τῶν
3622 4115 3847 4187 άνδραπό

2302 4196 2438 4261 δων,
2472 4195 3021 4268 ἐξανδραποδίζεσθαι
3056 4203 3115 4255 δὲ
3146 4203 3253 4257 ὑπὸ
3283 4206 3385 4274 τῆς
3416 4207 3709 4276 ἁμαρτίας.

2375 4309 2585 4374 Πάντες
2614 4312 2663 4365 οἱ
2687 4313 3005 4384 ἁμαρτωλοὶ
3033 4316 3364 4389 πολύτροποι
3388 4321 3661 4388 λέγονται.
3685 4321 3845 4383 ’Δλλκ

2306 4400 2414 4471 γὰρ
2443 4403 2645 4472 τρόπος
2676 4406 2953 4477 πορνείας,
3010 4411 3104 4463 καὶ⁵
3130 4410 3289 4474 ἄλλος
3320 4412 3522 4483 τρόπος
3554 4413 3739 4483 θυμοῦ,
3769 4417 3845 4465 καὶ

2311 4491 2499 4563 ἕτερος
2534 4495 2837 4560 κενοδοξίας
2866 4499 3087 4568 τρόπος,
3109 4501 3203 4553 καὶ
3232 4500 3452 4570 φθόνου,
3484 4506 3581 4556 καὶ
3619 4520 3843 4574 μνησικα-

2311 4584 2458 4647 κίας.
2492 4586 2585 4638 καὶ
2614 4587 2721 4640 τῶν
2755 4587 2900 4659 ἑξῆς.
2935 4592 2995 4642 Οἱ
3028 4589 3083 4643 δὲ
3117 4591 3313 4645 δίκαιοι
3349 4594 3675 4663 μονότροποί
3708 4599 3838 4647 εἰσιν.

2308 4676 2512 4757 Διόπερ
2544 4678 2711 4749 φησὶν
2745 4682 2774 4732 6
2817 4680 3087 4751 μακάριος
3126 4684 3311 4749 Δαόὶδ,
3341 4686 3419 4739 ὅτι
3460 4704 3478 4735 ι
3512 4688 3710 4757 Κύριος
3736 4703 3839 4739 κατα

2305 4766 2501 4830 οικίξει
2536 4771 2919 4842 κοινοτρόπους
2952 4773 3010 4826 ὲν
3037 4773 3170 4844 οἴκῳ
3199 4793 3217 4825 ι
3256 4778 3635 4848 πνευματικῴ.

2376 4984 2439 5035 Et
2462 4984 2661 5055 λεπρὸς
2691 5006 2822 5042 ποτε
2851 4992 3214 5057 κατάστικτος
3243 4995 3343 5064 τὴν
3385 4996 3588 5067 σάρκα,
3624 4997 3754 5069 μετά
3774 4997 3837 5047 τέ·

2306 5090 2477 5138 στεως
2504 5079 2818 5145 προσελθὼν
2850 5083 3073 5153 Χριστῴ
3101 5085 3179 5155 τῷ
3211 5086 3530 5156 πανυψίστιμ
3559 5089 3696 5159 Θεῷ,
3710 5088 3835 5142 ἀπεί-

2302 5170 2474 5239 ληφεν
2511 5172 2713 5236 εὐθέως
2752 5175 2956 5247 ταύτην
3009 5180 3209 5243 παντὸς
3258 5182 3506 5255 καθαράν
3534 5185 3741 5247 σπίλον,
3770 5183 3840 5235 διὰ

2300 5262 2355 5314 τί
2390 5263 2551 5327 αὐτὸς
2583 5264 2762 5330 ὀκνεῖς
2799 5268 2981 5322 πίστει
3030 5272 3127 5325 καὶ
3176 5272 3362 5343 δεήσει
3412 5276 3739 5346 χρήσασθαι.
3767 5272 3842 5326 καὶ

2299 5354 2409 5406 τῶν
2440 5357 2674 5425 μιαρῶν,
2706 5360 2800 5411 καὶ
2826 5361 3156 5433 ἀκαθάρτων
3188 5362 3379 5418 παθῶν
3412 5365 3515 5437 τῆς
3560 5368 3731 5437 ψυχῆς
3770 5366 3819 5417 λυ

2298 5447 2574 5517 τρωθῆναι
2597 5464 2613 5514 ;

2374 5560 2487 5612 Οὐκ
2512 5556 2670 5614 οἶσθα
2700 5561 2779 5615 ὅτι
2806 5556 2881 5616 ὧν
2909 5581 2991 5628 τις
3026 5567 3255 5637 ἡττῆται
3294 5568 3476 5641 ψυχῆς
3506 5572 3714 5633 παθῶν,
3747 5566 3841 5622 19-J-

2298 5665 2404 5700 των
2446 5648 2654 5718 γίνεται
2694 5654 2790 5707 καὶ
2832 5654 3016 5720 δοῦλος
3049 5660 3374 5728 cadmia“
3404 5662 3521 5714 ἀλλ’
3548 5666 3650 5717 οῦκ
3698 5662 3839 5729 ἐσμὲν

2298 5740 2461 5808 ἡμεῖς
2507 5743 2802 5813 παιδίσκης
2834 5746 3019 5813 τέκνα,
3067 5750 3205 5803 ἀλλὰ
3241 5752 3339 5822 τῆς
3374 5754 3680 5824 ἐλευθέρας.
3710 5756 3839 5811 ὅπως

620 5819 781 5880 υιιιω,
836 5818 930 5874 sed
984 5800 1188 5887 liberae,
1238 5828 1296 5874 ut
1348 5835 1375 5874 a
1412 5823 1653 5890 peccatis
1694 5824 1896 5882 divulsi
1939 5826 2191 5883 libertate

2306 5831 2396 5900 τῆς
2418 5834 2688 5903 ἁμαρτίας
2722 5800 3081 5907 διαιρεθέντες
3150 5800 3611 5912 λευθεριάσωεθττν.
3634 5800 3834 5910 Χξρετῦν
