3910 6432
142 453 285 517 ιιδρ
362 410 369 417 ’

1369 462 1603 521 SACBA
1639 461 2102 526 PARALLELA.

3237 458 3378 528 H70

142 566 348 636 μᾶλλον
372 563 560 618 δοῦλον
595 568 851 636 γενέσθαι
884 569 980 624 καὶ
1010 570 1702 644 οἰκοτρίϐωνσοικότριδα,ῆ

1817 574 2081 634 fruamur.
2137 579 2515 635 Praastabilius
2551 586 2635 634 est
2685 579 2921 634 hominis
2983 594 3202 634 servum
3242 581 3382 643 ﬂeti,

132 654 472 727 δουλωθῆναι
502 672 631 710 ποτε
670 656 868 712 πάθεσι
890 661 1239 733 καταράτοις.

214 921 544 987 numam;
580 923 679 993 τὴν
728 928 973 997 μεγάλην
1026 928 1321 991 θάλασσαν.
1350 931 1443 985 καὶ
1486 931 1581 986 τδν
1614 931 1706 987 θαθ

135 1010 365 1067 ).άσσιον
389 1014 490 1067 οὐκ
527 1016 804 1087 ἠγνόησας
826 1018 1027 1088 φόϐον;
1055 1021 1205 1091 πόσῳ
1235 1020 1435 1092 μᾶλλον
1472 1022 1709 1094 φοϐερω-

135 1103 280 1174 τέρα
311 1108 345 1176 ἠ
380 1107 573 1177 μνήμη
593 1108 693 1177 τῆς
717 1110 972 1180 κρίσεως.

214 1197 294 1250 Οὐ
324 1197 523 1263 πάντες
553 1202 601 1253 οἱ
631 1200 883 1271 δαίμονες
920 1204 989 1256 τὰ
1030 1205 1170 1259 αὐτὰ
1212 1206 1637 1277 ἐπιτηδεύματα,
1671 1209 1704 1280 ἢ

133 1288 241 1350 τὰς
270 1289 438 1351 αὐτὰς
462 1293 705 1362 πονηρὰς
748 1293 1086 1364 λειτουργίας
1126 1299 1509 1353 ὲπιτάσσονται
1551 1302 1705 1370 παρᾶ

133 1379 237 1432 τοῦ
267 1381 538 1437 διαϐόλου.
568 1384 763 1447 Ἀλλος
796 1386 906 1456 γὰρ
949 1388 1117 1459 ἄλλην
1162 1390 1422 1462 βδελυρὰν
1459 1392 1554 1444 καὶ
1596 1392 1705 1445 θεο-

134 1473 315 1539 στυγῆ
343 1470 613 1525 διακονίαν
662 1475 1036 1532 πεπίστευται,
1087 1478 1197 1532 Καὶ
1243 1473 1397 1543 οὗτος
1451 1480 1550 1549 μὲν
1582 1480 1707 1549 βλα-

136 1561 387 1630 σφημίας
444 1563 739 1635 λογισμοὺς
789 1569 912 1631 ταῖς
962 1567 1066 1621 τῶν
1128 1569 1430 1640 ἀνθρώπων
1460 1571 1706 1641 καρδίαις

134 1652 535 1721 ὲγγλύφουσιν’
570 1657 772 1711 ἐκεῖνοι
818 1658 876 1711 δὲ
928 1660 1161 1731 αἰσχρὰς
1194 1661 1492 1731 ἐπιθυμίας
1524 1664 1707 1717 ὑποτί-

135 1743 327 1797 θενται
359 1748 423 1815 τῇ
463 1745 629 1818 ψυχῇ.
658 1748 767 1801 Καὶ
817 1749 966 1803 ἄλλοι
1010 1750 1107 1820 μὲν
1137 1754 1218 1816 εἰς
1253 1754 1578 1821 κενοδοξίαν,
1610 1758 1705 1810 καὶ

133 1834 356 1905 φθόνον,
388 1837 482 1890 καὶ
531 1838 600 1891 τὰ
633 1838 758 1909 ἑξῆς
804 1839 1092 1912 διεγείρειν
1140 1844 1429 1898 εἰώθασινο
1454 1848 1604 1900 ἀλλοι
1645 1847 1703 1900 δὲ

1810 667 1924 723 imo
1988 685 2208 725 servum
2252 684 2567 737 servorum,
2633 686 2799 743 quam
2841 687 2873 725 a
2920 670 3159 724 turbidis
3210 671 3380 728 animi

1808 759 2097 816 affectibus
2125 761 2180 816 in
2212 764 2536 819 servitutem
2568 764 2733 831 trahi,
2776 772 2832 819 et
2863 761 3382 833 perturbationibus

1806 853 2050 921 percelli.

1876 942 2031 1014 341
2066 942 2339 1013 Ejusdem,
2377 945 2539 1000 4779.
2572 947 2796 1016 —S:epe
2828 947 3017 1015 ingens
3049 961 3199 1000 mare
3221 944 3378 1000 navi-

1806 1036 1967 1103 gasti,
1998 1036 2295 1105 quantique
2344 1038 2557 1092 timoris
2589 1042 2661 1094 sit
2696 1041 3093 1110 navigare,non
3120 1037 3375 1109 ignoras?

1805 1134 2010 1195 quanto
2042 1136 2221 1182 autem
2256 1129 2656 1185 lormidabilior
2681 1140 2760 1185 est
2786 1132 2977 1199 judicii
3025 1130 3370 1186 recordatio!

1876 1214 2153 1284 Ejusdem.
2173 1247 2242 1258 —
2273 1217 2389 1272 Non
2406 1219 2593 1274 eadem
2614 1220 2868 1276 omnibus
2891 1219 3231 1275 daemonibus
3254 1226 3375 1273 stu-

1806 1304 1893 1359 dia
1926 1317 2077 1373 sunt,
2111 1318 2207 1362 aut
2239 1310 2429 1363 eadem
2475 1310 2722 1379 improba
2767 1313 2950 1365 munia
2986 1328 3014 1365 a
3046 1312 3263 1365 diabolo
3310 1310 3378 1365 il-

1806 1396 1874 1451 lis
1906 1398 2263 1469 imperantur.
2297 1401 2405 1454 Alii
2438 1404 2583 1456 enim
2618 1403 2763 1457 aliud
2800 1405 3200 1458 ersecrandum
3237 1404 3374 1457 Deo-

1806 1504 1915 1559 que
1946 1490 2175 1544 invisum
2201 1508 2399 1548 munus
2440 1495 2825 1549 committitur.
2860 1495 2996 1550 Nam
3027 1496 3123 1550 alii
3156 1496 3369 1564 cogita-

1806 1580 1987 1637 tiones
2042 1583 2397 1653 blasphemiae
2426 1585 2480 1640 in
2514 1587 2775 1642 cordibus
2826 1589 3109 1643 hominum
3162 1588 3373 1641 inscul-

1805 1679 1983 1740 punt:
2026 1681 2215 1744 turpes
2246 1675 2338 1730 alii
2391 1677 2723 1747 cupiditates
2770 1680 2964 1733 animae
3017 1686 3369 1749 suggerunt:

1806 1764 1897 1818 alii
1932 1766 1986 1820 in
2013 1781 2207 1832 vanam
2245 1768 2498 1836 gloriam,
2532 1768 2782 1835 livorem,
2834 1773 2994 1836 iram,
3031 1786 3095 1826 ac
3144 1779 3369 1825 caeteros

1806 1855 2033 1912 allectus
2063 1874 2180 1912 eam
2212 1863 2455 1915 excitare
2485 1862 2687 1917 solent.
2712 1863 2818 1915 Alii
2845 1862 3222 1917 inventionum
3255 1877 3371 1915 ma-

133 1931 254 1991 τοῖς
276 1930 572 2000 αίρετικοίς
590 1930 689 1995 τὰς
718 1932 849 1997 ὕλας
870 1933 977 1986 τῶν
1010 1937 1297 2007 νοημάτων
1332 1956 1481 2010 χωρη
1493 1938 1701 2007 γοῦσιν’

1817 1947 1977 2003 terias
2026 1949 2294 2005 haereticis
2345 1952 2782 2008 subministrant.
2830 1954 2935 2008 Alii
2971 1953 3177 2009 ciendaa
3207 1954 3366 2022 gulae,

134 2019 288 2074 ἄλλοι
306 2023 362 2075 δὲ
385 2023 513 2092 περὶ
530 2029 972 2099 γαστριμαργίαν
992 2031 1085 2083 καὶ
1109 2030 1301 2100 μέθην,
1327 2032 1421 2085 καὶ
1448 2034 1706 2106 πορνείαν

135 2110 614 2181 σχολάζουσι.Καὶ
645 2117 821 2189 ἕτεροι
879 2118 979 2189 μὲν
1014 2120 1267 2191 δαίμονες
1328 2121 1416 2175 διὰ
1467 2124 1576 2177 τῶν
1628 2126 1705 2177 ὲν-

137 2201 368 2267 υπνίων,
393 2203 614 2257 καὶτῶν
641 2211 1071 2281 παρατηρήσεων
1091 2211 1418 2281 Ἑλληνικῶν
1437 2214 1711 2281 ἐξαπατῶ-

136 2304 213 2349 σι,
249 2291 344 2345 καὶ
361 2292 953 2369 χλευάζουσιν.Ἕτεροι
976 2299 1031 2352 δὲ
1051 2300 1151 2364 τὰς
1174 2302 1366 2373 ἡδονὰς
1386 2304 1493 2357 τῶν
1509 2305 1604 2359 ἀνθ
1614 2305 1712 2375 ρώ-

133 2396 262 2432 πων
294 2382 652 2451 ὲμὸάλλουσιν
682 2387 739 2439 ἐν
774 2386 850 2458 τῷ
878 2389 1110 2461 σώματι,
1144 2393 1239 2446 καὶ
1270 2395 1448 2449 πάντα
1472 2396 1540 2450 τὰ
1567 2400 1706 2469 μέλη

132 2472 203 2540 τῇ
230 2471 467 2544 ἀθεσμίᾳ
491 2477 818 2547 καγχλάζειν
838 2480 932 2535 καὶ
955 2484 1201 2553 κυματοῦ
1212 2485 1336 2538 σθαι
1357 2487 1593 2554 ποιοῦσι,
1614 2491 1709 2543 καὶ

130 2561 391 2632 ὁμίχλης,
422 2566 518 2620 καὶ
541 2566 706 2637 ζόφου
731 2570 1002 2641 πληροῦσι
1034 2575 1133 2638 τὰς
1173 2576 1455 2648 αἰσθήσεις
1476 2596 1489 2610 ο
1532 2580 1625 2633 καὶ
1655 2581 1709 2633 οἱ

137 2654 243 2721 μὲν
277 2658 390 2719 τοῖς
436 2658 726 2727 ὲπαοιδοῖς,
786 2663 881 2717 καὶ
919 2666 1253 2736 φαρμάκοις,
1299 2669 1392 2723 καὶ
1428 2674 1542 2734 τοῖς
1590 2674 1706 2726 ὲπι-

133 2741 363 2796 λαλοῦσι
415 2749 849 2818 συμπράττουσι,
898 2754 988 2806 καὶ
1020 2757 1493 2827 συνεπισχύουσιν.
1537 2761 1706 2815 Ἐκεῖ-

127 2850 237 2898 νοι,
261 2835 358 2889 καὶ
382 2837 568 2901 ἁπλῶς
593 2842 786 2907 εἰπεῖν,
809 2843 1038 2897 ἕκαστον
1058 2847 1243 2918 τάγμα
1268 2850 1537 2920 δαιμόνων
1565 2853 1703 2908 ἰδίαν

125 2924 273 3017 τινὰᾼ
286 2927 633 3017 κεκλήρωται
662 2932 937 2989 διακονίαν
967 2937 1060 2990 καὶ
1098 2943 1490 3013 πραγματείαν
1528 2944 1700 3017 ψυχο-

129 3014 335 3087 6λα6ἧ.

206 3108 274 3161 Ὅ
301 3108 503 3178 χείλεσι
533 3112 692 3183 μόνον
734 3116 1013 3187 ὁμολογῶν
1039 3120 1131 3175 τὸν
1173 3124 1431 3196 Χριστὸν,
1464 3128 1701 3199 ἀρνησὰ-

131 3218 298 3270 μενος
325 3203 383 3256 δὲ
416 3209 528 3268 τοῖς
557 3205 761 3276 ἔργοις,
797 3210 898 3263 οὐκ
944 3210 1093 3265 ἔστιν
1128 3216 1185 3267 ἐν
1224 3218 1392 3287 αὐτῷ,
1426 3221 1547 3273 οὐδὲ
1587 3222 1699 3291 ἔχει

128 3293 298 3349 αὐτὸν
327 3297 385 3349 ὲν
415 3300 623 3370 ὲαυτῷ’
664 3302 827 3370 μόνου
857 3304 951 3356 καὶ
993 3308 1194 3369 παντὸς
1226 3310 1455 3381 μετόχου
1488 3316 1697 3386 τυγχά-

127 3402 315 3449 νοντος
345 3388 438 3441 τοῦ
465 3390 523 3442 ὲν
550 3393 698 3463 αὑτῷ
725 3393 904 3449 πάντα
937 3397 1237 3463 ποιοῦντος.

202 3477 337 3531 Τότε
374 3480 722 3554 συγχώρησις
771 3485 979 3554 γίνεται
1026 3489 1134 3542 τῶν
1185 3499 1698 3568 προεπταισμένων,

126 3571 278 3664 δτανέ
311 3569 445 3639 ἔργα
478 3576 765 3642 μετανοίας
797 3579 935 3647 μετὰ
985 3581 1159 3635 ταῦτα
1205 3585 1452 3659 τελεσθῇ.
1485 3591 1547 3643 El
1592 3593 1699 3664 γάρ

122 3676 216 3723 τις
252 3658 335 3712 ἔτι
381 3664 636 3731 πράττων
683 3666 751 3720 τὰ
793 3668 1030 3737 ψεκτικὰ
1058 3675 1150 3725 καὶ
1195 3658 1481 3741 κολαστέα,
1527 3658 1700 3753 προσλ-

129 3752 375 3804 ποιεῖται
409 3756 720 3823 μετάνοιαν,
750 3760 813 3812 οὐ
866 3761 1114 3828 τεύξεται
1161 3770 1579 3841 συγχωρήσεως,
1621 3774 1701 3828 ἔτι

125 3841 390 3911 πράττων
418 3844 489 3898 τὰ
508 3847 959 3922 ἀπηγορευμένα.

201 4099 750 4193 Προσαγορεύσαντος
805 4110 1185 4185 τοῦ³ἀσε6οὗς
1243 4123 1558 4193 Βασιλίδους
1605 4130 1696 4183 τὸν

127 4191 524 4283 εὐαγγελιστην
561 4198 835 4271 Ἰωάννην,
859 4206 953 4259 καὶ
974 4210 1243 4276 εἰπόντος·
1286 4191 1699 4283 Ἐπιγινῶσκεις

126 4282 311 4383 ἡ
345 4284 600 4383 ἀμελητὶ,
630 4290 1007 4362 Ἑπιγινώσκω
1029 4318 1111 4363 σε,
1135 4301 1281 4371 λέγει
1300 4308 1328 4359 ό
1350 4282 1535 4375 ἅγιος,
1552 4327 1700 4383 πρωι-

126 4374 355 4429 τότοκον
382 4395 442 4431 τε
470 4380 708 4437 Σατανᾶ.

206 4466 231 4506 ι
266 4467 614 4569 Φοϐηθῶμεν,
650 4477 771 4546 οὐχὶ
799 4479 953 4535 νόσον
980 4485 1082 4553 τὴν
1110 4485 1331 4555 ἔξωθεν,
1356 4492 1489 4547 ἀλλὰ
1519 4497 1699 4569 ἁμαρ-

1812 2046 1865 2090 et
1896 2038 2244 2108 temulentim,
2277 2049 2331 2095 et
2362 2040 2706 2096 fornicationi
2738 2044 3079 2097 incumbunt.
3113 2043 3221 2097 Alii
3280 2059 3376 2112 per

1812 2126 2108 2194 insomnia,
2143 2140 2197 2185 et
2239 2135 2537 2203 paganicas
2590 2135 3007 2191 observationes
3068 2137 3252 2190 fucum
3286 2136 3373 2189 fa-

1812 2220 1985 2285 ciunt,
2018 2221 2502 2294 lutlilicauturque.
2537 2226 2646 2281 Alii
2676 2226 2935 2282 libidines
2975 2227 3030 2281 in
3090 2227 3371 2281 hominum

1810 2328 2012 2383 corpus
2059 2312 2339 2383 injiciunt,
2386 2316 2732 2385 elliciuntque
2775 2326 2834 2372 ut.
2881 2318 3125 2373 membra
3186 2318 3373 2372 omnia

1810 2404 2143 2459 inconcinno
2197 2406 2399 2475 gaudio
2446 2410 2820 2477 percellantur
2864 2420 2918 2465 et
2966 2412 3266 2477 agitentur,
3310 2424 3375 2464 ac

1810 2513 2006 2553 sensus
2040 2499 2275 2570 caligine
2303 2509 2357 2555 et
2389 2501 2631 2556 tenebris
2664 2502 2907 2571 opplent.
2970 2503 3078 2556 Alii
3114 2504 3369 2558 incauta-

1810 2589 2041 2652 toribus,
2090 2598 2143 2644 et
2198 2590 2482 2655 veneficis,
2508 2600 2563 2646 et
2616 2593 3067 2647 vaticinatoribus
3146 2610 3369 2662 cperam

1808 2679 2119 2744 conferunt,
2146 2689 2200 2735 et
2221 2682 2585 2751 opitulantur.
2605 2683 2708 2737 Alii
2744 2684 3000 2754 denique,
3029 2685 3139 2739 imo
3170 2696 3366 2740 utrem

1806 2770 1957 2824 brevi
2012 2771 2367 2841 complectar,
2400 2788 2746 2843 unaquaeque
2794 2773 3103 2828 dmmonum
3139 2774 3359 2837 classis,

1804 2864 2081 2933 peculiare
2108 2864 2383 2934 quoddam
2414 2866 2786 2923 ministerium
2816 2876 2872 2923 et
2890 2866 3134 2921 oﬂicium
3160 2868 3361 2922 animis

1804 2953 2124 3026 pestiferum
2156 2966 2317 3010 nacta
2342 2965 2445 3012 est.

1875 3128 2116 3200 Didymi,
2146 3129 2207 3182 in‘
2235 3128 2423 3184 Isa.—
2454 3130 2557 3197 Qui
2581 3133 2742 3189 labiis
2769 3134 3039 3188 duntaxat
3070 3133 3351 3188 Christum

1804 3219 2112 3285 confitetur,
2136 3220 2395 3291 operibus
2419 3232 2597 3277 autem
2618 3232 2803 3294 negat,
2829 3224 2874 3279 is
2895 3226 2948 3278 in
2980 3226 3100 3296 ipso
3128 3241 3232 3278 non
3257 3234 3365 3287 est,

1808 3326 1910 3365 nec
1940 3327 2061 3365 eum
2088 3313 2139 3367 in
2168 3330 2228 3369 se
2253 3315 2414 3370 habet
2449 3333 2461 3369 :
2498 3317 2700 3385 quippe
2731 3332 2854 3370 cum
2887 3316 2977 3371 ille
3033 3317 3181 3370 solus
3234 3332 3365 3387 par-

1808 3402 1979 3472 ticeps
2007 3404 2176 3473 ipsius
2203 3421 2324 3461 esse
2353 3407 2548 3475 possit,
2584 3408 2675 3475 qui
2705 3409 2758 3461 in
2782 3423 2846 3462 eo
2877 3409 3055 3461 omnia
3089 3408 3239 3462 facit.

1874 3493 2067 3562 Ejusd.
2086 3510 2150 3548 ca:
2169 3495 2257 3549 'ib.
2275 3512 2330 3549 Ill
2353 3499 2405 3550 in
2430 3497 2761 3551 eunulem.—-—
2787 3496 2922 3551 Tum
2943 3498 3157 3552 demum
3190 3502 3369 3568 priora

1804 3596 2025 3656 peccata
2056 3587 2459 3651 condonantur,
2494 3605 2618 3643 cum
2654 3604 2817 3659 opera
2850 3591 3187 3658 pmoitentiae
3229 3606 3364 3643 con-

1804 3689 2065 3733 sentanea
2114 3679 2342 3748 posthac
2402 3679 2734 3735 efficiuntur.
2786 3679 2920 3734 Nam
2946 3681 2992 3735 si
3042 3682 3192 3750 quis,
3238 3683 3367 3734 dum

1806 3766 1991 3821 adhuc
2042 3766 2285 3822 facinora
2344 3768 2746 3838 vituperatione
2776 3776 2832 3824 et
2865 3769 3134 3839 supplicio
3195 3770 3363 3838 digna

1804 3864 2102 3927 perpetrat.
2137 3858 2509 3927 paenitentiam
2540 3860 2783 3925 simulat,
2812 3860 2899 3913 hic
2924 3861 3138 3914 veniam
3191 3861 3363 3915 baud-

1801 3963 2079 4018 quaquam
2111 3960 2497 4019 consequetur,
2521 3966 2647 4005 cum
2682 3966 2748 4006 ea
2782 3951 3095 4007 committat
3118 3967 3239 4023 qua:
3277 3952 3359 4005 le-

1802 4058 1867 4113 ge
1902 4042 2195 4097 interdicta
2236 4051 2385 4097 sunt.

1872 4133 2065 4202 Ejusd.
2090 4149 2155 4188 ea:
2181 4133 2276 4189 lib.
2294 4150 2366 4188 vi.
2392 4163 2461 4174 —
2485 4133 2620 4188 Cum
2653 4132 2852 4203 impius
2882 4132 3152 4189 Basilides
3193 4148 3364 4188 evan-

1801 4226 2049 4295 gelistam
2087 4224 2351 4280 Joannem
2385 4224 2689 4295 aliquando
2738 4226 3058 4288 salutasset,
3104 4225 3364 4280 dixisset-

1800 4331 1908 4386 que
1940 4335 1955 4370 :
1990 4317 2257 4387 Agnoscis
2280 4317 2432 4371 nos?
2474 4317 2621 4370 nulla
2681 4319 3006 4386 interposita
3060 4332 3235 4381 mora,
3277 4318 3362 4371 vir

1800 4415 2024 4462 sanctus
2055 4408 2129 4461 ait
2170 4426 2182 4462 :
2218 4408 2475 4477 Agnosco
2504 4416 2556 4461 te
2579 4408 2995 4476 primogenitum
3017 4406 3255 4461 Satanae.

1872 4496 2038 4552 Clem.
2064 4498 2218 4552 Alex.
2255 4498 2471 4566 Ecclog.
2494 4498 2661 4553 20.—
2698 4498 2818 4552 Non
2865 4509 3152 4553 externum
3212 4514 3361 4554 mor-

128 4559 376 4628 τήματα,
408 4560 473 4614 δι’
498 4562 535 4616 ἃ.
583 4567 616 4637 ἠ
653 4569 835 4634 νόσοςο
864 4574 959 4626 καὶ
990 4576 1143 4629 νόσον
1181 4580 1377 4653 ψυχῆς,
1432 4559 1693 4659 οὐχισῶ-

1817 4604 1948 4654 ιιιιιι,
1977 4590 2070 4643 sed
2098 4596 2319 4658 peccata
2348 4604 2468 4657 qua:
2492 4590 2738 4643 morbum
2769 4598 3080 4655 accersunt,
3100 4590 3360 4644 exstime-

130 4667 325 4719 ματος.

198 4742 384 4842 δόμος
416 4745 555 4802 ἔστω
579 4745 723 4806 κατὰ
761 4757 869 4811 τῶν
905 4761 1081 4830 σεμνὰ
1105 4765 1199 4817 καὶ
1228 4765 1366 4833 θεῖα,
1393 4771 1455 4823 οὐ
1484 4777 1699 4842 σεμνῶς

1798 4696 2056 4742 scamus;
2087 4693 2150 4733 ac
2185 4681 2438 4733 morbum
2476 4680 2667 4745 animi,
2700 4695 2806 4733 non
2838 4682 3112 4749 corporis.

1868 4771 2144 4841 Ejusdem.
2183 4770 2363 4825 —Sit
2414 4772 2501 4825 lex
2562 4772 2664 4826 ista
2718 4773 3043 4836 constituta,
3098 4772 3362 4827 adversus

122 4832 224 4937 καὶ
255 4834 581 4937 θεοπρεπῶς
624 4846 757 4917 όρᾷν
791 4849 1108 4920 ἀξιούντων,
1146 4832 1366 4912 κόλασιν
1410 4832 1697 4937 ἐπιφέρειν

1817 4879 1889 4919 eos
1918 4863 2012 4931 qui
2045 4878 2133 4918 res
2162 4873 2385 4917 sanctas
2437 4870 2491 4916 et
2522 4862 2759 4927 divinas,
2813 4880 2921 4918 non
2977 4876 3168 4920 sancte
3225 4874 3363 4920 etut

126 4924 423 4996 ἀορασίας.

196 5101 260 5155 Εἰ
305 5104 483 5202 βούλει
519 5113 626 5168 ὑπὸ
657 5118 750 5171 τοῦ
797 5120 933 5173 Θεοῦ
978 5122 1377 5193 βασιλεύεσθαι,
1406 5131 1481 5201 μὴ
1515 5133 1696 5202 βούλει

120 5193 483 5298 ἁμαρτάνειν.
511 5205 573 5260 Εἰ
602 5207 659 5261 δὲ
709 5211 1065 5283 ἁμαρτάνεις,
1101 5218 1217 5282 πῶς
1264 5193 1561 5298 βασιλεόσῃ
1591 5227 1696 5281 ὑπὸ

117 5285 219 5338 τοῦ
250 5288 409 5346 Θεοῦ.

300 5382 540 5476 καθαρός
576 5387 702 5452 νοῦς
742 5391 981 5459 πέφυκεν
1010 5395 1234 5468 θεωρεῖν
1277 5403 1375 5473 τὴν
1405 5406 1688 5476 ἀλήθειαν,

118 5470 220 5521 καὶ
246 5473 277 5523 ό
303 5472 433 5540 Θεὸς
466 5478 642 5550 τούτῳ
673 5484 922 5551 πέφυκεν
969 5489 1383 5559 ἐμφανίζεσθαι.
1415 5497 1569 5552 Ὅσοι
1597 5497 1691 5554 οὖν

1792 4955 1904 5009 Deo
1932 4953 2156 5024 dignum
2187 4965 2294 5021 est,
2326 4970 2554 5011 cernere
2577 4956 2832 5027 cupiunt,
2870 4972 3088 5027 prunam
3139 4957 3361 5010 caecita-

1799 5046 1870 5099 tis
1911 5044 2136 5099 inferre.

1784 5164 1785 5167 η
1868 5137 2135 5191 Philonis.
2173 5165 2243 5178 —
2280 5136 2338 5192 Si
2375 5135 2543 5193 Deum
2578 5154 2760 5209 regem
2788 5139 2992 5194 habere
3044 5138 3226 5208 cupis,
3270 5134 3359 5191 fac

1796 5228 2095 5283 abhorreas
2125 5242 2155 5281 a
2189 5240 2437 5298 peccato.
2475 5228 2720 5295 Quonam
2750 5231 2953 5283 etenim
2977 5240 3139 5297 pacto
3162 5229 3212 5284 is
3248 5231 3353 5284 sub

1794 5319 1887 5375 Dei
1911 5318 2142 5386 imperio
2176 5320 2269 5382 sit,
2304 5321 2399 5387 qui
2429 5322 2671 5389 peccatis
2693 5318 3046 5373 ’delectatur?

1869 5406 2108 5475 Evagrii.
2135 5437 2202 5448 --
2224 5408 2302 5463 lta
2340 5420 2534 5462 natura
2561 5417 2935 5477 comparatum
2970 5422 3077 5474 est,
3108 5419 3168 5462 ut
3202 5426 3357 5468 mens

1798 5513 1935 5568 pura
1966 5498 2253 5554 veritatem
2288 5509 2481 5556 cernat
2512 5517 2528 5565 ;
2568 5500 2728 5569 eique
2751 5497 2895 5553 Deus
2936 5514 3061 5554 sese
3100 5510 3357 5571 spectan-

1409 5632 1643 5690 VARIAE
1678 5632 2077 5692 LECTIONES.

193 5700 223 5740 ι
253 5699 312 5784 in
376 5704 526 5784 litin.
585 5712 943 5784 fragmentum
984 5722 1127 5779 istud
1178 5726 1385 5782 dicitur
1417 5733 1479 5783 ἐκ
1509 5733 1601 5784 τοῦ

118 5776 327 5850 mentis
385 5776 412 5847 ς
467 5778 556 5836 9.0.

119 5851 321 5896 οιιιιειι.

617 5732 943 5801 ragtnentum
984 5732 1127 5779 istud
1178 5732 1385 5782 dicitur
1417 5733 1479 5783 ἐκ
1509 5733 1601 5784 τοῦ
1635 5734 1684 5805 η’
1728 5735 1972 5804 Στρωμ.,
2011 5747 2075 5786 ex
2099 5750 2196 5789 vm
2248 5733 2447 5788 Strom.
2491 5734 2685 5788 Exstat
2710 5748 2842 5788 vero
2878 5733 2933 5787 in
2965 5732 3182 5801 Eclogis
3240 5732 3361 5786 Cie-

617 5785 750 5841 Vide
808 5805 862 5844 Ill
895 5794 1119 5849 Auctar.
1178 5801 1488 5849 novissima!
1524 5801 1659 5849 Bibl-
1684 5803 1783 5849 ΡΙ),
1819 5803 1989 5849 Guar.
2029 5801 2593 5849 Fraamnntunualiml
2629 5803 2771 5849 mind
2814 5803 3084 5849 αριιιιὶιιιτ-
3129 5818 3235 5849 non
3272 5816 3361 5849 nc-

740 5804 750 5841 ι
808 5805 862 5844 ιιι
895 5801 1119 5851 Auctar.
1178 5801 1488 5856 novissimae
1524 5801 1989 5859 Bibl.‘Pi’.'Grzec.
2029 5801 2593 5874 Fragmentumsaliud
2629 5803 2773 5873 quod
2814 5803 3085 5872 sequitur,
3129 5818 3235 5857 non
3272 5816 3361 5859 ac.-
