4024 6418
574 430 703 496 1171
1734 430 1796 489 S.
1836 427 2155 490 JOANNIS
2182 423 2614 488 DAMASCENI
3672 410 3801 475 1172

570 545 700 599 dum
729 542 968 613 praebere
990 540 1151 598 solet.
1181 540 1375 613 Itaque
1409 553 1604 595 omnes
1629 538 1734 603 illi,
1765 539 1861 610 qui
1906 539 2133 594 aberra-

2250 536 2364 608 τερὶ
2390 535 2488 609 τὴν
2533 532 2784 602 ἀλήθειαν
2810 528 3141 599 ἐσφάλησαν,
3188 526 3338 595 παρὰ
3366 525 3428 578 τὸ
3462 522 3653 585 κακῶς
3682 521 3803 592 βιῶ·

574 642 768 688 verunt
795 647 826 686 a
855 631 1108 697 veritate,
1137 630 1211 687 ob
1237 631 1291 687 id
1319 631 1672 696 aberrarunt,
1700 631 1829 701 quia
1856 628 2132 686 scelerate

2250 646 2330 683 σαι
2356 627 2688 697 ἐσφάλησαν.
2714 621 3054 686 Κολάζονται
3084 614 3178 674 οὖν
3212 621 3259 672 οἱ
3288 618 3579 689 αἱρετικοὶ.
3611 616 3710 685 οὐχ
3730 616 3803 670 ὃτι

569 726 847 780 vixerunt.
879 723 1190 779 Puniuntur
1213 738 1344 794 ergo
1371 721 1640 789 haeretici,
1660 736 1773 777 non
1799 721 1930 791 quia
1967 720 2140 776 haere-

2250 719 2505 792 ιίρετικοί
2537 720 2695 781 εἰσιν,
2727 713 2842 770 ἀλλ’
2870 715 2953 767 ὅτι
2982 712 3235 782 γεγόνασι
3264 709 3455 771 κακῶς
3487 708 3802 779 βιώσαντες.

572 814 665 868 tici
716 820 867 880 sunt,
919 814 1016 869 sed
1067 814 1139 869 ob
1188 814 1353 868 vitam
1380 811 1728 883 ﬂagitiosam.
1764 808 1955 881 Neque
1990 810 2138 866 enim

2250 815 2356 868 Οὐκ
2408 812 2526 866 ἐστι
2562 810 2673 882 γὰρ
2704 806 2980 881 αἱρετικὸν
3023 803 3297 874 γενέσθαι,
3329 800 3406 873 μὴ
3444 801 3639 863 κακῶς
3690 799 3806 869 βιώ-

573 902 689 957 lieri
767 912 969 974 potest,
1032 913 1095 959 ut
1159 903 1446 975 quisquam
1497 902 1783 959 haereticus
1856 902 1968 968 fiat,
2034 900 2141 956 nisi

2250 923 2433 973 σαντα,
2466 907 2575 959 εἴτε
2605 904 2784 973 λόγος,
2816 902 2928 955 εῐτε
2971 898 3193 970 πράξει.
3222 898 3459 959 Δικαὶως
3487 894 3588 947 οὖν
3620 892 3803 962 κριθή-

570 994 728 1062 prius
744 995 827 1050 vel
857 995 1058 1062 verbis,
1084 993 1164 1049 vel
1188 993 1517 1058 actionibus,
1540 993 1683 1048 male
1697 993 1864 1049 vitam
1889 990 2142 1048 institue-

2250 1016 2449 1063 σονται,
2471 998 2569 1067 οὐχ
2606 996 2691 1051 ὅτι
2729 992 3189 1065 προσκόπτουσιν,
3225 989 3339 1045 ἀλλ’
3367 990 3451 1043 ὅτι
3477 986 3708 1047 ἑαυτοὺς
3726 983 3805 1037 δια

573 1085 669 1139 ι·ἱι.
706 1086 975 1152 Quocirca
1040 1085 1238 1140 merito
1261 1084 1793 1151 condemnabuntur,
1850 1072 1967 1140 non
2012 1083 2141 1153 quia

2250 1089 2435 1162 μέθης,
2471 1087 2774 1151 ἀπειθείας,
2806 1085 2901 1139 καὶ
2948 1080 3310 1154 φιλαργυρίας
3346 1078 3703 1150 τυφλοῦντες,
3754 1078 3805 1129 tv

529 1195 540 1207 ·
572 1175 876 1239 oﬂendunt.
913 1176 1009 1232 sed
1039 1176 1167 1245 quia
1215 1177 1427 1245 seipsos
1459 1189 1561 1245 per
1616 1175 1957 1238 ebrietatem,
2009 1189 2144 1229 con-

2250 1181 2428 1236 σκότει
2448 1178 2883 1251 διαπορεύονται.

572 1264 868 1318 tumaciam
901 1272 955 1319 et
979 1263 1266 1318 avaritiam
1295 1264 1634 1319 obcaecantes
1668 1263 1724 1318 in
1747 1262 1988 1319 tenebris
2020 1276 2138 1316 am-

568 1353 781 1409 buiant.

570 1488 732 1561 35.2
759 1489 893 1561 TI'_I‘.
916 1487 1057 1543 XIII.
1090 1522 1160 1532 -—
1188 1489 1264 1546 De
1287 1490 1631 1559 impeccantia
1660 1505 1680 1545 :
1715 1500 1763 1543 et
1789 1489 1927 1559 quod
1955 1497 2145 1558 praeter

816 1559 987 1614 Deum
1033 1576 1181 1614 nemo
1213 1578 1244 1614 a
1272 1572 1481 1627 peccato
1530 1561 1781 1614 immunis
1810 1561 1903 1613 sit.

2245 1489 2430 1543 Tl'I‘A.
2448 1485 2790 1552 ιΓ¹.-Περι
2822 1484 3300 1553 ἀναμαρτησιας·
3324 1481 3416 1535 ὅτι
3444 1477 3649 1543 οὐδεὶς
3674 1476 3805 1531 ἀγα·

2646 1555 2971 1626 μάρτητος,
2998 1557 3051 1608 εί
3073 1553 3160 1625 μὴ
3187 1556 3219 1607 ὁ
3242 1553 3408 1618 Θεός.

640 1674 741 1729 Job
780 1692 910 1741 xxv,
928 1677 983 1733 4.
1011 1708 1085 1719 -
1113 1695 1132 1728 ι
1165 1676 1423 1748 Nunquid
1453 1678 1616 1732 homo
1638 1693 1809 1749 purus
1831 1679 1936 1732 erit
1958 1691 2142 1731 coram

2324 1694 2342 1728 ι
2369 1676 2462 1745 Μὴ
2487 1671 2725 1744 καθαρὸς
2757 1670 2910 1724 ἔσται
2942 1666 3130 1741 βροτὸς
3154 1665 3384 1721 ἐνώπιον
3414 1661 3663 1733 Κυρίου;
3690 1677 3708 1711 ι

575 1766 809 1822 Domino
831 1768 854 1822 ?
887 1785 908 1821 ι

643 1783 809 1822 immo
832 1783 854 1822 ι
887 1785 908 1821 ι

643 1858 745 1913 Job
781 1875 934 1927 xxiv,
957 1861 1011 1917 5.
1057 1890 1127 1901 —-
1164 1880 1181 1912 ι
1211 1859 1346 1926 Quis
1378 1859 1640 1931 .mundus
1673 1874 1703 1912 a
1734 1858 1939 1914 sorde?
1985 1873 2144 1914 nemo

2324 1866 2343 1899 ι
2382 1845 2480 1910 Τίς
2503 1843 2743 1914 καθαρός
2763 1843 2909 1896 ἐστιν
2936 1840 3043 1895 ἀπὸ
3068 1837 3272 1910 ῥύπους
3303 1835 3420 1890 ἀλλ’
3447 1832 3572 1887 οὐδὲ
3595 1828 3697 1897 εἷς,
3715 1831 3806 1883 xiv

573 1952 755 2023 plane,
778 1959 833 2007 et
862 1951 910 2007 si
940 1952 1105 2007 unius
1135 1952 1241 2007 diei
1266 1928 1551 2007 vita-illius
1571 1951 1643 2007 sit
1663 1966 1830 2023 super
1856 1960 2083 2005 terram.
2120 1967 2139 2001 ι

2250 1939 2377 2012 μίαν
2408 1937 2622 2010 ἡμέραν
2650 1938 2679 1989 ὁ
2713 1934 2827 2006 βίος
2852 1930 3019 1987 αὐτοῦ
3054 1930 3148 1985 ἐπὶ
3178 1930 3280 1999 τῆς
3308 1928 3437 1999 γῆς.
3478 1947 3497 1979 ι

644 2040 746 2097 Job
792 2043 1034 2109 xxv,15.
1074 2074 1142 2086 --
1172 2061 1190 2093 ι
1218 2042 1427 2098 leum
1465 2058 1574 2098 non
1629 2050 1713 2099 est
1789 2043 2051 2098 mundum
2090 2041 2144 2096 in

577 2144 875 2200 conspectu
905 2134 1047 2205 ejus.
1086 2155 1105 2186 ι

650 2224 794 2280 Ibid.
832 2226 918 2281 M.
944 2257 1016 2268 —
1058 2245 1076 2279 ι
1116 2225 1251 2294 Quis
1281 2226 1446 2281 homo
1478 2235 1537 2281 ut
1582 2224 2146 2295 sit’irreprehensibi-

577 2318 646 2371 lis
673 2318 697 2371 ?
724 2320 1003 2387 quomodo
1040 2321 1143 2373 erit
1175 2319 1337 2373 homo
1364 2319 1548 2389 justus
1574 2334 1761 2374 coram
1789 2318 2067 2375 Domino?
2121 2338 2140 2370 ι

652 2408 803 2462 Psal.
828 2425 1015 2476 cxxxx,
1047 2411 1100 2465 5.
1131 2440 1202 2453 -
1228 2430 1246 2461 ‹
1277 2408 1333 2464 Si
1361 2411 1684 2479 iniquitates
1740 2410 2144 2478 observaveris,

577 2500 824 2568 Domine,
852 2500 1096 2569 Domine,
1127 2502 1254 2573 quis
1282 2502 1620 2557 sustinebit?
1649 2522 1668 2555 ι

649 2591 800 2646 Ρδαί.
839 2609 971 2657 xui,
1002 2594 1056 2647 2.
1090 2624 1158 2635 ——
1197 2612 1215 2645 ι
1252 2592 1374 2648 Non
1435 2594 1608 2648 intres
1642 2593 1695 2648 in
1723 2594 1990 2663 judicium
2023 2609 2148 2649 cum

2322 2051 2339 2083 ι
2368 2029 2611 2102 Οὐρανὸς
2640 2029 2702 2082 οὐ
2726 2026 2966 2098 καθαρὸς
3000 2024 3245 2079 ἐναντίον
3274 2022 3464 2079 αὐτοῦ.
3498 2041 3521 2073 ι

2325 2225 2343 2257 ι
2378 2204 2475 2268 Τίς
2534 2204 2745 2275 βροτὸς,
2799 2202 2883 2256 ὅτι
2937 2201 3090 2255 ἔσται
3135 2200 3460 2272 ἄμεμπτος;
3505 2195 3626 2258 πῶς
3666 2194 3805 2247 ἔσται

2252 2297 2441 2371 βροτὸς
2469 2296 2679 2359 δίκαιος
2705 2295 2857 2367 παρὰ
2887 2293 3105 2363 Κυρίῳς
3143 2311 3162 2344 ι

2324 2410 2343 2443 ι
2391 2390 2515 2443 Ἐὰν
2547 2388 2779 2458 ἀνομίας
2807 2386 3240 2459 παρατηρήσεις,
3276 2382 3471 2454 Κύριε,
3504 2380 3702 2453 Κύριε,
3731 2379 3807 2441 τίς

2250 2482 2618 2552 ὑποστήσεται
2640 2497 2656 2546 ;
2692 2498 2709 2531 ι

2326 2595 2344 2627 ι
2383 2576 2473 2645 Μὴ
2497 2573 2746 2647 εἰσέλθῃς
2771 2574 2850 2636 είς
2875 2572 3057 2643 κρίσιν
3084 2570 3220 2642 μετά
3248 2568 3339 2623 τοῦ
3365 2568 3555 2622 δούλου
3588 2584 3706 2631 σου,
3733 2568 3805 2621 ὅτι

576 2700 733 2738 servo
773 2693 887 2749 tuo,
915 2685 1040 2755 quia
1076 2702 1183 2740 non
1223 2684 1614 2758 justiﬁcabitur
1669 2685 1723 2740 in
1746 2697 2039 2757 conspectu
2056 2695 2144 2741 tuo

2250 2668 2309 2722 οὒ
2339 2667 2761 2740 δικαιωθήσεται
2792 2664 3022 2719 ἐνώπιόν
3055 2680 3149 2717 σου
3181 2664 3289 2726 πᾶς
3316 2660 3445 2727 ζῶν.
3478 2679 3499 2713 ι

574 2774 754 2831 omnis
776 2776 987 2832 vivens.
1025 2795 1044 2828 ι

645 2868 805 2924 Prov.
832 2885 927 2937 xx,
960 2870 1016 2924 9.
1053 2900 1124 2911 —
1152 2890 1170 2922 ι
1217 2869 1350 2937 Quis
1398 2877 1578 2940 potest
1623 2870 1842 2939 gloriari
1888 2871 2147 2927 mundum

573 2976 703 3017 esse
732 2976 831 3016 cor
858 2976 1019 3017 suum
1043 2962 1066 3013 ?
1089 2970 1143 3016 et
1174 2962 1299 3030 quis
1336 2960 1589 3017 ﬁduciam
1621 2960 1845 3015 habebit
1874 2976 1932 3017 se
1953 2976 2149 3032 purum

575 3067 700 3105 esse
730 3066 760 3104 a
788 3051 1049 3120 peccato?
1083 3070 1101 3102 ι

602 3204 615 3215 ς
648 3140 822 3197 Eccte.
859 3158 956 3205 vn,
987 3143 1082 3199 2i.
1107 3162 1203 3193 -ι
1236 3140 1356 3197 Non
1382 3149 1467 3197 est
1492 3142 1655 3196 homo
1678 3141 1863 3213 justus
1898 3142 1952 3197 in
2004 3153 2149 3198 terra

576 3233 669 3302 qui
708 3233 874 3286 faciat
911 3234 1142 3296 bonum,
1167 3241 1223 3287 et
1253 3248 1361 3287 non
1387 3233 1601 3303 peccet?
1633 3250 1653 3285 ι

652 3324 675 3377 1
710 3324 940 3391 10am],
962 3326 1016 3381 8.
1046 3356 1118 3367 --
1148 3344 1167 3378 ι
1195 3325 1252 3381 Si
1295 3325 1628 3391 dixerimus,
1689 3325 1818 3396 quia
1860 3333 2145 3395 peccatum

2327 2866 2346 2898 ι
2389 2849 2421 2900 ἰ
2438 2864 2485 2911 ις
2510 2847 2847 2918 καυχήσεται
2872 2844 3044 2915 ἁγνὴν
3073 2842 3218 2913 ἔχειν
3251 2842 3352 2914 τὴν
3385 2839 3649 2911 καρδέανς
3677 2839 3708 2908 ἢ
3734 2838 3805 2899 τίς

2249 2938 2693 3013 παρρησιάζεται
2722 2938 2961 3010 καθαρὸς
3002 2933 3141 2991 εἶναι
3169 2935 3277 2990 ἀπὸ
3306 2935 3620 3006 ἁμαρτίας;
3658 2950 3678 2984 ι

2327 3141 2345 3175 ι
2379 3119 2698 3190 Ἀνθρωπος
2725 3119 2825 3172 οὐκ
2853 3116 2969 3171 ἔστι
2993 3117 3200 3179 δίκαιος
3221 3115 3279 3168 ἐν
3303 3116 3369 3186 τῇ
3391 3116 3486 3185 γῇ,
3518 3110 3579 3175 ὅς
3608 3110 3803 3179 ποιήσει

2173 3233 2216 3292 C
2251 3213 2476 3283 ἀγαθὸν,
2509 3213 2601 3266 καὶ
2623 3212 2721 3281 οὐχ
2752 3209 3151 3279 ἁμαρτήσεται.
3189 3226 3207 3258 ι

2278 3378 2279 3381 η
2324 3326 2343 3357 ι
2375 3305 2501 3359 Ἐὰν
2527 3306 2791 3375 εἴπωμεν,
2820 3304 2903 3356 ὅτι
2934 3301 3209 3373 ἁμαρτίαν
3230 3299 3329 3353 οὐκ
3353 3297 3572 3369 ἔχομεν,
3596 3294 3803 3354 causai»;

576 3435 688 3473 non
716 3420 998 3485 habemus,
1028 3419 1135 3490 ipsi
1156 3434 1256 3474 nos
1280 3418 1619 3484 seducimus,
1651 3427 1706 3474 et
1739 3417 2015 3473 veritasin
2057 3432 2144 3472 uo-

2250 3398 2561 3469 πλανῶμεν,
2592 3400 2688 3451 καὶ
2723 3395 2954 3466 ἀλήθεια
2987 3396 3045 3447 ὲν
3078 3395 3210 3465 ἡμῖν
3240 3392 3341 3445 οὐκ
3380 3390 3549 3443 ἐστιν.
3593 3408 3611 3441 ι

576 3511 661 3565 bis
701 3526 811 3566 non
835 3520 940 3567 est.
986 3530 1007 3564 ι

575 3646 710 3702 ΤΙΤ.
731 3644 944 3702 XIV.—
974 3646 1050 3700 De
1086 3647 1153 3701 iis
1173 3645 1263 3716 qui
1309 3643 1503 3699 seculo
1522 3642 1970 3705 renuntiaverunt,
1996 3653 2042 3696 et
2086 3658 2144 3697 ea

2250 3640 2550 3716 ΤΙ’Ῑ“Λ.1Δ’ἒ
2577 3671 2647 3716 -τ
2688 3641 2827 3716 Ιζερὶ
2876 3638 3379 3716 ἀποταξαμένῳν,
3405 3634 3536 3716 καὶ.
3555 3634 3630 3716 ἐξ
3670 3636 3803 3687 ὑπο·

785 3718 975 3787 quibus
1004 3718 1451 3777 renuntiaverunt,
1481 3730 1695 3767 rursum
1734 3724 1918 3783 agunt.

646 3829 798 3886 Psal.
829 3846 1010 3895 cxxtv,
1045 3830 1099 3885 5.
1132 3857 1205 3869 --
1241 3846 1260 3879 ι
1298 3825 1651 3883 Declinantes
1682 3823 1737 3878 in
1760 3823 2134 3892 obligationes

575 3922 815 3980 adducet
836 3921 1101 3978 Dominus
1137 3936 1263 3978 cum
1298 3916 1656 3991 sperantibus
1687 3915 2064 3985 iniquitatem.
2113 3933 2133 3967 ι

646 4012 801 4068 Prov.
824 4030 970 4080 xxvi,
992 4014 1183 4069 20.—¢
1216 4011 1371 4067 Sicut
1397 4010 1574 4073 canis,
1605 4021 1726 4061 cum
1758 4008 2050 4062 revertitur
2077 4006 2144 4061 ad

2317 3712 2587 3782 στροφῆς
2605 3703 2806 3765 ἑκεῐνὶι
2831 3703 3214 3778 πραττόντων
3236 3703 3325 3773 οἷς
3348 3704 3742 3767 ἀπετάξαντο.

2325 3845 2343 3878 ι
2381 3827 2519 3889 Τοὺς
2547 3825 2894 3886 ὲκκλίνοντας
2939 3826 3020 3887 είς
3052 3824 3150 3884 τὰς
3184 3819 3577 3891 στραγγαλιςϊς,
3624 3815 3802 3880 ἀπάξει

2248 3917 2452 3989 Κύριος
2486 3919 2623 3987 μετᾶ
2652 3916 2762 3969 τῶν
2787 3916 3170 3987 ἐργαζομένων
3194 3916 3292 3984 τὴν
3322 3914 3576 3983 ἀνομίαν.
3610 3931 3627 3961 ι

2325 4031 2343 4063 ι
2382 4011 2592 4081 Ὠσπερ
2621 4009 2786 4070 κύων,
2816 4009 2944 4062 ὃταν
2978 4008 3180 4078 ἐπέλθῃ
3212 4008 3304 4060 ἐπὶ
3336 4007 3426 4059 τὸν
3458 4004 3658 4059 ἑαυτοῦ
3688 4003 3802 4073 ἔμε·

2246 4120 2358 4166 τον,
2392 4104 2485 4156 καὶ
2536 4101 2763 4173 μισητὸς
2786 4102 3034 4171 γένηται,
3081 4099 3257 4162 οὕτως
3297 4099 3487 4169 ἄφρων
3534 4100 3605 4168 τῇ
3652 4092 3801 4149 αὑτοῦ

2248 4194 2417 4265 κακίᾳ
2447 4193 2791 4264 ἀναστρέψας
2822 4193 2916 4245 ἐπὶ
2945 4192 3044 4263 τὴν
3077 4191 3374 4262 ἁμαρτίαν.
3407 4207 3425 4241 ι

2322 4304 2341 4337 ι
2378 4286 2464 4339 Ἐν
2491 4285 2568 4356 τῷ
2602 4284 2944 4355 ἀποστρέψαι
2983 4284 3190 4338 δίκαιον
3221 4284 3285 4337 ὲκ
3325 4282 3423 4353 τῆς
3466 4280 3801 4347 δικαιοσύνης

574 4104 842 4159 vomitum
872 4120 1057 4168 suum,
1097 4103 1267 4173 ﬁtque
1320 4099 1563 4162 odibilis,
1596 4095 1677 4151 sic
1709 4095 1913 4150 stultus
1940 4095 2147 4151 malitia

574 4209 677 4250 sua
706 4194 914 4250 iterans
938 4201 1227 4264 peccatum
1263 4206 1446 4246 suum.
1491 4209 1511 4241 ι

642 4285 839 4341 Ezech.
868 4301 1027 4349 xvnt,
1058 4285 1237 4339 2L—
1263 4301 1281 4334 ι
1317 4282 1376 4337 Si
1407 4284 1671 4339 averterit
1697 4298 1757 4338 se
1788 4282 1975 4352 justus
1999 4294 2029 4332 a
2049 4278 2145 4348 ju-

574 4378 729 4436 stitia
762 4393 883 4443 sua,
913 4386 967 4433 et
993 4378 1184 4432 iecerit
1227 4376 1580 4447 injustitiam,
1609 4378 1912 4431 secundum
1949 4388 2144 4428 omnes

2250 4377 2434 4441 αὐτοῦ,
2470 4378 2566 4431 καὶ
2593 4378 3059 4448 ποιήσειάδικίαν,
3086 4376 3228 4431 κατὰ
3250 4377 3428 4439 πάσας
3452 4376 3553 4440 τὰς
3590 4372 3800 4443 ἀνομίας

573 4470 919 4541 iniquitates,
988 4485 1129 4541 quas
1176 4469 1392 4541 operari
1435 4470 1579 4525 solet
1639 4470 1888 4539 impius,
1939 4482 2139 4521 omnes

2250 4470 2314 4534 ἃς
2348 4470 2605 4541 ἐποίησεν
2632 4472 2660 4524 ὁ
2690 4470 2910 4541 ἄνομος,
2944 4472 3116 4523 πᾶσαι
3160 4470 3218 4524 αἱ
3266 4469 3608 4523 δικαιοσύναι
3651 4464 3799 4521 αὐτοῦ

568 4563 802 4633 jnstitia:
829 4562 952 4633 ejus
979 4577 1119 4633 quas
1162 4562 1313 4627 fecit,
1348 4577 1458 4618 non
1500 4544 1801 4618 servabunt
1853 4575 1978 4616 eum
2029 4579 2042 4614 :
2082 4560 2138 4613 in

2250 4563 2315 4627 ἃς
2351 4562 2627 4633 ἐποίησεν,
2653 4563 2713 4616 οὑ
2750 4562 2827 4634 μὴ
2856 4562 3201 4633 φυλαχθῶσιν
3224 4562 3281 4614 ὲν
3311 4560 3387 4631 τῷ
3410 4559 3799 4632 παραπτώματι

572 4656 776 4710 delicto
845 4671 948 4712 suo
973 4671 1084 4727 quo
1132 4655 1385 4727 deliquit,
1445 4663 1501 4711 et
1538 4655 1594 4709 in
1628 4654 1879 4725 peccatis
1930 4653 2141 4725 quibus

2250 4656 2435 4719 αὑτοῦ,
2466 4648 2511 4724 ᾧ
2540 4655 2874 4727 παρέπεσεν,
2905 4656 3001 4710 καὶ
3039 4657 3098 4711 ὲν
3132 4658 3251 4719 ταῖς
3299 4654 3603 4725 ἁμαρτίαις
3651 4649 3799 4707 αὐτοῦ

573 4747 845 4819 peccavit,
880 4750 1149 4805 morietur
1183 4749 1238 4803 in
1271 4749 1374 4805 eis.
1412 4771 1434 4805 ι

2250 4744 2337 4812 αἷς
2368 4749 2636 4819 ἥμαρτεν,
2661 4749 2720 4801 ὲν
2758 4749 2947 4812 αὐταῖς
2978 4748 3352 4802 ἀποθανεῖται.
3384 4765 3403 4797 ι

2325 4858 2344 4892 ι
2379 4840 2704 4910 Δικαιοσύνη
2735 4839 2945 4894 δικαίου
2975 4841 3036 4894 οὐ
3072 4839 3148 4911 μὴ
3184 4840 3431 4910 ἐξέληται
3480 4840 3668 4903 αὐτὸν,
3697 4830 3801 4908 ὲνῇ

2249 4930 2317 4985 ἂν
2344 4929 2531 5002 ἡμέρᾳ
2564 4929 2812 5002 πλανηθῇ
2833 4947 2848 4961 '
2882 4931 2980 4985 καὶ
3003 4931 3209 5002 ἀνομία
3238 4931 3472 4996 ἀσεϐοῦς
3498 4933 3560 4985 οὐ
3602 4933 3675 5002 μὴ
3706 4948 3801 4983 καε-

2249 5022 2402 5095 κώσῃ
2428 5022 2613 5089 αὑτὸν,
2638 5025 2696 5077 ἐν
2726 5018 2845 5096 ᾖᾶν
2866 5024 3051 5098 ἡμέρᾳ
3078 5026 3405 5097 ἀποστραφῇ
3436 5026 3547 5078 ἀπὸ
3576 5028 3674 5095 τῆς
3698 5026 3802 5077 ἀνο-

2251 5113 2380 5184 μίας
2430 5113 2617 5168 αὑτοῦ.
2654 5114 2928 5169 Ἔκαστον
2975 5117 3035 5171 ἐν
3076 5118 3199 5180 ταῖς
3251 5117 3391 5180 ὁδοῖς
3441 5116 3602 5188 ὑμῶν
3653 5111 3799 5186 κρινῶ

2249 5206 2415 5274 ὑμᾶς,
2445 5198 2595 5268 οἶκος
2631 5205 2869 5278 Ἰσραήλ.
2912 5224 2931 5259 ι

644 4836 837 4892 Ezech.
864 4853 1060 4902 xum,
1100 4838 1358 4903 l2,%0.-
1395 4862 1413 4894 ι
1449 4840 1670 4898 Justitia
1693 4839 1827 4911 justi
1856 4851 1968 4892 non
1997 4834 2142 4889 iibe-

574 4925 719 4978 rabit
749 4939 898 4989 eum,
924 4924 979 4978 in
1007 4940 1335 4997 quacunque
1387 4929 1477 4987 die
1514 4935 1779 4986 erraverit
1811 4946 1825 4983 :
1853 4938 1909 4983 et
1942 4924 2147 4994 iniqui-

572 5024 659 5070 tas
697 5015 851 5087 impii
891 5031 1000 5071 non
1052 5019 1272 5073 nocebit
1303 5020 1377 5083 ei,
1408 5022 1462 5075 in
1505 5036 1833 5092 quacunque
1880 5019 1970 5073 die
2002 5031 2143 5069 con-

569 5122 766 5163 versus
820 5107 986 5165 fuerit
1035 5110 1105 5164 ab
1174 5110 1466 5183 iniquitate
1505 5131 1628 5170 sua.
1681 5112 2147 5183 Unumquemque

568 5199 725 5269 juxta
754 5201 898 5258 vitas
924 5216 1054 5259 suas
1102 5203 1361 5273 iudicabo
1394 5221 1512 5272 vos,
1540 5208 1738 5263 domus
1771 5209 1962 5265 Israel.
2004 5226 2021 5257 ι

2326 5333 2344 5365 ι
2374 5309 2777 5381 Βαπτιζόμενος
2806 5315 2915 5370 ἀπὸ
2943 5316 3161 5389 νεκροῦ,
3194 5318 3291 5374 καὶ
3318 5316 3485 5371 πάλιν
3518 5319 3800 5389 απτόμενος

2248 5408 2434 5475 αὐτοῦ,
2469 5412 2523 5465 τί
2560 5414 2846 5486 ὠφέλησεν
2875 5414 2934 5466 ὲν
2965 5413 3042 5483 τῷ
3087 5411 3301 5484 λουτρῷ
3328 5412 3533 5476 αὐτοῦς
3583 5411 3798 5472 Οὕτωςὸ

2247 5508 2534 5581 ἄνθρωπος
2566 5506 2840 5580 νηστεύων
2870 5506 2979 5560 ἀπὸ
3019 5507 3130 5560 τῶν
3172 5508 3459 5578 ἁμαρτιῶν
3494 5506 3675 5567 αὑτοῦ,
3718 5502 3796 5555 καὶ

2246 5601 2411 5656 πάλιν
2433 5601 2822 5674 πορευόμενος,
2846 5601 2942 5654 καὶ
2990 5600 3061 5654 τὰ
3108 5599 3249 5653 αὐτὰ
3280 5600 3475 5664 ποιῶν,
3506 5602 3603 5668 τῆς
3648 5611 3793 5667 apo:—

2248 5692 2415 5764 ευχῆς
2447 5692 2633 5758 αὑτοῦ,
2664 5692 2749 5756 τίς
2778 5691 3190 5759 είσακούσεται;
3220 5692 3315 5745 καὶ
3360 5692 3414 5745 τί
3453 5689 3718 5761 ὠφέλησεν
3742 5688 3788 5736 ἐν

2249 5786 2325 5855 τῷ
2358 5782 2764 5854 ταπεινωθῆναι
2796 5784 2993 5851 adadv;
3032 5802 3050 5835 ι

2329 5894 2347 5927 ι
2379 5875 2470 5947 Μὴ
2508 5873 2823 5947 προσκόψῃς
2849 5875 2906 5931 ὲν
2934 5872 3199 5928 λιθώδεσι.
3227 5892 3246 5926 ι

642 5310 816 5368 Eccli.
836 5330 1022 5382 xxxiv,
1035 5314 1124 5379 ὅθ,
1148 5317 1237 5371 3i.
1255 5346 1326 5359 --
1350 5335 1368 5367 ι
1395 5317 1496 5385 Qui
1520 5319 1875 5388 baptizatura
1904 5331 2143 5387 mortuo,

572 5410 630 5454 et
656 5403 856 5482 iterum
903 5407 1081 5477 tangit
1127 5422 1279 5472 eum,
1311 5411 1443 5478 quid
1478 5411 1693 5482 proiicit
1724 5412 1927 5468 lavatio
1952 5415 2145 5473 illius?

574 5493 668 5547 Sic
696 5494 858 5549 homo
887 5497 981 5566 qui
1004 5498 1220 5568 jejunat
1253 5517 1280 5554 a
1306 5505 1547 5571 peccatis
1578 5505 1715 5571 suis,
1747 5512 1800 5560 ct
1826 5505 2023 5560 iterum
2060 5524 2148 5564 ea-

570 5584 697 5639 dem
744 5584 974 5651 faciens,
1020 5592 1325 5649 orationem
1376 5595 1526 5653 illius
1575 5597 1700 5668 quis
1743 5598 2040 5655 exaudiet?
2092 5611 2147 5659 et

572 5673 704 5747 quid
742 5675 1229 5753 proiecitseipsum
1264 5686 1649 5746 bumiliando?
1671 5708 1688 5739 ι

648 5852 817 5914 Eccli.
858 5876 1028 5930 xxxii,
1055 5864 1143 5923 25.
1174 5897 1239 5912 --
1271 5890 1286 5921 ι
1320 5870 1397 5927 Nc
1434 5872 1678 5930 offendas
1718 5876 1767 5932 in
1799 5888 2037 5948 prtrosa.
2073 5895 2090 5929 ι
