4024 6438
148 443 289 510 1173

1435 456 1672 518 SACRA
1710 457 2175 523 PARALLELA-

3260 474 3400 541 1174

219 575 239 608 ι
285 555 607 626 Ἑπανάγων
656 557 765 612 ἀπὸ
805 560 1153 634 δικαιοσύνης
1200 563 1281 629 είς
1339 566 1638 640 ἁμαρτίαν,
1684 571 1713 622 ὁ

1890 571 2059 629 Eccli.
2084 590 2236 641 τινί,
2260 574 2351 630 27.
2376 606 2447 619 —-
2478 595 2495 627 ι
2536 577 2639 644 Qui
2687 583 2982 638 revertitur
3007 600 3036 638 ιι
3083 585 3300 656 justitta
3325 594 3398 647 ad

144 648 354 719 Κύριος
383 650 662 720 ἑτοιμάσει
696 652 777 717 εἰς
810 655 1084 724 ρομφαῖαν
1114 656 1298 711 αὐτόν.
1332 677 1352 710 ι

226 759 246 791 ι
280 742 471 805 Οὐδεὶς
501 742 775 797 ἐπιϐαλὼν
805 746 901 817 τὴν
935 750 1095 818 χεῖρα
1144 749 1310 803 αὐτοῦ
1344 752 1432 805 ἐπ’
1462 752 1716 826 ἄροτρον,

146 833 242 885 καὶ
279 833 495 902 βλέπων
524 839 603 900 είς
632 838 701 891 τὰ
724 839 921 907 ὀπίσω,
951 840 1053 894 οὐκ
1087 839 1305 908 εὔθετός
1328 844 1477 900 ἐστιν
1504 848 1587 911 είς
1620 848 1727 918 τὴν

147 920 431 991 βασιλείαν
463 927 556 980 τοῦ
577 927 735 984 Θεοῦ.
776 949 795 982 ι

226 1037 242 1067 ι
281 1018 340 1071 Et
370 1022 744 1089 ἀποφυγόντες
771 1025 838 1079 τὰ
868 1028 1155 1099 μιάσματα
1178 1030 1271 1085 τοῦ
1294 1030 1497 1101 κόσμου
1522 1033 1579 1085 ἐν
1601 1032 1723 1085 ἐπι-

145 1106 469 1172 γνώσειτοῦ
502 1113 705 1183 Κυρίου
751 1117 908 1186 ἡμῶν
940 1121 1034 1173 καὶ
1079 1122 1331 1194 Σωτῆρος
1368 1123 1542 1192 Ἰησοῦ
1584 1124 1720 1195 Χρι-

147 1200 305 1263 στοῦ,
338 1202 512 1274 τούτῳ
532 1205 588 1258 δέ
616 1206 782 1261 πάλιν
815 1210 1207 1281 ἐμπλακέντες.
1242 1216 1531 1286 ἡττῶνται,
1565 1216 1735 1285 γέγοι

144 1309 237 1345 νεν
260 1296 444 1360 αὐτοῖς
471 1299 539 1352 τὰ
568 1298 769 1369 ἔσχατα
799 1302 1018 1375 χείρονα
1042 1306 1150 1361 τῶν
1180 1308 1431 1377 πρώτων.
1451 1310 1722 1380 Κρείσσον

146 1386 477 1456 γάρλαύτοίς
531 1390 605 1462 μὴ
648 1394 1021 1461 ἐπεγνωκέναι
1066 1399 1166 1470 τὴν
1211 1400 1328 1454 ὁδὸν
1361 1401 1464 1469 τῆς
1516 1401 1722 1456 δικαιο-

144 1476 338 1547 σύνης,
367 1479 399 1548 ἤ
432 1482 746 1549 ἐπιγνοῦσιν
779 1486 1123 1560 ὑποστρέψαι
1156 1491 1220 1545 ἐκ
1257 1493 1358 1561 τῆς
1392 1493 1719 1566 παραδοθεί-

144 1584 250 1636 σης
287 1571 469 1636 αὐτοῖς
500 1574 597 1644 τῆς
646 1575 808 1644 ἁγίας
841 1580 1079 1651 ἐντολῆς.
1112 1583 1436 1655 Συμόέὸηκε
1479 1588 1589 1657 γάρ
1619 1588 1718 1640 αὑ-

138 1661 261 1722 τοῖς
292 1660 352 1713 τὸ
392 1666 491 1732 τῆς
525 1665 761 1736 ἀληθοῦς
805 1672 1138 1742 παροιμίας·
1188 1674 1335 1729 κύων
1386 1678 1721 1749 ἐπιστρέψας

135 1751 249 1840 ἐπὶ
303 1754 364 1804 τὸ
418 1755 550 1809 ἴδιον
584 1757 887 1833 ἐξέρασμα,
916 1764 1012 1818 καὶ
1035 1757 1098 1831 ῦς
1136 1766 1473 1840 λουσάμενος
1504 1773 1594 1835 είς.
1623 1772 1728 1825 κύσε

134 1839 316 1908 λισμα
352 1842 637 1917 βορϐόρου.
672 1867 693 1902 ι

1817 675 2127 736 peccatum,
2163 669 2376 738 parabit
2400 685 2524 725 eum
2547 671 2819 729 Dominus
2853 675 2921 731 ad
2955 681 3317 750 rompbazam.
3368 703 3387 736 ι

1888 757 2017 813 L‘uc.
2056 776 2131 822 ix,
2164 760 2255 816 62;
2288 792 2357 801 —
2391 780 2410 812 ι
2437 762 2607 817 Nemo
2634 764 2859 821 mittens
2880 784 3101 825 manum
3125 788 3282 828 suam
3328 779 3395 831 ad

1821 858 2090 917 aratrum,
2120 860 2175 907 et
2207 853 2516 923 respiciens
2547 862 2716 923 retro,
2749 867 2921 929 aptus
2944 871 3028 917 est
3048 877 3216 935 regno
3238 864 3390 923 Dei.»

1896 1021 1961 1077 II
1986 1022 2134 1079 Petr.
2166 1038 2228 1086 tt,
2249 1024 2440 1080 20-22.
2468 1054 2541 1067 —-
2575 1044 2595 1078 ι
2626 1025 2683 1082 Si
2713 1027 3045 1100 refugientes
3072 1033 3400 1104 coinquina-

1821 1115 1998 1173 tiones
2054 1117 2241 1172 mundi
2272 1118 2325 1172 in
2357 1121 2672 1188 cognitione
2720 1120 2937 1179 Domini
2971 1127 3148 1181 nostri
3186 1136 3238 1183 et
3270 1126 3397 1183 Sal-

1821 1210 2028 1266 vatoris
2075 1208 2207 1265 Jesu
2246 1210 2475 1275 Christi,
2498 1212 2629 1267 huic
2656 1230 2851 1270 rursus
2905 1216 3173 1287 implicati
3232 1235 3399 1290 supe-

1819 1308 2037 1367 rantur,
2053 1299 2193 1355 l‘acta
2221 1309 2350 1355 sunt
2371 1303 2452 1357 eis
2471 1305 2781 1372 p05teriora
2799 1307 3071 1363 deteriora
3096 1310 3398 1379 prioribus.

1822 1391 2019 1448 Melius
2040 1393 2186 1448 enim
2229 1400 2349 1448 erat
2378 1395 2486 1449 illis
2520 1411 2634 1451 non
2662 1388 3003 1469 cognoscere
3034 1401 3181 1456 viam
3221 1402 3400 1472 justi-

1821 1486 1935 1552 tiaa,
1965 1500 2130 1557 quam
2163 1496 2289 1556 post
2317 1487 2653 1558 agnitionem
2703 1498 3010 1548 retrorsum
3043 1495 3292 1549 converti
3326 1495 3397 1549 ab

1823 1594 1891 1635 eo
1922 1578 2071 1648 quod
2133 1567 2403 1634 traditum
2460 1588 2786 1645 est,sancto
2819 1586 3101 1640 mandato.
3160 1585 3403 1657 Contigit

1822 1673 1969 1727 enim
1996 1674 2077 1729 eis
2104 1672 2237 1728 illud
2271 1674 2384 1728 veri
2414 1673 2718 1743 proverbii,
2748 1674 2908 1745 343
2939 1676 3110 1732 Canis
3140 1692 3402 1735 reversus

1822 1759 1891 1815 ad
1925 1776 2086 1816 suum
2117 1761 2407 1827 vomitum,
2431 1771 2486 1817 et
2513 1777 2609 1818 sus
2642 1762 2752 1817 lota
2778 1761 2835 1817 in
2871 1763 3161 1820 volutabra
3188 1766 3309 1821 luti.
3341 1785 3362 1820 ι

226 1900 725 2011 Ἐλεεινὸνθέαμα,
774 1943 914 2014 μετά
947 1946 1220 2016 νηστείαν,
1279 1949 1419 2019 μετὰ
1478 1950 1720 2023 σκληραο

1900 1937 2071 1993 Basil.
2094 1936 2253 1993 Hom.
2280 1938 2335 1992 in
2360 1941 2531 2007 princ.
2551 1939 3158 1996 Prov.-——Miserandum
3186 1948 3403 2009 specta-

136 2030 385 2097 γωγίαν,
422 2034 559 2101 μετὰ
588 2037 897 2108 προσευχὴν
929 2040 1144 2112 ἐκτενῆ,
1199 2042 1338 2113 μετὰ
1367 2044 1602 2116 δάκρυον
1630 2046 1723 2099 δα-

135 2120 322 2189 ψιλὲς,
358 2126 494 2193 μετά
515 2128 839 2197 ἐγκράτειαν
859 2131 995 2185 ἐτῶν
1025 2133 1199 2189 είκοσί
1220 2136 1371 2207 πουῆ
1404 2139 1720 2209 τριάκοντα,

136 2212 211 2265 δι’
236 2216 574 2285 ἀπροσεξίαν
602 2219 778 2291 ψυχῆς
800 2224 895 2277 καὶ
918 2224 1177 2295 ἀμέλειαν
1210 2229 1418 2298 γυμνὸν
1462 2230 1722 2285 ἁπάντων

132 2305 579 2377 ἀποδειχθῆναι,
631 2314 728 2367 καὶ
778 2316 1156 2388 παραπλήσιον
1218 2320 1471 2388 γενέσθαι
1525 2320 1617 2375 τὸν
1653 2325 1719 2393 τῇ

135 2397 385 2470 ἐργασίᾳ
446 2401 552 2454 τῶν
590 2404 818 2459 ἐντολῶν
874 2408 1269 2482 εὐθηνούμενον
1324 2412 1552 2483 ἐμπόρῳ
1614 2414 1722 2467 τινὶ

134 2493 595 2566 μεγαλοπλούτῳ,
630 2497 689 2563 ὃς
717 2500 789 2553 τὰ
809 2501 988 2573 πλήθη
1020 2504 1128 2558 τῶν
1187 2505 1488 2576 ἀγωγίμων
1514 2506 1719 2576 ἐπαγό-

132 2601 332 2652 μενος,
365 2587 422 2653 ἐξ
449 2589 638 2660 οὐρίας
682 2592 836 2664 αὐτῷ
864 2595 965 2665 τῆς
1002 2596 1131 2667 νηὸς
1163 2599 1494 2669 φερομένης,
1524 2600 1593 2654 τὰ
1621 2618 1720 2669 φο-

129 2678 282 2746 6ερά
318 2679 529 2751 πελάγη
574 2682 911 2756 διαδραμὼν,
960 2689 1097 2760 πρὸς
1142 2691 1326 2755 αὐτοῖς
1368 2693 1484 2756 τοῖς
1534 2691 1720 2763 λιμέσι

126 2769 538 2841 διαρῤαγέντος
570 2776 664 2830 τοῦ
722 2778 933 2843 πλοίου,
985 2781 1202 2836 πάντων
1259 2780 1467 2854 ἕρημος
1523 2783 1720 2855 ἀθρόον

127 2862 469 2935 ἀπεδείχθη.
510 2867 632 2921 Ἐάν
688 2871 782 2923 καὶ
835 2866 989 2936 οὗτος
1022 2875 1090 2926 τὰ
1121 2872 1339 2945 μυρίοις
1390 2874 1573 2938 πόνοις
1626 2876 1722 2930 κο.)⁸

132 2949 342 3023 ἱδρῶσι
370 2956 659 3027 κτηθέντα,
694 2961 792 3033 μιᾷ
828 2963 1097 3035 προσϐολῇ
1153 2964 1409 3035 δαίμονος
1451 2965 1717 3039 ἀπολέσῃ,

130 3041 341 3115 ὥσπερ
396 3050 503 3102 τινὶ
548 3050 726 3124 ἀγρίῳ
779 3053 1001 3108 λαίλαπι
1030 3057 1373 3131 τῇηάμαρὶτίᾳ
1421 3058 1714 3129 βυθισθείς·

129 3136 441 3206 πρέπουσα
467 3142 719 3215 φωνὴτῷ
749 3147 929 3200 πᾶσαν
957 3148 1093 3217 ὁμοῦ
1144 3148 1243 3219 τὴν
1298 3152 1501 3222 ἀρετὴν
1549 3168 1717 3207 ναυα-

127 3231 409 3300 γήσαντι.
439 3252 457 3285 ι
487 3229 691 3289 Ἦλθον
746 3239 825 3299 είς
850 3239 919 3292 τὰ
964 3239 1102 3312 βάθη
1155 3241 1256 3314 τῆς
1299 3242 1597 3316 θαλάσσης,
1624 3244 1717 3298 καὶ

128 3319 409 3389 καταιγὶς
440 3326 795 3381 κατεπόντισέ
827 3345 918 3399 με.
945 3348 967 3382 ι

223 3497 295 3550 Ὀ
329 3499 391 3551 ἐν
421 3505 669 3574 προκοπῇ
733 3505 1025 3577 γενόμενος
1085 3507 1310 3577 ἀγαθῶν
1341 3509 1561 3582 ἶέργων,
1607 3507 1731 3566 εἶτα

124 3589 598 3663 παλινδρομήσας
645 3596 781 3665 πρὸς
837 3598 938 3669 τὴν
991 3600 1228 3672 ἀρχαίαν
1286 3604 1610 3673 συνήθειαν,
1666 3604 1728 3657 οὐ

129 3683 318 3751 μόνον
369 3686 483 3748 τοῖς
530 3687 928 3758 πεπονημένοις
984 3692 1177 3762 μισθὸν
1238 3693 1546 3768 ἐζημιώθη,
1593 3696 1731 3753 ἀλλὰ

124 3774 244 3828 καὶ
274 3773 587 3848 βαρυτέρας
612 3778 863 3847 ἀξιοῦται
895 3782 997 3853 τῆς
1020 3788 1422 3860 κατακρίσεως.
1622 3802 1629 3811 ‘

210 3952 299 4007 Τὸ
344 3952 493 4022 ἅπαξ
554 3958 676 4012 τινὰ
718 3960 1152 4032 μετανοήσαντα,
1204 3961 1306 4034 τὴν
1346 3963 1531 4035 αὐτὴν
1564 3965 1729 4021 πάλιν

119 4044 379 4114 ποιῆσαι
410 4047 708 4117 ἁμαρτίαν,
742 4051 961 4123 ἔλεγχός
992 4054 1108 4107 ἐστι
1152 4054 1332 4121 τοῦτο,
1389 4056 1606 4127 πρῶτον
1637 4059 1723 4112 αἷς

116 4141 404 4209 τιονττῆς
455 4141 735 4213 ἁμαρτίας
778 4147 999 4217 ἐκείνης
1028 4150 1103 4221 μὴ
1151 4149 1513 4223 κεκαθάρθαι,
1544 4154 1638 4220 ἀφ’
1666 4146 1726 4207 οὗ

117 4230 406 4302 καθάπερ
432 4233 538 4285 ἀπὺ
559 4233 717 4305 ῥίζης
743 4239 889 4301 τινὸς
908 4240 975 4293 τὰ
1008 4238 1101 4296 ἶσα
1133 4241 1366 4310 φύεσθαι
1413 4244 1724 4313 συμϐαίνει.

1749 3280 1797 3339 ο

1827 2030 2033 2086 culum.
2066 2027 2199 2084 Post
2230 2029 2525 2101 jejunium,
2584 2039 2709 2101 post
2750 2046 3005 2102 asperum
3054 2032 3180 2087 vitae
3209 2047 3403 2101 genus.

1826 2128 1953 2190 post
1983 2120 2233 2175 assiduas
2272 2135 2487 2190 preces,
2508 2129 2632 2192 post
2659 2120 2857 2177 uberes
2913 2121 3184 2193 lacrymas
3209 2165 3224 2187 ,
3279 2130 3408 2193 post

1828 2212 2220 2267 abstinentiam
2251 2212 2447 2282 viginti
2478 2212 2701 2269 circiter
2730 2222 2825 2268 aut
2860 2214 3085 2286 triginta
3108 2229 3403 2276 annorum,

1829 2310 2051 2372 propter
2094 2302 2294 2357 animae
2332 2303 2725 2374 negligentiam
2766 2311 2821 2359 et
2847 2303 3119 2359 incuriam
3150 2304 3407 2359 omnibus

1827 2395 2034 2459 orbari,
2063 2402 2117 2449 et
2147 2410 2272 2450 eum
2300 2396 2393 2467 qui
2426 2395 2806 2450 mandatorum
2837 2395 3149 2450 divinorum
3182 2411 3384 2452 exsecu

1827 2488 1974 2542 tione
1998 2496 2052 2542 et
2083 2500 2292 2559 quaestu
2322 2488 2598 2549 attinebat.
2633 2489 2871 2545 similem
2901 2490 3133 2545 evadere
3168 2490 3409 2560 locuple-

1827 2580 2044 2636 tissimo
2063 2581 2279 2637 cuidam
2310 2581 2660 2652 negotiatori,
2682 2582 2777 2652 qui
2797 2581 3169 2651 amplissimas
3195 2597 3407 2638 merces

1827 2688 2017 2729 secum
2046 2672 2301 2740 eti‘erens,
2334 2682 2387 2728 et
2413 2673 2658 2729 secundo
2680 2681 2844 2728 vento
2876 2673 3188 2744 periculosa
3234 2672 3407 2726 maria

1825 2780 2107 2828 emensus,
2149 2764 2203 2819 in
2263 2764 2385 2836 ipso
2438 2766 2623 2822 littore
2665 2764 2890 2821 eﬂ‘racta
2944 2765 3092 2831 navi,
3150 2764 3408 2819 omnibus

1827 2859 2008 2913 statim
2039 2856 2237 2930 Opibus
2268 2858 2517 2929 privatur
2548 2876 2562 2913 :
2596 2859 2643 2915 si
2692 2859 2915 2930 quidem
2950 2858 3040 2912 hic
3069 2874 3290 2928 quoque
3340 2872 3407 2913 ea

1826 2968 1948 3022 qua:
1995 2952 2272 3007 sexcentis
2320 2952 2603 3009 laboribus
2646 2961 2701 3008 et
2752 2952 3051 3009 sudoribus
3090 2951 3406 3023 quaesierat,
3476 2960 3481 2963 '

1825 3046 1990 3102 unico
2040 3044 2307 3101 daemonis
2358 3044 2569 3100 assultu
2625 3044 2839 3115 perdat,
2894 3060 2925 3098 a
2971 3053 3199 3114 peccato
3236 3043 3408 3098 veluti

1826 3154 1970 3197 saevo
2003 3138 2236 3210 quodam
2271 3139 2493 3193 turbine
2541 3138 2886 3193 submersus.
2935 3136 3076 3193 Hinc
3129 3153 3281 3203 sane,
3313 3136 3409 3207 qui

1826 3233 2057 3288 virtutes
2092 3247 2283 3288 omnes
2339 3230 2487 3287 facto
2525 3230 2812 3302 naufragio
2852 3229 3122 3294 amiserit,
3164 3245 3269 3284 vox
3304 3230 3410 3283 ista

1830 3325 2146 3381 convenerit
2176 3342 2191 3380 :
2225 3344 2245 3378 ι
2279 3323 2417 3380 Veni
2460 3326 2514 3379 in
2562 3325 2906 3380 altitudinem
2957 3322 3153 3387 maris,
3181 3328 3237 3379 et
3270 3328 3409 3377 tem-

1830 3425 2014 3490 pestas
2043 3417 2305 3475 demersit
2334 3434 2417 3473 mc
2452 3416 2627 3488 (Psal.
2652 3433 2840 3482 vant,
2871 3415 2948 3488 '5).
2985 3433 3006 3467 δ

1900 3510 2060 3581 Ejus.
2110 3510 2251 3564 hom.
2287 3509 2350 3565 de
2383 3510 2549 3565 Hebr.
2575 3540 2646 3549 --
2676 3508 2775 3576 Qui
2834 3510 2890 3563 in
2934 3508 3097 3563 bonis
3147 3506 3407 3577 operibus

1830 3618 2183 3675 progressum
2214 3602 2365 3665 fecit,
2396 3617 2463 3656 ac
2500 3601 2711 3657 deinde
2735 3600 2802 3656 ad
2847 3608 3086 3655 veterem
3112 3607 3409 3653 consuetu-

1830 3699 2014 3753 dinem
2053 3696 2240 3761 rediit,
2276 3695 2325 3752 is
2356 3711 2467 3752 non
2504 3696 2684 3752 solum
2717 3694 2968 3749 laborum
2992 3707 3132 3762 quos
3162 3690 3409 3745 exantla-

1828 3790 1907 3857 vit
1933 3788 2114 3843 fructu
2138 3787 2554 3854 multatur,.sed
2607 3794 2662 3843 et
2705 3783 2956 3858 graviore
2984 3782 3255 3854 supplicio
3288 3778 3405 3835 alii-

1829 3882 1997 3937 citur.

1900 3973 2056 4041 Quod
2090 3973 2365 4045 quispiam
2405 3982 2531 4046 post
2580 3971 2961 4043 pmnitentiam
2994 3970 3136 4025 idem
3187 3981 3405 4023 rursum

1830 4067 2011 4122 scelus
2059 4065 2330 4129 admittat,
2375 4064 2429 4119 id
2476 4072 2800 4134 argumento
2834 4070 2939 4123 est,
2970 4060 3202 4131 primam
3261 4056 3409 4110 illius

1830 4157 2041 4230 peccati
2074 4172 2297 4213 causam
2336 4156 2560 4211 minime
2594 4163 2947 4225 repurgatam
2994 4166 3149 4217 esse;
3223 4156 3409 4218 utpote

1828 4267 1890 4306 ex
1925 4264 2032 4320 qua
2064 4257 2325 4320 tanquam
2357 4264 2421 4303 ex
2452 4248 2636 4303 radice
2691 4246 2951 4317 quadam,
2990 4243 3180 4299 eadem
3223 4242 3407 4310 pullu-

118 4326 368 4395 Ὠσπερ
403 4326 562 4392 εἴτις
590 4330 756 4397 φυτοῦ
780 4330 1006 4396 κλάδους
1038 4334 1267 4405 ἐκκόψαι
1299 4334 1597 4407 θελησειεν,
1628 4338 1727 4408 τὴν

116 4419 311 4490 ῥίζαν
362 4420 569 4486 ἐάσας,
616 4424 768 4476 οὐδὲν
810 4421 1046 4497 ἦττονλή
1082 4428 1211 4499 ῥίζα
1279 4428 1520 4499 μένουσα
1563 4430 1722 4484 πάλιν

1827 4445 2012 4484 ramos
2092 4436 2383 4500 amputare
2440 4428 2714 4497 cupiens,
2790 4424 3032 4479 radicem
3089 4422 3404 4492 relinquat,

111 4512 465 4583 βλαστάνει.

1826 4522 2191 4578 nihilominus
2231 4521 2384 4575 radix
2420 4535 2650 4575 manens
2691 4519 2890 4572 iterum
2930 4514 3229 4570 fruticabit.

222 4604 355 4673 Ἐφ’
382 4600 462 4669 οἷς
493 4606 559 4659 ἂν
590 4606 736 4677 εὕρω
797 4610 941 4680 ὑμᾶς
987 4612 1081 4664 ἐπὶ
1137 4611 1345 4675 τούτοις
1401 4615 1494 4667 καί
1530 4617 1721 4685 κρινῶο

1900 4615 2067 4671 Clem.
2098 4615 2278 4680 Mean,
2316 4611 2576 4668 Stromat.
2610 4612 2741 4677 Quis
2770 4611 2911 4663 dives
2940 4610 3072 4663 salv.
3111 4607 3139 4679 ς
3169 4604 3257 4661 40.
3285 4604 3304 4643 1
3336 4633 3407 4644 —

106 4700 232 4753 καὶ
267 4699 600 4769 παρέκαστα
631 4701 730 4772 βοᾷ
751 4701 811 4755 τὸ
842 4704 993 4767 τέλος
1017 4705 1297 4771 ἁπάντων,
1329 4700 1475 4759 ὥστε
1531 4710 1624 4761 καὶ
1653 4708 1721 4762 τὰ

1832 4708 1890 4763 In
1920 4707 2124 4777 quibus
2155 4719 2253 4758 vos
2282 4704 2566 4765 invenero,
2615 4702 2673 4755 in
2709 4701 2793 4754 his
2822 4701 2983 4755 etiam
3005 4699 3266 4767 judicabo
3302 4715 3316 4751 :
3349 4694 3407 4749 id

109 4793 389 4862 μέγιστα
433 4792 494 4845 εὖ
538 4795 863 4865 πεποιηκότι
908 4796 1000 4851 τὸν
1052 4796 1205 4868 βίον,
1252 4799 1345 4851 ἐπὶ
1374 4798 1431 4852 δὲ
1482 4800 1576 4853 τοῦ
1631 4801 1722 4854 τέ-

1830 4800 1976 4871 quod
2008 4798 2064 4851 in
2092 4810 2421 4865 unaquaque
2452 4810 2512 4849 re
2542 4792 2668 4848 ﬁnis
2703 4791 2949 4846 omnium
2974 4791 3195 4845 clamat.
3222 4789 3406 4857 Itaque

101 4887 273 4949 λους
314 4884 649 4949 ἐξοκείλαντι
680 4888 817 4960 πρὸς
867 4890 1068 4945 κακίαν
1092 4931 1106 4955 ,
1152 4892 1398 4962 ἀνόνητοι
1434 4895 1635 4959 πάντες
1674 4896 1722 4948 oi

1825 4891 1953 4945 licet
1987 4889 2112 4959 quis
2142 4893 2292 4943 recte
2320 4886 2489 4939 vitam
2526 4898 2744 4937 omnem
2785 4881 3135 4953 transegerit,
3180 4880 3267 4934 ubi
3302 4880 3406 4934 sub

98 4976 391 5050 πρόσθεν
421 4978 594 5040 πόνοι,
621 4980 715 5033 ἐπὶ
743 4983 1191 5054 τῇκαταστροφῇ
1208 4983 1303 5037 τοῦ
1336 4984 1613 5057 δράματος
1636 4985 1722 5051 ἐξ·

1825 4983 1949 5037 vitze
1981 4980 2142 5036 tinem
2192 4981 2248 5034 in
2280 4978 2473 5032 vitium
2514 4975 2618 5031 erit
2675 4974 3017 5045 provolutus,
3078 4973 3284 5027 nullum
3337 4987 3405 5025 ex

98 5072 329 5129 άθλων
352 5071 682 5143 γενομένων.

1826 5074 2074 5146 pristinis
2101 5072 2357 5128 omnibus
2392 5069 2668 5125 laboribus
2728 5068 2963 5123 fructum
3010 5073 3399 5134 consequetur,

1827 5168 2065 5239 praemiis
2098 5166 2279 5222 fabula
2314 5171 2534 5235 peracta
2572 5163 2686 5233 jam
2719 5159 3050 5217 distributis.

1898 5260 2015 5313 Nili
2052 5261 2229 5314 Ascet.
2262 5289 2331 5298 —
2352 5257 2489 5311 Dum
2522 5257 2688 5311 homo
2712 5255 2895 5325 justus
2922 5267 2951 5306 a
2995 5247 3216 5321 iustitia
3249 5246 3401 5302 exci-

1822 5354 1984 5414 derit,
2021 5354 2088 5408 de
2128 5353 2220 5406 illo
2252 5350 2501 5405 dicamus
2544 5348 2689 5419 quod
2724 5348 2791 5399 ab
2820 5346 2962 5399 Isaia
2993 5343 3199 5397 dictum
3247 5339 3350 5393 fuit
3383 5355 3399 5391 :

1829 5464 1848 5497 ι
1887 5444 2169 5511 Quomodo
2198 5442 2400 5499 cecidit
2424 5456 2455 5495 e
2483 5442 2625 5495 coelo
2650 5436 2888 5502 Lucifer,
2921 5444 2974 5491 et
3004 5435 3058 5489 in
3090 5442 3237 5489 terra
3266 5447 3403 5486 con-

1824 5540 1985 5592 tritus
2011 5535 2123 5591 est?
2156 5554 2175 5587 ›
2212 5532 2350 5605 (Isa.
2378 5547 2488 5598 xw,
2522 5529 2638 5586 12.)

1829 4340 1943 4393 lare
2004 4341 2305 4409 contingat.
2381 4337 2854 4405 Quemadmodum
2905 4335 2951 4390 si
3002 4332 3129 4403 quis
3190 4329 3407 4386 arboris

208 5251 400 5303 Ὅταν
441 5250 727 5322 ἄνθρωπος
771 5252 979 5319 δίκαιος
1030 5255 1263 5329 ἐκπέσῃ,
1300 5255 1552 5327 λέγωμεν
1599 5257 1729 5327 περ).

89 5340 317 5400 αὐτοῦ
345 5340 411 5393 τὸ
449 5340 637 5412 λεχθὲν
675 5344 829 5414 παρὰ
857 5344 952 5398 τοῦ
992 5346 1218 5424 Ἠσαίου
1258 5361 1274 5375 ⁸
1311 5366 1329 5399 ι
1361 5349 1485 5412 Πῶς
1535 5348 1727 5413 ἐξέπε-

90 5452 233 5490 σεν
265 5435 298 5486 ὁ
330 5434 608 5506 ἑωσφόρος
632 5435 693 5501 ἐξ
712 5434 979 5507 οὐρανοῦ,.
1022 5440 1115 5493 καὶ
1164 5441 1247 5505 είς
1285 5439 1386 5512 τὴν
1440 5441 1543 5511 γῆν
1600 5459 1725 5495 συν-

84 5527 376 5598 ετρί6η;
404 5544 420 5575 ι

48 5703 65 5731 ν
756 5716 761 5721 δ
1432 5697 1667 5753 VARUS
1710 5697 2114 5756 LEUTIONES.

212 5781 249 5821 ι
282 5780 342 5866 l_n
380 5779 577 5866 Bnpct‘.
612 5783 726 5865 Iure
749 5796 973 5866 accepta
1014 5788 1289 5866 feruntur,
1318 5794 1399 5866 ﬁat
1439 5794 1534 5848 τοῦ
1560 5802 1609 5849 α’
1639 5796 1722 5866 Στι

1825 5814 1886 5860 ιη
1913 5811 1977 5850 ea
2004 5792 2096 5848 lib.
2134 5808 2148 5845 ι
2187 5790 2386 5847 Strom.
2410 5786 2669 5866 libi-i101]
2715 5788 3034 5866 occurrunt,
3054 5777 3148 5866 sed
3160 5778 3235 5866 ‘in
3265 5775 3405 5829 libro

81 5858 165 5921 ei
184 5849 1043 5979 "53:3,:llc:g:ias‘.uguititulus
1071 5870 1195 5920 est;
1226 5849 1359 5929 Quis
1387 5866 1528 5923 dive:
1544 5849 1949 5933 salvatiduss'it,
1982 5865 2073 5937 qui
2108 5864 2161 5918 in
2184 5863 2378 5921 iisdem
2406 5855 2690 5911 l’arallelis
2727 5850 3043 5911 identidem.
3072 5856 3123 5920 η’
3160 5849 3402 5917 Στρωμη

81 5946 169 5979 vx
190 5943 245 5979 ί]
469 5967 481 5979 .
770 5966 784 5979 .

81 5946 169 5987 Vi
190 5943 245 5980 ll
274 5940 481 5979 διν-ουν.
536 5940 784 5982 νυςοιυτ.
