4024 6416
188 404 319 470 1177

1394 405 1628 466 SACRA
1663 402 2124 464 PARALLELA.

3257 392 3394 458 1178

184 517 288 569 ἀπὸ
310 514 405 583 τῆς
424 512 583 585 δόξης
604 513 703 584 τῆς
736 511 917 583 ίσχύος
946 510 1132 578 αὐτοῦ,
1159 514 1291 567 ὅταν
1324 512 1531 584 ἀναστῆ
1565 510 1735 584 θραῦ-
1759 559 1762 569 ς

1867 520 1887 564 t
1922 524 1954 563 a
1982 508 2155 581 gloria
2183 504 2405 562 virtutis
2431 503 2573 575 ejus,
2605 500 2830 573 quando
2878 498 3188 556 surrexerit
3227 512 3421 556 conti-

188 624 273 661 σαι
303 605 399 676 τήν
426 604 551 674 γῆν.
578 623 598 657 ι

258 718 278 753 ι
327 698 453 753 Ἰδοὺ
477 696 659 768 ἡμέρα
686 697 892 768 Κυρίου
922 695 1143 760 ἀνίατος
1198 696 1416 768 ἔρχεται
1470 696 1613 766 μετὰ
1641 695 1737 749 θυ-

190 792 288 864 μοῦ
322 792 413 845 καὶ
441 790 628 862 ὀργῆς,
657 790 815 859 θῆναι
849 792 947 863 τὴν
990 788 1315 861 οἰκουμένην
1360 791 1491 861 ὃλην
1536 789 1740 858 ἔρημον

187 886 283 939 καὶ
327 883 453 946 τοὺς
495 883 855 954 ἁμαρτωλοὺς
911 883 1164 937 ἀπολέσει
1207 882 1265 949 ἐξ
1304 883 1494 951 αὐτῆς.
1546 884 1605 936 υἱ
1632 882 1740 953 γὰρ

184 975 407 1047 ἀστέρες
461 974 556 1027 τοῦ
606 974 860 1046 οδῦρανοῦ,
916 975 1061 1028 καὶὸ
1092 974 1309 1044 Ὠρίων.
1357 975 1449 1027 καὶ
1481 976 1509 1027 6
1540 975 1741 1046 κόσμος

185 1069 293 1131 πᾶς
333 1065 426 1120 τοῦ
470 1066 720 1137 ούρανοῦ,
751 1065 812 1120 τὸ
856 1064 970 1134 φῶς
1027 1064 1206 1120 αὐτῶν
1256 1065 1315 1117 ού
1346 1064 1597 1126 δώσουσι,
1648 1065 1743 1120 καὶ

185 1158 645 1230 σκοτασθήσονται
667 1157 759 1211 τοῦ
791 1157 942 1226 ήλίου
967 1156 1366 1222 ἀνατέλλοντος,
1397 1160 1493 1210 καὶ
1520 1160 1554 1229 ἡ
1583 1157 1743 1227 σελή-

184 1269 251 1322 νη
284 1250 341 1304 ού
370 1250 531 1304 δώσει
555 1250 615 1304 τὸ
642 1249 779 1319 φῶς.
828 1251 936 1304 Καὶ
991 1248 1311 1319 ὲντελοῦμαι
1338 1252 1405 1320 τῇ
1449 1249 1743 1321 οἰκουμένῃ

182 1343 279 1414 ὅλῃ
313 1343 475 1403 κακὰ,
508 1343 602 1398 καί
652 1346 766 1407 τοῖς
802 1341 1026 1396 ἀσεϐέσι
1051 1342 1148 1407 τὰς
1179 1342 1457 1410 ἁμαρτίας
1509 1341 1689 1394 αὐτῶν
1722 1354 1740 1373 ο

184 1436 279 1489 καὶ
298 1433 551 1490 ἀπολέσω
588 1433 747 1507 ὓϐριν
767 1433 1004 1504 ἀνόμων,
1039 1433 1134 1488 καὶ
1168 1432 1326 1506 ὓϐριν
1377 1432 1743 1505 ὑπερηφάνων

180 1524 524 1581 ταπεινὼσω.
557 1543 576 1578 ι

263 1638 282 1672 ι
329 1619 750 1690 Ἀναστήσονται
781 1618 833 1673 oi
875 1619 1082 1690 νεκροὶ,
1130 1633 1227 1673 και
1278 1616 1666 1691 εγερθήσονται
1693 1619 1742 1672 οι

180 1714 244 1765 ἐν
272 1713 381 1774 τοῖς
414 1710 720 1781 μνημείοις.
747 1730 767 1763 ι

259 1825 278 1858 ι
308 1803 447 1871 Ἐγὼ
500 1805 573 1858 τά
624 1805 760 1876 ἔργα
814 1804 1029 1872 αὐτῶν,
1087 1804 1182 1858 καὶ¹
1227 1802 1320 1858 τὸν
1380 1802 1746 1874 συλλογισμὸν

177 1897 412 1970 ἔρχομαι
442 1870 829 1968 συναγαγεῖν.»
1014 1870 1023 1872 ἡ
1562 1870 1567 1871 ν
1646 1870 1656 1874 ’
1772 1870 1814 1925 Β

258 2010 276 2042 ι
309 1991 658 2063 Εἰλιγήσεται
690 1992 718 2043 6
746 1989 973 2062 οὐρανὸς
1025 1989 1101 2052 ὡς
1139 1988 1367 2059 βιϐλίον,
1422 1989 1519 2042 καὶ
1567 1987 1747 2041 πάντα

177 2083 254 2136 τὰ
301 2084 475 2151 ἄστρα
526 2067 817 2136 πεσοῦνται
861 2082 937 2145 ὠς
976 2081 1176 2151 φύλλον
1216 2079 1276 2145 ἐξ
1317 2078 1596 2151 ἀμπέλου,
1651 2078 1748 2132 καλ⁸

178 2173 259 2238 ὡς
283 2173 471 2226 πίπτει
498 2172 694 2242 φύλλον
721 2172 830 2226 ἀπὸ
858 2171 1050 2239 συκῆς.
1091 2190 1113 2225 ι

260 2286 277 2319 ι
319 2267 474 2319 Πᾶσα
522 2266 673 2337 φωνὴ
719 2266 1082 2334 ἀναστήσεται
1135 2265 1269 2334 πρὸς
1316 2265 1373 2319 σὲ
1410 2266 1491 2327 είς
1541 2262 1745 2337 κρίσιν,

177 2362 279 2415 καὶ
312 2361 489 2414 πάντα
536 2360 733 2424 αὐτοὺς
779 2360 964 2414 ὲτάσει
998 2376 1014 2391 ο
1051 2361 1102 2414 οἱ
1126 2360 1182 2414 δὲ
1209 2358 1381 2429 ἔνοχοι
1436 2356 1650 2411 ἔσονται
1689 2358 1747 2410 ἐν

177 2450 346 2522 λύπῃ.
370 2471 390 2505 ι

262 2563 280 2595 ι
330 2544 457 2598 Ἰδοὺ
484 2545 513 2599 6
542 2543 675 2608 Θεὸς
706 2543 889 2616 ἡμῶν,
952 2543 1061 2597 ἰδοὺ
1089 2542 1118 2595 6
1141 2540 1343 2611 Κύριος
1398 2539 1557 2611 ἡμῶν
1611 2527 1751 2609 μετά

181 2635 372 2707 ἰσχύος
399 2636 635 2707 ἔρχεται.
690 2636 820 2690 Ἰδοὺ
847 2637 877 2690 6
915 2634 1105 2705 μισθὸς
1136 2633 1253 2704 μετ’
1304 2633 1470 2687 αὑτοῦ
1491 2672 1506 2697 ,
1562 2633 1656 2685 καὶ
1689 2631 1751 2685 τὸ

178 2727 345 2799 ἔργον
370 2727 598 2781 ἐνώπιον
621 2727 806 2781 αύτοῦ.
828 2745 848 2779 ι

262 2840 281 2875 ι
328 2821 455 2876 Ἰδοὺ
487 2821 691 2893 Κύριος
722 2820 798 2885 ὡς
830 2818 943 2891 πῦρ
994 2818 1137 2889 ἥξει,
1190 2818 1286 2872 καὶ
1311 2816 1386 2882 ὡς
1412 2816 1666 2885 καταιγὶς
1685 2817 1754 2871 τὰ

178 2915 411 2987 ἅρματα
466 2913 653 2979 αὑτοῦ,
686 2912 980 2968 ἀποδοῦναι
1022 2914 1079 2965 ἐν
1109 2910 1267 2983 θυμῷ
1318 2910 1598 2978 ἐκδίκησιν
1660 2909 1754 2963 καὶ

178 3006 667 3078 ἀποσκορακισμδν
689 3008 745 3061 ἐν
782 3006 942 3075 φλογὶ
992 3003 1183 3074 πυρός.
1224 3003 1309 3057 Ἐν
1354 3005 1463 3074 γάρ
1495 3000 1572 3073 τῷ
1620 3001 1754 3074 πυρὶ

177 3101 398 3172 Κυρίου
427 3099 751 3172 κριθήσεται
779 3099 931 3152 πᾶσα
960 3098 995 3168 ἡ
1022 3098 1113 3169 γῆ.
1134 3115 1155 3150 ι

1840 620 1963 661 rere
1989 612 2189 658 terram
2199 641 2214 655 .
2257 620 2275 655 ι

1910 695 2028 753 1η.
2061 710 2183 761 xui,
2211 692 2365 748 9-H.
2391 720 2463 732 —
2488 708 2508 742 ι
2538 688 2680 744 Ecce
2713 686 2832 745 dies
2872 686 3119 751 Domini,
3175 686 3417 743 crudelis

1839 788 1989 845 venit
2012 802 2137 841 cum
2164 783 2540 855 indignatione
2566 788 2621 837 et
2650 779 2753 841 ira,
2783 778 2849 833 ad
2878 779 3193 847 ponendum
3224 777 3416 832 orbem

1840 889 1998 936 terra:
2037 880 2089 933 in
2145 878 2491 934 soldudiueui
2526 893 2541 930 :
2570 883 2624 930 et
2659 884 2976 942 peccatores
3019 869 3303 938 disperdet
3332 883 3401 923 ex

1840 991 1924 1032 ea.
1959 975 2142 1030 Stellae
2174 975 2318 1030 enim
2352 972 2499 1035 caeli.
2551 980 2607 1027 et
2646 970 2812 1026 Orion
2857 976 2911 1024 et
2958 966 3139 1021 oumis
3182 972 3416 1019 ornatus

1840 1066 1963 1122 cmli
1991 1067 2173 1121 lumen
2202 1079 2364 1121 suum
2408 1078 2515 1117 non
2557 1062 2790 1121 dabunt.
2816 1067 2871 1114 et
2899 1056 3418 1113 obtenebrahuntur

1841 1161 1957 1215 sole
2006 1158 2241 1218 oriente,
2276 1163 2333 1210 et
2375 1154 2505 1208 luna
2564 1168 2673 1207 non
2722 1150 2876 1206 dabit
2925 1150 3107 1203 lumen
3139 1162 3324 1207 suum,
3364 1153 3420 1199 et

1842 1250 2113 1305 mandabo
2148 1248 2404 1302 universo
2452 1246 2570 1300 orbi
2614 1246 2792 1305 mala,
2846 1249 2902 1297 et
2953 1241 3140 1310 impiis
3189 1244 3418 1309 peccata

1840 1357 2051 1398 eorum.
2088 1339 2153 1394 Et
2208 1339 2428 1410 perdam
2463 1338 2719 1407 iujuriaui
2756 1334 3096 1404 iniquorum,
3131 1340 3184 1386 et
3217 1337 3419 1385 contu-

1841 1434 2059 1493 meliam
2096 1432 2459 1502 superborum
2493 1425 2816 1483 humiliabo.
2852 1442 2872 1478 ι

1912 1610 2024 1665 Isa.
2054 1626 2200 1673 xxvr,
2237 1607 2324 1664 16.
2347 1637 2418 1647 -
2447 1586 2802 1673 ι’[ὶοειιτεοηι
2839 1598 3066 1661 mortui,
3113 1604 3171 1651 et
3215 1609 3416 1650 exsur—

1842 1709 1972 1771 gent
2001 1700 2091 1769 qui
2128 1700 2181 1752 in
2218 1696 2589 1752 monumentis
2614 1706 2761 1748 sunt.
2798 1710 2818 1745 ι

1914 1791 2029 1846 Isa.
2053 1806 2200 1854 ιιινι,
2231 1791 2317 1844 18.
2346 1819 2414 1830 —-
2440 1806 2458 1833 ο
2488 1787 2602 1857 Ego
2629 1799 2796 1854 Opera
2825 1796 3014 1838 eorum
3042 1794 3191 1840 non.
3218 1789 3272 1833 et
3293 1791 3421 1831 con-

1846 1884 2216 1956 gregationem
2254 1883 2411 1936 venio
2447 1892 2803 1949 congregare.
2834 1894 2852 1928 ι

1918 1975 2029 2029 Ιδα.
2063 1989 2245 2037 xxxiv,
2276 1973 2404 2026 4.-
2441 1989 2458 2022 ι
2484 1966 2916 2038 Complicahitur
2942 1961 3139 2018 coelum
3173 1968 3233 2013 ut
3260 1957 3421 2023 liber,

1846 2078 1900 2123 et
1929 2068 2111 2121 omnia
2139 2078 2286 2119 asua
2325 2063 2520 2117 cadent
2569 2069 2627 2115 ιιι
2659 2058 2849 2114 folium
2880 2071 2947 2112 ex
3002 2054 3134 2116 vite,
3168 2061 3223 2105 et
3273 2050 3420 2104 sicut

1846 2160 1998 2215 cadit
2034 2157 2220 2213 folium
2252 2156 2319 2210 de
2359 2155 2485 2208 liru.
2519 2171 2538 2206 ι

1923 2272 1942 2305 ι
1983 2251 2172 2309 Omnis
2224 2264 2325 2303 vos
2388 2252 2650 2316 exsurget
2703 2257 2769 2296 an
2825 2250 2878 2295 te
2925 2255 2979 2294 In
3028 2238 3323 2307 junctum.
3366 2241 3421 2287 et

1847 2345 2032 2400 omnia
2054 2360 2149 2399 eos
2170 2341 2589 2399 exaininabuut,
2615 2344 2670 2391 et
2700 2340 2962 2389 nocentes
2989 2340 3158 2386 erunt
3190 2330 3243 2382 in
3283 2341 3421 2380 nue-

1848 2455 1909 2493 ιό
1917 2453 1993 2492 re.
2035 2455 2055 2489 ι

1922 2528 2037 2583 Isa.
2069 2543 2200 2591 un,
2234 2525 2319 2580 ll.
2359 2552 2420 2564 -
2470 2539 2489 2574 ι
2533 2520 2671 2577 Ecce
2715 2516 2858 2576 Deus
2888 2525 3106 2577 noster.
3149 2529 3279 2569 ecce
3316 2512 3423 2565 Do-

1851 2625 2033 2677 minus
2059 2629 2264 2683 noster,
2294 2632 2418 2672 cum
2445 2615 2644 2669 virtute
2671 2612 2873 2665 veniet.
2900 2608 3039 2663 Ecce
3062 2620 3273 2661 merces
3302 2603 3428 2672 ejus

1850 2732 1974 2771 cum
2015 2730 2101 2775 eo,
2131 2720 2185 2768 et
2216 2725 2355 2781 opus
2383 2709 2504 2777 ejus
2542 2722 2726 2761 coram
2758 2704 2870 2758 illo.
2911 2720 2930 2754 ι

1924 2806 2042 2863 Isa.
2074 2821 2219 2868 uri,
2266 2803 2354 2859 15.
2395 2830 2464 2843 —-
2509 2819 2527 2853 ι
2569 2799 2708 2854 Ecce
2759 2796 3019 2850 limniuus
3070 2791 3230 2862 quasi
3283 2789 3430 2858 ignis

1854 2900 2056 2961 veniet,
2090 2907 2145 2952 et
2180 2896 2335 2967 quasi
2384 2899 2678 2961 tempestas
2708 2903 2908 2944 currus
2933 2888 3074 2950 ejus.
3110 2882 3336 2937 reddere
3371 2880 3431 2935 in

1855 2989 2331 3046 furorcultionem
2364 2996 2417 3042 et
2450 2984 2877 3054 iucrepatiouem
2924 2977 3083 3049 345
3120 2979 3173 3029 ἱιι
3211 2974 3429 3028 ﬂamma

1856 3086 2022 3154 ignis.
2078 3082 2135 3137 In
2200 3082 2323 3153 igne
2379 3078 2524 3135 enim
2586 3073 2802 3131 Domini
2855 3070 3193 3143 judicabitur
3252 3067 3433 3121 omnis

1858 3184 2021 3231 terra.
2065 3191 2085 3226 ι

262 3300 281 3333 ι
312 3281 452 3336 Τάδε
504 3279 653 3348 λέγει
694 3275 839 3350 Κνιρῖ
844 3296 902 3337 ος
929 3280 1043 3343 τοῖς
1088 3277 1300 3340 ὀστέοις
1327 3276 1539 3339 τούτοις
1564 3292 1579 3309 ο
1620 3276 1753 3330 Ἰδοῦ

1930 3265 2121 3325 Ezeclz.
2152 3278 2357 3327 xxxvii,
2390 3261 2443 3321 5.
2468 3260 2521 3315 6.
2544 3290 2614 3302 --
2639 3276 2658 3311 ι
2691 3258 2817 3312 Haec
2839 3254 2974 3311 dicit
3001 3251 3264 3306 Dominus
3290 3247 3437 3303 ossi-
3496 3254 3509 3271 '

180 3374 301 3445 ἐγὼ
362 3374 512 3444 φέρω
562 3373 649 3443 ἐφ’
675 3373 819 3441 ὑμᾶς
862 3370 1080 3441 πνεῦμα
1132 3369 1302 3438 ζωῆς.
1351 3371 1447 3422 καὶ
1486 3368 1641 3421 δώσω
1672 3368 1755 3435 ἐφ’

180 3467 334 3537 ὑμᾶς
383 3465 574 3537 νεῦρα,
636 3464 732 3517 καὶ
783 3464 898 3529 ἄξω
959 3464 1043 3533 ἐφ’
1091 3463 1235 3531 ὑμᾶς
1282 3461 1496 3529 σάρκα·
1531 3461 1627 3512 καὶ
1664 3458 1759 3529 ζή-

180 3558 372 3621 σεσθε,
412 3560 507 3613 καὶ
533 3555 828 3626 γνώσεσθε,
859 3557 941 3610 ὅτι
966 3552 1078 3622 ἐγώ
1110 3556 1225 3624 εἰμι
1274 3552 1496 3623 Κύριος.
1519 3570 1537 3604 ι

266 3758 286 3791 ι
308 3739 507 3810 Κρίσις
569 3737 646 3808 τῷ
670 3736 861 3807 Κυρίῳ
890 3737 949 3789 ἐν
975 3736 1086 3799 τοῖς
1117 3733 1317 3795 ἔθνεσι,
1358 3728 1637 3802 κρίνεσθαι
1661 3726 1762 3781 αύ-

180 3848 283 3896 to;
315 3833 454 3901 πρὸς
485 3832 664 3884 πᾶσαν
697 3831 895 3901 σάρκα.
928 3846 946 3880 ι

266 3943 286 3975 ι
335 3920 636 3990 Ἐθεώρουν
666 3921 771 3976 ἓως
803 3914 865 3973 οὗ
910 3918 1089 3989 θρόνοι
1131 3914 1416 3985 ἐτέθησαν,
1474 3913 1570 3966 καὶ
1596 3913 1626 3965 6
1659 3928 1764 3965 πα-

180 4014 343 4078 λαιὸς
376 4012 597 4085 ἡμερῶν
627 4013 882 4082 ἐκάθητο.
917 4011 1023 4064 Καὶ
1039 4011 1097 4062 τὸ
1130 4007 1338 4077 ἔνδυμα
1362 4004 1525 4060 αὑτοῦ
1570 4003 1763 4056 λευκὸν

183 4107 326 4169 ὠσεὶ
352 4105 504 4176 χιὼν,
540 4105 634 4159 καὶ
666 4106 699 4174 ή
727 4103 846 4174 θρὶξ
873 4104 973 4173 τῆς
997 4101 1243 4170 κεφαλῆς
1267 4097 1430 4153 αὐτοῦ
1469 4097 1602 4150 ὡσεὶ
1620 4078 1764 4165 ἔριον

184 4200 470 4268 καθαρόν·
503 4198 600 4253 καὶ
642 4199 670 4251 6
701 4196 888 4267 Θρόνος
956 4193 1121 4249 αὑτοῦ
1158 4190 1290 4261 φλὸξ
1346 4190 1538 4262 πυρὸς,
1596 4191 1689 4241 καὶ
1716 4190 1765 4242 oi

184 4291 387 4362 τροχοὶ
423 4289 593 4344 αὑτοῦ
629 4287 740 4356 πῦρ
788 4286 1008 4355 φλέγον.
1057 4282 1305 4356 Ποταμὸς
1363 4281 1538 4350 πυρὸς
1587 4274 1766 4332 εἷλκεν

189 4382 637 4453 ἐκπορευόμενος
687 4378 998 4449 ἔμπροσθεν
1043 4376 1227 4432 αὐτοῦ.
1289 4373 1469 4429 Χιλίαι
1532 4369 1766 4443 χιλιάδες

187 4474 581 4544 ἐλειτούργουν
614 4470 782 4539 αὐτῷ,
812 4474 907 4523 καὶ
954 4470 1143 4541 μυρίαι
1181 4466 1436 4537 μυριάδες
1483 4460 1770 4530 παρειστή-

1858 3361 1961 3416 bus
2004 3360 2169 3412 istis:
2216 3356 2353 3412 Ecce
2386 3369 2486 3423 ego
2526 3352 2791 3407 adducam
2840 3363 3002 3418 super
3032 3362 3129 3400 vos
3173 3343 3432 3413 spiritum

1857 3449 2002 3507 vitze.
2035 3454 2087 3500 et
2120 3446 2261 3499 dabo
2308 3460 2472 3513 super
2511 3458 2607 3496 vos
2641 3454 2859 3498 nervus.
2894 3445 2947 3490 et
2985 3435 3242 3490 inducam
3274 3445 3439 3501 super

1859 3556 1957 3594 vos
1992 3553 2225 3602 carnes;
2259 3547 2311 3590 et
2334 3535 2549 3601 vivetis,
2587 3542 2642 3589 et
2671 3529 3016 3601 cognoscetis
3041 3526 3300 3595 quoniam
3334 3536 3439 3591 ego

1861 3646 1981 3684 sum
2022 3628 2303 3680 Dominus.
2351 3644 2371 3678 ι

1931 3720 2124 3774 Ιειεηι.
2156 3735 2279 3780 xxv.
2309 3700 2398 3771 5i.
2423 3744 2493 3756 —
2532 3732 2550 3767 ι
2588 3712 2866 3769 Iudicium
2916 3708 3148 3763 Domino
3176 3703 3231 3759 in
3265 3701 3443 3775 genti-

1861 3813 1986 3872 bus.
2012 3825 2064 3867 ut
2094 3813 2211 3883 ipse
2235 3810 2455 3881 judicet
2479 3821 2695 3861 onmem
2721 3817 2963 3856 carnem.
3002 3818 3021 3851 ι

1934 3905 2073 3959 Dan.
2125 3919 2217 3966 vn,
2249 3902 2303 3963 9,
2346 3900 2424 3954 I0.
2473 3927 2542 3938 -
2598 3915 2617 3948 ι
2659 3897 3002 3964 Aspiciebam
3047 3889 3220 3942 donec
3254 3883 3437 3938 throni

1864 4000 2027 4070 positi
2056 4008 2221 4050 sunt:
2254 4002 2306 4047 ct
2337 3991 2606 4060 Antiquos
2626 3989 2835 4042 dierum
2867 3984 3023 4038 sedit.
3060 3983 3121 4036 Et
3154 3981 3445 4035 vestimen-

1867 4104 1977 4147 tum
2010 4090 2131 4158 ejus
2155 4086 2446 4142 caudiduui
2479 4082 2634 4152 quasi
2663 4081 2778 4141 uix.
2818 4087 2873 4133 et
2898 4076 3077 4147 capilli
3100 4075 3296 4144 capitis
3324 4071 3446 4140 ejus

1865 4183 2019 4255 quasi
2072 4182 2193 4234 lana
2231 4180 2456 4231 munda.
2494 4173 2559 4228 Et
2604 4174 2831 4228 thronus
2873 4169 2994 4238 ejus
3026 4167 3241 4221 ﬁnitima
3274 4163 3444 4233 ignis,

1866 4288 1921 4332 et
1950 4285 2081 4329 roue
2111 4272 2230 4341 ejus
2259 4270 2402 4339 ignis
2450 4280 2735 4322 accensus.
2782 4261 3009 4316 Fluvius
3063 4259 3256 4328 igneus
3292 4269 3446 4324 θεῖος

1867 4368 2119 4422 diebatur
2155 4379 2183 4418 a
2223 4363 2362 4417 facie
2391 4360 2533 4430 ejus.
2575 4357 2743 4411 Millia
2781 4355 3011 4410 millium
3062 4346 3449 4403 ministrabant

1869 4457 1940 4521 ei,
1973 4467 2027 4510 et
2057 4456 2236 4508 decies
2296 4453 2494 4504 millies
2543 4455 2771 4502 centena
2829 4443 2997 4496 millia
3032 4434 3368 4492 assistebant
3394 4432 3447 4486 ei

188 4581 392 4618 κεισαν
416 4562 583 4633 αύτῷ.
618 4561 966 4633 Ἐμπροσθεν
1000 4558 1164 4613 αὑτοῦ
1188 4558 1468 4629 κριτήριον
1491 4552 1762 4614 ἐκάθισεν,

1873 4564 2055 4604 coram
2089 4547 2230 4617 ipso.
2258 4542 2533 4598 Judicium
2565 4538 2730 4597 sedit.
2760 4543 2814 4591 et
2846 4534 2972 4588 libri
3009 4529 3186 4601 aperti
3231 4536 3380 4582 sunt.
3420 4543 3441 4575 ι

190 4654 296 4710 καὶ
329 4654 387 4709 αἱ
416 4651 979 4722 βίῆλοιὴνεῴχθησαν.
1018 4667 1037 4700 ι

275 4765 295 4799 ι
350 4747 439 4800 Ἐν
470 4745 548 4816 τῷ
606 4743 783 4816 καιρῴ
839 4740 1034 4811 ἐκείνῳ
1088 4739 1450 4809 ἀναστήσεται
1493 4732 1714 4804 Μιχαὴλ
1746 4733 1775 4785 6

189 4839 391 4910 ἄρχων
420 4840 449 4891 6
481 4837 674 4909 μέγας,
694 4839 722 4890 6
743 4833 987 4905 ἑστηκὼς
1010 4833 1102 4885 ἐπὶ
1127 4833 1251 4893 τοὺς
1280 4830 1429 4892 υἱοὺς
1470 4827 1563 4880 τοῦ
1601 4823 1730 4878 λαοῦ
1755 4840 1771 4855 ⁸

191 4909 302 4985 καὶ
332 4930 490 4982 ἔσται
549 4927 735 4998 καιρὸς
768 4925 1021 4993 θλίψεως,
1082 4916 1193 4983 οἷος
1219 4920 1280 4973 ού
1329 4919 1552 4987 γέγονεν
1592 4914 1686 4983 ἀφ’
1714 4909 1774 4966 οὗ

190 5022 504 5093 γεγένηται
534 5018 684 5081 ἔθνος
717 5017 807 5071 ἐπὶ
839 5016 937 5086 τῆς
994 5014 1118 5083 γῆς,
1169 5012 1273 5074 ἕως
1311 5008 1504 5081 καιροῦ
1542 5006 1773 5060 ἐκείνου.

191 5116 316 5169 Καὶ
346 5114 407 5165 ἐν
434 5110 511 5179 τῷ
534 5108 711 5179 καιρῷ
749 5108 942 5177 ἐκείνῳ
972 5105 1277 5177 σωθήσεται
1307 5103 1334 5155 6
1365 5101 1492 5163 λαός
1526 5116 1620 5151 σου
1670 5098 1780 5161 πᾶς

190 5207 222 5258 6
263 5201 519 5274 εὑρεθεὶς
564 5199 948 5270 γεγραμμένος
1001 5199 1059 5250 ἐν
1094 5199 1159 5267 τῇ
1215 5193 1381 5266 βίϐλῳ
1420 5192 1623 5261 ταύτῃο
1685 5188 1781 5241 καὶ

193 5295 402 5350 πολλοὶ
429 5293 539 5346 τῶν
596 5290 965 5345 καθευδόντων
995 5291 1050 5341 ὲν
1071 5289 1175 5358 γῆς
1224 5285 1440 5357 χώματι
1488 5280 1781 5351 ἐξεγερθήο

196 5404 421 5442 cro-nat.
483 5379 642 5439 Οὗτοι
702 5384 778 5445 εἰς
836 5380 980 5451 ζωὴν
1037 5378 1298 5441 αἰώνιον,
1359 5377 1455 5429 καὶ
1506 5369 1651 5428 οὗτοι
1703 5374 1784 5435 εἰς

196 5477 549 5547 ὀνειδισμὸν,
595 5476 688 5530 καὶ
727 5472 988 5544 αἰσχύνην
1035 5472 1250 5527 αίώνιον
1273 5486 1285 5499 ⁶
1319 5470 1411 5522 καὶ
1434 5469 1482 5521 οἱ
1514 5467 1785 5531 συνιέντες

198 5570 592 5639 ἐκλάμψουσιν
641 5566 717 5630 ὡς
772 5568 807 5637 ή
855 5566 1174 5638 λαμπρότης
1239 5560 1334 5618 τοῦ
1385 5558 1785 5631 στερεώματος,

199 5662 309 5716 καὶ
342 5660 456 5715 ἀπὸ
483 5659 593 5713 τῶν
636 5658 862 5713 δικαίων
885 5658 993 5712 τῶν
1024 5653 1257 5722 πολλῶν,
1292 5651 1425 5708 ὡσεὶ
1450 5649 1679 5721 ἀστέρες
1708 5650 1789 5713 είς

203 5753 307 5811 τὸν
333 5751 528 5805 αἰῶνα.
553 5770 573 5803 ι

292 5861 312 5895 ι
347 5842 512 5911 Λέγω
539 5842 690 5913 ὑμῖν,
736 5844 819 5899 ὅτι
876 5842 985 5898 πᾶν
1033 5838 1185 5912 ῥῆμα
1245 5836 1411 5908 ἀργδν
1440 5834 1467 5889 δ
1494 5834 1588 5889 έάν
1625 5831 1787 5902 MM“

1943 4727 2085 4782 Dan.
2135 4739 2235 4789 xu,
2279 4722 2491 4777 l-5.——
2540 4735 2561 4770 ι
2595 4715 2655 4771 in
2708 4724 2953 4784 tempore
3008 4712 3103 4766 illo
3154 4714 3450 4777 consurget

1874 4818 2100 4875 Michael
2130 4816 2383 4887 princeps
2413 4825 2664 4876 magnus,
2687 4807 2778 4877 qui
2805 4813 2913 4859 stat
2942 4819 3037 4873 pro
3064 4804 3189 4857 liliis
3225 4800 3405 4871 populi
3432 4815 3447 4854 :

1876 4922 1931 4968 et
1966 4911 2071 4965 erit
2110 4918 2325 4976 tempus
2358 4900 2734 4959 tribulationis
2761 4899 2922 4966 quale
2953 4911 3058 4949 non
3093 4892 3217 4955 fuit,
3248 4908 3311 4947 ex
3342 4905 3453 4960 quo

1878 5017 2007 5072 gens
2043 4999 2184 5053 facta
2211 5006 2481 5072 estsuper
2505 5001 2703 5046 terram
2739 5002 2913 5054 usque
2942 4984 3008 5037 ad
3042 4993 3259 5053 tempus
3292 4978 3450 5034 illud.

1880 5098 1946 5151 Et
1984 5094 2036 5148 in
2070 5104 2313 5160 tempore
2359 5088 2452 5143 illo
2482 5083 2781 5142 salvabitur
2817 5080 3048 5151 populus
3094 5085 3242 5138 tuus,
3274 5074 3455 5129 omnis

1881 5189 1973 5258 qui
2017 5188 2268 5241 inventus
2292 5181 2452 5235 fuerit
2485 5177 2724 5245 scriptus
2763 5174 2817 5229 in
2854 5173 2991 5226 libro
3026 5172 3147 5223 hoc.
3190 5166 3254 5220 Et
3299 5164 3455 5218 multi

1883 5257 1950 5337 de
1973 5282 2040 5335 iis
2068 5278 2159 5350 qui
2195 5275 2474 5332 dormiunt
2506 5272 2559 5324 iu
2597 5279 2757 5324 terrae
2811 5269 3032 5336 pulvere
3080 5257 3452 5325 evigilaliuut:

1884 5374 1972 5428 alii
1997 5374 2049 5425 in
2084 5374 2246 5424 vitam
2269 5375 2551 5426 maternam,
2575 5370 2629 5417 et
2654 5359 2745 5415 alii
2780 5358 2831 5412 in
2868 5352 3221 5426 opprobrium
3244 5356 3299 5402 et
3325 5361 3454 5401 eon-

1889 5463 2158 5517 fusioncm
2194 5469 2473 5513 aeternam.
2533 5452 2600 5506 Et
2656 5451 2748 5521 qui
2812 5448 3115 5515 intelligent
3175 5440 3460 5511 fulgebunt

1888 5554 2043 5625 quasi
2080 5550 2343 5622 splendor
2373 5544 2722 5611 ﬁrmamenti,
2767 5548 2822 5597 et
2863 5555 2929 5597 ex
2967 5536 3156 5601 multis
3179 5533 3459 5605 justorum

1891 5656 1949 5701 ut
1977 5653 2125 5700 astra
2161 5645 2217 5697 in
2246 5651 2532 5696 eternum.
2564 5654 2584 5688 ι

1970 5812 2165 5881 Matth.
2200 5840 2296 5892 xu,
2328 5821 2416 5878 36.
2455 5850 2523 5862 -—-
2559 5839 2575 5872 ‹
2609 5818 2739 5873 Dico
2773 5812 2946 5877 vobis,
2977 5806 3118 5881 quod
3151 5819 3309 5863 omne
3338 5812 3455 5854 vrr-
