4024 6428
599 409 735 474 1179

1777 419 1838 480 S.
1875 419 2115 485 JOANN
2122 420 2195 480 IS
2234 423 2663 486 DAM‘ASCENI

3696 432 3827 499 1180

591 518 722 573 bum
752 519 1013 585 otiosum,
1039 520 1185 592 quod
1212 522 1381 580 locuti
1415 525 1619 583 fuerint
1640 528 1914 596 homines,
1935 530 2154 585 reddent

2271 536 2833 608 σωσινοὶάνθρωποι,
2870 538 3214 596 ἀποδώσουσι
3277 544 3409 615 περὶ
3468 544 3641 598 αὐτοῦ
3696 545 3837 613 ὶόξοι

589 610 659 667 de
687 626 753 667 eo
782 612 1049 668 rationem
1091 613 1147 669 in
1192 614 1280 671 die
1303 616 1520 686 judicii.
1554 618 1632 674 Ex
1664 619 1847 675 verbis
1876 621 2021 674 enim
2057 620 2167 677 tuis

584 703 1002 774 justilicaberis,
1027 712 1081 762 et
1115 721 1180 761 ex
1209 708 1397 765 verbis
1433 711 1539 765 tuis
1567 711 2037 768 condemnaberis.
2073 730 2091 763 ι

657 793 851 850 Matth.
883 811 1005 860 xm,
1054 796 1123 852 56
1152 799 1240 852 45.
1269 829 1342 840 —
1372 820 1391 852 ‹
1428 800 1492 855 Et
1526 810 1881 857 accesserunt
1931 803 1996 857 ad
2042 819 2166 858 eum

585 886 838 958 discipuli
876 888 1017 958 ejus.
1044 890 1294 947 dicentes
1328 910 1343 946 :
1382 891 1636 949 Edissere
1666 894 2165 965 nobis-parabolam

585 979 923 1035 zizaniorum
956 982 1090 1051 agri.
1131 982 1231 1048 Qui
1262 985 1599 1054 respondens
1634 988 1713 1040 ait:
1741 988 1848 1042 illis
1878 1006 1891 1042 :
1929 988 2029 1054 Qui
2074 1003 2165 1042 se—

586 1067 759 1122 minat
789 1069 986 1124 bonum
1019 1086 1228 1135 semen,
1262 1084 1347 1128 est
1382 1072 1554 1131 Filius
1602 1078 1859 1133 hominis.
1893 1079 2032 1147 Ager
2062 1094 2165 1133 au-

586 1167 692 1211 tem
717 1168 797 1214 est
834 1162 1086 1217 iuundus.
1135 1162 1344 1217 Bonum
1382 1182 1511 1221 vero
1554 1181 1761 1234 semen,
1806 1170 1860 1224 hi
1907 1178 2035 1225 sunt
2068 1169 2162 1223 ﬁlii

583 1250 757 1317 regni.
806 1249 1026 1307 Zizauia
1081 1263 1261 1309 autem
1298 1256 1391 1311 ﬁlii
1438 1268 1569 1313 sunt
1612 1276 1862 1330 nequam.
1906 1260 2164 1317 Inimicus

582 1351 764 1397 autem
792 1346 883 1413 qui
918 1348 1211 1403 seminavit
1248 1365 1333 1413 ea,
1371 1361 1455 1406 est
1502 1352 1781 1409 diabolus.
1817 1354 2009 1410 Messis
2036 1371 2164 1410 vero

580 1443 664 1488 est
718 1428 1124 1493 consummatio
1178 1442 1386 1497 smeuli.
1440 1444 1711 1501 Messores
1751 1455 1931 1501 autem
1985 1447 2161 1516 angeli

580 1535 725 1579 sunt.
762 1526 917 1584 Sicut
938 1545 1067 1602 ergo
1096 1534 1434 1604 colliguntur
1466 1538 1696 1601 zizania.
1717 1548 1770 1593 et
1798 1539 1906 1608 igni
1938 1539 2161 1593 combu-

580 1625 798 1681 runtur,
836 1618 917 1673 sic
952 1623 1057 1675 erit
1108 1623 1161 1677 in
1212 1630 1690 1684 consummatione
1736 1631 1949 1685 szeculi.
1985 1630 2163 1687 Mittet

579 1701 753 1761 Filius
793 1707 1031 1765 hominis
1055 1714 1281 1783 angelos
1320 1732 1473 1783 suos,
1509 1726 1563 1772 et
1602 1721 1862 1789 colligent
1894 1722 1961 1775 de
1993 1738 2162 1790 regno

577 1797 697 1864 ejus
725 1800 908 1854 omnia
956 1806 1236 1868 scandala,
1269 1816 1323 1862 et
1367 1824 1463 1864 eos
1491 1811 1585 1880 qui
1638 1812 1843 1868 faciunt
1898 1814 2159 1883 iniquita-

2268 626 2326 677 ὲν
2360 618 2571 698 λήμέρᾳ
2617 629 2876 700 κρίσεως.
2931 632 3026 687 Ἐκ
3075 633 3186 706 γὰρ
3230 634 3340 687 τῶν
3394 635 3570 703 λόγων
3627 654 3724 690 σου
3772 637 3839 692 ζι-

2267 715 2570 786 καιωθήσῃ,
2592 719 2688 771 καὶ
2709 721 2772 773 ὲκ
2792 720 2902 773 τῶν
2918 721 3095 791 λόγων
3123 742 3216 778 σου
3245 726 3655 802 κατακριθήσῃ.
3684 748 3703 780 ι

2342 823 2361 856 ι
2392 806 2499 865 Καὶ
2530 808 2839 878 προσῆλθον
2889 812 3038 881 αὐτῷ
3064 815 3111 868 oi
3153 814 3395 888 μαθηταὶ
3444 817 3614 870 αὐτοῦ
3661 818 3834 885 λέγον-

2265 913 2355 960 τες
2377 914 2392 929 ο
2431 900 2641 968 φράσον
2671 903 2805 971 ἡμῖν
2834 902 2934 973 τὴν
2962 906 3278 978 παραϐολὴν
3308 909 3417 962 τῶν
3460 909 3727 975 ζιζανίων
3756 912 3838 964 τοῦ

2267 989 2459 1058 ἀγροῦ.
2504 991 2564 1044 Ὃ
2599 992 2655 1046 δὲ
2686 993 3008 1063 ἀποκριθεὶς
3036 993 3189 1051 εἶπεν
3219 1000 3401 1059 αὐτοῖς
3433 1017 3448 1030 δ
3491 1002 3553 1055 'U
3607 1002 3839 1073 σπείρων

2266 1081 2443 1133 καλὸν·
2487 1084 2729 1154 σπέρμα,
2792 1084 2940 1140 ἔστιν
2974 1090 3001 1141 6
3031 1088 3158 1153 Υἱὸς
3216 1091 3310 1143 τοῦ
3357 1091 3658 1159 ἀνθρώπου
3683 1111 3698 1123 °
3739 1094 3837 1147 όδὲ

2265 1173 2450 1244 ἀγρὸς,
2482 1174 2629 1228 ἐστιν
2657 1177 2686 1228 6
2719 1177 2926 1247 κόσμος
2961 1195 2976 1209 ο
3031 1181 3097 1233 τὸ
3116 1181 3174 1234 δὲ
3201 1182 3367 1236 καλὸν
3397 1186 3630 1255 σπέρμα
3653 1228 3670 1249 ,
3706 1180 3837 1239 οὐτοῖ

2263 1267 2403 1319 εἰσιν
2428 1268 2534 1320 uio't
2564 1269 2663 1338 τῆς
2704 1270 2985 1339 βασιλείας
3017 1287 3033 1303 ⁸
3062 1273 3131 1327 τὰ
3161 1273 3219 1326 δὲ
3245 1272 3479 1340 ζιζάνια,
3536 1277 3681 1329 εἰσὶν
3743 1276 3838 1329 υἱοὶ

2261 1358 2356 1411 τοῦ
2392 1361 2629 1430 πονηροῦ
2661 1377 2677 1394 ο
2712 1364 2740 1415 ὀ
2770 1362 2827 1415 δὲ
2870 1364 3062 1434 ἐχθρὸς
3084 1366 3114 1418 6
3148 1368 3374 1438 σπείρας
3428 1370 3593 1431 αὐτὰ,
3645 1369 3836 1424 ἔστωό

2261 1449 2507 1513 διάϐολος
2544 1467 2558 1483 ⁸
2590 1452 2618 1505 6
2638 1452 2696 1506 δὲ
2726 1452 3004 1525 θερισμὸς.
3069 1457 3351 1512 συντέλεια
3380 1458 3475 1512 τοῦ
3527 1461 3730 1523 αἰῶνός
3758 1461 3832 1514 ὲσ-

2260 1557 2388 1594 τιν’
2428 1543 2479 1595 οἱ
2531 1542 2587 1596 δὲ
2638 1543 2931 1618 θερισταὶ,
2979 1547 3202 1616 ἄγγελοί
3255 1553 3413 1605 εἰσιν.
3477 1551 3699 1622 Ὥσπερ
3756 1548 3832 1605 οὖν

2271 1633 2681 1702 συλλέγεταιτά
2729 1636 2986 1703 ζιζάνια,
3042 1639 3140 1693 καὶ
3190 1641 3325 1711 πυρὶ
3374 1642 3615 1709 καίεται,
3675 1643 3833 1708 οὕτως

2260 1724 2411 1776 ἔσται
2438 1726 2496 1776 ὲν
2526 1728 2592 1795 τῇ
2620 1726 2900 1799 συντελείᾳ
2914 1727 3016 1799 τοῦ
3055 1727 3248 1792 αἰῶνος
3272 1729 3483 1786 τούτου.
3532 1733 3833 1785 Ἀποστελεί

2259 1820 2288 1871 6
2318 1819 2445 1882 Υἱὸς
2462 1818 2554 1873 τοῦ
2588 1819 2876 1891 ἀνθρώπου
2907 1824 3032 1887 τοὺς
3061 1823 3332 1891 ἀγγέλους
3358 1824 3546 1887 αὐτοῦ,
3578 1827 3678 1879 καὶ
3722 1826 3832 1879 συλ-

579 1892 713 1949 tem,
745 1895 799 1942 et
828 1889 1046 1945 mittent
1087 1910 1181 1949 eos
1210 1896 1265 1950 in
1300 1899 1575 1954 caminum
1609 1901 1751 1972 ignis
1780 1921 1793 1956 :
1826 1904 1897 1957 ibi
1937 1906 2041 1958 erit
2067 1906 2154 1959 tie-

2259 1906 2500 1972 λέξουσιν
2528 1913 2591 1963 ἐκ
2609 1885 2709 1981 τῆς
2739 1885 3022 1982 βασιλείας
3054 1885 3217 1969 αὐτοῦ
3248 1885 3429 1970 πάντα
3452 1885 3828 1981 τὰνσκάνδαλα,

578 1987 668 2033 tus
691 1988 745 2035 et
787 1984 994 2039 stridor
1025 1986 1293 2045 dentium.
1330 1991 1484 2048 Tunc
1531 1994 1667 2065 justi
1699 1996 1983 2070 fulgebunt
2011 2001 2155 2055 sicut

579 2073 659 2125 sol
689 2074 742 2128 in
772 2091 941 2148 regno
971 2077 1149 2137 Patris
1179 2098 1391 2139 eorum.
1427 2104 1446 2137 ι

2258 2003 2351 2053 καὶ
2379 2004 2507 2065 τοὺς
2526 2002 2813 2067 ποιοῦντας
2835 2005 2933 2076 τὴν
2955 2006 3205 2076 ἀνομίαν,
3239 2010 3333 2061 καὶ
3392 2009 3699 2078 ἐμϐαλοῦσι
3733 2011 3821 2062 αὐ-

2256 2093 2384 2155 τοὺς
2411 2094 2489 2156 είς
2517 2092 2614 2165 τὴν
2643 2095 2871 2165 κάμινον
2896 2096 2989 2151 τοῦ
3024 2098 3215 2170 πυρός.
3257 2086 3409 2152 Ἐκεῖ
3430 2099 3588 2152 ἔσται
3607 2100 3638 2153 6
3672 2098 3824 2152 κλαυ-

579 2166 719 2235 θμὸς
765 2171 859 2224 καὶ
887 2175 914 2226 6
937 2172 1180 2245 βρυγμὸς
1231 2178 1341 2232 τῶν
1390 2180 1637 2237 ὀδόντων.
1706 2184 1840 2238 Τότε
1869 2187 1919 2239 οἱ
1950 2186 2153 2241 δίκαιοιν
2186 2185 2561 2259 ἐκλάμψουσιν
2592 2189 2668 2253 ὡς
2694 2191 2889 2262 όῆλιος
2923 2195 2981 2246 ὲν
3026 2166 3114 2265 τῇ,
3165 2194 3423 2266 βασιλεία
3463 2195 3560 2249 τοῦ
3615 2196 3820 2263 Πατρὶς

577 2276 773 2314 αυτων.
797 2280 816 2313 ι

650 2352 843 2411 Matth.
876 2374 989 2421 xvi,
1026 2361 1111 2417 i7.
1162 2394 1211 2403 —
1242 2384 1260 2417 ι
1302 2365 1477 2425 Filius
1509 2369 1749 2428 hominis
1780 2380 2044 2430 venturus
2074 2381 2161 2430 est

579 2445 633 2499 in
662 2446 834 2516 gloria
875 2450 1053 2507 Patris
1087 2454 1172 2509 sui
1212 2471 1335 2510 cum
1368 2462 1576 2529 angelis
1604 2464 1742 2529 suis,
1778 2474 1832 2519 et
1862 2472 1994 2520 tunc
2028 2466 2155 2521 red-

580 2538 671 2592 det
701 2540 999 2611 unicuique
1025 2547 1330 2601 secundum
1362 2565 1526 2622 opera
1552 2569 1673 2610 sua.
1708 2574 1728 2608 ι

647 2628 841 2722 Matth.
885 2649 1033 2702 xxiv,
1060 2637 1252 2705 29-51,
1284 2641 1369 2696 36.
1405 2673 1475 2685 —-
1513 2664 1532 2697 ι
1577 2647 1773 2702 Statim
1802 2661 1982 2705 autem
2031 2660 2159 2722 post

574 2721 982 2779 tribulationem
1027 2726 1238 2784 dierum
1275 2732 1515 2800 illorum,
1545 2739 1627 2791 sol
1656 2721 2063 2802 obscurabitur.
2097 2752 2153 2798 et

576 2812 702 2865 luna
740 2829 849 2868 non
882 2814 1035 2871 dabit
1090 2819 1268 2877 lumen
1324 2839 1505 2891 suum,
1540 2836 1595 2883 et
1646 2830 1817 2886 stellae
1853 2833 2049 2889 cadent
2087 2835 2156 2890 de

575 2904 736 2965 melo.
768 2913 823 2959 et
853 2906 1078 2964 virtutes
1107 2913 1369 2969 caelorum
1402 2921 1893 2978 commovebuntur
1916 2943 1929 2979 :
1952 2935 2154 2982 ettunc

575 2996 787 3064 parebit
821 2998 1036 3069 signum
1061 3000 1183 3056 Filii
1217 3005 1455 3064 hominis
1484 3010 1537 3063 in
1567 3016 1729 3079 cmlo,
1757 3026 1810 3070 et
1832 3025 1963 3072 tunc
1998 3020 2155 3090 plan-

576 3100 704 3159 gent
765 3108 955 3149 omnes
1014 3097 1189 3154 tribus
1263 3109 1441 3159 terra.
1510 3105 1574 3160 Et
1642 3109 1903 3166 videbunt
1956 3114 2151 3171 Filium

2345 2386 2364 2421 ι
2404 2367 2605 2422 Μέλλει
2634 2371 2662 2423 6
2688 2369 2817 2435 Υἰός
2866 2371 2960 2425 τοῦ
3004 2371 3301 2443 ἀνθρώπου
3348 2370 3605 2442 ἔρχεσθαι
3631 2372 3690 2423 ὲν
3714 2371 3826 2439 ἅιξῃ

2261 2462 2357 2517 τοῦ
2412 2464 2625 2534 Πατρός
2677 2463 2844 2518 αὐτοῦ
2905 2465 3044 2536 μετά
3098 2464 3208 2519 τῶν
3252 2465 3500 2533 ἀγγέλων
3519 2462 3715 2528 αὐτοῦ,
3742 2466 3825 2516 καὶ

2262 2557 2383 2610 τότε
2408 2555 2680 2610 ἀποδώσει
2712 2557 2929 2627 ἑκάστῳ
2961 2557 3106 2612 κατά
3131 2558 3232 2627 τὴν
3253 2556 3474 2627 πρᾶξιν.
3502 2574 3523 2608 ι

2344 2667 2362 2701 ι
2392 2648 2608 2712 Εὐθέως
2631 2648 2769 2719 μετά
2795 2649 2892 2719 τὴν
2914 2649 3091 2719 θλίψιν
3123 2649 3233 2703 τῶν
3263 2647 3488 2719 ἡμερῶν
3518 2648 3745 2701 ἐκείνων
3763 2686 3779 2710 ,
3800 2649 3825 2699 ὁ

2257 2739 2409 2810 ἥλιος
2457 2740 2894 2812 σκοτισθήσεται.
2948 2740 3043 2793 καὶ
3089 2743 3121 2811 ή
3171 2740 3373 2808 σελήνη
3427 2738 3487 2792 οὐ
3555 2738 3721 2791 δώσει
3772 2736 3827 2788 τὸ

2258 2834 2460 2903 φέγγος
2482 2832 2674 2905 αὐτῆς,
2710 2832 2802 2887 καὶ
2828 2834 2879 2885 οἱ
2913 2834 3145 2904 ἀστέρες
3183 2832 3473 2886 πεσοῦνται
3522 2832 3590 2884 ὲκ
3631 2829 3725 2885 τοῦ
3743 2830 3823 2884 οὐ·

2262 2927 2447 3000 ρανοῦ,
2478 2928 2573 2981 καὶ
2604 2930 2657 2982 αἱ
2684 2928 2942 2999 δυνάμεις
2975 2927 3085 2981 τῶν
3118 2926 3362 2997 οὐρανῶν
3387 2926 3823 2996 σαλευθήσονται·

2259 3019 2355 3074 καὶ
2387 3020 2510 3073 τότε
2532 3020 2834 3091 φανήσεται
2862 3019 2923 3073 τὺ
2947 3023 3177 3091 σημεῖον
3205 3018 3298 3071 τοῦ
3332 3016 3465 3071 Υίοῦ
3490 3017 3591 3070 τοῦ
3624 3016 3825 3087 ἀνθρώ-

2261 3130 2359 3166 που
2393 3116 2451 3168 ὲν
2498 3112 2577 3184 τῷ
2635 3112 2850 3184 οὐρανῷ
2883 3130 2899 3146 ο
2940 3113 3035 3166 καὶ¹
3091 3112 3214 3165 τότε
3263 3111 3524 3181 κόψονται
3574 3111 3747 3163 πᾶσαι
3776 3109 3825 3161 αἱ

577 3180 815 3236 hominis
848 3184 1155 3241 venientem
1189 3188 1241 3244 in
1272 3192 1415 3247 nube
1440 3197 1565 3251 caeli
1599 3212 1723 3253 cum
1760 3201 1956 3257 virtute
1981 3208 2150 3263 multa

2258 3206 2420 3274 φυλαὶ
2447 3180 2559 3276 τῆς*
2574 3204 2679 3275 γῆς
2694 3180 2713 3237 ο.
2742 3180 2836 3259 καί
2875 3205 3099 3276 ὄψονται
3126 3204 3217 3257 τὸν
3250 3180 3379 3257 Υἱύν
3411 3202 3508 3256 τοῦ
3540 3202 3819 3272 ἀνθρώπου

574 3284 631 3329 et
680 3276 986 3345 majestate.
1024 3280 1088 3335 Et
1122 3283 1297 3338 mittet
1351 3289 1575 3357 angelos
1643 3291 1804 3364 346
1847 3310 1977 3351 suos
2031 3312 2155 3352 cum

578 3367 712 3421 tuba
740 3379 796 3423 et
825 3384 957 3426 vove
1006 3387 1228 3444 magna,
1265 3384 1318 3431 et
1350 3382 1757 3453 congregabnnt
1801 3386 2006 3442 electos
2039 3389 2159 3460 ejus

577 3475 608 3511 a
651 3468 890 3528 quatuor
936 3465 1148 3530 ventis,
1198 3481 1228 3522 a
1277 3471 1508 3527 summis
1561 3476 1826 3531 cmlorum
1867 3495 2042 3551 usque
2090 3482 2158 3535 ad

577 3551 846 3608 terminos
880 3569 1091 3610 eorum.
1130 3556 1203 3614 De
1235 3558 1324 3616 die
1365 3571 1546 3620 autem
1578 3566 1667 3621 illa
1709 3578 1763 3622 et
1809 3571 1941 3625 hora
2000 3590 2161 3630 nemo

576 3642 700 3707 scit,
742 3657 920 3716 neque
957 3649 1135 3721 angeli
1167 3652 1455 3723 ctelorum,
1479 3657 1585 3715 nisi
1614 3659 1766 3717 solus
1794 3660 2013 3723 Pater.»

646 3916 837 3974 Matth.
876 3939 1001 3991 xxv,
1035 3925 1122 3982 15.
1150 3960 1217 3970 -
1248 3950 1265 3982 ι
1295 3929 1548 4004 Vigilate,
1576 3937 1704 4008 quia
1731 3941 1958 3999 nescitis
1988 3943 2132 4001 diem

575 4024 753 4079 neque
784 4014 1000 4070 horam.
1042 4035 1062 4068 ι

643 4102 811 4161 Joan.
844 4123 896 4168 ν.
930 4108 1019 4163 28.
1048 4140 1119 4151 —
1164 4130 1182 4163 ι
1214 4112 1376 4169 Venit
1412 4116 1567 4183 hora,
1608 4121 1663 4175 in
1704 4140 1810 4193 qua
1835 4141 2027 4185 omnes
2059 4132 2155 4202 qui

574 4196 630 4249 in
691 4202 1062 4257 monumentis
1130 4214 1297 4272 sunt,
1360 4211 1586 4266 audient
1641 4231 1829 4271 vocem
1884 4220 2035 4290 ejus;
2076 4196 2157 4282 ἐι

575 4288 871 4354 precedent
928 4291 1022 4360 qui
1076 4292 1219 4348 bona
1270 4296 1543 4367 fecerunt,
1581 4302 1635 4357 in
1691 4288 2151 4371 resurrectionem

572 4377 697 4433 vita:
732 4397 745 4432 :
779 4380 873 4451 qui
924 4397 1054 4438 vero
1101 4386 1244 4441 mala
1280 4402 1547 4458 egerunt,
1585 4395 1641 4448 in
1695 4404 2152 4463 resurrectionem

568 4468 782 4539 judicii.
828 4492 849 4525 ι

2261 3298 2557 3369 ἐρχόμενον
2584 3298 2642 3352 ὲν
2662 3298 2860 3371 νεφέλῃ
2894 3298 3032 3369 μετά
3061 3298 3364 3369 δυνάμεως,
3395 3296 3494 3350 καὶ
3519 3295 3683 3364 δόξης
3713 3294 3827 3347 πολ-

2261 3387 2359 3458 λῆς
2376 3404 2391 3418 ο
2415 3389 2509 3442 καὶ
2535 3388 2825 3442 ἀποστελεί
2851 3390 2979 3451 τοὺς
3006 3387 3271 3457 ἀγγέλους
3320 3384 3483 3439 αὐτοῦ
3535 3385 3677 3455 μετά
3710 3383 3828 3436 σάλ-

2263 3500 2460 3552 ⁴ιιιγγος
2490 3484 2584 3537 καὶ
2629 3484 2812 3552 φωνῆς
2876 3480 3143 3551 μεγάλης,
3200 3480 3293 3533 καὶ
3340 3477 3661 3543 συλλέξουσι
3716 3477 3827 3535 τοὺς

2262 3573 2553 3637 ἐκλεκτοὺς
2576 3572 2744 3626 αὐτοῦ
2760 3575 2823 3626 ὲκ
2846 3572 2952 3625 τῶν
2972 3571 3253 3641 τεσσάρων
3275 3570 3513 3634 ἀνέμων,
3539 3569 3636 3622 ἀπ’
3654 3568 3827 3638 ἄκρων

2261 3664 2508 3737 οὐρανῶν
2556 3666 2662 3730 ἕως
2714 3667 2902 3735 ἄκρων
2948 3665 3146 3719 αὐτῶν.
3195 3664 3329 3733 Περὶ
3356 3663 3413 3717 δὲ
3472 3662 3579 3731 τῆς
3628 3661 3827 3731 ἡμέρας

2262 3741 2496 3827 ἐκείνης,
2527 3756 2742 3827 καὶτῆς
2783 3754 2935 3827 ῶρας
2967 3755 3145 3817 οὐδεὶς
3170 3747 3336 3820 οἶδεν,
3388 3751 3510 3806 οὐδὲ
3529 3753 3583 3805 οἱ
3614 3750 3825 3820 ἄγγελοι

2261 3848 2371 3901 τῶν
2392 3848 2659 3919 οὐρανῶν,
2686 3850 2733 3902 εί
2760 3847 2835 3919 μὴ
2863 3850 2891 3901 6
2918 3846 3107 3916 Πατὴρ
3139 3850 3317 3916 μόνος.
3350 3864 3369 3897 ι

2338 3958 2357 3990 ι
2384 3940 2734 4012 Γρηγορεῖτε.
2760 3943 2839 3996 ὅτι
2866 3941 2966 3994 οὐκ
2999 3941 3181 3994 οἴδατε
3202 3939 3301 4011 τὴν
3334 3937 3571 4011 ἡμέραν,
3595 3937 3717 3990 οὐδὲ
3742 3938 3824 4005 τὴν

2260 4030 2429 4104 ὥραν.
2453 4051 2471 4083 ι

2336 4140 2355 4173 ι
2394 4124 2652 4195 Ἔρχεται
2703 4122 2843 4195 ῶρα,
2904 4124 2963 4176 ὲν
3096 4123 3298 4185 πάντες
3332 4124 3379 4175 οἱ
3430 4123 3491 4175 ὲν
3549 4119 3821 4191 μνημείοις

2257 4216 2583 4270 ἀκούσονται
2610 4216 2708 4286 τῆς
2763 4217 2945 4286 φωνῆς
3004 4216 3206 4269 αὐτοῦ’
3260 4215 3355 4268 καὶ
3400 4214 3818 4284 ἐκπορεύσονται

2255 4311 2307 4361 oi
2337 4309 2406 4362 τά
2438 4308 2620 4376 ἀγαθά
2647 4308 2993 4378 ποιήσαντες,
3046 4310 3127 4369 εἰς
3158 4308 3455 4361 ἀνάστασιν
3509 4305 3679 4375 ζωῆς,
3698 4304 3746 4356 oi
3768 4302 3817 4355 δὲ

2256 4401 2323 4454 τά
2350 4401 2526 4470 φαῦλα
2552 4400 2879 4472 πράξαντες,
2908 4402 2988 4465 εἰς
3010 4400 3307 4455 ἀνάστασιν
3335 4401 3597 4472 κρίσεως.
3623 4417 3642 4449 ι

644 4560 774 4616 Luc.
808 4580 939 4629 xvu,
977 4566 1171 4641 96-30.
1191 4600 1265 4613 -—
1294 4591 1313 4624 ‹
1347 4572 1501 4629 Sicut
1533 4575 1736 4635 factum
1766 4594 1848 4639 est
1879 4586 1931 4641 in
1962 4587 2154 4649 diebus

2333 4605 2353 4638 ι
2391 4585 2591 4649 Καθὼς
2649 4586 2866 4657 ἐγένετο
2907 4588 2963 4639 ἐν
3001 4588 3123 4649 ταῖς
3173 4585 3411 4657 ἡμέραις
3457 4584 3607 4650 Νῶε,
3662 4582 3815 4643 οὕτως

572 4653 706 4720 Noe,
739 4655 814 4709 ita
836 4657 943 4711 erit
968 4667 1023 4714 et
1058 4662 1110 4715 in
1143 4662 1338 4719 diebus
1366 4663 1483 4721 Filii
1515 4668 1775 4729 hominis.
1807 4675 2056 4734 Edebant
2093 4694 2148 4739 et

573 4746 853 4813 bibebant,
892 4768 1091 4811 uxores
1114 4755 1406 4825 ducebant,
1432 4767 1486 4814 et
1506 4762 1780 4820 dabantur
1804 4769 1874 4824 ad
1904 4774 2143 4842 nuptias,

575 4857 749 4913 usque
780 4845 831 4901 in
862 4844 1003 4903 diem
1036 4864 1139 4919 qua
1168 4852 1390 4907 intravit
1428 4852 1545 4912 Noe
1576 4856 1628 4911 in
1662 4873 1868 4929 arcam,
1911 4876 1963 4920 et
1995 4869 2146 4923 venit

572 4935 860 5004 diluvium,
912 4948 968 4996 et
1009 4942 1246 5012 perdidit
1285 4960 1495 5003 omnes.
1537 4949 1691 5006 Sicut
1733 4955 1898 5010 etiam
1935 4957 2142 5016 factum

571 5038 655 5086 est
689 5031 740 5085 in
771 5031 962 5089 diebus
1016 5032 1136 5091 Lot.
1194 5037 1463 5107 Edebaut,
1515 5042 1811 5113 bibebant,
1869 5052 2145 5119 emebant,

570 5122 900 5186 vendebant,
934 5125 1277 5194 plantabant,
1312 5128 1669 5188 aedificabant.
1702 5134 1818 5202 Qua
1850 5138 1939 5194 die
1962 5150 2145 5196 autem

568 5217 699 5270 exiit
732 5216 835 5273 Lot
871 5234 902 5274 a
941 5219 1233 5285 Sodomis,
1292 5224 1433 5293 pluit
1490 5230 1724 5298 sulphur
1764 5232 1832 5289 de
1882 5236 2059 5303 c0310,
2094 5245 2150 5291 et

570 5321 762 5363 omnes
790 5311 1049 5379 perdidit.
1087 5311 1403 5370 Secundum
1442 5317 1555 5374 haec
1608 5321 1714 5377 erit
1758 5324 1898 5391 dies,
1944 5326 2001 5381 in
2039 5344 2147 5400 qua

570 5394 741 5453 Filius
773 5397 1012 5457 hominis
1045 5404 1393 5461 revelabitur.
1429 5425 1448 5457 ι

642 5578 774 5634 Luc.
810 5598 923 5645 χιι,
952 5585 1140 5651 25-27,
1171 5589 1260 5655 54,
1296 5592 1386 5647 55.
1420 5622 1490 5633 -
1521 5612 1542 5646 ‹
1578 5593 1734 5650 Tunc
1776 5608 1936 5654 erunt
1992 5602 2145 5671 signa

576 5672 631 5726 in
658 5674 774 5729 sole
808 5685 862 5731 et
896 5677 1022 5732 luna
1050 5688 1105 5733 et
1132 5683 1327 5748 stellis,
1357 5690 1411 5739 et
1445 5684 1499 5739 in
1531 5694 1676 5743 terra
1722 5705 1980 5759 pressura
2017 5709 2142 5763 gen-

578 5767 713 5820 tium
752 5783 863 5840 prae
890 5760 1261 5839 'coul‘usione,
1294 5776 1509 5835 sonitus
1541 5782 1708 5837 maris
1734 5789 1787 5839 et
1832 5783 2095 5841 ﬂuctuum

578 5849 956 5922 arescentibus
983 5864 1300 5925 hominibus
1358 5885 1468 5941 prae
1526 5874 1721 5932 timore
1762 5884 1814 5933 et
1855 5886 2147 5947 exspecta-

2252 4677 2402 4732 ἔσται
2452 4680 2546 4732 καὶ
2594 4680 2651 4732 ὲν
2711 4682 2833 4743 ταῖς
2895 4678 3129 4751 ἡμέραις
3185 4678 3280 4731 τοῦ
3339 4676 3470 4731 Υεοῦ
3519 4676 3812 4747 ἀνθρώπου.

2257 4770 2724 4838 Ἥσθιον,ἕπινον.
2759 4771 3022 4842 ἐγάμουν,
3064 4770 3524 4840 ὲξεγαμίσκοντο,
3579 4770 3707 4838 ἄχρι
3757 4762 3811 4836 ἧς

2249 4861 2462 4931 ἡμέρας
2491 4861 2709 4932 εἰσῆλθε
2744 4862 2866 4914 Νῶε
2892 4863 2971 4924 είς
2992 4861 3091 4932 τὴν
3146 4861 3401 4924 κιϐωτὸν,
3458 4861 3554 4913 καὶ
3605 4857 3759 4929 ἦλθεν
3788 4860 3811 4910 ὁ

2251 4954 2638 5024 κατακλυσμὸς
2670 4994 2686 5019 ,
2720 4954 2825 5008 ’καὶ
2873 4954 3123 5009 ἀπώλεσε
3176 4955 3407 5016 πάντας.
3442 4954 3681 5024 ὐμοίως
3732 4955 3808 5005 καὶ

2249 5047 2465 5116 ἐγένετο
2498 5047 2556 5098 ὲν
2583 5048 2704 5108 ταῖς
2734 5045 2974 5117 ἡμέραις
3002 5046 3127 5099 Λώτ
3147 5063 3163 5077 ο
3191 5045 3400 5116 ήσθιον,
3458 5044 3666 5108 ἔπινον,
3697 5043 3807 5110 ἠγό-

2251 5143 2436 5213 ραζον,
2471 5137 2739 5199 ἐπώλουν,
2773 5138 3057 5205 ἐφύτευον,
3094 5137 3409 5208 ᾠκοδόμουν
3438 5151 3454 5167 ⁸
3557 5137 3616 5190 δὲ
3649 5136 3806 5205 ἡμέρᾳ

2248 5230 2441 5301 ἐξῆλθε
2477 5228 2603 5284 Λὼτ
2641 5228 2750 5282 ἀπὸ
2796 5229 3068 5299 Σοδόμων,
3105 5226 3329 5296 ἔϐρεξεν
3363 5227 3512 5281 θεῖον
3549 5228 3645 5280 ἀπ’
3668 5229 3806 5297 0'59:-

2248 5322 2361 5388 νοῦ,
2424 5322 2518 5375 καὶ
2568 5320 2853 5375 ἀπώλεσεν
2900 5321 3167 5383 ἅπαντας.
3216 5319 3373 5374 Κατά
3436 5321 3612 5373 ταῦτα
3674 5320 3803 5372 ἔσται

2249 5418 2282 5488 ἦ
2314 5416 2521 5489 ἡμέρᾳ,
2552 5409 2668 5488 ὲνῇ
2701 5417 2729 5469 ὁ
2763 5414 2889 5476 Υἱδς
2950 5412 3045 5469 τοῦ
3080 5411 3373 5487 ἀνθρώπου
3433 5413 3803 5468 ἀποκαλύπτει

2247 5526 2359 5564 ται.
2391 5528 2409 5561 ι
2742 5556 2755 5567 .

2325 5620 2343 5654 ι
2382 5601 2515 5654 Τότε
2549 5600 2702 5654 ἔσται
2759 5600 2961 5670 σημεῖα
2995 5598 3054 5651 ὲν
3079 5596 3238 5668 ἡλίῳ,
3311 5596 3534 5667 σελήνῃ,
3596 5598 3681 5649 καὶ
3717 5596 3800 5648 ἄση

2249 5711 2416 5765 τροις,
2463 5693 2559 5745 καὶ
2622 5691 2717 5746 ἐπὶ
2766 5691 2867 5760 τῆς
2902 5690 3007 5759 γῆς
3053 5690 3252 5760 συνοχὴ
3312 5689 3482 5742 ὲθνῶν
3509 5692 3567 5742 ἐν
3600 5687 3799 5758 ἀπορίᾳ,

2250 5785 2487 5856 ἠχούσης
2506 5784 2784 5856 θαλάσσης
2804 5784 2899 5837 καὶ
2918 5784 3099 5849 σάλου,
3117 5781 3509 5853 ἀποψυχόντων
3523 5779 3794 5851 ἀνθρώπω

2252 5878 2358 5931 ἀπὸ
2414 5876 2581 5946 φόϐου
2638 5875 2729 5930 καὶ
2780 5874 3109 5947 προσδοκΞας
3154 5875 3265 5928 τῶν
3311 5872 3689 5945 ἐπερχομένων
3735 5868 3789 5933 τῇ
