4024 6438
137 406 277 470 1181

1436 416 1670 477 SACRA
1712 418 2176 484 PABALLELA.

3241 430 3380 495 1182

130 521 456 592 οἶκουμένῃ.
480 520 543 574 Αἰ
574 521 684 589 γὰρ
719 521 977 592 δυνάμεις
1015 522 1125 577 τῶν
1165 524 1411 596 οὐρανῶν
1445 528 1711 599 σαλευθή-

1819 533 1968 589 tione
1994 552 2211 601 eorum,
2240 551 2363 607 quae
2389 536 2781 606 supervenient
2805 539 3062 594 universo
3090 541 3232 595 urbi.
3264 542 3396 598 Nam

131 630 355 677 σονται,
382 615 475 667 καὶ
508 614 629 667 τότε
678 613 899 683 ὄψονται
951 615 1043 668 16v
1094 615 1224 669 Υίὸν
1273 617 1368 670 τοῦ
1423 619 1715 690 ἀνθρώπου

130 706 441 778 ἐρχόμενον
471 708 529 759 ἐν
555 705 753 780 νεφέλῃ
786 706 925 778 μετὰ
953 707 1235 779 δυνάμεως
1264 716 1359 765 καὶ⁵
1386 711 1544 784 δόξης
1576 713 1710 767 πολ-

126 797 259 869 λῆς.
292 800 600 872 Προσέχετε
632 800 849 864 ἑαυτοῖς
890 801 1102 872 μήποτε
1139 802 1485 874 βαρυνθῶσιν
1562 806 1714 877 ὑμῶν

129 891 189 941 αἰ
225 890 450 961 καρδίαι
476 891 532 942 ὲν
558 891 860 962 κραιπάλῃ,
901 892 995 945 καὶ
1050 892 1211 967 μέθῃ,
1260 894 1355 948 καὶ
1421 895 1716 967 μερίμναις

134 980 450 1050 βιωτικαῖς,
490 983 585 1036 καὶ
614 984 894 1053 αἰφνιδίως
919 987 1004 1056 ἐφ’
1037 987 1182 1056 ὑμᾶς
1238 988 1436 1060 ἐπιστῇ
1464 992 1496 1061 ἡ
1532 990 1715 1061 ἡμέρα

130 1078 355 1149 ἐκείνη.
416 1077 505 1141 Ὠς
564 1077 732 1145 παγίς
786 1078 895 1151 γὰρ
950 1079 1302 1134 ἐπελεύσεται
1361 1081 1456 1135 ἐπὶ
1508 1083 1717 1148 πάντας

129 1171 267 1235 τοὺς
299 1169 641 1239 καθημένους
670 1170 763 1224 ἐπὶ
790 1172 1079 1244 πρόσωπον
1113 1174 1293 1243 πάσης
1321 1173 1418 1242 τῆς
1443 1174 1562 1245 γῆς.
1586 1194 1605 1226 ι

216 1282 239 1314 ε
286 1262 456 1316 Ὅταν
495 1262 560 1315 ἐκ
596 1263 808 1335 νεκρῶν
857 1264 1189 1328 ἀναστῶσιν,
1241 1265 1365 1319 οὔτε
1425 1267 1713 1335 γαμοῦσιν,

130 1355 269 1410 οὔτε
328 1355 675 1425 γαμίζονται,
737 1357 857 1411 ἀλλ’
900 1357 976 1422 ὡς
1035 1357 1258 1428 ἄγγελοί
1312 1360 1449 1414 εἰσιν
1503 1361 1562 1415 ἐν
1619 1362 1716 1414 06-

134 1448 316 1521 ρανῷ.
345 1467 366 1501 ι

215 1562 238 1595 ι
281 1542 605 1613 Λογίζομαι,
640 1543 721 1597 ὅτι
748 1542 848 1596 οὐκ
871 1541 996 1608 ἀξια
1021 1542 1089 1597 τά
1121 1544 1424 1617 παθήματα
1468 1545 1573 1607 τοῦ,
1620 1546 1717 1601 νῦν

129 1634 341 1707 καιροῦ
395 1636 532 1707 πρὸς
573 1635 670 1706 τὴν
713 1634 1016 1705 μέλλουσαν
1056 1636 1213 1701 δόξαν
1264 1638 1718 1709 ἀποκαλυφθῆναι

126 1730 216 1791 εἰς
254 1730 427 1798 ἡμᾶς.
464 1728 528 1782 Ἠ
561 1729 671 1800 γὰρ
702 1729 1113 1799 ἀποκαραδοκία
1155 1731 1256 1801 τῆς
1322 1732 1554 1796 κτίσεως
1620 1732 1717 1804 τὴν

124 1821 488 1890 ἀποκάλυψιν
514 1820 624 1874 τῶν
657 1821 789 1874 υἱῶν
814 1820 909 1875 τοῦ
936 1821 1072 1875 Θεοῦ
1102 1823 1484 1895 ἀπεκδέχεται.
1508 1843 1527 1877 ι

213 1932 237 1967 ι
295 1916 557 1969 Ἐκάστου
606 1914 665 1969 16
694 1915 854 1985 ἔργον
907 1916 1090 1969 ὁποῖόν
1141 1918 1258 1970 ἐστι
1302 1916 1363 1971 16
1406 1917 1517 1989 πῦρ
1574 1917 1719 1972 δοκι-

129 2004 335 2076 μάσει.
394 2004 464 2059 Et
499 2021 645 2068 τινος
686 2005 747 2059 16
790 2005 950 2077 ἔργον
1001 2005 1179 2076 μένει,
1210 2006 1240 2060 6
1269 2008 1712 2079 ἐπῳκοδόμησεν,

126 2096 341 2165 μισθὸν
403 2094 655 2167 λήψεται.
696 2096 762 2149 Εἰ
786 2112 929 2160 τινος
960 2095 1021 2149 16
1074 2096 1235 2167 ἔργον
1286 2100 1712 2170 κατακαήσεται,

117 2189 575 2261 ζημιωθήσεται.
630 2187 800 2252 Αὐτὸς
824 2188 882 2242 δὲ
923 2188 1252 2261 σωθήσεται,
1287 2188 1488 2257 ιοῦτως
1535 2190 1593 2244 δὲ
1638 2191 1715 2255 ὡς

115 2280 217 2334 διὰ
250 2281 451 2351 πυρός.
476 2298 497 2334 ι

201 2389 227 2423 ε
282 2371 473 2435 Οὕτως
522 2370 833 2443 γέγραπται
861 2389 877 2405 ο
916 2372 1168 2443 Ἐγένετο
1199 2376 1228 2428 6
1258 2375 1477 2448 πρῶτος
1507 2376 1718 2448 ἀνθρω-

116 2480 233 2527 πος
273 2464 354 2527 εἰς
386 2463 562 2534 ψυχὴν
596 2462 798 2531 ζῶσαν,
831 2464 859 2517 6
894 2464 1125 2537 ἔσχατος
1160 2467 1332 2540 Ἀδὰμ
1362 2471 1442 2533 εἰς
1495 2469 1715 2539 πνεῦμα

114 2553 429 2617 ζωοποιόν.
476 2553 616 2607 Ἀλλ’
645 2555 705 2608 οὐ
735 2555 953 2628 πρῶτον
974 2558 1036 2611 16
1062 2561 1438 2630 πνευματικόν
1462 2578 1475 2593 ·
1501 2562 1530 2614 6
1560 2561 1714 2631 πρῶ-

110 2664 218 2710 τος
254 2646 545 2717 ἄνθρωπος
573 2648 637 2701 ἐκ
675 2647 782 2718 γῆς
837 2650 1041 2719 χοῖκὸς,
1074 2654 1102 2705 6
1131 2651 1383 2723 δεύτερος
1428 2652 1715 2725 ἄνθρωπος

111 2742 143 2791 6
183 2738 408 2809 Κύριος
430 2738 489 2802 ἐξ
528 2739 783 2810 οὐρανοῦ.
818 2736 944 2805 Diog
980 2744 1008 2795 6
1036 2742 1217 2813 χοῖκὸς
1267 2743 1503 2797 τοιοῦτοι
1541 2746 1635 2797 καὶ
1663 2744 1712 2798 οἱ

108 2832 315 2903 χοϊκοί
346 2848 363 2863 ο
390 2832 486 2886 καὶ
516 2825 627 2895 οἷος
652 2834 992 2905 ἐπουράνιος,
1023 2835 1252 2890 τοιοῦτοι
1278 2838 1372 2891 καὶ
1392 2838 1443 2892 οἰ
1474 2838 1713 2909 ἐπουρά-

108 2944 258 2981 νιοι.
305 2925 504 2989 Καθὼς
567 2927 910 2998 ὲφορέσαμεν
961 2928 1061 3001 τὴν
1112 2930 1297 2984 εἰκόνα
1347 2931 1441 2986 τοῦ
1502 2932 1711 3003 χοϊκοῦ,

110 3019 463 3090 φορέσωμεν
492 3021 588 3073 καὶ
618 3020 717 3090 τὴν
766 3021 951 3076 εἰκόνα
988 3022 1083 3077 τοῦ
1147 3024 1497 3095 ἐπουρανίου.
1542 3025 1714 3081 Τοῦτό

108 3130 304 3183 φημι,
331 3112 551 3182 ἀδελφοί
585 3131 710 3184 μου,
743 3114 827 3168 ὅτι
889 3114 1027 3184 σὰρξ
1075 3116 1169 3170 καὶ
1231 3112 1372 3185 αἷμα
1434 3117 1711 3188 βασιλείαν

105 3204 273 3259 Θεοῦ
307 3203 716 3278 κληρονομῆσαι
750 3205 811 3259 οὐ
843 3205 1119 3274 δύνανται,
1172 3208 1295 3261 οὐδὲ
1334 3210 1367 3279 ἡ
1399 3209 1575 3282 φθορά
1610 3211 1711 3281 τὴν

104 3301 449 3372 ἀφθαρσίαν
482 3300 833 3373 κληρονομεῖ.
871 3302 1005 3356 Ἰδοὺ
1043 3305 1341 3373 μυστήριον
1371 3306 1499 3375 ὑμῖν
1532 3305 1708 3374 λέγω·

100 3396 337 3455 πάντες
400 3392 500 3464 μὲν
526 3394 587 3447 οὐ
620 3393 1095 3467 κοιμηθησόμεθα,
1154 3398 1357 3461 πάντες
1380 3398 1437 3451 δὲ
1476 3398 1716 3470 ἀλλαγη-

102 3484 367 3555 σόμεθα.
414 3486 502 3538 Ἐν
530 3485 736 3556 ἀτόμῳ,
768 3487 826 3538 ἐν
882 3488 1015 3557 ῥιπῇ
1078 3486 1381 3557 ὀφθαλμοῦ,
1418 3489 1475 3541 ἔν
1509 3490 1711 3563 ἐσχάτῃ

98 3580 403 3647 σάλπιγγι
427 3593 443 3610 ⁸
472 3578 722 3633 σαλπίσει
746 3578 856 3648 γάρ
875 3595 892 3611 ’
924 3581 1019 3633 καὶ
1050 3581 1099 3632 οἰ
1140 3581 1325 3650 νεκροὶ
1387 3582 1714 3653 ἐγερθήσον-

95 3690 203 3725 ται
240 3669 546 3739 ἄφθαρτοι,
580 3670 675 3723 καὶ
706 3670 869 3740 ἡμεῖς
914 3669 1364 3740 ἀλλαγησόμεθα.
1393 3673 1484 3724 Δεῖ
1515 3672 1623 3743 γάρ
1652 3673 1713 3726 16

93 3760 375 3834 φθαρτὸν
403 3759 559 3814 τοῦτο
584 3760 912 3814 ἐνδύσασθαι
937 3760 1271 3830 ἀφθαρσίαν,
1292 3762 1386 3815 καὶ
1414 3762 1475 3817 16
1515 3762 1712 3833 θνητὸν

90 3854 290 3910 τοῦτο
314 3850 593 3921 ἐνδύσεται
616 3850 934 3908 ἀθανασίαν.
954 3854 1124 3907 Ὅταν
1144 3852 1201 3906 δὲ
1224 3853 1283 3907 16
1298 3854 1540 3927 φθαρτὸν
1552 3855 1711 3909 τοῦτο

88 3947 415 4003 ἐνδύσεται
444 3945 777 4017 ἀφθαρσίαν,
807 3946 904 3999 καὶ
932 3946 993 3999 16
1016 3946 1209 4017 θνητὸν
1241 3947 1401 4001 τοῦτο
1427 3947 1711 4003 ἐνδύσεται

87 4039 461 4100 ἀθανασίαν,
510 4038 631 4093 τότε
683 4039 975 4111 γενήσεται
998 4041 1027 4094 6
1052 4038 1208 4109 λόγος
1241 4041 1270 4093 6
1291 4041 1707 4113 γεγραμμένος.

82 4132 428 4202 Κατεπόθη
456 4133 483 4185 6
506 4132 733 4197 θάνατος
754 4134 834 4197 εἰς
884 4134 1052 4197 νῖκος.
1100 4132 1211 4187 Ποῦ
1243 4152 1358 4199 σου,
1396 4134 1618 4199 θάνατε,
1650 4135 1710 4187 16

84 4230 392 4298 κέντρον;
424 4224 526 4279 ποῦ
556 4242 670 4289 σου,
694 4224 817 4297 ᾆδη,
840 4224 903 4277 16
930 4228 1108 4291 νῖκος;
1142 4225 1201 4280 16
1224 4226 1451 4297 κέντρον
1485 4226 1580 4281 τοῦ
1608 4226 1709 4282 θα-

77 4322 292 4376 νάτου
344 4320 381 4389 ἡ
442 4318 718 4391 ἀμαρτία;
755 4318 822 4372 Ἦ
854 4317 911 4372 δὲ
946 4317 1179 4389 δύναμις
1208 4320 1308 4391 τῆς
1354 4320 1654 4391 ἁμαρτίας,
1680 4323 1708 4375 6

76 4416 315 4485 νόμος.
338 4429 360 4464 ι

1817 626 2051 684 virtutes
2081 629 2350 684 caelorum
2400 633 2790 688 movebuntur.
2838 631 2905 685 Et
2954 642 3086 687 tunc
3137 634 3399 689 videbunt

1816 714 2017 774 Filium
2052 719 2291 775 hominis
2325 722 2630 778 venientem
2676 724 2733 778 in
2786 724 2931 779 nube
2966 738 3090 778 cum
3127 732 3397 796 potestate

1815 818 1871 866 et
1899 811 2179 881 majestate
2209 812 2398 867 multa.
2432 814 2710 869 Attendite
2743 823 2926 870 autem
2955 816 3113 871 vobis
3154 833 3222 871 ne
3255 818 3395 873 forte

1816 914 2111 975 graventur
2139 904 2301 959 corda
2331 914 2513 960 vestra
2546 907 2597 960 in
2634 908 2881 977 crapula,
2919 916 2972 961 et
3010 909 3298 971 ebrietate.
3339 918 3396 964 et

1816 994 1966 1048 curis
2001 994 2162 1063 hujus
2188 994 2333 1056 vitae.
2364 1003 2417 1049 et
2446 1004 2665 1067 repente
2689 998 3041 1066 superveniat
3066 1000 3119 1052 in
3152 1014 3249 1052 vos
3276 999 3395 1053 dies

1815 1082 1929 1138 illa.
1958 1081 2241 1154 Tanquam
2273 1084 2500 1155 laqueus
2532 1086 2677 1140 enim
2734 1088 3084 1157 superveniet
3119 1088 3176 1144 in
3204 1104 3394 1144 omnes

1816 1179 1910 1248 qtti
1950 1176 2139 1231 sedent
2178 1192 2342 1246 super
2368 1176 2561 1232 faciem
2598 1179 2775 1232 omnis
2811 1188 2990 1233 terrae.
3025 1197 3045 1232 ι

1887 1266 2060 1323 Marc.
2094 1285 2191 1330 xu,
2218 1269 2310 1323 ‘25.
2342 1301 2409 1313 -—
2450 1289 2469 1323 t
2501 1270 2637 1324 Cum
2666 1286 2693 1323 a
2721 1272 2950 1326 mortuis
2972 1272 3392 1335 resurrexerint,

1816 1377 1997 1431 neque
2025 1362 2251 1425 nubent,
2287 1378 2463 1433 neque
2493 1364 2791 1430 nubentur;
2823 1366 2919 1419 sed
2952 1372 3081 1420 sunt
3113 1366 3257 1419 sicut
3293 1380 3393 1418 an-

1817 1453 1920 1524 geli
1963 1454 2017 1507 in
2052 1455 2214 1509 caelo.
2250 1472 2270 1505 ι

1887 1542 2041 1598 Rom.
2075 1560 2189 1610 VIII,
2226 1544 2313 1599 18.
2349 1574 2419 1585 -ο
2450 1563 2469 1597 t
2512 1544 2779 1601 Existimo
2801 1546 2946 1616 quod
2972 1562 3079 1601 non
3110 1556 3236 1602 sunt
3259 1564 3395 1603 con-

1817 1636 1993 1705 dignae
2019 1637 2299 1706 passiones
2327 1637 2491 1706 hujus
2525 1639 2785 1707 temporis
2805 1639 2869 1692 ad
2891 1638 3129 1693 futuram
3163 1640 3392 1710 gloriam

1819 1740 1940 1794 qua:
1992 1726 2322 1780 revelabitur
2373 1727 2424 1779 in
2467 1727 2646 1781 nobis.
2683 1726 2815 1781 Nam
2867 1729 3206 1797 exspectatio
3237 1746 3393 1785 crea-

1745 1835 1789 1891 Β
1819 1826 1973 1881 turaa,
2000 1816 2386 1871 revelationem
2427 1820 2663 1872 ﬁliorum
2693 1818 2783 1874 Dei
2818 1828 3118 1888 exspectat.
3160 1841 3178 1873 ι

1889 1911 1920 1965 Ι
1956 1910 2082 1966 Cor.
2113 1926 2196 1974 ιιι,
2224 1912 2311 1973 i5,
2345 1910 2508 1964 M.—-
2536 1930 2555 1963 ι
2590 1910 3039 1982 Uniuscujusqtte
3068 1928 3205 1983 Opus
3236 1914 3396 1984 quale

1817 2002 1908 2061 sit.
1945 2002 2086 2072 ignis
2108 2001 2384 2070 probabit.
2442 2001 2498 2055 Si
2548 2001 2706 2071 cujus
2754 2016 2893 2072 opus
2925 2004 3209 2067 manserit,
3247 2004 3393 2073 quod

1817 2092 2291 2161 superaedilicavit,
2324 2092 2627 2146 mercedem
2675 2092 2930 2162 accipiet.
2965 2090 3022 2146 Si
3055 2093 3215 2161 cujus
3253 2108 3395 2162 opus

1816 2184 2037 2247 arserit,
2068 2182 2455 2238 detrimentum
2513 2181 2765 2252 accipiet.
2825 2181 2944 2253 Ipse
2996 2193 3173 2238 autem
3210 2184 3396 2241 salvus

1815 2279 1921 2335 erit
1962 2297 1976 2333 :
2018 2279 2097 2335 sic
2132 2287 2308 2331 tamen
2340 2278 2494 2347 quasi
2542 2293 2638 2348 per
2671 2278 2870 2348 ignem.
2911 2296 2930 2330 ι

1889 2369 1919 2425 1
1946 2370 2071 2425 Cor.
2101 2387 2190 2435 xv,
2223 2370 2415 2425 64-56.
2438 2400 2508 2409 —
2541 2389 2559 2421 ι
2594 2370 2685 2424 Sic
2728 2371 2997 2441 scriptum
3031 2378 3115 2426 est
3147 2386 3162 2425 :
3196 2369 3396 2425 Factus

1816 2470 1899 2519 est
1922 2465 2132 2532 primus
2165 2463 2326 2517 homo
2356 2462 2410 2516 in
2435 2462 2677 2516 animam
2714 2464 2985 2518 viventem
3014 2483 3027 2518 :
3064 2462 3397 2517 novissimus

1815 2555 1986 2610 Adam
2032 2555 2085 2608 in
2121 2554 2373 2624 spiritum
2405 2554 2790 2609 viviﬁcantem.
2844 2554 2948 2609 Sed
3000 2570 3106 2609 non
3159 2556 3395 2624 primum

1815 2646 1960 2717 quod
1992 2646 2280 2715 spirituale
2308 2655 2413 2700 est.
2452 2643 2668 2699 Primus
2711 2645 2873 2698 homo
2910 2644 2978 2699 de
3012 2652 3180 2707 terra,
3223 2653 3398 2699 terre-

1815 2753 1967 2793 nus:
2005 2736 2282 2793 secundus
2334 2736 2518 2801 homo,
2563 2734 2825 2790 Dominus
2875 2736 2943 2791 de
2990 2738 3153 2792 cmlo.
3208 2736 3396 2803 Qualis

1816 2837 2092 2890 terrenus,
2125 2828 2263 2882 tales
2303 2835 2357 2882 et
2396 2827 2599 2882 terreni
2637 2844 2651 2881 :
2685 2834 2739 2883 et
2770 2827 2950 2897 qualis
2974 2828 3234 2891 C(Blcstis,
3260 2829 3395 2883 tales

1814 2929 1870 2976 et
1898 2921 2172 2975 caelestes.
2212 2918 2276 2974 Et
2308 2920 2453 2976 sicut
2481 2920 2824 2989 portavimus
2850 2920 3139 2988 imaginem
3168 2920 3395 2983 terreni,

1816 3022 2097 3085 portemus
2134 3021 2189 3069 et
2220 3013 2511 3083 imaginem
2545 3012 2813 3066 caelestis.
2858 3013 2971 3067 Hoc
2999 3012 3143 3074 dico,
3200 3012 3395 3066 iratres

1815 3106 1944 3170 mei,
1975 3104 2100 3174 quia
2151 3119 2281 3159 caro
2331 3113 2385 3159 et
2440 3104 2665 3174 sanguis
2705 3119 2932 3174 regnum
2968 3101 3058 3155 Dei
3116 3104 3395 3172 possidere

1816 3212 1921 3251 non
1949 3204 2197 3266 possunt,
2232 3210 2332 3250 nec
2365 3195 2645 3263 corruptio
2707 3194 3172 3263 incorruptionem
3205 3195 3397 3264 possi-

1814 3289 1924 3343 det.
1977 3287 2116 3343 Ecce
2168 3287 2491 3358 mysterium
2534 3286 2689 3341 vobis
2719 3286 2844 3341 dico
2882 3305 2895 3342 :
2933 3302 3125 3341 omnes
3173 3287 3393 3356 quidem

1814 3398 1921 3438 non
1957 3381 2317 3445 dortniemus,
2366 3394 2558 3435 omnes
2606 3390 2785 3434 autem
2846 3380 3258 3435 itnmutabitnur
3291 3398 3305 3434 :
3340 3382 3395 3434 in

1814 3483 2112 3536 momento,
2153 3474 2205 3527 in
2244 3473 2354 3527 ictu
2394 3472 2563 3535 oculi,
2600 3472 2653 3525 in
2692 3471 2991 3526 novissima
3019 3474 3151 3529 tuba
3188 3490 3201 3526 :
3236 3480 3397 3526 cauet

1814 3562 1962 3617 enim
1996 3562 2125 3615 tuba
2154 3554 2208 3617 et
2246 3563 2446 3615 mortui
2492 3568 2782 3631 resurgent
2833 3561 3163 3631 incorrupti,
3209 3570 3261 3616 et
3292 3578 3394 3615 nos

1813 3652 2251 3708 immutabimur.
2283 3652 2511 3721 Oportet
2558 3652 2704 3706 enim
2744 3652 3103 3722 corruptibile
3156 3653 3260 3706 hoc
3309 3652 3394 3706 itt-

1813 3730 2498 3813 duereincorruptionetn,
2527 3751 2581 3799 et
2618 3744 2852 3799 mortale
2890 3744 2994 3799 hoc
3030 3743 3262 3799 induere
3295 3744 3397 3798 im-

1812 3837 2222 3893 mortalitatem.
2309 3834 2443 3890 Cum
2495 3845 2674 3890 autem
2736 3836 3091 3905 corruptibile
3150 3837 3251 3889 hoc
3311 3836 3395 3890 in-

1812 3930 1992 3985 duerit
2049 3928 2539 3998 incorruptionem,
2575 3936 2627 3982 et
2679 3927 2910 3981 mortale
2980 3927 3083 3983 hoc
3152 3927 3394 3982 induerit

1813 4020 2305 4081 immortalitatem,
2331 4029 2462 4074 tunc
2496 4018 2586 4073 [iet
2614 4033 2796 4074 sermo
2824 4018 2919 4088 qtti
2965 4017 3208 4088 scriptus
3232 4019 3393 4091 347

1811 4122 1915 4169 est.
1960 4112 2229 4181 Absorpta
2266 4118 2349 4165 est
2380 4126 2528 4166 mors
2562 4111 2618 4165 in
2666 4110 2914 4164 victoria.
2950 4108 3051 4164 υἰιί
3086 4120 3191 4175 est,
3221 4127 3392 4176 tnors,

1814 4204 2107 4261 stimulus?
2146 4202 2237 4257 tibi
2264 4210 2369 4267 est,
2404 4218 2574 4265 mors,
2615 4203 2891 4257 victoria?
2923 4203 3191 4258 Stimulus
3210 4215 3392 4260 autem

1812 4298 2007 4353 mortis
2044 4305 2328 4368 peccatum
2358 4303 2443 4352 est
2472 4314 2485 4351 :
2511 4295 2692 4352 virtus
2728 4314 2857 4355 vero
2876 4296 3115 4372 peccati,
3149 4298 3259 4353 lex.
3296 4316 3316 4350 ι

186 4529 213 4564 α
249 4508 404 4570 Τοὺς
426 4506 635 4571 πάντας
663 4507 811 4578 ἡμᾶς
836 4506 1242 4578 φανερωθῆναι,
1279 4507 1361 4560 δεῖ
1392 4506 1704 4579 ἔμπροσθεν

1882 4494 1944 4550 II
1997 4494 2124 4550 Cor.
2179 4510 2233 4559 v,
2288 4493 2412 4547 iOl.
2470 4522 2537 4535 —
2577 4512 2595 4544 ι
2635 4490 2840 4549 Omnes
2889 4509 2990 4550 nos
3046 4477 3392 4549 manifestat-i

67 4602 208 4658 τοῦ
245 4598 503 4670 βήματος
526 4596 621 4650 τοῦ
645 4599 905 4669 Χριστοῦ,
932 4598 1020 4651 ἵνα
1049 4598 1348 4667 κομίσηται
1384 4598 1614 4662 ἕκαστος
1635 4599 1705 4653 τὰ

65 4693 198 4750 διὰ
232 4689 343 4744 τοῦ
382 4686 653 4759 σώματος,
685 4688 831 4743 καθά
886 4687 1146 4758 ἔπραξεν,
1171 4689 1282 4742 εἴτε
1324 4688 1550 4757 ἀγαθὸν,
1593 4688 1703 4742 εἴτε

63 4784 357 4858 φαῦλον.
391 4797 410 4832 ι

176 4893 207 4927 ‹
253 4873 330 4926 Ὃ
382 4868 491 4942 γὰρ
538 4868 605 4925 ἂν
644 4868 844 4943 σπείρῃ
892 4868 1212 4941 ἀνθρωπος;
1257 4869 1415 4924 τοῦτο
1468 4872 1564 4925 καὶ
1614 4870 1704 4924 θε-

60 4970 293 5042 ρίσει.
322 4981 344 5016 ι

170 5078 204 5112 α
262 5057 346 5111 Οὐ
379 5055 599 5109 θέλωδὲ
663 5055 809 5126 ὑμᾶς
857 5055 1094 5123 ἀγνοεῖν,
1148 5055 1390 5125 ἀδελφοὶ,
1429 5056 1555 5128 περί
1594 5056 1705 5110 τῶν

48 5147 573 5221 κεκοιμημένων,
598 5147 686 5201 ῖνα
719 5148 795 5219 μὴ
832 5146 1099 5218 λυπῆσθε,
1126 5146 1308 5212 καθὼς
1329 5147 1427 5201 καὶ
1450 5148 1499 5201 οἱ
1524 5148 1705 5203 λοιποί

46 5252 127 5304 οἱ
184 5244 284 5318 μὴ
316 5242 534 5312 ἔχοντες
559 5241 771 5295 ἐλπίδα.
810 5258 830 5292 ι

168 5357 203 5391 α
251 5335 401 5405 Περὶ
426 5333 483 5386 δὲ
507 5333 617 5385 τῶν
642 5331 851 5403 χρόνων
888 5332 983 5385 καὶ
1032 5330 1142 5384 τῶν
1193 5330 1425 5401 καιρῶν,
1462 5329 1701 5400 ἀδελφοὶ,

43 5436 143 5489 οὐ
201 5425 419 5499 χρείαν
448 5423 601 5493 ἔχετε
627 5424 757 5493 ὑμῖν
774 5421 1102 5493 γράφεσθαι.
1132 5421 1297 5474 Αὐτοὶ
1324 5421 1433 5492 γάρ
1463 5421 1706 5492 ἁκριόὦς
1733 5488 1737 5491 _

32 5525 332 5583 οἴδατε,
384 5516 466 5569 ὅτι
516 5517 552 5587 ἡ
592 5515 778 5586 ἡμέρα
817 5512 1024 5584 Κυρίου
1060 5513 1136 5577 ὡς
1171 5512 1410 5580 κλέπτης
1441 5514 1499 5566 ἐν
1527 5514 1703 5576 νυκτὶ,

42 5615 303 5673 ,ὖτως
365 5606 607 5679 ἔρχεται.
645 5605 817 5659 Ὅταν
888 5603 998 5675 γὰρ
1055 5604 1303 5657 εἴπωσιν·
1350 5604 1558 5675 Εἰρήνη
1613 5605 1708 5659 καὶ

37 5702 427 5776 ἀσφάλεια,
477 5700 596 5754 τότε
650 5697 915 5768 αἰφνίδιος
956 5697 1142 5762 αὐτοῖς
1195 5698 1550 5769 ἐπιστήσεται
1597 5698 1709 5753 ἰ5λε⁸

39 5802 280 5871 θρος.
314 5790 531 5861 Ὥσπερ
553 5790 588 5859 ἠ
618 5788 748 5844 ὠδὶν
770 5791 839 5861 τῇ
888 5790 947 5844 ἐν
985 5789 1184 5861 γαστρὶ
1227 5788 1449 5863 ἐχούσῃ,
1494 5790 1589 5846 καὶ
1643 5791 1704 5846 οὐ

44 5892 179 5969 μὴ
239 5881 584 5954 ἐκφύγωσιν.
619 5899 639 5935 ι

1812 4597 2029 4660 oportet
2067 4594 2195 4641 ante
2230 4585 2474 4640 tribunal
2498 4583 2731 4648 Christi,
2763 4595 2822 4639 ut
2861 4586 3063 4640 referat
3093 4588 3421 4653 ttnusqnis--

1812 4698 1917 4754 que
1940 4694 2063 4752 quae
2094 4692 2190 4750 per
2219 4692 2423 4748 corpus
2462 4676 2656 4747 gessit,
2688 4678 2805 4731 sive
2854 4678 3081 4745 bonum,
3131 4681 3247 4735 sive
3278 4696 3395 4733 ma-

1811 4779 1947 4833 ium.
1981 4795 2000 4828 ι

1883 4870 2063 4926 Galat.
2099 4884 2175 4935 vt,
2202 4867 2255 4923 8.
2297 4896 2369 4908 —
2395 4884 2414 4918 ι
2446 4863 2603 4931 Quod
2635 4863 2781 4920 enim
2824 4862 3174 4920 seminaverit
3205 4863 3389 4929 homo,

1810 4962 1916 5018 hoc
1944 4972 1998 5015 et
2034 4968 2217 5014 metet.
2247 4976 2266 5009 ι

1882 5057 1916 5110 Ι
1948 5052 2129 5106 Thess.
2163 5066 2237 5113 tv,
2276 5047 2363 5103 ιε.
2390 5077 2459 5088 -
2506 5065 2525 5099 ι
2562 5044 2701 5101 Nolo
2730 5052 2914 5100 autem
2967 5058 3067 5100 vos
3115 5043 3386 5113 ignorare,

1812 5145 2034 5205 fratres,
2087 5143 2158 5197 de
2203 5139 2641 5201 dormientibus,
2710 5148 2769 5193 ut
2828 5152 2939 5192 non
2992 5135 3393 5191 contristetnini

1811 5242 1955 5296 sicut
1984 5245 2038 5292 et
2067 5234 2251 5290 caeteri
2279 5232 2371 5303 qui
2412 5247 2563 5302 spem
2595 5244 2707 5284 non
2742 5230 2966 5284 habent.
2995 5247 3016 5281 ι

1882 5329 1912 5385 Ι
1950 5328 2133 5385 Thess.
2167 5343 2221 5392 v,
2282 5327 2392 5381 1-5.
2427 5354 2498 5367 -
2534 5344 2553 5376 ι
2587 5322 2661 5379 De
2706 5322 3047 5393 temporibus
3105 5328 3287 5376 autem
3340 5330 3395 5377 et

1811 5421 2129 5488 momentis,
2188 5419 2411 5483 fratres,
2468 5432 2579 5472 non
2629 5416 2916 5486 indigetis,
2975 5421 3035 5467 ut
3087 5414 3395 5470 scribamus

1811 5515 1989 5571 vobis.
2023 5512 2128 5584 Ipsi
2157 5514 2303 5567 enim
2338 5510 2630 5582 diligenter
2647 5509 2823 5575 scitis,
2855 5510 2979 5576 quia
3006 5510 3123 5565 dies
3154 5507 3393 5571 Domini,

1814 5607 1958 5662 sicut
1986 5605 2074 5659 fur
2104 5606 2155 5659 in
2188 5615 2366 5668 nocte,
2398 5604 2473 5657 ita
2506 5603 2704 5658 veniet.
2748 5602 2885 5658 Cum
2929 5603 3080 5659 enim
3114 5600 3392 5657 dixerint:

1812 5698 1928 5753 Pax
1959 5706 2014 5753 et
2044 5698 2340 5761 securitas,
2375 5705 2507 5750 tunc
2556 5695 2874 5765 repentinus
2906 5694 2989 5751 eis
3044 5700 3394 5765 superveni-et

1814 5789 2092 5857 interitus,
2125 5789 2269 5847 sicut
2297 5787 2455 5846 dolor
2479 5787 2700 5845 habenti
2732 5787 2788 5844 in
2812 5796 2989 5855 utero,
3022 5796 3076 5845 et
3106 5800 3215 5843 non
3254 5783 3392 5840 εαυ-

1815 5882 1982 5956 gicnt.
2020 5898 2040 5932 ι
