3910 6408
649 430 787 497 1183

1881 424 1944 486 S.
1982 424 2013 483 Ι
2020 417 2220 481 OANN
2225 418 2297 477 IS
2336 420 2758 482 DAMASCENI
3774 418 3847 482 iiii

718 540 783 597 ll
815 540 1000 597 Thus.
1058 555 1131 604 II,
1182 538 1329 593 l-il.
1377 565 1445 578 --—
1504 555 1522 589 ‹
1560 534 1837 606 Rogamus
1885 544 2068 589 autem
2104 547 2222 595 vos,

2404 550 2423 583 ι
2472 533 2796 605 Ἐρωτῶμεν
2823 531 2881 585 δὲ
2909 530 3077 602 ὑμᾶς,
3108 530 3347 599 ἀδελφοὶ,
3385 530 3528 600 ὑπὲρ
3569 529 3683 599 τῆς
3712 547 3846 599 mp»

646 632 870 694 fratres.
910 646 1006 703 per
1033 629 1328 686 adventum
1365 627 1578 684 Domini
1629 626 1805 683 nostri
1834 624 1963 681 Iesu
1993 623 2224 689 Christi,

645 734 702 779 et
726 733 972 780 nostram
1010 722 1488 794 congregationem
1522 722 1576 776 in
1630 722 1833 792 ipsum,
1863 734 1930 773 ne
1959 717 2073 773 cito
2102 732 2225 771 mo-

648 817 885 871 veamini
916 831 946 868 a
971 829 1159 876 sensu,
1191 830 1369 884 neque
1410 814 1747 876 terreamiui,
1786 826 1962 881 neque
1994 825 2092 880 per
2115 808 2227 877 spi-

650 907 835 966 ritum.
881 922 1056 976 neque
1093 922 1188 977 per
1237 920 1568 971 sermonem,
1617 919 1794 974 neque
1825 919 1918 973 per
1943 902 2227 966 epistolam

648 1010 905 1070 tanquam
943 1014 1153 1068 peritos
1188 1000 1433 1063 missam,
1461 997 1621 1067 quasi
1654 997 1820 1051 instet
1852 995 1970 1051 dies
1992 992 2223 1048 Domini.

646 1088 726 1145 Ne
755 1091 880 1160 quis
912 1105 1006 1143 vos
1038 1091 1264 1144 seducat
1296 1088 1403 1142 ullo
1442 1088 1603 1143 modo
1640 1105 1652 1141 :
1689 1086 1947 1158 quoniam
1990 1087 2093 1140 nisi
2136 1100 2229 1140 ve-

649 1186 790 1237 nerit
829 1182 1095 1237 discessio
1127 1183 1386 1253 primum,
1424 1189 1476 1235 et
1510 1182 1784 1237 revelatus
1836 1181 2004 1236 fuerit
2064 1179 2225 1233 homo

650 1272 881 1342 peccati,
917 1272 1060 1326 (ilius
1095 1271 1443 1341 perditionis,
1469 1271 1561 1340 qui
1598 1271 1927 1325 adversatur
1963 1275 2017 1323 et
2047 1266 2224 1323 cxtol-

648 1364 781 1417 litur
813 1380 980 1433 supra
1020 1380 1181 1419 omne
1221 1364 1366 1435 quod
1407 1363 1609 1418 dicitur
1672 1360 1836 1428 Deus,
1877 1371 1973 1416 aut
2002 1360 2223 1425 colitur,

647 1457 719 1509 ita
778 1464 837 1509 ut
892 1457 944 1509 in
1001 1457 1202 1525 templo
1265 1456 1354 1510 Dei
1394 1455 1603 1519 sedeat,
1646 1455 1942 1511 ostendens
1981 1453 2221 1520 scipsum

645 1552 905 1616 tanquam
936 1546 1008 1601 sit
1047 1545 1210 1601 Deus.
1244 1545 1359 1600 Non
1398 1547 1668 1609 retinetis,
1704 1546 1848 1614 quod
1883 1559 2009 1599 cum
2045 1544 2223 1598 adhuc

642 1651 820 1691 essent
854 1638 1162 1703 vobiscum,
1196 1638 1308 1693 lucc
1336 1638 1583 1693 dicebam
1614 1637 1808 1694 vobis?
1839 1644 1892 1691 et
1916 1650 2062 1691 nunc
2090 1634 2221 1705 quid

643 1726 910 1790 detineat,
936 1728 1113 1791 scitis,
1148 1736 1206 1783 ut
1241 1729 1509 1783 reveletur
1532 1730 1585 1783 in
1622 1737 1866 1798 tempore
1908 1743 2028 1785 suo.
2083 1725 2218 1779 Nam

645 1818 966 1884 mysterium
992 1818 1103 1887 jam
1132 1827 1392 1888 operatur
1418 1819 1723 1888 iniquitatis
1750 1836 1763 1873 :
1798 1826 2009 1872 tantum
2040 1826 2099 1871 ut
2125 1817 2218 1887 qui

645 1919 793 1964 tenet
821 1926 987 1974 nunc,
1008 1911 1182 1965 donec
1213 1910 1281 1966 de
1311 1910 1489 1966 medio
1512 1912 1623 1969 iiat.
1651 1910 1713 1965 Et
1740 1920 1869 1965 tunc
1900 1911 2227 1966 revelabitur

646 1979 738 2053 ille
758 2002 1001 2071 iniquus,
1019 2016 1179 2071 quem
1209 1999 1469 2057 Dominus
1486 2000 1645 2056 Iesus
1661 2001 1915 2057 Christus
1943 2001 2233 2057 interiiciet

646 2092 842 2160 Spiriltt
874 2092 989 2145 oris
1018 2093 1126 2157 sui,
1173 2102 1228 2147 et
1266 2093 1515 2149 destruet
1557 2094 1926 2149 illustratione
1959 2094 2231 2150 adventus

646 2183 732 2235 sui
764 2198 887 2238 eum
921 2184 1080 2253 cujus
1112 2192 1196 2239 est
1226 2185 1495 2240 adventus
1522 2185 1822 2241 secundum
1856 2187 2231 2256 operationem

645 2271 887 2335 Satanze,
935 2275 989 2328 in
1034 2277 1184 2329 omni
1222 2275 1446 2338 virtute.
1492 2286 1546 2331 et
1600 2276 1801 2347 signis,
1851 2288 1905 2332 et
1969 2277 2231 2349 prodigiis

647 2364 1026 2429 mendacibus,
1050 2375 1103 2420 et
1141 2366 1195 2422 in
1238 2368 1387 2422 omni
1420 2367 1742 2423 seductione
1796 2367 2110 2438 iniquitatis
2162 2369 2230 2424 iis

644 2458 737 2524 qui
774 2465 1003 2526 pereunt
1032 2477 1044 2512 :
1078 2473 1144 2510 eo
1169 2459 1311 2527 quod
1342 2459 1648 2514 claritatem
1669 2460 1908 2523 veritatis
1933 2477 2041 2516 non
2076 2475 2231 2516 rece-

647 2560 871 2620 perunt,
902 2560 959 2605 ut
984 2553 1121 2606 salvi
1158 2553 1370 2609 liercnt.
1422 2554 1545 2608 Ideo
1581 2556 1759 2609 mittet
1791 2556 1901 2609 illis
1930 2554 2071 2610 Deus
2094 2571 2229 2626 ope-

644 2644 912 2696 rationem
944 2646 1171 2705 erroris,
1206 2654 1265 2700 ut
1296 2648 1521 2702 credant
1554 2647 1859 2711 mendacio,
1889 2659 1947 2704 ut
1971 2648 2229 2718 judicen-

643 2744 736 2790 tnr
758 2751 949 2791 omnes
979 2738 1071 2808 qui
1118 2755 1226 2793 non
1280 2740 1633 2796 crediderunt
1664 2742 1905 2807 veritati,
1952 2744 2046 2798 sed
2091 2758 2226 2797 cou-

644 2835 938 2882 scnserunt
970 2829 1268 2899 iniquitati.
1304 2849 1323 2882 ι

722 3099 884 3155 Hebr.
930 3118 984 3165 ς,
1023 3102 1113 3157 30.
1144 3132 1215 3145 —-
1257 3123 1277 3156 ι
1312 3102 1656 3161 Horrendum
1718 3119 1803 3163 est
1875 3108 2118 3164 incidere
2168 3108 2221 3165 in

648 3208 845 3246 manus
880 3192 969 3246 Dei
1004 3194 1253 3250 viventis.
1290 3214 1308 3247 ι

721 3280 778 3335 II
820 3280 963 3336 Pelr.
991 3297 1072 3344 Ill.
1107 3284 1192 3339 l0.
1225 3316 1282 3326 --
1309 3306 1327 3337 ι
1359 3285 1553 3343 Veniet
1579 3288 1696 3343 dies
1717 3288 1933 3346 Domini
1967 3303 2226 3365 tanquam

647 3370 740 3427 fur
777 3374 829 3428 in
867 3383 1046 3438 nocte,
1085 3378 1139 3432 in
1176 3393 1286 3447 quo
1328 3381 1451 3434 caeli
1501 3396 1623 3434 eum
1674 3381 1876 3452 impetu
1910 3389 2179 3441 transient
2212 3407 2225 3442 :

644 3464 915 3519 elementa
953 3481 1078 3521 vero
1094 3468 1279 3524 calore
1303 3472 1622 3529 solventur:
1653 3482 1798 3530 terra
1823 3487 2005 3533 autem
2035 3490 2088 3535 et
2110 3498 2229 3552 quze

648 3562 703 3612 in
740 3558 854 3625 ipsa
887 3570 1016 3614 sunt
1037 3577 1227 3631 opera,
1259 3575 1579 3620 exurentur.
1620 3586 1639 3618 ι

717 3650 896 3717 Ιιιάίν,
942 3653 1027 3707 14.
1063 3684 1134 3696 -
1174 3672 1194 3707 ι
1236 3654 1378 3711 Ecce
1418 3659 1565 3712 venit
1607 3658 1870 3717 Dominus
1922 3663 1974 3717 in
2023 3666 2228 3719 sanctis

649 3743 893 3800 millibus
939 3747 1081 3808 suis.
1136 3747 1315 3804 facere
1361 3749 1633 3819 judicium
1690 3766 1882 3807 contra
1927 3771 2139 3821 onmes,
2175 3768 2229 3811 et

650 3849 882 3903 arguere
911 3853 1100 3894 onmes
1133 3839 1333 3910 impios
1359 3842 1427 3897 de
1451 3844 1706 3899 omnibus
1733 3847 1994 3916 operibus
2015 3864 2225 3910 eorum,

650 3928 854 3997 quibus
880 3930 1042 4001 impie
1086 3942 1341 4002 egerunt,
1374 3945 1429 3990 et
1468 3937 1534 3992 de
1566 3932 1822 3992 clunibus
1864 3940 2019 3995 duris
2048 3943 2229 3999 verbis

650 4036 773 4091 quae
801 4021 961 4074 locuti
994 4032 1122 4079 sunt
1155 4035 1342 4079 contra
1375 4042 1497 4080 eum
1533 4038 1867 4097 peceatores.
1907 4049 1924 4081 ι

722 4113 935 4170 Basilii.
960 4146 1030 4157 —
1058 4115 1136 4173 Ne
1163 4134 1245 4173 nte
1268 4120 1549 4177 existimes
1576 4122 1748 4177 instar
1784 4126 2060 4179 nutricum
2089 4143 2227 4181 vana

652 4204 752 4257 tibi
784 4207 1228 4263 terriculamenta
1260 4209 1557 4273 intentare.
1594 4214 1742 4267 velut
1769 4214 1872 4269 illa:
1905 4218 2227 4286 pusionibns

653 4297 793 4359 suis,
826 4314 949 4352 cum
1000 4299 1291 4355 immodice
1320 4303 1554 4371 plorant,
1589 4303 1769 4360 facere
1800 4317 2224 4374 consueverunt,

655 4404 751 4459 per
782 4389 934 4445 [ictas
974 4394 1314 4448 narrationes
1344 4392 1525 4448 ﬂetum
1568 4412 1757 4450 eormn
1794 4413 2224 4468 cmnpescentes.

656 4479 780 4537 Ilaec
807 4483 951 4537 enim
992 4499 1097 4538 non
1130 4484 1326 4540 fabulae
1352 4495 1499 4547 sunt.
1528 4489 1621 4544 sed
1648 4506 1811 4543 verus
1852 4507 2031 4546 sermo
2058 4496 2226 4548 multo

2253 3210 2300 3271 α

2331 624 2453 687 σίας
2506 623 2601 678 τοῦ
2656 626 2862 694 Κυρίου
2894 622 3051 693 ἡμῶν
3085 620 3259 693 Ἰησοῦ
3302 620 3567 696 Χριστοῦ,
3628 622 3727 675 καὶ
3757 622 3847 693 ne.

2330 718 2752 787 ἐπισυναγωγῆς
2781 716 2868 768 ἐπ’
2899 716 3082 779 αὐτὸν,
3115 716 3195 778 εὶς
3220 715 3283 767 τὸ
3312 713 3388 784 μὴ
3415 714 3637 784 ταχέως
3651 712 3844 781 σα.)εῶ-

2328 826 2415 862 ναι
2446 809 2589 881 ὑμᾶς
2605 809 2712 865 ἀπὸ
2731 808 2826 862 τοῦ
2848 810 2965 872 νοός
2980 824 2993 839 ·
3030 808 3165 879 μηδέ
3184 806 3455 877 θροεῖσθε,
3481 805 3623 875 μηδέ
3649 804 3741 857 διὰ

2333 919 2524 973 ματος,
2590 905 2725 972 μήτε
2772 901 2841 954 δι’
2891 901 3203 969 ἐπιστολῆς,
3243 900 3319 962 ὡς
3372 898 3439 951 δι’
3498 896 3687 967 ἡμῶν,

2328 991 2619 1063 ἐνέστηκεν
2642 993 2675 1063 ἡ
2702 990 2888 1062 ἡμέρᾳ
2916 988 3144 1062 Κυρίου.
3172 991 3262 1060 Μή
3300 1006 3384 1052 τις
3415 988 3568 1058 ὑμᾶς
3594 986 3841 1055 sia-maia

2329 1085 2470 1137 κατά
2497 1083 2703 1155 μηδένα
2725 1082 2954 1154 τρόπον,
3006 1083 3089 1135 ὅτι
3131 1081 3225 1134 ἐὰν
3264 1082 3338 1151 μὴ
3370 1080 3503 1151 ἔλθῃ
3547 1081 3580 1149 ἡ
3609 1078 3843 1131 incana:

2328 1176 2569 1247 πρῶτον,
2595 1176 2687 1229 καὶ
2714 1175 3078 1246 ἀποκαλυφθῇ
3112 1177 3140 1228 6
3169 1173 3459 1245 ἄνθρωπος
3486 1172 3593 1240 τῆς
3620 1172 3839 1240 ἁμαρτίας.

2325 1270 2355 1321 6
2384 1270 2499 1332 υίὸς
2526 1270 2623 1336 τῆς
2651 1268 2945 1331 ἀπωλείας.
2980 1270 3009 1321 6
3042 1266 3423 1337 ἀντικείμενος
3470 1266 3571 1316 καὶ
3624 1262 3840 1331 ὑπερκρέ-

2328 1379 2487 1433 μενος
2516 1364 2610 1415 ἐπὶ
2636 1362 2813 1415 πάντα
2839 1360 3131 1430 λεγόμενον
3162 1359 3329 1425 Θεὸν,
3368 1357 3403 1429 ἢ
3433 1356 3716 1426 σέϐασμα,
3748 1355 3825 1407 ὥστε

2326 1456 2489 1509 αὑτὸν
2523 1457 2603 1517 εἰς
2632 1454 2724 1507 τὸν
2754 1454 2881 1507 ναὸν
2906 1453 3002 1506 τοῦ
3036 1452 3173 1505 Θεοῦ
3201 1451 3447 1513 καθίσαι,
3491 1448 3833 1503 ἀποδεικνὴ

2324 1548 2537 1611 ἐαυτὸν,
2572 1549 2653 1601 ὅτι
2709 1547 2826 1600 ἐστὶ
2879 1546 3034 1608 Θεὸς.
3065 1546 3139 1599 Οὐ
3184 1544 3573 1616 μνημονεῦετε
3616 1544 3700 1596 ὃτι
3728 1542 3831 1594 Emit
3882 1574 3883 1585 ι

2325 1639 2463 1711 πρὸς
2497 1641 2663 1710 ὑμᾶς,
2692 1639 2866 1693 ταῦτα
2884 1638 3070 1707 ἔλεγον
3098 1638 3259 1706 ὑμῖν;
3306 1638 3405 1691 καὶ
3444 1636 3549 1689 νῦν
3592 1637 3656 1689 τὸ
3688 1637 3833 1700 mixtu
3882 1656 3883 1695 ς

2323 1733 2521 1797 οἴδατε,
2587 1735 2668 1796 είς
2716 1733 2779 1785 τὸ
2816 1730 3270 1801 ἀποκαλυφθῆναι
3333 1730 3506 1785 αὑτὸν
3539 1731 3598 1781 ἐν
3740 1726 3835 1780 αὑτςὲ
3882 1764 3883 1787 η

2328 1826 2507 1898 καιρῷ
2573 1826 2648 1878 Τὸ
2690 1826 2799 1897 γάρ
2834 1826 3132 1896 μυστήριον
3173 1823 3272 1895 ἤδη
3320 1824 3637 1891 ἐνεργεῖται
3673 1821 3839 1884 ticam-
3882 1856 3883 1867 η

2339 1918 2470 1985 μίας
2494 1937 2506 1951 ·
2538 1919 2696 1989 μόνον
2720 1921 2749 1972 6
2779 1919 3025 1987 κατέχων
3057 1917 3183 1987 ἄρτι
3216 1915 3321 1978 ἕως
3351 1916 3417 1967 ἐκ
3446 1916 3625 1985 μέσου
3652 1914 3838 1980 γένηται·
3882 1916 3883 1973 l

2334 2013 2431 2066 καὶ
2460 2012 2581 2065 τότε
2614 2009 3131 2079 ἀποκαλυφθήσεται
3182 2009 3211 2061 6
3276 2006 3509 2075 ἄνομος,
3559 2006 3620 2057 ὃν
3649 2007 3676 2057 6
3707 2006 3840 2073 Kip’s:

2347 2102 2554 2173 Ἰησοῦς
2581 2102 2814 2171 Χριστὸς
2851 2101 3031 2154 ἀνελεῖ
3076 2100 3155 2170 τῷ
3192 2099 3469 2170 πνεύματι
3502 2097 3603 2150 τοῦ
3649 2096 3837 2165 στόμετδς

2334 2194 2523 2261 αὐτοῦ,
2554 2196 2646 2248 καὶ
2681 2195 3019 2265 καταργήσει
3048 2196 3115 2263 τῇ
3150 2192 3251 2263 τὴν
3279 2192 3585 2261 ἐπιφάνεια
3632 2190 3721 2258 τῆς
3748 2206 3835 2253 περ·

2332 2287 2519 2350 ουσίας
2547 2285 2744 2339 αὐτοῦ’
2806 2279 2866 2340 οὗ
2915 2286 3061 2337 ἐστιν
3089 2286 3123 2355 ἡ
3152 2284 3435 2354 παρουσία
3480 2283 3609 2336 κατ’
3634 2285 3833 2352 ἐνέργειαν

2330 2378 2425 2431 τοῦ
2447 2379 2682 2441 Σατανᾶ,
2744 2379 2800 2430 ἐν
2866 2376 3016 2447 πάσῃ
3057 2376 3286 2445 δυνάμει
3343 2379 3445 2429 καὶ
3495 2374 3744 2444 σημείοις,
3779 2392 3835 2425 nt

2331 2471 2524 2541 τέρασι
2556 2469 2808 2539 ψεύδους,
2853 2470 2945 2522 καὶ
3001 2470 3060 2522 ἐν
3105 2469 3256 2540 πάσῃ
3308 2468 3498 2539 ἀπάτῃ
3558 2467 3746 2529 ἀδικίας
3767 2468 3834 2524 tsi;

2330 2559 2751 2630 ἀπολλυμένοις,
2813 2559 2934 2612 ἀνθ’
2965 2554 3040 2613 ὧν
3076 2558 3176 2629 τὴν
3224 2560 3453 2627 ἀγάπην
3512 2560 3608 2626 τῆς
3648 2559 3835 2625 ἀληθείας

2328 2654 2428 2707 οὐκ
2454 2652 2725 2717 ἐδέξαντο.
2756 2653 2836 2716 εἰς
2864 2652 2925 2705 τὸ
2962 2652 3203 2722 σωθῆναι
3231 2651 3458 2713 αὐτούς.
3500 2653 3603 2705 Καὶ
3625 2651 3698 2703 διᾶ
3721 2647 3837 2701 τοῦτο

2329 2747 2540 2815 πέμπει
2594 2747 2779 2808 αὐτοῖς
2810 2746 2839 2797 6
2863 2745 2995 2808 Θεὸς
3027 2743 3307 2815 ἐνέργειαν
3344 2743 3572 2811 πλάνης,
3614 2744 3681 2803 εἰς
3702 2742 3749 2792 τὺ
3770 2758 3837 2791 πι-

2330 2838 2551 2893 στεῦσαι
2585 2839 2786 2901 αὐτοὺς
2835 2836 2915 2907 τῷ
2973 2836 3185 2905 ψεύδει,
3220 2836 3311 2889 ἵνα
3361 2836 3590 2906 κριθῶσι
3616 2835 3779 2890 πάντες
3801 2834 3841 2881 τί

2331 2929 2405 3002 μὴ
2432 2931 2824 2993 πιστεύσαντες
2857 2931 2923 3001 τῇ
2949 2929 3215 3002 ἀληθεία,
3250 2928 3366 2982 ἀλλ’
3402 2928 3757 2996 εὐδοκήσαντες
3793 2923 3840 2989 τί.

2326 3022 2531 3093 ἀδικίᾳ.
2570 3041 2588 3074 ι

2404 3134 2423 3167 ι
2468 3115 2705 3186 Φοϐερὸν
2729 3114 2789 3168 τὸ
2810 3117 3071 3186 ἐμπεσεῖν
3108 3116 3191 3179 εἰς
3217 3117 3414 3186 χεῖρας
3455 3112 3591 3167 Θεοῦ
3624 3111 3836 3175 Cium!

2407 3313 2426 3345 ι
2470 3293 2627 3361 Ἥξει
2680 3296 2713 3364 ὴ
2777 3294 2960 3366 ἡμέρα
3009 3292 3218 3363 Κυρίου
3246 3292 3325 3356 ὡς
3366 3292 3608 3359 κλέπτης
3632 3292 3686 3341 ἐν
3708 3292 3839 3339 νυκτὶ.

2326 3384 2388 3436 ὲν
2471 3386 2521 3438 οἱ
2548 3385 2768 3456 οὐρανοὶ
2797 3386 2894 3456 μὲν
2933 3384 3180 3454 ῥοιζηδὸν
3200 3383 3642 3452 παρελεύσονται’
3662 3380 3840 3443 atomi:

2326 3477 2382 3530 δὲ
2448 3478 2801 3548 καυσούμενα
2840 3478 3190 3548 λυθήσονται,
3237 3477 3334 3529 καὶ
3360 3476 3435 3546 γῆ
3463 3476 3557 3527 καὶ
3579 3475 3643 3526 τὰ
3672 3474 3721 3526 ἐν
3742 3470 3838 3535 ait;

2328 3568 2465 3644 ἔργα
2495 3568 2927 3638 κατακαήσεται.
2973 3584 2993 3619 ι

2406 3683 2423 3716 ι
2470 3663 2603 3715 Ἰδοὺ
2641 3662 2861 3732 ἔρχεται
2895 3658 3096 3729 Κύριος
3129 3658 3187 3709 ὲν
3217 3655 3477 3727 μυριάσιν
3509 3654 3683 3721 ἁγίαις
3700 3646 3837 3704 αὐτοῦ.

2329 3756 2554 3824 ποιῆσαι
2585 3753 2769 3824 κρίσιν
2805 3751 2950 3805 κατά
3008 3750 3231 3803 πάντων
3261 3749 3374 3801 τῶν
3409 3749 3586 3817 ἔργων
3617 3741 3767 3797 αὐτῶν
3785 3731 3837 3788 ἐν

2325 3848 2621 3918 ἠσέϐησαν,
2649 3847 2744 3899 καὶ
2775 3862 2839 3898 πε
2851 3845 2903 3915 pl.
2932 3844 3152 3897 πάντων
3182 3841 3292 3895 τῶν
3314 3839 3571 3911 σκληρῶν
3602 3838 3763 3903 λόγων,
3785 3824 3837 3882 ἐν

2327 3940 2595 4011 ἐλάλησαν
2629 3940 2750 3993 κατ’
2780 3936 2946 3991 αὑτοῦ
2969 3937 3019 3989 oi
3039 3934 3372 4007 ἁμαρτωλοί.
3404 3951 3427 4005 ξ

2406 4137 2426 4171 ι
2461 4118 2552 4190 Μή
2623 4133 2690 4188 με
2754 4116 2954 4188 νομίσῃ
3004 4114 3193 4183 ὥσπερ
3239 4113 3463 4184 μητέρα
3512 4113 3628 4164 τινὰ
3666 4106 3833 4176 ambs.

2326 4210 2494 4280 ψευδῆ
2554 4227 2635 4263 σοι
2678 4208 3056 4279 μορμολύκεια
3104 4208 3394 4268 ἐπισείειν,
3452 4205 3635 4273 ὥσπερ
3684 4202 3837 4252 ἐκεῖ-στι

2328 4306 2503 4357 ποιεῖν
2534 4303 2663 4374 περὶ
2690 4304 2819 4365 τοὺς
2844 4301 3071 4368 νηπίους
3099 4298 3207 4352 τῶν
3241 4298 3450 4352 παίδων
3479 4298 3731 4353 εἰώθασιν,
3745 4292 3835 4342 ἐττει

2328 4395 2603 4468 θρηνῶσιν
2636 4394 2850 4448 ἄτακτα
2876 4396 2969 4446 καὶ
2997 4392 3299 4464 ἀπέραντα,
3337 4392 3436 4444 καὶ
3461 4389 3527 4443 δι’
3559 4385 3837 4442 meum

2326 4488 2684 4559 διηγημάτων
2740 4485 3222 4554 κατασιγάζουσιν.
3271 4482 3465 4537 Ταῦτα
3500 4481 3667 4553 μὲνού
3696 4474 3831 4546 μίδθυςς

656 4586 781 4629 ante
812 4579 1201 4648 pronuntiatus
1246 4582 1468 4635 clamat.
1514 4583 1691 4652 Atque
1746 4600 1842 4654 pro
1871 4597 2022 4641 certo
2064 4588 2222 4652 Italic,

2330 4579 2467 4632 ἀλλά
2515 4579 2671 4648 λόγος
2725 4578 2964 4648 ἀψευδὴς
3008 4576 3545 4647 προκεκηρυγμένος
3574 4572 3734 4640 φωνεῖ.
3758 4566 3833 4617 Κεὶ

656 4681 971 4723 accuratum
1025 4687 1213 4726 eorum
1261 4690 1383 4744 qua:
1414 4676 1650 4747 quisque
1704 4676 1758 4731 in
1806 4678 1917 4732 vita
1962 4680 2227 4749 gesserit,

655 4774 885 4814 examen
921 4762 1053 4817 fore.

729 4850 1003 4920 Ejusdem.
1032 4884 1104 4896 —
1127 4856 1445 4928 358‘Non
1504 4858 1618 4916 illic
1668 4870 1855 4917 orator
1888 4862 2078 4925 adest,
2121 4880 2229 4920 non

659 4944 949 4997 verborum
999 4945 1353 5008 lenocinium.
1404 4951 1549 5021 quod
1603 4953 1885 5008 veritatem
1948 4955 2232 5025 subripere

655 5035 826 5105 judici
854 5048 1020 5109 queat
1049 5057 1065 5095 :
1095 5056 1204 5096 non
1236 5042 1549 5101 adulatores
1566 5048 1917 5107 comitantur,
1936 5064 2043 5102 non
2074 5064 2228 5119 opes,

661 5146 770 5185 non
810 5132 1091 5198 dignitatis
1146 5136 1339 5193 fastus.
1369 5136 1588 5194 Vacuus
1632 5140 1842 5205 amicis,
1888 5140 2231 5206 adiutoribus

660 5234 715 5279 et
744 5225 1015 5293 patronis.
1060 5227 1294 5296 quisque
1342 5230 1587 5286 sull'usns
1631 5232 1835 5301 pudore
1869 5233 2229 5302 relinquetur,

662 5325 913 5381 maestus,
944 5311 1137 5383 tristis,
1184 5322 1357 5387 solus,
1394 5322 1605 5378 fiduciae
1641 5341 1856 5396 expers.
1890 5330 2233 5398 Quocunque

664 5408 935 5479 quispiam
987 5414 1179 5468 oculos
1219 5418 1575 5481 converterit,
1634 5420 1950 5487 perspicuas
2004 5436 2230 5491 operum

665 5509 889 5551 suorum
913 5498 1175 5566 imagines
1208 5511 1413 5558 cernet.
1450 5502 1585 5558 Nam
1611 5508 1761 5562 velut
1790 5509 1978 5564 umbra
2007 5524 2230 5579 corpus,

666 5584 743 5640 ita
772 5599 987 5656 peccata
1026 5607 1238 5649 animas
1274 5608 1599 5666 sequuntur,
1635 5600 1915 5657 evidentes
1944 5602 2232 5673 eiiigiantia

667 5680 881 5749 species
906 5684 1207 5742 actionum.
1245 5686 1438 5746 Nullus
1470 5690 1701 5760 proinde
1749 5691 1860 5745 illic
1908 5692 2233 5748 iniiciationi

668 5769 825 5827 locus
864 5784 968 5839 est,
1008 5778 1101 5831 sed
1134 5794 1296 5836 omne
1318 5796 1381 5837 os
1434 5781 1720 5853 impudens
1765 5785 2074 5840 obturatur.
2125 5783 2233 5841 Res

672 5862 815 5931 enim
851 5865 981 5941 ipsa;
1004 5869 1311 5939 singulatim
1340 5874 1712 5951 testimonium
1751 5876 1955 5941 dicunt,
1984 5893 2090 5932 non
2116 5878 2234 5947 qui-

2335 4671 2443 4724 ῐσθι
2469 4671 2734 4743 ἀκριὸῶς,
2766 4672 2850 4725 ὅτι
2885 4672 3175 4741 γενήσεται
3221 4669 3330 4723 τῶν
3362 4667 3701 4738 βεϐιωμένων
3725 4660 3831 4718 εἴδετ’

2330 4781 2425 4833 χος
2451 4764 2705 4833 ἀκριὸής.

2403 4859 2517 4912 Οὐκ
2547 4857 2625 4910 ἔνι
2659 4858 2844 4928 ῥήτωρ
2876 4855 3021 4908 ἐκεί⁶
3053 4854 3155 4907 οὐκ
3181 4853 3260 4907 ενι
3293 4852 3593 4918 πιθανότης
3622 4844 3826 4919 ῥημάτω-

2334 4953 2530 5022 κλέψαι
2565 4951 2841 5022 δυναμένη
2874 4949 2970 5003 τοῦ
3024 4947 3282 5003 δικαστοῦ
3338 4948 3442 5018 τὴν
3469 4945 3739 5016 ἀλήθειαν
3764 4932 3832 4984 ςὲι

2333 5042 2688 5098 ἀκολουθοῦσι
2745 5040 2994 5103 κόλακες,
3049 5039 3112 5093 οὐ
3166 5038 3236 5091 τὰ
3288 5039 3576 5107 χρήματα,
3607 5031 3702 5086 οὐδ’
3724 5027 3829 5089 εἷπκ

2333 5133 2677 5205 ἀξιώματος·
2714 5133 2921 5204 ἔρημος
2976 5131 3170 5199 φίλων,
3223 5128 3431 5200 ἔρημος
3476 5124 3832 5197 paganum-

2331 5227 2621 5296 ηγόρητος,
2653 5224 3149 5294 καταισχυνόμενος
3164 5222 3395 5283 ἕκαστος
3422 5216 3832 5285 ἀπολειςξθήηπωο

2335 5320 2675 5391 σκυθρωπὸς,
2699 5317 2972 5388 κατηφὴς,
2998 5333 3064 5387 με
3075 5315 3407 5387 μονωμένος,
3428 5308 3835 5384 6x366qu-

2335 5416 2511 5467 Ὅπου
2566 5412 2631 5467 ἄν
2670 5430 2757 5475 τις
2813 5410 3127 5483 περιαγάγῃ
3184 5408 3279 5461 τὸν
3302 5406 3605 5477 ὀφθαλμδνν
3648 5391 3839 5485 iam?

2335 5508 2523 5577 ὄψεται
2555 5506 2665 5559 τῶν
2705 5505 2880 5576 ἔργων
2914 5503 3014 5566 τὰς
3035 5502 3273 5563 εἰκόνας.
3305 5502 3522 5570 Ὥσπερ
3542 5498 3645 5566 γὰρ
3671 5487 3839 5545 στάξ’

2337 5600 2572 5671 σώματι,
2600 5597 2743 5652 οὕτω
2766 5600 2886 5660 ταῖς
2911 5597 3111 5666 ψυχαῖς
3140 5596 3194 5648 αἱ
3227 5593 3497 5664 ἁμαρτίαι

2336 5694 2583 5765 ἐναργεῖς
2616 5691 2717 5755 τὰς
2754 5689 2984 5761 πράξεις
3015 5688 3465 5754 ἐξεικονίζουσαι.
3503 5686 3599 5738 Διὰ
3617 5679 3750 5733 τοῦτθ
3766 5679 3837 5721 απ

2338 5785 2488 5838 ἔστιν
2537 5782 2769 5853 ἄρνησις
2811 5783 2962 5835 Exi-3‘
3015 5780 3151 5835 ἀλλά
3196 5782 3502 5853 φράσσεται
3536 5780 3693 5845 στόμα

2345 5891 2583 5946 σχυντον.
2661 5873 2809 5926 Αὑτά
2880 5873 2987 5943 γὰρ
3060 5872 3292 5925 ἑκάστου
3357 5863 3739 5939 καταμαρτυρεῖ
3788 5866 3833 5902 :1
