4024 6424
144 360 258 427 “85

1318 366 1559 426 SACRA
1599 368 2039 433 PARALLELA
2053 419 2068 435 .

3210 371 3349 440 1186

140 480 426 549 πράγματα,
460 476 523 531 οὗ
553 476 738 549 φωνὴν
755 476 1009 548 ἁφίεντα,
1053 476 1193 531 ἀλλὰ
1228 477 1453 534 τοιαῦτα
1482 481 1673 550 φαινό-

1792 485 1901 539 lem
1933 488 2138 541 emissa
2170 500 2324 549 voce,
2356 485 2450 540 sed
2480 494 2754 555 quatenus
2770 484 3044 555 ejusmodi
3076 496 3346 555 apparent

139 587 275 639 μενα,
307 562 384 624 οἷα
407 569 496 637 ὑφ’
522 569 681 640 ἡμῶν
711 569 1028 641 γεγένηται.

200 663 284 715 Ἐν
304 662 385 715 καὶ
414 659 572 715 τοῦτο
609 664 707 733 τῆς
738 662 831 717 τοῦ
861 663 1107 717 διαϐόλου
1135 663 1432 735 μεθοδείας,
1456 666 1517 719 τὸ
1543 665 1670 729 τοὺς

136 749 335 815 πολλοὺς
351 750 455 805 τῶν
483 752 805 824 ἀνθρώπων,
842 753 1035 826 ῶσπερ
1082 756 1507 826 ἐπιλαθομένους
1558 757 1669 811 τῶν

134 841 371 896 τοσούτων
408 843 757 910 ἀποφάσεων,
793 843 945 907 τέλος
978 844 1252 897 κολάσεων
1297 847 1510 908 ἑαυτοῖς
1538 845 1671 898 ὑπο-

137 934 360 1004 γράφειν,
393 934 472 994 είς
498 933 558 985 τὸ
592 934 792 1004 μᾶλλον
824 936 1169 1007 κατατολμᾷν
1216 937 1316 1007 τῆς
1372 938 1666 1008 ἀμἀρτίας-

144 1042 160 1075 i
192 1024 243 1078 '0
267 1025 360 1093 γὰρ
384 1024 597 1094 σκώληξ
634 1024 816 1078 αὐτῶν
860 1025 920 1079 οὐ
950 1026 1287 1099 τελευτήσει,
1322 1028 1420 1081 καὶ
1459 1028 1519 1081 τὸ
1557 1028 1672 1100 πῦρ

140 1115 297 1169 αὐτῶν
314 1117 368 1169 οὐ
396 1116 774 1187 σϐεσθήσεται.
807 1135 827 1169 ›

211 1211 341 1263 Ἐκεῖ
358 1209 621 1279 κρίνεται,
647 1209 769 1280 οὐχὶ
826 1210 987 1280 μόνον
1024 1210 1053 1263 6
1082 1210 1548 1281 καθηγησάμενος
1577 1207 1670 1263 τοῦ

136 1299 310 1363 δεινοῦ,
341 1300 471 1354 ἀλλὰ
503 1300 597 1353 καὶ
625 1300 654 1353 6
686 1301 907 1374 πονηρῷ
940 1301 1168 1372 ἡγεμόνι
1200 1302 1335 1372 πρὸς
1364 1301 1462 1373 τὴν
1490 1302 1671 1371 ἁμαρ-

136 1394 244 1446 τίαν
264 1392 639 1464 ἀκολουθήσας.

196 1486 348 1555 Φησ“ιν
388 1486 415 1538 6
473 1486 762 1555 προφήτης
787 1500 800 1515 °
842 1504 862 1539 ε
902 1486 1022 1539 Ἵνα
1059 1488 1113 1539 τί
1148 1488 1304 1558 ὑμεῖς
1336 1486 1547 1555 ζητεῖτε
1575 1489 1673 1558 τὴν

139 1577 329 1646 ἡμέραν
353 1577 552 1646 Κυρίου
576 1595 589 1644 ;
621 1577 713 1629 καὶ
737 1575 874 1648 αῦτη
905 1577 1023 1631 ἐστὶ
1047 1578 1257 1642 σκότος,
1280 1581 1374 1631 καὶ
1396 1580 1457 1631 οῦ
1490 1578 1603 1646 φῶς
1619 1594 1632 1607 ο
1649 1597 1667 1629 ι

141 1669 309 1733 σκότος
333 1669 386 1721 δὲ
442 1667 687 1739 δηλονότι
745 1671 856 1733 τοῖς
889 1668 1064 1734 ἀξίοις
1106 1670 1199 1723 τοῦ
1235 1670 1479 1733 σκότους.
1524 1670 1675 1723 Ἐπεὶ

138 1761 412 1829 ἁνέσπερον
440 1760 533 1813 καὶ
555 1758 855 1828 ἁδιάδοχον,
892 1762 986 1813 καὶ
1027 1759 1386 1831 ἀτελεύτητον
1414 1759 1512 1829 τὴν
1539 1760 1675 1830 ἡμέ-

1767 577 1961 650 qualés
1996 590 2160 648 geslae
2194 594 2223 634 a
2266 579 2426 635 nobis
2460 580 2704 634 luerunt.

1840 670 1922 725 Ea:
1958 670 2082 741 Reg.
2118 671 2256 726 brev.
2301 680 2486 741 quiest.
2516 672 2643 727 267.
2690 702 2761 713 -——
2790 671 2949 728 Unus
2987 686 3207 742 quoque
3254 671 3347 726 hic

1770 764 1972 819 diaboli
2006 773 2158 819 astus
2182 776 2287 827 est,
2322 765 2466 834 quod
2498 765 2754 818 nimirum
2796 764 3046 834 plerique
3096 763 3347 817 homines

1772 846 1917 911 velut
1943 864 2023 911 tot
2046 866 2433 926 tantarumque
2456 857 2850 911 sententiarum
2880 857 3061 919 obliti,
3088 855 3349 925 supplicii

1771 947 1871 1001 sibi
1907 948 2069 1000 linem
2114 947 2216 1015 ipsi
2251 947 2474 1018 lingunt,
2519 956 2578 1000 ut
2612 948 2875 1001 audacius
2914 955 3162 1016 pecco-nt.
3214 948 3346 1000 Nam

1777 1055 1796 1088 ε
1835 1040 2039 1091 vermis
2077 1052 2307 1101 eorum,
2370 1038 2550 1106 inquit
2610 1040 2730 1100 ille.
2771 1054 2879 1093 non
2923 1040 3205 1104 morietur,
3248 1052 3349 1093 nec

1771 1126 1911 1195 ignis
1937 1141 2125 1180 eorum
2161 1128 2540 1197 exstinguetur
2569 1125 2709 1198 (Isti.
2748 1143 2892 1189 vai,
2920 1127 3034 1191 24).
3074 1145 3092 1179 i

1845 1216 2193 1279 Eiusdem—
2225 1219 2340 1273 Illic
2376 1220 2797 1283 condemnatur,
2830 1236 2939 1274 non
2980 1222 3025 1276 is
3064 1220 3352 1284 duntaxat,

1771 1312 1863 1382 qui
1895 1314 2121 1367 sceleris
2168 1323 2362 1368 auctor
2405 1314 2529 1377 luit,
2564 1315 2659 1369 sed
2705 1316 2797 1369 ille
2827 1315 2993 1370 etiam
3023 1316 3116 1385 qui
3153 1317 3351 1370 ducem

1774 1407 1975 1461 malum
2018 1406 2081 1461 ad
2117 1417 2399 1477 peccatum
2435 1420 2659 1463 secutus
2688 1417 2793 1463 est.

1844 1497 2004 1552 llam.
2036 1500 2069 1552 2
2103 1502 2157 1553 in
2216 1498 2472 1554 Hexaem.
2508 1529 2578 1542 —-
2606 1500 2696 1553 Ait
2735 1499 3000 1570 propheta
3043 1517 3055 1553 :
3099 1518 3117 1549 ι
3146 1497 3353 1567 thnid

1773 1604 1871 1643 vos
1916 1591 2162 1659 qureritis
2219 1592 2359 1645 diem
2404 1591 2663 1645 Domini?
2696 1598 2750 1645 et
2809 1592 2925 1659 ipse
2960 1598 3045 1646 est
3086 1590 3353 1670 tenehm’g

1776 1688 1956 1735 etnon
1982 1681 2068 1733 lux
2092 1699 2105 1734 :
2127 1700 2144 1730 ‹
2166 1681 2401 1735 tenebrat
2426 1682 2683 1735 nimirum
2710 1681 2779 1735 iis
2803 1682 2897 1751 qui
2928 1681 3167 1735 tenebris
3203 1675 3353 1751 dign'

1780 1782 1926 1827 sunt.
1959 1770 2093 1825 Nam
2122 1773 2324 1842 alioqui
2357 1772 2500 1827 diem
2543 1773 2695 1827 illum
2729 1788 2956 1842 vespera
3006 1782 3060 1828 et
3113 1772 3222 1827 line
3261 1788 3357 1826 ca-

139 1868 229 1921 ραν
255 1851 455 1922 ἐκείνην
480 1847 621 1903 οἶδεν
651 1853 679 1905 6
707 1850 887 1919 λόγος,
924 1853 989 1922 ἢν
1022 1852 1116 1906 καὶ
1166 1852 1358 1921 ὀγδόην
1384 1853 1413 1904 6
1450 1852 1678 1922 ψαλμῳ-

1792 1880 1925 1925 rere,
1962 1872 2061 1919 nec
2107 1865 2402 1919 obnoxium
2456 1880 2578 1920 esse
2644 1866 3017 1927 successioni.
3073 1864 3357 1935 Scriptura

133 1945 214 2008 δὸς
252 1945 698 2016 προσηγόρευσεν,
726 1944 815 1997 διὰ
847 1944 906 1999 τὸ
933 1944 1037 2011 ἔξω
1066 1945 1279 1999 κεῖσθαι
1323 1944 1418 1997 τοῦ
1450 1945 1682 2015 ἑϐδομαο

132 2035 275 2089 τικοῦ
292 2035 474 2088 τούτου
530 2036 749 2107 χρόνου.
783 2034 945 2088 Ὥστε
980 2034 1084 2088 κᾶν
1128 2035 1344 2107 ἡμέραν
1377 2036 1558 2105 εἴπῃς,
1588 2034 1681 2087 καὶ

133 2125 312 2191 αἰῶνα,
340 2125 437 2197 τὴν
484 2127 652 2197 αὐτὴν
698 2127 843 2197 ἐρεῖς
889 2127 1120 2197 ἔννοιαν.
1165 2126 1288 2180 Εἴτε
1316 2126 1408 2181 οῦν
1440 2126 1620 2198 ἡμέρα
1647 2129 1680 2197 ή

134 2217 449 2281 κατάστασις
470 2218 656 2288 ἐκείνη
685 2217 917 2285 λέγοιτο,
951 2218 1048 2290 μία
1078 2219 1214 2284 ἐστὶ,
1251 2221 1345 2272 καὶ
1370 2220 1429 2273 οὐ
1456 2219 1678 2273 πολλαί·

131 2310 234 2363 ιίτε
278 2308 405 2362 αἰὼν
450 2309 932 2383 προσαγορεύοιτο,
989 2309 1221 2381 μοναχος
1248 2308 1316 2364 ἂν
1354 2311 1460 2381 εἴη,
1501 2311 1595 2364 καὶ
1620 2310 1681 2364 οὐ

131 2398 429 2461 πολλοστὸς.

196 2578 370 2633 Καλὸν
397 2578 471 2649 μὴ
503 2579 748 2650 ῥήματος
794 2579 954 2650 μόνον
979 2581 1074 2634 καὶ
1120 2579 1392 2651 πράξεως,
1425 2578 1562 2633 ἀλλὰ
1592 2580 1686 2633 καὶ

128 2670 315 2741 καιροῦ
344 2671 562 2736 παντὸς,
591 2671 688 2724 καὶ
737 2671 884 2743 ὥρας
931 2673 1103 2740 αὐτῆς
1147 2672 1241 2726 τοῦ
1272 2673 1562 2742 ἁκαριαίου
1595 2674 1688 2725 καὶ

129 2760 448 2815 λεπτοτάτου
471 2760 679 2814 οῐεσθαι
701 2760 858 2829 λόγον
883 2761 1232 2819 ἀπαιτεῖσθαι
1268 2764 1435 2833 ἡμᾶς.

195 2952 433 3007 Γίνωσκε
460 2950 815 3020 συλλέγεσθαι
842 2952 923 3015 είς
952 2949 1201 3020 ὕστερον.

196 3046 368 3101 οὐδὲνΔ
382 3045 518 3108 ὅλως
540 3044 648 3097 τῶν
676 3042 916 3111 ἀγαθῶν,
949 3041 1054 3094 κᾶν
1100 3040 1295 3112 μικρὸν
1322 3036 1378 3112 ᾗ,
1408 3041 1662 3113 παροφθή

133 3153 281 3190 σεται
309 3137 425 3189 ἐκεῖ
453 3135 601 3209 παρᾶ
623 3133 717 3188 τοῦ
743 3131 953 3205 κριτοῦ.
1010 3133 1073 3184 Ei
1121 3132 1230 3203 γὰρ
1277 3133 1690 3203 ἁμαρτημάτων

128 3230 224 3283 καὶ
256 3229 516 3301 ῥημάτων
580 3228 673 3282 καὶ
715 3223 1117 3295 ἐνθυμημάτων
1162 3225 1398 3277 τιννύειν
1428 3225 1692 3295 μέλλομεν

126 3321 397 3392 τιμωρίας
433 3320 615 3389 ἡμεῖς,
674 3316 855 3385 πολλῷ
912 3315 1111 3385 μᾶλλον
1164 3313 1234 3369 τὰ
1272 3315 1693 3387 κατορθώματα,

129 3413 234 3467 κᾶν
253 3412 423 3483 μικρὰ
438 3410 834 3479 λογισθήσεται.

210 3507 555 3567 ’σιντίστασις
605 3505 758 3555 ἔσται
802 3505 921 3556 ἐκεῖ
963 3503 1072 3555 τῶν
1137 3501 1389 3572 πονηρῶν
1421 3500 1694 3570 πράξεων,

128 3587 224 3648 κάι
256 3594 368 3647 τῶν
396 3594 457 3647 οῦ
477 3592 734 3647 τοιούτων
760 3610 774 3624 ο
804 3593 908 3646 κᾶν
963 3592 1062 3662 μὲν
1112 3587 1275 3645 αὗται
1322 3590 1697 3644 καθελκύσωσι

126 3685 220 3737 τὸν
246 3683 434 3750 ζυγὸν,
480 3682 690 3735 ἔσωσαν
732 3681 793 3734 οὐ
825 3682 1026 3752 μικρᾶς
1069 3679 1161 3733 τὸν
1186 3678 1424 3749 ἐργάτην
1448 3678 1556 3730 τῶν
1575 3678 1701 3730 ἑαυ-

127 3775 240 3827 τῶν
259 3792 274 3805 ο
306 3773 411 3827 κᾶν
430 3772 701 3827 τοσούτων
739 3772 934 3844 ἰσχύσῃ
978 3771 1231 3842 πονηρῶν
1257 3771 1509 3841 πράξεων
1538 3771 1704 3839 ἐργα-

130 3868 223 3919 σία
254 3865 478 3935 βλάψαι,
530 3866 653 3919 ὅσον
698 3841 1049 3918 κατασπᾶσαι
1087 3864 1185 3932 τῆς
1229 3860 1450 3932 πρώτης
1497 3860 1697 3932 χώρας,

126 3955 297 4008 αὑτὸν
329 3956 412 4016 είς
455 3954 516 4006 τὸ
558 3954 658 4023 τῆς
701 3953 929 4022 γεέννης
963 3951 1238 4019 ἀπάγουσι
1270 3948 1403 4020 πῦρ,
1431 3949 1519 4002 διὰ
1545 3949 1607 4001 τὸ
1628 3949 1702 4020 μὴ

128 4043 277 4100 εῖναι
321 4047 387 4098 τὸ
425 4045 629 4115 πλῆθος
668 4045 779 4098 τῶν
818 4044 1278 4115 κατορθωμάτων,
1314 4042 1389 4106 ὼς
1427 4041 1522 4095 καὶ
1547 4041 1706 4111 δυνη-

128 4139 300 4207 θῆναι
340 4137 654 4206 ἀντιστῆναι
713 4136 850 4206 πρὸς
888 4134 980 4190 τὸν
1025 4132 1195 4205 βίαιον
1248 4136 1453 4188 ἐκεῖνον
1502 4131 1704 4187 ἀνωθιο

129 4228 299 4298 σμόν.

201 4325 602 4392 Μνημονευετε
631 4321 731 4390 τῆς
753 4319 1076 4391 φρικώδους,
1106 4320 1200 4374 καλ⁸
1223 4320 1703 4392 φοϐερᾶςήμέρας,

127 4420 193 4468 ὲν
285 4414 491 4476 πάντες
548 4412 910 4483 παρίστανται
956 4411 1035 4481 τῷ
1081 4411 1286 4483 βήματι
1326 4413 1420 4466 τοῦ
1450 4413 1706 4484 Χριστοῦ,

1786 1960 2036 2009 testatur.
2066 1953 2237 2020 Quem
2277 1956 2442 2007 etiam
2494 1962 2744 2009 octavum
2801 1955 3087 2008 Psalmista
3120 1955 3360 2023 appella-

1784 2047 1861 2100 vit
1891 2046 2067 2118 (Psal.
2104 2064 2180 2109 Vt,
2225 2047 2249 2101 l
2296 2086 2312 2112 ,
2355 2047 2498 2118 quod
2535 2063 2563 2101 a
2609 2051 2920 2119 Septenaria
2966 2050 3070 2103 hoc
3114 2059 3362 2119 tempore

1789 2139 2065 2207 sejunrtns
2096 2139 2189 2195 sit.
2213 2139 2410 2205 Quare,
2446 2140 2559 2195 sive
2584 2139 2753 2201 diem,
2778 2140 2893 2195 sive
2921 2156 3095 2194 mvum
3125 2141 3357 2202 dixeris.

1788 2233 1975 2286 eodem
2011 2246 2175 2285 sensu
2225 2241 2521 2301 utrumque
2578 2232 2900 2302 appellabis.
2964 2231 3041 2286 Ac
3107 2233 3361 2302 pioiiide,

1791 2322 1903 2376 sive
1934 2322 2052 2377 dies
2100 2330 2277 2377 status
2327 2323 2416 2378 ille
2446 2332 2816 2393 nuncupatur,
2855 2339 2998 2379 unus
3024 2333 3128 2390 est,
3155 2340 3219 2378 ac.
3254 2340 3360 2378 non

1792 2413 1947 2467 multi
1989 2431 2002 2468 :
2045 2413 2159 2469 sive
2186 2429 2361 2468 aevum
2403 2423 2649 2481 vocetur,
2683 2416 2905 2470 unicum
2944 2425 3050 2481 est,
3087 2434 3192 2471 non
3226 2416 3365 2470 mul-

1792 2506 1982 2576 tiplex.

1863 2599 2001 2654 Naz.
2033 2608 2172 2654 orut.
2205 2598 2293 2653 26.
2324 2629 2393 2640 -—
2429 2597 2642 2671 Optima
2669 2616 2759 2655 res
2800 2609 2906 2666 est,
2950 2609 3010 2655 ut
3047 2616 3153 2655 non
3202 2598 3366 2653 modo

1793 2692 2060 2745 sermonis
2089 2698 2142 2743 et
2191 2691 2443 2754 actionis,
2493 2693 2587 2746 sed
2637 2692 2802 2746 etiam
2841 2691 3124 2759 temporis,
3157 2692 3285 2757 qu'n
3312 2698 3366 2742 et

1796 2792 2189 2836 momentaneie
2224 2784 2666 2853 tenuissimreque
2707 2783 2881 2853 partis
2924 2783 3071 2836 horae
3097 2783 3363 2835 rationem

1796 2887 1826 2925 a
1851 2870 2008 2926 nobis
2040 2872 2356 2941 exigendam
2381 2873 2782 2927 existimemus.

1868 2960 2017 3016 Scito
2049 2969 2108 3016 ut
2145 2962 2198 3017 in
2236 2970 2450 3031 tempus
2490 2971 2769 3033 posterum
2802 2961 3048 3031 colligas.

1867 3048 2140 3120 Chrysost.
2167 3049 2467 3103 —Nulluni
2503 3066 2726 3121 prorsus
2762 3049 2986 3112 bonum,
3018 3049 3369 3118 quantumvis

1797 3144 2051 3213 exiguum
2089 3143 2167 3205 llt,
2200 3158 2229 3196 a
2258 3142 2441 3211 judice
2480 3142 2805 3212 negligetnr.
2842 3140 2976 3194 Nam
3019 3156 3141 3193 cum
3176 3155 3372 3211 pecca-

1797 3242 1998 3296 torum,
2030 3247 2452 3303 sermonumque
2482 3244 2533 3287 et
2562 3232 2954 3302 cogitationum
2988 3245 3175 3300 ρωπος
3198 3230 3371 3283 simus

1798 3324 2166 3394 persoluturi;
2218 3328 2389 3379 multo
2439 3340 2571 3380 sane.
2631 3326 2805 3394 magis
2861 3332 3007 3378 recte
3070 3324 3370 3385 laetorum,

1799 3416 2097 3484 quamlibet
2122 3431 2288 3485 parva
2317 3418 2451 3479 sint,
2484 3417 2624 3469 ratio
2648 3415 2956 3469 habebitur.

1871 3506 2146 3575 Ejusdem.
2174 3536 2243 3547 —
2276 3508 2544 3561 Bonarum
2576 3508 2687 3561 illic
2714 3517 2766 3562 et
2802 3510 3067 3563 malarum
3095 3506 3373 3560 actionum

1800 3598 2135 3666 comparatio
2167 3598 2311 3651 erit:
2348 3612 2410 3651 ac
2439 3598 2708 3666 siquidem
2743 3597 2846 3649 illa:
2880 3595 3373 3669 praeponderarint,

1801 3692 2009 3744 auctori
2041 3704 2141 3743 suo
2174 3689 2315 3743 haud
2354 3689 2679 3743 mediocrem
2723 3690 2959 3743 salutem
2993 3674 3374 3740 alIerent.‘Sin

1803 3789 1993 3836 contra
2041 3780 2303 3834 malarum
2348 3781 2625 3833 actionum
2672 3780 3004 3848 perpetratio
3046 3786 3258 3829 tantum
3290 3773 3378 3828 al-

1805 3872 1949 3926 l'erre
1976 3872 2282 3925 detrimenti
2312 3878 2574 3939 potuerit,
2608 3876 2666 3922 ut
2695 3885 2819 3923 eum
2869 3883 2898 3923 e
2931 3869 3102 3938 prima
3152 3866 3378 3935 regione

1804 3964 2089 4029 detrahat;
2126 3963 2302 4031 ipsum
2337 3961 2402 4015 ad
2428 3961 2690 4030 gehenlia:
2719 3960 2897 4029 ignem
2942 3956 3160 4010 abducit
3188 3974 3202 4012 :
3233 3953 3377 4025 quod

1806 4054 2059 4109 videlicet
2092 4068 2197 4107 non
2229 4059 2381 4104 tanta
2409 4055 2478 4104 sit
2502 4058 2649 4104 recte
2678 4050 2945 4103 laetorum
2978 4050 3152 4116 copia,
3179 4056 3234 4098 ut
3267 4049 3381 4099 vio-

1809 4148 1955 4205 lento
1991 4147 2068 4201 illi
2105 4145 2365 4216 impulsui
2396 4144 2662 4199 obsistere
2685 4151 2869 4212 queat.

1879 4325 2224 4397 Ejusdem.—
2244 4323 2588 4379 Horrenduin
2616 4322 2767 4379 illum
2790 4330 2843 4376 et
2871 4319 3210 4375 tremendum
3234 4315 3379 4371 diem

1812 4418 2073 4473 memoria
2125 4425 2327 4481 tenete,
2366 4418 2420 4470 in
2461 4431 2571 4486 quo
2616 4429 2808 4469 omnes
2865 4413 3069 4467 Christi
3122 4408 3378 4464 tribunali

125 4507 415 4566 δώσοντες
451 4504 605 4567 δίκας
633 4502 741 4556 τῶν
761 4502 1184 4573 πεπραγμένων,
1213 4502 1341 4556 ἔνθα
1375 4502 1480 4573 πρὸ
1508 4503 1685 4573 ὀφθαλη

1813 4512 2096 4575 sistentur,
2139 4525 2327 4563 eorum
2374 4524 2494 4579 quae
2545 4510 2598 4562 in
2638 4509 2746 4561 vita
2777 4508 3069 4576 gesserint,
3110 4506 3378 4558 rationem

127 4598 262 4668 μῶν
296 4597 520 4651 πάντων
570 4594 965 4665 προτεθήσεται
1018 4593 1090 4646 τὰ
1150 4595 1563 4663 ἁμαρτήματα,
1616 4612 1685 4649 κα

1815 4600 2099 4656 reddituri.
2136 4600 2251 4653 lllic
2278 4599 2423 4654 enim
2466 4608 2593 4651 ante
2624 4600 2817 4652 oculos
2868 4598 3056 4674 omnin
3083 4618 3109 4646 ιι
3154 4603 3381 4667 peccata

120 4687 691 4757 ἀποκαλυφθήσεται,
750 4687 845 4740 καὶ
883 4688 994 4749 τοῖς
1027 4684 1313 4752 ἀγνοοῦσιν
1346 4685 1685 4757 ὲπιδειχθήσε

1817 4699 2190 4763 proponentur
2214 4698 2658 4761 retegenturque,
2677 4698 2731 4744 et
2756 4690 2825 4744 iis
2843 4691 2933 4759 qui
2952 4705 3013 4742 ea
3035 4689 3379 4758 ignorabant,

122 4797 225 4833 ται
250 4797 268 4812 ⁸
304 4778 441 4832 ἔνθα
477 4780 510 4849 ἡ
535 4779 684 4848 πηγὴ
712 4778 807 4831 τοῦ
834 4777 1023 4847 πυρὸς,
1061 4777 1153 4829 καὶ
1191 4777 1220 4829 6
1244 4777 1543 4848 ἁκοίμητος
1570 4777 1684 4831 σκώ

1816 4782 2194 4837 ostendentur.
2213 4780 2323 4834 Illic
2351 4780 2474 4836 l'0ns
2505 4783 2669 4851 ignis,
2690 4789 2742 4833 et
2769 4780 2994 4850 pervigil
3018 4782 3236 4835 vermis.
3270 4780 3382 4832 lllie

120 4872 268 4942 ληξ.
304 4868 483 4924 Ἔνθα
512 4870 687 4923 πάντα
711 4868 893 4939 γυμνὰ
916 4869 1012 4922 καὶ
1046 4868 1518 4939 τετραχηλισμένα
1538 4885 1553 4901 ⁸
1587 4869 1685 4923 ἐνθ‹

1816 4872 1999 4927 omnia
2023 4871 2165 4925 nuda
2186 4880 2241 4927 et
2261 4879 2466 4942 aperta.
2498 4873 2610 4925 lllic
2631 4871 2879 4925 cordium
2911 4878 3225 4925 nostrorum
3258 4870 3379 4923 Iihri

124 4965 325 5036 βίϐλοι
354 4962 466 5017 τῶν
495 4963 729 5033 καρδιῶν
752 4962 906 5034 ἡμῶν
938 4963 1340 5032 ἀνοιγήσονται,
1367 4965 1460 5017 καὶ
1486 4966 1544 5017 ὲν
1569 4965 1685 5035 μέσι

1820 4962 2143 5032 pandentur,
2180 4970 2343 5032 atque
2384 4963 2437 5014 in
2476 4960 2658 5015 medio
2701 4970 2810 5013 tam
2857 4959 3165 5030 perspicua,
3219 4973 3411 5027 quain-

120 5057 637 5126 ἁναγνωσθήσεται
664 5057 734 5109 τὰ
764 5052 978 5126 φανερὰ
1004 5056 1099 5108 καὶ
1134 5053 1205 5108 τὰ
1232 5056 1610 5127 κεκρυμμένα,
1649 5074 1680 5110 τ

1820 5053 2110 5117 abstrusa;
2148 5060 2255 5106 tam
2286 5067 2405 5123 qua
2432 5061 2619 5117 noctu,
2648 5067 2811 5123 quam
2842 5066 2964 5122 qua:
2987 5051 3225 5105 interdiu
3262 5065 3384 5121 per-

119 5149 191 5200 ἐν
220 5147 424 5211 νυκτὶ,
460 5147 557 5201 καὶ
583 5146 651 5200 τὰ
675 5147 734 5201 ὲν
751 5146 958 5217 ἡμέρᾳ.
1380 5197 1384 5201 «
1436 5141 1449 5159 ⁸

1820 5152 2031 5215 petrata
2060 5152 2212 5210 sunt,
2244 5146 2613 5216 perlegentur.

1893 5256 2167 5327 Ejusdem.
2186 5286 2260 5297 —
2285 5256 2481 5313 Coram
2504 5274 2614 5312 uno
2650 5256 2874 5314 homine
2901 5257 3159 5314 indecore
3180 5253 3381 5325 aliquid

1825 5366 1985 5423 agere
2014 5366 2114 5407 nos
2144 5351 2309 5421 pudet
2344 5369 2358 5406 :
2393 5350 2506 5406 illic
2535 5358 2712 5407 autem
2737 5366 2920 5408 coram
2946 5360 3025 5405 tot
3048 5345 3384 5420 myriadihus

1824 5442 1954 5513 quid
1980 5442 2286 5513 iaciemus?

210 5521 513 5594 Καθάπερ
535 5523 697 5595 ἡμεῖς
728 5525 836 5586 τοῖς
856 5523 1093 5585 οἰκέταις
1129 5525 1240 5587 τοῖς
1271 5524 1578 5597 ἡμετέροις,
1607 5527 1685 5599 ού)

1898 5531 2063 5604 349
2090 5532 2364 5601 Ejusdem.
2396 5563 2466 5573 —
2488 5532 2958 5600 Quemadmodum
2993 5549 3023 5588 a
3069 5532 3251 5587 vernis
3282 5545 3383 5584 no-

122 5615 245 5686 τῆς
279 5614 478 5680 ὲξὸδου
503 5615 683 5685 μόνον,
713 5614 851 5671 ἀλλὰ
883 5614 1101 5685 καὶτῆς
1149 5615 1356 5671 εἰσόδου
1393 5620 1685 5693 ἀπαιτοῦμε

1829 5628 1983 5691 stris,
2041 5640 2151 5681 non
2207 5641 2467 5697 egressus
2520 5626 2706 5692 modo,
2758 5628 2855 5684 sed
2907 5628 3073 5683 etiam
3128 5625 3385 5681 introitus

123 5708 237 5757 τὸν
274 5705 473 5774 λόγον,
500 5705 841 5771 ἐξετάζοντες
882 5704 1046 5760 πόθεν
1093 5706 1419 5773 ὑπεδέξαντο
1449 5713 1685 5784 χρήματι

1830 5720 2097 5775 rationem
2133 5719 2504 5788 exposcimus,
2542 5721 3003 5793 sciscitamurque
3034 5720 3100 5777 ab
3127 5721 3209 5776 eis
3242 5716 3386 5773 unde

125 5799 241 5851 καὶ
282 5797 454 5869 παρὰ
490 5796 673 5865 τίνων,
722 5796 817 5851 καὶ
855 5796 1008 5866 πότε,
1047 5797 1144 5853 καὶ
1206 5798 1344 5868 πῶς,
1393 5802 1488 5855 καὶ
1552 5804 1685 5863 πόσο

1834 5810 2097 5883 pecunias
2129 5809 2485 5880 sumpserint.
2509 5819 2562 5865 et
2594 5827 2632 5869 ο
2671 5813 2896 5883 quibus,
2930 5822 2984 5870 et
3013 5811 3382 5883 quandonam,

220 5260 372 5314 Ἐπὶ
402 5263 499 5314 τοῦ
535 5261 655 5324 ἑνὸς
704 5261 766 5314 οὐ
806 5259 1034 5331 θέλομεν
1052 5260 1433 5334 ἁσχημονῆσαι
1466 5263 1720 5331 ἐνταῦθα,

119 5352 236 5405 ἐπὶ
258 5352 326 5404 δὲ
368 5352 647 5422 μυριάδων
670 5351 939 5407 τοσούτων
967 5352 1087 5406 ἐκεῖ
1112 5353 1167 5405 τί
1196 5354 1494 5426 ποιήσομεν
