4024 6428
658 370 790 436 1187

1818 372 1878 431 s.
1919 371 2239 432 JOANNIS
2276 360 2704 434 DAMASCENI

3772 386 3888 452 1183

650 493 707 536 et
742 497 851 552 quo
882 487 1065 551 pacto,
1114 484 1475 550 et'quotnam
1517 498 1531 535 :
1580 478 1773 535 eodem
1808 480 1974 534 modo
2015 478 2159 534 Deus

2290 520 2300 542 ,
2328 476 2499 545 οὕτως
2529 482 2587 566 όὲ
2614 482 2712 536 καὶ
2756 483 2786 536 6
2812 482 2967 550 Θεὸς,
3001 486 3125 558 οὐχὶ
3146 489 3245 558 τῆς
3268 490 3517 564 δαπάνης
3556 494 3745 566 μόνον,
3770 499 3887 553 sm

649 574 811 627 nobis
845 588 953 627 non
989 574 1169 629 solum
1222 574 1507 644 impensae,
1556 571 1652 628 sed
1695 578 1751 626 et
1795 569 2109 643 adeptionis
2142 588 2227 627 ra-

649 664 854 719 tionem
883 672 1182 720 exacturus
1212 674 1316 719 est.

719 754 879 811 Dion.
923 758 1116 827 Areop.
1156 757 1231 811 De
1259 757 1365 812 div.
1393 758 1646 812 nominib.
1680 776 1801 832 cap.
1832 760 1886 816 ι.
1914 758 2223 831 -—Nequa-

647 863 814 918 quam
869 848 923 903 in
970 850 1075 905 hac
1120 852 1233 904 vita
1289 851 1491 920 puniri,
1544 851 1649 907 hoc
1701 854 1906 909 malum
1941 862 2069 923 est;
2125 855 2236 912 sed‘

648 940 923 1011 supplicio
953 940 1138 996 futuro
1173 941 1401 1013 dignum
1431 959 1489 999 se
1515 945 1783 1015 przebere.

712 1034 978 1088 Philonis.
1036 1033 1273 1090 —-Fieri
1326 1052 1436 1091 non
1490 1046 1693 1107 potest,
1728 1047 1788 1093 ut
1829 1039 1973 1110 apud
2024 1038 2218 1105 Deum,

646 1125 731 1178 vel
797 1124 1080 1194 improbus
1134 1125 1423 1195 quispiam
1470 1128 1635 1184 unius
1690 1130 1843 1194 boni,
1878 1130 2024 1199 quod
2075 1132 2221 1187 inter

645 1217 881 1285 plurima
948 1217 1088 1269 mala
1142 1219 1401 1286 gesserit,
1468 1219 1780 1276 mercedem
1832 1222 2073 1286 amittat,
2133 1223 2218 1278 vel

642 1322 866 1361 rursum
925 1308 1130 1375 probus
1176 1310 1436 1379 supplicii
1480 1327 1681 1383 expers
1711 1322 1954 1377 maneat,
1986 1315 2033 1370 si
2068 1316 2214 1370 inter

640 1399 875 1468 plurima
903 1402 1045 1455 bona
1073 1402 1309 1457 crimine
1342 1404 1529 1472 aliquo
1574 1419 1697 1460 sese
1744 1407 2081 1462 devinxerit.
2117 1407 2214 1461 Et-

639 1491 786 1544 enim
828 1507 1060 1548 necesse
1102 1506 1187 1549 est
1225 1502 1284 1548 ut
1317 1493 1461 1550 Deus
1501 1496 1555 1549 in
1597 1497 1838 1567 pondere
1868 1508 1921 1555 et
1956 1515 2214 1556 mensura

638 1587 821 1640 omnia
850 1587 1059 1643 reddat.

711 1676 986 1748 Ejusdem.
1032 1710 1103 1721 —
1146 1680 1298 1738 Mens
1352 1683 1655 1754 unicuique
1690 1686 1852 1741 testis
1892 1694 1976 1742 est
2019 1702 2209 1742 eorum

636 1786 760 1840 qua:
787 1773 927 1826 clam
964 1774 1328 1844 cogitaverit:
1362 1786 1528 1845 atque
1554 1780 1896 1835 conscientia
1920 1780 2090 1852 judex
2128 1794 2211 1838 est

635 1863 1016 1936 incorruptus,
1050 1869 1411 1940 omniumque
1439 1871 1788 1928 certissimus

632 1997 770 2053 TlT.
802 1998 940 2078 X_Vl.
974 2029 1031 2042 -
1057 2000 1133 2055 De
1162 2003 1538 2078 imprecatione
1574 2021 1605 2057 a
1637 2004 1863 2078 Domino
1896 2014 1946 2078 et
1989 2008 2209 2078 prop/te-

793 2072 860 2124 tis
890 2088 1089 2125 necnon
1121 2073 1184 2126 ab
1213 2076 1489 2141 apostolis,
1534 2077 1845 2147 quandoque
1877 2072 2042 2146 facta.

705 2180 834 2237 Gen.
858 2182 1249 2248 ut,li-l9.—¢
1288 2184 1435 2240 Dixit
1459 2186 1726 2243 Dominus
1753 2190 1991 2259 serpenti
2020 2206 2033 2241 :
2066 2190 2206 2257 Quia

630 2270 811 2328 fecisti
846 2274 969 2342 hoc,
1026 2277 1353 2333 maledictus
1386 2295 1446 2334 es
1474 2295 1585 2350 pra:
1616 2282 1874 2339 omnibus
1906 2283 2205 2338 animanti-

628 2366 733 2421 bus
760 2377 814 2422 et
841 2369 1033 2423 bestiis
1062 2379 1241 2425 terrm.
1278 2370 1455 2441 Super
1486 2381 1678 2441 pectus
1711 2383 1862 2428 tuum
1909 2377 2200 2445 gradieris,

624 2465 680 2512 et
711 2474 876 2528 super
908 2469 1151 2517 ventrem
1187 2470 1341 2517 tuum
1375 2465 1666 2533 procedes.
1703 2475 1757 2520 et
1790 2474 1991 2522 terram
2042 2483 2199 2523 com-

621 2550 752 2606 edes
795 2553 1051 2609 omnibus
1095 2555 1289 2611 diebus
1325 2556 1450 2611 vitae
1494 2568 1620 2611 tuae.
1661 2556 1728 2611 Et
1759 2559 1980 2615 mulieri
2020 2562 2195 2616 dixit:

622 2639 997 2709 Multiplicans
1036 2645 1419 2715 multiplicabo
1459 2645 1684 2702 dolores
1734 2656 1879 2710 tuos.
1924 2658 1979 2704 et
2022 2653 2197 2722 gemi-

620 2736 739 2784 tum
769 2743 947 2789 tuum.
993 2731 1050 2788 ln
1075 2734 1363 2791 doloribus
1403 2738 1587 2807 paries
1626 2739 1793 2803 filios,
1827 2748 1883 2795 et
1918 2741 1987 2796 ad
2017 2743 2194 2797 virum

619 2824 726 2877 erit
765 2828 1062 2881 conversio
1102 2836 1219 2894 tua,
1275 2837 1331 2883 et
1364 2830 1480 2898 ipse
1528 2831 1907 2887 dominabitur
1975 2835 2073 2889 tui.
2108 2836 2193 2891 Ad

617 2916 790 2971 Adam
825 2929 1006 2973 autem
1058 2921 1198 2975 dixit
1231 2939 1244 2975 :
1279 2920 1551 2988 Quoniam
1590 2925 1797 2980 audisti
1830 2941 2017 2982 vocem
2052 2943 2191 2983 uxo-

616 3007 696 3071 ris
727 3016 854 3071 tua},
912 3018 965 3064 et
1019 3008 1088 3064 de
1135 3011 1281 3081 ligno
1327 3013 1504 3065 solum
1542 3015 1691 3083 quod
1722 3018 1957 3087 praecepi
1988 3018 2086 3073 tibi
2120 3034 2192 3074 ne

615 3100 958 3165 comederes,
1012 3102 1081 3157 de
1126 3117 1194 3156 eo
1240 3104 1563 3170 comedisti;
1619 3106 1910 3163 maledicta
1956 3112 2187 3166 terrain

2326 569 2422 623 καὶ
2457 561 2557 641 τῆς
2577 572 2825 644 κτήσεως
2858 576 3160 649 ἀπαιτήσει
3186 580 3284 645 τὰς
3305 561 3560 649 εὐθύνας.

2394 748 2468 803 Οὐ
2490 749 2552 804 τὸ
2583 750 2910 818 κολάζεσθαι
2969 757 3232 824 ἐνταῦθα,
3276 761 3469 831 κακὸν,
3501 765 3648 820 ἀλλὰ
3671 768 3733 820 τὸ
3757 770 3883 834 ἄξιον

2321 840 2422 911 τῆς
2445 844 2619 897 ἐκεῖσε
2644 846 2899 915 γενέσθαι
2929 851 3225 918 κολάσεως.

2392 935 2507 989 Οὐκ
2538 935 2655 992 ἔστι
2686 942 2840 1011 παρά
2866 942 3007 1014 Θεῷ,
3036 943 3163 1000 οὗτε
3193 947 3431 1020 πονηρὸν
3464 949 3601 1005 ὄντα
3634 954 3879 1011 ἀπολέσαι

2319 1028 2411 1080 τὸν
2433 1030 2638 1099 ἀγαθὸν
2673 1033 2868 1104 μισθὸν
2907 1037 3039 1109 περὶ
3064 1038 3185 1103 ἐνὸς
3204 1040 3413 1110 ἀγαθοῦ
3450 1045 3595 1115 μετά
3643 1047 3880 1102 πλειόνων

2320 1121 2504 1177 κακῶν
2549 1126 2960 1199 πεπραγμένου,
3010 1129 3135 1184 οὔτε
3169 1133 3331 1188 πάλιν
3360 1136 3567 1206 ἀγαθὸν
3594 1138 3749 1203 ὄντα,
3770 1143 3878 1195 ἁπο-

2317 1211 2471 1268 λέσαι
2515 1215 2614 1288 τὴν
2647 1218 2891 1287 κόλασιν,
2949 1222 3047 1278 καὶ
3086 1224 3165 1297 μὴ
3208 1225 3393 1283 λαϐεῖν
3437 1230 3637 1303 αὐτὴν,
3686 1234 3734 1284 εἰ
3763 1239 3869 1304 μετὰ

2317 1307 2578 1363 πλειόνων
2636 1311 2858 1381 ἀγαθῶν
2927 1314 2985 1369 εν
3054 1334 3161 1371 τινι
3241 1318 3465 1392 γένηται
3547 1328 3865 1395 ποειηρεὺωθι.

2330 1400 2570 1475 Ἀκάγκη
2597 1404 2707 1480 γὰρ
2737 1405 2891 1480 ξυγῷ
2936 1409 3036 1464 καλ⁵
3082 1410 3310 1486 σταθμῷ
3351 1415 3534 1470 πάντα
3585 1418 3867 1474 ἀποδιδόντι

2314 1495 2404 1548 τὸν
2438 1497 2591 1553 Θεόν.

2391 1677 2452 1731 '0
2477 1679 2603 1745 νοῦς
2633 1682 2848 1757 ἑκάστῳ
2879 1684 3094 1759 μάρτυς
3119 1686 3267 1743 ἐστὶν
3309 1685 3385 1744 ὧν
3422 1692 3482 1748 ὲν
3514 1694 3719 1763 ἀφανεί
3741 1696 3865 1749 ἐδω-

2310 1766 2594 1838 λεύσαντο,
2631 1773 2816 1828 καὶτὸ
2867 1779 3110 1844 συνειδὸς
3160 1780 3387 1854 ἔλεγχος
3427 1783 3753 1850 ἀδέκαστος,
3794 1790 3868 1840 καὶ

2313 1860 2532 1917 πάντων
2561 1864 2759 1936 ἀψευδέ
2767 1884 2974 1934 στατος.

2309 1989 2489 2046 ΤΙΤΛ.
2518 1992 2703 2071 Ις’.--
2722 1997 2863 2077 Περζ
2889 1998 3040 2067 ἀρᾶς
3056 2002 3187 2077 ’ὑπὸ
3207 2005 3451 2077 Κυρίου,
3468 2007 3570 2060 καὶ
3604 2007 3723 2063 τῶν
3747 2026 3867 2077 προ-

2411 2068 2640 2133 φητῶν,
2683 2068 2783 2121 καὶ
2829 2068 3193 2127 ἀποστόλων
3232 2068 3379 2129 πότὲ
3424 2068 3772 2148 γενομένης.

2384 2196 2403 2230 ι
2425 2172 2592 2234 Εἶπεν
2623 2182 2652 2234 6
2689 2181 2896 2255 Κύριος
2942 2184 3019 2256 τῷ
3056 2186 3177 2257 ὕφει
3199 2205 3215 2220 ο
3248 2189 3370 2243 Ὀτι
3395 2192 3673 2262 ἐποίησας
3705 2196 3855 2261 τοῦτο,

2304 2269 2705 2343 έπικατάρατος
2738 2275 2804 2328 σὺ
2828 2276 2937 2329 ἀπὸ
2960 2279 3179 2333 πάντων
3204 2279 3311 2335 τῶν
3359 2284 3605 2355 κτηνῶν,
3641 2289 3733 2339 καὶ
3769 2290 3857 2342 ἀεὶ,

2305 2361 2522 2417 πάντων
2550 2364 2659 2419 τῶν
2690 2366 2896 2438 θηρίων
2957 2370 3059 2440 τῆς
3114 2372 3240 2442 γῆς.
3279 2374 3403 2428 Ἐπὶ
3428 2376 3509 2449 τῷ
3543 2379 3749 2450 στήθει,
3778 2386 3859 2434 nl

2300 2458 2367 2527 τῇ
2395 2456 2576 2528 κοιλίᾳ
2606 2460 2871 2532 πορεύσῃ,
2890 2463 2985 2516 καὶ
3018 2463 3123 2535 γῆν
3149 2469 3297 2538 φαγῇ
3322 2468 3507 2532 πάσας
3527 2472 3631 2532 τὰς
3668 2472 3855 2543 ἡμέρας

2299 2547 2397 2619 τῆς
2448 2549 2592 2621 ζωῆς
2643 2567 2759 2608 σου.
2810 2555 2922 2607 Καὶ
2975 2558 3043 2629 τῇ
3098 2561 3318 2625 γυναικὶ
3352 2557 3543 2615 εἶπεν·
3586 2563 3856 2634 Πληθύνωι

2299 2640 2557 2712 πληθυνῶ
2584 2642 2684 2707 τὰς
2709 2643 2885 2710 λύπας
2945 2663 3061 2715 σου,
3126 2650 3221 2702 καὶ
3246 2650 3341 2704 τὸν
3390 2655 3705 2724 στεναγμόν
3738 2674 3822 2709 σου
3842 2676 3855 2687 ο

2296 2732 2355 2784 ὲν
2410 2731 2611 2797 λύπαις
2666 2733 2798 2810 τέξῃ
2833 2738 3017 2803 τέκνα,
3074 2740 3173 2793 καὶ
3214 2742 3350 2813 πρὸς
3377 2744 3470 2797 τὸν
3519 2746 3691 2817 ἄνδρα
3721 2750 3857 2815 aeui)

2296 2822 2616 2895 ἀποστροφή
2654 2843 2772 2893 σου,
2837 2829 2930 2882 καὶ
2991 2830 3155 2895 αὑτός
3204 2848 3297 2885 σου
3349 2835 3658 2905 κυριεύσει.
3700 2838 3857 2906 Τῴὂὲ

2307 2916 2479 2987 ’Δδὰμ
2508 2913 2692 2972 εἶπεν
2724 2920 2847 2975 Ὅτι
2869 2922 3111 2993 ἤκουσας
3138 2924 3236 2995 τῆς
3270 2926 3456 2997 φωνῆς
3482 2928 3586 2998 τῆς
3617 2934 3857 2997 γυναικὸς

2294 3024 2409 3073 σου,
2452 3010 2547 3063 καὶ
2607 3011 2717 3065 ἀπὸ
2763 3011 2857 3067 τοῦ
2906 3013 3063 3078 ξύλου
3092 3010 3155 3071 οὗ
3184 3019 3545 3090 ἐνετειλάμην
3561 3038 3668 3086 σοι,
3710 3023 3853 3080 τξῶῖο

2296 3102 2456 3171 μόνον
2488 3105 2562 3175 μὴ
2592 3108 2807 3175 φαγεῖν,
2835 3108 2929 3164 ἀπ’
2955 3108 3123 3167 αὐτοῦ
3146 3110 3366 3183 ἔφαγες,
3413 3115 3854 3190 sanatam-cmi;

614 3192 882 3261 Operibus
916 3193 1048 3247 tuis.
1091 3191 1150 3247 lu
1183 3194 1469 3251 doloribus
1499 3196 1757 3254 comedes
1780 3214 1899 3253 eam
1929 3202 2187 3261 omnibus

2294 3196 2364 3267 γῆ
2393 3198 2449 3251 ἐν
2471 3198 2583 3263 τοίς
2615 3200 2797 3271 ἔργοις
2830 3220 2945 3257 σου.
2966 3206 3053 3259 Ἐν
3082 3176 3281 3272 λύπαις
3313 3176 3459 3279 eam
3493 3176 3670 3280 αὐτὴν

612 3282 812 3337 diebus
861 3284 989 3338 vita:
1040 3292 1186 3350 tuae;
1240 3287 1432 3355 spinas
1477 3295 1534 3343 et
1587 3284 2189 3365 tribulos.geruﬁnabit

612 3374 741 3439 tibi,
777 3383 831 3430 et
868 3377 1123 3433 comedes
1178 3394 1371 3449 panem
1425 3388 1603 3446 tuum,
1663 3384 1842 3441 donec
1891 3392 2186 3446 revertaris

611 3466 671 3521 lu
704 3474 904 3522 terram
945 3469 1013 3524 de
1031 3486 1136 3540 qua
1174 3480 1425 3541 sumptus
1462 3488 1564 3530 es:
1614 3478 1876 3545 quoniam
1926 3489 2074 3535 terra
2099 3497 2181 3546 es,

608 3565 661 3613 et
704 3560 761 3613 in
798 3567 1000 3614 terram
1032 3562 1349 3618 reverteris.
1388 3582 1408 3615 ι

681 3651 809 3706 Gen.
874 3668 948 3719 tv,
1007 3654 1163 3721 9'12,
1197 3686 1267 3697 —-
1309 3674 1328 3707 ‹
1384 3655 1532 3713 Dixit
1583 3657 1850 3719 Dominus
1900 3661 2048 3722 Deus
2112 3666 2182 3722 ad

605 3742 775 3800 Cain:
804 3745 903 3800 Ubi
954 3756 1040 3802 est
1085 3750 1216 3805 Abel
1258 3748 1428 3806 frater
1460 3754 1627 3810 tuus?
1663 3753 1811 3812 Dixit
1840 3768 2021 3813 autem
2063 3760 2177 3827 ille,

606 3834 825 3892 Nescio.
878 3837 1137 3910 Nunquid
1184 3851 1373 3899 custos
1409 3843 1599 3901 fratris
1645 3850 1749 3902 mei
1782 3863 1902 3903 sum
1945 3852 2085 3917 ego?
2113 3853 2180 3907 Et

606 3929 748 3983 dixit
802 3929 989 3986 Deus:
1040 3933 1182 3999 Quid
1234 3934 1456 3992 fecisti?
1507 3953 1612 3993 vox
1666 3942 1953 4012 sanguinis
1988 3943 2177 4001 fratris

606 4020 685 4073 tui
733 4019 937 4074 clamat
985 4023 1055 4077 ad
1103 4040 1189 4079 me
1233 4026 1301 4081 de
1357 4036 1524 4082 terra.
1563 4030 1629 4083 Et
1660 4048 1806 4086 nunc
1852 4036 2177 4093 trialedictus

600 4114 713 4167 eris
743 4130 910 4183 super
945 4126 1151 4170 terram
1183 4134 1308 4187 quae
1354 4123 1568 4189 aperuit
1597 4138 1661 4178 os
1690 4141 1875 4190 suum,
1910 4136 1968 4182 ut
1994 4132 2176 4185 susci-

601 4213 753 4274 peret
797 4208 1123 4276 sanguinem
1184 4208 1375 4264 fratris
1427 4212 1503 4266 tui
1544 4213 1611 4268 de
1664 4230 1824 4270 manu
1877 4227 1991 4273 tua.
2039 4222 2174 4277 Cum

598 4302 923 4369 operaberis
957 4312 1186 4366 terram,
1214 4318 1324 4358 non
1353 4306 1576 4376 adjiciet
1609 4311 1739 4365 dare
1774 4313 1873 4367 tibi
1914 4316 2173 4372 virtutem

598 4405 778 4445 suam.
818 4390 1053 4447 Gemens
1078 4402 1133 4447 et
1154 4402 1398 4452 tremens
1427 4399 1539 4455 eris
1570 4416 1739 4471 super
1768 4415 1989 4460 terram.
2028 4427 2048 4461 ι

2288 3289 2388 3352 τὰς
2421 3292 2641 3364 ἡμέρας
2667 3294 2767 3365 τῆς
2795 3294 2943 3366 ζωῆς
2988 3314 3085 3351 σου
3110 3316 3123 3329 ·
3160 3300 3405 3365 ἀκάνθας
3453 3305 3552 3355 καὶ
3578 3305 3853 3375 τριϐόλους

2288 3382 2541 3437 ἀνατελεῖ
2562 3402 2668 3449 σοι,
2701 3389 2797 3440 καὶ
2816 3392 2962 3460 φαγῇ
3010 3391 3104 3445 τὸν
3150 3390 3316 3463 ἄρτον
3350 3411 3468 3461 σου,
3502 3396 3610 3458 ἕως
3635 3392 3696 3451 οὗ
3731 3401 3855 3452 ἁπο-

2289 3476 2526 3547 στρέψῃς
2557 3478 2634 3542 εἰς
2660 3478 2763 3549 γῆν
2786 3480 2845 3547 ἐξ
2905 3477 2974 3554 ἦς
3008 3483 3253 3556 ἐλήφθης
3276 3501 3291 3515 ο
3340 3487 3423 3540 ὅτι
3451 3487 3526 3558 γῆ
3556 3489 3627 3553 εὶ,
3665 3492 3759 3543 καὶ
3782 3492 3853 3552 εἰς

2284 3568 2391 3638 γῆν
2419 3569 2717 3642 ἀπελεύσῃ.
2743 3591 2763 3625 ι

2325 3700 2328 3703 τ
2360 3679 2380 3712 ι
2416 3658 2552 3715 Εῑπε
2572 3662 2778 3735 Κύριος
2802 3666 2831 3719 6
2852 3664 2985 3727 Θεὸς
3012 3666 3151 3739 πρὸς
3183 3668 3324 3723 Κάῖν
3342 3682 3360 3701 ⁸
3389 3671 3492 3724 ποῦ
3522 3673 3673 3725 ἐστιν
3697 3673 3845 3727 ’Δϐελ

2281 3753 2311 3807 6
2336 3753 2562 3825 ἀδελφός
2599 3774 2691 3810 σου
2716 3775 2731 3823 ;
2769 3758 2828 3811 Ὀ
2842 3758 2896 3812 δὲ
2920 3756 3074 3813 εἶπεν
3098 3776 3114 3792 ο
3152 3761 3227 3813 Οὐ
3258 3762 3534 3829 γινώσκω.
3565 3764 3657 3834 Μὴ
3686 3763 3845 3832 φύλαξ

2280 3846 2375 3900 τοῦ
2410 3848 2641 3917 ἀδελφοῦ
2686 3851 2787 3921 μού
2837 3855 2952 3922 εἰμι
2992 3852 3135 3920 ὲγώ;
3165 3852 3276 3906 Kal
3327 3848 3479 3906 εἶπεν
3515 3857 3543 3908 6
3574 3856 3741 3917 Θεόςο
3787 3857 3843 3907 Τί

2281 3941 2549 4013 ὲποιήσας
2572 3942 2732 3997 τοῦτο
2757 3961 2772 4011 ;
2797 3946 2949 4016 φωνὴ
2974 3946 3207 4017 αἵματος
3237 3946 3333 4001 τοὖ
3371 3946 3602 4014 ἀδελφοῦ
3642 3966 3736 4002 σου
3756 3948 3842 4019 βθᾷ

2280 4033 2418 4104 πρός
2450 4051 2518 4104 με
2549 4037 2614 4088 ὲκ
2647 4038 2745 4106 τῆς
2779 4036 2903 4107 γῆς.
2937 4039 3047 4091 Καὶ
3074 4038 3171 4092 νῦν
3218 4040 3628 4109 ἐπικατάρατος
3657 4041 3719 4094 ait
3744 4044 3839 4095 ἀπὸ

2279 4129 2379 4199 τῆς
2402 4131 2525 4201 γῆς,
2556 4133 2590 4202 ἥ
2621 4132 2779 4204 ἔχανε
2808 4135 2869 4187 τὸ
2924 4134 3102 4206 στόμα
3136 4135 3307 4206 αὐτῆς
3346 4136 3605 4203 δέξασθαι
3630 4140 3691 4192 τὸ
3711 4135 3836 4207 αἷμα

2276 4222 2371 4276 τοῦ
2398 4225 2628 4295 ἀδελφοῦ
2693 4245 2787 4281 σου
2848 4230 2915 4282 ὲκ
2942 4228 3045 4299 τῆς
3082 4230 3261 4301 χειρός
3295 4246 3389 4283 σου
3416 4244 3431 4259 ⁸
3460 4231 3550 4284 ὅτε
3581 4234 3720 4302 ὲργᾷ
3748 4233 3834 4297 τὴν

2275 4316 2399 4387 γῆν,
2431 4317 2526 4371 καὶ
2557 4318 2617 4371 οὐ
2647 4320 2947 4392 προσθήσει
2977 4321 3164 4375 δοῦναί
3214 4340 3296 4376 σοι
3345 4324 3448 4393 τὴν
3475 4324 3632 4394 ἰσχὺν
3654 4325 3829 4393 αὐτῆς.

2275 4409 2483 4463 Στένων
2508 4412 2601 4465 καὶ
2628 4414 2845 4483 τρέμων
2881 4413 2980 4488 ἔσῃ
3004 4416 3097 4469 ἐπὶ
3124 4419 3223 4487 τῆς
3251 4417 3375 4487 γῆς.
3421 4437 3440 4469 ι

668 4480 799 4538 Gen.
852 4499 928 4547 ιι,
954 4484 1066 4553 βό,
1114 4486 1205 4542 25.
1238 4517 1306 4528 -—
1331 4507 1351 4541 ι
1400 4490 1693 4562 Evigilavit
1734 4494 1850 4552 Noe
1880 4512 1909 4551 a
1938 4500 2087 4567 vino,
2115 4511 2170 4558 et

2351 4517 2373 4552 ε
2422 4480 2677 4575 Ἐξένηψε
2696 4480 2821 4558 Νῶε
2852 4507 2917 4560 ἐκ
3056 4480 3222 4574 οἴνου,
3245 4480 3347 4567 καλή
3362 4514 3503 4583 ἔγνω
3528 4518 3631 4571 ὅσα
3666 4517 3827 4587 ἐποιη-

595 4577 853 4646 eoguovit
880 4592 1001 4646 qua:
1031 4576 1257 4634 fecisset
1281 4582 1409 4637 isibi
1455 4585 1601 4641 illius
1635 4601 1772 4644 suus
1794 4588 2024 4660 junior;
2056 4596 2163 4649 ait-

593 4682 743 4737 que:
801 4660 1124 4727 Maledi'ctus
1198 4671 1504 4733 Chanaan:
1565 4694 1705 4750 puer
1765 4683 2007 4742 lautulus
2059 4692 2167 4744 erit

593 4758 827 4815 fratrum
856 4776 1106 4818 suorum.
1140 4783 1161 4817 ι

665 4851 728 4907 II
753 4852 880 4925 Reg.
941 4871 980 4919 ι,
1016 4856 1106 4911 21.
1138 4885 1208 4898 -—-
1239 4877 1259 4911 ‹
1312 4858 1524 4919 Montes
1574 4867 1667 4935 qui
1714 4868 1769 4922 in
1799 4867 2027 4939 Gelboe,
2064 4889 2164 4930 nec

589 4961 704 5010 ros,
726 4963 827 5002 uec
848 4948 1031 5018 pluvia
1055 4950 1353 5008 descendat
1377 4971 1542 5028 super
1559 4974 1677 5015 vos.
1705 4960 1918 5020 Montes
1940 4967 2157 5033 mortis,

588 5039 844 5107 quoniam
874 5040 948 5094 ibi
977 5056 1318 5099 exaruerunt
1342 5048 1515 5117 clypei
1559 5048 1809 5107 fortium.
1843 5070 1863 5105 ι

658 5126 742 5182 ιγ
784 5129 909 5199 Iteg.
939 5146 976 5195 ι,
1011 5132 1165 5186 9-16.
1196 5164 1256 5174 -
1293 5155 1312 5188 ‹
1343 5138 1480 5195 Ecce
1511 5139 1658 5196 Elias
1694 5144 1921 5199 sedebat
1952 5146 2007 5203 in
2033 5164 2158 5206 ver-

586 5212 695 5269 tice
726 5224 956 5285 montis,
1018 5232 1072 5277 et
1117 5228 1334 5281 vocavit
1366 5245 1492 5284 eum
1542 5234 2072 5306 quinquagenarius,
2100 5251 2156 5297 et

584 5307 706 5360 ait:
748 5307 923 5367 llomo
981 5313 1097 5378 Dei,
1142 5332 1238 5371 rex
1282 5329 1444 5375 vocat
1494 5330 1590 5378 te:
1624 5323 1915 5383 descende.
1952 5330 2019 5385 Et
2061 5348 2153 5389 re-

582 5400 809 5480 spondit
863 5403 1035 5470 Elias,
1086 5414 1144 5460 et
1196 5408 1336 5465 dixit
1375 5411 1426 5465 ei
1457 5412 1562 5467 :Et
1608 5415 1656 5470 si
1708 5417 1875 5474 homo
1910 5420 1999 5478 Dei
2029 5441 2149 5481 sum

2274 4607 2367 4644 σεν
2409 4594 2557 4666 αὐτῷ
2603 4598 2633 4650 6
2690 4597 2805 4663 υἱὸς
2858 4599 3024 4655 αὑτοῦ
3086 4603 3116 4655 6
3147 4604 3428 4677 νεώτερος.
3484 4610 3596 4663 Kal
3644 4607 3819 4665 εἶπεν·

2283 4682 2718 4758 Ἐπικατάρατος
2768 4691 3027 4746 Χαναὰν·
3082 4699 3216 4762 παῖς
3266 4700 3482 4770 οἰκέτης
3526 4702 3678 4757 ἔσται
3726 4708 3821 4766 mi;

2265 4773 2511 4844 ἀδελφοῖς
2541 4780 2726 4836 αὑτοῦ.
2763 4800 2783 4835 ι

2341 4885 2362 4919 ς
2397 4863 2566 4924 Εἶπεν
2626 4872 2828 4928 Δαϐίδ·
2884 4876 2984 4949 ὅρη
3045 4878 3115 4933 τὰ
3148 4880 3398 4948 Γελϐουὲ,
3444 4886 3586 4955 μήτε
3626 4888 3812 4959 δρόσος.

2265 4962 2406 5033 μήτε
2435 4965 2590 5030 ὑετὸς
2619 4968 2762 5041 πέσῃ
2791 4971 2877 5040 ἐφ’
2910 4973 3075 5042 ὑμᾶς.
3125 4976 3267 5048 ὐρη
3330 4977 3587 5045 θανάτου,
3610 4982 3695 5035 δτι
3717 4983 3813 5036 ἐκεῖ

2258 5054 2530 5127 ἐξηράνθη
2555 5059 2731 5129 σκέπη
2757 5060 3049 5117 δυνατῶν.»

2335 5167 2354 5201 ι
2398 5148 2529 5204 Ἰδοὺ
2568 5150 2748 5205 Ἦλιοὺ
2779 5153 3015 5225 ἐκάθητο
3043 5157 3136 5210 ἐπὶ
3152 5158 3251 5229 τῆς
3272 5163 3514 5232 κορυφῆς
3532 5164 3625 5216 τοῦ
3647 5165 3799 5234 ὅρους.

2257 5241 2369 5296 Καὶ
2425 5243 2689 5314 ἐλάλησεν
2736 5246 2766 5299 6
2812 5248 3285 5323 πεντηκόνταρχος
3325 5255 3463 5323 πρὸς
3504 5258 3683 5317 αὑτὸν,
3724 5256 3802 5308 καὶ

2255 5329 2408 5386 εἶπεν
2439 5350 2455 5365 ο
2475 5335 2779 5412 ,Ἄνθρωπε
2808 5339 2902 5392 τοῦ
2934 5340 3092 5406 θεοῦ,
3130 5344 3160 5395 6
3193 5343 3445 5413 βασιλεὺς
3473 5347 3695 5400 ἐκάλεσέ
3731 5364 3798 5409 σε,

2253 5428 2544 5500 κατάϐηθι.
2574 5432 2685 5484 Καὶ
2714 5432 2986 5506 ἀπεκρίθη
3038 5435 3243 5498 Ἦλιοὺ.
3301 5440 3396 5492 καὶ
3446 5435 3603 5495 εἶπεν
3634 5440 3763 5508 αὐτῷ
3783 5455 3799 5469 ’

580 5504 705 5558 ego.
757 5491 1057 5552 descendet
1118 5500 1259 5571 ignis
1311 5501 1379 5557 de
1413 5505 1573 5571 cmlo,
1619 5518 1673 5562 et
1704 5524 1994 5570 consumet
2022 5525 2073 5571 te
2097 5529 2151 5574 et

2290 5517 2315 5571 LE
2347 5491 2632 5591 ἄνθρωπος
2659 5523 2753 5577 τοῦ
2784 5491 2918 5579 Θεοῦ
2940 5491 3074 5596 ἐγὼ,
3102 5491 3472 5601 καταϐήσεται
3640 5535 3692 5600 ἐξ
3718 5492 3798 5585 οἱὸ-

578 5581 981 5653 quinquagiuta
1018 5597 1167 5646 tuos.
1196 5593 1262 5647 Et
1297 5594 1585 5652 descendit
1622 5600 1765 5671 ignis
1803 5603 1870 5660 de
1899 5608 2062 5674 ccelo,
2093 5618 2149 5665 et

577 5674 865 5729 devoravit
884 5693 1033 5743 eum,
1060 5690 1113 5734 et
1142 5685 1540 5757 quinquaginta
1571 5689 1763 5760 ipsius.
1793 5693 1935 5751 llixit
1964 5697 2142 5756 Elias:

2254 5612 2438 5682 ρανοῦ,
2464 5617 2560 5671 καὶ
2602 5616 2871 5671 ἀναλώσει
2900 5637 2983 5687 σε,
3019 5623 3115 5677 καὶ
3160 5624 3287 5691 τοὺς
3320 5628 3652 5698 πεντήκοντά
3688 5644 3789 5679 σου.

2247 5703 2358 5758 Kal
2378 5706 2581 5779 κατέϐη
2600 5707 2713 5779 πῦρ
2741 5710 2806 5764 ὲκ
2834 5709 2928 5764 τοῦ
2958 5713 3210 5785 οὐρανοῦ,
3244 5718 3341 5772 καὶ
3384 5720 3682 5790 κατέφαγεν
3705 5718 3791 5770 αὖ-

577 5761 700 5820 llaec
742 5764 879 5822 dicit
911 5769 1220 5831 Dominus:
1270 5775 1379 5834 Pro
1427 5796 1493 5836 eo
1544 5785 1688 5854 quod
1732 5786 1895 5860 350
1941 5794 2141 5852 misisti

2570 5761 2581 5779 ι
2679 5761 2692 5779 ι
2848 5761 2919 5764 -τ-
2964 5761 3210 5785 "r""'1
3248 5761 3341 5772 ην·-
3385 5761 3678 5790 ’ν--ντνιν
3707 5761 3761 5770 '"

2290 5798 2357 5863 ὃν,
2415 5799 2511 5854 καὶ
2566 5800 2696 5865 τοὺς
2740 5802 3077 5871 πεντήκοντα
3124 5809 3310 5865 αὐτοῦ.
3369 5808 3537 5866 Εἶπεν
3593 5810 3786 5866 Ἦλιού·
